4154 6390
310 540 3736 587 ΨΜ

1035 733 1919 857 APPENDIX
2001 731 2416 856 TOMI
2502 735 3004 859 PRIMI

595 982 1437 1150 OPERUM
1553 980 1713 1155 S.
1834 979 2582 1145 BASILII
2693 984 3422 1164 MAGNI.

1814 1258 2216 1300 COMPLEGTENS

694 1385 913 1444 OPERA
957 1384 1273 1455 QUAEDAM
1308 1385 1389 1441 EI
1424 1383 1646 1441 FALSO
1682 1384 2033 1455 ASCBIPTA,
2072 1385 2326 1457 QUIBUS
2363 1386 2538 1446 0PUS
2577 1386 2861 1445 EUNOMII
2898 1387 3333 1446 ADJUNGITUR.

1713 1707 2306 1798 MONITUM.

368 1889 522 1946 828
546 1888 663 1944 Has
688 1890 808 1944 tres
828 1886 1130 1955 homilias,
1149 1905 1276 1961 quae
1294 1888 1417 1961 jam
1442 1886 1578 1944 olim
1596 1886 1762 1943 edita
1791 1886 2042 1953 fuerant,
2061 1885 2325 1943 videlicet
2341 1886 2469 1942 dum
2491 1886 2718 1960 priores
2748 1886 2808 1943 in
2833 1885 3089 1944 editione
3110 1886 3635 1957 Basileensi,tertia
3654 1889 3718 1947 in

295 1979 549 2035 editione
580 1977 919 2046 Parisiensi,
953 1994 1161 2035 rursus
1192 1978 1452 2035 edendas
1483 1976 1708 2033 curavit
1763 1975 1853 2031 vir
1881 1975 2265 2032 doctissimus
2307 1976 2695 2034 Combelisius
2724 1977 2784 2032 in
2835 1993 2942 2033 suo
2977 1978 3184 2034 Basilio
3220 1980 3528 2036 recensita:
3560 1980 3718 2038 unde

293 2072 410 2124 tam
445 2068 642 2124 Graeca
672 2084 851 2140 quam
884 2068 1090 2124 Latina
1121 2069 1371 2124 mutuati
1397 2084 1607 2124 sumus
1629 2066 1726 2139 (a).
1750 2069 1865 2122 Cur
1883 2065 2158 2122 autemid
2184 2065 2402 2139 ceperit
2423 2066 2674 2137 consilii,
2702 2067 2826 2139 ipse
2853 2068 3022 2124 docet
3039 2071 3199 2125 tomo
3222 2067 3413 2141 primo
3432 2084 3566 2142 pag.
3585 2069 3713 2125 558.

295 2159 377 2228 Ut,
410 2157 625 2226 inquit,
660 2158 758 2213 has
792 2158 1055 2214 homilias
1085 2174 1156 2214 eo:
1184 2159 1398 2229 integro
1426 2157 1639 2223 darem,
1670 2158 1923 2228 fecerunt
1951 2171 2099 2212 unus
2128 2157 2180 2211 el
2206 2157 2350 2212 alter
2379 2157 2511 2225 Reg.
2561 2157 2680 2213 cod.
2712 2158 2825 2227 iam
2865 2157 3112 2229 ascripti,
3142 2159 3263 2214 tum
3291 2161 3353 2213 ut
3382 2174 3452 2213 ex
3480 2158 3713 2216 illorum

289 2245 408 2319 ﬁde
438 2247 648 2303 Basilio
677 2246 999 2320 appendices
1029 2246 1129 2303 has
1178 2247 1589 2304 lucubrationes
1634 2262 1958 2315 assererem,
1991 2253 2106 2301 tum
2133 2244 2272 2317 quod
2317 2248 2598 2317 praecipue
2620 2246 2749 2304 dum
2794 2249 3008 2319 priores
3032 2248 3268 2319 pessime
3309 2246 3473 2303 editis
3504 2247 3716 2306 habitae

291 2344 440 2401 sunt,
465 2335 730 2407 plurimis
758 2335 1104 2402 desideratis,
1128 2352 1193 2392 ac
1221 2351 1445 2408 prorsus
1473 2335 1589 2391 alia
1613 2334 2021 2406 compositione,
2053 2349 2236 2427 quam.
2253 2350 2384 2389 mss.
2418 2334 2574 2390 codd.
2607 2334 2887 2397 habeant;
2915 2337 3230 2408 praesertim
3257 2350 3382 2391 vero
3411 2335 3512 2391 ille
3543 2336 3709 2391 Henr.

291 2425 339 2479 II
370 2424 680 2495 insignibus
706 2427 935 2479 notatus
963 2441 1020 2480 n.
1057 2425 1195 2479 1472
1224 2424 1241 2496 (
1251 2441 1404 2480 nunc
1431 2424 1581 2496 503),
1613 2439 1686 2479 ea:
1712 2438 1818 2495 qua
1844 2423 2019 2479 etiam
2071 2421 2327 2493 Gregorii
2350 2423 2587 2494 Nysseni
2628 2424 2845 2479 illustre
2889 2427 3207 2496 excerptum
3234 2423 3304 2480 ad
3333 2425 3709 2496 defensionem

290 2512 496 2570 Basilii
520 2513 777 2585 produco.
815 2515 976 2569 Tenet
995 2514 1112 2586 ejus
1140 2515 1509 2585 antiquarius
1546 2514 1904 2583 sententiam,
1937 2517 2000 2567 ut
2030 2527 2128 2567 nec
2171 2513 2381 2568 Basilio
2411 2515 2642 2581 asserat,
2692 2528 2792 2569 nec
2818 2513 3115 2583 abiudicct,
3146 2513 3238 2569 sed
3284 2529 3399 2569 rem
3430 2516 3487 2569 in
3520 2513 3705 2582 dubia,

285 2603 631 2659 diversorum
676 2605 965 2659 sententiis
1011 2604 1413 2676 pugnantibus,
1459 2603 1758 2675 relinquat.
1807 2601 2008 2657 Mirum
2036 2618 2171 2657 sane
2214 2602 2294 2656 sic
2343 2602 2624 2672 explicata
2671 2602 2882 2658 Basilio
2911 2603 3249 2659 eonnexiane
3275 2602 3471 2660 horum
3500 2611 3707 2660 tracta-

284 2697 465 2765 tuum,
498 2693 569 2750 ad
596 2710 798 2751 nonam
856 2695 1016 2750 illam
1047 2692 1123 2755 εἷς
1153 2694 1252 2762 τήν
1303 2693 1461 2763 Ἑξαή
1475 2713 1660 2769 μερον,
1691 2696 1770 2749 sic
1826 2694 1936 2749 alte
1963 2692 2031 2748 de
2058 2692 2177 2748 illis
2233 2691 2462 2748 dubium
2492 2692 2774 2762 insedisse,
2826 2693 2967 2764 quod
3019 2697 3227 2750 veteres
3254 2709 3443 2751 novem
3476 2694 3707 2752 illarum

284 2784 560 2840 duntaxat
618 2786 1014 2840 meminerint:
1043 2801 1167 2840 cum
1224 2786 1485 2853 proclivis
1532 2786 1680 2839 ratio
1708 2785 1784 2840 sit
1839 2783 1922 2839 ita
1975 2784 2315 2849 meminisse,
2348 2782 2488 2854 quod
2539 2784 2654 2839 illa:
2707 2784 2787 2838 sic
2815 2785 2978 2855 quasi
3003 2788 3206 2840 conatu
3261 2783 3438 2853 dicta,
3469 2801 3703 2855 magna-

286 2887 390 2944 que
416 2873 618 2945 plausu
646 2879 909 2945 acceptae,
939 2889 1071 2930 mox
1097 2874 1158 2929 in
1185 2875 1464 2945 publicum
1504 2873 1747 2946 vulgate
1786 2874 1938 2935 sint;
1988 2873 2200 2928 Basilio
2229 2873 2455 2929 interim
2479 2888 2584 2944 per
2608 2888 2825 2948 aegram
2852 2873 3223 2929 valetudinem
3268 2876 3598 2946 quiescente,
3631 2891 3699 2932 ac

281 2979 384 3037 per
413 2966 607 3035 otium,
638 2974 690 3021 et
718 2974 778 3021 ut
803 2966 1002 3021 licebat
1026 2967 1128 3021 ista
1166 2966 1475 3037 supplente.
1526 2966 1632 3022 Nec
1660 2965 1829 3020 aliter
1878 2964 2081 3020 Bellar.
2119 2965 2364 3022 Budaeus
2409 2979 2617 3035 quoque
2647 2964 2780 3020 hinc
2833 2965 3042 3037 passim
3075 2964 3219 3021 locas
3246 2966 3448 3022 Basilii
3473 2967 3700 3022 nomine

283 3055 532 3123 exponit.
584 3054 735 3123 Quod
763 3056 1057 3126 Gregorius
1107 3057 1388 3126 Nyssenus
1444 3054 1648 3110 Basilii
1674 3054 1875 3125 fratris
1926 3053 2364 3110 lucubrationem
2388 3057 2488 3121 τῆς
2539 3049 2896 3127 Ἑξαημὲρου,
2955 3055 3016 3109 in
3049 3055 3286 3110 Homine
3340 3056 3698 3127 suppleverit,

283 3144 503 3212 egregio
531 3145 811 3213 prmslitit,
834 3144 891 3199 in
923 3159 1082 3216 apere
1103 3160 1246 3217 pene
1277 3143 1377 3199 illi
1393 3144 1617 3213 seruata,
1653 3144 1712 3198 in
1741 3159 1845 3214 qua
1866 3143 1983 3204 eius
2011 3142 2318 3213 plurimum
2347 3158 2508 3213 opera
2529 3143 2835 3210 desudavit,
2860 3144 3151 3217 magisque
3169 3145 3229 3199 in
3259 3144 3703 3201 luculentissima

289 3233 432 3289 libra
460 3233 541 3288 De
571 3233 803 3305 opiﬁcio
834 3233 1114 3303 hominis,
1147 3250 1311 3306 quem
1338 3235 1491 3290 Petri
1516 3234 1711 3306 fratris
1738 3234 1800 3288 in
1816 3250 1945 3289 eam
1972 3235 2151 3305 ipsam
2181 3250 2305 3290 rem
2324 3233 2548 3290 hortatu
2577 3236 2921 3306 conscripsit,
2953 3251 3283 3308 omnemque
3299 3234 3705 3309 physiologiam

282 3321 526 3377 hominis
556 3321 816 3378 mirabili
844 3332 963 3379 arte
991 3340 1055 3379 ac
1080 3327 1282 3380 conatu
1310 3325 1517 3380 eximie
1544 3325 1809 3395 expressit
1827 3343 1851 3389 ,-
1884 3324 2110 3396 ipsaque
2141 3322 2231 3378 hic
2258 3323 2459 3380 Basilii
2485 3323 2737 3395 ejusdem
2767 3328 2889 3379 vota
2937 3324 3186 3399 feliciter
3213 3325 3480 3397 implevit.
3520 3326 3706 3380 Pauca

281 3409 478 3466 adnota
497 3427 520 3473 ;
549 3426 671 3483 quae
700 3414 1056 3483 praestiterim
1086 3414 1266 3483 magis
1291 3413 1575 3481 docebunt,
1612 3427 1735 3484 quae
1765 3419 2098 3486 repraesento
2128 3429 2250 3469 cum
2281 3412 2471 3482 editis,
2503 3420 2565 3469 ut
2594 3413 2802 3483 lubeat,
2832 3413 3057 3470 collata.
3089 3416 3386 3471 Hactenus
3418 3415 3491 3482 is,
3526 3429 3702 3487 quem

280 3497 420 3566 dixi,
453 3499 541 3554 vir
570 3501 643 3557 de
671 3501 885 3557 Basilio
914 3502 1124 3575 Magno
1155 3502 1379 3575 optime
1410 3502 1673 3559 meritus.

341 3583 748 3657 'Ubi'primum
780 3586 889 3643 has
919 3591 1041 3643 tres
1072 3587 1344 3644 homilias
1376 3588 1489 3661 legi
1518 3588 1573 3642 in
1620 3587 1899 3661 vulgatis,
1931 3604 2030 3645 eas
2078 3588 2277 3644 Basilii
2312 3604 2426 3645 non
2459 3604 2588 3645 esse
2627 3587 2884 3659 judicavi
2919 3588 3155 3661 quidem
3187 3604 3202 3647 :
3252 3589 3352 3645 sed
3385 3592 3700 3663 postquam

279 3672 515 3729 easdem
547 3675 734 3745 reperi
766 3675 1056 3731 auctiores
1086 3674 1143 3730 in
1194 3677 1408 3733 Basilio
1440 3678 1705 3733 recensita
1751 3676 2109 3744 Combeﬁsii,
2144 3676 2203 3731 in
2234 3676 2345 3733 hac
2394 3693 2523 3733 mea
2552 3678 2847 3734 sententia
2877 3677 3050 3751 longe
3080 3677 3271 3751 magis
3316 3678 3701 3735 conﬁrmatus

269 3777 424 3817 sum.
458 3762 529 3817 Et
554 3778 688 3819 vero
717 3780 845 3835 quae
877 3764 1105 3835 adiecta
1134 3772 1295 3836 sunt,
1327 3770 1385 3822 et
1412 3783 1544 3839 qum
1572 3766 1964 3824 Combeﬁsius
1993 3767 2238 3838 putabat
2268 3767 2325 3822 in
2358 3765 2612 3840 vulgatis
2644 3766 2990 3835 desiderari,
3018 3783 3083 3823 ea
3114 3766 3327 3823 barum
3362 3766 3697 3823 orationum

272 3849 590 3906 falsitatem
623 3851 813 3923 magis
843 3869 910 3908 ac
935 3853 1125 3926 magis
1157 3855 1498 3911 ostendunt.
1531 3856 1647 3911 Nec
1678 3856 1846 3913 aliter
1866 3855 2341 3912 existimaturum
2372 3865 2534 3928 puto,
2568 3857 2669 3928 qui
2692 3860 2944 3929 utraque
2970 3856 3123 3913 inter
3154 3873 3217 3913 se
3246 3857 3694 3930 comparaverit.

274 3939 419 4012 Lege
451 3938 991 4012 Praefationem,ubi
1017 3945 1089 4000 de
1110 3960 1467 4019 unaquaque
1490 3963 1550 4001 re
1579 3962 1687 4002 suo
1717 3944 1843 4001 loco
1864 3950 1921 4003 et
1949 3946 2155 4001 ordine
2187 3946 2545 4018 disputatur.
2569 3945 2689 4002 Hoc
2710 3951 2819 4013 est,
2852 3962 2981 4018 quae
3012 3944 3200 4018 primo
3226 3944 3354 4002 loco
3385 3946 3445 4001 in
3469 3946 3698 4018 Appen-

273 4027 402 4083 dice
432 4027 623 4100 posita
655 4034 818 4099 sunt,
848 4031 920 4086 de
948 4030 1022 4087 iis
1052 4030 1241 4104 primo
1269 4032 1394 4090 loco
1444 4032 1808 4107 disceptatur
1839 4034 1896 4090 in
1947 4034 2295 4091 Praefatione
2321 4051 2334 4091 :
2367 4033 2597 4106 itidem,
2649 4051 2779 4107 qua
2808 4035 3067 4090 secundo
3096 4033 3224 4090 loco
3270 4033 3331 4091 in
3363 4033 3696 4108 Appendice

273 4121 611 4191 occurrunt,
644 4134 712 4175 ea
737 4121 994 4177 secundo
1025 4120 1149 4179 loco
1180 4123 1561 4179 excutiuntur
1587 4122 1646 4179 in
1677 4123 2022 4181 Praefatione
2048 4140 2062 4193 ;
2095 4122 2196 4195 qui
2227 4125 2368 4180 ordo
2399 4123 2470 4179 ad
2503 4124 2680 4179 linem
2713 4139 2901 4196 usque
2930 4122 3279 4181 servabitur.

555 4416 684 4470 ΤΟΥ
721 4414 816 4471 EN
856 4417 1092 4473 ΔΓΙΟΙΣ
1125 4417 1399 4474 ΠΑΤΡΟΣ
1440 4420 1638 4476 ΗΜΩΝ
1955 4423 2008 4488 Α

1955 4423 2008 4488 Α
2443 4418 2697 4476 SANCTI
2735 4419 2991 4476 PATRIS
3027 4417 3288 4476 NOSTRI

479 4733 948 4811 ’Δρχιεπισκόπου
980 4736 1299 4811 Καισαρείας
1330 4734 1720 4801 Καππαδοκίας

2283 4744 2555 4801 Cmsaresa
2586 4742 2963 4817 Cappadocia;
2995 4741 3439 4817 archiepiscopi,

943 4863 1169 4920 ΛΟΓΟΣ
1208 4863 1269 4920 Α’

2687 4866 2959 4925 ORATIO
2997 4871 3021 4922 Ι

558 4982 689 5061 Περὶ
718 4989 820 5055 τῆς
849 4988 946 5040 τοῦ
976 4984 1266 5061 ἀνθρώπου
1296 4993 1651 5058 κατασκευῆς.

1550 4993 1651 5058 ιῆς.
2532 4994 2606 5049 De
2639 4992 2885 5049 hominis
2913 4996 3190 5051 sructura.

344 5250 396 5306 Ι.
431 5247 673 5307 Παλαιοῦ
720 5252 920 5329 χρέους
964 5250 1169 5310 ἔκτισιν
1216 5252 1641 5333 ἀποπληρώσων
1690 5257 1832 5328 ἥκω·
1863 5256 1925 5313 οὗ

2106 5263 2265 5319 324
2306 5264 2357 5319 1.
2399 5263 2583 5319 Vetus
2634 5261 2899 5319 debitum
2949 5261 3360 5334 persoluturus
3411 5261 3697 5333 advenio;

265 5338 368 5408 τὴν
402 5337 664 5395 ἀπόδοσιν
696 5336 1068 5416 ἀνεϐαλόμην,
1103 5344 1202 5400 οὐκ
1253 5344 1614 5423 ἀγνωμοσύνῃ
1662 5348 1905 5423 προαιρὲ

2060 5352 2209 5423 :ujus
2241 5352 2447 5425 utique
2480 5351 2858 5419 solutionem,
2896 5367 3012 5406 non
3042 5351 3291 5422 improbi
3343 5351 3524 5407 animi
3555 5351 3700 5408 vitio

271 5448 432 5518 σεως,
465 5425 592 5518 «Nili
646 5428 890 5503 ἀσθενείᾳ
937 5433 1215 5506 σώματος*
1266 5434 1431 5511 χρέος
1481 5433 1911 5514 διναγκαιὸἰεανῖτονιν1

2061 5440 2402 5508 liﬂerebam,
2436 5443 2536 5497 sed
2570 5441 2808 5496 infirma
2829 5439 3093 5510 corporis
3109 5440 3479 5497 valetudine:
3509 5441 3570 5495 in
3602 5440 3701 5518 iis,

270 5518 364 5573 καὶ
397 5515 751 5597 ὀφειλόμενον
807 5521 961 5595 ὑμῶν
1009 5526 1079 5597 τῇ
1120 5522 1392 5601 ἀκροάσει.
1444 5525 1544 5582 Καὶ
1591 5525 1693 5602 γὰρ
1743 5525 1802 5583 ἂν
1837 5526 1910 5597 εἷ”ι

2062 5546 2165 5602 [ηαξ
2196 5547 2431 5587 summe
2463 5529 2799 5587 necessaria
2847 5532 3010 5597 sunt,
3039 5529 3380 5585 habendum
3411 5515 3702 5616 debitum;

342 5665 800 5737 (a)-Pr_icres_du_te
827 5667 1084 5737 leguntur
1113 5673 1273 5737 etiam
1319 5673 1661 5737 interOpera
1684 5672 1925 5737 Gregorii
1967 5671 2253 5737 _Nysseni.>
2280 5672 2412 5737 Vide
2441 5670 2679 5737 Garnerii
2714 5671 2959 5737 Prmtat,
3003 5681 3068 5737 n._
3084 5674 3168 5737 μβ,
3199 5686 3252 5735 p.
3283 5685 3444 5723 cum.
3473 5671 3550 5721 Ex
3577 5667 3708 5737 editi

280 5726 969 5798 Qo’mbeﬂsi_ani_collatiofne
988 5736 1252 5798 nonnulla
1274 5726 1626 5787 restituinius.
1654 5726 1840 5786 Varia's
1860 5726 2115 5787 lectiones
2137 5735 2337 5785 codicis
2358 5734 2507 5798 Regii
2529 5731 2658 5782 olim
2685 5736 2827 5796 1472,
2847 5726 3035 5796 postea
3046 5726 3355 5793 228€,hunc
3373 5737 3483 5798 503,
3505 5746 3537 5785 a
3551 5730 3709 5783 nobis

284 5789 466 5842 denuo
496 5793 694 5856 collati,
716 5794 783 5844 ad
813 5796 1017 5846 calcem
1045 5796 1169 5847 libri
1190 5799 1427 5850 edendas
1454 5799 1777 5850 curavimus.
1805 5798 1949 5850 Enrr.
2435 5789 2465 5798 “
2814 5789 2824 5796 '
2851 5789 2863 5796 '
3177 5789 3187 5793 '
3470 5789 3482 5798 ι
3649 5828 3675 5841 ν

605 5911 869 5980 Paeon.
923 5914 1034 5979 Gn.
1081 5914 1273 5979 XXX.
3353 5915 3385 5975 1
