4154 6452
397 455 469 517 η
1342 443 1734 506 APPENDIX
1774 445 2102 509 OPEltUM
2140 448 2205 510 S.
2250 451 2536 515 BASILII
2584 455 2859 517 MAGNI.
3735 463 3810 524 12

393 603 503 645 nec
530 587 732 642 vestras
762 582 1087 655 quidquam
1119 577 1428 635 audientim
1458 576 1892 649 denegandum.
1927 577 2029 633 lni-

2158 575 2456 650 ἂδικον,τὰ
2479 585 2600 658 περὶ
2635 586 2842 658 θηρίων
2894 585 2984 642 καὶ
3042 591 3259 660 νηκτῶν
3313 590 3403 645 καὶ
3457 595 3671 663 κτηνῶν
3716 595 3803 650 καὶ

394 692 578 750 quum
608 674 824 746 quippe
849 670 1041 739 fuerit,
1075 668 1173 739 qui
1204 669 1275 723 de
1305 665 1531 735 bestiis,
1564 666 1753 737 deque
1786 666 2045 721 natatili-

392 766 508 821 bus
535 769 594 820 et
620 760 905 835 iumentis
934 775 999 815 ac
1028 756 1400 822 volucribus;
1433 754 1504 810 de
1522 753 1664 809 c0310
1702 754 1864 823 item,
1896 759 1953 810 et
1973 755 2045 811 iis

392 870 520 927 quae
554 853 623 909 ad
656 854 849 924 ipsum
898 849 1199 920 spectant;
1252 859 1478 899 necnon
1529 843 1600 898 de
1646 847 1820 913 terra,
1854 842 2045 915 iisque

392 941 697 1015 stirpibus,
731 955 855 1011 qua:
896 940 952 994 in
983 940 1139 991 terra
1190 937 1351 997 sunt,
1384 930 1786 1001 didicerimus,
1834 936 1896 986 ut
1926 948 2041 987 non

390 1032 565 1089 etiam
599 1033 861 1086 nostrum
896 1030 1089 1082 ortum
1120 1040 1189 1079 ex
1218 1020 1418 1077 divina
1447 1020 1746 1093 Scriptura
1779 1020 2044 1094 lucisque

388 1123 518 1194 ejus
548 1120 708 1175 radio
759 1118 1096 1173 doceamur.
1149 1110 1651 1177 Quemadmodum
1702 1109 1857 1165 enim
1887 1110 2045 1168 oculi

388 1209 593 1277 nostri,
626 1224 760 1264 cum
792 1223 861 1262 ea
890 1221 1019 1277 quis
1058 1206 1223 1258 extra
1252 1216 1315 1256 se
1358 1204 1499 1255 sunt
1526 1198 1778 1268 videant,
1814 1199 2039 1273 seipsos

384 1300 541 1356 haud
573 1298 900 1364 intuentur,
932 1292 1045 1349 nisi
1069 1292 1215 1347 forte
1236 1289 1375 1346 laeve
1398 1288 1629 1360 aliquod
1662 1288 2040 1362 solidumque

384 1389 697 1460 attingant,
730 1384 887 1440 unde
907 1382 1193 1438 refractus
1221 1379 1462 1436 obtutus
1490 1376 1649 1433 velut
1682 1378 1896 1436 reﬂexu
1929 1380 2039 1438 hoc

382 1479 621 1550 prastat
646 1479 712 1530 ut
758 1489 888 1546 qua:
935 1487 998 1527 se
1027 1475 1181 1527 retro
1230 1473 1369 1524 sunt
1421 1467 1820 1539 conspiciant:
1868 1469 1952 1525 sic
1981 1474 2039 1526 et

381 1567 619 1624 animus
646 1567 867 1633 noster,
900 1561 1000 1634 qui
1025 1560 1136 1616 alia
1156 1558 1373 1629 videat,
1396 1557 1552 1613 haud
1578 1556 1745 1614 aliter
1772 1557 2033 1631 seipsum

378 1655 559 1725 videt,
590 1668 768 1725 quam
816 1652 866 1707 si
915 1649 1128 1706 divinis
1157 1647 1475 1721 Scripturis
1524 1647 1849 1703 incumbat.
1887 1650 2032 1704 Dum

380 1743 538 1801 enim
570 1742 725 1814 quod
757 1741 818 1797 in
850 1740 933 1796 eis
959 1742 1050 1795 est
1081 1738 1279 1794 lumen
1312 1735 1683 1807 refrangitur,
1719 1736 1776 1791 id
1810 1736 1949 1793 facit
1972 1742 2034 1793 ut

379 1833 631 1906 quisque
659 1834 929 1887 nostrum
963 1827 1224 1900 seipsum
1275 1824 1594 1898 pervideat.
1631 1825 1745 1896 Ipsi
1778 1842 2032 1898 namque

2155 674 2398 744 πτηνῶν,
2451 671 2680 749 οὐρανοῦ
2726 696 2786 730 τε
2832 675 2922 730 καὶ
2969 680 3080 731 τῶν
3128 677 3246 732 κατ’
3292 677 3538 753 οὐρανὸν,
3593 682 3718 755 περί
3748 705 3806 739 τε

2152 764 2255 834 γῆς
2286 760 2375 814 καὶ
2405 765 2513 816 τῶν
2545 761 2596 816 ἐν
2650 766 2718 837 τῇ
2768 767 2841 838 γῇ
2892 769 3071 842 φυτῶν
3123 763 3476 844 διδαχθέντας
3520 772 3688 843 ἡμᾶς,
3726 776 3800 845 μὴ

2153 848 2240 902 καὶ
2274 850 2340 902 τὰ
2369 851 2490 926 περὶ
2536 859 2636 921 τῆς
2681 851 2951 929 ἡμετέρας
2986 853 3242 930 γενέσεως
3291 856 3350 912 ἐκ
3398 865 3497 928 τῆς
3545 861 3803 923 θεοπνεῦο

2153 958 2281 991 στου
2314 944 2530 1027 Γραφῆς
2582 950 2938 1019 φωτισθῆναι.
2999 946 3201 1019 ⁸Ὡσπερ
3260 945 3361 1023 γὰρ
3410 948 3462 1001 οἱ
3523 948 3799 1027 ὀφθαλμοὶ

2152 1028 2336 1099 ἡμῶν,
2363 1030 2430 1083 τὰ
2460 1026 2560 1100 ἔξω
2595 1029 2907 1106 βλέποντες,
2939 1032 3161 1096 ἑαυτοὺς
3194 1032 3301 1111 οὐχ
3346 1026 3575 1109 ὁρῶσιν,
3600 1038 3685 1093 ἑὰν
3723 1042 3798 1112 μή

2151 1136 2257 1170 που
2288 1114 2441 1172 λείου
2488 1120 2633 1182 τινὸς
2682 1118 2925 1194 ἅψωνται
2976 1127 3217 1197 στερεοῦ,
3266 1123 3512 1190 κάκεῖθεν
3560 1126 3800 1184 ἀνακλα-

2149 1205 2331 1260 σθεῑσα
2379 1209 2413 1277 ἡ
2466 1204 2612 1282 ὄψις,
2665 1210 2844 1285 ὥσπερ
2892 1210 2998 1266 ἀπὸ
3051 1210 3403 1289 παλιρῥοίας,
3446 1215 3574 1290 ὁρᾷν
3606 1216 3801 1281 αὐτοὺς

2147 1297 2354 1370 ποιήσῃ
2398 1297 2464 1351 τὰ
2505 1298 2707 1354 ἑαυτῶν
2759 1299 3010 1355 κατόπινο
3067 1300 3211 1357 οὕτω
3259 1303 3346 1357 καὶ
3384 1304 3413 1357 6
3452 1307 3575 1367 νοῦς
3609 1305 3637 1360 6
3666 1308 3801 1380 ἡμε-

2144 1404 2324 1458 τερος,
2358 1383 2503 1442 ἄλλα
2535 1387 2700 1462 ὁρῶν,
2758 1386 2945 1451 ἄλλως
2996 1390 3182 1445 ἑαυτὸν
3234 1391 3294 1446 οὐ
3332 1390 3543 1466 βλέπει,
3577 1391 3664 1449 ἐὰν
3719 1397 3796 1468 μὴ

2142 1479 2264 1538 ταῖς
2293 1480 2533 1551 Γραφαῖς
2560 1474 2789 1551 ἐγκύψῃ·
2829 1479 2891 1533 τὸ
2942 1478 3045 1554 γὰρ
3093 1477 3318 1544 ἐνταῦθα
3371 1486 3510 1556 φῶς,
3544 1482 3795 1539 ἀνακλώ-

2146 1582 2329 1635 μενον,
2359 1568 2457 1617 τοῦ
2496 1571 2826 1639 καθορᾶσθαι
2865 1563 3089 1623 ἕκαστον
3138 1566 3308 1624 α’ίτιον
3357 1572 3520 1643 ἡμῶν
3565 1572 3791 1646 γίνεται.

2143 1651 2294 1707 Ἐπεὶ
2344 1652 2590 1708 ἀσύνετοί
2645 1653 2803 1726 ἐσμεν
2841 1656 3083 1734 ἑαυτῶν,
3142 1657 3463 1734 ἀπερίοπτοι
3520 1667 3623 1729 τῆς
3671 1661 3791 1715 ἑαυ-

2137 1744 2246 1795 τῶν
2279 1749 2632 1812 κατασκευῆς·
2696 1742 2825 1818 ὅπερ
2887 1744 3066 1817 ἐσμὲν,
3125 1748 3213 1801 καὶ
3264 1746 3318 1802 τί
3364 1746 3522 1822 ἐσμεν
3562 1750 3789 1825 ἀγνοοῦ-

2143 1849 2260 1902 μεν’
2312 1829 2653 1904 ἆμελὲστατα
2700 1833 2803 1909 γὰρ
2855 1836 3057 1891 ἑαυτῶν
3108 1833 3442 1909 διακείμεθα,
3491 1842 3599 1892 τῶν
3648 1859 3789 1912 προ-

377 1939 485 1979 nos
510 1922 671 1995 ipsos
704 1936 820 1975 non
852 1916 1275 1988 intelligimus:
1309 1915 1694 1986 inconspicua
1723 1913 1894 1970 nobis
1921 1931 2029 1970 no-

378 2016 446 2031 -..
472 2028 487 2031 _
529 2007 861 2031 -___ASL-_11-
898 2011 946 2031 ,ι
980 2005 1195 2031 ιιι-ξ-..
1232 2007 1316 2031 ..-ε
1342 2020 1355 2031 .
1393 2003 1544 2031 ...υ-ιιι
1579 2018 1789 2031 ...ην-...η
1820 2002 2027 2031 ...εειιηιι

2140 1919 2343 1995 χείρων
2374 1923 2473 1990 τῆς
2505 1922 2759 1996 γνώσεως
2789 1925 2878 1978 καὶ
2908 1929 3018 1979 τῶν
3052 1926 3394 2001 μικροτάτων
3423 1931 3532 1982 τῶν
3565 1926 3616 1982 ἦν
3649 1930 3786 2002 ἡμῖν

2142 2028 2171 2031 γ-
2194 2013 2235 2031 γε*
2260 2029 2295 2031 _,
2325 2028 2332 2031 .
2400 2030 2403 2031 ν
2431 2009 2444 2031 θ
2546 2008 2571 2031 Υ
2849 2018 2892 2031 π
2932 2010 2951 2031 Χ
2972 2011 2991 2031 \
3047 2015 3060 2031 ι
3408 2021 3431 2031 ε-
3652 2017 3665 2031 ι
3764 2019 3775 2031 ο

375 2016 498 2067 stra
523 2007 863 2066 constitutio
894 2011 951 2062 et
980 2005 1201 2061 fabrica
1230 2007 1355 2059 est:
1392 2003 1547 2075 quod
1579 2002 2029 2075 sumus,quidve

2137 2013 2333 2083 γνῶσιν
2390 2009 2489 2065 οὐκ
2545 2008 2791 2087 ἔχοντες.
2848 2010 3063 2069 Πολλαὶ
3118 2021 3486 2090 πραγματεῖαι
3545 2017 3667 2092 περὶ
3723 2019 3786 2073 τὸ

372 2101 582 2171 simus,
616 2097 933 2154 nescimus.
966 2093 1159 2151 Nostri
1190 2094 1251 2149 in
1283 2092 1459 2149 rebus
1490 2107 1727 2148 summa
1756 2094 2026 2149 socordia

368 2205 691 2253 versamur,
725 2191 793 2244 ut
839 2200 945 2241 nec
972 2199 1173 2240 eorum
1218 2198 1346 2254 quea
1377 2180 1437 2237 in
1485 2186 1759 2253 promptu
1792 2186 1935 2237 sunt
1963 2186 2029 2237 ut

369 2279 654 2350 sciantur,
684 2280 743 2333 et
789 2291 917 2349 quas
948 2273 1009 2329 in
1058 2271 1227 2329 nobis
1257 2269 1507 2327 minima
1553 2274 1717 2339 sunt,
1751 2271 2023 2328 notitiam

367 2370 713 2427 habeamus.
748 2366 938 2423 Multis
968 2368 1122 2421 artes
1144 2368 1202 2420 et
1224 2362 1480 2419 scientias
1512 2360 1666 2418 circa
1685 2378 1909 2447 corpus
1921 2379 2021 2418 no-

367 2465 557 2516 strum
587 2458 914 2514 humanum
943 2457 1183 2510 versatae
1205 2455 1377 2520 sunt;
1403 2467 1509 2508 nec
1538 2452 1707 2523 pauci
1730 2452 1900 2508 nobis
1919 2469 2019 2509 su-

365 2548 660 2622 periorum
690 2561 925 2603 omnem
965 2560 1131 2600 suam
1182 2558 1415 2614 operam
1451 2556 1517 2596 ac
1566 2540 1828 2597 studium
1858 2541 1919 2596 in
1950 2558 2017 2598 eo

364 2630 633 2694 rimando
655 2636 1090 2709 impenderunt.
1115 2634 1307 2688 Artem
1337 2631 1621 2687 medicam
1647 2630 1697 2685 si
1718 2647 2018 2703 percurre«

363 2725 466 2794 ris,
498 2742 676 2800 quam
709 2723 899 2781 multa
937 2724 1007 2779 de
1037 2739 1145 2778 usu
1180 2737 1381 2777 eorum
1415 2736 1543 2792 qum
1583 2720 1645 2775 in
1676 2720 1846 2775 nobis
1878 2725 2018 2776 sunt

363 2816 631 2885 disserat,
657 2814 825 2871 facile
850 2812 1181 2869 inveneris:
1213 2825 1389 2883 quam
1415 2809 1636 2865 multas
1657 2810 1729 2866 de
1749 2810 2014 2867 interiori

360 2909 558 2961 nostra
587 2906 903 2971 structura,
954 2900 1376 2957 dissectionum
1420 2898 1742 2971 molitione,
1783 2899 2015 2957 abditas

357 2994 735 3066 occultasque
762 2992 889 3048 vias
919 2989 1338 3064 deprehendit;
1372 2988 1656 3044 obscuros
1688 2992 1917 3044 meatus
1947 3006 2014 3046 ac

355 3079 661 3157 foramina,
680 3100 862 3140 unum
886 3080 1146 3155 corporis
1168 3080 1391 3135 ratione
1411 3082 1760 3135 concentum
1786 3094 1852 3136 ac
1874 3096 2013 3135 con-

356 3176 634 3245 cordiam,
668 3173 913 3249 spiritus
951 3171 1128 3241 rivos,
1174 3170 1482 3244 sanguinis
1530 3170 1765 3242 ductus,
1799 3170 2010 3226 animm

2138 2102 2296 2171 σῶμα
2350 2100 2414 2154 τὸ
2464 2099 2731 2177 ἡμίτερον
2788 2102 2851 2157 τὸ
2909 2102 3271 2180 ἀνθρώπινον,
3330 2106 3421 2159 καί
3472 2105 3571 2161 οὐκ
3599 2105 3783 2181 ὀλίγοι

2132 2191 2241 2242 τῶν
2294 2188 2400 2263 πρό
2445 2191 2607 2262 ἡμῶν
2666 2192 2765 2260 τὴν
2821 2196 2993 2247 πᾶσαν
3041 2193 3242 2249 ἑαυτῶν
3296 2192 3537 2263 σπουδήν
3585 2217 3781 2251 καταν-

2133 2275 2374 2335 ἀλωσαν.
2428 2277 2536 2335 Κᾶν
2565 2280 2816 2355 ’ἰατρικὴν
2866 2279 3124 2357 tum“,
3175 2282 3421 2360 εὑρήσεις
3468 2284 3611 2341 πόσα
3654 2287 3780 2361 περὶ

2128 2374 2230 2437 τῆς
2262 2368 2454 2443 χρείας
2496 2372 2604 2423 τῶν
2636 2371 2920 2443 ἡμετὲρων
2949 2372 3088 2443 ἡμῖν
3120 2369 3411 2447 διηγεῖται’
3445 2375 3614 2437 πόσας
3653 2376 3777 2451 περὶ

2125 2463 2228 2526 τῆς
2298 2451 2510 2521 ἔνδοθεν
2557 2460 2693 2531 ἡμῖν
2737 2467 3094 2531 κατασκευῆς,
3154 2460 3206 2516 ἐν
3258 2467 3375 2525 ταῖς
3426 2461 3775 2538 ἀνατομικαῖς

2126 2543 2520 2622 ἐγχειρήσεων,
2568 2546 2745 2623 ἐξεῦρε
2791 2549 3171 2623 κικρυμμὲνας
3224 2547 3406 2614 ὁδούς
3459 2555 3775 2629 συντρήσεις

2123 2633 2177 2690 ἐν
2209 2639 2288 2707 τῷ
2338 2635 2549 2713 ἀφανεῖ,
2613 2637 2739 2710 μίαν
2797 2636 3101 2710 σύμπνοιαν
3156 2640 3261 2695 ἀπὸ
3317 2644 3414 2696 τοῦ
3471 2642 3726 2716 σώματος
3758 2688 3771 2713 ,

2125 2722 2353 2800 ὀχετοὺς
2401 2725 2733 2799 πνεύματος,
2793 2724 3137 2803 ὑδραγωγίας
3184 2728 3448 2802 αἵματος,
3499 2730 3777 2803 ἀναπνοῆς

2124 2812 2320 2883 ὁλκὴν,
2354 2813 2570 2885 οἷ’κησιν
2624 2815 2799 2878 ἱστίας
2845 2820 2943 2872 τοῦ
2991 2822 3194 2892 θερμοῦ
3239 2816 3327 2875 ἐπὶ
3375 2826 3473 2889 τῆς
3524 2818 3771 2894 καρδίας,

2121 2901 2333 2972 κίνησιν
2386 2900 2580 2977 διαρκῆ
2646 2909 2743 2960 τοῦ
2791 2904 3140 2983 περικαρδίου
3198 2907 3525 2981 πνεύματος.
3586 2908 3771 2982 Μυρία

2122 2993 2248 3068 παρ’
2305 2990 2533 3055 ἐκείνοις
2579 2991 3038 3073 πεφιλοσόφηται,
3077 2996 3168 3051 καὶ
3216 2994 3395 3057 οὐδεὶς
3435 2996 3596 3069 ἡμῶν
3629 2995 3771 3052 ἐστιν

2121 3077 2400 3158 ἔμπειρος,
2449 3086 2529 3155 τῷ
2576 3080 2848 3157 μηδεμίαν
2888 3084 3107 3161 σχολὴν
3157 3084 3455 3157 ἀπονεῖμαι
3500 3090 3583 3158 τῷ
3615 3086 3763 3162 μέρει

2117 3169 2302 3243 τούτῳ
2351 3174 2451 3237 τῆς
2499 3169 2806 3242 ἐξετάσεως,
2851 3172 2992 3247 μηδὲ
3044 3176 3243 3247 γνῶναι
3296 3173 3485 3229 ἑαυτὸν
3538 3171 3765 3239 ἕκαστος

355 3265 785 3332 attractionem,
818 3263 931 3320 foci
968 3261 1178 3319 caloris
1227 3261 1285 3315 in
1318 3260 1491 3316 corde
1540 3261 1763 3329 sedem,
1796 3276 2010 3332 perpe-

2137 3258 2267 3321 ἰστις
2298 3257 2460 3315 ἐστίν.
2495 3258 2729 3317 Εὑκολοί
2769 3260 2927 3335 ἐσμεν
2958 3264 3159 3338 γνῶναι
3189 3261 3418 3337 οὐρανὸν
3456 3262 3668 3338 μᾶλλον
3727 3265 3762 3335 ἢ

355 3360 519 3413 tuam
551 3355 796 3428 spiritus
824 3353 883 3408 in
917 3348 1254 3425 praecordiis
1302 3348 1698 3421 agitationem.
1732 3351 1868 3413 Quae
1899 3366 2007 3405 nu-

2137 3349 2359 3411 tare-code.
2394 3352 2554 3405 Ὥστε
2612 3352 2688 3423 μή
2750 3334 3073 3427 καταφρόνει
3118 3354 3215 3406 τοῦ
3261 3334 3315 3407 εν
3343 3352 3430 3408 σοὶ
3458 3334 3758 3427 θαύματοςέ

356 3461 585 3502 merum
616 3443 899 3501 excedant
927 3441 999 3497 ab
1030 3439 1149 3496 illis
1179 3439 1481 3511 disputata
1522 3442 1693 3507 sunt;
1726 3442 1785 3494 et
1810 3443 2009 3495 tamen

2137 3438 2316 3513 ιικρὸς
2344 3439 2445 3515 γὰρ
2477 3441 2546 3511 εἷ,
2592 3439 2665 3503 ὡς
2710 3439 2975 3511 νομίζεις,
3028 3438 3196 3514 μιγαν
3225 3437 3285 3494 δὶ
3329 3440 3702 3516 ἐπερχόμενος
3734 3444 3763 3499 6

353 3553 462 3593 nos
492 3534 758 3593 omnium
792 3530 979 3603 ignari
1003 3546 1232 3596 sumus,
1256 3527 1473 3601 quippe
1502 3526 1683 3599 quiin
1714 3527 2008 3600 ejusmodi

2137 3528 2283 3604 tdyoc
2316 3528 2552 3605 εὑρήσει.
2587 3531 2685 3584 Διὰ
2727 3532 2887 3583 τοῦτο
2920 3527 2948 3582 6
2977 3528 3141 3606 σοφὸς
3195 3522 3384 3603 Δαϐὶδ,
3419 3527 3578 3593 είδὼς
3607 3530 3760 3607 ἀκρι-

350 3625 612 3682 studium
637 3622 783 3680 nihil
814 3620 1273 3687 incumbamus;
1307 3634 1413 3675 nec
1433 3621 1525 3675 est
1545 3617 1643 3690 qui
1675 3623 1839 3674 curet
1855 3618 2005 3675 scire

2137 3613 2226 3680 ἲῶς
2300 3619 2485 3674 ἑαυτὸν
2566 3617 2848 3689 ἐξετάσαι,
2903 3618 3336 3692 Ἐθαυμαστώθη
3370 3663 3387 3690 ,
3461 3619 3665 3697 φησὶν,
3730 3625 3758 3691 ἡ

347 3715 481 3788 quis
511 3714 590 3771 sit
618 3714 763 3787 ipse.
795 3710 1054 3768 Proclive
1082 3709 1251 3765 nobis
1298 3712 1410 3779 est,
1441 3712 1508 3763 ut
1539 3707 1750 3763 coelum
1780 3709 1998 3781 potius,

2137 3706 2311 3771 ’νῶσίς
2360 3729 2457 3763 σου
2515 3707 2568 3778 ἐξ
2622 3707 2778 3781 ἐμοῦο
2833 3706 3098 3779 τουτᾶστι,
3155 3708 3255 3777 τήν
3286 3712 3481 3783 γνῶσιν
3507 3710 3608 3778 τὴν
3634 3711 3758 3787 περί

346 3821 525 3877 quam
557 3820 665 3860 nos
686 3803 847 3875 ipsos
870 3815 1313 3873 cognoscamus.
1339 3798 1727 3864 Quamobrem
1756 3798 1911 3871 quod
1938 3798 1997 3854 in

2137 3801 2205 3852 ὀὗ
2264 3797 2589 3871 θαυμαστῶς
2646 3796 2877 3873 ἐξεῦρονο
2937 3796 3153 3865 πόθεν;
3204 3796 3288 3866 Ἐξ
3344 3794 3498 3869 ἐμοῦ.
3559 3799 3758 3862 Ἐθαυν

343 3900 400 3951 te
430 3892 697 3949 miraculi
720 3897 903 3948 estne
935 3887 1613 3960 contempseris.Etenim
1638 3887 1888 3959 pusillus
1910 3904 1993 3958 es,

2137 3887 2369 3957 ιαστώθη
2429 3889 2464 3955 ἡ
2524 3889 2727 3960 γνῶσις
2784 3905 2879 3940 σου
2936 3884 2988 3956 ἐξ
3045 3884 3200 3957 ἐμοῦ·
3262 3884 3352 3940 καὶ
3410 3887 3511 3956 τὴν
3548 3888 3752 3963 τέχνην

341 3986 405 4039 ut
434 3981 738 4040 arbitraris
764 4006 778 4051 ;
809 3986 867 4037 at
900 3994 1181 4052 magnum
1212 3982 1268 4033 te
1288 3976 1472 4033 oratio
1502 3993 1814 4033 excurrens
1835 3993 1993 4033 com.

2137 3976 2201 4044 ἠν
2253 3973 2305 4030 ἐν
2356 3973 2503 4047 ἐμοὶ,
2549 3972 2650 4048 ὅσῃ
2703 3973 2865 4051 σοφίᾳ
2907 3976 3303 4045 κατεσκευάσθη
3340 3995 3445 4048 μου
3474 3976 3537 4031 τὸ
3566 3981 3748 4051 σῶμα,

340 4071 543 4145 periet.
575 4075 887 4144 Propterea
908 4067 1147 4142 sapiens
1172 4066 1376 4137 David,
1400 4065 1499 4138 qui
1522 4065 1782 4138 seipsum
1809 4066 1996 4123 consi-

2141 4068 2462 4138 ατανοήσας,
2491 4063 2551 4121 ἐκ
2580 4068 2675 4119 τοῦ
2710 4069 2907 4141 μικροῦ
2939 4066 3058 4139 μὶν,
3092 4071 3402 4139 θαυμαστοῦ
3449 4064 3507 4123 δὶ
3550 4068 3749 4124 τούτου

340 4162 544 4218 derare
573 4164 832 4228 noverat,
883 4158 1186 4224 Mirabilis,
1235 4157 1448 4230 inquit,
1480 4158 1629 4227 facta
1657 4160 1734 4213 est
1763 4158 1995 4213 scientia

2137 4154 2633 4229 ατασκευᾶσματος,
2689 4155 2783 4210 τὸν
2846 4154 3012 4231 μέγαν
3072 4153 3409 4233 δημιουργὸν
3469 4155 3753 4228 ἑνενοήσα.

337 4254 435 4306 tua
463 4267 533 4307 ex
561 4266 651 4306 me
675 4250 714 4305 ¹.
747 4253 866 4304 Ηοο
896 4252 1007 4320 est,
1044 4263 1172 4320 quas
1202 4246 1272 4302 de
1302 4251 1359 4302 te
1389 4249 1479 4301 est
1508 4245 1814 4302 scientiam
1841 4246 2097 4303 mirabili
2130 4247 2355 4303 ratione
2372 4244 2755 4319 deprehendi.
2780 4247 3083 4302 Undenam
3108 4263 3278 4319 porro
3298 4247 3326 4302 ?
3357 4252 3442 4304 Ea:
3461 4264 3566 4304 me.
3589 4249 3757 4305 Mira-

338 4340 467 4397 bilz's
493 4344 642 4412 facta
671 4342 747 4396 est
774 4317 1013 4396 scientia
1041 4317 1139 4393 ιὶία
1166 4353 1236 4393 ex
1278 4353 1403 4404 me;
1456 4351 1727 4409 eamque,
1760 4352 1888 4406 quae
1916 4335 1977 4392 in
2027 4352 2120 4393 me
2147 4340 2261 4409 est,
2297 4317 2506 4405 artem,
2554 4340 2776 4407 quanta
2805 4336 3090 4408 sapientia
3109 4317 3321 4393 meum
3369 4337 3449 4393 sit
3477 4341 3753 4394 constru-

338 4433 500 4487 ctum
533 4445 769 4501 corpus,
801 4426 1206 4498 considerans,
1238 4443 1308 4482 ex
1338 4441 1516 4498 parva
1545 4426 1809 4497 quidem,
1840 4426 1940 4481 sed
1973 4425 2231 4483 mirabili
2261 4426 2370 4481 hac
2402 4425 2642 4494 fabrica,
2673 4425 2733 4481 in
2765 4424 2964 4499 magni
2993 4442 3233 4482 sensum
3265 4426 3495 4498 opificis
3522 4428 3678 4484 veni.

403 4518 458 4574 2.
520 4518 802 4575 Faciamus
858 4518 1142 4574 hominem
1188 4516 1256 4571 ad
1312 4517 1612 4586 imaginem
1669 4519 1916 4571 nostram
1944 4517 2029 4580 εις

2170 4516 2225 4570 2.
2280 4512 2608 4586 Ποιήσώμεν
2666 4511 2947 4587 ἄνθρωπον
3034 4514 3153 4569 κατ’
3222 4513 3406 4569 εἰκόνα
3478 4515 3748 4591 ἡμετέραν

330 4607 759 4665 similitudinem
784 4609 825 4664 ².
856 4606 1172 4664 Ostensum
1195 4609 1280 4662 est
1304 4606 1553 4677 pridem,
1578 4621 1663 4675 ac,
1697 4609 1986 4675 quantum

2138 4603 2190 4657 αἰ
2242 4603 2358 4667 καθ’
2412 4601 2697 4675 ὁμοίωσιν.
2741 4600 2995 4678 Ἐδείχθη
3028 4602 3225 4677 πρώην
3283 4601 3336 4657 ἐν
3392 4600 3748 4678 παραδρομῇ,

330 4701 421 4753 sat
450 4702 594 4766 erat,
626 4701 927 4754 ostensum
960 4696 1235 4769 quisnam
1271 4695 1349 4751 sit
1370 4693 1471 4765 qui
1502 4694 1795 4764 loquatur,
1828 4692 1900 4748 ad
1932 4697 1988 4748 et

2137 4692 2190 4747 αὶ
2249 4692 2556 4769 ἀρκούντως
2588 4690 2832 4768 ἐδείχθη,
2863 4691 2945 4755 τίς
2977 4692 3005 4748 6
3036 4689 3238 4766 λὲγων,
3269 4690 3360 4746 καὶ
3399 4692 3536 4767 πρὸς
3566 4690 3689 4747 τίνα
3719 4693 3748 4747 6

329 4803 504 4858 quem
538 4802 732 4843 sermo
763 4785 1071 4858 dirigatur.
1104 4784 1291 4840 Habet
1322 4782 1580 4838 Ecclesia
1601 4782 1670 4837 de
1696 4780 1858 4838 hisce
1897 4797 1986 4837 re-

2138 4781 2288 4858 όγος.
2322 4784 2480 4858 Ἔχει
2527 4784 2561 4852 ἡ
2598 4779 2897 4853 Ἐκκλησία
2922 4780 3018 4845 τὰς
3076 4781 3202 4855 περὶ
3255 4779 3466 4836 τούτων
3523 4777 3747 4838 ἀποδεί-

326 4875 440 4933 bus
470 4876 1046 4943 demonstrationes;
1089 4873 1355 4946 quinimo
1405 4872 1555 4929 325
1595 4871 1765 4926 fidem
1810 4869 1989 4927 habet

2137 4890 2219 4936 εις·
2285 4871 2497 4945 μᾶλλον
2541 4869 2597 4926 δὲ
2641 4868 2757 4947 ἔχει
2801 4870 2981 4927 πίστιν
3019 4915 3033 4943 ,
3088 4867 3417 4943 ἀποδείξεως
3470 4864 3746 4946 βεϐαιοτέ-

328 4966 489 5022 omni
538 4964 1037 5022 demonstratione
1084 4962 1422 5018 ﬁrmiorem.
1478 4962 1771 5016 Faciamus
1813 4962 1987 5016 homi-

2137 4982 2190 5015 αν
2221 5002 2235 5019 .
2300 4964 2625 5034 Ποιήσωμεν
2705 4958 2989 5036 ἄνθρωπον
3035 5004 3047 5016 .
3110 4960 3400 5032 Κατάμαθε
3477 4959 3695 5014 σεαυτὸν
3732 5001 3746 5027 ,

325 5070 473 5111 nam.
507 5055 674 5112 Disce
703 5054 984 5127 teipsum,
1035 5052 1172 5108 hinc
1202 5049 1566 5122 auspicatus.
1616 5049 1889 5106 Nondum
1920 5050 1983 5106 in

2137 5054 2329 5115 ιτεῦθεν
2382 5049 2718 5127 ἀρξάμενος.
2778 5046 2950 5106 Οὔπω
3003 5048 3126 5124 περὶ
3189 5045 3366 5103 ἄλλου
3421 5050 3532 5102 τῶν
3590 5067 3749 5102 κατα-

326 5143 448 5200 ullo
480 5145 792 5201 creationis
844 5158 1019 5216 opere
1069 5158 1178 5197 vox
1206 5140 1310 5196 illa
1356 5139 1690 5212 conscripta
1719 5144 1827 5196 est.
1861 5138 1981 5196 Lux

2137 5140 2474 5214 ιευασμάτων
2519 5139 2654 5211 αὕτη
2686 5141 2721 5210 ἡ
2750 5141 2903 5217 φωνὴ
2958 5138 3316 5217 ἀνάγραπτος.
3352 5141 3480 5200 Φῶς
3512 5136 3745 5214 ἐγένετο,

322 5236 520 5290 creata
569 5238 698 5305 est;
757 5232 1125 5306 simplexque
1169 5228 1403 5302 jussio:
1455 5229 1606 5284 Dixit
1658 5230 1819 5298 Deus,
1859 5231 1982 5288 Fiat

2137 5232 2178 5286 ιὶ
2230 5232 2436 5286 ἁπλοῦν
2496 5229 2839 5306 πρόσταγμα.
2910 5231 3072 5287 Εἶπεν
3135 5230 3165 5285 6
3222 5228 3387 5290 θεόςο
3449 5228 3743 5298 Γενηθήτω

320 5323 504 5387 lux“;
533 5322 768 5392 ccelum,
811 5320 1092 5392 nullaque
1123 5317 1333 5375 coelum
1381 5317 1849 5382 consultatione:
1884 5320 1976 5376 lu-

2137 5325 2222 5384 ἰῦς·
2275 5319 2517 5396 οὐρανὸς,
2572 5318 2661 5375 καὶ
2711 5316 2831 5375 ἄνευ
2886 5316 3096 5396 βουλῆς
3143 5318 3172 5372 6
3224 5316 3470 5392 οὐρανός·
3522 5322 3741 5394 φωστῆ-

316 5412 586 5483 minaria,
621 5411 968 5480 nullumque
994 5408 1111 5466 illis
1154 5406 1377 5481 praeivit
1408 5408 1756 5478 consilium;
1791 5426 1973 5481 mare,

2137 5432 2196 5482 ις,
2245 5410 2333 5465 καὶ
2384 5406 2537 5465 οὐδὲν
2588 5404 3064 5485 προεόουλεύσατο
3102 5408 3228 5481 περὶ
3274 5410 3382 5461 τῶν
3412 5408 3741 5484 φωστήρωνο

314 5505 372 5558 et
400 5517 526 5573 quae
559 5515 877 5557 numerum
910 5499 1199 5554 excedunt
1227 5514 1461 5568 aequora
1487 5517 1500 5568 ;
1524 5499 1975 5573 jussuquefpro-

2137 5499 2324 5557 ἱλασσα
2373 5500 2462 5555 καὶ
2512 5498 2724 5575 πελάγη
2772 5496 2988 5575 ἄπειρα,
3024 5496 3113 5552 καὶ
3161 5499 3443 5573 προσταγῇ
3473 5498 3737 5572 παρήχθη

310 5590 489 5648 ducta
534 5593 695 5661 sunt,
729 5592 795 5645 ut
841 5593 1039 5645 essent
1068 5589 1127 5644 in
1177 5604 1373 5644 rerum
1426 5593 1671 5659 natura;
1715 5590 1970 5663 piscium

2137 5612 2157 5654 ς
2206 5590 2270 5647 τὸ
2319 5591 2473 5650 εἶναι.
2526 5590 2757 5666 Ἰχθύων
2801 5588 2933 5665 γινη
2993 5584 3314 5644 παντοδαπὰ
3346 5632 3361 5659 ,
3418 5584 3740 5644 κελευθὲντα

391 5804 408 5837 ¹
442 5803 598 5860 Psal.
632 5819 900 5875 cxxxvm,
927 5805 980 5861 6.
1059 5806 1081 5841 ³
1113 5804 1255 5863 Gen.
1289 5821 1330 5877 ι,
1361 5805 1451 5861 26.
1529 5804 1551 5839 ³
1579 5804 1723 5861 ibid.
1754 5806 1808 5861 3.
