4154 6404
287 429 366 490 13
1284 423 1389 484 DE
1431 421 1763 486 HOMINIS
1807 424 1942 486 STH

2053 426 2281 488 lTURA
2322 428 2620 492 ORATIO
2665 431 2715 492 Ι.
3639 431 3720 492 Νι

281 556 511 634 ἐγένετο·
566 553 731 630 θηρία
776 552 868 610 καὶ
915 553 1088 624 κτήνη
1134 552 1331 625 νηκτὰ,
1380 553 1472 608 καὶ
1518 552 1716 624 πτηνά.
1779 555 1936 624 Eine,

2053 557 2365 632 omnigena
2385 561 2584 633 copia;
2616 562 2821 618 bestiae
2846 566 2902 619 et
2932 578 3164 635 pecora,
3188 562 3461 620 natatilia
3480 566 3537 620 et
3562 562 3719 620 vola-

281 646 369 702 καί
424 645 653 723 ἐγένετο.
688 644 948 699 Ἐνταῦθα
1002 639 1155 697 οῧπω
1215 643 1243 698 6
1275 639 1580 717 ἄνθρωπος,
1607 643 1697 697 καὶ
1759 641 1938 720 βουλή

280 736 405 813 περὶ
458 735 774 812 ἀνθρώπου’
805 731 908 787 οὐκ
938 731 1107 800 εἶπεν,
1166 730 1241 794 ὡς
1271 732 1395 809 περὶ
1441 736 1551 787 τῶν
1585 729 1773 787 ἄλλων
1805 732 1939 788 πάν-

278 830 432 880 τῶν·
514 824 806 895 Γενηθήτω
877 817 1186 896 ἅνθρωπος·
1279 822 1572 894 Κατάμαθε
1638 821 1831 875 ἑαυτοῦ
1878 821 1940 876 τὸ

276 916 487 988 τίμιονο
522 913 583 969 ού
615 909 946 988 προσὲῤῥιψέ
995 930 1091 966 σου
1139 910 1241 979 τὴν
1271 908 1478 986 γένεσιν
1538 910 1938 985 προστάγματι·

281 1003 432 1060 ἂλλὰ
492 1000 881 1080 βουλευτήριον
944 998 1167 1070 συνέστη
1213 1004 1294 1072 τῷ
1343 1003 1460 1072 Θεῷ
1503 999 1627 1076 περὶ
1660 1003 1777 1068 σοῦ,
1827 1003 1946 1063 πῶς

287 1091 479 1166 μέλλει
551 1091 616 1146 τὸ
679 1089 862 1163 τίμιον
925 1091 1063 1158 ζῶον
1124 1087 1201 1151 εἰς
1253 1088 1345 1143 τὸν
1402 1088 1521 1163 βίον
1582 1087 1940 1164 παράγεσθαι·

280 1183 607 1256 Ποιήσωμεν
656 1178 779 1255 γὰρ,
817 1177 998 1257 φησίν·
1033 1177 1061 1233 6
1093 1177 1263 1250 σοφὸς
1296 1176 1644 1254 βουλεύεται,
1681 1178 1708 1231 6
1760 1175 1944 1253 τεχνί-

278 1293 379 1343 της
427 1269 756 1344 ἐνθυμεῖταιο
818 1269 964 1343 Ἀρα
993 1265 1176 1337 λείηεέ
1231 1265 1396 1322 αὐτοῦ
1423 1270 1493 1341 τῇ
1555 1287 1743 1343 τεχνῃ,
1773 1266 1862 1320 καὶ
1887 1265 1946 1321 ἐκ

279 1368 380 1431 τῆς
428 1358 699 1437 μερίμνης
749 1353 1007 1435 βούλεται
1047 1356 1455 1433 ἀπηρτισμένον
1486 1355 1576 1411 καὶ
1610 1352 1818 1411 τέλειον
1850 1355 1944 1410 καὶ

278 1444 663 1527 ἡκριϐωμὲνον
719 1445 884 1502 αὐτοῦ
941 1452 1170 1516 ποιῆσαι
1217 1445 1281 1500 τὸ
1343 1446 1755 1524 φιλοτέχνημα,
1788 1442 1947 1514 ⁴ἣίίνα

288 1562 373 1595 σοι
407 1537 551 1613 δὶίξῃ
603 1538 690 1593 ὅτι
742 1534 954 1598 τέλειος
989 1535 1036 1590 εἴ
1064 1534 1212 1611 παρὰ
1243 1538 1359 1608 Θεῷ
1384 1554 1398 1606 ;
1426 1536 1663 1609 Ἐμαθες
1701 1534 1795 1608 μὲν
1828 1533 1943 1605 οὗν,

284 1626 368 1686 ὅτι
401 1626 499 1684 δύο
547 1627 817 1703 πρόσωπα
856 1622 945 1679 ἐπὶ
977 1628 1134 1694 Θεοῦ,
1168 1625 1196 1679 6
1227 1622 1432 1699 λέγων,
1489 1624 1575 1678 καὶ
1637 1622 1774 1699 πρὸς
1805 1622 1863 1677 ’ὀν
1916 1622 1944 1676 ὁ

287 1717 479 1795 λόγος.
514 1717 605 1772 Διὶ
653 1713 707 1770 τί
765 1713 865 1770 οὐκ
918 1714 1054 1781 εἶπε,
1113 1712 1377 1785 Ποίησον,
1437 1710 1583 1768 ἀλλὰ
1614 1713 1943 1786 Ποιήσωμεν

284 1805 566 1883 ἄνθρωπον
606 1825 620 1876 ;
653 1808 770 1863 ’Ίνα
796 1805 1002 1880 νοήσῃς
1038 1803 1137 1872 τήν
1186 1800 1522 1858 δεσποτείαν
1579 1798 1672 1855 τίνα
1723 1801 1822 1875 μὴ,
1853 1800 1945 1856 τὸν

285 1895 498 1972 Πατέρα
555 1893 952 1971 ἐπιγινώσκων,
1001 1892 1093 1947 τὸν
1126 1890 1249 1946 Υἰὸν
1279 1889 1593 1968 ἀπογνοίης·
1624 1888 1717 1945 ’ίνα
1770 1887 1941 1965 εἷδῇς,

285 1983 368 2041 ὅτι
427 1984 612 2059 Πατὴρ
662 1980 887 2053 ἐποίησε
930 1978 1019 2036 διὰ
1064 1980 1214 2053 Υίοῦ,
1265 1979 1356 2034 καὶ
1404 1980 1531 2042 Υἱὸς
1582 1977 1831 2034 ἐκτίσατο
1862 1980 1941 2053 (α)

284 2074 527 2149 πατρῴῳ
584 2071 886 2145 θελήματι*
939 2071 1029 2125 καὶ
1066 2067 1292 2144 δοξάσῃς
1340 2069 1554 2144 Πατέρα
1603 2068 1655 2124 ἐν
1688 2070 1820 2142 Υίῷ,
1852 2068 1942 2123 καὶ

284 2164 408 2218 Υίὸν
458 2162 509 2217 ιν
544 2159 815 2235 Πνεύματι
846 2159 1008 2236 ἁγίῳ.
1060 2156 1220 2217 Οὕτω
1249 2158 1433 2214 κοινὸν
1479 2159 1714 2234 γέγονας
1762 2152 1942 2234 ἔργον,

280 2250 374 2308 ’ίνα
430 2250 522 2306 καὶ
574 2250 758 2312 κοινὸς
822 2248 1207 2319 προπυνητὴς
1283 2247 1607 2325 ἀμφοτέρων
1665 2249 1731 2319 ἧς
1768 2289 1784 2315 ,
1866 2248 1942 2320 μὴ

280 2341 490 2418 σχίζων
548 2341 649 2409 τήν
705 2337 1107 2413 προσκύνησιν,
1164 2335 1292 2393 ἀλλ’
1345 2337 1479 2392 ἑνῶν
1527 2337 1627 2407 τὴν
1691 2336 1943 2406 θεότητα.

272 2435 411 2508 ’Ὀρα
442 2428 693 2504 ἱστορίαν
728 2426 910 2498 ἁπλῆν
947 2427 1042 2501 μὲν
1073 2431 1157 2500 τῷ
1210 2428 1481 2502 σχήματι,
1541 2423 1826 2500 θεολογίαν
1889 2422 1947 2480 δὲ

284 2522 553 2598 ἀκραιφνῆ
607 2523 689 2591 τῷ
738 2519 977 2591 νοήματι
1010 2559 1024 2574 .
1086 2516 1186 2571 Καὶ
1257 2514 1503 2587 ὶποίησει
1575 2516 1604 2569 6
1678 2514 1808 2578 Θεὸς
1850 2515 1943 2570 τὸν

282 2607 591 2687 ἄνθρωπον.
652 2609 1009 2678 Ποιήσωμεν·
1064 2604 1155 2659 καὶ
1186 2604 1286 2660 ούκ
1316 2605 1449 2662 εἶπε.
1509 2605 1610 2660 Καὶ
1659 2603 1941 2677 ἐποίησαν,

278 2697 369 2753 ’ίνα
403 2698 478 2772 μὴ
531 2693 829 2761 πολυθείας
859 2689 1037 2771 λάϐῃς
1086 2695 1360 2772 ἀφορμάς·
1419 2692 1465 2749 εί
1517 2693 1620 2771 γὰρ
1649 2692 1946 2763 πληθυντι-

280 2791 391 2849 κῶς
454 2786 807 2862 παρεισήχθη
867 2786 944 2857 (b)
1002 2783 1092 2839 καὶ
1120 2785 1153 2853 ἠ
1195 2783 1439 2855 ποίησις,
1470 2780 1711 2861 ἀφειδεῖς
1740 2782 1801 2837 ἂν
1834 2781 1946 2858 ἐγέ-

284 2897 447 2932 νοντο
478 2877 530 2931 οἱ
558 2872 859 2950 ἅνθρωποι,
889 2870 1078 2929 πολλὰ
1106 2871 1295 2945 πλήθη
1329 2875 1463 2928 θεῶν
1497 2874 1709 2935 ἑαυτοῖς
1742 2869 1943 2927 ἔπισω-

2049 646 2199 703 tilia.
2235 648 2406 719 Dixit,
2438 654 2492 705 et
2517 651 2667 720 facta
2692 656 2820 708 sunt
2843 653 2884 708 ‘.
2908 652 3032 722 Hic,
3085 652 3345 708 nondum
3375 655 3466 708 est
3523 652 3723 721 homo,

2051 739 2107 791 et
2137 738 2206 793 de
2229 736 2468 795 homine
2492 739 2741 795 habetur
2772 741 3107 798 consilium.
3137 744 3264 797 Non
3317 741 3484 813 dixit,
3509 754 3719 814 quem-

2052 826 2370 882 admodum
2405 827 2463 882 in
2497 829 2774 884 omnibus
2815 830 3086 903 reliquis,
3137 830 3264 885 Fiat
3315 829 3513 887 homo.
3547 828 3717 886 Disce

2050 918 2223 970 tuum
2256 917 2512 989 pretium
2545 934 2611 973 ac
2638 918 3004 991 dignitatem.
3036 923 3162 975 Non
3215 918 3472 992 projecit
3520 922 3713 975 ortum

2051 1009 2219 1059 tuum
2244 1007 2399 1061 nudo
2424 1012 2709 1079 praecepto
2742 1012 2916 1081 atque
2941 1009 3218 1064 mandato
3243 1026 3256 1064 :
3282 1008 3383 1063 sed
3417 1009 3477 1063 in
3500 1007 3617 1064 Deo
3638 1008 3713 1065 de

2051 1098 2108 1149 te
2135 1095 2447 1151 consilium
2481 1096 2725 1167 cogitur,
2759 1113 2876 1170 qua
2905 1097 3128 1153 ratione
3152 1101 3437 1169 praestans
3490 1097 3712 1154 animal

2054 1188 2231 1256 atque
2253 1184 2445 1242 nobile
2474 1185 2533 1241 in
2565 1186 2747 1241 vitam
2781 1186 2858 1241 sit
2896 1186 3337 1259 producendum
3364 1203 3377 1241 :
3415 1188 3714 1244 Faciamus

2054 1272 2209 1329 enim
2234 1274 2447 1346 inquit.
2470 1276 2715 1348 Sapiens
2747 1274 3054 1331 consilium
3079 1275 3225 1331 init:
3260 1275 3471 1331 artifex
3510 1292 3711 1333 secum

2055 1364 2291 1435 cogitat.
2326 1367 2472 1437 Ergo
2502 1364 2731 1420 laborat
2752 1365 2894 1420 artis
2916 1365 3434 1435 defectu,curaque
3462 1364 3716 1422 sollicita

2055 1451 2166 1508 hoc
2197 1452 2339 1524 agit,
2371 1456 2436 1508 ut.
2467 1452 2852 1509 artiﬁciosum
2887 1450 3193 1525 solersque
3215 1468 3364 1524 opus
3396 1468 3574 1508 suum
3606 1452 3716 1508 ab-

2056 1539 2314 1597 solutum
2338 1546 2515 1614 atque
2544 1542 2871 1614 perfectum
2895 1545 3211 1614 exactaque
3232 1539 3526 1596 excultum
3557 1540 3713 1614 edat,

2055 1644 2125 1682 an
2160 1631 2227 1682 ut
2246 1627 2351 1683 tibi
2382 1629 2674 1695 ostendat,
2706 1645 2836 1684 esse
2858 1633 2913 1684 te
2942 1628 3263 1701 perfectum
3294 1628 3452 1700 apud
3483 1627 3718 1684 Deum?

2054 1716 2217 1772 Nosti
2248 1717 2447 1789 itaque
2477 1719 2625 1774 duas
2656 1734 2785 1774 esse
2817 1734 3101 1790 personas
3152 1718 3213 1773 in
3271 1722 3407 1789 Deo,
3466 1715 3715 1773 alteram

2055 1822 2182 1878 quas
2212 1804 2508 1878 loquatur,
2542 1807 2784 1862 alteram
2811 1807 2880 1862 ad
2907 1823 3087 1880 quam
3120 1810 3209 1863 est
3239 1806 3578 1862 sermo.Cur
3596 1822 3714 1862 non

2056 1894 2219 1966 dixit,
2253 1894 2468 1965 Facito,
2517 1899 2638 1963 sed,
2687 1897 2982 1953 Faciamus
3031 1897 3357 1952 hominem?
3415 1894 3712 1953 Nimirum

2052 1987 2115 2038 ut
2146 1984 2443 2057 intelligas
2472 1984 2838 2041 dominatum
2864 2002 2878 2054 ;
2905 2002 2997 2052 ne,
3032 1984 3132 2058 qui
3165 1988 3398 2040 Patrem
3430 1999 3716 2058 agnosce-

2053 2089 2168 2140 res,
2201 2073 2329 2128 Filii
2358 2074 2694 2148 ignorantia
2742 2074 3073 2143 tenereris;
3126 2078 3191 2130 ut
3239 2074 3422 2131 scires
3476 2076 3712 2130 Patrem

2056 2162 2262 2219 fecisse
2284 2178 2387 2235 per
2415 2161 2653 2231 Filium,
2686 2167 2744 2219 et
2775 2163 2987 2219 Filium
3029 2167 3275 2235 paterna
3328 2176 3563 2219 creasse
3610 2176 3713 2217 vo-

2054 2251 2315 2321 luntate;
2352 2252 2743 2325 laudaresque
2776 2252 3005 2308 Patrem
3038 2253 3098 2308 in
3117 2252 3281 2320 Filio,
3306 2256 3367 2308 et
3417 2251 3629 2307 Filium
3650 2248 3714 2304 in

2053 2340 2271 2412 Spiritu
2306 2346 2528 2398 saneto.
2552 2344 2614 2397 in
2648 2343 2802 2397 hunc
2834 2342 3076 2398 modum
3100 2356 3418 2397 commune
3473 2338 3714 2396 exsistis

2055 2446 2224 2502 opus,
2258 2434 2323 2485 ut
2344 2434 2401 2486 et
2421 2430 2759 2486 communis
2792 2431 2973 2485 trium
2997 2429 3188 2487 cultor
3216 2429 3299 2485 sis
3330 2432 3390 2485 et
3415 2429 3716 2497 adorator;

2055 2534 2171 2574 non
2202 2518 2605 2574 adorationem
2637 2518 2937 2588 scindens,
2972 2519 3074 2575 sed
3098 2517 3383 2591 copulans
3408 2517 3713 2574 deitatem.

2058 2607 2195 2663 Vide
2225 2606 2481 2679 simplici
2512 2607 2751 2680 quidem
2785 2607 2979 2680 specie
3037 2607 3370 2679 expositum
3421 2609 3599 2677 gestis
3629 2605 3715 2662 rei

2054 2696 2489 2764 narrationem;
2523 2712 2846 2754 sensuvero
2879 2715 2945 2754 ac
2967 2696 3383 2770 intelligentia,
3414 2696 3711 2752 sinceram

2054 2785 2289 2841 deitatis
2319 2801 2702 2857 personarum
2737 2787 3090 2843 doctrinam.
3129 2793 3201 2843 Et
3218 2787 3353 2858 fecit
3370 2788 3513 2842 Deus
3533 2785 3709 2841 homi-

2053 2891 2181 2930 nem
2210 2875 2250 2930 ε.
2284 2875 2593 2932 Faciamus.
2631 2880 2699 2932 Et
2730 2893 2846 2932 non
2878 2876 3044 2943 dixit,
3069 2879 3134 2931 Et
3162 2876 3445 2946 fecerunt,
3470 2891 3543 2931 ne
3573 2873 3715 2947 plu-

288 2964 557 3042 ρεύοντες.
589 2967 695 3018 Νῦν
732 2961 937 3037 μέντοι,
970 2964 1325 3036 Ποιήσωμεν,
1363 2959 1458 3017 ’ίνα
1499 2962 1778 3037 γνωρίσῃς
1834 2966 1942 3016 Πα-

2054 2963 2209 3020 rium
2240 2963 2712 3022 deorumerroris
2735 2982 2944 3021 ansam
2967 2965 3104 3021 inde
3132 2965 3444 3037 arriperes.
3466 2962 3525 3018 Si
3554 2962 3715 3019 enim

287 3056 438 3129 ripa,
464 3053 555 3109 καὶ
586 3053 709 3108 Υίὸν
741 3051 831 3108 καὶ
863 3055 1086 3125 Πνεῦμα
1112 3050 1289 3127 ἅγιον.

2054 3050 2270 3124 plurali
2293 3069 2536 3110 numero
2559 3055 2689 3127 ipsa
2718 3071 2954 3128 quoque
2979 3054 3225 3121 inducta
3245 3053 3456 3110 fuisset
3476 3051 3716 3118 creatio,

295 3145 460 3205 omni
489 3144 732 3201 licentia
757 3142 1030 3200 homines
1059 3141 1436 3199 deorum-sibi
1491 3142 1729 3199 turbam
1789 3145 2180 3198 acervasscnt.
2241 3141 2411 3198 Nunc
2467 3143 2787 3212 enimvero,
2843 3144 3165 3216 Faciamus,
3214 3145 3281 3199 ut
3319 3144 3551 3199 Patrem
3610 3157 3717 3197 no-

288 3233 466 3302 veris,
489 3238 550 3289 et
583 3231 816 3299 Filium,
849 3236 907 3287 et
925 3229 1209 3303 Spiritum
1241 3232 1531 3285 sanctum.

361 3323 416 3378 3.
466 3321 695 3377 Ἔπειτα
726 3316 803 3374 δὲ*
861 3316 964 3375 Καὶ
1016 3314 1270 3387 ἐποίησεν
1322 3317 1350 3371 6
1401 3316 1535 3380 Θεὸς
1585 3317 1679 3373 τὸν
1734 3317 1942 3392 ἅνθρω-

2128 3319 2182 3376 3.
2215 3319 2367 3375 Tum
2397 3335 2555 3389 vero,
2587 3321 2652 3378 Et
2679 3322 2810 3394 fecit
2865 3322 3009 3379 Deus
3048 3321 3358 3384 hominem;
3416 3322 3483 3377 ut
3529 3334 3720 3376 unum

291 3428 415 3464 πον·
469 3406 562 3463 ’ίνα
619 3408 748 3464 Θεὸν
783 3404 896 3475 ἕνα,
927 3407 997 3462 τὰ
1022 3406 1149 3481 τρία
1177 3407 1378 3477 νοήσης
1436 3404 1726 3483 πρόσωπα·
1762 3405 1824 3462 ού
1853 3405 1942 3468 τὰς

2058 3411 2242 3468 Deum
2273 3428 2341 3469 ac
2384 3417 2499 3469 tres
2531 3430 2813 3486 personas
2844 3412 3144 3486 intelligas
3174 3431 3188 3482 ;
3222 3429 3340 3469 non
3372 3411 3475 3487 qui
3519 3409 3721 3466 subsi-

292 3498 612 3560 ὑποστάσεις
673 3496 940 3552 ἑνοποιῶν
976 3538 992 3565 ,
1068 3492 1215 3552 ἀλλά
1268 3496 1368 3565 τήν
1431 3494 1554 3569 μίαν
1611 3494 1799 3551 οὐσίαν
1856 3493 1942 3550 καὶ

2059 3501 2306 3558 stentias
2328 3502 2553 3559 unitate
2578 3520 2917 3576 componas,
2944 3504 3045 3559 sed
3071 3502 3171 3575 qui
3195 3516 3375 3558 unam
3400 3498 3720 3556 essentiam

293 3587 520 3662 δύναμιν
581 3586 960 3664 λογιζόμενος·
1011 3586 1101 3640 καὶ
1164 3585 1288 3659 μίαν
1322 3583 1477 3658 δόξαν
1508 3582 1660 3663 ἔγῃς,
1724 3587 1800 3660 μὴ
1854 3606 1942 3659 με·

2058 3594 2295 3663 reputes
2321 3608 2388 3647 ac
2419 3593 2741 3664 potentiam
2769 3610 2783 3650 :
2817 3608 3118 3665 unamque
3174 3591 3393 3647 habeas
3449 3588 3722 3660 majesta-

296 3678 582 3752 ριζόμενος
613 3674 738 3751 περὶ
766 3677 865 3745 τὴν
897 3672 1290 3752 προσκύνησιν,
1353 3672 1494 3748 μηδὲ
1522 3675 1598 3739 είς
1656 3673 1942 3740 πολυθείαν

2059 3683 2202 3747 tem,
2224 3679 2382 3737 haud
2418 3682 2643 3739 scissus
2670 3685 2849 3754 atque
2880 3681 3106 3737 divisus
3130 3678 3489 3737 adorationis
3529 3677 3715 3746 cultu,

296 3765 582 3839 ἐμπίπτων
608 3808 621 3822 .
684 3764 762 3822 Οὐ
822 3763 923 3840 γὰρ
987 3763 1129 3820 εἶπεν
1157 3781 1170 3795 '
1235 3763 1527 3835 Ἐποίησαν
1580 3766 1634 3820 οἱ
1689 3763 1802 3821 θεοὶ
1857 3765 1942 3819 τὸν

2061 3768 2328 3842 nihilque
2358 3770 2693 3844 impingens
2715 3771 2777 3826 in
2824 3786 3079 3828 errorem
3136 3767 3396 3842 plurium
3446 3767 3712 3823 deorum.

299 3855 611 3933 ἄνθρωπον·
642 3854 793 3923 ἀλλ’,
839 3855 1130 3926 Ἐποίησεν
1184 3855 1213 3909 ὁ
1280 3854 1428 3918 Θεός.
1466 3855 1535 3913 Ei
1587 3856 1689 3931 γὰρ
1718 3854 1809 3911 καὶ
1843 3851 1942 3910 ἰδία

2061 3858 2186 3914 Non
2219 3859 2373 3915 enim
2405 3860 2571 3933 dixit,
2595 3861 2878 3917 Fecerunt
2918 3860 3001 3916 dii
3059 3857 3362 3915 hominem
3391 3874 3404 3926 ;
3454 3857 3557 3912 sed
3616 3859 3714 3912 Fc-

305 3947 400 4021 μὶν
436 3945 730 4008 ύπόστασις
772 3944 1006 4021 Πατρὸς,
1059 3941 1171 3999 ἰδία
1196 3940 1255 3999 δὲ
1297 3945 1446 4018 Υἱοῦ,
1494 3944 1584 4001 καὶ
1614 3942 1725 4000 ἱδία
1782 3943 1942 4001 Πνεύ-

2061 3949 2135 4005 cii
2168 3954 2328 4005 Deus.
2350 3950 2610 4006 Tametsi
2640 3950 2797 4006 enim
2830 3947 3066 4022 propria
3093 3951 3183 4004 est
3203 3962 3456 4019 persona
3500 3944 3716 4016 Patris,

305 4054 473 4109 ματος
503 4033 683 4110 ἁγίου,
715 4030 844 4087 ἀλλ’
901 4031 1027 4107 οὐχὶ
1059 4032 1150 4087 καὶ
1173 4037 1322 4106 τρεῖς
1362 4032 1493 4089 θεοί·
1554 4034 1636 4089 ὅτι
1669 4032 1768 4107 μία
1796 4033 1884 4088 καὶ
1915 4034 1942 4102 ἦ

2064 4036 2417 4110 propriaque
2451 4037 2596 4105 Filii,
2631 4055 2697 4095 ac
2728 4038 2965 4111 propria
2995 4036 3254 4110 Spiritus
3286 4033 3496 4105 sancti,
3555 4032 3715 4090 haud

301 4123 436 4194 αύτή
485 4124 540 4178 ὶν
598 4127 717 4186 τοῖς
769 4119 915 4195 τρισί
960 4121 1231 4195 νοουμένη
1286 4120 1558 4194 ούσιώδης
1607 4124 1822 4192 θεότης.
1853 4123 1942 4179 ’Ήη

2063 4131 2261 4183 tamen
2285 4132 2592 4200 propterea
2615 4129 2793 4183 etiam
2826 4133 2945 4184 tres
2969 4126 3049 4183 dii
3074 4145 3088 4194 ;
3119 4125 3337 4182 idcirco
3359 4123 3500 4197 quia
3528 4122 3586 4177 in
3611 4121 3718 4178 tri-

299 4213 402 4290 γὰρ
462 4210 652 4288 βλὲπω
709 4209 762 4266 ἐν
820 4209 987 4284 Πατρὶ
1041 4210 1290 4283 θεότητα,
1330 4209 1525 4279 ταύτην
1572 4211 1662 4267 καὶ
1712 4211 1762 4266 ἐν
1822 4211 1942 4282 Υἱῷ·

2065 4216 2178 4271 bus
2208 4217 2412 4273 eadem
2435 4215 3216 4287 substantialisintelligitur
3262 4213 3470 4270 deitas.
3529 4211 3718 4275 Quam

301 4302 392 4359 καὶ
418 4304 480 4372 ἢν
526 4302 578 4359 ἐν
624 4303 754 4374 rte“),
799 4300 1000 4373 ταύτην
1048 4302 1138 4357 καὶ
1180 4299 1234 4357 ἐν
1263 4301 1537 4377 Πνεύματι
1595 4301 1755 4378 ἁγίῳ·
1817 4299 1933 4357 διότ

2067 4305 2223 4361 enim
2248 4305 2309 4361 in
2340 4309 2513 4362 Patro
2545 4322 2717 4363 cerno
2747 4306 3050 4372 deitatem,
3082 4304 3236 4358 hanc
3267 4307 3326 4358 et
3355 4302 3413 4357 in
3450 4299 3610 4368 Filio,
3661 4303 3722 4355 et

303 4394 396 4449 καὶ
430 4390 527 4466 μία
556 4392 591 4462 ἡ
639 4389 691 4446 ἐν
740 4390 960 4454 τούτοις
1011 4392 1362 4468 θεωρουμένη
1400 4393 1609 4470 μορφὴ,
1661 4393 1748 4447 καὶ
1808 4391 1942 4468 ἀρχηὶ

2070 4412 2246 4466 quam
2278 4394 2337 4450 in
2363 4394 2528 4468 Filio,
2553 4410 2684 4453 eam
2715 4400 2773 4452 et
2795 4395 2853 4450 in
2887 4394 3107 4467 Spiritu
3141 4395 3369 4448 sancto.
3421 4389 3581 4455 Quod
3625 4387 3723 4443 ni-

306 4484 341 4553 ἠ
371 4481 528 4553 αὐτή.
581 4481 680 4536 Διὰ
735 4484 897 4536 τοῦτο
953 4480 1046 4536 καὶ
1104 4482 1230 4557 παρ’
1273 4481 1409 4554 ἡμῖν
1447 4480 1545 4555 μία
1593 4479 1942 4560 προσκύνησι‹

2070 4484 2286 4539 mirum
2320 4484 2377 4539 in
2409 4483 2502 4540 his
2521 4501 2756 4557 quoque
2779 4501 2897 4540 una
2916 4481 3281 4555 intelligatur
3309 4480 3517 4545 forma,
3535 4477 3723 4533 idem-

302 4571 393 4628 καὶ
476 4568 766 4647 δοξολογία
819 4574 936 4634 τοῖς
989 4569 1164 4646 τρισὶν
1225 4570 1300 4635 ὡς
1359 4571 1438 4625 ἑνὶ
1501 4574 1637 4643 Θεῷ.
1698 4571 1768 4625 Τὸ
1834 4573 1942 4645 γοῦ·

2072 4590 2185 4646 qua
2210 4572 2565 4645 principium
2591 4590 2605 4628 :
2634 4574 2813 4646 idque
2844 4572 2904 4628 in
2945 4589 3126 4629 causa
3146 4574 3257 4634 est,
3290 4573 3357 4624 ut
3386 4571 3444 4624 et
3486 4585 3520 4623 a
3554 4565 3725 4622 nobis

306 4659 601 4764 προοίμιον
641 4665 742 4728 τῆς
793 4659 1065 4736 ἡμετέρας
1106 4658 1384 4733 γενὲσεως,
1436 4656 1698 4735 θεολογία
1743 4679 1942 4715 κατανει

2073 4679 2191 4718 una
2230 4660 2419 4717 tribus
2448 4663 2711 4719 adoratio
2735 4679 2802 4719 ac
2830 4661 3092 4719 laudatio
3115 4657 3286 4732 quasi
3319 4656 3419 4712 uni
3452 4655 3568 4711 Deo
3618 4653 3722 4709 ad-

305 4744 499 4821 νόηται
520 4748 755 4820 ἀληθινή
768 4791 780 4804 .
1097 4758 1115 4775 ⁹

2069 4750 2355 4807 hibeatur.
2391 4750 2568 4807 Ortus
2596 4751 2797 4823 itaque
2828 4750 3013 4807 nostri
3041 4746 3369 4816 exordium,
3398 4760 3535 4801 vera
3555 4741 3723 4798 trinae

2069 4832 2308 4897 deitatis
2339 4840 2627 4913 professio
2656 4839 3026 4913 intelligitur.

382 4930 434 4985 4.
509 4927 836 5001 Ποιήσωμεν
908 4921 1191 5001 ἄνθρωπον
1260 4931 1378 4981 κατ’
1448 4926 1628 4983 εἰκόνα
1689 4926 1780 4982 καὶ
1840 4928 1941 4982 καθ

2141 4931 2193 4986 4.
2217 4931 2509 4986 Faciamus
2540 4929 2816 4986 hominem
2847 4929 2917 4984 ad
2947 4929 3260 5002 imaginem
3279 4927 3333 4981 et
3388 4919 3725 4979 similitudi-

308 5016 599 5091 ὁμοίωσιν.
669 5016 795 5071 Κατ’
843 5013 1025 5070 εἰκόνα
1084 5014 1179 5087 μὶν
1232 5019 1364 5071 Θεοῦ
1423 5016 1743 5092 γεγενῆσθαι
1790 5017 1938 5089 ἡμᾶς

2069 5036 2215 5078 nem.
2251 5019 2455 5075 Fuisse
2479 5036 2584 5075 nos
2605 5019 2874 5075 conditos
2919 5018 2992 5074 ad
3050 5016 3151 5073 Dei
3208 5010 3550 5085 imaginem,
3593 5025 3723 5080 per-

306 5104 541 5178 εὕδηλον
581 5104 688 5161 ἀπὸ
745 5111 847 5176 τῆς
903 5102 1142 5182 Γραφῆς.
1194 5107 1319 5170 Πῶς
1378 5101 1435 5162 δὲ
1484 5106 1569 5177 τὸ,
1624 5106 1751 5161 Κατ’
1779 5105 1942 5161 εἱκόνε

2070 5108 2343 5182 spicuum
2375 5124 2444 5165 ex
2465 5108 2763 5181 Scriptura
2793 5111 2902 5165 est.
2934 5108 3004 5163 At
3026 5120 3283 5180 quonam
3303 5100 3478 5158 modo
3506 5097 3726 5154 intelli-

311 5200 466 5268 Θεοῦ,
526 5195 774 5267 νοητὲον.
837 5190 1009 5251 Οὐδέν
1056 5214 1106 5250 τι
1165 5195 1477 5269 σωματικὸν
1523 5195 1831 5272 καὶγήινον
1882 5193 1942 5251 ἐν

2070 5198 2352 5272 gendum,
2384 5198 2538 5271 quod
2562 5198 2647 5256 ita
2667 5197 2889 5254 dictum
2917 5199 3036 5253 est:
3068 5194 3149 5252 Ad
3176 5187 3526 5264 imaginem?
3564 5185 3725 5243 Nihil

306 5285 604 5354 νοήσασθαι
688 5284 853 5360 χρή·
934 5282 1363 5359 ἂιποκαθάρωμεν
1457 5284 1658 5341 ἑαυτῶν
1734 5281 1942 5362 καρδίαι

2067 5288 2176 5345 tibi
2192 5304 2539 5361 corporeum
2561 5304 2628 5344 ac
2648 5291 2948 5343 terrenum
2973 5285 3032 5341 in
3052 5287 3308 5340 mentem
3328 5279 3481 5337 326
3506 5276 3726 5335 veniat.

309 5371 610 5443 ἰδιωτικὴν,
660 5370 942 5453 πρόληψιν
972 5370 1318 5447 ἀπαίδευτον,
1368 5373 1599 5449 ἀμαθεῖς
1654 5375 1778 5451 περὶ
1826 5378 1942 5431 Θεοὶ

2070 5377 2235 5435 Ruris
2266 5381 2647 5434 cornostrum
2670 5379 2845 5449 atque
2874 5372 3156 5430 inscitum
3187 5372 3582 5444 depurgemus
3607 5363 3727 5434 ;in-

307 5462 638 5538 ὑπολήψεις,
699 5463 865 5519 ὁποῖά
913 5462 1053 5526 τινες
1106 5483 1287 5538 φασιν.
1327 5464 1395 5522 El
1449 5466 1570 5521 κατ’
1628 5462 1809 5521 είκόνα
1854 5464 1942 5541 γὰρ

2069 5468 2360 5525 eruditam
2389 5472 2735 5541 occupatam
2759 5462 3288 5530 existimationem;
3328 5457 3596 5515 indoctae
3652 5453 3728 5510 de

381 5630 404 5667 ⁴
432 5628 590 5688 Psal.
623 5643 852 5701 chvm,
882 5628 937 5685 5.
1014 5628 1035 5664 ⁵
1065 5629 1211 5688 Gen.
1234 5647 1274 5700 ι,
1295 5632 1387 5690 27.

385 5774 459 5851 (a)
490 5770 758 5832 Ἐκτίασο.
789 5771 887 5845 Η.,
914 5762 1112 5833 ἔκτισε,

2152 5776 2232 5853 (b)
2259 5772 2640 5854 Παρεισήχθη.
2668 5774 2802 5846 Ms.,
2836 5764 3133 5849 παρεδόθη.
