4154 6412
379 468 458 529 15
1320 459 1717 520 APPENDIX
1761 456 2093 520 OPERUM
2138 459 2202 518 S.
2252 456 2538 518 BASlLll
2583 456 2863 519 MAGNI.
3728 460 3806 520 16

370 603 489 656 Deo
504 615 571 655 ac
603 596 923 654 illiberales
946 595 1285 667 opiniones;
1318 589 1911 663 cujusmodiquidam
1945 588 2026 642 di-

2145 590 2279 641 Θεοῦ
2337 586 2651 663 γεγόναμεν,
2712 586 3041 667 σύμμορφος
3097 589 3312 650 πάντως
3369 589 3508 662 ἡμῖν
3568 587 3709 645 ἆστιν
3772 592 3802 646 6

365 692 528 746 cunt.
562 686 795 744 Etenim
827 686 877 741 si
901 686 970 740 ad
996 684 1097 740 Dei
1152 682 1473 755 imaginem
1532 679 1752 736 conditi
1791 694 2025 745 sumus,

2136 675 2297 746 Θεός;
2348 677 2438 732 καὶ
2502 675 2783 755 ὀφθαλμοὶ
2828 678 2973 753 τάχα
3003 677 3126 753 περὶ
3158 676 3307 746 Θεὸν,
3342 677 3432 733 καὶ
3464 675 3597 750 ὦτα,
3630 700 3798 758 κεφα-

367 778 523 835 Deus
555 775 726 833 nobis
757 790 998 848 prorsus
1031 773 1348 829 conformis
1391 770 1670 826 exsistit?
1718 784 1824 823 nec
1883 767 2026 823 forte

2139 763 2234 837 λή,
2292 770 2500 841 χεῖρες,
2562 765 2743 842 ἰσχίον
2794 765 2876 845 ἐφ’
2934 765 2997 821 οῦ
3050 763 3295 842 mperat;
3356 767 3580 844 Λέγεται
3629 771 3737 845 γὰρ
3773 770 3801 824 6

366 864 718 923 desuntDeo
749 862 902 919 oculi
954 867 1011 918 et
1057 877 1233 918 aures
1270 878 1283 927 ;
1328 863 1530 931 caput,
1588 873 1919 930 manusque
1977 860 2034 911 et

371 972 566 1023 coxas,
600 954 815 1026 quibus
848 952 1151 1021 fulciatur,
1182 950 1361 1004 habet
1385 947 1655 1003 PEtenim
1689 948 1746 1000 in
1771 946 2030 1018 Scriptu-

371 1061 437 1100 ra
465 1044 684 1099 dicitur
709 1046 860 1096 Deus
882 1041 1122 1106 sedere;
1158 1038 1405 1111 pedibus
1439 1037 1717 1109 praeditus
1741 1036 2028 1106 esse,qui-

372 1134 484 1188 bus
502 1131 782 1189 ambulet.
807 1129 971 1185 Haud
994 1128 1150 1183 enim
1180 1142 1317 1181 vero
1354 1128 1502 1181 Deus
1534 1125 1668 1180 talis
1690 1126 2031 1181 est.Ahsur-

372 1223 480 1279 das
501 1224 699 1278 animo
727 1220 936 1291 ablega
966 1218 1371 1289 cogitationes.
1392 1218 1644 1272 Sensum
1661 1216 1847 1287 ahjice
1879 1232 1911 1270 a
1935 1215 2030 1269 Dei

371 1312 784 1367 abhorrentem
812 1307 1236 1381 magnitudine.
1254 1308 1402 1362 Deus
1423 1307 1581 1360 omni
1614 1310 1784 1360 vacat
1809 1305 2028 1375 ﬁgura;

366 1399 619 1472 simplex
650 1403 760 1465 est,
788 1397 939 1453 mole
964 1399 1119 1451 caret
1141 1400 1198 1450 et
1231 1396 1577 1468 quantitate.
1601 1392 1729 1449 Noli
1762 1397 1861 1448 tuo
1903 1393 2030 1465 ipse

366 1489 563 1545 animo
595 1487 846 1543 formam
880 1487 938 1540 in
968 1485 1085 1540 Deo
1116 1485 1391 1556 cogitare.
1424 1481 1554 1539 Noli
1595 1482 1841 1539 Judaice
1893 1498 2027 1537 eum

365 1577 467 1648 qui
500 1590 753 1648 magnus
784 1577 897 1642 est,
927 1572 987 1628 in
1019 1578 1340 1643 angustum
1370 1588 1597 1644 cogere.
1638 1570 1769 1625 Noli
1823 1587 2029 1643 corpo-

363 1664 481 1722 reis
513 1669 694 1720 Deum
725 1663 1083 1735 cogitatibus
1114 1660 1422 1733 complecti
1451 1678 1463 1716 :
1517 1676 1590 1715 ne
1641 1664 1755 1715 tum
1810 1658 2026 1715 mentis

2141 854 2273 916 Θεὸς
2327 853 2379 909 ἐν
2434 859 2501 930 τῇ
2538 859 2722 933 Γραφῇ
2762 856 3098 925 καθέζεσθαιο
3148 854 3241 911 καί
3298 853 3463 917 πόδες
3524 856 3689 930 αύτῷ,
3726 855 3799 912 δι’

2143 942 2216 995 ὢν
2246 949 2552 1019 περιπατεῖ.
2603 945 2809 998 Οὐκοῦν
2860 949 3109 1008 τοιοῦτος
3156 947 3184 1001 6
3242 945 3373 1007 Θεός
3409 972 3424 1014 ;
3464 946 3801 1002 ’Δποσκεύα-

2143 1052 2233 1085 σον
2264 1038 2341 1106 (α)
2370 1040 2469 1102 τῆς
2507 1031 2731 1109 καρδίας
2764 1035 3113 1113 φαντάσματα
3153 1035 3391 1110 ἀπρεπῆ·
3443 1028 3639 1090 ἔκϐαλε
3692 1037 3800 1091 ἀπὸ

2143 1126 2238 1177 σοῦ
2294 1120 2532 1179 διάνοιαν
2590 1124 3008 1201 ἀφαρμόζουσαν
3079 1129 3156 1197 τῷ
3205 1123 3416 1200 μεγέθει
3464 1129 3559 1180 τοῦ
3618 1130 3752 1181 Θεοῦ
3785 1170 3797 1184 .

2143 1211 2591 1288 Ἀσχημάτιστος
2652 1214 2680 1268 6
2729 1214 2880 1282 Θεὸς,
2942 1211 3171 1281 ἁπλοῦς,
3233 1213 3524 1290 ἀμεγέθης,
3569 1212 3794 1275 ἄποτος.

2141 1302 2228 1370 Μὴ
2277 1306 2584 1376 φαντασθῇς
2638 1309 2856 1381 μορφὴν
2912 1302 2999 1356 ἐπὶ
3030 1308 3183 1358 Θεοῦ·
3222 1304 3296 1376 μή
3356 1305 3800 1380 κατασμικρύνῃς

2141 1388 2455 1453 Ἰουδαϊκῶς
2478 1392 2570 1445 τὸν
2616 1393 2808 1467 μεγαν·
2875 1393 2950 1466 μὴ
2985 1386 3283 1469 περιλάϐῃς
3314 1392 3405 1447 τὸν
3441 1393 3568 1447 Θεὸν
3603 1414 3796 1466 amita.

2138 1485 2315 1541 τικαῒς
2362 1478 2616 1542 ἐννοίαις·
2688 1482 2764 1553 μὴ
2818 1484 3159 1557 περιγράψῃς
3218 1480 3378 1536 αὐτὸν
3437 1482 3516 1554 τῷ
3574 1485 3651 1555 σῷ
3698 1487 3795 1555 νῷ.

2136 1567 2538 1645 Ἀπερίληπτός
2572 1568 2682 1624 ἐστι
2715 1574 2796 1642 τῷ
2826 1562 3062 1646 μεγέθει.
3103 1569 3449 1641 Κατανόησον
3481 1570 3575 1625 τὸν
3605 1569 3796 1645 μεγαν,

2138 1657 2227 1712 καὶ
2283 1662 2363 1731 τῷ
2417 1656 2643 1733 μεγάλῳ
2689 1657 2920 1733 πρόσθες
2966 1657 3157 1714 πλεῖον
3190 1663 3286 1713 τοῦ
3317 1660 3669 1733 νενοημένου,
3702 1660 3793 1715 καὶ

365 1755 659 1827 angustiis
691 1768 826 1808 eum
860 1750 1335 1807 circumscribas.
1369 1749 1899 1822 Incomprehensus
1938 1752 2026 1803 est

2139 1750 2215 1818 τῷ
2244 1745 2452 1803 πλείονι
2482 1748 2543 1801 τὸ
2575 1745 2792 1802 πλεῖοψ
2825 1747 2915 1802 καὶ
2945 1747 3039 1803 τὸν
3086 1752 3313 1803 σεαυτοῦ
3362 1745 3638 1825 λογισμὸυ
3681 1754 3801 1803 πεῖ-

366 1841 788 1913 magnitudine.
814 1839 1015 1913 Cogita
1049 1838 1626 1911 magnum,addeque
1657 1854 1871 1910 magno
1900 1854 2024 1892 am-

2136 1857 2252 1910 σον,
2279 1835 2363 1891 δτι
2391 1839 2500 1890 τῶν
2526 1835 2832 1911 ἀπεράντων
2862 1835 2961 1892 οὐκ
2993 1835 3247 1911 ἐφίξεται.

367 1930 524 2002 plius
554 1946 732 2003 quam
760 1928 1107 2001 cogitaveris
1132 1945 1146 1997 ;
1180 1927 1557 2000 amptiusque
1580 1927 1775 1984 adhuc
1806 1926 2514 2000 superaddas,certusque
2545 1927 2743 1983 animo
2776 1927 2878 1997 sis,
2905 1945 3018 1984 non
3054 1945 3225 2001 posse
3249 1927 3475 1999 θοι-ἱ,οῐ
3496 1943 3624 2000 qua
3656 1931 3799 1984 sunt

367 2018 620 2090 inﬁnita,
657 2034 919 2090 unquam
950 2018 1312 2091 assequeris.

437 2142 493 2198 5.
528 2140 659 2200 Noli
685 2141 884 2214 itaque
915 2142 1171 2215 cogitare
1199 2142 1488 2214 ﬁguram;
1521 2159 1556 2199 ιι
1613 2141 1876 2214 potentia
1929 2141 2022 2197 in-

2200 2142 2254 2197 5.
2316 2141 2410 2210 Μὶι
2472 2138 2564 2196 οὖν
2604 2144 2800 2216 σχῆμα
2852 2143 3082 2215 νοήσῃς·
3145 2140 3252 2196 ἀπὸ
3313 2138 3596 2212 δυναμεως
3651 2138 3781 2201 Θεὸς

365 2230 653 2304 telligitur
682 2230 856 2286 Deus.
882 2230 1008 2289 Non
1043 2230 1476 2302 quantitatem;
1537 2229 1755 2287 etenim
1806 2230 2024 2302 ubique

2139 2234 2356 2285 νοεῖται.
2415 2231 2505 2299 Μὴ
2571 2231 2795 2307 μέγεθος
2872 2234 3156 2306 πανταχοῦ
3205 2229 3308 2304 γάρ
3368 2229 3500 2299 ἐστι,
3532 2229 3623 2283 καὶ
3657 2229 3790 2304 ὑπὲρ

364 2322 477 2389 est,
509 2322 567 2376 et
597 2335 778 2392 supra
810 2335 1005 2375 rerum
1047 2336 1284 2376 omnem
1334 2319 1774 2376 universitatem
1832 2320 2023 2376 modis

2139 2319 2195 2373 τὸ
2224 2324 2330 2374 πᾶν
2372 2318 2698 2394 περισσεύει.
2755 2318 3048 2394 ἀνέπαφον,
3083 2318 3337 2395 ἀόρατον,
3397 2317 3790 2388 άκατανόητονο

365 2408 692 2481 majoribus
718 2408 972 2465 excedit:
1007 2409 1111 2481 qui
1153 2425 1257 2465 nec
1316 2409 1613 2465 attrectari
1657 2413 1855 2481 queat,
1917 2424 2024 2464 nec

362 2496 567 2566 videri,
602 2501 705 2553 aut
728 2495 1217 2569 menteintelligi,
1250 2498 1352 2570 qui
1383 2514 1490 2553 nec
1510 2496 1697 2569 ﬁgura
1755 2514 2024 2555 coercea-

2137 2408 2277 2480 μήτε
2305 2409 2556 2483 σχήματι
2611 2405 3181 2484 περιλαμϐανόμενον,
3238 2409 3378 2479 μήτε
3429 2408 3640 2479 μεγέθει
3688 2426 3791 2461 πε-

2135 2516 2560 2572 ριγραφόμενον*
2614 2500 2692 2571 μὴ
2755 2495 2977 2571 δυνάμει
3025 2496 3455 2573 ἐκμετρούμενον
3492 2497 3570 2568 μὴ
3602 2496 3792 2571 χρόνῳ

362 2589 482 2658 tur,
515 2600 623 2643 nec
645 2586 1058 2659 magnitudine
1086 2586 1741 2654 circumscribatur,nec
1762 2587 2026 2661 potentia

2139 2583 2606 2661 περικλειόμενον,
2671 2588 2747 2660 μὴ
2798 2588 2990 2659 πέρασι
3035 2585 3210 2661 τρισὶν
3241 2580 3588 2660 ὁριζόμενον.
3619 2581 3788 2641 Οὐδὲν

366 2691 709 2732 mensuram
744 2675 978 2745 habeat,
1007 2693 1124 2732 non
1167 2676 1446 2749 temporis
1495 2676 1878 2734 concludatur
1921 2694 2026 2732 an-

365 2763 599 2836 gustiis,
637 2780 754 2821 non
804 2765 997 2821 tribus
1036 2765 1308 2823 terminis
1357 2765 1618 2823 finiatur.
1666 2767 1825 2823 Nihil
1868 2766 2027 2823 enim

370 2868 614 2926 prorsus
648 2854 706 2910 in
730 2854 869 2924 Deo,
893 2854 1227 2928 cujusmodi
1249 2854 1309 2911 in
1341 2855 1534 2926 nobis,
1583 2861 1687 2913 aut
1740 2857 1917 2912 etiam
1966 2855 2027 2911 in

2133 2676 2234 2751 γάρ
2268 2673 2406 2730 ἐστιν
2440 2674 2587 2738 ὅλως
2615 2676 2739 2750 περὶ
2776 2675 2929 2748 Θεὸν,
2959 2677 3152 2731 ὁποῖον
3210 2675 3333 2750 περὶ
3394 2674 3564 2745 ἡμᾶς,
3615 2672 3651 2741 ἢ
3698 2671 3789 2726 γαὶ

2136 2764 2203 2818 τὰ
2234 2760 2416 2835 μόνως
2446 2767 2639 2835 νοητά.
2672 2769 2795 2829 Πῶς
2827 2763 2918 2820 οῦν
2969 2767 3005 2833 ἡ
3060 2762 3247 2841 Γράφή
3290 2764 3432 2818 εἶπεν
3466 2764 3617 2836 ἡμᾶς
3671 2762 3790 2816 κατ’

2138 2852 2317 2909 εἰκόνα
2347 2857 2481 2909 Θεοῦ
2508 2855 2826 2929 γεγενῆσθαι
2851 2872 2866 2923 ;

374 2941 448 2997 iis
482 2958 611 3015 quaa
642 2942 768 3000 sola
787 2947 983 3002 mente
1014 2948 1264 3018 possunt
1292 2944 1563 3018 intelligi.
1597 2947 1862 3012 Quonam
1892 2945 2073 3018 igitur
2092 2945 2266 3002 modo
2289 2944 2592 3017 Scriptura
2618 2946 2692 3001 ad
2743 2946 2843 3001 Dei
2903 2961 3009 3001 nos
3067 2944 3384 3016 imaginem
3414 2943 3600 3000 factos
3655 2959 3789 3000 esse

369 3029 566 3086 dixit?

438 3155 494 3209 6.
526 3158 934 3228 Agnoscamus
964 3157 1107 3231 quid
1157 3159 1253 3214 Dei
1313 3159 1615 3232 proprium
1670 3160 2017 3228 habeamus,

2202 3158 2256 3215 6.
2290 3158 2629 3232 Ἐπιγνῶμεν
2660 3156 2712 3211 τί
2743 3155 2941 3211 οἰκεῖον
2983 3158 3121 3211 Θεοῦ
3169 3150 3398 3231 ἔχομεν,
3452 3156 3544 3210 κ.νί
3593 3156 3677 3209 δτι
3725 3154 3790 3209 τὸ

366 3246 543 3317 atque
565 3244 626 3300 id
657 3248 813 3317 quod
845 3250 937 3303 est
966 3248 1038 3303 ad
1083 3248 1397 3321 imaginem
1452 3249 1608 3304 haud
1670 3265 1912 3320 prorsus
1960 3249 2020 3303 in

2139 3246 2245 3299 κατ’
2327 3244 2508 3300 εἰκόνα
2575 3244 2791 3306 πάντως
2869 3244 2968 3299 ούκ
3022 3242 3075 3298 ἐν
3251 3247 3537 3318 σωματικῇ
3597 3246 3785 3320 μορφῇ

364 3331 556 3389 forma
585 3349 860 3403 corporea
887 3337 1074 3407 accipi
1106 3354 1292 3407 posse.
1344 3339 1476 3393 Hmc
1522 3338 1736 3409 quippe
1771 3337 1831 3392 in
1891 3353 2022 3392 cor-

365 3437 504 3494 pore
535 3425 627 3478 est
653 3422 839 3479 oculis
860 3425 1178 3495 conspicuo
1205 3443 1218 3480 :
1252 3442 1549 3498 nusquam
1578 3442 1714 3480 vero
1778 3427 1900 3489 ﬂat.
1961 3430 2026 3480 ut

369 3509 527 3582 quod
558 3509 928 3582 inaspectum
957 3518 1067 3579 est,
1089 3512 1147 3567 in
1180 3514 1438 3570 reoculis
1468 3513 1787 3585 conspicua
1813 3514 2025 3585 ﬁgure-

373 3599 499 3667 tur;
532 3609 593 3654 at
621 3614 831 3670 neque,
855 3601 1101 3671 utquod
1135 3603 1492 3673 corruptioni
1552 3602 1868 3658 obnoxium
1917 3606 2026 3668 est,

372 3685 718 3760 ejusimago
749 3686 845 3757 sit,
875 3688 1029 3759 quod
1060 3690 1134 3745 ah
1180 3692 1343 3746 omni
1371 3697 1461 3746 est
1506 3690 1875 3762 corruptione
1917 3690 2030 3744 im-

374 3791 574 3832 mune.
599 3776 824 3833 Etenim
852 3794 1066 3850 corpus
1095 3785 1479 3851 augmentum
1504 3780 1665 3845 facit,
1688 3778 2028 3835 diminutio-

261 3873 263 3876 ‘
376 3881 512 3922 nem
542 3865 783 3937 patitur,
816 3868 1203 3934 consenescit,
1234 3867 1349 3924 alia
1377 3884 1445 3923 ex
1476 3868 1590 3924 alia
1624 3867 1908 3940 qualitate
1928 3869 2031 3923 de-

375 3958 598 4011 terente
628 3960 929 4023 mutatur;
955 3954 1111 4011 aliud
1134 3956 1189 4011 in
1200 3957 1508 4027 juventute
1529 3963 1636 4023 est,
1670 3962 1840 4027 atque
1869 3956 2030 4012 aliud

374 4041 435 4099 in
465 4048 764 4099 senectute
789 4043 981 4112 ;aliud
1006 4061 1140 4101 cum
1166 4063 1446 4118 prospera
1470 4048 1656 4101 utitur
1672 4046 2025 4117 valetudine,

372 4135 547 4205 atque
576 4131 737 4189 aliud
768 4149 905 4190 cum
937 4135 1158 4190 morbis
1185 4137 1481 4205 jactatur;
1533 4134 1693 4191 aliud
1752 4151 1888 4190 cum
1929 4134 2027 4190 lse-

370 4224 549 4290 tatur,
572 4220 731 4278 aliud
763 4239 898 4279 cum
922 4224 982 4279 in
1014 4224 1317 4281 doloribus
1349 4230 1653 4293 versatur;
1688 4223 1848 4280 aliud
1880 4241 2025 4296 prea-

372 4309 584 4379 ﬁdens,
616 4311 778 4367 aliud
810 4326 945 4369 cum
977 4314 1226 4381 metuit;
1261 4314 1423 4369 aliud
1455 4315 1515 4370 in
1549 4316 1817 4385 penuria,
1852 4318 2028 4385 atque

370 4398 532 4455 aliud
556 4400 618 4455 in
654 4402 1040 4458 redundantia
1076 4420 1143 4458 ac
1173 4404 1517 4471 saturitate;
1551 4403 1707 4459 aliud
1732 4404 1813 4459 .in
1861 4419 2022 4475 pace,

368 4492 544 4561 atque
575 4488 735 4545 aliud
767 4489 825 4545 in
858 4489 1028 4547 bello.
1054 4491 1224 4547 Alius
1254 4490 1553 4564 vigilantis
1580 4497 1669 4548 est
1698 4491 1875 4560 color,
1938 4497 2024 4547 at-

367 4590 478 4648 que
509 4576 661 4634 alius
692 4578 1060 4635 dormientis.
1106 4580 1361 4652 Vigilans
1392 4581 1584 4652 magis
1609 4581 1850 4648 efﬂoret,
1907 4596 2024 4652 quo

2131 3332 2470 3408 ἐκληςδθῆναι
2530 3331 2779 3389 δυνατόν.
2836 3338 2897 3387 Ἦ
2965 3333 3059 3404 μὲν
3113 3333 3216 3407 γὰρ
3248 3332 3335 3386 ἐπὶ
3367 3331 3650 3408 ὁρωμένου
3683 3334 3791 3386 σώ-

2143 3440 2331 3492 ματος“
2389 3419 2444 3475 ἐν
2501 3422 2683 3496 ὁρατῷ
2740 3420 2797 3474 δὲ
2832 3421 2896 3475 τὸ
2953 3420 3183 3493 ἀόρατον
3244 3419 3308 3473 ού
3365 3419 3787 3494 σχηματίζεται·

2143 3509 2269 3565 ἀλλ’
2324 3507 2449 3563 οὐδὲ
2510 3511 2604 3582 μὶν
2644 3512 2720 3582 (b)
2748 3510 2810 3562 τὸ
2836 3510 3069 3586 φθαρτὸν
3129 3508 3216 3577 εἴη
3280 3508 3338 3561 ἃν
3394 3513 3491 3562 τοῦ
3519 3508 3791 3586 ἀφθάρτου

2137 3601 2171 3668 ἡ
2206 3598 2388 3654 εἰκών.
2422 3599 2502 3655 Τὸ
2533 3603 2693 3670 σῶμα
2727 3598 2821 3670 μὶν
2865 3597 2969 3673 γὰρ
3013 3595 3248 3670 αὔξεται,
3311 3602 3577 3670 μειοῦται,
3625 3602 3789 3674 γηρᾷ,

2138 3685 2488 3746 ἀλλοιοῦται.
2526 3686 2702 3744 "A110
2757 3686 2898 3741 ἐστὶν
2931 3686 2984 3740 ἐν
3011 3690 3080 3760 τῇ
3138 3687 3379 3759 νεότητι,
3428 3686 3516 3741 καὶ
3552 3684 3692 3741 ἄλλο
3734 3686 3787 3741 ἐν

2135 3780 2299 3855 γήρᾳ.
2339 3775 2480 3832 ἄλλο
2526 3775 2650 3830 ὅταν
2701 3776 2917 3849 εὐεκτῇ,
2964 3774 3055 3830 καὶ
3105 3773 3247 3831 ἄλλο
3295 3774 3418 3830 ὅταν
3452 3773 3502 3829 ἐν
3563 3774 3786 3830 πάθεσιν

2136 3868 2191 3939 ᾖ·
2254 3864 2395 3921 ἄλλο
2445 3865 2886 3941 εὐφραινόμενον,
2934 3864 3024 3918 καὶ
3056 3862 3197 3920 ἄλλο
3247 3862 3611 3938 λυπούμενον·
3642 3861 3786 3921 ἄλλο

2138 3955 2391 4033 θαρροῦν,
2431 3954 2521 4010 καὶ
2574 3954 2715 4010 ἄλλο
2746 3949 3105 4030 φοϐούμενονί
3168 3951 3310 4008 ἄλλο
3361 3952 3413 4009 ἔν
3471 3951 3665 4025 ἐνδείᾳ,
3692 3956 3787 4009 καὶ

2136 4042 2276 4099 ἄλλο
2309 4043 2361 4099 ἐν
2392 4041 2712 4116 πλησμονῇ·
2745 4041 2885 4098 ἄλλο
2917 4041 2967 4096 ἐν
3001 4042 3308 4118 εἶρήνῃ,καῖ
3340 4039 3481 4098 ἄλλο
3515 4041 3569 4097 ἐν
3604 4044 3786 4118 μάχῃ,

2135 4131 2281 4189 ἄλλο
2311 4137 2518 4209 χρῶμα
2547 4131 2939 4206 ἐγρηγορότος,
2987 4132 3073 4186 καὶ
3110 4130 3250 4187 ἄλλο
3278 4129 3653 4195 καθεύδοντος
3687 4136 3785 4186 τοῦ

2140 4223 2234 4294 μὶν
2262 4222 2467 4293 ἐξανθεῖ
2520 4222 2655 4293 πρὸς
2682 4222 2745 4275 τὸ
2774 4220 3146 4296 ἐρυθρότερον,
3208 4224 3306 4275 τοῦ
3337 4224 3541 4294 θερμοῦ
3587 4219 3676 4276 tui
3722 4220 3786 4276 τὸ

2136 4310 2237 4382 ἔξω
2268 4315 2608 4387 χωροῦντος’
2658 4314 2756 4366 τοῦ
2788 4307 2846 4364 δὲ
2886 4310 3212 4384 κατέψυκται
3262 4308 3354 4364 καὶ
3412 4308 3781 4378 συνέσταλται,

2136 4399 2225 4456 διὰ
2268 4402 2331 4456 τὸ
2378 4400 2467 4456 ἐπὶ
2513 4402 2577 4455 τὸ
2631 4399 2794 4476 βάθος
2822 4401 2923 4467 τήν
2975 4398 3286 4474 θερμότητα
3317 4396 3639 4461 εἰσδύεσθαιο
3699 4394 3787 4453 διὸ

2133 4490 2223 4546 καὶ
2254 4490 2489 4564 ὕπωχρα
2516 4493 2626 4544 τῶν
2656 4487 3021 4561 κοιμωμένων
3076 4488 3143 4542 τὰ
3198 4489 3445 4561 σώματα.
3502 4487 3628 4547 Πῶς
3686 4485 3782 4539 οῦν

2134 4576 2353 4635 δύναται
2383 4580 2447 4634 τὸ
2475 4576 2874 4650 ἀλλοιούμενον
2905 4581 2986 4648 τῷ
3027 4574 3393 4649 ἀναλλοιώτῳ
3422 4575 3649 4629 ίοικέναι
3678 4593 3692 4641 ;
3723 4575 3785 4630 τὸ

362 4665 577 4722 rubore
606 4667 1004 4739 perfunditur,
1039 4669 1255 4725 idcirco
1275 4669 1415 4741 quia
1465 4668 1625 4725 calor
1672 4675 1835 4725 extra
1887 4686 2024 4741 pro-

2139 4666 2412 4742 μηδέποτε
2473 4668 2700 4738 ἑστηκὸς
2750 4664 2889 4739 μηδὲ
2933 4665 3021 4722 ἐπὶ
3076 4670 3274 4720 ταυτοῦ
3327 4666 3511 4738 μενον,
3565 4668 3648 4736 τῷ
3694 4663 3780 4719 ἀεὶ

361 4754 659 4826 greditur;
686 4757 1032 4813 dormientis
1064 4764 1259 4813 autem
1294 4759 1673 4830 confrigescit
1703 4757 1862 4814 calor
1890 4760 2021 4814 etin

2139 4758 2391 4819 ὡσαύτως
2427 4758 2515 4812 καὶ
2568 4758 2701 4811 κατᾶ
2739 4757 2807 4811 τὸ.
2836 4755 2971 4810 αύτᾶ
3000 4754 3185 4831 ἔχοντι
3215 4774 3230 4824 ;
3300 4753 3577 4831 Ἐκφεύγει
3629 4755 3781 4825 ἡμᾶς

362 4842 720 4915 profundum
752 4845 1167 4915 contruditur;
1203 4852 1380 4917 atque
1410 4846 1469 4901 id
1520 4863 1712 4902 cauete
1770 4853 1861 4902 est
1915 4864 2019 4902 cur

2139 4848 2200 4909 ,ὗς
2241 4846 2306 4902 τὰ
2364 4846 2576 4922 ῥευστὰ,
2630 4846 2758 4920 πρὶν
2817 4852 3071 4915 θεαθῆναι
3133 4842 3462 4920 ὁπὲδραμεν,
3523 4841 3665 4897 ἄλλο
3727 4841 3777 4912 ἐξ

360 4930 822 5004 subpallescant,
852 4938 953 5004 qui
981 4951 1189 4991 somno
1215 4935 1389 5007 sopiti
1411 4942 1573 4991 sunt.
1607 4936 1870 4999 Quonam
1901 4936 2011 5009 igi-

360 5021 456 5076 tur
485 5021 679 5092 modo,
714 5022 870 5094 quod
903 5021 988 5077 sic
1019 5040 1088 5077 ex
1117 5024 1229 5079 alio
1258 5023 1413 5078 aliud
1453 5030 1658 5091 mutat,
1692 5039 1823 5079 eum
1867 5026 2019 5079 refe-

2139 5022 2413 5100 ἡμετᾶραν.
2446 5029 2571 5087 Πῶς
2604 5029 2772 5079 σῶσαι
2824 5021 3042 5076 δύναται
3098 5028 3197 5091 τῆς
3254 5020 3510 5090 ἀκινήτου
3568 5018 3778 5093 φύσεως

358 5112 450 5164 rat
472 5109 573 5182 qui
604 5112 848 5167 abomni
891 5111 1176 5168 immunis
1211 5114 1536 5168 mutatione
1575 5113 1709 5169 est?
1761 5113 1816 5168 id
1858 5114 2013 5185 quod

2139 5114 2388 5189 ἡρευστὴ
2421 5113 2513 5168 καὶ
2547 5112 2923 5183 ἀλλοιουμὲνη
2982 5109 3142 5164 εἰκών
3184 5136 3198 5177 ;
3255 5116 3357 5178 τῆς
3411 5106 3688 5183 ἀμόρφου,
3740 5111 3775 5178 ἠ

357 5213 660 5270 nunquam
693 5198 981 5266 consistit,
1008 5201 1189 5255 necin
1209 5201 1413 5257 eodem
1445 5208 1601 5258 statu
1630 5208 1845 5267 manet,
1877 5219 2012 5257 eum

2139 5203 2576 5280 ,ιεμορφωμένη;
2612 5206 2734 5262 Πῶς
2765 5198 2857 5254 οὗν
2895 5200 3221 5271 ζητήσωμεν
3279 5198 3341 5251 τὸ
3389 5198 3506 5252 κατ’
3555 5195 3775 5267 εἰκόνα;

355 5286 456 5359 qui
486 5288 691 5344 eodem
714 5304 948 5361 semper
980 5290 1154 5345 modo
1184 5307 1454 5362 peraeque
1478 5308 1539 5346 se
1561 5291 1737 5358 habet
1754 5293 1781 5347 ‘I
1797 5290 2011 5348 Dilabi-

2140 5297 2210 5346 Ev
2244 5294 2328 5353 οἱς
2359 5292 2523 5353 αὐτὸς
2554 5291 2695 5345 εἶπεν
2726 5289 2776 5362 ἐξ
2828 5287 3066 5364 ὑπογύου
3094 5290 3131 5361 ᾖ
3185 5286 3334 5349 Θεός.
3368 5286 3491 5344 Ἐὰν
3552 5284 3682 5359 ἐμόν
3721 5307 3776 5341 τι

352 5381 449 5431 tur
488 5375 680 5445 nobis,
714 5376 873 5433 velut
901 5395 993 5434 res
1029 5377 1183 5433 ﬂuxa
1211 5395 1223 5432 :
1250 5380 1596 5451 priusquam
1640 5383 2008 5453 conspexeri-

2139 5378 2283 5447 :i’mo,
2336 5381 2412 5452 μὴ
2470 5375 2859 5454 προσδὲξησθε·
2919 5377 3005 5431 ἐὰν
3055 5374 3113 5432 δὲ
3144 5374 3487 5441 δεσποτικὸν,
3545 5373 3777 5431 καταδέο

352 5480 505 5534 mus,
537 5482 601 5521 se
622 5464 878 5522 velocius
910 5467 1189 5523 subducit
1220 5484 1231 5522 :
1265 5468 1424 5524 aliud
1470 5485 1539 5524 ex
1601 5470 1716 5526 alio
1766 5476 2010 5543 apparet

2139 5477 2276 5538 Ξασθε
2310 5511 2323 5524 -
2383 5470 2709 5539 Ποιήσωμεν
2764 5465 3048 5540 ἄνθρωπον
3104 5467 3223 5521 κατ’
3267 5466 3449 5521 εἰκόνα
3504 5465 3774 5541 ἡμετέραν

352 5553 677 5611 humanum
708 5572 940 5627 corpus.
979 5557 1062 5612 Ad
1092 5558 1395 5627 imaginem
1444 5568 1711 5615 nostram.
1753 5561 2006 5626 Quinam

2139 5558 2207 5612 ιαὶ
2281 5558 2398 5612 καθ’
2475 5555 2767 5630 ὁμοίωσιν·
2841 5555 2931 5611 καὶ
3002 5557 3321 5632 ἀρχὲτωσαν
3394 5560 3506 5613 τῶν
3567 5554 3775 5631 ἰχθύων

2123 4934 2296 4991 ἄλλου
2354 4936 2589 5013 φαίνεται
2645 4937 2708 4991 τὸ
2763 4934 3099 5009 ἀνθρώπινον
3155 4938 3342 5005 σῶμα.
3404 4933 3534 4988 Κατ’
3592 4930 3772 4985 εἰκόνα

422 5785 498 5858 (α)
525 5784 946 5843 Ἀποσκεύασοτ.
978 5787 1150 5860 Editi,
1181 5787 1567 5857 ἀποσκεύαζον,
1604 5789 1764 5846 EDIT.

2183 5791 2262 5864 (ὁ)
2291 5790 2427 5849 Mtv.
2459 5791 2629 5849 Forte
2660 5791 2791 5865 μήν.
2821 5791 2979 5850 Enrr.
