4154 6390
338 388 409 445 1⁸7
1331 384 1432 440 DE
1482 381 1807 443 HUMINIS
1854 384 1974 442 S'l‘l

2085 385 2328 448 JTURA
2377 389 2673 447 ORATIO
2721 390 2769 447 Ι.
3697 391 3773 450 18

328 514 444 569 Τίνι
493 511 680 589 ἄρχεις
737 517 844 568 τῶν
898 509 1102 586 ἰχθύων
1131 530 1144 579 ;
1179 510 1295 565 εἶπέ
1343 529 1458 583 μοι’
1493 511 1726 584 σώματι,
1759 510 1794 580 ἢ
1829 510 1974 587 λογι-

2103 516 2226 585 ﬁat,
2261 524 2324 570 ut
2352 517 2740 574 immutabilis
2774 523 2994 573 natura:
3027 519 3184 574 ﬂuxa
3214 519 3529 592 sitimago,
3562 519 3768 574 aliam-

330 608 454 676 σμῷ
483 632 497 674 ;
528 603 579 658 ἐν
608 605 762 678 ψυχῇ
793 603 856 657 τὸ
889 599 1082 677 ἄρχον,
1115 599 1150 669 ἢ
1183 599 1238 654 ἐν
1266 599 1424 675 σαρκί
1459 619 1471 668 ;

2098 621 2212 676 que
2236 621 2304 659 ex
2325 606 2437 660 alia
2463 606 2807 677 qualitatem
2835 612 3071 662 mutans
3095 607 3122 662 ‘I
3153 608 3282 676 ejus
3305 609 3404 679 qui
3428 609 3623 664 omnis
3647 609 3764 663 for-

334 721 440 759 ms:
473 721 710 777 exspers
731 703 1116 773 exsistit,quaa
1140 702 1327 756 forma
1352 701 1582 757 imbuta
1612 706 1700 756 est
1720 701 1746 755 ‘I
1765 701 2013 758 Ubinam
2037 702 2216 776 igitur
2236 707 2751 776 qureremus,quod
2778 712 2867 760 est
2899 707 2970 760 ad
3002 705 3320 777 imaginem
3339 705 3365 758 ?
3393 707 3451 760 In
3477 705 3549 761 iis
3572 705 3748 760 nimi-

329 811 483 864 rum,
518 794 579 849 in
613 793 826 866 quibus
859 792 983 863 ipse
1001 792 1156 847 Deus
1188 791 1449 863 proxime
1472 793 1618 847 327
1650 791 1812 846 dixit.
1848 791 1904 846 Si
1935 793 2074 863 quid
2108 810 2300 848 meum
2330 794 2548 860 dixero,
2574 811 2646 848 ne
2672 795 2965 864 recipiatis
2994 819 3007 860 ;
3032 794 3081 849 si
3113 799 3305 849 autem
3339 796 3494 866 quod
3520 795 3754 850 Domini

323 884 499 950 est,id
521 900 655 939 vero
678 882 937 953 recipito.
960 883 1248 936 Faciamus
1278 882 1556 936 hominem
1576 881 1646 936 ad
1677 883 1979 951 imaginem
2005 886 2254 937 nostram
2274 887 2324 938 et
2352 883 2780 938 similitudinem
2802 900 2820 943 ;
2846 887 2897 938 et
2926 885 3156 954 praesint
3177 884 3439 953 piscibus.
3455 887 3719 947 Quonam
3739 923 3754 950 ,

320 989 518 1046 quaeso
551 978 625 1044 te,
646 971 908 1044 piscibus
939 987 1147 1042 praess,
1180 969 1371 1040 iisque
1402 971 1658 1041 imperas
1685 973 1706 1023 Ρ
1734 987 1996 1041 corpore,
2022 987 2095 1026 an
2129 971 2354 1026 ratione
2375 972 2402 1025 ‘I
2423 971 2482 1026 in
2514 971 2710 1026 animo
2743 971 2931 1042 posita
2959 972 3188 1043 imperii
3219 972 3325 1038 vis,
3351 989 3422 1027 an
3457 971 3515 1027 in
3542 972 3756 1027 carne?

389 1072 443 1125 7.
476 1069 550 1127 T6
611 1069 706 1140 μὶν
745 1066 850 1143 γὰρ
906 1065 1243 1141 ἀνθρώπινον
1308 1069 1488 1138 σῶμα,
1527 1063 1757 1120 πολλῶν
1818 1065 1970 1132 ζώων

319 1156 534 1232 ἀλόγων
593 1156 916 1225 καθέστηκεν
976 1153 1372 1228 ἀσθενέστερον
1433 1154 1520 1208 καὶ
1571 1152 1668 1207 οὐκ
1723 1155 1782 1207 ἄν
1841 1174 1974 1207 ποτε

317 1245 628 1323 συγκριθείη
661 1246 797 1321 πρὸς
849 1242 1078 1318 δύναμιν
1130 1245 1256 1318 σὰρξ
1315 1242 1557 1318 ἡμετέρα
1603 1246 1671 1315 τῇ
1729 1247 1825 1296 τοῦ
1873 1264 1968 1297 κα-

320 1334 526 1411 μήλου,
560 1335 595 1404 ἣ
655 1333 964 1412 ἐλέφαντος,
1013 1333 1050 1402 ἢ
1105 1337 1203 1389 τοῦ
1253 1331 1449 1402 ἵππου,
1495 1333 1530 1402 ἢ
1589 1335 1687 1386 τοῦ
1751 1332 1900 1407 βοὸς,
1933 1331 1969 1400 ἢ

315 1425 662 1494 ὲκάστου,ὧν
725 1423 782 1477 ἂν
847 1421 1022 1484 εἷ’ποις
1087 1421 1354 1496 μεγίστων
1397 1419 1623 1496 θηρίων.
1675 1419 1966 1482 Εὐάλωτος

316 1517 352 1584 ἠ
413 1515 540 1590 σὰρξ
598 1515 633 1582 ἡ
691 1513 1033 1588 ἀνθρωπίνη,
1082 1512 1234 1584 σαρκὶ
1287 1511 1484 1586 θηρίου
1540 1504 1968 1586 παραλαμϐανο-

324 1605 458 1679 μένη
491 1606 593 1678 (α).
629 1602 782 1660 Ἀλλ’
812 1600 864 1657 ἐν
923 1601 1026 1655 τίνι
1060 1602 1123 1678 16
1153 1599 1380 1675 ἀρχικόν
1411 1626 1425 1668 ;
1459 1601 1542 1654 Ἐν
1591 1602 1659 1672 τῇ
1717 1601 1813 1652 τοῦ
1871 1596 1966 1652 λο-

318 1697 518 1769 γισμοῦ
565 1690 874 1766 περιουσίᾳ·
911 1689 1036 1745 ὅσον
1088 1688 1262 1744 λείπει
1305 1693 1374 1762 τῇ
1426 1685 1650 1761 δυνάμει
1705 1691 1803 1741 τοῦ
1859 1685 1966 1740 σώ-

323 1803 514 1851 ματος,
545 1785 803 1837 τοσοῦτον
831 1777 1068 1856 περίεστι
1099 1781 1168 1851 τῇ
1199 1783 1293 1831 τοῦ
1336 1775 1610 1852 λογισμοῦ
1641 1779 1962 1849 κατασκευῇ.

317 1872 416 1928 Καὶ
445 1872 549 1947 γὰρ
578 1873 612 1940 ἡ
645 1872 799 1945 ψυχὴ
840 1871 1021 1942 ἡμῶν,
1051 1869 1141 1922 καὶ
1200 1868 1228 1921 6
1277 1865 1328 1921 έν
1381 1867 1520 1940 αὐτῇ
1579 1870 1724 1934 νοῦς,
1757 1868 1966 1919 ἅπαντα

313 1929 482 2016 ταῦτα
512 1929 1067 2036 ῥᾳδίωςηὺποτοὶττίιν
1100 1953 1406 2026 δεδύνηται.
1438 1929 1608 2019 Πόθεν
1654 1929 1720 2009 τὸί
1753 1951 1965 2028 μεγάλα
1997 1929 2043 1994 Β

319 2051 458 2126 βάρη
499 2049 848 2123 μετατίθησιν
888 2046 1214 2120 ἅνθρωπος;
1248 2045 1514 2115 Ἐπινοίᾳ,
1546 2044 1580 2113 ἢ
1631 2044 1812 2107 τόνοις
1859 2065 1966 2096 σω-

319 2144 606 2213 ματικοῖς;
665 2139 824 2192 Ὥστε
872 2137 934 2191 τὸ
984 2135 1213 2211 ἀρχικὸν
1273 2136 1430 2207 ἡμῖν,
1473 2133 1562 2188 καὶ
1616 2134 1733 2187 κατ’
1787 2131 1967 2186 εἰκόνα

313 2229 404 2284 καὶ
460 2229 579 2283 καθ’
618 2228 886 2300 ὁμοίωσιν
967 2228 1121 2293 Θεοῦ,
1179 2222 1230 2279 ἐν
1283 2227 1352 2298 τῇ
1404 2227 1501 2278 τοῦ
1559 2221 1828 2299 λογισμοῦ
1877 2241 1970 2275 κα-

315 2321 550 2390 τασκευῇ
582 2316 908 2391 θεωρητέον,
943 2313 1046 2369 οὐκ
1077 2312 1128 2368 ἐν
1187 2317 1257 2387 τῇ
1314 2317 1410 2368 τοῦ
1443 2313 1698 2385 σώματος
1761 2313 1968 2388 μορφῇ.

320 2409 648 2478 Ποιήσωμεν
734 2403 1018 2481 ἄνθρωπον
1101 2409 1214 2457 κατ’
1261 2402 1442 2457 εἰκόνα
1505 2403 1798 2476 ἡμετέραν.
1862 2399 1968 2456 Τὸν

321 2492 428 2552 ἔσω
489 2496 773 2570 ἄνθρωπον
835 2493 1003 2570 λέγει,
1064 2494 1393 2565 Ποιήσωμεν
1455 2493 1757 2565 ἄνθρωπον.
1814 2485 1974 2544 Ἀλλ’

323 2584 464 2662 ἐρεῖς
498 2583 583 2642 σύ.
615 2585 712 2639 Διὰ
761 2583 813 2638 τί
871 2583 932 2638 οὐ
992 2580 1140 2656 λέγει
1172 2582 1308 2652 ἡμῖν
1367 2579 1490 2650 περὶ
1524 2579 1796 2654 λογισμοῦ
1826 2604 1840 2646 ς
1870 2577 1970 2630 Τὸν

326 2673 612 2749 ἄνθρωπον
668 2674 783 2727 εἶπε
844 2673 960 2726 κατ’
1017 2672 1200 2726 εἰκόνα
1254 2674 1426 2727 Θεοῦο
1481 2669 1508 2723 6
1568 2667 1626 2723 δὲ
1677 2665 1970 2742 λογισμὸς,

323 2760 647 2838 ἄνθρωπος;
681 2763 882 2817 Ἀκουε
923 2766 1021 2816 τοῦ
1064 2759 1406 2816 Ἀποστόλου
1455 2759 1735 2834 λέγοντος·
1769 2755 1833 2812 Εἰ
1882 2755 1973 2809 καὶ

320 2851 348 2905 ὁ
382 2848 483 2920 ἔξω
541 2852 699 2922 ἡμῶν
760 2846 1048 2925 ἄνθρωπος
1087 2847 1381 2926 φθείρεται,
1435 2846 1564 2902 ἀλλ’
1611 2847 1638 2900 6
1687 2838 1792 2899 ἔόω
1847 2843 1972 2897 ἀνα-

319 2942 603 2994 καινοῦται
656 2940 840 3013 ἡμέρᾳ
895 2937 985 2992 καὶ
1037 2938 1239 3011 ἡμέρᾳ.
1291 2941 1414 2998 Πῶς
1494 2934 1585 2990 οὖν
1663 2931 1775 2988 δύω
1834 2953 1974 3007 γνω-

324 3027 461 3104 ρίσω
497 3028 588 3082 τὸν
623 3026 780 3081 αὐτὸν
832 3025 1160 3099 ἅνθρωπον;
1193 3027 1316 3091 Ναὶ,
1349 3025 1534 3103 φησὶν,
1564 3021 1657 3078 ἕνα
1710 3023 1801 3077 τὸν
1851 3042 1974 3100 φαι-

325 3116 580 3189 νόμενον,
611 3114 700 3170 καὶ
741 3112 835 3168 ἕνα
884 3115 974 3170 τὸν
1031 3115 1135 3169 ὑπὸ
1181 3121 1262 3186 τῷ
1293 3114 1606 3190 φαινομένῳ
1661 3109 1977 3186 κεκρυμμέ-

320 3224 439 3272 νον,
470 3204 724 3280 ἀόρατον,
756 3204 844 3258 νὸν
874 3199 978 3256 ἔσω
1026 3200 1331 3275 ἄνθρωπον,
1361 3200 1454 3255 τὸν
1503 3200 1593 3254 καὶ
1646 3197 1973 3274 κυριώτερον

2155 1069 2210 1122 7.
2244 1069 2390 1124 Nam
2433 1070 2586 1140 quod
2623 1068 2831 1122 attinet
2857 1069 2931 1122 ad
2962 1084 3174 1138 corpus
3207 1068 3558 1135 humanum,
3595 1067 3757 1124 mul-

2082 1161 2278 1213 tarum
2314 1160 2621 1213 brutarum
2653 1157 3047 1212 animantium
3081 1157 3438 1212 imbecillius
3470 1163 3558 1212 est
3594 1175 3606 1212 :
3644 1174 3750 1214 nec

2082 1247 2183 1301 ﬁat
2244 1262 2530 1317 unquam,
2564 1257 2626 1300 ut
2671 1251 2874 1299 nostra
2922 1261 3076 1312 caro,
3112 1251 3400 1316 quantum
3453 1248 3525 1301 ad
3569 1247 3748 1314 vires,

2080 1336 2421 1390 conferatur
2449 1351 2582 1390 cum
2643 1335 2849 1389 cameli
2901 1349 3074 1389 carne
3127 1338 3230 1388 aut
3277 1333 3629 1404 elephantis,
3659 1339 3749 1393 vel

2079 1424 2213 1494 equi
2247 1429 2348 1479 aut
2375 1425 2536 1478 bovis
2569 1441 2667 1478 seu
2705 1424 3114 1493 cujuscunque
3137 1421 3418 1478 malueris
3451 1424 3745 1494 majorum

2078 1513 2424 1571 bestiarum.
2459 1513 2700 1583 Fragilis
2731 1521 2820 1567 est
2842 1513 3105 1566 humana
3122 1528 3275 1580 caro,
3299 1511 3348 1566 si
3373 1528 3508 1566 cum
3543 1512 3744 1567 bestiae

2077 1620 2252 1659 carne
2281 1602 2621 1658 contuleris.
2653 1604 2982 1669 Enimvero,
3013 1603 3070 1655 in
3125 1617 3384 1672 quonam
3428 1600 3619 1672 posita
3657 1601 3744 1656 vis

2075 1692 2178 1748 illa
2209 1691 2490 1764 imperii?
2517 1692 2578 1745 [n
2610 1691 2857 1746 rationis
2887 1691 3053 1761 copia
3082 1707 3150 1746 ac
3181 1690 3743 1762 praestantia.0uan-

2073 1786 2200 1836 tum
2234 1780 2432 1836 deﬁcit
2465 1783 2723 1852 corporis
2753 1781 2999 1849 viribus,
3037 1784 3201 1836 tanto
3259 1779 3505 1835 rationis
3554 1795 3738 1851 appa-

2073 1878 2204 1926 ratu
2239 1871 2506 1941 superior
2535 1870 2785 1926 exsistit.
2816 1870 3026 1924 Anima
3055 1869 3271 1940 quippe
3303 1869 3496 1934 nobis,
3524 1873 3582 1923 et
3619 1884 3738 1938 qua

2076 1963 2269 2016 mente
2301 1960 2543 2030 praedita
2573 1964 2681 2021 est,
2705 1959 2906 2013 isthzec
2939 1958 3138 2013 omnia
3168 1957 3336 2012 facile
3366 1956 3556 2029 potuit
3577 1957 3738 2012 subi-

2075 2065 2230 2121 gere.
2257 2047 2563 2103 Undenam
2591 2049 2766 2102 homo
2797 2048 3051 2118 ingentis
3080 2046 3252 2102 molis
3282 2047 3562 2102 transfert
3591 2062 3736 2116 pon-

2077 2139 2264 2193 dera?
2293 2137 2506 2191 mentis
2539 2137 2830 2203 acumine,
2864 2152 2934 2190 an
2961 2135 3220 2206 corporis
3253 2136 3457 2190 robore
3476 2136 3503 2189 ‘I
3533 2139 3739 2206 Itaque

2077 2227 2166 2282 vis
2199 2225 2300 2280 illa
2326 2227 2383 2280 in
2419 2225 2588 2280 nobis
2620 2224 2874 2297 imperii,
2906 2230 2963 2280 et
2995 2225 3148 2295 quod
3181 2224 3252 2278 ad
3287 2225 3386 2279 Dei
3417 2223 3740 2294 imaginem

2081 2334 2147 2373 ac
2200 2314 2656 2370 similitudinem
2711 2330 2941 2382 sumus,
3005 2316 3063 2367 in
3137 2312 3383 2367 rationis
3441 2311 3744 2384 animique

2081 2409 2375 2460 structura
2405 2402 2763 2458 considerari
2788 2403 2979 2466 debet,
3001 2417 3115 2456 non
3151 2401 3211 2456 in
3248 2401 3435 2456 forma
3464 2400 3749 2472 corporis.

2079 2496 2368 2549 Faciamus
2417 2492 2695 2547 hominem
2725 2490 2795 2545 ad
2847 2492 3146 2561 imaginem
3194 2497 3468 2545 nostram.
3523 2488 3606 2544 De
3655 2488 3747 2542 in-

2081 2582 2282 2638 teriori
2317 2581 2556 2636 homine
2605 2567 2886 2657 l§_quitur,
2919 2595 3053 2633 cum
3104 2579 3204 2644 ait,
3255 2578 3524 2633 Facianus
3565 2577 3747 2633 homi-

2080 2688 2226 2727 nem.
2263 2670 2488 2726 Atenim
2518 2668 2698 2732 dices,
2751 2667 2823 2723 Ut
2879 2669 3022 2738 quid
3065 2666 3234 2722 nobis
3265 2668 3336 2722 de
3367 2666 3594 2722 ratione
3627 2682 3749 2721 non

2079 2759 2385 2834 loquitur?
2421 2760 2724 2816 Hominem
2775 2758 2921 2813 dixit
2951 2757 3022 2813 ad
3065 2757 3163 2812 Dei
3199 2773 3327 2812 esse
3368 2755 3692 2828 imaginem
3733 2773 3748 2812 :

2083 2852 2350 2923 nunquid
2411 2851 2557 2906 ratio
2593 2849 2768 2903 homo
2814 2846 2952 2902 est?
2982 2846 3128 2900 Audi
3162 2846 3512 2918 Apostolum
3544 2845 3749 2901 dicen-

2083 2946 2203 2998 tem
2238 2957 2250 2995 :
2286 2941 2434 2995 Licet
2462 2941 2511 2994 is
2535 2939 2631 3010 qui
2657 2939 2794 3008 foris
2824 2945 2925 3000 est,
2956 2934 3170 3006 inquit,
3201 2939 3386 2990 noster
3431 2935 3595 2989 homo
3623 2949 3749 2989 cor-

2083 3034 2364 3100 rumptur,
2397 3037 2584 3082 tamen
2613 3028 2662 3080 is
2691 3027 2786 3096 qui
2815 3027 2964 3080 intus
2994 3033 3073 3080 est
3116 3028 3416 3079 renovatur
3454 3024 3519 3079 de
3563 3023 3653 3078 die
3683 3023 3747 3078 in

2085 3119 2440 3188 diem“.Ergo
2472 3115 2766 3185 duplicem
2799 3129 3116 3184 agnoscam
3146 3129 3329 3167 unum
3356 3113 3750 3182 eumdemque

2086 3207 2432 3266 hominem?
2459 3207 2543 3261 Ita
2571 3205 2782 3277 plane;
2817 3222 3000 3259 unum
3032 3205 3443 3275 conspicuum,
3469 3207 3525 3258 et
3554 3218 3744 3258 unum

320 3293 411 3347 καὶ
445 3290 811 3368 ἀληθέστερον
842 3292 1147 3367 ἄνθρωπον.
1179 3293 1330 3348 "Ecce
1383 3291 1564 3345 τοίνυν
1625 3287 1826 3364 ἔχομεν
1881 3284 1974 3340 ἄν·

2085 3301 2194 3358 sub
2227 3297 2326 3353 illo
2357 3297 2672 3367 conspicuo
2705 3295 3024 3359 occultum,
3060 3294 3397 3350 interiorem
3439 3293 3742 3350 hominem

325 3393 567 3454 θρωπον,
600 3382 690 3435 καὶ
740 3378 932 3437 διπλοῖ
976 3381 1119 3440 τινὲς
1178 3380 1335 3452 ἐσμεν
1363 3398 1376 3412 °
1409 3379 1497 3433 καὶ
1547 3377 1610 3432 τό
1657 3399 1718 3452 γε
1773 3373 1975 3446 ἀληθὲς

323 3470 644 3546 λεγόμενον,
679 3471 762 3524 ὅτι
799 3467 950 3524 ἔνδον
983 3468 1165 3543 ἐσμέν.
1200 3469 1339 3543 Ἐγὼ
1396 3468 1498 3543 γὰρ
1539 3466 1675 3521 κατὰ
1717 3467 1808 3520 τὸν
1870 3461 1976 3520 ἔσω

321 3556 636 3635 ἄνθρωπον·
668 3559 736 3614 τὰ
793 3556 894 3629 ἔξω
953 3557 1052 3613 οὐκ
1107 3557 1234 3634 ἐγὼ,
1269 3555 1415 3614 ἀλλὰ
1471 3554 1749 3630 ἐμά·ἑγὼ
1807 3552 1863 3608 δὲ
1914 3553 1977 3608 τὸ

326 3645 547 3722 λογικὸν
579 3655 680 3719 τῆς
718 3651 926 3724 ψυχῆς.
957 3651 1119 3703 ’Ὥστε
1157 3649 1222 3703 τὸ
1261 3645 1469 3704 τέλειον
1528 3645 1578 3700 ἐν
1634 3650 1712 3716 τῷ
1771 3643 1977 3720 λογικῷ

319 3744 420 3807 τῆς
454 3740 642 3812 ψυχῆς
668 3735 893 3813 ἔχομεν.
926 3739 996 3793 Τὸ
1024 3736 1114 3792 οὖν
1143 3742 1323 3810 σῶμα,
1347 3734 1452 3809 ἐμοὶ
1476 3757 1488 3770 ·
1520 3737 1582 3790 τὸ
1638 3734 1731 3789 οὖν
1793 3738 1974 3806 σῶμα,

321 3823 546 3901 ὄργανον
603 3832 701 3882 τοῦ
754 3829 1066 3904 ανθρώπου,
1127 3832 1312 3904 ψυχῆς
1364 3824 1630 3903 ὄργανον·
1692 3823 1978 3900 ἄνθρωπος

322 3913 379 3970 δὲ
434 3915 664 3992 κυρίως,
715 3917 780 3972 τὸ
827 3919 944 3972 κατ’
991 3917 1157 3987 αὐτὴν
1214 3920 1313 3988 τὴν
1373 3919 1582 3993 ψυχήν.
1641 3916 1973 3986 Ηοίήσωμεν

319 4003 606 4081 ἄνθρωπον
662 4007 778 4060 κατ’
830 4005 1016 4062 εἰκόνα
1093 4008 1365 4081 ἡμετέραν
1396 4025 1409 4038 °
1464 4008 1730 4074 τουτέστι,
1784 4001 1974 4058 δώσω-

325 4115 418 4168 μεν
481 4095 630 4167 αὐτῷ
689 4091 859 4171 λόγου
909 4096 1242 4172 περιουσίαν,
1283 4097 1373 4151 καὶ
1421 4095 1592 4158 οὕτως
1626 4093 1973 4170 Ἀρχέτωσαν

317 4190 426 4239 τῶν
509 4183 721 4258 ἰχθύων
783 4185 873 4239 καὶ
950 4190 1057 4240 τῶν
1143 4183 1351 4257 θηρίων
1418 4184 1508 4239 καὶ
1575 4185 1810 4238 πάντων.
1864 4183 1978 4240 Οὐκ

323 4273 441 4328 εἶπέ
473 4270 551 4342 δὲ,
585 4274 668 4327 ὅτι
722 4275 1048 4348 Ποιήσωμεν
1105 4274 1388 4349 ἄνθρωπον
1446 4276 1562 4330 κατ’
1608 4274 1788 4328 εἰκόνα
1834 4275 1976 4346 ἡμε-

319 4363 499 4436 τέραν,
558 4362 650 4417 καὶ
728 4363 1142 4436 θυμοόσθωσαν,
1194 4365 1284 4420 καὶ
1363 4363 1819 4436 ἐπιθυμείτωσαν,
1885 4361 1976 4415 καὶ

325 4449 722 4516 λυπείσθωσαν.
755 4452 834 4510 Οὐ
863 4453 967 4529 γὰρ
999 4454 1065 4508 τὰ
1107 4453 1252 4523 πάθη
1299 4454 1376 4517 εἰς
1428 4455 1528 4522 τὴν
1577 4458 1674 4509 τοῦ
1719 4455 1851 4507 Θεοῦ
1907 4449 1978 4505 εἷ’-

321 4541 454 4596 κόνα
479 4542 832 4619 παρελήφθη·
869 4540 996 4598 ἀλλ’
1027 4545 1056 4598 6
1083 4541 1350 4620 λογισμὸς
1391 4549 1498 4598 τῶν
1543 4544 1727 4598 παθῶν
1783 4538 1977 4596 δεσπό-

2091 3387 2279 3444 oculis
2310 3401 2425 3441 non
2476 3385 2897 3454 conspicuum;
2932 3382 3034 3454 qui
3075 3388 3134 3438 et
3165 3382 3397 3455 proprie
3426 3383 3618 3455 magis
3654 3397 3752 3437 ve-

2086 3478 2330 3548 riusque
2359 3475 2534 3530 homo
2564 3479 2673 3529 est.
2698 3474 2861 3528 lntus
2882 3473 3082 3544 itaque
3113 3472 3402 3528 habemus
3420 3471 3748 3540 hominem,

2089 3572 2263 3638 atque
2284 3564 2547 3634 duplices
2572 3562 3007 3634 quodammodo
3032 3578 3240 3616 sumus
3268 3578 3281 3628 ;
3315 3576 3641 3632 verumque
3662 3564 3753 3616 est

2088 3656 2240 3729 quod
2275 3655 2509 3720 dicitur,
2535 3669 2663 3708 esse
2686 3668 2791 3706 nos
2824 3651 3112 3716 interius;
3147 3665 3252 3720 ego
3285 3665 3543 3721 namque
3571 3649 3748 3704 homo

2086 3743 2186 3799 ille
2207 3743 2450 3798 interior
2479 3758 2635 3797 sum.
2669 3741 2803 3804 Quaa
2827 3739 2969 3795 foris
2999 3744 3158 3808 sunt,
3188 3755 3301 3794 non
3334 3755 3463 3809 ego,
3487 3739 3589 3795 sed
3621 3754 3753 3794 mea

2088 3838 2229 3892 sunt
2253 3851 2267 3902 ;
2295 3850 2398 3904 ego
2433 3837 2632 3886 autem
2665 3831 2864 3884 anima
2913 3845 3154 3899 compos
3186 3827 3450 3883 rationis.
3485 3829 3748 3899 Quapro-

2087 3931 2235 3996 pter,
2262 3921 2415 3994 quod
2446 3919 2764 3991 perfectum
2798 3922 2908 3986 est,
2932 3917 2992 3972 in
3019 3917 3218 3971 animo
3250 3915 3469 3971 residet
3500 3915 3746 3973 rationis

2085 4019 2374 4086 compote.
2409 4011 2633 4082 Corpus
2663 4008 2844 4081 igitur
2873 4009 2932 4062 in
2965 4007 3038 4061 iis
3070 4023 3196 4078 qua:
3234 4022 3367 4062 mea
3410 4010 3567 4061 sunt.
3601 4010 3750 4080 Ergo

2086 4121 2299 4175 corpus
2334 4101 2587 4158 hominis
2633 4097 3094 4154 instrumentum
3141 4103 3250 4161 est,
3284 4094 3493 4150 animis
3525 4095 3752 4150 instru-

2087 4200 2351 4251 mentum
2382 4218 2397 4259 ;
2446 4193 2623 4246 homo
2678 4195 2872 4246 autem
2918 4187 3170 4261 proprie,
3204 4189 3329 4256 ipse
3361 4185 3617 4242 animus.
3649 4188 3752 4242 Fa-

2085 4302 2209 4340 mus
2239 4285 2517 4340 hominem
2545 4281 2623 4336 ad
2671 4280 2973 4348 imaginem
3028 4280 3310 4338 nostram;
3367 4275 3470 4330 hoc
3501 4281 3613 4345 est,
3646 4279 3752 4330 Fa-

2087 4375 2315 4431 ciamus
2347 4371 2430 4426 illi
2487 4370 2733 4426 rationis
2780 4367 3051 4437 copiam;
3100 4365 3279 4437 inque
3327 4381 3462 4420 eum
3509 4365 3754 4421 modum

2086 4463 2325 4520 Praesint
2347 4461 2592 4533 piscibus
2617 4463 2667 4514 et
2697 4459 2857 4513 bestis
2887 4461 3062 4526 atque
3093 4454 3395 4509 omnibus.
3422 4453 3549 4508 Non
3580 4453 3754 4522 dixit,

2087 4554 2374 4608 Faciamus
2431 4550 2706 4604 hominem
2760 4546 2830 4601 ad
2889 4545 3193 4614 imaginem
3232 4546 3499 4610 nostram,
3533 4547 3591 4598 et
3631 4541 3751 4600 ira.

319 4651 442 4701 της,
473 4631 500 4685 6
549 4630 736 4707 ἄρχων
787 4633 1002 4687 πάντων
1054 4638 1161 4687 τῶν
1210 4637 1559 4706 σωματικῶν,
1597 4632 1687 4687 καὶ
1749 4631 1974 4705 ὑπεραν-

2087 4640 2299 4698 cundia
2331 4641 2571 4703 feratur,
2605 4635 2946 4707 cupiditate,
2978 4637 3036 4688 et
3065 4629 3342 4686 maestitia
3370 4636 3600 4703 agatur.
3623 4631 3750 4688 Non

323 4722 566 4791 εστηκὼς
605 4726 714 4775 τῶν
744 4721 1086 4799 φαινομένων
1118 4723 1208 4777 καὶ
1239 4720 1604 4796 ψευδομένων,
1639 4720 1716 4776 Σὺ
1762 4718 1819 4776 δέ
1880 4741 1973 4793 μοι

324 4808 600 4882 θαύμασον
627 4811 728 4879 τήν
753 4811 876 4885 περὶ
929 4811 987 4865 σὶ
1025 4815 1124 4866 τοῦ
1176 4817 1310 4868 Θεοῦ
1356 4811 1406 4885 ἐξ
1451 4812 1632 4887 ἀρχῆς
1663 4811 1830 4880 αὐτῆς
1884 4832 1981 4882 κη-

324 4896 580 4974 δεμόνιαν
626 4900 715 4954 καὶ
767 4899 1054 4974 πρόνοιαν,
1088 4902 1170 4957 ὅτι
1221 4901 1376 4966 εὐθὺς
1431 4901 1703 4972 ἐκτίσθης,
1735 4901 1826 4956 καὶ
1882 4899 1980 4975 ἅρ-

323 5008 441 5064 χων
475 4987 746 5062 ἐκτίσθης,
777 4989 867 5044 καὶ
901 4987 1123 5062 διηνεκῆ
1186 4989 1332 5067 ἔχεις
1387 4991 1477 5046 καὶ
1533 4989 1828 5068 ἁδιάδοχον
1880 4993 1981 5062 τὴν

325 5079 526 5154 ἀρχήν.
586 5081 909 5154 ’Ἀνθρωπος
989 5080 1092 5157 γὰρ
1169 5081 1317 5156 παρᾶ
1383 5083 1672 5158 ἀνθρώπου
1738 5082 1976 5155 ἐξουσίαν

322 5168 446 5221 τινὰ
497 5163 822 5242 λαμϐάνων,
857 5170 930 5231 ὡς
979 5170 1176 5241 θνητὸς
1204 5172 1352 5247 παρὰ
1383 5173 1604 5242 θνητοῦ,
1637 5173 1728 5228 καὶ
1769 5171 1842 5234 ὡς
1903 5173 1978 5245 μή

326 5251 472 5338 ἔχων
520 5258 672 5333 παρὰ
723 5259 798 5331 μὴ
843 5256 1094 5335 ἔχοντος,
1128 5260 1310 5334 (ποίαν
1334 5262 1438 5338 γὰρ
1491 5261 1731 5331 ἐξουσίαν
1793 5265 1980 5337 ψυχῆς

328 5337 446 5418 ἔχει
495 5342 838 5421 ἄνθρωποςς)
883 5349 1108 5412 εἰκότως
1161 5349 1304 5427 ταχὺ
1367 5337 1516 5425 μάλα
1562 5351 1730 5421 αὐτὴν
1783 5347 1982 5407 ἀποϐέ-

330 5427 528 5506 ϐληκε·
561 5435 624 5490 σὺ
681 5434 739 5492 δὲ
795 5439 924 5515 παρ’
973 5438 1139 5496 αὐτοῦ
1193 5439 1395 5511 ταύτην
1429 5435 1619 5504 ἔλαϐες
1675 5446 1772 5497 τοῦ
1826 5445 1983 5516 Θεοῦ,

400 5561 423 5599 ⁸
455 5561 506 5619 ΙΙ
525 5561 654 5620 Cor.
686 5579 764 5637 ιν,
795 5566 882 5626 16.

408 5706 485 5781 (α)
516 5702 1088 5786 Παραλαμϐανομένη.
1118 5713 1309 5788 Forte,
1339 5709 1835 5792 παραϐαλλομένη.
1868 5717 2025 5777 Em'r.

2089 4731 2246 4787 enim
2283 4725 2752 4802 perturbationes
2792 4727 3108 4793 assumptis
3143 4719 3373 4776 suntin
3408 4721 3508 4776 Dei
3536 4721 3750 4792 imagi-

2087 4835 2264 4886 nem;
2312 4818 2412 4874 sed
2463 4815 2610 4870 ratio
2657 4830 2783 4886 quis
2831 4808 3372 4882 perturbationibus
3427 4807 3594 4864 herili
3645 4824 3750 4881 po-

2085 4912 2300 4965 testate
2357 4904 2731 4968 dominatur;
2789 4901 2937 4956 ratio
3003 4897 3285 4954 nimirum
3353 4897 3414 4952 in
3471 4914 3753 4970 corporea

2090 4999 2291 5056 omnia
2321 4995 2657 5069 principatu
2690 4990 2941 5063 pollens,
2991 4993 3049 5044 et
3095 5006 3222 5060 quas
3253 4987 3436 5042 oculis
3481 4988 3754 5058 subjecta

2091 5093 2232 5146 sunt
2261 5086 2591 5155 luduntque
2632 5080 2826 5153 specie
2873 5079 3179 5134 excedens.
3212 5080 3296 5131 Tu
3343 5091 3499 5143 vero,
3531 5093 3753 5148 quasso,

2091 5181 2307 5234 mirare
2342 5173 2438 5230 Dei
2469 5174 2528 5227 in
2573 5177 2630 5226 te
2671 5187 2741 5226 ex
2787 5170 2914 5240 ipso
2964 5165 3196 5222 exordio
3228 5180 3430 5220 curam
3461 5182 3528 5221 ac
3559 5167 3758 5238 provi-

2093 5267 2376 5331 dentiam,
2410 5261 2565 5334 quod
2598 5257 2798 5314 statim
2830 5263 3006 5327 atque
3053 5254 3324 5308 conditus
3371 5271 3456 5324 es,
3487 5254 3760 5326 princeps

2094 5371 2231 5413 cum
2259 5353 2507 5424 imperio
2541 5347 2820 5404 conditus
2859 5362 2944 5410 es,
2994 5344 3257 5414 jugeque
3304 5343 3641 5414 imperium,
3693 5361 3762 5400 ac

2094 5443 2250 5518 quod
2295 5439 2456 5497 nullo
2489 5449 2828 5495 successore
2870 5431 3227 5488 abolendum
3278 5431 3374 5502 sit,
3417 5435 3622 5489 nactus
3670 5449 3757 5494 es.
