4154 6394
363 416 444 476 £9
1307 413 1706 476 APPENDIX
1748 413 2074 476 OPERUM
2121 414 2186 473 S.
2234 412 2514 475 BASILII
2559 413 2844 476 MAGNI.
3711 412 3795 474 20

365 546 547 601 llomo
605 560 858 616 namquc
914 546 987 601 ab
1047 544 1279 601 homine
1336 547 1684 617 potestatem
1735 544 2014 615 aliquam,

2145 541 2233 597 καὶ
2267 541 2643 613 ἆνεξάλειπτον
2679 540 2847 620 ἔχεις³
2882 543 2980 598 οὐκ
3036 542 3086 597 έν
3137 543 3323 614 ξύλοις
3380 544 3795 619 γεγραμμένην,

365 633 536 707 quasi
568 634 836 691 mortalis
887 651 920 690 a
970 634 1221 703 mortali,
1253 638 1309 689 et
1355 633 1530 706 quasi
1574 651 1690 689 non
1735 633 1960 689 habens
1992 650 2025 688 a

2145 628 2261 686 οὐδὲ
2308 630 2362 687 ἐν
2421 631 2584 705 πλαξὶ
2644 633 2903 710 φθαρταῖς
2961 631 3050 687 καὶ
3120 636 3297 703 σητῶν
3359 630 3745 705 δαπανήμασιν
3779 680 3791 692 ,

366 740 483 779 non
514 722 767 779 habente
799 723 1090 796 accipiens
1140 724 1337 795 (quam
1387 722 1545 778 enim
1596 722 1773 778 homo
1804 723 1862 778 in
1897 723 2021 778 ani-

369 830 530 869 mam
563 817 911 885 potestatem
969 812 1146 869 habet
1167 814 1231 885 P),
1282 812 1495 868 merito
1553 827 1727 883 quam
1759 812 1873 868 cito
1905 829 2033 868 eam

367 902 590 958 amittit
616 919 630 971 ;
660 906 722 957 tu
756 906 949 958 autem
982 902 1055 958 ab
1078 903 1206 975 ipso
1224 902 1340 957 Deo
1362 917 1492 957 eam
1516 900 1885 974 accepisti,et
1906 918 2033 974 quae

366 989 663 1047 obliterari
699 1007 811 1046 non
848 992 1033 1063 possit
1065 990 1268 1061 babes,
1297 1007 1412 1046 non
1464 989 1523 1045 in
1575 990 1793 1047 tabulis
1823 989 2033 1063 ligneis

363 1078 664 1151 scriptam,
698 1083 801 1134 aut
850 1078 911 1133 in
944 1076 1235 1134 codicillis
1267 1077 1566 1150 perituris,
1602 1094 1728 1149 quae
1777 1093 1811 1133 a
1857 1078 2035 1133 tineis

362 1168 706 1239 exedantur,
754 1167 858 1224 sed
882 1167 943 1221 in
978 1167 1108 1238 ipsa
1138 1176 1347 1223 natura
1380 1166 1591 1223 divinae
1611 1166 1768 1222 vocis
1791 1181 2035 1223 munere

355 1256 714 1330 insculptam
778 1273 844 1312 ac
901 1256 1206 1324 caalatam;
1267 1272 1500 1329 nempe.
1563 1258 1826 1314 Prmint.
1879 1257 2032 1314 828

358 1347 438 1402 Ex
464 1352 607 1402 tunc
638 1360 895 1418 namque
945 1349 1002 1401 et
1058 1344 1116 1399 in
1171 1345 1346 1400 ﬁnem
1399 1361 1588 1417 usque
1655 1351 1867 1402 cuncta
1915 1348 2036 1402 haec

357 1435 624 1491 humano
668 1450 838 1490 serva
887 1434 1038 1489 facta
1088 1438 1230 1489 sunt
1278 1450 1346 1490 ac
1394 1435 1730 1507 mancipata
1761 1436 2031 1507 imperio.

360 1524 459 1578 Ait
490 1539 747 1595 namque
780 1539 793 1577 :
824 1524 1069 1581 Prwsint
1092 1523 1357 1596 piscibus,
1390 1523 1579 1579 bestiis
1616 1532 1801 1594 terrae,
1834 1525 2033 1581 volati-

363 1611 507 1668 libus
545 1614 692 1680 caeli,
737 1613 1026 1685 pecoribus
1085 1628 1157 1668 ac
1188 1615 1496 1685 jumentis,
1558 1614 1853 1685 reptilibus
1912 1629 2038 1685 quae

362 1704 590 1772 reptant
619 1719 782 1774 super
811 1710 1019 1758 terram
1047 1702 1089 1757 ⁷.
1143 1701 1269 1758 Non
1313 1701 1462 1757 dixit
1493 1719 1506 1758 :
1540 1703 1826 1758 Faciamus
1852 1702 2033 1759 homi-

362 1806 491 1846 nem
519 1790 590 1846 ad
632 1792 939 1862 imaginem
992 1794 1048 1845 et
1093 1791 1521 1847 similitudinem
1551 1800 1815 1861 nostum,
1852 1796 1909 1847 et
1938 1810 2036 1849 ve-

2135 720 2263 777 ἀλλ⁹
2318 720 2369 776 έν
2432 721 2567 795 αὐτῇ
2624 725 2692 795 τῇ
2753 721 2904 797 φύσει
2991 719 3473 795 ἐγκεκολαμμένην
3535 721 3641 776 ἀπὸ
3700 729 3800 791 τῆς

2144 810 2368 885 πρώτης
2416 810 2559 875 θείας
2604 816 2810 889 φωνῆς,
2869 816 2996 879 τῆς,
3057 809 3428 886 Ἀρχέτωσαν.
3464 808 3644 865 Δοῦλα
3699 811 3800 886 γὰρ

2145 897 2325 954 ἔκτοτε
2379 900 2466 954 καὶ
2524 897 2657 975 ἄχρι
2707 897 2901 961 τέλους
2932 897 2998 953 τὰ
3027 897 3313 971 σύμπαντα
3339 904 3510 955 ταῦτα
3557 906 3659 969 τῆς
3711 900 3802 953 ἆν-

2145 989 2422 1066 θρωπίνης
2496 988 2726 1065 ἀρχῆς.
2787 988 3132 1065 Ἀρχέτωσαν
3211 989 3314 1064 γὰρ
3350 1035 3366 1062 ,
3432 988 3564 1065 φησὶ
3601 1033 3617 1060 ,
3689 993 3798 1044 τῶν

2145 1078 2374 1154 ἰχθύων,
2431 1083 2540 1134 τῶν
2598 1076 2804 1149 θηρίων
2861 1080 2960 1148 τῆς
3025 1081 3147 1153 γῆς,
3221 1082 3330 1132 τῶν
3391 1080 3646 1133 πετεινῶν
3702 1082 3802 1132 τοῦ

2144 1167 2401 1243 οὐρανοῦ,
2458 1172 2567 1223 τῶν
2636 1171 2876 1238 κτηνῶν,
2921 1172 3031 1223 τῶν
3114 1166 3353 1244 ἑρπετῶν
3424 1168 3530 1222 τῶν
3609 1166 3801 1243 ἑρπόν-

2144 1278 2249 1313 των
2311 1255 2398 1312 tul
2454 1261 2554 1322 τῆς
2613 1263 2742 1333 γῆς.
2790 1256 2908 1314 Οὐκ
2963 1257 3097 1311 εἴπεο
3134 1258 3462 1327 Ποιήσωμεν
3512 1257 3800 1331 ἄνθρωπον

2144 1348 2259 1402 κατ’
2339 1346 2522 1402 εἰκόνα
2597 1346 2689 1401 καὶ
2766 1346 2884 1401 καθ’
2956 1345 3220 1418 ὁμοίωσιν
3306 1343 3577 1419 ἡμετέραν
3612 1386 3627 1412 ,
3709 1343 3803 1398 καὶ

2144 1435 2464 1501 ἐσθιέτωσαν
2520 1441 2623 1491 πᾶν
2710 1434 2871 1506 ξύλον
2944 1434 3263 1509 κάρπιμον,
3312 1434 3342 1488 δ
3402 1429 3518 1509 ἔχει
3597 1432 3807 1509 καρπὸν

2145 1525 2197 1580 ἐν
2250 1526 2461 1597 ἑαυτῷ-
2518 1524 2741 1600 ὕστερον
2800 1524 2906 1599 γὰρ
2959 1527 3147 1591 ταῦτα,
3213 1521 3347 1595 μετᾶ
3399 1524 3500 1589 τήν
3553 1525 3651 1577 τοῦ
3709 1541 3809 1577 πα-

2147 1612 2405 1691 ραδείσου
2464 1613 2702 1692 φυτείαν,
2756 1610 2850 1689 ἵνα
2906 1612 2969 1667 σὺ
3028 1608 3322 1687 διδαχθῇς,
3381 1609 3603 1686 δεύτερα
3662 1608 3811 1686 ἔχειν

2144 1705 2211 1760 τὰ
2266 1710 2368 1772 τῆς
2425 1702 2621 1778 σαρκὸς
2670 1702 2931 1778 ἀναγκαῖα
2986 1701 3134 1775 παρᾶ
3187 1702 3257 1756 τὰ
3291 1707 3394 1771 τῆς
3426 1703 3611 1776 ψυχῆς
3667 1719 3803 1774 προσ

2147 1812 2443 1870 ηγουμενα.

361 1884 562 1936 scatur
590 1880 663 1938 de
692 1882 855 1937 omni
884 1879 1043 1952 ligno
1076 1880 1382 1952 pomifero,
1415 1881 1572 1953 quod
1602 1880 1779 1937 habet
1817 1882 2076 1940 fructum
2106 1884 2168 1940 in
2197 1882 2535 1956 semeptiso.
2570 1882 2701 1938 Haec
2730 1882 2887 1938 enim
2922 1886 3144 1955 postea,
3174 1885 3307 1953 post
3338 1878 3597 1953 paradisi
3625 1877 3786 1936 scili-

359 1973 450 2026 cet
480 1968 908 2041 plantationem
936 1986 949 2033 ;
983 1984 1100 2041 quo
1130 1973 1192 2024 tu
1225 1968 1439 2037 discas,
1474 1969 1535 2025 in
1584 1970 1858 2026 secundis
1901 1970 2119 2029 habere
2166 1990 2293 2045 quis
2340 1975 2479 2029 sunt
2527 1972 2862 2028 necessaria
2890 1970 3106 2038 carnis,
3141 1986 3261 2042 prae
3292 1971 3365 2026 iis
3395 1985 3526 2043 quae
3556 1969 3626 2025 ad
3660 1968 3787 2025 ani-

358 2074 521 2114 mum
555 2062 849 2130 spectant,
880 2063 1139 2130 suntque
1170 2057 1588 2130 prinoipaliora
1617 2075 1683 2114 ac
1713 2059 1905 2131 primo
1938 2062 2252 2119 destinata.

426 2147 480 2202 8.
514 2147 712 2203 Prima
762 2162 1017 2218 namque
1065 2146 1235 2202 nobis
1283 2163 1519 2219 unaque
1566 2164 1763 2203 comes
1813 2151 2032 2205 consti-

2210 2154 2264 2207 8.
2309 2146 2535 2217 Ἐπειδὴ
2589 2147 2679 2203 καὶ
2737 2152 2954 2223 πρῶτον
3009 2149 3147 2220 ἡμῖν
3207 2147 3696 2222 συνεχειροτονήθη
3758 2147 3794 2214 ἠ

356 2240 482 2292 tuta
510 2240 600 2293 est
628 2236 961 2308 imperandi
993 2240 1255 2308 potestas
1288 2252 1303 2292 :
1338 2240 1466 2292 tum
1500 2240 1557 2292 et
1595 2237 1852 2309 paradisi
1887 2238 2033 2295 libe-

358 2324 611 2383 ralitatis
642 2325 877 2382 cumulo
909 2325 1147 2397 adjectis
1180 2325 1421 2381 deliciae.
1451 2324 1683 2381 Animal
1715 2342 1797 2396 es,
1830 2326 2036 2385 homo,

360 2412 607 2485 imperio
637 2413 998 2471 destinatum
1032 2429 1045 2469 :
1081 2418 1148 2469 ut
1177 2413 1317 2487 quid
1363 2414 1910 2487 perturbationibus
1944 2421 2034 2473 at-

363 2518 478 2574 que
506 2502 664 2559 vitiis
695 2502 923 2559 servis?
951 2506 1018 2559 ut
1045 2503 1188 2575 quid
1219 2508 1381 2559 tuam
1418 2504 1766 2576 dignitatem
1799 2505 2034 2577 dejicis,

365 2608 432 2648 ac
463 2592 684 2665 peccati
705 2609 908 2649 servus
931 2592 1183 2649 eiliceris
1206 2593 1235 2648 ?
1265 2598 1331 2648 ut
1361 2594 1502 2664 quid
1527 2599 1583 2649 te
1599 2592 1833 2650 diabolo
1859 2595 2040 2667 capti-

366 2697 507 2737 vum
540 2681 813 2740 addicis?
842 2684 1135 2739 Creaturae
1186 2682 1460 2755 princeps
1511 2688 1744 2739 creatus
1774 2700 1857 2754 es,
1892 2689 2037 2740 tuae-

370 2784 486 2842 que
506 2770 852 2844 gravitatem
877 2770 1175 2844 projecisti
1198 2776 1440 2826 naturae.
1470 2771 1533 2826 In
1563 2772 1748 2844 gradu
1780 2773 2038 2844 quodam

370 2876 438 2916 ac
470 2860 822 2934 magistratu
858 2859 1056 2916 saeculi
1086 2861 1267 2932 hujus
1297 2860 1659 2917 constitutus
1704 2878 1766 2918 es
1801 2878 1815 2916 :
1849 2862 2039 2935 magis

369 2949 591 3006 teneris
628 2966 695 3006 ac
720 2950 952 3007 debitor
995 2965 1079 3018 es,
1113 2955 1179 3005 ut
1225 2954 1284 3006 et
1333 2950 1598 3006 animum
1642 2967 1709 3007 ac
1750 2952 2039 3008 rationem

369 3038 589 3111 pariter
633 3038 880 3111 imperio
912 3038 1227 3112 pollentem
1262 3039 1500 3107 habeas,
1534 3045 1711 3112 atque
1762 3041 1919 3096 vitiis
1974 3058 2041 3097 ac

371 3128 677 3185 affectibus
736 3129 1193 3200 dominantem;
1251 3147 1323 3187 ne
1382 3131 1539 3187 risus
1598 3148 1663 3187 ac
1715 3131 2040 3188 ludibrium

373 3217 624 3273 subditis
653 3218 925 3289 exsistas,
958 3219 1058 3290 qui
1090 3235 1194 3291 pro
1225 3235 1291 3274 eo
1324 3236 1390 3275 ac
1432 3220 1636 3291 praesis
1684 3225 1861 3291 atque
1892 3238 2041 3291 prte-

373 3304 570 3373 cellas,
614 3310 675 3361 te
723 3306 1051 3375 subditum,
1084 3311 1143 3362 et
1193 3307 1292 3378 qui
1324 3307 1519 3380 agaris
1551 3308 1792 3379 perinde
1823 3326 1889 3364 ac
1919 3324 2041 3364 ser-

376 3411 487 3451 vus
542 3394 777 3451 vinctus
835 3400 893 3450 et
946 3394 1199 3467 inutilis,
1258 3401 1533 3468 reputent
1584 3414 1649 3452 ac
1689 3396 2041 3470 intelligant.

384 3484 582 3541 Servus
610 3493 830 3541 vocatus
871 3500 925 3540 es
950 3484 971 3520 ⁸
994 3486 1017 3539 9
1041 3485 1196 3551 Quid
1230 3485 1332 3540 tibi
1367 3485 1650 3541 molestiae
1699 3485 1840 3542 facit
1865 3485 2043 3542 servi-

2143 2244 2241 2294 τοῦ
2300 2236 2490 2314 ἄρχειν
2552 2235 2805 2310 δύναμις,
2836 2232 3020 2292 ἔπειτα
3074 2236 3165 2291 καὶ
3214 2238 3248 2305 ἠ
3280 2233 3615 2310 παραδείσου
3675 2256 3800 2288 συν-

2146 2325 2544 2401 επεδαψιλεύθη
2579 2326 2903 2389 ἀπόλαυσις.
2938 2326 3200 2401 ’Δρχικὸν
3241 2327 3291 2381 εἴ
3345 2330 3506 2395 ζῶον,
3536 2323 3801 2399 ἄνθρωπε,

2145 2418 2236 2473 καὶ
2266 2417 2319 2471 τί
2350 2414 2629 2480 δουλεύεις
2664 2421 2783 2480 τοῖς
2828 2415 3055 2484 πάθεσις
3085 2413 3139 2469 τί
3181 2418 3405 2470 σεαυτοῦ
3462 2415 3527 2469 τὸ
3587 2415 3803 2487 ἀξίωμα

2144 2501 2535 2576 καταϐάλλεις,
2560 2505 2649 2560 καὶ
2714 2502 2913 2566 δοῦλος
2955 2503 3071 2581 γίνῃ
3115 2510 3218 2573 τῆς
3246 2505 3558 2579 ἁμαρτίαςς
3595 2500 3684 2558 διὰ
3737 2501 3792 2557 τί

2149 2595 2368 2649 σεαυτὸν
2422 2600 2602 2656 ποιεῖς
2657 2592 3016 2669 αἰχμάλωτον
3069 2593 3165 2647 τοῦ
3225 2588 3531 2662 διαϐόλους
3573 2599 3802 2667 Ἄρχων

2148 2684 2378 2743 κτίσεως
2459 2683 2889 2758 ἐχειροτονήθης
2926 2726 2940 2751 ,
2992 2680 3081 2736 καὶ
3138 2680 3439 2758 ἀπέρριψας
3499 2680 3807 2754 σεμνότητα

2147 2779 2248 2842 τῆς
2310 2774 2533 2827 σεαυτοῦ
2586 2771 2816 2850 φύσεως.
2877 2772 2963 2825 Ἐν
3035 2771 3184 2847 ἀρχῇ
3263 2790 3369 2823 τινι
3442 2770 3653 2842 τέταξαι
3709 2789 3809 2824 κο-

2151 2865 2322 2935 σμικῇ
2354 2880 2369 2930 ;
2406 2858 2515 2915 ἔστι
2549 2881 2632 2915 σοι
2664 2857 2830 2915 πλέον
2862 2857 2933 2914 δι’
2965 2859 3215 2935 όφειλῆς,
3247 2857 3310 2913 τὸ
3367 2856 3457 2912 καὶ
3507 2858 3598 2912 τὸν
3645 2856 3805 2931 λογι-

2152 2950 2289 3024 σμὸν
2339 2950 2547 3023 ὁμοίως
2597 2947 2742 3025 ἔχειν
2803 2948 3165 3025 συνάρχοντα,
3196 2946 3288 3001 καὶ
3344 2950 3645 3020 κρατοῦντα
3692 2944 3803 3000 τῶν

2151 3042 2357 3095 παθῶν·
2385 3036 2480 3093 ἵνα
2513 3040 2587 3112 μὴ
2622 3037 2800 3113 γέλως
2853 3035 2973 3108 εἷής
3016 3042 3135 3097 τοῖς
3184 3034 3541 3110 ἀρχομένοις,
3583 3035 3671 3089 καὶ
3707 3034 3805 3106 ip.-

2151 3129 2412 3205 παιγμὸς,
2463 3128 2579 3183 ἀντὶ
2629 3129 2897 3203 ἄρχοντος
2938 3126 3028 3180 καὶ
3086 3124 3471 3200 ὑπερέχοντος,
3515 3123 3804 3197 ὑποκείμε-

2150 3240 2242 3274 νον
2268 3217 2357 3273 καὶ
2388 3218 2656 3292 ἀγόμενον
2696 3214 2787 3271 ἴσα
2824 3215 2913 3270 καὶ
2949 3211 3133 3287 δούλῳ
3164 3212 3372 3288 δεσμίῳ
3424 3214 3514 3269 καὶ
3544 3213 3810 3289 ἀχρήστῳ

2149 3306 2470 3364 κατανοοῦσί
2545 3326 2640 3363 σε.
2710 3302 2917 3365 Δοῦλος
2994 3302 3285 3375 ἰκλήθης;
3335 3302 3390 3358 τί
3438 3323 3496 3358 σε
3554 3301 3719 3358 λυπεῖ
3774 3304 3811 3371 ἡ

2154 3394 2374 3453 δουλεία
2424 3401 2521 3451 τοῦ
2566 3396 2856 3468 σώματος;
2899 3390 2989 3448 διὰ
3041 3392 3097 3448 τί
3155 3393 3219 3447 οὐ
3277 3391 3420 3467 μέγα
3470 3396 3691 3469 φρονεῖς
3738 3394 3810 3463 τῇ

2155 3483 2437 3557 δεσποτεία
2472 3483 2542 3560 τῇ
2578 3482 2725 3559 παρὰ
2769 3486 2904 3538 Θεοῦ
2962 3502 3047 3536 σοι
3097 3478 3376 3554 διδομένη,
3409 3477 3492 3534 δτι
3543 3478 3811 3555 λογισμὸν

376 3576 476 3629 tus
506 3572 764 3647 corporis
784 3573 813 3628 ?
842 3537 1272 3646 Quidnimagis
1295 3573 1478 3629 altum
1504 3574 1664 3647 sapis
1686 3592 1752 3630 ac
1775 3575 2035 3648 gloriaris

2155 3537 2313 3652 ἐχλεξᾷ
2333 3537 2860 3641 δεσπότηνς
2892 3574 3053 3626 Ὅταν
3104 3537 3234 3644 ἴδῃς⁸
3257 3537 3375 3624 τὸν,
3407 3537 3671 3639 δεσπότην
3709 3537 3811 3622 σου

381 3662 684 3719 dominatu
718 3662 824 3718 tibi
853 3680 885 3717 a
906 3662 1020 3718 Deo
1052 3678 1353 3732 concesso,
1374 3664 1529 3735 quod
1562 3665 1787 3720 ratione
1818 3671 2045 3737 pertur-

379 3751 688 3808 bationum
721 3750 959 3807 domina
1000 3751 1277 3824 praeditus
1324 3752 1440 3808 es?
1486 3756 1627 3809 Cum
1678 3752 1909 3823 herum,
1947 3754 2041 3810 cui

379 3840 585 3910 servis,
646 3839 967 3912 voluptatis
1014 3857 1250 3896 servum
1318 3842 1534 3898 videris
1590 3858 1657 3898 ac
1707 3842 1929 3913 libinis,
1982 3849 2040 3900 te

376 3946 511 3986 vero
540 3930 884 4003 temperatis
937 3946 1067 3985 esse
1114 3930 1410 4003 castisque
1441 3933 1726 4001 moribus,
1778 3933 2038 4007 intelligs

375 4032 505 4074 esse
534 4020 592 4073 te
623 4033 856 4073 servum
882 4016 1073 4073 solum
1109 4018 1346 4074 nomine
1376 4024 1549 4076 tenus
1574 4045 1588 4089 ;
1618 4020 1786 4077 illum
1832 4027 2036 4078 contra

376 4103 614 4161 nomine
644 4104 883 4177 quidem
912 4104 1037 4160 heri
1071 4110 1356 4177 potestate
1386 4107 1624 4180 pollere,
1677 4109 1806 4181 ipsa
1838 4115 2031 4166 autem

373 4209 435 4249 re
457 4194 832 4249 obﬁrmatum
851 4193 961 4249 sibi
986 4194 1267 4252 ascivisse
1290 4196 1589 4252 servitutis
1604 4198 2035 4270 jugum.Quan-

373 4282 694 4354 doquidem
743 4282 899 4339 enim
939 4282 1106 4339 illum
1151 4284 1387 4356 quidem
1438 4287 1851 4343 fornicationis
1890 4292 2032 4359 puta

369 4371 581 4429 vitium
624 4373 1026 4445 mancipatum
1047 4373 1248 4442 trahit,
1284 4380 1347 4431 tu
1393 4393 1528 4433 vero
1558 4377 1805 4434 rationis
1836 4376 2029 4433 domi-

370 4465 515 4518 natu
539 4461 640 4518 illo
663 4462 931 4535 superior
945 4463 1305 4536 evasisti,qui
1320 4465 1498 4521 ﬁatut
1511 4482 1625 4523 non
1647 4465 1776 4538 ipso
1797 4466 2027 4539 pr0prie

368 4566 619 4624 vereque
649 4551 927 4609 dominus
957 4552 1062 4623 sis,
1087 4553 1185 4626 qui
1216 4554 1514 4627 voluptate
1547 4573 1614 4611 ac
1644 4555 1893 4612 libidine
1925 4571 2026 4611 su-

368 4641 565 4713 perior
593 4641 697 4709 sis,
728 4641 944 4715 illeque
975 4645 1173 4716 potius
1202 4660 1426 4716 servus,
1451 4645 1549 4717 qui
1577 4644 1712 4701 vitio
1748 4661 1782 4700 a
1809 4648 1865 4701 te
1890 4661 2025 4717 pro-

370 4730 597 4788 culcato
632 4731 984 4806 subjaceat?
1016 4732 1122 4789 Ubi
1152 4735 1354 4806 itaque
1385 4734 1619 4806 imperii
1650 4734 1740 4790 vis
1770 4750 1837 4791 ac
1868 4734 2257 4809 principatus,
2297 4735 2379 4793 ibi
2409 4736 2511 4793 Dei
2540 4735 2738 4809 imago
2784 4752 2799 4793 :
2849 4735 2952 4792 ubi
3014 4738 3213 4792 autem
3271 4732 3371 4789 Dei
3429 4730 3651 4801 imago,
3683 4726 3805 4782 illic
3898 4750 3901 4753 -

370 4824 427 4877 et
452 4820 629 4879 homo
659 4821 755 4894 qui
790 4822 862 4878 ab
891 4821 991 4880 illo
1020 4823 1310 4880 formatus
1340 4828 1451 4880 est.

2153 3662 2350 3720 δοῦλον
2408 3660 2538 3718 ὄντα
2594 3662 2697 3730 τῆς
2752 3658 2980 3731 ἡδονῆς.
3036 3658 3256 3714 σεαυτὸν
3303 3656 3361 3713 δὶ
3416 3657 3687 3732 σώφρονα,
3728 3657 3806 3731 γί-

2151 3773 2325 3808 νωσκε
2380 3751 2465 3808 ὅτι
2517 3750 2581 3806 σὺ
2633 3750 2729 3823 μὶν
2775 3749 2825 3803 εἴ
2870 3747 3068 3810 δοῦλος
3118 3747 3346 3820 ὀνόματι
3397 3746 3600 3819 μόνον’
3662 3744 3806 3801 έκεῖ-

2146 3863 2240 3906 νος
2287 3839 2344 3896 δὲ
2401 3840 2627 3913 ὀνόματι
2681 3838 2844 3912 μόνον
2877 3839 2952 3912 (a)
2984 3834 3099 3913 ἔχει
3149 3837 3250 3907 τήν
3295 3833 3630 3904 δεσποτείαν,
3665 3831 3805 3910 ἔργῳ

2148 3927 2207 3985 δὲ
2268 3924 2662 4007 βεϐαιουμένην
2722 3926 3061 3982 ἐπεσπάσατο
3116 3926 3216 3995 τήν
3274 3922 3547 3981 δουλείαν.
3606 3924 3803 3978 Ὁπότε

2144 4020 2246 4095 γὰρ
2306 4018 2509 4074 ἐκεῖνον
2572 4018 2668 4090 μὶν
2716 4016 2779 4071 τὸ
2822 4022 2925 4085 τῆς
2969 4014 3223 4091 πορνείας
3252 4014 3425 4077 πάθος
3452 4013 3621 4089 τυχὸν
3654 4010 3805 4067 ἕλκει

2144 4104 2591 4177 καταδουλῶσαν,
2653 4105 2715 4161 σὺ
2776 4103 2834 4161 δὲ
2874 4106 3076 4161 τούτου
3134 4102 3225 4160 διὰ
3252 4106 3351 4173 τήν
3382 4107 3480 4158 τοῦ
3533 4100 3805 4179 λογισμοῦ

2142 4198 2441 4273 κυριότητα
2503 4197 2963 4272 ὑπερανέστηκας,
3011 4199 3130 4257 πῶς
3186 4193 3315 4271 οὐχὶ
3373 4190 3642 4263 δεσπότης
3701 4191 3796 4265 μὶν

2140 4287 2342 4363 κυρίως
2401 4285 2521 4358 εἴης
2579 4285 2780 4356 αὐτὸς,
2832 4287 2862 4341 ὁ
2916 4292 3017 4355 τῆς
3074 4282 3281 4355 ἡδονῆς
3369 4280 3757 4360 ὑπερκείμενος

2139 4374 2344 4438 ἰκεῖνος
2386 4373 2444 4432 δὲ
2505 4374 2717 4450 μᾶλλον
2780 4371 3001 4445 δοῦλος,
3059 4375 3088 4429 ὁ
3148 4372 3506 4446 ὑποκείμενος
3559 4374 3639 4442 τῷ
3698 4369 3802 4424 ὑπὸ

2140 4470 2236 4520 σοῦ
2268 4466 2594 4540 πατουμένῳ
2622 4466 2783 4529 πάθει
2809 4483 2824 4534 ;
2855 4467 3034 4523 ’Όπου
3065 4467 3195 4540 γοῦν
3231 4464 3265 4533 ἠ
3315 4466 3413 4518 τοῦ
3472 4458 3661 4535 ἄρχειν
3714 4455 3808 4512 δό-

2135 4576 2323 4629 ναμις,
2357 4554 2471 4611 ἇκεῖ
2523 4556 2557 4626 ἠ
2617 4558 2713 4610 τοῦ
2766 4557 2901 4610 Θεοῦ
2951 4553 3143 4609 εἰκών·
3176 4554 3316 4608 ὅπου
3365 4548 3423 4606 δὲ
3464 4552 3498 4620 ἠ
3540 4552 3637 4604 τοῦ
3667 4550 3805 4603 Θεοῦ

2144 4643 2326 4717 εἰκὼν,
2354 4642 2465 4701 ἐκεῖ
2492 4644 2520 4698 ὁ
2556 4644 2643 4698 ὑπ’
2672 4642 2836 4699 αὐτοῦ
2863 4643 3245 4716 πεπλασμένος
3279 4640 3587 4716 ἄνθρωπος.

437 4911 491 4969 9.
531 4912 777 4971 Praesin."
825 4913 1087 4985 piscibus.
1143 4914 1411 4970 Primum
1471 4914 1673 4969 datum
1731 4918 1821 4971 est
1862 4913 2035 4970 nobis

2210 4917 2266 4972 9.
2320 4913 2665 4991 Ἀρχέτωσαν
2733 4918 2844 4969 τῶν
2923 4913 3155 4989 ἰχθύων.
3214 4914 3441 4983 Πρῶτον
3497 4908 3635 4981 ἡμῖν
3688 4911 3800 4962 τῶν

366 5001 681 5074 imperium
725 5019 925 5060 eorum
987 5020 1112 5076 quae
1159 5002 1361 5076 procul
1422 5007 1646 5059 semota
1701 5007 1860 5060 sunt.
1912 5004 2039 5060 Non

366 5090 535 5162 dixit,
559 5092 625 5147 Et
656 5092 898 5165 praesint
929 5091 1292 5149 animalibus
1323 5109 1454 5164 qua:
1478 5092 1658 5148 simul
1690 5094 2037 5165 educantur,

368 5181 493 5253 sed,
527 5183 798 5249 Piscibus,
837 5183 938 5254 qui
988 5181 1173 5237 vitam
1223 5182 1284 5236 in
1335 5181 1506 5253 aquis
1562 5182 1805 5255 degunt.
1840 5182 2037 5239 Primo

366 5270 547 5344 igitur
576 5272 745 5328 nobis
800 5272 860 5326 in
892 5270 1086 5343 pisces
1129 5271 1411 5325 traditum
1462 5274 1552 5327 est
1605 5271 1942 5343 imperium,
1973 5276 2040 5327 ut

364 5376 469 5432 per
497 5376 583 5430 ea,
621 5376 752 5433 quae
785 5359 1018 5430 longius
1050 5359 1257 5415 dissita
1288 5364 1430 5415 sunt
1478 5375 1544 5416 ac
1595 5360 1895 5434 aquatilia,
1928 5378 2036 5435 po-

358 5448 497 5505 tiori
536 5450 708 5521 longe
760 5447 988 5503 ratione
1047 5449 1422 5520 postmodum
1476 5449 1651 5507 etiam
1707 5468 1834 5524 qua:
1895 5456 2038 5508 sunt

363 5537 648 5595 viciniora
694 5536 1143 5609 complectatur,
1197 5539 1257 5595 id
1315 5543 1409 5596 est
1463 5541 1788 5610 terrestria,
1820 5546 1879 5599 et
1908 5558 2035 5619 qua

435 5655 457 5691 ⁷
489 5654 632 5711 Gen.
667 5671 706 5723 1,
733 5653 824 5710 26.
901 5654 926 5710 Ι
958 5653 1086 5712 Cor.
1120 5672 1221 5731 vn,
1251 5658 1343 5715 21.

438 5751 514 5826 (α)
545 5750 745 5812 Μόνον.
780 5751 913 5823 Ms.,
943 5750 1114 5829 μόνῳ.

2149 5004 2547 5079 ἀπῳκισμένων
2575 5007 2611 5075 ἡ
2654 5003 2804 5081 ἆρχή
2855 5001 3039 5071 έδόθή.
3069 5001 3186 5059 Οὐκ
3243 5002 3409 5068 εἶπεν,
3471 4997 3575 5055 Καὶ
3634 4996 3805 5071 ἀρχέ-

2146 5115 2321 5149 τωσαν
2370 5100 2479 5150 τῶν
2537 5094 2852 5171 συντρόφων
2914 5092 3093 5162 ζώων,
3144 5087 3312 5158 ἀλλὰ,
3360 5092 3476 5142 Τῶν
3545 5084 3753 5171 ἰχθύων
3790 5101 3804 5116 ο

2146 5179 2365 5258 ἔνυδρος
2411 5185 2512 5259 γὰρ
2545 5184 2722 5239 αὐτῶν
2757 5184 2791 5251 ἡ
2826 5180 3025 5237 δίαιτα.
3059 5185 3180 5236 Τῶν
3233 5176 3325 5233 οὖν
3377 5175 3587 5251 ἰχθύων
3642 5170 3803 5244 ἐδόθη

2145 5276 2281 5346 ἡμῖν
2313 5275 2347 5343 ἠ
2400 5272 2548 5349 ἁρχὴ
2607 5275 2851 5347 πρῶτον,
2877 5268 2992 5341 τίνα,
3025 5267 3119 5324 διὰ
3172 5271 3283 5323 τῶν
3341 5264 3663 5342 ποῤῥοτέρω
3714 5262 3809 5318 καὶ

2146 5358 2631 5439 ἐνόδρων,πολλῷ
2683 5358 2898 5434 μᾶλλον
2943 5357 3033 5413 καὶ
3082 5358 3151 5412 τὰ
3196 5353 3598 5428 πλησιαίστερα
3650 5351 3810 5405 ὕστε-

2146 5471 2239 5528 ρον
2286 5443 2697 5524 συμπεριλάϐῃ,
2756 5446 2929 5523 ἤγουν
2977 5448 3045 5502 τὰ
3091 5449 3322 5523 χερσαῖα
3364 5444 3451 5499 καὶ
3510 5440 3806 5528 σύντροφα.

2143 5526 2270 5604 Πῶς
2327 5537 2421 5595 οῦν
2476 5542 2584 5594 τῶν
2640 5536 2850 5613 ἲχθόων
2896 5534 3163 5613 δοκοῦμεν
3197 5533 3491 5614 ἅρχειν,οἱ
3550 5531 3628 5608 μὴ
3687 5526 3805 5586 διά-
