4154 6428
400 424 470 482 21
1411 422 1508 479 DE
1554 419 1884 479 HOMINIS
1931 420 2406 482 STRUCTURA
2453 422 2742 484 ORATIO
2788 424 2834 482 Ι.

3749 421 3828 482 92

399 572 584 628 γοντες
623 551 714 605 σὺν
765 550 987 618 αύτοῖς;
1025 547 1095 604 Ei’
1129 570 1234 604 που
1285 546 1448 625 ἔγνως
1506 549 1723 603 σεαυτὸν
1777 547 1827 601 ἐν
1883 545 2014 618 λίμν

2133 615 2139 623 _
2174 567 2290 604 una
2322 551 2625 607 nobiscum
2659 552 2840 608 vitam
2874 555 3054 622 agunt
3083 559 3135 607 et
3168 553 3514 607 educantur.
3570 553 3694 618 Qua
3724 551 3827 605 ita'

401 642 534 695 ποτὲ
587 641 975 720 καταφανέντα,
1009 634 1240 713 ἔϐλεψάς
1298 659 1356 691 τε
1405 643 1520 698 πῶς
1550 640 1584 707 ἡ
1616 637 1737 691 σκιά
1763 657 1857 689 σου
1917 636 2055 708 μόνη

400 731 574 786 πάντα
626 732 694 786 τὰ
751 728 1139 802 ἐνδιαιτώμενοι
1193 729 1362 803 ταύτῃ
1425 725 1648 802 ἰχθύδια
1714 723 2054 796 διεπτόησεν,

401 819 636 896 ἐπέγνως
689 819 748 875 ἃν
809 818 1024 880 πάντως
1076 817 1217 894 ταχὺ
1273 818 1334 872 τὸ
1385 823 1484 886 τῆς
1542 816 1741 891 ἀρχῆς.
1802 814 1898 876 Τίς
1953 815 2054 891 γὰρ

399 910 543 965 οὕτω
605 907 872 980 δεσπότης
937 907 1151 976 οἰκίας,
1217 901 1620 982 θορυϐουμένου
1696 908 1798 960 τοῦ
1865 900 2053 976 οἴειου,

396 1000 608 1075 ἀθρόως
661 998 900 1070 ἐπιστὰς,
952 997 1188 1075 ἡσυχίαν
1245 996 1486 1067 ἐποίησε,
1537 995 1626 1050 καὶ
1684 995 1857 1048 πάντα
1927 1013 2053 1064 μετ-

393 1084 583 1146 έϐαλεν
640 1091 715 1153 εἷς
771 1087 1061 1162 εὐκοσμίαν
1119 1089 1188 1159 τῇ
1231 1083 1496 1164 παρουσίδ
1549 1089 1644 1140 τοῦ
1700 1087 2048 1159 κρατοῦντος,

396 1179 470 1242 ὡς
499 1185 646 1235 πᾶσα
695 1182 729 1249 ἡ
772 1175 992 1253 ἔνυδρος
1037 1176 1228 1245 κτίσις,
1280 1175 1625 1247 έπιφάνεντος
1681 1175 1798 1235 ἑνὸς
1841 1173 2051 1247 ἀνθρώ-

393 1289 520 1338 που,
559 1263 895 1343 μεταϐάλλει
953 1267 1016 1321 τὸ
1069 1272 1302 1342 σχῆμα;
1357 1264 1552 1322 Οὐκέτι
1606 1263 1704 1332 τήν
1763 1259 2046 1334 ἐλευθέραν

393 1355 511 1433 ἔχει
566 1355 865 1433 διαγωγήν·
901 1355 962 1412 ού
1020 1354 1206 1429 τολμᾷ
1272 1354 1622 1428 ἐπινήξασθαι
1676 1358 1794 1416 τοῖς
1851 1351 2045 1413 νώτοις

388 1454 489 1517 τῆς
520 1445 795 1518 θαλάσσης
825 1445 861 1514 ἢ
891 1452 994 1515 τῆς
1025 1442 1251 1517 λίμνης.

2171 656 2281 710 que
2338 641 2562 694 ratione
2612 642 2882 696 videmur
2928 642 3192 713 piscibus
3243 641 3488 713 imperio
3553 655 3821 712 prazesse,

2171 728 2276 798 qui
2306 728 2484 782 vitam
2509 745 2642 783 cum
2667 730 2750 785 eis
2775 747 2886 785 non
2917 747 3166 802 agamus
3188 729 3286 785 ?Si
3308 730 3540 800 quando
3565 729 3819 801 teipsum

2168 816 2226 869 in
2261 814 2474 888 palude
2497 818 2964 875 animadvertisti
2981 820 3578 892 conspicuum,atque
3598 818 3818 887 vidisti,

2166 907 2668 976 quemadmodum
2701 909 2825 964 sola
2872 914 2972 965 tua
3003 910 3214 965 umbra
3246 908 3547 982 pisciculis
3591 907 3817 963 cunctis

2163 993 2222 1048 in
2254 1011 2321 1050 ea
2351 996 2699 1067 degentibus
2729 1001 3007 1053 terrorem
3039 998 3258 1069 injecit,
3287 999 3399 1053 cito
3432 1013 3671 1070 prorsus
3703 996 3814 1051 im-

2163 1084 2308 1154 perii
2354 1083 2471 1139 vim
2505 1085 2815 1158 agnovisti.
2867 1087 3007 1152 Quis
3055 1088 3209 1143 enim
3238 1088 3319 1142 ita
3365 1086 3812 1159 paterfamilias,

2161 1174 2396 1228 turbata
2426 1175 2942 1248 domo,derepente
2973 1177 3412 1243 aestans,sedata
3435 1177 3608 1232 turba
3629 1174 3809 1232 silen-

2161 1261 2310 1317 tium
2345 1263 2503 1331 fecit,
2536 1267 2862 1337 cunctaque
2889 1265 3250 1321 dominantis
3282 1265 3539 1338 potentia
3567 1265 3627 1320 in
3650 1264 3806 1320 ordi-

2157 1367 2289 1406 nem
2321 1353 2567 1426 redegit,
2599 1355 2889 1426 quomodo
2921 1354 3256 1411 natatilium
3296 1371 3478 1425 genus
3527 1369 3701 1410 omne
3729 1354 3804 1409 ad

2157 1440 2334 1498 unius
2359 1441 2616 1498 hominis
2649 1449 2976 1517 aspectum,
3009 1449 3238 1518 gestum
3272 1448 3461 1500 mutat
3489 1449 3665 1516 atque
3701 1459 3802 1516 ge-

389 1539 556 1593 nium
583 1539 611 1593 ‘1
643 1538 766 1596 Non
799 1536 1056 1608 amplius
1085 1536 1244 1607 degit
1274 1534 1494 1602 libere;
1529 1550 1635 1589 nec
1667 1549 1768 1605 per
1799 1531 1978 1587 maris
2007 1530 2241 1587 lacusve
2271 1548 2538 1587 summas
2570 1535 2757 1589 undas
2789 1535 2964 1590 audet
2996 1540 3214 1591 natare.

456 1627 542 1682 10.
579 1626 637 1681 Ὀ
665 1622 879 1700 δελφῖς,
912 1624 1040 1679 ὅταν
1070 1621 1308 1694 πλησίον
1342 1618 1625 1696 ἄνθρωπον
1659 1616 1787 1674 ὄντα
1844 1617 2032 1689 θεάση-

2211 1620 2493 1676 32910.
2568 1622 2916 1695 Delphinus,
2974 1625 3074 1680 ubi
3136 1624 3436 1680 hominem
3491 1639 3556 1680 se
3617 1637 3796 1695 prope

379 1734 489 1782 ται,
521 1713 696 1769 καίτοι
756 1713 916 1778 αὐτὸς
963 1710 1035 1766 ὣν
1089 1713 1116 1766 ὁ
1163 1710 1594 1786 βασιλικώτατος
1634 1713 1738 1764 τῶν
1796 1707 2016 1784 ἰχθύων)

2143 1710 2530 1782 conspexerit,
2558 1713 2795 1768 tametsi
2821 1713 2972 1769 inter
3003 1713 3266 1769 natatilia
3299 1729 3365 1769 ac
3397 1712 3588 1786 pisces
3612 1710 3793 1783 regali

385 1800 614 1858 αἰδεῖται
644 1801 831 1872 οἱονεὶ,
866 1801 953 1857 καὶ
981 1801 1161 1856 οὐκέτι
1197 1805 1442 1870 κινεῖται,
1477 1797 1590 1854 οὐδ’
1639 1799 1712 1860 ὡς
1758 1796 1878 1862 ἔθος
1928 1794 2030 1851 ἄλ-

383 1890 556 1950 λεται.
591 1891 790 1971 Δελφὶς
817 1896 926 1947 τῶν
956 1895 1170 1962 νηκτῶν
1204 1891 1233 1946 ὁ
1286 1888 1722 1965 βασιλικώτατος
1779 1884 2029 1941 αἰδεῖται’

383 1981 554 2044 οὕτως
584 1979 746 2052 ἐδόθη
777 1985 859 2054 τῷ
887 1981 1161 2055 ἀνθρώπῳ
1190 1982 1225 2049 ἡ
1256 1981 1390 2034 κατά
1436 1979 1541 2033 τῶν
1592 1981 1804 2049 νηκτῶν
1855 1975 2025 2052 ἀρχή.

379 2072 546 2127 ’Όταν
578 2067 636 2126 δὲ
668 2067 792 2144 ἴδῃς
824 2073 1047 2125 σεαυτοῦ
1076 2068 1168 2123 τὸν
1208 2067 1475 2142 λογισμὸν
1536 2063 1625 2121 διὰ
1683 2066 1895 2120 πάντων
1943 2062 2030 2118 δι-

381 2162 584 2229 ήκοντα
614 2160 701 2215 καὶ
726 2159 936 2214 πάντων
969 2163 1086 2221 ταῖς
1115 2159 1337 2233 τέχναις
1383 2160 1703 2232 κρατοῦντα,
1730 2159 1846 2218 πῶς
1898 2153 2027 2229 οὐχὶ

375 2254 481 2304 τῶν
513 2253 698 2321 κητῶν
729 2253 839 2306 τῶν
875 2245 1132 2324 μεγάλων
1167 2244 1392 2323 ἄρχειςς

449 2430 534 2484 11.
569 2426 726 2484 Εἶδον
777 2427 1019 2484 ἐπίνοιαν
1075 2424 1443 2500 ἀνθρωπίνην,
1495 2423 1579 2481 ὅτι
1631 2429 1879 2480 ποιοῦσιν
1932 2424 2026 2497 ἀγ-

375 2514 608 2592 κίστρων
667 2523 830 2573 τινῶν
889 2517 1252 2586 κατασκευὴν,
1287 2514 1376 2570 καὶ
1422 2514 1638 2576 τούτοις
1695 2509 2024 2569 ἐπιϐάλλον-

373 2626 460 2667 τες
493 2605 835 2681 δελεάσματα
888 2607 1174 2682 σύμμετρα
1217 2609 1298 2674 τῷ
1360 2604 1572 2680 μεγέθει
1633 2609 1742 2659 τῶν
1797 2625 2024 2659 καταπι-

373 2694 578 2751 νόντων
625 2702 838 2768 κητῶνο
874 2698 985 2752 εἶτα
1041 2701 1148 2752 τῶν
1193 2696 1371 2760 ἄκρων
1429 2693 1645 2750 ἐκείνων
1703 2698 1808 2748 τῶν
1864 2713 2023 2770 σχοι-

373 2783 528 2856 νίων,
580 2784 654 2840 ὧν
715 2785 1025 2862 ἀπήρτηται
1097 2787 1163 2840 τὰ
1231 2782 1494 2861 ἄγκιστρα
1544 2783 1680 2840 κατά
1728 2784 1790 2839 τὸ
1837 2780 2019 2858 ἕτερον

371 2874 560 2948 πέρας,
611 2874 808 2938 ἀσκοὺς
850 2875 1117 2950 πνεύματι
1178 2872 1546 2944 διατείνοντες,
1604 2873 1695 2928 καὶ
1754 2871 2022 2946 ἐκδήσανο

367 2982 454 3024 τες
497 2967 606 3019 τῶν
655 2965 831 3042 ἄκρων
871 2964 1109 3033 ἐκείνων,
1141 2964 1446 3040 μετεώρους
1505 2964 1720 3038 ἀφιᾶσιν
1778 2961 1866 3018 ἐπὶ
1921 2968 2020 3019 τοῦ

369 3051 672 3130 πελάγους.
729 3053 1048 3131 Ἐνεχθέντα
1106 3054 1281 3110 τοίνυν
1339 3054 1406 3108 τά
1480 3051 1639 3130 ἄγρια
1696 3056 1838 3125 κήτη
1899 3059 2016 3117 τοῖς

372 3139 722 3216 δελεάσμασι,
749 3145 840 3198 καὶ
870 3144 937 3199 τὰ
979 3141 1238 3219 ἄγκιστρα
1277 3139 1428 3198 ἔνδον
1477 3143 1682 3197 ἑαυτῶν
1737 3140 2019 3216 δεξάμενα,

371 3229 521 3304 σύρει
559 3232 655 3304 μὲν
682 3231 810 3293 τοὺς
843 3232 1040 3294 ἀσκοὺς
1073 3231 1148 3294 εἷς
1173 3233 1235 3286 τὸ
1271 3232 1460 3307 βάθος·
1576 3229 1634 3285 δὲ
1673 3235 1780 3286 τῶν
1839 3231 2020 3287 ἀσκῶν

367 3317 524 3393 φύσις
566 3318 852 3396 ἀνωφερὴς
901 3317 1054 3388 οὖσα,
1100 3318 1264 3375 πάλιν
1315 3317 1562 3383 ἀνθέλκει
1619 3319 1696 3381 εἷς
1749 3319 1848 3389 τὴν
1901 3318 2021 3375 ἐπι-

366 3404 604 3482 φάνειαν,
652 3407 742 3462 καὶ
802 3406 1194 3482 ἐμπεπαρμένα
1239 3411 1307 3482 τῇ
1361 3406 1472 3479 ἰδίᾳ
1525 3411 1702 3484 τροφῇ
1761 3404 1872 3462 ἄνω
1929 3407 2020 3464 καὶ

361 3495 508 3549 κάτω
545 3495 927 3570 μαιμάσσεται,
958 3496 1048 3552 καὶ
1092 3496 1331 3553 ἀλύοντα
1367 3495 1493 3559 τοὺς
1545 3496 1743 3572 βυθοὺς
1807 3494 2016 3573 διερευ-

358 3586 532 3653 νᾶται,
567 3585 780 3662 πελάγη
814 3586 1064 3661 πελαγῶν
1099 3581 1314 3660 ἀμείϐει
1339 3605 1352 3620 °
1385 3586 1473 3641 καὶ
1532 3586 1624 3640 τὸν
1683 3584 1859 3642 πολὺν
1913 3587 2014 3642 πό·-

359 3692 451 3726 νον
483 3671 754 3750 ἄπρακτον
784 3673 938 3751 ἔχον,
969 3674 1280 3730 τελευταῖον
1327 3676 1525 3753 βραχεῖ
1579 3679 1660 3749 τῷ
1713 3675 2008 3753 ἀγκίστρῳ,

357 3761 418 3814 τὸ
485 3762 623 3838 μέγα
677 3765 768 3819 καὶ
823 3762 1048 3840 ἄτρυτον
1100 3765 1289 3839 θηρίον
1342 3765 1624 3838 ἁλώσιμον
1657 3764 1877 3840 γίνεται,
1931 3771 2011 3839 τῷ

358 3848 511 3924 πόνῳ
560 3850 851 3927 δαμασθὲν,
898 3876 980 3928 τῳ
1035 3854 1188 3928 λιμῷ
1245 3855 1632 3926 καταπονηθὶν,
1676 3856 1764 3910 καὶ
1822 3857 2006 3932 νεκρὸν

361 3941 496 4012 μετά
550 3945 660 3997 τῶν
721 3943 898 3998 ἀσκῶν
958 3944 1297 4019 συρόμενον,
1361 3945 1582 4019 θήραμα
1653 3943 1856 4020 γίνεται
1928 3950 2008 4018 τῷ

358 4029 598 4105 θηρατῇ·
631 4036 712 4105 τῷ
764 4037 964 4108 μικρῷ,
996 4033 1060 4088 τὸ
1115 4033 1252 4110 μέγα
1282 4052 1295 4066 °
1330 4037 1410 4107 τῷ
1456 4033 1684 4103 ἀσθενεῖ,
1741 4035 1803 4089 τὸ
1864 4032 2004 4109 ἅμα·

353 4137 456 4192 γον
486 4120 588 4190 τὴν
616 4120 796 4197 ἴσχύν·
833 4120 921 4178 διὰ
948 4121 1037 4192 τί;
1070 4121 1154 4179 ὅτι
1190 4126 1259 4198 τῇ
1307 4127 1405 4178 τοῦ
1454 4120 1724 4198 λογισμοῦ
1782 4145 2003 4202 περιου-

352 4207 442 4280 σίᾳ
485 4206 710 4284 δύναμιν
754 4215 852 4267 τοῦ
901 4211 1088 4289 ἄρχειν
1151 4209 1334 4268 λαϐὼν
1378 4213 1406 4268 ὁ
1446 4213 1750 4288 ἄνθρωπος,
1781 4214 1856 4279 ὡς
1903 4236 2005 4271 κα-

349 4296 478 4360 κοὺς
529 4297 794 4375 δραπέτας
841 4303 978 4378 πρὸς
1033 4301 1326 4358 εὐπείθειαν
1385 4299 1501 4377 ἄγει
1531 4301 1657 4366 τοὺς
1687 4303 2003 4359 ἀπειθεστά-

346 4405 474 4449 τους
499 4406 512 4420 ·
548 4387 639 4443 καὶ
671 4388 798 4453 τοὺς
835 4392 910 4464 μὴ
964 4388 1293 4466 δυναμένους
1341 4387 1410 4447 δι’
1435 4391 1781 4466 ἡμερότητος
1831 4414 2001 4470 προσ-

2144 1799 2395 1855 maxime
2422 1799 2597 1872 pollet
2625 1801 2794 1874 genio
2828 1806 3002 1874 atque
3031 1802 3247 1873 indole,
3282 1803 3440 1858 velut
3467 1804 3702 1858 veretur
3724 1817 3790 1856 ac

2141 1888 2346 1957 timet;
2383 1907 2486 1946 nec
2520 1890 2671 1946 ultra
2703 1896 2986 1958 movetur,
3031 1909 3221 1964 neque
3275 1897 3339 1948 ut
3381 1890 3616 1958 assolet,
3650 1889 3790 1946 salit

2141 1993 2205 2031 ac
2239 1977 2541 2050 tripudiat.
2576 1980 2670 2036 Sic
2699 1981 2872 2036 datus
2905 1981 3128 2037 homini
3161 1983 3221 2039 in
3255 1999 3322 2038 ea
3347 1998 3473 2053 quas
3504 1981 3563 2035 in
3612 1977 3785 2052 aquis

2139 2067 2374 2138 degunt,
2396 2069 2758 2142 principatus
2787 2072 3046 2127 est.Cum
3080 2072 3277 2144 itaque
3310 2072 3597 2126 rationem
3619 2073 3784 2124 tuam

2137 2155 2519 2229 animumque
2549 2159 2747 2215 omnia
2769 2160 3552 2233 pervadentem,cunctisque
3573 2160 3789 2216 artium

2137 2247 2190 2301 vi
2213 2247 2616 2304 dominantem
2647 2249 2900 2320 videris;
2935 2253 3228 2322 quomodo
3277 2267 3392 2307 non
3439 2251 3615 2306 etiam
3662 2265 3785 2305 ma-

2137 2351 2387 2406 gnorum
2421 2343 2682 2394 ceterum
2711 2339 2959 2412 imperio
2992 2341 3199 2412 potiris
3220 2340 3248 2395 ?

2210 2424 2296 2480 11.
2330 2425 2459 2480 Vidi
2490 2443 2626 2499 ergo
2677 2429 2886 2484 subtile
2940 2429 3244 2485 hominum
3309 2429 3636 2496 inventum,
3687 2435 3791 2500 qui

2135 2512 2328 2570 hamis
2359 2516 2430 2570 ad
2453 2521 2611 2572 cetos
2641 2519 2956 2590 capiendos
2985 2520 3287 2590 confectis,
3321 2525 3499 2591 atque
3530 2535 3666 2575 esca
3688 2535 3794 2592 pro

2136 2603 2362 2660 ratione
2394 2607 2826 2677 magnitudinis
2857 2625 3059 2664 eorum
3083 2609 3183 2680 qui
3207 2609 3794 2682 deglutiant,adjecta

2135 2694 2387 2750 summis
2421 2695 2660 2752 funibus
2691 2697 2904 2768 quibus
2938 2698 3094 2754 hami
3127 2698 3401 2770 suspensi
3433 2702 3592 2765 sunt,
3627 2703 3789 2754 utres

2133 2797 2201 2838 ex
2232 2783 2414 2840 altera
2445 2790 2605 2856 parte
2634 2791 2804 2842 vento
2837 2786 3042 2859 plenos
3073 2788 3340 2860 alligant,
3387 2804 3605 2860 eosque
3641 2804 3788 2860 pen-

2133 2870 2270 2928 siles
2302 2890 2482 2946 super
2512 2891 2673 2932 mare
2696 2876 2945 2947 jactant.
2991 2877 3205 2933 [nvecti
3255 2878 3449 2950 itaque
3497 2879 3556 2934 in
3589 2893 3786 2934 escam

2132 2961 2236 3017 feri
2269 2963 2400 3034 ceti,
2434 2980 2620 3036 exque
2651 2981 2719 3021 ea
2749 2967 2945 3022 hausti
2975 2966 3190 3036 hamis,
3220 2971 3380 3024 utres
3430 2967 3669 3039 quidem
3719 2968 3780 3023 in

2129 3053 2488 3122 profundum
2519 3054 2806 3112 trahunt:
2839 3073 3039 3112 verum
3085 3073 3220 3114 cum
3270 3074 3336 3114 ea
3379 3062 3539 3114 utres
3589 3056 3784 3113 indole

2128 3139 2248 3198 sint
2281 3146 2344 3197 ut
2369 3158 2606 3198 sursum
2639 3145 2983 3212 tendant,ad
3015 3163 3313 3202 summam
3347 3163 3552 3203 rursus
3581 3163 3783 3219 super-

2131 3229 2322 3284 ﬁciem
2357 3230 2664 3286 retrahunt
2694 3249 2706 3287 :
2742 3234 3074 3306 conﬁxique
3128 3253 3263 3292 cum
3315 3253 3424 3292 sua
3481 3253 3615 3292 esca
3645 3236 3780 3304 ceti,

2130 3334 2232 3373 sus
2263 3319 2452 3390 deque
2485 3320 2688 3392 perciti
2723 3327 2885 3377 motu
2926 3325 3316 3394 concitantur,
3369 3325 3680 3396 doloreque
3712 3342 3779 3380 ac

2128 3411 2271 3464 astu
2307 3410 2595 3479 profunda
2620 3417 2998 3482 scrutantur;
3033 3414 3148 3470 alia
3178 3432 3246 3472 ex
3295 3415 3427 3472 aliis
3475 3419 3774 3472 mutantes

2126 3513 2357 3568 asquora
2389 3515 2402 3554 :
2437 3498 2776 3572 frustraque
2806 3509 3017 3558 conatu
3051 3521 3116 3560 ac
3147 3504 3345 3561 labore
3375 3505 3667 3578 impenso,
3704 3507 3777 3560 ad

2125 3591 2447 3644 extremum
2467 3589 2624 3645 brevi
2647 3590 2822 3647 hamo
2845 3594 3084 3664 grandis
3103 3611 3169 3650 ac
3188 3594 3565 3651 indomabilis
3590 3595 3778 3651 bestia

2122 3681 2292 3749 capta
2321 3678 2379 3732 in
2411 3693 2627 3734 manus
2657 3681 2816 3736 venit
2848 3705 2862 3750 ;
2896 3681 3096 3738 labore
3125 3683 3399 3755 edomita,
3433 3685 3586 3740 fame
3636 3700 3774 3740 con-

2119 3765 2290 3837 fecta,
2322 3770 2378 3823 et
2402 3784 2531 3838 quae
2561 3787 2678 3825 una
2708 3787 2842 3826 cum
2875 3772 3108 3828 utribus
3128 3773 3395 3830 trahatur
3419 3777 3771 3841 mortua,ve-

2119 3855 2317 3912 nantis
2347 3859 2540 3928 praeda
2585 3859 2823 3929 effecta;
2858 3861 2986 3932 ejus
3037 3863 3134 3934 qui
3168 3861 3421 3935 pusillus
3469 3862 3568 3930 sit,
3620 3879 3766 3935 prae-

2117 3961 2367 4018 magna;
2404 3948 2532 4018 ejus
2566 3949 2666 4021 qui
2697 3950 3328 4022 imbecillis,immenso
3358 3953 3564 4009 robore
3592 3953 3766 4026 vique

2116 4034 2532 4105 praedita.Quid
2564 4037 2688 4095 ita?
2719 4040 2880 4104 Quod
2912 4041 3194 4099 nimirum
3214 4043 3460 4100 rationis
3482 4048 3763 4115 praestan-

2115 4122 2195 4180 tia
2224 4128 2398 4197 atque
2425 4127 2616 4200 copia,
2648 4129 2896 4202 imperio
2932 4132 3161 4203 regendi
3195 4132 3474 4190 facultate
3503 4139 3762 4206 accepta,

2113 4216 2396 4285 tanquam
2429 4217 2724 4290 mancipia
2749 4221 3015 4292 quaedam
3051 4222 3501 4294 procacissimos
3530 4224 3602 4280 ad
3625 4223 3764 4280 obe-

2111 4307 2392 4364 dientiam
2425 4327 2528 4382 per
2557 4311 2671 4367 vim
2725 4320 2997 4384 revocat;
3033 4321 3096 4370 ut
3125 4318 3225 4389 qui
3254 4317 3494 4374 lenitate
3551 4317 3764 4374 adduci

2110 4397 2517 4468 nequiverant,
2552 4400 2592 4456 ii
2624 4403 2973 4460 necessitate
3004 4405 3283 4462 servitute
3303 4407 3762 4480 premantur.Sic

347 4481 622 4549 αχθῆναι,
679 4476 908 4541 τούτους
968 4476 1058 4534 διὰ
1105 4465 1209 4549 τῆς
1259 4465 1494 4556 ἀνάγκης
1546 4465 1998 4539 καταδουλούται.

2135 4487 2342 4559 mperii
2371 4489 2458 4545 vis
2476 4507 2509 4545 a
2528 4489 2796 4548 Creatore
2822 4493 3042 4550 homini
3070 4496 3503 4570 indita,ubique
3524 4497 3575 4554 ei
3598 4513 3761 4554 com-

345 4561 529 4629 Οὕτως
585 4571 866 4644 πανταχοῦ
925 4570 961 4638 ἡ
1007 4572 1105 4624 τοῦ
1157 4565 1344 4644 ἄρχειν
1397 4566 1624 4642 δύναμις
1680 4571 1825 4644 παρά
1902 4568 1997 4626 τοῦ

341 4652 618 4718 κτίσαντος
673 4655 1000 4734 ἐγγινομένη
1076 4661 1158 4730 τῷ
1233 4656 1502 4732 ἀνθρώπῳ
1561 4658 1816 4735 ὑπάρχει.
1878 4660 1993 4717 Ἐν-

339 4744 519 4798 τεῦθεν
553 4743 742 4822 ξιφίαι,
794 4746 884 4802 καὶ
949 4745 1181 4822 ζύγεναι,
1229 4745 1320 4801 καὶ
1365 4745 1644 4824 φάλαιναι,
1684 4747 1774 4802 καὶ
1831 4748 1992 4825 πρίο-

2107 4576 2272 4647 petit.
2307 4577 2570 4652 Hincque
2601 4582 2744 4637 adeo
2779 4583 2863 4653 fit,
2899 4589 2964 4639 ut
2992 4588 3050 4641 et
3079 4585 3291 4657 xiphize
3324 4602 3424 4643 seu
3466 4586 3670 4658 gladii,
3703 4591 3761 4643 et

2105 4671 2422 4737 zygenze,et
2450 4669 2707 4742 balaena,
2730 4676 2788 4728 et
2818 4689 3014 4744 serrie,
3037 4677 3093 4729 et
3122 4674 3285 4730 vituli
3309 4676 3542 4748 marini,
3573 4680 3628 4732 et
3657 4692 3752 4732 reo

2103 4753 2266 4828 liqua
2279 4757 2764 4818 terribiliacetoru
2777 4779 2830 4818 ω
2855 4780 3070 4836 genera
3081 4763 3307 4821 homini
3333 4765 3751 4839 subjectasint.

340 4853 448 4902 νες,
480 4831 570 4888 καὶ
605 4835 749 4910 βόες,
778 4836 866 4889 καὶ
902 4836 1076 4891 πάντα
1105 4833 1281 4890 ἐκεῖνα
1303 4835 1370 4890 τὰ
1399 4831 1606 4912 φοϐερὰ
1631 4841 1738 4892 τῶν
1769 4842 1952 4909 κητῶν
1987 4839 2230 4917 ὀνόματα
2260 4844 2552 4922 ὑποχείρια
2579 4847 2767 4926 γέγονε
2795 4831 2886 4925 τῶ
2907 4853 3193 4929 ἀνθρώπῳ.

412 4925 499 4980 12.
557 4923 900 5000 Ἀρχέτωσαν
959 4928 1066 4979 τῶν
1127 4923 1334 5002 ἰχθύων
1395 4931 1494 4996 τῆς
1549 4924 1844 4998 θαλάσσης,
1903 4927 1991 4984 καὶ

335 5015 442 5066 τῶν
478 5012 685 5086 θηρίων
737 5020 840 5083 τῆς
869 5019 997 5087 γῆς.
1032 5013 1155 5089 Ούχ
1187 5015 1314 5090 ὁρᾷς
1365 5013 1457 5069 τὸν
1511 5012 1700 5071 λέοντα
1757 5017 1848 5072 τὸν
1903 5018 1995 5094 βα-

341 5100 461 5177 ρὺν,
494 5102 586 5158 τὸν
623 5104 989 5180 βρυχητικὸν,
1031 5103 1094 5157 οὗ
1125 5104 1211 5158 καὶ
1245 5104 1306 5157 τὸ
1363 5099 1539 5178 ὄνομα
1592 5105 1865 5185 ἀφόρητον
1920 5111 1989 5183 τῇ

337 5188 495 5263 ἀκοῇ,
527 5191 618 5246 καὶ
650 5193 678 5246 ὁ
715 5193 964 5270 βρυγμὸς
996 5191 1306 5268 ὑπότρομον
1338 5199 1486 5249 ποιεῖ
1531 5196 1630 5266 τήν
1661 5203 1761 5272 γῆν
1789 5219 1803 5271 ;
1835 5197 1880 5271 ᾦ
1911 5199 1987 5274 (α)

329 5277 434 5333 τίνι
483 5278 625 5337 ἐστὶν
674 5280 847 5347 οὕτως
900 5282 1166 5360 φορητὸν,
1216 5282 1354 5338 ὥστε
1403 5283 1580 5360 ὁρμὴν
1621 5284 1786 5341 αὐτοῦ
1854 5285 1988 5342 ὑπο-

333 5372 560 5440 μεῖναι;
594 5368 761 5428 Οὐδὲν
793 5377 900 5428 τῶν
953 5369 1168 5449 ἀλόγων
1216 5373 1305 5427 καὶ
1364 5373 1633 5449 μεγίστων
1695 5375 1848 5446 ζώων
1904 5397 1989 5434 το-

331 5457 501 5533 σαύτῃ
561 5459 787 5526 πέποιθε
845 5459 1126 5536 δυνάμεως
1182 5463 1486 5536 περιουσίᾳ,
1537 5462 1675 5520 ὥστε
1731 5465 1983 5535 ἀντιστῆ-

327 5567 413 5602 ναι
464 5549 774 5624 ὁρμωμένῳ
817 5549 1019 5608 λέοντι.
1080 5548 1236 5609 Ἀλλ’
1283 5552 1437 5626 ὅμως
1482 5552 1681 5610 ἐκεῖνον
1744 5557 1871 5631 ὁρᾷς
1929 5557 1981 5612 ἓν

330 5638 512 5714 μικρῷ
573 5637 769 5716 ζώγρῳ
851 5638 1392 5718 κατακεκλεισμένον.
1450 5642 1542 5710 Τίς
1596 5645 1624 5700 ὁ
1701 5644 1981 5726 καθείρξας

388 5767 466 5839 (α)
496 5767 582 5847 ᾯ.
625 5769 816 5842 Forte,
847 5765 897 5842 ὅ,
928 5769 1152 5830 scilicet
1180 5767 1368 5847 θηρίον
1401 5772 1490 5832 vel
1521 5772 1714 5847 ὄνομα.
1745 5776 1903 5834 Eni'r.

2174 4935 2260 4990 12.
2295 4937 2362 4992 Et
2414 4941 2649 5009 praesint
2689 4943 2938 5014 piscibus
2983 4949 3181 5016 maris,
3223 4953 3276 5003 et
3332 4947 3517 5004 bestiis
3565 4949 3748 5006 terra.

2099 5025 2379 5097 Nunquid
2432 5044 2546 5083 non
2596 5047 2833 5102 gravem
2882 5031 3132 5104 leonem,
3193 5035 3518 5108 rugientem
3569 5037 3753 5096 feram

2101 5114 2418 5188 conspicis,
2451 5118 2621 5188 cujus
2651 5125 2708 5176 et
2740 5139 2952 5179 nomen
2986 5125 3193 5180 auditu
3226 5126 3620 5199 importabile,
3653 5147 3755 5185 ru-

2100 5201 2379 5276 gitusque
2410 5223 2622 5278 pavore
2651 5214 2865 5268 terram
2917 5214 3216 5270 succutit?
3248 5218 3471 5290 ecquod
3517 5219 3756 5277 tandem

2101 5296 2189 5348 est
2211 5293 2411 5365 robur,
2445 5301 2508 5352 ut
2541 5299 2669 5370 ejus
2703 5302 2993 5360 sustinere
3015 5304 3299 5376 impetum
3331 5308 3761 5380 possit?Nulla

2099 5383 2257 5438 enim
2286 5384 2596 5444 brutarum
2621 5384 3093 5463 animantium,et
3115 5412 3243 5467 quae
3264 5398 3761 5471 prmgrandimole

2097 5473 2360 5545 corporis
2393 5475 2532 5548 sint,
2557 5481 2720 5536 tanta
2749 5480 2962 5537 virium
2995 5484 3162 5556 c0pia
3194 5487 3536 5559 conﬂdit,ut
3566 5487 3761 5545 leonis

2094 5562 2383 5621 obsistere
2417 5566 2664 5639 impetui
2697 5570 2905 5642 possit.
2938 5574 3207 5630 Attamen
3240 5575 3410 5632 illum
3461 5578 3521 5633 in
3568 5592 3762 5648 parvo

2095 5650 2310 5710 vivario
2365 5655 2664 5716 inclusum
2722 5658 2907 5718 vides.
2968 5663 3249 5729 Quisnam
3328 5681 3561 5726 carcere
3609 5680 3766 5721 con-
