4154 6394
359 343 437 404 23
1293 346 1688 409 APPENDIX
1731 344 2058 408 OPERUM
2105 345 2172 405 8.
2220 342 2504 404 BASlLll
2553 341 2829 406 MAGNI.
3701 352 3777 409 24

358 474 642 529 strinxit?
683 477 819 547 quis
875 478 1150 550 exiguum
1209 494 1495 534 carcerem
1546 480 1755 550 grandi
1808 477 2006 531 bestiae

2142 473 2327 541 i516v;
2363 474 2442 534 τίς
2495 475 2523 528 6
2579 474 2642 528 16
2695 475 2886 548 μικρὸν
2964 471 3342 546 δεσμωτήριον
3403 480 3482 547 τῷ
3555 477 3778 553 μεγάλῳ

360 565 758 634 excogitavit?
805 567 940 637 quis
1000 585 1162 624 raros
1219 584 1398 623 caveaa
1460 568 1664 639 ligneas
1723 567 2015 622 cancellos

363 651 602 708 inclusaa
637 655 769 710 ferai
798 657 1098 718 exstruxit.
1133 674 1246 728 quo
1279 659 1615 728 respiraret,
1651 673 1721 710 ne
1762 657 2016 726 suoipsa

367 743 630 797 anhelitu
655 744 1060 814 suifocaretur,
1100 748 1196 800 sed
1233 748 1410 802 libere
1459 746 1717 800 animam
1760 747 2016 812 duceret,

367 847 688 902 securaque
716 834 956 904 ageret?
986 836 1120 904 quis
1149 838 1171 888 P
1198 834 1476 905 Nunquid
1522 851 1633 888 non
1687 834 1884 901 homo,
1916 834 2017 904 qui

367 919 688 976 bestiarum
722 923 1075 978 saevissimas
1106 924 1219 978 sibi
1253 923 1460 978 ludum
1494 923 1672 978 facit?

445 1099 529 1153 13.
561 1100 840 1171 Nunquid
871 1117 985 1156 non
1020 1101 1338 1172 pantheras
1379 1101 1765 1170 deludil,cum
1797 1101 2020 1169 charta,

369 1189 429 1244 in
471 1187 730 1244 hominis
748 1190 1003 1261 effigiem
1030 1192 1222 1246 efﬁcta
1253 1207 1284 1246 e
1305 1191 1593 1264 superiori
1620 1191 1744 1246 loco
1771 1191 2018 1260 objecta,

367 1277 628 1332 chartam
662 1278 949 1347 panthera
980 1279 1279 1350 discerpit,
1315 1286 1489 1351 atque
1520 1280 1694 1334 homo
1736 1280 1887 1333 infra
1917 1295 2022 1350 po-

368 1366 539 1435 situs,
570 1365 777 1420 bestias
805 1367 1163 1422 dementiam
1197 1386 1378 1439 prono
1409 1373 1530 1423 risu
1579 1369 1840 1440 excipit?
1863 1373 2022 1422 Nun-

369 1454 510 1525 quid
535 1470 650 1508 non
682 1454 858 1509 homo
885 1455 1127 1510 rationis
1151 1457 1316 1528 copia
1337 1458 1564 1512 cunctis
1586 1457 1854 1528 superior
1874 1455 2023 1512 exsi-

371 1540 515 1596 stit?
543 1542 803 1605 Quonam
839 1543 894 1595 id
930 1545 1102 1600 modo
1134 1547 1156 1598 P
1185 1545 1385 1600 Dicam
1431 1546 1536 1600 tibi
1568 1547 1638 1601 de
1685 1546 2026 1600 volucribus

375 1631 534 1685 haud
568 1631 805 1700 quidem
835 1631 894 1686 in
942 1649 1075 1687 aera
1121 1651 1361 1705 corpore
1409 1635 1801 1690 conscendere
1831 1633 2025 1688 homi-

379 1735 516 1774 nem
551 1735 564 1774 :
599 1735 737 1774 nam
769 1737 958 1792 neque
990 1722 1098 1778 alis
1127 1726 1402 1794 praeditus
1425 1729 1550 1779 est:
1586 1725 1800 1778 mentis
1830 1730 2024 1777 tamen

2128 563 2250 634 ζώῳ
2281 562 2725 632 έπινοήσας;τίς
2779 564 2806 616 6
2862 567 2932 635 τῇ
2992 563 3275 637 ἀραιότητι
3329 569 3437 618 τῶν
3489 568 3778 638 στημόνων

2126 650 2342 705 έκείνων
2391 657 2496 706 τῶν
2547 651 2775 720 ξυλίνων
2824 653 2920 719 τήν
2955 652 3226 720 ἀναπνοὴν
3259 657 3336 723 τῷ
3391 653 3777 728 ἐγκεκλεισμέ-

2124 762 2202 812 νῳ
2234 743 2311 814 (α)
2344 740 2521 815 θηρίῳ
2552 741 2974 814 παρασκευάσας,
3009 741 3082 804 ὡς
3117 742 3192 812 μὴ
3224 743 3515 812 ἀποπνῖξαι
3544 743 3673 798 αὐτὸ
3703 749 3780 815 τῷ

2127 827 2252 901 ίδίῳ
2310 830 2565 901 ἄσθματι,
2600 828 2744 883 ἀλλὰ
2800 830 2888 883 καὶ
2949 830 3214 898 ἀναπνοήν
3272 830 3576 906 έλευθέριον
3631 833 3777 904 αὐτῷ

2129 915 2278 987 δοὺς,
2311 918 2399 972 καὶ
2456 921 2555 987 τήν
2606 917 2898 994 ἀσφάλειαν
2953 917 3413 992 διοικησάμενος;
3459 922 3586 987 Τίςς
3651 921 3778 997 οὐχὶ

2130 1007 2414 1080 ἄνθρωπος
2436 1008 2659 1081 παίγνια
2679 1013 2917 1062 ποιεῖται
2934 1013 3040 1062 τῶν
3059 1009 3266 1082 θηρίων
3284 1009 3349 1062 τὰ
3371 1007 3739 1084 χαλεπώτατα
3767 1030 3780 1079 ;

2204 1101 2288 1154 13.
2345 1096 2459 1153 Οὐκ
2506 1096 2795 1165 ἀποπαίζει
2851 1102 2958 1152 τῶν
3019 1095 3366 1172 παρδάλεων,
3425 1099 3549 1152 ὅταν
3617 1101 3778 1171 ὑπερ-

2129 1187 2276 1259 τείνῃ
2305 1186 2514 1261 χάρτην
2548 1185 2626 1248 εἷς
2658 1188 2940 1260 ἄνθρωπον
2971 1185 3470 1262 ἐσχηματισμένον
3496 1189 3585 1242 καὶ
3611 1191 3643 1257 ἡ
3684 1191 3778 1260 μὲν

2129 1275 2220 1328 τὸν
2272 1276 2484 1349 χάρτην
2538 1272 2848 1348 ἐσπάραξεν,
2900 1275 2928 1329 6
2980 1273 3036 1328 δὲ
3082 1273 3364 1348 ἄνθρωπος
3416 1277 3564 1329 κάτω
3606 1277 3787 1349 κείμε-

2131 1384 2222 1426 νος
2252 1367 2350 1427 τῆς
2380 1362 2563 1425 ἀνοίας
2612 1367 2707 1416 105
2753 1363 2946 1438 θηρίου
2995 1363 3384 1437 κατεγέλασεν,
3425 1365 3502 1421 Οὖ
3563 1386 3782 1439 περιου-

2134 1471 2223 1522 σιᾳ
2260 1457 2360 1506 105
2393 1450 2660 1526 λογισμοῦ
2690 1453 2904 1506 πάντων
2949 1458 3136 1523 κρατεῖ
3182 1454 3209 1506 6
3262 1452 3548 1527 ἅνθρωπος
3583 1473 3597 1520 ;
3629 1459 3784 1521 πὼς;

2133 1538 2288 1596 Εἴπω
2338 1561 2422 1594 σοι
2476 1541 2595 1613 περὶ
2651 1546 2758 1594 τῶν
2815 1542 3152 1614 πετομένων,
3213 1543 3296 1596 δτι
3356 1542 3453 1596 οὐκ
3510 1538 3783 1596 ἀναϐαίνει

2139 1631 2233 1703 μὶν
2267 1632 2294 1685 ὁ
2327 1629 2608 1702 ἄνθρωπος
2669 1629 2744 1692 εἷς
2801 1631 2893 1687 τὸν
2955 1629 3083 1704 ἀέρα
3127 1631 3360 1702 σώματιο
3396 1633 3458 1686 οὐ
3512 1633 3612 1706 γὰρ
3668 1629 3784 1705 ἔχει

2135 1718 2811 1793 πτεράοσυμπαρίπταται
2871 1716 2928 1773 δὲ
2973 1725 3088 1780 τοῖς
3134 1725 3362 1789 πτηνοῖς
3419 1724 3486 1793 τῇ
3543 1723 3640 1774 105
3693 1723 3786 1774 νοῦ

379 1808 661 1879 potentia,
693 1825 809 1864 una
839 1827 975 1865 cum
1005 1812 1090 1867 eis
1120 1812 1378 1867 volatum
1411 1814 1730 1868 contendit.
1762 1811 1916 1866 Nihil
1940 1816 2028 1865 est

2142 1804 2380 1880 δυνάμει.
2413 1804 2584 1863 Οὐδὲν
2618 1807 2836 1881 κατέχει
2869 1806 2960 1860 τὸν
2992 1811 3092 1862 τοῦ
3143 1806 3432 1879 ἀνθρώπου
3482 1806 3752 1881 λογισμόν
3773 1826 3784 1839 ·

381 1897 537 1968 quod
571 1896 827 1953 hominis
859 1901 1142 1955 rationem
1180 1902 1564 1972 animumque
1595 1901 2025 1964 detineat.Qua3

381 1986 439 2041 in
473 1985 761 2058 profundo
792 1993 952 2055 sunt,
983 1990 1268 2058 rimatur;
1302 2007 1428 2061 quai
1459 2007 1637 2062 super
1660 1996 1897 2055 terram,
1929 2003 2029 2045 ve-

382 2079 523 2130 natu
556 2075 710 2129 330
741 2076 938 2148 capit;
973 2095 1100 2148 quae
1137 2078 1195 2132 in
1229 2094 1384 2145 aere,
1428 2079 1770 2152 pernicitate
1819 2079 2025 2149 majori

381 2164 712 2231 antevertit,
745 2165 1122 2238 detractaque
1151 2167 1274 2224 solo
1304 2168 1555 2224 devehit.

453 2251 758 2307 MNidisti
791 2252 1107 2325 aliquando
1139 2256 1198 2310 in
1231 2273 1465 2313 summo
1498 2257 1723 2312 arboris
1752 2274 1914 2312 ramo
1938 2257 2030 2312 in-
2070 2324 2082 2335 _

373 2340 667 2396 sidentem
691 2344 1228 2413 volucrem,subtus
1250 2347 1308 2400 in
1341 2351 1495 2401 terra
1513 2352 1815 2402 versantes
1837 2346 2026 2402 homi-

378 2445 482 2484 nes
510 2429 870 2486 deridentem
901 2450 914 2500 ;
949 2438 1014 2488 ut
1054 2450 1180 2504 quae
1231 2435 1457 2491 alarum
1492 2436 1638 2490 freta
1687 2437 2028 2508 pernicitate

378 2519 497 2573 sit?
527 2519 739 2575 Videas
772 2521 1160 2578 nihilominus
1196 2525 1288 2580 hic
1320 2541 1553 2597 quoque
1587 2526 1738 2580 hanc
1768 2545 1798 2580 ιι
1849 2542 2027 2598 puero

378 2607 517 2662 ludo
549 2608 698 2678 capi.
731 2609 998 2666 Calamos
1018 2613 1176 2668 enim
1200 2614 1444 2668 calamis
1475 2615 2033 2685 subjicit,summos«

382 2712 497 2767 que
527 2711 592 2752 eo
623 2698 782 2754 visco
810 2699 1022 2755 illinit:
1054 2717 1119 2755 ac
1151 2706 1276 2756 tum
1311 2720 1412 2774 per
1443 2721 1640 2759 ramos
1671 2720 1737 2758 ac
1769 2704 1906 2759 folia
1950 2705 2031 2759 ita

386 2785 585 2841 furtim
619 2787 880 2858 disponit
909 2805 973 2843 ac
1007 2791 1176 2857 locat,
1213 2797 1277 2846 ut
1306 2793 1528 2847 viscum
1563 2810 1676 2848 non
1728 2800 2030 2865 appareat,

384 2889 797 2946 vagumqueac
810 2877 1122 2934 sublimem
1144 2879 1400 2936 volucris
1416 2881 1576 2936 fallat
1593 2883 1884 2937 obtutum.
1900 2883 2027 2937 Levi

389 2967 606 3018 attactu
640 2980 742 3036 per
782 2982 917 3021 aera
972 2967 1262 3024 volantem
1311 2971 1599 3025 aviculam
1651 2972 1870 3026 tenuit:
1905 2989 2032 3041 quae

390 3067 491 3122 per
522 3051 737 3108 (ethera
769 3055 1011 3124 feratur,
1043 3055 1336 3112 volucrem
1369 3059 1526 3113 visco
1559 3059 1833 3114 devinxit.
1886 3065 2028 3114 Nam

385 3141 546 3195 humi
580 3140 1206 3213 quidemjacethomo;
1232 3145 1399 3201 humi
1421 3164 1554 3202 vero
1586 3150 1713 3217 ejus
1737 3159 1792 3203 et
1816 3167 2028 3204 manus

382 3233 436 3284 et
469 3230 685 3301 pedes;
717 3232 847 3302 ejus
879 3233 1172 3290 enimvero
1214 3252 1379 3291 mens
1423 3242 1598 3307 atque
1648 3239 1881 3293 animus
1912 3255 2029 3293 una
2059 3215 2101 3280 (ἶ

381 3333 516 3374 cum
545 3317 881 3375 volucribus
911 3321 970 3376 in
1001 3323 1256 3378 sublime
1287 3327 1572 3396 ascendit,
1602 3343 1669 3381 ac
1700 3343 1818 3397 qua
1852 3327 2030 3398 pollet

379 3407 526 3462 artis
557 3407 1086 3480 lndustria,pervia
1108 3411 1192 3466 illi
1221 3413 1369 3468 fiunt
1389 3413 1644 3470 caelestia
1676 3420 1732 3470 et
1763 3432 1891 3488 quas
1917 3418 2026 3471 sub

376 3511 553 3550 manu
585 3497 824 3551 veniant
853 3514 919 3552 ac
948 3500 1276 3570 capiantur,
1309 3518 1438 3572 quae
1456 3508 1595 3558 sunt
1624 3503 1735 3560 alis
1767 3505 2024 3575 praedita.

377 3583 528 3638 Tum
546 3585 702 3640 enim
734 3585 881 3640 retia
908 3588 1232 3644 tenduntur
1260 3591 1747 3656 volucribus.tum
1781 3595 2025 3665 sagitta-

373 3671 447 3727 rii
481 3671 745 3730 volantes
777 3682 1195 3747 assequuntur,
1231 3695 1297 3733 ac
1327 3696 1458 3750 quas
1496 3687 1636 3736 sunt
1676 3682 2022 3754 gulosiores,

379 3776 646 3817 escarum
679 3763 952 3819 illecebra
983 3767 1187 3836 praadzs
1218 3769 1456 3824 cedunt.

452 3850 539 3904 15.
572 3854 727 3906 Num
759 3857 816 3908 et
839 3852 1098 3923 aquilam
1131 3872 1436 3928 nunquam
1467 3859 1662 3914 vidisti
1696 3861 2024 3916 vehementi

379 3937 605 4011 impetu
636 3941 1128 4014 praedasillapsam
1157 3945 1342 4017 plagis
1366 3947 1530 4002 humi
1552 3949 1855 4005 confestim
1882 3952 2026 4005 irre-

380 4027 478 4082 tiri
504 4027 532 4082 ?
562 4035 643 4084 Ac
673 4045 804 4100 qum
833 4031 1026 4086 volatu
1061 4032 1176 4089 alta
1206 4038 1457 4106 petebat,
1485 4036 1740 4094 hominis
1771 4044 1898 4094 astu
1924 4040 2024 4094 ob-

371 4117 532 4187 jecta
561 4133 714 4188 esca,
748 4118 806 4173 in
841 4123 1055 4175 terram
1089 4123 1423 4179 detruditur
1443 4141 1509 4180 ac
1541 4130 1788 4181 tenetus.
1817 4127 2026 4182 Omnia

378 4205 594 4278 quippe
623 4207 732 4262 sub
763 4207 1211 4266 hominismanu
1236 4228 1269 4266 a
1300 4212 1416 4268 Deo
1440 4214 1630 4285 posita
1655 4216 1889 4270 sunt.Et
1911 4217 2025 4270 im-

376 4295 556 4366 plevit
576 4296 859 4360 orbem,et
891 4298 1184 4354 hominem
1212 4301 1573 4374 principatus
1595 4308 1886 4375 expertem
1911 4321 2026 4359 non

377 4383 532 4438 fecit.
566 4383 647 4438 Ne
677 4385 894 4440 dixeris
926 4403 944 4440 :
977 4388 1111 4452 Quae
1139 4389 1198 4444 in
1227 4406 1359 4445 aere
1393 4392 1679 4459 feruntur,
1732 4395 2026 4463 quomodo

378 4488 510 4527 mea
537 4475 722 4527 sunt?
750 4472 896 4530 Nam
925 4480 983 4531 et
1013 4476 1115 4532 illa
1145 4478 1391 4534 rationis
1414 4497 1521 4552 ope
1544 4480 1649 4535 tibi
1672 4482 1939 4551 subjecta
1962 4498 2027 4537 ac

377 4560 628 4616 obnoxia
655 4562 822 4618 fiunt.

451 4649 540 4705 16.
575 4650 637 4705 Et
663 4653 969 4722 reptilibus,
1003 4670 1130 4726 qua?
1157 4661 1376 4728 reptant
1404 4673 1570 4728 super
1595 4661 1821 4714 terram.
1854 4659 2031 4716 Vides

381 4739 481 4794 ubi
523 4739 701 4795 situm
730 4742 824 4812 sit,
859 4744 1013 4814 quod
1046 4746 1114 4799 ad
1148 4745 1248 4800 Dei
1272 4747 1591 4817 imaginem
1623 4749 1895 4805 conditus
1923 4751 2033 4805 es?

380 4829 442 4884 In
475 4845 542 4885 eo
566 4829 845 4886 nimirum
879 4834 1032 4904 quod
1062 4835 1388 4906 principatu
1425 4835 1823 4907 polles,inque
1847 4837 2029 4893 animi

379 4923 544 4991 parte
574 4919 938 4993 intelligente
969 4939 1035 4977 ac
1058 4927 1257 4978 utente
1288 4925 1604 4990 ratione,Et
1629 4927 1759 4996 fecit
1782 4927 1918 4982 Deus
1940 4928 2031 4982 ho-

377 5008 758 5075 minem.Quid
782 5009 962 5079 igitur
981 5015 1073 5065 est
1094 5011 1315 5067 homo?
1341 5014 1418 5067 Ex
1452 5013 1520 5069 iis
1547 5031 1674 5085 qua:
1696 5014 2032 5085 legimus,et

377 5111 446 5152 ex
477 5097 550 5152 iis
581 5115 708 5169 quae
737 5098 1094 5161 audivimus.
1123 5100 1423 5156 hominem
1467 5103 1840 5160 definiemus.
1873 5105 2027 5160 Nihil

374 5186 662 5259 enimjam
679 5203 826 5259 opus
844 5193 934 5244 est
950 5192 1014 5242 ut
1030 5188 1252 5244 alienas
1274 5191 1644 5248 definitiones
1665 5198 2028 5264 mutuemur,

373 5290 560 5345 neque
593 5279 656 5330 ut
685 5277 1008 5331 abexterna
1036 5279 1292 5334 vanitate
1319 5279 1573 5351 petitain
1593 5282 1858 5338 veritatis
1873 5283 2027 5355 cogi-

370 5368 558 5419 tatum
593 5381 952 5434 sensumque
981 5365 1357 5424 inducamus.
1392 5370 1572 5426 Home
1614 5375 1701 5426 est
1731 5388 1879 5442 opus
1903 5372 2024 5433 Dei,

374 5454 601 5509 ratione
623 5454 1037 5525 praeditum,ad
1073 5458 1667 5531 creantisimaginem
1702 5461 2026 5517 conditum.

2136 1899 2201 1951 τὰ
2253 1897 2306 1951 έν
2362 1897 2507 1972 βυθῴ
2563 1894 2919 1970 διερευνᾶται,
2961 1897 3028 1950 τὰ
3087 1895 3218 1971 ὑπέρ
3267 1904 3368 1971 γῆς
3440 1904 3693 1971 θηρᾶται,
3721 1896 3789 1952 τὰ

2139 1985 2190 2040 έν
2221 1991 2300 2058 τῷ
2329 1985 2443 2059 ἀέρι
2474 1980 3011 2062 προκαταλαμϐάνει,
3045 1985 3133 2040 καὶ
3166 1985 3242 2047 εἷς
3272 1992 3374 2062 γῆν
3419 1984 3787 2056 κατασπάσας,

2137 2075 2485 2148 ἀποκομίζει.

2213 2257 2299 2311 14.
2357 2252 2510 2316 Εῗδὲς
2587 2275 2718 2308 ποτε
2796 2253 2877 2309 ἐπ’
2938 2253 3104 2328 ἄκρου
3161 2251 3367 2308 κλάδου
3424 2255 3787 2326 καθεζόμενον

2139 2340 2322 2417 ὄρνεον
2352 2342 2666 2418 καταγελῶν
2696 2348 2805 2397 τῶν
2827 2343 2974 2397 κάτω
3005 2342 3129 2417 περὶ
3176 2345 3277 2410 τήν
3332 2351 3432 2418 γῆν
3494 2347 3789 2420 στρεφομέ-

2138 2455 2245 2486 νων
2277 2434 2601 2507 ἀνθρώπων,
2635 2432 2687 2486 ἐν
2718 2437 2796 2502 τῷ
2853 2431 3163 2494 πεποιθέναι
3221 2436 3289 2504 τῇ
3347 2433 3645 2506 κουφότητι
3694 2437 3790 2486 105

2138 2526 2376 2594 1115905;
2434 2521 2594 2578 Ἀλλ’
2653 2521 2805 2594 ὅμως
2866 2519 3005 2575 ἔστιν
3076 2523 3241 2574 πάλιν
3315 2522 3583 2583 κάνταῦθα
3654 2519 3788 2575 ίδεῖν

2140 2608 2307 2664 παῖδα
2335 2609 2766 2686 ἀδολεσχοῦντα,
2797 2609 3080 2682 καλάμους
3110 2608 3381 2680 καλάμοις
3441 2604 3787 2663 ὑποϐάλλον-

2139 2719 2225 2766 τα,
2259 2700 2349 2753 καὶ
2380 2700 2515 2754 κατὰ
2546 2704 2650 2753 τῶν
2682 2700 2858 2772 ἄκρων
2908 2704 3014 2752 τῶν
3057 2697 3319 2771 καλάμων
3381 2699 3488 2770 ἰξὸν
3547 2718 3789 2771 προσαρ-

2141 2790 2397 2858 τήσαντα·
2433 2788 2544 2841 εἶτα
2575 2787 2948 2850 λανθανόντως
2977 2785 3065 2841 διὰ.
3110 2792 3217 2841 τῶν
3265 2783 3482 2841 κλάδων
3535 2787 3624 2839 καὶ
3681 2791 3787 2840 τῶν

2143 2876 2367 2955 φύλλων
2401 2876 2676 2947 κλέψανσα
2705 2881 2800 2931 τοῦ
2833 2877 2945 2947 ίξοῦ
3002 2878 3100 2943 τήν
3161 2876 3486 2948 παρουσίαν,
3517 2877 3606 2928 καί
3662 2875 3791 2928 ἀπο-

2149 2965 2608 3041 μετεωριζόμενον
2659 2965 2722 3019 τὸ
2783 2964 2937 3036 ὄμμα
2993 2969 3092 3018 105
3153 2962 3355 3039 ὀρνέου.
3389 2968 3571 3036 Μικρᾷ
3618 2983 3791 3036 προσ-

2145 3055 2335 3128 ψαύσει
2396 3054 2657 3130 ἐκράτησε
2705 3055 2767 3108 τὸ
2798 3055 3153 3128 ἀεροπορουν·
3186 3054 3248 3106 τὸ
3299 3050 3387 3106 διὰ
3439 3057 3536 3106 τοῦ
3576 3052 3790 3123 αἰθέρος

2145 3145 2439 3220 φερόμενον
2469 3144 2695 3213 πτηνὸν,
2731 3141 2950 3215 δέσμιον
2988 3142 3082 3214 ἰξῷ
3113 3139 3308 3216 ἤγαγε.
3345 3142 3502 3197 Κάτω
3536 3141 3632 3213 μέν
3684 3142 3787 3214 γὰρ

2139 3241 2311 3289 κεῖται
2347 3235 2374 3288 6
2406 3236 2714 3305 ἅνθρωπος,
2748 3233 2896 3286 κάτω
2928 3229 2985 3287 δὶ
3013 3233 3104 3286 καὶ
3145 3232 3222 3286 τὼ
3267 3237 3423 3306 χεῖρε
3478 3230 3642 3284 αὐτοῦ
3700 3231 3789 3282 καὶ

2137 3325 2214 3377 τὼ
2271 3321 2434 3377 πόδε·
2499 3322 2622 3378 ἀλλ’
2669 3326 2704 3389 ἡ
2761 3318 2974 3376 διάνοια
3029 3321 3225 3375 τούτου
3287 3315 3656 3374 συναναϐαίνει
3713 3317 3790 3378 εἷς

2138 3410 2272 3484 ὕψος
2298 3417 2416 3473 τοῖς
2447 3415 2696 3480 πτηνοῖς,
2727 3409 2815 3462 καὶ
2850 3407 2938 3462 διὰ
2965 3415 3065 3474 τῆς
3109 3407 3312 3482 τέχνης
3369 3406 3557 3482 ἐφικτά
3611 3405 3791 3476 τούτῳ

2137 3500 2340 3575 γίνεται
2387 3502 2454 3555 τὰ
2502 3499 2742 3572 οὐράνια,
2784 3497 2873 3550 καὶ
2915 3496 2981 3550 τὰ
3023 3497 3293 3569 πτερωτὰ,
3344 3492 3554 3552 ἁλωτά.
3597 3494 3789 3548 Δίκτυά

2134 3612 2192 3646 τε
2220 3589 2559 3666 γὰρῖσταται
2606 3594 2723 3651 τοῖς
2769 3592 3018 3658 πτηνοῖς,
3049 3585 3140 3640 καὶ
3191 3584 3406 3655 τοξόται
3461 3590 3566 3639 τῶν
3627 3604 3786 3638 πετο-

2141 3680 2312 3753 μένων
2362 3678 2881 3754 καταστοχάζονται,
2940 3675 3030 3730 καὶ
3089 3672 3412 3746 δελεάσμασι
3478 3673 3780 3747 βρωμάτιον

2136 3775 2410 3844 θηρῶνται
2438 3769 2504 3822 τὰ
2534 3766 2963 3841 λαιμαργότερα.

2209 3861 2295 3915 45.
2331 3856 2445 3913 Οὐκ
2499 3852 2634 3917 εἶδές
2691 3874 2823 3909 ποτε
2878 3853 2969 3908 καὶ
3019 3853 3172 3907 ἀετὸν
3219 3846 3440 3925 λάϐρως
3474 3851 3567 3923 μὶν
3623 3852 3785 3922 έμπε-

2137 3942 2298 4000 σὸντα
2326 3951 2404 4018 τῷ
2433 3945 2729 4021 θηράματι,
2759 3943 2930 4017 τάχος
2965 3939 3021 3996 δὲ
3051 3943 3412 4016 περιπαρέντα
3466 3945 3586 4002 ταῖς
3636 3940 3784 3993 κάτω

2135 4026 2372 4111 πάγαις;
2406 4034 2595 4096 Οὕτως
2622 4034 2684 4087 τὸ
2717 4031 2925 4106 ὑψηλὸν
2968 4033 3114 4086 κάτω
3161 4034 3364 4106 γίνεται
3414 4033 3532 4090 τοῖς
3581 4028 3786 4102 ἀνθρω-

2135 4124 2313 4185 πίνοις
2347 4120 2703 4195 δελεάσμασιν
2736 4119 3118 4184 καθελκυσθέν.
3151 4121 3329 4174 Πάντα
3371 4119 3472 4192 γὰρ
3528 4117 3630 4171 ὑπὸ
3684 4118 3785 4182 τὴν

2137 4218 2298 4289 χεῖρα
2344 4209 2513 4286 ἤγαγε
2569 4214 2666 4265 105
2721 4209 3008 4285 ἀνθρώπου
3043 4226 3056 4240 ο
3106 4208 3193 4262 καὶ
3251 4207 3350 4275 τὴν
3399 4205 3570 4261 κτίσιν
3620 4203 3786 4273 έκλή-

2139 4321 2300 4377 ρωσε,
2331 4301 2419 4355 καὶ
2448 4301 2541 4355 τὸν
2573 4297 2856 4374 ἄνθρωπον
2891 4295 3120 4373 ἄμοιρον
3167 4299 3267 4360 τῆς
3321 4292 3631 4355 δεσποτείας
3687 4293 3786 4347 οὐκ

2139 4390 2379 4460 έποίησε.
2427 4389 2521 4456 Μὴ
2564 4386 2770 4450 εἷ’ποις’
2803 4388 2882 4445 Τὰ
2929 4386 2981 4441 ἐν
3026 4391 3104 4457 τῷ
3142 4385 3256 4461 ἀέρι
3317 4384 3610 4459 φερόμενα,
3665 4386 3784 4442 πῶς

2137 4481 2260 4553 ἐμοὶ
2315 4477 2592 4556 διαφέρει;
2642 4478 2754 4533 έπεὶ
2811 4476 3030 4533 κάκεῖνα
3089 4474 3179 4531 διὰ
3227 4479 3325 4530 105
3384 4472 3654 4550 λογισμοῦ
3700 4492 3782 4526 σοι

2057 4582 2104 4646 [)
2142 4570 2436 4644 ὑποχείρια
2464 4568 2687 4643 γίνεται.

2213 4663 2300 4716 16.
2351 4658 2455 4713 Καὶ
2511 4658 2618 4712 τῶν
2697 4658 2932 4731 έρπετῶν
3018 4659 3124 4708 τῶν
3210 4654 3484 4727 ἑρπόντων
3541 4650 3628 4707 έπὶ
3685 4657 3785 4719 τῆς

2138 4755 2258 4823 γῆς.
2318 4749 2477 4823 Ὁρᾷς
2561 4750 2668 4800 ποῦ
2743 4743 2889 4820 ἔχεις
2943 4744 3008 4800 16
3061 4746 3175 4798 κατ’
3231 4741 3412 4798 εἰκόνα
3466 4744 3786 4817 γεγενῆσθαι

2139 4839 2310 4905 Θεοῦ;
2343 4836 2479 4891 κατὰ
2507 4835 2569 4890 16
2597 4834 2825 4910 ἀρχικὸν
2885 4830 3127 4904 δηλαδὴ,
3181 4831 3271 4887 καὶ
3328 4831 3393 4886 τὸ
3447 4837 3548 4899 τῆς
3603 4829 3791 4903 ψυχῆς

2139 4925 2324 5001 νοερόν
2380 4946 2439 4980 τε
2496 4925 2586 4979 καὶ
2647 4925 2889 4999 λογικόν.
2949 4923 3045 4976 Καὶ
3105 4921 3352 4986 ἐποίησεν
3419 4921 3448 4974 6
3504 4919 3635 4980 Θεὸς
3696 4919 3787 4970 τὸν

2139 5013 2444 5088 ἄνθρωπον.
2495 5014 2559 5069 Τί
2621 5012 2711 5067 οὖν
2768 5012 2909 5066 έστιν
2966 5007 3269 5082 ἄνθρωπος,
3329 5009 3379 5078 έξ
3429 5009 3502 5061 ὧν
3554 5007 3788 5082 ἀνέγνω-

2143 5125 2256 5175 μεν,
2288 5103 2377 5158 καὶ
2436 5103 2485 5175 ἐξ
2548 5103 2621 5155 ὧν
2672 5100 3006 5172 ἠκούσαμεν,
3069 5099 3383 5173 ὁρισόμεθα.
3437 5096 3631 5154 Οὐκέτι
3687 5095 3788 5169 γὰρ

2136 5192 2298 5269 χρεία
2329 5190 2655 5260 δανείζεσθαι
2686 5191 2847 5264 ὅρους
2893 5187 3239 5262 ἀλλοτρίους,
3273 5184 3399 5241 οὐδὲ
3454 5187 3520 5240 τὰ
3576 5183 3637 5238 ἐκ
3688 5190 3788 5251 τῆς

2144 5283 2509 5356 ματαιότητος
2561 5279 2865 5353 ἐπεισάγειν
2917 5282 2996 5349 τῷ
3049 5275 3302 5350 λογισμῷ
3351 5282 3451 5344 τῆς
3504 5271 3786 5343 ἀληθείας.

2139 5370 2456 5444 Ἄνθρωπός
2516 5369 2656 5424 έστιν
2716 5367 2932 5439 ποίημα
2990 5370 3124 5422 Θεοῦ
3174 5364 3420 5440 λογικὸν,
3459 5364 3574 5417 κατ’
3609 5363 3791 5417 εἰκόνα

2139 5461 2432 5535 γενόμενον
2493 5461 2591 5514 105
2658 5456 2940 5518 κτίσαντος
3006 5454 3190 5513 αὐτόν.
3245 5453 3313 5509 Εἴ
3369 5473 3422 5507 τι
3477 5451 3653 5508 λείπει
3708 5448 3789 5521 τῷ

451 5614 536 5698 (ιι)-
559 5614 776 5698 verba,
807 5616 1348 5698 1Fptyxexluqaévq;
1380 5639 1568 5698 usque
1597 5624 1668 5681 ad
1699 5621 1789 5678 καὶ
1822 5622 2028 5681 ἀναπνο

2142 5625 2193 5683 in
2219 5624 2474 5683 editione
2505 5622 2770 5684 Garnerii
2800 5621 2872 5680 0b
2903 5620 3397 5682 homoeoteleuton
3441 5617 3684 5686 omissa,
3718 5630 3787 5674 ex

377 5684 710 5745 Combefieii
738 5684 1249 5752 Basilio'recemiio
1279 5684 1670 5755 restituimus.
1703 5701 1860 5755 Enxr.
