4154 6408
310 398 385 456 25
1314 396 1415 458 DE
1457 395 1785 456 HOMINIS
1833 392 2305 457 STRUCTURA
2350 396 2645 458 ORATIO
2690 399 2742 459 Ι.
3657 399 3738 459 26

311 521 461 599 λόγῳ
490 523 690 596 τούτῳ,
726 523 776 578 οἱ
807 521 993 578 πολλὰ
1038 523 1557 598 προσαναλώσαντες
1590 527 1660 598 τῇ
1693 520 1963 595 ἀναλήψει

2080 525 2133 580 Si
2166 525 2304 595 quid
2340 526 2399 580 in
2433 527 2540 581 hac
2574 529 2916 585 deﬁnitione
2949 532 3119 598 desit,
3157 532 3533 587 considerent
3558 530 3739 601 ii,qui

309 619 411 682 τῆς
469 610 836 687 φθειρομένης
893 611 1081 690 σοφίας
1141 611 1610 687 ἰπισκεψάτωσαν.
1668 614 1855 685 Ἡμεῖς
1916 608 1975 665 δὲ

310 704 408 756 τοῖ’)
453 696 643 774 πρόσω
700 699 981 776 ἐχώμεθα.
1034 702 1160 755 Κατ’
1219 700 1400 756 εἲκόνα
1430 706 1563 758 Θεοῦ
1596 701 1814 777 γέγονεν
1882 696 1974 754 ἅν-

318 792 560 864 Θρωπος.

391 882 477 935 17.
534 877 641 934 Καὶ
698 877 990 955 εὐλόγησεν
1063 880 1091 934 6
1169 879 1299 944 Θεὸς
1367 880 1459 936 τὸν
1516 877 1824 955 ἄνθρωπον,
1881 879 1970 934 καὶ

318 968 484 1023 εἶπεν·
571 966 868 1037 Αὐξάνεσθε
948 966 1038 1022 καὶ
1124 966 1496 1042 πληθύνεσθε,
1572 970 1660 1024 καὶ
1738 968 1973 1043 πληρώ-

317 1077 444 1112 σατε
470 1057 569 1125 τήν
630 1062 758 1131 γῆν.
819 1056 966 1128 Αὕτη
1026 1059 1113 1113 καὶ
1174 1060 1209 1127 ἡ
1244 1058 1454 1134 ἱχθύων
1489 1056 1733 1134 εὐλογία.
1767 1057 1869 1114 Καὶ
1901 1057 1973 1112 εἷ-

314 1166 412 1200 πεν
463 1146 491 1200 6
554 1144 726 1206 Θεός.
789 1145 1126 1222 Ἐξαγαγὲτω
1184 1147 1253 1202 τὰ
1309 1144 1476 1203 ὕδατα
1528 1147 1725 1224 ἑρπετὰ
1779 1150 1973 1222 ψυχῶν

317 1237 549 1303 ζωσῶν,
610 1234 701 1288 καὶ
761 1233 972 1311 ἐγένετο
1032 1234 1203 1298 οὕτως
1239 1280 1251 1293 .
1315 1238 1446 1293 Εἶτα
1479 1254 1493 1269 ’
1574 1236 1670 1291 Καὶ
1744 1236 1888 1291 εἶπεν
1947 1237 1975 1290 6

313 1322 463 1387 Θεός⁶
550 1322 851 1393 Αὐξάνεσθε
942 1323 1033 1380 καὶ
1120 1323 1480 1396 πληθύνεσθε,
1566 1327 1655 1381 καὶ
1740 1322 1976 1399 πληρώ-

313 1432 437 1466 σατε
490 1410 560 1465 τὰ
617 1408 802 1468 ὕδατα.
864 1413 923 1467 Τί
985 1413 1078 1468 οὗν
1138 1415 1434 1490 περισσόν;
1501 1413 1832 1490 Ἀναγκαίως
1884 1412 1975 1468 καὶ

316 1500 383 1552 τὰ
414 1498 570 1554 κοινά
606 1520 690 1554 σοι
736 1504 904 1556 ταῦτα
962 1501 1276 1577 ἐχαρίσατο,
1325 1503 1416 1557 καὶ
1446 1503 1513 1558 τὸ.
1552 1501 1667 1557 ἴδιά
1698 1524 1755 1557 σε
1780 1502 1976 1575 ἀναμὲο

320 1609 421 1644 νει.
481 1586 695 1662 Λύξάνῃ
745 1589 846 1665 γὰρ
907 1589 981 1651 ὡς
1027 1589 1118 1645 καὶ
1161 1591 1230 1645 τὰ
1261 1590 1431 1646 λοιπὰ
1463 1596 1593 1660 ζῶα.
1635 1592 1742 1646 ἀπὸ
1777 1595 1975 1666 μικροῦ

314 1679 411 1732 τοῦ
441 1677 663 1751 πρώτου
710 1682 828 1740 ταῖς
876 1680 995 1734 κατ’
1022 1677 1208 1755 ὀλίγον
1263 1682 1599 1755 προσθήκαις
1629 1679 1717 1736 ἐπὶ
1746 1680 1976 1736 τελείω-

318 1787 401 1820 σιν
456 1762 612 1842 ἔρχῃ,
666 1765 824 1824 Οὕτω
854 1767 944 1822 καὶ
970 1766 1137 1823 ’ίπποι
1182 1769 1273 1824 καὶ
1331 1769 1503 1839 κύνες,
1559 1768 1700 1825 οὕτω
1746 1771 1836 1825 καὶ
1884 1770 1972 1825 ἀε-

313 1855 399 1910 τοὶ
447 1855 536 1911 καὶ
584 1868 792 1924 κύκνοι,
848 1856 937 1912 καὶ
996 1859 1169 1913 πάντα
1223 1859 1355 1933 ἅπερ
1418 1862 1492 1931 (α)
1525 1856 1583 1913 ἂν
1647 1856 1843 1931 εἷ’ποις,
1877 1857 1967 1914 διὰ
2006 1890 2050 1954 Β

321 1947 518 2018 μικρᾶς
544 1952 644 2014 τῆς
676 1945 902 2020 πρώτης
932 1949 1179 2017 κυήσεως
1207 1951 1277 2022 τῇ
1324 1949 1441 2002 κατ’
1471 1947 1657 2025 ὀλίγον
1685 1950 1972 2024 προσθήκῃ

311 2030 375 2088 τὰ
406 2033 619 2089 τέλειον
680 2038 781 2100 τῆς
836 2034 1111 2106 αὐξήσεως
1161 2032 1531 2106 ἀπολαϐόντα,
1564 2037 1728 2094 πάλιν
1757 2035 1847 2092 διὰ
1873 2045 1976 2107 τῆς

320 2123 599 2196 μειώσεως
671 2124 778 2199 πρὸ
856 2125 919 2178 τὸ
991 2124 1217 2181 ἓλαττον
1272 2126 1621 2205 ὑποστρέφει.
1681 2128 1749 2184 Ἀ
1797 2127 1971 2182 τοίνυν

314 2212 472 2266 κοινὰ
525 2217 630 2281 τῆς
689 2210 899 2275 φύσεως
946 2213 1037 2283 ἦν,
1096 2214 1187 2269 καὶ
1240 2217 1377 2287 ἡμῖν
1429 2212 1763 2291 ἐδωρήσατο.
1797 2216 1972 2287 Λύξά-

312 2301 482 2355 νεσθε·
541 2299 808 2368 τουτέστι,
867 2302 1144 2377 τρέψεσθε·
1205 2304 1393 2380 μικροὶ
1432 2305 1766 2381 γεννώμενοι
1802 2305 1970 2382 μεγά-

320 2387 408 2444 λοι
438 2387 661 2465 γίνεσθε,
720 2390 811 2445 καὶ
868 2391 1036 2468 πᾶρας
1091 2387 1229 2448 ἔστω
1284 2400 1385 2459 τῆς
1435 2394 1729 2465 αὐξήσεως.
1763 2394 1835 2449 Οὐ
1867 2395 1969 2470 γὰρ

315 2475 502 2547 ἐπειδὴ
564 2478 615 2533 ἐν
668 2482 737 2553 τῇ
795 2479 988 2555 πρώτῃ
1045 2481 1296 2553 ἒπταετίᾳ
1350 2484 1679 2561 τρεφόμεθα,
1709 2482 1798 2538 καὶ
1832 2483 1971 2555 λαμ-

315 2560 639 2640 ϐάνει-ἡμᾶς
688 2567 1082 2641 μεθηλικίωσις
1133 2569 1220 2624 ἐπὶ
1250 2572 1348 2640 τήν
1392 2568 1642 2648 δευτέραν
1693 2566 1969 2644 ἑϐδομάδα

312 2660 424 2710 τῶν
452 2654 608 2727 ἐτῶν,
641 2654 750 2726 ἤδη
804 2656 1095 2734 ὀφείλομεν
1146 2659 1353 2731 ὁμοίιος
1382 2659 1434 2715 ὲν
1464 2659 1625 2715 παντὶ
1659 2659 1809 2737 μὲρει
1865 2668 1967 2732 τῆς

320 2749 466 2813 ζωῆς
496 2750 596 2814 τῆς
625 2745 896 2819 ἡμετέρας
950 2747 1069 2810 καθ’
1121 2743 1430 2821 ἑϐδομάδας
1489 2747 1963 2822 μεθηλικιοῦσθαι.

386 2834 473 2889 18.
507 2834 569 2890 Ἡ
600 2834 793 2909 πρώτη
826 2829 1068 2909 ἑϐδομὰς
1105 2838 1203 2905 τὴν
1258 2835 1516 2907 παιδικὴν
1571 2835 1792 2909 ἡλικίαν
1826 2835 1962 2916 ἔχει.

310 2924 510 2996 ’Ὅρους
540 2926 639 2993 τῆς
676 2920 938 2993 παιδικῆς
976 2922 1196 2995 ἡλικίας
1254 2933 1477 3005 φανεροῖ
1522 2930 1556 2997 ἡ
1587 2933 1695 2983 τῶν
1730 2927 1967 2985 ὀδόντων

317 3009 543 3099 ἐκϐολή·
579 3015 631 3069 οἱ
680 3017 774 3087 μὶν
824 3012 1038 3086 ἔπεσον,
1101 3018 1154 3073 οἱ
1207 3016 1265 3073 δὲ
1321 3019 1645 3098 ἆνεφύησαν.
1705 3017 1962 3099 Δευτέραν

312 3098 476 3159 ἔλαϐε
523 3103 703 3181 ἀρχὴν
764 3106 985 3177 αὔξησις
1040 3104 1142 3170 ἔως
1195 3107 1389 3171 τέλους
1444 3116 1544 3178 τῆς
1585 3131 1964 3187 τεσσαρεσκαι-

313 3189 565 3263 δεκάτης.
596 3194 657 3249 Ἣ
689 3191 910 3270 δευτέρα
939 3194 1160 3265 λοιπὸν,
1193 3200 1227 3266 ἡ
1284 3201 1394 3253 τῶν
1453 3195 1683 3254 παίδων·
1743 3205 1960 3277 πρῶτον

317 3282 412 3355 μὲν
442 3282 543 3358 γὰρ
574 3279 810 3351 παιδίον,
871 3284 980 3338 εἶτα
1008 3290 1157 3351 παῖς,
1191 3286 1303 3341 εἶτα
1358 3280 1563 3362 ἔφηϐος
1622 3289 1728 3343 ἀπὸ
1770 3310 1961 3344 τεσσα-

315 3366 785 3444 ρεσκαιδεκαετοῦς
976 3370 1203 3428 ἐντχῦθα
1232 3375 1284 3428 οἱ
1317 3374 1437 3450 ὅροι
1466 3377 1565 3444 τῆς
1591 3375 1779 3452 τρίτης
1808 3377 1968 3448 αὐξή-

317 3479 451 3520 σεως
487 3503 499 3517 .
560 3459 691 3514 Εἶτα
740 3459 919 3535 ἀνήρ.
984 3462 1275 3532 Αὐξάνεσθε
1323 3464 1414 3519 οὗν
1451 3509 1464 3521 .
1524 3465 1641 3523 Οὐκ
1699 3466 1786 3520 ἐὰν
1838 3465 1966 3543 γένῃ

318 3546 503 3601 ἑκατὸν
538 3545 670 3602 ἰνῶν
704 3548 811 3603 ἀπὸ
839 3549 1061 3624 πρώτου
1097 3551 1262 3628 μέχρι
1321 3556 1418 3607 τοῦ
1476 3552 1764 3609 ἑκατοστοῦ
1807 3551 1967 3626 αὔξη-

316 3656 396 3689 σιν
457 3633 704 3711 ἑπιδὲχῃ·
765 3636 912 3693 ἀλλᾶ
961 3641 1123 3694 τοῦτο
1178 3640 1261 3707 τὸ,
1319 3640 1640 3713 Αὐξάνεσθε,
1700 3640 1754 3699 ἓν
1814 3643 1967 3721 ῥῆμα

313 3728 493 3802 σοφῶς
528 3724 745 3800 λεχθὲν,
802 3733 1184 3803 προνοητικῶς
1241 3729 1636 3805 οἰκονομεῖται·
1682 3732 1965 3805 αὐξάνεσθε

317 3813 485 3889 μέχρι
524 3815 694 3877 τινός.
734 3816 879 3872 Κατὰ
923 3817 1025 3886 τὴν
1056 3818 1280 3892 πρώτην
1339 3819 1586 3876 σύσ-τασιν
1644 3823 1742 3891 τὴν
1798 3843 1961 3879 κατα-

315 3895 610 3971 ϐληθεῖσαν
638 3900 692 3957 ἐν
719 3906 787 3977 τῇ
823 3906 1027 3979 μήτρᾳ,
1086 3902 1502 3979 κατεϐλήθησαν
1573 3911 1660 3964 καὶ
1718 3911 1770 3965 οἱ
1803 3906 1961 3986 λὸγοι

308 3996 408 4060 τῆς
458 3990 751 4077 αὐξήσεως·
815 3991 941 4050 ἀλλ’
999 3993 1061 4049 οὐ
1089 3996 1152 4050 τὸ
1205 3997 1341 4070 μετᾶ
1371 4002 1539 4054 ταῦτα
1584 4000 1847 4077 νεώτερον
1900 4001 1964 4056 τὸ

307 4084 410 4148 τῆς
458 4076 679 4166 ᾖλικίας
728 4081 976 4157 χάρισμα
1035 4083 1360 4161 ἓπιγίνεται,
1419 4086 1547 4143 ἀλλ’
1594 4089 1649 4143 αἱ
1711 4076 1962 4166 μητρῷαι

310 4163 614 4224 καταϐολαὶ
672 4166 1266 4249 συγκαταϐεϐλημένας
1320 4173 1509 4252 ἔχουσι
1565 4176 1660 4239 τὰς
1716 4163 1853 4254 πρὸς
1900 4180 1963 4234 τὸ

308 4254 621 4327 αὐξάνεσθαι
713 4257 1186 4332 ἐπιτηδειότητας.
1273 4269 1506 4320 ’Έπεσον
1567 4267 1618 4321 ot
1705 4264 1960 4338 ὁδόντες;

309 4340 557 4421 ἔγνωμεν
591 4346 674 4400 ὅτι
736 4348 950 4420 ηὐξήθη
975 4350 1136 4407 τόσον
1171 4351 1388 4429 μέτρον·
1419 4356 1626 4429 τριετὲς
1655 4355 1717 4410 τὸ
1745 4354 1960 4412 παιδίον

309 4430 603 4510 ἐμέτρησεν
660 4435 688 4490 6
736 4439 937 4511 πατήρ*
994 4436 1133 4495 οἶδεν
1165 4438 1247 4495 ὅτι
1306 4441 1368 4497 τὸ
1428 4439 1717 4499 διπλάσιον
1766 4445 1962 4500 τούτου

314 4521 539 4598 μέγεθος
574 4522 918 4600 ἀπολήψεται
973 4526 1028 4583 ἐν
1186 4528 1486 4590 τελειώσει.
1544 4534 1709 4597 ’Όσος
1755 4536 1859 4612 γὰρ
1908 4535 1960 4590 ἐν

2085 614 2337 668 multum
2369 614 2426 667 in
2463 617 2679 672 studiis
2712 620 3013 690 sapientiae
3040 621 3271 675 caducae
3313 636 3499 692 operae
3529 636 3737 691 posue-

2084 706 2225 757 runt
2256 720 2268 756 :
2305 720 2409 758 nos
2452 721 2585 760 vero
2620 706 2871 763 ulterius
2911 709 3376 780 progrediamur.
3412 709 3497 763 Ad
3531 708 3741 780 imagi-

2085 808 2217 847 nem
2253 792 2351 846 Dei
2390 792 2580 848 factus
2611 800 2699 849 est
2730 794 2924 852 homo.

2158 880 2242 934 17.
2278 881 2343 936 Et
2376 882 2658 938 benedixit
2692 885 2829 939 Deus
2860 887 3167 948 hominem;
3194 894 3247 942 et
3271 888 3355 941 ait
3376 904 3395 941 :
3420 885 3662 941 Crescite
3690 888 3743 940 et

2085 971 2564 1041 multiplicamini,
2596 975 2651 1026 et
2679 973 2885 1043 replete
2913 978 3122 1029 terram
3142 974 3181 1029 ο.
3217 975 3347 1029 Haec
3386 979 3444 1029 et
3487 972 3742 1045 piscium

2085 1059 2411 1115 benedictio
2442 1065 2549 1116 est.
2576 1063 2640 1116 Et
2665 1061 2810 1116 dixit
2843 1063 2983 1117 Deus
3005 1082 3023 1118 :
3050 1063 3366 1118 Producant
3396 1078 3549 1135 aquae
3579 1062 3745 1133 repti-

2089 1150 2165 1204 lia
2204 1151 2523 1204 animarum
2566 1151 2870 1205 viventium
2902 1171 2920 1205 :
2950 1155 3001 1206 et
3028 1155 3237 1221 factum
3285 1159 3363 1206 est
3414 1152 3520 1206 ita.
3554 1153 3622 1206 Et
3669 1150 3754 1205 ait

2084 1239 2230 1293 Deus
2252 1256 2270 1293 :
2302 1238 2538 1295 Crescitr
2568 1247 2619 1295 et
2648 1240 3127 1311 multiplicamini,
3159 1249 3212 1295 et
3242 1239 3448 1312 replete
3476 1255 3651 1311 aqua:
3677 1239 3743 1293 1°.

2086 1328 2230 1392 Quid
2267 1328 2450 1400 igitur
2481 1327 2705 1382 homini
2738 1327 2995 1399 amplius
3016 1328 3043 1382 ?
3073 1328 3413 1384 Necessario
3443 1328 3566 1383 haec
3592 1344 3743 1399 quo-

2088 1433 2198 1488 que
2220 1416 2563 1472 communia
2583 1416 2688 1471 tibi
2722 1416 2959 1484 tribuit;
2993 1422 3166 1481 teque
3189 1418 3431 1471 manent
3452 1432 3579 1487 quae
3601 1420 3742 1471 sunt

2085 1505 2341 1578 propria.
2377 1505 2603 1561 Crescis
2648 1508 2804 1560 enim
2859 1513 2915 1559 ul
2968 1511 3026 1560 et
3076 1505 3304 1576 reliqua
3351 1503 3655 1570 animalia,
3687 1510 3746 1560 et

2085 1592 2366 1665 paulatim
2404 1610 2504 1664 per
2534 1594 2899 1649 incrementa
2928 1611 2996 1649 ex
3047 1611 3223 1665 parva
3252 1595 3321 1649 ad
3351 1594 3579 1663 justam
3612 1609 3744 1665 per-

2087 1684 2414 1754 fectamque
2446 1684 2912 1754 magnitudinem
2947 1684 3235 1753 pervenis.
3269 1683 3363 1738 Sic
3414 1687 3472 1739 et
3519 1683 3655 1753 equi
3686 1686 3746 1738 et

2084 1787 2288 1837 canes;
2323 1771 2409 1826 sic
2442 1776 2499 1826 et
2546 1772 2754 1842 aquilis
2786 1777 2844 1827 et
2872 1771 3059 1844 cycni,
3092 1775 3150 1827 et
3181 1788 3547 1844 quaecunque
3579 1771 3742 1826 dixe-

2084 1861 2166 1917 ris
2188 1861 2413 1932 reliqua
2434 1860 2731 1928 animalia,
2757 1878 2790 1915 a
2814 1861 3003 1932 primo
3027 1860 3230 1931 exiguo
3256 1863 3426 1932 partu
3455 1859 3739 1932 paulatim

2087 1967 2188 2023 per
2217 1950 2491 2006 assiduas
2521 1950 2884 2005 accessiones
2915 1950 2986 2004 ad
3019 1949 3360 2005 absolutum
3395 1949 3743 2021 perveniunt

2086 2044 2500 2112 augmentum;
2522 2054 2876 2108 rursumque
2896 2037 3177 2110 paulatim
3199 2038 3412 2093 minori
3439 2037 3592 2093 mole
3609 2054 3745 2094 con-

2082 2129 2573 2193 trahuntur.Quaa
2602 2128 2784 2200 igitur
2814 2132 3037 2181 natura:
3069 2129 3409 2183 communia
3431 2133 3593 2196 sunt,
3618 2126 3740 2182 haec

2083 2224 2139 2274 et
2172 2217 2339 2274 nobis
2369 2218 2652 2290 elargitus
2682 2220 2789 2272 est.
2814 2217 3052 2272 Crescite
3079 2234 3100 2271 :
3131 2215 3187 2270 id
3221 2219 3330 2282 est,
3359 2215 3735 2283 enutrimini;

2082 2311 2303 2364 etcum
2350 2307 2507 2380 parvi
2561 2305 3095 2376 nascamini,jueta
3143 2309 3373 2361 statura
3422 2304 3739 2377 magnique

2082 2398 2333 2465 evadite;
2370 2402 2545 2468 atque
2574 2395 2878 2468 augmenti
2907 2395 2985 2449 sit
3019 2394 3327 2450 terminus.
3350 2394 3550 2465 Neque
3575 2395 3731 2449 enim

2082 2486 2355 2558 quoniam
2391 2486 2580 2557 primo
2604 2484 2910 2556 septennio
2933 2485 3078 2540 331
3110 2483 3194 2538 ita
3215 2484 3532 2550 nutrimur,
3558 2488 3736 2555 atque

2078 2576 2384 2642 vcrtimur,
2420 2578 2482 2629 ut
2513 2574 2695 2629 altero
2731 2574 3035 2644 septennio
3066 2573 3127 2629 in
3159 2573 3335 2628 aliam
3365 2576 3593 2628 aetatem
3628 2574 3739 2627 im-

2079 2674 2381 2722 mutamur
2413 2680 2427 2719 :
2456 2663 2540 2718 sic
2571 2663 2629 2719 in
2663 2662 2821 2718 omni
2855 2662 2973 2718 vita
3003 2679 3105 2734 per
3131 2662 3437 2734 septennia
3467 2662 3538 2716 de
3567 2666 3736 2717 aetate

2077 2756 2137 2811 in
2169 2759 2398 2810 (etatem
2436 2750 2786 2808 commutari
2817 2752 3117 2807 debemus.

2152 2845 2234 2899 18.
2261 2843 2519 2899 Primum
2548 2840 2919 2914 septennium
2946 2839 3275 2896 infantilem
3301 2844 3530 2894 aetatem
3555 2839 3736 2894 conti-

2077 2937 2176 2990 net
2229 2930 2523 2989 Infantilis
2556 2931 2702 2988 fines
2733 2930 2917 2987 aetatis
2949 2930 3285 2985 manifestat
3316 2929 3581 2985 dentium
3614 2928 3731 2998 eje-

2075 3023 2218 3091 ctio;
2251 3039 2380 3077 cum
2411 3022 2469 3077 in
2505 3022 2698 3076 locum
2730 3036 2932 3075 eorum
2958 3018 3056 3091 qui
3088 3020 3446 3086 ceciderunt,
3472 3017 3568 3072 alii
3601 3017 3727 3072 fue-

2074 3112 2193 3167 rint
2221 3111 2397 3167 enati.
2422 3110 2681 3165 Alterum
2718 3124 2925 3165 rursus
2946 3112 3328 3181 augmentum
3351 3105 3532 3162 sumit
3561 3104 3727 3178 prin-

2075 3200 2316 3273 cipium,
2361 3200 2430 3254 ad
2487 3200 2659 3254 tinem
2707 3214 2891 3268 usque
2938 3197 3074 3252 anni
3127 3194 3558 3267 quartideeimi.
3594 3198 3726 3251 Haec

2077 3289 2258 3345 altera
2284 3290 2410 3360 jam
2442 3293 2602 3353 mtas,
2626 3304 2751 3359 quae
2782 3290 2871 3342 est
2899 3302 3236 3359 puerorum.
3271 3284 3533 3339 Primum
3566 3285 3724 3340 enim

2075 3379 2271 3434 infans
2293 3384 2412 3446 est;
2436 3382 2560 3433 tum
2586 3393 2751 3449 puer,
2774 3374 2979 3431 exinde
3005 3374 3297 3447 pubes,ab
3321 3390 3474 3429 anno
3492 3376 3727 3445 quarto-

2074 3467 2320 3525 decimo.
2356 3467 2459 3523 Hic
2498 3465 2653 3522 tertii
2706 3464 3008 3537 augmenti
3040 3464 3178 3519 finis
3210 3479 3222 3517 :
3259 3479 3325 3518 ac
3373 3462 3585 3518 deinde
3614 3462 3723 3520 vir.

2077 3556 2309 3613 Crescite
2337 3572 2492 3629 ergo.
2526 3560 2649 3612 Non
2707 3555 2756 3611 si
2807 3559 3041 3609 centum
3090 3569 3379 3608 annorum
3429 3551 3663 3617 vixeris,
3695 3568 3729 3606 a

2075 3647 2266 3719 primo
2296 3647 2367 3702 ad
2413 3644 2800 3701 centesimum
2835 3658 3022 3713 usque
3062 3659 3304 3710 annum,
3337 3645 3725 3714 augmentum

2075 3734 2407 3807 susceperis
2435 3750 2447 3789 :
2474 3735 2575 3790 sed
2604 3750 2722 3790 una
2744 3732 2844 3788 illa
2861 3749 2989 3798 vox,
3017 3730 3271 3797 Crescite,
3297 3729 3549 3803 sapienti
3572 3730 3730 3787 dicta

2074 3823 2343 3893 consilio,
2367 3841 2459 3880 res
2489 3821 2852 3895 providentia
2875 3819 3151 3892 dieponit.
3179 3819 3262 3874 Ad
3287 3823 3514 3875 certum
3539 3833 3728 3891 usque

2077 3914 2392 3971 terminum
2415 3912 2676 3968 erescite.
2693 3916 2802 3967 Pro
2824 3910 3050 3966 ratione
3071 3909 3273 3981 prima
3295 3906 3457 3964 illius
3479 3908 3539 3964 in
3563 3913 3727 3965 utero

2073 4000 2533 4071 constitutionis,
2564 4002 2733 4071 jactaa
2768 4000 3148 4055 fundamento
3199 4002 3339 4053 sunt
3384 3996 3561 4053 etiam
3617 4014 3726 4053 au-

2073 4091 2297 4164 gmenti
2354 4091 2632 4147 rationes.
2671 4091 2796 4146 Non
2836 4087 2992 4144 enim
3026 4087 3184 4160 quod
3243 4091 3443 4160 postea
3501 4086 3731 4143 accedit

2073 4181 2366 4237 recentius
2396 4184 2485 4235 est
2536 4183 2773 4234 staturaa
2823 4194 3072 4245 munus;
3122 4177 3224 4232 sed
3276 4180 3543 4231 materna
3572 4176 3728 4232 fetus

2074 4270 2145 4325 ab
2176 4269 2324 4340 alvo,
2354 4286 2463 4323 una
2499 4285 2733 4339 quoque
2781 4267 2850 4322 ad
2903 4269 3287 4338 augmentum
3336 4264 3570 4332 idonea,
3602 4270 3730 4320 rata

2073 4357 2299 4414 semina
2352 4356 2507 4413 tulit.
2541 4356 2753 4413 Dentes
2801 4355 3140 4410 ceciderunt
3174 4370 3187 4409 :
3223 4353 3447 4409 scimus
3494 4357 3724 4409 tantum

2073 4448 2370 4519 augmenti
2419 4446 2756 4504 accessisse.
2792 4444 3107 4500 Triennem
3142 4443 3426 4499 infantem
3476 4443 3727 4498 admen-

2072 4553 2175 4593 sus
2205 4540 2295 4591 est
2323 4551 2566 4606 parens;
2613 4535 2773 4589 novit
2802 4533 2926 4589 foro
2958 4536 3022 4587 ut
3049 4532 3229 4604 duplo
3278 4533 3562 4603 majorem
3614 4528 3728 4587 hac

308 4615 380 4685 τῇ
408 4612 615 4686 τριετίᾳ
641 4618 720 4686 τῷ
748 4617 911 4689 μήκει
945 4616 973 4671 6
1000 4614 1286 4692 ἅνθρωπος
1337 4620 1604 4699 φαίνεται,
1637 4622 1721 4687 δὶς
1778 4629 1965 4682 τοσοῦ-

2080 4625 2462 4698 quantitatem
2509 4622 2775 4696 recipiat,
2805 4638 2935 4679 cum
2973 4620 3149 4678 fuerit
3198 4620 3384 4677 aetatis
3434 4621 3722 4693 perfectae.

307 4720 401 4756 τον
451 4699 598 4757 ἔσται
647 4702 698 4758 ἐν
748 4707 817 4779 τῇ
870 4704 1267 4782 συμπληρώσει
1305 4715 1406 4779 τῆς
1464 4710 1761 4783 αὐξήσεως.
1792 4717 1961 4769 Τοῦτο

310 4789 372 4845 τὸ
437 4789 632 4879 μέτρον
681 4795 782 4858 τῆς
810 4792 1159 4868 ἀνθρωπίνης
1190 4795 1419 4875 φύσεως,
1485 4799 1648 4877 μέχρι
1707 4802 1959 4879 πέρατος,

308 4879 475 4965 μέχρι
510 4878 662 4952 ὅρου.
691 4881 826 4938 Ἀπὸ
855 4889 956 4954 τῆς
1004 4879 1310 4958 ἑϐδομάδος
1356 4894 1456 4958 τῆς
1485 4890 1712 4965 πρώτης
1742 4878 1828 4946 ἐπὶ
1859 4894 1957 4963 τὴν

305 4964 555 5054 δευτέραν
591 4964 926 5043 μεταϐαίνει·
959 4973 1072 5029 ἐκεῖ
1100 4972 1295 5031 λοιπὸν
1344 4979 1379 5046 ἡ
1431 4964 1702 5054 θερμότης
1730 4977 1958 5050 πλείων,

305 5057 342 5144 ᾖ
377 5053 666 5144 διάπλασις
692 5064 790 5114 τοῦ
816 5062 1074 5136 σώματος
1104 5064 1417 5142 ἀραιοτέρα,
1556 5064 1788 5144 ὑγρότης
1841 5068 1959 5125 ἐπι-

309 5141 509 5237 λείπει,
561 5149 910 5225 κραταιοῦται
965 5152 1033 5207 τὰ
1086 5150 1252 5227 μέλη·
1306 5141 1675 5232 ἰσχυροτέρῶν
1726 5156 1959 5237 ἐφάπτε-

309 5252 395 5322 ται
454 5231 648 5311 ἔργων,
709 5239 822 5294 οἷον
857 5241 910 5294 οἱ
965 5245 1073 5297 τῶν
1113 5231 1736 5322 ἐφηλίκωνεῖσὶ,οὕπω
1765 5231 1864 5321 ’μὶν
1894 5248 1958 5304 τὸ

305 5320 514 5412 τέλειον
571 5322 813 5401 ἔχοντες·
870 5320 1161 5407 νεοπαγὴς
1195 5331 1296 5410 γὰρ
1346 5334 1523 5390 αὐτῶν
1583 5338 1618 5406 ἡ
1680 5336 1807 5412 σὰρξ
1855 5334 1955 5406 ἔτι,

302 5411 394 5465 καὶ
452 5413 591 5488 πρὸς
644 5416 844 5480 πόνους
883 5420 1239 5494 καρτερικοὺς
1295 5420 1666 5496 ἆνεπιτηδεία.
1722 5411 1793 5481 Τὸ
1863 5426 1959 5500 μὲν

300 5502 505 5577 κοῦφον
529 5501 620 5556 καὶ
668 5502 952 5577 εὐκίνητον
1003 5504 1244 5566 ἇπὲλαϐε
1275 5509 1470 5570 λοιπὸν
1499 5514 1562 5570 τὸ
1592 5517 1755 5584 ζῶον·
1813 5513 1867 5570 ιν
1900 5512 1959 5571 δὲ

372 5607 396 5646 ⁹
424 5608 567 5667 Gen.
600 5626 642 5682 ι,
672 5610 764 5670 28.
839 5613 886 5652 ίο
914 5610 1066 5676 Ibid.
1094 5616 1186 5691 20,
1216 5620 1326 5678 22.‘

2073 4715 2302 4781 Quanta
2341 4712 2497 4769 enim
2544 4711 2791 4767 triennia
2838 4711 3024 4766 atatis
3075 4714 3302 4765 statura
3351 4706 3608 4765 hominis
3635 4707 3724 4764 vi-

2072 4801 2242 4873 situr,
2268 4800 2448 4875 duplo
2479 4800 2705 4857 auctior
2733 4800 2845 4856 erit
2873 4815 3009 4854 cum
3053 4799 3179 4870 jam
3215 4802 3593 4870 augmentum
3627 4812 3725 4852 ex-

2072 4890 2332 4964 pleverit.
2367 4890 2468 4947 Hic
2496 4889 2771 4945 humanae
2810 4890 3024 4945 modus
3057 4893 3279 4944 naturae
3310 4890 3421 4952 est,
3453 4886 3513 4940 in
3544 4884 3723 4941 ﬁnem

2070 4998 2277 5053 usque.
2297 4982 2341 5036 A
2372 4980 2562 5052 primo
2589 4978 2892 5051 eeptcnnio
2916 4978 2986 5034 ad
3019 4977 3344 5034 secundum
3377 4973 3608 5030 transit.
3634 4974 3724 5030 Ibi

2061 5071 2187 5143 jam
2211 5070 2492 5127 exuberat
2517 5068 2712 5125 calor:
2737 5066 2923 5124 rarior
2953 5066 3214 5140 corporis
3244 5064 3578 5120 constitutio
3611 5068 3721 5130 est,

2069 5159 2267 5216 deficit
2295 5159 2639 5225 humiditas,
2666 5159 3018 5213 roborantur
3043 5154 3328 5222 membra,
3354 5153 3597 5210 fortiora
3626 5168 3724 5225 ag-

2069 5249 2421 5322 grediuntur
2437 5264 2631 5319 opera,
2649 5246 2982 5319 cujusmodi
3007 5245 3317 5317 puberum,
3334 5243 3435 5315 qui
3456 5243 3720 5298 nondum

2068 5337 2307 5413 perfecti
2340 5341 2497 5393 sunt.
2525 5338 2629 5394 Est
2660 5336 2817 5392 enim
2848 5334 2966 5390 illis
2996 5349 3199 5388 recens
3231 5337 3535 5405 compacta
3563 5347 3720 5399 caro,

2068 5433 2126 5485 et
2165 5428 2236 5485 ad
2289 5427 2559 5483 robustos
2610 5426 2841 5483 labores
2889 5422 3088 5479 minus
3138 5423 3368 5479 idonea.
3402 5421 3721 5478 Levitatem

2068 5518 2350 5574 duntaxat
2371 5521 2428 5573 et
2459 5516 2782 5590 agilitatem
2814 5511 3174 5586 animaljam
3200 5511 3436 5585 recepit.
3456 5511 3521 5565 In
3546 5509 3721 5568 tertio

371 5718 450 5794 (a)
478 5719 655 5798 Ἀπερ
685 5723 819 5792 Ms.,
850 5717 968 5780 lica.
1044 5725 1122 5801 (ὁ)
1150 5726 1827 5809 Τεσσαρεσκαιδεκαετοῦς.
1859 5731 1966 5794 Edi

2080 5729 2552 5808 Γεσσαρεσκαίδεκα
2580 5722 2756 5796 ἔτους.
2788 5730 2945 5790 EDrr.
