  <div class='ocr_page' id='page_1' title='image "/cluster/home/n/w/nwhite01/storage/ocr_20150623/30:no.2/coo.31924054873116/025.png"; bbox 0 0 4154 6386; ppageno 0'>
   <div class='ocr_carea' id='block_1_1' title="bbox 425 364 3837 449">
    <p class='ocr_par' dir='ltr' id='par_1_1' title="bbox 425 364 3837 449">
     <span class='ocr_line' id='line_1_1' title="bbox 425 364 3837 449; baseline 0.006 -19"><span class='ocrx_word' id='word_1_1' title='bbox 425 364 504 423; x_wconf 68' lang='grc'><strong>97</strong></span> <span class='ocrx_word' id='word_1_2' title='bbox 1386 379 1777 441; x_wconf 84' lang='lat' dir='ltr'><strong>APPENDIX</strong></span> <span class='ocrx_word' id='word_1_3' title='bbox 1821 383 2151 447; x_wconf 78' lang='lat' dir='ltr'><strong>OPERUM</strong></span> <span class='ocrx_word' id='word_1_4' title='bbox 2196 386 2261 445; x_wconf 91' lang='lat' dir='ltr'><strong>S.</strong></span> <span class='ocrx_word' id='word_1_5' title='bbox 2309 386 2589 448; x_wconf 83' lang='lat' dir='ltr'><strong>BASlLll</strong></span> <span class='ocrx_word' id='word_1_6' title='bbox 2634 385 2887 449; x_wconf 80' lang='lat' dir='ltr'><strong>MAGNI</strong></span> <span class='ocrx_word' id='word_1_7' title='bbox 3758 390 3837 449; x_wconf 78' lang='grc'><strong>28</strong></span> 
     </span>
    </p>
   </div>
   <div class='ocr_carea' id='block_1_2' title="bbox 426 496 2059 593">
    <p class='ocr_par' dir='ltr' id='par_1_2' title="bbox 426 496 2053 588">
     <span class='ocr_line' id='line_1_2' title="bbox 426 496 2053 588; baseline 0.014 -37"><span class='ocrx_word' id='word_1_8' title='bbox 426 496 702 571; x_wconf 82' lang='lat' dir='ltr'><strong>deinceps</strong></span> <span class='ocrx_word' id='word_1_9' title='bbox 724 504 1048 573; x_wconf 89' lang='lat' dir='ltr'><strong>septennio,</strong></span> <span class='ocrx_word' id='word_1_10' title='bbox 1069 522 1181 562; x_wconf 79' lang='lat' dir='ltr'><strong>una</strong></span> <span class='ocrx_word' id='word_1_11' title='bbox 1203 524 1433 581; x_wconf 91' lang='lat' dir='ltr'><strong>quoque</strong></span> <span class='ocrx_word' id='word_1_12' title='bbox 1454 512 1777 583; x_wconf 85' lang='lat' dir='ltr'><strong>perfectum</strong></span> <span class='ocrx_word' id='word_1_13' title='bbox 1802 532 2053 588; x_wconf 85' lang='lat' dir='ltr'><strong>augmen</strong></span> 
     </span>
    </p>
   </div>
   <div class='ocr_carea' id='block_1_3' title="bbox 2170 496 3840 593">
    <p class='ocr_par' dir='ltr' id='par_1_3' title="bbox 2190 515 3840 593">
     <span class='ocr_line' id='line_1_3' title="bbox 2190 515 3840 593; baseline 0.001 -21"><span class='ocrx_word' id='word_1_14' title='bbox 2190 518 2347 593; x_wconf 79' lang='grc' dir='ltr'>τρίτῃ</span> <span class='ocrx_word' id='word_1_15' title='bbox 2378 518 2571 575; x_wconf 86' lang='grc' dir='ltr'>λοιπὸν</span> <span class='ocrx_word' id='word_1_16' title='bbox 2606 515 2871 592; x_wconf 68' lang='grc' dir='ltr'>ἑϐδομάδι</span> <span class='ocrx_word' id='word_1_17' title='bbox 2923 522 3009 576; x_wconf 85' lang='lat' dir='ltr'><strong>xui</strong></span> <span class='ocrx_word' id='word_1_18' title='bbox 3060 520 3122 574; x_wconf 84' lang='grc' dir='ltr'>τὸ</span> <span class='ocrx_word' id='word_1_19' title='bbox 3170 518 3380 575; x_wconf 73' lang='grc' dir='ltr'>τέλειον</span> <span class='ocrx_word' id='word_1_20' title='bbox 3429 526 3530 589; x_wconf 75' lang='grc' dir='ltr'><strong>τῆς</strong></span> <span class='ocrx_word' id='word_1_21' title='bbox 3565 518 3840 591; x_wconf 79' lang='grc' dir='ltr'>αὐξήσεως</span> 
     </span>
    </p>
   </div>
   <div class='ocr_carea' id='block_1_4' title="bbox 424 589 2072 676">
    <p class='ocr_par' dir='ltr' id='par_1_4' title="bbox 424 589 2072 676">
     <span class='ocr_line' id='line_1_4' title="bbox 424 589 2072 676; baseline 0.013 -35"><span class='ocrx_word' id='word_1_22' title='bbox 424 589 553 643; x_wconf 89' lang='lat' dir='ltr'><strong>tum</strong></span> <span class='ocrx_word' id='word_1_23' title='bbox 579 590 970 649; x_wconf 89' lang='lat' dir='ltr'><strong>nanciscitur:</strong></span> <span class='ocrx_word' id='word_1_24' title='bbox 992 596 1231 666; x_wconf 88' lang='lat' dir='ltr'><strong>necjam</strong></span> <span class='ocrx_word' id='word_1_25' title='bbox 1253 599 1528 671; x_wconf 81' lang='lat' dir='ltr'><strong>amplius,</strong></span> <span class='ocrx_word' id='word_1_26' title='bbox 1551 603 1719 658; x_wconf 88' lang='lat' dir='ltr'><strong>tertio</strong></span> <span class='ocrx_word' id='word_1_27' title='bbox 1741 604 1968 676; x_wconf 82' lang='lat' dir='ltr'><strong>expleto</strong></span> <span class='ocrx_word' id='word_1_28' title='bbox 1993 622 2072 661; x_wconf 89' lang='lat' dir='ltr'><strong>sc-</strong></span> 
     </span>
    </p>
   </div>
   <div class='ocr_carea' id='block_1_5' title="bbox 424 678 2073 768">
    <p class='ocr_par' dir='ltr' id='par_1_5' title="bbox 424 678 2073 768">
     <span class='ocr_line' id='line_1_5' title="bbox 424 678 2073 768; baseline 0.012 -35"><span class='ocrx_word' id='word_1_29' title='bbox 424 678 664 749; x_wconf 88' lang='lat' dir='ltr'><strong>ptennio</strong></span> <span class='ocrx_word' id='word_1_30' title='bbox 686 696 899 753; x_wconf 91' lang='lat' dir='ltr'><strong>corpus</strong></span> <span class='ocrx_word' id='word_1_31' title='bbox 922 683 1126 740; x_wconf 81' lang='lat' dir='ltr'><strong>altiore</strong></span> <span class='ocrx_word' id='word_1_32' title='bbox 1148 689 1374 743; x_wconf 89' lang='lat' dir='ltr'><strong>statura</strong></span> <span class='ocrx_word' id='word_1_33' title='bbox 1396 691 1732 762; x_wconf 89' lang='lat' dir='ltr'><strong>surrigitur.</strong></span> <span class='ocrx_word' id='word_1_34' title='bbox 1756 693 2073 768; x_wconf 78' lang='lat' dir='ltr'><strong>Postquam</strong></span> 
     </span>
    </p>
   </div>
   <div class='ocr_carea' id='block_1_6' title="bbox 424 770 2073 855">
    <p class='ocr_par' dir='ltr' id='par_1_6' title="bbox 424 770 2073 855">
     <span class='ocr_line' id='line_1_6' title="bbox 424 770 2073 855; baseline 0.013 -35"><span class='ocrx_word' id='word_1_35' title='bbox 424 783 559 822; x_wconf 82' lang='lat' dir='ltr'><strong>vero</strong></span> <span class='ocrx_word' id='word_1_36' title='bbox 585 772 795 825; x_wconf 89' lang='lat' dir='ltr'><strong>natura</strong></span> <span class='ocrx_word' id='word_1_37' title='bbox 818 788 848 826; x_wconf 91' lang='lat' dir='ltr'><strong>a</strong></span> <span class='ocrx_word' id='word_1_38' title='bbox 875 770 1173 831; x_wconf 90' lang='lat' dir='ltr'><strong>laboribus</strong></span> <span class='ocrx_word' id='word_1_39' title='bbox 1196 778 1448 849; x_wconf 79' lang='lat' dir='ltr'><strong>augendi</strong></span> <span class='ocrx_word' id='word_1_40' title='bbox 1474 778 1530 832; x_wconf 93' lang='lat' dir='ltr'><strong>in</strong></span> <span class='ocrx_word' id='word_1_41' title='bbox 1554 778 1738 837; x_wconf 91' lang='lat' dir='ltr'><strong>altum</strong></span> <span class='ocrx_word' id='word_1_42' title='bbox 1763 783 2073 855; x_wconf 86' lang='lat' dir='ltr'><strong>respirave-</strong></span> 
     </span>
    </p>
   </div>
   <div class='ocr_carea' id='block_1_7' title="bbox 423 856 2069 945">
    <p class='ocr_par' dir='ltr' id='par_1_7' title="bbox 423 856 2069 945">
     <span class='ocr_line' id='line_1_7' title="bbox 423 856 2069 945; baseline 0.012 -35"><span class='ocrx_word' id='word_1_43' title='bbox 423 856 504 911; x_wconf 92' lang='lat' dir='ltr'><strong>rit</strong></span> <span class='ocrx_word' id='word_1_44' title='bbox 537 873 549 911; x_wconf 94' lang='lat'>:</span> <span class='ocrx_word' id='word_1_45' title='bbox 579 857 701 927; x_wconf 90' lang='lat' dir='ltr'><strong>jam</strong></span> <span class='ocrx_word' id='word_1_46' title='bbox 736 859 792 913; x_wconf 92' lang='lat' dir='ltr'><strong>in</strong></span> <span class='ocrx_word' id='word_1_47' title='bbox 826 859 1007 917; x_wconf 88' lang='lat' dir='ltr'><strong>latum</strong></span> <span class='ocrx_word' id='word_1_48' title='bbox 1057 861 1268 936; x_wconf 84' lang='lat' dir='ltr'><strong>incipit</strong></span> <span class='ocrx_word' id='word_1_49' title='bbox 1311 872 1696 938; x_wconf 80' lang='lat' dir='ltr'><strong>augmentum</strong></span> <span class='ocrx_word' id='word_1_50' title='bbox 1746 873 2069 945; x_wconf 89' lang='lat' dir='ltr'><strong>traducere,</strong></span> 
     </span>
    </p>
   </div>
   <div class='ocr_carea' id='block_1_8' title="bbox 426 945 2073 1026">
    <p class='ocr_par' dir='ltr' id='par_1_8' title="bbox 426 945 2073 1026">
     <span class='ocr_line' id='line_1_8' title="bbox 426 945 2073 1026; baseline 0.012 -26"><span class='ocrx_word' id='word_1_51' title='bbox 426 945 767 1019; x_wconf 66' lang='lat' dir='ltr'><strong>aediﬁciique</strong></span> <span class='ocrx_word' id='word_1_52' title='bbox 782 949 871 1004; x_wconf 90' lang='lat' dir='ltr'><strong>sui</strong></span> <span class='ocrx_word' id='word_1_53' title='bbox 888 950 1504 1026; x_wconf 85' lang='lat' dir='ltr'><strong>fastigium,tanquam</strong></span> <span class='ocrx_word' id='word_1_54' title='bbox 1524 958 1921 1017; x_wconf 88' lang='lat' dir='ltr'><strong>fundamentis</strong></span> <span class='ocrx_word' id='word_1_55' title='bbox 1938 964 2073 1018; x_wconf 87' lang='lat' dir='ltr'><strong>sub-</strong></span> 
     </span>
    </p>
   </div>
   <div class='ocr_carea' id='block_1_9' title="bbox 425 1037 2067 1124">
    <p class='ocr_par' dir='ltr' id='par_1_9' title="bbox 425 1037 2067 1124">
     <span class='ocr_line' id='line_1_9' title="bbox 425 1037 2067 1124; baseline 0.012 -35"><span class='ocrx_word' id='word_1_56' title='bbox 425 1037 623 1091; x_wconf 78' lang='lat' dir='ltr'><strong>stratis</strong></span> <span class='ocrx_word' id='word_1_57' title='bbox 655 1037 877 1105; x_wconf 86' lang='lat' dir='ltr'><strong>fulcire,</strong></span> <span class='ocrx_word' id='word_1_58' title='bbox 901 1056 1220 1113; x_wconf 86' lang='lat' dir='ltr'><strong>crassaque</strong></span> <span class='ocrx_word' id='word_1_59' title='bbox 1251 1044 1309 1099; x_wconf 91' lang='lat' dir='ltr'><strong>in</strong></span> <span class='ocrx_word' id='word_1_60' title='bbox 1351 1046 1549 1102; x_wconf 91' lang='lat' dir='ltr'><strong>orbem</strong></span> <span class='ocrx_word' id='word_1_61' title='bbox 1582 1049 1830 1119; x_wconf 83' lang='lat' dir='ltr'><strong>adjicere</strong></span> <span class='ocrx_word' id='word_1_62' title='bbox 1862 1053 2067 1124; x_wconf 84' lang='lat' dir='ltr'><strong>pergit,</strong></span> 
     </span>
    </p>
   </div>
   <div class='ocr_carea' id='block_1_10' title="bbox 422 1126 2071 1210">
    <p class='ocr_par' dir='ltr' id='par_1_10' title="bbox 422 1126 2071 1210">
     <span class='ocr_line' id='line_1_10' title="bbox 422 1126 2071 1210; baseline 0.013 -32"><span class='ocrx_word' id='word_1_63' title='bbox 422 1130 597 1196; x_wconf 89' lang='lat' dir='ltr'><strong>atque</strong></span> <span class='ocrx_word' id='word_1_64' title='bbox 630 1126 686 1180; x_wconf 90' lang='lat' dir='ltr'><strong>in</strong></span> <span class='ocrx_word' id='word_1_65' title='bbox 717 1144 853 1183; x_wconf 91' lang='lat' dir='ltr'><strong>eum</strong></span> <span class='ocrx_word' id='word_1_66' title='bbox 902 1131 1142 1186; x_wconf 90' lang='lat' dir='ltr'><strong>modum</strong></span> <span class='ocrx_word' id='word_1_67' title='bbox 1193 1135 1461 1191; x_wconf 88' lang='lat' dir='ltr'><strong>membra</strong></span> <span class='ocrx_word' id='word_1_68' title='bbox 1490 1138 1749 1210; x_wconf 89' lang='lat' dir='ltr'><strong>corporis</strong></span> <span class='ocrx_word' id='word_1_69' title='bbox 1798 1142 2071 1198; x_wconf 89' lang='lat' dir='ltr'><strong>roborare</strong></span> 
     </span>
    </p>
   </div>
   <div class='ocr_carea' id='block_1_11' title="bbox 420 1216 2067 1301">
    <p class='ocr_par' dir='ltr' id='par_1_11' title="bbox 420 1216 2067 1301">
     <span class='ocr_line' id='line_1_11' title="bbox 420 1216 2067 1301; baseline 0.012 -32"><span class='ocrx_word' id='word_1_70' title='bbox 420 1218 596 1286; x_wconf 90' lang='lat' dir='ltr'><strong>atque</strong></span> <span class='ocrx_word' id='word_1_71' title='bbox 619 1216 891 1287; x_wconf 82' lang='lat' dir='ltr'><strong>formare,</strong></span> <span class='ocrx_word' id='word_1_72' title='bbox 910 1225 966 1273; x_wconf 86' lang='lat' dir='ltr'><strong>et</strong></span> <span class='ocrx_word' id='word_1_73' title='bbox 996 1219 1052 1273; x_wconf 93' lang='lat' dir='ltr'><strong>in</strong></span> <span class='ocrx_word' id='word_1_74' title='bbox 1077 1222 1465 1281; x_wconf 76' lang='lat' dir='ltr'><strong>robustiorem</strong></span> <span class='ocrx_word' id='word_1_75' title='bbox 1489 1231 1705 1284; x_wconf 84' lang='lat' dir='ltr'><strong>statum</strong></span> <span class='ocrx_word' id='word_1_76' title='bbox 1734 1232 2067 1301; x_wconf 87' lang='lat' dir='ltr'><strong>perducere.</strong></span> 
     </span>
    </p>
   </div>
   <div class='ocr_carea' id='block_1_12' title="bbox 419 1303 2071 1393">
    <p class='ocr_par' dir='ltr' id='par_1_12' title="bbox 419 1303 2071 1393">
     <span class='ocr_line' id='line_1_12' title="bbox 419 1303 2071 1393; baseline 0.013 -38"><span class='ocrx_word' id='word_1_77' title='bbox 419 1303 553 1375; x_wconf 77' lang='lat' dir='ltr'><strong>Agit</strong></span> <span class='ocrx_word' id='word_1_78' title='bbox 582 1303 705 1359; x_wconf 76' lang='lat' dir='ltr'><strong>haec</strong></span> <span class='ocrx_word' id='word_1_79' title='bbox 736 1306 998 1376; x_wconf 87' lang='lat' dir='ltr'><strong>quotidie</strong></span> <span class='ocrx_word' id='word_1_80' title='bbox 1042 1316 1255 1368; x_wconf 90' lang='lat' dir='ltr'><strong>natura</strong></span> <span class='ocrx_word' id='word_1_81' title='bbox 1293 1314 1769 1388; x_wconf 69' lang='lat' dir='ltr'><strong>impraatermisse</strong></span> <span class='ocrx_word' id='word_1_82' title='bbox 1801 1337 1907 1375; x_wconf 88' lang='lat' dir='ltr'><strong>suo</strong></span> <span class='ocrx_word' id='word_1_83' title='bbox 1940 1321 2071 1393; x_wconf 81' lang='lat' dir='ltr'><strong>ipsa</strong></span> 
     </span>
    </p>
   </div>
   <div class='ocr_carea' id='block_1_13' title="bbox 418 1392 2066 1481">
    <p class='ocr_par' dir='ltr' id='par_1_13' title="bbox 418 1392 2066 1481">
     <span class='ocr_line' id='line_1_13' title="bbox 418 1392 2066 1481; baseline 0.013 -36"><span class='ocrx_word' id='word_1_84' title='bbox 418 1392 645 1461; x_wconf 90' lang='lat' dir='ltr'><strong>ordine,</strong></span> <span class='ocrx_word' id='word_1_85' title='bbox 670 1394 770 1449; x_wconf 87' lang='lat' dir='ltr'><strong>sed</strong></span> <span class='ocrx_word' id='word_1_86' title='bbox 804 1398 995 1467; x_wconf 89' lang='lat' dir='ltr'><strong>cujus,</strong></span> <span class='ocrx_word' id='word_1_87' title='bbox 1023 1415 1091 1454; x_wconf 84' lang='lat' dir='ltr'><strong>ex</strong></span> <span class='ocrx_word' id='word_1_88' title='bbox 1121 1409 1405 1475; x_wconf 65' lang='lat' dir='ltr'><strong>precepto</strong></span> <span class='ocrx_word' id='word_1_89' title='bbox 1431 1407 1728 1463; x_wconf 91' lang='lat' dir='ltr'><strong>Dominico</strong></span> <span class='ocrx_word' id='word_1_90' title='bbox 1759 1409 1917 1481; x_wconf 90' lang='lat' dir='ltr'><strong>erigo</strong></span> <span class='ocrx_word' id='word_1_91' title='bbox 1949 1414 2066 1479; x_wconf 89' lang='lat' dir='ltr'><strong>est;</strong></span> 
     </span>
    </p>
   </div>
   <div class='ocr_carea' id='block_1_14' title="bbox 418 1483 2072 1570">
    <p class='ocr_par' dir='ltr' id='par_1_14' title="bbox 418 1483 2072 1570">
     <span class='ocr_line' id='line_1_14' title="bbox 418 1483 2072 1570; baseline 0.013 -36"><span class='ocrx_word' id='word_1_92' title='bbox 418 1498 486 1536; x_wconf 92' lang='lat' dir='ltr'><strong>ac</strong></span> <span class='ocrx_word' id='word_1_93' title='bbox 515 1485 657 1537; x_wconf 89' lang='lat' dir='ltr'><strong>tunc</strong></span> <span class='ocrx_word' id='word_1_94' title='bbox 688 1483 1003 1555; x_wconf 86' lang='lat' dir='ltr'><strong>prolatum,</strong></span> <span class='ocrx_word' id='word_1_95' title='bbox 1038 1505 1141 1561; x_wconf 91' lang='lat' dir='ltr'><strong>per</strong></span> <span class='ocrx_word' id='word_1_96' title='bbox 1170 1507 1400 1549; x_wconf 89' lang='lat' dir='ltr'><strong>omnem</strong></span> <span class='ocrx_word' id='word_1_97' title='bbox 1433 1495 1491 1550; x_wconf 92' lang='lat' dir='ltr'><strong>in</strong></span> <span class='ocrx_word' id='word_1_98' title='bbox 1525 1495 1700 1552; x_wconf 86' lang='lat' dir='ltr'><strong>ﬁnem</strong></span> <span class='ocrx_word' id='word_1_99' title='bbox 1735 1516 1917 1568; x_wconf 84' lang='lat' dir='ltr'><strong>usque</strong></span> <span class='ocrx_word' id='word_1_100' title='bbox 1950 1517 2072 1570; x_wconf 86' lang='lat' dir='ltr'><strong>per-</strong></span> 
     </span>
    </p>
   </div>
   <div class='ocr_carea' id='block_1_15' title="bbox 418 1574 2071 1658">
    <p class='ocr_par' dir='ltr' id='par_1_15' title="bbox 418 1574 2071 1658">
     <span class='ocr_line' id='line_1_15' title="bbox 418 1574 2071 1658; baseline 0.015 -35"><span class='ocrx_word' id='word_1_101' title='bbox 418 1574 596 1641; x_wconf 89' lang='lat' dir='ltr'><strong>petuo</strong></span> <span class='ocrx_word' id='word_1_102' title='bbox 628 1577 954 1631; x_wconf 80' lang='lat' dir='ltr'><strong>creaturam</strong></span> <span class='ocrx_word' id='word_1_103' title='bbox 986 1585 1288 1648; x_wconf 82' lang='lat' dir='ltr'><strong>grassatur</strong></span> <span class='ocrx_word' id='word_1_104' title='bbox 1319 1599 1330 1638; x_wconf 91' lang='lat'><strong>:</strong></span> <span class='ocrx_word' id='word_1_105' title='bbox 1363 1586 1616 1653; x_wconf 75' lang='lat' dir='ltr'><strong>Crescite,</strong></span> <span class='ocrx_word' id='word_1_106' title='bbox 1650 1592 1702 1643; x_wconf 87' lang='lat' dir='ltr'><strong>et</strong></span> <span class='ocrx_word' id='word_1_107' title='bbox 1731 1590 2071 1658; x_wconf 71' lang='lat' dir='ltr'><strong>multiplica-</strong></span> 
     </span>
    </p>
   </div>
   <div class='ocr_carea' id='block_1_16' title="bbox 346 1660 2065 1739">
    <p class='ocr_par' dir='ltr' id='par_1_16' title="bbox 346 1660 2065 1739">
     <span class='ocr_line' id='line_1_16' title="bbox 346 1660 2065 1739; baseline 0.016 -28"><span class='ocrx_word' id='word_1_108' title='bbox 346 1664 349 1667; x_wconf 73' lang='lat'><em>‘</em></span> <span class='ocrx_word' id='word_1_109' title='bbox 415 1660 582 1715; x_wconf 74' lang='lat' dir='ltr'><strong>mini.</strong></span> <span class='ocrx_word' id='word_1_110' title='bbox 619 1660 872 1729; x_wconf 64' lang='lat' dir='ltr'><strong>Crescite,</strong></span> <span class='ocrx_word' id='word_1_111' title='bbox 906 1665 1117 1739; x_wconf 88' lang='lat' dir='ltr'><strong>inquit,</strong></span> <span class='ocrx_word' id='word_1_112' title='bbox 1150 1686 1222 1725; x_wconf 91' lang='lat' dir='ltr'><strong>ne</strong></span> <span class='ocrx_word' id='word_1_113' title='bbox 1253 1671 1311 1726; x_wconf 91' lang='lat' dir='ltr'><strong>in</strong></span> <span class='ocrx_word' id='word_1_114' title='bbox 1344 1689 1459 1729; x_wconf 89' lang='lat' dir='ltr'><strong>uno</strong></span> <span class='ocrx_word' id='word_1_115' title='bbox 1494 1680 1705 1733; x_wconf 91' lang='lat' dir='ltr'><strong>natura</strong></span> <span class='ocrx_word' id='word_1_116' title='bbox 1736 1679 2065 1737; x_wconf 85' lang='lat' dir='ltr'><strong>deﬁniatur.</strong></span> 
     </span>
    </p>
   </div>
   <div class='ocr_carea' id='block_1_17' title="bbox 419 1747 2065 1834">
    <p class='ocr_par' dir='ltr' id='par_1_17' title="bbox 419 1747 2065 1834">
     <span class='ocr_line' id='line_1_17' title="bbox 419 1747 2065 1834; baseline 0.016 -33"><span class='ocrx_word' id='word_1_117' title='bbox 419 1747 903 1820; x_wconf 77' lang='lat' dir='ltr'><strong>Multiplicamini,</strong></span> <span class='ocrx_word' id='word_1_118' title='bbox 938 1772 1009 1811; x_wconf 92' lang='lat' dir='ltr'><strong>ne</strong></span> <span class='ocrx_word' id='word_1_119' title='bbox 1059 1758 1131 1812; x_wconf 90' lang='lat' dir='ltr'><strong>ad</strong></span> <span class='ocrx_word' id='word_1_120' title='bbox 1186 1776 1366 1817; x_wconf 90' lang='lat' dir='ltr'><strong>unum</strong></span> <span class='ocrx_word' id='word_1_121' title='bbox 1407 1763 1712 1834; x_wconf 83' lang='lat' dir='ltr'><strong>duntaxat,</strong></span> <span class='ocrx_word' id='word_1_122' title='bbox 1743 1771 1842 1823; x_wconf 88' lang='lat' dir='ltr'><strong>sed</strong></span> <span class='ocrx_word' id='word_1_123' title='bbox 1894 1774 1949 1826; x_wconf 88' lang='lat' dir='ltr'><strong>et</strong></span> <span class='ocrx_word' id='word_1_124' title='bbox 1994 1772 2065 1827; x_wconf 88' lang='lat' dir='ltr'><strong>ad</strong></span> 
     </span>
    </p>
   </div>
   <div class='ocr_carea' id='block_1_18' title="bbox 2186 604 3839 683">
    <p class='ocr_par' dir='ltr' id='par_1_18' title="bbox 2186 604 3839 683">
     <span class='ocr_line' id='line_1_18' title="bbox 2186 604 3839 683; baseline 0.002 -22"><span class='ocrx_word' id='word_1_125' title='bbox 2186 604 2681 682; x_wconf 85' lang='grc' dir='ltr'>συναπολαμϐάνει’</span> <span class='ocrx_word' id='word_1_126' title='bbox 2731 607 2809 665; x_wconf 66' lang='grc' dir='ltr'>ἔτι</span> <span class='ocrx_word' id='word_1_127' title='bbox 2855 607 2913 665; x_wconf 73' lang='grc' dir='ltr'><strong>δὲ</strong></span> <span class='ocrx_word' id='word_1_128' title='bbox 2970 611 3058 665; x_wconf 82' lang='grc' dir='ltr'><strong>καὶ</strong></span> <span class='ocrx_word' id='word_1_129' title='bbox 3108 608 3183 673; x_wconf 65' lang='grc' dir='ltr'>εἷς</span> <span class='ocrx_word' id='word_1_130' title='bbox 3215 616 3393 683; x_wconf 80' lang='grc' dir='ltr'>μῆκος</span> <span class='ocrx_word' id='word_1_131' title='bbox 3425 611 3459 678; x_wconf 77' lang='grc' dir='ltr'><strong>ἡ</strong></span> <span class='ocrx_word' id='word_1_132' title='bbox 3495 606 3839 672; x_wconf 87' lang='grc' dir='ltr'>διανάστασις</span> 
     </span>
    </p>
   </div>
   <div class='ocr_carea' id='block_1_19' title="bbox 2181 696 3835 777">
    <p class='ocr_par' dir='ltr' id='par_1_19' title="bbox 2181 696 3835 777">
     <span class='ocr_line' id='line_1_19' title="bbox 2181 696 3835 777; baseline 0.003 -27"><span class='ocrx_word' id='word_1_133' title='bbox 2181 701 2281 751; x_wconf 76' lang='grc' dir='ltr'><strong>τοῦ</strong></span> <span class='ocrx_word' id='word_1_134' title='bbox 2315 699 2569 771; x_wconf 83' lang='grc' dir='ltr'>σώματος</span> <span class='ocrx_word' id='word_1_135' title='bbox 2630 699 2728 755; x_wconf 79' lang='grc' dir='ltr'>οὐκ</span> <span class='ocrx_word' id='word_1_136' title='bbox 2783 699 3076 777; x_wconf 70' lang='grc' dir='ltr'>ἐπιγίνεται</span> <span class='ocrx_word' id='word_1_137' title='bbox 3133 698 3267 773; x_wconf 84' lang='grc' dir='ltr'><strong>μετά</strong></span> <span class='ocrx_word' id='word_1_138' title='bbox 3305 700 3407 769; x_wconf 73' lang='grc' dir='ltr'><strong>τὴν</strong></span> <span class='ocrx_word' id='word_1_139' title='bbox 3456 698 3643 774; x_wconf 83' lang='grc' dir='ltr'><strong>τρίτην</strong></span> <span class='ocrx_word' id='word_1_140' title='bbox 3677 696 3835 755; x_wconf 68' lang='grc' dir='ltr'>ἑϐδο-</span> 
     </span>
    </p>
   </div>
   <div class='ocr_carea' id='block_1_20' title="bbox 2187 783 3833 867">
    <p class='ocr_par' dir='ltr' id='par_1_20' title="bbox 2187 783 3833 867">
     <span class='ocr_line' id='line_1_20' title="bbox 2187 783 3833 867; baseline 0.001 -26"><span class='ocrx_word' id='word_1_141' title='bbox 2187 783 2350 860; x_wconf 83' lang='grc' dir='ltr'>μάδα.</span> <span class='ocrx_word' id='word_1_142' title='bbox 2408 786 2654 845; x_wconf 78' lang='grc' dir='ltr'><strong>Ἐπειδὰν</strong></span> <span class='ocrx_word' id='word_1_143' title='bbox 2706 787 2765 845; x_wconf 72' lang='grc' dir='ltr'><strong>δὲ</strong></span> <span class='ocrx_word' id='word_1_144' title='bbox 2794 789 3098 866; x_wconf 75' lang='grc' dir='ltr'>ἆναπνεύσῃ</span> <span class='ocrx_word' id='word_1_145' title='bbox 3146 791 3181 859; x_wconf 77' lang='grc' dir='ltr'><strong>ἡ</strong></span> <span class='ocrx_word' id='word_1_146' title='bbox 3238 787 3394 867; x_wconf 77' lang='grc' dir='ltr'>φύσις</span> <span class='ocrx_word' id='word_1_147' title='bbox 3424 788 3532 844; x_wconf 83' lang='grc' dir='ltr'><strong>τῶν</strong></span> <span class='ocrx_word' id='word_1_148' title='bbox 3573 789 3833 861; x_wconf 81' lang='grc' dir='ltr'><strong>καμάτων</strong></span> 
     </span>
    </p>
   </div>
   <div class='ocr_carea' id='block_1_21' title="bbox 2181 874 3836 954">
    <p class='ocr_par' dir='ltr' id='par_1_21' title="bbox 2181 874 3836 954">
     <span class='ocr_line' id='line_1_21' title="bbox 2181 874 3836 954; baseline 0 -23"><span class='ocrx_word' id='word_1_149' title='bbox 2181 882 2283 944; x_wconf 83' lang='grc' dir='ltr'><strong>τῆς</strong></span> <span class='ocrx_word' id='word_1_150' title='bbox 2330 874 2418 931; x_wconf 80' lang='grc' dir='ltr'>ἐπὶ</span> <span class='ocrx_word' id='word_1_151' title='bbox 2465 877 2528 932; x_wconf 88' lang='grc' dir='ltr'>τὸ</span> <span class='ocrx_word' id='word_1_152' title='bbox 2577 876 2688 933; x_wconf 73' lang='grc' dir='ltr'>ἄνω</span> <span class='ocrx_word' id='word_1_153' title='bbox 2736 878 3033 950; x_wconf 76' lang='grc' dir='ltr'>αὐξήσεως,</span> <span class='ocrx_word' id='word_1_154' title='bbox 3094 876 3319 954; x_wconf 75' lang='grc' dir='ltr'>ἄρχεται</span> <span class='ocrx_word' id='word_1_155' title='bbox 3378 875 3575 933; x_wconf 83' lang='grc' dir='ltr'>λοιπὸν</span> <span class='ocrx_word' id='word_1_156' title='bbox 3633 876 3713 939; x_wconf 71' lang='grc' dir='ltr'>εἷς</span> <span class='ocrx_word' id='word_1_157' title='bbox 3770 879 3836 932; x_wconf 73' lang='grc' dir='ltr'><strong>τά</strong></span> 
     </span>
    </p>
   </div>
   <div class='ocr_carea' id='block_1_22' title="bbox 2181 962 3830 1043">
    <p class='ocr_par' dir='ltr' id='par_1_22' title="bbox 2181 962 3830 1043">
     <span class='ocr_line' id='line_1_22' title="bbox 2181 962 3830 1043; baseline 0.001 -23"><span class='ocrx_word' id='word_1_158' title='bbox 2181 963 2361 1038; x_wconf 86' lang='grc' dir='ltr'>πλάτη</span> <span class='ocrx_word' id='word_1_159' title='bbox 2391 962 2723 1038; x_wconf 80' lang='grc' dir='ltr'>διαϐιϐάζειν</span> <span class='ocrx_word' id='word_1_160' title='bbox 2776 970 2876 1039; x_wconf 80' lang='grc' dir='ltr'><strong>τήν</strong></span> <span class='ocrx_word' id='word_1_161' title='bbox 2934 966 3178 1041; x_wconf 68' lang='grc' dir='ltr'>αὔξησιν,</span> <span class='ocrx_word' id='word_1_162' title='bbox 3228 967 3318 1023; x_wconf 84' lang='lat' dir='ltr'><strong>xui</strong></span> <span class='ocrx_word' id='word_1_163' title='bbox 3351 966 3517 1023; x_wconf 73' lang='grc' dir='ltr'>οἷονεί</span> <span class='ocrx_word' id='word_1_164' title='bbox 3542 968 3830 1043; x_wconf 78' lang='grc' dir='ltr'>περιθεμε·</span> 
     </span>
    </p>
   </div>
   <div class='ocr_carea' id='block_1_23' title="bbox 2181 1051 3833 1134">
    <p class='ocr_par' dir='ltr' id='par_1_23' title="bbox 2181 1051 3833 1134">
     <span class='ocr_line' id='line_1_23' title="bbox 2181 1051 3833 1134; baseline 0.002 -27"><span class='ocrx_word' id='word_1_165' title='bbox 2181 1051 2335 1110; x_wconf 81' lang='grc' dir='ltr'>λιοῦν</span> <span class='ocrx_word' id='word_1_166' title='bbox 2366 1056 2433 1111; x_wconf 79' lang='grc' dir='ltr'><strong>τά</strong></span> <span class='ocrx_word' id='word_1_167' title='bbox 2491 1057 2789 1130; x_wconf 68' lang='grc' dir='ltr'>ὑψωθᾶντα,</span> <span class='ocrx_word' id='word_1_168' title='bbox 2823 1057 2912 1113; x_wconf 87' lang='grc' dir='ltr'><strong>καὶ</strong></span> <span class='ocrx_word' id='word_1_169' title='bbox 2942 1059 3096 1134; x_wconf 87' lang='grc' dir='ltr'>πάχη</span> <span class='ocrx_word' id='word_1_170' title='bbox 3130 1057 3315 1120; x_wconf 74' lang='grc' dir='ltr'>αὐτοῖς</span> <span class='ocrx_word' id='word_1_171' title='bbox 3356 1058 3709 1133; x_wconf 77' lang='grc' dir='ltr'>περιτιθὲναι,</span> <span class='ocrx_word' id='word_1_172' title='bbox 3742 1056 3833 1112; x_wconf 83' lang='grc' dir='ltr'><strong>καὶ</strong></span> 
     </span>
    </p>
   </div>
   <div class='ocr_carea' id='block_1_24' title="bbox 2180 1142 3830 1223">
    <p class='ocr_par' dir='ltr' id='par_1_24' title="bbox 2180 1142 3830 1223">
     <span class='ocr_line' id='line_1_24' title="bbox 2180 1142 3830 1223; baseline 0.002 -26"><span class='ocrx_word' id='word_1_173' title='bbox 2180 1142 2327 1199; x_wconf 69' lang='grc' dir='ltr'>οὕτω</span> <span class='ocrx_word' id='word_1_174' title='bbox 2359 1145 2606 1222; x_wconf 66' lang='grc' dir='ltr'>στερεῶν</span> <span class='ocrx_word' id='word_1_175' title='bbox 2629 1148 2719 1202; x_wconf 85' lang='grc' dir='ltr'><strong>καὶ</strong></span> <span class='ocrx_word' id='word_1_176' title='bbox 2768 1146 3045 1223; x_wconf 78' lang='grc' dir='ltr'>κρατύνειν</span> <span class='ocrx_word' id='word_1_177' title='bbox 3096 1152 3193 1203; x_wconf 73' lang='grc' dir='ltr'><strong>τοῦ</strong></span> <span class='ocrx_word' id='word_1_178' title='bbox 3248 1147 3504 1220; x_wconf 82' lang='grc' dir='ltr'>σώματος</span> <span class='ocrx_word' id='word_1_179' title='bbox 3548 1145 3616 1201; x_wconf 85' lang='grc' dir='ltr'><strong>τά</strong></span> <span class='ocrx_word' id='word_1_180' title='bbox 3662 1143 3830 1221; x_wconf 72' lang='grc' dir='ltr'>μὲλη,</span> 
     </span>
    </p>
   </div>
   <div class='ocr_carea' id='block_1_25' title="bbox 2177 1233 3836 1314">
    <p class='ocr_par' dir='ltr' id='par_1_25' title="bbox 2177 1233 3836 1314">
     <span class='ocr_line' id='line_1_25' title="bbox 2177 1233 3836 1314; baseline 0.001 -27"><span class='ocrx_word' id='word_1_181' title='bbox 2177 1233 2269 1288; x_wconf 84' lang='grc' dir='ltr'><strong>καὶ</strong></span> <span class='ocrx_word' id='word_1_182' title='bbox 2319 1233 2393 1297; x_wconf 72' lang='lat' dir='ltr'><strong>sic</strong></span> <span class='ocrx_word' id='word_1_183' title='bbox 2443 1236 2504 1290; x_wconf 86' lang='grc' dir='ltr'>τὸ</span> <span class='ocrx_word' id='word_1_184' title='bbox 2555 1235 2985 1314; x_wconf 75' lang='grc' dir='ltr'>ῥωμαλεώτερον</span> <span class='ocrx_word' id='word_1_185' title='bbox 3032 1237 3418 1308; x_wconf 77' lang='grc' dir='ltr'>ἀποκαθιστᾷν.</span> <span class='ocrx_word' id='word_1_186' title='bbox 3473 1236 3655 1294; x_wconf 80' lang='grc' dir='ltr'><strong>Ταῦτα</strong></span> <span class='ocrx_word' id='word_1_187' title='bbox 3684 1239 3836 1290; x_wconf 83' lang='grc' dir='ltr'>ποιεῖ</span> 
     </span>
    </p>
   </div>
   <div class='ocr_carea' id='block_1_26' title="bbox 2183 1323 3831 1401">
    <p class='ocr_par' dir='ltr' id='par_1_26' title="bbox 2183 1323 3831 1401">
     <span class='ocr_line' id='line_1_26' title="bbox 2183 1323 3831 1401; baseline 0 -23"><span class='ocrx_word' id='word_1_188' title='bbox 2183 1324 2276 1395; x_wconf 71' lang='grc' dir='ltr'>μὲν</span> <span class='ocrx_word' id='word_1_189' title='bbox 2328 1323 2582 1380; x_wconf 67' lang='grc' dir='ltr'>ἑκάστοτε</span> <span class='ocrx_word' id='word_1_190' title='bbox 2629 1327 2664 1395; x_wconf 78' lang='grc' dir='ltr'>ἡ</span> <span class='ocrx_word' id='word_1_191' title='bbox 2702 1326 2858 1401; x_wconf 76' lang='grc' dir='ltr'>φύσις</span> <span class='ocrx_word' id='word_1_192' title='bbox 2905 1324 3327 1401; x_wconf 82' lang='grc' dir='ltr'>ἀπαραλείπτως</span> <span class='ocrx_word' id='word_1_193' title='bbox 3357 1326 3496 1380; x_wconf 76' lang='grc' dir='ltr'>κατὰ</span> <span class='ocrx_word' id='word_1_194' title='bbox 3549 1326 3648 1393; x_wconf 76' lang='grc' dir='ltr'>τὴν</span> <span class='ocrx_word' id='word_1_195' title='bbox 3708 1326 3831 1379; x_wconf 68' lang='grc' dir='ltr'>ἔαυ-</span> 
     </span>
    </p>
   </div>
   <div class='ocr_carea' id='block_1_27' title="bbox 2177 1411 3832 1491">
    <p class='ocr_par' dir='ltr' id='par_1_27' title="bbox 2177 1411 3832 1491">
     <span class='ocr_line' id='line_1_27' title="bbox 2177 1411 3832 1491; baseline 0.001 -24"><span class='ocrx_word' id='word_1_196' title='bbox 2177 1418 2277 1481; x_wconf 84' lang='grc' dir='ltr'><strong>τῆς</strong></span> <span class='ocrx_word' id='word_1_197' title='bbox 2337 1411 2689 1468; x_wconf 76' lang='grc' dir='ltr'>ἀκολουθίανο</span> <span class='ocrx_word' id='word_1_198' title='bbox 2750 1413 2955 1491; x_wconf 74' lang='grc' dir='ltr'>ἐγένετο</span> <span class='ocrx_word' id='word_1_199' title='bbox 3015 1413 3073 1470; x_wconf 69' lang='grc' dir='ltr'><strong>δὶ</strong></span> <span class='ocrx_word' id='word_1_200' title='bbox 3120 1414 3170 1488; x_wconf 75' lang='grc' dir='ltr'>ἐξ</span> <span class='ocrx_word' id='word_1_201' title='bbox 3220 1414 3401 1490; x_wconf 72' lang='grc' dir='ltr'>ἀρχῆς</span> <span class='ocrx_word' id='word_1_202' title='bbox 3455 1412 3832 1490; x_wconf 79' lang='grc' dir='ltr'>προσ-τάγματι</span> 
     </span>
    </p>
   </div>
   <div class='ocr_carea' id='block_1_28' title="bbox 2182 1497 3831 1574">
    <p class='ocr_par' dir='ltr' id='par_1_28' title="bbox 2182 1497 3831 1574">
     <span class='ocr_line' id='line_1_28' title="bbox 2182 1497 3831 1574; baseline 0.002 -20"><span class='ocrx_word' id='word_1_203' title='bbox 2182 1497 2506 1574; x_wconf 81' lang='grc' dir='ltr'>δεσποτικῳ,</span> <span class='ocrx_word' id='word_1_204' title='bbox 2565 1502 2655 1557; x_wconf 81' lang='grc' dir='ltr'><strong>καὶ</strong></span> <span class='ocrx_word' id='word_1_205' title='bbox 2715 1502 2837 1558; x_wconf 81' lang='grc' dir='ltr'>τότε</span> <span class='ocrx_word' id='word_1_206' title='bbox 2895 1500 3158 1574; x_wconf 80' lang='grc' dir='ltr'>λαληθὶν,</span> <span class='ocrx_word' id='word_1_207' title='bbox 3214 1500 3303 1558; x_wconf 78' lang='grc' dir='ltr'>διὰ</span> <span class='ocrx_word' id='word_1_208' title='bbox 3354 1504 3535 1572; x_wconf 81' lang='grc' dir='ltr'>πάσης</span> <span class='ocrx_word' id='word_1_209' title='bbox 3595 1501 3676 1557; x_wconf 79' lang='grc' dir='ltr'><strong>ἀεὶ</strong></span> <span class='ocrx_word' id='word_1_210' title='bbox 3732 1505 3831 1572; x_wconf 76' lang='grc' dir='ltr'><strong>τῆς</strong></span> 
     </span>
    </p>
   </div>
   <div class='ocr_carea' id='block_1_29' title="bbox 2178 1589 3830 1669">
    <p class='ocr_par' dir='ltr' id='par_1_29' title="bbox 2178 1589 3830 1669">
     <span class='ocr_line' id='line_1_29' title="bbox 2178 1589 3830 1669; baseline 0.002 -26"><span class='ocrx_word' id='word_1_211' title='bbox 2178 1589 2405 1652; x_wconf 89' lang='grc' dir='ltr'>κτίσεως</span> <span class='ocrx_word' id='word_1_212' title='bbox 2468 1592 2633 1667; x_wconf 71' lang='grc' dir='ltr'>μέχρι</span> <span class='ocrx_word' id='word_1_213' title='bbox 2686 1590 2879 1654; x_wconf 64' lang='grc' dir='ltr'>τέλους</span> <span class='ocrx_word' id='word_1_214' title='bbox 2935 1597 3131 1669; x_wconf 84' lang='grc' dir='ltr'>χωρεῖ.</span> <span class='ocrx_word' id='word_1_215' title='bbox 3190 1591 3490 1664; x_wconf 79' lang='grc' dir='ltr'>Αὐξάνεσθε</span> <span class='ocrx_word' id='word_1_216' title='bbox 3544 1590 3635 1645; x_wconf 82' lang='grc' dir='ltr'><strong>καὶ</strong></span> <span class='ocrx_word' id='word_1_217' title='bbox 3683 1590 3830 1661; x_wconf 85' lang='grc' dir='ltr'>πλη-</span> 
     </span>
    </p>
   </div>
   <div class='ocr_carea' id='block_1_30' title="bbox 2180 1676 3839 1757">
    <p class='ocr_par' dir='ltr' id='par_1_30' title="bbox 2180 1676 3839 1757">
     <span class='ocr_line' id='line_1_30' title="bbox 2180 1676 3839 1757; baseline 0.002 -27"><span class='ocrx_word' id='word_1_218' title='bbox 2180 1676 2415 1741; x_wconf 83' lang='grc' dir='ltr'>θύνεσθε.</span> <span class='ocrx_word' id='word_1_219' title='bbox 2475 1679 2779 1751; x_wconf 79' lang='grc' dir='ltr'>Αύξάνεσθε</span> <span class='ocrx_word' id='word_1_220' title='bbox 2828 1681 2951 1757; x_wconf 72' lang='grc' dir='ltr'>γὰρ,</span> <span class='ocrx_word' id='word_1_221' title='bbox 2985 1680 3138 1757; x_wconf 71' lang='grc' dir='ltr'>φησὶ,</span> <span class='ocrx_word' id='word_1_222' title='bbox 3193 1677 3285 1734; x_wconf 76' lang='grc' dir='ltr'>’ίνα</span> <span class='ocrx_word' id='word_1_223' title='bbox 3345 1680 3422 1753; x_wconf 84' lang='grc' dir='ltr'>μὴ</span> <span class='ocrx_word' id='word_1_224' title='bbox 3483 1678 3672 1742; x_wconf 67' lang='grc' dir='ltr'>ἀτελὲς</span> <span class='ocrx_word' id='word_1_225' title='bbox 3720 1676 3839 1734; x_wconf 82' lang='grc' dir='ltr'>δια-</span> 
     </span>
    </p>
   </div>
   <div class='ocr_carea' id='block_1_31' title="bbox 2182 1766 3832 1843">
    <p class='ocr_par' dir='ltr' id='par_1_31' title="bbox 2182 1766 3832 1843">
     <span class='ocr_line' id='line_1_31' title="bbox 2182 1766 3832 1843; baseline 0.002 -23"><span class='ocrx_word' id='word_1_226' title='bbox 2182 1767 2341 1843; x_wconf 75' lang='grc' dir='ltr'>μείνῃ</span> <span class='ocrx_word' id='word_1_227' title='bbox 2396 1769 2459 1824; x_wconf 87' lang='grc' dir='ltr'>τὸ</span> <span class='ocrx_word' id='word_1_228' title='bbox 2489 1770 2727 1843; x_wconf 88' lang='grc' dir='ltr'>ποίημα·</span> <span class='ocrx_word' id='word_1_229' title='bbox 2758 1768 3113 1841; x_wconf 79' lang='grc' dir='ltr'>πληθύνεσθε,</span> <span class='ocrx_word' id='word_1_230' title='bbox 3140 1767 3231 1824; x_wconf 79' lang='grc' dir='ltr'>’ίνα</span> <span class='ocrx_word' id='word_1_231' title='bbox 3292 1771 3369 1842; x_wconf 82' lang='grc' dir='ltr'>μή</span> <span class='ocrx_word' id='word_1_232' title='bbox 3431 1769 3508 1833; x_wconf 71' lang='grc' dir='ltr'>εἱς</span> <span class='ocrx_word' id='word_1_233' title='bbox 3534 1766 3652 1839; x_wconf 65' lang='grc' dir='ltr'>ἵνα,</span> <span class='ocrx_word' id='word_1_234' title='bbox 3685 1766 3832 1824; x_wconf 79' lang='grc' dir='ltr'>ἀλλὰ</span> 
     </span>
    </p>
   </div>
   <div class='ocr_carea' id='block_1_32' title="bbox 419 1834 2059 1957">
    <p class='ocr_par' dir='ltr' id='par_1_32' title="bbox 419 1834 2059 1957">
     <span class='ocr_line' id='line_1_32' title="bbox 419 1834 2059 1931; baseline 0.016 -41"><span class='ocrx_word' id='word_1_235' title='bbox 419 1834 619 1907; x_wconf 87' lang='lat' dir='ltr'><strong>plures</strong></span> <span class='ocrx_word' id='word_1_236' title='bbox 648 1855 835 1911; x_wconf 79' lang='lat' dir='ltr'><strong>genus</strong></span> <span class='ocrx_word' id='word_1_237' title='bbox 882 1851 1170 1902; x_wconf 85' lang='lat' dir='ltr'><strong>excurrat.</strong></span> <span class='ocrx_word' id='word_1_238' title='bbox 1204 1848 1367 1906; x_wconf 90' lang='lat' dir='ltr'><strong>Unde</strong></span> <span class='ocrx_word' id='word_1_239' title='bbox 1393 1856 1450 1907; x_wconf 89' lang='lat' dir='ltr'><strong>et</strong></span> <span class='ocrx_word' id='word_1_240' title='bbox 1480 1854 1692 1925; x_wconf 86' lang='lat' dir='ltr'><strong>adjecit</strong></span> <span class='ocrx_word' id='word_1_241' title='bbox 1724 1875 1736 1912; x_wconf 91' lang='lat'>:</span> <span class='ocrx_word' id='word_1_242' title='bbox 1773 1858 1835 1913; x_wconf 84' lang='lat' dir='ltr'><strong>Et</strong></span> <span class='ocrx_word' id='word_1_243' title='bbox 1867 1862 2059 1931; x_wconf 75' lang='lat' dir='ltr'><strong>replete</strong></span> 
     </span>
     <span class='ocr_line' id='line_1_33' title="bbox 420 1929 2031 1957; baseline 0 0"><span class='ocrx_word' id='word_1_244' title='bbox 420 1933 620 1957; x_wconf 57' lang='lat' dir='ltr'><strong>laneum</strong></span> <span class='ocrx_word' id='word_1_245' title='bbox 683 1929 889 1957; x_wconf 61' lang='lat' dir='ltr'><strong>D.-l-a-</strong></span> <span class='ocrx_word' id='word_1_246' title='bbox 917 1950 1043 1957; x_wconf 71' lang='lat'><strong>---_-</strong></span> <span class='ocrx_word' id='word_1_247' title='bbox 1095 1953 1201 1957; x_wconf 52' lang='grc' dir='ltr'><strong>..-μ</strong></span> <span class='ocrx_word' id='word_1_248' title='bbox 1243 1938 1266 1957; x_wconf 80' lang='lat' dir='ltr'><strong>L</strong></span> <span class='ocrx_word' id='word_1_249' title='bbox 1291 1940 1332 1957; x_wconf 31' lang='grc' dir='ltr'>κε</span> <span class='ocrx_word' id='word_1_250' title='bbox 1365 1941 1398 1957; x_wconf 83' lang='grc' dir='ltr'>ι.</span> <span class='ocrx_word' id='word_1_251' title='bbox 1449 1942 1485 1957; x_wconf 77' lang='grc' dir='ltr'>,ο</span> <span class='ocrx_word' id='word_1_252' title='bbox 1695 1947 1707 1957; x_wconf 89' lang='grc'>.</span> <span class='ocrx_word' id='word_1_253' title='bbox 1851 1949 1863 1957; x_wconf 90' lang='grc'><strong>.</strong></span> <span class='ocrx_word' id='word_1_254' title='bbox 1964 1949 1985 1957; x_wconf 73' lang='lat'><strong>-</strong></span> <span class='ocrx_word' id='word_1_255' title='bbox 2019 1949 2031 1957; x_wconf 91' lang='lat'><strong>.</strong></span> 
     </span>
    </p>
   </div>
   <div class='ocr_carea' id='block_1_33' title="bbox 2170 1834 3826 1957">
    <p class='ocr_par' dir='ltr' id='par_1_33' title="bbox 2177 1834 3826 1957">
     <span class='ocr_line' id='line_1_34' title="bbox 2177 1834 3826 1957; baseline 0.001 -46"><span class='ocrx_word' id='word_1_256' title='bbox 2177 1834 2266 1911; x_wconf 80' lang='grc' dir='ltr'><strong>καὶ</strong></span> <span class='ocrx_word' id='word_1_257' title='bbox 2405 1834 2653 1924; x_wconf 62' lang='grc' dir='ltr'>πολλούς</span> <span class='ocrx_word' id='word_1_258' title='bbox 2683 1834 2956 1936; x_wconf 79' lang='grc' dir='ltr'>διαδράμῃ</span> <span class='ocrx_word' id='word_1_259' title='bbox 2984 1860 3046 1914; x_wconf 79' lang='grc' dir='ltr'>τὸ</span> <span class='ocrx_word' id='word_1_260' title='bbox 3074 1834 3245 1957; x_wconf 63' lang='grc' dir='ltr'>γένος.</span> <span class='ocrx_word' id='word_1_261' title='bbox 3277 1834 3371 1957; x_wconf 44' lang='grc' dir='ltr'><strong>ᾁιὲί</strong></span> <span class='ocrx_word' id='word_1_262' title='bbox 3420 1858 3540 1957; x_wconf 52' lang='lat' dir='ltr'><strong>xui“</strong></span> <span class='ocrx_word' id='word_1_263' title='bbox 3564 1834 3826 1957; x_wconf 64' lang='grc' dir='ltr'>ἐπήγαγεέ</span> 
     </span>
    </p>
   </div>
   <div class='ocr_carea' id='block_1_34' title="bbox 416 1929 2063 2011">
    <p class='ocr_par' dir='ltr' id='par_1_34' title="bbox 416 1929 2063 2011">
     <span class='ocr_line' id='line_1_35' title="bbox 416 1929 2063 2011; baseline 0.015 -30"><span class='ocrx_word' id='word_1_264' title='bbox 416 1933 642 1983; x_wconf 83' lang='lat' dir='ltr'><strong>terram.</strong></span> <span class='ocrx_word' id='word_1_265' title='bbox 675 1929 889 2000; x_wconf 81' lang='lat' dir='ltr'><strong>Replete</strong></span> <span class='ocrx_word' id='word_1_266' title='bbox 917 1950 1068 2000; x_wconf 86' lang='lat' dir='ltr'><strong>vero,</strong></span> <span class='ocrx_word' id='word_1_267' title='bbox 1095 1953 1209 1991; x_wconf 89' lang='lat' dir='ltr'><strong>non</strong></span> <span class='ocrx_word' id='word_1_268' title='bbox 1243 1938 1631 2011; x_wconf 88' lang='lat' dir='ltr'><strong>habitatione;</strong></span> <span class='ocrx_word' id='word_1_269' title='bbox 1662 1947 1744 2002; x_wconf 81' lang='lat' dir='ltr'><strong>sic</strong></span> <span class='ocrx_word' id='word_1_270' title='bbox 1773 1929 1936 2003; x_wconf 20' lang='lat' dir='ltr'><strong>enim:</strong></span> <span class='ocrx_word' id='word_1_271' title='bbox 1959 1949 2063 2005; x_wconf 87' lang='lat' dir='ltr'><strong>fal-</strong></span> 
     </span>
    </p>
   </div>
   <div class='ocr_carea' id='block_1_35' title="bbox 416 2021 2062 2111">
    <p class='ocr_par' dir='ltr' id='par_1_35' title="bbox 416 2021 2062 2111">
     <span class='ocr_line' id='line_1_36' title="bbox 416 2021 2062 2111; baseline 0.019 -44"><span class='ocrx_word' id='word_1_272' title='bbox 416 2030 519 2069; x_wconf 89' lang='lat' dir='ltr'><strong>sus</strong></span> <span class='ocrx_word' id='word_1_273' title='bbox 539 2021 697 2071; x_wconf 85' lang='lat' dir='ltr'><strong>esset</strong></span> <span class='ocrx_word' id='word_1_274' title='bbox 718 2035 930 2091; x_wconf 87' lang='lat' dir='ltr'><strong>sermo,</strong></span> <span class='ocrx_word' id='word_1_275' title='bbox 946 2026 1422 2099; x_wconf 85' lang='lat' dir='ltr'><strong>quandoquidem</strong></span> <span class='ocrx_word' id='word_1_276' title='bbox 1445 2034 1767 2093; x_wconf 86' lang='lat' dir='ltr'><strong>etiamnum</strong></span> <span class='ocrx_word' id='word_1_277' title='bbox 1790 2056 2062 2111; x_wconf 85' lang='lat' dir='ltr'><strong>magnam</strong></span> 
     </span>
    </p>
   </div>
   <div class='ocr_carea' id='block_1_36' title="bbox 414 2106 2063 2191">
    <p class='ocr_par' dir='ltr' id='par_1_36' title="bbox 414 2106 2063 2191">
     <span class='ocr_line' id='line_1_37' title="bbox 414 2106 2063 2191; baseline 0.018 -34"><span class='ocrx_word' id='word_1_278' title='bbox 414 2106 581 2159; x_wconf 72' lang='lat' dir='ltr'><strong>terris</strong></span> <span class='ocrx_word' id='word_1_279' title='bbox 614 2115 856 2178; x_wconf 89' lang='lat' dir='ltr'><strong>partem,</strong></span> <span class='ocrx_word' id='word_1_280' title='bbox 881 2127 1005 2181; x_wconf 66' lang='lat' dir='ltr'><strong>quas</strong></span> <span class='ocrx_word' id='word_1_281' title='bbox 1038 2131 1152 2171; x_wconf 93' lang='lat' dir='ltr'><strong>non</strong></span> <span class='ocrx_word' id='word_1_282' title='bbox 1182 2117 1497 2191; x_wconf 87' lang='lat' dir='ltr'><strong>habitetur,</strong></span> <span class='ocrx_word' id='word_1_283' title='bbox 1521 2125 1789 2183; x_wconf 89' lang='lat' dir='ltr'><strong>videmus</strong></span> <span class='ocrx_word' id='word_1_284' title='bbox 1814 2145 1827 2183; x_wconf 90' lang='lat'>:</span> <span class='ocrx_word' id='word_1_285' title='bbox 1858 2145 2063 2185; x_wconf 87' lang='lat' dir='ltr'><strong>verum</strong></span> 
     </span>
    </p>
   </div>
   <div class='ocr_carea' id='block_1_37' title="bbox 415 2192 2064 2277">
    <p class='ocr_par' dir='ltr' id='par_1_37' title="bbox 415 2192 2064 2277">
     <span class='ocr_line' id='line_1_38' title="bbox 415 2192 2064 2277; baseline 0.018 -30"><span class='ocrx_word' id='word_1_286' title='bbox 415 2192 648 2265; x_wconf 80' lang='lat' dir='ltr'><strong>Replete.</strong></span> <span class='ocrx_word' id='word_1_287' title='bbox 683 2196 1059 2269; x_wconf 86' lang='lat' dir='ltr'><strong>Potestatem,</strong></span> <span class='ocrx_word' id='word_1_288' title='bbox 1081 2204 1293 2277; x_wconf 87' lang='lat' dir='ltr'><strong>inquit,</strong></span> <span class='ocrx_word' id='word_1_289' title='bbox 1323 2210 1667 2271; x_wconf 89' lang='lat' dir='ltr'><strong>dominandi</strong></span> <span class='ocrx_word' id='word_1_290' title='bbox 1697 2220 1862 2273; x_wconf 64' lang='lat' dir='ltr'><strong>terra:</strong></span> <span class='ocrx_word' id='word_1_291' title='bbox 1894 2219 2064 2275; x_wconf 88' lang='lat' dir='ltr'><strong>nobis</strong></span> 
     </span>
    </p>
   </div>
   <div class='ocr_carea' id='block_1_38' title="bbox 413 2282 2062 2379">
    <p class='ocr_par' dir='ltr' id='par_1_38' title="bbox 413 2282 2062 2379">
     <span class='ocr_line' id='line_1_39' title="bbox 413 2282 2062 2379; baseline 0.019 -44"><span class='ocrx_word' id='word_1_292' title='bbox 413 2282 638 2340; x_wconf 84' lang='lat' dir='ltr'><strong>tribuit.</strong></span> <span class='ocrx_word' id='word_1_293' title='bbox 677 2287 839 2352; x_wconf 86' lang='lat' dir='ltr'><strong>Quod</strong></span> <span class='ocrx_word' id='word_1_294' title='bbox 893 2291 1048 2347; x_wconf 91' lang='lat' dir='ltr'><strong>enim</strong></span> <span class='ocrx_word' id='word_1_295' title='bbox 1081 2293 1303 2353; x_wconf 89' lang='lat' dir='ltr'><strong>dictum</strong></span> <span class='ocrx_word' id='word_1_296' title='bbox 1344 2305 1451 2373; x_wconf 87' lang='lat' dir='ltr'><strong>est,</strong></span> <span class='ocrx_word' id='word_1_297' title='bbox 1486 2304 1704 2376; x_wconf 80' lang='lat' dir='ltr'><strong>Replete</strong></span> <span class='ocrx_word' id='word_1_298' title='bbox 1750 2312 1975 2379; x_wconf 83' lang='lat' dir='ltr'><strong>terram,</strong></span> <span class='ocrx_word' id='word_1_299' title='bbox 2002 2310 2062 2366; x_wconf 88' lang='lat' dir='ltr'><strong>in</strong></span> 
     </span>
    </p>
   </div>
   <div class='ocr_carea' id='block_1_39' title="bbox 416 2369 2062 2468">
    <p class='ocr_par' dir='ltr' id='par_1_39' title="bbox 416 2369 2062 2468">
     <span class='ocr_line' id='line_1_40' title="bbox 416 2369 2062 2468; baseline 0.018 -43"><span class='ocrx_word' id='word_1_300' title='bbox 416 2369 781 2432; x_wconf 85' lang='lat' dir='ltr'><strong>habitatione</strong></span> <span class='ocrx_word' id='word_1_301' title='bbox 811 2376 1003 2436; x_wconf 87' lang='lat' dir='ltr'><strong>locum</strong></span> <span class='ocrx_word' id='word_1_302' title='bbox 1036 2399 1150 2439; x_wconf 89' lang='lat' dir='ltr'><strong>non</strong></span> <span class='ocrx_word' id='word_1_303' title='bbox 1183 2385 1384 2456; x_wconf 88' lang='lat' dir='ltr'><strong>habet;</strong></span> <span class='ocrx_word' id='word_1_304' title='bbox 1410 2369 1769 2468; x_wconf 44' lang='lat' dir='ltr'><strong>nam-neque</strong></span> <span class='ocrx_word' id='word_1_305' title='bbox 1800 2399 1940 2455; x_wconf 85' lang='lat' dir='ltr'><strong>solis</strong></span> <span class='ocrx_word' id='word_1_306' title='bbox 1958 2369 2062 2454; x_wconf 44' lang='lat' dir='ltr'><strong>lar-</strong></span> 
     </span>
    </p>
   </div>
   <div class='ocr_carea' id='block_1_40' title="bbox 414 2459 2062 2557">
    <p class='ocr_par' dir='ltr' id='par_1_40' title="bbox 414 2459 2062 2557">
     <span class='ocr_line' id='line_1_41' title="bbox 414 2459 2062 2557; baseline 0.018 -44"><span class='ocrx_word' id='word_1_307' title='bbox 414 2459 657 2517; x_wconf 89' lang='lat' dir='ltr'><strong>doribus</strong></span> <span class='ocrx_word' id='word_1_308' title='bbox 677 2469 965 2533; x_wconf 80' lang='lat' dir='ltr'><strong>exustam,</strong></span> <span class='ocrx_word' id='word_1_309' title='bbox 991 2474 1165 2543; x_wconf 91' lang='lat' dir='ltr'><strong>atque</strong></span> <span class='ocrx_word' id='word_1_310' title='bbox 1185 2474 1492 2548; x_wconf 86' lang='lat' dir='ltr'><strong>incultam,</strong></span> <span class='ocrx_word' id='word_1_311' title='bbox 1517 2482 1637 2537; x_wconf 86' lang='lat' dir='ltr'><strong>sive</strong></span> <span class='ocrx_word' id='word_1_312' title='bbox 1658 2459 1789 2556; x_wconf 81' lang='lat' dir='ltr'><strong>gelu</strong></span> <span class='ocrx_word' id='word_1_313' title='bbox 1815 2485 2062 2557; x_wconf 85' lang='lat' dir='ltr'><strong>rigidam</strong></span> 
     </span>
    </p>
   </div>
   <div class='ocr_carea' id='block_1_41' title="bbox 412 2547 2064 2646">
    <p class='ocr_par' dir='ltr' id='par_1_41' title="bbox 412 2547 2064 2646">
     <span class='ocr_line' id='line_1_42' title="bbox 412 2547 2064 2646; baseline 0.018 -44"><span class='ocrx_word' id='word_1_314' title='bbox 412 2547 751 2623; x_wconf 81' lang='lat' dir='ltr'><strong>inviamque</strong></span> <span class='ocrx_word' id='word_1_315' title='bbox 796 2570 861 2610; x_wconf 86' lang='lat' dir='ltr'><strong>ac</strong></span> <span class='ocrx_word' id='word_1_316' title='bbox 908 2555 1291 2621; x_wconf 83' lang='lat' dir='ltr'><strong>inaccessam.</strong></span> <span class='ocrx_word' id='word_1_317' title='bbox 1324 2565 1598 2640; x_wconf 88' lang='lat' dir='ltr'><strong>Nunquid</strong></span> <span class='ocrx_word' id='word_1_318' title='bbox 1651 2571 1801 2630; x_wconf 90' lang='lat' dir='ltr'><strong>hanc</strong></span> <span class='ocrx_word' id='word_1_319' title='bbox 1831 2591 2064 2646; x_wconf 88' lang='lat' dir='ltr'><strong>quoque</strong></span> 
     </span>
    </p>
   </div>
   <div class='ocr_carea' id='block_1_42' title="bbox 415 2636 2065 2726">
    <p class='ocr_par' dir='ltr' id='par_1_42' title="bbox 415 2636 2065 2726">
     <span class='ocr_line' id='line_1_43' title="bbox 415 2636 2065 2726; baseline 0.017 -34"><span class='ocrx_word' id='word_1_320' title='bbox 415 2636 686 2696; x_wconf 84' lang='lat' dir='ltr'><strong>homines</strong></span> <span class='ocrx_word' id='word_1_321' title='bbox 708 2641 1000 2716; x_wconf 85' lang='lat' dir='ltr'><strong>habitant,</strong></span> <span class='ocrx_word' id='word_1_322' title='bbox 1022 2654 1079 2705; x_wconf 90' lang='lat' dir='ltr'><strong>et</strong></span> <span class='ocrx_word' id='word_1_323' title='bbox 1123 2650 1371 2726; x_wconf 90' lang='lat' dir='ltr'><strong>implent</strong></span> <span class='ocrx_word' id='word_1_324' title='bbox 1394 2636 1652 2715; x_wconf 73' lang='lat' dir='ltr'><strong>terram?</strong></span> <span class='ocrx_word' id='word_1_325' title='bbox 1676 2662 1785 2717; x_wconf 90' lang='lat' dir='ltr'><strong>Sed</strong></span> <span class='ocrx_word' id='word_1_326' title='bbox 1809 2636 1875 2719; x_wconf 76' lang='lat' dir='ltr'><strong>ea</strong></span> <span class='ocrx_word' id='word_1_327' title='bbox 1893 2636 2065 2721; x_wconf 74' lang='lat' dir='ltr'><strong>ratio-</strong></span> 
     </span>
    </p>
   </div>
   <div class='ocr_carea' id='block_1_43' title="bbox 416 2732 2064 2826">
    <p class='ocr_par' dir='ltr' id='par_1_43' title="bbox 416 2732 2064 2826">
     <span class='ocr_line' id='line_1_44' title="bbox 416 2732 2064 2826; baseline 0.019 -45"><span class='ocrx_word' id='word_1_328' title='bbox 416 2743 489 2781; x_wconf 91' lang='lat' dir='ltr'><strong>ne</strong></span> <span class='ocrx_word' id='word_1_329' title='bbox 519 2732 684 2785; x_wconf 78' lang='lat' dir='ltr'><strong>terras</strong></span> <span class='ocrx_word' id='word_1_330' title='bbox 735 2733 1021 2805; x_wconf 60' lang='lat' dir='ltr'><strong>replenda</strong></span> <span class='ocrx_word' id='word_1_331' title='bbox 1052 2741 1302 2799; x_wconf 86' lang='lat' dir='ltr'><strong>arbitros</strong></span> <span class='ocrx_word' id='word_1_332' title='bbox 1334 2746 1490 2818; x_wconf 86' lang='lat' dir='ltr'><strong>fecit,</strong></span> <span class='ocrx_word' id='word_1_333' title='bbox 1512 2752 1569 2805; x_wconf 90' lang='lat' dir='ltr'><strong>et</strong></span> <span class='ocrx_word' id='word_1_334' title='bbox 1615 2752 1911 2824; x_wconf 90' lang='lat' dir='ltr'><strong>replemus</strong></span> <span class='ocrx_word' id='word_1_335' title='bbox 1960 2770 2064 2826; x_wconf 89' lang='lat' dir='ltr'><strong>per</strong></span> 
     </span>
    </p>
   </div>
   <div class='ocr_carea' id='block_1_44' title="bbox 414 2817 2065 2911">
    <p class='ocr_par' dir='ltr' id='par_1_44' title="bbox 414 2817 2065 2911">
     <span class='ocr_line' id='line_1_45' title="bbox 414 2817 2065 2911; baseline 0.018 -41"><span class='ocrx_word' id='word_1_336' title='bbox 414 2817 717 2888; x_wconf 89' lang='lat' dir='ltr'><strong>rationem,</strong></span> <span class='ocrx_word' id='word_1_337' title='bbox 740 2825 895 2894; x_wconf 88' lang='lat' dir='ltr'><strong>quod</strong></span> <span class='ocrx_word' id='word_1_338' title='bbox 920 2827 1181 2886; x_wconf 88' lang='lat' dir='ltr'><strong>sciamus</strong></span> <span class='ocrx_word' id='word_1_339' title='bbox 1198 2839 1418 2902; x_wconf 91' lang='lat' dir='ltr'><strong>quanta</strong></span> <span class='ocrx_word' id='word_1_340' title='bbox 1439 2836 1517 2892; x_wconf 88' lang='lat' dir='ltr'><strong>sit</strong></span> <span class='ocrx_word' id='word_1_341' title='bbox 1532 2840 1657 2909; x_wconf 77' lang='lat' dir='ltr'><strong>cjus</strong></span> <span class='ocrx_word' id='word_1_342' title='bbox 1680 2817 1815 2911; x_wconf 76' lang='lat' dir='ltr'><strong>pars</strong></span> <span class='ocrx_word' id='word_1_343' title='bbox 1837 2842 2065 2899; x_wconf 90' lang='lat' dir='ltr'><strong>inhabi-</strong></span> 
     </span>
    </p>
   </div>
   <div class='ocr_carea' id='block_1_45' title="bbox 412 2906 2062 2999">
    <p class='ocr_par' dir='ltr' id='par_1_45' title="bbox 412 2906 2062 2999">
     <span class='ocr_line' id='line_1_46' title="bbox 412 2906 2062 2999; baseline 0.019 -40"><span class='ocrx_word' id='word_1_344' title='bbox 412 2906 611 2963; x_wconf 90' lang='lat' dir='ltr'><strong>tabilis</strong></span> <span class='ocrx_word' id='word_1_345' title='bbox 641 2909 902 2984; x_wconf 85' lang='lat' dir='ltr'><strong>solisque</strong></span> <span class='ocrx_word' id='word_1_346' title='bbox 930 2918 1238 2977; x_wconf 87' lang='lat' dir='ltr'><strong>ardoribus</strong></span> <span class='ocrx_word' id='word_1_347' title='bbox 1266 2931 1507 2981; x_wconf 86' lang='lat' dir='ltr'><strong>exusta:</strong></span> <span class='ocrx_word' id='word_1_348' title='bbox 1538 2931 1691 2999; x_wconf 91' lang='lat' dir='ltr'><strong>quod</strong></span> <span class='ocrx_word' id='word_1_349' title='bbox 1726 2932 2062 2989; x_wconf 88' lang='lat' dir='ltr'><strong>noverimus</strong></span> 
     </span>
    </p>
   </div>
   <div class='ocr_carea' id='block_1_46' title="bbox 410 3001 2064 3094">
    <p class='ocr_par' dir='ltr' id='par_1_46' title="bbox 410 3001 2064 3094">
     <span class='ocr_line' id='line_1_47' title="bbox 410 3001 2064 3094; baseline 0.018 -45"><span class='ocrx_word' id='word_1_350' title='bbox 410 3002 632 3094; x_wconf 81' lang='lat' dir='ltr'><strong>quanta</strong></span> <span class='ocrx_word' id='word_1_351' title='bbox 653 3001 781 3071; x_wconf 86' lang='lat' dir='ltr'><strong>ejus</strong></span> <span class='ocrx_word' id='word_1_352' title='bbox 808 3002 1059 3062; x_wconf 91' lang='lat' dir='ltr'><strong>borealis</strong></span> <span class='ocrx_word' id='word_1_353' title='bbox 1082 3007 1274 3082; x_wconf 85' lang='lat' dir='ltr'><strong>plaga,</strong></span> <span class='ocrx_word' id='word_1_354' title='bbox 1295 3030 1361 3068; x_wconf 89' lang='lat' dir='ltr'><strong>ex</strong></span> <span class='ocrx_word' id='word_1_355' title='bbox 1391 3016 1545 3073; x_wconf 71' lang='lat'><strong>382</strong></span> <span class='ocrx_word' id='word_1_356' title='bbox 1570 3018 1801 3090; x_wconf 86' lang='lat' dir='ltr'><strong>frigoris</strong></span> <span class='ocrx_word' id='word_1_357' title='bbox 1822 3037 2064 3094; x_wconf 83' lang='lat' dir='ltr'><strong>exsupe-</strong></span> 
     </span>
    </p>
   </div>
   <div class='ocr_carea' id='block_1_47' title="bbox 410 3085 2055 3181">
    <p class='ocr_par' dir='ltr' id='par_1_47' title="bbox 410 3085 2055 3181">
     <span class='ocr_line' id='line_1_48' title="bbox 410 3085 2055 3181; baseline 0.017 -42"><span class='ocrx_word' id='word_1_358' title='bbox 410 3085 602 3143; x_wconf 88' lang='lat' dir='ltr'><strong>rantia</strong></span> <span class='ocrx_word' id='word_1_359' title='bbox 631 3088 851 3147; x_wconf 85' lang='lat' dir='ltr'><strong>inculta</strong></span> <span class='ocrx_word' id='word_1_360' title='bbox 881 3100 970 3150; x_wconf 90' lang='lat' dir='ltr'><strong>est</strong></span> <span class='ocrx_word' id='word_1_361' title='bbox 1010 3096 1350 3173; x_wconf 92' lang='lat' dir='ltr'><strong>nulliusque</strong></span> <span class='ocrx_word' id='word_1_362' title='bbox 1380 3103 1589 3177; x_wconf 86' lang='lat' dir='ltr'><strong>frugis.</strong></span> <span class='ocrx_word' id='word_1_363' title='bbox 1616 3085 1892 3181; x_wconf 53' lang='lat' dir='ltr'><strong>Nunquid</strong></span> <span class='ocrx_word' id='word_1_364' title='bbox 1942 3085 2055 3167; x_wconf 71' lang='lat' dir='ltr'><strong>non</strong></span> 
     </span>
    </p>
   </div>
   <div class='ocr_carea' id='block_1_48' title="bbox 2174 1944 3829 2023">
    <p class='ocr_par' dir='ltr' id='par_1_48' title="bbox 2174 1944 3829 2023">
     <span class='ocr_line' id='line_1_49' title="bbox 2174 1944 3829 2023; baseline -0.001 -22"><span class='ocrx_word' id='word_1_365' title='bbox 2174 1944 2276 2001; x_wconf 86' lang='lat' dir='ltr'><strong>Kui</strong></span> <span class='ocrx_word' id='word_1_366' title='bbox 2334 1944 2666 2019; x_wconf 84' lang='grc' dir='ltr'>πληρώσατε</span> <span class='ocrx_word' id='word_1_367' title='bbox 2725 1948 2826 2016; x_wconf 73' lang='grc' dir='ltr'>τὴν</span> <span class='ocrx_word' id='word_1_368' title='bbox 2897 1954 3016 2023; x_wconf 84' lang='grc' dir='ltr'>γῆν.</span> <span class='ocrx_word' id='word_1_369' title='bbox 3099 1946 3438 2022; x_wconf 87' lang='grc' dir='ltr'>Πληρώσατε</span> <span class='ocrx_word' id='word_1_370' title='bbox 3495 1944 3573 2015; x_wconf 77' lang='grc' dir='ltr'>δὶ,</span> <span class='ocrx_word' id='word_1_371' title='bbox 3634 1944 3698 2000; x_wconf 80' lang='grc' dir='ltr'><strong>ού</strong></span> <span class='ocrx_word' id='word_1_372' title='bbox 3756 1950 3829 2020; x_wconf 77' lang='grc' dir='ltr'><strong>τῇ</strong></span> 
     </span>
    </p>
   </div>
   <div class='ocr_carea' id='block_1_49' title="bbox 2168 2032 3826 2111">
    <p class='ocr_par' dir='ltr' id='par_1_49' title="bbox 2168 2032 3826 2111">
     <span class='ocr_line' id='line_1_50' title="bbox 2168 2032 3826 2111; baseline 0 -23"><span class='ocrx_word' id='word_1_373' title='bbox 2168 2037 2503 2106; x_wconf 71' lang='grc' dir='ltr'>κατοικήσει·</span> <span class='ocrx_word' id='word_1_374' title='bbox 2567 2036 2710 2091; x_wconf 78' lang='grc' dir='ltr'>οὕτω</span> <span class='ocrx_word' id='word_1_375' title='bbox 2766 2036 2864 2111; x_wconf 72' lang='grc' dir='ltr'><strong>γὰρ</strong></span> <span class='ocrx_word' id='word_1_376' title='bbox 2895 2032 3043 2091; x_wconf 69' lang='grc' dir='ltr'>ἕσται</span> <span class='ocrx_word' id='word_1_377' title='bbox 3101 2038 3130 2091; x_wconf 77' lang='grc' dir='ltr'>ὁ</span> <span class='ocrx_word' id='word_1_378' title='bbox 3188 2034 3357 2111; x_wconf 82' lang='grc' dir='ltr'>λόγος</span> <span class='ocrx_word' id='word_1_379' title='bbox 3416 2032 3826 2109; x_wconf 64' lang='grc' dir='ltr'>διεψευσμένος.</span> 
     </span>
    </p>
   </div>
   <div class='ocr_carea' id='block_1_50' title="bbox 2171 2121 3816 2201">
    <p class='ocr_par' dir='ltr' id='par_1_50' title="bbox 2171 2121 3816 2201">
     <span class='ocr_line' id='line_1_51' title="bbox 2171 2121 3816 2201; baseline 0.001 -24"><span class='ocrx_word' id='word_1_380' title='bbox 2171 2121 2358 2194; x_wconf 72' lang='grc' dir='ltr'>ἐπειδὴ</span> <span class='ocrx_word' id='word_1_381' title='bbox 2390 2124 2647 2201; x_wconf 79' lang='grc' dir='ltr'>ἄχριτοῦ</span> <span class='ocrx_word' id='word_1_382' title='bbox 2695 2126 2790 2182; x_wconf 76' lang='grc' dir='ltr'><strong>νῦν</strong></span> <span class='ocrx_word' id='word_1_383' title='bbox 2844 2127 3058 2200; x_wconf 82' lang='grc' dir='ltr'>ὁρῶμεν</span> <span class='ocrx_word' id='word_1_384' title='bbox 3113 2124 3333 2195; x_wconf 68' lang='grc' dir='ltr'>πολλὴν</span> <span class='ocrx_word' id='word_1_385' title='bbox 3391 2128 3491 2200; x_wconf 71' lang='grc' dir='ltr'>γῆν</span> <span class='ocrx_word' id='word_1_386' title='bbox 3534 2124 3816 2195; x_wconf 82' lang='grc' dir='ltr'>ἀοίκητον,</span> 
     </span>
    </p>
   </div>
   <div class='ocr_carea' id='block_1_51' title="bbox 2171 2212 3818 2293">
    <p class='ocr_par' dir='ltr' id='par_1_51' title="bbox 2171 2212 3818 2293">
     <span class='ocr_line' id='line_1_52' title="bbox 2171 2212 3818 2293; baseline -0.001 -24"><span class='ocrx_word' id='word_1_387' title='bbox 2171 2212 2316 2269; x_wconf 82' lang='grc' dir='ltr'><strong>ἀλλά</strong></span> <span class='ocrx_word' id='word_1_388' title='bbox 2347 2261 2361 2287; x_wconf 81' lang='grc'><strong>,</strong></span> <span class='ocrx_word' id='word_1_389' title='bbox 2418 2215 2756 2291; x_wconf 85' lang='grc' dir='ltr'>Πληρώσατε</span> <span class='ocrx_word' id='word_1_390' title='bbox 2787 2236 2800 2249; x_wconf 89' lang='grc'><strong>·</strong></span> <span class='ocrx_word' id='word_1_391' title='bbox 2859 2217 2959 2285; x_wconf 79' lang='grc' dir='ltr'><strong>τήν</strong></span> <span class='ocrx_word' id='word_1_392' title='bbox 3019 2214 3283 2288; x_wconf 72' lang='grc' dir='ltr'>ἰξουσίαν,</span> <span class='ocrx_word' id='word_1_393' title='bbox 3344 2214 3477 2293; x_wconf 77' lang='grc' dir='ltr'><strong>φησῖ</strong></span> <span class='ocrx_word' id='word_1_394' title='bbox 3511 2255 3526 2284; x_wconf 86' lang='grc'><strong>,</strong></span> <span class='ocrx_word' id='word_1_395' title='bbox 3576 2218 3673 2269; x_wconf 79' lang='grc' dir='ltr'><strong>τοῦ</strong></span> <span class='ocrx_word' id='word_1_396' title='bbox 3723 2234 3818 2269; x_wconf 89' lang='grc' dir='ltr'>κυ-</span> 
     </span>
    </p>
   </div>
   <div class='ocr_carea' id='block_1_52' title="bbox 2170 2302 3821 2382">
    <p class='ocr_par' dir='ltr' id='par_1_52' title="bbox 2170 2302 3821 2382">
     <span class='ocr_line' id='line_1_53' title="bbox 2170 2302 3821 2382; baseline 0.001 -26"><span class='ocrx_word' id='word_1_397' title='bbox 2170 2302 2366 2378; x_wconf 86' lang='grc' dir='ltr'>ριεύειν</span> <span class='ocrx_word' id='word_1_398' title='bbox 2414 2305 2513 2375; x_wconf 80' lang='grc' dir='ltr'><strong>τήν</strong></span> <span class='ocrx_word' id='word_1_399' title='bbox 2561 2312 2661 2382; x_wconf 78' lang='grc' dir='ltr'><strong>γῆν</strong></span> <span class='ocrx_word' id='word_1_400' title='bbox 2719 2302 2949 2361; x_wconf 72' lang='grc' dir='ltr'>δέδωκεν</span> <span class='ocrx_word' id='word_1_401' title='bbox 2977 2307 3136 2379; x_wconf 80' lang='grc' dir='ltr'>ἡμῖν.</span> <span class='ocrx_word' id='word_1_402' title='bbox 3194 2305 3270 2363; x_wconf 87' lang='grc' dir='ltr'><strong>Τὸ</strong></span> <span class='ocrx_word' id='word_1_403' title='bbox 3324 2306 3448 2381; x_wconf 79' lang='grc' dir='ltr'>γάρ,</span> <span class='ocrx_word' id='word_1_404' title='bbox 3482 2303 3821 2381; x_wconf 86' lang='grc' dir='ltr'>Πληρώσατε</span> 
     </span>
    </p>
   </div>
   <div class='ocr_carea' id='block_1_53' title="bbox 2168 2390 3815 2470">
    <p class='ocr_par' dir='ltr' id='par_1_53' title="bbox 2168 2390 3815 2470">
     <span class='ocr_line' id='line_1_54' title="bbox 2168 2390 3815 2470; baseline -0.001 -23"><span class='ocrx_word' id='word_1_405' title='bbox 2168 2394 2268 2462; x_wconf 81' lang='grc' dir='ltr'><strong>τήν</strong></span> <span class='ocrx_word' id='word_1_406' title='bbox 2326 2398 2450 2469; x_wconf 79' lang='grc' dir='ltr'>γῆν,</span> <span class='ocrx_word' id='word_1_407' title='bbox 2529 2394 2617 2450; x_wconf 81' lang='grc' dir='ltr'>ἐπὶ</span> <span class='ocrx_word' id='word_1_408' title='bbox 2686 2403 2786 2466; x_wconf 87' lang='grc' dir='ltr'><strong>τῆς</strong></span> <span class='ocrx_word' id='word_1_409' title='bbox 2853 2398 3218 2466; x_wconf 65' lang='grc' dir='ltr'>κατοικήσεως</span> <span class='ocrx_word' id='word_1_410' title='bbox 3270 2395 3459 2470; x_wconf 85' lang='grc' dir='ltr'>χώραν</span> <span class='ocrx_word' id='word_1_411' title='bbox 3519 2394 3621 2449; x_wconf 81' lang='grc' dir='ltr'><strong>οὐκ</strong></span> <span class='ocrx_word' id='word_1_412' title='bbox 3675 2390 3815 2469; x_wconf 64' lang='grc' dir='ltr'>ἔχει’</span> 
     </span>
    </p>
   </div>
   <div class='ocr_carea' id='block_1_54' title="bbox 2170 2480 3818 2559">
    <p class='ocr_par' dir='ltr' id='par_1_54' title="bbox 2170 2480 3818 2559">
     <span class='ocr_line' id='line_1_55' title="bbox 2170 2480 3818 2559; baseline 0 -22"><span class='ocrx_word' id='word_1_413' title='bbox 2170 2480 2358 2553; x_wconf 79' lang='grc' dir='ltr'>ἐπειδή</span> <span class='ocrx_word' id='word_1_414' title='bbox 2415 2481 2543 2539; x_wconf 77' lang='grc' dir='ltr'>οὐδὲ</span> <span class='ocrx_word' id='word_1_415' title='bbox 2589 2486 2687 2554; x_wconf 77' lang='grc' dir='ltr'>τὴν</span> <span class='ocrx_word' id='word_1_416' title='bbox 2737 2483 3164 2558; x_wconf 71' lang='grc' dir='ltr'>διακεκαυμένην</span> <span class='ocrx_word' id='word_1_417' title='bbox 3212 2484 3301 2539; x_wconf 79' lang='grc' dir='ltr'>καὶ</span> <span class='ocrx_word' id='word_1_418' title='bbox 3353 2483 3723 2559; x_wconf 80' lang='grc' dir='ltr'>ἀγεώργητον,</span> <span class='ocrx_word' id='word_1_419' title='bbox 3782 2481 3818 2552; x_wconf 73' lang='grc' dir='ltr'><strong>ἢ</strong></span> 
     </span>
    </p>
   </div>
   <div class='ocr_carea' id='block_1_55' title="bbox 2168 2570 3820 2650">
    <p class='ocr_par' dir='ltr' id='par_1_55' title="bbox 2168 2570 3820 2650">
     <span class='ocr_line' id='line_1_56' title="bbox 2168 2570 3820 2650; baseline 0.001 -26"><span class='ocrx_word' id='word_1_420' title='bbox 2168 2573 2267 2642; x_wconf 76' lang='grc' dir='ltr'>τὴν</span> <span class='ocrx_word' id='word_1_421' title='bbox 2316 2576 2727 2650; x_wconf 66' lang='grc' dir='ltr'>κατεψυγμένην</span> <span class='ocrx_word' id='word_1_422' title='bbox 2772 2576 2859 2630; x_wconf 88' lang='lat' dir='ltr'><strong>xui</strong></span> <span class='ocrx_word' id='word_1_423' title='bbox 2914 2570 3108 2629; x_wconf 78' lang='grc' dir='ltr'>ἄϐατον</span> <span class='ocrx_word' id='word_1_424' title='bbox 3136 2592 3151 2608; x_wconf 90' lang='grc'><strong>·</strong></span> <span class='ocrx_word' id='word_1_425' title='bbox 3203 2572 3292 2628; x_wconf 82' lang='lat' dir='ltr'><strong>xui</strong></span> <span class='ocrx_word' id='word_1_426' title='bbox 3351 2571 3479 2648; x_wconf 81' lang='grc' dir='ltr'><strong>ούχί</strong></span> <span class='ocrx_word' id='word_1_427' title='bbox 3510 2573 3709 2643; x_wconf 80' lang='grc' dir='ltr'>ταύτην</span> <span class='ocrx_word' id='word_1_428' title='bbox 3767 2573 3820 2626; x_wconf 73' lang='grc' dir='ltr'>οἱ</span> 
     </span>
    </p>
   </div>
   <div class='ocr_carea' id='block_1_56' title="bbox 2172 2658 3819 2739">
    <p class='ocr_par' dir='ltr' id='par_1_56' title="bbox 2172 2658 3819 2739">
     <span class='ocr_line' id='line_1_57' title="bbox 2172 2658 3819 2739; baseline -0.002 -22"><span class='ocrx_word' id='word_1_429' title='bbox 2172 2660 2447 2735; x_wconf 77' lang='grc' dir='ltr'>ἄνθρωποι</span> <span class='ocrx_word' id='word_1_430' title='bbox 2490 2668 2804 2719; x_wconf 73' lang='grc' dir='ltr'>κατοικοῦσι</span> <span class='ocrx_word' id='word_1_431' title='bbox 2856 2664 2945 2718; x_wconf 80' lang='grc' dir='ltr'><strong>καὶ</strong></span> <span class='ocrx_word' id='word_1_432' title='bbox 3003 2661 3279 2739; x_wconf 73' lang='grc' dir='ltr'>πληροῦσι</span> <span class='ocrx_word' id='word_1_433' title='bbox 3331 2662 3431 2731; x_wconf 72' lang='grc' dir='ltr'><strong>τὴν</strong></span> <span class='ocrx_word' id='word_1_434' title='bbox 3481 2668 3606 2738; x_wconf 81' lang='grc' dir='ltr'>γῆν.</span> <span class='ocrx_word' id='word_1_435' title='bbox 3638 2658 3819 2717; x_wconf 81' lang='grc' dir='ltr'><strong>Ἀλλά</strong></span> 
     </span>
    </p>
   </div>
   <div class='ocr_carea' id='block_1_57' title="bbox 2169 2749 3819 2828">
    <p class='ocr_par' dir='ltr' id='par_1_57' title="bbox 2169 2749 3819 2828">
     <span class='ocr_line' id='line_1_58' title="bbox 2169 2749 3819 2828; baseline -0.002 -21"><span class='ocrx_word' id='word_1_436' title='bbox 2169 2752 2389 2828; x_wconf 80' lang='grc' dir='ltr'>κυρίους</span> <span class='ocrx_word' id='word_1_437' title='bbox 2437 2755 2585 2827; x_wconf 79' lang='grc' dir='ltr'>ἡμᾶς</span> <span class='ocrx_word' id='word_1_438' title='bbox 2632 2753 2853 2823; x_wconf 78' lang='grc' dir='ltr'>ἐποίηςε</span> <span class='ocrx_word' id='word_1_439' title='bbox 2900 2752 3171 2827; x_wconf 73' lang='grc' dir='ltr'>πληροῦν,</span> <span class='ocrx_word' id='word_1_440' title='bbox 3201 2753 3289 2807; x_wconf 81' lang='lat' dir='ltr'><strong>xui</strong></span> <span class='ocrx_word' id='word_1_441' title='bbox 3323 2749 3645 2828; x_wconf 81' lang='grc' dir='ltr'>πληροῦμεν</span> <span class='ocrx_word' id='word_1_442' title='bbox 3679 2749 3819 2806; x_wconf 73' lang='grc' dir='ltr'>ὲκεί-</span> 
     </span>
    </p>
   </div>
   <div class='ocr_carea' id='block_1_58' title="bbox 2169 2840 3814 2919">
    <p class='ocr_par' dir='ltr' id='par_1_58' title="bbox 2169 2840 3814 2919">
     <span class='ocr_line' id='line_1_59' title="bbox 2169 2840 3814 2919; baseline -0.003 -20"><span class='ocrx_word' id='word_1_443' title='bbox 2169 2865 2268 2913; x_wconf 90' lang='grc' dir='ltr'><strong>νην</strong></span> <span class='ocrx_word' id='word_1_444' title='bbox 2298 2847 2378 2917; x_wconf 81' lang='grc' dir='ltr'>τῷ</span> <span class='ocrx_word' id='word_1_445' title='bbox 2408 2842 2680 2919; x_wconf 82' lang='grc' dir='ltr'>λογισμῷ,</span> <span class='ocrx_word' id='word_1_446' title='bbox 2712 2848 2791 2915; x_wconf 82' lang='grc' dir='ltr'>τῷ</span> <span class='ocrx_word' id='word_1_447' title='bbox 2823 2840 3017 2899; x_wconf 71' lang='grc' dir='ltr'>εἱδέναι</span> <span class='ocrx_word' id='word_1_448' title='bbox 3046 2845 3194 2914; x_wconf 74' lang='grc' dir='ltr'>ἡμᾶς</span> <span class='ocrx_word' id='word_1_449' title='bbox 3240 2840 3408 2897; x_wconf 86' lang='grc' dir='ltr'>πόσον</span> <span class='ocrx_word' id='word_1_450' title='bbox 3471 2840 3665 2916; x_wconf 68' lang='grc' dir='ltr'>μέτρον</span> <span class='ocrx_word' id='word_1_451' title='bbox 3714 2842 3814 2905; x_wconf 80' lang='grc' dir='ltr'>τῆς</span> 
     </span>
    </p>
   </div>
   <div class='ocr_carea' id='block_1_59' title="bbox 2173 2928 3812 3008">
    <p class='ocr_par' dir='ltr' id='par_1_59' title="bbox 2173 2928 3812 3008">
     <span class='ocr_line' id='line_1_60' title="bbox 2173 2928 3812 3008; baseline -0.002 -22"><span class='ocrx_word' id='word_1_452' title='bbox 2173 2934 2433 3003; x_wconf 73' lang='grc' dir='ltr'>ἀοικήτου</span> <span class='ocrx_word' id='word_1_453' title='bbox 2460 2934 2546 2988; x_wconf 81' lang='lat' dir='ltr'><strong>xui</strong></span> <span class='ocrx_word' id='word_1_454' title='bbox 2583 2931 3006 3006; x_wconf 75' lang='grc' dir='ltr'>διακεκαυμένης</span> <span class='ocrx_word' id='word_1_455' title='bbox 3032 2939 3152 3008; x_wconf 79' lang='grc' dir='ltr'>γῆς.</span> <span class='ocrx_word' id='word_1_456' title='bbox 3183 2937 3343 2989; x_wconf 84' lang='grc' dir='ltr'>Ὀταν</span> <span class='ocrx_word' id='word_1_457' title='bbox 3367 2928 3570 3004; x_wconf 74' lang='grc' dir='ltr'>ἴδωμεν</span> <span class='ocrx_word' id='word_1_458' title='bbox 3602 2932 3680 3003; x_wconf 86' lang='grc' dir='ltr'>(α)</span> <span class='ocrx_word' id='word_1_459' title='bbox 3709 2929 3812 2983; x_wconf 84' lang='grc' dir='ltr'>πό-</span> 
     </span>
    </p>
   </div>
   <div class='ocr_carea' id='block_1_60' title="bbox 2170 3014 3815 3098">
    <p class='ocr_par' dir='ltr' id='par_1_60' title="bbox 2170 3014 3815 3098">
     <span class='ocr_line' id='line_1_61' title="bbox 2170 3014 3815 3098; baseline -0.003 -21"><span class='ocrx_word' id='word_1_460' title='bbox 2170 3043 2260 3077; x_wconf 91' lang='grc' dir='ltr'><strong>σον</strong></span> <span class='ocrx_word' id='word_1_461' title='bbox 2292 3023 2352 3077; x_wconf 84' lang='grc' dir='ltr'>τὸ</span> <span class='ocrx_word' id='word_1_462' title='bbox 2382 3022 2557 3095; x_wconf 86' lang='grc' dir='ltr'>κλίμα</span> <span class='ocrx_word' id='word_1_463' title='bbox 2584 3022 2645 3077; x_wconf 88' lang='grc' dir='ltr'><strong>τὸ</strong></span> <span class='ocrx_word' id='word_1_464' title='bbox 2672 3022 2950 3098; x_wconf 86' lang='grc' dir='ltr'>βόρειον,’ὀ</span> <span class='ocrx_word' id='word_1_465' title='bbox 2982 3018 3070 3076; x_wconf 74' lang='grc' dir='ltr'>διὰ</span> <span class='ocrx_word' id='word_1_466' title='bbox 3097 3022 3196 3090; x_wconf 75' lang='grc' dir='ltr'>τὴν</span> <span class='ocrx_word' id='word_1_467' title='bbox 3232 3014 3679 3095; x_wconf 80' lang='grc' dir='ltr'>ὑπερϐάλλουσαν</span> <span class='ocrx_word' id='word_1_468' title='bbox 3712 3016 3815 3092; x_wconf 79' lang='grc' dir='ltr'>ψύ-</span> 
     </span>
    </p>
   </div>
   <div class='ocr_carea' id='block_1_61' title="bbox 2167 3107 3818 3187">
    <p class='ocr_par' dir='ltr' id='par_1_61' title="bbox 2167 3107 3818 3187">
     <span class='ocr_line' id='line_1_62' title="bbox 2167 3107 3818 3187; baseline -0.004 -21"><span class='ocrx_word' id='word_1_469' title='bbox 2167 3111 2243 3182; x_wconf 91' lang='grc' dir='ltr'><strong>ξιν</strong></span> <span class='ocrx_word' id='word_1_470' title='bbox 2294 3111 2643 3187; x_wconf 83' lang='grc' dir='ltr'>ἀγεώργητόν</span> <span class='ocrx_word' id='word_1_471' title='bbox 2675 3111 2784 3166; x_wconf 84' lang='grc' dir='ltr'>ἐστι</span> <span class='ocrx_word' id='word_1_472' title='bbox 2811 3111 2900 3166; x_wconf 85' lang='grc' dir='ltr'><strong>καὶ</strong></span> <span class='ocrx_word' id='word_1_473' title='bbox 2932 3113 3232 3187; x_wconf 79' lang='grc' dir='ltr'>ἄχρηστον,</span> <span class='ocrx_word' id='word_1_474' title='bbox 3259 3108 3389 3184; x_wconf 78' lang='grc' dir='ltr'>οὐχὶ</span> <span class='ocrx_word' id='word_1_475' title='bbox 3416 3107 3818 3183; x_wconf 75' lang='grc' dir='ltr'>ἔπληρώσαμεν</span> 
     </span>
    </p>
   </div>
   <div class='ocr_carea' id='block_1_62' title="bbox 406 3178 2059 3276">
    <p class='ocr_par' dir='ltr' id='par_1_62' title="bbox 406 3178 2053 3270">
     <span class='ocr_line' id='line_1_63' title="bbox 406 3178 2053 3270; baseline 0.017 -41"><span class='ocrx_word' id='word_1_476' title='bbox 406 3178 626 3233; x_wconf 88' lang='lat' dir='ltr'><strong>terram</strong></span> <span class='ocrx_word' id='word_1_477' title='bbox 656 3179 1047 3252; x_wconf 83' lang='lat' dir='ltr'><strong>replevimus?</strong></span> <span class='ocrx_word' id='word_1_478' title='bbox 1070 3191 1332 3260; x_wconf 88' lang='lat' dir='ltr'><strong>nunquid</strong></span> <span class='ocrx_word' id='word_1_479' title='bbox 1357 3210 1472 3249; x_wconf 91' lang='lat' dir='ltr'><strong>non</strong></span> <span class='ocrx_word' id='word_1_480' title='bbox 1496 3194 1716 3253; x_wconf 90' lang='lat' dir='ltr'><strong>delecto</strong></span> <span class='ocrx_word' id='word_1_481' title='bbox 1739 3178 1893 3270; x_wconf 80' lang='lat' dir='ltr'><strong>quod</strong></span> <span class='ocrx_word' id='word_1_482' title='bbox 1919 3201 2053 3256; x_wconf 88' lang='lat' dir='ltr'><strong>usui</strong></span> 
     </span>
    </p>
   </div>
   <div class='ocr_carea' id='block_1_63' title="bbox 2170 3178 3817 3276">
    <p class='ocr_par' dir='ltr' id='par_1_63' title="bbox 2170 3178 3817 3276">
     <span class='ocr_line' id='line_1_64' title="bbox 2170 3178 3817 3276; baseline -0.002 -22"><span class='ocrx_word' id='word_1_483' title='bbox 2170 3178 2262 3270; x_wconf 75' lang='grc' dir='ltr'><strong>τὴν</strong></span> <span class='ocrx_word' id='word_1_484' title='bbox 2284 3178 2384 3275; x_wconf 63' lang='grc' dir='ltr'><strong>γήν</strong></span> <span class='ocrx_word' id='word_1_485' title='bbox 2411 3178 2511 3270; x_wconf 71' lang='grc' dir='ltr'>;ὀύ</span> <span class='ocrx_word' id='word_1_486' title='bbox 2531 3178 2593 3255; x_wconf 79' lang='grc' dir='ltr'>τὸ</span> <span class='ocrx_word' id='word_1_487' title='bbox 2614 3203 2893 3276; x_wconf 83' lang='grc' dir='ltr'>χρήσιμον</span> <span class='ocrx_word' id='word_1_488' title='bbox 2923 3178 3368 3274; x_wconf 51' lang='grc' dir='ltr'>ἐκλεξάμενοιμϐ</span> <span class='ocrx_word' id='word_1_489' title='bbox 3383 3196 3507 3253; x_wconf 82' lang='grc' dir='ltr'>ὅσον</span> <span class='ocrx_word' id='word_1_490' title='bbox 3538 3178 3817 3272; x_wconf 86' lang='grc' dir='ltr'>ρηστον</span> 
     </span>
    </p>
   </div>
   <div class='ocr_carea' id='block_1_64' title="bbox 407 3261 2059 3367">
    <p class='ocr_par' dir='ltr' id='par_1_64' title="bbox 407 3261 2051 3346">
     <span class='ocr_line' id='line_1_65' title="bbox 407 3261 2051 3346; baseline 0.017 -27"><span class='ocrx_word' id='word_1_491' title='bbox 407 3271 581 3336; x_wconf 89' lang='lat' dir='ltr'><strong>esset,</strong></span> <span class='ocrx_word' id='word_1_492' title='bbox 616 3270 903 3342; x_wconf 90' lang='lat' dir='ltr'><strong>quidquid</strong></span> <span class='ocrx_word' id='word_1_493' title='bbox 945 3291 1150 3346; x_wconf 89' lang='lat' dir='ltr'><strong>parum</strong></span> <span class='ocrx_word' id='word_1_494' title='bbox 1182 3283 1558 3340; x_wconf 90' lang='lat' dir='ltr'><strong>commodum</strong></span> <span class='ocrx_word' id='word_1_495' title='bbox 1607 3287 1679 3341; x_wconf 90' lang='lat' dir='ltr'><strong>ad</strong></span> <span class='ocrx_word' id='word_1_496' title='bbox 1729 3261 2051 3346; x_wconf 67' lang='lat' dir='ltr'><strong>humanam</strong></span> 
     </span>
    </p>
   </div>
   <div class='ocr_carea' id='block_1_65' title="bbox 2170 3261 3811 3367">
    <p class='ocr_par' dir='ltr' id='par_1_65' title="bbox 2170 3261 3811 3367">
     <span class='ocr_line' id='line_1_66' title="bbox 2170 3261 3811 3367; baseline -0.003 -22"><span class='ocrx_word' id='word_1_497' title='bbox 2170 3261 2242 3352; x_wconf 78' lang='grc' dir='ltr'><strong>εἷς</strong></span> <span class='ocrx_word' id='word_1_498' title='bbox 2296 3261 2577 3366; x_wconf 42' lang='grc' dir='ltr'><strong>κδιαγωγήν</strong></span> <span class='ocrx_word' id='word_1_499' title='bbox 2617 3261 2937 3367; x_wconf 36' lang='grc' dir='ltr'>ἀλόριύποις</span> <span class='ocrx_word' id='word_1_500' title='bbox 2987 3261 3463 3363; x_wconf 43' lang='grc' dir='ltr'>ἀπἐπεμψά’μεθα;</span> <span class='ocrx_word' id='word_1_501' title='bbox 3512 3261 3673 3343; x_wconf 57' lang='grc' dir='ltr'>Ὥστε</span> <span class='ocrx_word' id='word_1_502' title='bbox 3726 3285 3811 3354; x_wconf 84' lang='grc' dir='ltr'>τὸ,</span> 
     </span>
    </p>
   </div>
   <div class='ocr_carea' id='block_1_66' title="bbox 404 3355 2054 3450">
    <p class='ocr_par' dir='ltr' id='par_1_66' title="bbox 404 3355 2054 3450">
     <span class='ocr_line' id='line_1_67' title="bbox 404 3355 2054 3450; baseline 0.018 -42"><span class='ocrx_word' id='word_1_503' title='bbox 404 3355 584 3411; x_wconf 83' lang='lat' dir='ltr'><strong>vitam</strong></span> <span class='ocrx_word' id='word_1_504' title='bbox 618 3360 1060 3432; x_wconf 87' lang='lat' dir='ltr'><strong>transigendam</strong></span> <span class='ocrx_word' id='word_1_505' title='bbox 1094 3367 1449 3438; x_wconf 82' lang='lat' dir='ltr'><strong>rejecimus?</strong></span> <span class='ocrx_word' id='word_1_506' title='bbox 1479 3374 1866 3437; x_wconf 86' lang='lat' dir='ltr'><strong>Quamobrem</strong></span> <span class='ocrx_word' id='word_1_507' title='bbox 1898 3382 2054 3450; x_wconf 87' lang='lat' dir='ltr'><strong>quod</strong></span> 
     </span>
    </p>
   </div>
   <div class='ocr_carea' id='block_1_67' title="bbox 405 3443 2055 3526">
    <p class='ocr_par' dir='ltr' id='par_1_67' title="bbox 405 3443 2055 3526">
     <span class='ocr_line' id='line_1_68' title="bbox 405 3443 2055 3526; baseline 0.018 -29"><span class='ocrx_word' id='word_1_508' title='bbox 405 3443 489 3499; x_wconf 90' lang='lat' dir='ltr'><strong>ita</strong></span> <span class='ocrx_word' id='word_1_509' title='bbox 528 3446 753 3503; x_wconf 88' lang='lat' dir='ltr'><strong>dictum</strong></span> <span class='ocrx_word' id='word_1_510' title='bbox 786 3454 896 3518; x_wconf 89' lang='lat' dir='ltr'><strong>est,</strong></span> <span class='ocrx_word' id='word_1_511' title='bbox 932 3452 1165 3524; x_wconf 80' lang='lat' dir='ltr'><strong>chlete,</strong></span> <span class='ocrx_word' id='word_1_512' title='bbox 1202 3458 1284 3513; x_wconf 91' lang='lat' dir='ltr'><strong>rei</strong></span> <span class='ocrx_word' id='word_1_513' title='bbox 1316 3476 1421 3515; x_wconf 90' lang='lat' dir='ltr'><strong>nos</strong></span> <span class='ocrx_word' id='word_1_514' title='bbox 1455 3462 1708 3522; x_wconf 86' lang='lat' dir='ltr'><strong>arbitros</strong></span> <span class='ocrx_word' id='word_1_515' title='bbox 1740 3466 1894 3525; x_wconf 87' lang='lat' dir='ltr'><strong>fecit.</strong></span> <span class='ocrx_word' id='word_1_516' title='bbox 1915 3443 2055 3526; x_wconf 47' lang='lat' dir='ltr'><strong>.Non</strong></span> 
     </span>
    </p>
   </div>
   <div class='ocr_carea' id='block_1_68' title="bbox 408 3532 2059 3628">
    <p class='ocr_par' dir='ltr' id='par_1_68' title="bbox 408 3532 2059 3628">
     <span class='ocr_line' id='line_1_69' title="bbox 408 3532 2059 3628; baseline 0.018 -42"><span class='ocrx_word' id='word_1_517' title='bbox 408 3532 548 3603; x_wconf 82' lang='lat' dir='ltr'><strong>quia</strong></span> <span class='ocrx_word' id='word_1_518' title='bbox 571 3537 853 3594; x_wconf 73' lang='lat' dir='ltr'><strong>universae</strong></span> <span class='ocrx_word' id='word_1_519' title='bbox 875 3557 1049 3597; x_wconf 89' lang='lat' dir='ltr'><strong>usum</strong></span> <span class='ocrx_word' id='word_1_520' title='bbox 1075 3561 1190 3600; x_wconf 89' lang='lat' dir='ltr'><strong>non</strong></span> <span class='ocrx_word' id='word_1_521' title='bbox 1217 3545 1526 3618; x_wconf 84' lang='lat' dir='ltr'><strong>habemus,</strong></span> <span class='ocrx_word' id='word_1_522' title='bbox 1552 3569 1664 3608; x_wconf 90' lang='lat' dir='ltr'><strong>non</strong></span> <span class='ocrx_word' id='word_1_523' title='bbox 1689 3555 1816 3625; x_wconf 88' lang='lat' dir='ltr'><strong>ejus</strong></span> <span class='ocrx_word' id='word_1_524' title='bbox 1838 3564 2059 3628; x_wconf 90' lang='lat' dir='ltr'><strong>quanta</strong></span> 
     </span>
    </p>
   </div>
   <div class='ocr_carea' id='block_1_69' title="bbox 408 3623 2053 3716">
    <p class='ocr_par' dir='ltr' id='par_1_69' title="bbox 408 3623 2053 3716">
     <span class='ocr_line' id='line_1_70' title="bbox 408 3623 2053 3716; baseline 0.017 -40"><span class='ocrx_word' id='word_1_525' title='bbox 408 3626 519 3690; x_wconf 90' lang='lat' dir='ltr'><strong>est,</strong></span> <span class='ocrx_word' id='word_1_526' title='bbox 553 3623 777 3681; x_wconf 90' lang='lat' dir='ltr'><strong>domini</strong></span> <span class='ocrx_word' id='word_1_527' title='bbox 820 3630 1122 3687; x_wconf 86' lang='lat' dir='ltr'><strong>constituti</strong></span> <span class='ocrx_word' id='word_1_528' title='bbox 1155 3650 1384 3692; x_wconf 89' lang='lat' dir='ltr'><strong>sumus.</strong></span> <span class='ocrx_word' id='word_1_529' title='bbox 1409 3637 1609 3711; x_wconf 90' lang='lat' dir='ltr'><strong>Neque</strong></span> <span class='ocrx_word' id='word_1_530' title='bbox 1657 3623 1810 3700; x_wconf 82' lang='lat' dir='ltr'><strong>enim</strong></span> <span class='ocrx_word' id='word_1_531' title='bbox 1842 3651 1927 3716; x_wconf 91' lang='lat' dir='ltr'><strong>tu,</strong></span> <span class='ocrx_word' id='word_1_532' title='bbox 1961 3664 2053 3703; x_wconf 90' lang='lat' dir='ltr'><strong>co-</strong></span> 
     </span>
    </p>
   </div>
   <div class='ocr_carea' id='block_1_70' title="bbox 408 3715 2054 3798">
    <p class='ocr_par' dir='ltr' id='par_1_70' title="bbox 408 3715 2054 3798">
     <span class='ocr_line' id='line_1_71' title="bbox 408 3715 2054 3798; baseline 0.016 -32"><span class='ocrx_word' id='word_1_533' title='bbox 408 3717 607 3783; x_wconf 86' lang='lat' dir='ltr'><strong>empto</strong></span> <span class='ocrx_word' id='word_1_534' title='bbox 638 3715 853 3785; x_wconf 86' lang='lat' dir='ltr'><strong>tritico,</strong></span> <span class='ocrx_word' id='word_1_535' title='bbox 887 3717 1103 3776; x_wconf 90' lang='lat' dir='ltr'><strong>idcirco</strong></span> <span class='ocrx_word' id='word_1_536' title='bbox 1153 3740 1267 3780; x_wconf 93' lang='lat' dir='ltr'><strong>non</strong></span> <span class='ocrx_word' id='word_1_537' title='bbox 1300 3728 1429 3798; x_wconf 75' lang='lat' dir='ltr'><strong>ejus</strong></span> <span class='ocrx_word' id='word_1_538' title='bbox 1459 3730 1653 3787; x_wconf 90' lang='lat' dir='ltr'><strong>omnis</strong></span> <span class='ocrx_word' id='word_1_539' title='bbox 1685 3733 1959 3791; x_wconf 89' lang='lat' dir='ltr'><strong>dominus</strong></span> <span class='ocrx_word' id='word_1_540' title='bbox 1992 3753 2054 3793; x_wconf 88' lang='lat' dir='ltr'><strong>es</strong></span> 
     </span>
    </p>
   </div>
   <div class='ocr_carea' id='block_1_71' title="bbox 405 3801 2054 3891">
    <p class='ocr_par' dir='ltr' id='par_1_71' title="bbox 405 3801 2054 3891">
     <span class='ocr_line' id='line_1_72' title="bbox 405 3801 2054 3891; baseline 0.018 -38"><span class='ocrx_word' id='word_1_541' title='bbox 405 3801 564 3872; x_wconf 91' lang='lat' dir='ltr'><strong>quod</strong></span> <span class='ocrx_word' id='word_1_542' title='bbox 595 3802 654 3858; x_wconf 92' lang='lat' dir='ltr'><strong>in</strong></span> <span class='ocrx_word' id='word_1_543' title='bbox 685 3804 880 3861; x_wconf 85' lang='lat' dir='ltr'><strong>tritico</strong></span> <span class='ocrx_word' id='word_1_544' title='bbox 930 3807 1087 3864; x_wconf 91' lang='lat' dir='ltr'><strong>aliud</strong></span> <span class='ocrx_word' id='word_1_545' title='bbox 1128 3812 1320 3882; x_wconf 89' lang='lat' dir='ltr'><strong>edule,</strong></span> <span class='ocrx_word' id='word_1_546' title='bbox 1352 3816 1509 3873; x_wconf 87' lang='lat' dir='ltr'><strong>aliud</strong></span> <span class='ocrx_word' id='word_1_547' title='bbox 1543 3822 1696 3891; x_wconf 92' lang='lat' dir='ltr'><strong>quod</strong></span> <span class='ocrx_word' id='word_1_548' title='bbox 1746 3823 1806 3877; x_wconf 90' lang='lat' dir='ltr'><strong>in</strong></span> <span class='ocrx_word' id='word_1_549' title='bbox 1861 3841 2054 3882; x_wconf 87' lang='lat' dir='ltr'><strong>escam</strong></span> 
     </span>
    </p>
   </div>
   <div class='ocr_carea' id='block_1_72' title="bbox 406 3892 2053 3987">
    <p class='ocr_par' dir='ltr' id='par_1_72' title="bbox 406 3892 2053 3987">
     <span class='ocr_line' id='line_1_73' title="bbox 406 3892 2053 3987; baseline 0.016 -43"><span class='ocrx_word' id='word_1_550' title='bbox 406 3892 612 3946; x_wconf 88' lang='lat' dir='ltr'><strong>cedere</strong></span> <span class='ocrx_word' id='word_1_551' title='bbox 659 3900 913 3965; x_wconf 91' lang='lat' dir='ltr'><strong>nequeat</strong></span> <span class='ocrx_word' id='word_1_552' title='bbox 958 3898 1227 3970; x_wconf 75' lang='lat' dir='ltr'><strong>offendis,</strong></span> <span class='ocrx_word' id='word_1_553' title='bbox 1256 3907 1312 3958; x_wconf 90' lang='lat' dir='ltr'><strong>st</strong></span> <span class='ocrx_word' id='word_1_554' title='bbox 1341 3906 1576 3978; x_wconf 89' lang='lat' dir='ltr'><strong>abjicis;</strong></span> <span class='ocrx_word' id='word_1_555' title='bbox 1628 3927 1693 3966; x_wconf 91' lang='lat' dir='ltr'><strong>ac</strong></span> <span class='ocrx_word' id='word_1_556' title='bbox 1745 3914 2053 3987; x_wconf 73' lang='lat' dir='ltr'><strong>scrupulos</strong></span> 
     </span>
    </p>
   </div>
   <div class='ocr_carea' id='block_1_73' title="bbox 406 3981 2053 4075">
    <p class='ocr_par' dir='ltr' id='par_1_73' title="bbox 406 3981 2053 4075">
     <span class='ocr_line' id='line_1_74' title="bbox 406 3981 2053 4075; baseline 0.017 -42"><span class='ocrx_word' id='word_1_557' title='bbox 406 3981 643 4051; x_wconf 89' lang='lat' dir='ltr'><strong>quidem</strong></span> <span class='ocrx_word' id='word_1_558' title='bbox 677 3999 742 4038; x_wconf 87' lang='lat' dir='ltr'><strong>ac</strong></span> <span class='ocrx_word' id='word_1_559' title='bbox 773 3982 999 4056; x_wconf 88' lang='lat' dir='ltr'><strong>lapides</strong></span> <span class='ocrx_word' id='word_1_560' title='bbox 1030 3990 1266 4059; x_wconf 88' lang='lat' dir='ltr'><strong>projicis</strong></span> <span class='ocrx_word' id='word_1_561' title='bbox 1314 3999 1378 4049; x_wconf 92' lang='lat' dir='ltr'><strong>ut</strong></span> <span class='ocrx_word' id='word_1_562' title='bbox 1422 3994 1683 4071; x_wconf 87' lang='lat' dir='ltr'><strong>inutiles,</strong></span> <span class='ocrx_word' id='word_1_563' title='bbox 1717 4018 1781 4057; x_wconf 87' lang='lat' dir='ltr'><strong>ac</strong></span> <span class='ocrx_word' id='word_1_564' title='bbox 1812 3981 2053 4075; x_wconf 47' lang='lat' dir='ltr'><strong>si-quid</strong></span> 
     </span>
    </p>
   </div>
   <div class='ocr_carea' id='block_1_74' title="bbox 406 4067 2052 4151">
    <p class='ocr_par' dir='ltr' id='par_1_74' title="bbox 406 4067 2052 4151">
     <span class='ocr_line' id='line_1_75' title="bbox 406 4067 2052 4151; baseline 0.015 -26"><span class='ocrx_word' id='word_1_565' title='bbox 406 4067 566 4125; x_wconf 90' lang='lat' dir='ltr'><strong>aliud</strong></span> <span class='ocrx_word' id='word_1_566' title='bbox 601 4074 978 4131; x_wconf 88' lang='lat' dir='ltr'><strong>commistum</strong></span> <span class='ocrx_word' id='word_1_567' title='bbox 1011 4082 1101 4134; x_wconf 89' lang='lat' dir='ltr'><strong>est</strong></span> <span class='ocrx_word' id='word_1_568' title='bbox 1130 4082 1284 4151; x_wconf 90' lang='lat' dir='ltr'><strong>quod</strong></span> <span class='ocrx_word' id='word_1_569' title='bbox 1324 4085 1395 4139; x_wconf 89' lang='lat' dir='ltr'><strong>ad</strong></span> <span class='ocrx_word' id='word_1_570' title='bbox 1428 4101 1601 4144; x_wconf 91' lang='lat' dir='ltr'><strong>usum</strong></span> <span class='ocrx_word' id='word_1_571' title='bbox 1656 4067 1898 4147; x_wconf 84' lang='lat' dir='ltr'><strong>minime</strong></span> <span class='ocrx_word' id='word_1_572' title='bbox 1928 4093 2052 4149; x_wconf 90' lang='lat' dir='ltr'><strong>ido-</strong></span> 
     </span>
    </p>
   </div>
   <div class='ocr_carea' id='block_1_75' title="bbox 406 4160 2052 4251">
    <p class='ocr_par' dir='ltr' id='par_1_75' title="bbox 406 4160 2052 4251">
     <span class='ocr_line' id='line_1_76' title="bbox 406 4160 2052 4251; baseline 0.017 -39"><span class='ocrx_word' id='word_1_573' title='bbox 406 4173 585 4214; x_wconf 92' lang='lat' dir='ltr'><strong>neum</strong></span> <span class='ocrx_word' id='word_1_574' title='bbox 615 4160 715 4227; x_wconf 86' lang='lat' dir='ltr'><strong>sit,</strong></span> <span class='ocrx_word' id='word_1_575' title='bbox 746 4162 1061 4238; x_wconf 87' lang='lat' dir='ltr'><strong>glumaque</strong></span> <span class='ocrx_word' id='word_1_576' title='bbox 1103 4170 1408 4229; x_wconf 85' lang='lat' dir='ltr'><strong>exsufﬂata</strong></span> <span class='ocrx_word' id='word_1_577' title='bbox 1437 4181 1612 4249; x_wconf 91' lang='lat' dir='ltr'><strong>atque</strong></span> <span class='ocrx_word' id='word_1_578' title='bbox 1642 4181 1833 4251; x_wconf 86' lang='lat' dir='ltr'><strong>palea,</strong></span> <span class='ocrx_word' id='word_1_579' title='bbox 1865 4197 1931 4237; x_wconf 90' lang='lat' dir='ltr'><strong>ac</strong></span> <span class='ocrx_word' id='word_1_580' title='bbox 1962 4198 2052 4238; x_wconf 88' lang='lat' dir='ltr'><strong>se-</strong></span> 
     </span>
    </p>
   </div>
   <div class='ocr_carea' id='block_1_76' title="bbox 405 4246 2050 4343">
    <p class='ocr_par' dir='ltr' id='par_1_76' title="bbox 405 4246 2050 4343">
     <span class='ocr_line' id='line_1_77' title="bbox 405 4246 2050 4343; baseline 0.016 -41"><span class='ocrx_word' id='word_1_581' title='bbox 405 4250 562 4305; x_wconf 89' lang='lat' dir='ltr'><strong>creto</strong></span> <span class='ocrx_word' id='word_1_582' title='bbox 591 4246 751 4323; x_wconf 92' lang='lat' dir='ltr'><strong>lolio,</strong></span> <span class='ocrx_word' id='word_1_583' title='bbox 786 4253 1076 4327; x_wconf 90' lang='lat' dir='ltr'><strong>quidquid</strong></span> <span class='ocrx_word' id='word_1_584' title='bbox 1125 4259 1197 4314; x_wconf 89' lang='lat' dir='ltr'><strong>ad</strong></span> <span class='ocrx_word' id='word_1_585' title='bbox 1247 4261 1377 4319; x_wconf 63' lang='lat' dir='ltr'><strong>vita</strong></span> <span class='ocrx_word' id='word_1_586' title='bbox 1423 4246 1910 4326; x_wconf 70' lang='lat' dir='ltr'><strong>sustentationem</strong></span> <span class='ocrx_word' id='word_1_587' title='bbox 1943 4288 2050 4343; x_wconf 92' lang='lat' dir='ltr'><strong>pu-</strong></span> 
     </span>
    </p>
   </div>
   <div class='ocr_carea' id='block_1_77' title="bbox 403 4341 1018 4418">
    <p class='ocr_par' dir='ltr' id='par_1_77' title="bbox 403 4341 1018 4418">
     <span class='ocr_line' id='line_1_78' title="bbox 403 4341 1018 4418; baseline 0.011 -24"><span class='ocrx_word' id='word_1_588' title='bbox 403 4353 536 4395; x_wconf 88' lang='lat' dir='ltr'><strong>rum</strong></span> <span class='ocrx_word' id='word_1_589' title='bbox 564 4344 672 4411; x_wconf 86' lang='lat' dir='ltr'><strong>est,</strong></span> <span class='ocrx_word' id='word_1_590' title='bbox 701 4341 759 4398; x_wconf 94' lang='lat' dir='ltr'><strong>id</strong></span> <span class='ocrx_word' id='word_1_591' title='bbox 790 4344 1018 4418; x_wconf 88' lang='lat' dir='ltr'><strong>deligis.</strong></span> 
     </span>
    </p>
   </div>
   <div class='ocr_carea' id='block_1_78' title="bbox 476 4428 2050 4515">
    <p class='ocr_par' dir='ltr' id='par_1_78' title="bbox 476 4428 2050 4515">
     <span class='ocr_line' id='line_1_79' title="bbox 476 4428 2050 4515; baseline 0.017 -33"><span class='ocrx_word' id='word_1_592' title='bbox 476 4428 563 4483; x_wconf 84' lang='grc'>19.</span> <span class='ocrx_word' id='word_1_593' title='bbox 594 4431 689 4486; x_wconf 84' lang='lat' dir='ltr'><strong>Sic</strong></span> <span class='ocrx_word' id='word_1_594' title='bbox 718 4431 916 4507; x_wconf 89' lang='lat' dir='ltr'><strong>itaque</strong></span> <span class='ocrx_word' id='word_1_595' title='bbox 954 4436 1131 4493; x_wconf 89' lang='lat' dir='ltr'><strong>etiam</strong></span> <span class='ocrx_word' id='word_1_596' title='bbox 1180 4442 1357 4511; x_wconf 90' lang='lat' dir='ltr'><strong>terra,</strong></span> <span class='ocrx_word' id='word_1_597' title='bbox 1392 4446 1604 4515; x_wconf 88' lang='lat' dir='ltr'><strong>partim</strong></span> <span class='ocrx_word' id='word_1_598' title='bbox 1656 4449 1728 4504; x_wconf 89' lang='lat' dir='ltr'><strong>ad</strong></span> <span class='ocrx_word' id='word_1_599' title='bbox 1777 4449 2050 4507; x_wconf 89' lang='lat' dir='ltr'><strong>habitan-</strong></span> 
     </span>
    </p>
   </div>
   <div class='ocr_carea' id='block_1_79' title="bbox 404 4517 2051 4608">
    <p class='ocr_par' dir='ltr' id='par_1_79' title="bbox 404 4517 2051 4608">
     <span class='ocr_line' id='line_1_80' title="bbox 404 4517 2051 4608; baseline 0.016 -36"><span class='ocrx_word' id='word_1_600' title='bbox 404 4517 546 4574; x_wconf 91' lang='lat' dir='ltr'><strong>dum</strong></span> <span class='ocrx_word' id='word_1_601' title='bbox 579 4520 748 4577; x_wconf 82' lang='lat' dir='ltr'><strong>nobis</strong></span> <span class='ocrx_word' id='word_1_602' title='bbox 779 4540 1059 4584; x_wconf 87' lang='lat' dir='ltr'><strong>concessa</strong></span> <span class='ocrx_word' id='word_1_603' title='bbox 1099 4528 1310 4586; x_wconf 90' lang='lat' dir='ltr'><strong>idonea</strong></span> <span class='ocrx_word' id='word_1_604' title='bbox 1339 4538 1459 4603; x_wconf 88' lang='lat' dir='ltr'><strong>est;</strong></span> <span class='ocrx_word' id='word_1_605' title='bbox 1499 4538 1716 4608; x_wconf 88' lang='lat' dir='ltr'><strong>partim</strong></span> <span class='ocrx_word' id='word_1_606' title='bbox 1749 4541 1822 4596; x_wconf 92' lang='lat' dir='ltr'><strong>ad</strong></span> <span class='ocrx_word' id='word_1_607' title='bbox 1852 4540 2051 4598; x_wconf 88' lang='lat' dir='ltr'><strong>colen-</strong></span> 
     </span>
    </p>
   </div>
   <div class='ocr_carea' id='block_1_80' title="bbox 2164 3374 3818 3456">
    <p class='ocr_par' dir='ltr' id='par_1_80' title="bbox 2164 3374 3818 3456">
     <span class='ocr_line' id='line_1_81' title="bbox 2164 3374 3818 3456; baseline -0.003 -22"><span class='ocrx_word' id='word_1_608' title='bbox 2164 3378 2500 3456; x_wconf 82' lang='grc' dir='ltr'>Πληρώσατε</span> <span class='ocrx_word' id='word_1_609' title='bbox 2545 3380 2644 3449; x_wconf 72' lang='grc' dir='ltr'>τὴν</span> <span class='ocrx_word' id='word_1_610' title='bbox 2705 3386 2849 3455; x_wconf 84' lang='grc' dir='ltr'>γῆν,</span> <span class='ocrx_word' id='word_1_611' title='bbox 2902 3378 3121 3453; x_wconf 81' lang='grc' dir='ltr'>κυρίους</span> <span class='ocrx_word' id='word_1_612' title='bbox 3179 3381 3330 3449; x_wconf 78' lang='grc' dir='ltr'>ἡμᾶς</span> <span class='ocrx_word' id='word_1_613' title='bbox 3381 3376 3653 3442; x_wconf 66' lang='grc' dir='ltr'>εποίησεν.</span> <span class='ocrx_word' id='word_1_614' title='bbox 3706 3374 3818 3430; x_wconf 75' lang='grc' dir='ltr'><strong>Οὐκ</strong></span> 
     </span>
    </p>
   </div>
   <div class='ocr_carea' id='block_1_81' title="bbox 2164 3461 3813 3542">
    <p class='ocr_par' dir='ltr' id='par_1_81' title="bbox 2164 3461 3813 3542">
     <span class='ocr_line' id='line_1_82' title="bbox 2164 3461 3813 3542; baseline -0.002 -21"><span class='ocrx_word' id='word_1_615' title='bbox 2164 3465 2352 3536; x_wconf 80' lang='grc' dir='ltr'>ἐπειδὴ</span> <span class='ocrx_word' id='word_1_616' title='bbox 2407 3469 2587 3539; x_wconf 85' lang='grc' dir='ltr'>πάσης</span> <span class='ocrx_word' id='word_1_617' title='bbox 2656 3467 2760 3522; x_wconf 79' lang='grc' dir='ltr'><strong>οὐκ</strong></span> <span class='ocrx_word' id='word_1_618' title='bbox 2803 3463 3007 3542; x_wconf 74' lang='grc' dir='ltr'>ἓχομεν</span> <span class='ocrx_word' id='word_1_619' title='bbox 3064 3466 3163 3534; x_wconf 73' lang='grc' dir='ltr'>τὴν</span> <span class='ocrx_word' id='word_1_620' title='bbox 3210 3471 3436 3541; x_wconf 80' lang='grc' dir='ltr'>χρῆσιν,</span> <span class='ocrx_word' id='word_1_621' title='bbox 3482 3463 3583 3519; x_wconf 85' lang='grc' dir='ltr'><strong>ούκ</strong></span> <span class='ocrx_word' id='word_1_622' title='bbox 3608 3461 3813 3539; x_wconf 74' lang='grc' dir='ltr'>’ἔχομεν</span> 
     </span>
    </p>
   </div>
   <div class='ocr_carea' id='block_1_82' title="bbox 2163 3553 3815 3631">
    <p class='ocr_par' dir='ltr' id='par_1_82' title="bbox 2163 3553 3815 3631">
     <span class='ocr_line' id='line_1_83' title="bbox 2163 3553 3815 3631; baseline -0.001 -21"><span class='ocrx_word' id='word_1_623' title='bbox 2163 3554 2344 3627; x_wconf 82' lang='grc' dir='ltr'>πάσης</span> <span class='ocrx_word' id='word_1_624' title='bbox 2391 3560 2489 3612; x_wconf 78' lang='grc' dir='ltr'><strong>τοῦ</strong></span> <span class='ocrx_word' id='word_1_625' title='bbox 2534 3555 2825 3630; x_wconf 85' lang='grc' dir='ltr'>κυριεύειν.</span> <span class='ocrx_word' id='word_1_626' title='bbox 2876 3553 3018 3612; x_wconf 71' lang='grc' dir='ltr'><strong>Οὐδὲ</strong></span> <span class='ocrx_word' id='word_1_627' title='bbox 3053 3555 3154 3631; x_wconf 80' lang='grc' dir='ltr'><strong>γάρ</strong></span> <span class='ocrx_word' id='word_1_628' title='bbox 3187 3553 3249 3609; x_wconf 78' lang='grc' dir='ltr'>σὺ</span> <span class='ocrx_word' id='word_1_629' title='bbox 3278 3555 3369 3609; x_wconf 85' lang='grc' dir='ltr'>τὸν</span> <span class='ocrx_word' id='word_1_630' title='bbox 3421 3558 3566 3609; x_wconf 82' lang='grc' dir='ltr'>σῖτον</span> <span class='ocrx_word' id='word_1_631' title='bbox 3626 3554 3815 3628; x_wconf 65' lang='grc' dir='ltr'>ἀγοράς</span> 
     </span>
    </p>
   </div>
   <div class='ocr_carea' id='block_1_83' title="bbox 2166 3638 3811 3718">
    <p class='ocr_par' dir='ltr' id='par_1_83' title="bbox 2166 3638 3811 3718">
     <span class='ocr_line' id='line_1_84' title="bbox 2166 3638 3811 3718; baseline -0.002 -20"><span class='ocrx_word' id='word_1_632' title='bbox 2166 3665 2259 3706; x_wconf 87' lang='grc' dir='ltr'><strong>σας</strong></span> <span class='ocrx_word' id='word_1_633' title='bbox 2290 3647 2386 3718; x_wconf 76' lang='grc' dir='ltr'>(ὁ),</span> <span class='ocrx_word' id='word_1_634' title='bbox 2438 3644 2536 3700; x_wconf 82' lang='grc' dir='ltr'><strong>οὐκ</strong></span> <span class='ocrx_word' id='word_1_635' title='bbox 2586 3643 2634 3700; x_wconf 79' lang='grc' dir='ltr'>εἴ</span> <span class='ocrx_word' id='word_1_636' title='bbox 2680 3641 2770 3699; x_wconf 76' lang='grc' dir='ltr'>διὰ</span> <span class='ocrx_word' id='word_1_637' title='bbox 2796 3647 2959 3699; x_wconf 81' lang='grc' dir='ltr'>τοῦτο</span> <span class='ocrx_word' id='word_1_638' title='bbox 2988 3646 3085 3698; x_wconf 75' lang='grc' dir='ltr'><strong>τοῦ</strong></span> <span class='ocrx_word' id='word_1_639' title='bbox 3142 3643 3342 3703; x_wconf 90' lang='grc' dir='ltr'>παντὸς</span> <span class='ocrx_word' id='word_1_640' title='bbox 3382 3642 3590 3718; x_wconf 81' lang='grc' dir='ltr'>κύριος,</span> <span class='ocrx_word' id='word_1_641' title='bbox 3622 3638 3811 3709; x_wconf 77' lang='grc' dir='ltr'>ἐπειδὴ</span> 
     </span>
    </p>
   </div>
   <div class='ocr_carea' id='block_1_84' title="bbox 2163 3726 3812 3806">
    <p class='ocr_par' dir='ltr' id='par_1_84' title="bbox 2163 3726 3812 3806">
     <span class='ocr_line' id='line_1_85' title="bbox 2163 3726 3812 3806; baseline -0.002 -19"><span class='ocrx_word' id='word_1_642' title='bbox 2163 3732 2216 3787; x_wconf 77' lang='grc' dir='ltr'>ἐν</span> <span class='ocrx_word' id='word_1_643' title='bbox 2247 3738 2327 3805; x_wconf 81' lang='grc' dir='ltr'><strong>τῷ</strong></span> <span class='ocrx_word' id='word_1_644' title='bbox 2360 3733 2492 3806; x_wconf 88' lang='grc' dir='ltr'>σίτῳ</span> <span class='ocrx_word' id='word_1_645' title='bbox 2518 3734 2581 3789; x_wconf 84' lang='grc' dir='ltr'>τὸ</span> <span class='ocrx_word' id='word_1_646' title='bbox 2614 3733 2709 3806; x_wconf 75' lang='grc' dir='ltr'>μὶν</span> <span class='ocrx_word' id='word_1_647' title='bbox 2742 3730 3038 3805; x_wconf 78' lang='grc' dir='ltr'>ἐδώδιμον,</span> <span class='ocrx_word' id='word_1_648' title='bbox 3069 3732 3133 3786; x_wconf 83' lang='grc' dir='ltr'>τὸ</span> <span class='ocrx_word' id='word_1_649' title='bbox 3161 3729 3219 3786; x_wconf 69' lang='grc' dir='ltr'><strong>δὶ</strong></span> <span class='ocrx_word' id='word_1_650' title='bbox 3266 3726 3512 3804; x_wconf 79' lang='grc' dir='ltr'>ἄϐρωτον</span> <span class='ocrx_word' id='word_1_651' title='bbox 3545 3729 3812 3805; x_wconf 76' lang='grc' dir='ltr'>εὑρίσκεις</span> 
     </span>
    </p>
   </div>
   <div class='ocr_carea' id='block_1_85' title="bbox 2161 3818 3812 3898">
    <p class='ocr_par' dir='ltr' id='par_1_85' title="bbox 2161 3818 3812 3898">
     <span class='ocr_line' id='line_1_86' title="bbox 2161 3818 3812 3898; baseline -0.002 -22"><span class='ocrx_word' id='word_1_652' title='bbox 2161 3822 2252 3876; x_wconf 85' lang='grc' dir='ltr'><strong>καὶ</strong></span> <span class='ocrx_word' id='word_1_653' title='bbox 2280 3818 2594 3898; x_wconf 78' lang='grc' dir='ltr'>ἀποϐάλλῃ·</span> <span class='ocrx_word' id='word_1_654' title='bbox 2654 3823 2741 3878; x_wconf 83' lang='grc' dir='ltr'><strong>καὶ</strong></span> <span class='ocrx_word' id='word_1_655' title='bbox 2787 3823 2855 3876; x_wconf 71' lang='grc' dir='ltr'><strong>τά</strong></span> <span class='ocrx_word' id='word_1_656' title='bbox 2885 3819 3092 3887; x_wconf 83' lang='grc' dir='ltr'>λιθίδια</span> <span class='ocrx_word' id='word_1_657' title='bbox 3119 3822 3207 3898; x_wconf 79' lang='grc' dir='ltr'>γὶν</span> <span class='ocrx_word' id='word_1_658' title='bbox 3236 3821 3310 3883; x_wconf 89' lang='grc' dir='ltr'><strong>ὡς</strong></span> <span class='ocrx_word' id='word_1_659' title='bbox 3347 3821 3597 3897; x_wconf 82' lang='grc' dir='ltr'>ἄχρηστα</span> <span class='ocrx_word' id='word_1_660' title='bbox 3641 3818 3812 3894; x_wconf 76' lang='grc' dir='ltr'>ἀπορ-</span> 
     </span>
    </p>
   </div>
   <div class='ocr_carea' id='block_1_86' title="bbox 2165 3908 3809 3988">
    <p class='ocr_par' dir='ltr' id='par_1_86' title="bbox 2165 3908 3809 3988">
     <span class='ocr_line' id='line_1_87' title="bbox 2165 3908 3809 3988; baseline -0.002 -23"><span class='ocrx_word' id='word_1_661' title='bbox 2165 3910 2390 3988; x_wconf 73' lang='grc' dir='ltr'>ρίπτεις,</span> <span class='ocrx_word' id='word_1_662' title='bbox 2448 3911 2537 3965; x_wconf 83' lang='grc' dir='ltr'><strong>καὶ</strong></span> <span class='ocrx_word' id='word_1_663' title='bbox 2599 3909 2653 3966; x_wconf 79' lang='grc' dir='ltr'><strong>εἷ’</strong></span> <span class='ocrx_word' id='word_1_664' title='bbox 2699 3932 2751 3967; x_wconf 88' lang='grc' dir='ltr'><strong>τι</strong></span> <span class='ocrx_word' id='word_1_665' title='bbox 2812 3908 2952 3967; x_wconf 71' lang='grc' dir='ltr'>ἄλλο</span> <span class='ocrx_word' id='word_1_666' title='bbox 3014 3909 3366 3984; x_wconf 77' lang='grc' dir='ltr'>ἐπιμὲμικται</span> <span class='ocrx_word' id='word_1_667' title='bbox 3415 3910 3552 3985; x_wconf 88' lang='grc' dir='ltr'>πρὸς</span> <span class='ocrx_word' id='word_1_668' title='bbox 3606 3909 3809 3984; x_wconf 85' lang='grc' dir='ltr'>βρώσιν</span> 
     </span>
    </p>
   </div>
   <div class='ocr_carea' id='block_1_87' title="bbox 2161 3996 3808 4079">
    <p class='ocr_par' dir='ltr' id='par_1_87' title="bbox 2161 3996 3808 4079">
     <span class='ocr_line' id='line_1_88' title="bbox 2161 3996 3808 4079; baseline -0.001 -26"><span class='ocrx_word' id='word_1_669' title='bbox 2161 3998 2557 4071; x_wconf 82' lang='grc' dir='ltr'>ἀνεπιτήδειον·</span> <span class='ocrx_word' id='word_1_670' title='bbox 2591 4000 2653 4056; x_wconf 89' lang='grc' dir='ltr'>τὸ</span> <span class='ocrx_word' id='word_1_671' title='bbox 2684 3997 2743 4055; x_wconf 77' lang='grc' dir='ltr'><strong>δὶ</strong></span> <span class='ocrx_word' id='word_1_672' title='bbox 2787 3997 2994 4077; x_wconf 77' lang='grc' dir='ltr'>ἄχυρον</span> <span class='ocrx_word' id='word_1_673' title='bbox 3026 3999 3379 4079; x_wconf 73' lang='grc' dir='ltr'>ἀποφυσήσας</span> <span class='ocrx_word' id='word_1_674' title='bbox 3419 3999 3507 4054; x_wconf 88' lang='lat' dir='ltr'><strong>xui</strong></span> <span class='ocrx_word' id='word_1_675' title='bbox 3551 3998 3615 4053; x_wconf 87' lang='grc' dir='ltr'>τὸ</span> <span class='ocrx_word' id='word_1_676' title='bbox 3662 3996 3808 4068; x_wconf 80' lang='grc' dir='ltr'>ζιζά-</span> 
     </span>
    </p>
   </div>
   <div class='ocr_carea' id='block_1_88' title="bbox 2159 4086 3810 4168">
    <p class='ocr_par' dir='ltr' id='par_1_88' title="bbox 2159 4086 3810 4168">
     <span class='ocr_line' id='line_1_89' title="bbox 2159 4086 3810 4168; baseline -0.002 -24"><span class='ocrx_word' id='word_1_677' title='bbox 2159 4111 2276 4144; x_wconf 88' lang='grc' dir='ltr'>νιον</span> <span class='ocrx_word' id='word_1_678' title='bbox 2311 4089 2627 4165; x_wconf 83' lang='grc' dir='ltr'>ἀποκρίνας,</span> <span class='ocrx_word' id='word_1_679' title='bbox 2670 4091 2733 4145; x_wconf 88' lang='grc' dir='ltr'>τὸ</span> <span class='ocrx_word' id='word_1_680' title='bbox 2786 4089 2912 4145; x_wconf 74' lang='grc' dir='ltr'>ὅσον</span> <span class='ocrx_word' id='word_1_681' title='bbox 2960 4090 3195 4168; x_wconf 80' lang='grc' dir='ltr'>καθαρὸν</span> <span class='ocrx_word' id='word_1_682' title='bbox 3232 4090 3369 4167; x_wconf 86' lang='grc' dir='ltr'>πρὸς</span> <span class='ocrx_word' id='word_1_683' title='bbox 3398 4089 3497 4159; x_wconf 79' lang='grc' dir='ltr'>τὴν</span> <span class='ocrx_word' id='word_1_684' title='bbox 3528 4090 3626 4144; x_wconf 81' lang='grc' dir='ltr'><strong>τοῦ</strong></span> <span class='ocrx_word' id='word_1_685' title='bbox 3689 4086 3810 4163; x_wconf 86' lang='grc' dir='ltr'>βίου</span> 
     </span>
    </p>
   </div>
   <div class='ocr_carea' id='block_1_89' title="bbox 2160 4177 3009 4256">
    <p class='ocr_par' dir='ltr' id='par_1_89' title="bbox 2160 4177 3009 4256">
     <span class='ocr_line' id='line_1_90' title="bbox 2160 4177 3009 4256; baseline 0.002 -22"><span class='ocrx_word' id='word_1_686' title='bbox 2160 4179 2411 4235; x_wconf 87' lang='grc' dir='ltr'>σύστασιν</span> <span class='ocrx_word' id='word_1_687' title='bbox 2441 4184 2602 4235; x_wconf 81' lang='grc' dir='ltr'>τοῦτο</span> <span class='ocrx_word' id='word_1_688' title='bbox 2634 4177 3009 4256; x_wconf 79' lang='grc' dir='ltr'>ἐκλεξάμενος.</span> 
     </span>
    </p>
   </div>
   <div class='ocr_carea' id='block_1_90' title="bbox 2234 4440 3805 4522">
    <p class='ocr_par' dir='ltr' id='par_1_90' title="bbox 2234 4440 3805 4522">
     <span class='ocr_line' id='line_1_91' title="bbox 2234 4440 3805 4522; baseline -0.004 -18"><span class='ocrx_word' id='word_1_689' title='bbox 2234 4449 2321 4504; x_wconf 87' lang='grc'><strong>19.</strong></span> <span class='ocrx_word' id='word_1_690' title='bbox 2370 4444 2530 4505; x_wconf 74' lang='grc' dir='ltr'>Οὕτω</span> <span class='ocrx_word' id='word_1_691' title='bbox 2571 4446 2749 4502; x_wconf 89' lang='grc' dir='ltr'>τοίνυν</span> <span class='ocrx_word' id='word_1_692' title='bbox 2797 4445 2887 4501; x_wconf 78' lang='grc' dir='ltr'><strong>καὶ</strong></span> <span class='ocrx_word' id='word_1_693' title='bbox 2934 4448 2969 4516; x_wconf 76' lang='grc' dir='ltr'><strong>ἡ</strong></span> <span class='ocrx_word' id='word_1_694' title='bbox 3019 4452 3112 4522; x_wconf 84' lang='grc' dir='ltr'><strong>γῆ,</strong></span> <span class='ocrx_word' id='word_1_695' title='bbox 3162 4447 3198 4515; x_wconf 77' lang='grc' dir='ltr'><strong>ἡ</strong></span> <span class='ocrx_word' id='word_1_696' title='bbox 3262 4445 3354 4519; x_wconf 73' lang='grc' dir='ltr'>μὶν</span> <span class='ocrx_word' id='word_1_697' title='bbox 3400 4445 3537 4521; x_wconf 88' lang='grc' dir='ltr'>πρὸς</span> <span class='ocrx_word' id='word_1_698' title='bbox 3594 4440 3805 4515; x_wconf 73' lang='grc' dir='ltr'>οἷ’κησιν</span> 
     </span>
    </p>
   </div>
   <div class='ocr_carea' id='block_1_91' title="bbox 2160 4531 3808 4612">
    <p class='ocr_par' dir='ltr' id='par_1_91' title="bbox 2160 4531 3808 4612">
     <span class='ocr_line' id='line_1_92' title="bbox 2160 4531 3808 4612; baseline -0.002 -22"><span class='ocrx_word' id='word_1_699' title='bbox 2160 4533 2422 4612; x_wconf 73' lang='grc' dir='ltr'>ἐχαρίσθη</span> <span class='ocrx_word' id='word_1_700' title='bbox 2475 4533 2780 4608; x_wconf 71' lang='grc' dir='ltr'>ἐπιτηδεία,</span> <span class='ocrx_word' id='word_1_701' title='bbox 2835 4538 2870 4606; x_wconf 78' lang='grc' dir='ltr'><strong>ἡ</strong></span> <span class='ocrx_word' id='word_1_702' title='bbox 2933 4533 2993 4591; x_wconf 77' lang='grc' dir='ltr'><strong>δὶ</strong></span> <span class='ocrx_word' id='word_1_703' title='bbox 3047 4535 3125 4598; x_wconf 84' lang='grc' dir='ltr'>ὡς</span> <span class='ocrx_word' id='word_1_704' title='bbox 3180 4534 3317 4609; x_wconf 85' lang='grc' dir='ltr'>πρὸς</span> <span class='ocrx_word' id='word_1_705' title='bbox 3346 4532 3610 4610; x_wconf 88' lang='grc' dir='ltr'>γεωργίαν</span> <span class='ocrx_word' id='word_1_706' title='bbox 3642 4531 3808 4607; x_wconf 78' lang='grc' dir='ltr'>ἀναγ·</span> 
     </span>
    </p>
   </div>
   <div class='ocr_carea' id='block_1_92' title="bbox 404 4606 2059 4726">
    <p class='ocr_par' dir='ltr' id='par_1_92' title="bbox 404 4606 2048 4701">
     <span class='ocr_line' id='line_1_93' title="bbox 404 4606 2048 4701; baseline 0.016 -40"><span class='ocrx_word' id='word_1_707' title='bbox 404 4606 511 4663; x_wconf 91' lang='lat' dir='ltr'><strong>dos</strong></span> <span class='ocrx_word' id='word_1_708' title='bbox 542 4623 713 4681; x_wconf 88' lang='lat' dir='ltr'><strong>agros</strong></span> <span class='ocrx_word' id='word_1_709' title='bbox 742 4616 1100 4684; x_wconf 85' lang='lat' dir='ltr'><strong>necessaria;</strong></span> <span class='ocrx_word' id='word_1_710' title='bbox 1133 4620 1348 4691; x_wconf 89' lang='lat' dir='ltr'><strong>partim</strong></span> <span class='ocrx_word' id='word_1_711' title='bbox 1381 4624 1452 4678; x_wconf 88' lang='lat' dir='ltr'><strong>ad</strong></span> <span class='ocrx_word' id='word_1_712' title='bbox 1485 4606 1934 4701; x_wconf 80' lang='lat' dir='ltr'><strong>quadrupedum</strong></span> <span class='ocrx_word' id='word_1_713' title='bbox 1965 4634 2048 4686; x_wconf 87' lang='lat' dir='ltr'><strong>at-</strong></span> 
     </span>
    </p>
   </div>
   <div class='ocr_carea' id='block_1_93' title="bbox 2170 4606 3807 4726">
    <p class='ocr_par' dir='ltr' id='par_1_93' title="bbox 2170 4606 3807 4726">
     <span class='ocr_line' id='line_1_94' title="bbox 2170 4606 3807 4726; baseline -0.002 -46"><span class='ocrx_word' id='word_1_714' title='bbox 2170 4606 2301 4681; x_wconf 64' lang='grc' dir='ltr'>ιᾶίά·</span> <span class='ocrx_word' id='word_1_715' title='bbox 2363 4623 2508 4697; x_wconf 79' lang='grc' dir='ltr'>ἄλλη</span> <span class='ocrx_word' id='word_1_716' title='bbox 2571 4606 2645 4688; x_wconf 86' lang='grc' dir='ltr'>ὡς</span> <span class='ocrx_word' id='word_1_717' title='bbox 2698 4624 2834 4701; x_wconf 79' lang='grc' dir='ltr'>πρὸς</span> <span class='ocrx_word' id='word_1_718' title='bbox 2894 4623 3257 4701; x_wconf 83' lang='grc' dir='ltr'>βοσκημάτων</span> <span class='ocrx_word' id='word_1_719' title='bbox 3313 4623 3404 4678; x_wconf 88' lang='lat' dir='ltr'><strong>xui</strong></span> <span class='ocrx_word' id='word_1_720' title='bbox 3451 4619 3807 4726; x_wconf 51' lang='grc' dir='ltr'>,τετραπόδων</span> 
     </span>
    </p>
   </div>
   <div class='ocr_carea' id='block_1_94' title="bbox 401 4708 2059 4789">
    <p class='ocr_par' dir='ltr' id='par_1_94' title="bbox 401 4708 2048 4786">
     <span class='ocr_line' id='line_1_95' title="bbox 401 4708 2048 4786; baseline 0.016 -35"><span class='ocrx_word' id='word_1_721' title='bbox 401 4712 517 4768; x_wconf 91' lang='lat' dir='ltr'><strong>que</strong></span> <span class='ocrx_word' id='word_1_722' title='bbox 560 4714 837 4769; x_wconf 89' lang='lat' dir='ltr'><strong>pecorum</strong></span> <span class='ocrx_word' id='word_1_723' title='bbox 885 4718 1100 4775; x_wconf 89' lang='lat' dir='ltr'><strong>pascua</strong></span> <span class='ocrx_word' id='word_1_724' title='bbox 1134 4708 1409 4780; x_wconf 83' lang='lat' dir='ltr'><strong>dimissa;</strong></span> <span class='ocrx_word' id='word_1_725' title='bbox 1443 4712 1673 4786; x_wconf 89' lang='lat' dir='ltr'><strong>aliaque</strong></span> <span class='ocrx_word' id='word_1_726' title='bbox 1721 4719 2048 4777; x_wconf 90' lang='lat' dir='ltr'><strong>secundum</strong></span> 
     </span>
    </p>
   </div>
   <div class='ocr_carea' id='block_1_95' title="bbox 2170 4708 3805 4789">
    <p class='ocr_par' dir='ltr' id='par_1_95' title="bbox 2170 4711 3805 4789">
     <span class='ocr_line' id='line_1_96' title="bbox 2170 4711 3805 4789; baseline -0.002 -20"><span class='ocrx_word' id='word_1_727' title='bbox 2170 4714 2343 4787; x_wconf 69' lang='lat' dir='ltr'><strong>ivsqu</strong></span> <span class='ocrx_word' id='word_1_728' title='bbox 2377 4716 2578 4789; x_wconf 85' lang='grc' dir='ltr'>νομὴν,</span> <span class='ocrx_word' id='word_1_729' title='bbox 2609 4714 2698 4771; x_wconf 84' lang='grc' dir='ltr'><strong>καὶ</strong></span> <span class='ocrx_word' id='word_1_730' title='bbox 2754 4712 2900 4786; x_wconf 82' lang='grc' dir='ltr'>ἄλλη</span> <span class='ocrx_word' id='word_1_731' title='bbox 2933 4714 3051 4770; x_wconf 86' lang='grc' dir='ltr'>κατ’</span> <span class='ocrx_word' id='word_1_732' title='bbox 3108 4711 3284 4784; x_wconf 71' lang='grc' dir='ltr'>ἄλλην</span> <span class='ocrx_word' id='word_1_733' title='bbox 3338 4711 3526 4789; x_wconf 85' lang='grc' dir='ltr'>χρείαν</span> <span class='ocrx_word' id='word_1_734' title='bbox 3557 4711 3805 4767; x_wconf 75' lang='grc' dir='ltr'>τινὰτῶν</span> 
     </span>
    </p>
   </div>
   <div class='ocr_carea' id='block_1_96' title="bbox 401 4785 2048 4869">
    <p class='ocr_par' dir='ltr' id='par_1_96' title="bbox 401 4785 2048 4869">
     <span class='ocr_line' id='line_1_97' title="bbox 401 4785 2048 4869; baseline 0.016 -28"><span class='ocrx_word' id='word_1_735' title='bbox 401 4785 583 4845; x_wconf 82' lang='lat' dir='ltr'><strong>alium</strong></span> <span class='ocrx_word' id='word_1_736' title='bbox 615 4793 930 4861; x_wconf 87' lang='lat' dir='ltr'><strong>quemdam</strong></span> <span class='ocrx_word' id='word_1_737' title='bbox 979 4812 1176 4869; x_wconf 89' lang='lat' dir='ltr'><strong>usum,</strong></span> <span class='ocrx_word' id='word_1_738' title='bbox 1213 4799 1315 4856; x_wconf 91' lang='lat' dir='ltr'><strong>tibi</strong></span> <span class='ocrx_word' id='word_1_739' title='bbox 1342 4801 1473 4857; x_wconf 71' lang='lat' dir='ltr'><strong>vitis</strong></span> <span class='ocrx_word' id='word_1_740' title='bbox 1513 4785 1839 4865; x_wconf 90' lang='lat' dir='ltr'><strong>rationibus</strong></span> <span class='ocrx_word' id='word_1_741' title='bbox 1875 4813 2048 4867; x_wconf 89' lang='lat' dir='ltr'><strong>tuen-</strong></span> 
     </span>
    </p>
   </div>
   <div class='ocr_carea' id='block_1_97' title="bbox 399 4875 2045 4971">
    <p class='ocr_par' dir='ltr' id='par_1_97' title="bbox 399 4875 2045 4971">
     <span class='ocr_line' id='line_1_98' title="bbox 399 4875 2045 4971; baseline 0.016 -40"><span class='ocrx_word' id='word_1_742' title='bbox 399 4875 490 4933; x_wconf 87' lang='lat' dir='ltr'><strong>dis</strong></span> <span class='ocrx_word' id='word_1_743' title='bbox 521 4885 941 4957; x_wconf 87' lang='lat' dir='ltr'><strong>opportunum,</strong></span> <span class='ocrx_word' id='word_1_744' title='bbox 974 4886 1162 4960; x_wconf 89' lang='lat' dir='ltr'><strong>deque</strong></span> <span class='ocrx_word' id='word_1_745' title='bbox 1199 4887 1301 4945; x_wconf 82' lang='lat' dir='ltr'><strong>illa</strong></span> <span class='ocrx_word' id='word_1_746' title='bbox 1330 4905 1455 4960; x_wconf 83' lang='lat' dir='ltr'><strong>quae</strong></span> <span class='ocrx_word' id='word_1_747' title='bbox 1486 4892 1647 4965; x_wconf 89' lang='lat' dir='ltr'><strong>libet,</strong></span> <span class='ocrx_word' id='word_1_748' title='bbox 1680 4899 1738 4953; x_wconf 89' lang='lat' dir='ltr'><strong>et</strong></span> <span class='ocrx_word' id='word_1_749' title='bbox 1768 4902 1833 4955; x_wconf 87' lang='lat' dir='ltr'><strong>ut</strong></span> <span class='ocrx_word' id='word_1_750' title='bbox 1882 4898 2045 4971; x_wconf 89' lang='lat' dir='ltr'><strong>libet,</strong></span> 
     </span>
    </p>
   </div>
   <div class='ocr_carea' id='block_1_98' title="bbox 400 4966 2048 5054">
    <p class='ocr_par' dir='ltr' id='par_1_98' title="bbox 400 4966 2048 5054">
     <span class='ocr_line' id='line_1_99' title="bbox 400 4966 2048 5054; baseline 0.016 -32"><span class='ocrx_word' id='word_1_751' title='bbox 400 4966 696 5041; x_wconf 87' lang='lat' dir='ltr'><strong>disponis;</strong></span> <span class='ocrx_word' id='word_1_752' title='bbox 730 4972 946 5031; x_wconf 91' lang='lat' dir='ltr'><strong>idcirco</strong></span> <span class='ocrx_word' id='word_1_753' title='bbox 990 4976 1295 5051; x_wconf 91' lang='lat' dir='ltr'><strong>nimirum,</strong></span> <span class='ocrx_word' id='word_1_754' title='bbox 1330 4983 1485 5054; x_wconf 87' lang='lat' dir='ltr'><strong>quod</strong></span> <span class='ocrx_word' id='word_1_755' title='bbox 1517 4983 1803 5045; x_wconf 90' lang='lat' dir='ltr'><strong>Dominus</strong></span> <span class='ocrx_word' id='word_1_756' title='bbox 1843 5007 1961 5046; x_wconf 62' lang='lat' dir='ltr'><strong>sua:</strong></span> <span class='ocrx_word' id='word_1_757' title='bbox 1990 4996 2048 5049; x_wconf 90' lang='lat' dir='ltr'><strong>te</strong></span> 
     </span>
    </p>
   </div>
   <div class='ocr_carea' id='block_1_99' title="bbox 401 5062 2045 5154">
    <p class='ocr_par' dir='ltr' id='par_1_99' title="bbox 401 5062 2045 5154">
     <span class='ocr_line' id='line_1_100' title="bbox 401 5062 2045 5154; baseline 0.016 -42"><span class='ocrx_word' id='word_1_758' title='bbox 401 5063 678 5116; x_wconf 79' lang='lat' dir='ltr'><strong>creaturas</strong></span> <span class='ocrx_word' id='word_1_759' title='bbox 701 5062 1011 5121; x_wconf 91' lang='lat' dir='ltr'><strong>dominum</strong></span> <span class='ocrx_word' id='word_1_760' title='bbox 1033 5069 1357 5128; x_wconf 89' lang='lat' dir='ltr'><strong>constituit.</strong></span> <span class='ocrx_word' id='word_1_761' title='bbox 1372 5071 1740 5149; x_wconf 90' lang='lat' dir='ltr'><strong>Licetitaque</strong></span> <span class='ocrx_word' id='word_1_762' title='bbox 1757 5079 1901 5136; x_wconf 92' lang='lat' dir='ltr'><strong>mihi</strong></span> <span class='ocrx_word' id='word_1_763' title='bbox 1918 5097 2045 5154; x_wconf 69' lang='lat' dir='ltr'><strong>que</strong></span> 
     </span>
    </p>
   </div>
   <div class='ocr_carea' id='block_1_100' title="bbox 397 5148 2042 5243">
    <p class='ocr_par' dir='ltr' id='par_1_100' title="bbox 397 5148 2042 5243">
     <span class='ocr_line' id='line_1_101' title="bbox 397 5148 2042 5243; baseline 0.016 -40"><span class='ocrx_word' id='word_1_764' title='bbox 397 5148 569 5205; x_wconf 84' lang='lat' dir='ltr'><strong>velim</strong></span> <span class='ocrx_word' id='word_1_765' title='bbox 602 5150 933 5223; x_wconf 91' lang='lat' dir='ltr'><strong>disponere,</strong></span> <span class='ocrx_word' id='word_1_766' title='bbox 957 5157 1175 5229; x_wconf 89' lang='lat' dir='ltr'><strong>quippe</strong></span> <span class='ocrx_word' id='word_1_767' title='bbox 1206 5161 1307 5230; x_wconf 92' lang='lat' dir='ltr'><strong>qui</strong></span> <span class='ocrx_word' id='word_1_768' title='bbox 1340 5162 1616 5222; x_wconf 91' lang='lat' dir='ltr'><strong>dominus</strong></span> <span class='ocrx_word' id='word_1_769' title='bbox 1647 5148 1878 5227; x_wconf 88' lang='lat' dir='ltr'><strong>creatus</strong></span> <span class='ocrx_word' id='word_1_770' title='bbox 1907 5148 2042 5243; x_wconf 77' lang='lat' dir='ltr'><strong>sim,</strong></span> 
     </span>
    </p>
   </div>
   <div class='ocr_carea' id='block_1_101' title="bbox 395 5237 2047 5334">
    <p class='ocr_par' dir='ltr' id='par_1_101' title="bbox 395 5237 2047 5334">
     <span class='ocr_line' id='line_1_102' title="bbox 395 5237 2047 5334; baseline 0.017 -42"><span class='ocrx_word' id='word_1_771' title='bbox 395 5237 587 5312; x_wconf 86' lang='lat' dir='ltr'><strong>ipsius</strong></span> <span class='ocrx_word' id='word_1_772' title='bbox 619 5241 719 5314; x_wconf 93' lang='lat' dir='ltr'><strong>qui</strong></span> <span class='ocrx_word' id='word_1_773' title='bbox 751 5259 844 5298; x_wconf 90' lang='lat' dir='ltr'><strong>me</strong></span> <span class='ocrx_word' id='word_1_774' title='bbox 892 5245 1112 5301; x_wconf 88' lang='lat' dir='ltr'><strong>creavit</strong></span> <span class='ocrx_word' id='word_1_775' title='bbox 1156 5250 1389 5307; x_wconf 91' lang='lat' dir='ltr'><strong>Domini</strong></span> <span class='ocrx_word' id='word_1_776' title='bbox 1441 5270 1701 5314; x_wconf 79' lang='lat' dir='ltr'><strong>munere.</strong></span> <span class='ocrx_word' id='word_1_777' title='bbox 1735 5259 1801 5316; x_wconf 88' lang='lat' dir='ltr'><strong>Et</strong></span> <span class='ocrx_word' id='word_1_778' title='bbox 1828 5262 2047 5334; x_wconf 77' lang='lat' dir='ltr'><strong>implete</strong></span> 
     </span>
    </p>
   </div>
   <div class='ocr_carea' id='block_1_102' title="bbox 391 5330 2046 5414">
    <p class='ocr_par' dir='ltr' id='par_1_102' title="bbox 391 5330 2046 5414">
     <span class='ocr_line' id='line_1_103' title="bbox 391 5330 2046 5414; baseline 0.017 -32"><span class='ocrx_word' id='word_1_779' title='bbox 391 5330 621 5385; x_wconf 81' lang='lat' dir='ltr'><strong>terram.</strong></span> <span class='ocrx_word' id='word_1_780' title='bbox 668 5331 733 5386; x_wconf 83' lang='lat' dir='ltr'><strong>Et</strong></span> <span class='ocrx_word' id='word_1_781' title='bbox 784 5333 1076 5403; x_wconf 68' lang='lat' dir='ltr'><strong>praesidem</strong></span> <span class='ocrx_word' id='word_1_782' title='bbox 1129 5338 1372 5408; x_wconf 69' lang='lat' dir='ltr'><strong>piscibus</strong></span> <span class='ocrx_word' id='word_1_783' title='bbox 1426 5348 1617 5414; x_wconf 74' lang='lat' dir='ltr'><strong>maris,</strong></span> <span class='ocrx_word' id='word_1_784' title='bbox 1645 5358 1699 5404; x_wconf 82' lang='lat' dir='ltr'><strong>et</strong></span> <span class='ocrx_word' id='word_1_785' title='bbox 1726 5330 2046 5410; x_wconf 70' lang='lat' dir='ltr'><strong>volatitibus</strong></span> 
     </span>
    </p>
   </div>
   <div class='ocr_carea' id='block_1_103' title="bbox 392 5417 2047 5513">
    <p class='ocr_par' dir='ltr' id='par_1_103' title="bbox 392 5417 2047 5513">
     <span class='ocr_line' id='line_1_104' title="bbox 392 5417 2047 5513; baseline 0.017 -40"><span class='ocrx_word' id='word_1_786' title='bbox 392 5417 547 5490; x_wconf 78' lang='lat' dir='ltr'><strong>coeli,</strong></span> <span class='ocrx_word' id='word_1_787' title='bbox 580 5427 632 5477; x_wconf 86' lang='lat' dir='ltr'><strong>et</strong></span> <span class='ocrx_word' id='word_1_788' title='bbox 660 5422 847 5478; x_wconf 76' lang='lat' dir='ltr'><strong>bestiis</strong></span> <span class='ocrx_word' id='word_1_789' title='bbox 874 5426 1038 5481; x_wconf 65' lang='lat' dir='ltr'><strong>terrm</strong></span> <span class='ocrx_word' id='word_1_790' title='bbox 1067 5428 1132 5482; x_wconf 71' lang='grc' dir='ltr'><strong>ιι.</strong></span> <span class='ocrx_word' id='word_1_791' title='bbox 1158 5429 1283 5486; x_wconf 67' lang='lat' dir='ltr'><strong>Haec</strong></span> <span class='ocrx_word' id='word_1_792' title='bbox 1303 5430 1429 5503; x_wconf 90' lang='lat' dir='ltr'><strong>jam</strong></span> <span class='ocrx_word' id='word_1_793' title='bbox 1462 5435 1612 5507; x_wconf 86' lang='lat' dir='ltr'><strong>ejus,</strong></span> <span class='ocrx_word' id='word_1_794' title='bbox 1638 5441 1791 5511; x_wconf 91' lang='lat' dir='ltr'><strong>quod</strong></span> <span class='ocrx_word' id='word_1_795' title='bbox 1819 5446 1929 5513; x_wconf 88' lang='lat' dir='ltr'><strong>est,</strong></span> <span class='ocrx_word' id='word_1_796' title='bbox 1952 5444 2047 5500; x_wconf 88' lang='lat' dir='ltr'><strong>Re-</strong></span> 
     </span>
    </p>
   </div>
   <div class='ocr_carea' id='block_1_104' title="bbox 388 5509 2044 5590">
    <p class='ocr_par' dir='ltr' id='par_1_104' title="bbox 388 5509 2044 5590">
     <span class='ocr_line' id='line_1_105' title="bbox 388 5509 2044 5590; baseline 0.017 -27"><span class='ocrx_word' id='word_1_797' title='bbox 388 5509 538 5581; x_wconf 78' lang='lat' dir='ltr'><strong>ptete</strong></span> <span class='ocrx_word' id='word_1_798' title='bbox 569 5517 793 5580; x_wconf 83' lang='lat' dir='ltr'><strong>terram,</strong></span> <span class='ocrx_word' id='word_1_799' title='bbox 823 5511 1181 5589; x_wconf 88' lang='lat' dir='ltr'><strong>benedictio;</strong></span> <span class='ocrx_word' id='word_1_800' title='bbox 1205 5519 1328 5578; x_wconf 65' lang='lat' dir='ltr'><strong>hac</strong></span> <span class='ocrx_word' id='word_1_801' title='bbox 1357 5525 1588 5583; x_wconf 85' lang='lat' dir='ltr'><strong>sancita</strong></span> <span class='ocrx_word' id='word_1_802' title='bbox 1617 5509 1708 5585; x_wconf 81' lang='lat' dir='ltr'><strong>lex</strong></span> <span class='ocrx_word' id='word_1_803' title='bbox 1738 5547 1753 5586; x_wconf 90' lang='lat'><strong>:</strong></span> <span class='ocrx_word' id='word_1_804' title='bbox 1786 5509 2044 5590; x_wconf 37' lang='lat' dir='ltr'><strong>haec-no-</strong></span> 
     </span>
    </p>
   </div>
   <div class='ocr_carea' id='block_1_105' title="bbox 466 5619 881 5687">
    <p class='ocr_par' dir='ltr' id='par_1_105' title="bbox 466 5619 881 5687">
     <span class='ocr_line' id='line_1_106' title="bbox 466 5619 881 5687; baseline 0.01 -12"><span class='ocrx_word' id='word_1_805' title='bbox 466 5620 509 5657; x_wconf 80' lang='lat'>“</span> <span class='ocrx_word' id='word_1_806' title='bbox 541 5619 687 5677; x_wconf 85' lang='lat' dir='ltr'><strong>Gen.</strong></span> <span class='ocrx_word' id='word_1_807' title='bbox 721 5638 760 5687; x_wconf 85' lang='grc' dir='ltr'><strong>ι,</strong></span> <span class='ocrx_word' id='word_1_808' title='bbox 789 5623 881 5679; x_wconf 84' lang='grc'><strong>28.</strong></span> 
     </span>
    </p>
   </div>
   <div class='ocr_carea' id='block_1_106' title="bbox 2157 4798 3806 4883">
    <p class='ocr_par' dir='ltr' id='par_1_106' title="bbox 2157 4798 3806 4883">
     <span class='ocr_line' id='line_1_107' title="bbox 2157 4798 3806 4883; baseline -0.004 -23"><span class='ocrx_word' id='word_1_809' title='bbox 2157 4824 2242 4861; x_wconf 88' lang='grc' dir='ltr'><strong>σοι</strong></span> <span class='ocrx_word' id='word_1_810' title='bbox 2290 4804 2426 4861; x_wconf 86' lang='grc' dir='ltr'>κατᾶ</span> <span class='ocrx_word' id='word_1_811' title='bbox 2469 4806 2563 4861; x_wconf 87' lang='grc' dir='ltr'><strong>τὸν</strong></span> <span class='ocrx_word' id='word_1_812' title='bbox 2597 4804 2712 4883; x_wconf 89' lang='grc' dir='ltr'>βίον</span> <span class='ocrx_word' id='word_1_813' title='bbox 2748 4805 3128 4880; x_wconf 81' lang='grc' dir='ltr'>ἁρμοζουσῶν·</span> <span class='ocrx_word' id='word_1_814' title='bbox 3188 4804 3280 4859; x_wconf 86' lang='lat' dir='ltr'><strong>xui</strong></span> <span class='ocrx_word' id='word_1_815' title='bbox 3312 4798 3567 4877; x_wconf 77' lang='grc' dir='ltr'>διατάττῃ</span> <span class='ocrx_word' id='word_1_816' title='bbox 3600 4799 3633 4856; x_wconf 77' lang='grc' dir='ltr'>ἃ</span> <span class='ocrx_word' id='word_1_817' title='bbox 3673 4798 3806 4877; x_wconf 85' lang='grc' dir='ltr'>βού-</span> 
     </span>
    </p>
   </div>
   <div class='ocr_carea' id='block_1_107' title="bbox 2156 4889 3806 4974">
    <p class='ocr_par' dir='ltr' id='par_1_107' title="bbox 2156 4889 3806 4974">
     <span class='ocr_line' id='line_1_108' title="bbox 2156 4889 3806 4974; baseline -0.005 -22"><span class='ocrx_word' id='word_1_818' title='bbox 2156 4894 2263 4966; x_wconf 89' lang='grc' dir='ltr'>λει,</span> <span class='ocrx_word' id='word_1_819' title='bbox 2295 4897 2384 4952; x_wconf 84' lang='grc' dir='ltr'><strong>καὶ</strong></span> <span class='ocrx_word' id='word_1_820' title='bbox 2416 4897 2489 4960; x_wconf 85' lang='grc' dir='ltr'>ὡς</span> <span class='ocrx_word' id='word_1_821' title='bbox 2544 4895 2732 4974; x_wconf 80' lang='grc' dir='ltr'>βούλει</span> <span class='ocrx_word' id='word_1_822' title='bbox 2799 4896 2923 4972; x_wconf 80' lang='grc' dir='ltr'>περὶ</span> <span class='ocrx_word' id='word_1_823' title='bbox 2981 4893 3167 4964; x_wconf 71' lang='grc' dir='ltr'>αὑτῆς,</span> <span class='ocrx_word' id='word_1_824' title='bbox 3226 4889 3412 4964; x_wconf 69' lang='grc' dir='ltr'>ἐπειδή</span> <span class='ocrx_word' id='word_1_825' title='bbox 3457 4912 3516 4947; x_wconf 86' lang='grc' dir='ltr'><strong>σε</strong></span> <span class='ocrx_word' id='word_1_826' title='bbox 3560 4890 3748 4967; x_wconf 85' lang='grc' dir='ltr'>κύριον</span> <span class='ocrx_word' id='word_1_827' title='bbox 3778 4890 3806 4944; x_wconf 85' lang='grc' dir='ltr'><strong>ὁ</strong></span> 
     </span>
    </p>
   </div>
   <div class='ocr_carea' id='block_1_108' title="bbox 2157 4980 3806 5057">
    <p class='ocr_par' dir='ltr' id='par_1_108' title="bbox 2157 4980 3806 5057">
     <span class='ocr_line' id='line_1_109' title="bbox 2157 4980 3806 5057; baseline -0.005 -15"><span class='ocrx_word' id='word_1_828' title='bbox 2157 4985 2434 5057; x_wconf 83' lang='grc' dir='ltr'>Δεσπότης</span> <span class='ocrx_word' id='word_1_829' title='bbox 2482 4988 2581 5055; x_wconf 78' lang='grc' dir='ltr'><strong>τῆς</strong></span> <span class='ocrx_word' id='word_1_830' title='bbox 2636 4987 2829 5042; x_wconf 70' lang='grc' dir='ltr'>ἑαυτοῦ</span> <span class='ocrx_word' id='word_1_831' title='bbox 2890 4985 3183 5055; x_wconf 67' lang='grc' dir='ltr'>κατέστησε</span> <span class='ocrx_word' id='word_1_832' title='bbox 3244 4982 3496 5044; x_wconf 86' lang='grc' dir='ltr'>κτίσεως.</span> <span class='ocrx_word' id='word_1_833' title='bbox 3564 4980 3806 5051; x_wconf 74' lang='grc' dir='ltr'>Ἔξεστιν</span> 
     </span>
    </p>
   </div>
   <div class='ocr_carea' id='block_1_109' title="bbox 2155 5069 3805 5151">
    <p class='ocr_par' dir='ltr' id='par_1_109' title="bbox 2155 5069 3805 5151">
     <span class='ocr_line' id='line_1_110' title="bbox 2155 5069 3805 5151; baseline -0.004 -20"><span class='ocrx_word' id='word_1_834' title='bbox 2155 5074 2250 5131; x_wconf 78' lang='grc' dir='ltr'><strong>οὗν</strong></span> <span class='ocrx_word' id='word_1_835' title='bbox 2279 5074 2625 5147; x_wconf 78' lang='grc' dir='ltr'>διατάξασθαι</span> <span class='ocrx_word' id='word_1_836' title='bbox 2667 5074 2701 5130; x_wconf 78' lang='grc' dir='ltr'>ἃ</span> <span class='ocrx_word' id='word_1_837' title='bbox 2754 5073 3053 5151; x_wconf 86' lang='grc' dir='ltr'>βούλομαι,</span> <span class='ocrx_word' id='word_1_838' title='bbox 3115 5069 3304 5142; x_wconf 76' lang='grc' dir='ltr'>ἐπειδή</span> <span class='ocrx_word' id='word_1_839' title='bbox 3356 5071 3552 5148; x_wconf 66' lang='grc' dir='ltr'>γέγονα</span> <span class='ocrx_word' id='word_1_840' title='bbox 3595 5069 3805 5145; x_wconf 83' lang='grc' dir='ltr'>κύριος,</span> 
     </span>
    </p>
   </div>
   <div class='ocr_carea' id='block_1_110' title="bbox 2155 5156 3807 5244">
    <p class='ocr_par' dir='ltr' id='par_1_110' title="bbox 2155 5156 3807 5244">
     <span class='ocr_line' id='line_1_111' title="bbox 2155 5156 3807 5244; baseline -0.006 -22"><span class='ocrx_word' id='word_1_841' title='bbox 2155 5168 2305 5244; x_wconf 78' lang='grc' dir='ltr'>παρὰ</span> <span class='ocrx_word' id='word_1_842' title='bbox 2331 5168 2429 5235; x_wconf 81' lang='grc' dir='ltr'>τὴν</span> <span class='ocrx_word' id='word_1_843' title='bbox 2482 5170 2579 5221; x_wconf 81' lang='grc' dir='ltr'><strong>τοῦ</strong></span> <span class='ocrx_word' id='word_1_844' title='bbox 2626 5165 2905 5228; x_wconf 87' lang='grc' dir='ltr'>κτίσαντός</span> <span class='ocrx_word' id='word_1_845' title='bbox 2968 5185 3033 5239; x_wconf 85' lang='grc' dir='ltr'><strong>με</strong></span> <span class='ocrx_word' id='word_1_846' title='bbox 3092 5156 3365 5218; x_wconf 82' lang='grc' dir='ltr'>Δισπότου</span> <span class='ocrx_word' id='word_1_847' title='bbox 3424 5158 3648 5237; x_wconf 83' lang='grc' dir='ltr'>δωρεάν.</span> <span class='ocrx_word' id='word_1_848' title='bbox 3710 5158 3807 5213; x_wconf 76' lang='grc' dir='ltr'>Καὶ</span> 
     </span>
    </p>
   </div>
   <div class='ocr_carea' id='block_1_111' title="bbox 2156 5251 3807 5337">
    <p class='ocr_par' dir='ltr' id='par_1_111' title="bbox 2156 5251 3807 5337">
     <span class='ocr_line' id='line_1_112' title="bbox 2156 5251 3807 5337; baseline -0.006 -21"><span class='ocrx_word' id='word_1_849' title='bbox 2156 5260 2489 5337; x_wconf 82' lang='grc' dir='ltr'>πληρώσατε</span> <span class='ocrx_word' id='word_1_850' title='bbox 2544 5265 2643 5329; x_wconf 74' lang='grc' dir='ltr'>τὴν</span> <span class='ocrx_word' id='word_1_851' title='bbox 2700 5262 2819 5334; x_wconf 79' lang='grc' dir='ltr'>γῆν.</span> <span class='ocrx_word' id='word_1_852' title='bbox 2872 5259 2972 5313; x_wconf 78' lang='grc' dir='ltr'>Καὶ</span> <span class='ocrx_word' id='word_1_853' title='bbox 3033 5254 3232 5333; x_wconf 77' lang='grc' dir='ltr'>ἄρχετε</span> <span class='ocrx_word' id='word_1_854' title='bbox 3287 5259 3394 5309; x_wconf 79' lang='grc' dir='ltr'><strong>τῶν</strong></span> <span class='ocrx_word' id='word_1_855' title='bbox 3455 5251 3662 5328; x_wconf 71' lang='grc' dir='ltr'>ῒχθύων</span> <span class='ocrx_word' id='word_1_856' title='bbox 3706 5258 3807 5321; x_wconf 77' lang='grc' dir='ltr'><strong>τῆς</strong></span> 
     </span>
    </p>
   </div>
   <div class='ocr_carea' id='block_1_112' title="bbox 2156 5340 3807 5452">
    <p class='ocr_par' dir='ltr' id='par_1_112' title="bbox 2156 5340 3807 5452">
     <span class='ocr_line' id='line_1_113' title="bbox 2156 5340 3807 5452; baseline -0.006 -46"><span class='ocrx_word' id='word_1_857' title='bbox 2156 5348 2451 5421; x_wconf 79' lang='grc' dir='ltr'>Θαλάσσης,</span> <span class='ocrx_word' id='word_1_858' title='bbox 2525 5349 2614 5407; x_wconf 87' lang='lat' dir='ltr'><strong>xui</strong></span> <span class='ocrx_word' id='word_1_859' title='bbox 2690 5354 2798 5404; x_wconf 81' lang='grc' dir='ltr'><strong>τῶν</strong></span> <span class='ocrx_word' id='word_1_860' title='bbox 2871 5350 3131 5403; x_wconf 83' lang='grc' dir='ltr'>πετεινῶν</span> <span class='ocrx_word' id='word_1_861' title='bbox 3216 5348 3313 5400; x_wconf 79' lang='grc' dir='ltr'><strong>τοῦ</strong></span> <span class='ocrx_word' id='word_1_862' title='bbox 3389 5342 3639 5452; x_wconf 54' lang='grc' dir='ltr'>ούρανοῦ,</span> <span class='ocrx_word' id='word_1_863' title='bbox 3716 5340 3807 5452; x_wconf 62' lang='lat' dir='ltr'><strong>xui</strong></span> 
     </span>
     <span class='ocr_line' id='line_1_114' title="bbox 2427 5433 3716 5452; baseline 0 0"><span class='ocrx_word' id='word_1_864' title='bbox 2427 5442 2438 5452; x_wconf 80' lang='grc' dir='ltr'><em>ι</em></span> <span class='ocrx_word' id='word_1_865' title='bbox 2619 5446 2647 5452; x_wconf 64' lang='grc' dir='ltr'><strong>ρ.</strong></span> <span class='ocrx_word' id='word_1_866' title='bbox 2779 5445 2807 5452; x_wconf 75' lang='grc'><strong>.-</strong></span> <span class='ocrx_word' id='word_1_867' title='bbox 2948 5435 3010 5452; x_wconf 68' lang='lat' dir='ltr'><strong>AN</strong></span> <span class='ocrx_word' id='word_1_868' title='bbox 3141 5433 3162 5452; x_wconf 52' lang='grc' dir='ltr'><strong>λ</strong></span> <span class='ocrx_word' id='word_1_869' title='bbox 3283 5433 3299 5452; x_wconf 81' lang='lat'><strong><em>\</em></strong></span> <span class='ocrx_word' id='word_1_870' title='bbox 3379 5434 3394 5452; x_wconf 65' lang='grc' dir='ltr'><strong>Ω</strong></span> <span class='ocrx_word' id='word_1_871' title='bbox 3501 5436 3528 5447; x_wconf 61' lang='grc' dir='ltr'><em>α</em></span> <span class='ocrx_word' id='word_1_872' title='bbox 3564 5437 3608 5452; x_wconf 74' lang='grc' dir='ltr'>η</span> <span class='ocrx_word' id='word_1_873' title='bbox 3706 5450 3716 5452; x_wconf 46' lang='grc' dir='ltr'><strong>Α</strong></span> 
     </span>
    </p>
   </div>
   <div class='ocr_carea' id='block_1_113' title="bbox 2152 5428 3804 5537">
    <p class='ocr_par' dir='ltr' id='par_1_113' title="bbox 2152 5428 3804 5537">
     <span class='ocr_line' id='line_1_115' title="bbox 2152 5428 3804 5537; baseline -0.008 -40"><span class='ocrx_word' id='word_1_874' title='bbox 2152 5445 2261 5498; x_wconf 80' lang='grc' dir='ltr'><strong>τῶν</strong></span> <span class='ocrx_word' id='word_1_875' title='bbox 2313 5442 2520 5516; x_wconf 81' lang='grc' dir='ltr'>θηρίων</span> <span class='ocrx_word' id='word_1_876' title='bbox 2579 5446 2679 5510; x_wconf 81' lang='grc' dir='ltr'><strong>τῆς</strong></span> <span class='ocrx_word' id='word_1_877' title='bbox 2737 5445 2865 5513; x_wconf 87' lang='grc' dir='ltr'>γῆς.</span> <span class='ocrx_word' id='word_1_878' title='bbox 2932 5435 3081 5537; x_wconf 47' lang='grc' dir='ltr'>Αρτη</span> <span class='ocrx_word' id='word_1_879' title='bbox 3141 5433 3337 5489; x_wconf 83' lang='grc' dir='ltr'>λοιπὸν</span> <span class='ocrx_word' id='word_1_880' title='bbox 3370 5434 3532 5537; x_wconf 73' lang='grc' dir='ltr'>ἢτοῦ</span> <span class='ocrx_word' id='word_1_881' title='bbox 3561 5428 3804 5537; x_wconf 49' lang='lat' dir='ltr'><strong>Ili-mpii»:</strong></span> 
     </span>
    </p>
   </div>
   <div class='ocr_carea' id='block_1_114' title="bbox 2153 5516 3804 5608">
    <p class='ocr_par' dir='ltr' id='par_1_114' title="bbox 2153 5516 3804 5608">
     <span class='ocr_line' id='line_1_116' title="bbox 2153 5516 3804 5608; baseline -0.007 -22"><span class='ocrx_word' id='word_1_882' title='bbox 2153 5552 2279 5588; x_wconf 86' lang='grc' dir='ltr'>σατε</span> <span class='ocrx_word' id='word_1_883' title='bbox 2303 5533 2403 5602; x_wconf 80' lang='grc' dir='ltr'>τὴν</span> <span class='ocrx_word' id='word_1_884' title='bbox 2438 5536 2566 5608; x_wconf 83' lang='grc' dir='ltr'>γῆν,</span> <span class='ocrx_word' id='word_1_885' title='bbox 2626 5526 2870 5607; x_wconf 72' lang='grc' dir='ltr'>εὐλογία,</span> <span class='ocrx_word' id='word_1_886' title='bbox 2921 5525 3057 5599; x_wconf 70' lang='grc' dir='ltr'>αὕτη</span> <span class='ocrx_word' id='word_1_887' title='bbox 3116 5528 3151 5596; x_wconf 82' lang='grc' dir='ltr'>ὴ</span> <span class='ocrx_word' id='word_1_888' title='bbox 3200 5522 3517 5599; x_wconf 82' lang='grc' dir='ltr'>νομοθεσία,</span> <span class='ocrx_word' id='word_1_889' title='bbox 3546 5524 3712 5577; x_wconf 78' lang='grc' dir='ltr'>τοῦτο</span> <span class='ocrx_word' id='word_1_890' title='bbox 3741 5516 3804 5576; x_wconf 76' lang='grc' dir='ltr'><strong>τό</strong></span> 
     </span>
    </p>
   </div>
   <div class='ocr_carea' id='block_1_115' title="bbox 462 5730 2059 5826">
    <p class='ocr_par' dir='ltr' id='par_1_115' title="bbox 462 5730 2059 5826">
     <span class='ocr_line' id='line_1_117' title="bbox 462 5730 2059 5826; baseline 0.017 -41"><span class='ocrx_word' id='word_1_891' title='bbox 462 5730 540 5803; x_wconf 90' lang='lat' dir='ltr'><strong>(a)</strong></span> <span class='ocrx_word' id='word_1_892' title='bbox 569 5730 821 5811; x_wconf 80' lang='grc' dir='ltr'>Ἴδωμεν.</span> <span class='ocrx_word' id='word_1_893' title='bbox 852 5740 1019 5800; x_wconf 89' lang='lat' dir='ltr'><strong>Forte</strong></span> <span class='ocrx_word' id='word_1_894' title='bbox 1050 5738 1305 5817; x_wconf 78' lang='grc' dir='ltr'>εἰδῶμεν,</span> <span class='ocrx_word' id='word_1_895' title='bbox 1339 5749 1405 5804; x_wconf 91' lang='lat' dir='ltr'><strong>ut</strong></span> <span class='ocrx_word' id='word_1_896' title='bbox 1434 5750 1493 5805; x_wconf 91' lang='lat' dir='ltr'><strong>et</strong></span> <span class='ocrx_word' id='word_1_897' title='bbox 1521 5748 1811 5824; x_wconf 87' lang='lat' dir='ltr'><strong>interpres</strong></span> <span class='ocrx_word' id='word_1_898' title='bbox 1842 5750 2059 5826; x_wconf 86' lang='lat' dir='ltr'><strong>legisse</strong></span> 
     </span>
    </p>
   </div>
   <div class='ocr_carea' id='block_1_116' title="bbox 2170 5730 3563 5826">
    <p class='ocr_par' dir='ltr' id='par_1_116' title="bbox 2170 5740 3563 5824">
     <span class='ocr_line' id='line_1_118' title="bbox 2170 5740 3563 5824; baseline -0.011 -13"><span class='ocrx_word' id='word_1_899' title='bbox 2170 5754 2333 5811; x_wconf 83' lang='lat' dir='ltr'><strong>letur.</strong></span> <span class='ocrx_word' id='word_1_900' title='bbox 2364 5750 2524 5809; x_wconf 85' lang='lat' dir='ltr'><strong>Enrr.</strong></span> <span class='ocrx_word' id='word_1_901' title='bbox 2602 5748 2681 5824; x_wconf 70' lang='grc' dir='ltr'><strong>(ὁ)</strong></span> <span class='ocrx_word' id='word_1_902' title='bbox 2709 5745 3031 5824; x_wconf 80' lang='grc' dir='ltr'>Ἀγοράσας.</span> <span class='ocrx_word' id='word_1_903' title='bbox 3066 5744 3155 5814; x_wconf 88' lang='lat' dir='ltr'><strong>L.,</strong></span> <span class='ocrx_word' id='word_1_904' title='bbox 3186 5740 3563 5817; x_wconf 84' lang='grc' dir='ltr'>ὠνησάμενος.</span> 
     </span>
    </p>
   </div>
  </div>
