4154 6390
298 426 377 485 29
1298 428 1401 487 DE
1446 427 1774 489 HOMINIS
1821 430 2293 492 STRUCTURA
2337 432 2632 492 onmno
2679 432 2726 489 ι.
3640 412 3723 489 se

300 556 514 630 ἀξίωμα
554 559 616 612 τὸ
662 554 952 630 δεδομένον
995 558 1130 630 ἡμῖν
1181 558 1327 633 παρὰ
1357 562 1509 615 Θεοῦ.
1542 559 1643 613 Καὶ
1703 558 1955 627 έποίησεν

2071 563 2162 618 bis
2194 579 2226 617 ει
2249 563 2359 617 Deo
2392 562 2601 618 collata
2630 562 2908 633 dignitas.
2948 565 3018 617 Et
3072 564 3207 633 fecit
3249 563 3385 616 Deus
3416 560 3718 615 hominem.

303 650 331 702 ὁ
389 648 516 709 Θεὸς
559 646 650 701 τὸν
713 644 1021 722 ἄνθρωπον.
1090 646 1214 700 Κατ’
1271 646 1452 701 εἰκόνα
1508 647 1642 702 Θεοῦ
1694 646 1953 719 ἐποίησεν

305 736 488 793 αὐτόν.
524 740 666 812 Ἀρα
696 734 795 790 οὐκ
823 733 1177 808 έπεσημήνῳ,
1210 733 1291 790 ὅτι
1349 734 1585 807 ἐλλιπὴς
1639 738 1705 806 ἦν
1750 740 1784 807 ἡ
1820 738 1958 793 ἀπό·-

308 824 469 897 δειξις
520 827 637 901 (α);
688 826 1014 897 Ποιήσωμεν
1063 821 1352 900 ἄνθρωπον
1408 827 1524 881 κατ’
1583 824 1765 881 εἷ’κόνα
1820 829 1961 899 ἡμε-

304 915 460 985 τέραν
515 915 603 970 καὶ
662 912 1096 987 καθ’ὁμοίωσιν.
1128 915 1190 969 Ἡ
1253 914 1428 988 βουλή
1499 913 1594 970 δύο
1655 917 1791 992 εἶχε,
1841 917 1958 971 κατ’

308 1005 509 1075 εἶκόνα,
540 1003 629 1062 καὶ
682 1004 800 1068 καθ’
848 1003 1144 1076 ὁμοίωσιν
1184 1006 1219 1073 ἡ
1255 1002 1591 1081 δημιουργία
1645 1005 1709 1061 τὸ
1753 1005 1809 1060 ’ἐν
1843 1002 1957 1082 ἔχει

314 1094 581 1169 μόνον,τὸ
610 1094 726 1149 κατ’
763 1093 964 1150 εἰκόνα.
1007 1094 1098 1163 Μὴ
1152 1090 1339 1156 ἄλλως
1390 1088 1692 1167 ἐϐουλήθη,
1720 1095 1809 1150 καὶ
1860 1095 1960 1152 ἄλ-

309 1183 423 1247 λως
456 1178 958 1257 μετεϐουλε·5σατο;
996 1183 1071 1256 μή
1110 1182 1439 1257 μεταμέλειά
1479 1205 1563 1247 τις
1613 1184 1664 1239 έν
1717 1188 1787 1259 τῇ
1844 1183 1960 1239 κτί-

307 1292 385 1326 σει
441 1269 953 1347 παρηκολοόθησε;
1018 1273 1093 1345 μή
1155 1271 1344 1327 ἀτονία
1416 1273 1586 1348 τυχὸν
1659 1273 1958 1345 κτίσαντος,

309 1359 520 1437 μεγάλα
571 1362 664 1434 μὲν
711 1360 1112 1437 προελομένου,
1152 1360 1321 1437 μικρά
1376 1359 1433 1417 δὲ
1492 1362 1957 1433 ἀποτελέσαντος;

306 1448 363 1518 ἢ,
400 1450 474 1522 μή
508 1471 613 1505 που
637 1447 936 1526 ἀδολεσχία
960 1450 1012 1504 ἐν
1036 1456 1151 1512 τοῖς
1182 1452 1467 1527 προτέροις
1498 1447 1688 1527 λόγοις
1743 1453 1960 1524 ὑπολη-

308 1538 486 1614 φθείη,
517 1539 604 1594 καὶ
640 1540 865 1612 περιττή
899 1541 934 1609 ἡ
965 1543 1063 1594 τοῦ
1105 1536 1356 1613 δευτέρου
1386 1544 1700 1615 προσθήκη,
1732 1542 1808 1604 ὡς
1850 1547 1958 1598 τῶν

309 1626 404 1683 δύο
436 1626 632 1698 λέξεων
663 1629 762 1698 τὴν
816 1629 985 1698 αὐτὴν
1037 1622 1243 1683 ἔννοιαν
1278 1628 1543 1706 ἐχουσῶν,
1575 1629 1667 1685 καὶ
1713 1631 1776 1686 τὸ
1831 1632 1961 1687 αὐτὸ

308 1714 743 1793 ἀπαραλλάκτως
788 1722 1217 1790 σημαινουσῶν;
1244 1717 1401 1775 Ἀλλ’
1431 1717 1563 1796 ὅπερ
1613 1718 1671 1774 ἂν
1732 1719 1792 1776 ἐκ
1833 1720 1959 1775 τού-

306 1825 414 1860 των
465 1806 715 1861 ἁπάντων
768 1806 1163 1880 ὑπονοήσωμεν
1220 1806 1309 1862 καὶ
1357 1809 1843 1886 προφασισώμεθα,
1883 1808 1960 1871 εἰς

308 1895 636 1972 κατηγορίαν
665 1900 825 1951 τοῦτο
856 1902 956 1966 τῆς
1004 1901 1225 1973 Γραφῆς
1282 1894 1343 1951 οὗ
1399 1896 1617 1973 μετρίαν
1666 1897 1961 1953 ἀποτελευ-

305 1985 482 2055 τήσει.
514 1981 643 2042 Εἴτε
671 1986 776 2061 γὰρ
824 1987 899 2047 ὡς
947 1983 1221 2061 παρέλκον
1271 2005 1323 2039 τι
1371 1987 1455 2057 τὸ,
1489 1987 1622 2044 Καθ’
1672 1987 1962 2061 ὁμοίωσιν,

308 2072 454 2128 εἷ’ποι
484 2069 589 2145 τις,
623 2075 697 2136 ὡς
755 2072 840 2138 δὶς
879 2075 943 2129 τὸ
991 2073 1120 2130 αὐτὸ
1174 2073 1375 2150 λέγειν,
1411 2075 1579 2153 ἀργὸν
1628 2074 1848 2152 ἐλέγχει
1900 2076 1964 2132 τὸ

310 2162 483 2240 ῥῆμα·
516 2164 607 2219 καὶ
644 2162 972 2239 βλασφημία
1004 2161 1154 2233 δεινὴ
1185 2169 1348 2219 τοῦτο
1393 2166 1531 2220 κατᾶ
1575 2168 1676 2231 τῆς
1723 2170 1962 2245 Γραφῆς,

306 2252 428 2322 ἥτις
460 2252 560 2309 οὐκ
589 2250 701 2307 οἶδε
731 2253 863 2308 ποτὲ
911 2250 1258 2330 ἀργολογεῖν.
1293 2254 1504 2310 Οὐκοῦν
1556 2254 1823 2331 ἀναγκαῖα
1871 2256 1963 2312 καὶ

309 2342 474 2420 ἄμφω
504 2341 593 2396 καὶ
637 2338 1057 2418 ἶδιοσήμαντρα,
1083 2342 1147 2397 τό
1194 2363 1254 2398 τε
1306 2343 1440 2398 Κατ’
1484 2342 1683 2411 εἰκόνα,
1733 2345 1822 2399 καὶ
1875 2345 1961 2402 τὸν

311 2431 436 2484 Καθ’
465 2429 754 2504 ὁμοίωσιν.
788 2436 915 2493 Πῶς
974 2432 1064 2486 οὖν
1110 2431 1239 2509 οὐχὶ
1282 2431 1372 2487 καὶ
1416 2431 1551 2504 μετὰ
1595 2430 1659 2486 τό
1719 2431 1965 2507 γενέσθαι

306 2520 398 2575 τὸν
450 2519 732 2596 ἄνθρωπον
793 2519 1002 2593 ὁμοίως
1059 2519 1263 2597 ἰρρήθη
1322 2520 1406 2589 τὸ,
1457 2522 1587 2577 Κατ’
1636 2520 1820 2577 εἰκόνα
1872 2522 1964 2577 καὶ

307 2614 425 2672 καθ’
473 2608 737 2682 ὁμοίωσιν
786 2607 1039 2680 ἐποίησεν
1097 2607 1255 2663 αὐτὸν
1301 2609 1330 2664 6
1382 2611 1533 2683 Θεὸς,
1566 2609 1713 2666 ἀλλά
1775 2611 1964 2684 μόνον,

308 2699 424 2754 κατ’
472 2697 692 2768 statim;
728 2698 789 2756 El
852 2699 945 2772 μὲν
1005 2698 1089 2754 ὅτι
1146 2700 1411 2771 ἠτόνησεν
1468 2701 1495 2757 6
1536 2705 1729 2770 ποιῶν,
1763 2696 1962 2771 ἀσεϐὴς

308 2788 337 2842 ὁ
390 2788 554 2864 Λόγος
600 2787 691 2843 καὶ
735 2789 959 2852 ἄτοπος·
1009 2788 1054 2844 εἰ
1110 2787 1169 2844 δὲ
1219 2788 1301 2844 ὅτι
1352 2789 1703 2864 μετεμελήθη
1738 2792 1767 2846 6
1798 2812 1965 2867 προσ-

303 2877 539 2945 τάσσων,
589 2872 935 2954 ἀσεϐέστερον
1010 2878 1072 2932 τὸ
1122 2877 1409 2951 ἐνθύμημα
1442 2899 1454 2913 ο
1515 2879 1560 2934 εἷ
1615 2878 1674 2934 δὲ
1727 2879 1817 2935 καὶ
1878 2878 1961 2935 ὅτι

306 2967 406 3035 τήν
439 2966 707 3042 προτέραν
746 2964 978 3043 βουλὴν.
1013 2966 1075 3022 οὐ
1129 2968 1269 3022 πάνυ
1317 2966 1493 3044 ὀρθῶς
1521 2962 1776 3044 ἔχουσαν,
1810 2967 1961 3025 ὕστε-

313 3075 404 3129 ρον
453 3054 599 3130 τάχα
650 3054 700 3110 ἐν
752 3058 819 3130 τῇ
870 3058 1089 3127 ποιήσει
1142 3053 1609 3130 έπιδιωρθώσατο,
1650 3056 1740 3111 καὶ
1798 3061 1960 3113 τοῦτο

309 3143 518 3216 ὁμοίως
549 3142 732 3208 ἀθεΐας
762 3145 825 3200 τὸ
857 3143 1116 3217 ἐννόημα.
1149 3143 1306 3201 Ἀλλ’
1352 3140 1477 3199 οὔτε
1524 3147 1552 3200 6
1611 3146 1959 3220 Δημιουργὸς

304 3231 505 3303 ἀτονεῖ,
533 3228 657 3286 οὔτε
704 3233 733 3286 6
777 3232 996 3306 ἀγαθὸς,
1028 3234 1096 3287 τὰ
1142 3233 1316 3288 πάντα
1357 3230 1535 3306 εἰδὼς,
1573 3231 1957 3307 μεταμέλεται,

2069 652 2145 707 Ad
2171 654 2483 725 imaginem
2514 653 2609 707 Dei
2626 654 2760 724 fecit
2789 651 3217 723 eum.Nunquid
3232 667 3347 705 non
3374 650 3717 719 observasti,

2071 757 2342 797 mancum
2374 756 2501 797 esse
2533 757 2598 795 ac
2629 741 3063 795 diminutumid
3097 740 3250 811 quod
3285 737 3594 794 redditur?
3615 739 3720 794 Fa-

2067 833 2276 886 ciamus
2306 830 2581 885 hominem
2602 829 2672 885 ad
2696 831 2995 900 imaginem
3008 833 3262 885 nostram
3286 833 3342 884 et
3372 827 3720 883 adsimilitu-

2067 921 2277 976 dinem.
2311 919 2634 974 Consilium
2666 919 2783 973 duo
2815 919 3043 984 habuit,
3076 919 3147 973 ad
3182 917 3524 990 imaginem,
3557 921 3614 972 et
3643 916 3716 972 ad

2069 1008 2558 1065 similitudinem:
2597 1007 2917 1080 procreatio
2966 1024 3145 1062 unam
3196 1008 3483 1062 duntaxat
3522 1006 3717 1075 habet,

2069 1114 2280 1170 nempe
2311 1099 2464 1171 quod
2498 1102 2587 1153 est
2605 1098 2674 1152 ad
2696 1096 3317 1167 imaginem.Nunquid
3341 1094 3719 1152 aliterdecre-

2067 1187 2170 1257 vit,
2197 1192 2374 1258 atque
2404 1184 2577 1241 aliter
2606 1189 2832 1240 mutato
2856 1184 3100 1240 consilio
3132 1184 3267 1239 fecit
3294 1184 3322 1239 ?
3352 1200 3495 1239 num
3527 1182 3719 1255 pmni-

2067 1276 2211 1331 tudo
2242 1275 2441 1347 aliqua
2470 1276 2529 1330 in
2564 1276 2856 1330 creatione
2879 1273 3194 1330 subsecuta
3215 1278 3304 1328 est
3332 1273 3360 1328 ?
3388 1273 3540 1328 Num
3573 1272 3720 1328 forte

2070 1366 2264 1421 fractae
2296 1364 2551 1420 creantis
2581 1364 2731 1419 vires
2753 1380 2820 1419 ac
2850 1364 3185 1430 minutie,ut
3213 1378 3348 1416 cum
3381 1377 3595 1434 magna
3615 1362 3716 1417 de-

2071 1454 2395 1522 stinaverit,
2433 1454 2662 1510 minora
2692 1471 2866 1527 opere
2897 1458 3208 1509 exsecutus
3240 1453 3319 1508 sit
3344 1454 3366 1506 P
3393 1453 3527 1517 Aut,
3554 1468 3714 1507 nun-

2071 1544 2210 1616 quid
2243 1545 2302 1599 in
2337 1543 2630 1616 prioribus
2685 1544 2879 1600 verbis
2927 1542 3233 1611 nugacitas
3264 1541 3611 1598 aestimanda
3641 1541 3721 1597 sit

2071 1633 2489 1705 superﬂuaque
2515 1635 2665 1705 ejus,
2704 1634 2860 1705 quod
2893 1633 3150 1688 secundo
3182 1632 3305 1687 loco
3326 1633 3586 1703 positum
3608 1635 3719 1700 est,

2071 1723 2321 1793 adjectio
2346 1742 2358 1791 ;
2394 1722 2613 1797 quippe
2642 1725 2794 1795 quod
2818 1723 3002 1778 amba)
3026 1721 3309 1777 dictiones
3329 1720 3600 1776 eumdem
3613 1719 3718 1776 ba-

2070 1809 2811 1882 beantsensum,nulloqus
2832 1808 3339 1865 discrimineidem
3362 1806 3723 1880 signiﬁcent?

2076 1897 2382 1954 Enimvero
2415 1899 2704 1971 quidquid
2738 1901 2946 1955 borum
2978 1897 3265 1970 suspicati
3304 1913 3370 1952 ac
3392 1896 3720 1953 causiﬁcati

2071 1985 2446 2053 fuerimus,in
2475 1986 2790 2059 Scripturas
2817 1986 2975 2041 haud
3008 1984 3132 2041 leve
3152 1984 3376 2039 crimen
3400 1982 3720 2039 cedet.Sive

2073 2074 2229 2131 enim
2257 2092 2360 2131 ceu
2393 2075 2534 2146 quid
2566 2075 2905 2130 redundans
2936 2073 3092 2129 dicat
3125 2072 3442 2145 quis,quod
3466 2073 3551 2126 ita
3576 2071 3723 2127 scri-

2074 2169 2241 2237 ptum
2272 2165 2467 2233 est,Ad
2495 2163 3131 2236 similitudinem,quasi
3159 2162 3251 2218 bis
3282 2162 3437 2217 idem
3470 2160 3721 2227 dicatur,

2075 2254 2330 2310 otiosum
2341 2254 2588 2310 verbum
2609 2252 3138 2326 arguitzgravisque
3151 2251 3270 2306 haec
3283 2251 3340 2306 in
3355 2249 3584 2322 Scriptu
3595 2264 3721 2305 ram

2075 2342 2636 2415 blasphemia,cujus
2666 2359 2969 2415 nunquam
3003 2342 3184 2398 moris
3213 2345 3301 2397 est
3329 2340 3517 2397 otiosa
3537 2339 3719 2410 loqui.

2076 2432 2278 2502 Itaque
2300 2432 2633 2487 necessaria
2663 2432 2836 2487 ambo
2866 2435 3097 2501 sunt,ac
3115 2429 3719 2502 cujusqueproprium

2074 2520 2628 2592 signiﬁcatum,tum
2646 2522 2775 2592 ejus
2795 2522 2951 2594 quod
2982 2520 3063 2577 Ad
3092 2520 3542 2591 imaginem,tum
3562 2520 3719 2590 quod

2072 2609 2150 2665 Ad
2179 2610 2602 2666 similitudinem
2634 2609 2917 2682 scriptum
2977 2614 3084 2666 est.
3117 2609 3265 2673 Quid
3315 2607 3500 2681 igitur
3530 2624 3720 2664 causa

2072 2702 2183 2766 est,
2214 2716 2317 2754 cur
2344 2703 2401 2755 et
2432 2703 2564 2771 post
2612 2699 2912 2755 conditum
2962 2698 3285 2765 hominem,
3346 2714 3461 2753 non
3504 2697 3722 2769 pariter

2073 2788 2294 2844 dictum
2315 2789 2517 2854 εει,Αὰ
2532 2788 2854 2861 imaginem
2884 2794 2941 2844 et
2957 2787 3412 2844 similitudinem
3432 2785 3563 2843 fecit
3583 2802 3718 2842 eum

2072 2877 2248 2943 Deus,
2280 2877 2381 2933 sed
2412 2878 2720 2945 duntaxat,
2741 2878 2817 2933 Ad
2848 2879 3153 2950 imaginem
3176 2875 3203 2931 ?
3231 2879 3310 2931 Ac
3340 2875 3477 2947 quia
3506 2875 3557 2931 si
3587 2876 3720 2931 ideo

2073 2966 2228 3038 quod
2261 2983 2467 3022 creans
2490 2965 2755 3021 minutus
2781 2965 3039 3039 potentia
3069 2964 3404 3038 est,impius
3424 2980 3616 3021 sermo
3630 2968 3722 3020 est

2071 3060 2129 3111 et
2159 3056 2592 3112 absurdus.Sin
2618 3054 3002 3120 vero,idcirco
3033 3055 3172 3127 quia
3193 3054 3357 3127 prius
3378 3053 3716 3123 consilium,
3792 3080 3795 3085 ν

2071 3145 2227 3217 quod
2260 3144 2417 3199 haud
2449 3143 2617 3200 valde
2647 3148 2800 3200 recte
2831 3144 3093 3214 haberet,
3141 3144 3517 3216 postmodum
3569 3143 3720 3199 forte

2072 3233 2132 3289 in
2191 3234 2485 3289 creatione
2533 3234 2725 3289 denuo
2778 3234 3125 3301 emendarit,
3178 3237 3236 3289 et
3294 3233 3412 3288 haec
3471 3232 3718 3304 perinde

304 3320 394 3374 καὶ
444 3319 568 3395 περὶ
612 3320 707 3383 τὰς
753 3320 1076 3397 ὑποσχέσεις
1104 3317 1492 3391 ἀναϐάλλεται,
1528 3319 1652 3378 οὔτε
1709 3324 1736 3377 ὁ
1794 3324 1955 3400 σοφὸς

2071 3322 2357 3395 impietati
2391 3323 2617 3378 hierens
2647 3322 3002 3378 existimatio
3025 3328 3136 3379 est.
3169 3327 3244 3377 At
3273 3338 3463 3395 neque
3481 3325 3723 3379 Creator

309 3404 785 3481 μεταϐουλεόεται,
810 3406 937 3464 οὔτε
965 3416 997 3479 ὴ
1034 3410 1219 3486 Γραφή
1252 3410 1503 3466 τοιοῦτόν
1553 3431 1607 3466 τι
1662 3408 1830 3487 λέγει.
1863 3412 1962 3477 Τίς

306 3496 397 3552 οὖν
430 3498 457 3553 ὁ
490 3496 652 3575 λόγος
680 3503 777 3554 τοῦ
806 3499 891 3570 τὸ,
921 3500 1050 3556 Κατ’
1081 3499 1279 3569 εἷ’κόνα,
1317 3499 1505 3573 μόνον,
1537 3499 1587 3555 ἐν
1645 3503 1714 3575 τῇ
1738 3503 1957 3572 ποιήσει

304 3590 402 3641 τοῦ
456 3586 766 3664 ἀνθρώπου,
826 3589 996 3643 εὶπεῖν
1071 3588 1163 3644 τὸν
1223 3587 1502 3644 θεσπέσιον
1558 3590 1819 3659 Μωΰσῆν,
1870 3589 1956 3663 τὸ,

307 3676 441 3740 Καθ’
462 3674 752 3749 ὁμοίωσιν,
784 3675 1267 3751 ἀποσιωπήσαντα,
1300 3675 1480 3734 καίτοι
1513 3677 1564 3733 έν
1597 3682 1666 3752 τῇ
1716 3677 1958 3755 προτέρᾳ

309 3763 486 3839 βουλῇ
514 3763 836 3843 ἀμφοτέρων
885 3767 1098 3839 ὁμοίως
1144 3764 1725 3846 συμπαραληφθέντων
1769 3766 1953 3841 αὐτῷ;

2070 3410 2294 3467 viribus
2326 3410 2633 3477 deficitur;
2669 3428 2857 3483 neque
2888 3412 2989 3484 qui
3020 3413 3212 3469 bonus
3254 3416 3364 3479 est,
3395 3415 3720 3483 cunctaque

2071 3499 2370 3573 explorata
2398 3499 2968 3573 habet,pmnitudine
2985 3502 3059 3557 du
3069 3502 3313 3572 citur,ac
3330 3517 3525 3557 moras
3539 3502 3721 3557 nectit

2072 3594 2137 3646 ut
2167 3589 2457 3663 promissa
2486 3589 2761 3663 impleat:
2784 3606 2887 3646 nec
2907 3590 3010 3662 qui
3038 3588 3717 3663 sapiensest,consilium

2070 3681 2282 3749 mutat,
2316 3695 2422 3735 nec
2450 3678 2750 3751 Scriptura
2791 3680 3082 3751 ejusmodi
3115 3680 3268 3735 888
3301 3678 3604 3751 quidpiam
3627 3677 3715 3734 lo-

2070 3767 2294 3840 quitur.
2320 3768 2596 3834 Quaanam
2628 3766 2809 3840 igitur
2836 3768 2983 3824 ratio
3014 3772 3239 3837 est,cur
3268 3767 3503 3824 divinus
3521 3767 3717 3824 Moses

303 3854 434 3923 hoc,
465 3856 621 3927 quod
666 3861 754 3912 est
784 3857 856 3912 ad
884 3855 1225 3928 imaginem,
1256 3858 1316 3914 in
1348 3857 1608 3914 hominis
1639 3858 1933 3915 creatione
1961 3856 2334 3915 solummodo
2355 3856 2584 3928 dixerit,
2607 3856 2882 3929 quodque
2912 3857 2984 3912 ad
3015 3856 3467 3914 similitudinem
3496 3861 3607 3926 est,
3640 3855 3722 3912 ei-

295 3951 476 4008 lentio
508 3953 787 4025 presserit
820 3972 832 4011 :
859 3955 1092 4012 tametsi
1122 3955 1178 4010 in
1214 3955 1390 4028 priori
1421 3956 1669 4013 consilio
1702 3961 2026 4030 utrumque
2046 3954 2225 4013 simul
2248 3954 2490 4027 perinde
2521 3950 2965 4028 assumpserat?

360 4043 452 4097 20.
482 4039 665 4114 Ῥᾳδία
692 4046 771 4115 τῷ
809 4041 1135 4119 προσέχοντι
1190 4042 1282 4099 καὶ
1330 4044 1562 4100 συνιέναι
1627 4044 1953 4121 βουλομένῳ

292 4131 327 4200 ἡ
361 4129 629 4194 ἐπίλυσις.
672 4132 748 4189 Τὸ
802 4132 896 4205 μὲν
941 4133 1064 4208 γὰρ,
1099 4134 1230 4190 Κατ’
1277 4132 1479 4204 εῗκόνα,
1532 4132 1685 4213 φύσει
1738 4131 1952 4190 δέδοται

294 4221 455 4292 ἡμῖν,
488 4219 578 4276 καὶ
629 4216 1015 4294 ἀμετάϐλητον
1076 4216 1125 4295 ἕξ
1177 4221 1361 4299 ἀρχῆς
1410 4224 1502 4279 καί
1553 4223 1631 4286 είς
1676 4224 1739 4280 τὸ
1789 4222 1950 4288 τέλος

298 4309 654 4384 συμπάρεστι·
685 4310 749 4365 τὸ
799 4307 877 4382 δὲ,
929 4312 1056 4367 Καθ’
1101 4311 1390 4385 ὁμοίωσιν,
1449 4310 1509 4368 ἐκ
1558 4313 1948 4391 προαιρέσεως,

294 4397 386 4453 καὶ
444 4395 654 4454 οἷθιοθεν
704 4403 1075 4476 κατορθοῦμεν
1138 4399 1379 4476 ὕστερον.
1434 4402 1519 4459 Ἐν
1581 4403 1675 4477 μὶν
1736 4400 1828 4458 οὖν
1879 4407 1949 4479 τῇ

294 4487 486 4564 πρώτῃ
546 4486 725 4564 βουλῇ
785 4485 960 4566 λέγων
1016 4491 1044 4546 ὁ
1094 4491 1246 4561 Θεὸς,
1279 4493 1607 4566 Ποιήσωμεν
1663 4490 1947 4570 ἄνθρωπον

2130 4046 2221 4101 20.
2279 4044 2489 4101 Facilis
2520 4049 2628 4111 est,
2680 4045 2730 4101 si
2763 4045 2897 4116 quis
2929 4044 3195 4101 animum
3237 4045 3504 4102 attendat
3531 4061 3596 4102 ac
3625 4044 3712 4102 in-

2064 4133 2325 4207 telligere
2355 4133 2514 4204 velit,
2546 4134 2781 4190 solutio.
2805 4135 3031 4190 Etenim
3066 4135 3220 4206 quod
3252 4137 3342 4191 est
3399 4136 3471 4191 ad
3502 4135 3710 4207 imagi-

2061 4239 2218 4291 nem,
2252 4228 2466 4279 natura
2495 4223 2667 4279 nobis
2699 4238 3045 4280 concessum
3078 4227 3189 4291 est,
3222 4228 3397 4296 atque
3428 4241 3462 4280 a
3492 4223 3711 4297 princi-

2059 4313 2156 4385 pio
2189 4312 2558 4369 immutabile
2588 4317 2644 4369 et
2674 4312 2733 4368 in
2766 4311 2942 4369 ﬁnem
2974 4330 3161 4386 usque
3191 4329 3390 4371 comes
3419 4318 3525 4371 est.
3541 4314 3709 4379 Quod

2058 4417 2191 4459 vero
2221 4403 2292 4458 ad
2321 4400 2792 4471 similitudinem,
2826 4402 3011 4459 libera
3040 4402 3339 4460 voluntate
3367 4407 3426 4460 et
3473 4420 3508 4459 a
3537 4403 3707 4460 nobis

2059 4493 2437 4565 postmodum
2471 4496 2953 4565 praestatur.Cum
2985 4491 3183 4566 itaque
3214 4493 3274 4549 in
3308 4492 3703 4566 primoconsi-

293 4577 410 4633 κατ’
441 4575 624 4632 εἶκόνα
669 4579 965 4655 ἡμετέραν,
1014 4578 1105 4635 καὶ
1147 4581 1232 4649 τὸ,
1267 4582 1392 4636 Καθ’
1451 4580 1716 4657 ὁμοίωσιν
1777 4603 1947 4660 προσ-

2067 4582 2135 4639 lio
2166 4582 2249 4639 ait
2278 4583 2454 4639 Deus.
2480 4582 2769 4639 Faciamus
2826 4583 3106 4639 hominem
3163 4582 3234 4638 ad
3279 4584 3584 4658 imaginem
3611 4600 3709 4641 no-

296 4665 508 4736 έθηκεν·
545 4664 779 4739 δεικνὺς,
813 4664 895 4725 ὅτι
921 4670 1014 4725 καὶ
1061 4671 1379 4747 προαίρεσιν
1422 4673 1558 4746 ἡμῖν
1609 4672 1948 4746 αὐτεξουσίαν

291 4749 547 4828 ἐμϐαλεῖ,
583 4757 686 4827 τὴν
745 4754 1053 4831 δυναμένην
1109 4766 1336 4831 ποιῆσαι
1395 4763 1544 4835 ἡμᾶς
1603 4762 1945 4838 ὁμοιωθῆναι

294 4848 432 4917 Θεῷ.
490 4844 589 4900 Καὶ
643 4849 778 4921 γοῦν
837 4847 926 4902 καὶ
987 4850 1231 4904 τοιοῦτοι
1301 4849 1758 4926 ἀπετελέσθημεν,
1811 4853 1949 4910 κατὰ

289 4934 388 5004 τήν
421 4933 727 5013 πρόρρησιν
757 4939 854 4991 τοῦ
885 4940 1040 4997 Θεοῦ.
1074 4935 1288 4995 Πολλοὶ
1317 4939 1418 5014 γὰρ
1460 4939 1513 4994 οἱ
1582 4940 1945 5013 ὁμοιωθέντες

289 5024 457 5098 αὐτῷ,
514 5024 733 5089 πάντως
782 5023 839 5082 δὶ
878 5026 968 5082 καὶ
1023 5028 1524 5103 ὁμοιωθησόμενοι,
1570 5028 1666 5086 κᾶν
1729 5032 1805 5106 μή
1854 5032 1945 5088 καὶ

290 5114 485 5179 πάντες
535 5114 614 5178 εἰς
656 5120 820 5172 τοῦτο
870 5114 1318 5194 ἐπισπεύδοιμεν,
1347 5118 1496 5177 ἀλλά
1545 5122 1645 5191 τὴν
1705 5120 1944 5178 ἐναντίαν

297 5199 509 5276 μᾶλλον
548 5204 652 5261 ὑπὸ
685 5203 1033 5272 έθελοκακίας
1061 5205 1394 5284 βαδίζοιμεν.
1428 5210 1514 5265 Ἐν
1563 5208 1621 5265 δὲ
1676 5214 1745 5287 τῇ
1787 5232 1947 5268 κατα-

291 5297 454 5367 σκευῇ
511 5294 733 5371 ὕστερον
787 5295 950 5369 μόνον
1010 5296 1128 5353 εἶπε
1182 5298 1267 5369 τὸ,
1302 5300 1427 5354 Κατ’
1475 5298 1679 5368 εἰκόνα,
1721 5301 1796 5364 ὡς
1854 5301 1945 5359 καὶ

289 5382 451 5456 μόνον
482 5386 644 5439 τοῦτο
674 5383 884 5448 έντελὶς
913 5386 1006 5442 καὶ
1062 5384 1439 5444 ἀναλλοίωτον
1497 5392 1567 5464 τῇ
1627 5389 1942 5466 ἀνθρωπίνῃ

286 5470 443 5550 φύσει
502 5470 956 5549 έγκατασκευάσας
991 5496 1004 5510 ο
1057 5478 1120 5531 τὸ
1198 5474 1256 5533 δέ
1328 5498 1409 5555 γε,
1468 5478 1598 5533 Καθ’
1651 5478 1942 5553 ὁμοίωσιν,

283 5558 472 5633 ἐπειδὴ
519 5559 745 5639 δυνάμει
791 5567 929 5629 τέως
979 5564 1147 5641 μόνον
1178 5565 1561 5644 ἐγκατέσπειρε
1613 5571 1694 5642 τῷ
1743 5566 1948 5643 ἀνθρώ-

351 5766 424 5841 (a)
446 5762 784 5839 Ἀπόδειξις.
816 5767 980 5842 Leg.,
1003 5763 1287 5833 ἀπόδοσις.

2059 4680 2252 4744 stram,
2285 4672 2489 4746 adjicit
2543 4677 2619 4744 et,
2652 4674 2733 4732 Ad
2759 4673 3229 4738 similitudinem;
3264 4679 3328 4732 ut
3376 4675 3711 4732 ostenderet

2054 4763 2302 4822 liberam
2334 4779 2564 4839 quoque
2588 4764 2758 4822 nobis
2781 4764 3373 4834 voluntatemindere,
3406 4782 3509 4838 per
3525 4781 3705 4838 quam

2056 4854 2317 4912 nancisci
2349 4853 2545 4925 liceat,
2571 4859 2637 4910 ut
2664 4855 2782 4912 Deo
2814 4853 3038 4912 similes
3069 4855 3418 4912 efficiamur.
3451 4858 3535 4911 Ac
3563 4870 3707 4911 sane

2056 4944 2205 5002 tales
2234 4945 2411 5001 etiam
2443 4944 2629 5002 effecti
2662 4961 2895 5015 sumus,
2927 4962 3031 5019 pro
3084 4962 3151 5002 eo
3209 4961 3277 5001 ac
3331 4943 3527 5000 divino
3558 4961 3706 5016 prae-

2056 5035 2278 5091 dictum
2300 5034 2535 5091 oraculo
2566 5040 2677 5091 est.
2708 5035 2878 5091 Multi
2918 5035 3076 5092 enim
3107 5034 3333 5091 similes
3366 5034 3418 5090 ei
3450 5051 3706 5103 evasere,

2054 5140 2418 5197 prorsusque
2431 5123 2605 5182 etiam
2632 5124 2832 5180 futuru
2844 5141 2897 5180 m
2914 5129 2979 5180 ut
2994 5124 3166 5180 multi
3192 5123 3707 5190 evadant,tametsi

2056 5230 2170 5270 non
2187 5230 2392 5270 omnes
2407 5215 2476 5269 ad
2502 5214 2610 5269 hoc
2628 5230 2931 5286 properem
2944 5213 3140 5284 us,sed
3155 5213 3506 5269 contrariam
3541 5230 3706 5285 pror-

2056 5319 2159 5361 sus
2190 5303 2344 5359 viam
2370 5307 2569 5360 nostra
2593 5308 2798 5375 sponte
2816 5301 3083 5359 socordia
3102 5302 3467 5359 incedamus.
3500 5302 3564 5358 In
3598 5303 3706 5359 ho-

2055 5393 2235 5449 minis
2263 5410 2399 5450 vero
2430 5393 2808 5466 postmodum
2835 5395 3129 5447 structura
3150 5391 3346 5448 solum
3380 5391 3524 5448 dixit
3546 5392 3704 5462 quod

2054 5486 2144 5539 est
2173 5483 2245 5539 ad
2273 5482 2610 5555 imaginem,
2645 5482 2860 5554 quippe
2883 5480 2984 5552 qui
3015 5481 3193 5537 etiam
3225 5499 3410 5537 unum
3441 5480 3551 5538 hoc
3571 5497 3706 5552 per-

2055 5570 2273 5628 fectum
2305 5575 2364 5628 et
2389 5569 2760 5628 immutabile
2780 5570 2839 5625 in
2870 5568 3133 5628 humana
3153 5576 3366 5629 natura
3380 5569 3705 5630 fabricatus
