4154 6398
414 369 486 428 31
1350 369 1749 429 APPENDIX
1795 370 2123 433 OPERUM
2169 375 2235 434 S.
2283 372 2562 436 BASlLll
2610 376 2882 437 MAGNI.
3750 376 3833 436 32

419 502 768 566 esset.Quod
804 517 935 556 vero
969 502 1041 556 ad
1075 499 1517 556 similitudinem
1552 502 1822 573 est,quod
1858 508 2053 575 poten-

2177 525 2286 578 πῳ,
2331 502 2484 561 οὔπω
2545 503 2603 560 δὲ
2651 507 2741 561 καὶ
2790 506 2867 571 εἷς
2915 506 2979 562 τὸ
3035 506 3383 579 ἀποτᾶλεσμα
3440 505 3831 583 ἰμπεφάνιστο,

417 590 503 646 tia
529 589 722 646 solum
756 589 1044 645 hactenus
1074 588 1294 644 homini
1328 590 1677 658 inseruerat,
1710 607 1777 646 ac
1809 592 2061 647 necdum

413 678 474 734 in
507 679 717 735 ell'ectu
748 678 1030 747 eluxerat,
1051 678 1147 733 sed
1182 678 1253 733 ad
1287 684 1451 734 actus
1480 679 1749 736 effectum
1778 680 2065 752 accipien-

416 769 491 824 tis
525 768 720 824 adhuc
752 769 1014 824 animum
1048 768 1333 824 volentem
1357 769 1862 842 exigebat,merito
1880 770 2061 827 silen-

412 860 496 915 tio
531 859 767 932 pressit.
802 859 1099 931 Siquidem
1132 860 1314 933 igitur
1344 860 1506 915 nullo
1537 868 1829 932 praeeunte
1848 863 1897 917 ei
1931 879 2063 918 con-

414 949 548 1005 silio
574 949 817 1005 dixisset
851 950 1188 1021 Deus,quod
1213 955 1303 1005 est
1333 950 1404 1004 ad
1438 950 1911 1022 similitudinem,
1943 952 2059 1024 pri-

411 1037 611 1108 mique
643 1037 801 1093 illius
833 1038 985 1094 eil'ati
1020 1044 1220 1094 tenore
1250 1038 1523 1094 virtutem
1548 1042 1746 1095 statim
1780 1039 2060 1112 elargitus

408 1133 586 1196 esset,
618 1134 682 1183 ut
701 1128 819 1184 Deo
852 1127 1079 1184 similes
1111 1128 1959 1201 efficeremur,baudquaquam
1991 1148 2060 1186 ex

408 1218 536 1274 sola
568 1225 769 1273 nostra
802 1223 1088 1290 potestate
1142 1221 1518 1290 postmodum
1576 1238 1857 1293 magnum
1900 1222 2057 1278 istud

406 1309 630 1362 donum
661 1307 916 1363 ascisere
974 1310 1397 1379 potuissemus,
1432 1326 1494 1365 ac
1523 1316 1829 1382 propterea
1858 1328 2056 1368 neces-

408 1400 564 1456 sario
596 1404 737 1455 tunc
761 1400 957 1471 adepti
988 1416 1274 1457 essemus.
1310 1401 1416 1456 Ubi
1440 1403 1566 1474 jam
1626 1421 1758 1458 vero
1788 1420 1854 1458 eo
1887 1403 2052 1459 deve-

406 1490 609 1545 nimus
645 1493 707 1544 ut
735 1491 1139 1561 conderemur,
1172 1496 1347 1563 atque
1380 1509 1448 1547 ex
1478 1492 1660 1547 nihilo
1692 1496 1757 1547 ut
1790 1510 2055 1551 essemus

404 1577 465 1632 in
498 1594 697 1634 rerum
724 1584 936 1633 natura
983 1579 1441 1650 adipsceremur,
1474 1581 1530 1637 id
1565 1582 1805 1653 quidem
1836 1585 1989 1653 quod
2022 1601 2057 1639 a

404 1670 638 1722 creante
664 1673 888 1723 natura;
918 1672 1130 1723 nostrai
1161 1673 1227 1723 ut
1257 1669 1308 1724 ei
1341 1671 1499 1725 velut
1529 1672 1870 1727 substantia
1899 1672 2051 1727 indi-

405 1759 739 1827 tum,atque
764 1757 887 1827 jam
925 1761 1048 1811 tum
1085 1759 1405 1829 perfectum
1442 1759 1825 1825 tribuebatur,
1849 1762 2052 1817 statim

405 1843 561 1899 nacti
595 1848 1008 1916 sumus,atque
1039 1862 1107 1901 ex
1136 1862 1203 1902 eo
1236 1849 1800 1921 nuncupati,nempe
1820 1850 2050 1906 adima-

404 1932 805 2003 ginem.0uod
837 1950 971 1988 vero
1004 1951 1118 1990 non
1151 1936 1352 1992 statim
1390 1953 1507 1992 una
1537 1937 1845 1993 nobiscum
1879 1938 2049 1994 abso-

403 2020 598 2076 lutum
631 2026 739 2091 est,
772 2037 878 2077 nec
937 2027 1148 2078 natura
1176 2040 1371 2080 comes
1422 2026 1761 2083 formationi
1793 2026 1920 2094 fuit,
1953 2027 2055 2083 sed

401 2125 472 2164 ex
501 2110 822 2164 adventura
844 2109 1030 2166 libera
1058 2110 1586 2183 voluntate,nostra
1617 2114 1836 2187 quippe
1854 2132 2055 2188 opera-

400 2198 576 2264 tione,
611 2200 989 2269 postmodum
1048 2200 1218 2255 nobis
1268 2218 1589 2275 congruere
1620 2205 1893 2272 debebat,
1926 2223 2054 2276 quis

402 2286 1009 2358 nobis,iuquam,cum
1043 2288 1159 2345 Deo
1193 2290 1374 2347 initur
1404 2292 1756 2360 similitudo,
1790 2293 1845 2349 id
1880 2294 2052 2349 nimi-

403 2392 538 2430 rum
569 2391 675 2432 nec
704 2376 897 2432 adhuc
926 2394 1295 2446 eramus,nec
1316 2380 1429 2435 dici
1455 2382 2056 2453 poteramus.Dimisit

398 2467 548 2519 enim
578 2464 688 2520 hoc
746 2466 818 2521 de
848 2465 1146 2522 industria
1174 2467 1413 2524 Greater
1454 2470 1883 2542 imperfectum,
1918 2479 1982 2528 ut
2020 2490 2054 2528 a

405 2553 578 2609 nobis
609 2554 744 2609 boni
778 2572 963 2611 usura
984 2557 1379 2627 perficeretur,
1415 2565 1801 2633 nostrumque
1830 2562 2053 2617 bonum

400 2642 802 2711 videretur,ut
830 2649 890 2699 et
917 2645 1175 2702 debitam
1210 2647 1344 2702 inde
1375 2650 1703 2705 mercedem
1731 2667 2053 2722 conseque-

400 2747 600 2787 remur
632 2749 645 2786 :
674 2748 748 2789 ne
775 2733 939 2789 velut
960 2734 1284 2791 simulacra
1339 2736 1606 2794 inanima
1643 2756 1933 2807 essemus,
1966 2740 2054 2813 pi-

398 2825 625 2875 ctorum
657 2821 897 2892 quidem
931 2829 1055 2878 arte
1096 2824 1292 2880 eflicta
1323 2834 1659 2898 temereque
1684 2828 1969 2899 jacentia,
2001 2834 2057 2885 et

398 2926 527 2979 quae
556 2927 591 2965 a
620 2926 684 2965 se
715 2910 864 2965 nihil
897 2911 1203 2968 conferant
1222 2914 1294 2970 ad
1326 2915 1591 2971 decorem
1628 2934 1787 2988 ;quaa
1805 2917 2054 2990 quicon-

392 3002 656 3065 tueatur,
720 3006 1037 3072 exacteque
1087 3002 1320 3075 depicta
1377 3006 1726 3072 consideret,
1774 3007 2054 3079 pictorem

391 3087 626 3159 quidem
646 3089 855 3145 merito
874 3094 932 3144 et
955 3091 1280 3147 admiretur
1299 3098 1355 3149 et
1380 3094 1579 3151 laudet
1602 3112 1617 3163 ;
1646 3096 1907 3166 ipsorum
1924 3114 2054 3153 vero

393 3175 485 3231 sui
517 3192 695 3233 causa
728 3177 1200 3248 colorum,autin
1222 3182 1443 3253 quibus
1476 3184 1689 3256 depicti
1710 3186 1829 3240 sint
1863 3186 2046 3242 tabel-

392 3263 585 3321 larum
617 3265 839 3322 nullam
873 3267 1159 3325 rationem
1194 3271 1423 3328 habeat.
1459 3271 1531 3328 Ut
1561 3274 1759 3346 itaque
1780 3275 2038 3332 admira-

392 3354 477 3410 tio
508 3354 686 3410 etiam
721 3372 852 3411 mea
877 3356 1042 3423 foret,
1076 3375 1142 3414 ac
1174 3376 1305 3415 cum
1356 3363 1467 3417 Deo
1527 3364 1758 3433 optimm
1803 3364 2041 3421 laudem

395 3441 713 3497 creationis
743 3460 861 3497 una
893 3445 1313 3515 partirer,mihi
1336 3447 1575 3520 reliquit
1606 3456 1670 3504 ut
1700 3451 1769 3505 ad
1805 3450 1906 3505 Dei
1925 3452 2045 3506 efﬁ-

396 3545 557 3586 cerer
586 3530 1054 3589 similitudinem.
1088 3538 1186 3590 Est
1208 3535 1405 3607 itaque
1437 3538 1493 3591 in
1523 3555 1615 3595 me
1644 3539 1905 3610 potentia
1925 3540 2048 3612 qui-

394 3618 531 3675 dem
562 3619 809 3677 rationis
826 3623 912 3677 vis
928 3639 996 3677 ac
1012 3623 1596 3697 intelligentiae,quod
1622 3628 1822 3700 utique
1855 3631 1925 3685 ad
1946 3628 2045 3686 Dei

395 3724 491 3765 me
519 3708 738 3764 factum
769 3709 1092 3783 imaginem
1122 3714 1415 3769 ostendit:
1441 3720 1573 3771 actu
1608 3723 1834 3788 vero,ut
1855 3724 1913 3774 et
1938 3720 2041 3774 vir-

392 3800 578 3852 tutem
600 3796 1271 3871 amplectar,sedulaque
1300 3800 1529 3857 actione
1560 3802 1617 3858 id
1648 3807 1802 3876 quod
1829 3805 2044 3863 hones-

395 3888 526 3940 tum
548 3901 615 3941 ac
639 3884 818 3940 ofﬁcii
847 3892 960 3956 est,
989 3894 1288 3958 praestem,
1321 3894 1501 3961 atque
1530 3891 1612 3948 ita
1663 3893 1781 3951 vita
1810 3895 2047 3968 optimis

399 3973 728 4030 rationibus
760 3973 1054 4041 instituta,
1112 3978 1184 4032 ad
1242 3977 1342 4034 Dei
1392 3979 1841 4041 similitudinem
1893 3986 2050 4041 884

400 4062 926 4130 deveniam.Quare
959 4064 1016 4119 id
1050 4066 1471 4140 quidem,quod
1502 4072 1681 4127 estad
1705 4072 2050 4146 imaginem,

402 4151 542 4207 boni
573 4150 735 4224 origo
768 4153 1051 4225 radixque
1073 4160 1180 4226 est,
1241 4174 1418 4228 quam
1452 4158 1581 4231 ipsa
1619 4162 1818 4218 statim
1850 4163 2051 4219 condi-

401 4238 563 4296 tione
592 4255 726 4296 cum
758 4246 969 4297 natura
987 4244 1604 4318 fundamentojactam
1655 4249 1873 4320 habui;
1900 4252 2052 4322 quod

399 4345 537 4385 vero
569 4330 642 4385 ad
656 4329 757 4385 Dei
778 4329 1328 4401 similitudinem,ex
1354 4335 1501 4392 meis
1531 4343 1894 4410 postremum
1918 4358 2053 4413 ope-

402 4416 588 4488 ribus,
620 4417 812 4491 iisque
838 4437 966 4492 quae
1005 4421 1251 4479 honesta
1284 4442 1349 4481 ac
1382 4425 1560 4482 ofﬁcii
1591 4434 1730 4483 sunt
1768 4429 2054 4502 impensis

403 4505 727 4577 laboribus,
759 4512 885 4566 tota
915 4511 1163 4583 denique
1220 4513 1341 4570 vita
1370 4514 1606 4573 virtutis
1639 4517 1798 4573 cultu
1831 4523 2053 4590 exacta,

2172 592 2300 649 ἀλλ’
2332 591 2504 649 ἐδεῖτο
2565 593 2641 650 ἔτι
2701 597 2838 671 πρὸς
2882 593 3228 670 ἀποτέλεσμα
3280 601 3381 665 τῆς
3434 594 3678 671 πράξεως
3731 597 3829 649 τοῦ

2175 678 2443 747 λαϐόντος
2493 685 2593 753 τήν
2646 683 2985 760 προαίρεσιν,
3037 684 3261 747 εἰκότως
3327 685 3728 755 ἀπεσιώπησεν.
3762 681 3827 741 Ei

2177 772 2271 845 μὶν
2307 774 2423 845 οῦν,
2459 770 2601 847 μηδὲ
2631 771 2926 851 προλαϐὼν
2955 774 3005 830 ἰν
3037 778 3105 848 τῇ
3146 773 3321 849 βουλῇ
3354 774 3381 829 ὁ
3413 774 3541 836 Θεὸς
3602 774 3717 828 εἶπε
3741 773 3825 842 τὸ,

2172 863 2299 926 Καθ’
2349 864 2640 935 ὁμοίωσιν,
2688 863 2778 919 καὶ
2830 861 2920 918 διὰ
2973 867 3071 918 τοῦ
3126 864 3349 940 πρώτου
3398 862 3568 937 λόγου
3621 860 3827 918 ἰκείνου

2168 952 2265 1019 την
2327 949 2553 1026 δύναμιν
2585 952 2738 1017 εὐθὺς
2795 952 3087 1030 ἔχαρίσατο
3133 956 3228 1007 τοῦ
3259 953 3572 1029 γενήσεσθαι
3631 951 3824 1024 ὅμοιοι

2169 1046 2305 1112 Θεῷ,
2340 1040 2437 1097 οὐκ
2468 1041 2527 1097 ἂν
2590 1044 2694 1098 ἀπὸ
2753 1044 2928 1115 μόνης
2971 1049 3070 1114 τῆς
3104 1043 3306 1097 ἑαυτῶν
3361 1041 3602 1113 ἆξουσίας
3665 1043 3832 1115 ἡμεῖς

2170 1130 2388 1203 ὕστερον
2420 1132 2482 1186 τὸ
2517 1130 2651 1206 μίγα
2680 1136 2841 1187 τοῦτο
2885 1133 3134 1209 χάρισμα
3181 1128 3570 1208 προσδέξασθαι
3618 1127 3825 1199 ἠδυνά-

2173 1222 2326 1293 μεθαο
2357 1223 2447 1276 καί
2500 1219 2588 1276 διὰ
2650 1225 2812 1277 τοῦτο
2867 1222 3171 1295 ἀναγκαίως
3219 1219 3341 1276 τότε
3399 1218 3824 1294 προσείληπται.

2167 1310 2318 1367 Ἐπεὶ
2380 1308 2438 1365 δὲ
2494 1311 2584 1366 καὶ
2642 1312 2717 1373 εἱς
2767 1310 2830 1366 τὸ
2888 1311 3163 1380 κτίζεσθαι
3195 1307 3302 1381 ἤδη
3335 1307 3698 1381 κατίστημεν,
3729 1309 3817 1365 καὶ

2164 1399 2226 1454 τὸ
2281 1401 2413 1455 εἶναι
2476 1400 2581 1454 ἀπὸ
2630 1404 2728 1454 τοῦ
2763 1402 2839 1473 μὴ
2874 1395 3028 1461 ὄντος
3059 1393 3607 1473 προσελαμϐάνομεν⁹
3639 1398 3668 1453 ’ὁ
3730 1397 3823 1472 μὶν

2165 1488 2311 1563 παρά
2340 1493 2435 1544 τοῦ
2466 1489 2742 1557 κτίζοντος
2774 1485 2984 1544 ἐδίδοτο
3013 1492 3083 1563 τῇ
3112 1490 3264 1565 φύσει
3296 1491 3456 1560 ἡμῶν
3506 1486 3670 1543 οἷονεί
3704 1507 3825 1542 συν·

2166 1579 2541 1651 ουσιωμένον,
2602 1577 2692 1633 καὶ
2771 1578 3085 1633 ἀπεντεῦοεν
3162 1576 3604 1652 ἀπηρτισμένον,
3664 1580 3824 1632 τοῦτο

2165 1667 2322 1731 εὐθὺς
2382 1662 2606 1743 ἔχομεν,
2638 1668 2727 1722 καὶ
2781 1666 2832 1739 ἐξ
2876 1666 3038 1722 αὐτοῦ
3087 1663 3450 1739 ἐκαλοῦμεθα,
3482 1666 3600 1721 κατ’
3642 1666 3824 1722 εἱκόνα

2165 1753 2382 1826 δηλαδὴ
2443 1763 2576 1813 Θεοῦ
2611 1777 2623 1789 ·
2661 1758 2689 1813 ὃ
2723 1754 2780 1812 δὶ
2819 1756 2920 1812 οὐκ
2966 1756 3121 1819 εὐθὺς
3171 1753 3601 1826 συναπετελὲσθη
3661 1757 3821 1829 ἡμῖν,

2164 1843 2291 1901 οὐδὲ
2349 1848 2870 1922 συμπαριυμάρτησε
2926 1850 3165 1922 φυσικῶς
3244 1844 3304 1900 ἰκ
3373 1852 3472 1915 τῆς
3544 1841 3822 1917 πλάσεως,

2165 1935 2292 1992 ἀλλ’
2324 1934 2385 1990 ἐκ
2437 1942 2537 2005 τῆς
2596 1934 3061 2012 ἐπιγενησομένης
3100 1934 3493 2010 προαιρίσεως,
3526 1936 3618 1989 ἅτε
3678 1932 3823 2010 ἔνερ-

2165 2024 2316 2098 γείας
2347 2025 2637 2099 ἡμετέρας,
2670 2022 2875 2097 ἔμελλε
2904 2023 3185 2099 ὶσῦστερον
3216 2023 3595 2099 προσαρμόσαι
3655 2024 3816 2097 ⁴ἡμῖν,

2163 2114 2225 2167 τὸ
2254 2120 2351 2183 τῆς
2388 2114 2707 2186 ὁμοιώσεώς
2740 2134 2883 2185 φημι
2942 2116 3037 2167 τοῦ
3094 2116 3252 2183 Θεοῦ,
3281 2116 3444 2167 τοῦτο
3484 2108 3637 2167 οῦπω
3688 2107 3827 2166 οὗτε

2164 2202 2321 2275 ἧμῖν⁹
2355 2200 2476 2257 οὔτε
2536 2200 2782 2279 λέγεσθαι
2840 2198 3173 2274 ἠδυνάμεθα.
3228 2207 3433 2271 ’Δφῆκε
3492 2200 3597 2277 γὰρ
3653 2204 3814 2255 τοῦτο

2163 2288 2351 2354 ἀτελὶς
2385 2292 2412 2345 ὁ
2466 2290 2652 2354 κτίσας
2712 2288 2985 2361 ἆπίτηδες,
3014 2288 3108 2346 ’ίνα
3163 2292 3289 2367 παρ’
3338 2292 3499 2363 ἡμῶν
3531 2293 3566 2360 ἡ
3599 2289 3827 2366 ἐργασία

2161 2385 2261 2435 τοῦ
2294 2378 2465 2436 καλοῦ
2525 2379 2884 2454 ἀποτελεσθῇ,
2917 2380 3007 2436 καὶ
3065 2378 3329 2455 ἡμέτερον
3391 2376 3521 2455 δόξῃ
3578 2380 3640 2434 τὸ
3698 2378 3825 2453 ἀγα-

2163 2470 2281 2543 θὸν,
2331 2471 2469 2525 ὥστε
2526 2470 2615 2525 καὶ
2694 2470 2884 2543 μισθὸν
2960 2472 3110 2542 ἡμᾶς
3169 2468 3404 2524 ἐντεῦθεν
3464 2465 3821 2546 ὀφειλόμενον

2162 2564 2338 2634 σχεῖν·
2367 2557 2459 2613 ’ἱνα
2521 2560 2597 2631 μή
2655 2558 2837 2631 ὥσπερ
2896 2557 3096 2620 εῗκόνες
3151 2555 3483 2633 ἄψυχοι(α),
3516 2556 3663 2631 παρὰ
3720 2560 3818 2626 ζω-

2163 2650 2396 2724 γράφοις
2455 2649 2549 2721 μὲν
2611 2646 3223 2717 ἀποτελεσθεῖσαι,εἷκῆ
3285 2643 3344 2701 δὶ
3390 2643 3657 2719 κείμεναι,
3718 2644 3808 2700 καὶ

2170 2735 2337 2812 μηδὲν
2397 2738 2531 2812 πρὸς
2586 2737 2648 2792 τὸ
2700 2736 2908 2799 κάλλος
2935 2738 3148 2799 ἑαυταῖς
3182 2730 3657 2810 συμϐάλλόμεναυ
3691 2734 3755 2797 ἃς
3785 2735 3814 2790 ὁ

2167 2828 2480 2900 θεώμενος,
2538 2825 2626 2881 καὶ
2687 2827 2822 2902 πρὸς
2879 2820 3155 2902 ἀκρίϐειαν
3207 2824 3590 2901 γεγραμμένας
3649 2844 3811 2878 κατα·

2165 2922 2333 2989 νοῶν,
2364 2916 2455 2971 τὸν
2492 2917 2587 2988 μὶν
2648 2916 2927 2991 ζωγράφον
2984 2915 3211 2977 είκὸτως
3264 2915 3352 2969 καὶ
3405 2913 3670 2987 θαυμάζει
3727 2911 3819 2967 καὶ

3128 3004 3138 3022 Ι
3513 3002 3525 3019 \
3636 3000 3650 3017 9
3699 3001 3713 3020 Ι
3755 2997 3784 3019 Ὗ

2165 3006 2393 3078 ἐπαινεῖ,
2427 3005 2562 3060 αὐτά
2600 3002 2657 3060 δὶ
2708 3005 2776 3060 δι’
2807 3005 2969 3060 ἑαυτᾶ
3027 3024 3321 3081 χρωματα,
3353 3004 3388 3073 ἢ
3444 3024 3572 3065 τους
3633 3022 3695 3081 sq)
3745 3023 3818 3055 ων

2163 3095 2491 3173 γεγράφαται
2521 3094 2771 3163 πίνακας,
2806 3091 3026 3156 οὐδενὸς
3086 3094 3230 3164 ἀξιοῖ
3285 3089 3478 3167 λόγου.
3526 3093 3644 3148 Ἵνα
3700 3088 3815 3145 τοί-

2162 3206 2253 3238 νυν
2302 3184 2363 3238 τὸ
2418 3187 2596 3256 θαῦμα
2646 3180 2739 3237 καί
2786 3181 2916 3257 ἐμὸν
2964 3180 3207 3256 γένηται,
3240 3181 3330 3237 καὶ
3390 3177 3816 3255 συμμερίσωμαι

2158 3278 2239 3346 τῷ
2270 3277 2385 3345 Θεῷ
2413 3274 2502 3328 τὸν
2559 3271 2616 3327 ἐκ
2658 3279 2759 3342 τῆς
2801 3270 2978 3342 καλῆς
3010 3269 3375 3346 δημιουργίας
3408 3268 3650 3340 ἔπαινον,
3687 3265 3814 3342 ἐμοὶ

2151 3361 2409 3418 κατέλιπε
2462 3361 2525 3417 τὸ
2581 3361 2700 3416 καθ’
2744 3359 3011 3433 ὁμοίωσιν
3072 3366 3391 3434 γεγενῆσθαι
3441 3362 3597 3414 Θεοῦ.
3626 3358 3809 3412 Ἔστιν

2155 3451 2244 3506 οὗν
2279 3449 2503 3523 δυνάμει
2536 3449 2632 3522 μὶν
2680 3448 2744 3502 τὸ
2788 3446 2841 3503 ἐν
2893 3447 3018 3520 ὶμοὶ
3060 3443 3285 3521 λογικὸν
3318 3446 3408 3501 καὶ
3439 3443 3648 3520 νοερὸν,
3677 3443 3706 3499 ’ὁ
3739 3440 3806 3513 δὴ

2152 3541 2243 3596 καὶ
2299 3540 2415 3596 κατ’
2448 3538 2629 3594 εῒκόνα
2684 3540 2819 3592 Θεοῦ
2870 3534 3205 3605 πεποιῆσθαί
3266 3555 3332 3608 με
3391 3531 3694 3590 δείκνυσινο
3729 3532 3808 3588 ὲν-

2154 3629 2338 3707 εργείᾳ
2389 3626 2467 3701 δὶ,
2526 3628 2589 3682 τὸ
2645 3626 2735 3681 καὶ
2793 3625 3214 3695 ἀντιποιηθῆναι
3265 3629 3364 3693 τῆς
3444 3621 3664 3700 ἀρετῆς,
3715 3620 3809 3677 καὶ

2152 3719 2340 3794 πράξει
2394 3720 2737 3792 κατορθῶσαι
2792 3716 2856 3770 τὸ
2910 3712 3106 3782 καλὸν,
3136 3712 3227 3768 καὶ
3260 3712 3433 3775 οὕτως
3485 3709 3663 3776 ἐλθεῖν
3719 3707 3811 3766 διὰ

2151 3815 2252 3877 τῆς
2286 3805 2513 3883 ἀρίστης
2543 3801 2827 3867 πολιτεῖας
2856 3802 2935 3867 εἷς
2966 3804 3028 3858 τὸ
3053 3803 3172 3858 καθ’
3203 3800 3467 3877 ὁμοίωσιν
3499 3804 3595 3856 τοῦ
3652 3803 3810 3856 Θεοῦ.

2154 3899 2315 3951 Ὥστε
2364 3896 2427 3950 τὸ
2484 3894 2578 3967 μὶν
2636 3895 2755 3949 κατ’
2803 3891 2986 3948 εἰκόνα
3035 3896 3193 3964 Θεοῦ,
3238 3892 3383 3966 ἀρχή
3420 3888 3531 3945 ἐστι
3575 3889 3665 3944 καὶ
3695 3887 3815 3965 ῥίζα

2154 3988 2254 4039 τοῦ
2285 3983 2508 4058 ἀγαθοῦ,
2539 3983 2600 4051 ἢν
2635 3981 2795 4046 εὐθὺς
2827 3981 2880 4037 ἰν
2933 3987 3013 4055 τῷ
3069 3981 3340 4051 κτίζεσθαι
3374 3972 3813 4057 σνγκαταῧεόλη-

2161 4072 2328 4147 μὲν-ην
2387 4075 2456 4147 τῇ
2516 4070 2669 4146 φύσει
2718 4091 2822 4145 μου
2873 4066 3101 4147 ἔσχηκα·
3135 4071 3197 4126 τὸ
3255 4067 3313 4125 δί
3367 4070 3486 4133 καθ’
3543 4068 3812 4141 ὁμοίωσιν

2160 4166 2316 4234 Θεοῦ,
2349 4159 2579 4235 ἔσχατον
2641 4160 2702 4217 ἐκ
2754 4165 2862 4216 τῶν
2926 4158 3097 4237 ἔργων
3150 4181 3276 4235 μου,
3310 4158 3399 4214 καὶ
3446 4161 3553 4213 τῶν
3584 4155 3711 4233 περὶ
3748 4155 3816 4211 τὰ

2160 4249 2305 4307 καλά
2335 4250 2535 4322 πόνων,
2569 4250 2660 4305 καὶ
2716 4257 2816 4321 τῆς
2871 4250 3011 4326 πρὸς
3068 4248 3205 4320 ὅλην
3249 4250 3391 4319 ζωὴν
3426 4245 3673 4325 ἑναρὲτου
3706 4240 3818 4300 δια-

2162 4341 2732 4419 γωγῆς,περιγίνεταί
2791 4364 2907 4416 μοι.
2961 4340 3223 4419 Εὐλόγως
3279 4339 3484 4413 τοίνυν,
3545 4337 3653 4415 οὐχ
3709 4338 3823 4410 ἅμα

2160 4437 2243 4505 τῷ
2271 4439 2576 4503 κτισθῆναι,
2609 4432 2699 4487 καὶ
2749 4432 2811 4487 τὸ
2859 4432 2976 4486 καθ’
3007 4429 3276 4506 ὁμοίωσιν
3308 4433 3441 4485 Θεοῦ
3472 4425 3628 4493 εὐθὺς
3684 4425 3825 4502 γενέ-

2165 4531 2286 4584 σθαι
2350 4541 2443 4593 μοι
2500 4520 2529 4575 ὁ
2581 4518 2768 4582 κτίσας
2828 4520 3162 4597 ἀπεφήνατο.
3226 4519 3421 4576 Ἀκουε
3475 4517 3576 4592 γὰρ
3624 4513 3715 4569 καὶ
3771 4512 3825 4567 τί

407 4595 554 4652 mihi
586 4598 827 4655 accedit.
863 4600 1126 4673 Congrue
1157 4601 1539 4687 itaque‘haud
1567 4624 1684 4663 una
1713 4625 1847 4663 cum
1896 4625 2053 4665 crea—

2169 4630 2331 4688 φησιν
2391 4608 2441 4665 δν
2499 4606 2864 4685 Εὗαγγελίῳ·
2908 4595 3125 4665 Γίνεσθε
3191 4605 3434 4679 τέλειοι,
3494 4605 3674 4673 καθὼς
3735 4601 3825 4658 καὶ

403 4684 584 4757 tione,
618 4690 683 4742 ut
712 4686 857 4745 mihi
887 4691 1086 4747 statim
1141 4694 1296 4765 quod
1330 4684 1402 4750 ad
1460 4695 1557 4751 Dei
1602 4696 2053 4754 similitudinem

406 4777 881 4847 est,proveniret,
915 4780 1155 4837 Creator
1183 4782 1395 4839 sanxit.
1431 4784 1578 4842 Audi
1608 4786 1764 4842 enim
1795 4787 1936 4859 quid
1970 4786 2056 4843 di-

406 4869 503 4921 cat
530 4865 588 4920 in
620 4867 927 4939 Evangelio
962 4887 974 4925 :
1008 4873 1205 4928 Estole
1231 4875 1466 4946 per/ecl:
1495 4878 1641 4931 sicut
1692 4879 1744 4933 et
1771 4877 1935 4933 Pater
1960 4894 2055 4934 ve-

2168 4697 2196 4751 ὁ
2230 4696 2418 4774 Πατὴρ
2453 4697 2603 4771 ὑμῶν
2646 4698 2673 4752 ὁ
2702 4697 2953 4773 οὐράνιος
2981 4695 3189 4759 τέλειός
3226 4694 3387 4751 ἐστιν·
3422 4693 3504 4750 ὅτι
3534 4693 3626 4750 τὸν
3657 4690 3820 4761 ἥλιον

2166 4787 2337 4842 αὐτοῦ
2368 4783 2655 4843 ἀνατέλλει
2689 4785 2777 4843 ἐπὶ
2808 4786 3083 4862 πονηρους
3114 4784 3203 4842 καὶ
3236 4785 3491 4862 ἀγαθοὺς,
3512 4783 3600 4840 καὶ
3635 4782 3824 4860 βρέχει

2166 4874 2255 4932 ἐπὶ
2290 4873 2532 4941 δικαίους
2558 4878 2646 4933 καὶ
2681 4873 2924 4942 ἀδίκους.

403 4961 515 5009 ster
560 4955 802 5013 ccelestis
856 4959 1131 5030 perfectus
1189 4969 1315 5025 est;
1361 4964 1494 5033 quia
1538 4964 1710 5022 solem
1759 4982 1924 5023 suum
1972 4967 2121 5025 oviri
2179 4968 2317 5040 facit
2373 4985 2543 5042 super
2590 4969 2764 5026 malos
2821 4971 2871 5024 et
2904 4968 3093 5036 bonos,
3122 4975 3174 5024 ct
3193 4966 3341 5039 pluit
3371 4981 3535 5038 super
3544 4964 3727 5037 justus
3773 4964 3825 5017 et

402 5043 623 5115 iniquos
656 5045 720 5100 η.

481 5133 573 5188 21.
608 5132 823 5192 Vidisti
856 5136 1095 5194 ubinam
1129 5143 1185 5196 et
1215 5143 1449 5213 quando
1497 5144 1782 5202 Dominus
1814 5144 1872 5202 id
1904 5146 2058 5219 quod

410 5224 502 5278 est
532 5222 605 5279 ad
639 5223 1097 5285 similitudinem
1141 5230 1311 5287 nobis
1363 5233 1729 5291 reddiderit?
1789 5237 2062 5306 Quoniam

408 5310 577 5368 solem
606 5331 768 5370 suum
790 5318 933 5372 oriri
958 5319 1099 5387 facit
1129 5335 1294 5393 super
1340 5321 1514 5379 malos
1542 5328 1595 5381 et
1627 5325 1809 5394 bonos,
1842 5335 1893 5383 ιι
1915 5327 2061 5399 pluit

410 5416 580 5475 super
596 5404 778 5476 justo:
807 5409 857 5462 et
891 5407 1130 5480 iniquos.
1162 5410 1220 5465 Si
1250 5410 1440 5470 oderis
1462 5414 1705 5486 scelera,
1738 5416 1789 5473 si
1817 5416 2058 5489 iniuria-

483 5544 531 5582 “
556 5547 765 5604 Matth.
794 5565 851 5619 v,
875 5550 966 5619 48,
995 5551 1085 5609 45.

480 5688 559 5762 (α)
583 5688 687 5746 Hic
716 5692 920 5753 deesse
943 5695 1171 5754 videtur
1199 5692 1367 5771 ὦμεν,
1400 5700 1488 5760 vel
1518 5701 1632 5761 tale
1661 5704 1824 5778 quid.
1856 5706 2014 5765 Enrr.

2242 5148 2334 5203 21.
2360 5142 2516 5208 Εἶδες
2563 5149 2669 5202 ποῦ
2717 5143 2807 5201 καὶ
2850 5145 2991 5205 ,πότε
3038 5140 3370 5200 ἀποδίδωσιν
3399 5145 3533 5215 ἡμῖν
3570 5141 3597 5196 ὁ
3629 5137 3828 5213 Κῦριος

2172 5235 2237 5291 τὸ
2287 5236 2406 5299 καθ’
2465 5233 2774 5310 ὁμοίωσιν,
2834 5237 2956 5294 ’Ότι
3011 5236 3104 5291 τὸν
3164 5233 3325 5304 ἥλιον
3388 5232 3553 5287 αὐτοῦ
3607 5225 3827 5284 ἀνατέλο

2173 5323 2258 5382 λει
2319 5324 2406 5381 ἐπὶ
2457 5325 2735 5401 πονηροὺς
2789 5326 2882 5381 καὶ
2913 5323 3174 5401 ἀγαθοὺς,
3204 5323 3296 5379 καὶ
3355 5322 3546 5399 βρέχει
3600 5318 3687 5375 ἐπὶ
3746 5314 3827 5372 διο

2176 5414 2365 5480 καίους
2419 5416 2509 5473 καὶ
2565 5413 2806 5480 ἀδίκους.
2868 5415 2992 5473 Ἐὰν
3045 5412 3170 5489 γίνῃ
3233 5412 3627 5487 μισοπόνηρος,
3657 5407 3832 5483 ἀμνη-
