4154 6390
306 442 387 503 33
1303 429 1407 491 DE
1450 424 1777 489 HOMINIS
1819 422 1963 485 STR

2079 422 2297 484 TURA
2342 422 2638 487 ORATIO
2681 425 2730 485 Ι.
3662 434 3745 493 34

308 570 549 643 σίκακος,
601 568 679 642 μὴ
728 563 1089 652 ἀμυνόμενος
1117 563 1208 619 τὸν
1242 559 1461 652 ἐχθρὸν,
1499 559 1576 632 μὴ
1610 553 1963 652 μεμνημένος

2078 571 2212 611 rum
2243 555 2587 613 memoriam
2618 557 2922 632 deleveris,
2957 560 3189 618 hostem
3242 562 3396 619 haud
3430 564 3740 652 ulciscare,

306 663 404 729 τῆς
433 663 633 736 χθιζῆς
666 653 888 732 ἔχθρας·
918 653 1005 710 ἐὰν
1038 651 1164 731 γένῃ
1222 648 1581 730 φιλάδελφος,
1642 645 1956 722 συμπαθὴς,

310 748 609 823 ὡμοιώθης
642 750 777 818 Θεῷ.
834 744 956 801 Ἐὰν
991 742 1108 804 οἶός
1138 741 1280 797 ἐστιν
1315 739 1403 796 ἐπὶ
1436 739 1494 794 σε
1549 738 1639 794 τὸν
1700 737 1958 811 ἀμαρτω-

313 838 410 893 λὸν
443 838 471 892 6
516 836 669 905 Θεὸς,
718 835 808 889 τὸν
869 829 1271 905 ἐναντιούμενον
1326 829 1473 903 αὐτῷ
1529 827 1649 883 καθ’
1706 826 1958 897 εκάστην,

311 930 564 987 τοιοῦτος
622 923 746 1000 γένῃ
799 922 886 978 ἐπὶ
918 920 1006 976 τὸν
1034 920 1109 982 εἰς
1145 921 1203 976 σὲ
1240 915 1766 992 πεπλημμεληκότα
1796 911 1965 970 ἀδελ-

316 1017 437 1092 φὸν,
494 1015 564 1087 τῇ
617 1010 800 1084 τελείᾳ
825 1012 1004 1086 ἀγαπῃ
1054 1008 1144 1065 καί
1192 1012 1261 1084 τῇ
1318 1009 1454 1086 πρὸς
1482 1008 1574 1063 τὸν
1606 1004 1842 1077 πλησίον
1876 1002 1963 1059 εὗ-

318 1102 651 1179 σπλαγχνίᾳ,
711 1099 1010 1174 ὡμοιώθης
1042 1103 1181 1172 Θεῷ.
1223 1100 1384 1153 Ὥστε
1411 1098 1475 1152 τὸ
1503 1097 1618 1152 κατ’
1650 1094 1832 1150 εἰκόνα
1868 1093 1962 1166 μὶν

315 1190 461 1267 ἔχεις
515 1188 575 1244 ἐκ
603 1192 700 1243 τοῦ
742 1188 961 1263 λογικὸς
1022 1186 1177 1241 εἶναι’
1234 1187 1344 1250 κςθ’
1402 1185 1666 1258 ὁμοίωσιν
1724 1180 1781 1237 δὲ
1818 1180 1963 1257 γένῃ,

313 1278 371 1334 ἐκ
424 1282 522 1334 τοῦ
578 1276 933 1354 χρηστότητα
991 1268 1304 1332 ἀναλαϐεῖν.
1360 1268 1625 1331 Ἀνάλαϐε
1672 1273 1967 1347 τοιγαροῦν

314 1366 603 1445 σπλάγχνα
689 1365 1014 1441 οἰκτιρμοῦ,
1101 1362 1496 1440 χρηστότητα,
1579 1358 1672 1417 ’ίτα
1772 1356 1967 1432 ἐνδύσῃ

310 1456 560 1534 Χριστόν’
621 1452 690 1510 δι’
741 1456 813 1510 ὧν
870 1454 973 1530 γὰρ
1024 1447 1424 1527 ἀναλάμϐάνεις
1454 1453 1553 1522 τὴν
1586 1448 1962 1527 χρηστότητα,

310 1543 399 1601 διὰ
421 1545 628 1601 τούτων
662 1541 820 1619 ἐνδύῃ
847 1542 1097 1619 Χριστὸν,
1125 1542 1214 1597 καὶ
1245 1545 1313 1616 τῇ
1345 1540 1480 1617 πρὸς
1527 1539 1686 1595 αὐτὸν
1750 1537 1965 1593 οἷ’κειώ-

311 1652 389 1689 σει
437 1632 813 1706 οἰκειούμενος
869 1635 1005 1703 Θεῷ.
1053 1628 1237 1693 Οὕτως
1282 1632 1318 1700 ἡ
1366 1628 1579 1706 ἱστορία
1625 1633 1727 1697 τῆς
1759 1628 1964 1703 ἀνθρω-

310 1723 476 1794 πίνης
506 1720 757 1784 πλάσεως
788 1717 1068 1782 παίδιυσίς
1099 1720 1209 1775 ἔστι
1243 1723 1337 1774 τοῦ
1373 1717 1494 1794 βίου
1523 1721 1621 1773 τοῦ
1670 1715 1963 1793 ἡμετέρου.

316 1812 640 1884 Ποιήσωμεν
717 1807 1003 1886 ἄνθρωπον
1083 1811 1205 1863 κατ’
1279 1806 1460 1863 εἰκόνα
1535 1807 1805 1881 ἡμετέραν
1877 1804 1965 1860 καὶ

312 1902 430 1956 καθ’
489 1898 778 1975 ὁμοίωσιν.
839 1896 1050 1974 Ἐχέτω
1107 1897 1163 1952 έτ
1218 1897 1354 1972 αὑτῇ
1413 1900 1482 1971 τῇ
1536 1895 1706 1952 κτίσει
1756 1893 1820 1949 τὰ
1849 1895 1967 1949 κατ’

2073 643 2122 701 si
2154 645 2441 702 hesterna
2493 646 2812 704 simultatis
2862 653 3037 724 atque
3079 652 3196 706 odii
3248 654 3588 711 recordatus
3621 643 3739 710 non

2073 735 2255 792 fueris
2285 751 2300 792 :
2334 735 2384 792 si
2417 736 2655 793 fratrem
2684 756 2882 795 amore
2912 756 2978 797 ac
3000 740 3378 797 miseratione
3402 743 3580 799 fueris
3604 760 3739 816 pro-

2073 831 2333 892 secutus,
2368 825 2484 882 Deo
2519 826 2733 884 similis
2759 830 3018 885 evasisti.
3041 830 3098 885 Si
3134 847 3203 886 ex
3226 833 3425 887 animo
3456 832 3742 890 dimisisti

2072 914 2334 985 inimico,
2371 919 2485 970 Deo
2516 915 2727 972 similis
2761 918 2987 976 existis.
3027 918 3087 975 Si
3122 920 3315 993 qualis
3347 937 3483 993 erga
3514 926 3570 975 te
3600 938 3736 993 pec-

2076 1004 2218 1061 catis
2248 1005 2564 1060 obnoxium
2599 1005 2752 1062 Deus
2782 1012 2893 1073 est,
2927 1008 3027 1080 qui
3056 1009 3320 1081 quotidie
3354 1009 3437 1066 illi
3469 1011 3743 1066 adverse-

2075 1093 2177 1161 ris,
2212 1093 2347 1149 talis
2378 1098 2433 1148 et
2458 1094 2585 1166 ipse
2634 1112 2771 1167 erga
2818 1096 3059 1152 fratrem
3092 1098 3149 1151 in
3185 1103 3241 1153 te
3297 1098 3738 1169 delinquentem

2075 1183 2349 1249 afﬁciare,
2385 1184 2596 1240 affectu
2632 1184 2730 1240 illo
2781 1186 3120 1242 miserantis
3163 1188 3343 1242 animi
3377 1205 3510 1259 erga
3543 1190 3742 1261 proxi-

2077 1288 2263 1340 mum,
2296 1273 2414 1328 Deo
2436 1272 2648 1329 similis
2670 1275 2914 1330 effectus
2944 1291 3027 1331 es.
3052 1276 3443 1341 Quamobrem
3469 1278 3626 1350 quod
3652 1280 3744 1333 est

2077 1362 2145 1418 ad
2174 1361 2486 1434 imaginem
2513 1362 2650 1417 inde
2671 1363 2876 1431 habes,
2903 1365 3056 1438 quod
3082 1364 3306 1420 ratione
3330 1367 3610 1437 praeditus
3635 1382 3697 1422 es
3723 1382 3736 1424 :

2076 1450 2327 1506 efﬂeeris
2357 1468 2491 1507 vero
2523 1453 2593 1508 ad
2618 1452 3096 1525 similitudinem,
3124 1471 3191 1510 ex
3212 1471 3280 1511 eo
3300 1456 3453 1527 quod
3480 1455 3744 1528 benigni-

2074 1542 2255 1595 tatem
2282 1539 2559 1596 assumis.
2587 1548 2842 1598 Assume
2864 1543 3063 1615 itaque
3086 1545 3295 1599 viscera
3323 1545 3740 1615 misericordia,

2078 1628 2466 1701 benignitatem
2494 1630 2554 1700 ’³,
2588 1634 2652 1685 ut
2682 1630 2979 1687 Christum
3034 1631 3267 1688 induas.
3316 1633 3543 1700 Quibus
3582 1633 3742 1689 enim

2077 1718 2498 1791 benignitatem
2534 1719 2815 1788 assumis,
2839 1719 2914 1776 iis
2934 1720 3235 1777 Christum
3269 1722 3509 1790 induis;
3542 1727 3602 1778 et
3625 1738 3745 1794 qua

2077 1807 2162 1863 illi
2189 1807 2622 1864 necessitudine
2644 1810 3043 1883 conjungeris,
3071 1827 3201 1866 cum
3233 1812 3344 1866 Deo
3362 1811 3746 1868 necessitudi-

2080 1913 2212 1952 nem
2245 1896 2565 1953 contrahis.
2614 1899 2677 1953 In
2730 1898 2885 1954 hunc
2921 1900 3161 1954 modum
3213 1899 3471 1956 hominis
3504 1901 3742 1957 formati

316 1956 785 2065 e-‘x6va'.ysvée0w
819 1984 875 2043 δὶ
903 1956 994 2042 καὶ
1024 1987 1142 2051 καθ’
1176 1956 1482 2060 ὁμοίωσιν.-
1504 1982 1593 2040 διὰ
1635 1991 1736 2054 τῆς
1767 1983 1963 2046 οἰκείας

2079 1985 2349 2051 historia,
2402 1985 2530 2040 vitae
2587 1991 2800 2043 nostrae
2853 1987 3123 2043 formatio
3181 1994 3269 2045 est
3309 2006 3373 2045 ac
3406 1990 3744 2063 disciplina.

317 2074 583 2147 σπουδῆς.
616 2074 803 2146 ἐπειδὴ
857 2076 959 2145 τὴν
1006 2073 1235 2147 δύναμιν
1269 2073 1463 2130 τούτου
1512 2072 1628 2150 ἔχει
1660 2072 1714 2129 ἐν
1772 2072 1841 2148 τῇ
1887 2072 1969 2127 οἰ-

315 2166 433 2239 κείᾳ
462 2166 614 2244 φύσει
666 2160 873 2220 λαϐών.
902 2164 967 2219 Εἰ
1001 2163 1224 2235 ἐποίηοε
1270 2164 1389 2227 καθ’
1446 2163 1709 2236 ὁμοίωσιν
1753 2167 1886 2217 Θεοῦ
1918 2161 1969 2232 ἐξ

312 2255 516 2332 ἀρχῆς,
570 2258 677 2309 ποῦ
731 2275 827 2308 σου
877 2254 912 2323 ἡ
966 2251 1170 2329 χάρις;
1203 2251 1365 2316 πόθεν
1398 2251 1457 2307 ἄν
1520 2250 1583 2306 σὺ
1632 2250 1967 2330 ἐστεφανοῦς

314 2346 378 2402 Εἰ
408 2345 509 2420 γὰρ
542 2345 569 2399 6
620 2345 966 2419 Δημιουργὸς
1003 2343 1065 2397 τὸ
1109 2340 1241 2397 ὅλον
1272 2345 1341 2416 τῇ
1370 2342 1525 2421 φύσει
1556 2338 1821 2409 ἀπέδωκε,
1851 2344 1971 2402 πῶς

313 2432 374 2489 ἂν
409 2456 491 2489 σοι
525 2436 560 2503 ἡ
598 2432 848 2510 βασιλεία
876 2436 985 2488 τῶν
1018 2430 1261 2506 οὐρανῶν
1296 2431 1588 2508 ἠνοίγετος
1641 2434 1746 2485 Νῦν
1782 2427 1860 2499 δὲ,
1908 2430 1972 2484 τὸ

321 2524 415 2597 μὲν
447 2520 630 2593 έδόθτγ
666 2523 730 2577 τὸ
762 2519 820 2576 δὲ
850 2520 1038 2584 ἀτελὲς
1084 2520 1438 2599 κατελείφθη·
1490 2518 1582 2574 τίνα
1637 2518 1856 2574 σεαυτὸν
1889 2539 1973 2573 τε·

316 2610 572 2680 λειώσας,
633 2608 783 2681 ἄξιος
828 2606 955 2685 γένῃ
998 2616 1098 2680 τῆς
1146 2611 1294 2686 παρᾶ
1330 2614 1428 2664 τοῦ
1459 2613 1593 2664 Θεοῦ
1635 2605 1972 2683 μισθαποδο-

319 2699 458 2762 σίας.
491 2704 615 2761 Πῶς
645 2697 736 2755 οῦν
767 2699 1030 2775 γινόμεθα
1058 2700 1173 2754 καθ’
1205 2698 1509 2773 ὁμοίωσιν;
1545 2697 1642 2753 Διὰ
1671 2702 1767 2752 τοῦ
1798 2697 1972 2774 Εὐαγ-

318 2787 530 2863 γελίου.
569 2788 634 2844 Τί
680 2789 784 2866 γάρ
835 2787 944 2843 έστι
994 2787 1456 2865 Χριστιανισμός;
1515 2791 1648 2843 Θεοῦ
1707 2786 1974 2860 ὁμοίωσις

319 2877 456 2932 κατὰ
484 2876 546 2931 τὸ
575 2874 935 2954 ἐνδεχόμενον
982 2876 1272 2952 ἀνθρώπου
1324 2877 1499 2955 φύσει.
1533 2875 1599 2934 Εἰ
1632 2875 1860 2950 ἀνεδέξω
1907 2877 1971 2931 τὸ

324 2965 459 3021 εἶναι
516 2964 859 3041 Χριστιανὸς,
923 2964 1207 3041 έπείχθητι
1277 2964 1519 3041 γενέσθαι
1578 2966 1772 3038 ὅμοιος
1831 2969 1968 3039 Θεῷ’

323 3049 536 3111 ἔνδυσαι
583 3054 831 3130 Χριστόν.
880 3057 1004 3116 Πῶς
1056 3051 1114 3108 δὲ
1163 3052 1375 3128 ἐνδύσῃ,
1428 3055 1456 3107 6
1492 3054 1568 3127 μὴ
1601 3053 1971 3131 σφραγισάμε-

322 3164 414 3207 νος
446 3161 460 3213 ;
494 3144 613 3205 πῶς
643 3138 854 3216 ἐνδύσῃ,
889 3143 916 3197 6
953 3143 1122 3215 μήπω
1150 3143 1212 3196 τὸ
1250 3141 1531 3216 βάπτισμα
1579 3141 1865 3219 εἰληφώς;
1911 3142 1973 3198 Ὁ

319 3231 419 3308 γὰρ
465 3232 528 3287 τὸ
584 3226 789 3304 ἔνδυμα
816 3236 917 3300 τῆς
967 3229 1264 3308 ἀφθαρσίας
1316 3231 1391 3304 μή
1443 3227 1749 3303 δεξάμενος,
1782 3229 1973 3306 πόῤῥω

2082 2079 2377 2134 Faciamus
2406 2078 2683 2135 hominem
2712 2077 2789 2134 ad
2845 2081 3149 2150 imaginem
3176 2089 3433 2136 nostram
3490 2086 3543 2137 et
3570 2081 3639 2137 ad
3663 2084 3742 2137 si-

2078 2167 2481 2222 militudinem.
2506 2167 2723 2223 Habeat
2746 2168 2918 2224 homo
2942 2169 2998 2223 in
3025 2169 3154 2241 ipsa
3180 2171 3565 2236 creatione,ut
3586 2173 3744 2243 quod

2080 2257 2271 2311 estad
2305 2244 2644 2326 imaginem,
2680 2257 2780 2312 fiat
2810 2261 2867 2312 et
2915 2259 2982 2312 ad
3019 2257 3467 2314 similitudinem
3510 2261 3745 2331 proprio

2082 2345 2278 2400 studio
2298 2348 2473 2417 atque
2498 2361 2677 2417 opera
2702 2364 2715 2414 ;
2739 2347 2957 2419 quippe
2982 2347 3079 2419 qui
3101 2348 3178 2402 rei
3199 2347 3379 2418 hujus
3399 2349 3736 2405 facultatem

2081 2432 2144 2489 in
2179 2433 2413 2505 prepria
2443 2439 2653 2489 nactus
2688 2440 2898 2490 natura
2920 2436 3095 2492 est.Si
3124 2436 3276 2492 Deus
3303 2455 3336 2492 a
3357 2438 3646 2509 principio
3668 2440 3741 2494 ad

2082 2521 2534 2578 similitudinem
2586 2523 2840 2589 fecisset,
2896 2524 3135 2580 ubinam
3181 2530 3281 2580 tua
3330 2527 3477 2581 foret
3507 2528 3746 2599 gratia?

2082 2610 2229 2675 Quid
2263 2611 2607 2666 essetninde
2630 2627 2844 2667 corona
2865 2614 3164 2668 donareris
3185 2614 3213 2668 ‘I
3242 2615 3297 2667 Si
3321 2614 3476 2669 enim
3511 2616 3748 2672 Creator

2083 2716 2205 2755 rem
2240 2715 2475 2755 omnem
2510 2703 2732 2754 naturae
2756 2700 3082 2771 tribuisset,
3118 2718 3234 2774 qua
3257 2704 3494 2758 tandem
3524 2702 3748 2762 ratione

2083 2805 2327 2862 regnum
2363 2788 2643 2844 cmlorum
2679 2790 2784 2844 tibi
2819 2794 3086 2862 pateret?
3114 2795 3282 2847 Nunc
3328 2809 3463 2849 vero
3496 2791 3748 2850 alterum

2082 2878 2264 2945 dedit,
2300 2877 2549 2934 alterum
2583 2878 2992 2950 imperfectum
3043 2880 3299 2953 reliquit,
3333 2887 3397 2935 ut
3427 2889 3487 2938 tu
3530 2887 3586 2939 te
3615 2882 3746 2956 ipse

2087 2968 2393 3040 perﬁciens
2423 2968 2643 3040 dignus
2691 2969 2989 3035 efﬁciaris,
3030 2970 3130 3041 qui
3181 2971 3505 3026 mercedem
3551 2988 3584 3028 a
3628 2977 3741 3028 Deo

2083 3056 2486 3128 consequaris.
2537 3058 2657 3121 Qua
2689 3057 2870 3129 igitur
2915 3059 3139 3114 ratione
3170 3061 3242 3114 ad
3286 3060 3738 3118 similitudinem

2084 3144 2418 3200 efﬁcimur?
2448 3148 2557 3200 Per
2604 3146 3007 3218 Evangelium.
3059 3148 3207 3215 Quid
3249 3148 3401 3205 enim
3434 3154 3524 3205 est
3564 3151 3740 3208 Chri-

2085 3233 2281 3288 stiana
2310 3234 2595 3306 professio
2616 3234 2644 3287 ?
2678 3234 2822 3290 inita
2852 3252 2983 3291 cum
3023 3238 3133 3292 Deo
3165 3238 3509 3305 similitudo,
3545 3241 3733 3311 quoad

317 3320 455 3375 πάνυ
478 3318 791 3375 καθίσταται
825 3325 926 3390 τῆς
954 3319 1090 3393 πρὸς
1121 3320 1249 3374 Θεὸν
1284 3319 1605 3391 ὁμοιώσεως
1680 3318 1745 3376 Εἰ
1777 3318 1963 3395 ἔλεγόν

2085 3324 2214 3392 ejus
2246 3321 2402 3394 capit
2430 3323 2689 3379 humana
2723 3328 2951 3379 natura.
2985 3326 3040 3380 Si
3073 3326 3130 3380 in
3166 3327 3736 3384 animuminduxisti

314 3430 419 3479 σοι,
448 3407 606 3486 δεῦρο
635 3413 791 3484 γενοῦ
823 3407 1017 3482 ὅμοιος
1054 3407 1289 3484 βασιλεῖ,
1324 3406 1423 3463 οὐκ
1452 3405 1511 3462 ἂν
1565 3406 1847 3484 εὐεργέτην
1902 3429 1969 3482 με

307 3496 542 3573 ἔκρινας,
573 3497 664 3552 καὶ
711 3496 913 3570 πολλῷ
938 3494 1020 3569 τῷ
1045 3495 1204 3572 τάχει
1237 3493 1489 3558 ἔσπευδες
1515 3497 1650 3571 πρὸς
1680 3496 1738 3551 τὸ
1771 3496 1968 3552 καλού-

307 3607 501 3660 μενονς
562 3585 713 3643 Ἐπεὶ
773 3583 832 3640 δὲ
886 3584 1168 3661 βούλομαί
1211 3606 1269 3640 σε
1318 3586 1511 3659 ὅμοιον
1559 3589 1674 3659 Θεῷ
1715 3592 1962 3657 ποιῆσαι,

309 3675 524 3752 φεύγεις
551 3675 643 3731 τὸν
677 3672 844 3751 λόγον
892 3674 985 3730 τὸν
1033 3676 1391 3738 θεοποιοῦντά
1421 3695 1499 3742 σε,
1532 3673 1965 3752 ἐπιφραξάμενος

301 3764 370 3819 τὰ
399 3766 533 3833 ὦτα,
565 3763 654 3818 ἵνα
687 3761 829 3837 μηδὲ
878 3762 1091 3819 ἀκούειν
1136 3763 1269 3840 ἔχῃς
1298 3768 1408 3819 τῶν
1438 3765 1723 3841 σωτηρίων
1757 3763 1960 3842 λόγων.

2081 3414 2143 3466 ut
2175 3426 2337 3466 esses
2367 3410 2754 3478 Christianus,
2797 3429 3032 3485 operam
3085 3432 3231 3470 nava
3265 3421 3330 3470 ut
3382 3416 3491 3470 Deo
3524 3416 3736 3474 similis

2077 3499 2390 3556 efﬁciaris:
2424 3500 2603 3556 indue
2646 3502 2969 3559 Christum.
3002 3506 3074 3559 At
3117 3520 3369 3576 quanam
3402 3504 3611 3561 indues
3642 3523 3735 3561 ra-

2074 3589 2254 3659 tione,
2289 3588 2383 3661 qui
2416 3606 2531 3645 non
2564 3607 2626 3646 es
2653 3590 2847 3664 sigillo
2870 3594 3250 3666 consignatus
3271 3594 3298 3647 ?
3324 3593 3622 3657 Quomodo
3644 3595 3736 3650 in-

2077 3678 2242 3746 dues,
2278 3678 2380 3751 qui
2411 3680 2674 3735 nondum
2701 3681 2995 3752 baptismo
3017 3698 3079 3737 es
3103 3682 3373 3737 initiatus
3396 3682 3423 3737 ?
3444 3683 3551 3747 Qui
3574 3683 3743 3757 enim

2075 3766 2532 3840 incorruptionis
2583 3770 3001 3826 indumentum
3060 3788 3175 3826 non
3224 3772 3506 3843 suscepit,
3564 3773 3735 3830 valde

307 3855 507 3928 procul
541 3872 574 3910 a
602 3855 702 3910 Dei
737 3854 1127 3911 similitudine
1156 3855 1447 3911 consistit.
1495 3856 1553 3912 Si
1588 3856 1844 3912 dicerem
1901 3855 2028 3925 tibi,
2080 3858 2351 3930 agedum.
2386 3862 2509 3913 esto
2561 3858 2774 3914 similis
2831 3859 3168 3930 imperatori
3199 3877 3212 3928 ;
3246 3876 3441 3916 nonne
3472 3861 3729 3918 amicum

305 3961 399 4001 me
428 3961 495 4000 ac
526 3944 853 4000 beneﬁcum
884 3945 1274 4013 existimares,
1308 3961 1375 4000 ac
1406 3961 1582 4016 quam
1638 3945 1942 4000 celerrime
1972 3962 2088 4018 quo
2132 3947 2400 4002 invitaris
2433 3964 2777 4019 properares
2800 3947 2828 4002 Ἰ
2886 3948 3032 4012 Quia
3070 3964 3202 4004 vero
3234 3948 3349 4004 Deo
3382 3952 3439 4004 te
3472 3948 3731 4006 similem

304 4039 582 4106 praestare
611 4038 839 4105 satago,
863 4033 1183 4089 obstructis
1216 4033 1459 4090 auribus
1490 4050 1822 4089 sermonem
1879 4034 2033 4106 fugis
2065 4039 2121 4091 te
2168 4036 2383 4092 deitate
2414 4037 2757 4104 donantem,
2791 4040 2854 4092 ut
2906 4053 3012 4092 nec
3043 4038 3246 4093 auditu
3303 4035 3515 4094 salutis
3552 4039 3730 4096 verba

304 4123 499 4195 possis
529 4122 850 4195 percipere.

369 4232 460 4287 22.
503 4227 608 4285 Καὶ
667 4227 918 4299 ἐποίησεν
980 4228 1009 4284 6
1070 4228 1199 4292 Θεὸς
1255 4228 1348 4285 τὸν
1399 4225 1704 4303 ἄνθρωπονο
1737 4230 1855 4284 κατ’
1886 4228 1962 4284 εἰ·

294 4318 431 4375 κόνει
461 4321 596 4374 Θεοῦ
625 4315 874 4389 ἐποίησεν
919 4316 1102 4374 αὐτόν.
1154 4316 1320 4375 Εἴποι
1376 4315 1437 4372 ἂν
1471 4318 1616 4394 τάχα
1646 4316 1869 4383 ἐνταῦθα
1923 4321 1958 4389 ἡ

297 4410 459 4485 γυνή·
491 4408 551 4463 Τί
583 4408 720 4483 πρὸς
751 4406 848 4481 Ξμὲ
878 4407 906 4461 6
939 4403 1148 4484 λόγος
1182 4408 1210 4462 6
1234 4407 1372 4483 ἀνὴρ
1402 4411 1698 4478 τηνικαῦτα
1727 4405 1957 4484 ἐγένετο.

298 4495 377 4555 Οὔ
407 4497 512 4573 γὰρ
543 4497 659 4553 εἷπε
687 4499 788 4568 τὴν
821 4493 1126 4574 ἄνθρωπον,
1148 4495 1334 4575 φησὶν,
1361 4499 1395 4566 ἢ
1428 4493 1623 4560 ἁπλως
1651 4493 1955 4573 ἄνθρωπον.

297 4584 447 4642 ἀλλά
474 4589 542 4661 τῇ
581 4591 680 4641 τοῦ
712 4587 913 4663 ἄρθρου
961 4587 1251 4662 προσθήκῃ
1279 4584 1341 4641 τὸ
1373 4584 1653 4662 ἀῤῥενικὸν
1685 4584 1954 4665 ἐνέφηνεν.

2142 4232 2232 4287 22.
2265 4232 2330 4288 Et
2382 4234 2516 4304 fecit
2570 4237 2717 4289 Deus
2774 4232 3095 4290 hominem:
3145 4235 3229 4291 ad
3273 4236 3577 4305 imaginem
3632 4236 3737 4292 Dei

2069 4324 2200 4394 fecit
2225 4338 2349 4379 eum
2379 4323 2439 4375 ν’.
2479 4322 2640 4378 Dicat
2664 4322 2756 4378 hic
2788 4322 3031 4379 forsitan
3068 4324 3319 4379 mulier:
3352 4323 3498 4389 Quid
3533 4325 3605 4380 ad
3638 4340 3735 4381 me

2071 4427 2265 4467 sermo
2297 4410 2563 4490 spectat?
2592 4410 2697 4467 Vir
2745 4416 2887 4468 tunc
2929 4413 3203 4469 conditus
3250 4418 3358 4470 est.
3392 4414 3517 4470 Non
3550 4413 3732 4485 enim,

2071 4500 2220 4558 835
2256 4499 2476 4572 inquit,
2510 4500 2659 4556 dixit
2705 4499 3005 4558 hominem
3057 4517 3268 4574 genere
3300 4502 3603 4574 feminino,
3635 4507 3738 4560 aut

2071 4589 2419 4663 simpliciter
2444 4589 2764 4657 hominem,
2783 4591 2884 4647 sed
2901 4590 3131 4648 articuli
3155 4593 3482 4664 adjectione
3500 4609 3732 4649 mascu-

300 4672 460 4730 Ἀλλ’
484 4673 579 4730 ’ἱνα
612 4676 688 4749 μὴ
713 4674 939 4748 ἀμαθῶς
968 4696 1054 4737 τις
1083 4677 1152 4740 τῇ
1201 4679 1297 4729 τοῦ
1346 4675 1635 4750 ἀνθρώπου
1673 4695 1954 4751 προσηγο-

2076 4680 2252 4735 linum
2287 4696 2492 4735 sexum
2524 4678 2821 4735 indicavit.
2852 4682 2924 4736 At
2955 4697 3027 4736 ne
3057 4680 3192 4753 quis
3242 4682 3450 4738 inscite
3479 4682 3734 4740 hominis

303 4762 394 4841 ρίᾳ
423 4763 511 4819 ἐπὶ
540 4769 636 4820 τοῦ
667 4761 860 4837 ἀνδρὸς
960 4762 1128 4837 μόνον
1174 4763 1543 4839 κεχρημένος,
1599 4763 1955 4838 προσέθηκεν.

302 4855 495 4929 Ἀρσεν
551 4853 640 4909 καὶ
701 4851 843 4923 θῆλυ
905 4852 1158 4925 ἐποίησεν
1209 4852 1403 4916 αὐτούς
1439 4872 1452 4887 ⁸
1516 4851 1609 4908 ’ίνα
1663 4856 1824 4928 γνῷς,
1874 4853 1956 4910 ὅτι

302 4941 392 4999 καὶ
443 4946 479 5013 ἡ
537 4943 673 5016 γυνὴ
724 4942 839 5019 ἔχει
896 4943 960 4998 τὸ
1010 4943 1133 4998 κατ’
1189 4942 1368 4999 εἰκόνα
1426 4946 1559 4998 Θεοῦ
1617 4944 1957 5019 γεγενῆσθαι,

301 5032 390 5087 καὶ
454 5033 482 5088 6
545 5032 705 5109 ἀνήρ.
739 5038 955 5107 Ὀμοιαι
982 5032 1084 5108 γὰρ
1118 5034 1173 5087 αἰ
1206 5030 1390 5110 φύσεις
1424 5030 1743 5108 ἀμφοτέρων
1790 5030 1956 5088 ἐπλά-

303 5122 524 5191 σθησαν,
555 5121 649 5178 καὶ
673 5119 787 5178 ’ίσαι
819 5121 1025 5178 τούτων
1079 5122 1133 5177 αἱ
1178 5120 1419 5198 πράξεις,
1472 5119 1568 5177 ’ίσα
1609 5121 1675 5177 τὰ
1724 5119 1955 5192 ἔπαθλα,

300 5205 393 5279 ἴση
437 5213 472 5279 ἡ
521 5210 729 5267 τούτων
790 5208 1081 5281 καταδίκη.
1135 5213 1229 5280 Μὴ
1290 5212 1394 5288 γὰρ
1451 5212 1867 5288 προφασιζέσθω
1891 5213 1956 5268 τὸ

301 5295 670 5373 ἀσθενέστερον
735 5301 771 5369 ἡ
847 5302 1009 5375 γυνή·
1074 5298 1127 5355 ἒν
1182 5301 1285 5374 γὰρ
1341 5303 1409 5374 τῇ
1468 5300 1625 5373 σαρκὶ
1675 5303 1857 5356 τοῦτο“
1919 5303 1954 5370 ἠ

306 5383 492 5459 μέντοι
521 5389 673 5462 ψυχὴ
706 5387 895 5459 ἐπίσης
925 5391 995 5462 τῇ
1027 5385 1244 5465 ἀνδρείᾳ
1269 5389 1369 5457 τὴν
1403 5388 1604 5444 οἰκείαν
1625 5385 1834 5465 ἔσχηκε
1864 5386 1958 5443 δύ-

252 5474 257 5479 ’
303 5495 489 5549 ναμιν.
538 5474 762 5546 Ἐπιιδή
828 5477 926 5533 οῦκ
973 5474 1244 5552 ὁμότιμον
1298 5479 1362 5533 τὸ
1408 5480 1526 5534 κατ’
1590 5477 1771 5534 εἰκόνα
1823 5482 1958 5533 Θεοῦ

308 5563 620 5639 εἰλήφασιν,
650 5563 919 5638 ὁμότιμον
975 5564 1166 5641 ἔχουσι
1211 5567 1302 5623 καὶ
1330 5568 1429 5637 τὴν
1471 5568 1692 5643 ἀρετὴν,
1735 5567 1825 5624 καὶ
1855 5568 1956 5636 τὴν

385 5766 431 5801 ¹³
460 5765 681 5824 Coloss.
714 5781 801 5837 In,
832 5763 922 5824 12.
997 5764 1042 5802 ι*
1074 5765 1212 5825 Gen.
1247 5784 1289 5838 ι,
1319 5768 1413 5826 27.

2067 4766 2457 4840 appellatione
2472 4770 2526 4823 in
2544 4768 2663 4824 viro
2680 4769 2965 4825 duntaxat
2980 4787 3089 4826 usu
3102 4787 3154 4826 m
3172 4770 3565 4842 e1istimet,ad
3564 4770 3730 4841 jecit:

2066 4856 2379 4913 Musonium
2404 4862 2456 4914 et
2477 4860 2745 4931 feminam
2772 4860 2904 4930 fecit
2927 4875 3059 4928 eos;
3089 4864 3153 4915 ut
3187 4859 3484 4931 intelligas
3516 4859 3734 4915 habere

2067 4950 2125 5003 et
2157 4945 2489 5018 mulierem,
2523 4949 2678 5020 quod
2730 4948 2800 5003 ad
2850 4948 2947 5004 Dei
2998 4949 3313 5022 imaginem
3366 4947 3601 5004 condita
3630 4948 3729 5019 sit,

2066 5040 2122 5091 et
2156 5037 2310 5108 quod
2340 5036 2411 5091 ad
2444 5036 2548 5092 Dei
2580 5036 3032 5094 similitudinem
3066 5055 3196 5094 esse
3227 5036 3624 5104 nanciscatur,
3645 5036 3733 5093 uti

2065 5129 2124 5181 et
2177 5126 2285 5181 vir.
2336 5125 2498 5181 Paris
2546 5125 2851 5199 dignitatis
2895 5128 3199 5183 amborum
3250 5126 3483 5181 formati
3530 5141 3729 5194 sexus,

2066 5230 2355 5286 paresque
2384 5220 2526 5270 sunt
2555 5215 2766 5270 horum
2815 5216 3095 5283 actiones,
3130 5215 3293 5287 paria
3331 5215 3591 5287 prasmia,
3624 5231 3732 5288 par

2066 5318 2265 5359 eorum
2298 5304 2621 5358 damnatio.
2674 5304 2757 5361 Ne
2812 5304 2972 5358 enim
3021 5303 3232 5359 mulier
3283 5303 3728 5360 imbecilliorem

2066 5409 2272 5449 sexum
2303 5392 2699 5449 causificetur.
2733 5392 2897 5447 Istud
2925 5408 3183 5463 namque
3210 5391 3270 5447 in
3299 5409 3475 5448 carne
3504 5399 3595 5449 est
3618 5410 3632 5459 ;
3654 5392 3730 5448 ad

2066 5481 2325 5539 animam
2357 5497 2490 5536 vero
2522 5482 2679 5553 quod
2711 5481 2941 5548 attinet,
2975 5480 3124 5535 nihil
3156 5481 3277 5559 viro
3310 5481 3598 5552 imparem
3622 5496 3733 5536 na-

2067 5575 2163 5627 cta
2200 5575 2293 5628 est
2335 5573 2680 5642 potentiam.
2726 5568 3217 5640 Quandoquidem
3268 5570 3450 5643 igitur
3496 5568 3730 5626 femina
