4154 6394
405 361 485 422 38
1341 361 1740 427 APPENDIX
1782 364 2043 428 OPERU

2157 366 2224 427 Β.
2269 366 2549 430 BABILII
2590 366 2869 431 MAGNI.
3740 376 3821 435 36

405 490 530 564 pari
558 490 700 547 viris
730 490 1015 565 dignitate
1051 507 1319 564 accepere
1348 496 1414 549 ut
1440 494 1515 550 ad
1559 494 1659 552 Dei
1693 495 1816 552 sint
1839 496 2043 569 imagi-

2167 499 2276 552 τῶν
2303 496 2520 573 ἀγαθῶν
2571 495 2745 575 ἔργων
2800 494 3073 573 ἐπίδειξινο
3121 499 3212 555 καί
3260 497 3494 575 οὐδεμία
3547 502 3820 578 παραίτη-

402 598 560 654 nem,
595 584 720 656 pari
770 584 1055 656 dignitate
1100 584 1310 641 virtute
1360 585 1600 657 pollent,
1646 588 2057 660 bonorumque

402 689 644 745 operum
677 674 861 728 edunt
899 672 1231 743 specimen:
1289 675 1572 748 nullaque
1617 678 1914 734 excusatio
1945 682 2056 746 est,

402 762 454 818 si
495 779 613 835 qua
668 761 813 818 forte
871 763 1126 833 corporis
1176 762 1500 821 imbecilles
1558 766 1710 822 vires
1762 768 2054 823 ostendat.

402 852 750 925 Quanquam
775 852 927 908 enim
952 852 1220 909 absolute
1246 853 1486 910 mollius
1510 855 1936 928 delicatiusque
1960 873 2058 912 na-

399 947 524 997 tum
558 946 663 1008 est,
697 946 755 997 at
787 958 1033 1012 pronum
1065 948 1456 1015 paratumque
1492 946 1560 1000 ad
1597 946 2054 1013 miserationem,

400 1032 471 1087 ad
504 1030 871 1086 tolerantiam
905 1032 1165 1086 vividum
1199 1048 1265 1086 ac
1298 1033 1553 1103 ﬁrmum,
1588 1034 1645 1089 in
1677 1033 1892 1106 vigiliis
1926 1051 2056 1091 acre

399 1137 465 1176 ac
494 1123 857 1176 contentum.
880 1121 1233 1190 Longeenim
1249 1121 1423 1177 etiam
1450 1122 1739 1179 femineus
1762 1140 1933 1179 sexus
1956 1125 2055 1180 ho-

398 1208 547 1264 nesti
580 1208 797 1277 studio,
833 1206 1051 1264 laboris
1076 1208 1355 1265 instantia
1390 1227 1455 1266 ac
1486 1212 1796 1268 tolerantia
1826 1212 2050 1270 virilem

394 1296 636 1354 excedit.
668 1301 751 1351 Ac
784 1313 1089 1368 nunquam
1121 1298 1222 1353 ﬁat
1254 1302 1318 1354 ut
1349 1299 1436 1354 vir
1466 1300 1709 1372 paribus
1749 1302 1941 1359 modis
1971 1303 2051 1358 fe-

395 1387 568 1443 minea
600 1390 882 1458 aequetur,
923 1386 1043 1442 sive
1074 1386 1132 1441 in
1171 1388 1385 1459 jejunii
1434 1389 1785 1461 virtutisque
1815 1391 2053 1465 reliquas

395 1476 582 1547 cultu,
630 1476 750 1532 sive
804 1474 863 1530 in
919 1475 1311 1550 lacrymarum
1372 1479 1773 1547 exuberantia,
1832 1484 1951 1537 sive
1993 1483 2051 1537 in

394 1565 640 1622 rationis
670 1563 886 1636 labore,
920 1564 1038 1621 sive
1068 1565 1127 1621 in
1160 1567 1554 1623 beneficentiae
1577 1570 1762 1641 copia.
1790 1570 1916 1627 Vidi
1946 1587 2053 1644 ego

395 1656 727 1725 mulierem,
759 1654 907 1711 clam
940 1655 1086 1723 viro,
1120 1672 1247 1728 qua:
1276 1673 1418 1713 usus
1468 1658 1703 1714 familiae
1736 1664 1933 1715 essent
1956 1660 2052 1731 pio

394 1762 462 1802 ac
490 1744 733 1801 salutari
764 1745 923 1801 furto
974 1744 1421 1814 subducentem,
1453 1764 1520 1804 ac
1564 1749 1922 1821 pauperibus
1951 1766 2050 1805 oc-

2167 585 2248 649 σίς
2306 585 2415 643 ἐστι
2476 590 2545 661 τῇ
2604 582 3034 664 προϐαλλομένη
3087 588 3255 665 τυχὸν
3288 591 3387 658 τήν
3432 592 3530 646 τοῦ
3563 593 3820 667 σώματος

2167 675 2458 740 ἀσθένειαν.
2494 677 2557 734 Εἰ
2589 676 2691 753 γάρ
2722 676 2812 732 καὶ
2870 676 3059 741 ἀπλως
3092 677 3299 735 ἁπαλὸν
3342 677 3618 759 ἐπεφύκει,
3670 682 3819 739 ἀλλὰ

2163 763 2387 841 ἕτοιμον
2444 768 2521 831 εἷς
2569 769 2903 841 συμπάθειαν
2951 765 3170 825 εὔτονον
3215 770 3292 833 είς
3349 772 3656 846 καρτερίαν,
3690 773 3814 828 σόν-

2163 876 2319 913 τονον
2367 856 2419 913 ἐν
2478 857 2818 933 ἀγρυπνίαις.
2877 859 3183 934 Ὑπεραίρει
3229 862 3332 934 γὰρ
3381 860 3525 917 πολὺ
3574 864 3664 917 καὶ
3709 864 3811 933 τὴν

2166 943 2412 1021 ἀνδρείαν
2465 946 2620 1025 φύσιν
2667 950 2701 1017 ἡ
2733 952 2830 1003 τοῦ
2880 946 3079 1018 θήλεος
3110 949 3233 1022 περὶ
3259 950 3321 1004 τὸ
3379 949 3685 1007 ἐνστατικὸν
3715 957 3813 1008 τοῦ

2162 1035 2335 1092 καλοῦ
2398 1036 2486 1092 καὶ
2534 1037 2871 1111 καρτερικόν·
2940 1037 3027 1092 καὶ
3079 1037 3179 1093 οὐκ
3230 1039 3288 1093 ἄν
3338 1059 3471 1094 ποτε
3528 1040 3810 1112 ἐξισωθείη

2163 1125 2301 1201 ἀνὴρ
2350 1125 2585 1202 γυναικὶ,
2640 1127 2675 1196 ἢ
2724 1127 2848 1201 περὶ
2895 1127 2995 1195 τήν
3026 1130 3125 1197 τῆς
3175 1127 3427 1199 νηστείας
3473 1130 3689 1200 καὶτῆς
3716 1129 3815 1185 ἄλ-

2164 1210 2267 1285 λης
2306 1213 2501 1289 ἀρετῆς
2554 1212 2804 1286 ἄσκησιν,
2862 1214 2898 1284 ἢ
2941 1216 3003 1271 τὸ
3047 1215 3098 1271 ἐν
3152 1213 3377 1293 δάκρυσι
3404 1214 3651 1292 δαψιλὲς,
3685 1218 3719 1289 ἢ
3752 1221 3815 1275 τὸ

2161 1301 2215 1357 ἐν
2247 1310 2579 1380 προσευχαῖς
2610 1304 2934 1382 φιλόπονον,
2966 1305 3001 1374 ἢ
3031 1305 3093 1360 τὸ
3144 1304 3196 1360 ἐν
3257 1306 3503 1370 εὐποίαις
3559 1307 3814 1383 ἄφθονον.

2163 1390 2320 1449 Εἶδον
2353 1392 2458 1469 ἐγὼ
2488 1400 2715 1470 γυναῖκα
2746 1394 2917 1469 λάθρα
2945 1398 3042 1450 τοῦ
3074 1392 3267 1471 ἀνδρὸς
3320 1397 3724 1474 ὑφαιρουμὲνην
3751 1398 3821 1455 τὰ

2159 1489 2261 1551 τῆς
2318 1481 2492 1546 οίκίας
2538 1480 2809 1559 χρειώδη,
2864 1482 3079 1552 κλοπήν
3141 1484 3425 1555 ἐπαινετὴν
3485 1487 3575 1541 καὶ
3633 1507 3817 1559 σωτη-

2164 1570 2303 1646 ρίαν,
2336 1571 2426 1626 καὶ
2456 1573 2676 1642 πένησιν
2711 1572 2845 1628 αὐτά
2901 1572 2955 1628 ἐν
2984 1577 3063 1644 τῷ
3111 1571 3373 1643 λεληθότι
3428 1571 3812 1647 διανέμουσαν,

2161 1661 2248 1715 καὶ
2303 1657 2502 1716 ἄκοντα
2559 1664 2649 1717 καὶ
2708 1662 3004 1737 ἀγνοοῦντα
3056 1663 3147 1717 τὸν
3207 1660 3375 1738 ἄνδρα
3403 1663 3493 1719 καὶ
3549 1664 3678 1727 τοὺς
3736 1667 3813 1720 οἱ·

2160 1749 2341 1812 κείους
2391 1749 2794 1826 εὐεργετοῦσαν·
2860 1751 2989 1826 ὑπὲρ
3050 1752 3154 1827 γάρ
3214 1750 3442 1825 ἐκείνου,
3475 1752 3691 1823 καὶτῆς
3714 1759 3812 1810 τοῦ

395 1833 549 1892 culte
579 1833 1052 1906 distribuentem,
1087 1835 1456 1909 invitumque
1484 1837 1674 1893 virum
1698 1855 1764 1894 ac
1795 1839 2043 1895 nescien-

2163 1836 2317 1893 οἷ’κου
2368 1839 2669 1910 αὐξήσεως,
2700 1839 2919 1910 καὶτῆς
2947 1844 3057 1894 τῶν
3112 1841 3313 1895 τέκνων
3370 1838 3635 1915 διαμονῆς
3683 1838 3812 1916 ἔδρα

390 1927 531 1991 tem,
561 1940 786 1979 necnon
814 1925 1167 1981 domesticos
1190 1926 1610 1982 demerentem.
1635 1927 1742 1982 Pro
1761 1926 1862 1983 illo
1885 1944 2049 1983 nam-

392 2030 508 2087 que
538 2017 595 2070 et
624 2011 860 2068 familiae
910 2018 1246 2086 augmento,
1299 2018 1691 2089 natorumque
1739 2014 2051 2072 incolumi-

390 2108 509 2160 tate
540 2102 937 2158 beneﬁcentiae
966 2118 1142 2173 Opera
1174 2104 1510 2175 praestabat.

460 2211 549 2267 23.
588 2210 772 2266 Habet
806 2210 1002 2279 itaque
1058 2214 1116 2265 et
1173 2211 1412 2279 femina,
1474 2211 1620 2267 nihil
1673 2212 1796 2268 viro
1828 2212 2048 2280 minus,

388 2304 517 2357 tum
541 2300 694 2370 quod
718 2300 790 2355 ad
815 2298 1157 2372 imaginem,
1181 2303 1303 2355 tum
1329 2299 1483 2373 quod
1503 2301 1576 2356 ad
1597 2300 2048 2357 similitudinem

391 2395 523 2447 est:
557 2390 793 2462 quando
826 2405 941 2444 non
974 2389 1033 2444 in
1067 2388 1304 2445 homine
1335 2390 1431 2461 qui
1466 2390 1607 2445 foris
1655 2395 1841 2462 paret,
1874 2392 1927 2446 id
1961 2394 2051 2448 est

389 2480 449 2536 in
482 2495 742 2552 corpore,
765 2479 867 2534 sed
902 2479 960 2534 in
992 2478 1221 2534 interno
1254 2495 1320 2535 ac
1344 2478 1740 2552 principaliori
1769 2480 1890 2536 haec
1919 2484 2046 2536 tum

388 2567 822 2641 intelliguntur,
854 2574 980 2623 tum
1015 2568 1335 2625 constituta
1364 2574 1506 2624 sunt
1535 2586 1602 2624 ac
1642 2571 1920 2625 resident.
1954 2570 2045 2625 Id-

389 2677 503 2733 que
528 2661 670 2717 adeo
702 2660 760 2716 in
796 2676 974 2716 causa
1004 2664 1113 2727 est,
1147 2664 1213 2716 ut
1241 2665 1299 2716 et
1326 2677 1435 2716 nos
1461 2662 1532 2717 ad
1566 2662 2044 2733 utrosque,quasi

391 2752 463 2809 ad
496 2767 705 2817 unum,
739 2765 1071 2805 sermonem
1104 2749 1506 2806 intendamus.
1540 2750 1681 2821 Ejus
1710 2768 1847 2806 vero
1883 2768 2047 2822 pror-

390 2858 494 2897 sus
523 2855 764 2911 compos
795 2839 1046 2894 eificiere
1076 2838 1456 2911 benignitatis
1497 2840 1829 2911 stipendiis,
1863 2839 2047 2896 malo-

391 2947 522 2985 rum
557 2928 946 2999 sustinentiae,
971 2929 1428 2994 communionis,
1459 2929 1900 3000 impnrtitionis,
1924 2946 2049 2985 mu-

388 3024 501 3077 tuas
554 3020 936 3089 fraternaeque
965 3017 1259 3089 amicitia,
1311 3018 1427 3074 odii
1460 3017 1747 3074 scelerum
1780 3036 1848 3074 ac
1880 3019 2047 3075 vitio-

385 3126 518 3166 rum
543 3127 557 3177 ;
591 3118 767 3182 atque
796 3108 905 3164 hoc
927 3107 1247 3174 demum,si
1271 3108 1492 3179 peccati
1516 3107 1832 3164 libidinum
1863 3109 2049 3164 victor

385 3198 701 3258 exstiteris.
737 3198 881 3254 Hinc
913 3198 1071 3254 enim
1101 3197 1162 3254 in
1184 3213 1254 3254 ea
1276 3214 1403 3270 quae
1437 3198 1661 3254 ratione
1681 3203 1882 3255 carent
1909 3198 2043 3254 bru-

382 3294 595 3362 tasque
625 3287 960 3344 animantes
990 3286 1306 3359 imperium
1340 3287 1626 3359 provenit.

452 3397 545 3451 24.
578 3397 642 3451 Et
670 3394 926 3466 prasini,
960 3392 1171 3464 inquit,
1223 3392 1424 3448 bestiis.
1459 3396 1626 3449 Forte
1675 3407 1810 3449 vero
1850 3409 1923 3448 an
1955 3393 2041 3448 di-

384 3503 509 3555 cas,
543 3484 901 3557 quibusnam
936 3483 1199 3537 futurum
1233 3485 1297 3536 ut
1336 3482 1567 3554 praesim
1594 3480 1823 3549 bestiis,
1849 3498 1915 3537 ac
1941 3481 2042 3537 ubi

386 3577 474 3633 ba:
505 3572 651 3630 mibi
685 3571 949 3629 adsunt?
990 3571 1200 3643 Utique
1227 3586 1362 3627 vero
1413 3570 1626 3639 nescis,
1666 3570 1883 3627 bestias
1913 3587 2041 3643 qua:

384 3679 700 3723 numerum
758 3661 1042 3717 excedant
1098 3660 1316 3715 circum
1367 3665 1424 3714 te
1480 3675 1628 3729 esse,
1672 3660 2039 3733 multamque

375 3752 670 3828 ejusmodi
695 3752 928 3807 turbam
955 3750 1016 3805 in
1047 3754 1102 3807 te
1134 3749 1532 3816 circumferre,
1559 3765 1625 3805 ac
1648 3749 1708 3804 in
1738 3753 1794 3805 te
1816 3751 2037 3806 versari

374 3841 700 3902 continue?
753 3841 1015 3896 Parvane
1068 3839 1258 3895 bestia
1315 3838 1402 3893 ira
1445 3842 1504 3894 et
1561 3839 1741 3906 furor,
1801 3856 1933 3895 cum
1974 3840 2035 3896 in

373 3933 545 3990 corde
577 3929 853 3998 oblatrat,
888 3928 1171 4000 omnique
1202 3928 1371 3999 pejus
1401 3943 1541 3982 cane
1570 3929 1948 3991 exacerbatur
1969 3946 2035 3986 ac

371 4019 705 4081 exaestuat?
739 4018 914 4075 Dolus
947 4022 1121 4090 atque
1155 4018 1337 4087 fraus,
1385 4034 1519 4073 cum
1570 4017 1628 4072 in
1660 4018 1856 4073 animo
1889 4018 2031 4075 deli-

369 4112 565 4178 tescit,
597 4114 772 4181 atque
806 4107 1055 4163 insidias
1104 4107 1366 4173 instruit,
1411 4124 1602 4162 nonne
1648 4108 1834 4164 bestia
1863 4108 2034 4181 vulpe

371 4201 579 4259 saevior
609 4213 860 4268 ursaque
893 4195 1372 4252 incicurabilior?
1403 4197 1511 4262 Qui
1556 4200 1749 4252 autem
1790 4197 2031 4269 injuria-

370 4307 504 4348 rum
538 4288 894 4362 procacitate
944 4302 1200 4359 praeceps
1244 4290 1357 4354 est,
1408 4302 1601 4342 nonne
1650 4286 1841 4358 palam
1874 4303 2031 4344 scor-

373 4382 509 4454 pius
533 4379 560 4434 ?
587 4381 658 4433 At
679 4376 780 4448 qui
801 4374 1140 4432 clanculum
1164 4392 1231 4431 ex
1254 4374 1487 4431 insidiis
1509 4375 2033 4444 ulciscitur,nonne

370 4471 574 4541 vipera
604 4464 873 4522 trucior?
903 4465 1230 4529 Quamnam
1264 4465 1508 4520 bestiam
1542 4464 1704 4521 intus
1734 4466 1952 4533 animo,
1977 4470 2035 4521 et

373 4559 434 4615 in
468 4556 638 4614 nobis
666 4555 780 4628 ipsi
821 4571 938 4611 non
971 4554 1208 4621 alimus,
1243 4554 1478 4626 quando
1510 4554 1684 4611 etiam
1717 4555 1816 4627 qui
1847 4560 1905 4611 et
1951 4556 2031 4610 fe-

2158 1928 2256 1997 τὴν
2319 1927 2581 1986 εὐποιίαν.

2228 2217 2317 2271 23.
2353 2216 2515 2288 Ἔχει
2544 2214 2728 2269 τοίνυν
2762 2213 2853 2268 καὶ
2889 2214 2945 2269 τὸ
3000 2211 3163 2283 θῆλυ,
3198 2213 3307 2290 οὐχ
3336 2216 3500 2283 ἦττον
3530 2219 3628 2271 τοῦ
3658 2216 3815 2294 ἄρῤι-

2157 2324 2272 2374 νος,
2317 2302 2408 2359 καὶ
2451 2303 2514 2358 τὸ
2563 2305 2679 2358 κοτ’
2712 2303 2917 2372 εἰκόνα,
2948 2303 3037 2358 καὶ
3069 2305 3132 2359 τὸ
3161 2308 3284 2368 καθ’
3308 2304 3591 2377 ὁμοίωσιν·
3624 2303 3812 2375 ἐπειδὴ

2165 2393 2239 2466 μή
2274 2391 2326 2447 ἐν
2374 2397 2455 2463 τῷ
2503 2390 2697 2461 ἔξωθεν
2740 2392 3052 2469 φαινομένῳ
3102 2392 3392 2467 ἀνθρώπῳ,
3440 2391 3563 2463 ἤτοι
3594 2399 3675 2467 τῷ
3705 2394 3814 2450 σώ-

2161 2503 2312 2555 ματι,
2370 2480 2499 2537 ἀλλ’
2538 2479 2590 2535 ἐν
2643 2486 2723 2553 τῷ
2771 2478 2968 2536 ἔσωθεν
3018 2481 3108 2537 καὶ
3157 2484 3476 2556 κυριωτὲρῳ
3503 2488 3672 2539 ταῦτα
3718 2483 3809 2540 καὶ

2157 2570 2532 2646 ἆπιθεωρεῖται
2578 2571 2668 2625 καὶ
2715 2569 3150 2626 ἑπισυνίσταται·
3204 2573 3296 2627 καὶ
3366 2569 3456 2626 διὰ
3500 2576 3662 2628 τοῦτο
3717 2573 3809 2629 καὶ

2156 2663 2350 2734 ἡμεῖς,
2402 2662 2475 2723 ὡς
2531 2662 2667 2736 πρὸς
2710 2657 2805 2715 ἕνα
2836 2707 2852 2732 ,
2910 2661 3047 2735 πρὸς
3100 2661 3441 2738 ἀμφοτέρους
3499 2663 3809 2736 ποιούμεθα

2152 2751 2253 2818 τήν
2308 2747 2565 2821 διάλεξιν.
2615 2753 2788 2807 Τοῦνο
2833 2746 2891 2803 δὲ
2946 2751 3217 2823 περιέσται
3278 2770 3362 2804 σοι
3419 2749 3658 2823 πάντως,
3717 2748 3809 2806 διά

2154 2846 2253 2908 τῆς
2303 2837 2705 2914 χρηστότητος,
2763 2845 2864 2908 τῆς
2920 2838 3279 2910 ἀνεξικακίας,
3337 2846 3438 2909 τῆς
3492 2839 3804 2910 κοινωνίας,

2154 2933 2253 2997 τῆς
2303 2927 2724 3001 μισοπονηρίας,
2778 2927 2868 2982 καὶ
2919 2932 3015 2982 τοῦ
3071 2934 3285 3004 κρατεῖν
3342 2933 3449 2984 τῶν
3491 2933 3677 2993 παθῶν
3707 2931 3807 2997 τῆς

2158 3016 2444 3090 ἁμαρτίας·
2512 3014 2750 3071 ἐντεῦθεν
2792 3017 2895 3093 γὰρ
2940 3017 3233 3082 ἀκολουθεῖ
3260 3017 3351 3072 καὶ
3380 3018 3442 3073 τὸ
3476 3019 3664 3093 ἄρχειν
3695 3018 3805 3072 τῶν

2155 3104 2400 3181 ἀλόγων.

2221 3395 2310 3450 24.
2372 3393 2469 3447 Καὶ
2526 3391 2864 3468 ἆρχὲτωσαν,
2934 3390 3138 3465 φησὶν,
3191 3395 3300 3444 τῶν
3361 3391 3592 3465 θηρίων.
3649 3392 3807 3466 Τάχα

2152 3480 2242 3537 οὖν
2302 3482 2462 3558 ἐρεῖςο
2527 3482 2628 3539 Καὶ
2684 3481 2854 3536 ποίων
2928 3476 3123 3550 μέλλω
3172 3478 3376 3553 θηρίων
3424 3476 3655 3554 ἅρχειν;
3714 3480 3802 3534 καὶ

2148 3576 2253 3627 ποῦ
2316 3593 2406 3645 μοι
2466 3575 2636 3627 ταῦτα
2690 3570 2973 3645 πάρεισιν;
3005 3572 3250 3642 Ἀγνοεῖς
3284 3563 3339 3622 δὲ
3370 3565 3492 3642 ἄρα,
3524 3567 3605 3623 ὅτι
3642 3567 3808 3641 μυρία

2148 3661 2309 3738 θηρία
2357 3661 2479 3737 περὶ
2534 3659 2613 3730 σὲ,
2655 3658 2742 3713 καὶ
2794 3655 2970 3711 πολὺν
3021 3659 3270 3711 τοιοῦτον
3313 3652 3484 3732 ὄχλον
3517 3656 3570 3711 ἰν
3590 3662 3797 3730 σεαυτῷ

2145 3751 2473 3827 περιφερεις,
2533 3749 2623 3804 καὶ
2680 3742 2830 3809 ἐντός
2874 3767 2969 3800 σου
3030 3741 3291 3820 διατρίϐει
3339 3743 3638 3816 διηνεκῶς;
3689 3748 3800 3803 Μι-

2142 3841 2269 3918 κρὸν
2305 3840 2495 3915 θηρίον
2529 3835 2669 3892 ἐστίν
2712 3837 2741 3889 6
2773 3835 2967 3907 θυμὸς,
3019 3835 3185 3890 ὁπότε
3236 3834 3459 3891 ὑλακτεῖ
3487 3839 3554 3909 τῇ
3603 3834 3801 3909 καρδίᾳ

2141 3931 2233 3985 καὶ
2292 3935 2480 4003 χεῖρον
2541 3924 2741 3986 παντὸς
2788 3925 2947 3987 κυνὸς
3000 3922 3347 4001 ἀγραίνεται;
3411 3926 3439 3979 6
3498 3922 3663 3986 δόλος
3718 3922 3796 3997 δὶ,

2142 4018 2268 4073 ὅταν
2296 4021 2364 4091 τῇ
2414 4013 2569 4091 ψυχῇ
2628 4011 2959 4088 ἔμφωλεύει,
3014 4012 3104 4068 καὶ
3133 4014 3228 4076 τὰς
3257 4007 3555 4074 ἐπιϐουλὰς
3600 4033 3800 4088 καταρ-

2140 4106 2261 4182 τύῃ,
2296 4105 2356 4160 οὐ
2386 4117 2574 4181 θηριον
2608 4101 2893 4164 ἀλώπεκος
2929 4102 3259 4178 ἀγριώτερον
3301 4103 3389 4158 καὶ
3441 4101 3641 4177 ἄρκτου
3674 4100 3801 4157 δυσ-

2144 4194 2545 4271 ημερὲστερον;
2607 4193 2635 4247 6
2693 4189 2751 4247 δὲ
2810 4191 2933 4262 ὀξὺς
2964 4192 3041 4254 εἷς
3094 4187 3268 4268 ὕϐριν,
3321 4192 3383 4247 οὗ
3415 4191 3672 4266 σκορπίος
3706 4192 3799 4246 ἂν·

2141 4302 2368 4360 τικρυς;
2402 4284 2429 4338 ό
2463 4279 2521 4338 δὲ
2561 4279 2736 4357 λάθρα
2792 4281 3154 4355 ἀμυνόμενος,
3206 4280 3304 4336 οὐκ
3363 4278 3579 4357 ἐχίδνης
3630 4279 3798 4357 χαλε-

2141 4373 2388 4448 πώτερος
2416 4390 2429 4441 ;
2464 4372 2631 4429 ΙΙοῖον
2664 4369 2850 4446 θηρίον
2881 4371 2983 4425 οὐκ
3013 4368 3162 4425 ἔνδον
3208 4370 3298 4425 καὶ
3344 4369 3395 4425 ἐν
3430 4372 3641 4433 ἑαυτοῖς
3676 4371 3803 4425 ὑπο-

2140 4461 2432 4541 τρέφομεν,
2488 4460 2603 4516 ἑπεὶ
2658 4460 2752 4515 καὶ
2810 4461 2839 4515 6
2895 4458 3241 4533 θηλυμανὴς,
3296 4457 3465 4524 ἵππος
3512 4460 3653 4515 ἐστιν
3683 4459 3800 4515 ἐπι-

2147 4553 2518 4627 μαινόμενοςς
2552 4552 2735 4608 Ἵππνι
2760 4549 2885 4626 γὰρ,
2943 4551 3099 4628 φησὶ,
3150 4547 3489 4622 θηλυμανεῖς
3541 4550 3802 4627 ἐγενήθη-

376 4648 676 4705 minarum
708 4644 954 4700 libidine
985 4647 1256 4711 aestuant,
1290 4645 1424 4716 equi
1455 4648 1596 4700 sunt
1623 4643 1985 4701 insanientes
2007 4644 2034 4699 ?

2157 4662 2238 4698 ταν
2275 4661 2288 4675 ⁸
2341 4639 2562 4703 ἕκαστος
2620 4638 2705 4695 ἐπὶ
2756 4640 2856 4709 τήν
2907 4643 3139 4707 γυναῖκα
3196 4643 3291 4693 τοῦ
3342 4638 3577 4711 πλησίον
3639 4639 3801 4695 αὐτοῦ

376 4738 529 4810 Equi
555 4739 725 4801 enim,
774 4734 984 4805 inquit,
1015 4737 1260 4806 [urentes
1301 4736 1361 4789 in
1408 4735 1649 4805 feminas
1701 4735 1846 4803 facti
1867 4737 2031 4790 sunt:

376 4826 753 4898 unusquisque
782 4824 853 4880 ad
880 4839 1112 4879 uxorem
1139 4826 1392 4895 proximi
1419 4824 1508 4878 sui
1536 4823 1863 4879 hinniebant
1885 4824 1944 4879 ιδ.
1974 4824 2038 4879 In

378 4917 692 4973 brutarum
715 4930 972 4986 namque
994 4913 1385 4969 animantium
1408 4912 1663 4968 indolem
1679 4928 2039 4983 sensumque

382 5006 537 5063 330
562 5020 691 5060 sese
720 5002 857 5075 quis
884 5003 1207 5069 transtulit,
1230 5019 1348 5073 qua
1371 5018 1432 5058 se
1456 5000 1687 5058 libidini
1708 5007 1882 5072 atque
1903 5001 2039 5058 vitio

381 5093 815 5152 necessitudine
843 5092 1122 5148 devinxit.
1156 5091 1350 5147 Multas
1378 5090 1581 5162 itaque
1611 5094 1752 5146 sunt
1780 5091 1838 5145 in
1870 5092 2040 5149 nobis

381 5183 610 5255 bestias,
634 5183 848 5254 quibus
870 5183 1090 5239 enitere
1111 5188 1176 5237 ut
1195 5179 1442 5252 imperio
1467 5180 1689 5253 praesis.
1721 5179 1780 5236 Si
1800 5181 2037 5252 quidem

385 5275 461 5332 iis
488 5290 616 5345 quae
648 5271 788 5328 foris
822 5276 961 5327 sunt
991 5272 1218 5344 praesis,
1254 5287 1382 5341 quae
1403 5285 1539 5325 vero
1572 5269 1733 5325 intus
1762 5280 1899 5326 sunt
1924 5270 2038 5326 im-

383 5362 546 5438 perio
575 5362 810 5429 liberas,
846 5361 903 5417 id
936 5366 1048 5428 est,
1073 5378 1188 5416 non
1237 5357 1620 5430 mancipatas,
1656 5359 2038 5432 subditasque

385 5452 715 5524 reliqueris,
742 5467 923 5525 pensa
944 5450 1142 5506 animo
1166 5448 1308 5522 quid
1331 5448 1707 5505 cernentibus
1727 5450 2036 5523 videberis,

386 5541 488 5616 qui
519 5540 704 5599 leonis
734 5540 975 5613 quidem
1008 5542 1183 5596 mutis
1215 5538 1535 5597 animantis
1565 5537 1748 5595 victor
1767 5539 2037 5610 exsistas,

462 5724 506 5760 1⁸
536 5725 754 5781 Jerem.
788 5737 842 5789 v,
872 5721 926 5774 8.

2152 4730 2487 4808 ἐχρεμέτιζε.
2517 4730 2796 4799 Μετέθηκε
2840 4727 2944 4804 γάρ
2977 4728 3162 4783 ἑαυτὸν
3197 4726 3285 4783 ἐπὶ
3316 4729 3414 4797 τὴν
3442 4729 3549 4784 τών
3580 4728 3801 4803 ἀλόγων

2152 4821 2330 4897 φύσιν,
2390 4818 2478 4875 διὰ
2506 4818 2570 4874 τὸ
2620 4816 2789 4880 πάθος
2847 4818 3347 4892 ὦπροσωκειώθη.
3410 4817 3602 4876 Ηοηλά
3622 4818 3803 4875 τοίνυν

2152 4910 2316 4985 θηρία
2361 4908 2412 4965 ἐν
2446 4913 2606 4983 ἡμῖν,
2653 4909 2727 4962 ὦν
2762 4906 3031 4984 ἀγωνίζου
3081 4905 3291 4983 ἄρχειν.
3342 4907 3409 4962 Ei’
3435 4908 3537 4984 γάρ
3565 4911 3675 4962 τῶν
3703 4905 3804 4977 ἔξω

2154 5002 2247 5075 μὶν
2282 4998 2472 5075 ἄρχεις
2500 4998 2728 5074 θηρίων,
2788 4998 2855 5052 τά
2914 4994 2970 5051 δὲ
3025 4994 3179 5052 ἓνδον
3219 4992 3567 5070 ἀϐασίλευτα,
3627 4994 3802 5052 εἶτουν

2151 5088 2493 5145 ἀνυπότακτα
2537 5085 2919 5161 καταλείψεις,
2971 5085 3184 5160 σκόπει,
3244 5087 3297 5142 τί
3354 5092 3470 5149 τοῖς
3521 5085 3692 5162 ὁρῶσί
3748 5105 3807 5140 σε

2153 5178 2323 5251 δόξεις
2359 5177 2579 5240 λέοντος
2641 5178 2734 5251 μὶν
2788 5174 2992 5254 ἀλόγου
3028 5178 3173 5248 ζώου
3230 5181 3440 5254 κρατῶν
3491 5175 3581 5232 καὶ
3639 5196 3806 5232 καταο

2152 5278 2365 5350 φρονῶν
2423 5269 2586 5325 αὐτοῦ
2642 5273 2739 5324 τοῦ
2802 5271 3206 5345 βρυχήματος,
3264 5272 3363 5323 τοῦ
3416 5266 3474 5323 δὲ
3523 5268 3646 5344 περὶ
3702 5268 3803 5337 τήν

2150 5358 2375 5436 καρδίαν
2408 5361 2587 5433 θυμοῦ
2643 5360 2980 5432 ἡττώμενος’
3015 5358 3106 5413 καὶ
3136 5354 3311 5434 πρίων
3365 5358 3461 5431 μὶν
3491 5357 3616 5419 τοὺς
3649 5354 3807 5412 ὀδόν-

2150 5472 2267 5523 τας,
2330 5450 2513 5529 φωνὴν
2564 5446 2621 5504 δὲ
2665 5447 2927 5524 ἄναρθρον
2984 5444 3279 5518 πολλάκις,
3343 5446 3445 5503 ὑπὸ
3489 5454 3590 5518 τῆς
3640 5466 3798 5502 κατα-

2153 5539 2397 5617 σχούσης
2455 5538 2667 5614 μανίας,
2720 5537 2919 5617 ἀφιείς·
2978 5537 3149 5615 τυχὸν
3187 5534 3245 5594 δὲ
3292 5538 3381 5594 καὶ
3412 5542 3607 5615 χεῖρας
3636 5534 3804 5593 ικτεί-
