4154 6392
283 410 364 472 37
1267 400 1372 462 DE—
1412 396 1751 461 HOMINIS
1790 395 2264 460 STRUGTUBA
2305 398 2601 463 ORATIO
2642 402 2721 465 Il.
3423 448 3429 453 .
3617 426 3701 487 38

279 563 387 600 νων
417 539 496 603 εἰς
519 538 618 608 τὴν
649 539 747 592 τοῦ
775 537 1120 608 παρεστῶτος
1152 529 1383 606 ἄμυναν.
1412 534 1552 605 Ἀρα
1605 529 1670 585 οὗ
1697 528 1928 624 ’παντὸς

2054 528 2145 587 iras
2169 544 2305 588 vero
2330 534 2720 608 succumbas;
2751 554 2819 596 ac
2848 541 3084 613 quidem
3114 547 3365 607 strideas
3391 554 3696 624 dentibus,

279 630 596 708 ἀρχομένου
648 626 763 700 μὲν,
795 623 1139 684 εὖεκτοῦντος
1182 619 1262 693 δὶ,
1304 620 1639 696 ἀθλιώτερος
1694 617 1929 675 ἐντεῦθεν

2054 635 2150 677 nec
2181 637 2313 677 raro
2345 621 2687 696 impeditam
2721 645 2922 688 vocem
2952 637 3012 689 et
3045 633 3450 698 indistinctam
3502 646 3699 703 furore

281 722 374 778 καὶ
419 714 972 794 καταγελαστότερος,
1006 711 1091 768 ὅτι
1140 713 1301 787 ἄρχει
1354 708 1567 784 μᾶλλον
1630 713 1726 765 σοῦ
1777 711 1805 765 6
1843 711 1935 765 θυ-

2054 715 2351 784 correptus
2383 715 2615 772 emittas
2641 735 2654 786 ;
2678 717 2798 776 fors
2827 726 3024 779 autem
3056 725 3232 783 etiam
3262 745 3472 788 manus
3502 740 3572 790 ad
3608 737 3695 792 ul-

291 811 433 886 μὸς,
487 808 580 864 τὸν
659 804 922 883 λογισμὸν
981 801 1414 896 παρωσάμενος,
1473 801 1559 855 καὶ
1589 799 1719 896 -.τήν
1785 796 1940 896 δονα-

2054 799 2269 858 tionem
2301 802 2429 874 ejus
2457 804 2556 876 qui
2585 811 2706 863 stat
2750 826 2781 864 e
2828 810 3016 870 vicino
3063 819 3363 875 extendas.
3418 827 3696 896 Nunquid

287 856 462 956 ζτείοίν
512 904 612 968 τῆς
657 856 841 971 ψυὲίῆς
886 856 1242 969 παραλαϐὼν,
1296 888 1416 966 ἄγει
1474 910 1531 945 σε
1583 888 1721 945 ὅπου
1775 888 1941 966 τύχοι

2110 856 2143 857 ,,
2186 856 2225 858 τί
2254 856 2267 858 -
2308 856 2425 874 κυνῆ
2462 856 2556 876 -ιτ-
2585 856 2705 863 -ν-π-
2752 856 2780 864 ν
2839 856 3016 870 Inv-00v
3064 856 3363 875 νηιυυυαῦο
3418 856 3696 896 ιῐυυιίυιυ

2054 907 2169 948 non
2201 893 2406 965 quovis
2437 895 2652 965 sudito,
2687 896 2781 954 cui
2830 917 2972 959 sane
3018 905 3126 961 rita
3175 907 3431 967 habeant
3480 916 3699 972 mentis

290 987 381 1045 ἴσα
435 987 525 1044 καὶ
568 955 824 1058 ’δέσίμιιο-ν,
857 983 914 1038 ὃν
976 983 1219 1059 ἄρχοντα
1274 981 1490 1035 πάντων
1553 981 1879 1051 κατέστησεν
1913 978 1940 1033 6

2054 981 2332 1051 rationes,
2383 983 2519 1040 inde
2567 986 2961 1047 miserabilior
3001 1009 3064 1050 es
3117 1012 3182 1051 ac
3226 998 3699 1076 deridiculosior,

290 1079 460 1149 856‘;
1497 1161 1508 1166 _
1584 1160 1595 1166 -
1686 1163 1693 1166 ῃ
1983 1071 2211 1166 “quod
2242 1071 2820 1166 iramagisimperic
2852 1082 3084 1154 premit,
3130 1087 3405 1145 submota
3449 1071 3698 1166 ratione,

288 1173 633 1242 arreptoque
663 1164 848 1223 animi
876 1162 1209 1235 dominatu,
1242 1178 1309 1219 ac
1341 1161 1513 1235 quasi
1542 1160 1805 1218 vinctum
1839 1175 1955 1231 quo
1983 1157 2221 1216 libuerit
2246 1161 2446 1231 trahit,
2480 1164 2573 1220 cui
2605 1171 2757 1224 Deus
2806 1170 3210 1231 universorum
3259 1183 3548 1239 concessit
3589 1184 3700 1242 im.

287 1259 511 1334 perium
532 1259 560 1314 ‘I

355 1349 466 1404 25.
527 1342 709 1402 Ἀλλὰ
772 1340 835 1397 σὺ
898 1339 992 1415 μὶν
1054 1337 1292 1418 φύλαττε
1340 1338 1402 1393 τὸ
1467 1335 1939 1436 δοθὲνΙάξίωμα·

2123 1338 2212 1395 25.
2245 1340 2644 1411 Enimvero,tu
2678 1345 2914 1418 quidem
2948 1367 3114 1410 serva
3143 1370 3477 1416 concessam
3510 1363 3704 1436 digni-

285 1434 473 1513 ἅρχων
514 1432 787 1504 ἐκτίσθης,
817 1429 1006 1507 ἅρχων
1056 1430 1266 1486 παθῶν.
1300 1429 1475 1504 Ἀρχε
1528 1425 1758 1504 θηρίων,
1806 1425 1945 1504 ἄρχε

284 1524 547 1599 ἑρπετῶν,
578 1520 717 1598 ἄρχε
765 1523 1048 1577 πετεινῶν.
1084 1519 1177 1587 Μὴ
1234 1515 1569 1592 μετεωρίζου
1618 1521 1736 1579 τοῖς
1788 1513 1941 1592 λογι-

287 1619 468 1687 σμοῖς,
506 1613 581 1687 μὴ
613 1614 815 1689 κοῦφος
845 1603 935 1663 ἔσο
964 1610 1034 1682 τῇ
1068 1604 1281 1677 διανοίᾳ
1328 1605 1417 1660 καὶ
1466 1602 1714 1669 ἄστατος·
1750 1603 1940 1682 ἄρχειν

286 1706 387 1780 γὰρ
437 1700 656 1775 ἐκρίθης
707 1703 952 1770 πτηνῶν,
986 1697 1096 1773 οὐχ
1151 1696 1474 1770 ὁμοιοῦσθαι
1528 1701 1782 1766 πτηνοῖς.
1844 1697 1939 1765 Μὴ

291 1793 384 1849 οὖν
442 1790 732 1866 τυφωθῇς,
786 1788 863 1861 μὴ
927 1783 1240 1860 ὑπεραθῇς,
1296 1785 1374 1857 μὴ
1447 1782 1618 1857 μείζω
1671 1785 1944 1863 φρονήσῃς

286 1891 387 1953 τῆς
449 1879 793 1957 ἀνθρωπίνης
851 1876 941 1933 καὶ
996 1876 1194 1952 γηίνης
1249 1874 1478 1953 φύσεως·
1516 1876 1591 1948 μὴ
1652 1875 1944 1952 ἄπερφυσῶ

290 1971 724 2045 ἐπαινούμενος,
784 1969 860 2044 μὴ
922 1965 1111 2039 δόξαζε
1168 1965 1425 2037 σεαυτὸν,
1487 1962 1627 2038 μηδὲ
1677 1964 1945 2042 μεγάλυνε

287 2063 354 2118 τᾶι
410 2057 615 2132 σὰ,⁹ίνα
670 2059 745 2132 μὴ
802 2061 935 2129 μετᾶ
979 2059 1086 2110 τῶν
1139 2058 1360 2125 πτηνῶν
1413 2051 1698 2130 λογισθῇς,
1750 2054 1941 2127 ἐπίσης

288 2148 513 2211 ἐκείνοις
572 2145 955 2222 ἐπαιρόμενος,
1011 2142 1099 2199 καὶ
1167 2140 1301 2217 τῇδε
1353 2144 1569 2199 κάκεῖσε
1622 2142 1690 2219 τῇ
1747 2146 1942 2215 πτήσει

286 2238 736 2317 περιφερόμενος.
771 2236 945 2310 Ἀρχε
973 2237 1083 2288 τῶν
1117 2233 1168 2288 ἐν
1202 2231 1286 2288 σοὶ
1337 2229 1638 2309 λογισμῶν,
1666 2231 1760 2287 τίνα
1812 2234 1944 2309 γένῃ

285 2326 474 2405 ἅρχων
502 2330 612 2382 τῶν
646 2320 814 2381 ὄντων
849 2323 1084 2379 πάντων·
1107 2320 1281 2385 οὕτως
1305 2324 1339 2392 ἡ
1363 2323 1501 2378 κατὰ
1527 2326 1635 2377 τῶν
1671 2323 1826 2392 ζώων
1860 2321 1943 2380 δε-

284 2416 488 2491 δομένη
521 2415 669 2492 ἀρχὴ
704 2412 951 2492 ῥυθμίζει
984 2414 1135 2485 ἡμᾶς
1166 2409 1303 2487 πρὸς
1330 2411 1396 2467 τὸ
1425 2413 1587 2485 ἡμῶν
1631 2412 1811 2467 αὐτῶν
1848 2410 1941 2489 ἄρ-

283 2526 422 2583 χειν.
464 2507 708 2564 ’Ἄτοπον
756 2503 857 2578 γὰρ
907 2502 1018 2558 ἐστι
1067 2499 1495 2577 βασιλευόμενον
1556 2498 1722 2570 οἷ’κοι,
1775 2501 1940 2558 ἐθνῶν

285 2596 492 2673 ἄρχεινο
522 2594 615 2650 καὶ
671 2590 778 2649 ἄπο
835 2590 1017 2665 ἐτέρας
1061 2589 1430 2667 κρατούμενον
1484 2586 1612 2645 εἷ’σω
1676 2589 1935 2661 ἐξουσίας,

287 2653 529 2758 δημοσίᾳ
556 2682 772 2744 πόλεως
806 2653 938 2736 εἶναι
969 2653 1301 2756 προστάτην.
1349 2680 1471 2753 Χρή
1527 2677 1585 2735 δέ
1642 2653 1726 2735 τὰ-
1763 2653 1943 2737 οἰκεία

286 2779 501 2851 πρῶτον
559 2771 743 2834 καλῶς
804 2768 1162 2843 διαθέμενον,
1221 2769 1311 2825 καὶ
1365 2769 1433 2824 τὰ
1500 2763 1650 2825 ἔνδον
1728 2770 1943 2842 εὐταξίᾳ

285 2864 659 2938 κοσμήσαντα,
692 2858 837 2917 οὕτω
865 2864 970 2914 τῶν
1033 2857 1184 2921 ἐκτὸς
1243 2858 1333 2915 καὶ
1386 2858 1605 2914 ὀθνείων
1651 2858 1944 2935 προσλαμ-

288 2948 466 3009 ϐάνειν
513 2952 614 3021 τήν
655 2946 965 3006 ἐπιστασίαν
996 2967 1010 2982 ο
1052 2946 1168 3003 ἐπεὶ
1223 2949 1721 3025 περιστραφήσεται
1797 2950 1943 3026 παρὰ

284 3046 394 3098 τῶν
459 3037 783 3117 ἀρχομένων
863 3037 892 3092 6
958 3034 1126 3113 λόγος
1153 3082 1167 3106 ,
1207 3036 1290 3093 ὅτι
1350 3037 1558 3112 Ἰατρέ,
1613 3037 1939 3114 θεράπευσον

2056 1431 2540 1504 tatem.Princeps
2571 1440 2801 1493 creatus
2833 1454 2896 1495 es
2930 1455 2943 1495 :
2975 1441 3077 1513 qui
3107 1442 3265 1501 vitiis
3294 1447 3541 1521 imperio
3563 1431 3705 1525 prae-

2053 1519 2136 1575 sis
2163 1536 2228 1576 ac
2259 1520 2589 1578 aﬂ'octibus.
2617 1524 2755 1581 Esto
2781 1526 3143 1595 bestiis,est.o
3175 1519 3703 1608 serpen_tibus,—esto

2050 1606 2389 1666 volatilibus
2421 1627 2658 1683 praises.
2700 1614 2829 1670 Noli
2880 1618 3076 1675 animo
3130 1606 3347 1681 extolli.
3398 1628 3529 1685 Noli
3560 1606 3706 1688 esse

2053 1703 2248 1754 mente
2276 1699 2422 1756 levis
2451 1718 2517 1757 ac
2547 1701 2863 1761 instabilis.
2897 1710 3297 1770 Constitutum
3331 1715 3437 1773 tibi
3495 1724 3583 1776 est
3641 1726 3707 1777 ut

1976 1771 2023 1837 Β
2054 1788 2256 1859 przesis
2314 1789 2677 1860 volucribus,
2739 1810 2855 1851 non
2896 1801 2962 1852 ut
2992 1797 3330 1860 volucribus
3359 1806 3571 1865 similis
3598 1811 3702 1867 sis.

2052 1876 2179 1933 Noli
2209 1877 2405 1950 itaque
2435 1881 2712 1954 superbia
2740 1884 2955 1958 inﬂari,
2992 1889 3111 1944 noli
3142 1890 3322 1951 altius
3369 1897 3583 1972 efferri,
3632 1917 3705 1958 ne

2053 1983 2228 2038 quam
2261 1984 2364 2040 pro
2395 1969 2659 2027 humana
2684 1977 3032 2049 terrenaque
3061 1979 3255 2039 indole
3274 1986 3468 2057 majus
3484 1969 3703 2061 sapias.

2052 2056 2134 2111 Ne
2163 2060 2328 2113 extra
2356 2060 2599 2116 modum
2628 2062 2781 2118 fastu
2816 2068 3047 2124 tumeas
3098 2056 3377 2131 laudibus
3425 2056 3700 2152 accc—ptis.

2051 2144 2179 2201 Noli
2209 2145 2466 2219 teipsum
2497 2147 2758 2221 laudare,
2793 2171 2899 2211 nec
2930 2159 3242 2231 magniﬁce
3270 2166 3371 2220 tua
3400 2144 3705 2237 eﬂ‘erre,ne

2053 2250 2191 2289 cum
2220 2234 2559 2294 volucribus
2593 2245 2973 2313 computeris,
3007 2249 3107 2321 qui
3142 2252 3265 2322 pari
3312 2252 3431 2310 illis
3478 2257 3705 2315 ratione

2054 2324 2363 2399 attollaris,
2396 2332 2571 2400 atque
2601 2329 2716 2387 huc
2747 2349 2813 2387 ac
2843 2333 2981 2391 illuc
3011 2337 3203 2395 volatu
3250 2342 3704 2405 circumferaris.

2054 2413 2197 2469 Tuis
2232 2414 2357 2486 ipse
2401 2418 2604 2488 praesis
2652 2421 3005 2491 rationibus,
3062 2431 3126 2483 ut
3185 2445 3381 2487 rerum
3437 2435 3704 2494 omnium

2054 2518 2269 2574 presses
2317 2506 2612 2564 efﬁciaris.
2662 2510 2808 2567 Eum
2859 2512 2918 2569 in
2951 2517 3192 2574 modum
3227 2536 3506 2579 concessa
3535 2526 3707 2583 nobis

2054 2593 2325 2651 adversus
2357 2601 2551 2654 mutas
2583 2599 2913 2658 animantes
2944 2604 3170 2677 imperii
3201 2609 3379 2675 vis,nt
3411 2628 3515 2669 nos
3546 2616 3708 2687 ipsos

2053 2683 2302 2756 imperio
2333 2702 2607 2759 regamus
2630 2692 3292 2763 componit.Absurdum
3316 2683 3708 2776 namque'est,

2054 2777 2120 2829 ut
2149 2773 2250 2846 qui
2281 2792 2460 2847 penes
2490 2777 2753 2850 seipsum
2786 2782 3032 2854 imperio
3063 2794 3382 2857 prematur,
3430 2773 3708 2866 gentibus

2052 2863 2298 2936 imperio
2326 2866 2543 2937 praeit;
2567 2869 2784 2941 quique
2810 2875 2977 2929 tutus
3009 2876 3204 2934 animo
3231 2879 3394 2935 alteri
3428 2863 3507 2938 sit
3538 2900 3707 2941 man-

2053 2953 2284 3026 cipatus
2314 2955 2606 3026 potentias,
2663 2959 2896 3031 publice
2954 2964 3084 3020 urbi
3144 2973 3455 3039 patronum
3512 2990 3707 3046 agere.

2052 3047 2231 3099 Porro
2260 3060 2446 3115 operas
2471 3047 2727 3118 pretium
2757 3054 2848 3106 est
2878 3055 2942 3107 ut
2969 3053 3041 3110 de
3060 3056 3186 3113 suis
3207 3059 3465 3131 primum
3487 3064 3710 3135 optime

287 3124 528 3186 σεαυτόν.
563 3128 770 3184 Λοιπὸν
821 3125 1046 3189 ἑαυτοὺς
1105 3128 1427 3203 θεραπεῦσαι
1486 3130 1705 3202 πρῶτον
1766 3148 1933 3183 σπου-

2054 3134 2298 3198 statuat,
2333 3133 2433 3204 qui
2465 3150 2668 3192 eorum
2697 3153 2826 3209 quis
2859 3140 2999 3198 foris
3029 3149 3170 3201 sunt
3199 3144 3263 3203 et
3293 3154 3706 3212 extraneorum

289 3216 562 3292 δάσωμεν.
593 3213 791 3279 Οὐδεὶς
840 3220 944 3292 γὰρ
1003 3213 1088 3271 δτι
1150 3216 1227 3288 μὴ
1295 3213 1525 3291 ἐθήρασε
1582 3213 1781 3272 λέοντα
1806 3237 1942 3273 κατ-

288 3307 542 3383 εμέμφθη
600 3308 753 3361 ποτέ⁶
787 3303 833 3359 εἰ
884 3302 941 3360 δὲ
993 3304 1071 3378 μὴ
1123 3303 1389 3379 ἐκράτησε
1444 3308 1542 3360 τοῦ
1597 3309 1797 3379 θυμοῦ,
1853 3306 1944 3363 ἂν-

289 3397 526 3473 επαίχθη
559 3394 708 3472 παρὰ
736 3394 956 3456 πῃντός’
990 3393 1066 3458 ὡς
1091 3394 1119 3449 6
1174 3393 1270 3467 μὲν
1301 3395 1376 3467 μή
1428 3389 1677 3465 δυνηθεὶς
1731 3394 1942 3472 ἀγρίων

287 3485 655 3562 περιγενέσθαι
686 3482 917 3556 θηρίων,
949 3479 1104 3538 ούπω
1137 3480 1396 3556 μέμψεως
1428 3480 1574 3553 ἄξιος
1600 3502 1613 3515 ·
1647 3484 1675 3538 6
1734 3481 1791 3540 δὲ
1846 3489 1943 3541 τοῦ⁹

289 3572 651 3652 ἐνοχλοῦντος
697 3572 904 3637 πάθους
945 3578 1213 3646 κρατῆσαι
1266 3571 1575 3642 ἡτονηκὼς,
1622 3574 1728 3628 ὑπὸ
1783 3574 1944 3630 κατάο

288 3685 484 3742 γνωσιν
515 3664 752 3726 πάντως’
787 3659 927 3718 διότι
957 3660 1127 3718 ἐκεῖνο
1164 3661 1260 3735 μὲν
1314 3660 1375 3717 ού
1426 3657 1805 3736 συμϐάλλεται
1862 3669 1944 3738 τῷ

288 3760 388 3817 τοῖς
445 3751 675 3829 λογικῆς
733 3751 1011 3823 ἀξιωθέντι
1064 3750 1263 3827 ἀρχῆς,
1323 3755 1484 3807 τοῦτο
1543 3748 1601 3806 δὲ
1653 3752 1940 3829 ἀναγκαῖον

289 3845 381 3899 καὶ
413 3840 794 3921 ὀφειλόμενον.
825 3842 888 3899 Ὁ
920 3837 978 3896 8t
1027 3839 1402 3922 οίκονομήσας
1446 3845 1613 3896 ταῦτα
1664 3850 1940 3922 γραφῆναι

286 3918 506 4010 Κύριος,
538 3932 566 3987 6
595 3951 686 4007 mi
715 3931 815 4001 τὴν
856 3918 1260 4006 μικρὰν’ἠμῶν
1301 3931 1389 3986 καὶ
1441 3930 1638 3998 ἀσθενῆ
1683 3918 1938 4007 γλῶσσαν

287 4018 695 4099 παρασκευάσας
754 4018 920 4095 μεχρι
968 4018 1230 4075 τοσούτου
1283 4020 1413 4094 ὑμῖν
1464 4019 1754 4093 ὁμιλῆσαι,
1791 4023 1819 4077 6
1852 4019 1942 4079 διὰ

283 4118 383 4182 τῆς
425 4110 678 4174 ἀσθενοῦς
720 4111 883 4183 ἦμῶν
938 4106 1178 4173 διανοίας
1239 4108 1511 4187 μεγάλους
1547 4110 1673 4184 ὑμῖν
1736 4123 1942 4183 θησαυ-

287 4199 414 4277 ροὺς
471 4198 524 4256 ἐν
579 4203 698 4262 τοῖς
762 4196 991 4275 βραχέσι
1050 4199 1459 4274 ἀποσκιάσμασι
1516 4206 1618 4270 τῆς
1677 4199 1939 4271 ἀληθείας

284 4288 725 4368 ἐγκατασπείρας,
759 4285 873 4363 δῴη
908 4289 1037 4363 ὑμῖν
1067 4285 1156 4344 διὰ
1184 4292 1293 4345 τῶν
1339 4294 1548 4365 μικρῶν
1577 4291 1643 4346 τὰ
1703 4291 1938 4368 μεγάλα,

286 4377 377 4435 διὰ
404 4382 511 4435 τῶν
544 4376 748 4455 ὀλίγων
778 4377 1101 4455 σπερμάτων
1141 4378 1206 4434 τὸ
1247 4377 1456 4435 τέλειον
1504 4385 1605 4449 τῆς
1659 4380 1936 4456 γνώσεωςο

2054 3224 2955 3297 αεειιῐηριυῐιιιεξοεῐριιεειιιιίοιιὶε
2969 3237 3445 3312 munus.Alicqui
3460 3242 3519 3298 in
3534 3247 3706 3301 tuum

2050 3315 2313 3366 vertetur
2340 3317 2517 3384 caput
2550 3330 2583 3369 a
2614 3316 2870 3374 subditis
2902 3323 3057 3393 quod
3090 3325 3169 3381 ita
3199 3327 3422 3386 dictum
3450 3337 3540 3388 est
3571 3349 3583 3388 :
3612 3334 3712 3391 Me-

2053 3399 2190 3470 dico,
2213 3417 2352 3458 cara
2381 3404 2618 3474 teipsum
2648 3405 3037 3481 '°.Reliquum
3067 3418 3177 3485 est,
3211 3421 3274 3472 ut
3303 3417 3415 3490 ipsi
3447 3438 3552 3477 nos
3586 3424 3710 3495 pri-

2052 3507 2218 3546 mum
2251 3507 2455 3548 curare
2481 3495 2848 3554 studeamus.
2882 3503 3065 3560 Nemo
3096 3506 3249 3561 enim
3285 3511 3442 3580 quod
3475 3510 3706 3570 leonem

2050 3584 2264 3637 venatu
2297 3598 2414 3638 non
2464 3585 2682 3656 ceperit
2728 3603 2984 3659 unquam
3038 3595 3535 3670 reprehendatur;
3595 3602 3712 3662 nisi

2050 3686 2187 3727 vero
2218 3671 2352 3743 quis
2382 3672 2480 3728 ira
2511 3689 2751 3746 compos
2809 3678 2998 3737 factus
3058 3682 3253 3754 fuerit,
3305 3688 3377 3744 ob
3432 3692 3710 3750 omnibus

2052 3758 2307 3815 ludibrio
2338 3759 2802 3826 habetur.0uare
2828 3766 2879 3822 is
2909 3768 3140 3839 quidem
3174 3773 3272 3843 qui
3306 3774 3458 3832 feras
3488 3777 3712 3835 bestias

2052 3851 2293 3906 domare
2326 3850 2842 3922 nequiverit,haud
2875 3857 3017 3913 dum
3044 3860 3260 3931 dignus
3284 3863 3570 3938 vituperio
3595 3873 3710 3937 est;

2053 3939 2153 4011 qui
2188 3943 2383 3995 autem
2413 3939 2637 3997 viribus
2664 3942 2903 4001 fractior
2933 3947 3127 4019 fuerit,
3149 3968 3327 4022 quam
3359 3960 3426 4009 ut
3459 3955 3713 4013 moleste

2050 4029 2393 4101 ingruentes
2424 4030 2668 4086 affectus
2699 4032 2957 4107 vitisque
2995 4038 3308 4110 domuerit,
3343 4043 3712 4102 damnationi

2051 4134 2295 4189 prorsus
2348 4118 2636 4174 obnoxius
2681 4121 2888 4179 fuerit.
2939 4127 3162 4183 Idcirco
3215 4129 3499 4189 nimirum
3549 4137 3711 4207 quod

2049 4205 2195 4261 illud
2230 4205 2375 4262 nihil
2407 4208 2684 4264 conducit
2713 4210 2907 4284 ei,qui
2939 4216 3183 4272 rationis
3232 4205 3583 4294 principatu‘
3609 4225 3714 4280 do-

2052 4299 2224 4352 natus
2257 4296 2352 4366 sit,
2385 4297 2543 4353 istud
2576 4314 2708 4355 vero
2742 4305 3139 4361 necessarium
3183 4325 3251 4364 ac
3294 4310 3557 4368 debitum
3610 4314 3710 4371 sit.

2050 4385 2332 4441 Dominus
2364 4389 2738 4461 porro,cujus
2768 4390 2889 4448 haec
2918 4395 3288 4466 providentia
3317 4399 3542 4473 scripta
3572 4408 3716 4461 sunt

284 4469 377 4525 καὶ
432 4472 568 4543 ἡμῖν
623 4468 717 4543 μὲν
759 4474 859 4539 τῆς
907 4466 1279 4546 προαιρέσεως
1340 4468 1432 4525 τὸν
1486 4469 1671 4541 μισθὸν
1722 4469 1935 4546 ἐντελῆ,

2054 4491 2117 4530 ac
2139 4475 2420 4546 consilio;
2455 4477 2550 4547 qui
2583 4484 2642 4534 et
2669 4484 2959 4539 concessit
2987 4490 3051 4541 ut
3082 4488 3310 4545 modica
3340 4466 3517 4562 atque
3548 4492 3714 4549 debi-

288 4560 413 4633 ὑμῖν
478 4556 535 4615 δὲ
579 4565 680 4631 τῆς
736 4558 1090 4623 ἀπολαύσεως
1140 4563 1246 4615 τῶν
1305 4559 1460 4652 θείων
1505 4558 1705 4652 λόγων,
1729 4563 1936 4636 καρπὸν

2054 4564 2123 4619 lis
2153 4562 2358 4637 lingua
2385 4570 2589 4623 nostra
2617 4568 2737 4625 haec
2770 4570 2931 4628 vobis
2955 4556 3543 4652 loqueretur,qui-que
3566 4583 3713 4640 adeo

283 4648 1034 4726 πεπληρωμένονοὸτιαύτῷ
1064 4650 1100 4719 ἡ
1161 4647 1289 4720 δόξα
1343 4649 1433 4705 καὶ
1490 4650 1551 4705 τὸ
1608 4651 1804 4727 κράτος
1863 4652 1940 4716 είς

281 4736 411 4802 τοὺς
439 4739 638 4802 αἰῶνας
666 4743 776 4795 τῶν
809 4738 1047 4795 αἰώνων.
1081 4739 1282 4811 Ἀμήν.

2053 4654 2297 4710 inﬁrme
2328 4657 2541 4713 mentis
2573 4663 2780 4715 nostrae
2827 4678 3002 4735 opera
3046 4665 3316 4739 ingentes
3366 4669 3531 4727 vobis
3577 4671 3714 4728 the-

2054 4760 2287 4812 sauros,
2320 4744 2479 4801 tenui
2510 4747 2773 4805 veritatis
2803 4752 3501 4830 adumbratione,qucvis
3535 4762 3712 4817 modo

282 4828 586 4902 inspersit,
616 4828 744 4902 ipse
772 4829 941 4885 vobis
968 4844 1038 4885 ex
1067 4829 1259 4901 parvis
1292 4844 1527 4902 magna,
1561 4846 1631 4885 ex
1656 4831 1864 4902 paucis
1893 4832 2221 4890 seminibus
2252 4834 2569 4906 perfectam
2602 4837 2910 4897 scientiam
2941 4844 3166 4901 tribuat
3196 4863 3210 4902 :
3245 4864 3310 4903 ac
3366 4852 3492 4903 tum
3542 4848 3716 4907 nobis

281 4919 409 4992 ejus
439 4918 757 4976 voluntatis
786 4917 1154 4975 cumulatum
1186 4923 1421 4991 praestet
1439 4919 1766 4991 prwmium,
1794 4925 1922 4977 tum
1947 4923 2110 4979 vobis
2143 4924 2526 4981 fruendorum
2557 4926 2891 4988 divinorum
2924 4949 3265 4992 sermonum
3298 4936 3540 5009 plenum
3589 4938 3713 4997 fru-

285 5012 467 5066 ctum.
500 5008 618 5082 Ipsi
647 5008 833 5081 gloria
861 5012 920 5065 et
948 5007 1265 5081 imperium
1295 5008 1356 5064 in
1389 5009 1601 5066 saecula
1632 5009 2008 5068 sasculorum.
2042 5017 2251 5069 Amen.

463 5164 570 5218 Teii
599 5160 764 5217 αὐτοῦ
793 5162 917 5237 περὶ
947 5164 1046 5232 τῆς
1088 5161 1377 5238 ἀνθρώπου
1409 5170 1764 5237 κατασκευῆς,

937 5240 1165 5293 ΛΟΓΟΣ
1207 5241 1281 5292 Β’.

361 5319 422 5378 Ὁ
467 5321 559 5393 μὲν
617 5323 783 5398 σοφὸς
842 5320 1153 5398 Σολομὼν,
1215 5322 1315 5379 οὐκ
1370 5321 1424 5379 ἐν
1481 5326 1694 5388 πειθοῖς
1753 5327 1947 5405 σοφίας

290 5409 638 5485 ἀνθρωπίνης
689 5412 878 5490 λόγοις
914 5457 928 5484 ,
989 5411 1116 5469 ἀλλ’
1175 5411 1228 5470 ἐν
1296 5409 1572 5478 διδακτοῖς
1630 5414 1945 5490 Πνεύματος

291 5498 451 5577 ἁγίου
500 5490 795 5579 σοφισθεὶς,
838 5500 891 5557 ἐν
934 5506 1051 5565 τοῖς
1090 5501 1287 5580 ἀρτίως
1334 5505 1472 5577 ἡμῖν
1523 5505 1944 5583 ἀνεγνωσμένοις

291 5589 684 5665 ἀποσεμνύνων
768 5592 858 5647 τὸν
939 5590 1259 5669 ἄνθρωπον,
1322 5589 1450 5650 ἐϐόα
1509 5593 1681 5673 λέγων
1719 5617 1733 5633 ⁸
1790 5597 1944 5673 Μέγα

292 5681 573 5756 ἅνθρωπος
607 5723 623 5751 ,
675 5680 766 5737 καὶ
836 5681 1022 5757 τίμιον
1097 5682 1234 5762 ἀτὴρ
1312 5681 1607 5760 ἐλεήμων.
1668 5686 1812 5763 Ἐγὼ
1883 5684 1941 5742 δὲ

367 5771 434 5809 ³⁸³
466 5771 607 5830 Luc.
642 5789 717 5846 ιν,
752 5771 840 5830 43.

2307 5169 2458 5227 331
2496 5172 2783 5243 Ejusdem,
2814 5174 2880 5231 de
2905 5176 3145 5236 hominis
3172 5183 3461 5239 structura

2699 5246 2963 5304 ORATIO
2993 5250 3062 5305 ΙΙ.

2126 5330 2371 5403 Sapiens
2398 5330 2496 5388 ille
2520 5332 2941 5408 Salomon,non
2967 5337 3240 5397 humana
3263 5343 3569 5416 sapientiae
3591 5363 3719 5405 ver-

2056 5419 2143 5477 bis
2175 5421 2246 5476 ad
2278 5421 2647 5479 suadendum
2683 5426 3044 5498 compositis,
3107 5430 3210 5486 sed
3257 5432 3525 5492 doctrina
3575 5453 3716 5495 san-

2054 5510 2130 5566 cti
2159 5509 2410 5583 Spiritus
2440 5514 2728 5583 eruditus,
2760 5514 2820 5569 in
2852 5514 2945 5572 his
2977 5533 3105 5590 qua:
3135 5519 3309 5592 paulo
3341 5527 3513 5582 antea
3542 5527 3716 5584 nobis

2052 5599 2203 5656 lecta
2234 5604 2370 5656 sunt
2402 5601 2705 5660 hominem
2737 5603 3062 5665 delaudans
3083 5624 3150 5665 ac
3172 5608 3361 5682 elogio
3387 5614 3714 5680 celebrans;

2050 5687 2436 5759 exclamabat,
2455 5692 2973 5768 Magna,inquiens,
2996 5714 3083 5757 res
3110 5706 3192 5756 est
3218 5700 3402 5775 homo,
3428 5710 3481 5761 et
3504 5707 3715 5776 pretio-
