4154 6416
408 408 488 467 39
1346 403 1752 466 APPENDIX
1796 399 2126 463 OPERUM
2171 399 2239 462 S.
2284 400 2573 463 BASILII
2615 400 2889 464 HAGNI.
3754 410 3839 473 ιο

407 557 530 597 sum
556 543 649 597 vir
673 542 990 596 misericors
1020 539 1208 611 ".Ego
1239 541 1438 595 autem
1468 537 1647 593 stulte
1679 551 1910 592 mecum
1932 534 2039 606 ipsi

2181 532 2423 604 ματαίως
2470 534 2588 589 κατ’
2645 532 2879 607 ἅμαυτὸν
2938 532 3324 612 λογισάμενος,
3385 538 3421 593 ἅ
3470 558 3531 595 τε
3587 541 3739 616 εἶχον
3787 542 3843 598 ἂν

408 637 711 701 reputans,
743 635 871 685 tum
894 646 1023 701 quae
1056 629 1201 683 mihi
1236 629 1474 683 animus
1515 625 1884 698 suggerebat,
1936 629 2064 679 tum

407 735 534 791 quea
566 736 635 775 ex
662 720 963 790 Scriptura
994 718 1066 774 de
1099 718 1337 772 homine
1364 718 1725 783 didiceram;
1760 715 1929 787 plane
1959 715 2068 769 du-

407 809 690 871 bitabam,
723 809 819 879 qui
851 808 952 861 ﬁat
985 808 1043 861 in
1075 807 1251 862 homo
1284 823 1377 861 res
1413 820 1627 875 magna
1669 804 1765 870 sit,
1821 801 2068 858 mortale

405 897 630 952 scilicet
658 895 1561 963 animal,innumerabilibusque
1587 891 1903 947 obnoxium
1940 907 2065 961 per-

403 986 860 1050 turbationibus,
895 992 1071 1055 atque
1102 985 1176 1038 ab
1211 992 1340 1037 ortu
1377 981 1695 1037 nativitatis
1726 984 1799 1035 ad
1831 982 2063 1035 senium

406 1092 587 1145 usque
622 1076 910 1130 malorum
940 1090 1069 1144 quea
1120 1088 1433 1127 numerum
1482 1071 1767 1125 excedant
1818 1086 2063 1124 examen

403 1163 741 1232 exantlans;
776 1165 847 1219 de
877 1180 993 1234 quo
1028 1162 1317 1232 scriptum
1350 1165 1441 1215 est
1475 1175 1486 1213 :
1522 1160 1767 1225 Domine,
1802 1158 1937 1229 quid
1986 1163 2067 1214 est

402 1255 581 1323 homo,
629 1257 760 1325 quia
805 1252 1099 1307 innotuisti
1144 1266 1195 1304 ei
1250 1249 1333 1303 “‘I
1367 1257 1448 1303 Ao
1479 1248 1720 1320 quidem
1754 1245 2064 1303 Psalmista

399 1342 702 1398 hominem
722 1340 990 1412 despicit,
1009 1346 1072 1394 ut
1087 1338 1198 1393 vile
1222 1336 1462 1393 animal.
1483 1337 1890 1392 Parmmiastes
1924 1352 2059 1392 vero

397 1436 464 1487 ut
489 1446 774 1502 magnum
796 1430 936 1500 quid
958 1426 1255 1483 hominem
1278 1427 1556 1498 prmdicat
1572 1430 1632 1480 et
1647 1427 2056 1480 ellert.Verum

397 1519 687 1591 quidquid
716 1518 875 1574 istud
906 1517 1071 1572 dubii
1102 1520 1192 1572 est
1222 1515 1367 1570 mihi
1401 1513 1576 1569 solvit
1605 1530 1735 1586 quis
1767 1512 1919 1569 lecta
1967 1517 2058 1569 est

396 1607 657 1664 hominis
686 1612 855 1663 ortus
880 1604 1413 1679 procreationisqne
1435 1602 2056 1659 historia.Audivimus

394 1697 552 1753 enim
583 1697 756 1751 modo
787 1695 943 1767 quod
976 1694 1129 1749 Deus
1161 1692 1460 1764 pulverem
1492 1692 1565 1747 de
1595 1697 1749 1747 terra
1784 1708 2052 1762 sumpse-

395 1786 493 1851 rit,
526 1792 702 1857 atque
726 1785 1028 1840 hominem
1061 1782 1482 1846 formarit.0uo
1512 1796 1581 1836 ex
1611 1781 1787 1837 verbo
1820 1797 1888 1836 ao
1920 1798 2053 1836 sen-

396 1874 596 1940 tentia,
628 1878 944 1944 utrumque
970 1871 1193 1928 scilicet
1221 1872 1575 1941 inveni,tum
1608 1869 1752 1925 nihil
1788 1886 1917 1926 esse
1950 1872 2049 1925 ho-

394 1963 773 2033 minem,tum
807 1977 1088 2033 magnum
1122 1960 1262 2030 quid
1295 1961 1539 2015 esse.Ad
1563 1958 1749 2014 solam
1778 1965 2050 2015 naturam

391 2052 442 2109 si
475 2049 972 2124 respexeris,nihil
1007 2054 1095 2104 est
1124 2047 1676 2119 homo,nulliusque
1704 2046 1873 2119 pretii
1908 2063 1921 2102 :
1956 2048 2047 2103 sin

391 2146 585 2197 autem
608 2141 681 2194 ad
702 2139 982 2195 honorem
1007 2154 1182 2209 quem
1209 2138 1457 2208 adeptus
1480 2141 1878 2208 est,magnum
1904 2136 2046 2208 quid

390 2229 568 2287 homo
599 2235 714 2285 est.

463 2320 702 2383 LQuem
734 2316 1227 2388 illum?Compone
1247 2314 1507 2371 hominis
1526 2313 2045 2381 ortum,omnium-

389 2425 502 2480 que
533 2407 784 2464 aliarum
815 2423 1037 2461 rerum.
1073 2404 1223 2460 Dixit
1268 2410 1439 2471 Deus,
1473 2406 1594 2459 Fiat
1643 2404 1763 2471 lux,
1796 2412 1847 2459 rt
1893 2406 2045 2475 facta

388 2502 467 2553 est
500 2498 599 2552 tua:
631 2498 822 2551 “.Fiat
852 2497 1301 2567 ﬁrmamentum;
1340 2509 1671 2566 magnaque
1702 2492 1830 2548 cmli
1864 2492 2042 2547 fabri-

389 2604 453 2643 ca
484 2588 737 2658 desuper
766 2585 939 2640 nobis
969 2590 1203 2640 extenta
1234 2588 1342 2653 est,
1393 2582 1516 2638 solo
1567 2583 1737 2638 verbo
1786 2583 1990 2638 effecta
2022 2598 2037 2636 :

386 2676 592 2743 stellae,
625 2674 734 2746 sol,
770 2675 946 2741 luna;
979 2678 1307 2745 cunctaque
1337 2671 1496 2743 alia,l
1518 2677 1644 2728 tum
1695 2688 1821 2743 qua:
1872 2671 2038 2727 oculo

387 2764 839 2829 cernimus,tum
872 2780 999 2835 quis
1034 2768 1226 2818 mente
1257 2761 1903 2834 complectimur,verbo
1935 2778 2038 2816 na-

385 2859 479 2909 cta
509 2858 650 2910 sunt
682 2861 745 2908 ut
773 2857 990 2908 essent.
1014 2855 1188 2921 Mare,
1213 2856 1268 2907 et
1300 2856 1475 2919 terra,
1495 2856 1551 2906 et
1575 2854 1832 2922 quantus
1862 2850 1919 2906 in
1954 2851 2037 2905 eis

385 2948 629 2999 ornatus
659 2940 1125 2998 estzanimalium
1158 2939 2035 3012 omnimodagenera,stirpium

385 3032 627 3087 diversa:
659 3031 950 3102 variaeque
972 3029 1228 3102 species;
1253 3033 1464 3084 cuncta
1491 3032 1779 3100 praecepto
1802 3028 2037 3083 condita

382 3121 734 3177 sunt.Homo
766 3123 962 3175 autem
995 3136 1106 3174 non
1134 3118 1468 3174 item.Haud
1492 3119 1646 3173 enim
1674 3118 1893 3174 dictum
1923 3123 2031 3188 est,

378 3211 504 3266 Fiat
528 3211 718 3279 homo,
745 3209 921 3265 veluti
943 3211 1067 3265 Fiat
1084 3211 1517 3278 ﬁrmamentum;
1539 3225 1737 3263 verum
1772 3206 2032 3280 amplius

384 3300 609 3372 aliquid
644 3299 701 3354 in
733 3299 971 3355 homine
996 3299 1180 3362 vides,
1212 3315 1389 3369 quam
1432 3298 1492 3352 in
1541 3298 1691 3366 luce,
1741 3313 1921 3369 quam
1970 3297 2030 3352 in

379 3389 731 3460 cmlo,quam
764 3390 821 3441 in
856 3386 1524 3442 luminaribusPraestat
1545 3386 1822 3442 omnibus
1848 3386 2034 3442 homi-

386 3477 477 3533 nis
508 3475 856 3550 procreatio.
888 3477 1104 3545 Accepit
1134 3475 1313 3538 cnim,
1346 3474 1561 3544 inquit,
1594 3476 1733 3530 Deus
1758 3477 2036 3546 pulrerem

378 3565 443 3622 de
474 3571 643 3631 terra,
676 3573 728 3622 et
756 3567 1020 3637 fonnavit
1053 3566 1329 3620 hominem
1361 3565 1426 3617 ³ο.
1454 3568 1624 3618 Manu
1656 3564 1890 3636 propria
1944 3565 2031 3618 di-

379 3660 597 3729 gnatur
629 3671 843 3726 corpus
872 3660 1139 3709 nostrum
1175 3654 1445 3709 formare.
1480 3653 1605 3708 Non
1638 3652 1884 3725 angelus
1916 3656 2030 3708 for-

375 3746 592 3800 mando
625 3743 1006 3799 ministravit.
1036 3743 1161 3798 Non
1192 3741 1348 3796 velut
1380 3742 1629 3808 cicadas,
1664 3747 1870 3814 sponte
1919 3743 2029 3798 bu-

375 3850 510 3890 mus
527 3833 823 3889 hominem
841 3831 1235 3904 protulit.Non
1255 3830 2030 3901 administrispotcstatibus

378 3923 487 3979 hoc
511 3928 575 3979 ut
602 3922 817 3977 illudve
839 3923 1093 3977 facerent
1115 3921 1519 3992 praecepit;sed
1546 3936 1720 3975 manu
1745 3938 1853 3975 sua
1884 3939 2029 3993 opus

372 4011 656 4079 elaborat,
689 4016 924 4083 sumpto
947 4027 978 4066 e
1008 4015 1160 4065 terra
1194 4008 1446 4081 pulvere.
1485 4008 1583 4065 Ubi
1618 4009 1817 4065 oculos
1848 4012 1918 4065 ad
1968 4012 2025 4067 id

373 4103 529 4175 quod
561 4105 866 4172 acceptum
898 4104 989 4154 est
1018 4099 1361 4168 adverteris,
1395 4098 1601 4153 merito
1634 4098 1896 4154 dicturus
1941 4117 2025 4169 es,

372 4190 516 4261 Quid
543 4194 625 4247 est
657 4190 858 4245 homo?
889 4188 996 4244 Ubi
1029 4192 1223 4243 autem
1258 4188 1328 4243 ad
1365 4187 1736 4256 formanlem,
1779 4189 2026 4260 ejusque

372 4279 565 4353 ipsius
593 4278 874 4335 fabricam
908 4277 1124 4332 mentis
1156 4275 1683 4332 considerationem
1716 4277 2024 4348 adjeceris,

370 4370 596 4423 mutata
627 4383 832 4421 rursus
857 4364 1440 4435 sententiaﬁagnum
1472 4368 1553 4419 est
1585 4363 2026 4435 homo,pronun-

370 4454 885 4524 tiaveris;alterum
921 4457 1159 4527 propter
1185 4451 1489 4508 materiam
1537 4469 1604 4508 ex
1663 4470 1780 4525 qua
1836 4453 2026 4510 fabre-

368 4545 562 4601 factus
589 4548 772 4611 est,ut
801 4560 932 4616 quis
968 4559 1079 4598 sua
1109 4542 1240 4613 ipsa
1267 4546 1474 4597 natura
1502 4541 1669 4596 nihili
1699 4546 2025 4615 reputatur;

369 4632 617 4690 alterum
632 4631 873 4688 honoris
887 4648 1066 4687 causa
1083 4631 1465 4703 quodonatus
1489 4634 1597 4699 est;
1622 4630 1774 4687 888
1807 4630 2024 4703 quippe
2058 4654 2104 4717 ο

367 4739 566 4779 revera
588 4737 867 4793 magnum
885 4719 1020 4792 quid
1035 4721 1368 4785 exsistat,eo
1382 4719 1532 4791 quod
1552 4720 1619 4774 ad
1635 4719 1953 4792 imaginem
1969 4724 2029 4776 et

368 4812 438 4866 ad
471 4809 942 4866 similitudinem.
976 4810 1043 4864 Et
1072 4810 1302 4880 sumpsit
1333 4809 1473 4863 Deus
1519 4808 1823 4879 pulverem.
1871 4811 2023 4872 Quo-

367 4900 540 4956 modo
575 4900 655 4955 ibi
688 4899 746 4953 in
778 4898 1201 4969 superioribus,
1228 4899 1292 4952 Et
1319 4900 1448 4970 fecit
1481 4898 1620 4952 Deus
1647 4897 1927 4952 hominem
1955 4896 2025 4952 ad

364 4991 666 5062 imaginem
694 5005 855 5044 suam
880 4986 1222 5044 “.Hominis
1256 4987 1579 5060 procreatio
1602 4988 1728 5058 jam
1761 4986 1820 5041 in
1854 5003 2025 5058 supe-

364 5078 617 5133 rioribus
647 5078 896 5145 tradita;
931 5076 1023 5131 hic
1050 5080 1244 5132 aulem
1278 5092 1484 5131 rursus
1515 5091 1547 5129 a
1595 5074 1901 5147 principio,
1955 5093 2022 5132 ac

365 5167 416 5223 si
460 5165 714 5221 nihilum
773 5167 844 5222 de
871 5164 1129 5221 hominis
1180 5163 1532 5219 formatione
1582 5162 2018 5234 didicissemus,

362 5256 758 5313 narrationem
790 5254 1094 5310 institutit.
1120 5255 1184 5309 Et
1207 5253 1438 5323 sumpsit
1472 5256 1615 5307 Deus
1645 5252 1925 5321 pulverem
1956 5254 2023 5309 de

364 5353 531 5413 terra,
566 5351 617 5401 et
647 5346 915 5419 formavit
947 5341 1411 5405 hominem.Quod
1449 5339 1496 5395 si
1527 5342 1765 5411 quidam
1801 5342 2019 5413 dixere,

2177 625 2245 694 τῇ
2293 620 2530 696 ἐμαυτοῦ
2589 620 2821 695 διανοίᾳ,
2847 623 2937 679 καὶ
2991 625 3024 679 ἆ
3072 626 3217 702 παρὰ
3271 633 3372 696 τῆς
3432 634 3651 706 Γραφῆς
3689 628 3839 687 δεδι-

2179 708 2445 787 δαγμένος
2504 711 2657 784 ἥμην
2739 713 2863 787 περῖ
2941 718 3037 769 τοῦ
3122 716 3459 789 ἀνθρώπου,
3516 718 3678 782 αὐτὸς
3738 721 3836 793 μὶν

2179 798 2497 877 διηπόρουν,
2564 802 2649 856 ὅτι
2706 807 2826 866 πῶς
2888 804 3025 878 μέγα
3082 802 3401 878 ἄνθρωπος,
3459 808 3521 861 τὸ
3570 807 3832 885 ἐπίκηρον

2178 894 2339 960 ζῶον,
2372 892 2433 945 τὸ
2490 891 2703 966 μυρίοις
2759 893 2981 947 πάθεσιν
3037 893 3416 967 ὑποκείμενον,
3442 896 3505 951 τὸ
3561 896 3621 952 ἐκ
3675 919 3831 973 γενε-

2173 985 2272 1046 τῆς
2325 979 2403 1041 εἰς
2459 986 2632 1055 γῆρας
2684 980 2892 1055 μυρίων
2938 987 3118 1037 κακῶν
3159 981 3323 1054 ἐσμὸν
3360 984 3671 1056 ἐξαντλοῦν,
3703 988 3827 1061 περὶ

2174 1066 2237 1120 οὗ
2298 1066 2548 1143 εἶ’ρηται’
2594 1069 2783 1143 Κύριε,
2842 1070 2895 1124 τί
2950 1069 3093 1126 ἐστιν
3154 1072 3459 1147 ἄνθρωπος,
3518 1076 3599 1129 ὅτι
3661 1075 3827 1151 ιγνώ-

2173 1156 2309 1224 σθης
2366 1156 2549 1229 αὐτῷς
2599 1157 2688 1212 καὶ
2748 1159 2776 1213 ὁ
2836 1159 2933 1231 μὶν
2990 1157 3311 1234 Ψαλμῳδὸς
3370 1170 3700 1239 καταφρονεῖ
3755 1166 3831 1228 ὼς

2172 1245 2426 1308 εὐτελοῦς
2455 1250 2553 1301 τοῦ
2595 1246 2758 1315 ζώου,
2792 1248 2881 1302 καὶ
2926 1250 2961 1317 ὴ
3007 1252 3286 1325 Παροιμία
3341 1252 3699 1326 ἀποσεμνύνει
3752 1255 3829 1319 ὡς

2173 1335 2313 1409 μέγα
2333 1356 2385 1389 τι
2415 1336 2508 1391 τὸν
2541 1335 2850 1410 ἄνθρωπον.
2886 1335 3064 1393 Ἀλλά
3106 1359 3201 1412 μοι
3244 1342 3344 1409 την
3392 1340 3652 1411 τοιαύτην
3712 1340 3830 1399 δια-

2169 1424 2402 1497 πόρησιν
2450 1422 2700 1495 ἔλυσενή
2731 1424 2944 1497 ἱστορία
2991 1432 3094 1495 τῆς
3147 1427 3408 1503 γενέσεως
3464 1433 3562 1484 τοῦ
3616 1430 3828 1506 ἀνθρώ.

2168 1531 2273 1565 που
2323 1513 2739 1587 ἀναγνωσθεῖσα.
2774 1513 3074 1587 Ἦκούομεν
3119 1515 3220 1590 γὰρ
3263 1520 3354 1571 νῦν
3400 1516 3483 1572 δτι
3514 1519 3646 1583 Θεὸς
3669 1514 3833 1576 ἔλαϐε

2167 1604 2306 1676 χοῦν
2362 1602 2468 1657 άπὸ
2524 1609 2625 1671 τῆς
2687 1610 2790 1678 γῆς
2828 1648 2843 1674 ,
2895 1605 2985 1658 καὶ
3046 1599 3249 1660 ἔπλασε
3316 1606 3408 1661 τὸν
3486 1607 3773 1683 ἄνθρωπον
3810 1650 3825 1666 .

2166 1690 2341 1762 Εὗρον
2372 1690 2551 1745 τοίνυν
2584 1690 2691 1766 ἐγὼ
2732 1690 2792 1747 ἐκ
2837 1697 2935 1747 τοῦ
2983 1693 3227 1768 ῥήματος
3272 1694 3472 1750 τούτου
3519 1697 3823 1774 ἀμφότερα,

2164 1778 2246 1833 ὅτι
2308 1777 2462 1834 οὐδὲν
2527 1777 2853 1857 ἄνθρωπος,
2912 1782 3001 1837 καὶ
3084 1784 3222 1857 μέγα
3305 1785 3589 1861 ἄνθρωπος
3624 1831 3636 1843 .
3693 1788 3820 1844 Ἐάν

2162 1868 2298 1940 πρὸς
2342 1870 2442 1938 τήν
2494 1868 2648 1945 φύσιν
2700 1868 2865 1943 μόνον
2912 1865 3255 1946 ἀποϐλέψῃς,
3290 1873 3352 1927 τὸ
3385 1871 3578 1947 μηδὲν,
3605 1875 3694 1929 καὶ
3724 1879 3821 1931 τοῦ

2164 1954 2397 2029 μηδενὸς
2452 1955 2636 2028 ἄξιοςο
2683 1957 2773 2013 ἐὰν
2828 1956 2887 2014 δὲ
2934 1960 3070 2034 πρὸς
3106 1962 3206 2031 τήν
3255 1964 3425 2035 τιμὴν
3465 1964 3528 2032 ἢν
3560 1963 3821 2038 ἐτιμήθη,

2163 2045 2300 2121 μέγα
2329 2047 2357 2100 6
2388 2043 2697 2123 ἅνθρωπος.

2228 2318 2279 2371 1.
2340 2313 2509 2369 Ποίαν
2559 2315 2813 2386 ταῦτην;
2874 2317 3176 2391 Σίγκρινον
3239 2320 3529 2396 ἀνθρώπου
3583 2321 3819 2395 γίνεσιν,

2153 2404 2378 2459 καὶτῶν
2438 2404 2625 2460 ἄλλων
2670 2406 2941 2463 ἁπάντων.
2976 2407 3139 2464 Εἶπεν
3198 2409 3227 2464 6
3279 2409 3411 2472 Θεός
3446 2427 3459 2441 ⁸
3521 2412 3815 2481 Γενηθήτω

2152 2498 2285 2570 φῶς,
2315 2492 2405 2548 καί
2465 2494 2676 2568 ἐγένετο
2734 2500 2846 2571 φῶς
2880 2514 2891 2526 ·
2943 2500 3229 2572 γενηθήτω
3287 2498 3590 2571 στερέωμα,
3641 2499 3730 2553 καὶ
3780 2499 3811 2555 6

2153 2581 2315 2657 μέγας
2374 2582 2601 2657 οὐρανὸς
2680 2582 2877 2649 ἄνωθεν
2940 2587 3076 2659 ἡμῖν
3158 2588 3543 2658 ὑπερτέταται,
3598 2587 3803 2663 ῥήματι

2149 2677 2281 2726 Θεοῦ
2337 2674 2663 2747 γενόμενος’
2695 2674 2912 2748 ἀστέρες
2970 2675 3059 2729 καὶ
3109 2675 3269 2745 ἥλιος
3318 2675 3406 2731 καὶ
3447 2675 3678 2746 σελήνη,
3709 2676 3801 2732 καὶ

2145 2763 2193 2815 τ’
2225 2758 2366 2816 ἄλλα
2394 2762 2492 2816 ὅσα
2520 2763 2828 2838 θεωροῦμεν
2879 2761 3171 2841 ὀιρθαλμῷ,
3201 2764 3292 2820 καὶ
3351 2763 3451 2820 ὅσα
3504 2769 3582 2837 νῷ
3627 2786 3798 2821 κατα-

2147 2846 2524 2923 λαμϐάιομεν,
2559 2852 2765 2925 ῥήαατι
2793 2850 2922 2929 ἔσχε
2966 2854 3030 2908 τὸ
3080 2854 3233 2911 εἶναι.
3261 2852 3514 2909 Θάλασσα
3564 2854 3654 2909 καὶ
3701 2857 3795 2931 γῆ,

2144 2939 2233 2994 καὶ
2264 2942 2299 3009 ἡ
2334 2938 2384 2994 ἐν
2418 2941 2599 3003 αὖνοῖς
2633 2937 3016 3015 διακόσμησις,
3059 2946 3209 3011 ζώων
3270 2943 3400 3018 γένη
3454 2940 3793 3012 παντοδαπά,

2144 3032 2322 3103 φυτῶν
2389 3026 2639 3107 διάφοροι
2697 3030 2994 3098 ποικιλίαι,
3053 3031 3227 3087 πάντα
3279 3031 3652 3108 προστάγματι
3705 3031 3798 3108 7t-

2147 3140 2325 3193 γονεν.
2358 3122 2678 3196 ’Ἀνθρωπος
2706 3117 2763 3175 δὶ
2788 3120 2895 3196 οὐχ
2931 3119 3127 3183 οὕτως.
3160 3120 3239 3178 Οὐ
3295 3121 3396 3197 γάρ
3457 3119 3663 3195 ἰλὲχθη
3697 3123 3799 3194 (a),

2146 3209 2435 3277 Γενηθήτω
2534 3206 2864 3283 ἄνθρωπος,
2923 3211 2998 3272 ὡς
3080 3213 3369 3281 Γενηθήτω
3470 3210 3803 3285 στερέωμαο

2063 3280 2106 3346 C
2146 3294 2290 3351 ἀλλὰ
2346 3294 2537 3351 πλεῖόν
2594 3280 2645 3352 τι
2706 3300 2832 3373 ὁρᾷς
2893 3298 2944 3353 ἐν
2999 3302 3079 3370 τῷ
3129 3280 3400 3374 ἀνθρώπῳ
3459 3280 3593 3371 ὑπὲρ
3642 3280 3805 3375 φήῶς,

2150 3386 2280 3460 ὑπὶρ
2341 3385 2584 3461 οὐρανὸν,
2637 3386 2769 3462 ὑπὲρ
2828 3393 3161 3465 φωστῆρας·
3196 3386 3328 3461 ὑπὲρ
3387 3388 3561 3441 πάντα
3615 3389 3651 3456 ἡ
3711 3386 3801 3441 ἀν-

2144 3476 2364 3549 θρώπου
2421 3471 2647 3551 γένεσις’
2702 3471 2909 3530 ’Ἐλαϐε
2957 3475 3082 3550 γὰρ,
3142 3474 3345 3552 φησὶν,
3404 3476 3433 3530 ὁ
3481 3475 3610 3537 Θεὸς
3662 3472 3800 3551 χοῦν

2141 3564 2246 3618 ἀπὸ
2322 3567 2422 3626 τῆς
2505 3571 2632 3640 γῆς,
2690 3563 2779 3617 ·αὶ
2866 3562 3064 3619 ἔπλασε
3147 3565 3240 3618 τὸν
3302 3561 3603 3640 ἄνθρωπον.
3658 3570 3799 3621 Κατ·

2140 3655 2280 3725 αξιοῖ
2339 3651 2448 3725 ἰδίᾳ
2499 3654 2647 3729 χειρὶ
2708 3650 3002 3708 διαπλάσαι
3035 3654 3098 3707 τὸ
3143 3653 3411 3730 ἡμέτερον
3464 3658 3641 3727 σῶμα.
3675 3654 3794 3710 Οὐκ

2140 3740 2374 3817 ἅγγελος
2424 3743 2809 3816 ὑπηρετήσατο
2860 3741 2937 3804 εῗς
3002 3743 3102 3811 τὴν
3160 3740 3402 3796 πλάσιν·
3463 3742 3573 3817 οὐχ
3626 3745 3661 3812 ἡ
3718 3750 3788 3819 γῆ

2138 3831 2465 3904 αὐτομάτως
2527 3832 2716 3906 ὥσπρο
2773 3830 2902 3893 τοὺς
2967 3829 3215 3906 τὲ-ττιγας
3271 3831 3419 3905 ἡμας
3475 3827 3790 3906 ἐξὲϐρασεν’

2139 3920 2239 3976 οὐκ
2277 3922 2390 3975 εἶπε
2438 3917 2565 3975 τόδε
2607 3904 2697 3974 καὶ
2742 3917 2866 3975 τάδε
2913 3904 3141 3985 ποιήσαι
3185 3904 3602 3996 λειτουργικαῖς-
3635 3918 3792 3975 δυνά-

2141 4028 2314 4084 μεσιν
2350 4008 2476 4064 ἀλλ’
2510 4006 2618 4080 ἰδίᾳ
2666 4009 2815 4085 χειρὶ
2874 4006 3215 4086 φιλοτεχνεῖ,
3243 4014 3378 4085 χοῦν
3440 4004 3625 4063 λαϐὼν
3684 4010 3791 4065 ἀπὸ

2135 4101 2234 4162 τῆς
2281 4105 2405 4173 γῆς.
2438 4100 2603 4156 ’Όταν
2650 4099 2746 4172 μὲν
2797 4098 2937 4172 πρὸς
2979 4098 3044 4152 τὸ
3075 4097 3279 4176 ληφθὲν
3312 4094 3536 4173 ἀπίδῃς,
3569 4097 3795 4163 εἰκότως

2137 4187 2319 4262 ἒρεῖςο
2352 4186 2418 4244 Τί
2473 4185 2614 4242 εστιν
2677 4185 2994 4262 ἄνθρωπος’
3047 4188 3173 4242 ὅταν
3231 4185 3290 4242 δὲ
3335 4186 3431 4242 τὸν
3487 4185 3793 4257 πλάσαντα,

2137 4277 2226 4330 καὶ
2257 4276 2357 4345 τὴν
2389 4277 2590 4331 τούτου
2639 4276 2968 4352 αὐτουργίαν
3017 4277 3383 4351 κατανοήσῃς,
3413 4273 3579 4330 πάλιν
3630 4296 3791 4349 μετα-

2136 4359 2322 4419 ϐαλὼν
2376 4364 2631 4440 ἀποφήνῃ
2692 4362 3011 4429 ἰνδιαοὲτως
3045 4410 3059 4436 ,
3113 4364 3198 4420 ὅτι
3250 4366 3402 4440 Μέγα
3453 4364 3740 4441 ἄνθρωπος
3774 4383 3788 4397 ⁸

2134 4453 2196 4508 τὸ
2232 4453 2344 4527 μὲν,
2378 4452 2469 4509 διὰ
2513 4456 2614 4524 τήν
2665 4452 2805 4525 ὓλην
2849 4453 2901 4525 ἐξ
2950 4457 3016 4524 ἧς
3044 4454 3483 4524 κατεσκεύασται,
3513 4455 3587 4518 ὡς
3637 4451 3790 4512 οὐδέν

2132 4563 2186 4596 τι
2239 4542 2374 4597 κατὰ
2423 4544 2524 4611 τὴν
2581 4539 2723 4597 ἰδίαν
2793 4542 2947 4621 φύσιν
3008 4540 3417 4619 λογιζομένην·
3471 4543 3536 4598 τὸ
3592 4539 3671 4610 δὶ,
3704 4540 3795 4598 διὰ

2134 4632 2234 4701 τὴν
2290 4633 2458 4705 τιμὴν
2517 4634 2578 4701 ἢν
2642 4631 2952 4706 τετίμηται,
2995 4633 3069 4695 ὡς
3123 4632 3258 4707 μέγα
3310 4630 3362 4686 ἐν
3418 4628 3669 4703 ἀληθείᾳ,
3703 4628 3794 4687 διὰ

2134 4720 2197 4775 τὸ
2264 4723 2381 4775 κατ’
2452 4720 2633 4776 εῗκόνα
2708 4722 2796 4776 καὶ
2874 4723 2995 4777 καθ’
3048 4720 3314 4795 ὁμοίωσιν
3351 4765 3364 4790 ,
3418 4723 3789 4795 κρινομένην.

2136 4810 2233 4865 Καὶ
2280 4805 2480 4865 ἔλαϐεν
2535 4812 2563 4865 6
2619 4812 2746 4873 Θεὸς
2830 4815 2989 4887 χοῦν.
3052 4813 3178 4873 Πῶς
3238 4810 3349 4866 ἐκεῖ
3407 4811 3502 4884 μὶν
3564 4809 3619 4865 ἐν
3674 4813 3792 4874 τοῖς

2132 4899 2396 4958 κατόπιν.
2458 4900 2556 4954 Καὶ
2609 4899 2860 4971 ἐποίησεν
2926 4901 2955 4954 6
3008 4901 3135 4961 Θεὸς
3189 4900 3280 4955 τὸν
3338 4899 3616 4975 ἄνθρωπον
3676 4899 3795 4953 κατ’

2131 4987 2312 5043 ε”κόνα
2370 4988 2558 5055 αὐτοῦ,
2620 4988 2845 5043 ἐνταῦθα
2896 4986 2954 5042 δὲ
3010 4987 3210 5043 ἄνωθεν
3279 4987 3444 5045 πάλιν
3503 4987 3791 5061 ἀνθρώπου

2129 5079 2338 5152 γένεσις
2389 5078 2723 5152 ἱστορεῖται,
2774 5078 2851 5139 ὡς
2904 5077 3073 5150 μήπω
3137 5073 3310 5149 μηδὶν
3362 5077 3487 5152 περὶ
3541 5084 3641 5147 τῆς
3693 5081 3793 5132 τοῦ

2131 5166 2423 5242 ἀνθρώπου
2486 5164 2834 5228 διαπλάσεως
2914 5162 3314 5242 δεδιδαγμένων
3371 5169 3571 5240 ἡμῶνς
3634 5164 3791 5242 Λέγει

2130 5254 2273 5331 γάρ·
2327 5257 2428 5313 Καὶ
2485 5251 2677 5312 ἔλαϐεν
2735 5261 2763 5311 6
2809 5256 2937 5317 Θεὸς
3011 5259 3148 5331 χοῦν
3211 5254 3318 5310 ἀπὸ
3369 5259 3467 5321 τῆς
3521 5261 3645 5330 γῆς,
3701 5254 3794 5311 καὶ

2133 5338 2335 5399 ἔπλασε
2409 5346 2500 5400 τὸν
2590 5342 2917 5418 ἄνθρωπον.
2977 5343 3040 5400 Εἴ
3123 5341 3180 5399 δὲ
3234 5365 3374 5406 τινες
3427 5341 3621 5422 ἔφασαν
3659 5389 3672 5413 ,
3729 5343 3793 5398 τὸ

434 5536 477 5572 ¹¹¹
502 5538 672 5592 Prov.
703 5551 801 5607 xx,
826 5535 880 5591 6.
959 5535 1002 5570 ίθ
1035 5530 1191 5590 Psal.
1225 5547 1395 5601 CXLII,
1428 5530 1481 5589 3.
1563 5532 1608 5567 ¹⁹
1638 5530 1846 5588 Genes.
1879 5548 1921 5605 1,
1950 5533 2006 5605 3,
2037 5560 2039 5569 ‹

2170 5536 2217 5571 ²⁰
2248 5535 2457 5593 Cenes.
2493 5550 2556 5605 ιι,
2588 5536 2642 5590 6.
2720 5534 2762 5569 ²¹
2794 5537 3001 5592 Gcnes.
3035 5551 3073 5605 ι,
3104 5535 3194 5591 27.

433 5745 511 5817 (a)
534 5742 747 5818 ⁶¹Σλὲχθ
757 5761 815 5815 μ.
849 5742 985 5811 ML,
1017 5745 1154 5797 εἶπε.
