4154 6426
322 477 398 539 41
1310 469 1415 529 DE
1457 468 1785 531 HOMINIS
1830 466 2302 530 STRUGTURA
2354 469 2651 531 ORATIO
2693 469 2774 530 Il.
3659 476 3739 536 42

320 606 414 682 μὶν
482 601 735 673 ἔπλασεν,
810 601 899 658 ἐπὶ
967 603 1066 656 τοῦ
1131 599 1386 674 σώματος
1461 600 1728 676 εἰρῆσθαιο
1785 598 1847 653 τὸ
1905 595 1963 654 δὲ

2072 598 2217 655 illud
2237 600 2472 672 quidem
2488 603 2853 671 formavit,de
2874 619 3115 676 corpore
3132 602 3356 661 dictum
3373 622 3504 663 esse
3529 622 3544 662 :
3562 606 3738 680 quod

314 696 590 766 εποίησεν»
641 692 726 748 ἐπὶ
785 698 886 762 τῆς
947 693 1154 766 ψυχῆς·
1213 689 1302 745 καὶ
1381 687 1510 752 ἴσως
1561 689 1662 744 οὐκ
1712 682 1814 762 ἔξω
1869 694 1968 759 τῆς

312 783 572 856 ἀληθείας
657 784 685 837 6
767 780 963 856 λόγος.
1038 780 1217 836 Ὅπου
1279 779 1373 853 μὲν
1432 778 1534 854 γὰρ
1568 776 1800 853 ἔρηται,
1860 778 1962 833 Καὶ

315 873 562 943 ἐποίησεν
625 873 653 927 6
708 871 837 933 Θεὸς
893 868 988 924 τὸν
1038 866 1345 945 ἄνθρωπον,
1397 868 1565 946 λέγει,
1611 868 1729 923 κατ’
1787 868 1968 923 εἰκόνα

315 968 448 1020 Θεοῦ
505 961 753 1033 ἐποίησεν
814 958 996 1014 αὐτόν’
1081 956 1218 1012 ὅπου
1295 954 1352 1013 δὲ
1430 955 1624 1013 λοιπὸν
1678 957 1803 1033 περὶ
1866 963 1967 1027 τῆς

315 1058 632 1128 σωματικῆς
701 1052 863 1123 ἡμῶν
936 1047 1280 1110 ὑποστάσεως
1363 1046 1453 1102 καὶ
1532 1049 1634 1116 τῆς
1718 1044 1970 1108 πλάσεως

314 1140 608 1217 διηγεῖται,
657 1138 720 1194 τὸ
769 1135 999 1193 ἔπλασεν
1052 1136 1221 1212 λέγει.
1283 1136 1549 1215 Διαφοράν
1610 1133 1669 1191 δὲ
1697 1137 1973 1206 ποιήσεως

310 1231 401 1286 καὶ
432 1229 682 1290 πλάσεως
738 1228 829 1283 καὶ
880 1228 908 1281 6
966 1224 1288 1298 Ψαλμῳδὸς
1339 1223 1595 1299 ἐδίδαξεν,
1659 1224 1849 1280 εξπώνο
1904 1225 1970 1279 Αἱ

310 1322 493 1397 χεῖρές
552 1340 648 1374 σου
702 1316 961 1386 ἐποίησάν
1021 1336 1088 1389 με
1142 1315 1240 1370 παὶ
1324 1312 1561 1371 ἔπλασάν
1635 1331 1722 1388 με’
1781 1312 1970 1385 ἐποίη-

307 1431 401 1466 σαν
485 1411 578 1464 τὸν
656 1405 762 1462 ἔσω
844 1402 1148 1482 ἄνθρωπον,
1230 1403 1467 1460 ἔπλασαν
1533 1405 1625 1460 τὸν
1688 1402 1820 1477 ἔξω·
1878 1418 1974 1474 καὶ

304 1501 409 1577 γάρ
439 1497 633 1575 πρέπει
681 1500 717 1567 ἡ
772 1496 869 1569 μὶν
928 1493 1130 1557 πλάσις
1181 1495 1369 1566 πηλῷ,
1428 1495 1462 1563 ἡ
1524 1490 1581 1548 δὲ
1636 1493 1971 1565 ποίησιςτῷ

302 1590 421 1645 κατ’
473 1587 672 1643 εἰκόνα·
737 1585 875 1641 ὥστε
931 1582 1172 1654 ἐπλάσθη
1254 1583 1347 1657 μὲν
1412 1585 1447 1653 ἡ
1507 1582 1676 1660 σὰρξ,
1735 1581 1967 1653 ἐποιήθη

308 1676 366 1734 δὲ
395 1680 429 1748 ἡ
462 1677 639 1753 ψυχή.
671 1677 823 1731 ’Άνω
868 1672 1047 1728 τοίνυν
1083 1671 1169 1727 ἐπὶ
1226 1674 1414 1748 ψυχῆς
1472 1671 1836 1743 ὑποστάσεως,
1876 1675 1968 1725 νῦν

306 1767 558 1844 περὶτῆς
595 1767 692 1819 τοῦ
740 1764 997 1837 σώματος
1050 1759 1392 1823 διαπλάσεως
1443 1764 1578 1835 ἡμῖν
1636 1756 1966 1835 διαλέγεται.

308 1858 446 1933 Ἒχε
491 1855 583 1910 καὶ
636 1857 829 1909 τοῦτον
882 1852 976 1907 τὸν
1028 1850 1220 1927 λόγον.
1268 1850 1358 1913 Τίς
1415 1848 1473 1905 δὲ
1530 1850 1717 1921 οἶτος;
1747 1852 1865 1905 Ὃτι
1903 1850 1971 1904 τα

312 1947 404 2019 μὲν
450 1942 501 1998 ἒν
547 1939 1127 2033 κεφαλαίῳῌλὲγεταιο
1178 1940 1246 1995 τὰ
1303 1937 1362 1995 δὲ
1407 1938 1543 2033 κατά
1594 1939 1685 1994 τὸν
1719 1938 1967 2033 πρόπσν,
1996 1970 2041 2033 Β

307 2035 426 2097 καθ’
455 2031 513 2088 6'v
542 2028 763 2086 ἕκαστον
813 2027 1054 2105 γέγονεν,
1103 2032 1238 2103 ἡμῖν
1297 2024 1672 2105 παραδίδοται.
1719 2029 1961 2092 ’Ἂνωθεν

311 2123 407 2197 μὲν
464 2118 553 2176 οῦν
617 2118 701 2175 ὅτι
747 2119 838 2173 καὶ
905 2118 1184 2191 εποίησεν,
1242 2117 1341 2173 οὐκ
1415 2114 1716 2193 ἐνδιέτριψα
1772 2115 1831 2172 δὲ
1884 2121 1972 2198 τῷ⁸

303 2211 494 2286 τρόπῳ
548 2216 651 2280 τῆς
700 2209 1000 2279 ποιήσεωςο
1073 2205 1181 2262 ὧδε
1252 2207 1339 2262 καὶ
1395 2211 1510 2269 πῶς
1568 2204 1839 2277 ἐποίησεν.
1898 2205 1963 2261 Et

303 2301 405 2378 γὰρ
460 2297 654 2362 ἁπλῶς
706 2298 872 2367 εἶπεν,
934 2297 1016 2352 δτι
1073 2295 1348 2367 ἐποίησεν,
1408 2293 1685 2372 ἐλογίξετο
1734 2293 1818 2365 ἂν,
1879 2290 1961 2350 ὅτι

302 2388 553 2461 ἐποίησεν
615 2389 691 2450 ὡς
746 2387 813 2442 τὸ.
862 2388 1060 2458 κτήνη,
1093 2387 1166 2449 ὡς
1220 2387 1289 2441 τὰ
1345 2385 1530 2461 θηρία,
1581 2386 1657 2448 ὡς
1703 2385 1771 2439 τά
1800 2384 1959 2462 φυτὰ,

303 2502 378 2543 ως
411 2480 506 2535 τὸν
535 2476 756 2554 χόρτον.
786 2478 900 2533 Ἳνα
941 2475 1031 2531 οῦν
1058 2475 1231 2555 olm:
1277 2476 1376 2545 τὴν
1415 2476 1552 2550 πρὸς
1602 2475 1669 2530 τὰ
1699 2475 1965 2550 ἀγριώτε-

314 2588 381 2644 ρα
454 2568 544 2623 καὶ
623 2566 1051 2641 ἀναισθητότερα
1123 2563 1435 2637 κοινωνίαν,
1494 2564 1594 2631 τήν
1653 2561 1957 2635 ίδιάξουσαν

304 2658 430 2730 περὶ
487 2657 545 2712 σε
601 2660 699 2711 τοῦ
724 2659 858 2711 Θεοῦ
909 2652 1300 2732 φιλοτεχνησιν
1333 2654 1360 2709 6
1421 2651 1588 2729 λόγος
1620 2651 1954 2729 παρέδωκεν.

302 2740 539 2803 Ἒλαϐεν
599 2745 627 2800 ὁ
687 2743 816 2806 Θεὸς
876 2747 1015 2819 χοῦν
1072 2743 1178 2798 ἀπὸ
1255 2745 1356 2808 τῆς
1407 2749 1531 2820 γῆς.
1584 2743 1731 2798 Ἐκεῖ
1790 2743 1952 2812 εἶπεν,

307 2833 389 2890 ὅτι
421 2833 697 2905 ἐποίησεν,
754 2832 980 2888 ἐνταῦθα
1033 2829 1090 2886 δὲ
1144 2836 1261 2895 πῶς
1312 2829 1556 2902 ἐποίησε·
1609 2835 1744 2908 χοῦν
1792 2826 1957 2888 ἔλαϐε

304 2922 412 2979 ἀπὸ
467 2930 568 2993 τῆς
626 2930 753 3000 γῆς,
811 2921 901 2977 καί
959 2917 1162 2978 ἔπλασε
1211 2927 1332 2984 ταῖς
1384 2918 1546 2983 ἰδίαις
1595 2921 1803 3006 χερσίν.
1838 2922 1951 2976 Ἐν-

305 3013 605 3086 θυμήθητι,
666 3016 783 3074 πῶς
841 3008 1138 3082 ἐπλάσθης·
1175 3010 1237 3066 τὸ
1296 3009 1649 3088 ἐργαστήριον
1699 3017 1801 3080 τῆς
1851 3011 1951 3088 φύ-

302 3122 441 3162 σεως
497 3100 738 3174 λόγισαι⁶
797 3098 919 3176 χείρ
989 3099 1098 3154 ἐστι
1161 3102 1294 3154 Θεοῦ
1372 3101 1409 3169 ἠ
1492 3100 1947 3156 κατασκευάσασα.

296 3189 368 3244 Τὸ
398 3186 490 3244 οῦν
525 3188 672 3263 παρὰ
700 3191 834 3244 Θεοῦ
876 3186 1132 3257 πλασθὲν,
1182 3184 1273 3242 διά
1312 3186 1577 3263 πονηρίας
1612 3189 1687 3260 μὴ
1723 3192 1947 3263 μιανθῇ,

302 3274 375 3333 δι⁶
436 3276 707 3352 ἁμαρτίας
767 3275 843 3348 μὴ
902 3273 1210 3350 ἂλλοιωθῇ,
1274 3276 1351 3350 μὴ
1411 3274 1640 3352 tum;
1700 3276 1792 3353 βία
1846 3284 1947 3347 τῆς

298 3364 637 3441 συνεχούσης
670 3385 727 3419 σε
773 3364 963 3440 χειρὸς
1001 3367 1098 3419 τοῦ
1147 3368 1299 3420 Θεοῦ.
1356 3364 1555 3428 Σκεῦος
1615 3365 1661 3420 εἴ
1713 3364 1946 3429 θεόπλα-

301 3476 444 3526 στον,
505 3453 652 3529 παρὰ
702 3457 836 3509 Θεοῦ
890 3451 1204 3530 γενόμενον·
1258 3450 1445 3526 δόξαζε
1490 3454 1582 3508 τὸν
1622 3457 1946 3525 ποιήσαντα.

300 3541 446 3603 Οὖδέ
473 3544 576 3621 γὰρ
630 3540 805 3600 ἄλλου
860 3542 1003 3605 τινὸς
1054 3538 1232 3599 ἕνεκεν
1284 3542 1490 3619 ὲγὲνου,
1521 3541 1557 3614 ἤ
1596 3540 1689 3599 ’ίνα
1718 3539 1949 3621 ὄργανον

299 3634 368 3704 ἧς
403 3630 711 3704 ἐπιτήδειον
739 3637 839 3702 τῆς
870 3628 1028 3704 δόξης
1077 3637 1174 3687 τοῦ
1215 3637 1369 3688 Θεοῦ.
1424 3633 1520 3690 Καὶ
1548 3632 1648 3710 γὰρ
1682 3634 1710 3689 6
1741 3633 1949 3709 κόσμος

305 3722 463 3786 οὗτός
512 3742 595 3776 σοι
654 3718 785 3783 ὅλος
841 3718 1020 3795 ὥσπερ
1069 3742 1123 3776 τι
1183 3716 1400 3797 βιϐλίον
1459 3717 1725 3800 ἔγγραφόν
1788 3722 1953 3793 ἐστιν,

310 3810 785 3887 ὑπαγορευόμενον
845 3810 944 3879 τὴν
998 3815 1094 3865 τοῦ
1153 3815 1287 3867 Θεοῦ
1338 3808 1515 3885 δόξαν·
1566 3813 1666 3882 τήν
1712 3812 1957 3889 ἀπόκρυ-

309 3921 409 3977 φον
468 3899 559 3954 καὶ
614 3898 842 3974 ἀόρατον
900 3920 995 3954 του
1070 3904 1204 3955 Θεοῦ
1261 3899 1651 3977 μεγαλωσύνην
1708 3899 1780 3957 δι’
1835 3903 1957 3959 ἑαυ-

308 3994 407 4046 τοῦ
460 3985 789 4066 διαγγέλλον
837 4008 923 4043 σοι
974 3993 1053 4061 τῷ
1102 3993 1225 4044 νοῦν
1285 3987 1493 4067 ἔχοντι.
1524 3990 1599 4053 εἷς
1631 3993 1955 4063 κατανόησιν

313 4078 446 4136 Θεοῦ
494 4083 594 4148 υῆς
648 4075 933 4148 ἀληθείας.
994 4077 1217 4144 Ηάντως
1273 4077 1363 4134 οῦν
1418 4078 1690 4154 μέμνησαι
1745 4082 1961 4156 (α.)τῶν

312 4166 431 4242 είρη
443 4168 641 4241 μένων.

2075 706 2209 745 vero
2237 690 2388 762 fecit,
2422 691 2493 745 de
2523 691 2757 760 anima;
2797 691 2954 748 haud
3006 693 3153 749 forte
3191 711 3225 749 a
3262 710 3396 749 vero
3441 695 3745 753 sententia

2075 780 2194 834 haec
2237 780 2467 835 abierit.
2508 781 2654 836 Nam
2689 782 2788 836 ubi
2821 783 3042 838 dictum
3076 786 3184 852 est,
3217 786 3283 839 Et
3306 785 3435 852 fecit
3464 785 3607 840 Deus
3654 785 3748 841 ho-

2074 871 2301 938 minem,
2333 869 2625 940 subditur,
2675 870 2747 925 ad
2796 872 2892 925 Dei
2935 874 3235 943 imaginem
3271 874 3404 943 fecit
3434 873 3598 929 illum
3632 891 3654 930 :
3684 877 3747 929 at

2078 958 2179 1013 ubi
2212 958 2379 1013 nobis
2410 959 2670 1031 corporis
2702 959 2981 1015 fabricam
3006 965 3205 1016 narrat
3225 977 3291 1017 ac
3309 962 3740 1032 substantiam,

2076 1050 2338 1120 formavit
2366 1049 2526 1104 dicit.
2550 1052 2729 1104 Porro
2770 1049 3086 1104 discrimen
3127 1051 3257 1122 ejus
3288 1052 3440 1123 quod
3465 1055 3555 1108 est
3583 1052 3741 1108 face-

2080 1153 2163 1205 re,
2221 1142 2276 1192 et
2315 1138 2468 1209 quod
2520 1138 2790 1209 formare,
2822 1138 3020 1193 docuit
3062 1155 3169 1194 nos
3207 1143 3264 1194 et
3310 1140 3621 1198 Psalmista
3650 1141 3739 1196 ἀί-

2081 1243 2218 1282 cens
2253 1244 2266 1281 :
2302 1231 2496 1282 Manus
2523 1231 2629 1282 tua:
2655 1229 2909 1298 fecerunt
2938 1244 3047 1295 me,
3069 1237 3123 1283 et
3149 1231 3525 1300 formaverunt
3550 1246 3639 1286 me
3668 1229 3734 1287 1⁸.

2078 1316 2232 1371 Fecit
2258 1314 2596 1370 interiorem
2627 1315 2929 1371 hominem
2956 1333 2970 1385 ;
3000 1318 3267 1389 formavit
3295 1334 3428 1373 eum
3462 1318 3562 1390 qui
3594 1318 3738 1376 foris

2081 1406 2191 1459 est.
2240 1408 2319 1458 Ae
2366 1420 2507 1459 sane
2558 1404 2678 1460 luto
2705 1404 2942 1477 quidem
2976 1404 3215 1461 formari
3246 1407 3553 1475 convenit;
3611 1407 3740 1464 ﬁeri

2080 1509 2235 1561 vero,
2269 1493 2318 1548 ei
2352 1493 2504 1564 quod
2538 1498 2628 1549 est
2669 1495 2741 1549 ad
2783 1494 3124 1566 imaginem.
3177 1496 3571 1561 Quamobrem
3603 1514 3737 1554 caro

2083 1579 2315 1653 quidem
2351 1581 2601 1637 formata
2629 1586 2755 1651 est;
2789 1583 2976 1638 factus
3006 1599 3140 1639 vero
3173 1585 3429 1640 animus.
3453 1585 3596 1642 Cum
3626 1587 3739 1642 ita~

2083 1686 2192 1741 que
2226 1669 2500 1741 superius
2526 1671 2596 1725 de
2629 1670 2808 1725 animi
2843 1672 3180 1727 substantia
3210 1671 3475 1745 dixisset,
3506 1675 3579 1730 de
3609 1691 3738 1730 cor-

2081 1760 2242 1831 poris
2282 1775 2437 1814 nunc
2486 1759 2833 1815 formatione
2883 1760 3055 1816 nobis
3111 1761 3369 1817 disserit.
3403 1762 3555 1830 Quin
3585 1763 3739 1820 hanc

2081 1864 2317 1921 quoque
2363 1849 2514 1905 habe
2563 1849 2935 1905 sententiam.
2971 1851 3249 1916 Quaenam
3299 1867 3432 1908 vero
3463 1855 3555 1908 est
3585 1851 3685 1908 illa
3710 1852 3740 1906 τ

2078 1937 2298 2009 Nempe
2329 1937 2544 2010 partim
2580 1937 2925 1994 summatim
2959 1937 3152 1994 dicere
3182 1940 3577 2012 Scripturam;
3601 1958 3739 2013 par-

2072 2025 2179 2081 tim
2212 2028 2452 2082 modum
2486 2043 2597 2097 quo
2645 2026 2882 2100 singula
2922 2044 3171 2100 quaeque
3212 2028 3365 2084 facta
3394 2030 3534 2100 sint,
3564 2030 3735 2088 nobis

2071 2117 2320 2171 tradere.
2351 2115 2632 2188 Superius
2662 2115 2842 2189 igitur
2870 2117 3048 2173 etiam
3080 2117 3288 2174 fecisse
3317 2118 3619 2175 hominem
3651 2119 3738 2175 di-

2071 2205 2178 2271 xit,
2209 2204 2264 2259 in
2298 2205 2470 2260 modo
2497 2208 2692 2261 tamen
2727 2222 2842 2277 quo
2873 2205 2951 2261 sit
2983 2206 3170 2262 factus
3214 2224 3330 2262 non
3380 2208 3587 2277 haesit;
3637 2207 3735 2265 hic

2073 2295 2315 2350 modum
2349 2310 2582 2366 quoque
2613 2295 2796 2350 tradit
2816 2311 2931 2367 quo
2964 2296 3187 2351 fecit.Si
3209 2297 3366 2352 enim
3388 2296 3737 2370 simpliciter

2071 2400 2207 2439 eum
2235 2382 2443 2439 fecisse
2464 2383 3169 2450 dixisset,existimaretur
3194 2385 3278 2441 sic
3301 2386 3510 2443 fecisse
3531 2403 3738 2460 quem-

2071 2472 2387 2527 admodum
2412 2473 2706 2544 jumenta,
2730 2474 3235 2545 quemadmodum
3267 2475 3510 2544 bestias,
3532 2493 3737 2548 quem-

2069 2561 2389 2617 admodum
2422 2563 2658 2633 stirpes,
2682 2562 3184 2632 quemadmodum
3211 2563 3431 2621 fenum.
3452 2563 3528 2620 Ut
3557 2565 3739 2638 igitur

2068 2651 2179 2706 hoc
2209 2667 2413 2706 caveas
2439 2667 2453 2719 ;
2485 2666 2557 2705 ne
2598 2651 2802 2706 eadem
2854 2651 3001 2707 forte
3049 2655 3227 2724 atque
3258 2653 3579 2725 agrestiora
3607 2655 3733 2711 ani-

2068 2741 2311 2810 mantia,
2345 2743 2523 2812 atque
2553 2757 2587 2795 a
2615 2755 2793 2795 sensu
2827 2741 3142 2796 remotiora
3182 2758 3428 2815 corpora
3456 2743 3733 2817 habeare,

2014 2887 2016 2889 ,
2065 2828 2358 2902 peculiare
2386 2829 2446 2884 in
2478 2832 2534 2885 te
2564 2830 2660 2884 Dei
2682 2828 2920 2884 artificis
2954 2846 3191 2902 operam
3224 2831 3523 2904 Scriptura
3554 2834 3734 2890 tradi-

2064 2919 2196 2975 dit:
2250 2918 2491 2990 Sumpsit
2537 2918 2674 2973 Deus
2719 2916 3007 2990 pulverem
3048 2918 3116 2975 de
3172 2923 3343 2976 terra.
3405 2919 3529 2977 Illic
3585 2922 3734 2979 dixit

2062 3009 2217 3081 quod
2251 3008 2472 3074 fecerit,
2507 3007 2599 3064 hic
2627 3024 2765 3064 vero
2814 3009 3055 3064 modum
3092 3026 3208 3081 quo
3258 3009 3414 3065 fecit.
3463 3013 3732 3084 Sumpsit

2064 3103 2135 3156 de
2180 3106 2337 3156 terra
2380 3099 2700 3173 pulverem,
2736 3103 2793 3155 et
2823 3100 3094 3157 formavit
3124 3102 3379 3175 propriis
3427 3103 3730 3160 manibus.

2060 3190 2193 3246 Alta
2222 3197 2414 3245 mcnle
2443 3188 2635 3262 cogita
2666 3190 2959 3261 quomodo
2991 3190 3279 3248 formatus
3310 3192 3393 3248 sis
3419 3207 3434 3249 :
3458 3209 3585 3266 quas
3620 3211 3731 3249 na-

2061 3284 2205 3335 turae
2228 3278 2483 3347 officina,
2504 3277 2701 3333 animo
2735 3283 2961 3351 reputa,
2981 3279 3082 3336 Dei
3113 3280 3341 3338 scilicet
3370 3298 3583 3339 manus
3613 3286 3731 3353 est,

2066 3385 2192 3441 qua)
2221 3372 2278 3423 te
2308 3371 2398 3423 est
2430 3366 2736 3423 fabricata.
2770 3369 2933 3435 Quod
2964 3368 3163 3442 itaque
3194 3370 3315 3427 Deo
3347 3375 3581 3428 auctore
3611 3371 3734 3429 for-

2060 3461 2287 3514 matum
2321 3459 2571 3524 est,cave
2593 3472 2666 3511 ne
2688 3472 2791 3529 per
2812 3473 2869 3512 m
2885 3456 3108 3513 alitiam
3132 3458 3435 3531 polluatur
3461 3479 3475 3527 ;
3508 3477 3581 3516 ne
3600 3478 3735 3534 pec-

2063 3545 2173 3603 ceti
2207 3544 2474 3618 contagio
2505 3544 2565 3601 in
2601 3545 2899 3602 diversum
2934 3551 3217 3621 mutetur,
3268 3565 3340 3604 ne
3370 3566 3654 3608 excussus
3674 3560 3733 3617 vi

2063 3653 2097 3692 a
2127 3634 2224 3690 Dei
2257 3651 2433 3690 manu
2455 3639 2512 3690 te
2537 3640 2918 3692 conservante
2954 3636 3301 3708 prolabaris.
3323 3637 3439 3696 Vas
3470 3643 3562 3696 est
3580 3640 3731 3696 divi-

2066 3724 2228 3781 nitus
2259 3724 2598 3792 formatum,
2633 3741 2668 3780 a
2700 3723 2821 3780 Deo
2852 3726 3152 3782 conditum
3179 3745 3194 3797 ;
3251 3726 3429 3785 lauda
3459 3744 3593 3785 eum
3625 3730 3729 3803 qui

2066 3813 2220 3871 fecit.
2249 3812 2449 3885 Neque
2478 3813 2635 3869 enim
2667 3813 2788 3869 ulla
2824 3813 2940 3870 alia
2992 3832 3061 3872 ex
3109 3832 3286 3872 causa
3336 3817 3609 3875 conditus
3639 3836 3725 3892 es,

2065 3920 2245 3977 quam
2277 3907 2343 3959 ut
2370 3903 2580 3958 divmze
2600 3903 2796 3959 laudis
2817 3903 3090 3960 idoneum
3117 3922 3405 3977 organum
3436 3911 3722 3965 esses.Et-

2064 3992 2221 4050 enim
2244 3993 2505 4047 mundus
2525 3991 2621 4047 hic
2645 3991 2957 4049 universus
2978 3992 3136 4049 velut
3155 3994 3302 4051 liber
3320 3996 3561 4068 quidam
3584 3997 3723 4053 scri-

2069 4087 2208 4156 ptus
2237 4080 2343 4137 tibi
2373 4080 2590 4154 est,qui
2626 4081 2722 4137 Dei
2754 4082 2990 4138 laudem
3023 4088 3200 4153 atque
3230 4083 3480 4157 gloriam
3513 4086 3574 4142 in
3606 4103 3729 4144 me-

2070 4171 2315 4228 moriam
2346 4174 2611 4239 revocet;
2644 4170 2932 4227 occultam
2954 4176 3132 4246 atque
3151 4172 3340 4230 oculis
3370 4175 3732 4249 inaspectam

313 4256 414 4314 Dei
448 4259 842 4329 majestatem,
874 4273 909 4313 a
939 4273 1002 4313 se
1030 4256 1160 4330 tibi,
1193 4258 1295 4331 qui
1325 4258 1551 4316 ratione
1583 4259 1863 4333 praeditus
1893 4261 1999 4330 sis,
2052 4261 2126 4317 ad
2180 4260 2297 4330 Dei,
2331 4260 2429 4332 qui
2460 4260 2675 4318 veritas
2708 4264 2818 4331 est,
2864 4259 3317 4336 intelligentiam
3348 4264 3731 4330 annuntians.

310 4346 565 4403 Prorsus
598 4346 782 4420 igitur
811 4362 938 4419 quae
969 4347 1126 4404 dicta
1153 4351 1294 4404 sunt
1322 4348 1607 4405 memoria
1633 4353 1849 4406 teneto.

383 4439 438 4492 2.
499 4435 607 4491 Καὶ
689 4432 1002 4511 ηὖλόγησεν
1089 4435 1288 4499 αὐτοὺς
1345 4438 1373 4493 6
1425 4437 1579 4506 Θεὸς,
1635 4436 1726 4493 καὶ
1803 4437 1963 4496 εἶπεν.

2140 4438 2197 4495 2.
2232 4441 2296 4495 Et
2328 4437 2608 4494 benedixit
2637 4439 2718 4494 eis
2754 4439 2912 4509 Deus,
2945 4445 2998 4495 et
3030 4442 3110 4496 ait
3140 4457 3154 4496 :
3187 4442 3441 4498 Cruscz’te
3475 4450 3528 4500 et
3555 4443 3743 4501 multi-

312 4524 617 4597 Αὐξάνεσθε
674 4524 765 4580 καὶ
845 4521 1213 4597 πληθύνεσθε,
1290 4525 1381 4581 καὶ
1459 4523 1792 4604 πληρώσατε
1874 4526 1972 4595 τὴν

313 4620 438 4688 γῆν.
503 4611 687 4683 Διπλῆ
741 4615 842 4689 γὰρ
899 4614 935 4684 ἠ
988 4608 1235 4685 αὔξησις·
1293 4617 1330 4686 ἡ
1385 4615 1479 4690 μὶν
1538 4616 1877 4689 σώματος,ἡ
1911 4612 1970 4672 δὲ

324 4706 533 4780 ψυχῆς.
568 4700 745 4760 Ἀλλὰ
790 4704 827 4774 ἡ
851 4705 1037 4781 ψυχῆς
1086 4701 1328 4776 αὔξησις,
1383 4707 1418 4775 ἡ
1452 4701 1543 4760 διὰ
1568 4710 1678 4761 τῶτ
1710 4705 1966 4780 μαθημά-

316 4812 426 4847 των
482 4791 562 4854 είς
618 4788 901 4847 τελείωσιν
950 4794 1263 4867 προσθήκη·
1322 4794 1576 4867 σώματος
1626 4791 1684 4850 δὲ
1721 4791 1967 4867 αὔξησις,

315 4883 350 4952 ἡ
385 4880 490 4935 ἀπὸ
521 4884 721 4955 μικροῦ
769 4879 847 4945 εἰς
891 4879 954 4936 τὸ
1001 4882 1237 4951 καθῆκον
1275 4883 1468 4958 μὲτρον
1515 4883 1967 4946 ἀποκατάστασις.

316 4970 396 5028 Τὸ
443 4967 535 5025 οὗν
586 4968 883 5036 Λύξάνεσθε
942 4969 1030 5026 ἐπὶ
1082 4970 1299 5027 πάντων
1358 4971 1677 5050 λεγόμενον,
1721 4977 1838 5036 τοῖς
1873 4974 1968 5046 μὲν

314 5057 540 5134 ἀλόγοις
604 5060 791 5133 ζώοις,
841 5061 978 5115 κατά
1027 5061 1127 5131 τὴν
1206 5066 1304 5117 τοῦ
1376 5062 1630 5137 σώματος
1685 5060 1968 5118 τελείωσιν

314 5149 450 5203 κατᾶ
504 5149 596 5204 τὸν
652 5149 995 5224 ἀπαρτισμὸν
1051 5157 1153 5220 τῆς
1231 5150 1461 5230 φύσεως,
1539 5150 1773 5226 εἷ’ρηταιο
1832 5154 1970 5227 ἡμῖν

318 5234 554 5298 καὶτοῖς
601 5236 872 5314 λογικοῖς,
930 5239 993 5295 τὸ
1050 5238 1368 5313 Λῦξάνεσθε,
1409 5241 1546 5296 κατά
1600 5241 1689 5296 τὸν
1744 5238 1848 5298 ἔσω
1878 5238 1969 5297 ἄν·

319 5326 557 5401 θρωπον,
599 5326 735 5382 κατὰ
789 5329 889 5397 τήν
949 5330 1237 5405 προκοπὴν
1287 5331 1386 5399 τήν
1433 5328 1510 5395 εἷς
1567 5330 1694 5386 Θεὸν
1742 5330 1972 5408 ἀνάγου-

320 5431 437 5468 σαν·
475 5414 589 5475 οἷος
617 5416 681 5483 ἦν
733 5415 762 5471 6
791 5415 1032 5485 Παῦλος,
1076 5422 1196 5481 τοῖς
1250 5419 1346 5493 μὶν
1395 5416 1699 5496 ἔμπροσθεν
1731 5418 1971 5476 ἱπεκτει-

317 5502 574 5576 νόμενος,
604 5500 766 5559 τῶνδ’
807 5499 1024 5563 ὄπισθεν
1078 5505 1596 5581 ἐπιλανθανόμενος,
1648 5506 1794 5580 Αὕτη
1829 5507 1971 5564 ἐστὶν

320 5588 608 5665 ἠαῦξησις,
641 5594 676 5662 ἡ
703 5596 808 5648 τῶν
841 5596 1212 5670 θεωρημάτων
1244 5604 1345 5668 τῆς
1375 5591 1647 5663 εὐσεϐείας
1677 5597 1971 5673 ἂνάληψις,

2082 4528 2406 4601 plicamini,
2438 4536 2490 4583 et
2520 4527 2725 4600 replete
2762 4533 2975 4582 terram
3005 4528 3069 4584 ".
3115 4527 3340 4603 Duplex
3370 4548 3625 4605 namque
3653 4537 3745 4590 est

2075 4617 2499 4673 incrementum
2527 4634 2539 4673 :
2564 4633 2753 4673 unum
2785 4615 3068 4689 corporis,
3090 4616 3341 4675 alterum
3372 4619 3600 4677 animos.
3623 4621 3741 4679 Ve-

2077 4723 2208 4763 rum
2240 4710 2491 4781 augetur
2519 4705 2776 4773 animus,
2818 4722 2952 4762 cum
2994 4705 3321 4779 disciplinis
3360 4709 3645 4767 excolitur
3674 4728 3742 4768 ac

2077 4796 2379 4870 perficitur
2410 4812 2425 4854 :
2456 4812 2670 4869 corpus
2724 4799 2919 4851 autem
2963 4796 3193 4869 crescit,
3250 4798 3391 4855 dum
3450 4816 3519 4856 ex
3565 4816 3742 4872 parva

2080 4885 2233 4942 mole
2263 4886 2333 4941 ad
2362 4886 2592 4956 justum
2625 4900 2690 4940 ac
2714 4889 3134 4957 congruentem
3166 4886 3590 4961 magnitudinis
3620 4906 3743 4947 mo-

2079 4976 2218 5032 dum
2253 4974 2535 5047 provenit.
2558 4973 2827 5030 Crescere
2860 4974 3042 5048 igitur
3072 4977 3228 5048 quod
3252 4977 3321 5032 de
3341 4976 3617 5035 omnibus
3647 4979 3744 5035 di-

2078 5070 2284 5132 catur;
2316 5064 2507 5120 brutis
2530 5064 2766 5135 quidem
2791 5063 3194 5121 animantibus
3218 5064 3441 5121 dictum
3464 5069 3650 5136 est,ut
3671 5069 3745 5125 ad

2079 5154 2340 5226 corporis
2363 5153 2779 5226 perfectionem
2809 5152 3081 5209 instituta
3101 5158 3313 5209 natura
3334 5157 3744 5227 pervenirent:

2082 5244 2249 5300 nobis
2283 5246 2476 5298 autem
2510 5242 2571 5297 in
2616 5241 2881 5299 interiori
2919 5241 3158 5298 homine
3203 5243 3396 5314 posita
3443 5249 3749 5305 crescendi

2082 5332 2192 5400 lex,
2216 5332 2479 5404 profectu
2514 5329 2615 5385 illo
2647 5331 2746 5403 qui
2776 5329 3043 5403 provehit
3069 5330 3140 5384 ad
3166 5332 3346 5388 Deum
3376 5351 3390 5404 ;
3415 5336 3608 5407 qualis
3631 5337 3746 5394 erit

2082 5421 2319 5492 Paulus,
2344 5421 2413 5476 ad
2447 5437 2515 5476 ea
2536 5438 2661 5492 quae
2691 5437 2724 5475 a
2755 5421 2941 5475 fronte
2970 5420 3294 5475 extendens
3323 5425 3746 5499 semetipsum,

2082 5516 2140 5567 et
2173 5526 2300 5582 quae
2351 5514 2505 5565 retro
2554 5513 2756 5565 essent
2800 5507 3153 5565 obliviscens
3179 5510 3245 5565 ³ο.
3296 5511 3417 5569 Hoc
3463 5513 3745 5573 nimirum

2083 5602 2490 5672 augmentum,
2532 5598 2765 5670 piarum
2808 5596 3375 5669 contemplationum
3405 5616 3746 5661 sensorum-

396 5710 443 5749 ¹⁸
473 5711 630 5768 Psal.
664 5728 861 5777 (χχχιιι,
890 5714 983 5768 73.
1062 5715 1105 5751 ¹⁹
1134 5715 1279 5773 Gen.
1312 5733 1353 5786 ι,
1379 5717 1470 5773 28.
1549 5717 1597 5753 ³ο
1624 5715 1880 5791 Philipp.
1905 5733 1991 5790 III,
2025 5717 2114 5773 13.

401 5811 476 5887 (α)
510 5808 818 5887 Μέμνησαι.
849 5815 924 5871 At
951 5812 1242 5890 interpres
1269 5817 1354 5876 ita
1380 5817 1576 5889 vertit,
1606 5818 1779 5892 quasi
1808 5817 1965 5892 legis:

2083 5812 2353 5891 μέμνησο.
2386 5813 2546 5871 EDI'r.

602 5943 876 6011 Ριειοι..
921 5945 1035 6013 Gn.
1073 5945 1267 6013 XXX.
