4154 6408
156 3994 365 4175 /

328 4578 337 4631 l

324 4640 331 4669 ἐ

322 4678 328 4723 Ξ

424 425 506 484 43

1360 424 1759 484 ΑΡΡιιΝΟΙΧ
1801 423 2128 486 ΟΡΕΒΠΜ
2175 426 2240 486 8.
2288 424 2577 484 BASILII
2623 423 2900 484 MAGNI.

3764 429 3843 487 44

423 571 538 630 que
567 555 748 612 animi
792 556 1123 629 susceptio;
1157 554 1225 611 ad
1258 555 1315 610 id
1345 553 1497 627 quod
1546 556 1733 629 frugis
1772 556 2067 628 amplioris

2185 555 2221 623 ἡ
2246 552 2344 609 τοῦ
2373 554 2631 615 πλείονος
2660 550 2963 621 ἐπέκτασις,
2992 553 3056 609 τὸ
3100 552 3184 609 ἀεὶ
3214 554 3492 632 ὀρέγεσθαι
3532 556 3686 629 ἡμᾶς
3721 559 3838 612 τῶν

424 645 502 701 sit
557 645 1048 719 superextensio;
1105 661 1302 701 eorum
1361 661 1489 717 quae
1539 661 1720 716 supra
1783 663 1892 701 nos
1939 649 2080 701 sunt

419 735 581 807 jugis
654 735 1044 805 continuaque
1118 732 1448 806 appetitio:
1508 732 1569 788 id
1612 734 1770 805 quod
1809 734 2074 803 accessit,

421 830 576 881 retro
641 840 874 896 semper
926 822 1217 878 dimittere
1267 840 1282 891 ;
1360 823 1516 894 quod
1576 838 1711 879 vero
1787 822 2075 895 reliquum

422 916 531 984 est,
565 918 629 968 ut
685 912 837 985 quod
895 911 1279 981 desideretur,
1321 927 1425 984 pro
1473 911 1624 967 virili
1673 917 1874 968 nostra
1922 913 2075 968 839

424 1001 737 1075 requirere.
771 1000 930 1057 Talis
978 1004 1105 1056 erat
1150 1000 1332 1071 Isaac,
1385 1001 1455 1055 de
1509 1017 1626 1072 quo
1666 1001 2075 1057 testimonium

419 1092 562 1147 illud
597 1091 782 1148 sacris
813 1091 1047 1147 Litteris
1077 1088 1489 1161 consignatum
1523 1093 1613 1145 est
1646 1107 1659 1146 :
1690 1092 1755 1145 Et
1782 1090 2078 1162 procedens

417 1181 694 1238 exallalus
723 1184 824 1248 est,
856 1179 1023 1235 donec
1054 1195 1284 1248 magnus
1328 1182 1506 1251 factus
1533 1183 1613 1236 est
1642 1180 1709 1235 ²ί.
1762 1183 1889 1235 Non
1918 1180 2075 1235 enim

416 1269 722 1339 abscessit,
755 1284 864 1325 nec
903 1284 1036 1323 cum
1086 1284 1293 1339 parum
1327 1274 1534 1323 auctus
1566 1272 1739 1338 esset,
1774 1267 2076 1336 substitit;

415 1361 518 1416 sed
550 1357 784 1431 magnis
833 1373 1067 1429 semper
1117 1357 1418 1428 gressibus
1473 1358 1775 1426 processit,
1827 1358 2074 1429 gradum

417 1449 489 1505 ad
521 1449 798 1503 virtutem
828 1446 1060 1503 tollens.
1094 1447 1518 1518 Temperantia;
1566 1448 1760 1501 stadia
1791 1464 1858 1503 ac
1890 1447 2075 1502 conti-

418 1537 629 1593 nentiae
660 1535 830 1592 celeri
866 1537 1011 1608 pede
1050 1534 1357 1602 transivit;
1398 1536 1696 1606 justitiam
1755 1535 2073 1604 inscendit,

415 1625 545 1682 exin
580 1624 980 1681 fortitudinem
1012 1624 1354 1680 conscendit
1382 1641 1396 1691 ;
1455 1628 1630 1694 atque
1672 1624 1753 1679 ita
1782 1624 2077 1695 gradiens,

416 1715 489 1770 ad
507 1729 804 1770 summum
825 1712 961 1768 boni
984 1712 1209 1783 apicem
1231 1711 1533 1782 virjustus
1550 1713 1782 1782 fastigio
1796 1714 2075 1785 assurgit.

2188 643 2494 717 ὑπὶρήμᾶς·
2526 643 2589 698 τὸ
2639 643 3080 718 προσγενόμενον
3116 643 3212 716 μὶν
3242 643 3326 699 ἀεὶ
3382 644 3609 700 κατόπιν
3643 644 3837 701 ἑαυτοῦ

2185 730 2417 807 ἀφιέναι·
2450 732 2511 786 τὸ
2533 729 2590 787 δί
2616 730 2809 786 λοιπὸν
2838 738 2939 800 τῆς
2963 726 3424 801 εὖσεόείας,τοῦτο
3441 734 3516 795 ὡς
3532 730 3707 788 ἐνδέον
3732 735 3832 804 ὅση

2187 818 2416 894 δύναμις
2467 822 2762 892 ἐπιζητεῖν.
2817 822 2950 884 Οἴος
3003 822 3071 893 ᾖν
3120 821 3322 892 Ἰσαὰκ,
3354 822 3481 897 περὶ
3530 821 3594 877 οὗ
3623 826 3658 893 ἡ
3696 843 3837 901 μαρ-

2184 909 2343 983 τυρία
2416 908 2594 981 ἐκείνη
2654 910 3014 985 ἀναγραπται,
3072 910 3155 965 δτι
3230 905 3551 987 Προϐαίνων
3610 912 3842 986 ὑψοῦτο,

2190 997 2386 1075 μέχρις
2444 1000 2505 1053 οὗ
2577 997 2747 1074 μέγας
2805 997 3038 1074 ἐγένετο.
3111 998 3190 1057 Οὐ
3246 1001 3347 1076 γὰρ
3416 1001 3649 1072 ἀπέστη,
3710 999 3839 1058 οὐδὲ

2189 1089 2385 1163 μικρὸν
2441 1087 2692 1158 αὐξηθεὶς
2764 1087 3075 1162 ἀπέμεινεν·
3129 1087 3274 1145 ἀλλὰ
3325 1085 3684 1164 προέσϐαινεν
3744 1092 3827 1147 ἀεὶ

2186 1172 2486 1250 διαδήμασι
2549 1177 2836 1253 μεγάλοις,
2910 1172 3211 1233 ἀναϐαίνων
3285 1176 3375 1234 ἐπὶ
3458 1179 3558 1249 τήν
3612 1178 3838 1254 ἀρετήν.

2187 1260 2349 1337 Διέὸη
2413 1264 2636 1341 μεγάλῳ
2694 1267 2903 1342 βήματι
2947 1267 3047 1335 τὴν
3103 1267 3471 1343 σωσροσῦνην·
3528 1263 3694 1340 ἐπέϐη
3735 1269 3838 1337 τὴν

2187 1353 2555 1425 δικαιοσύνην·
2588 1354 2786 1410 ἐκεῖθεν
2847 1355 2936 1411 ὶπὶ
3002 1357 3101 1424 τήν
3158 1353 3407 1429 ἀνδρείαν
3461 1351 3649 1428 ἀνέϐη.
3684 1357 3839 1414 Οὕτω

2185 1439 2501 1515 διαϐαίνων,
2534 1444 2623 1499 ἐπὶ
2659 1445 2721 1499 τὸ
2775 1445 2936 1521 ἄκρον
2993 1449 3089 1499 τοῦ
3143 1445 3313 1519 ὕψους
3350 1449 3448 1500 τοῦ
3498 1444 3705 1521 ἀγαθοῦ
3734 1468 3829 1502 κο-

2190 1537 2453 1611 ρυνροῦται
2479 1534 2508 1588 ὁ
2539 1530 2773 1594 δίκαιος.
2824 1532 3116 1605 Αὐξάνεσθε
3163 1532 3254 1588 οὗν
3303 1530 3530 1604 αὔξησιν
3559 1536 3659 1605 τὴν
3699 1537 3839 1591 κατά

2189 1623 2342 1690 Θεὸν,
2373 1620 2655 1677 τελείωσιν
2705 1622 2804 1689 τὴν
2847 1622 2983 1677 κατᾶ
3026 1622 3119 1676 τὸν
3152 1616 3301 1677 ἔνδον
3346 1620 3655 1699 ἄνθρωπον.
3683 1620 3845 1696 Πλη-

2191 1709 2428 1775 θόνεσθε.
2462 1709 2799 1780 Ἐκκλησίας
2821 1712 2856 1779 ἠ
2907 1708 3150 1787 εὐλογία.
3203 1711 3290 1778 Μὴ
3341 1709 3398 1766 ἰν
3430 1711 3532 1783 ἑνὶ,
3563 1710 3721 1786 φησὶ,
3752 1712 3844 1768 καὶ

416 1804 651 1861 Crescite
696 1802 877 1874 igitur
907 1816 973 1857 eo
1004 1805 1322 1871 cremento,
1350 1818 1417 1857 ea
1448 1802 1805 1873 perfectione
1836 1819 1962 1873 quae
1992 1806 2067 1858 cst

2192 1798 2311 1854 δυσὶ
2342 1798 2740 1877 περιγραφείτω
2797 1801 2832 1869 ή
2886 1797 3166 1874 θεολογία·
3221 1797 3353 1855 ἀλλ’
3401 1798 3478 1861 εἷς
3524 1805 3698 1855 πᾶσαν
3742 1802 3844 1871 τήν

413 1893 738 1951 secundum
763 1891 967 1958 Deum,
996 1906 1128 1962 quae
1155 1889 1212 1944 in
1247 1889 1507 1946 interiori
1532 1890 1770 1947 homine
1790 1896 2077 1949 versatur.

410 1981 881 2056 Multiplicamini.
916 1979 1185 2036 Ecclesiae
1218 1978 1343 2036 haec
1372 1973 1701 2035 benedictio
1742 1985 1850 2036 est.
1884 1981 1966 2036 Ne
2019 1981 2078 2036 in

412 2089 530 2127 uno
561 2087 628 2126 ac
660 2070 891 2125 duobus
911 2068 1434 2124 circumscribatur
1460 2068 1697 2124 deitatis
1727 2069 1957 2137 notitia,
1979 2071 2076 2125 sed

412 2162 471 2217 in
506 2176 739 2217 omnem
775 2166 989 2214 terram
1022 2156 1317 2231 Evangelii
1350 2156 1561 2213 salutis
1592 2157 1930 2230 praedicatio
1952 2175 2081 2230 pro-

409 2250 651 2305 feratur.
691 2247 1184 2320 Muliiplicamini,
1214 2246 1457 2318 quinam
1484 2247 1504 2301 ἒ
1531 2246 1649 2302 Vos
1681 2246 1781 2319 qui
1805 2264 1874 2303 ex
1895 2251 2080 2302 Evan-

407 2337 544 2412 gelii
574 2336 903 2394 rationibus
942 2335 1278 2390 nascimini.
1312 2336 1534 2407 Repleie
1565 2340 1794 2391 terram.
1830 2338 2074 2393 Carnem

409 2427 577 2485 vobis
609 2428 805 2483 datam
839 2425 898 2480 in
930 2423 1280 2496 obsequium
1318 2424 1536 2496 replete
1578 2424 1749 2481 bonis
1778 2425 2075 2497 operibus.

409 2516 726 2589 Repleatur
747 2513 955 2571 oculus
985 2513 1113 2569 visu
1148 2529 1350 2568 eorum
1384 2530 1514 2585 quae
1544 2513 1719 2569 officii
1753 2518 1894 2569 sunt
1918 2531 1930 2570 :
1952 2531 2076 2570 ma-

410 2622 525 2661 nus
555 2603 737 2676 plenae
769 2602 888 2657 sint
917 2601 1205 2656 bonorum
1255 2615 1498 2672 operum
1536 2616 1549 2655 :
1596 2600 1871 2655 incedant
1900 2602 2078 2672 pedes

409 2695 482 2749 ad
516 2691 857 2749 invisendos
888 2690 1176 2755 infirmos,
1201 2688 1337 2761 agili
1370 2705 1576 2761 gressu
1610 2689 1682 2744 ad
1714 2706 1782 2744 ea
1814 2706 1944 2761 quae
1977 2690 2078 2746 ho-

408 2786 578 2840 nesta
607 2796 791 2852 exque
824 2793 1065 2833 munere
1095 2783 1252 2832 sunt.
1285 2776 1491 2833 Omnis
1529 2778 1926 2833 membrorum
1973 2795 2077 2834 ηο-

413 2875 672 2928 strorum
711 2865 1050 2923 constitutio
1083 2865 1255 2937 plena
1284 2866 1361 2921 sit
1391 2866 1799 2922 obssrvatione
1830 2868 2075 2923 manda-

409 2963 606 3015 torum
657 2957 774 3013 Dei.
830 2958 944 3011 lloc
988 2955 1101 3010 sibi
1144 2953 1269 3009 vult
1311 2957 1465 3026 quod
1506 2955 1589 3010 ait
1637 2955 1705 3011 ad
1754 2955 2074 3024 hominem,

2190 1894 2291 1965 γῆν
2332 1889 2672 1963 κηρυχθήτω
2718 1886 2780 1941 τὸ
2837 1886 3175 1961 Εὐαγγέλιον
3223 1894 3325 1956 τῆς
3358 1889 3655 1961 σωτηρίας,
3688 1887 3843 1960 Πλη-

2192 1975 2428 2043 θῦνεσθε,
2455 1976 2635 2046 τίνες;
2677 1976 2745 2034 Οἱ
2787 1974 2923 2030 κατᾶ
2972 1976 3035 2030 τὸ
3091 1975 3426 2053 Εὖαγγέλιον
3485 1977 3841 2053 γεννώμενοι.

2189 2064 2528 2141 Ιῐληρώσατε
2601 2066 2703 2134 τὴν
2772 2068 2896 2140 γῆν.
2953 2066 3061 2132 Τὴν
3147 2064 3316 2135 σάρκα
3385 2066 3487 2136 τήν
3544 2063 3844 2140 δεδομένην

2192 2155 2320 2227 ὑμῖν
2377 2154 2452 2217 είς
2535 2154 2856 2228 ὑπηρεσίαν,
2944 2151 3276 2230 πληρώσατε
3351 2153 3567 2230 ἀγαθῶν
3646 2151 3837 2231 ἔργων·

2190 2241 2476 2320 ὀφθαλμὸς
2506 2240 2730 2316 πλήρης
2761 2238 2899 2296 ἔστω
2923 2246 3020 2297 τοῦ
3052 2243 3181 2315 ὁρᾷν
3212 2241 3279 2296 τὰ
3309 2239 3515 2297 δέοντα·
3546 2243 3672 2320 χεὶρ
3698 2241 3842 2315 πλή-

2191 2351 2291 2406 ρης
2348 2330 2485 2386 ἕστω
2539 2336 2649 2386 τῶν
2710 2332 2921 2406 ἀγαθῶν
2979 2328 3177 2406 ἔργων·
3238 2328 3401 2394 πόδες
3472 2329 3836 2406 βαδιζέτωσαν

2189 2419 2266 2483 είς
2329 2419 2609 2494 ἐπίσκεψιν
2669 2419 3057 2489 ἀσθενούντων,
3114 2420 3428 2493 πορεκτικοὶ
3484 2416 3634 2484 ὄντες
3682 2421 3763 2498 ἐφ’
3806 2421 3840 2477 ἃ

2186 2512 2448 2585 προσῆκε·
2483 2514 2626 2563 πᾶσα
2654 2510 2689 2579 ἡ
2727 2513 2828 2564 τῶν
2879 2509 3064 2582 μελῶν
3110 2512 3273 2583 ἡμῶν
3320 2508 3641 2572 κατάστασις
3685 2511 3836 2582 πλή-

2189 2620 2287 2673 ρης
2317 2595 2454 2653 ἔστω
2482 2602 2591 2652 τῶν
2623 2597 2757 2652 κατά
2803 2597 2900 2660 τὰς
2948 2596 3173 2660 ἐντολὰς
3217 2597 3502 2674 ἐργασιῶν·
3540 2603 3703 2655 τοῦτο
3732 2599 3837 2677 γάρ

2189 2687 2300 2743 ἐστι
2355 2687 2439 2756 τὸ,
2498 2685 2840 2763 Πληρώσατε
2892 2687 2992 2756 τήν
3048 2694 3171 2763 γῆν.
3228 2688 3417 2745 Κοιναὶ
3470 2688 3565 2760 μὶν
3625 2688 3728 2766 γὰρ
3783 2690 3839 2744 αἱ

2187 2778 2359 2856 φωναὶ
2391 2775 2483 2831 καὶ
2538 2781 2656 2840 τοῖς
2705 2774 2945 2851 ἀλόγοις·
2976 2772 3277 2845 ἰδιάζουσαι
3334 2773 3393 2831 δὶ
3439 2777 3575 2854 πρὸς
3616 2778 3707 2833 τὸν
3740 2778 3839 2834 ἄν-

2188 2867 2405 2942 θρωπον
2466 2864 2733 2940 γίνονται,
2764 2863 2890 2919 ὅταν
2945 2865 3108 2937 ἡμεῖς
3153 2869 3235 2937 τῷ
3288 2865 3407 2920 κατ’
3456 2865 3639 2921 εἰκόνα
3667 2865 3758 2922 καὶ
3789 2868 3835 2940 ᾧ

2186 2953 2551 3028 ἐτιμήθημεν,
2582 2952 2761 3026 τούτῳ
2809 2950 3170 3015 ἀδιαλείπτως
3214 2954 3571 3030 χρησώμεθα.
3624 2954 3705 3013 Τὰ
3736 2955 3835 3030 μὶν

410 3048 629 3119 Replete
672 3050 907 3102 terram.
950 3044 1305 3099 Communes
1345 3044 1584 3116 quidem
1615 3051 1757 3100 sunt
1802 3049 1861 3100 et
1891 3047 2067 3100 mutis

2184 3044 2289 3118 γὰρ
2352 3046 2677 3116 σωματικῶς
2734 3038 2898 3114 αὔξει·
2941 3044 3105 3115 ἡμεῖς
3157 3038 3236 3114 δὲ,
3285 3047 3693 3116 πνευματικῶς·
3740 3043 3833 3099 καὶ

409 3134 814 3193 animantibus
846 3149 1009 3189 voces
1035 3150 1048 3202 ;
1083 3133 1333 3205 propriae
1364 3137 1561 3188 tamen
1590 3133 1899 3201 ﬁunl,cum
1925 3135 1984 3189 in
2005 3150 2067 3190 eo

2181 3132 2249 3186 τὰ
2280 3132 2398 3205 μὲν,
2438 3129 2519 3203 τῷ
2560 3129 2762 3201 πλήθει
2818 3127 3033 3205 πληροῖ
3070 3131 3171 3199 τήν
3198 3136 3320 3206 γῆν·
3380 3133 3543 3204 ἡμεῖς
3598 3128 3656 3187 δὶ
3683 3129 3832 3202 πλη-

409 3225 567 3298 quod
619 3228 708 3279 est
756 3223 827 3278 ad
892 3221 1324 3294 imaginem,-et
1371 3238 1487 3293 quo
1536 3221 1758 3277 honore
1816 3222 2067 3295 provecti

2184 3225 2383 3297 ροῦμεν
2441 3224 2560 3282 ταῖς
2636 3220 2860 3293 ἀγαθαῖς
2919 3218 3194 3295 ἐργασίαις
3246 3221 3345 3290 τὴν
3409 3221 3830 3295 συνεζευγμένην

408 3329 621 3370 sumus
650 3310 1125 3384 impraetcrmisse
1154 3309 1271 3365 illis
1313 3310 1403 3366 usi
1443 3310 1751 3366 fuerimus.
1783 3315 1932 3367 Nam
1964 3311 2066 3369 illa

2181 3312 2317 3381 ἡμῖν
2348 3315 2499 3385 γῆνη
2530 3308 2773 3364 τουτέστι
2822 3308 2922 3377 τὴν
2975 3310 3293 3382 σωματικὴν
3337 3305 3646 3366 διάπλασιν.
3677 3306 3828 3366 ’Ἰδοὺ

403 3402 641 3475 quidem
686 3399 970 3470 corporali
1024 3402 1337 3469 augmento
1385 3403 1697 3468 crescunt;
1736 3417 1842 3455 nos
1870 3406 2066 3456 autem

2181 3395 2391 3453 δέδωκα
2450 3398 2599 3470 ὑμῖν·
2650 3400 2761 3452 Πᾶν
2815 3397 2974 3468 ξύλον
3048 3395 3181 3473 ὅπερ
3253 3397 3460 3470 καρπὸν
3528 3391 3667 3473 ἔχει,
3721 3419 3827 3476 φη-

404 3491 657 3564 spiritali
692 3507 704 3545 :
739 3493 915 3561 atque
944 3486 1048 3543 illa
1078 3486 1317 3559 quidem
1350 3491 1568 3543 terram
1610 3487 1835 3560 replent
1868 3489 2067 3545 multi-

2181 3486 2282 3556 τὶν,
2351 3484 2406 3541 ἐι
2478 3485 2671 3558 ἑαυτῷ,
2743 3485 2873 3559 ὑμῖν
2956 3478 3103 3539 ἔσται
3190 3483 3268 3549 εἰς
3354 3486 3575 3562 βρῶσιν,
3636 3488 3817 3558 Μηεὶν

404 3580 539 3654 plici
572 3577 804 3646 sobole;
838 3594 943 3633 nos
998 3593 1131 3632 vero
1183 3577 1556 3648 conjunctam
1611 3576 2067 3654 nobis‘terram,

2181 3574 2564 3651 παρατρεχέτω
2623 3576 2657 3645 ἡ
2727 3572 3052 3644 Ἐκκλησία·
3135 3574 3312 3629 πάντα
3392 3572 3603 3647 νόμιμά
3657 3573 3822 3632 ἐστιν.

404 3648 617 3742 corpus
649 3665 872 3724 scilicet
902 3682 931 3721 e
979 3671 1130 3721 terra
1158 3664 1552 3736 efformatum,
1577 3665 1755 3743 bonis
1769 3648 2067 3738 Feplemus

2181 3648 2288 3719 Οὐκ
2318 3648 2457 3719 sine:
2486 3660 2706 3719 Δέδωκα
2753 3664 2883 3736 ὑμῖν
2915 3660 3042 3724 τοὺς
3074 3659 3271 3737 ἰχθύας
3300 3665 3400 3728 τῆς
3433 3661 3712 3735 θαλάσσης
3743 3662 3823 3728 είς

404 3758 700 3831 cperibus.
755 3756 887 3811 Ecce
933 3753 1061 3809 dedi
1111 3754 1276 3821 vobis,
1332 3753 1571 3825 inquit:
1627 3746 1805 3810 omne
1852 3756 2063 3825 lignum

2181 3754 2379 3829 βρῶσιν
2411 3754 2512 3826 (α)·
2546 3748 2759 3806 δέδωκα
2785 3751 2913 3823 ὑμῖν
2955 3750 3023 3805 τὰ
3064 3752 3264 3821 κτήνη,
3293 3750 3360 3805 τὰ
3389 3751 3606 3827 ἑρπετὰ,
3635 3752 3703 3806 τὰ
3732 3772 3824 3807 πε-

404 3846 548 3920 quod
593 3848 833 3916 fructum
874 3844 1034 3899 habet
1081 3845 1139 3899 in
1188 3845 1493 3915 semetipso,
1527 3846 1633 3900 erit
1680 3845 1833 3900 vobis
1876 3849 1937 3901 in
1984 3847 2064 3901 ci-

406 3938 535 3993 bum
563 3936 632 3991 ”.
680 3930 838 3989 Nihil
891 3932 1146 3988 Ecclesia
1189 3936 1534 4005 praetereat:
1567 3933 1764 3988 omnia
1802 3934 2065 4007 legitima

405 4026 565 4080 sunt.
588 4022 715 4077 Non
739 4020 925 4075 dixit:
953 4019 1093 4074 Dedi
1121 4019 1288 4075 vobis
1312 4019 1498 4090 pisces
1529 4021 1709 4076 maris
1739 4021 1797 4076 in
1830 4023 2061 4092 cibum;

404 4112 537 4167 dedi
566 4110 729 4165 vobis
755 4125 1000 4181 pecora;
1035 4107 1165 4163 dedi
1202 4108 1454 4181 reptilia,
1485 4108 1766 4181 volatilia,
1807 4112 2062 4183 quadru-

402 4199 571 4273 peda.
603 4198 729 4254 Non
760 4198 916 4253 enim
948 4198 1008 4253 in
1035 4195 1193 4251 hunc
1215 4213 1390 4253 usum
1423 4198 1583 4253 fuere
1612 4200 2057 4272 creata,inquit;

400 4289 500 4345 sed
532 4288 725 4360 prima
757 4287 845 4342 lex
876 4290 941 4341 ut
968 4286 1257 4341 fructibus
1277 4302 1648 4343 vesceremur
1670 4295 2058 4349 concesserat.

396 4378 605 4434 Adhuc
636 4376 793 4433 enim
829 4375 1100 4447 paradiso
1132 4374 1295 4447 digni
1317 4375 1789 4446 existimabatur,
1810 4380 2059 4452 ejusque

393 4483 522 4539 quas
554 4465 612 4520 in
645 4480 715 4521 ea
743 4469 834 4519 est
861 4465 1051 4520 victus
1085 4464 1335 4522 ratione.
1376 4465 1693 4531 Qualenam
1738 4484 1869 4523 vero
1900 4470 2057 4541 quod

394 4556 455 4611 in
488 4554 685 4611 abdito
717 4554 945 4623 adjacet
990 4553 1378 4625 mysterium?
1416 4555 1577 4620 Quod
1622 4555 1907 4613 nimirum
1940 4575 2053 4615 non

396 4645 590 4703 solum
624 4643 816 4713 nobis,
852 4642 952 4697 sed
985 4646 1042 4697 et
1088 4642 1270 4698 mutis
1328 4643 1731 4700 animantibus
1765 4645 2056 4703 universis

395 4735 602 4791 eadem
635 4738 776 4788 tunc
802 4747 869 4786 ex
908 4730 1171 4801 frugibus
1202 4736 1369 4788 terrea
1399 4737 1456 4788 et
1485 4734 1815 4791 seminibus
1846 4735 2057 4792 alimo-

396 4823 495 4880 nia
524 4821 847 4879 constituta
884 4819 1080 4874 fuerit.
1110 4820 1246 4875 Ecce
1286 4823 1458 4889 enim,
1502 4823 1717 4894 inquit,
1747 4824 1879 4881 dedi
1907 4826 2058 4881 vobis

334 4918 341 4923 '
394 4927 554 4970 omne
593 4909 861 4983 pabulum
898 4911 1172 4964 seminale
1218 4913 1499 4966 seminans
1544 4928 1746 4981 semen,
1797 4915 1939 4986 quod
1979 4922 2058 4971 est

389 5016 560 5073 super
587 5009 839 5066 terram;
882 5008 938 5053 et
968 5013 1128 5053 omne
1156 4999 1373 5068 lignum
1406 5002 1555 5072 quod
1584 5002 1746 5058 habet
1773 5004 1835 5059 in
1860 5008 2055 5060 semet-

2170 3842 2340 3911 τεινᾶ,
2370 3842 2437 3897 τὰ
2460 3837 2785 3917 τετράποδα·
2821 3839 2883 3895 οὗ
2940 3838 3044 3915 γὰρ
3095 3839 3305 3894 τούτων
3351 3837 3525 3895 ἕνεκεν
3578 3840 3826 3912 ἐκτίσθη-

2173 3954 2288 4002 σαν,
2329 3931 2513 4009 φησίν·
2547 3928 2677 3985 ἀλλ’
2733 3932 2769 3999 ἠ
2829 3930 3020 4004 πρώτη
3071 3929 3362 4003 νομοθεσία
3411 3934 3634 4006 καρπῶν
3690 3930 3822 3998 ἀπό-

2173 4020 2362 4076 λαυσιν
2392 4019 2798 4095 συνεχώρησεν.
2828 4020 2946 4075 Ἔτι
2977 4017 3078 4095 γὰρ
3119 4018 3483 4093 ἐνομιζόμεθα
3514 4017 3653 4090 ἄξιοι
3685 4019 3822 4074 εἶναι

2168 4114 2265 4166 τοῦ
2296 4107 2626 4184 παραδείσου
2678 4107 2768 4163 καὶ
2813 4114 2915 4177 τῆς
2958 4106 3010 4162 ἐν
3060 4106 3208 4180 αὐτῷ
3251 4105 3489 4171 διαίτπς.
3519 4109 3645 4163 Οἷον
3679 4105 3736 4164 δέ
3764 4108 3820 4164 τί

2168 4198 2278 4254 ἐστι
2308 4198 2401 4254 καὶ
2448 4199 2511 4252 τὸ
2569 4197 2622 4250 ἐν
2668 4201 2749 4269 τῷ
2804 4194 3123 4252 λανθάνοντι
3179 4196 3575 4273 παρακείμενον
3608 4200 3817 4270 μυστή-

2168 4308 2308 4365 ριον·
2342 4288 2425 4343 ὅτι
2455 4287 2516 4342 οὐ
2554 4285 2715 4360 μόνον
2749 4288 2909 4359 ἡμῖν,
2940 4283 3086 4340 ἀλλά
3127 4285 3218 4340 καὶ
3245 4290 3363 4349 τοῖς
3396 4285 3620 4363 ἀλόγοις
3655 4287 3817 4357 ζώοις

2166 4381 2348 4446 πᾶσιν,
2381 4379 2416 4446 ἡ
2447 4375 2581 4443 αὖτή
2612 4373 2672 4429 ἐκ
2698 4379 2808 4430 τῶν
2854 4377 3077 4450 καρπῶν
3107 4377 3207 4440 τῆς
3260 4381 3365 4449 γῆς
3394 4375 3483 4429 καὶ
3513 4380 3621 4429 τῶν
3655 4395 3819 4448 σπερ-

2170 4468 2354 4541 μάτων
2415 4465 2620 4542 ὡρίσθη
2646 4469 2727 4537 τῶ
2781 4464 2904 4519 τότε
2949 4468 3148 4541 τροφή.
3205 4461 3345 4519 Ἰδοὺ
3374 4464 3499 4540 γὰρ,
3540 4464 3695 4543 φησὶ,
3730 4462 3816 4520 δέ·

2168 4553 2317 4611 δωκα
2412 4555 2539 4629 ὑμῖν
2643 4554 2810 4609 κάντα
2908 4552 3110 4629 χόρτον
3212 4548 3507 4629 σπόριμον,
3591 4558 3816 4628 σπεῖρον

2168 4646 2402 4719 σπέρμα,
2436 4644 2467 4699 ὅ
2522 4642 2660 4698 ἐστιν
2719 4641 2899 4698 ἐπάνω
2954 4648 3056 4711 τῆς
3108 4647 3241 4717 γῆςζ
3289 4640 3380 4696 καὶ
3440 4644 3543 4696 πᾶν
3591 4640 3754 4713 ξύλον
3786 4640 3818 4697 δ

2168 4732 2283 4811 ἔχει
2343 4733 2394 4789 ἐν
2454 4734 2628 4805 ἑαυτῷ
2686 4732 2890 4809 καρπὸν
2956 4730 3266 4805 σπέρματος
3325 4730 3620 4806 σπορίμου,
3685 4732 3812 4804 ὑμῖν

2167 4820 2316 4879 ἔσται
2361 4822 2440 4886 εἷς
2503 4823 2732 4899 βρῶσιν,
2790 4822 2880 4877 καὶ
2927 4827 3059 4876 πᾶσι
3105 4825 3223 4882 τοῖς
3282 4819 3497 4896 θηρίοις
3552 4823 3652 4886 τῆς
3682 4827 3816 4895 γῆς,

2164 4913 2254 4969 καὶ
2311 4919 2441 4969 πᾶσι
2487 4917 2607 4974 τοῖς
2683 4915 2951 4975 πετεινοῖς
3027 4915 3131 4984 μοῦ
3190 4909 3447 4987 οὐρανοῦ,
3500 4909 3591 4966 καὶ
3649 4909 3813 4964 παντί

2165 5004 2374 5078 ἑρπετῷ
2398 4999 2615 5078 ἕρποντι
2648 5000 2735 5056 ἐπὶ
2759 5007 2861 5070 τῆς
2886 5006 3008 5077 γῆς.

386 5093 503 5164 ipso
533 5091 774 5161 fructum
824 5088 1053 5143 seminis
1082 5089 1394 5160 seminatis,
1449 5090 1597 5146 vobis
1640 5094 1746 5147 erit
1784 5093 1844 5146 in
1890 5093 2092 5166 cibum,
2140 5094 2457 5162 cunctisque
2506 5092 2691 5147 bestiis
2743 5098 2925 5163 terra,
2956 5099 3009 5148 et
3065 5091 3275 5147 cunctis
3325 5088 3643 5146 volucribus
3691 5089 3813 5145 cali

392 5181 652 5251 omnique
683 5177 890 5249 replili,
925 5178 1070 5249 quod
1097 5187 1282 5247 reptat
1322 5195 1487 5251 super
1515 5184 1726 5236 terram
1765 5181 1834 5236 ³³.

459 5269 514 5324 3.
538 5268 715 5340 Atqui
748 5283 903 5323 nunc
934 5267 1089 5324 dicat
1120 5267 1339 5340 aliquis
1381 5286 1395 5325 :
1428 5269 1711 5327 Videmus
1742 5270 2054 5345 plerasque

385 5356 603 5415 bestias
633 5374 749 5415 non
782 5356 937 5414 vesci
969 5357 1284 5413 fructibus.
1318 5356 1443 5421 Quo
1474 5358 1632 5415 enim
1678 5361 1875 5418 fructu
1904 5379 2050 5435 pan-

385 5446 558 5505 thera
614 5446 795 5503 vitam
854 5449 1112 5502 sustinet
1159 5444 1455 5503 tolerare?
1484 5448 1619 5520 quis
1659 5464 1797 5506 vero
1827 5450 2055 5511 fructus

461 5574 506 5612 ²¹
538 5574 679 5645 Gen.
712 5590 867 5645 xxvx,
900 5572 987 5629 13.
1066 5571 1213 5631 Gen.
1241 5589 1283 5642 ι,
1314 5574 1405 5632 29.
1483 5575 1627 5633 ibid.
1659 5577 1751 5647 29,
1784 5578 1874 5637 30.

462 5682 553 5812 ἓα).
568 5683 761 5740 Verba
790 5678 1068 5737 δέδωκα...
1096 5680 1328 5767 βρῶσιν.
1357 5686 1760 5773 supplevimus
1784 5704 1854 5745 ex
1873 5689 2047 5746 Com-

506 5771 593 5812 slo
618 5772 633 5812 :
670 5760 738 5812 ut
756 5771 893 5812 mox
917 5770 990 5812 ex
1017 5754 1273 5812 editione
1303 5757 1615 5812 Basileensi
1648 5760 1835 5812 Ἔτι...
1865 5781 2040 5812 παοα..

386 5754 633 5827 beﬁsio;
670 5760 738 5813 ut
756 5771 893 5813 mox
917 5770 990 5813 ex
1017 5754 1273 5814 editione
1303 5754 1615 5820 Basiléonsi
1648 5760 1835 5822 Ἔτι...
1865 5781 2040 5839 παρα-

2234 5272 2288 5327 3.
2321 5270 2420 5325 Καὶ
2446 5270 2552 5345 μὴν
2599 5265 2747 5325 εὲποι
2793 5286 2898 5333 τις·
2933 5270 3046 5327 Νῦν
3094 5269 3309 5344 ὁρῶμεν
3339 5265 3407 5322 τὰ
3454 5262 3687 5321 πλείονα
3704 5268 3813 5321 τῶν

2163 5362 2368 5441 θηρίων
2427 5367 2657 5440 καρποῖς
2721 5363 2797 5438 μὴ
2868 5360 3191 5441 τρεφόμενα.
3254 5359 3409 5433 ΙῙοίῳ
3463 5359 3564 5437 γὰρ
3618 5362 3814 5432 καρπῷ

2165 5451 2414 5532 ἀνέχεται
2472 5449 2744 5530 πάρδαλις
2791 5454 3092 5529 τραφῆναι;
3121 5450 3207 5517 τίς
3263 5446 3322 5507 δι
3356 5448 3564 5528 καρπὸς
3596 5445 3816 5505 δύναται

2157 5686 2355 5765 δείσου,
2384 5691 2447 5749 in
2493 5694 2747 5762 utraque
2789 5686 3125 5765 Gombeﬁsii
3155 5691 3214 5747 et
3253 5681 3812 5765 Gunerii_editiono

2148 5756 2390 5837 omissa,
2420 5782 2549 5840 quis
2578 5756 2777 5823 tainon
2807 5761 3194 5823 Combefisius
3220 5762 3495 5822 verterat.
3526 5756 3685 5815 Em'r.
