4154 6436
269 447 348 506 45

1249 436 1354 497 DE
1397 435 1728 496 HOMINIS
1774 435 2244 498 STRUCTURA
2288 433 2582 496 ORATIO
2625 435 2702 494 Ιῐ.

3612 432 3696 494 46

271 575 464 632 λέοντα
519 569 710 648 θρέψαι
739 589 753 640 ;
807 567 968 626 Ἀλλ’
1010 565 1166 636 ἴστω,
1202 564 1286 621 ὅτι
1314 563 1409 621 καῖ
1434 566 1624 634 ταῦτα,
1655 569 1735 637 τῷ
1760 565 1919 637 νόμῳ

2062 583 2258 622 eonem
2285 569 2475 638 potest
2495 566 2686 622 alere?
2715 566 2865 621 Scite
2890 564 3278 621 nihilominus
3305 569 3502 621 tamen
3523 566 3684 638 quod

267 671 368 734 τῆς
424 661 636 742 φύσεως
689 658 1112 734 ὑπυτεταγμένα,
1151 661 1405 732 καρποῖς
1453 656 1516 710 τὸ
1567 655 1692 730 πρὶν
1731 651 1934 728 διετρέ-

271 739 445 824 φετοί
481 748 669 819 ἐπειδὴ
711 747 770 804 δὲ
817 749 846 802 ὁ
892 745 1175 824 ἄνθρωπος
1224 742 1566 819 ἐξεδιῃτήθη,
1627 743 1713 798 καὶ
1774 739 1928 814 ἐξέϐη

273 817 400 906 τοὺς
430 845 592 920 ὁρους
622 838 750 901 τοὺς
781 837 1031 901 δοθέντας
1085 835 1252 908 αὐτῷ,
1318 835 1452 908 μετά
1507 834 1600 888 τὸν
1658 830 1933 887 κατακλυ-

276 935 410 1008 σμὸν
452 930 612 992 εἶ’δὼς
666 931 746 1003 (α)
794 928 822 981 ὁ
871 925 1070 1002 Κύριος
1101 923 1338 1003 ἀφειδεῖς
1393 923 1521 988 τοὺς
1577 923 1929 998 ἀνθρώπους,

273 1022 488 1076 πάντων
553 1021 653 1088 τὴν
729 1016 1027 1072 ἀπόλαυσιν
1099 1015 1467 1090 συνεχώρησε.
1531 1014 1711 1068 Πάντα
1765 1016 1933 1066 ταῦτα

275 1110 504 1190 φάγεσθε
552 1108 626 1171 ὡς
675 1108 892 1181 λάχανα
945 1104 1173 1190 χόρτου·
1200 1101 1409 1190 ⁸Ταύτῃ
1459 1105 1527 1176 λῇ
1577 1102 1930 1176 συγχωρήσει

273 1187 458 1255 καὶτὰ
488 1195 657 1252 λοιπὰ
707 1199 819 1264 ζῶα
878 1193 1036 1257 εὐθὺς
1083 1187 1248 1247 ἔλαϐε
1293 1192 1393 1261 τήν
1444 1195 1541 1246 τοῦ
1575 1193 1930 1267 σαρκοφαγεῖν

278 1285 482 1342 ἄδειαν.
1455 1287 1458 1292 ’

343 1379 395 1433 4.
431 1374 516 1445 Ἐξ
574 1372 780 1428 ἐκείνου
836 1369 1032 1426 λοιπὸν
1084 1364 1376 1444 ὡμοϐόρος
1419 1371 1446 1423 ὁ
1499 1367 1674 1423 λέων·
1709 1366 1760 1437 ἐξ
1793 1364 1932 1420 ἐκεί-

274 1483 369 1517 νου
407 1463 497 1517 καὶ
521 1465 688 1537 γῦπες
717 1459 1043 1532 ἀναμένουσι
1098 1460 1420 1530 Ονησιμαῖα.
1471 1456 1549 1512 Οὐ
1607 1452 1785 1526 δήπου
1829 1454 1932 1529 γάρ

275 1551 362 1608 καὶ
422 1555 589 1627 γῦπες
623 1551 765 1622 ὁμοῦ
816 1553 896 1621 τῷ
955 1546 1286 1624 γεννηθῆἀαι
1348 1550 1480 1615 ζῶα,
1539 1543 1932 1619 περιεσκόπουν

276 1641 374 1709 τὴν
403 1647 530 1716 γῆν·
566 1638 720 1693 οὔπω
775 1639 878 1712 γάρ
909 1659 960 1692 τι
1019 1635 1280 1699 ἀπέθανεν
1319 1639 1426 1688 τῶν
1484 1633 1630 1709 παρά
1685 1638 1801 1705 Θεῷ
1857 1634 1934 1705 (b)

277 1728 607 1806 γενομένων,
669 1725 752 1781 ἱνα
794 1730 961 1802 γῦπες
1014 1729 1308 1802 τραφῶσιν.
1369 1719 1508 1780 Οῦτε
1539 1724 1643 1799 γὰρ
1693 1725 1728 1792 ἡ
1779 1722 1934 1800 φύσις

281 1817 618 1894 διεχείριζεν·
691 1817 896 1888 ἀκμαῖα
948 1814 1092 1890 γάρ·
1153 1810 1277 1868 οὔτε
1331 1812 1564 1887 θηραταὶ
1622 1812 1931 1866 ἀνάλωσαν·

313 1906 338 1925 ν
505 1907 518 1926 \
767 1903 815 1924 I‘
1024 1903 1048 1924 τ’
1422 1901 1435 1920 9
1616 1900 1626 1916 1
1724 1899 1746 1917 Ν
1782 1902 1792 1918 r

279 1929 431 1963 ουπω
460 1927 561 1983 γαρ
621 1906 965 1975 ἐπιτηδευσις
1012 1927 1076 1970 ην
1127 1905 1317 1974 θήρας·
1381 1923 1443 1956 ου
1501 1903 1661 1975 Θηρια
1719 1917 1928 1955 οιεσπα·

285 1959 425 1963 “""
475 1959 554 1983 ΓΤ
629 1959 635 1960 ⁷
769 1959 778 1975 ι
953 1959 964 1966 ν
1036 1959 1045 1970 -
1184 1959 1210 1974 ιι
1285 1959 1295 1964 -
1553 1959 1581 1975 σι

284 1994 406 2052 οὕτε
433 1997 536 2072 γὰρ
595 1995 661 2063 ἦν
690 1989 974 2069 ὡμοϐόρα·
1029 1993 1161 2067 γυψὶ
1203 1989 1262 2045 δὲ
1311 1989 1534 2061 σύνηθες
1583 1990 1689 2044 ἀπὸ
1735 1995 1936 2066 νεκρῶν
1967 1959 2012 2021 Β

287 2085 612 2148 διαιτᾶσθαι.
673 2083 832 2136 Ὥστε
884 2081 1038 2136 οὕπω
1094 2080 1160 2149 ἧν
1221 2079 1404 2152 νεκρὰ,
1463 2079 1616 2133 οῧπω
1676 2076 1934 2148 δυσωδία,

286 2173 440 2229 οὔπω
493 2172 719 2242 τοιαύτη
751 2171 928 2248 τροφὴ
971 2173 1177 2245 γυπῶν·
1209 2167 1356 2223 ἀλλὰ
1383 2169 1574 2229 πάντες
1619 2167 1685 2222 τά
1725 2167 1934 2222 κύκνων

287 2261 575 2337 διῃτῶντο,
635 2259 724 2315 καὶ
777 2259 950 2314 πάντα
1004 2257 1132 2319 τοὺς
1187 2255 1458 2331 λειμῶνας
1489 2257 1797 2330 ἐπενέμετο.
1835 2259 1934 2314 Καὶ

287 2353 376 2407 οἴα
423 2352 638 2425 ὁρῶμεν
689 2347 850 2413 κύνας
905 2347 1185 2422 θεραπείας
1229 2343 1402 2402 ἕνεκεν
1462 2345 1734 2408 πολλάκις
1761 2345 1938 2422 ἄγρω-

287 2462 400 2496 στιν
433 2437 881 2512 έπινεμομὲνους,
917 2436 1016 2492 οὐκ
1044 2434 1232 2505 ἐπειδὴ
1266 2438 1521 2512 συμφυὴς
1571 2436 1754 2498 αὐτιῖς
1797 2437 1938 2491 ἐστιν

288 2533 321 2600 ἡ
354 2530 554 2607 τροφὴ,
616 2526 742 2583 ἀλλ’
775 2523 962 2596 ἐπειδὴ
996 2524 1268 2598 ἂδιδάκτῳ
1298 2527 1403 2579 τινὶ
1445 2525 1655 2602 φύσεως
1688 2523 1940 2580 διδασκα-

289 2617 384 2690 λίᾳ
413 2618 500 2673 ἐπὶ
528 2619 592 2673 τὸ
623 2615 900 2693 συμφέρον
946 2611 1166 2692 (ἔρχεται
1218 2616 1285 2670 τὰ
1333 2612 1511 2690 ἄλογα
1534 2633 1547 2647 ·
1600 2620 1824 2670 τοιαῦτα
1851 2613 1942 2669 καὶ

289 2708 414 2764 τότε
444 2706 661 2782 λόγισαι
706 2706 1024 2769 καθεστάναι
1057 2705 1124 2759 τὰ
1149 2709 1238 2760 νῦν
1296 2699 1562 2781 ὡμοϐόρα
1597 2708 1708 2760 τῶν
1765 2705 1943 2773 ζώων,

288 2797 380 2852 καὶ
411 2799 483 2870 (c)
511 2795 712 2872 χόρτον
748 2795 960 2856 ἑαυτοῖς
1003 2795 1210 2872 τροφὴν
1243 2791 1499 2863 ἐπινοεῖν,
1543 2793 1642 2848 οὐκ
1671 2791 1946 2864 ἀλλήλοις

291 2881 739 2941 ἐπιϐουλεύοντα·
773 2882 900 2939 ἀλλ’
935 2880 1022 2938 οἶά
1076 2883 1269 2956 μέλλει
1328 2883 1454 2938 sive:
1516 2883 1651 2956 μετὰ
1686 2887 1859 2937 ⁴ταῦτα
1908 2886 1944 2952 ἡ

291 2975 746 3042 ἀποκατάστασις,
793 2973 1019 3043 τοιαύτη
1071 2973 1138 3041 ἦν
1171 2974 1205 3043 ἠ
1240 2975 1432 3048 πρώτη
1492 2971 1717 3047 γένεσις.
1752 2974 1947 3027 Ἐπαν-

294 3071 512 3141 έρχεται
545 3060 603 3118 δὲ
657 3063 684 3116 ὁ
733 3063 1020 3138 ἄνθρωπος
1069 3060 1154 3116 ἐπὶ
1203 3062 1302 3130 τὴν
1354 3061 1526 3116 πάλαι
1574 3060 1737 3115 αὐτοῦ
1783 3061 1948 3116 κατά-

297 3174 502 3222 στασιν,
560 3158 662 3222 τῆς
717 3151 985 3224 πονηρίας
1031 3151 1321 3227 ἀφέμενος,
1381 3149 1471 3204 καὶ
1527 3156 1627 3218 τῆς
1667 3151 1788 3220 περὶ
1849 3151 1948 3219 τὴν

297 3243 499 3318 γεηρᾶν
557 3239 760 3308 ταύτην
807 3239 898 3293 καὶ
947 3236 1213 3314 ὀδυνηρὰν
1275 3239 1420 3306 ζωὴν
1481 3238 1812 3313 μοχθηρίας,
1840 3242 1949 3292 τῶν

2039 657 2162 711 haec
2188 656 2317 727 ipsa
2345 654 2456 727 legi
2510 660 2731 710 natura:
2787 655 3062 710 obsecuta
3118 654 3344 726 pridem
3395 655 3690 713 fructibus

2039 747 2453 800 vescebantur:
2478 751 2789 816 postquam
2817 748 3009 799 autem
3039 743 3211 798 homo
3235 743 3544 815 pristinam
3569 760 3699 798 mu-

2039 834 2186 889 tavit
2215 833 2342 887 vitae
2366 834 2674 899 rationem,
2700 834 2965 904 ﬁnesque
2985 833 3097 888 sibi
3121 833 3474 890 constitutos
3495 848 3694 888 exces-

2041 923 2137 991 sit,
2161 923 2366 978 videns
2396 923 2682 978 Dominus
2713 929 2846 993 post
2875 922 3163 978 diluvium
3191 922 3458 978 homines
3490 923 3694 994 profu-

2043 1029 2139 1067 sos
2153 1011 2689 1082 deliciis,nullaque
2702 1011 3016 1066 obstrictos
3030 1011 3694 1082 parcimonia,vescendi

2042 1101 2318 1156 omnibus
2343 1099 2678 1155 facultatem
2704 1100 2858 1155 fecit.
2885 1098 3093 1156 Cuncta
3110 1100 3242 1170 haec,
3266 1100 3480 1172 inquit,
3514 1115 3697 1156 come-

2041 1191 2198 1256 detis,
2221 1192 2382 1260 quasi
2400 1191 2548 1245 olera
2591 1192 2840 1245 virentia
2878 1191 2942 1243 ²⁴.
2977 1191 3099 1254 Quo
3133 1205 3432 1257 concesso,
3466 1188 3696 1260 reliqua

2043 1296 2278 1350 quoque
2295 1278 2617 1335 animantia
2632 1278 2842 1334 edendi
2858 1279 3059 1333 statim
3082 1277 3376 1333 licentiam
3395 1293 3693 1350 accepere.

2115 1369 2166 1425 4.
2197 1367 2395 1423 Exillo
2417 1369 2544 1438 jam
2571 1373 2626 1424 et
2647 1368 2734 1424 leo
2761 1369 3141 1423 crudivorus:
3180 1385 3250 1423 ex
3290 1367 3389 1423 illo
3430 1368 3698 1424 vultures

2043 1459 2214 1512 avida
2243 1457 2557 1529 gulositate
2588 1461 2930 1529 exspectant
2961 1459 3262 1513 cadavera.
3296 1457 3498 1530 Neque
3537 1459 3695 1513 840

2044 1546 2197 1600 enim
2217 1546 2479 1601 vultures
2497 1546 2674 1601 simul
2699 1563 2766 1602 ac
2779 1547 3054 1602 animalia
3070 1546 3267 1616 genita
3281 1547 3700 1614 sunt,circum-

2045 1634 2376 1690 lustrabant
2388 1636 2780 1701 terram.Quid
2795 1636 2952 1691 enim
2967 1652 3169 1691 eorum
3186 1653 3314 1708 qua:
3329 1653 3362 1691 a
3374 1641 3486 1690 Deo
3501 1640 3699 1692 creata

2043 1729 2260 1792 essent,
2295 1726 2497 1780 statim
2552 1725 2874 1797 interierat,
2929 1729 2994 1780 ut
3037 1726 3299 1781 vultures
3354 1725 3700 1781 alerentur?

2043 1813 2241 1884 Neque
2273 1814 2428 1868 enim
2460 1818 2672 1869 natura
2702 1815 2829 1870 neci
2862 1815 3076 1882 dabat;
3103 1816 3316 1886 quippe
3342 1832 3468 1886 quae
3493 1815 3700 1887 vigens

2044 1904 2376 1974 florensque
2435 1908 2595 1971 erat;
2648 1920 2838 1975 neque
2885 1910 3189 1960 venatores
3239 1905 3696 1976 disperdebant;

2045 1995 2307 2048 nondum
2340 1993 2498 2048 enim
2533 2010 2628 2048 ars
2661 1995 2912 2048 venandi
2943 1999 3109 2050 erat:
3145 2010 3251 2049 nec
3283 1994 3486 2050 bestiae
3531 1998 3702 2050 erant

2045 2100 2172 2154 quae
2190 2083 2623 2155 discerperent;
2648 2099 2783 2137 nam
2805 2100 2994 2154 neque
3009 2088 3178 2138 erant
3199 2083 3540 2139 crudivora:
3565 2083 3700 2139 vul-

2047 2171 2279 2228 turibus
2299 2189 2434 2227 vero
2455 2189 2524 2227 ex
2549 2171 2745 2227 indole
2774 2177 2864 2227 est
2883 2177 2947 2227 ut
2964 2173 3345 2228 cadaveribus
3366 2177 3697 2229 vescantur.

2047 2263 2234 2325 Quare
2247 2261 2511 2316 nondum
2535 2265 2702 2316 erant
2723 2262 3034 2329 cadavera;
3059 2263 3320 2317 nondum
3352 2262 3523 2328 fetor;
3550 2278 3696 2317 non-

2049 2351 2190 2405 dum
2211 2349 2349 2404 talis
2369 2349 2668 2404 vulturum
2703 2367 2864 2406 esca:
2891 2351 2992 2406 sed
3007 2351 3207 2406 omnia
3227 2367 3544 2424 cycnorum
3571 2367 3699 2407 mo-

2051 2456 2111 2494 re
2141 2439 2504 2505 victitabant,
2530 2444 2853 2510 cunctaque
2874 2440 2928 2494 in
2956 2443 3138 2512 pratis
3172 2440 3585 2512 pascebantur.
3617 2441 3703 2495 Ac

2051 2528 2204 2584 sicut
2222 2528 2491 2584 videmus
2513 2545 2689 2584 canes
2711 2529 3033 2584 curationis
3055 2545 3236 2584 causa
3256 2528 3411 2584 haud
3429 2546 3560 2585 raro
3573 2545 3706 2602 gra-

2053 2634 2188 2674 men
2211 2618 2553 2689 depascere;
2584 2636 2700 2674 non
2739 2619 2895 2690 quod
2924 2618 3000 2674 sit
3030 2618 3150 2673 illis
3181 2619 3477 2690 genuinus
3499 2635 3569 2674 ex
3600 2635 3706 2674 na-

2053 2712 2188 2762 tura
2231 2707 2580 2763 conveniens
2618 2709 2807 2774 cibus,
2847 2709 2946 2763 sed
2978 2709 3132 2780 quod
3170 2707 3421 2764 naturali
3451 2708 3708 2780 quodam

2054 2797 2341 2852 instinctu
2371 2797 2554 2852 brutee
2585 2798 2918 2853 animantes
2949 2798 3008 2852 in
3041 2797 3100 2852 id
3134 2798 3403 2852 feruntur
3434 2798 3590 2870 quod
3647 2797 3710 2853 in

2057 2903 2180 2941 rem
2207 2902 2407 2941 earum
2442 2886 2808 2942 conducibile
2837 2890 2945 2942 est.
2977 2887 3283 2957 Ejusmodi
3330 2887 3523 2959 cogita
3571 2889 3714 2942 tunc

2059 2975 2240 3030 fuisse
2272 2993 2398 3047 qua:
2433 2993 2590 3030 nunc
2622 2975 2931 3031 crudivora
2961 2980 3100 3031 sunt
3123 2976 3422 3046 animalia,
3447 2992 3578 3048 quis
3601 2975 3714 3031 sibi

2058 3064 2204 3136 ipsis
2227 3065 2467 3119 herbam
2493 3065 2778 3120 virentem
2805 3081 2999 3121 escam
3021 3065 3443 3137 prospicerent,
3471 3080 3577 3120 nec
3598 3064 3713 3121 sibi

2061 3157 2268 3207 mutuo
2301 3153 2550 3208 insidias
2582 3157 2880 3209 struerent
2909 3169 2922 3207 :
2957 3155 3058 3209 sed
3091 3153 3285 3226 qualis
3314 3157 3448 3226 post
3477 3154 3598 3209 haec
3622 3154 3713 3209 fu-

2059 3247 2195 3296 tura
2232 3241 2409 3296 estin
2441 3242 2757 3313 pristinum
2810 3242 3123 3310 restitutio,
3177 3242 3316 3299 talis
3354 3249 3478 3299 erat
3521 3243 3716 3316 prima

301 3331 425 3405 περὶ
475 3330 544 3384 τὰ
596 3327 827 3404 βιωτικὰ
863 3331 1049 3398 ταῦτα,
1098 3327 1164 3381 τὰ
1191 3327 1291 3395 τήν
1341 3329 1525 3402 ψυχὴν
1560 3324 1948 3394 συνθολοῦντα,

2062 3329 2406 3402 procreatio.
2442 3331 2769 3386 Revertitur
2799 3336 2992 3387 autem
3017 3332 3192 3388 homo
3209 3333 3280 3388 ad
3303 3332 3621 3404 pristinum
3643 3332 3714 3387 il-

301 3416 600 3497 φροντίδων
650 3417 740 3471 καὶ
804 3420 1105 3490 μεριμνῶν.
1155 3420 1333 3470 Ταῦτα
1390 3416 1483 3469 οῦν
1532 3415 1704 3470 πάντα
1752 3415 1952 3479 ἀποθέ-

306 3529 488 3582 μενος,
518 3506 606 3561 ἐπὶ
635 3507 724 3561 τὸν
760 3505 811 3560 ἐν
861 3502 1176 3580 παραδείσῳ
1227 3504 1548 3579 ὑποστρέφει
1599 3504 1712 3580 βίον
1749 3504 1950 3560 ἐκεῖνον

301 3598 394 3651 τὸν
421 3593 737 3650 ἀδούλωτον
767 3599 884 3656 τοῖς
925 3593 1119 3657 πάθεσι
1168 3597 1268 3659 τῆς
1327 3593 1546 3669 σαρκὸς,
1601 3595 1692 3648 τὸν
1742 3593 1955 3649 ἐλεύθε-

302 3707 418 3762 ρον,
462 3685 553 3739 τὸν
609 3689 726 3757 Θεῴ
783 3683 1098 3756 συνόμιλον,
1156 3683 1249 3738 τὸν
1302 3682 1559 3759 ἀγγέλοις
1614 3683 1953 3757 ὁμοδίαιτον.

301 3779 483 3832 Ταῦτα
519 3773 696 3828 τοίνυν
757 3769 973 3848 εἷ’ρηται
1031 3775 1188 3846 ἡμῖν,
1247 3771 1348 3827 οὐκ
1403 3770 1590 3842 ἐπειδὴ
1647 3772 1957 3829 ἀποκλείειν

306 3862 539 3936 θέλομεν
585 3869 685 3932 τῆς
729 3859 1026 3936 δεδομένης
1057 3865 1196 3934 ἡμῖν
1226 3861 1372 3936 παρὰ
1401 3867 1534 3918 Θεοῦ
1566 3864 1822 3938 χρήσεως
1851 3868 1958 3918 τῶν

311 3951 638 4034 βρωμάτων,
695 3949 821 4006 ἀλλ’
877 3950 963 4005 ἵνα
1016 3951 1108 4006 τὸν
1163 3952 1356 4027 πρώην
1411 3951 1792 4026 μακαρίσωμεν
1823 3952 1962 4028 χρό-

306 4061 422 4097 νον·
453 4039 541 4096 οἷά
570 4041 636 4110 ἦν
671 4043 704 4110 ἡ
738 4039 864 4095 τότε
912 4041 1050 4109 ζωὴ,
1078 4039 1231 4108 ὅπως
1262 4038 1589 4117 ἀπροσδεὴς,
1623 4043 1772 4104 ὅπως
1806 4039 1964 4118 ὀλιγ-

307 4134 520 4206 αρκής·
582 4135 700 4194 πῶς
758 4130 971 4206 βραχέα
1028 4128 1167 4184 πάνυ
1216 4130 1308 4184 καὶ
1359 4130 1653 4207 εὐπόριστα
1707 4132 1774 4186 τὰ.
1829 4132 1966 4205 πρὸς

306 4223 405 4290 τὴν
438 4225 534 4276 τοῦ
571 4220 694 4295 βίου
736 4217 1015 4294 διαγωγὴν
1067 4224 1183 4282 τοῖς
1237 4221 1545 4297 ἀνθρώποις
1604 4221 1960 4293 συντείνοντα,

308 4311 400 4366 καὶ
432 4315 551 4372 πῶς
580 4310 644 4363 τὸ
674 4308 931 4364 ποικίλον
957 4316 1058 4379 τῆς
1092 4307 1305 4380 διαίτης
1360 4313 1495 4382 ἡμῖν
1546 4313 1580 4380 ἡ
1623 4317 1722 4380 τῆς
1783 4312 1956 4384 ἁμαρ-

307 4399 427 4464 τίας
475 4400 876 4474 σννεισήνεγκεν
938 4399 1085 4454 αἶτία
1117 4444 1130 4456 .
1185 4396 1403 4468 Ἐπειδή
1460 4399 1560 4476 γὰρ
1612 4406 1713 4470 τῆς
1769 4398 1965 4470 ἀληθι-

308 4497 409 4560 νῆς
437 4495 648 4566 τρυφῆς
693 4492 794 4554 τῆς
843 4488 894 4544 ἐν
942 4493 1022 4562 τῷ
1071 4486 1382 4566 παραδείσῳ
1413 4487 1751 4563 ἰξεπέσαμεν,
1813 4511 1966 4545 νενο-

312 4580 571 4653 θευμένας
647 4578 851 4657 τρυφὰς
926 4580 1006 4652 (d)
1078 4579 1294 4640 ἑαυτοῖς
1371 4579 1806 4652 ἐπενοησάμεθα·
1877 4581 1964 4634 καὶ

2063 3418 2188 3474 lum
2219 3424 2460 3490 statum,
2495 3420 2783 3492 pravitate
2817 3420 3069 3488 solutus,
3118 3421 3390 3494 circaque
3420 3425 3716 3478 terrenam

2065 3508 2216 3563 hanc
2249 3526 2313 3564 ac
2347 3526 2739 3566 aerumnosam
2770 3510 2947 3566 vitam
2984 3510 3452 3582 gravimolestia,
3478 3527 3584 3567 nec
3601 3527 3720 3566 non

2068 3598 2224 3654 curis
2255 3615 2320 3654 ac
2352 3598 2853 3654 sollicitudinibus
2885 3616 3022 3673 erga
3054 3600 3361 3656 saecularia
3392 3601 3516 3657 haec
3537 3617 3724 3672 exque

2066 3687 2196 3742 vitae
2228 3687 2578 3754 usu,animi
2638 3704 2912 3744 serenum
2972 3689 3294 3745 turbantia.
3359 3691 3485 3745 Haec
3542 3689 3728 3762 igitur

2071 3777 2270 3832 omnia
2303 3778 2402 3848 qui
2435 3778 2811 3848 abdicaverit,
2845 3779 2916 3832 ad
2950 3778 3128 3832 vitam
3163 3777 3325 3833 illam
3357 3778 3417 3833 in
3451 3778 3728 3851 paradiso

2072 3866 2212 3921 olim
2246 3867 2624 3922 constitutam
2660 3866 3025 3938 postliminio
3057 3867 3248 3935 redit;
3296 3866 3476 3922 vitam
3528 3867 3729 3938 utique

2073 3955 2410 4011 carnalibus
2435 3955 2594 4010 vitiis
2625 3955 2768 4009 nihil
2791 3956 3123 4022 obnoxiam,
3149 3955 3394 4011 liberam
3417 3956 3729 4023 illam,Deo

2075 4043 2578 4108 contubernalem,
2615 4043 2839 4117 angelis
2872 4044 3116 4100 sociam.
3152 4048 3282 4100 Haec
3313 4062 3484 4117 porro
3508 4046 3666 4101 dicta
3696 4063 3731 4102 a

2076 4134 2246 4190 nobis
2279 4138 2438 4201 sunt,
2470 4151 2586 4189 non
2620 4134 2775 4206 quod
2799 4151 2834 4188 a
2864 4150 3141 4189 concesso
3166 4135 3336 4189 nobis
3367 4152 3400 4190 a
3429 4135 3546 4190 Deo
3568 4134 3728 4192 cibo-

2078 4242 2209 4279 rum
2242 4241 2352 4280 usu
2387 4240 2582 4279 arcere
2615 4222 2901 4290 velimus;
2950 4224 3050 4278 sed
3106 4227 3171 4278 ut
3221 4223 3398 4294 prisci
3445 4225 3730 4296 temporis

2079 4312 2419 4368 felicitatem
2452 4313 2876 4384 praedicamus;
2916 4311 3108 4384 qualis
3139 4311 3258 4366 vita
3299 4311 3420 4367 haec
3467 4316 3611 4379 erat,
3667 4317 3732 4368 ut

2078 4403 2236 4458 curis
2267 4402 2470 4471 libera,
2505 4406 2569 4457 ut
2601 4401 2869 4474 frugalis,
2920 4407 2984 4456 ut
3042 4418 3227 4472 pauca
3271 4400 3441 4456 valde
3485 4401 3734 4473 ipsaque

2078 4493 2349 4564 expedita
2381 4493 2450 4546 ad
2507 4491 2690 4546 vitam
2737 4491 3179 4563 transigendam
3229 4490 3490 4546 humano
3535 4493 3735 4563 generi

2079 4583 2486 4651 conducentia,
2522 4583 2577 4636 et
2609 4585 2674 4636 ut
2704 4581 2879 4636 variis
2911 4581 3163 4653 dapibus
3196 4581 3456 4636 ditl‘ertas
3500 4597 3740 4638 mensas

314 4665 503 4735 ἐπειδὴ
555 4665 732 4721 οὐκέτι
769 4663 1046 4742 βλέπομεν
1072 4669 1135 4721 τὸ
1170 4666 1331 4740 ξύλον
1373 4675 1473 4737 τῆς
1528 4671 1693 4741 ζωῆς,
1737 4666 1862 4723 οὐδὲ
1889 4674 1948 4742 τῖε

2081 4689 2198 4727 una
2228 4671 2399 4726 nobis
2430 4671 2650 4725 invexit
2681 4669 2907 4742 peccati
2933 4685 3137 4725 causa.
3181 4670 3502 4741 Postquam
3525 4671 3681 4726 enim
3709 4689 3743 4727 a

311 4754 506 4812 κάλλει
539 4754 726 4828 ἐκείνῳ
781 4757 852 4830 (ε)
914 4751 1336 4832 ἰναὸρυνὸμεθα.
1398 4754 1658 4828 ἐδόθησαν
1704 4761 1840 4832 ἡμῖν
1896 4759 1971 4821 εἷς

314 4844 618 4900 ἀπόλαυσιν
673 4846 926 4920 μάγειροι
977 4843 1198 4917 λοιπὸν,
1244 4845 1333 4900 καὶ
1375 4846 1684 4922 ἀρτοποιοὶ,
1719 4847 1806 4901 καὶ
1840 4869 1975 4921 πεμ-

320 4933 515 5007 μάτων
563 4932 838 4989 ποικιλίαι
896 4932 985 4988 καὶ
1044 4936 1424 5008 θυμιαμάτων,
1469 4937 1557 4990 καὶ
1609 4937 1834 4991 τοιαῦτά
1856 4959 1978 4993 τινα

315 5023 788 5100 παραμυθούμενα
817 5025 976 5096 ἡμῶν
1006 5025 1107 5093 τὴν
1136 5023 1334 5088 ἐκεῖθεν
1366 5021 1656 5083 ἔκπτωσιν.

2082 4761 2235 4818 veris
2269 4761 2387 4816 illis
2417 4759 2678 4832 paradisi
2712 4758 2935 4814 deliciis
2967 4759 3316 4826 excidimus,
3371 4759 3442 4813 ad
3459 4757 3744 4816 ulterinas

2087 4850 2385 4922 falsasque
2409 4849 2575 4905 nobis
2596 4849 2836 4904 delicias
2854 4847 3296 4903 adinvenimus:
3319 4849 3595 4919 quodque
3611 4849 3740 4918 jam

2089 4939 2346 5012 amplius
2377 4939 2604 5011 lignum
2637 4938 2765 4993 vitae
2799 4955 2914 4992 non
2949 4938 3369 5010 conspicimus,
3394 4935 3616 4992 necilla
3635 4955 3741 4993 no-

2091 5030 2183 5086 bis
2215 5028 2660 5102 pulchritudine
2692 5027 2994 5098 placemus
3026 5031 3082 5082 et
3111 5026 3456 5099 gloriamur,
3506 5023 3567 5080 in
3617 5042 3740 5082 rem

320 5119 583 5170 nostram
617 5113 983 5185 fruendaque
1013 5114 1141 5169 vitae
1195 5114 1350 5171 lenia
1395 5132 1623 5172 cessere
1679 5117 1850 5188 coqui
1903 5135 1969 5173 ac
2029 5119 2303 5191 pistores,
2362 5122 2640 5188 variaque
2698 5115 3080 5172 bellariorum
3140 5132 3207 5171 ac
3263 5113 3741 5173 sufﬁmentorum

320 5218 556 5274 genera,
591 5203 840 5275 eiusque
869 5203 1101 5276 generis
1131 5204 1245 5260 alia
1275 5206 1540 5276 quaedam
1577 5206 1762 5262 nostri
1790 5207 1925 5263 inde
1956 5208 2160 5282 lapsus
2191 5207 2420 5264 solatia.

390 5293 447 5346 5.
489 5293 692 5365 Ὥσπερ
751 5291 803 5346 οἱ
855 5296 1158 5363 νοσοῦντες,
1204 5291 1330 5348 ὅταν
1389 5289 1810 5363 καταϐληθῶσιν
1875 5296 1978 5351 ὑπὸ

267 5436 273 5442 _
322 5375 562 5456 σφοδρᾶς
593 5379 920 5457 ἀρρωστίας,
964 5382 1028 5438 οὗ
1061 5379 1346 5457 δυνάμενοι
1405 5382 1652 5459 μετέχειν
1704 5391 1806 5456 τῆς
1856 5405 1982 5442 συν-

395 5507 444 5543 ³⁸
475 5505 618 5564 Gen.
654 5523 732 5578 1x,
763 5509 818 5564 3.

428 5635 486 5705 a)
518 5628 716 5694 Εἶὸώς.
751 5633 919 5691 Forte
948 5629 1102 5691 ῗδών.
1139 5638 1296 5696 Enrr.

423 5706 476 5778 ὁ)
507 5709 613 5760 es“
658 5707 828 5763 Forte
860 5709 1015 5762 Θεοῦ.
1049 5707 1205 5764 Enrr.

423 5779 471 5834 cl
505 5726 632 5834 Keil).
663 5779 768 5834 ch
799 5778 1205 5834 collocavimu:

421 5779 471 5850 ε)
505 5778 632 5837 Καί.
663 5779 768 5837 ch
799 5778 1222 5839 collocavimus
1249 5781 1397 5839 illud
1429 5782 1551 5856 καί,
1585 5784 1740 5857 quod
1779 5782 1990 5842 statim

2162 5300 2216 5354 5.
2252 5297 2321 5353 Ut
2341 5297 2594 5369 aegrotis,
2621 5296 2720 5367 qui
2746 5294 2909 5367 gravi
2931 5293 3127 5365 aliquo
3156 5292 3358 5348 morbo
3404 5293 3745 5351 conﬂictan-

2092 5391 2212 5461 tur,
2235 5403 2368 5444 cum
2393 5385 2582 5443 solitis
2605 5383 3003 5457 voluptatibus
3026 5381 3139 5437 frui
3161 5398 3275 5438 non
3294 5383 3544 5454 possint,
3569 5401 3748 5458 quas-

2100 5644 2239 5713 post
2264 5634 2869 5713 meae-geivatpositum
2905 5636 3053 5692 erat.
3075 5635 3236 5690 Eurr.

2172 5712 2250 5786 (ά)
2279 5709 2513 5786 Τρυφάς.
2549 5705 2657 5786 ne.
2687 5705 2908 5786 τροφάς.

2176 5712 2228 5782 [d
2279 5717 2318 5764 T
2357 5712 2513 5785 υφάς.
2549 5712 2657 5767 Ms.
2687 5712 2908 5786 τροφάς.

2176 5712 2251 5857 (ei
2282 5731 2527 5856 ἐκείνῳ.
2557 5784 2728 5841 Forte
2753 5777 2980 5836 ἐκείνου.
3015 5777 3171 5834 Εωτ.

3765 3113 3794 3284 i
