4154 6408
461 409 543 466 47
1403 405 1796 466 APPENDIX
1840 405 2166 466 OPEHUM
2217 404 2282 464 S.
2331 403 2610 465 BASlLll
2660 405 2934 479 MAG-Nl,
3800 410 3877 469 48

463 542 596 596 dam
629 541 876 595 edorum
895 540 1211 595 suavitates
1237 538 1439 594 medici
1463 537 1937 594 subministrant.
1962 537 2088 592 Cuu

2222 538 2394 606 ἤθους
2451 535 2828 604 ἂπολαύσεως,
2899 535 3256 614 εσφραντικάς
3314 558 3463 601 τινας
3543 540 3688 615 παρᾶ
3765 545 3870 595 τῶν

459 630 616 686 enim
641 629 1078 685 robustioribus
1099 628 1373 683 oblectari
1406 645 1520 683 non
1544 627 1733 694 liceat,
1767 644 1896 698 quae
1931 627 2108 682 infir-

462 719 575 775 mis
605 723 996 773 consentanea
1025 717 1120 784 sit,
1149 734 1335 788 exque
1364 734 1567 772 eorum
1602 717 1774 770 modo
1835 717 2110 771 sensibus

463 807 887 871 oblandientes,
940 806 1339 862 delinitionem
1390 807 1776 878 prospiciunt.
1842 805 1989 868 Quin
2053 809 2109 860 et

461 913 618 952 nunc
650 912 896 968 quoque,
931 895 1150 967 quibus
1181 896 1570 950 constitutum
1606 895 1702 958 sit,
1736 898 1801 947 ut
1832 894 1900 948 ad
1953 895 2104 963 ejus.

461 1002 586 1056 quae
609 986 664 1038 in
691 984 962 1056 paradiso
984 988 1130 1053 erat,
1151 984 1283 1037 vitae
1303 1000 1569 1038 normam
1597 983 1854 1037 rationes
1872 988 2106 1037 nostras

457 1073 858 1138 instituamus,
896 1071 1171 1142 pinguem
1208 1071 1361 1125 hanc
1391 1071 1566 1125 lautis
1597 1071 1848 1142 dapibus
1889 1087 1953 1123 ac
2011 1087 2103 1124 co-

457 1161 637 1234 piosis
668 1161 1029 1233 voluptatem
1065 1165 1355 1224 caventes,
1399 1160 1466 1214 ad
1515 1177 1641 1214 eam
1696 1159 1898 1229 vitam,
1947 1160 2101 1230 quod

451 1249 588 1306 licet
617 1267 721 1322 per
751 1249 1108 1314 facultatem,
1142 1265 1248 1304 nos
1279 1249 1438 1319 ipsos
1477 1249 1866 1320 surrigamus,
1903 1249 2103 1301 fructi-

457 1341 688 1410 busque
727 1345 785 1394 et
805 1337 1135 1393 seminibus
1158 1342 1214 1392 et
1237 1338 1424 1408 pomis
1451 1354 1518 1392 ac
1539 1337 1790 1392 nucibus
1813 1338 1940 1391 vitae
1972 1354 2101 1391 sus-

453 1428 747 1483 tentanda:
781 1430 1036 1493 utentes,
1069 1428 1221 1498 quod
1258 1427 1349 1480 his
1385 1426 1640 1496 amplius
1671 1430 1760 1480 est
1790 1430 1855 1480 ut
1905 1426 2104 1481 minus

457 1515 856 1571 necessarium
900 1531 1268 1587 respuamus.
1325 1515 1448 1569 Non
1501 1515 1637 1585 quia
1686 1514 2105 1569 aheminahilia

458 1604 598 1674 sint,
633 1605 850 1676 quippe
875 1621 1008 1666 cum
1048 1610 1158 1660 [leo
1189 1609 1424 1658 auctore
1455 1610 1663 1658 cuncta
1719 1608 1913 1658 creata
1961 1604 2101 1670 sint,

457 1694 559 1748 sed
593 1694 749 1765 quod
782 1694 854 1748 ob
886 1694 1080 1748 carnis
1111 1695 1324 1748 bonam
1358 1692 1758 1747 habitudinem
1783 1709 2103 1746 necumen-

456 1786 517 1838 to
549 1799 664 1837 non
699 1787 956 1838 careant.

528 1872 582 1926 6.
642 1873 708 1926 Et
762 1873 1029 1944 requievit
1088 1873 1226 1926 Deus
1281 1872 1349 1925 ab
1401 1871 1652 1926 omnibus
1703 1873 1956 1942 operibus
1992 1873 2107 1926 suis

455 1961 549 2017 die
578 1963 801 2031 septimo
823 1961 888 2014 9‘.
924 1959 1122 2014 Dicant
1156 1960 1338 2032 igitur
1367 1959 1748 2024 arithmetici,
1783 1964 1836 2014 et
1870 1959 1967 2030 qui
2017 1964 2106 2015 ta-

457 2048 617 2106 libus
646 2050 863 2104 studiis
893 2049 1266 2116 incumbunt,
1301 2064 1366 2103 ac
1397 2063 1501 2102 ceu
1535 2065 1817 2119 magnum
1852 2049 1992 2118 quid
2023 2053 2100 2102 rei

455 2139 634 2206 huius
667 2156 732 2194 ac
765 2155 1144 2193 numerorum
1173 2140 1402 2208 jactant
1433 2137 1766 2204 scientiam,
1801 2139 2101 2192 senarium

452 2229 599 2282 341
621 2244 932 2284 numerum
949 2228 1150 2281 mundi
1169 2226 1444 2283 creationi
1461 2243 1588 2282 esse
1601 2226 1932 2296 afﬁnem,eo
1946 2226 2099 2298 quod

448 2316 622 2389 longe
654 2315 1113 2372 fecundissimus
1143 2317 1241 2385 sit,
1271 2317 1484 2370 multas
1515 2332 1580 2369 ex
1613 2331 1675 2370 se
1708 2316 1942 2387 pariens
1992 2332 2099 2369 nu-

448 2401 744 2460 merorum
777 2406 1024 2476 species,
1059 2404 1301 2476 suisque
1332 2404 1458 2474 ipse
1492 2405 1758 2474 partibus
1804 2403 2097 2475 perfectus

443 2495 706 2562 exsistat,
743 2511 808 2549 ac
841 2511 1205 2566 quaecunque
1237 2494 1306 2547 de
1338 2494 1569 2548 senario
1595 2493 2096 2548 suisinsehelicis

443 2583 948 2655 disputationibus
981 2581 1333 2637 arithmetici
1384 2582 1688 2653 garriunt:
1737 2598 1802 2636 ac
1850 2583 1896 2636 si
1950 2582 2096 2637 forte

440 2677 626 2744 vacat,
663 2688 766 2745 per
795 2687 923 2728 sese
954 2687 1084 2726 esse
1115 2671 1364 2726 dicatur.
1398 2671 1603 2725 Dicant
1631 2687 1764 2725 vero
1797 2677 1854 2726 et
1885 2672 1954 2725 de
2000 2689 2092 2726 se-

443 2762 732 2833 ptenario,
764 2778 890 2817 esse
912 2761 970 2815 in
993 2776 1060 2814 eo
1091 2761 1408 2831 quamdam
1436 2759 1991 2826 sterilitatislabem,
2029 2766 2094 2815 ut

446 2849 548 2922 qui
580 2866 683 2905 nec
709 2849 890 2904 alium
925 2865 992 2903 ex
1019 2865 1080 2904 se
1111 2865 1422 2902 numerum
1458 2848 1682 2920 gignat,
1716 2865 1820 2903 nec
1851 2850 1923 2903 ab
1981 2849 2092 2904 alio

444 2938 571 3010 ipse
595 2938 892 3010 gignatur.
923 2939 1001 2992 Ac
1035 2954 1106 2991 ne
1137 2936 1445 3008 multiplici
1507 2953 1698 2991 rerum
1750 2939 2094 2994 tractatione

445 3045 777 3084 sermonem
811 3028 1169 3100 protrabam,
1204 3026 1389 3081 missa
1419 3042 1545 3097 quae
1578 3027 1649 3081 ad
1683 3044 1784 3082 vos
1814 3027 2091 3084 instituta

442 3117 626 3173 oratio
651 3122 758 3184 est,
786 3117 854 3170 ad
879 3133 945 3172 ea
968 3133 1094 3187 quae
1112 3132 1278 3186 aequa
1295 3116 1487 3187 magis
1509 3115 1870 3187 ingenuique
1905 3117 2087 3171 animi

439 3222 506 3262 ac
538 3206 868 3262 necessaria
900 3205 1305 3277 procedamus.
1340 3204 1502 3268 Quod
1538 3203 1584 3258 si
1618 3203 1751 3275 quis
1781 3204 1955 3259 etiam
2013 3206 2086 3261 iis

436 3295 497 3350 in
527 3295 704 3350 rebus
733 3299 998 3350 versatus
1029 3297 1137 3359 est,
1171 3293 1221 3347 is
1254 3293 1482 3348 noverit
1506 3293 1716 3347 harum
1751 3310 1985 3365 quoque
2005 3312 2088 3350 re-
2117 3272 2160 3338 C

437 3401 570 3441 rum
601 3384 944 3440 thesaurum
979 3382 1130 3453 apud
1170 3398 1273 3436 nos
1305 3382 1668 3436 reconditum
1704 3399 1845 3438 esse.
1897 3386 2087 3446 Quare

436 3474 486 3528 si
527 3471 725 3544 magni
783 3471 1048 3527 iacienda
1092 3475 1180 3525 est
1221 3468 1611 3536 arithmetica,
1656 3470 1746 3524 hic
1791 3472 1904 3526 sita
1949 3478 2088 3527 sunt

435 3561 816 3618 arithmetica;
849 3560 1099 3616 semina.
1128 3558 1244 3614 Nos
1275 3575 1408 3613 vero
1441 3575 1555 3613 non
1587 3558 1646 3613 in
1677 3559 1811 3615 istis
1857 3560 2086 3616 animos

435 3652 752 3721 sumimus,
786 3651 942 3722 quod
976 3665 1005 3704 e
1040 3648 1245 3703 mundi
1293 3647 1548 3720 profecta
1598 3647 1887 3720 sapientia
1941 3649 2082 3718 sint,

434 3743 537 3796 aut
565 3739 624 3794 in
656 3739 783 3809 ejus
817 3755 942 3809 quae
974 3754 1042 3791 ex
1074 3735 1269 3792 saeculi
1304 3752 1415 3790 usu
1464 3739 1554 3790 est
1601 3735 1899 3807 sapientia
1947 3753 2082 3810 gra-

433 3830 579 3885 tiam
607 3872 619 3888 .
639 3843 770 3900 qua:
793 3827 980 3899 magis
1003 3841 1278 3897 spernere
1298 3829 1364 3878 ut
1393 3824 1622 3896 exigua,
1661 3841 1763 3880 nec
1799 3826 1868 3880 ad
1902 3827 2083 3882 virtu-

436 3924 552 3975 tem
578 3917 988 3983 conducentia,
1013 3930 1192 3986 quam
1215 3915 1675 3985 ostentarejussi
1698 3921 2078 3972 sumus.Nam

433 4009 534 4081 qui
566 4007 698 4062 istis
731 4005 996 4061 studium
1029 4018 1388 4074 operampue
1421 4009 1656 4069 navant,
1702 4005 1895 4075 parvis
1945 4005 2080 4062 hinc

431 4104 524 4168 (ex
555 4104 756 4154 nostra
785 4096 1007 4152 scilicet
1035 4095 1323 4165 doctrina)
1355 4094 1557 4149 furtim
1604 4095 1873 4162 sublatis,
1925 4099 2079 4153 suis-

430 4205 544 4260 que
564 4188 828 4259 ipsorum
851 4184 1361 4240 lucubrationibus
1379 4183 1759 4254 admisti>,ita
1783 4203 1842 4240 se
1857 4186 2079 4259 magni-

427 4277 534 4333 ﬁce
559 4277 806 4348 jactant.
841 4274 954 4330 Nos
985 4273 1207 4344 itaque,
1255 4276 1318 4326 ut
1369 4271 1505 4327 hinc
1548 4272 1666 4328 illis
1716 4273 1956 4347 liqueat,
2010 4293 2077 4333 ea

425 4383 533 4422 nos
565 4363 866 4435 despectui
895 4362 1112 4417 habere
1142 4378 1268 4432 quae
1301 4361 1383 4416 sic
1429 4362 1584 4433 apud
1630 4363 1789 4435 ipsos
1839 4365 2072 4436 plurimi

425 4457 591 4522 ﬁant,
626 4454 858 4510 silentio
912 4457 1411 4516 transcurramus,
1459 4452 1560 4523 qui
1605 4452 1677 4507 de
1719 4453 1836 4508 illis
1879 4470 2073 4512 sermo

425 4550 537 4602 est.
562 4543 750 4601 Simul
773 4559 926 4607 vero,
951 4541 1104 4614 quod
1135 4541 1424 4611 ejusmodi
1456 4557 1649 4596 rerum
1681 4541 2072 4600 consideratio

2228 624 2425 700 ίατρῶν
2471 621 2811 698 λαμϐάνουσι
2841 623 3129 698 δεξιώσεις.
3194 624 3422 697 Ἐπειδὴ
3469 629 3572 704 γὰρ
3617 634 3726 684 τῶν
3758 651 3872 685 στε-

2227 717 2502 790 ρεωτέρων
2555 715 2632 776 εἲς
2678 714 2978 770 ἀπόλαυσιν
3034 715 3433 785 ἕκπεπτώκασι,
3493 717 3570 779 είς
3628 717 3870 774 ἀπόλαυ-

2225 824 2306 856 σιν
2335 803 2644 877 σύμμετρον
2701 807 2770 876 τῇ
2823 805 3067 875 ἀσθενείᾳ
3096 804 3324 876 τούτων,
3383 806 3436 859 οἱ
3481 803 3870 870 κολακεύοντες

2223 892 2396 946 αὐτῶν
2470 893 2567 955 τὰς
2645 893 2922 961 αἰσθήσεις
2980 898 3288 966 περινοοῦσι
3341 896 3650 967 θεραπείαν.
3713 895 3864 966 Πλὴν

2221 981 2368 1036 ἀλλὰ
2414 981 2502 1035 καὶ
2560 987 2649 1035 νῦν
2696 983 2833 1036 κατὰ
2885 982 3116 1054 μίμησιν
3165 985 3267 1046 τῆς
3323 981 3376 1037 ἐν
3420 987 3500 1054 τῷ
3555 982 3868 1058 παραδείσῳ

2223 1073 2365 1138 ζωῆς
2415 1070 2637 1134 ἑαυτοὺς
2685 1072 2826 1145 ἄγειν
2883 1069 3257 1145 βουλόμενοι,
3310 1071 3595 1146 φεύγοντες
3668 1073 3868 1144 ταύτην

2214 1162 2316 1228 τὴν
2348 1160 2630 1224 πολύθλον
2661 1166 2768 1215 τῶν
2804 1160 3109 1234 βρωμάτων
3168 1160 3493 1232 ἀπόλαυσιν,
3553 1163 3635 1217 ἐπ’
3666 1163 3864 1218 ἐκεῖνον

2213 1251 2303 1303 τὸν
2364 1250 2502 1323 βίον,
2548 1251 2731 1312 καθώς
2782 1249 2890 1304 ἐστι
2940 1247 3186 1316 δυνατὸν,
3247 1250 3469 1314 ἑαυτοὺς
3516 1251 3866 1326 ἀναγώμεθα,

2212 1345 2444 1413 καρποῖς
2491 1339 2581 1392 καὶ
2631 1338 2923 1413 σπέρμασι,
2972 1339 3060 1393 καὶ
3107 1345 3223 1401 τοῖς
3283 1340 3341 1393 ἐκ
3397 1346 3504 1395 τῶν
3549 1339 3863 1414 ἀκροδρύων

2215 1426 2288 1489 εἷς
2337 1426 2611 1502 διαγωγὴν
2643 1429 2948 1503 χρώμενοι·
2995 1429 3056 1483 τὸ
3107 1427 3165 1483 δὲ
3211 1430 3464 1504 περισσὸν
3516 1431 3746 1498 τούτων,
3793 1431 3868 1496 ὠς

2214 1517 2315 1569 οὐκ
2344 1516 2632 1592 ἀναγκαῖον
2667 1517 3142 1589 ἀποπεμπώμεθα.
3178 1517 3299 1593 Οὐχ
3330 1521 3414 1572 ὅτι
3469 1516 3754 1594 βδελυκτά·
3806 1519 3865 1575 ἐκ

2215 1609 2348 1658 Θεοῦ
2377 1605 2478 1680 γὰρ
2510 1606 2683 1658 πάντα
2712 1607 3014 1681 γεγένηται⁸
3049 1603 3175 1660 ἀλλ’
3209 1605 3292 1660 ὅτι
3347 1603 3612 1683 βλαϐερὰ,
3646 1605 3736 1662 διὰ
3765 1609 3862 1676 τήν

2211 1696 2310 1757 τῆς
2337 1694 2533 1767 σαρκὸς
2567 1694 2878 1757 εὐπάθειαν.

2321 1913 2334 1926 .
2389 1870 2487 1924 Καὶ
2573 1871 2898 1925 κατέπαυσεν
2985 1871 3013 1924 6
3089 1871 3217 1932 Θεὸς
3285 1870 3390 1926 ἀπὸ
3474 1871 3688 1927 πάντων
3756 1878 3862 1928 τῶν

2216 1953 2383 2033 ἔργων
2437 1960 2604 2013 αὐτοῦ
2660 1962 2728 2032 τῇ
2783 1959 2964 2032 ἡμέρᾳ
3019 1963 3087 2030 τῇ
3148 1955 3374 2031 ἐϐδόμῃ.
3431 1962 3736 2035 Λεγέτωσαν
3772 1960 3861 2016 οὗν

2215 2046 2592 2120 ἀριθμητικοί,
2635 2047 2724 2102 καὶ
2774 2049 2826 2102 οἱ
2874 2048 2996 2114 περὶ
3024 2045 3191 2102 ταῦτα
3221 2047 3610 2123 έσχολακότες,
3642 2050 3733 2104 καὶ
3761 2052 3864 2120 τὴν

2211 2137 2468 2204 τοιαύτην
2528 2136 2716 2211 σοφίαν
2778 2137 2893 2190 ἀντὶ
2955 2136 3194 2211 μεγάλου
3250 2139 3676 2211 κατορθώματος
3724 2161 3860 2215 προ-

2212 2220 2573 2297 ϐαλλόμενοι,
2633 2226 2685 2279 οἱ
2747 2227 2841 2297 μὲν
2901 2224 2983 2279 ὅτι
3044 2228 3310 2300 συγγενὴς
3368 2231 3436 2300 τῇ
3497 2232 3592 2281 τοῦ
3649 2227 3861 2301 κόσμου

2207 2313 2386 2368 κτίσει
2441 2315 2470 2367 6
2530 2311 2580 2383 ἕξ
2613 2313 2867 2387 ἀριθμὸς,
2897 2314 2947 2367 οἱ
2981 2311 3028 2367 δ’
3056 2313 3138 2367 ὅτι
3171 2313 3474 2388 πολύγονός
3508 2314 3640 2382 ἐστι,
3673 2316 3862 2372 πολλὰ

2207 2405 2470 2477 σχήματα
2535 2403 2782 2476 ἀριθμῶν
2844 2403 2931 2479 ἀφ’
2982 2403 3174 2457 ἑαυτοῦ
3232 2403 3451 2457 τίκτων⁶
3501 2405 3592 2459 καὶ
3649 2405 3861 2470 τέλειος

2203 2498 2319 2553 τοῖς
2369 2492 2562 2546 ἑαυτοῦ
2625 2493 2857 2564 μέρεσι,
2915 2492 3002 2546 καὶ
3065 2491 3161 2545 ὅσα
3226 2493 3351 2567 περὶ
3405 2496 3505 2557 τῆς
3566 2493 3752 2565 έεάδος
3802 2493 3854 2549 έν

2203 2588 2325 2642 ααις
2383 2579 2672 2656 σχολικαῖς
2745 2577 3038 2649 διαλέξεσιν
3098 2581 3449 2655 ἀριθμητικοὶ
3501 2579 3854 2658 διηγοῦνται·

2203 2668 2259 2724 εἷ’
2298 2691 2416 2731 πως
2464 2668 2670 2744 σχολὴ,
2719 2670 2838 2723 καθ’
2889 2669 3073 2723 ἑαυτὸν
3123 2668 3380 2744 λεγέσθω.
3444 2673 3755 2745 Λεγέτωσαν
3798 2670 3856 2728 δὶ

2202 2759 2445 2831 καὶπερὶ
2493 2765 2592 2827 τῆς
2641 2753 2970 2829 ἑϐδομάδος,
3017 2757 3100 2812 ὅτι
3155 2758 3434 2831 στείρωσίς
3465 2761 3549 2822 τίς
3607 2759 3750 2815 ἐστιν
3799 2760 3852 2815 ἂν

2200 2853 2280 2919 τῷ
2321 2843 2563 2920 ἑϐδόμῳ·
2615 2845 2738 2901 οὔτε
2785 2847 2878 2920 μὲν
2937 2847 3041 2922 γὰρ
3094 2852 3248 2922 γεννῇ
3307 2848 3399 2925 ἀφ’
3455 2849 3672 2916 ἑαυτοῦ,
3732 2847 3856 2904 οὔτε

2201 2937 2328 3012 παρ’
2377 2937 2561 3011 ἑτέρου
2611 2936 2846 2990 τίκτεται
2897 2937 2924 2990 6
2973 2941 3080 2990 τῶν
3129 2937 3264 2990 ἐπτὰ
3304 2937 3557 3009 ἀριθμός.
3610 2937 3707 2992 Καὶ
3761 2935 3856 2992 ’ίνα

2205 3026 2281 3098 μὴ
2315 3025 2391 3087 εἷς
2422 3023 2701 3079 πολῦὒλον
2735 3025 2955 3099 κατάγω
2986 3025 3076 3079 τὸν
3127 3023 3322 3099 λόγον,
3350 3026 3448 3092 τήν
3485 3023 3722 3098 διάλεξιν
3752 3027 3855 3094 τὴν

2201 3116 2335 3189 πρὸς
2413 3115 2552 3185 ὑμᾶς
2635 3111 2984 3188 διαδραμὼν,
3065 3113 3150 3168 ἐπὶ
3235 3114 3302 3167 τὰ
3377 3114 3854 3189 εὐγνωμονέστερα

2200 3205 2548 3279 χωρήσωμεν
2599 3203 2687 3257 καὶ
2757 3202 3167 3277 ἀναγκαιότερα.
3222 3202 3286 3258 El
3346 3200 3402 3257 δέ
3459 3224 3542 3264 τις
3585 3203 3676 3257 καὶ
3727 3203 3852 3277 περὶ

2198 3297 2363 3346 ταῦτα
2413 3290 2528 3368 ἔχει
2557 3293 2676 3345 τινὰ
2707 3291 3010 3367 ἐμπειρίαν,
3061 3290 3215 3359 ξ’στω,
3276 3291 3358 3346 ὅτι
3397 3293 3485 3346 καὶ
3541 3295 3667 3365 παρ’
3714 3294 3853 3365 ἡμῖν

2197 3380 2571 3436 ἐναπόκειται·
2650 3382 2788 3436 ὥστε
2859 3381 2903 3434 εί
2985 3382 3118 3454 μέγα
3185 3381 3546 3454 ἀριθμητικὴ,
3625 3379 3854 3444 ἇνταῦθά

2197 3468 2308 3524 ἐστι
2347 3477 2448 3538 τῆς
2503 3469 2872 3543 ἀριθμητικῆς
2926 3471 2994 3523 τὰ
3039 3470 3344 3544 σπέρματα.
3410 3475 3599 3540 Ἡμεῖς
3667 3467 3724 3524 δὶ
3785 3469 3851 3524 οὐ

2197 3563 2500 3634 φρονοῦμεν
2529 3557 2580 3614 ἐν
2632 3559 2848 3621 τούτοις
2889 3559 3045 3632 μέγα,
3081 3555 3170 3612 διὰ
3197 3557 3261 3611 τὸ
3291 3556 3351 3612 ἐκ
3380 3565 3476 3627 ιῆς
3505 3563 3602 3612 τοῦ
3633 3559 3846 3631 κόσμου

2194 3647 2320 3703 εἶναι
2355 3649 2567 3726 σοφίας,
2599 3648 2634 3716 ἢ
2669 3646 2759 3702 διὰ
2786 3648 2883 3715 τὴν
2941 3647 3000 3701 ὲκ
3044 3650 3141 3702 τοῦ
3183 3645 3394 3718 κόσμου
3442 3646 3654 3724 σοφίαν,
3689 3644 3720 3700 ἃ
3749 3667 3849 3702 πε-

2194 3744 2464 3815 ριφρονεῖν
2521 3735 2736 3809 μᾶλλον
2764 3739 2950 3808 ἡμεῖς,
2984 3737 3058 3797 ὡς
3093 3735 3260 3810 μικρᾶ
3290 3736 3378 3790 καὶ
3412 3735 3674 3806 ἀσυντελῆ
3707 3737 3846 3812 πρὸς

2191 3829 2416 3903 ἀρττήν,
2449 3825 2579 3882 ἁλ)³
2617 3825 2715 3880 οὐκ
2746 3823 3135 3880 έπιδείκνυεθιει
3192 3823 3572 3896 έντετάλμεθα.
3627 3827 3693 3882 Οἱ
3742 3825 3847 3901 γὰρ

2190 3921 2356 3970 ταῦτα
2424 3915 2796 3989 περιέποντες,
2867 3916 3033 3990 μικρὰ
3103 3912 3328 3977 ἐνταῦθα
3388 3912 3706 3987 κλέψαντες,
3787 3913 3850 3969 ἐκ

2188 4009 2295 4060 τῶν
2348 4003 2629 4078 ἡμετέρων
2693 4003 2862 4079 λέγω,
2903 4007 3022 4076 ταῖς
3076 4002 3468 4077 πραγματείαις
3518 4001 3697 4056 αὐτῶν
3744 4023 3851 4057 κα-

2186 4093 2525 4165 ταμίξαντες,
2609 4092 2781 4154 οὕτως
2875 4092 3376 4164 ἀποσεμνύνονται.
3463 4094 3581 4148 Ἵνα
3663 4092 3847 4146 τοίνυν

2187 4181 2444 4256 δείξωμεν
2506 4182 2733 4253 αὐτοῖς,
2809 4183 2890 4236 δτι
2951 4182 3016 4235 τὰ
3072 4182 3197 4255 παρ’
3255 4179 3481 4242 ὲκέινοις
3538 4180 3838 4253 περισπού-

2187 4269 2398 4344 δαστα,
2448 4273 2587 4344 ἡμῖν
2646 4269 2786 4325 ἐστιν
2857 4270 3300 4347 εὐκαταφρόνητα
3335 4314 3348 4338 ,
3426 4273 3608 4342 σιωπῇ
3666 4290 3849 4345 παρα-

2186 4359 2480 4437 δράμωμεν
2540 4361 2632 4415 τὸν
2691 4360 2811 4433 περὶ
2865 4359 3073 4414 τούτων
3137 4358 3318 4433 λόγον·
3353 4357 3496 4431 ὁμοῦ
3529 4356 3605 4428 δὲ,
3637 4359 3727 4414 καὶ
3760 4359 3845 4413 ὅτι

2183 4449 2288 4505 οὒκ
2338 4448 2611 4520 εὔληπτος
2640 4453 2718 4522 τῷ
2739 4454 2906 4522 κοινῷ
2935 4448 3022 4503 καὶ
3057 4445 3250 4523 ἰδιώτῃ
3276 4449 3392 4520 λαῷ
3426 4493 3441 4514 ,
3489 4450 3524 4517 ἡ
3573 4452 3837 4523 τεχνικῶν

2183 4537 2396 4592 ἐκείνων
2449 4536 2630 4613 λόγων
2677 4537 2764 4592 καὶ
2815 4541 3140 4616 σοφιστικῶν
3175 4535 3395 4610 θεωρία⁸
3445 4538 3671 4610 πάρεστι
3705 4534 3761 4590 δὶ
3792 4538 3826 4605 ἡ

424 4634 583 4692 haud
607 4633 689 4688 ita
712 4631 899 4688 facilis
924 4631 1000 4686 sit
1021 4647 1085 4685 ac
1107 4630 1304 4702 pervia
1347 4629 1584 4702 publico
1611 4647 1676 4685 ac
1715 4631 1847 4687 rudi
1898 4631 2073 4704 plebi,

2201 4625 2488 4699 ἐκκλησία,
2542 4627 2602 4682 οὐ
2651 4623 2966 4703 παραδόξων
3016 4625 3183 4701 λόγον
3231 4626 3485 4697 ἀκρόασιν
3542 4623 3844 4700 ἐνδεχομέ-

423 4724 784 4794 eollectaque
818 4720 1015 4776 concio
1048 4720 1145 4786 sit,
1178 4736 1292 4775 non
1328 4737 1454 4792 qua:
1487 4719 1990 4777 artiﬁciososillos
2012 4739 2079 4779 ac

422 4812 778 4887 sophisticos
811 4825 1111 4866 sermones
1170 4808 1374 4864 audire
1425 4813 1612 4880 paret,
1665 4810 1765 4865 sed
1825 4827 1952 4881 quis
2003 4813 2074 4867 ad

422 4900 867 4962 tediﬁoationem
899 4898 1174 4955 facientia
1203 4897 1450 4971 quaesita
1483 4897 1594 4953 sibi
1627 4898 1836 4954 resolvi
1897 4904 2074 4972 atque

421 4989 634 5065 exponi
664 4991 907 5063 quaerat.

485 5081 540 5135 7.
570 5079 863 5151 Septimus
896 5076 1096 5149 itaque
1128 5075 1250 5131 dies
1281 5075 1504 5130 honore
1534 5073 1808 5146 prmlatus
1842 5080 1951 5144 est,
2011 5077 2067 5133 id

415 5174 525 5238 est,
553 5169 906 5234 Sabbatum;
941 5167 1194 5238 indeque
1221 5164 1589 5236 septenarius
1615 5181 1894 5220 numerus
1912 5168 2066 5238 apud

413 5259 686 5318 Hebraeos
719 5255 1101 5312 venerabilis:
1137 5255 1195 5309 in
1232 5270 1344 5325 quo
1391 5253 1925 5309 Tabernaculorum
1980 5256 2062 5311 fe-

411 5355 573 5408 stum
604 5347 776 5403 Tubae
808 5364 875 5401 ac
907 5346 1032 5400 dies
1082 5342 1555 5414 Propitiationis:
1625 5343 1721 5398 sed
1756 5348 1814 5398 et
1871 5361 2062 5401 annus

409 5438 702 5512 septimus
734 5434 890 5507 apud
923 5450 1020 5489 eos
1050 5430 1428 5501 venerabilis,
1459 5446 1626 5512 quem
1679 5432 2061 5490 Remissionis

408 5526 702 5585 dicebant.
737 5521 974 5579 Lieebat
1003 5520 1222 5592 quippe
1254 5521 1430 5576 annis
1478 5535 1580 5576 sex
1631 5519 1894 5578 excolere
1940 5527 2056 5579 ter-

477 5644 526 5681 ”
555 5643 696 5701 Gen.
732 5657 792 5708 ιι,
818 5639 909 5695 22.

479 5742 560 5820 (α)
593 5733 986 5818 Ἐνδεχομένη.
1019 5737 1186 5798 Forte
1220 5734 1578 5816 ἐκδεχομένη.
1613 5739 1773 5798 Enl'r.

2188 4737 2251 4786 νη
2285 4717 2383 4790 (a),
2443 4714 2589 4772 ἀλλὰ
2645 4721 2750 4769 τῶν
2804 4715 2886 4770 ἐπ’
2938 4713 3210 4789 οἰκοδομῇ
3265 4713 3438 4786 οἲκείᾳ
3468 4716 3839 4787 θεωρημάτων

2189 4804 2518 4876 ἐπιζητοῦσα
2547 4807 2640 4868 τὰς
2675 4804 2878 4868 λύσεις.

2247 5077 2304 5129 7.
2345 5073 2639 5147 Τετίμηται
2680 5073 2862 5129 τοίνυν
2915 5076 2949 5142 ἡ
3005 5067 3214 5145 ἑϐδόμη
3263 5071 3465 5148 ἡμέρα,
3514 5072 3577 5126 τὸ
3629 5066 3842 5126 Σάϐϐα-

2177 5184 2294 5234 τον,
2343 5163 2624 5226 κάντεῦθεν
2673 5164 2700 5218 ὁ
2753 5159 2991 5235 ἕϐδομος
3051 5161 3284 5236 ἀριθμὸς
3340 5161 3487 5235 παρὰ
3545 5157 3834 5223 Ἰουδαίοις

2174 5252 2374 5326 τίμιος·
2450 5252 2502 5308 ἐν
2573 5254 2618 5324 ᾧ
2695 5253 2748 5307 αἱ
2821 5251 3219 5325 Σκηνοπηγίαι,
3296 5251 3350 5304 αἱ
3408 5247 3740 5323 Σάλπιγγες,
3799 5251 3832 5318 ἡ

2174 5343 2354 5417 ἡμέρα
2399 5346 2499 5397 τοῦ
2550 5340 2832 5415 Ἱλασμοῦ·
2884 5342 2971 5396 καὶ
3009 5341 3036 5394 6
3070 5337 3312 5400 ἐνιαυτὸς
3345 5334 3581 5410 ἕϐδομος
3612 5336 3668 5392 δὶ
3708 5340 3835 5408 παρ’

2173 5430 2397 5494 ἐκείνοις
2468 5431 2670 5506 τίμιος,
2736 5432 2762 5484 6
2823 5438 2923 5501 τῆς
2991 5430 3261 5508 ’Δφέσεως
3311 5427 3624 5504 λεγόμενος.
3675 5429 3829 5499 Ἐξῆν

2174 5522 2270 5597 μὶν
2315 5522 2416 5597 γὰρ
2465 5521 2649 5584 αὐτοῖς
2692 5516 2747 5593 ἓξ
2802 5519 2895 5592 ἔτη
2943 5519 3264 5595 ἐργάσασθαι
3312 5519 3411 5588 τὴν
3458 5520 3582 5592 γῆν.
3643 5520 3722 5589 τῷ
3772 5513 3831 5572 δὶ
