4154 6398
239 377 317 438 49
1224 378 1326 438 DE
1370 378 1700 440 HOMINIS
1750 377 2220 441 STRUC’I‘URA
2264 381 2557 444 ORATIO
2603 384 2681 444 II.
3589 370 3670 438 50

243 506 467 584 ἑϐδόμῳ
539 510 766 580 ἐνιαυτῷ
847 515 965 572 τοῖς
1050 509 1378 583 αὐτομάτοις
1444 513 1741 586 ἀρκεῖσθαι,
1802 509 1892 566 ὅτε

2013 532 2132 570 ram
2166 534 2180 584 ;
2214 516 2466 587 septimo
2487 520 2685 572 autem
2709 514 2967 580 anno,iis
2990 516 3292 569 contentos
3336 529 3465 569 esse
3494 528 3662 584 opor-

243 601 390 675 εἶχον
422 601 521 668 τήν
568 607 671 674 γῆν
703 603 803 664 τῆς
857 598 1205 674 ἐπαγγελίας.
1262 602 1354 670 Ἓξ
1401 598 1493 670 ἔτη
1546 599 1828 655 ἐδούλευεν
1863 601 1892 655 6

242 687 632 766 Ἐϐραῖος,καὶ
689 697 769 762 τῷ
817 686 1040 763 ἑϐδόμῳ
1090 688 1196 746 ἔτει
1251 691 1439 766 ἀφεῖτο
1478 699 1578 761 τῆς
1612 689 1888 754 δουλείας.

243 775 676 852 Ἐϐδομηκοστῷ
707 776 814 834 ἔτει
845 779 1013 850 ἐλύθη
1045 801 1155 856 παρ
1187 782 1201 802 ’
1231 781 1415 843 αὐτοῖς
1447 784 1482 850 ἡ
1508 780 1891 856 αἰχμαλωσία.

240 869 447 924 Λοιπὸν
509 869 618 942 ἐρῶ
672 872 762 923 καὶ
813 870 881 923 τὰ
938 870 1198 942 ἡμέτερα.
1254 870 1527 939 Ἐπτάκις,
1581 871 1738 947 φησὶ,
1791 891 1894 925 πε-

242 964 413 1012 σεῖται
550 960 579 1012 6
717 955 924 1020 δίκαιος
1026 959 1117 1013 καὶ
1224 960 1599 1030 ἀναστήσεται.
1704 958 1893 1021 Οὕτως

241 1047 590 1120 οἰκειούμεθα
645 1049 809 1119 ἡμεῖς
886 1047 985 1115 τήν
1079 1042 1380 1120 ἑϐδομάδα.
1451 1044 1732 1120 ’Έϐδομος
1788 1049 1894 1103 ἀπὸ

243 1134 421 1209 Ἀδὰμ
473 1137 654 1210 Ἑνὼχ
710 1136 810 1190 οὐκ
865 1133 982 1190 οἶδε
1037 1137 1284 1192 θάνατον·
1374 1140 1674 1212 μυστήριον
1731 1142 1895 1192 τοῦτο

244 1221 592 1294 Ἐκκλησίας.
643 1219 921 1298 Ἕϐδομος
979 1225 1085 1280 ἀπὸ
1145 1221 1406 1299 Ἀϐμαάμ
1454 1231 1695 1296 Μωῦσῆς
1723 1227 1892 1299 νόμον

244 1309 426 1368 ἔλαϐε·
477 1317 640 1368 τοῦτο
704 1309 988 1385 μεταϐολὴ
1073 1312 1223 1390 βίου,
1283 1314 1513 1387 ἀνομίας
1576 1313 1893 1382 κατάλυσις,

244 1400 592 1472 δικᾶιοσόνης
623 1401 856 1471 εἴσοδος,
917 1408 1052 1458 Θεοῦ
1097 1401 1387 1476 ἐπιδημία,
1421 1404 1634 1476 εὐταξία
1661 1404 1896 1476 κόσμου,

239 1492 600 1564 νομοθέτησις
630 1496 740 1546 τῶν
789 1493 1094 1566 πρακτέων.
1150 1488 1568 1566 Ἐϐδομηκοστῇ
1607 1492 1697 1547 καὶ
1739 1487 1897 1546 ἑϐδό-

247 1601 320 1654 μῃ
377 1584 537 1654 γενεᾷ
584 1579 690 1635 ἀπὸ
755 1577 932 1653 Ἀδὰμ
1005 1582 1033 1635 6
1092 1580 1321 1657 Χριστὸς
1383 1581 1574 1658 ἐφάνη.
1637 1579 1758 1636 Οἵδε
1834 1582 1896 1635 τὸ

249 1671 548 1744 μυστήριον
606 1677 709 1739 τῆς
768 1665 1077 1743 ἑϐδομάδος
1138 1670 1357 1746 ΙΙὲτρος.
1411 1671 1648 1733 Ιῐοσάκις
1713 1670 1897 1746 άμαρ-

246 1760 400 1828 τήσει
461 1757 540 1820 εἷς
595 1757 692 1831 ἐμὲ
749 1760 778 1813 6
827 1756 1062 1834 ἀδελφός
1120 1780 1244 1832 μον,
1318 1759 1410 1814 καὶ
1468 1760 1660 1836 ἀφήσω
1709 1759 1894 1830 αὐτῶ;

245 1844 348 1908 ἓως
416 1847 674 1916 ἑπτάκις;
744 1845 934 1922 Ὀλίγα
1015 1843 1136 1921 ᾔδει
1222 1849 1284 1902 τὸ
1344 1851 1665 1923 μυστήριον·
1743 1847 1897 1904 οὔπω

247 1930 413 2010 ἔμαθε
457 1937 520 1990 τὸ
578 1935 812 1991 τὲλειον·
884 1937 1134 2009 μαθητὴς
1187 1936 1292 2012 γὰρ
1319 1934 1396 1992 ἔτι
1438 1936 1528 2004 ἦν.
1560 1940 1703 2000 Ἕως
1735 1937 1902 1993 ἑπτά-

252 2043 369 2093 κις;
402 2025 667 2101 ἀπεκρίθη
719 2027 747 2080 6
778 2023 1165 2094 διδάσσκαλος,
1197 2027 1284 2080 καὶ
1344 2025 1440 2081 οὐδ
1498 2027 1657 2089 αὐτὸς
1696 2028 1898 2097 ἀπέστη

251 2117 351 2168 τοῦ
384 2115 535 2168 ἑπτά·
571 2113 699 2169 ἀλλ’
757 2114 870 2168 εἶπε
904 2113 1024 2185 μὲν,
1079 2115 1188 2189 οὐχ
1241 2115 1363 2169 ὅσον
1399 2111 1518 2189 ᾔδει
1551 2117 1580 2170 6
1633 2117 1904 2190 μαθητὴς,

253 2202 379 2257 ἀλλ’
437 2201 560 2257 ὅσον
616 2198 955 2276 ὑπερέϐαλλε
1003 2207 1083 2274 τῷ
1109 2203 1355 2276 τοσούτῳ
1386 2205 1414 2258 6
1463 2205 1762 2276 Δεσπότης.
1795 2212 1902 2260 Πο-

252 2288 407 2353 σάκις
462 2291 786 2364 ἁμαρτήσει,
845 2291 936 2345 καὶ
1023 2291 1252 2366 deﬂeto;
1314 2293 1410 2347 Διά
1467 2293 1518 2347 τί
1577 2293 1676 2348 οὐκ
1737 2293 1900 2362 εἶπεν,

249 2375 353 2443 ἓως
383 2378 576 2451 ἑξάκις,
608 2377 644 2448 ἤ
677 2375 780 2442 ἕως
820 2379 1056 2448 ὀκτάκις,
1092 2379 1218 2436 ἀλλ’
1263 2381 1369 2444 ἓως
1426 2381 1683 2450 ἑπτάκις;
1717 2383 1815 2436 Διά
1845 2379 1903 2436 δὲ

249 2468 302 2522 τί
359 2469 387 2522 6
446 2458 642 2543 Κύριος
697 2467 796 2522 οὐκ
851 2468 1021 2539 εἶπεν,
1073 2471 1219 2531 "Eme
1287 2470 1631 2533 ἑκατοντάκις
1691 2471 1900 2542 ἑκατὸν,

258 2554 406 2611 ἀλλὰ
459 2558 550 2611 τὸν
612 2557 750 2611 ἑπτὰ
797 2557 1027 2629 ἀσιθμὸν
1082 2556 1590 2628 ἐπολυπλασίασεν;
1653 2557 1790 2617 Οὔτε
1873 2561 1902 2614 6

255 2645 460 2718 Πὲτρος
526 2643 698 2699 ἄλλον
753 2646 1037 2720 ἠρώτησεν
1094 2647 1342 2722 ἀριθμὸν,
1429 2645 1551 2703 οὔτε
1617 2650 1646 2703 ὁ
1705 2649 1901 2724 Κύριος

253 2729 406 2802 ἐξὲϐη
439 2738 536 2788 τοῦ
585 2733 812 2796 κανόνος
870 2737 967 2788 τοῦ
1024 2729 1410 2808 ἑϐδοματικοῦ.
1459 2740 1840 2813 Παρετήρησεν
1873 2739 1901 2793 6

254 2824 478 2896 Πέτρος,
539 2823 621 2877 ὅτι
681 2825 858 2878 κανὼν
929 2821 1278 2899 παραδόσεως
1349 2826 1601 2902 ἀρχαῖος,
1659 2827 1748 2882 καὶ
1798 2829 1900 2897 τήν

253 2906 533 2999 ἑϐδομάδα
559 2910 791 2989 ἔμφασιν
825 2911 969 2988 ἔχειν
1019 2914 1141 2967 τινὰ
1187 2913 1428 2992 ἀφέσεως
1467 2916 1899 2990 ἁμαρτημάτων,

254 3000 603 3062 ἀναπαύσεως
634 2999 865 3069 τελείας,
916 3002 978 3056 οὗ
1036 3009 1262 3075 σημεῖον
1293 3005 1356 3059 τὸ
1411 2999 1689 3060 Σάϐϐατόν
1741 3006 1901 3077 ἐστιν,

252 3091 287 3158 ἡ
321 3083 530 3160 ἑϐδόμη
564 3091 749 3165 ἡμέρα
806 3089 912 3145 ἀπὸ
958 3090 1238 3165 γενέσεως.
1295 3094 1355 3150 Ὀ
1416 3094 1616 3168 Πέτρος
1650 3096 1894 3160 ἑπτάκις.

253 3179 280 3232 6
338 3177 544 3253 Κύριος
598 3175 704 3241 ἓως
763 3173 1237 3250 ἑϐδομηκοντάκις
1292 3181 1444 3238 ἑπτά.
1503 3183 1661 3240 Αλλά
1707 3184 1798 3238 καὶ
1849 3185 1903 3239 αἱ

2002 605 2180 673 tebat,
2216 621 2342 674 quea
2374 610 2529 660 terra
2561 610 2768 676 sponte
2801 605 3150 676 produceret
3175 602 3376 668 ",tum
3410 600 3656 668 scilicet,

2003 711 2134 750 cum
2168 698 2332 749 terris
2365 695 2667 765 promissas
2698 698 2998 765 compotes
3029 691 3163 747 tacti
3196 696 3414 746 essent.
3455 693 3656 745 Annos

2004 799 2105 838 sex
2134 783 2411 838 Hebraeus
2443 783 2766 850 serviebat;
2803 799 2958 837 anno
3009 781 3262 852 septimo
3310 797 3345 834 a
3373 779 3655 835 servitute

2005 872 2385 928 liberabatur.
2419 879 2586 926 Anno
2619 872 3055 942 septuagesimo
3105 869 3300 924 soluta
3347 868 3503 940 apud
3553 884 3653 923 eos

2005 962 2316 1032 captivitas
2347 967 2456 1016 est.
2499 962 2608 1015 Sed
2658 966 2858 1014 nastra
2906 973 3142 1030 quoque
3190 958 3518 1013 videamus.
3560 957 3652 1011 Se-

1999 1051 2166 1121 pties,
2199 1049 2413 1118 innuit,
2447 1049 2600 1104 cadet
2644 1051 2840 1116 justus,
2902 1052 2953 1102 et
3009 1056 3253 1118 resurget
3308 1047 3374 1098 ³⁸.
3424 1047 3516 1100 Sic
3548 1061 3656 1100 nos

2005 1138 2433 1193 hebdomadem
2449 1138 2617 1193 nobis
2635 1136 3318 1207 vindicamus.Septimus
3341 1138 3412 1191 ab
3433 1136 3656 1190 Adamo

2007 1221 2200 1284 Enoch
2237 1234 2483 1285 mortem
2515 1246 2628 1284 non
2658 1228 2804 1282 vidit
2828 1245 2840 1282 :
2862 1226 3132 1282 Ecclesia)
3158 1226 3266 1282 hoc
3289 1227 3654 1299 mysterium.

2005 1318 2307 1388 Septimus
2334 1317 2406 1372 ab
2423 1318 2754 1372 Abrahamo
2786 1317 2974 1372 Moses
3004 1315 3191 1387 legem
3223 1316 3447 1386 accepit
3479 1331 3493 1370 :
3527 1332 3658 1369 mu-

2007 1407 2149 1462 totio
2185 1406 2242 1461 id
2274 1406 2424 1474 vitae,
2454 1406 2783 1478 iniquitatis
2804 1404 3298 1476 eversi0,justitiaa
3330 1403 3655 1475 ingressus,

2007 1495 2110 1550 Dei
2159 1497 2468 1561 adventus,
2521 1496 2664 1550 ordo
2713 1494 2921 1549 mundi
2973 1496 3360 1564 compositus,
3412 1493 3659 1564 ejusque

2007 1583 2482 1655 tranquillitatis,
2515 1601 2717 1640 eorum
2750 1600 2876 1654 quae
2907 1583 3135 1656 agenda
3189 1581 3310 1637 sint
3345 1581 3657 1653 legislatio.

2008 1673 2457 1747 Septuagesima
2486 1690 2553 1728 ac
2575 1672 2826 1744 septima
2837 1679 2971 1743 post
2988 1674 3280 1727 Adamum
3309 1674 3476 1726 estate
3497 1669 3661 1725 Chri-

2009 1769 2139 1819 stus
2170 1762 2462 1835 apparuit.
2496 1762 2665 1819 Novit
2694 1762 2900 1818 Petrus
2935 1761 3253 1834 septenarii
3286 1759 3656 1833 mysterium.

1931 1888 1979 1952 B
2011 1854 2231 1922 Quoties
2255 1852 2505 1924 peccabit
2534 1854 2595 1907 in
2623 1868 2710 1906 me
2727 1853 2902 1922 frater
2929 1867 3101 1917 meus,
3147 1855 3202 1906 et
3254 1849 3535 1905 dimittam
3563 1850 3616 1904 ei
3635 1851 3662 1904 γ

2015 1958 2183 2014 usque
2201 1943 2398 2012 septies
2429 1941 2473 1974 ⁸⁸
2499 1939 2526 1994 ?
2557 1939 2770 1995 Parum
2812 1944 3050 1994 noverat
3079 1938 3424 2011 mysterium
3462 1955 3476 1993 ε
3512 1954 3657 1992 non-

2014 2032 2156 2086 dum
2192 2031 2348 2102 quod
2374 2030 2696 2101 perfectum
2727 2034 2818 2084 est
2837 2028 3159 2095 didicerat;
3193 2027 3384 2083 adhuc
3409 2043 3665 2098 namque

2014 2119 2343 2191 discipulus
2373 2124 2517 2173 erat.
2549 2120 2622 2173 At
2653 2134 2757 2173 nec
2789 2134 2995 2173 rursus
3027 2118 3231 2172 doctor
3269 2134 3303 2172 a
3331 2115 3663 2188 septenario

2014 2209 2338 2276 abscessit;
2369 2208 2776 2280 dixitque,n0n
2809 2211 3096 2279 quantum
3131 2204 3457 2277 discipulus
3487 2219 3664 2260 nove-

2014 2304 2124 2368 rat,
2159 2299 2258 2354 sed
2292 2303 2578 2370 quantum
2611 2301 2893 2352 Dominus
2924 2295 3224 2368 opulentia
3257 2297 3474 2366 majore
3495 2309 3666 2366 supe-

2014 2389 2198 2442 rabat.
2237 2387 2454 2454 Quoties
2483 2387 2755 2458 peccabit,
2788 2391 2842 2442 et
2869 2386 3192 2441 dimittam?
3223 2385 3338 2440 Cur
3357 2400 3474 2440 non
3495 2383 3665 2453 dixit,

2015 2492 2203 2548 usque
2235 2477 2444 2542 sexies,
2480 2479 2581 2530 aut
2611 2491 2797 2547 usque
2829 2475 3149 2541 octies,sed
3182 2490 3372 2545 usque
3403 2471 3666 2546 septies?

2011 2565 2225 2631 Quidni
2256 2582 2391 2620 vero
2422 2564 2568 2619 dixit
2597 2564 2902 2632 Dominus,
2922 2563 3120 2634 Usque
3149 2567 3386 2618 centum
3417 2561 3662 2627 centies,

2012 2656 2116 2710 sed
2166 2671 2478 2710 numerum
2529 2653 2925 2726 septenarium
2977 2651 3434 2724 multiplicavit?
3463 2650 3664 2721 Neque

2011 2745 2216 2800 Petrus
2245 2743 2426 2800 alium
2450 2743 2938 2815 quaesivit,noque
2968 2742 3254 2798 Dominus
3285 2759 3318 2796 a
3349 2737 3664 2813 septenarii

2011 2833 2212 2906 regula
2243 2833 2606 2889 exorbitavit.
2624 2832 2973 2888 Observarat
2997 2832 3483 2898 Petrus,veterem
3507 2829 3663 2885 842

2011 2922 2347 2978 traditionis
2377 2921 2640 2993 regulam
2671 2938 2819 2992 esse,
2851 2926 3028 2993 atque
3057 2919 3388 2992 septenario
3420 2934 3666 2974 numero

2009 3014 2128 3068 vim
2153 3013 2473 3084 quamdam
2495 3010 2888 3082 expressionis
2907 3009 3272 3066 remissionis
3295 3011 3667 3080 peccatorum

2013 3104 2205 3156 inesse
2232 3117 2246 3168 ;
2275 3101 2512 3172 signum
2540 3101 2759 3172 quietis
2801 3101 3067 3171 perfectis
3103 3115 3117 3167 ;
3149 3098 3474 3154 Sabbatum
3536 3095 3665 3150 dies

2017 3191 2268 3261 septima
2297 3193 2387 3244 est
2435 3205 2469 3244 a
2511 3189 2821 3244 creatione.
2881 3193 3083 3244 Petrus
3112 3189 3346 3260 septies;
3378 3185 3666 3242 Dominus

255 3266 518 3340 ἁμαρτίαι
562 3268 626 3322 τὸ
681 3265 914 3322 παλαιὸν
977 3269 1115 3323 κατά
1166 3274 1361 3325 τοῦτον
1419 3269 1757 3327 ἐκδικοῦνται
1812 3274 1901 3328 τὸν

2017 3257 2185 3350 usque
2214 3279 2520 3349 septuagies
2551 3277 2744 3348 septies
2775 3277 2839 3331 ’9.
2891 3278 3004 3334 Sed
3041 3283 3099 3334 et
3147 3257 3401 3350 peccata,
3432 3277 3664 3330 vetusto

252 3355 510 3430 ἀριθμόν.
543 3357 666 3432 Οὐχ
703 3355 868 3426 οὕτω,
928 3358 1090 3432 φησὶν
1151 3359 1179 3414 6
1227 3359 1374 3422 Θεός’
1417 3365 1518 3423 πᾶς
1579 3363 1607 3416 6
1658 3362 1904 3418 ἀποκτεί-

249 3464 346 3506 νας
447 3442 602 3515 Κάϊν,
683 3443 818 3498 ἑπτὰ
895 3443 1252 3518 ἐκδικούμενά
1347 3449 1658 3508 καταλύσει.
1763 3448 1903 3508 Οὐδὶ

251 3532 362 3587 ἐκεῖ
395 3532 562 3599 ὀκτὼ,
589 3532 737 3588 ἀλλά
767 3533 920 3591 ἑπτά.
972 3535 1070 3589 Καὶ
1120 3537 1148 3590 ὁ
1193 3537 1389 3614 Λαμὲχ
1427 3536 1486 3592 δὲ
1517 3539 1708 3595 ἑαυτοῦ
1737 3561 1901 3596 κατα-

248 3621 463 3696 κρίνας,
502 3627 600 3676 τοῦ
652 3618 896 3696 ἔϐδόμού
944 3623 1042 3679 οὐκ
1086 3624 1313 3696 ἀπέστη,
1361 3628 1506 3698 Φησὶ
1538 3629 1639 3704 γὰρ
1671 3630 1776 3698 ὅτι,
1807 3631 1903 3687 Ἐκ

253 3712 389 3766 Κάϊν
451 3709 791 3782 ἐκδεδίκηται
845 3713 1088 3781 ἑπτάκις,
1146 3713 1206 3770 ἐκ
1263 3713 1322 3770 δὲ
1391 3719 1589 3794 Λαμὲχ
1655 3714 1901 3793 ἑϐδομη-

253 3801 502 3861 κοντάκις
533 3801 684 3870 ἑπτά,
759 3803 858 3857 Διά
914 3802 1000 3872 τί;
1056 3805 1266 3878 Μικρὸν
1323 3805 1634 3878 ἀνάμεινον,
1685 3808 1774 3864 καὶ
1815 3809 1903 3864 εὑ-

256 3889 442 3962 ρήσεις
493 3889 556 3943 τὸ
611 3892 934 3965 μυστήριον,
1013 3892 1075 3948 Ἠ
1131 3894 1324 3966 πρώτη
1385 3896 1622 3968 ἁμαρτία
1681 3897 1904 3960 ἑπτάκις

255 3974 568 4046 ὲκδικεῖται,
602 3973 1070 4051 ἑϐδομηκοντάκις
1120 3979 1178 4036 δὲ
1225 3983 1360 4038 ἑπτά
1389 3985 1418 4038 6
1463 3983 1709 4061 δεύτερος
1741 3987 1904 4065 φόνος

252 4069 352 4120 τοῦ
383 4067 627 4142 Λαμέχ”’
684 4072 779 4121 Οτι
811 4066 875 4122 ἐκ
901 4074 999 4124 τοῦ
1050 4070 1174 4124 Κάϊν
1199 4069 1538 4144 ἐκδεδίκηται
1575 4076 1813 4146 ἑπτάκις,
1846 4074 1907 4130 ἐκ

258 4151 316 4208 δὲ
374 4155 570 4230 Λαμὲχ
625 4151 1091 4230 ἑϐδομηκοντάκις
1150 4161 1304 4219 ἑπτά.
1393 4163 1731 4238 Λογιζόμεθα
1789 4163 1906 4234 οὖν,

258 4239 340 4296 ὅτι
390 4243 426 4311 ἡ
485 4241 769 4312 αἷτηθεῖσα
816 4242 1001 4323 ἄφεσις
1046 4249 1192 4320 παρὰ
1248 4249 1475 4326 Πέτρου,
1509 4251 1680 4328 ἐνάγει
1732 4256 1808 4327 (α)
1836 4257 1904 4328 τῇ

258 4328 659 4419 ἐκδικήσειᾹτήν
690 4337 786 4387 τοῦ
843 4335 971 4390 Κάϊν
1024 4339 1395 4414 συγχώρησιν
1455 4343 1490 4411 ἡ
1527 4341 1584 4396 δὲ
1630 4344 1778 4419 παρά
1805 4347 1908 4398 τοῦ

255 4418 456 4509 Κυρίου
506 4415 977 4494 ἑϐδομηκοντάκις
1039 4427 1192 4495 ἑπτὰ,
1253 4436 1534 4506 συγχωρεῖ
1581 4436 1662 4504 τῷ
1709 4415 1910 4509 λαμὲχ

258 4503 727 4597 ἑϐδομηκοντάκις
813 4513 967 4570 ἑπτά.
1042 4517 1208 4573 ’Όσον
1257 4503 1482 4594 γάρῗτό
1537 4503 1906 4597 παράπτωμα,

2011 3368 2225 3433 ritu,ex
2256 3367 2485 3423 numeri
2504 3366 2684 3437 hujus
2706 3366 2930 3422 ratione
2959 3366 3188 3422 vindice
3208 3383 3378 3438 pcena
3394 3365 3665 3437 plectun-

2011 3463 2126 3512 tur.
2157 3462 2280 3514 Non
2306 3459 2406 3524 ita,
2439 3456 2521 3511 ait
2550 3455 2702 3510 Deus
2728 3473 2742 3523 ;
2770 3455 2866 3511 sed
2893 3458 3073 3512 omnis
3102 3457 3199 3528 qui
3227 3457 3492 3512 oociderit
3521 3454 3662 3510 Cain

2009 3555 2223 3617 septem
2256 3545 2490 3600 ultiones
2537 3543 2791 3600 dissolvet
2833 3545 2898 3598 ³ο.
2930 3543 3010 3599 Ne
3063 3543 3182 3599 illic
3210 3544 3448 3616 quidem
3505 3546 3657 3609 octo,

2011 3637 2112 3691 sed
2145 3639 2389 3707 septem.
2423 3634 2532 3690 Sed
2567 3638 2624 3689 et
2655 3633 2905 3690 Lamech
2939 3633 3065 3706 ipse
3094 3634 3152 3688 in
3173 3635 3434 3705 seipsum
3457 3632 3660 3687 dicens

2011 3724 2388 3788 sententiam,
2418 3739 2452 3778 a
2480 3723 2810 3794 septenario
2843 3739 3088 3778 numero
3119 3740 3234 3778 non
3267 3722 3526 3779 recessit.
3565 3719 3662 3774 Ait

2012 3813 2170 3868 enim
2205 3829 2219 3868 :
2252 3813 2335 3867 Ea:
2365 3811 2534 3866 Caino
2573 3811 2919 3866 vindicatum
2947 3821 3026 3866 est
3052 3813 3270 3882 septies,
3300 3827 3370 3866 ea:
3425 3809 3661 3865 Lamech

2011 3909 2198 3961 autem
2238 3903 2552 3975 septuagies
2608 3904 2803 3975 septies
2856 3903 2924 3958 δι.
2982 3903 3132 3968 Quid
3190 3903 3318 3958 ita?
3351 3901 3662 3958 Paululum

2013 3993 2261 4059 sustine,
2291 3997 2350 4048 et
2378 3992 2639 4048 invenies
2671 3993 3033 4064 mysterium.
3068 3993 3328 4049 Primum
3361 3998 3667 4065 peccatum

2015 4082 2232 4154 septies
2251 4082 2616 4149 vindicatur;
2652 4082 2987 4154 septuagies
3042 4099 3174 4138 vero
3227 4084 3445 4148 septies
3483 4081 3668 4139 altera

2016 4189 2050 4226 a
2080 4171 2367 4226 Lamacho
2400 4176 2626 4242 patrata
2656 4171 2861 4225 caedes.
2896 4171 3164 4240 Quoniam
3195 4187 3264 4226 ea:
3290 4171 3460 4228 Caino
3488 4171 3666 4227 vindi-

2015 4262 2238 4316 cabitur
2272 4262 2494 4331 septies,
2525 4275 2597 4315 ex
2626 4261 2884 4315 Lamecho
2913 4269 3096 4315 autem
3117 4263 3422 4332 septuagies
3450 4262 3665 4332 septies.

2018 4349 2438 4405 Existimamus
2470 4349 2690 4420 itaque,
2733 4351 2885 4421 quod
2921 4349 3124 4404 Petrus
3181 4350 3398 4422 septies
3449 4349 3667 4405 dimitti

2019 4439 2207 4510 petiit,
2262 4437 2421 4492 Caini
2473 4439 2963 4494 condonattonem
3011 4438 3285 4495 inducit:
3327 4439 3484 4511 quod
3531 4455 3666 4496 vero

2019 4527 2304 4582 Dominus
2333 4525 2668 4597 septuagies
2699 4525 2937 4598 septies,
2989 4526 3278 4583 Lamecho
3336 4529 3670 4601 septuagies

255 4596 662 4697 10q0610v‘xai
699 4601 762 4656 16
819 4603 1089 4679 χάρισμαο
1152 4606 1292 4660 ὅπου
1353 4606 1518 4684 ὀλίγη
1567 4596 1901 4686 ἡνάμαρτία,

2021 4615 2238 4687 septies
2267 4596 2541 4686 ignoscit.
2575 4596 2872 4681 Quantum
2903 4620 2993 4671 est
3037 4615 3341 4687 delictum,
3391 4596 3672 4674 tanta'est

260 4684 426 4762 ὀλίγη
455 4688 545 4742 καὶ
575 4691 610 4759 ἡ
645 4690 853 4768 ἄφεσις.
897 4693 962 4770 ᾮ
991 4695 1092 4769 γὰρ
1126 4695 1330 4772 ἀφῆκεν
1360 4696 1568 4774 ὀλίγον,
1598 4684 1788 4774 ὀλίγον
1819 4699 1911 4756 καί

259 4777 462 4851 ἀγαπᾷ.
518 4779 698 4836 Ὅπου
756 4779 1080 4837 ἐπλεόνασεν
1135 4785 1170 4854 ἡ
1230 4783 1489 4860 ἁμαρτία,
1559 4788 1911 4865 ὑπερεπερίσ-

259 4883 441 4919 σευσεν
473 4867 508 4936 ἡ
550 4865 734 4942 χάρις.

327 5047 382 5100 8.
416 5044 480 5102 Τί
513 5043 604 5100 οὖν
633 5045 742 5103 ἑστι
771 5047 836 5104 τὸ
870 5051 1218 5127 μυστήριονῖ
1267 5049 1512 5130 Ἐϐδὸμῃ
1541 5057 1725 5132 ήμὲρᾳ
1757 5055 1911 5132 λεγε-

262 5153 352 5187 ται
385 5134 414 5187 6
443 5134 576 5226 αίὼν
609 5137 767 5226 0510c
815 5138 1180 5216 πληροῦσθαι,
1212 5143 1303 5198 καὶ
1338 5144 1471 5219 μετά
1498 5150 1659 5202 τοῦτο
1699 5146 1915 5226 ὶφίστα·

261 5232 383 5284 σθαι
412 5224 510 5292 τήν
567 5225 778 5299 ἡμέραν
834 5235 935 5299 τῆς
992 5230 1239 5306 κρίσεως,
1284 5234 1384 5302 τὴν
1442 5232 1669 5310 ὀγδόην·
1719 5224 1775 5290 ἓν
1815 5240 1851 5310 ᾗ
1883 5237 1912 5293 6

264 5310 592 5384 ἁμαρτωλὸς
645 5315 888 5386 ἑπτάκις,
950 5319 978 5373 6
1035 5322 1153 5375 καθ’
1206 5317 1520 5398 ὑπερϐολὴν
1581 5322 1910 5401 ἁμαρτωλὸς

2021 4710 2080 4761 et
2109 4704 2318 4778 gratia.
2352 4703 2460 4760 Ubi
2494 4721 2736 4776 parvum
2768 4704 3048 4761 delictum
3080 4709 3192 4774 est,
3250 4723 3427 4778 parva
3457 4711 3548 4762 est
3578 4707 3671 4762 di-

2021 4794 2250 4861 missis,
2285 4809 2387 4848 seu
2405 4791 2596 4848 venia.
2629 4792 2734 4849 Cui
2767 4794 2922 4848 enim
2956 4811 3160 4866 parum
3192 4795 3442 4866 dimisit,
3460 4811 3671 4866 parum

2020 4887 2078 4939 et
2107 4881 2304 4955 diligit
2331 4881 2397 4917 ³³·
2436 4882 2536 4939 Ubi
2565 4881 2869 4938 abundavit
2902 4887 3207 4955 peccatum,
3256 4883 3671 4958 superabunda-

2019 4974 2104 5028 vit
2129 4973 2318 5044 gratia
2342 4971 2410 5029 ⁸³.

2092 5063 2148 5116 8.
2177 5061 2327 5127 Quid
2360 5076 2498 5133 ergo
2530 5059 2646 5116 sibi
2673 5059 2806 5116 vult
2835 5063 3182 5134 mysterium
3216 5063 3239 5119 Ρ
3272 5063 3377 5120 Dis
3421 5063 3674 5136 septimo

2023 5149 2240 5205 dicitur
2270 5167 2454 5205 savum
2481 5150 2587 5205 hoc
2619 5151 3068 5221 complendum;
3103 5157 3160 5207 et
3184 5157 3316 5224 post
3345 5152 3454 5209 hoc
3473 5160 3679 5211 ventu-

2023 5256 2153 5295 rum
2179 5239 2393 5311 judicii
2433 5239 2615 5305 diem,
2665 5247 2975 5307 octavum;
3008 5239 3068 5294 in
3101 5258 3216 5310 quo
3262 5247 3534 5312 peccator
3582 5261 3678 5299 se-

2024 5329 2198 5401 pties,
2235 5345 2300 5384 ac
2333 5328 2431 5400 qui
2463 5332 2884 5400 exsuperanter
2914 5332 3202 5399 peccator,
3239 5332 3573 5404 septuagies
3595 5347 3684 5389 se-

335 5473 380 5508 “
407 5473 750 5561 _I:‘evit_.Ax_xv,
782 5482 835 5538 3.
912 5483 1154 5561 {[Prov.
1185 5503 1302 5558 nx,
1336 5489 1424 5545 16.
1502 5489 1548 5527 ³⁸
1567 5489 1778 5548 Matth.
1811 5506 1901 5548 xv:

2013 5492 2092 5548 21.
2169 5493 2216 5529 ²⁹
2245 5491 2388 5549 ibid.
2421 5493 2511 5548 22.
2588 5491 2634 5528 ⁸ο
2658 5491 2886 5558 ῦθῐων,
2920 5489 3007 5546 15.
3084 5490 3125 5526 ⁸⁸
3157 5489 3402 5548 ibid.24.
3477 5494 3523 5530 ³⁸
3544 5493 3682 5554 Luc.

262 5559 367 5614 vn,
396 5545 488 5603 42.
565 5548 611 5593 ³³
636 5545 805 5610 Rom.
835 5571 890 5628 v,
919 5557 1012 5616 20.

340 5699 419 5776 (α)
451 5700 684 5781 Ἦνάγει.
710 5707 867 5768 Editi
897 5707 1104 5788 ἀνάγει.
