4154 6392
387 342 463 404 81

1328 343 1725 411 APPENDIX
1770 349 2101 412 OPERUM
2147 353 2213 413 S.
2261 352 2549 415 BASlLll
2594 355 2870 417 MAGNI.

3728 360 3807 419 52

391 474 545 546 pties
578 474 883 548 plectetur.
914 477 1308 552 Vicissimque
1328 481 1536 552 justus
1566 481 1809 554 septies,
1841 499 1909 538 ac
1939 482 2037 555 qui
2070 544 2071 551 γ

2182 476 2625 557 ὅδομηκοντάκις
2673 487 2806 541 ἑπτὰ
2862 484 3298 558 ἔκδικηθήσεταν
3345 487 3437 543 καὶ
3477 485 3742 562 ἔμπαλιν,
3776 486 3806 541 ὃ

395 564 745 622 excellenter
765 568 990 638 justus,
1024 570 1359 642 septuagies
1388 571 1606 643 septies
1646 572 1884 643 praemio
1915 573 2045 627 afﬁ-

391 652 601 711 cietur.
633 655 738 713 Dei
771 674 1027 729 namque
1073 660 1431 731 benignitas,
1466 677 1625 716 nunc
1657 661 1897 734 quidem
1948 677 2051 733 per

394 743 730 815 aenigmata,
793 763 920 817 quis
973 752 1113 803 sunt
1169 748 1369 805 futura
1398 750 1646 805 obscure
1703 749 2046 821 signiﬁcat:

393 836 538 888 tunc
589 840 786 891 autem
827 835 886 891 in
933 838 1194 893 secundo
1251 840 1509 894 adventu
1560 839 1937 911 perspicuam
1984 855 2051 895 ao

397 922 773 980 manifestam
804 925 1174 983 exhibiturus
1206 932 1299 983 est
1325 927 1628 984 veritatem
1663 946 1676 984 :
1711 933 1849 983 tunc
1891 930 2048 984 enim

400 1009 616 1082 quibus
672 1013 923 1085 quisque
980 1016 1199 1088 dignus
1258 1016 1515 1088 praemiis
1585 1018 1682 1084 sit,
1761 1019 2049 1073 ostendet.

399 1098 810 1174 Septemplicia
830 1104 1031 1177 igitur,
1055 1122 1182 1176 qua;
1214 1106 1385 1162 nobis
1416 1106 1796 1178 peccantibus
1846 1105 2053 1161 ultrice

399 1206 569 1262 poma
598 1194 947 1262 debeantur,
993 1196 1113 1251 vita
1169 1196 1277 1252 hac
1339 1196 1620 1253 Dominus
1676 1197 2051 1267 condonabit,

400 1282 722 1339 dummodo
756 1301 859 1356 per
879 1285 1284 1357 pcenitentiam
1327 1304 1394 1343 ac
1431 1286 1863 1343 confessionem
1895 1304 2053 1342 ano-

401 1368 494 1425 bis
533 1371 711 1427 fuerit
740 1372 1029 1445 placatus.
1072 1375 1181 1440 Qui
1230 1376 1426 1447 itaque
1475 1376 1846 1431 tremendum
1886 1375 2053 1431 illum

403 1457 562 1514 diem
593 1462 954 1534 noverimus,
985 1464 1045 1520 in
1076 1481 1190 1534 quo
1250 1470 1546 1521 reservata
1604 1466 1714 1521 hoc
1769 1483 1887 1521 zevo
1920 1482 2054 1536 pec-

403 1547 679 1606 cantibus
697 1551 865 1621 justa
893 1553 1182 1609 scelerum
1213 1555 1523 1610 retributio
1571 1572 1859 1627 aequaquo
1890 1553 2058 1610 lance

404 1638 1054 1712 repensio,pcenitentiae
1068 1643 1380 1715 stipendiis
1402 1645 1593 1716 quoad
1615 1644 1867 1699 vivimus
1886 1660 2057 1699 occu-

407 1731 1201 1804 pantes,peccatadiluamus,
1209 1750 1312 1805 pro
1327 1733 1442 1788 illic
1458 1732 1842 1805 multiplicem
1853 1749 2059 1788 aerum-

2159 569 2368 637 δίκαιος
2400 576 2535 631 έπτὰ
2582 578 2967 648 τιμηθήσεται·
3001 577 3030 630 ὁ
3078 578 3200 640 καθ’
3234 571 3547 652 ὑπερϐολήν
3574 574 3808 645 δίκαιος,

2156 656 2621 736 ἑϐδομηκοντάκις
2658 664 2812 721 ἑπτά.
2867 666 2931 722 ἸΙ
2960 665 3060 741 γὰρ
3087 670 3183 720 τοῦ
3231 670 3366 721 Θεοῦ
3397 665 3809 745 φιλανθρωπία,

2155 755 2247 805 νῦν
2284 753 2379 826 μὲν
2412 750 2480 806 δι’
2509 752 2848 829 αἰνιγμάτων
2910 757 3047 827 ἡμῖν
3078 753 3146 809 τὰ
3186 753 3459 827 μέλλοντα
3490 754 3801 829 ὑποφαίνειο

2156 841 2279 895 τότε
2305 838 2381 909 δὲ,
2434 841 2521 896 ἐπὶ
2577 850 2678 912 τῆς
2732 840 2982 918 δευτέρας
3038 842 3204 898 αὐτοῦ
3252 842 3573 911 παρουσίας,
3605 843 3809 918 ἐναργῆ

2158 927 2247 981 καὶ
2298 929 2707 1002 τεσρανωμένην
2758 935 2995 1004 παριστᾷ
3042 931 3143 999 τήν
3203 928 3483 1002 ἀλήθειαν·
3520 928 3678 1001 δείξει
3708 931 3810 1008 γὰρ

2159 1017 2477 1086 τηνικαῦτα,
2532 1018 2617 1080 τίς
2684 1017 2845 1073 τίνων
2907 1017 3047 1074 ἐστὶν
3125 1017 3293 1090 ἄξιος.
3369 1019 3815 1077 Ἑπταπλασίονα

2158 1106 2340 1160 τοίνυν
2371 1107 2470 1175 τὴν
2502 1106 2778 1162 ἀντίδοσιν
2810 1110 2946 1181 ἡμῖν
2995 1108 3451 1183 χρεωστουμένην
3481 1115 3599 1171 τοῖς
3633 1111 3812 1185 ἀμαρ-

2159 1194 2366 1258 τιολοῖς
2416 1199 2761 1272 συγχωρήσει
2814 1198 2842 1252 ὁ
2885 1198 3084 1274 Κύριος
3139 1197 3389 1272 ἐνταῦθα,
3422 1198 3465 1253 εἰ
3527 1196 3617 1253 διὰ
3649 1219 3817 1271 μετα-

2160 1284 2310 1347 νοίας
2362 1283 2451 1338 καὶ
2508 1284 2967 1361 ἐξομολογήσεως
3048 1284 3362 1359 έξιλεωθείη
3440 1288 3569 1363 παρ’
3628 1290 3814 1360 ἡμῶν.

2162 1375 2342 1441 ’Ὠστε,
2397 1371 2600 1438 εἰδότες
2656 1376 2756 1444 τήν
2813 1370 3045 1452 φοϐερὰν
3106 1375 3314 1447 ἐκείνην
3376 1377 3612 1453 ἡμέραν,
3673 1374 3727 1431 ἓν

2163 1462 2507 1536 τεταμίευται
2559 1470 2676 1527 τοῖς
2733 1463 2960 1529 ἐνταῦθα
3013 1465 3362 1542 ἡμαρτηκόσι
3407 1468 3443 1534 ἡ
3493 1465 3633 1540 πρὸς
3669 1463 3819 1536 ἀξίαν

2163 1556 2272 1607 τῶν
2302 1554 2714 1629 ἁμαρτημάτων
2770 1554 3157 1631 ἀντιμέτρησις
3190 1556 3280 1610 καὶ
3312 1555 3696 1625 ἀντισήκωσις,
3727 1552 3818 1609 διὰ

2171 1642 2451 1714 μετανοίας
2484 1641 2538 1698 ἐν
2573 1647 2686 1713 ζωῇ
2710 1639 3081 1716 προλαϐόντες
3106 1642 3459 1718 ἀναλύσωμεν
3482 1644 3549 1697 τα
3568 1645 3815 1720 ἁμαρτή-

2171 1753 2334 1803 ματα,
2360 1730 2454 1786 ’ίνα
2483 1730 2597 1787 ἐκεῖ
2626 1733 2717 1787 σὸν
2763 1731 3259 1806 πολυπλασιασμὸν
3303 1740 3404 1803 τῆς
3435 1733 3696 1789 ὶπιπόνου
3724 1734 3816 1788 καὶ

411 1830 549 1870 nam
561 1825 735 1889 atque
753 1819 1012 1878 dolorem
1039 1840 1105 1878 ac
1126 1822 1454 1880 cruciatum
1475 1824 1718 1879 evadere
1736 1822 2056 1893 possimus.

2182 1817 2439 1893 ὗδυνηρᾶς
2471 1818 2794 1882 ἀντιδόσεως
2819 1820 3071 1900 ἐκφυγεῖν
3105 1820 3485 1894 δυνηθείημεν.

482 1906 536 1961 9.
598 1909 763 1965 Hunc
814 1909 1013 1982 itaque
1069 1912 1225 1967 diem
1280 1911 1595 1983 septimum
1652 1911 2058 1967 existimemus

429 1998 651 2069 optimo
701 1998 787 2055 illi
854 2000 993 2071 diei,
1041 2001 1572 2057 consummationis
1627 2000 1807 2071 hujus
1863 1998 2059 2056 saeculi

411 2087 604 2159 ﬁgura
627 2090 998 2161 respondere.
1030 2090 1307 2146 Dicamus
1337 2090 1537 2163 igitur,
1569 2094 1623 2146 et
1647 2091 1891 2162 requiat:
1919 2091 2060 2146 Deus

418 2177 517 2233 die
540 2180 770 2250 septimo
784 2180 852 2235 ab
882 2180 1138 2236 omnibus
1168 2180 1426 2253 operibus
1451 2181 1568 2236 suis
1594 2198 1611 2246 ;
1654 2180 1755 2236 sed
1787 2184 1845 2236 et
1875 2179 1935 2235 in
1960 2179 2059 2236 illo

408 2266 644 2339 pariter,
693 2268 859 2325 nulla
903 2269 1160 2342 amplius
1204 2269 1414 2325 mundi
1460 2269 1643 2340 hujus
1693 2270 1892 2325 futura
1921 2275 2061 2326 sunt

408 2372 606 2428 opera.
636 2357 763 2413 Non
793 2364 966 2415 erunt
994 2357 1151 2415 ultra
1179 2359 1418 2431 nuptiis,
1450 2375 1565 2415 non
1614 2357 1872 2431 amplius
1917 2375 2057 2415 con-

406 2449 653 2519 tractus,
702 2463 818 2504 non
865 2451 1206 2503 mercatura:
1254 2465 1269 2503 :
1323 2447 1748 2519 agriculturam
1799 2465 1955 2519 vero,
2006 2448 2058 2503 si

407 2535 548 2605 quid
579 2535 936 2608 reliquorum
967 2537 1297 2593 studiorum
1329 2541 1419 2593 est
1447 2553 1515 2592 ac
1565 2539 1957 2609 negotiorum,
1986 2553 2060 2592 ne

408 2624 498 2680 vel
529 2624 727 2681 animo
758 2624 879 2682 illic
910 2626 1166 2698 cogitare
1197 2625 1332 2680 licet
1362 2642 1376 2680 :
1410 2625 1512 2682 sed
1562 2627 1743 2682 stabit
1796 2631 2062 2682 creatura

414 2714 662 2770 attonita
681 2729 746 2771 ac
775 2719 1066 2783 tremens;
1099 2715 1397 2787 sudorque
1436 2732 1506 2771 ex
1553 2715 1855 2785 omnibus,
1886 2731 2062 2786 quem

414 2802 504 2859 vis
564 2802 726 2860 nulla
781 2808 1063 2873 coerceat,
1137 2808 1417 2875 metuque
1483 2803 1742 2875 perplexi
1798 2820 2059 2859 omnes:

410 2892 564 2964 justi
594 2908 827 2966 quoque
855 2893 1013 2965 apud
1059 2909 1167 2948 nos
1225 2891 1341 2964 ipsi
1370 2892 1527 2948 anxii
1560 2898 1698 2947 tunc
1754 2891 2065 2947 formidine

418 2985 611 3050 erunt,
646 2986 781 3039 utra
808 2982 880 3038 de
910 2982 1028 3038 illis
1076 2981 1368 3037 sententia
1418 2981 1658 3037 ferenda
1714 2980 1813 3038 sit.
1859 2980 1979 3036 Erit
2009 2985 2068 3036 et

414 3071 793 3128 Abrahamus
834 3077 977 3127 tunc
1032 3070 1243 3127 anxius
1293 3087 1359 3126 ac
1406 3070 1717 3137 sollicitus,
1759 3087 1874 3126 non
1906 3069 2068 3125 velut

416 3162 516 3235 qui
546 3161 607 3218 in
635 3161 965 3234 gehennam
996 3161 1304 3217 detrusum
1334 3176 1397 3217 se
1427 3160 1499 3215 iri
1530 3164 1844 3232 exspectet,
1868 3160 1968 3215 sed
2004 3160 2063 3214 in

419 3224 536 3323 qua
561 3224 854 3323 iustorum
889 3250 1117 3317 classe;
1152 3250 1364 3321 prima,
1396 3224 1674 3319 sesnnda,
1734 3224 1837 3304 aut
1892 3247 2064 3303 tertia
2095 3224 2138 3291 Ο

415 3339 701 3397 locandus
729 3339 827 3395 sit.
860 3338 1146 3395 Dominus
1190 3338 1259 3392 de
1302 3338 1445 3393 ccelo
1499 3337 1731 3393 advenit
1763 3355 1776 3393 :
1805 3336 2063 3393 revelan-

422 3436 517 3485 tur
567 3428 835 3485 ccslestes
892 3431 1232 3499 potestates,
1292 3426 1456 3482 oculis
1520 3426 1816 3498 diruptis;
1871 3426 2067 3481 omnis

422 3522 691 3575 creatura
711 3516 1101 3573 tremebunda
1150 3520 1425 3586 metuque
1475 3515 1898 3584 contrahetur;
1932 3513 2075 3586 quia

423 3612 484 3665 et
528 3607 645 3680 ipsi
705 3606 951 3663 forsitan
1010 3605 1199 3676 angeli
1256 3605 1537 3660 astabant
1601 3610 1761 3660 metu
1818 3603 2075 3676 perculsi

429 3714 496 3754 ac
525 3696 742 3769 pavidi,
770 3713 887 3752 non
931 3712 1001 3752 ca
1056 3694 1281 3750 ratione
1313 3693 1468 3765 quod
1500 3694 1572 3749 de
1624 3693 1753 3750 suis
1809 3696 2077 3749 metuant

430 3787 586 3844 343
616 3784 975 3850 delictis,sed
1006 3784 1163 3857 quod
1184 3783 1477 3855 gloriosus
1507 3788 1955 3854 praepotensque
1976 3783 2077 3852 ju-

430 3876 581 3933 dicis
611 3879 979 3947 conspectus,
1009 3873 1238 3929 cunctis
1269 3872 1510 3945 perinde
1538 3872 1749 3928 creatis
1776 3870 1871 3927 sui
1897 3871 2081 3942 ipsius

433 3969 659 4022 metum
680 3963 1057 4020 immissurus
1088 3962 1320 4019 sit.Non
1350 3961 1520 4017 audis
1546 3961 1757 4017 Isaiam
1789 3961 2083 4017 dicentem

430 4053 492 4111 Si
512 4055 794 4126 aperueris
819 4054 1038 4123 caelum,
1071 4057 1275 4108 tremor
1308 4050 1675 4123 apprehendet
1700 4066 1770 4106 ex
1797 4055 1849 4107 te
1877 4051 2086 4106 monte:

431 4143 480 4180 ³⁴
504 4145 533 4201 ?
562 4144 782 4217 quibus
811 4142 965 4199 diem
988 4139 1157 4198 illum
1180 4140 1536 4198 subindicat.
1564 4140 1646 4196 Ab
1668 4141 2086 4211 ejusconspec-

429 4240 671 4292 tumare
709 4231 1053 4305 conglaciat,
1086 4246 1397 4287 resomnes
1428 4231 2089 4301 obstupescunt,uatura

427 4324 733 4391 emoritur,
765 4338 862 4379 ars
901 4321 1095 4378 omnis
1126 4319 1419 4375 rhetorica
1448 4324 1615 4373 va'cat
1663 4318 2088 4389 verborumque

430 4412 780 4480 facultas,ob
813 4409 910 4467 Dei
943 4426 973 4466 e
1003 4407 1166 4465 caelis
1198 4409 1534 4465 adventum.
1560 4409 1725 4463 Tunc
1755 4408 1910 4462 enim
1938 4406 2091 4477 justi

433 4503 757 4575 rapientur,
792 4515 1115 4570 eorumque
1144 4515 1356 4554 currus
1388 4499 1574 4553 nubes
1607 4502 1876 4564 erunt,ac
1906 4498 2089 4553 dedu-

2239 1912 2291 1965 9.
2353 1904 2630 1983 Ἑϐδόμην
2684 1910 2863 1966 τοίνυν
2923 1910 3122 1981 ταύτην
3202 1912 3411 1987 ἡμέραν
3468 1908 3820 1986 λογισώμεθα

2171 1997 2378 2069 έκείνης
2407 2006 2509 2069 τῆς
2540 1995 2781 2073 ἑϐδόμης
2832 2006 2935 2069 τῆς
2967 1998 3273 2062 συντελείας
3326 2004 3422 2053 τοῦ
3469 1999 3669 2061 αἰῶνος
3697 2000 3822 2054 τού-

2168 2109 2270 2143 του
2329 2088 2644 2147 ἀντίτυπον.
2700 2085 2959 2161 Εἴπωμεν
3016 2088 3221 2144 τοίνυν⁸
3272 2088 3371 2143 Καὶ
3428 2090 3756 2144 κατέπαυσεν
3791 2089 3820 2143 ὁ

2170 2178 2299 2239 Θεὸς
2326 2182 2396 2251 τῇ
2443 2177 2628 2250 ἡμέρᾳ
2672 2182 2741 2251 τῇ
2801 2173 3012 2253 ἑϐδόμῃ
3070 2177 3177 2232 ἀπὸ
3234 2177 3451 2233 πάντων
3507 2182 3615 2232 τῶν
3648 2175 3819 2253 ἔργων

2169 2267 2357 2321 αὐτοῦ.
2390 2267 2495 2323 Καὶ
2528 2266 2580 2321 έν
2615 2266 2790 2341 ἐκείνῃ
2826 2266 2883 2322 δὲ
2941 2267 3171 2340 ὁμοίως,
3227 2267 3409 2322 οὐκέτι
3453 2268 3522 2321 τά
3570 2265 3697 2341 ἔργα
3724 2270 3822 2321 τοῦ

2168 2356 2379 2429 κόσμου
2408 2357 2625 2411 τούτου·
2678 2355 2855 2412 οὐκέτι
2899 2356 3092 2432 γάμοι,
3141 2354 3322 2411 οὐκέτι
3372 2355 3821 2431 συναλλάγματα,

2169 2445 2349 2501 οὐκέτι
2410 2445 2720 2521 ἐμπορεῖαι·
2780 2446 3048 2521 γεωργίας
3108 2443 3187 2518 δὶ,
3236 2447 3272 2515 ἢ
3330 2467 3383 2501 τι
3439 2449 3547 2500 τῶν
3611 2443 3824 2500 λοιπῶν

2170 2533 2644 2608 ἐπιτηδευμάτων,
2702 2536 2805 2590 οὐκ
2862 2530 3004 2589 ἔστιν
3062 2535 3174 2590 ἐκεῖ
3222 2534 3319 2589 κᾶν
3367 2534 3640 2603 έννοῆσαι·
3675 2533 3822 2589 ἀλλὰ

2168 2631 2314 2680 πᾶσα
2342 2627 2377 2694 ἡ
2408 2624 2583 2687 κτίσις
2640 2624 2956 2697 ἐπτοημένη
3013 2626 3102 2679 καὶ
3161 2622 3427 2699 ἔντρομος
3474 2621 3692 2694 ἕστηκε,
3730 2623 3819 2678 καὶ

2172 2713 2337 2790 ἱδρὼς
2367 2714 2473 2769 ἀπὸ
2529 2713 2742 2769 πάντων
2801 2714 3192 2789 ἀκατάσχετος,
3232 2712 3325 2768 καὶ
3372 2715 3567 2768 πάντες
3616 2711 3822 2788 έναγώ-

2173 2823 2300 2859 νιοι·
2334 2803 2423 2858 καὶ
2479 2802 2636 2858 αὐτοὶ
2688 2803 2740 2857 οἱ
2792 2804 2919 2879 παρ’
2976 2805 3111 2875 ἡμῖν
3169 2800 3395 2872 δίκαιοι,
3434 2801 3517 2864 τίς
3562 2823 3696 2857 ποτε
3720 2802 3842 2872 ἄρα·

2174 2896 2359 2971 ψῆφος
2431 2892 2555 2968 περὶ
2645 2891 2821 2947 αὐτῶε
2903 2891 3328 2965 ἐξενεχθήσεται.
3389 2890 3487 2946 Καὶ
3572 2885 3826 2966 ’Δϐραάμ

2174 2981 2463 3059 ἁγωνιάσει
2492 2981 2640 3048 τότε,
2698 2979 2805 3055 οὐχ
2831 2981 2906 3044 ὡς
2953 2978 3248 3051 καταδίκην
3282 2980 3359 3044 είς
3403 2981 3617 3055 γέενναν
3653 2999 3827 3053 προσ-

2177 3069 2377 3142 δοκῶν,
2404 3067 2531 3125 ἀλλ’
2581 3068 2633 3123 ἐν
2664 3069 2795 3141 ποίᾳ
2834 3070 2979 3139 τάξει
3037 3074 3144 3124 τῶν
3201 3067 3420 3124 δικαίων
3474 3071 3830 3145 ταχθήσεταιο

2175 3159 2455 3235 «pubem-3‘)
2510 3156 2751 3232 δευτέρᾳ,
2783 3158 2817 3227 ἢ
2875 3157 3054 3235 τρίτῃ.
3108 3159 3307 3234 Κύριος
3364 3157 3417 3229 ἐξ
3463 3158 3696 3234 οὐρανοῦ
3726 3179 3830 3213 πα-

2175 3250 2474 3326 ραγίνεταιο
2549 3249 2605 3303 αἱ
2685 3248 2931 3322 οὐράνιαι
2991 3245 3248 3321 δυνάμεις
3327 3244 3829 3317 ἀποκαλύπτονται,

2175 3341 2417 3416 οὖρανῶν
2481 3339 2851 3415 ῥηγνυμένων
2931 3345 3076 3393 π’άσα
3158 3342 3193 3409 ἡ
3276 3339 3449 3400 κτίσις
3527 3336 3579 3391 ἐν
3637 3337 3831 3413 τρόμῳ

2176 3427 2267 3484 καὶ
2327 3424 2589 3500 συστολῇ·
2650 3426 2742 3482 καὶ
2786 3425 2944 3481 αὐτοὶ
3003 3428 3055 3481 οἱ
3109 3424 3329 3503 ἄγγελοι
3388 3423 3656 3502 περιδεεῖς
3685 3426 3832 3501 τάχα

2180 3517 2555 3593 παρίστανται,
2614 3516 2723 3591 οὐχ
2780 3518 2863 3570 ὅτι
2941 3518 3065 3592 περὶ
3123 3517 3534 3593 ἁμαρτημάτων
3612 3514 3830 3570 οἷκείων

2186 3604 2444 3677 δεδίασιν,
2478 3604 2605 3661 ἀλλ’
2634 3607 2716 3660 ὅτι
2747 3607 2783 3675 ἡ
2834 3602 3042 3677 ἔνδοξος
3088 3605 3179 3661 καὶ
3233 3602 3686 3680 μεγαλοδύναμος
3730 3609 3831 3659 τοῦ

2184 3699 2377 3771 κριτοῦ
2436 3693 2740 3764 ἐπιφάνεια,
2773 3700 2935 3750 πᾶσιν
2993 3694 3206 3767 ὁμοίως
3251 3700 3369 3757 τοῖς
3422 3698 3704 3769 γεννητοῖς
3747 3693 3842 3748 τὸυ

2188 3785 2382 3853 ἑαυτῆς
2432 3778 2700 3856 ἐμϐάλλει
2752 3778 2943 3860 φόϐον.
3003 3783 3121 3841 Οὐκ
3176 3782 3390 3845 ἀκούεις
3468 3786 3567 3838 τοῦ
3622 3780 3845 3839 Ἡσαΐου

2192 3872 2471 3949 λέγοντος,
2521 3873 2642 3927 Ἐάν
2725 3872 2939 3947 ἀνοίξῃς
2991 3874 3083 3927 τὸν
3162 3871 3409 3947 οὐρανὸν,
3467 3872 3673 3947 τρόμος
3740 3870 3847 3942 λή-

2192 3967 2348 4037 ψεται
2385 3963 2489 4018 ἀπὸ
2553 3966 2650 4017 σοῦ
2707 3956 2843 4036 ὅρης
2904 3962 3028 4036 περὶ
3086 3967 3186 4031 τῆς
3243 3961 3453 4039 ἡμέρας
3496 3961 3712 4028 έκαίνης
3758 3961 3846 4016 αἰ-

2192 4054 2533 4125 νιττομένου,
2594 4050 2648 4106 έν
2848 4048 3092 4114 θάλασσα
3146 4052 3412 4126 πέπηγεν,
3473 4050 3526 4107 ὲν
3673 4050 3854 4113 κτίσις

2194 4140 2479 4218 σχολάσει,
2539 4143 2574 4210 ἡ
2634 4138 2791 4219 φύσις
2866 4140 3211 4216 νενέκρωται,
3269 4146 3416 4196 πᾶσα
3477 4137 3706 4213 μέθοδος
3763 4135 3855 4195 διὰ

2197 4231 2380 4307 λόγων
2408 4230 2572 4305 ἀργὴ,
2603 4230 2741 4305 πρὸς
2786 4229 2889 4297 τὴν
2940 4228 2991 4299 ἐξ
3040 4229 3285 4303 οὐρανῶν
3337 4230 3435 4285 τοῦ
3493 4233 3628 4285 Θεοῦ
3658 4226 3854 4299 ἐπιδη-

2203 4320 2351 4395 μίαν.
2380 4318 2520 4377 Τότε
2552 4319 2889 4394 ἀρπάζονται
2938 4318 2994 4372 οἱ
3043 4314 3270 4387 δίκαιοι,
3317 4318 3409 4374 καὶ
3462 4319 3724 4395 ὀχήματα
3753 4318 3855 4373 a6-

2196 4414 2303 4465 τῶν
2364 4410 2420 4463 αἱ
2496 4406 2737 4485 νεφέλαι,
2796 4405 2886 4462 καὶ
2967 4409 3294 4483 προπομποὶ
3374 4408 3551 4464 αὐτῶν
3604 4406 3854 4485 ἄγγελοι.

2202 4499 2341 4557 Τότε
2372 4494 2574 4553 δίκαιοι
2611 4497 2724 4571 μὲν,
2780 4497 2854 4560 ὡς
2908 4495 3145 4572 ἀστέρες,
3197 4496 3303 4553 ἀπὸ
3352 4504 3459 4571 γῆς
3508 4495 3584 4559 εἷς
3625 4495 3854 4573 οὐρανὸν

437 4596 573 4650 cent
602 4589 816 4663 angeli.
848 4590 1014 4646 Tunc
1032 4582 1184 4659 justi
1214 4587 1386 4660 quasi
1417 4585 1618 4655 stellis,
1652 4604 1682 4642 e
1712 4592 1869 4642 terra
1896 4585 1958 4642 in
1980 4604 2071 4642 cce

2204 4582 2703 4660 ἀναλαμϐάνονται·
2734 4585 2784 4641 οἱ
2833 4582 2892 4641 δὲ
2943 4585 3289 4663 ἁμαρτωλοὶ,
3343 4583 3584 4661 δέσμιοι,
3621 4591 3704 4659 τῷ
3736 4583 3859 4659 ἰδίῳ

436 4681 565 4739 lum
586 4678 979 4752 recipientur;
1011 4681 1346 4749 peccatores
1384 4693 1517 4732 vero
1567 4675 1765 4744 vincti,
1825 4681 2090 4748 peccato-

439 4788 575 4830 rum
604 4770 840 4843 proprio
858 4767 1117 4842 pondere
1140 4765 1444 4839 praepediti
1468 4766 1539 4822 ad
1563 4767 1792 4822 inferna
1814 4766 2094 4823 cadentes

430 4860 736 4932 jacebunt,
771 4859 899 4931 ipso
929 4855 1299 4914 conscientia
1329 4855 1670 4927 praejudicio
1702 4855 1956 4911 contusi.

512 4951 600 5008 10.
631 4953 885 5006 Octavus
905 4947 1087 5019 igitur
1116 4944 1220 5002 ille
1251 4944 1376 5001 dies
1390 4944 1570 5001 hocce
1600 4944 1852 5017 septimo
1875 4945 2094 5016 ﬁgura-

435 5043 556 5099 tur.
586 5040 652 5095 Et
678 5038 947 5111 requievit
993 5037 1134 5092 Deus
1161 5035 1255 5091 die
1296 5036 1522 5107 septimo
1580 5036 1649 5090 ab
1687 5033 1940 5089 omnibus
1964 5047 2097 5105 ope-

437 5130 596 5187 ribus
621 5130 756 5185 suis.
786 5127 912 5183 Non
936 5125 1062 5197 jam
1083 5122 1497 5197 amplius,quae
1533 5129 1671 5180 sunt
1691 5123 1873 5194 hujus
1895 5122 2095 5178 saeculi

434 5218 683 5290 vitaeque
712 5231 982 5287 munera,
1015 5231 1123 5271 nec
1174 5231 1303 5287 quae
1343 5214 1440 5270 hic
1486 5211 1750 5270 carnalia
1806 5213 2099 5269 desideria

437 5308 801 5367 comitantur
829 5310 983 5362 vota.
1017 5304 1120 5361 lllo
1153 5305 1249 5360 die
1279 5304 1586 5377 conSOpita
1618 5308 1791 5358 erant
1812 5301 2099 5373 juvenilia

438 5397 735 5456 desideria
764 5413 831 5453 ac
860 5393 1471 5466 libidines.Nullajam
1504 5391 1736 5448 fcederis
1756 5392 2097 5464 nuptiarum

441 5488 692 5546 attonita
718 5502 1049 5557 vesanaque
1081 5481 1547 5556 libido,prolisve
1578 5480 1966 5554 suscipiendae
1992 5498 2094 5537 cu-

383 5584 390 5591 ’
444 5575 785 5654 pido.Nulla
803 5576 933 5648 jam
963 5574 1093 5633 auri
1114 5571 1463 5646 corrogandi
1493 5586 1636 5631 cura
1665 5588 1731 5631 ac
1761 5569 2095 5630 sollicitudo

518 5704 569 5785 ξι
594 5708 711 5764 Isa.
742 5716 897 5772 mw,
927 5702 980 5757 1.

2210 4678 2364 4754 βάρει
2412 4680 2521 4731 τῶν
2575 4676 2984 4752 ἁμαρτημάτων
3038 4672 3433 4751 πεπεδημένοι,
3487 4677 3638 4733 κάτω
3665 4674 3862 4733 πεσόν-

2204 4787 2295 4830 τες
2322 4771 2525 4823 κεῖνται
2557 4761 2985 4838 δυσσυνείδητοι.

2277 4948 2363 5002 10.
2394 4945 2642 5016 Ἐκείνην
2676 4942 2767 4999 οῦν
2808 4944 2908 5013 τὴν
2959 4939 3157 5020 ὀγδόην
3203 4944 3413 5018 ἡμέραν
3463 4941 3598 5014 αὕτη
3631 4944 3668 5014 ἠ
3701 4936 3863 4998 ἕϐδό-

2209 5056 2285 5108 μη
2348 5031 2862 5109 διασχηματίζεται.
2935 5032 3036 5088 Καὶ
3114 5031 3443 5088 κατέπαυσεν
3521 5033 3551 5087 ὁ
3601 5031 3733 5095 Θεὸς
3786 5036 3862 5111 τῇ

2204 5122 2387 5198 ἡμέρᾳ
2442 5126 2510 5197 τῇ
2561 5117 2772 5196 ἐϐδόμῃ
2826 5121 2933 5178 άπὸ
3002 5121 3217 5178 πάντων
3270 5126 3380 5177 τῶν
3437 5119 3608 5198 ἔργων
3667 5120 3858 5178 αὐτοῦ.

2205 5212 2401 5271 Οὐκέτι
2430 5212 2496 5267 τὰ
2522 5216 2621 5267 τοῦ
2657 5212 2777 5288 βίου
2805 5211 3027 5282 τούτου,
3066 5208 3195 5268 οὐδὲ
3237 5212 3308 5268 τὰ
3343 5210 3866 5287 παρακολουθοῦντα

2206 5301 2432 5366 ἐνταῦθα
2503 5307 2621 5364 ταῖς
2698 5307 2979 5377 σαρκικαῖς
3056 5300 3314 5376 ὀρέξεσιν.
3393 5302 3484 5358 Ἐν
3560 5297 3734 5375 έκείνῃ
3790 5303 3864 5374 τῇ

2204 5390 2386 5467 ἡμέρᾳ
2462 5390 2831 5466 ἐκοιμήθησαν
2909 5388 3193 5463 ἐπιθυμίαι
3277 5389 3617 5463 νεωτερικαί·
3678 5388 3862 5445 οὐκέτι

2207 5481 2335 5558 περὶ
2368 5482 2553 5558 γάμου
2610 5479 2868 5551 πτόησις,
2924 5477 2961 5549 ἢ
3000 5477 3267 5553 ἐπιθυμία
3295 5475 3671 5543 παιδοποιίαςο
3722 5498 3864 5555 χρυ-

2205 5575 2303 5628 σοῦ
2334 5568 2553 5649 φροντὶς
2607 5565 2900 5648 οὐδεφμία·
2958 5564 3245 5623 έκελάθετο
3294 5567 3324 5623 ὁ
3375 5565 3715 5649 φιλάργυρος
3758 5567 3866 5624 ’τοῦ
