4154 6412
307 346 385 406 53

1286 345 1386 405 DE
1433 346 1762 405 HOMINIS
1807 347 2278 408 STRUC’I‘URA
2323 347 2610 408 ORATIO
2655 346 2736 406 Il.

3640 341 3718 398 54

308 477 627 554 βαλαντίου,
653 482 748 533 τοῦ
806 475 1061 553 ἁρπάζειν
1105 477 1194 532 καὶ
1231 476 1506 553 βιάζεσθαι
1541 478 1568 531 6
1600 477 1945 549 πλεονέκτης,

2069 481 2293 537 Sacculi
2321 485 2376 537 et
2398 499 2544 538 arcae
2567 497 2773 536 avarus
2793 477 3206 544 obliviscetur;
3234 475 3472 547 iniquus
3496 475 3715 544 raptor,

301 575 402 638 τῆς
447 571 548 645 γῆς
604 570 632 624 ὁ
690 567 1104 641 πολυκτήμων,
1157 574 1258 637 τῆς
1312 564 1473 640 δόξης
1533 568 1561 622 6
1622 564 1954 640 δοξομανής.

306 659 481 712 Πάντα
535 659 603 712 τὰ
645 661 744 713 τοῦ
806 657 926 733 βίου
963 656 1153 727 ἐξέπτη
1185 662 1287 726 τῆς
1320 653 1581 716 διανοίας.
1621 651 1954 726 Ἀπεσϐέσθη

298 752 415 811 τοῖς
446 745 850 822 ἐπηρτημένοις
881 744 1210 817 ὁθενδηποτε
1239 750 1345 801 τῶν
1406 750 1687 819 κοσμικῶν
1744 745 1951 800 τούτων

298 837 730 913 προτερημάτων
785 837 884 906 τὴν
945 833 1204 903 διάνοιαν,
1262 838 1297 906 ἡ
1351 836 1476 905 κενή
1538 835 1626 890 καὶ
1682 833 1950 890 κατάπτυ-

299 948 422 989 στος
456 924 600 998 δόξα·
637 925 735 982 οὐκ
761 924 985 1001 ἐνοχλεῖ
1022 925 1191 998 θυμὸς
1245 925 1381 1000 πρὸς
1437 925 1642 997 ἄμυναν
1699 929 1796 978 τοῦ
1855 922 1950 978 λυ-

297 1019 575 1089 πήσαντος
607 1059 618 1072 .
670 1018 858 1071 Πάντα
914 1013 1088 1069 ἐκεῖνα
1145 1011 1435 1068 ἐκλέλοιπε
1488 1017 1786 1084 τηνικαῦτα
1851 1016 1951 1066 τοῦ

301 1105 612 1182 λογισμοῦ·
648 1107 684 1174 ἡ
730 1105 884 1180 ψυχὴ
941 1101 998 1158 δὲ
1045 1103 1182 1179 πρὸς
1226 1107 1307 1176 τῷ
1363 1097 1620 1180 φοϐοῦντί
1652 1101 1784 1169 ἐστι,
1815 1101 1952 1175 πρὸς

295 1200 364 1270 τῇ
424 1191 727 1272 προσδοκίᾳ
784 1198 891 1248 τῶν
949 1190 1343 1268 ἐπηρτημένων
1404 1189 1614 1246 δεινῶν·
1644 1189 1827 1246 ὅντινα
1879 1186 1944 1259 δὴ

298 1279 467 1358 φόϐον
500 1288 657 1352 Θεοῦ,
698 1282 749 1337 εἷ’
798 1281 888 1338 καὶ
943 1283 1169 1346 ἐνταῦθα
1227 1280 1481 1352 δυνηθείη
1544 1303 1628 1343 τις
1686 1278 1945 1334 έσοικίσαι

291 1378 359 1447 τῇ
389 1372 505 1444 ῗδία
557 1377 712 1448 ψυχῇ
771 1371 1134 1442 ἀνέκλειπτον,
1167 1370 1203 1441 ἢ
1255 1370 1432 1443 οὐδὲν,
1466 1370 1502 1440 ἢ
1538 1369 1748 1447 βραχέα
1775 1369 1941 1444 τυχὸν

291 1465 686 1540 ἁμαρτήσεται.
748 1462 846 1516 Καὶ
930 1455 1158 1516 ἔπλασεν
1217 1462 1244 1515 6
1301 1462 1428 1522 Θεὸς
1481 1461 1573 1515 τὸν
1633 1461 1940 1534 ἄνθρωπον,

289 1556 427 1626 χοῦν
480 1546 664 1606 λαϐὼν
718 1550 823 1604 ἀπὸ
880 1557 981 1620 τῆς
1033 1557 1152 1626 γῆς.
1188 1549 1298 1605 Ούκ
1353 1548 1690 1621 ἐπανάληψιν
1747 1551 1938 1602 τοῦτον

287 1642 382 1695 τὸν
413 1640 666 1715 περὶτῆς
697 1646 1028 1709 κατασκευῆς
1074 1643 1171 1693 τοῦ
1225 1639 1514 1712 ἀνθρώπου
1571 1635 1737 1713 λόγον
1793 1638 1940 1710 ἡγη-

288 1730 430 1800 τέον,
465 1729 515 1784 εἷ’
559 1729 648 1784 καί
688 1749 798 1784 τισι
844 1727 1106 1804 φαίνεται,
1157 1726 1281 1782 ἀλλ’
1333 1726 1660 1791 ἀκολουθίαν
1725 1725 1934 1800 μᾶλλον

2073 572 2340 644 rapiendi
2374 572 2458 627 vis
2487 589 2552 628 ac
2583 569 2845 642 injuriae;
2883 561 3715 639 ρτεεάιοινυω,106υρὶεε;εῐοε

2069 660 2165 716 riae
2197 667 2254 716 et
2284 659 2941 727 claritatis,ambiliosus
2961 657 3166 712 insane
3190 653 3517 726 deperiens.
3541 651 3716 716 Quid-

2066 751 2206 822 quid
2239 768 2431 806 rerum
2464 749 2656 806 saeculi
2689 749 3000 814 est,animo
3023 743 3571 801 excidit.Exstincta
3601 744 3710 809 est,

2066 840 2271 910 quovis
2303 841 2539 895 tandem
2572 839 2745 894 modo
2777 838 2943 893 elatis
2975 835 3171 892 animo
3204 831 3398 889 saeculi
3419 831 3713 886 hiscema-

2064 930 2296 1002 gniﬁcis
2329 931 2586 996 dotibus,
2622 945 2791 997 vana,
2825 925 3202 998 despicabilis
3236 939 3301 978 ac
3331 919 3712 993 conspuenda

2062 1019 2264 1091 gloria.
2286 1017 2436 1073 Nihil
2459 1021 2584 1089 jam
2619 1017 2866 1072 molesta
2909 1017 2994 1070 ira
3026 1015 3096 1070 ad
3128 1015 3255 1085 ejus
3291 1011 3574 1067 ultionem
3608 1006 3709 1079 qui

2061 1109 2333 1166 molestia
2363 1109 2802 1164 atl'ecit.Cuncta
2825 1106 3087 1161 illa‘tunc
3119 1104 3313 1159 animo
3344 1103 3706 1157 abscessere:

2061 1217 2175 1254 uno
2199 1200 2398 1254 anima
2429 1213 2716 1268 suspensa
2748 1194 3024 1252 terrentis
3057 1199 3236 1263 metu,
3266 1209 3383 1247 una
3413 1188 3704 1245 malorum

2056 1287 2498 1342 imminentium
2543 1285 3014 1358 exspectatione:
3056 1299 3230 1354 quem
3263 1282 3467 1352 utique
3495 1277 3598 1334 Dei
3629 1276 3702 1331 ti-

2057 1393 2301 1446 morem,
2323 1375 2598 1448 quisquis
2628 1373 3058 1429 indeﬁcientem
3092 1389 3197 1426 suo
3221 1369 3414 1424 animo
3447 1367 3565 1424 vita
3594 1365 3702 1420 hac

2053 1466 2326 1521 inducere
2360 1463 2632 1537 potuerit,
2683 1468 2788 1519 aut
2842 1461 2988 1518 nihil
3048 1465 3148 1516 aut
3179 1475 3353 1531 quam
3387 1456 3700 1512 minimum

2055 1554 2224 1627 plane
2256 1555 2536 1626 peccabit.
2572 1555 2636 1608 Et
2691 1554 2822 1623 fecit
2878 1553 3016 1607 Deus
3046 1551 3346 1617 hominem,
3390 1554 3607 1616 sumpto
3636 1544 3703 1598 de

2049 1647 2202 1699 terra
2230 1645 2453 1714 pulvere
2481 1643 2545 1699 ³⁵.
2579 1648 2725 1697 Cave
2756 1641 2912 1697 hunc
2970 1641 3043 1696 de
3090 1639 3348 1694 hominis
3401 1638 3701 1692 structura

2051 1749 2382 1789 sermonem
2407 1735 2768 1802 resumptam
2828 1729 3224 1785 narrationem
3249 1725 3568 1793 existimes,
3607 1726 3695 1777 ta-

289 1816 586 1874 ἀδιάκοπον
645 1825 748 1888 τῆς
801 1817 1069 1894 προτέρας
1125 1817 1248 1892 περὶ
1291 1817 1487 1872 τούτου
1519 1816 1935 1892 ἐπιχειρήσεως,

362 1908 375 1922 ι
673 1909 682 1922 Ι
873 1907 885 1922 ο
987 1906 1002 1922 \
1086 1909 1113 1921 Cv
1403 1907 1413 1922 1
1460 1905 1480 1922 υ
1745 1902 1765 1922 Ἴ
1802 1906 1815 1922 Ι

2058 1823 2220 1878 metsi
2255 1822 2555 1878 nonnullis
2581 1821 2662 1876 ita
2699 1819 3055 1887 videtur,sed
3077 1818 3266 1890 magis
3293 1814 3694 1871 inintercisam

289 1908 378 1964 καὶ
437 1909 783 1981 συνημμένην
841 1906 1004 1961 οἱονεὶ
1047 1909 1116 1980 τῇ
1174 1905 1531 1984 προκατάρξει
1589 1902 1938 1979 συμπλήρω-

290 2019 368 2052 σιν
419 2004 520 2066 τῆς
566 1995 899 2072 διηγήσεως.
952 1995 1131 2050 Εἰπὼν
1188 1995 1315 2072 γὰρ,
1348 1995 1431 2050 ὅτι
1467 1993 1715 2066 ἐποίησεν
1748 1996 1775 2050 6
1806 1994 1937 2057 Θεὸς

283 2088 376 2142 τὸν
421 2084 728 2161 ἄνθρωπον,
760 2084 851 2140 καὶ
889 2083 956 2139 τὰ
988 2083 1109 2154 ἑξῆς
1167 2084 1292 2158 περὶ
1330 2087 1432 2139 τοῦ
1470 2083 1655 2154 αὐτοῦ,
1687 2083 1775 2138 καὶ
1836 2081 1935 2154 δη-

288 2175 491 2244 λώσας,
527 2172 609 2229 ὅτι
644 2173 696 2229 ἐν
728 2177 797 2248 τῇ
829 2175 1050 2243 ποιήσει
1099 2177 1196 2228 τοῦ
1255 2174 1542 2250 ἀνθρώπου
1603 2172 1936 2229 συνετέλεσεν

283 2267 311 2320 6
346 2265 476 2327 Θεὸς
524 2264 700 2318 πάντα
745 2263 814 2318 τὰ
865 2267 962 2317 τοῦ
1017 2261 1230 2336 κόσμου
1283 2256 1434 2339 ἔργα,
1465 2269 1565 2333 τῆς
1623 2263 1790 2333 αὐτῆς
1845 2263 1936 2318 καὶ

281 2353 447 2409 πάλιν
483 2351 666 2429 ἔχεται
700 2351 823 2424 περὶ
875 2356 974 2406 τοῦ
1018 2348 1306 2428 ανθρώπου
1361 2350 1687 2429 διηγήσεως,
1727 2373 1938 2425 συνημ-

289 2444 459 2517 μένως
509 2443 598 2496 καὶ
649 2436 1106 2514 ἁμεσολαϐήτως,
1140 2439 1571 2516 ἐπεργαζόμενος
1627 2441 1794 2496 οἱονεὶ
1846 2440 1935 2496 καὶ

281 2529 637 2606 λεπτολογῶν
666 2530 757 2584 τὸν
813 2530 1018 2605 τρόπον
1074 2537 1175 2600 τῆς
1226 2529 1420 2585 τούτοτ
1450 2532 1744 2601 ποιήσεως.
1779 2535 1936 2604 Πρῶ-

281 2641 374 2675 τον
440 2621 533 2694 μὲν
588 2619 688 2694 γὰρ
748 2619 891 2674 εἶπεν
947 2617 1180 2681 ἁπλῶς’
1233 2619 1516 2690 Ἐποίησεν
1572 2621 1599 2675 6
1659 2621 1789 2683 Θεὸς
1846 2621 1939 2676 τὸν

285 2707 570 2782 ἄνθρωπον
608 2729 622 2742 ο
681 2706 795 2762 νυνὶ
848 2704 905 2762 δὲ
962 2707 1288 2782 προστίθησι
1361 2707 1452 2763 καὶ
1509 2713 1629 2772 πῶς
1689 2707 1933 2779 ἐποίησε,

286 2803 422 2874 χοῦν
459 2791 644 2852 λαϐὼν
678 2796 784 2851 ἀπὸ
812 2803 914 2866 τῆς
959 2803 1084 2871 γῆς.
1118 2798 1283 2854 ’Όταν
1332 2795 1422 2852 οὖν
1482 2799 1714 2874 ἀκούσῃς
1774 2804 1934 2876 χοῦν,

289 2884 554 2942 παιδεύοο
587 2890 1019 2963 μετριοφρονεῖνο
1057 2888 1132 2959 μὴ
1166 2885 1288 2941 οἴου
1340 2885 1551 2963 μεγάλα
1598 2888 1723 2965 περὶ
1782 2911 1937 2944 σεαυ-

284 2981 404 3032 τοῦ.
452 2978 614 3030 Ὅταν
664 2969 1060 3050 προσϐάλλωσί
1118 2995 1201 3029 σοι
1261 2975 1567 3052 λογισμοὶ,
1628 2977 1940 3054 ἰπαίροντες

287 3067 388 3135 τὴν
445 3065 543 3134 σὴν
603 3061 848 3140 καρδίαν,
879 3064 969 3118 καὶ
1023 3061 1180 3134 δίκην
1238 3063 1551 3142 φλεγμονῆς
1610 3065 1940 3138 ἐξοιδοῦντες

287 3153 363 3216 εἷς
391 3149 722 3223 κενοδοξίαν,
755 3151 792 3222 ἢ
825 3152 886 3206 ὲκ
912 3152 1089 3227 τύχης
1122 3150 1332 3224 ἁπλῶς,
1364 3155 1400 3222 ἢ
1439 3155 1530 3209 καὶ
1589 3155 1694 3210 ἀπὸ
1752 3173 1940 3231 προτε-

2045 1912 2311 1983 apriore,
2369 1913 2477 1967 hac
2532 1912 2603 1967 de
2646 1928 2707 1966 re
2759 1913 3106 1982 argumento
3138 1907 3370 1975 seriem,
3421 1922 3487 1960 ac
3536 1903 3694 1959 velut

2045 2003 2426 2073 conjunctum
2452 2002 2576 2073 jam
2600 2005 2725 2056 tum
2742 1998 3034 2072 praejactis
3063 1999 3254 2069 iisque
3278 1997 3692 2067 haerensgestas

2046 2093 2129 2147 rei
2159 2089 2827 2164 supplementum.Dicto
2859 2089 3014 2144 enim
3056 2087 3262 2143 fecisse
3293 2086 3475 2141 Deum
3499 2084 3693 2139 homi-

2047 2197 2203 2250 nem,
2235 2186 2294 2236 et
2322 2199 2447 2253 quae
2479 2181 2553 2236 de
2585 2178 2684 2234 illo
2717 2182 3062 2250 sequuntur,
3095 2181 3453 2247 ostensoque
3495 2171 3695 2229 absol-

2047 2269 2199 2326 visse
2228 2271 2413 2326 Deum
2451 2269 2707 2325 hominis
2738 2264 3343 2337 creatione,quidquid
3374 2267 3465 2319 est
3489 2260 3697 2318 mundi

2047 2376 2313 2431 cperum,
2347 2359 2536 2414 eidem
2569 2373 2804 2430 quoque
2836 2373 3043 2411 rursus
3073 2356 3144 2411 de
3207 2353 3445 2410 homine
3487 2367 3694 2407 narra-

2041 2447 2209 2517 tioni,
2243 2449 2456 2519 juncta
2477 2463 2654 2519 opera
2685 2445 3144 2516 immediateque
3174 2441 3486 2509 incumbit,
3513 2439 3699 2496 veluti

2047 2537 2414 2594 enucleatius
2443 2536 2773 2593 edisserens
2813 2537 3172 2606 tradensque
3229 2531 3509 2588 subtilius
3568 2530 3698 2601 ejus

2047 2628 2290 2682 modum
2322 2625 2657 2682 creationis.
2688 2624 2835 2680 Nam
2877 2624 3135 2696 primum
3178 2621 3415 2694 quidem
3448 2621 3695 2690 dixerat,

2045 2718 2193 2774 Fecit
2221 2718 2360 2772 Deus
2387 2715 2663 2772 hominem
2699 2731 2712 2782 ;
2747 2729 2904 2769 nunc
2934 2729 3062 2768 vero
3087 2711 3502 2783 adjungit,quo
3521 2709 3700 2764 etiam

2047 2807 2221 2863 modo
2263 2805 2483 2873 lecerit,
2513 2808 2749 2876 sumpto
2781 2819 2811 2859 e
2843 2811 2994 2858 terra
3026 2801 3280 2874 pulvere.
3315 2805 3460 2855 Cum
3499 2799 3698 2871 itaque

2048 2896 2346 2967 pulverem
2380 2893 2661 2961 audieris,
2695 2893 2856 2949 disce
2881 2890 3131 2947 modesti
3179 2907 3420 2946 sensum
3472 2887 3651 2945 animi
3681 2907 3696 2957 ;

2049 2985 2166 3041 noli
2210 2986 2283 3040 de
2329 2990 2386 3039 te
2417 2999 2632 3056 magna
2673 2996 3050 3054 przesumere.
3077 2980 3134 3034 Si
3162 2977 3508 3034 incesserint
3536 2977 3695 3048 cogi-

2048 3075 2300 3130 tationes
2331 3090 2457 3144 quae
2488 3071 2756 3127 animum
2785 3071 3042 3140 ell'erant,
3064 3085 3129 3124 ac
3155 3067 3313 3125 velut
3333 3067 3701 3123 inﬂammato

2053 3163 2328 3235 putrique
2359 3161 2549 3217 ulcere
2580 3161 2776 3216 inanis
2805 3159 3000 3232 gloriae
3033 3163 3336 3224 tumorem,
3364 3156 3453 3212 vel
3485 3173 3552 3212 ex
3584 3156 3701 3211 for-

289 3242 550 3318 ρημάτων
610 3240 700 3295 καὶ
775 3224 1216 3314 κατορθωμάτων
1265 3246 1468 3312 τινῶν,
1528 3224 1939 3319 ἆντεισαχθήτω

2058 3256 2198 3307 tuna
2264 3249 2549 3318 absolute,
2582 3249 2669 3304 vel
2701 3266 2770 3304 ex
2823 3248 2952 3304 aliis
3003 3247 3266 3320 paaclaris
3323 3247 3559 3302 dotibus
3635 3261 3704 3300 ac

287 3353 374 3386 σοι
405 3329 641 3406 παρευθὺ
671 3332 706 3395 ἡ
741 3337 842 3399 τῆς
872 3326 1126 3392 πλάσεως
1167 3351 1267 3384 σου
1319 3331 1644 3404 ὑπόμνησις,
1675 3334 1762 3388 καὶ
1820 3332 1940 3388 σύν⁴

282 3441 358 3488 ες,
391 3421 542 3481 ὅπως
591 3417 862 3490 ἐκτίσθης,
911 3417 1000 3472 καὶ
1041 3418 1115 3479 ὡς
1170 3423 1308 3494 χοῦς
1353 3420 1403 3475 εἴ
1422 3421 1484 3476 τὸ
1517 3420 1668 3491 ὅλον,
1701 3420 1790 3476 καὶ
1843 3428 1943 3490 τῆς

288 3509 393 3565 ὑπὸ
426 3512 522 3563 σοῦ
567 3507 914 3581 πατουμένης
941 3512 1044 3584 γῆς
1091 3506 1561 3584 ἀπογέννημα-Εἵ
1606 3532 1657 3565 τι
1709 3515 1836 3586 γοῦν
1888 3509 1940 3565 ἐν

286 3599 429 3672 αὐτῇ
488 3593 694 3673 διάγων
754 3593 1016 3664 ἐκτελεῖς,
1070 3594 1167 3650 κᾶν
1247 3597 1406 3672 μέγα,
1457 3597 1552 3654 κᾶν
1618 3601 1832 3675 μικρὸν,
1890 3597 1943 3670 ἐξ

291 3684 555 3761 ὑπογυίου
611 3678 760 3760 ἔχεις
815 3683 880 3740 τὸ
938 3683 1242 3760 ὑπόμνημα
1291 3689 1391 3756 τῆς
1421 3693 1646 3743 σεαυτοῦ
1675 3687 1945 3744 ταπεινώ-

288 3796 447 3838 σεως.
481 3774 546 3830 Εἴ
578 3775 748 3849 θυμὸς
785 3772 1008 3849 ἱνοχλεῖ
1037 3795 1142 3844 σοι,
1174 3776 1343 3850 τυχὸν
1377 3775 1466 3832 διὰ
1493 3779 1554 3832 τὸ
1601 3775 1942 3854 ὑϐρισθῆναι,

290 3861 513 3940 δυσγενῆ
566 3885 626 3918 σε
684 3861 931 3926 εἰπόντος
985 3865 1156 3932 τινὸς,
1186 3863 1277 3919 καὶ
1322 3862 1570 3943 διεγείρει
1603 3889 1660 3922 σε
1689 3868 1824 3944 πρὸς
1880 3869 1943 3924 τὸ

292 3947 634 4029 ἀνθυϐρίσαι,
668 3952 756 4008 καὶ
785 3951 1096 4029 τραχύτερα
1124 3953 1196 4007 ὧν
1241 3950 1481 4022 ἤκουσας
1536 3963 1808 4011 κατειπεῖν
1847 3961 1945 4011 τοῦ

295 4036 634 4116 ὑϐρίσαντος,
677 4040 947 4116 κατάγαγέ
995 4061 1092 4095 σου
1137 4042 1201 4096 τὸ
1253 4041 1478 4118 βλέμμα
1525 4045 1661 4119 πρὸς
1688 4047 1787 4116 τὴν
1819 4053 1944 4122 γῆν,

288 4130 378 4186 καὶ
422 4129 784 4204 ἐνθυμήθητι,
819 4129 937 4192 ὅθεν
990 4129 1287 4206 προῆλθες,
1343 4131 1434 4187 καὶ
1481 4129 1803 4190 ἀπέσϐεσται
1859 4135 1949 4190 αύ-

282 4217 408 4275 τίκα
438 4219 466 4273 ὁ
499 4217 672 4292 θυμός
696 4237 709 4250 '
746 4218 1016 4281 συνιέντος
1062 4229 1279 4295 ταχέως
1328 4224 1426 4276 τοῦ
1479 4220 1770 4298 λογισμοῦ,
1805 4224 1890 4279 ὅτι
1919 4225 1946 4279 ὁ

289 4309 519 4379 δυσγενῆ
573 4327 631 4361 σε
680 4306 872 4380 εἷπὼν,
905 4307 1014 4384 οὐχ
1063 4306 1214 4373 ὅπως
1242 4305 1431 4386 ὕϐρισε
1458 4315 1536 4384 τῷ
1597 4310 1770 4388 λόγῳ,
1803 4313 1950 4370 ἀλλά

295 4393 521 4469 μᾶλλον
583 4395 676 4450 καὶ
753 4395 1029 4468 ἐτίμησεν.
1077 4398 1398 4474 ’Ἄνθρωπος
1453 4401 1554 4476 γὰρ
1612 4395 1865 4478 ἔμψυχος
1921 4404 1949 4459 6

295 4482 560 4561 δυσγενὴς
600 4484 826 4556 ἐκεῖνος,
883 4483 980 4541 κᾶν
1042 4484 1239 4551 δοῦλος
1299 4485 1384 4560 εἴη
1431 4489 1737 4566 τυγχάνων·
1772 4491 1834 4548 σὺ
1893 4491 1950 4548 δὲ

2051 3339 2367 3396 virtutibus
2397 3337 2702 3409 inducant,
2735 3337 3042 3394 confestim
3067 3341 3269 3394 contra
3299 3335 3405 3392 tibi
3437 3337 3706 3390 recurrat

2051 3435 2164 3486 tuae
2206 3428 2574 3485 formationis
2631 3427 2935 3483 memoria.
2998 3426 3260 3499 lntellige
3317 3443 3433 3497 qua
3481 3422 3706 3479 ratione

2052 3524 2286 3577 creatus
2316 3518 2398 3573 sis
2432 3535 2445 3574 :
2480 3533 2547 3573 ac
2577 3516 2864 3589 quidquid
2887 3517 3121 3572 demum
3139 3514 3528 3589 es,pulverem
3552 3529 3704 3582 esse,

2053 3613 2342 3679 terraeque
2391 3609 2666 3674 feturam,
2702 3622 2880 3678 quam
2918 3605 3038 3661 tuis
3081 3605 3408 3676 subjectum
3451 3602 3702 3676 pedibus

2055 3697 2384 3753 conculces.
2419 3696 2478 3752 Si
2538 3695 2681 3768 quid
2719 3695 2904 3767 igitur
2959 3695 3018 3750 in
3065 3711 3133 3750 ea
3188 3695 3407 3767 degens
3459 3695 3703 3765 praestas

2055 3786 2270 3858 operis,
2311 3785 2394 3841 vel
2436 3801 2741 3857 magnum,
2791 3783 2879 3840 vel
2936 3783 3232 3857 exiguum,
3287 3783 3346 3838 in
3399 3781 3699 3854 procinctu

2056 3883 2146 3932 est
2177 3876 2419 3932 vilitatis
2451 3879 2562 3930 tuae
2594 3873 3058 3945 abjectionisque
3103 3877 3576 3928 monumentum.
3610 3874 3704 3925 Ira

2057 3965 2107 4022 si
2139 3965 2385 4021 molesta
2407 3964 2652 4036 ingruit,
2686 3963 2831 4019 forte
2863 3963 3019 4034 quod
3053 3961 3301 4020 violatus
3359 3961 3575 4032 injuria
3597 3960 3704 4029 sis,

2058 4055 2212 4126 quod
2237 4053 2475 4125 quidam
2509 4050 2828 4124 ignobilem
2861 4052 3110 4107 dixerit:
3138 4056 3313 4123 atque
3348 4055 3413 4106 ut
3442 4048 3702 4105 vicissim

2058 4143 2337 4216 injuriam
2359 4159 2605 4214 reponas
2628 4141 3326 4213 concitat,asperioraque
3349 4139 3707 4211 obloquaris,

2060 4249 2239 4305 quam
2265 4231 2362 4287 ille
2410 4230 2760 4302 injuriarum
2787 4231 3140 4303 procacitate
3181 4230 3469 4298 eﬂ'uderit,
3510 4228 3712 4284 oculos

2060 4321 2409 4393 vultumque
2441 4322 2596 4376 344
2617 4319 2676 4374 in
2709 4323 2924 4375 terram
2958 4320 3162 4390 dejice,
3185 4323 3354 4390 atque
3385 4317 3583 4373 animo
3617 4332 3710 4372 re-

2061 4416 2203 4483 puta
2233 4410 2388 4465 unde
2419 4408 2794 4480 processeris,
2831 4425 3080 4479 moxque
3136 4407 3223 4462 ira
3254 4408 3530 4479 furorque
3579 4423 3710 4462 exs-

2060 4501 2312 4556 tinctum
2345 4499 2489 4566 ibit;
2523 4515 2658 4554 cum
2689 4503 2885 4553 tecum
2916 4500 3041 4570 ipse
3063 4497 3709 4570 confestimintelligas,

291 4575 400 4630 απὸ
429 4577 531 4640 τῆς
557 4573 776 4650 ἀψύχου
806 4575 897 4630 καὶ
931 4577 1258 4648 ἀναισθήτου
1315 4585 1422 4653 γῆς
1477 4582 1679 4656 κυρίως
1719 4583 1810 4638 καὶ
1861 4605 1945 4660 γε-

2060 4605 2195 4646 eum
2229 4587 2329 4658 qui
2360 4587 2681 4660 ignobilem
2722 4586 2887 4656 dixit,
2914 4603 3027 4642 non
3063 4603 3249 4659 usque
3275 4588 3419 4643 adeo
3443 4604 3713 4643 sermone

292 4664 548 4740 γέννησαι
607 4665 696 4719 καὶ
754 4665 1043 4742 ὑπάρχεις,
1075 4667 1236 4721 Ὥστε
1293 4667 1402 4744 οὐχ
1457 4664 1614 4746 ὕϐρις
1639 4672 1702 4727 τὸ
1755 4670 1948 4750 λεχθὲν

294 4753 431 4808 κατὰ
457 4756 574 4823 σοῦ,
612 4752 758 4810 ἀλλᾶ
785 4753 956 4810 πλέον
980 4756 1143 4828 τιμή.

2064 4677 2343 4750 injuriam
2377 4677 2606 4743 fecisse,
2623 4677 2760 4748 quin
2777 4676 3162 4748 potiusetiam
3183 4676 3402 4733 honore
3419 4677 3707 4734 alt‘ecisse.

2063 4767 2289 4826 Etenim
2306 4765 2580 4838 ignobilis
2596 4765 2693 4822 ille
2706 4783 2853 4838 eque
2868 4767 3067 4838 populi
3085 4766 3422 4835 faece,hom0
3437 4767 3642 4838 est,vel
3660 4766 3710 4822 si

300 4858 509 4901 servus
539 4843 830 4901 exstiterit
861 4862 876 4914 ;
901 4850 965 4902 tu
993 4861 1128 4901 vero
1159 4863 1228 4902 ex
1256 4846 1504 4904 inanimi
1535 4852 1818 4924 omnique
1848 4858 2132 4916 destituta
2160 4873 2337 4913 sensu
2368 4873 2498 4912 vere
2522 4859 2677 4912 terra
2697 4860 2824 4911 tum
2859 4862 3193 4928 procreatus
3219 4861 3438 4928 es,tum
3469 4858 3712 4924 es.Qua-

293 4937 534 5022 propter
560 4934 794 5022 quodin
825 4939 882 5022 te
912 4935 1132 5022 dictum
1165 4940 1275 5005 est,
1309 4954 1424 4993 non
1467 4938 1702 5014 injuria,
1737 4946 1838 5001 sed
1871 4949 2061 5022 magis
2087 4948 2276 5004 honor
2305 4949 2411 5002 est.

366 5021 458 5107 41,
491 5017 668 5078 Πάλιν
700 5021 829 5077 ὅταν
854 5021 1114 5096 ἰπιθυμία
1150 5043 1233 5086 τις
1265 5027 1498 5101 σαρκική
1554 5031 1798 5107 κρατήσῃ
1863 5055 1959 5090 σου

301 5115 402 5179 τῆς
433 5106 691 5173 διανοίας.
722 5111 810 5168 καὶ
843 5111 1004 5188 πείθῃ
1045 5110 1273 5187 μελετᾷν
1302 5113 1368 5170 τὸ
1403 5118 1504 5182 τῆς
1550 5115 1777 5193 ὀρέξεως
1825 5123 1967 5179 ἀπο..

301 5197 565 5272 τὲλεσμα,
619 5199 720 5276 ὅρα
770 5201 988 5278 ταχέως
1043 5200 1128 5258 ἐπὶ
1183 5205 1282 5274 τήν
1340 5211 1473 5282 γῆν.
1534 5208 1824 5282 Μνῆσθητι
1883 5212 1966 5268 ὅτι

301 5285 484 5362 ὥσπερ
542 5288 602 5344 ἐκ
648 5290 852 5362 ταύτης
903 5290 1224 5364 προῆλθες,
1269 5293 1412 5350 οὕτω
1467 5296 1558 5352 καὶ
1630 5299 1708 5362 εἷς
1761 5301 1965 5374 ταύτην

309 5376 424 5451 μετ’
450 5376 686 5466 ούηπολὺ
715 5380 1055 5458 ἀναλυθήσῃο
1083 5382 1176 5437 καὶ
1233 5383 1302 5439 τὰ
1347 5389 1440 5441 νῦν
1493 5387 1760 5466 σφύζοντα
1795 5389 1964 5466 μέλη,

306 5466 398 5522 καὶ
429 5469 464 5538 ἡ
497 5465 701 5546 ἄλογος
733 5469 1016 5548 ἐπιθυμία,
1046 5471 1134 5529 καὶ
1189 5471 1218 5529 6
1264 5465 1639 5554 γαργαλισμὸς
1683 5486 1785 5552 τῆς
1837 5501 1964 5560 σαρ-

373 5683 422 5724 ⁸³
447 5687 593 5747 Gen.
614 5702 680 5760 η,
709 5687 764 5748 7.

2144 5037 2226 5093 11.
2255 5035 2479 5091 Rursus
2513 5035 2612 5091 ubi
2665 5034 2919 5091 carnalis
2952 5034 3072 5092 ulla
3119 5035 3412 5109 cupiditas
3441 5036 3527 5092 tui
3559 5054 3721 5095 com-

2079 5143 2185 5199 pos
2209 5127 2360 5182 lacta
2390 5125 2562 5180 fuerit
2594 5124 2798 5190 animi,
2833 5126 3215 5198 suadentque,
3249 5131 3312 5182 ut
3351 5127 3521 5198 cujus
3570 5127 3724 5191 desi-

2079 5216 2239 5272 derio
2272 5214 2714 5285 teneris,reipsa
2743 5215 3053 5281 efﬁcias,in
3087 5220 3303 5270 terram
3337 5216 3538 5273 statim
3568 5223 3726 5275 verte

2078 5307 2302 5361 oculos.
2345 5301 2680 5360 Memineris
2714 5320 2832 5376 qua
2863 5303 3086 5358 ratione
3133 5320 3202 5359 ex
3228 5305 3329 5361 illa
3358 5306 3722 5378 processisti,

2079 5393 2282 5450 eadem
2312 5393 2442 5465 ipsa
2462 5393 2521 5448 in
2535 5409 2661 5449 eam
2684 5392 2840 5448 haud
2866 5390 3051 5448 multo
3082 5397 3216 5465 post
3235 5397 3291 5450 te
3309 5395 3725 5454 resolvendum

2079 5497 2248 5552 esse;
2279 5498 2347 5539 ac
2395 5499 2521 5555 quae
2553 5497 2710 5538 nunc
2739 5480 3015 5554 pruriunt
3047 5482 3329 5555 membra,
3369 5481 3729 5558 brutamque
