4154 6400
358 281 439 343 55
1294 289 1689 352 APPENDIX
1733 288 2061 351 OPERUM
2107 290 2169 351 S.
2217 289 2500 351 BASlLll
2544 289 2822 352 MAGNI.
3687 290 3769 350 56

359 413 925 487 concupiscentiam,
980 434 1048 475 ac
1080 420 1272 477 carnis
1299 419 1718 490 titillationem,
1753 438 1859 478 nec
1891 422 2010 478 fore

2146 420 2218 481 ιὸς
2271 416 2455 495 αῦριον
2515 418 2615 475 οὐκ
2670 417 2836 489 ἔσται,
2867 423 2973 474 τῶν
3034 423 3214 493 μυῶν
3257 417 3769 494 ἆπονεκρωθὲντων,

361 501 423 557 in
456 505 1087 577 crastinum,membris
1119 511 1399 567 emortuis
1430 529 1495 568 ac
1527 513 1888 585 appetitione
1919 528 2011 568 cc-

363 591 467 648 leri
498 594 697 651 volatu
728 594 947 669 elapsa.
978 601 1157 671 Atque
1189 600 1267 656 ita
1288 601 1439 671 quod
1464 602 1692 674 jugiter
1714 603 1773 657 in
1798 606 2013 659 terram

367 687 670 754 parentem
693 690 956 743 nostram
980 688 1147 760 proni
1188 695 1559 762 aspectemus
1608 708 1674 747 ac
1732 708 2014 764 agnosca-

370 787 540 840 mus;
565 772 625 828 in
653 790 829 830 causa
858 780 1037 843 est,ut
1066 794 1099 831 a
1132 777 1397 835 molestis
1424 780 1688 852 quotidie
1718 780 2015 848 omnibus,

374 864 431 916 et
460 877 586 933 que
618 880 764 933 egre
795 866 1158 922 curationem
1189 867 1529 936 admittant,
1554 869 2018 925 obtundentibus

369 948 529 1005 vitiis
559 968 625 1007 ac
655 952 1165 1024 pertubationibus
1224 974 1328 1013 nos
1370 958 1482 1029 ipsi
1526 959 1925 1015 abstineamus
1954 975 2021 1015 ac

370 1038 705 1096 liberemur.
763 1042 1010 1115 Sumpta,
1082 1045 1296 1117 inquit,
1354 1054 1568 1104 eterra
1616 1049 1856 1119 pulvere.
1893 1049 1951 1103 Si
1991 1065 2023 1103 e

372 1127 513 1184 cmlo
545 1129 778 1187 formati
810 1133 1156 1201 fuissemus,
1191 1136 1347 1207 quod
1379 1136 1523 1193 illud
1570 1137 1728 1193 haud
1791 1154 2024 1210 semper

368 1219 666 1289 suspicere
698 1237 1040 1293 possumus,
1078 1240 1194 1278 non
1253 1226 1530 1281 continue
1562 1233 1780 1282 natura:
1813 1232 2024 1283 nostras

374 1321 666 1363 memores
700 1308 1020 1366 fuissemus
1047 1329 1241 1379 ,1111ηο
1284 1330 1417 1370 vero
1450 1314 1506 1370 in
1538 1321 1741 1387 parato
1774 1316 2025 1389 proclive

374 1397 544 1453 adest
570 1398 1160 1474 inintermissumque
1191 1403 1431 1461 vilitatis
1458 1410 1669 1463 nostrae
1691 1412 1748 1462 ct
1770 1406 2029 1462 imbecil-

379 1485 563 1542 litatis
593 1494 1235 1564 monumentum,unde
1266 1494 1618 1563 incedimus,
1653 1497 1808 1552 unde
1838 1497 2026 1569 tangi-

379 1590 534 1643 mus,
563 1577 717 1632 unde
748 1578 1068 1650 cernimus,
1131 1583 1284 1638 unde
1341 1583 1580 1653 alimur,
1614 1585 1766 1641 unde
1809 1586 2030 1658 jugiter

381 1679 865 1736 conspurcamur.
901 1666 1049 1731 Quid
1082 1669 1262 1726 humo
1293 1670 1554 1745 lutoque,
1593 1676 1743 1730 unde
1790 1681 1852 1730 tu
1911 1676 2027 1730 for-

2121 508 2209 562 καῖ
2267 516 2367 579 τῆς
2426 510 2651 585 ὀρέξεως
2684 509 3026 580 ἀποπτάσης.
3063 508 3247 570 Οὕτως
3279 511 3315 578 ἡ
3346 510 3483 584 πρὸς
3514 509 3612 577 τὴν
3661 515 3765 583 γῆν

2124 598 2222 666 τὴν
2258 599 2468 672 μητέρα
2496 602 2656 673 ἡμῶν
2693 598 2949 670 διηνεκὴς
2983 599 3254 662 σύννευσις
3300 599 3387 653 καὶ
3454 597 3765 673 ἐπίγνωσις,

2126 686 2272 742 αἰτία
2290 689 2605 752 καθίσταται
2638 689 2857 765 ἀποχῆς
2901 688 2991 744 καὶ
3042 688 3347 764 ἐλευθερίας
3393 689 3603 743 πάντων
3663 691 3771 741 τῶν

2127 774 2501 852 ἐνοχλούντων
2535 779 2786 833 ἑκάστοτε
2815 776 3076 853 χαλεπῶν
3107 778 3197 833 καὶ
3240 775 3505 832 δυσιάτων
3563 779 3772 841 παθῶν.

2128 870 2298 934 Χοῦν,
2359 867 2497 937 εἶπε,
2556 862 2744 946 λφϐὼν
2788 867 2893 922 ἀπὸ
2941 875 3040 937 τῆς
3098 875 3221 943 γῆς.
3283 867 3345 924 El
3397 867 3487 920 ἀπ’
3545 865 3777 940 ούρανοῦ

2130 952 2503 1029 ἐπλάσθημεν,
2537 957 2613 1019 ὡς
2667 958 2743 1029 μὴ
2799 953 3088 1029 δυνάμενοι
3144 956 3226 1011 ἀεὶ
3290 954 3509 1031 βλέπειν
3552 953 3775 1022 ἐκεῖνον,

2132 1043 2231 1099 ούκ
2282 1042 2342 1099 ἂν
2398 1050 2636 1121 συνεχῶς
2690 1053 2790 1115 τῆς
2836 1046 3038 1108 οίκείας
3093 1045 3622 1118 ὑπεμιμνησκόμεθα
3675 1043 3779 1119 φύ-

2133 1153 2285 1195 σεως·
2317 1138 2412 1189 νῦν
2470 1134 2527 1189 δὲ
2586 1134 2641 1189 ἐκ
2699 1140 2794 1189 τοῦ
2846 1135 3147 1211 προχείρου
3203 1134 3457 1210 πάρεστιν
3502 1131 3779 1207 ἡμῖν,καὶ

2135 1220 2484 1279 ἀδιάλειπτον
2519 1225 2580 1280 τὸ
2609 1231 2708 1294 τῆς
2739 1225 3012 1299 ἡμετέρας
3044 1225 3134 1279 καὶ
3167 1221 3438 1285 εὐτελείας
3492 1224 3581 1278 καὶ
3631 1222 3783 1277 ἀσθε-

2132 1312 2276 1375 νείας
2335 1309 2637 1387 ὑπόμνημα
2688 1312 2740 1385 ἐξ
2792 1313 2864 1368 ὧν
2915 1318 3215 1386 πατοῦμεν,
3245 1311 3297 1384 ἐξ
3352 1311 3426 1367 ὧν
3481 1311 3782 1385 ἁπτόμεθα,

2136 1402 2187 1474 ἐξ
2246 1402 2318 1457 ῶν
2379 1404 2648 1475 θεώμεθα,
2673 1402 2722 1476 ἐξ
2781 1404 2856 1458 ὧν
2904 1404 3236 1481 τρεφόμεθα,
3285 1401 3336 1472 ἐξ
3394 1403 3466 1456 ὧν
3521 1399 3784 1472 διηνεκῶς

2138 1491 2553 1569 συμφυρόμεθα.
2590 1493 2658 1549 Τί
2688 1500 2788 1562 τῆς
2819 1500 2923 1567 γῆς
2963 1492 3052 1547 καὶ
3090 1496 3189 1548 τοῦ
3246 1489 3430 1561 πηλοῦ
3492 1488 3787 1566 βδελυκτό-

2136 1602 2290 1657 τερον
2318 1582 2410 1636 καὶ
2440 1576 2911 1655 ἀποϐλητότερον,
2934 1582 3053 1646 ὅθεν
3116 1582 3179 1635 σὺ
3228 1580 3653 1658 ἒκμεμόρφωσαι
3681 1600 3694 1649 ;
3726 1578 3788 1635 Τί

2144 1675 2327 1743 μεῖζον
2358 1668 2531 1725 αἶ’τιον
2559 1675 2655 1725 τοῦ
2691 1676 3099 1749 μετριοφρονεῖν
3127 1672 3300 1744 ἡμᾶς,
3330 1671 3419 1726 καὶ
3456 1670 3519 1725 τὸ
3551 1666 3788 1743 μηδενὸς

383 1756 583 1809 matus
610 1771 694 1824 es,
745 1756 1199 1816 abominabilius
1255 1778 1323 1817 ac
1362 1765 1758 1834 spernendum
1791 1767 1977 1836 magis
2002 1764 2032 1820 Ἰ

2146 1758 2319 1832 ἀξίους
2348 1758 2587 1833 νομίζειν
2622 1759 2842 1823 ἑαυτούς
2867 1780 2882 1832 ;

386 1839 522 1904 Quae
553 1843 741 1914 major
762 1846 910 1901 ratio
946 1848 1209 1905 modeste
1234 1851 1601 1922 sapiendi,et
1630 1856 1694 1907 ut
1725 1852 1886 1909 nullo
1927 1870 2034 1909 nos

392 1928 604 2005 dignos
623 1933 1034 1992 existimemus
1054 1938 1078 1991 ἓ

466 2022 553 2077 12.
588 2022 732 2078 Cum
765 2023 941 2096 igitur
970 2026 1309 2100 quempiam
1341 2028 1556 2087 videris
1612 2031 1683 2087 de
1741 2049 1803 2089 se
1850 2031 2036 2088 altum

389 2109 738 2182 sapientem,
795 2129 1024 2171 ammno
1082 2117 1356 2191 pictoque
1402 2120 1643 2187 amictu,
1703 2120 2037 2193 splendenti

390 2198 630 2267 annulo,
682 2200 900 2274 pallam
942 2209 1271 2277 gestantem
1320 2207 1578 2281 ingentis
1612 2209 1805 2282 pretii,
1838 2227 2039 2283 super-

388 2287 567 2345 ﬂuam
596 2289 926 2348 trahentem
968 2294 1190 2351 servitii
1220 2297 1478 2369 turbam,
1529 2300 1826 2371 promissa
1871 2317 2038 2356 coma

385 2380 559 2451 atque
580 2377 794 2450 soluta,
817 2397 1002 2454 eaque
1034 2383 1183 2439 ﬂava
1232 2402 1299 2441 ac
1330 2389 1504 2453 torta,
1539 2387 1797 2460 artisque
1820 2388 2034 2445 lenoci-

385 2466 485 2522 nio
506 2466 566 2523 in
599 2485 775 2525 auras
831 2487 1059 2542 sparsa,
1118 2490 1329 2531 aureos
1375 2475 1881 2535 circumferentem
1912 2483 2035 2534 tor-

388 2572 558 2628 ques,
591 2574 771 2615 aurea
789 2558 935 2616 sella
956 2562 1168 2630 curuli,
1210 2563 1396 2633 vultu,
1448 2583 1715 2623 sermone
1769 2570 2040 2639 maiesta-

391 2646 471 2702 tis
501 2645 696 2719 pleno,
726 2648 1037 2706 tollentum
1066 2653 1437 2726 animos,praa
1452 2655 1827 2713 multitudine
1857 2658 2038 2714 dedu-

390 2735 1153 2813 centium,{comitantium,
1212 2743 1607 2813 adulatorum,
1660 2745 2039 2814 famulorum,

392 2840 541 2895 quos
570 2825 775 2895 trahit,
834 2829 1070 2885 turbam
1129 2832 1613 2902 submoventem;
1649 2836 2040 2908 parasitorum

391 2909 575 2968 lautis
605 2915 830 2971 mensis
848 2933 914 2971 ac
936 2917 1264 2989 splendidis
1295 2920 1652 2979 inhiantium
1680 2942 1692 2980 :
1719 2926 1790 2980 ad
1818 2925 2041 2980 faustas

396 3001 852 3060 acclamationes
870 3006 1376 3082 salutationesque
1397 3010 1453 3066 iu
1480 3014 1623 3081 foro,
1657 3030 1806 3085 quas
1837 3032 2042 3070 omnes

391 3090 682 3159 deferunt,
735 3094 832 3150 alii
863 3112 894 3151 e
933 3097 1236 3155 subselliis
1296 3107 1629 3172 surgentes,
1663 3104 1759 3159 alii
1811 3106 2038 3161 obviam

389 3181 900 3252 procedentes,alii
930 3169 1490 3261 deducentes,atque
1507 3169 1659 3249 alius
1681 3193 1838 3250 aliud
1872 3195 2038 3267 quid,
2069 3169 2113 3236 (ἶ

282 3306 285 3309 »
387 3269 515 3339 ejus
569 3269 813 3328 honoris
870 3272 1181 3347 laudisque
1237 3295 1417 3334 causa
1474 3281 1832 3339 exhibentes.
1894 3287 2037 3339 Cum

388 3356 567 3414 hosce
597 3360 981 3433 magistratus
1013 3365 1411 3438 praesidesque
1459 3369 1693 3440 videris,
1746 3378 2041 3444 praeeunte

391 3444 511 3502 alta
529 3464 668 3504 voce
689 3466 955 3520 praecone
982 3454 1569 3530 procedentes,atque
1585 3460 1769 3514 alium
1792 3462 2042 3517 submo-

390 3537 612 3603 ventes,
646 3535 828 3594 alium
861 3541 1170 3612 caedentes,
1219 3544 1404 3600 alium
1439 3546 1825 3618 publicantes,
1861 3551 2042 3606 alium

394 3624 522 3679 neci
544 3625 922 3697 addicentes;
955 3646 1026 3686 ne
1055 3647 1124 3687 ea
1179 3649 1305 3704 quae
1338 3635 1609 3692 videntur
1636 3655 1852 3711 magna
1880 3646 2046 3712 puta-

394 3712 566 3786 veris,
600 3732 671 3772 ne
709 3718 907 3774 animo
961 3720 1309 3788 concideris,
1369 3740 1441 3780 ne
1504 3743 1723 3799 pompa
1771 3729 2045 3802 fastuque

395 3802 728 3861 offenderis.
752 3806 971 3863 Tecum
1004 3816 1232 3881 reputa,
1276 3812 1485 3869 fecisse
1527 3816 1709 3872 Deum
1743 3816 2042 3874 hominem

394 3896 632 3964 sumpto
658 3910 689 3949 e
725 3900 879 3952 terra
904 3897 1249 3970 pulvere.Ac
1305 3903 1356 3958 si
1386 3903 1625 3974 quidem
1683 3906 1840 3962 aliud
1876 3909 2044 3979 quid-

393 3980 553 4052 piam
580 3987 689 4053 est,
720 3986 877 4055 quod
904 3986 961 4043 in
994 3987 1233 4045 homine
1259 3991 1541 4063 cernitur,
1596 3994 1761 4064 time,
1817 4013 1884 4052 ac
1915 4015 2042 4069 quas

391 4076 681 4142 geruntur
711 4074 993 4132 miraculo
1018 4077 1169 4134 habe
1195 4094 1209 4135 :
1241 4079 1333 4135 sin
1366 4086 1563 4138 autem
1605 4083 1797 4156 pulvis
1826 4103 1858 4141 e
1888 4093 2043 4144 terra

392 4163 501 4229 est,
533 4160 631 4232 qui
690 4179 754 4219 se
814 4163 907 4221 his
957 4166 1360 4237 jactabundus
1393 4172 1575 4238 effert,
1618 4180 1943 4231 contemne.
1977 4179 2043 4232 Et

388 4248 652 4320 formavit
679 4252 821 4308 Deus
858 4254 1167 4313 hominem.
1202 4261 1325 4314 Vox
1364 4259 1514 4329 ipsa,
1542 4264 1825 4333 formavit,
1853 4266 2041 4320 artiﬁ-

390 4336 611 4395 ciosam
644 4343 966 4413 quamdam
997 4344 1098 4401 Dei
1131 4346 1287 4402 circa
1316 4347 1617 4405 hominem
1641 4354 2041 4423 operationem

393 4428 672 4486 continuo
700 4430 915 4487 innuit.
948 4434 1249 4506 Numquid
1272 4453 1404 4492 vero
1429 4439 1514 4493 sic
1544 4444 1601 4494 et
1623 4440 1747 4510 ipse
1778 4449 2040 4500 nostram

2219 2030 2305 2085 12.
2354 2028 2590 2086 Ὀπόταν
2661 2026 2751 2083 οῦν
2814 2024 2929 2101 ἴδῃς
2977 2028 3100 2083 τινὰ
3159 2027 3296 2103 μέγα
3352 2030 3655 2105 φρονοῦντα
3710 2025 3793 2100 ἐφ’

2146 2114 2340 2189 ἒαυτῷ,
2398 2116 2593 2187 ἐσθῆτα
2651 2116 2885 2192 ἀνθηρὰν
2965 2111 3462 2193 περιϐεϐλημένον,
3517 2113 3793 2188 δακτυλίῳ

2143 2206 2242 2273 τήν
2276 2211 2438 2282 χεῖρα
2461 2203 2964 2280 περιλαμπόμενον,
2998 2202 3289 2283 σφενδόνην
3329 2205 3430 2274 την
3476 2209 3585 2260 τῶν
3621 2217 3796 2259 πολυ-

2145 2293 2321 2367 τίμων
2394 2294 2630 2372 φέροντα
2663 2339 2678 2364 ,
2741 2293 2950 2356 οῗκὲτας
3021 2293 3384 2371 ἐφελκόμενον
3459 2292 3745 2370 περισσοὺς
3778 2339 3795 2365 ,

2143 2383 2325 2457 κόμην
2384 2377 2857 2459 περιϐεϐλημένον
2914 2384 3301 2457 μεγαλην,καὶ
3362 2381 3797 2455 ἆνειμένην,καὶ

2142 2470 2344 2539 ταύτην
2377 2472 2574 2543 ξανθήν
2640 2493 2699 2527 τε
2750 2473 2839 2527 καί
2895 2471 3115 2541 ἑλικτήν
3147 2515 3162 2540 ,
3220 2472 3308 2527 καὶ
3368 2468 3628 2527 σοςοῦπα
3679 2475 3798 2532 τοῖς

2146 2555 2595 2634 ἐπιτηδεύμασι,
2647 2563 2911 2635 μανιάκας
2971 2566 3211 2638 χρυσοῦς
3261 2561 3648 2639 περιφέροντα,
3709 2558 3797 2614 ἰπὶ

2146 2657 2356 2727 χρυσῆς
2414 2648 2677 2725 καθέδρας
2738 2648 3115 2725 ἐνιδρυόμενον
3136 2694 3151 2719 ,
3184 2653 3751 2725 σεμνοπροσωποῦντα
3780 2690 3798 2719 ,

2150 2738 2659 2814 σεμνολογούμενον
2695 2785 2711 2811 ,
2771 2737 3260 2817 ὑψηλοφρονοῦντα
3292 2783 3310 2811 ,
3366 2733 3796 2814 σοϐαρευόμενον

2150 2828 2236 2884 ἐπὶ
2264 2833 2346 2900 τῶ
2374 2825 2575 2899 πλήθει
2606 2832 2713 2883 τῶν
2746 2834 3118 2901 προπομπῶν,
3148 2833 3256 2883 τῶν
3320 2827 3661 2897 ἀκολούθων,
3691 2831 3800 2883 τῶν

2150 2917 2424 2985 κολάκων,
2473 2923 2579 2973 τῶν
2642 2917 2891 2990 οἰκετῶν,
2951 2918 3043 2981 οῦς
3100 2917 3466 2994 ἐπισύρονται,
3519 2923 3627 2973 τῶν
3672 2917 3799 2994 περὶ

2151 3008 2267 3070 τὰις
2301 3006 2629 3071 πολυτελεῖς
2655 3009 2927 3083 τραπέζας
2966 3008 3301 3081 παρασίτων,
3335 3006 3422 3062 ἐπὶ
3480 3013 3600 3071 ταῖς
3630 3008 3803 3084 εὐφη-

2155 3096 2281 3169 μίας
2330 3096 2421 3151 καὶ
2480 3098 2789 3169 ἀσπασμοῖς
2850 3096 2944 3161 οὓς
3002 3096 3195 3160 πάντες
3262 3097 3413 3169 αὗτῷ
3470 3096 3803 3173 προσάγουσι

2151 3188 2273 3261 περί
2306 3185 2404 3254 τὴν
2438 3185 2664 3261 ἀγορὰν,
2699 3186 2751 3239 ol
2796 3185 2892 3259 μὶν
2950 3183 3351 3259 ἐξανιστάμενοι
3400 3190 3510 3240 τῶν
3562 3185 3804 3260 βάθρων,

2150 3276 2203 3330 οἱ
2258 3272 2317 3329 δὲ
2366 3279 2833 3350 προϋπαντῶντες,
2867 3275 2917 3330 οἱ
2977 3273 3034 3329 δὲ
3083 3274 3593 3352 προπομπεύοντες,
3629 3272 3802 3336 ἄλλος

2152 3362 2294 3420 ἄλλο
2350 3385 2403 3418 τι
2465 3364 2540 3426 εἷς
2598 3365 2764 3437 τιμὴν
2821 3366 2911 3419 καὶ
2948 3361 3104 3437 δόξαν
3135 3364 3342 3419 ἐκείνου
3375 3360 3800 3435 ἐνδεικνύμενοι.
3840 3360 3847 3367 ’

2149 3456 2315 3511 Ὅταν
2348 3450 2468 3526 ἴδῃς
2495 3452 2622 3510 τοὺς
2670 3452 2938 3529 ἄρχοντας
2984 3452 3232 3525 τούτους,
3260 3451 3386 3514 τοὺς
3448 3452 3550 3507 ὑπὸ
3604 3454 3804 3528 κηρυκι

2154 3543 2583 3617 προαγομένους,
2618 3539 2805 3616 ὑψηλῇ
2835 3564 2894 3597 τε
2923 3545 3078 3621 φωνῇ
3106 3543 3199 3597 τὸν
3232 3538 3380 3597 δεῖνα
3422 3542 3515 3615 μὶν
3572 3536 3806 3597 σοϐοῦν-

2151 3653 2270 3702 τας,
2302 3632 2391 3687 τὸν
2425 3628 2572 3687 δεῖνα
2629 3629 2687 3686 δὲ
2729 3632 2967 3701 ξέοντας,
2998 3630 3169 3687 ἄλλον
3228 3628 3587 3704 δημεύοντας,
3619 3629 3803 3685 κάκεῖ-

2152 3743 2245 3777 νον
2304 3723 2517 3794 θανάτῳ
2591 3716 3036 3796 παραδιδόντας,
3098 3722 3173 3793 μὴ
3239 3719 3446 3796 μεγάλα
3503 3721 3689 3795 ἡγήσῃ
3738 3718 3809 3774 τὰ

2153 3812 2425 3887 ὁρώμενα,
2458 3812 2534 3883 μή
2565 3812 2871 3884 καταπεσῃς
2902 3811 3002 3879 τήν
3057 3806 3321 3876 διάνοιαν,
3356 3806 3498 3884 μηδὲ
3544 3809 3720 3882 ξενίση
3750 3828 3811 3864 σε

2151 3907 2187 3975 ἡ
2258 3904 2554 3982 φαντασία·
2615 3903 2952 3976 ἐνθυμήθητι
3014 3902 3098 3958 ὅτι
3147 3897 3379 3957 ἔπλασεν
3444 3903 3472 3957 ὁ
3531 3902 3659 3957 Θεὸν
3713 3901 3809 3956 τὸν

2152 3992 2455 4068 ἄνθρωπον,
2487 3997 2621 4070 χοῦν
2657 3987 2841 4049 λαϐὼν
2873 3992 2980 4047 ἀπὸ
3034 3999 3134 4062 τῆς
3193 3999 3318 4066 γῆς.
3355 3989 3458 4047 Κᾶν
3524 3991 3618 4065 μὶν
3667 3987 3809 4047 ἄλλο

2150 4082 2202 4138 τί
2244 4081 2447 4138 ἔστιτὸ
2504 4083 2785 4158 ὁρώμενον
2840 4081 2964 4155 περὶ
3021 4082 3113 4137 τὸν
3170 4079 3475 4157 ἄνθρωπον,
3509 4075 3809 4159 φοϐήθητι,

2150 4171 2241 4226 καὶ
2301 4170 2577 4244 θαύμασον
2645 4170 2714 4225 τὸ.
2795 4168 3143 4245 πραττόμενα
3175 4189 3188 4201 ο
3249 4169 3296 4225 εἰ
3383 4166 3441 4224 δὲ
3512 4174 3651 4244 χοῦς
3704 4168 3811 4224 ἀπὸ

2149 4267 2251 4330 τῆς
2307 4266 2431 4335 γῆς,
2466 4260 2495 4314 ὁ
2541 4262 2708 4314 ταῦτα
2745 4254 3206 4331 ἐπιδεικνύμενος,
3235 4257 3671 4336 καταφρόνησον.
3706 4256 3811 4315 Καὶ

2152 4346 2383 4404 ἔπλασεν
2441 4349 2470 4402 ὁ
2528 4350 2658 4413 Θεὸς
2711 4349 2805 4403 τὸν
2860 4344 3166 4423 ἄνθρωπον.
3226 4348 3290 4405 Ἦ
3353 4347 3446 4421 μὲν
3500 4348 3655 4425 φωνὴ
3713 4350 3811 4402 τοῦ

2152 4433 2355 4494 ἔπλασε
2382 4439 2639 4513 τεχνικήν
2672 4458 2796 4491 τινα
2827 4436 3111 4515 ὑποφαίνει
3170 4434 3328 4500 εὐθὺς
3384 4435 3657 4511 ἐνεργειαν
3714 4439 3812 4490 τοῦ

396 4520 521 4606 arte
532 4518 757 4575 effluxit
768 4521 1385 4595 formationem,veluti
1402 4528 1502 4598 qui
1520 4529 1719 4601 figlina
1731 4532 2035 4604 efﬁngunt,

2153 4532 2287 4582 Θεοῦ
2344 4527 2467 4600 περὶ
2500 4527 2591 4581 τὸν
2623 4523 2932 4602 ἄνθρωπον.
2965 4530 3100 4600 Ἀρα
3131 4523 3188 4581 δὲ
3231 4526 3375 4581 οὕτω
3400 4526 3490 4581 καὶ
3521 4525 3681 4588 αὐτὸς
3710 4527 3811 4595 την

396 4605 566 4676 quive
577 4624 792 4681 gypsea
806 4611 1295 4684 fabricantur,aut
1312 4617 1409 4687 qui
1426 4633 1537 4673 iere
1555 4624 1780 4676 statuas
1797 4623 2043 4693 cudunt,

396 4712 500 4752 seu
518 4695 676 4753 aliud
696 4699 835 4771 quid
855 4702 1001 4757 artis
1017 4719 1167 4775 opus
1184 4705 1691 4778 efﬁciunt,quibus
1708 4709 1779 4764 ad
1792 4714 2042 4782 superﬁ-

396 4784 544 4841 ciem
562 4788 709 4845 345
745 4790 1362 4864 usquesimulacrum,
1397 4795 1903 4854 circumscribitur
1934 4799 2046 4868 ;si-

395 4880 497 4930 cut
525 4875 681 4932 haud
708 4894 839 4934 raro
863 4878 1219 4949 videmus,in
1249 4898 1382 4938 eum
1404 4885 1645 4940 modum
1667 4886 2041 4944 eii‘ormatum

392 4962 606 5036 virum,
659 4969 722 5021 ut
750 4970 988 5022 externa
1036 4969 1229 5040 specie
1286 4975 1460 5043 atque
1490 4972 1686 5030 indole
1716 4972 1865 5030 iram
1899 4982 2042 5048 puta

394 5066 459 5107 ac
491 5052 918 5123 fortitudinem,
954 5073 1054 5113 seu
1116 5064 1333 5116 metum
1381 5079 1444 5117 ac
1485 5063 1860 5120 formidinem
1896 5083 2040 5137 pra:-

391 5140 559 5211 ferat,
591 5160 916 5217 rursusque
967 5147 1295 5220 mulierem,
1358 5167 1487 5223 quas
1536 5155 1623 5208 vel
1658 5170 1854 5209 amore
1880 5155 2037 5211 insa-

391 5230 630 5299 niat,vel
659 5235 1007 5305 pudibunda
1036 5238 1409 5309 exsistat,aut
1439 5242 1488 5297 si
1520 5242 1662 5313 quid
1690 5242 1850 5298 aliud
1874 5244 2037 5299 sexui

348 5362 359 5367 ν
392 5334 591 5376 comes
622 5338 689 5377 ac
719 5330 1116 5396 opportunum
1137 5326 1197 5382 in
1242 5327 1549 5385 affectibus
1611 5330 1792 5387 animi
1852 5332 2037 5391 solers

390 5408 612 5481 plastes
641 5412 873 5470 effecit?
902 5414 1069 5473 Haud
1099 5416 1258 5475 enim
1289 5435 1424 5477 vero
1453 5419 1747 5492 ejusmodi
1786 5421 1889 5480 Dei
1919 5424 2039 5481 for-

465 5630 547 5705 (α)
574 5626 773 5693 Αὐτοῦ.
811 5635 978 5696 Forte
1004 5635 1162 5697 αὐτὰ.
1194 5636 1353 5699 Enrr.
1390 5620 1399 5633 ’

2155 4616 2427 4692 ἡμετὲραν
2454 4614 2788 4692 ὶτεχυήσατο
2815 4613 3035 4684 πλάσιν,
3061 4616 3136 4677 ὡς
3188 4617 3240 4670 οἱ
3272 4616 3341 4670 τὰ
3386 4612 3596 4686 πήλινα
3643 4612 3816 4670 πλάσ-

2156 4725 2359 4775 σοντες,
2390 4704 2424 4775 ﬁ
2456 4706 2523 4760 τὰ
2548 4704 2750 4781 γύψινα
2808 4702 3265 4774 διασκευάζοντες,
3294 4704 3330 4774 ἢ
3379 4703 3507 4767 τοὺς
3569 4701 3814 4780 ἀνδριάν-

2152 4816 2247 4859 τας
2284 4794 2662 4873 χαλκεύοντες,
2678 4796 2713 4866 ἢ
2733 4794 2876 4852 ἄλλο
2892 4819 2945 4853 τι
2966 4800 3072 4852 τῶν
3094 4800 3361 4873 τεχνιτῶν
3395 4793 3812 4863 ἀποτελοῦντες,

2153 4887 2235 4949 οἷς
2267 4884 2400 4964 ἄχρι
2426 4895 2525 4957 τῆς
2559 4886 2869 4963 ἐπιφανείας
2897 4887 2966 4940 τὰ
3025 4892 3127 4955 τῆς
3186 4887 3476 4960 μιμήσεως
3531 4882 3808 4961 περιίστα-

2148 4997 2257 5046 ται,
2294 4975 2472 5050 ὥσπερ
2508 4978 2722 5053 ὁρῶμεν
2777 4974 3056 5037 πολλάκις
3102 4972 3272 5049 ἄνδρα
3332 4976 3426 5048 μὲν
3485 4974 3812 5047 πεπλασμὲ-

2149 5088 2271 5133 νον,
2301 5065 2391 5120 καὶ
2449 5066 2584 5134 ἦθος
2626 5062 2727 5139 ἔξω
2788 5063 3144 5140 ἐμφαίνοντα,
3176 5064 3211 5133 ἢ
3264 5065 3440 5137 θυμοῦ
3495 5065 3665 5139 τυχὸν
3718 5061 3810 5117 καὶ

2149 5151 2415 5227 ἀνδρείας,
2448 5152 2482 5221 ἢ
2530 5148 2702 5232 φόϐου
2756 5153 2847 5208 καὶ
2893 5150 3120 5220 δειλίας,
3152 5157 3381 5228 γυναῖκα
3440 5148 3497 5206 δὲ
3553 5149 3718 5205 πάλιν
3771 5149 3809 5219 ἢ

2150 5242 2459 5320 ἐρωτιῶσαν
2484 5242 2519 5312 ἢ
2554 5239 2909 5316 αἰδουμένην,
2945 5242 2980 5312 ἢ
3013 5241 3155 5297 ἄλλο
3204 5262 3256 5297 τι
3306 5241 3688 5318 παρεπόμενον
3742 5242 3812 5315 τῇ

2145 5331 2347 5404 ταύτης
2406 5332 2559 5409 φύσει
2616 5334 2790 5397 πάθος
2856 5333 2884 5386 ὁ
2942 5329 3195 5401 πλάστης
3228 5332 3514 5406 γνωρίζων
3576 5328 3816 5404 ἰξειργάς

2145 5442 2309 5495 cato;
2344 5427 2477 5478 Θεοῦ
2534 5419 2592 5479 δι
2648 5420 2853 5488 πλάσις
2909 5419 2971 5476 οὐ
3033 5418 3290 5492 τοιαύτη.
3320 5417 3453 5476 ἀλλ’
3512 5418 3677 5476 αὐτοῦ
3730 5420 3811 5494 (α)
