4154 6398
289 318 363 374 57
1268 317 1372 378 DE
1414 317 1739 378 HOMINIS
1784 318 2252 380 STRUCTURA
2301 318 2592 380 ORATIO
2635 318 2713 379 Il.
3622 312 3703 372 58

289 447 464 502 ἐκεῖνα
492 449 556 502 τὰ
585 468 918 524 πρωτοτυπα
947 445 1053 519 ἤθη
1085 453 1182 504 τοῦ
1227 449 1542 526 ἀνθρώπου,
1575 452 1610 520 ἡ
1671 448 1736 519 δη
1750 470 1938 524 μιουρ-

2061 453 2265 507 matio:
2300 455 2399 508 sed
2435 453 2624 524 ipsam
2659 453 2904 524 primam
2941 468 3006 506 ac
3027 450 3419 521 exemplarem
3441 447 3702 504 hominis

291 538 420 612 γικῆ
480 536 714 614 ἐνέργεια
773 537 858 592 ἐπὶ
891 538 951 592 τὸ
987 539 1149 614 βάθος
1183 541 1506 615 γωρήσασα,
1542 536 1690 593 ἔνδον
1748 535 1947 594 ἕκαστα

293 623 662 703 διωργάνωσε,
695 628 922 684 πολλῶν
974 630 1060 684 καὶ
1103 626 1462 685 παντοδαπῶν
1520 630 1610 685 καὶ
1669 627 1942 706 διαφόρων

290 721 476 780 παθῶν
535 719 622 772 καὶ
685 716 920 792 γνωμῶν
973 717 1047 780 εἷς
1096 718 1289 774 ταῦτὸν
1323 718 1463 791 μίξιν
1496 721 1587 774 καὶ
1647 719 1942 794 σύγκρασιν

291 806 463 882 ἀκαρῆ
520 806 890 863 ἐκτελέσαντα.
947 805 1072 864 Εἴθε
1128 830 1219 879 μοι
1277 813 1538 864 τοσοῦτον
1583 808 1795 883 σχολῆς
1835 810 1935 880 (a),

305 894 330 917 "
546 897 605 929 ’“
671 895 703 951 λ
810 897 836 950 ὸ
993 897 1007 914 ‘
1079 896 1092 914 ’
1197 892 1228 950 6
1269 896 1299 953 λ
1485 898 1505 930 ί
1671 897 1684 917 ²
1777 893 1858 950 δ“

292 916 430 950 ωστε
477 916 615 952 κατα
710 918 804 951 επτ
841 918 865 949 ν
920 917 1009 950 και
1068 917 1192 971 ακρι
1236 919 1262 951 ο
1308 917 1769 973 ογουμενως,υπο
1810 895 1944 965 ειξαί

297 1005 381 1038 σοι
434 985 534 1052 τήν
589 989 686 1039 τοῦ
745 985 1036 1059 ἀνθρώπου
1095 988 1452 1057 κατασκευήν
1484 983 1678 1059 ἔμαθες
1728 986 1828 1060 γὰρ
1884 983 1943 1038 ἂν

294 1072 402 1128 ἀπὸ
433 1077 656 1128 σεαυτοῦ
687 1075 786 1142 τήν
816 1075 940 1148 περὶ
976 1074 1032 1128 σὲ
1075 1074 1262 1152 σοφίαν
1308 1080 1406 1130 τοῦ
1467 1080 1600 1130 Θεοῦ
1649 1075 1738 1130 καὶ
1799 1074 1945 1129 οἰκο-

294 1162 507 1236 νομίαν.
542 1167 628 1235 Τῷ
687 1159 800 1218 ὄντι
847 1165 950 1240 γὰρ
1002 1165 1193 1240 μικρὸς
1243 1161 1540 1238 διάκοσμός
1586 1164 1726 1219 ἐστιν
1778 1165 1804 1218 ὁ
1855 1161 1948 1217 ἄν·

293 1263 530 1324 θρωπος,
562 1253 653 1306 καὶ
686 1252 863 1329 ὀρθῶς
935 1253 1325 1330 ἒστοχάσαντο,
1360 1255 1411 1308 οἱ
1469 1253 1650 1326 τούτῳ
1698 1258 1779 1326 τῷ
1834 1251 1952 1306 ὀνό-

299 1362 425 1413 ματι
486 1341 648 1396 αὐτὸν
706 1341 1190 1416 ἀποσεμνύναντες.
1247 1344 1415 1398 Πόσαι
1473 1343 1744 1418 γοῦν,καὶ
1803 1343 1948 1417 παρᾶ

295 1429 480 1484 πόσων
543 1429 603 1485 ὲκ
655 1429 894 1486 παλαιοῦ
947 1432 1070 1506 περὶ
1110 1433 1172 1488 τὸ
1205 1433 1508 1505 θαυμαστὸν
1534 1437 1694 1487 τοῦτο
1723 1430 1952 1504 πλάσμα

291 1525 668 1594 πραγματεῖαι
741 1519 1242 1592 καταναλώθησανί
1297 1523 1352 1576 αἱ
1411 1519 1754 1600 φυσιολογίαι
1839 1524 1946 1574 τῶν

297 1607 642 1688 φιλοσόφων,
673 1611 728 1664 αἱ
755 1608 1114 1686 τεχνολογίαι
1143 1616 1251 1666 τῶν
1305 1610 1526 1687 ἰατρῶν,
1586 1614 1692 1665 τῶν
1742 1630 1949 1686 γυμνα-

293 1702 434 1753 στῶν
487 1700 543 1752 αἱ
599 1701 1028 1774 παρατηρήσεις,
1080 1700 1134 1754 αἱ
1181 1698 1306 1774 περῖ
1366 1700 1767 1775 ἀναλογίας,αἱ
1825 1697 1949 1774 περὶ

289 1793 391 1856 τῆς
449 1791 556 1842 τῶν
623 1787 804 1861 μελῶν
859 1788 996 1861 πρὸς
1041 1787 1264 1860 ἄλληλα
1313 1789 1670 1864 συμμετρίας,
1714 1789 1768 1842 αἱ
1825 1787 1949 1860 περὶ
1982 1829 2027 1893 Β

295 1875 551 1949 σώματος
610 1874 980 1950 πολυσαρκίας
1015 1897 1026 1909 ·
1083 1882 1248 1932 ταῦτα
1302 1877 1476 1933 πάντα
1526 1878 1648 1948 περὶ
1707 1878 1805 1946 τὴν
1851 1881 1948 1930 τοῦ

295 1966 586 2042 ἀνθρώπου
629 1963 918 2020 διάπλασιν
973 1969 1394 2042 συνεισέρχεται.
1449 1967 1549 2024 Καὶ
1604 1963 1766 2031 πὸοεν
1823 1964 1947 2038 ἐμοὶ

293 2053 462 2129 λόγος
518 2059 801 2127 τοσοῦτος,
838 2055 976 2110 ὥστε
1016 2053 1311 2128 δυνηθῆναι
1369 2056 1539 2112 εἰπεῖν
1601 2056 1735 2129 μετὰ
1792 2056 1950 2130 ἀκρι-

300 2140 472 2214 ϐείας,
506 2144 604 2200 ὅσα
635 2145 685 2200 ἐν
740 2151 838 2219 μιᾷ
886 2151 1040 2225 φωνῇ
1097 2152 1194 2202 τοῦ
1238 2143 1469 2202 ἔπλασεν
1530 2147 1946 2224 ἐμπεριέχεται;

291 2235 367 2288 Τὰ
424 2233 604 2306 μέντοι
668 2235 961 2311 πρόχειαα,
995 2239 1090 2291 κᾶν
1153 2236 1262 2312 ἇγὼ
1323 2239 1398 2310 μὴ
1452 2237 1621 2313 λέγω,
1655 2236 1717 2291 σὺ
1777 2234 1946 2299 οἶδας.

293 2321 536 2379 Ἔπλασὲ
569 2345 626 2379 σε
655 2325 756 2399 γὰρ
791 2326 819 2379 ὁ
846 2325 996 2391 Θεὸς,
1041 2327 1115 2389 ὡς
1167 2327 1315 2402 ὁρᾷς,
1350 2322 1558 2402 ὄρθιον,
1601 2327 1689 2382 καὶ
1747 2325 1948 2396 ταυτην

298 2433 382 2466 σοι
413 2414 512 2481 τὴν
549 2410 836 2468 διάπλασιν
871 2415 1140 2491 ἐξαίρετον
1191 2413 1393 2471 δέδωκε
1448 2417 1596 2492 παρὰ
1658 2417 1725 2470 τὰ
1783 2415 1955 2471 λοιπά

293 2502 468 2557 πάντα
557 2507 696 2572 ζῶα.
759 2503 856 2558 Διὰ
941 2503 1034 2572 τί;
1085 2502 1273 2576 ἐπειδὴ
1356 2504 1619 2581 ἐξαίρετόν
1709 2525 1792 2578 σοι
1862 2505 1952 2558 καὶ

291 2591 389 2659 τήν
441 2589 811 2669 ὀφειλομένην
867 2593 958 2647 καὶ
1019 2593 1312 2670 ἀναγκαίαν
1368 2593 1632 2669 ἐνέργειαν
1687 2613 1954 2670 προσεπι-

296 2676 481 2733 δοῦναι
514 2677 743 2754 ἔμελλε.

2055 540 2310 595 indolem
2336 542 2569 596 creandi
2593 543 2678 596 vis
2709 542 2779 596 ad
2815 542 2933 595 ima
2955 541 3085 611 ipsa
3117 534 3704 611 pervadens,singula

2051 629 2210 684 intus
2249 631 2518 685 articulis
2548 632 2899 702 organisque
2931 629 3218 696 distinxit,
3242 629 3459 698 quibus
3481 625 3698 680 multu-

2057 736 2186 774 rum
2237 721 2550 790 omnisque
2597 721 2824 791 generis
2861 736 2924 774 ac
2970 720 3334 773 diversorum
3390 716 3700 770 affectuum

2057 825 2463 879 sensuumque
2481 809 2537 862 in
2557 809 2707 862 idem
2725 808 2919 862 mistio
2935 806 3392 880 temperatioque
3407 807 3702 859 momento

2056 898 2315 953 emersit.
2347 901 2533 968 Atque
2549 897 2773 951 utinam
2805 903 3034 952 tantum
3053 896 3196 950 mihi
3225 899 3558 966 suppeteret
3579 891 3704 962 otii,

2057 992 2122 1042 ut
2147 987 2352 1042 subtili
2385 1004 2450 1042 ac
2482 991 2755 1040 accurata
2786 986 3176 1056 disputatione
3209 984 3468 1038 hominis
3504 982 3707 1037 liceret

2057 1077 2338 1132 fabricam
2365 1054 3108 1132 submonstrare.Deicerte
3129 1091 3264 1141 erga
3279 1080 3332 1126 te
3354 1073 3703 1142 sapientiam

2058 1182 2372 1236 rarumque
2399 1165 2710 1220 consilium
2742 1181 2807 1217 ex
2837 1168 2892 1217 te
2922 1162 3048 1233 ipse
3087 1162 3472 1217 condisceres.
3523 1159 3705 1214 Plane

2058 1255 2213 1310 enim
2248 1254 2421 1308 homo
2456 1255 2646 1308 minor
2676 1253 2935 1307 mundus
2967 1267 3031 1306 ac
3063 1256 3304 1304 ornatus
3335 1253 3444 1312 est.
3512 1253 3701 1302 recta-

2059 1362 2168 1415 que
2201 1344 2359 1399 ducti
2391 1345 2724 1414 conjeclura
2752 1347 2912 1407 sunt,
2951 1339 3047 1411 qui
3073 1340 3177 1394 hoc
3215 1339 3411 1410 ipsum
3462 1339 3699 1392 nomine

2057 1435 2465 1490 honestarum.
2500 1434 2679 1496 Quam
2725 1430 2924 1486 multa!
2947 1431 3163 1501 itaque,
3197 1434 3305 1483 eta
3336 1444 3511 1499 quam
3552 1425 3706 1481 mul-

2059 1522 2158 1589 tis,
2190 1524 2328 1579 olim
2358 1525 2478 1594 jam
2516 1523 2624 1577 hoc
2666 1523 2722 1575 in
2767 1520 2995 1593 negotio
3030 1519 3416 1588 mirandoque
3475 1516 3707 1588 opificio

2060 1617 2216 1667 artes
2247 1617 2378 1668 tota:
2411 1629 2644 1684 operam
2685 1611 3058 1682 impendere!
3099 1607 3394 1662 naturales
3447 1604 3710 1678 philoso-

2061 1703 2313 1775 phorum
2344 1700 2863 1764 considerationes,
2899 1699 3258 1754 modicorum
3284 1697 3430 1751 artis
3478 1693 3708 1766 disqui-

2060 1792 2326 1860 sitiones,
2386 1794 2834 1862 gymnastarum
2893 1786 3366 1852 observationes;
3427 1802 3555 1856 quae
3634 1783 3708 1838 ad

2059 1881 2386 1953 analogiam
2417 1883 2724 1952 spectant;
2759 1879 2826 1932 ad
2866 1878 3265 1932 membrorum
3289 1876 3442 1930 inter
3463 1889 3524 1928 se
3548 1879 3710 1928 certa

2057 1968 2284 2022 ratione
2329 1970 2567 2022 modum
2618 1984 2682 2021 ac
2739 1965 3247 2036 compositionem,
3311 1965 3381 2018 ad
3444 1959 3708 2034 corporis

2058 2057 2424 2111 obesitatem.
2457 2059 2675 2112 Cuncta
2707 2054 2851 2121 haec,
2885 2055 2942 2109 in
2999 2054 3228 2109 formati
3287 2052 3542 2108 hominis
3591 2067 3710 2106 uno

2060 2147 2294 2218 agmine
2326 2145 2566 2200 veniunt
2619 2144 3168 2200 considerationem.
3237 2144 3306 2198 Et
3361 2143 3516 2197 unde
3564 2140 3708 2195 mihi

2058 2240 2220 2291 tanta
2250 2235 2477 2291 dicendi
2509 2235 2617 2300 vis,
2650 2239 2715 2289 ut
2764 2238 3034 2288 accurate
3073 2233 3217 2287 satis
3265 2231 3463 2287 omnia
3517 2229 3711 2298 eloqui

2059 2325 2306 2390 valeam,
2332 2341 2458 2395 quae
2491 2323 2598 2378 hac
2630 2341 2748 2377 una
2783 2339 2942 2388 voce,
2999 2322 3276 2394 formavit,
3332 2337 3496 2376 sacer
3552 2335 3710 2374 com-
3753 2318 3766 2332 '

2062 2413 2336 2486 plectitur
2365 2413 2604 2468 textus?
2637 2417 2838 2480 Porro,
2878 2429 3004 2483 quae
3032 2413 3088 2465 in
3123 2415 3395 2482 promptu
3447 2413 3587 2464 sunt
3643 2423 3711 2463 ao

2062 2502 2274 2568 facilia,
2307 2501 2393 2556 vel
2426 2502 2472 2557 si
2507 2518 2612 2574 ego
2644 2519 2760 2556 non
2793 2501 3009 2568 dixero,
3035 2506 3093 2555 tu
3121 2517 3222 2572 per
3250 2505 3306 2554 te
3352 2499 3479 2570 ipse
3527 2498 3706 2553 nosti.

2064 2591 2354 2647 Formavit
2381 2608 2636 2663 namque
2668 2595 2723 2646 te
2761 2591 2931 2655 Deus,
2958 2594 3015 2644 ut
3037 2590 3218 2654 vides,
3244 2593 3470 2644 statura
3527 2591 3706 2655 recta,

2062 2679 2446 2753 hancquetibi
2479 2679 2838 2752 singularem
2868 2696 2985 2750 pres
3018 2678 3258 2749 reliquis
3279 2678 3557 2733 omnibus
3583 2677 3712 2733 ani-

295 2773 596 2828 mantibus
628 2774 875 2845 praebuit
898 2774 1168 2830 formam.
1204 2774 1491 2842 Quidita?
1522 2776 1678 2848 quod
1714 2775 1995 2830 nimirum
2019 2772 2382 2846 singularem
2415 2773 2591 2828 etiam
2633 2771 2890 2827 debitam
2923 2769 3431 2841 necessariamque
3478 2770 3714 2826 abunde

292 2865 417 2918 erat
444 2861 560 2918 vim
579 2862 786 2933 agendi
815 2880 1226 2920 concessurus.

371 2952 456 3006 13.
491 2950 573 3007 Τὰ
605 2950 699 3023 μὲν
735 2947 914 3025 ἄλογα
943 2952 1117 3007 πάντα
1149 2957 1262 3022 ζῶα
1313 2951 1637 3027 βοσκήματα
1686 2952 1796 3008 ἐστι
1846 2951 1951 3025 μό-

298 3058 411 3109 νον,
443 3039 532 3092 καῖ
565 3039 701 3114 πρὸς
735 3039 764 3093 ὃ
795 3041 1020 3115 πέφυκε,
1047 3041 1182 3115 πρὸς
1213 3045 1373 3096 τοῦτο
1416 3039 1534 3117 ἔχει
1572 3042 1660 3095 καὶ
1719 3041 1817 3109 τὴν
1861 3061 1953 3095 κα-

295 3129 584 3198 τασκευήν·
616 3127 806 3183 ὁποῖόν
839 3128 1066 3184 ἐστικαὶ
1111 3131 1173 3184 τὸ
1222 3125 1524 3206 πρόϐατον.
1563 3127 1786 3198 Ἐπειδὴ
1846 3131 1949 3204 γὰρ

297 3214 562 3289 ἐγεννήθη
625 3216 903 3290 νέμεσθαι,
935 3217 1082 3272 κάτω
1141 3215 1255 3293 ἔχει
1306 3218 1657 3273 συννεύουσαν
1705 3219 1795 3272 καὶ
1851 3219 1948 3286 τὴν

294 3302 564 3380 κεφαλὴν,
598 3304 736 3359 ὥστε
791 3309 859 3378 τῇ
909 3305 1098 3382 γαστρὶ
1151 3304 1342 3381 ἐνορᾷν
1401 3306 1490 3361 καὶ
1540 3313 1658 3369 τοῖς
1717 3307 1818 3362 ὑπὸ
1853 3327 1949 3382 γα-

295 3393 486 3468 στέραο
524 3390 685 3454 τέλος
733 3394 834 3469 γὰρ
867 3395 1054 3460 αὐτοῖς
1113 3393 1337 3467 εὐεξίας,
1370 3393 1656 3472 πλήρωσις
1721 3397 1951 3472 γαστρὸς

293 3479 382 3534 καὶ
432 3479 734 3544 ἀπόλαυσις
784 3480 1014 3555 ἡδονῆς,
1059 3484 1354 3560 Ἀνθρώπῳ
1396 3482 1454 3538 δὲ
1500 3487 1534 3554 ἡ
1599 3483 1808 3562 κεφαλή
1863 3483 1950 3539 ἐπὶ

291 3569 358 3623 τὰ
415 3566 524 3624 ἅνω
584 3569 636 3640 ἐξ
694 3571 859 3640 αὐτῆς
908 3574 1012 3641 τῆς
1059 3570 1312 3634 πλάσεως
1368 3570 1951 3649 ἀναδεδραμηκεν,⁹ίνα

291 3658 391 3726 τὴν
428 3656 538 3712 ἄνω
574 3659 752 3735 βλέπῃ
785 3661 1119 3736 συγγένειαν,
1153 3661 1242 3716 καὶ
1276 3661 1590 3738 ὑψηλοτέρα
1608 3667 1716 3717 τῶν
1759 3660 1947 3717 ἄλλων

297 3745 546 3802 ἁπάντων
595 3753 692 3803 τοῦ
742 3750 995 3823 σώματος
1050 3755 1228 3826 μερῶν
1279 3751 1594 3822 καθέστηκε.
1629 3753 1718 3820 Μή
1769 3751 1947 3808 τοίνυν

303 3835 585 3907 μεταποίει
610 3840 828 3894 σεαυτὸν
858 3838 935 3902 εἷς
963 3839 1029 3895 τὰ
1059 3839 1204 3915 παρὰ
1259 3841 1438 3918 φύσιν,
1477 3839 1617 3914 μηδὲ
1667 3842 1734 3896 τὰ
1787 3844 1952 3917 γήϊνα

295 3923 472 3998 κύψας
526 3923 894 4002 περισκόπει’
957 3928 1102 3984 ἀλλὰ
1177 3930 1404 4003 υῦράνια
1475 3928 1738 4002 διηνεκῶς
1819 3951 1948 3986 κατ-

294 4011 505 4083 όπτευε,
538 4015 628 4070 καὶ
661 4015 1004 4089 ἐνοπτρίζου,
1039 4013 1166 4082 ἔνθα
1220 4040 1317 4074 σου
1375 4020 1462 4074 καὶ
1518 4020 1582 4074 τὸ
1641 4017 1952 4092 πολίτευμα

292 4103 784 4180 προηυτρὲπισται.
833 4105 991 4163 Οὕτω
1049 4129 1132 4162 σοι
1189 4110 1251 4163 τὸ
1311 4113 1471 4182 σῶμα
1528 4107 1950 4177 διαπέπλασθαι,

293 4191 384 4246 καὶ
413 4193 475 4248 τὸ
505 4190 827 4268 διάπλασμα
859 4193 1236 4253 διδασκαλεῖον
1272 4196 1383 4253 ἐστι
1420 4203 1516 4253 τοῦ
1561 4198 1753 4261 τέλους
1811 4199 1948 4274 πρὸς

293 4280 323 4335 ὃ
353 4283 593 4358 γέγονας.
627 4283 700 4338 Οὐ
733 4286 834 4360 γὰρ
862 4283 954 4340 ’ίνα
1004 4285 1090 4340 ἐπὶ
1134 4288 1235 4361 γῆς
1279 4287 1508 4364 σύρηταί
1561 4309 1655 4342 σου
1713 4291 1746 4357 ἠ
1811 4288 1948 4358 ζωὴ,

293 4371 368 4434 ὡς
421 4375 530 4426 τῶν
582 4373 843 4448 ἑρπετῶν,
899 4377 1329 4448 κατεσκεὸάσθης
1404 4373 1620 4452 ὄρθιος,
1680 4375 1808 4433 ἀλλ’
1859 4375 1951 4431 ἵνα

293 4457 519 4531 οὐρανὸν
585 4459 816 4536 βλέπῃς,
875 4462 966 4516 καὶ
1023 4464 1112 4518 τὸν
1183 4463 1234 4518 ἐν
1296 4464 1444 4538 αὐτῷ
1497 4465 1646 4521 Θεόνο
1682 4462 1807 4520 οὐδὲ
1857 4463 1950 4520 ’ίνα

287 4548 387 4617 τὴν
417 4547 672 4621 κτηνώδη
709 4549 1052 4629 μεταδιώκῃς
1082 4552 1549 4626 ἀπόλαυσιν,ἆλλ⁹
1573 4552 1667 4611 ἵνα
1690 4557 1789 4624 τήν
1822 4555 1948 4632 οὖρ-

291 4635 464 4707 άνιον,
497 4634 818 4714 ἐνδιδομὲΑῃ
855 4643 928 4714 (b)
956 4662 1040 4696 σοι
1075 4640 1308 4715 διανοίᾳ,
1342 4640 1600 4718 ἐπιτελῇς
1638 4641 1944 4702 πολιτείαν.

2134 2953 2224 3007 13.
2258 2951 2402 3007 Nam
2435 2951 2623 3006 bruta
2651 2949 2888 3022 quidem
2933 2966 3136 3005 omnes
3169 2949 3521 3016 animantes,
3557 2950 3712 3005 dun-

2061 3047 2222 3096 taxat
2251 3040 2535 3111 pecuariaa
2565 3046 2725 3108 sunt,
2757 3046 2815 3096 et
2835 3042 2902 3095 ad
2929 3041 3081 3112 quod
3117 3045 3264 3094 nate
3297 3045 3458 3106 sunt,
3489 3041 3560 3094 ad
3593 3040 3704 3095 hoc

2063 3146 2295 3201 quoque
2324 3129 2584 3200 corporis
2615 3134 2968 3184 structuram
2989 3127 3714 3200 acceperunt;cujusmodi

2063 3218 2235 3272 etiam
2271 3217 2393 3272 ovis
2425 3235 2490 3273 ac
2511 3234 2708 3289 pecus.
2742 3217 2886 3281 Quia
2925 3219 3082 3272 enim
3114 3218 3171 3272 in
3214 3218 3322 3272 hoc
3354 3217 3588 3272 condita
3619 3221 3713 3272 est

2065 3315 2125 3361 ul
2160 3311 2327 3378 pastu
2352 3307 2526 3374 vivat,
2571 3307 2748 3362 etiam
2801 3309 2989 3378 capite
3047 3307 3210 3363 humi
3269 3309 3476 3380 vergit,
3516 3310 3580 3361 ut
3637 3307 3711 3362 ad

2063 3401 2323 3451 ventrem
2358 3413 2421 3451 ac
2447 3413 2694 3451 venerea
2766 3413 2965 3452 versos
3015 3397 3216 3452 oculos
3269 3397 3500 3452 habeat.
3553 3396 3712 3452 Finis

2061 3485 2214 3541 enim
2250 3485 2366 3540 illis
2396 3486 2560 3540 bona;
2592 3486 2979 3553 habitudinis,
3011 3487 3230 3542 ventris
3254 3486 3503 3558 expletio
3525 3492 3615 3542 est
3645 3503 3715 3543 ac

2063 3574 2262 3630 fruitio
2295 3575 2632 3646 voluptatis.
2665 3575 2899 3631 Homini
2929 3593 3063 3631 vero
3093 3581 3268 3647 caput
3301 3592 3367 3631 ex
3398 3576 3529 3648 ipsa
3596 3576 3714 3632 for-

2062 3664 2320 3718 matione
2351 3681 2586 3718 sursum
2621 3665 3161 3736 excurrit,ntquam
3191 3666 3260 3720 ad
3294 3683 3550 3738 superna
3588 3666 3717 3720 afﬁ-

2061 3752 2302 3806 nitatem
2337 3752 2532 3819 habet,
2567 3753 2927 3824 conspiciat;
2959 3753 3367 3826 superiorique
3406 3754 3530 3810 loco
3574 3754 3712 3810 reli-

2061 3841 2194 3912 quis
2215 3841 2491 3896 omnibus
2521 3842 2791 3912 partibus
2817 3843 3076 3913 corporis
3107 3843 3398 3898 consistit.
3435 3843 3560 3900 Noli
3593 3843 3712 3899 ita-

2061 3945 2174 4002 que
2205 3933 2671 3985 tetransmutare
2700 3931 2758 3984 in
2791 3930 3033 4002 id,quod
3055 3937 3142 3987 est
3170 3937 3378 4004 praeter
3409 3937 3708 4005 naturam,

2060 4035 2166 4074 nec
2199 4035 2295 4074 ore
2328 4035 2510 4090 prono
2536 4023 2768 4074 terrena
2797 4019 3246 4092 cirumspicias;
3298 4022 3399 4077 sed
3448 4022 3712 4079 cmlestia

2055 4108 2274 4181 jugiter
2311 4113 2606 4176 contuere,
2640 4126 2704 4164 ac
2733 4109 2892 4164 velut
2923 4111 2977 4164 in
3013 4111 3250 4182 speculo
3280 4112 3509 4182 objecta
3539 4112 3708 4168 habe.

2062 4198 2159 4253 ubi
2192 4203 2247 4253 et
2277 4203 2415 4252 tuus
2447 4196 2553 4252 tibi
2589 4198 2988 4270 municipatus
3019 4199 3158 4256 olim
3193 4206 3433 4272 paratus
3476 4207 3586 4257 est.
3646 4201 3710 4258 In

2061 4287 2216 4342 hunc
2249 4287 2488 4342 modum
2523 4286 2626 4341 tibi
2667 4305 2897 4360 quoque
2938 4305 3150 4361 corpus
3175 4290 3547 4347 eﬂ‘ormatum
3597 4297 3709 4359 est,

2060 4393 2126 4432 ac
2158 4374 2562 4448 quapraeditus
2597 4377 2782 4433 forma
2803 4395 2886 4444 es,
2908 4379 3096 4450 ,‘ﬁnem
3137 4385 3193 4436 te
3225 4381 3394 4436 docet
3440 4381 3499 4436 in
3532 4398 3710 4453 quem

2060 4465 2331 4521 conditus
2363 4481 2444 4520 es.
2478 4465 2602 4521 Non
2626 4467 2780 4521 enim
2816 4473 2880 4523 ut
2911 4469 3074 4524 humi
3109 4469 3284 4525 vitam
3317 4469 3708 4528 trahas"ser-

2058 4559 2303 4627 pentum
2338 4569 2519 4625 more,
2548 4561 2706 4611 recta
2754 4561 2982 4613 statura
3033 4559 3304 4615 conditus
3346 4577 3431 4632 es,
3487 4562 3589 4617 sed
3642 4565 3710 4618 ut

2058 4644 2267 4700 coelum
2301 4642 2650 4714 conspicias;
2689 4645 2995 4718 Deumque
3027 4649 3197 4719 cujus
3219 4649 3276 4703 in
3301 4666 3367 4706 eo
3389 4651 3556 4707 sedes
3577 4654 3711 4707 est?

294 4726 391 4780 Διὰ
440 4731 628 4797 τοῦτο,
671 4733 776 4784 Τοῦ
829 4734 998 4801 σοφοῦ
1059 4731 1110 4784 οὶ
1170 4730 1450 4805 ὀφθαλμοὶ
1509 4732 1563 4788 ἐν
1613 4737 1682 4808 τῇ
1739 4733 1948 4811 κεφαλῇ

2061 4749 2247 4805 neque
2277 4736 2342 4788 ut
2373 4732 2701 4804 pecuariam
2730 4737 3104 4808 persequaris
3124 4738 3610 4811 voluptatem,sed
3643 4744 3709 4795 ut

289 4813 475 4886 αὐτοῦ,
509 4817 536 4870 ὁ
589 4817 756 4892 σοφός
809 4840 974 4896 φησιν
1007 4819 1461 4892 Ἐκκλησιαστής.
1515 4821 1676 4885 Τίνος
1729 4821 1787 4878 δὶ
1831 4821 1948 4879 ἓνε-

287 4925 396 4977 κεν,
459 4903 520 4960 οὐ
582 4907 707 4982 περὶ
755 4906 824 4960 τὰ
869 4908 1017 4962 κάτω
1077 4912 1172 4964 τοῦ
1231 4911 1488 4982 σώματος
1543 4911 1596 4965 οἱ
1645 4910 1946 4988 ὀφθαλμοὶ,

289 4993 416 5050 ἀλλ’
451 4994 502 5049 ἐν
533 4999 602 5070 τῇ
635 4994 886 5076 κεφαλῇ;
933 5000 1048 5054 Ἵνα
1090 4999 1156 5053 τά
1200 4998 1253 5054 ἐν
1302 4999 1423 5074 ὕψει
1463 5006 1888 5077 περισκοπῶσιν·
1920 5003 1948 5056 ὁ

291 5079 348 5137 δὲ
379 5082 457 5146 εἷς
487 5085 553 5140 τὰ
586 5086 773 5160 ὑψηλὰ
807 5088 882 5159 μή
944 5086 1186 5163 βλέπων,
1219 5087 1348 5144 ἀλλ’
1397 5089 1472 5152 εἰς
1515 5095 1582 5146 τὰ
1622 5093 1784 5166 γήϊνα
1832 5089 1949 5146 ἑπι-

290 5171 529 5243 κυπτων,
562 5179 844 5251 κατήγαγε
874 5176 951 5238 εἷς
982 5177 1207 5252 ἑρπετοῦ
1240 5177 1394 5257 φύσιν
1445 5180 1572 5244 τοὺς
1606 5179 1947 5258 ὀφθαλμοὺς,

290 5258 378 5315 ἐπὶ
409 5270 506 5332 τῆς
537 5271 638 5339 γῆς
671 5266 747 5329 ὡς
776 5265 952 5321 ἐκεῖνα
983 5267 1304 5343 συρόμενος.

2060 4825 2375 4892 cmlestem,
2404 4823 2636 4880 indulta
2666 4825 2999 4896 tibimente,
3033 4830 3160 4886 vitea
3192 4830 3477 4886 rationem
3517 4830 3702 4888 ineas.

2058 4915 2200 4970 Eam
2230 4915 2303 4970 ob
2335 4930 2478 4968 rem.
2502 4915 2666 4972 Oculi
2693 4919 2958 4987 sapientis
2988 4922 3044 4974 in
3065 4923 3252 4988 capite
3278 4922 3416 4994 ejus,
3476 4920 3558 4975 ait
3611 4937 3705 4978 sa-

2060 5004 2228 5077 piens
2259 5000 2638 5058 Ecclesiastes
2661 5005 2726 5059 3’.
2760 5008 3048 5071 Quorsum
3089 5026 3221 5064 vero
3277 5026 3391 5065 non
3443 5009 3502 5064 in
3557 5009 3706 5065 infe-

2061 5093 2210 5149 riore
2239 5089 2361 5146 ulla
2389 5093 2650 5163 corporis
2683 5102 2866 5166 parte,
2899 5098 2997 5153 sed
3032 5098 3088 5152 in
3123 5097 3311 5170 capite
3334 5103 3473 5154 sunt
3503 5099 3656 5155 oculi
3679 5099 3707 5154 ?

2058 5182 2348 5238 Nimirum
2381 5190 2445 5241 ut
2473 5201 2541 5240 ea
2561 5184 2812 5242 lustrent
2831 5186 3029 5258 quanio
3053 5185 3291 5242 sublimi
3321 5187 3510 5259 posita
3532 5193 3696 5246 sunt.

2062 5274 2168 5337 Qui
2203 5281 2397 5331 autem
2432 5294 2545 5332 non
2579 5277 2648 5332 ad
2684 5277 2910 5332 excelsa
2939 5275 3197 5347 respicit,
3231 5278 3330 5332 sed
3365 5278 3434 5333 ad
3476 5283 3710 5336 terrena

287 5354 641 5424 procumbit,
692 5357 766 5414 ad
826 5357 980 5414 346
1023 5364 1361 5444 serpentum
1426 5360 1684 5418 indolem
1744 5360 1946 5419 oculos
1994 5362 2218 5434 dejioit,
2281 5364 2380 5438 qui
2431 5381 2632 5422 eorum
2679 5366 2866 5422 instar
2922 5375 3184 5421 ventrem
3244 5367 3440 5423 trahat
3513 5367 3702 5426 humi.

359 5505 404 5551 ³⁸
449 5506 637 5564 Εοοιο.
669 5523 731 5578 ιι,
763 5509 854 5566 14.

357 5656 434 5731 (a)
465 5657 846 5720 Desideratur
875 5656 960 5734 εἴη
990 5659 1081 5722 vel
1099 5660 1338 5742 περιείη.
1370 5664 1527 5726 Enrr.

2125 5668 2201 5745 (b)
2230 5664 2591 5746 Ενδιδομινῃ.
2622 5669 2772 5730 Editi
2805 5663 3157 5746 ινδεχομινῃ.
3190 5674 3352 5742 Εωτ.
