4154 6398
373 325 452 382 59

375 544 702 614 incumbit;
737 564 851 602 non
885 547 1001 603 illis
1033 549 1397 614 immersam,
1433 565 1504 604 ne
1537 549 1862 618 obtegatur,
1921 550 2022 604 sed

373 634 742 690 convenienti
765 635 1104 692 fulcimento
1135 653 1199 691 ac
1229 636 1386 692 velut
1412 638 1550 692 sede
1584 639 1841 708 quadam
1885 654 2023 709 gra-

373 725 571 794 duque
598 723 659 778 in
692 731 954 779 exstante
994 725 1210 780 cervice
1251 725 1530 780 locatum.
1575 727 1639 780 In
1691 727 1789 782 illo
1845 727 2024 781 inﬁxa

375 811 678 866 oculorum
710 814 942 884 gemina
965 813 1626 885 luminaradiique.Non
1658 816 1814 870 enim
1839 833 2021 870 unum

375 901 520 955 satis
551 907 706 968 erat;
742 901 872 956 utsi
905 902 1048 957 forte
1079 920 1216 958 casu
1255 903 1505 958 alterum
1539 904 2022 974 concideret,ejus

374 991 530 1060 quod
562 991 822 1045 immuue
853 1012 884 1046 a
916 991 1045 1046 labe
1076 999 1254 1059 esset,
1290 993 1564 1047 solatium
1617 1011 1731 1049 non
1772 995 2021 1049 deesset.

375 1079 656 1134 Praeterea
678 1096 810 1135 vero
843 1081 1042 1149 etiam,
1080 1083 1152 1136 ab
1185 1099 1300 1136 uno
1331 1083 1538 1137 horum
1570 1087 1863 1155 profectus
1921 1085 2022 1138 ob-

373 1172 553 1234 tutus,
587 1186 828 1238 prorsus
862 1170 1350 1238 imbecilliorest;
1383 1190 1450 1227 ex
1482 1174 1846 1243 duplicivero
1869 1174 2024 1228 fonte

374 1258 676 1312 conflueus
707 1259 894 1322 rivus,
918 1259 1205 1315 valentior
1234 1263 1369 1317 exit.
1404 1262 1726 1317 Procedens
1774 1280 2024 1334 namque

375 1346 652 1417 utrinque
683 1364 747 1399 ex
766 1347 948 1401 altera
978 1348 1278 1420 alteraque
1310 1368 1446 1405 nare
1470 1352 1745 1406 obtuendi
1783 1354 2018 1416 vis,tum

373 1435 453 1489 ibi
485 1437 868 1506 conquiescit,
903 1444 1147 1509 tumque
1180 1457 1295 1494 una
1326 1441 1396 1494 ad
1431 1441 1724 1496 anteriora
1776 1443 2024 1496 tendens

374 1525 568 1595 iisque
597 1525 970 1592 incumbens,
1005 1545 1160 1582 unus
1193 1529 1356 1584 alteri
1415 1530 1726 1602 copulatur
1772 1530 2024 1586 visorius

375 1615 600 1681 radius,
633 1614 792 1670 velut
823 1632 890 1670 ex
916 1617 1036 1671 rivo
1094 1617 1339 1688 duplici,
1387 1637 1455 1673 ex
1512 1625 1758 1690 utraque
1812 1621 2025 1676 visoria

377 1702 677 1769 facultate,
710 1707 879 1775 quasi
924 1722 991 1760 ex
1030 1707 1250 1777 duplici
1279 1709 1600 1778 prodeunte
1650 1710 1830 1779 fonte,
1875 1714 2026 1763 tum-

378 1809 492 1864 que
523 1792 676 1846 brevi
701 1810 885 1864 aquas
918 1796 1356 1862 commiscente,
1384 1815 1540 1853 unus
1569 1799 1863 1870 quispiam
1887 1799 2024 1854 vali-

377 1881 507 1935 dior
535 1881 790 1936 efﬁcitur
820 1884 1074 1952 fluvius;
1109 1887 1278 1956 cujus
1305 1887 1528 1942 scilicet
1585 1891 1775 1958 major
1829 1888 1914 1943 vis
1959 1905 2024 1944 ac

376 1971 670 2026 efficacior
698 1971 795 2027 sit.
830 1973 1091 2045 Remque
1122 1981 1278 2030 certo
1312 1976 1562 2047 probant
1591 1977 1697 2032 viri
1737 1995 1928 2033 senes.
1984 1977 2026 2032 Ii

377 2077 654 2131 namque,
687 2078 814 2132 quae
846 2070 985 2117 sunt
1010 2064 1176 2119 valde
1206 2066 1875 2138 propc,haudquaquam
1906 2085 2028 2123 cer-

379 2155 719 2221 nunt;quze
746 2167 881 2206 vero
914 2152 1086 2224 paulo
1119 2154 1192 2209 ab
1243 2155 1428 2210 oculis
1487 2157 1802 2212 remotiora
1867 2162 2027 2226 sunt,

377 2238 595 2292 clarius
626 2225 1004 2295 contueufur.
1032 2242 1253 2298 Idcirco
1287 2244 1569 2300 nimirum
1626 2247 1779 2318 quod
1818 2248 2030 2302 visorio

378 2326 542 2382 radio
564 2327 832 2384 dissectis
863 2331 1131 2401 partibus
1162 2349 1194 2386 a
1226 2333 1512 2405 principio
1556 2353 1887 2406 progresso,
1921 2337 2029 2390 im-

380 2415 639 2472 becillior
669 2418 740 2472 ab
772 2424 1021 2490 utroque
1052 2421 1296 2476 obtutus
1327 2422 1441 2478 sit:
1467 2425 1564 2478 ubi
1616 2432 1809 2479 autem
1862 2427 2034 2480 ambo

379 2506 770 2562 confluxet-int
793 2523 857 2561 ac
888 2508 1409 2576 coaluerint,velut
1439 2511 1750 2582 multiplici
1783 2515 2035 2585 quadam

382 2595 737 2650 exundantia
775 2603 946 2667 atque
969 2599 1158 2668 copia,
1183 2597 1468 2655 valentior
1497 2602 1907 2673 efticaciorque
1964 2605 2036 2658 ad

383 2685 807 2756 perspicienda,
843 2703 969 2757 quae
1002 2686 1061 2741 in
1096 2693 1401 2759 aspectum
1425 2692 1664 2756 cadunt,
1714 2694 2036 2764 consurgit.

383 2771 508 2826 Non
557 2789 742 2843 pauca
785 2791 919 2828 vero
967 2780 1127 2840 sunt,
1175 2776 1388 2844 quibus
1442 2779 1593 2834 oculi
1652 2781 2037 2837 incolumitati

389 2862 763 2932 prospicitur.
799 2864 1306 2932 Tunicainterior,
1343 2883 1468 2930 quae
1501 2886 1606 2924 nec
1629 2869 1758 2941 ipsa
1797 2871 2038 2925 sufficit.

386 2949 512 3004 Non
543 2951 699 3005 enim
735 2969 827 3006 res
860 2955 1082 3008 ferebat
1108 2961 1170 3008 ut
1199 2957 1458 3012 crassior
1489 2963 1852 3028 strueretur;
1896 2961 2042 3016 alio-

385 3039 481 3110 qui
513 3039 664 3095 visui
698 3041 1233 3112 incommodasset;
1270 3062 1507 3101 necesse
1536 3054 1733 3103 autem
1774 3056 1918 3119 erat,
1979 3057 2044 3106 ut

389 3129 769 3200 perspicuum
803 3131 1042 3202 leveque
1071 3140 1246 3202 esset,
1281 3138 1434 3205 quod
1471 3139 1799 3209 obtegebat.
1840 3140 2038 3195 Altera

386 3217 584 3289 itaque
634 3219 945 3291 pellucida,
1005 3222 1189 3278 altera
1246 3226 1480 3280 tenuior
1535 3229 1876 3300 rariorque;
1933 3230 2035 3286 illa

381 3307 620 3380 quidem
646 3309 1154 3380 crystallina,haec
1195 3330 1429 3369 cornea.
1482 3315 1805 3388 Obtegendi
1855 3335 2036 3374 causa

383 3397 624 3452 obtenta
650 3397 852 3452 tunica
879 3414 945 3452 ac
976 3400 1246 3466 exterior,
1276 3401 1499 3458 firmior
1541 3411 1632 3460 est
1694 3411 1872 3476 atque
1925 3409 2036 3461 du-

386 3485 541 3552 rior;
594 3485 857 3551 interior,
920 3486 1105 3543 rarior
1144 3494 1202 3544 et
1249 3491 1504 3558 tenuior,
1559 3511 1631 3548 ne
1699 3495 2040 3551 immeantia

389 3573 701 3646 prohibeat
725 3591 738 3629 :
758 3575 933 3631 tertia
965 3594 1173 3632 rursus
1204 3579 1546 3651 crystallum
1573 3583 1849 3651 referens,
1885 3591 1948 3639 ut
1979 3585 2038 3640 in

1322 325 1716 386 APPENDIX
1760 327 2082 387 OPERUM
2131 328 2196 386 S.
2244 324 2525 385 BASlLIl
2574 323 2848 384 MAGNI.

447 457 532 511 14.
565 457 749 528 Caput
771 457 965 529 itaque
1021 458 1126 514 toti
1158 458 1379 529 corpori
1407 459 1672 514 eminens
1693 504 1706 529 ,
1760 459 2026 515 humeris
2055 463 2110 528 Α

3708 325 3790 385 60

2214 459 2300 514 14.
2331 457 2397 512 Ἠ
2431 456 2526 530 μὶν
2587 455 2680 510 οὖν
2711 454 2922 534 κιφαλή
2965 458 3061 510 τοῦ
3115 453 3251 510 ὅλου
3309 452 3560 527 σώματος
3623 455 3788 528 ὑπερ-

2132 546 2420 622 ανέχουσα,
2453 552 2569 608 τοῖς
2599 544 2777 618 ὤμοις
2829 543 3112 600 ἐπίκειται·
3149 545 3250 600 οὐκ
3306 541 3613 599 ἐνδεδυκυῖα
3668 543 3789 598 τού-

2129 657 2271 708 τοις,
2297 634 2389 690 *ἱνα
2423 637 2498 709 μὴ
2532 634 2858 712 κρύπτηταί,
2893 634 3019 690 ἀλλ’
3049 635 3328 710 ἐρείσματι
3373 633 3667 708 ἀξιολόγῳ,
3696 633 3786 686 καὶ

2134 728 2248 779 οἷον
2285 720 2565 800 ὑποϐάθρᾳ
2611 725 2718 779 τινὶ
2772 729 2852 796 τῷ
2902 728 2999 778 τοῦ
3045 723 3275 800 αὐχένος
3322 723 3660 792 ἀνεστηκότι,
3693 721 3784 775 έπ-

2136 813 2542 886 αναπαυομένη.
2576 815 2661 868 Ἐν
2710 813 2881 887 ταύτῃ
2932 811 2988 868 δὲ
3033 818 3141 868 τῶν
3185 810 3484 890 ὀφθαλμῶν
3536 810 3784 883 ὶμπεπή-

2133 925 2259 977 γασι
2292 901 2510 977 δίδυμοι
2549 902 2733 978 βολαί.
2767 904 2882 960 Ούκ
2936 902 3092 978 ἤρκει
3139 902 3239 977 γάρ
3296 903 3324 956 6
3364 904 3461 968 εἷς,
3495 899 3640 954 ἀλλὰ
3689 896 3784 953 δύο

2133 992 2439 1068 ἐγενέσθην,
2492 992 2766 1063 ἀλλήλοις
2831 992 3042 1066 βοηθῶ·
3079 991 3172 1045 ’ἱνα
3229 993 3264 1059 ἡ
3323 995 3419 1044 τοῦ
3477 988 3596 1050 ἑνὸς
3650 988 3786 1042 κατὰ

2130 1083 2309 1156 τύχην
2365 1080 2635 1149 διάλυσις,
2665 1084 2763 1150 τήν
2814 1085 2910 1135 τοῦ
2955 1075 3228 1141 ἀϐλαϐοῦς
3288 1080 3472 1152 ἑτέρου
3528 1097 3782 1152 παραμυ-

2133 1172 2246 1225 θίαν
2280 1169 2406 1246 ἔχῃ.
2443 1171 2537 1224 Καὶ
2573 1170 2757 1232 ἄλλως
2793 1169 2850 1224 δὲ
2879 1170 2985 1224 ἀπὸ
3018 1171 3134 1232 ἑνὸς
3179 1168 3386 1223 τούτων
3435 1167 3780 1242 προερχόμε-

2132 1284 2222 1315 νον
2274 1263 2336 1316 τὸ
2395 1262 2668 1335 ὁρατικὸν,
2713 1260 3082 1334 ἀσθενέστερον
3141 1259 3396 1319 πάντως·
3464 1257 3522 1311 ἆκ
3569 1253 3627 1310 δὶ
3686 1251 3781 1308 δύο

2133 1356 2328 1426 πηγῶν
2360 1346 2815 1423 συμϐαλλόμενος
2849 1351 2876 1404 6
2930 1347 3093 1410 ὁλκὸς
3155 1347 3512 1420 εύτονώτερος
3557 1344 3780 1422 γίνεται.

2134 1445 2407 1515 Προϊοῦσα
2456 1441 2557 1515 γὰρ
2611 1440 2934 1514 ἑκατέρωθεν
2991 1445 3092 1507 τῆς
3145 1437 3291 1514 ῥινὸς
3342 1439 3377 1505 ἡ
3436 1432 3582 1509 ὄψις,
3642 1434 3781 1506 ὁμοῦ

2137 1529 2232 1602 μὶν
2282 1528 2779 1605 προσαναπαύεται,
2839 1529 2980 1601 ὁμοῦ
3038 1526 3096 1582 δὶ
3139 1526 3528 1602 προκύπτουσα
3580 1521 3669 1577 ἐπὶ
3717 1521 3780 1576 τὸ

2134 1615 2460 1692 ἔμπροσθεν,
2494 1619 2702 1673 ἑνοῦται
2731 1620 2766 1687 ἡ
2801 1619 2896 1690 μία
2947 1622 3016 1691 τῇ
3076 1617 3250 1692 ἑτέρᾳ,
3283 1618 3399 1670 οἷον
3454 1613 3512 1668 ἐκ
3569 1610 3665 1666 δύο
3693 1633 3780 1665 τι-

2132 1714 2238 1762 νῶν
2272 1708 2481 1784 ὀχετῶν
2509 1709 2598 1785 ἀφ’
2632 1709 2881 1781 ἑκατέρας
2912 1703 3090 1780 ὅψεως
3147 1708 3324 1780 ὥσπερ
3373 1705 3557 1779 πηγῆς
3614 1701 3778 1771 ἐξιόν-

2131 1819 2262 1865 των,
2295 1797 2383 1852 καὶ
2420 1799 2555 1870 μετὰ
2599 1797 2776 1872 βραχὺ
2813 1793 3179 1872 μιγνυμένων,
3213 1798 3291 1856 εἷς
3342 1791 3782 1869 ἀποτελούμενος

2134 1888 2405 1959 ποταμὸς,
2438 1887 2601 1940 ὁπότε
2659 1883 2726 1954 δὴ
2784 1887 2871 1939 καὶ
2933 1885 3286 1960 ἰσχυρότερος
3335 1883 3558 1958 γίνεται,
3604 1876 3778 1934 εἷετουν

2136 1977 2524 2052 ἱνεργέστερος.
2568 1975 2664 2029 Καὶ
2710 1975 2905 2030 τούτοτ
2958 1973 3253 2046 ἀπόδειξις,
3288 1973 3338 2027 οἱ
3387 1974 3630 2047 γέροντες
3678 1973 3785 2023 τῶν

2140 2066 2458 2141 ἀνθρώπων·
2494 2067 2546 2120 οἳ
2579 2066 2646 2119 τά
2701 2067 2794 2137 μὶν
2845 2065 3003 2139 ἐγγὺς
3054 2066 3213 2131 πάνυ,
3247 2062 3443 2133 ἥκιστα
3499 2060 3784 2137 βλέπουσι,

2137 2155 2205 2209 τὰ
2265 2152 2322 2208 δὲ
2384 2153 2733 2229 πορρώτερον
2788 2151 3217 2224 ἀποδιϊστάμινα
3296 2154 3403 2204 τῶν
3488 2145 3786 2224 ὀφθαλμῶν

2142 2243 2522 2318 ἐναργέστερον
2582 2244 2884 2316 καθορῶσιν
2919 2260 2932 2273 ⁸
2994 2237 3182 2307 ἐπειδή
3269 2235 3613 2312 διηρημένως
3692 2235 3786 2306 μὶν

2139 2337 2237 2387 τοῦ
2296 2334 2550 2406 ὁρατικοῦ
2606 2332 2894 2404 προϊόντος
2925 2330 2975 2400 ἰξ
3005 2328 3457 2404 ἰργῆς,άσθινὴς
3514 2328 3549 2395 ἡ
3610 2323 3790 2378 ἱκατέ-

2146 2443 2242 2496 ρου
2301 2420 2464 2494 ὄψις’
2530 2421 2666 2493 μετᾶ
2720 2419 2775 2474 δὲ
2831 2425 2931 2487 τήν
2978 2414 3267 2491 συμϐολήν
3324 2416 3644 2493 ἀμφοτέρων
3705 2411 3793 2466 καὶ

2139 2508 2358 2582 ἕνωσιν,
2391 2513 2504 2564 οἷον
2540 2510 2627 2564 ἐπὶ
2676 2508 3019 2583 πλημμύρας
3073 2508 3217 2569 τινὸς
3275 2502 3796 2574 πολυπλασιαζομέ-

2144 2623 2234 2670 νη,
2269 2600 2604 2674 εὖτονωτέρα
2651 2598 2854 2674 γίνεται
2909 2599 2998 2652 καὶ
3057 2595 3457 2671 δραστικωτέρα
3514 2594 3635 2667 περὶ
3694 2593 3793 2659 τήν

2145 2695 2252 2744 τῶν
2287 2690 2494 2764 ὁρατῶν
2522 2687 2816 2761 ἀνάληψιν.
2849 2687 3100 2742 Φυλακαὶ
3134 2684 3190 2740 δὲ
3221 2685 3345 2760 περὶ
3383 2685 3473 2738 τὸν
3511 2681 3795 2760 ὀιρθαλμὸν

2149 2779 2253 2833 ούκ
2308 2777 2517 2852 ὀλίγαι.
2567 2778 2741 2832 χιτὼν
2793 2777 3064 2847 ἐντεῦθεν,
3109 2775 3199 2829 καὶ
3257 2774 3355 2828 ούκ
3411 2775 3565 2847 ἀρκεῖ
3619 2769 3798 2829 οὗτος·

2150 2867 2212 2922 οὐ
2269 2868 2370 2942 γὰρ
2434 2864 2712 2942 ἐνεδέχετο
2766 2866 2947 2940 παχὺς
3003 2864 3540 2930 κατασκευασθῆναι·
3597 2860 3632 2928 ἦ
3696 2858 3801 2932 γὰρ

2152 2954 2469 3029 ἐμπόδισμα
2498 2957 2840 3024 καθειστήκει
2877 2961 2978 3023 τῆς
3039 2951 3236 3027 ὅψεως
3266 2949 3374 3006 ἔδει
3434 2948 3490 3004 δὶ
3549 2945 3804 3024 διαφανὶς

2153 3048 2403 3102 εἶναικαὶ
2452 3044 2686 3122 ἐλαφρὸν
2740 3045 2801 3099 τὸ
2861 3042 3260 3118 προκάλυμμα.
3295 3040 3505 3098 Ούκοῦν
3567 3040 3645 3099 εἷς
3706 3036 3800 3107 μὶν

2154 3133 2404 3210 διαυγὴς,
2439 3137 2514 3196 εἷς
2549 3132 2606 3188 δὲ
2661 3132 2868 3207 άραιός·
2905 3134 2934 3187 6
2995 3133 3089 3206 μὶν
3139 3125 3628 3207 κρυσταλλοειδὴς,
3662 3126 3690 3180 6
3749 3122 3808 3178 δὶ

2147 3222 2496 3299 κερατοειδ-ιςς
2531 3244 2545 3257 ο
2602 3225 2628 3277 6
2688 3220 3251 3299 προκεκαλυμμένος,
3311 3219 3715 3290 στιριὼτερος’
3781 3214 3811 3268 6

2148 3313 2384 3387 ἔνδοθεν,
2415 3313 2755 3388 ἀραιότερος,
2781 3311 2875 3366 ’ἱνα
2937 3313 3014 3384 μὴ
3074 3310 3266 3383 κωλύῃ
3322 3310 3419 3376 τὴν
3480 3303 3742 3380 πάροδον·
3781 3300 3810 3356 δ

2145 3404 2329 3479 τρίτος
2361 3403 2528 3458 πάλιν
2555 3398 3149 3478 κρυσταλλοειδὴς,“ίνα
3181 3399 3230 3454 έν
3265 3397 3410 3470 αύτῷ
3437 3399 3537 3466 τήν
3571 3393 3805 3469 ἔμφασιν

2149 3493 2238 3547 καὶ
2268 3494 2369 3562 τήν
2403 3489 2676 3568 διαύγειαν
2707 3490 2928 3565 ἑκάτερα
2958 3485 3088 3564 ἔχῃ.

387 3679 457 3719 ea
487 3665 671 3719 amba;
705 3664 944 3736 reliquae
974 3669 1425 3738 repraesentandi
1458 3671 1572 3726 vim
1609 3689 1674 3728 ao
1697 3675 2170 3746 perspicuitatem
2199 3676 2522 3730 obtineant.

465 3754 552 3808 15.
606 3755 900 3826 Palpebras
954 3757 1288 3828 projectura
1344 3765 1505 3828 sunt,
1559 3761 1711 3817 oculi
1765 3764 2047 3820 uimirum

391 3843 821 3915 operimentum
839 3861 904 3899 ac
925 3846 1640 3922 umbraculum,velutque
1659 3852 2046 3908 domicilium.

397 3932 628 3988 Poterat
651 3933 890 4003 quidem
923 3940 980 3988 et
1008 3938 1247 4004 :‘manus
1305 3940 1612 4011 obtegere;
1665 3942 1767 3996 sed
1814 3941 2049 3998 interim

397 4023 542 4077 dum
590 4039 658 4078 ea
705 4022 1132 4095 admoveretur,
1193 4025 1346 4081 haud
1403 4045 1535 4084 raro
1589 4029 1754 4101 prius
1813 4032 2050 4087 oculum

399 4109 605 4166 oblzsdi
637 4113 1020 4183 contingeret.
1045 4114 1212 4170 Nunc
1240 4133 1374 4171 vero
1408 4135 1586 4190 prope
1625 4121 1852 4191 adjacet
1895 4123 2049 4192 quod

397 4204 646 4255 tueatur.
678 4205 806 4256 Mox
837 4202 993 4256 enim
1039 4219 1106 4258 ac
1162 4211 1582 4262 uocumentum
1643 4211 2049 4280 praesentiunt,

400 4289 831 4361 operimentum
855 4291 1202 4347 obtendunt.
1238 4294 1300 4347 Id
1335 4312 1588 4367 namque
1621 4297 1678 4352 in
1713 4315 1892 4354 causa
1941 4308 2049 4367 est,

403 4383 468 4433 ut
496 4378 840 4451 plerumque
873 4379 1094 4452 pupula
1123 4381 1296 4449 oculi,
1330 4383 1564 4454 iis,quaa
1595 4387 1851 4442 exterius
1874 4405 2054 4444 nocu-

406 4473 672 4523 mentum
703 4467 968 4535 afferant,
1004 4469 1358 4526 inviolabilis
1390 4472 1485 4539 sit,
1520 4479 1584 4529 ut
1611 4492 1739 4546 quae
1779 4478 1890 4532 sub
1930 4477 2059 4550 pal-

405 4556 722 4628 pebrarum
747 4561 1086 4630 tegumenta
1119 4559 1404 4616 desideat.
1430 4561 1670 4635 Unaque
1704 4565 1819 4620 fere
1841 4584 1910 4621 ex
1937 4584 2058 4622 om-

408 4645 585 4701 nibus
616 4646 876 4717 corporis
907 4647 1190 4704 membris
1219 4648 1303 4705 ita
1323 4656 1605 4722 servatur,
1630 4657 1695 4708 ut
1724 4659 2060 4711 contactum

406 4750 642 4790 omnem
663 4741 923 4808 respuat.
951 4737 1308 4800 jProminent
1345 4739 1642 4813 palpebris
1687 4748 1747 4800 et
1804 4743 2058 4816 pilorum

404 4825 698 4897 cuspides.
732 4826 882 4891 Quid
915 4825 1047 4882 ita?
1073 4832 1138 4882 ut
1164 4829 1446 4886 nimirum
1477 4832 1810 4888 accuratior
1849 4834 2059 4889 barum

405 4915 777 4988 complicatio
801 4915 901 4984 sit,
934 4917 1078 4972 dum
1108 4919 1378 4990 superior
1431 4920 1730 4993 palpebra,
1787 4923 2052 4981 inferiori

407 5017 513 5074 per
541 5005 834 5074 ejusmodi
865 5004 1015 5077 pilos
1046 5011 1350 5079 coaptatur
1379 5025 1445 5064 ac
1476 5011 1884 5067 committitur.
1911 5013 2060 5069 Sunt

411 5091 568 5147 enim
601 5093 702 5163 pili
733 5093 892 5150 velut
921 5094 1175 5164 vincula,
1208 5095 1361 5152 inter
1390 5115 1450 5153 se
1481 5100 1731 5154 conserti
1787 5117 1853 5155 ao
1901 5119 2057 5158 com-

407 5179 629 5253 plicati.
660 5185 894 5238 Accedit
925 5185 1081 5256 quod
1127 5191 1182 5240 et
1241 5187 1573 5243 minuscula
1630 5190 1907 5246 animalia
1963 5210 2060 5248 ar-

411 5275 603 5342 ceant,
637 5287 742 5327 nec
764 5271 1070 5345 lanugines
1095 5274 1329 5346 pupillae
1391 5277 1786 5350 propinquare
1841 5281 2062 5353 sinant,

411 5376 539 5430 qua
573 5359 738 5417 facile
766 5360 993 5432 injuria
1017 5364 1268 5421 obnoxia
1296 5365 1395 5435 sit,
1431 5382 1498 5422 ac
1520 5367 1613 5424 cui
1671 5369 1916 5441 quodvis
1963 5371 2060 5428 ob-

412 5447 574 5507 vium
592 5449 786 5509 labem
816 5451 1022 5510 afferre
1051 5458 1250 5526 queat.

486 5668 565 5743 (a)
596 5671 851 5729 Σκοπιῖν.
893 5671 1054 5746 Lege
1068 5670 1304 5733 σκέπειν.
1331 5673 1490 5735 Enn.

2233 3768 2316 3820 15.
2353 3757 2612 3837 Προδολή
2643 3759 2705 3814 τὸ
2744 3758 3036 3837 βλέφαρονο
3069 3761 3230 3812 τοῦτο
3261 3758 3365 3832 γάρ
3425 3751 3809 3829 προκάλυμμα

2155 3857 2254 3908 τοῦ
2311 3851 2600 3924 ὀφθαλμοῦ
2656 3849 2745 3904 καὶ
2805 3849 3107 3920 σκέπασμα,
3163 3847 3250 3901 καὶ
3311 3847 3422 3900 οἷον
3485 3842 3806 3914 οἷκητήριόν

2159 3941 2322 3998 ἐστιν.
2355 3938 2620 3996 Ἡδύνατο
2684 3939 2778 4012 μὶν
2836 3937 2939 4012 γὰρ
2991 3942 3210 3991 σκοπεῖν
3271 3933 3468 4007 ((1)καῖ
3500 3931 3647 4008 χείρ·
3682 3929 3811 3985 ἀλλ’

2157 4028 2262 4092 ’ἕως
2293 4029 2468 4100 ἐκείνη
2521 4031 2816 4103 ἆνήρχετο,
2850 4026 3040 4104 ἔφθανε
3087 4023 3359 4086 πολλάκις
3416 4022 3809 4095 ἀμαυρωθῆναι

2161 4122 2189 4175 6
2230 4117 2535 4194 ὀφθαλμός.
2569 4120 2677 4174 Νῦν
2735 4115 2792 4171 δὲ
2839 4115 3037 4178 ἐκεῖθεν
3086 4115 3405 4188 παράκειται
3459 4108 3809 4185 προφυλακή-

2161 4210 2303 4284 ὁμοῦ
2330 4230 2390 4264 τε
2420 4210 2523 4282 γὰρ
2557 4203 2750 4281 ᾔσθετο
2798 4212 2898 4275 τῆς
2951 4197 3183 4279 βλάϐης,
3213 4201 3302 4256 καὶ
3359 4194 3697 4275 προεϐάλετο
3758 4195 3815 4284 τὸ

2161 4283 2558 4374 προκάλυμμα.
2595 4297 2692 4350 Διὰ
2723 4295 2826 4369 γὰρ
2876 4297 3041 4348 τοῦτο
3095 4291 3184 4346 καὶ
3214 4293 3249 4359 ἡ
3280 4291 3417 4365 κόρη
3468 4291 3565 4342 τοῦ
3615 4283 3815 4363 ὀφθαλ-

2169 4391 2275 4459 μοῦ
2310 4383 2728 4459 ἀνεπιχείρητος
2754 4382 2829 4445 ὡς
2857 4382 2921 4434 τὰ
2964 4379 3150 4436 πολλὰ
3193 4384 3312 4442 ταῖς
3356 4375 3545 4448 ἔξωθεν
3593 4375 3820 4449 έπερχο-

2173 4474 2359 4549 μέναις
2392 4469 2645 4549 βλάϐαις,
2680 4475 2770 4526 ἅτε
2823 4471 2924 4526 ὑπὸ
2975 4471 3425 4542 παραπετάσμασι
3481 4466 3816 4536 καθεζομένη

2167 4569 2248 4637 τῷ
2281 4564 2561 4640 βλεφάρῳ,
2592 4562 2679 4617 καὶ
2719 4561 2852 4634 μόνη
2897 4557 3091 4636 σχεδὸν
3140 4563 3247 4614 τῶν
3295 4557 3346 4612 ἐν
3406 4559 3542 4629 ἡμῖν
3601 4552 3817 4609 πάντων

2178 4659 2360 4727 μελῶν
2393 4651 2791 4726 διατηρουμένη
2827 4648 3117 4728 ἀνέπαφος.
3150 4641 3563 4722 Προϐέϐληνται
3619 4641 3676 4697 δὲ
3705 4647 3820 4728 τοῖς

2177 4742 2472 4822 βλεφάροις
2527 4741 2616 4796 καὶ
2677 4737 2853 4803 ἀκίδες
2912 4726 3145 4816 τριχῶν.
3179 4736 3277 4792 Διὰ
3331 4732 3542 4822 τίςἹνα
3600 4726 3816 4810 ἀκριϐε-

2174 4831 2334 4906 στέρα
2380 4832 2600 4907 γένηται
2649 4833 2683 4900 ἡ
2734 4829 2941 4885 τούτων
2997 4826 3334 4901 περιπλοκὴ,
3366 4828 3462 4879 τοῦ
3517 4821 3629 4878 ἄνω
3685 4821 3824 4896 πρὸς

2170 4922 2232 4978 τὸ
2264 4921 2410 4977 κάτω
2438 4918 2527 4976 διὰ
2553 4925 2661 4976 τῶν
2699 4919 2964 4975 τοιούτων
3013 4913 3542 4992 προσαρμοζομένου
3584 4914 3818 4987 τριχῶν.

2173 5014 2304 5070 Οῖον
2337 5011 2440 5087 γὰρ
2474 5008 2766 5085 σύνδεσμοι
2815 5010 3131 5063 καθεστᾶσιν
3190 5005 3245 5060 αἱ
3302 5004 3487 5080 τρίχες
3544 4998 3820 5087 ἀλλήλαις

2170 5086 2670 5177 περιπλεκόμεναι’
2706 5099 2840 5165 εἶτα,
2872 5095 3059 5152 καὶτὰ
3106 5093 3280 5151 λεπτᾶ
3323 5098 3432 5149 τῶν
3483 5092 3636 5162 ζώων
3685 5086 3820 5165 πόρ-

2173 5189 2341 5265 ῥωθεν
2374 5189 2714 5265 ἀπείργουσι,
2744 5185 2834 5241 καί
2863 5188 2930 5241 τὰ
2960 5181 3182 5262 χνοώδη
3217 5183 3320 5239 ούκ
3348 5182 3476 5237 ἐῶσι
3522 5179 3824 5250 πλησιάσαι

2168 5283 2237 5354 τῇ
2270 5281 2430 5355 κόρῃ,
2491 5278 2722 5353 ἰμπαθιῖ
2772 5273 2924 5353 οὔσῃ,
2956 5275 3048 5333 καὶ
3095 5279 3175 5348 τῷ
3223 5270 3595 5347 παρατυχόντι
3645 5268 3818 5342 ἀμαυ-

2170 5370 2391 5445 ροῦσθαι
2424 5365 2714 5443 δυναμένῃ.
