4154 6394
304 384 374 442 δι
1468 382 1572 441 DE
1615 382 1976 441 PAltADISt

2087 382 2374 443 ORATIO
2417 380 2524 443 III.
3653 381 3733 438 62

379 516 465 571 16.
524 510 714 590 Ἑτέρα
772 510 830 568 δὲ
898 511 1063 568 πάλιν
1142 511 1254 568 ἐστί
1327 533 1411 575 τις
1479 511 1696 590 φυλακὴ
1756 509 1955 576 ἄνωθεν

2145 515 2231 569 16.
2265 513 2459 572 Altera
2483 532 2620 573 vero
2650 532 2859 571 rursus
2906 513 3182 587 superius
3232 512 3552 568 imminens
3583 510 3734 568 utri-

308 601 623 677 ἐπικειμένη
698 601 936 679 ἑκατέρῳ
1005 606 1113 657 τῶν
1173 601 1477 680 ὀφθαλμῶν
1535 598 1624 656 διὰ
1678 606 1785 657 τῶν
1842 622 1958 677 τρι-

309 696 428 767 χῶν
464 734 478 761 ,
556 692 698 765 ὁμοῦ
772 691 866 765 μὲν
922 694 995 766 τῇ
1052 694 1360 770 περιγραφῇ
1420 691 1740 765 εὐπρέπειαν
1801 710 1960 766 χαρι-

281 771 536 854 ’ζομένη,
594 781 736 853 ὁμοῦ
795 778 853 835 δὲ
909 781 1000 836 καὶ
1054 781 1157 850 τήν
1217 780 1509 859 ἀσφάλειαν
1566 780 1971 857 παραχομένηι

308 868 430 940 ἥτις
490 868 631 924 ἐστιν
685 873 720 939 ἡ
784 868 956 945 ὀφρῦς
990 912 1005 939 ,
1066 870 1265 925 ἄνωθεν
1334 864 1766 947 προϐεϐλημένη
1805 912 1819 937 ,
1871 867 1961 923 ’ίνα

308 957 608 1034 κατευθύνῃ
666 958 729 1013 τὸ
787 957 1063 1033 ὁρατικόν.
1124 959 1221 1013 Καὶ
1252 958 1449 1014 τούτου
1506 956 1800 1031 ἀπόδειξις,
1833 956 1957 1012 ὅταν

314 1046 597 1124 βουληθῇς
625 1045 906 1125 πόῥρωθέν
954 1069 1008 1103 τι
1063 1053 1514 1121 κατασκοπεῦσαι,
1552 1036 1652 1104 ’καὶ
1704 1045 1964 1111 κοιλάνας

310 1137 408 1205 τήν
442 1140 623 1212 χεῖρα,
656 1137 974 1213 ὑπερτείνῃς
1018 1141 1127 1193 τῶν
1175 1137 1417 1214 ὀφρύων.
1468 1137 1560 1200 Εἰς
1590 1137 1642 1192 τί
1667 1138 1768 1214 γὰρ
1800 1136 1961 1191 τοῦτο

311 1231 487 1288 ποιεῖς
514 1244 527 1295 ;
555 1223 649 1281 ἵνα
676 1227 741 1281 τὸ
791 1225 879 1281 ἐπὶ
927 1227 990 1281 τὸ
1039 1223 1148 1282 ἄνω
1198 1224 1626 1304 διαφορούμενον
1654 1230 1753 1291 τῆς
1784 1221 1961 1300 ὅψεως

316 1315 391 1388 μή
443 1314 561 1385 εἰκῆ
595 1312 962 1388 σκεδάννυται,
990 1320 1071 1388 τῷ
1100 1312 1294 1371 πλάτει
1322 1320 1420 1371 τοῦ
1452 1316 1607 1388 ἀέρος
1639 1308 1964 1390 ἐγκαταχεὸ-

316 1423 497 1478 μενον·
548 1401 677 1459 ἀλλ’
729 1402 789 1459 ἔκ
815 1426 875 1460 τε
909 1411 1012 1475 τῆς
1061 1402 1263 1470 ἄνωθεν
1295 1405 1500 1481 ἀνοχῆς
1530 1412 1630 1475 τῆς
1662 1405 1872 1481 χειρὸς,
1906 1403 1965 1458 ἐκ

309 1512 369 1547 τε
404 1500 504 1563 τῆς
559 1491 758 1549 ἄνωθεν
804 1489 1094 1569 προϐολῆς
1139 1498 1248 1550 τῶν
1312 1493 1526 1573 ὀφρύων
1580 1493 1966 1566 κατευθυνόμε-

311 1603 425 1651 νον,
474 1577 851 1659 ἀκριϐέστερον
884 1583 1049 1659 σχοίη
1094 1587 1192 1638 τοῦ
1242 1584 1441 1660 ὁρατοῦ
1497 1584 1596 1652 τὴν
1633 1580 1962 1656 μετάληψιν.

312 1671 412 1727 Διὰ
463 1676 625 1726 τοῦτο
685 1672 904 1750 ὀφρύες,
959 1672 1100 1746 ὁμοῦ
1152 1673 1249 1745 μὲν
1277 1673 1340 1728 τὸ
1372 1672 1595 1728 ὀπτικὸν
1625 1677 1732 1727 τῶν
1766 1668 1969 1747 ὀφθαλ-

317 1764 431 1834 μῶν
456 1760 900 1831 κατευθύνουσαι,
949 1762 1091 1835 ὁμοῦ
1123 1759 1181 1817 δὲ
1230 1761 1322 1817 καὶ
1372 1762 1464 1817 τὸν
1516 1757 1717 1825 ἄνωθεν
1772 1759 1968 1835 καταρ-

315 1846 1086 1946 ῥέονταάδρῶταιὲπέχουσαι,
1134 1850 1225 1946 καὶ
1269 1851 1372 1905 οὐκ
1412 1849 1575 1946 ἐῶσαι
1606 1850 1964 1946 καταχεῖσθαι
1998 1882 2044 1946 Β

312 1942 420 1992 τῶν
464 1937 835 2013 αἰσθητηρίων
885 1937 976 1994 καί
1008 1936 1321 2012 ἐμποδίζειν
1350 1944 1472 2001 ταῖς
1523 1934 1732 2014 ὄψεσιν,
1766 1937 1881 1993 οἷόν
1912 1958 1967 1992 τι

317 2024 669 2103 διατείχισμα
723 2029 907 2083 ἱκανὸν
958 2029 1098 2104 πρὸς
1162 2029 1264 2099 τὴν
1318 2034 1420 2099 τῆς
1475 2026 1670 2102 ἔξωθεν
1704 2026 1965 2099 ἐπιούσης

321 2111 532 2193 βλάϐης
560 2116 902 2189 ἀποτροπήν.

387 2208 476 2263 17.
509 2210 681 2268 Ποῖος
715 2204 1098 2281 ἀμπελουργὸς
1154 2205 1297 2261 οὕτω
1329 2204 1551 2262 δύναται
1579 2204 1839 2285 ἀσφαλῶς
1863 2208 1964 2277 τήν

315 2293 516 2350 οἰκείαν
570 2292 817 2367 ἄμπελον
848 2294 1212 2367 περικλεῖσαι,
1242 2296 1334 2350 καὶ
1365 2295 1586 2371 θριγκὸν
1619 2295 1756 2371 αὐτῇ
1785 2299 1969 2351 τοιοῦ-

310 2404 405 2440 τον
463 2378 806 2460 περιϐαλεῖν,
866 2384 943 2448 ὡς
998 2379 1318 2440 ἀνεπίϐατον
1374 2385 1592 2447 πάντως
1647 2385 1968 2448 καθεστάναι

312 2473 404 2528 τὸν
458 2476 669 2549 χῶρον,
703 2473 778 2535 ὡς
810 2473 839 2528 ὃ
868 2474 999 2536 Θεὸς
1030 2472 1369 2548 ἐξειργάσατο
1392 2473 1495 2543 τὴν
1522 2477 1634 2529 τῶν
1666 2472 1968 2549 ὀφθαλμῶν

314 2556 644 2638 περιϐολὴν,
695 2563 797 2631 τὴν
851 2565 960 2616 τῶν
1016 2561 1231 2639 ὀφρύων
1289 2556 1596 2637 περιϐολὴν
1627 2561 1703 2627 εἰς
1729 2564 1830 2633 τήν
1859 2567 1967 2618 τῶν

319 2649 620 2728 ὀφθαλμῶν
653 2649 927 2725 φυλακὴν,
962 2647 1269 2722 μηνοειδῶς
1320 2653 1458 2724 ἡμῖν
1506 2652 1669 2713 αὐτὰς
1700 2653 1970 2728 περιγρά-

317 2741 443 2812 ψας,
474 2738 581 2794 ἀπὸ
634 2744 760 2811 μιᾶς
819 2733 1109 2813 συμϐολῆς
1152 2745 1254 2808 τῆς
1330 2739 1468 2794 κατὰ
1521 2740 1623 2806 τήν
1683 2740 1822 2816 ῥῖνα,
1890 2740 1970 2820 ἐφ’

317 2826 542 2903 ἑκάτερα
589 2828 658 2882 τὰ
717 2827 856 2903 μέρη
911 2825 1339 2901 διατεινομένας·
1393 2825 1487 2882 ’ίνα
1538 2830 1567 2883 6
1623 2826 1794 2905 ἱδρὼς
1840 2828 1973 2903 τῇδε

316 2916 532 2972 κάκεῖσε
577 2916 903 2994 περιῤῥέων,
970 2914 1244 2991 μηδεμίαν
1299 2916 1567 2994 ἀσχολίαν
1625 2917 1842 2996 παρέχῃ
1890 2924 1973 2992 τῷ

317 3013 569 3064 πονοῦντι
628 3008 901 3084 ἀνθρώπῳ
947 3009 1071 3084 περὶ
1128 3010 1192 3064 τὸ
1246 3009 1607 3084 προκείμενον
1650 3007 1833 3086 ἔργον,
1880 3008 1971 3065 καί

317 3101 387 3172 τῇ
426 3097 623 3153 τούτου
672 3097 822 3173 χειρῖ
870 3097 1097 3171 ἀνιούσῃ
1153 3102 1397 3173 συνεχῶς
1456 3097 1545 3153 ἐπὶ
1591 3098 1720 3163 τοὺς
1762 3098 1972 3177 ὀφθαλ-

325 3184 484 3259 μοὺς,
541 3185 633 3241 καὶ
705 3185 805 3247 τὰς
876 3187 1320 3264 καταφερομένοις
1385 3185 1603 3249 νοτίδας
1654 3188 1976 3261 ἀπομασσο-

327 3245 482 3349 ptui"
540 3271 670 3330 ἀλλ’
728 3245 869 3348 ὁμοῦ
947 3245 1042 3348 μὲν
1087 3245 1348 3351 Ιδίαρῤέῃ
1406 3245 1728 3349 αὐτομάτως
1768 3245 1869 3331 ⁸ἐπὶ
1911 3276 1979 3331 τὰ
2005 3245 2050 3312 C

323 3363 648 3436 ἑκατέρωθεν
706 3362 953 3439 πλάγια,
1016 3363 1455 3443 μεταφερόμενος
1514 3362 1603 3420 διὰ
1657 3370 1766 3420 τῶν
1824 3362 1981 3421 ἰδίων

327 3452 537 3529 ὀχετῶν
589 3453 788 3507 ἄνωθεν
828 3456 937 3507 τῶν
972 3451 1212 3531 ὀφρύων,
1248 3453 1391 3526 ὁμοῦ
1419 3474 1479 3508 τε
1510 3456 1588 3527 (α)
1618 3455 1672 3509 οἱ
1705 3451 1984 3533 ὀφθαλμοὶ

327 3539 722 3616 ἀνενοχλήτως
749 3542 851 3612 τὴν
886 3538 1027 3597 ἰδίαν
1078 3540 1382 3597 ἐπιτελοῖεν
1425 3541 1732 3618 ἐνέργειανς
1764 3541 1830 3600 Εἰ
1886 3543 1983 3616 μὶν

329 3629 424 3687 οὖν
472 3630 609 3687 κατά
661 3631 824 3707 μέρος
854 3629 946 3685 καὶ
991 3630 1117 3707 περὶ
1143 3635 1253 3686 τῶν
1294 3627 1508 3686 λοιπῶν
1543 3630 1726 3705 μελῶν
1756 3636 1855 3687 τοῦ
1886 3633 1988 3687 σώ-

331 3741 501 3795 ματος
539 3718 944 3796 βουληθείημεν
979 3717 1323 3795 λογίτασθαι,
1373 3719 1463 3775 καὶ
1508 3724 1607 3789 τήν
1650 3719 1730 3799 ἐφ’
1776 3721 1985 3796 ἒκάστφ

329 3809 518 3888 σοφίαν
562 3813 659 3864 τοῦ
689 3812 823 3865 Θεοῦ
855 3806 1215 3884 διατρανῶσαι
1263 3808 1354 3865 καὶ
1403 3808 1716 3883 ἐξυμνῆσαι,
1775 3809 1986 3866 ἐπιλείο

327 3901 416 3972 ψει
472 3897 688 3961 πάντως
744 3900 893 3970 ἡμᾶς
949 3899 986 3967 ἡ
1039 3896 1242 3975 ἡμέρα.
1301 3898 1484 3971 Ὑμεῖς
1536 3894 1595 3953 δὲ
1645 3899 1736 3953 καὶ
1767 3898 1818 3972 ἐξ
1869 3899 1984 3962 ἑνὸς

331 3986 499 4061 μόνου
534 3987 729 4061 μορίου
757 3988 1126 4057 κατανοήσατε
1171 3988 1386 4051 πάντως
1430 3987 1492 4041 τὸ
1538 3989 1638 4057 τῆς
1670 3986 1816 4052 θείας
1847 4009 1989 4065 προ-

323 4076 477 4139 νοίας
524 4077 651 4152 περὶ
697 4076 790 4132 τὸν
846 4074 1130 4151 ἄνθρωπον
1202 4077 1293 4132 καὶ
1353 4083 1616 4152 τεχνικῆς
1667 4076 1988 4150 οἰκονομίας

327 4163 785 4240 ἂπειροδύναμον·
837 4167 987 4238 ἡμᾶς
1037 4162 1085 4221 δ’
1138 4163 1522 4241 ἐπειγομένους
1574 4164 1662 4221 ἐπί
1708 4187 1831 4222 τινα
1860 4164 1983 4222 ὁδὸν

330 4256 650 4331 ἀναγκαίαν,
707 4256 822 4329 μετ’
870 4253 1050 4331 εὐχῶν
1102 4255 1466 4330 προπέμψατε
1492 4301 1506 4323 ,
1565 4253 1651 4310 ἰ¹να
1718 4253 1770 4310 ἐν
1826 4254 1987 4332 τάχει

327 4343 696 4407 ἀποσωθέντες
730 4390 745 4415 ,
792 4343 884 4399 καὶ
928 4348 1037 4399 τῶν
1089 4341 1432 4419 λειπομένων
1488 4340 1870 4418 ἀποδώσωμεν
1923 4346 1987 4401 τὸ

328 4435 514 4510 χρέος·
569 4434 756 4511 χάριτι
803 4436 902 4489 τοῦ
956 4432 1131 4488 πάντα
1177 4432 1646 4507 οῗκονομήσαντος
1671 4433 1797 4510 περὶ
1836 4436 1985 4507 ἡμᾶς

2071 619 2183 674 que
2214 603 2403 667 oculo.
2457 605 2712 677 pilorum
2760 604 2990 660 exsistit
3036 602 3401 674 tuitio;quaa
3452 605 3580 657 tum
3631 602 3734 656 de-

2069 708 2264 749 corem
2327 692 2550 749 ambitu
2600 693 2892 761 conciliet,
2954 697 3080 748 tum
3141 706 3276 746 vero
3327 691 3505 746 etiam
3557 705 3733 746 secu-

2072 780 2306 837 ritatem
2339 787 2612 855 praestet;
2647 780 3029 853 supercilium
3063 779 3280 836 scilicet
3312 795 3567 851 superne
3594 795 3732 850 pro-

2071 870 2314 927 ductum
2382 876 2442 927 ut
2516 869 2823 926 oculorum
2896 870 3079 926 aciem
3158 869 3393 940 dirigat.
3469 866 3735 938 Huicque

2072 959 2222 1013 847
2259 958 2342 1014 rei
2373 963 2721 1032 argumento
2753 963 2862 1027 est,
2896 959 3051 1031 quod
3099 974 3232 1014 cum
3285 956 3483 1012 animo
3515 955 3736 1012 consti-

2071 1052 2267 1104 tutum
2300 1049 2403 1115 sit,
2436 1053 2502 1105 ut
2524 1066 2645 1105 rem
2678 1049 2851 1121 longe
2881 1049 3201 1103 distantem
3225 1045 3569 1119 speculeris,
3601 1061 3735 1100 cur-

2070 1142 2264 1194 vatam
2289 1156 2530 1194 manum
2550 1137 2884 1211 superciliis
2903 1136 3351 1202 obtendis.Quid
3370 1135 3526 1191 enim
3542 1151 3734 1190 causas

2074 1232 2139 1281 ut
2168 1226 2225 1282 id
2259 1227 2439 1283 facias
2460 1227 2488 1283 ?
2521 1228 2591 1285 Ut
2623 1227 2906 1282 nimirum
2929 1226 3086 1298 quod
3110 1225 3341 1280 videndi
3374 1223 3462 1280 vis
3488 1240 3731 1280 sursum

2072 1332 2277 1373 versus
2308 1317 2622 1389 disjicitur,
2655 1317 2811 1372 haud
2838 1319 3057 1371 frustra
3088 1313 3426 1386 dissipetur,
3451 1318 3734 1385 vastoque

2074 1422 2206 1462 aere
2237 1406 2602 1462 diffundatur
2630 1432 2644 1474 ;
2676 1406 2777 1462 sed
2812 1409 2975 1461 tanta
3004 1403 3276 1476 superius
3308 1420 3509 1473 manu,
3554 1403 3737 1458 desu-

2074 1512 2292 1567 perque
2324 1495 2613 1565 protensis
2660 1494 2995 1567 superciliis
3026 1493 3268 1563 directa,
3301 1509 3424 1547 rem
3475 1492 3530 1546 in
3565 1507 3737 1563 aspe-

2076 1589 2234 1641 ctum
2267 1586 2575 1641 cadentem
2625 1584 2960 1639 accuratius
3008 1582 3314 1655 percipiat.
3374 1582 3500 1636 llaec
3531 1596 3739 1652 super-

2075 1673 2344 1730 ciliorum
2379 1673 2554 1742 ratio,
2583 1691 2711 1745 quae
2759 1679 2887 1728 tum
2945 1671 3250 1728 oculorum
3310 1669 3590 1726 obtuendi
3619 1668 3737 1724 vim

2076 1762 2356 1835 dirigant,
2385 1768 2629 1835 tumque
2659 1761 2837 1817 etiam
2877 1762 3132 1833 desuper
3173 1759 3528 1815 deﬂuentem
3561 1759 3739 1814 sudo-

2075 1869 2198 1909 rem
2232 1852 2545 1923 retineant,
2579 1868 2685 1908 nec
2728 1851 2914 1907 oculis
2963 1851 3187 1907 otl‘undi
3242 1850 3441 1906 sinant
3470 1848 3741 1921 visuique

2076 1942 2331 2009 officere,
2361 1940 2519 1997 velut
2545 1941 2843 2013 quoddam
2865 1940 3431 2012 intersepimentum,
3465 1956 3499 1993 a
3529 1954 3592 1994 se
3614 1937 3741 1993 ido-

2076 2048 2255 2087 neum
2285 2030 2710 2103 sufﬁciensque
2742 2031 2813 2086 ad
2839 2030 3176 2100 arcendam,
3212 2046 3338 2103 quae
3364 2028 3436 2084 ab
3468 2026 3742 2085 exteriori

2078 2125 2190 2190 est,
2221 2120 2524 2191 injuriam.

2151 2208 2236 2265 17.
2271 2208 2413 2277 Quis
2443 2226 2584 2282 rogo
2612 2208 2833 2264 vinitor
2854 2208 2936 2264 sic
2969 2212 3094 2264 tuto
3115 2207 3347 2264 vineam
3374 2223 3543 2263 suam
3566 2208 3746 2279 queat

2078 2298 2409 2367 occludere,
2444 2299 2939 2372 circumjectaque
2968 2297 3334 2366 communire
3365 2297 3641 2363 maceria,
3674 2298 3744 2350 ut

2076 2385 2244 2444 locus
2273 2403 2515 2460 prorsus
2545 2387 2884 2444 inaccessus
2926 2387 3193 2457 exsistat,
3239 2385 3744 2458 quemadmodum

2080 2476 2237 2533 Deus
2266 2476 2571 2533 oculorum
2618 2477 2789 2532 nobis
2833 2477 3126 2532 ambitum
3167 2476 3379 2542 etfacit,
3430 2475 3649 2547 quibus
3680 2477 3747 2529 ut

2080 2569 2354 2621 caveatur
2381 2564 2833 2638 superciliorum
2863 2565 3064 2620 orbem
3108 2562 3533 2620 semicirculari
3562 2562 3746 2617 ductu

2080 2670 2199 2710 uno
2230 2656 2299 2709 ad
2346 2670 2557 2709 nasum
2606 2654 2882 2710 conﬂuxu
2934 2652 3209 2724 utrinque
3257 2658 3534 2725 protensa
3564 2650 3742 2718 linea,

2079 2743 2325 2812 affinxit,
2359 2760 2477 2816 quo
2508 2744 2709 2810 sudor,
2742 2744 2879 2799 hinc
2908 2745 3046 2800 inde
3076 2744 3364 2811 deﬂuens,
3400 2741 3546 2798 nihil
3578 2741 3740 2797 labo-

2080 2833 2232 2891 ranti
2263 2833 2489 2889 homini
2519 2833 2735 2905 negotii
2762 2834 2956 2902 faciat,
2982 2834 3036 2888 in
3072 2833 3318 2905 quodvis
3343 2849 3492 2905 opus
3516 2832 3741 2903 impen-

2081 2923 2264 2990 ditur,
2297 2939 2625 2994 manusque
2655 2921 2840 2979 libera
2870 2922 2970 2989 sit,
3003 2940 3108 2978 nec
3130 2924 3203 2978 ad
3235 2921 3436 2978 oculos
3467 2920 3745 2977 continue

2083 3011 2287 3079 levari,
2318 3017 2497 3084 atque
2526 3012 2664 3067 inde
2693 3011 3046 3068 deﬂuentem
3070 3010 3379 3066 humorem
3409 3011 3752 3082 abstergere

2087 3101 2315 3157 debeat.
2371 3102 2482 3157 Sed
2535 3100 2712 3156 simul
2769 3102 3005 3173 quidem
3057 3101 3130 3156 ad
3180 3106 3502 3171 utrumque
3543 3104 3760 3172 sponte

2086 3189 2246 3245 latus
2292 3206 2396 3261 per
2444 3206 2586 3245 suos
2634 3189 2869 3246 canales
2928 3207 3108 3262 super
3165 3190 3484 3263 supercilia
3512 3188 3758 3257 deﬂuat,

2094 3278 2393 3350 simulque
2422 3277 2577 3334 oculi
2629 3278 2794 3334 nulla
2825 3277 3097 3335 molestia
3143 3296 3310 3335 suam
3355 3278 3756 3351 operationem

2094 3366 2422 3439 perﬁciant.
2448 3367 2600 3423 Sane
2628 3367 2828 3440 igitur,
2862 3367 2910 3424 si
2943 3368 3181 3440 quidem
3216 3366 3520 3441 sigillatim
3551 3384 3760 3439 oorpo-

2096 3455 2175 3511 ris
2205 3456 2471 3512 membra
2502 3456 2728 3528 reliqua
2776 3457 3026 3513 rationis
3054 3457 3207 3512 libra
3253 3457 3505 3513 velimus
3535 3472 3755 3529 expen-

2093 3546 2252 3614 dere,
2306 3545 2522 3616 Deique
2570 3545 2630 3600 in
2684 3545 2940 3617 singulis
2987 3546 3340 3618 sapientiam
3390 3544 3759 3602 enucleatius

2107 3635 2339 3690 tradere
2361 3651 2427 3690 ac
2472 3633 2798 3706 dilaudare,
2823 3635 3063 3691 omnino
3085 3634 3317 3690 deficiet
3347 3651 3455 3691 nos
3493 3640 3755 3707 tempus.

2098 3723 2210 3780 Vos
2242 3724 2438 3795 itaque
2466 3722 2555 3779 vel
2589 3739 2658 3779 ex
2690 3740 2806 3778 uno
2837 3725 3125 3794 membro,
3157 3731 3215 3779 et
3244 3723 3484 3796 quidem
3517 3723 3753 3796 exiguo,

2094 3829 2337 3884 prorsus
2368 3817 2610 3884 pensate
2634 3811 2846 3868 divinas
2878 3829 3017 3886 erga
3046 3812 3344 3869 hominem
3379 3811 3758 3885 providentia)

2094 3902 2360 3975 artisque
2389 3901 2802 3974 dispositionis
2830 3901 2951 3957 vim
2978 3901 3270 3958 intinitam
3296 3927 3311 3971 ;
3339 3918 3565 3975 nosque
3586 3903 3757 3972 adeo,

2095 3991 2196 4063 qui
2228 3992 2300 4047 ad
2323 3991 2724 4048 necessarium
2748 3992 3045 4063 quoddam
3071 3991 3181 4047 iter
3210 4007 3610 4065 properemus,
3631 4008 3763 4063 pre-

2094 4080 2263 4136 cibus
2294 4080 2587 4151 deducite,
2617 4085 2683 4135 ut
2702 4096 2773 4135 ex
2804 4078 2903 4135 illo
2926 4097 3103 4152 quam
3125 4080 3239 4137 cito
3268 4080 3759 4151 incolomes,qum

2096 4174 2237 4225 sunt
2284 4169 2513 4242 reliqua
2561 4169 2743 4225 debiti
2793 4169 3206 4238 exsolvamus;
3257 4168 3493 4226 Domini
3543 4169 3758 4243 gratia,

2097 4259 2197 4330 qui
2233 4275 2372 4331 erga
2402 4275 2504 4315 nos
2537 4258 2811 4331 prudenti
2842 4259 3088 4315 consilio
3121 4260 3384 4331 disponit
3403 4259 3625 4328 omnia,
3656 4258 3762 4331 qui

2098 4364 2205 4404 nos
2234 4348 2451 4404 creavit
2473 4365 2576 4403 sua
2598 4347 2787 4419 gratia
2812 4364 2825 4415 ;
2854 4348 2947 4403 cui
2972 4347 3160 4421 gloria
3185 4353 3243 4404 et
3271 4352 3531 4421 potestas
3559 4349 3620 4403 in
3648 4365 3761 4404 sa-

2096 4438 2232 4493 cula
2262 4436 2635 4493 saeculorum.
2666 4441 2876 4492 Amen.

329 4523 549 4601 Κυρίου,
607 4527 706 4579 τοῦ
759 4521 1043 4587 κτίσαντος
1094 4523 1246 4598 ἡμᾶς
1272 4526 1343 4599 τῇ
1401 4521 1569 4578 αὐτοῦ
1602 4524 1813 4601 χάριτιο
1873 4524 1958 4580 ὅτι
2016 4523 2164 4599 αύτῷ
2187 4525 2222 4597 ἠ
2257 4522 2384 4596 δόξα
2430 4523 2521 4581 καὶ
2551 4523 2613 4580 τὸ
2661 4526 2860 4602 κράτος
2891 4523 2967 4588 εἰς
2994 4525 3123 4589 τοὺς
3148 4522 3353 4590 αἰῶνας
3382 4530 3492 4583 τῶν
3522 4523 3761 4585 αἰώνων.

324 4613 535 4688 Ἀμήν.

742 4850 859 4906 Τοῦ
886 4844 1052 4904 αὐτοῦ
1089 4845 1215 4923 περί
1242 4845 1570 4925 παραδείσου

988 4956 1217 5013 ΛΟΓΟΣ
1255 4959 1329 5012 I“.

406 5067 459 5123 1.
507 5062 609 5120 Καὶ
687 5060 970 5138 ἐφύτευσεν
1037 5062 1067 5119 6
1139 5062 1270 5127 Θεὸς
1340 5058 1668 5138 παράδεισον
1719 5059 1771 5117 ἐν
1827 5056 1994 5137 Ἐδὶμ

333 5155 469 5209 κατὰ
526 5151 794 5215 ἀνατολὰς
828 5194 842 5221 ,
895 5150 988 5207 καὶ
1046 5148 1198 5216 ἔθετο
1255 5150 1368 5207 ἐκεῖ
1417 5152 1508 5208 τὸν
1560 5148 1872 5229 ἄνθρωπον,
1930 5150 1989 5207 ὸν

337 5239 558 5298 ἔπλασε.
611 5241 915 5315 Νοήσωμεν
952 5284 967 5308 ,
1028 5240 1289 5316 ἀκροαταὶ
1349 5240 1496 5312 ἀξίαν
1557 5245 1692 5297 Θεοῦ
1749 5240 1992 5317 φυτείαν,

336 5329 427 5387 καὶ
485 5326 807 5406 παράδεισον
864 5327 1142 5405 πρέποντα
1184 5329 1257 5406 τῇ
1286 5328 1591 5409 φιλοκαλίᾴ
1612 5334 1711 5386 τοῦ
1739 5331 1991 5387 τοιούτου

337 5419 430 5477 καὶ
483 5415 817 5490 τηλικούτου
876 5416 1243 5497 δημιουργοῦ.
1303 5421 1389 5478 Ἐν
1451 5421 1548 5498 μὲν
1596 5426 1717 5486 τοῖς
1764 5419 1992 5478 κατόπιν

415 5566 464 5604 ³⁸
494 5564 644 5623 Gen.
674 5580 740 5636 ιι,
769 5564 826 5623 8.

415 5710 497 5787 (α)
520 5707 609 5767 Tt.
642 5708 814 5770 Forte
842 5702 922 5767 δι.
952 5710 1113 5768 Enn.

2019 4851 2069 4918 D

2589 4852 2851 4925 Ejusdem
2880 4852 2954 4910 de
2976 4853 3258 4926 paradiso.

2725 4958 2998 5017 ORATIO
3036 4960 3140 5019 Ill.

2176 5064 2227 5121 1.
2282 5067 2351 5122 ιιι
2403 5064 2676 5137 plantavit
2741 5067 2889 5123 Deus
2942 5069 3283 5141 paradisum
3340 5068 3401 5124 in
3459 5066 3627 5125 Edam
3691 5069 3766 5127 ad

2102 5154 2399 5211 orientales
2421 5155 2637 5227 plagas,
2659 5158 2712 5211 ei
2736 5157 2921 5227 posuit
2949 5157 3032 5212 ibi
3051 5156 3337 5213 hominem
3362 5173 3520 5230 quem
3546 5159 3763 5229 forma-

2100 5242 2338 5300 verat“.
2391 5243 2477 5299 Ad
2531 5248 2788 5300 mentem
2837 5262 3199 5314 revocemus,
3252 5247 3572 5313 auditores,
3602 5248 3762 5319 ejus-

2103 5334 2262 5390 modi
2289 5333 2712 5407 plantationem
2761 5351 2889 5407 quis
2919 5339 3033 5390 Deo
3081 5336 3262 5409 digna
3291 5339 3389 5409 sit,
3433 5353 3503 5394 ao
3532 5336 3762 5409 paradi-

2101 5438 2261 5496 sum,
2292 5422 2395 5497 qui
2418 5421 2558 5481 talis
2587 5422 2853 5496 tantique
2882 5414 3112 5493 opiﬁcis
3140 5425 3286 5483 artis
3311 5425 3612 5486 solertiam
3643 5423 3762 5485 elo-
