4154 6416
356 426 435 486 65
1518 396 1621 481 ne
1665 418 2080 497 PARADISO,
2126 418 2416 479 ORATIO
2458 420 2567 482 ιη.
3694 422 3776 483 σθ

358 555 596 631 δυνηθῇς
651 555 750 631 όψέ
800 576 932 611 ποτε
977 557 1079 620 τῆς
1126 553 1338 631 ἰξορίας
1365 552 1789 616 ἀνακαλέσασθαι
1853 570 2010 605 σεαυ-

2134 554 2350 607 sentare
2381 552 2693 623 sufficiam,
2727 557 2791 609 ut
2820 570 3017 610 eorum
3052 553 3258 610 merito
3315 554 3568 609 carentis
3619 570 3769 611 mce-

356 647 471 718 τὸν,
504 645 595 700 καὶ
632 644 769 720 πρὸς
815 644 991 699 ἰκεῖνα
1018 640 1462 719 παλινδρομήσαι
1506 642 1573 697 τὰ
1627 635 1818 717 βέϐαια
1866 639 2013 695 καλᾶ

359 734 448 791 καὶ
477 735 699 812 τερπνὰ,
732 732 821 788 καὶ
853 733 1023 809 ἀμιγῆ
1057 736 1163 787 τῶν
1188 729 1410 811 φαύλων
1439 731 1529 787 καὶ
1561 730 1825 806 λυπηρῶν
1851 747 1866 799 ;

2125 659 2280 713 rens,
2313 645 2550 699 tandem
2583 644 2899 716 aliquando
2942 646 3014 702 ab
3063 645 3267 701 exsilio
3322 650 3440 701 tete
3497 663 3769 703 revocare

2122 730 2339 799 valcas,
2374 737 2549 804 atque
2580 734 2650 788 ad
2682 734 2780 789 illa
2821 735 2989 790 firma
3047 735 3199 790 bona
3251 751 3318 790 ac
3375 734 3766 803 delectabilia,

361 825 657 897 nullisque
679 824 850 881 malis
883 840 948 880 ac
969 824 1240 880 tristibus
1270 823 1604 888 commista,
1638 820 2001 894 postlimidio
2036 819 2274 876 redire?

433 917 484 971 4.
519 912 641 971 Eiet
689 912 783 986 μὶν
829 912 932 987 γὰρ
984 910 1256 975 κάνταῦθα
1304 909 1573 985 λειμῶνες
1623 910 1888 980 εὐανθεῖς,
1921 908 2012 962 καὶ

360 1004 459 1071 τήν
519 1003 640 1058 θέαν
694 1000 1083 1071 περικαλλεῖς·
1143 998 1292 1056 ἀλλά
1346 1004 1602 1055 τοσοῦτον
1657 996 2012 1075 χαριέστατον

360 1095 430 1167 τῇ
462 1089 672 1162 διανοίᾳ
693 1089 1045 1168 φαντάσθητι·
1079 1094 1198 1153 πῶς
1227 1089 1291 1144 τὸ
1346 1087 1506 1167 ῥόδον
1569 1088 1662 1163 μὲν
1724 1089 1858 1162 μετά
1910 1092 2013 1157 τῆς

363 1181 600 1249 ἀκάνθης
625 1177 732 1234 ὦδε
759 1180 1160 1253 κεκρυμμένον,
1191 1173 1321 1255 ἔχον
1352 1180 1451 1246 τὴν
1486 1175 1679 1248 ἀηδίαν
1712 1180 1780 1251 τῇ
1825 1175 2013 1252 χάριτι

361 1267 692 1343 σύνδρομον,
722 1271 815 1323 καὶ
846 1269 1145 1343 μονονουχὶ
1197 1265 1701 1343 διαμαρτυρόμενον
1732 1268 1896 1339 ἡμῖν,
1930 1264 2012 1320 ὅτι

361 1359 430 1414 τὰ
457 1361 662 1434 τερπνὰ
684 1357 857 1412 πάντα
885 1361 982 1412 τοῦ
1011 1355 1143 1431 τῇδε
1176 1356 1298 1433 βίου
1326 1361 1443 1418 τοῖς
1501 1353 1774 1430 λυπηροῖς
1815 1351 2015 1426 ἀναμε-

368 1468 576 1521 μικται.
609 1451 700 1519 Τῷ
732 1441 844 1501 ὄντι
874 1445 980 1522 γὰρ
1023 1443 1176 1500 οὐδὲν
1234 1449 1342 1500 τῶν
1396 1444 1752 1519 ἀνθρωπίνων
1798 1443 2010 1516 ἀγαθῶν

363 1536 689 1613 ἀκραιφνὲςο
722 1533 868 1591 ἀλλά
917 1536 1060 1608 πάσῃ
1115 1538 1355 1609 κοσμικῇ
1415 1532 1716 1611 εὐφροσύνῃ
1776 1532 1930 1595 εὐθὺς
1979 1534 2015 1601 ἡ

367 1622 516 1695 λύπη
570 1624 1171 1701 ωμπαραπὲπηγε’τῷ
1215 1623 1379 1698 γάμῳ
1428 1624 1463 1692 ἡ
1518 1620 1739 1699 χηρεία,
1765 1625 1835 1696 τῇ
1888 1640 2015 1675 παι-

369 1711 635 1792 δοτροφίᾳ
689 1715 724 1783 ἡ
787 1712 1044 1788 μάριμνα,
1075 1716 1143 1788 τῇ
1202 1712 1448 1784 εὐτεκνίᾳ
1498 1713 1534 1782 ἡ
1592 1705 1872 1781 ἀποϐολὴ,
1898 1714 2018 1772 ταῖς

363 1802 741 1878 περιφανείαις
789 1803 844 1857 αἱ
902 1803 1140 1876 ἀτιμίαι,
1184 1806 1305 1863 ταῖς
1353 1805 1582 1878 τρυφαῖς
1637 1800 1690 1854 at
1743 1799 2017 1876 παρέσεις,

366 1896 487 1954 ταῖς
533 1890 766 1966 ὑγιείαις
807 1891 862 1946 αἱ
911 1890 1242 1968 ἀρρωστίαι·
1289 1889 1518 1960 ἀνθηρὸν
1564 1889 1627 1943 τὸ
1676 1884 1862 1965 ῥόδον,
1893 1885 2024 1944 ἀλλ’

369 1978 495 2053 ἰμοὶ
524 1981 823 2056 κατήφειαν
856 1978 1097 2052 ἐμποιεῖ·
1131 1980 1313 2039 ὁσάκις
1341 1978 1441 2053 γὰρ
1474 1975 1533 2032 ἂν
1584 1974 1687 2032 ἷ¹δω
1732 1978 1794 2032 τὸ
1837 1975 2017 2045 ἄνθος,

366 2070 466 2136 τῆς
553 2067 822 2142 ἁμαρτίας
889 2067 1380 2141 ἀναμιμνήσκομαι
1436 2073 1536 2136 τῆς
1589 2065 1773 2140 ἐμῆς,
1828 2063 1899 2120 δι’
1955 2068 2022 2135 ἧς

369 2154 604 2220 ἀκάνθας
635 2159 670 2225 ἡ
702 2163 774 2232 γῆ
806 2157 894 2211 καὶ
926 2150 1225 2232 τριϐόλους
1283 2153 1596 2211 ἀνατέλλειν
1654 2152 2015 2226 κατεδικάσθη

373 2265 490 2317 μοι.
521 2247 618 2300 Καὶ
649 2244 877 2301 ἐνταῦθα
912 2246 1005 2317 μὶν
1059 2245 1151 2300 οὖν
1217 2244 1611 2321 ὀλιγοχρόνιος
1656 2249 1763 2299 τῶν
1816 2247 2017 2321 ἡρινῶν

368 2332 570 2390 ἀνθέων
600 2337 636 2404 ἡ
668 2335 852 2410 χάρις,
886 2328 964 2389 ἔτι
1007 2338 1308 2398 ποθοῦντας
1355 2336 1504 2406 ἡμᾶς
1557 2332 1887 2390 ἐπιλιποῦσα
1911 2353 1924 2366 ·
1955 2333 2021 2388 οὐ

367 2424 469 2498 γὰρ
502 2421 744 2501 ἔφθημεν
789 2421 1140 2497 δρεψάμενοι,
1170 2424 1261 2478 καὶ
1320 2421 1375 2478 ἰν
1432 2427 1552 2485 ταῖς
1607 2422 1796 2499 χερσὶν
1856 2424 2022 2495 ἡμῶν

369 2511 745 2586 ἀπεμαράνθη.
780 2512 930 2568 Ἐκεῖ
973 2508 1032 2566 δὶ
1071 2511 1135 2566 τὸ
1183 2507 1340 2573 ἄνθος
1386 2509 1448 2566 οὐ
1494 2512 1631 2584 πρὸς
1678 2509 1856 2586 βραχὺ
1911 2508 2023 2565 δια-

371 2599 612 2673 λάμπον,
644 2602 756 2655 εἶτα
784 2598 1060 2664 ἐκλεῖπον,
1095 2597 1241 2654 ἀλλά
1271 2596 1484 2674 διαρκὲς
1515 2599 1578 2654 τὸ
1611 2599 1838 2674 τερπνὸν
1890 2597 2019 2674 ἔχον

369 2689 459 2743 καὶ
524 2685 724 2759 ἀΐδιον,
780 2686 1158 2743 ὰσυντὲλεστον
1211 2690 1312 2757 τὴν
1365 2687 1686 2744 ἀπόλαυσιν·
1734 2691 1768 2758 ἡ
1823 2687 2023 2744 εὐωδία

371 2777 683 2852 ἀκόρεστος,
739 2780 774 2847 ἡ
834 2773 1064 2853 εὐχροία
1128 2773 1393 2848 διηνεκῶς
1447 2776 1900 2854 ἐξαστράπτουσα.
1942 2777 2020 2834 Οὐ

373 2866 486 2942 βίαι
540 2866 752 2939 ἀνέμων
808 2864 1244 2939 παραλυποῦσιν,
1280 2867 1343 2921 οὐ
1395 2866 1650 2940 νηνεμίαι
1711 2867 2020 2941 ἀπομαραί-

366 2976 569 3024 νουσιν,
602 2955 666 3010 οὐ
695 2956 920 3031 παγετοὶ
972 2955 1387 3030 ἀποπνίγουσιν,
1420 2955 1527 3031 οὐχ
1574 2954 1741 3026 ἡλίου
1799 2955 2019 3035 φλόγω-

370 3065 452 3106 σις
478 3044 860 3123 καταφρύσσει·
895 3042 1045 3100 ἀλλὰ
1101 3045 1317 3116 πνεῦμα
1372 3044 1613 3119 μέτριον,
1644 3042 1851 3116 λεπτήν
1900 3066 2023 3100 τινα

2196 909 2247 963 4.
2281 909 2430 964 Sane
2461 908 2698 982 quidem
2731 926 2838 964 nec
2894 910 2987 966 hic
3045 912 3260 967 desunt
3318 915 3485 984 prata
3545 910 3773 980 ﬂorida,

2126 1001 2486 1069 aspectuque
2518 997 2869 1070 perpulchra
2897 1017 2966 1054 ac
3008 1006 3211 1073 grata:
3264 1003 3417 1073 quod
3475 1002 3772 1058 enimvero

2123 1086 2219 1140 illa
2243 1088 2496 1142 maxime
2520 1089 2841 1160 gratiarum
2876 1088 3115 1152 habent,
3143 1091 3338 1147 animo
3362 1097 3610 1164 reputa;
3633 1108 3776 1163 quo-

2125 1192 2260 1230 nam
2286 1177 2457 1232 modo
2480 1194 2611 1232 rosa
2637 1193 2768 1232 cum
2790 1176 2961 1247 spina
2981 1177 3075 1232 hic
3099 1178 3354 1244 deliteat,
3378 1181 3550 1251 cujus
3571 1180 3772 1253 gratim

2124 1263 2453 1320 insuavitas
2476 1264 2702 1320 assecla
2718 1265 2980 1333 exsistat,
3020 1282 3313 1338 propeque
3341 1268 3509 1323 nobis
3541 1274 3774 1323 contes-

2122 1357 2297 1419 tetur,
2330 1354 2614 1425 quidquid
2645 1354 2771 1409 vitae
2805 1354 2982 1427 hujus
3006 1354 3445 1411 delectabilium
3470 1358 3779 1428 est,tristi-

2127 1442 2237 1495 bus
2267 1458 2332 1497 ac
2376 1441 2643 1499 molestis
2699 1460 2829 1500 esse
2886 1444 3286 1500 commistum.
3350 1445 3567 1502 Revera
3618 1447 3777 1504 enim

2127 1530 2291 1584 nulla
2319 1530 2380 1586 in
2412 1532 2581 1587 bonis
2613 1532 2892 1589 humanis
2924 1534 3151 1589 sincera
3182 1538 3324 1589 sunt
3351 1552 3418 1590 ac
3450 1552 3618 1608 pura,
3669 1536 3771 1593 sed

2128 1619 2323 1675 saeculi
2358 1620 2736 1676 omnilaatitiaa
2758 1621 3067 1677 confestim
3092 1622 3365 1678 mmstitia
3383 1623 3663 1697 dolorque
3681 1642 3777 1682 co-

2127 1708 2334 1779 haeret;
2362 1710 2610 1781 nuptiis,
2628 1709 2917 1779 viduitas;
2949 1709 3263 1767 liberorum
3284 1713 3639 1781 educationi,
3666 1714 3778 1771 sol-

2126 1796 2371 1853 licitudo
2390 1814 2457 1853 ac
2475 1815 2649 1866 cura;
2676 1799 2925 1871 copiosae
2952 1801 3262 1873 probaeque
3280 1801 3462 1874 prolis
3484 1803 3729 1860 amissio
3756 1822 3771 1874 ;

2130 1885 2468 1958 conspicuis
2484 1886 2828 1955 honoribus,
2855 1888 3114 1946 infamiae
3144 1890 3429 1946 dedecora
3452 1908 3467 1958 ;
3500 1891 3777 1964 volupta-

2129 1975 2311 2044 tibus,
2353 1976 2758 2031 membrorum
2776 1976 2992 2033 solutio
3017 1995 3029 2045 ;
3050 1979 3309 2048 sanitati,
3329 1980 3632 2050 aegritudo.
3650 1980 3779 2038 Flo-

2131 2064 2259 2119 rida
2288 2081 2424 2120 rosa
2453 2070 2564 2135 est,
2598 2069 2656 2120 at
2685 2070 2894 2121 mmsto
2928 2083 3018 2123 me
3064 2067 3258 2123 animo
3304 2068 3461 2124 facit.
3510 2070 3777 2134 Quoties-

2131 2169 2364 2224 cunque
2394 2154 2549 2208 enim
2584 2154 2784 2210 ﬂorem
2820 2156 3139 2228 conspicio,
3173 2157 3230 2211 in
3266 2157 3381 2213 mei
3429 2159 3778 2215 memoriam

2132 2241 2352 2313 peccati
2386 2242 2580 2313 redeo,
2610 2243 2781 2314 cujus
2814 2249 2972 2298 reatu
3007 2244 3292 2301 indictum
3327 2252 3510 2313 terrae,
3546 2252 3611 2303 ut
3632 2247 3781 2304 mihi

2131 2331 2334 2402 spinas
2365 2348 2431 2386 ac
2461 2330 2710 2386 tribulos
2741 2334 3032 2402 germinet
3058 2334 3121 2386 39.
3158 2335 3225 2390 Et
3254 2334 3347 2390 hic
3380 2353 3521 2391 sane
3554 2337 3783 2393 brevis-

2132 2418 2265 2473 simi
2298 2419 2582 2492 temporis
2615 2421 2768 2476 849
2802 2420 3012 2477 ﬂorum
3046 2422 3236 2494 gratia
3278 2428 3386 2489 est,
3438 2424 3541 2496 qui
3585 2409 3779 2482 adhuc

2132 2507 2437 2579 cupientes
2468 2509 2762 2565 deserant.
2797 2510 3056 2566 Necdum
3090 2511 3540 2584 enimlegimus,
3565 2514 3780 2570 cumin

2134 2596 2407 2652 manibus
2438 2598 2657 2654 nostris
2688 2615 3046 2656 emarcuere.
3084 2600 3206 2656 Illic
3237 2618 3370 2656 vero
3402 2600 3529 2673 ﬂos,
3553 2619 3670 2657 non
3702 2604 3776 2659 ad

2132 2686 2305 2742 breve
2335 2686 2620 2760 effulgens
2649 2693 2906 2760 tempus,
2940 2696 3188 2762 tumque
3208 2692 3504 2760 deﬁciens,
3523 2692 3624 2748 sed
3649 2709 3782 2765 per-

2132 2791 2368 2841 ennem,
2391 2777 2828 2847 jucunditatcm
2862 2796 2927 2834 ac
2954 2780 3373 2851 sempiternam
3407 2780 3631 2837 habens
3652 2800 3664 2850 ;
3686 2800 3776 2839 as-

2131 2869 2364 2935 pectum
2395 2871 2627 2937 gratum
2666 2885 2731 2923 ac
2762 2867 3179 2934 immortalem,
3218 2869 3552 2927 fruitionem
3610 2871 3777 2927 inde-

2133 2955 2385 3013 lebilem.
2421 2957 2783 3028 Fragrantia,
2829 2956 3023 3013 omnis
3075 2957 3230 3013 taedii
3283 2973 3519 3031 expers;
3567 2960 3781 3017 coloris

2134 3047 2395 3101 suavitas
2419 3045 2644 3117 jugiter
2672 3045 2978 3118 effulgens.
3010 3047 3164 3102 Nihil
3199 3054 3504 3103 ventorum
3525 3049 3785 3122 impetus

368 3133 461 3189 καὶ
500 3131 688 3204 ἡδεῖαν
742 3133 1123 3209 παρεχόμενον
1184 3130 1375 3205 αὔραν,
1405 3133 1496 3187 καὶ
1553 3132 1771 3211 κούφως
1831 3134 2017 3196 αὐτοῖς

2134 3150 2198 3188 ac
2228 3134 2494 3189 turbines
2529 3139 2756 3202 nocent,
2792 3151 2908 3190 non
2927 3137 3144 3191 sudum
3164 3142 3399 3209 tempus
3423 3137 3602 3194 nullis
3619 3139 3781 3198 auris

368 3223 458 3277 καὶ
491 3226 782 3296 προσηνῶς
827 3222 1104 3289 ἒπιπνέον,
1136 3218 1448 3294 ἀδάμαστον
1503 3217 1692 3296 χρόνῳ
1736 3221 1825 3276 καὶ
1876 3220 2019 3294 ἀμά-

369 3330 561 3385 ραντον
590 3311 690 3380 τὴν
719 3311 882 3385 χάριν
915 3309 1090 3365 αὐτῶν
1121 3307 1399 3378 διασώζει.

2129 3237 2524 3277 emarcescere
2556 3221 2735 3290 facit;
2780 3240 2893 3278 non
2935 3223 3153 3295 glacies
3201 3225 3435 3281 horrida
3473 3226 3782 3299 congelat;

2129 3327 2241 3365 non
2268 3309 2410 3366 solis
2428 3311 2602 3366 ardor
2630 3317 2776 3367 aestu
2807 3316 3024 3381 torret;
3051 3314 3151 3369 sed
3177 3315 3517 3371 moderatus
3536 3316 3778 3388 quidam

367 3406 597 3471 ventus,
633 3406 871 3457 tenuem
903 3402 1223 3472 quamdam
1256 3400 1605 3471 dulcemque
1636 3402 1901 3473 praebens
1922 3416 2146 3471 auram,
2168 3406 2427 3472 tempore
2450 3401 2867 3457 indomabilem
2891 3419 2957 3458 ac
2981 3403 3526 3462 immarcescibilem
3549 3405 3783 3464 illorum

366 3495 561 3547 servat
589 3488 863 3562 gratiam.

435 3580 491 3634 5.
523 3577 602 3633 Τά
659 3574 716 3632 δὲ
763 3580 870 3632 τῶν
915 3579 1092 3655 φυτῶν
1135 3573 1343 3646 κάλλη,
1405 3573 1527 3646 ἄξια
1572 3575 1662 3631 καὶ
1719 3575 1885 3645 αὐτῆς
1943 3577 2023 3650 (α)

361 3673 465 3734 τῆς
495 3663 860 3741 δημιουργίας
886 3664 977 3721 καὶ
1009 3663 1225 3744 φυτείας
1248 3669 1346 3720 τοῦ
1394 3665 1697 3727 κτίσαντος·
1741 3666 1839 3720 ὅσα
1886 3686 2020 3744 φρυ-

364 3756 562 3830 γανικὰ
606 3755 700 3809 καὶ
758 3750 857 3808 ὅσα
912 3750 1168 3827 ἴνθαμνα,
1200 3754 1266 3809 τὰ
1301 3752 1698 3831 μονοστέλεχα,
1729 3756 1798 3810 τὰ
1852 3754 2023 3811 πολύ-

364 3842 562 3909 κλαδα,
592 3844 661 3898 τὰ
691 3843 956 3917 ὑψίκομα,
984 3844 1053 3898 τὰ
1097 3842 1408 3920 ἀμφιθαλῆ,
1449 3844 1517 3899 τὰ
1574 3839 1922 3918 φυλλοϐόλα,
1954 3845 2021 3899 τὰ

363 3930 652 4010 ἀείφυλλα,
683 3933 753 3988 τὰ
805 3932 1177 4007 γυμνούμενα,
1209 3933 1276 3987 τὰ
1327 3931 1578 4001 ἀειθαλῆ,
1627 3932 1695 3988 τὰ
1745 3933 2018 4008 κάρπιμα,

362 4023 429 4077 τὰ
481 4019 716 4095 ἄκαρπα⁸
749 4021 817 4076 τὰ
876 4022 971 4095 μὲν
1015 4024 1085 4095 τῇ
1143 4023 1309 4097 χρείᾳ
1368 4021 1804 4098 ὑπηρετούμενα,
1841 4022 1909 4077 τὰ
1963 4019 2020 4077 δὲ

360 4112 502 4184 πρὸς
559 4109 864 4167 ἀπόλαυσιν
921 4105 1374 4185 συμϐαλλόμενα·
1405 4109 1581 4166 πάντα
1650 4112 1870 4187 μτγὲθει
1927 4110 2018 4166 καὶ

361 4198 560 4258 κάλλει
592 4197 937 4279 διαφέροντα,
966 4199 1231 4256 κατάσκια
1274 4205 1393 4266 τοῖς
1446 4197 1697 4273 κλάδοις,
1728 4199 2015 4280 ἀμφιθαλῆ

361 4295 483 4353 ταῖς
539 4290 759 4365 κόμαις,
806 4289 1038 4367 βρύοντα
1090 4297 1209 4353 τοῖς
1264 4295 1519 4367 καρποῖς,
1578 4287 1776 4352 ἄλλοις
1835 4287 2014 4361 ἄλλην

363 4378 554 4455 χρείαν
614 4381 757 4453 ὁμοῦ
812 4378 905 4435 καὶ
976 4379 1163 4454 τέρψιν
1242 4380 1493 4458 ἀφθόνως
1551 4378 1967 4454 ἀποπληροῦσιν

362 4467 589 4525 ἑκάστου
618 4469 721 4545 γὰρ
749 4472 859 4524 τῶν
885 4473 1108 4546 καρπῶν
1140 4468 1348 4523 τούτων
1377 4467 1524 4524 πολὺ
1560 4467 1654 4541 μὶν
1685 4468 1747 4523 τὸ
1800 4469 2018 4544 χάριεν,

360 4555 534 4615 πλέον
569 4555 627 4613 δὲ
658 4557 823 4614 πάλιν
849 4561 948 4613 τοῦ
975 4562 1210 4634 τερπνοῦ
1237 4558 1300 4612 τὸ
1327 4553 1615 4634 χρειῶδες.

435 4651 491 4704 6.
524 4651 691 4712 Βοῖος
722 4644 888 4722 λόγος
917 4648 1256 4723 παραστήσει
1291 4653 1394 4717 τῆς
1436 4643 1643 4717 ἡδονῆς
1695 4646 1906 4718 ἐκείνης
1960 4647 2024 4702 τὸ

369 4730 717 4812 ὑπερϐάλλον
745 4754 759 4805 ;
794 4736 916 4792 Ἐὰν
949 4734 1053 4810 γὰρ
1085 4733 1347 4810 συγκρίνῃ
1377 4755 1462 4797 τις
1490 4740 1609 4797 τοῖς
1641 4732 1748 4791 ὦδε
1780 4736 1847 4791 τὰ
1890 4734 2023 4809 ἐκεῖ,

362 4818 675 4900 καθυϐρίζει
730 4821 944 4896 μᾶλλυν
984 4825 1054 4897 τῇ
1103 4823 1417 4898 παραθέσει,
1469 4820 1506 4893 ἤ
1556 4825 1681 4878 τινά
1729 4845 1815 4878 σοι
1869 4823 2025 4900 ἐνάρ-

362 4932 513 4989 γειαν
578 4911 638 4968 ἐκ
705 4914 806 4982 τῆς
882 4910 1091 4973 εἰκόνος
1166 4911 1489 4987 παρίστησιν
1531 4958 1546 4982 ,
1605 4911 2025 4984 ἀποπιπτούσης

363 5000 512 5058 πολὺ
540 5008 644 5074 τῆς
668 5000 880 5066 εῗκόνος
907 5002 1047 5079 πρὸς
1071 5002 1171 5072 τὴν
1203 5006 1302 5057 τοῦ
1327 5001 1694 5079 πρωτοτύπου
1736 4999 2021 5073 ἀλήθειαν.

362 5092 544 5147 Πάντα
587 5091 794 5161 τέλεια,
828 5090 1004 5147 πάντα
1060 5091 1270 5167 ὥριμα,
1303 5091 1366 5146 οὐ
1419 5091 1555 5147 κατά
1613 5092 1807 5168 μικρὸν
1869 5090 2029 5162 άύξη-

366 5182 523 5236 θὲντα
553 5180 641 5257 (οὐ
670 5182 770 5256 γὰρ
798 5180 905 5235 ἀπὸ
937 5177 1130 5243 ἄνθους
1155 5179 1242 5236 ἐπὶ
1297 5182 1397 5249 τήν
1460 5183 1641 5255 ἀκμὴν
1698 5184 1780 5254 τῷ
1835 5179 2024 5257 χρόνῳ

366 5269 743 5346 προέρχεται),
779 5267 907 5324 ἀλλ’
958 5269 1184 5326 αὐτόθεν
1247 5271 1381 5344 μετὰ
1430 5277 1532 5341 τῆς
1583 5269 1785 5334 οἰκείας
1840 5270 2024 5342 ἀκμῆς

364 5357 647 5438 ἐκφυέντα,
696 5359 790 5415 καὶ
847 5357 1265 5434 ἀποτελέσματα
1316 5357 1525 5438 φύσεως
1594 5358 1694 5415 οὐκ
1750 5357 2024 5434 ἀνθρωπί-

364 5469 468 5520 νης
500 5448 924 5524 ἐπιχειρήσεως.

438 5639 488 5676 ⁸⁸
522 5642 666 5696 Gen.
700 5653 786 5706 ιιι,
815 5636 907 5695 48.

2000 4338 2101 4411 ὲΙ)

2203 3578 2257 3633 5.
2289 3578 2422 3650 Ipsa
2453 3594 2687 3651 quoque
2718 3578 2993 3651 stirpium
3038 3585 3338 3649 venustas,
3386 3599 3511 3655 quea
3556 3588 3611 3640 et
3649 3584 3784 3658 ipsa

2132 3667 2454 3723 conditoris
2483 3667 2781 3739 opiﬁcium
2814 3684 2880 3723 ac
2912 3667 3334 3742 plantationem
3364 3672 3562 3728 deceat
3584 3690 3596 3740 ;
3618 3690 3783 3745 quaa-

2131 3772 2365 3828 cunque
2396 3756 2778 3811 sarmentitiaa
2814 3766 2947 3813 sunt
2981 3763 3039 3813 et
3096 3776 3224 3830 qum
3282 3760 3593 3832 fruticosa,
3653 3779 3782 3835 qua

2132 3844 2476 3916 unistirpes.
2510 3845 2882 3918 multiramae,
2916 3847 3221 3915 alticomaa,
3274 3865 3457 3920 opaca
3512 3850 3780 3921 viridate,

2132 3931 2288 3986 foliis
2320 3932 2600 3998 deciduis,
2633 3949 2867 4005 semper
2900 3933 3141 4004 foliatae,
3189 3952 3317 4007 quae
3364 3936 3500 3993 folia
3542 3945 3784 4008 exuant,

2129 4036 2364 4092 semper
2391 4020 2652 4078 virentes
2685 4028 2857 4093 atque
2886 4023 3130 4091 ﬂoridae,
3164 4024 3480 4097 frugiferae,
3533 4026 3784 4101 infrugi-

2129 4109 2297 4177 ferai;
2331 4126 2579 4182 quarum
2612 4111 2738 4166 alia:
2769 4110 2901 4166 usui
2929 4111 3232 4168 destinatae
3265 4114 3402 4183 sint,
3433 4114 3560 4170 aliae
3590 4117 3785 4175 confe-

2130 4201 2264 4252 rant
2289 4198 2359 4253 ad
2386 4198 2823 4269 jucunditatcm
2839 4200 3147 4257 fruendam
3173 4219 3185 4271 ;
3208 4208 3552 4274 praestantes
3579 4222 3786 4264 omnes

2133 4287 2480 4359 proceritate
2509 4291 2567 4343 et
2610 4293 2935 4359 venustate,
2987 4302 3178 4363 Opaca
3217 4292 3420 4361 ramis,
3468 4292 3656 4349 comis
3698 4295 3788 4349 vi-

2135 4382 2331 4453 rentes
2365 4393 2430 4432 ac
2460 4377 2698 4444 ﬂoridas,
2727 4379 3017 4435 fructibus
3065 4385 3380 4450 scatentes,
3433 4398 3560 4453 quae
3605 4381 3785 4441 aliam

2134 4452 2308 4534 atque
2338 4465 2511 4521 aliam
2574 4483 2708 4522 cum
2769 4467 3087 4525 utilitatem
3149 4474 3275 4525 tum
3335 4452 3788 4530 oblectationem

2137 4555 2390 4610 ubertim
2429 4557 2745 4628 praebeant.

2203 4646 2257 4700 6.
2291 4647 2569 4712 Quisnam
2600 4645 2829 4702 dicendi
2860 4648 2948 4704 vis
2989 4647 3320 4722 "voluptatis
3374 4648 3533 4706 illius
3581 4667 3792 4723 reprae-

2137 4736 2327 4789 sentet
2360 4736 2807 4805 praestantiam?
2839 4736 2898 4793 Si
2930 4738 3064 4810 quis
3097 4755 3351 4811 namque
3383 4756 3513 4795 cum
3550 4739 3621 4795 iis
3653 4757 3783 4812 qua

2136 4826 2278 4878 sunt
2294 4822 2423 4877 vitae
2443 4822 2624 4895 hujus
2642 4826 3370 4900 comparaveritﬁnjuriam
3397 4828 3594 4901 potius
3616 4828 3792 4886 faciet

2137 4912 2554 4984 comparando,
2582 4930 2757 4986 quam
2787 4932 2855 4970 ex
2887 4915 3208 4973 simulacro
3233 4916 3411 4972 ullam
3443 4915 3545 4970 tibi
3574 4916 3654 4972 rei
3676 4918 3788 4974 evi-

2136 5000 2393 5056 dentiam
2430 5002 2749 5072 praestabit,
2782 5005 2937 5076 quod
2971 5005 3142 5078 longe
3172 5005 3370 5077 procul
3404 5023 3438 5059 a
3466 5005 3662 5077 prima
3692 5023 3791 5064 ve-

2136 5090 2308 5145 ritate
2339 5106 2405 5146 ac
2460 5091 2778 5163 exemplari
2838 5092 3164 5150 similitudo
3222 5093 3471 5150 excidat.
3527 5094 3793 5153 Perfecta

2135 5196 2227 5234 om
2240 5178 2573 5248 nia,cuncta
2599 5186 2852 5251 matura,
2890 5200 3002 5237 non
3025 5182 3306 5254 paulatim
3332 5182 3482 5238 facto
3508 5189 3791 5243 cremento

2135 5272 2384 5329 adaucta
2412 5271 2555 5336 (non
2587 5271 2738 5326 enim
2775 5288 2807 5327 a
2840 5271 2981 5325 ﬂore
3012 5273 3082 5326 ad
3118 5288 3422 5328 summum
3460 5273 3789 5330 incremen-

2133 5366 2261 5419 tum
2285 5364 2616 5436 provehunt
2636 5377 2702 5416 ao
2726 5360 3172 5432 maturitatem),
3194 5361 3297 5416 sed
3323 5363 3397 5419 ab
3421 5362 3549 5435 ipso
3589 5363 3789 5419 statim

2133 5456 2265 5508 ortu
2296 5469 2431 5508 cum
2464 5467 2573 5508 sua
2603 5454 2773 5505 enata
2803 5461 3042 5502 summa
3096 5450 3453 5520 perfectione
3485 5468 3551 5507 ac
3592 5451 3789 5524 vigore

2133 5544 2312 5614 atque
2351 5546 2576 5598 natura:
2604 5538 2867 5603 effectus,
2899 5550 3014 5590 non
3045 5536 3354 5595 industria:
3386 5540 3678 5597 humanae.

437 5754 519 5830 (α)
548 5753 745 5826 Αἶτῆς.
776 5756 947 5812 Forte
973 5751 1128 5828 αὐτά,
1159 5759 1227 5814 ut
1254 5759 1314 5815 et
1342 5757 1636 5831 interpres
1662 5753 1881 5828 legisse
1909 5752 2017 5810 Vidt

2134 5771 2157 5810 ’.
2192 5752 2356 5810 Enrr.
