4154 6390
395 372 477 431 67
1375 358 1769 421 APPENDIX
1811 353 2144 420 OPEBUM
2184 353 2252 414 8.
2297 351 2586 414 BASILII
2631 353 2905 414 MAGNI.
3730 359 3813 420 68

465 501 520 556 7.
555 497 637 556 Ibi
669 501 727 555 et
759 496 1118 554 avicularnm
1177 492 1553 564 omnigenum
1617 503 1853 561 genera,
1911 489 2041 540 tum

2225 484 2280 537 7.
2338 481 2486 535 Ἐκεῖ
2539 480 2630 535 καὶ
2687 479 2917 557 ὀρνίθων
2973 481 3333 540 παντοδαπῶν
3418 487 3570 562 γενη,
3622 491 3702 560 τῷ
3750 509 3810 544 τι

397 603 722 663 pennarum
748 585 910 653 ﬂore,
934 590 1062 641 tum
1085 583 1277 639 nativo
1299 583 1584 635 concentu
1605 583 1782 649 atque
1799 573 2044 647 garritu,

397 679 608 734 miram
642 677 960 750 quamdam
993 692 1025 728 a
1054 689 1114 728 se
1151 669 1588 740 jucunditatem
1643 664 2047 737 spectantibus

393 767 732 834 offerentis;
767 769 831 820 ut
860 763 1019 820 nullo
1052 777 1163 817 non
1198 776 1377 816 sensu
1408 759 1586 813 homo
1636 752 2047 811 liberalissime

394 861 688 928 acceptus,
721 871 838 925 qua
865 852 1018 918 visu,
1051 867 1169 924 qua
1201 849 1430 912 auditu,
1457 863 1576 918 qua
1606 848 1789 912 tactu,
1816 860 1933 915 qua
1963 842 2046 898 ol-

394 947 550 1001 factu
584 961 647 999 ac
669 948 858 1015 gestu,
886 940 1107 996 aﬂ‘atim
1131 937 1528 994 deliciaretur.
1551 940 1691 990 Cum
1710 931 2046 989 volucribus

395 1038 562 1091 erant
593 1038 647 1087 et
675 1030 1042 1087 terrestrium
1081 1027 1430 1083 animalium
1465 1024 1776 1095 omnigena
1819 1026 2046 1093 specta-

395 1123 544 1189 cula,
569 1121 766 1176 cicura
787 1119 986 1175 omnia
1009 1122 1066 1174 et
1083 1119 1427 1182 mansueta;
1456 1114 1576 1186 pari
1593 1112 1820 1168 cunctis
1845 1126 2044 1166 secum

394 1209 590 1266 indole
619 1226 685 1265 ac
715 1207 1065 1279 ingenio,sic
1087 1204 1384 1260 audicnlia
1406 1220 1470 1258 ac
1495 1202 1812 1275 loquentia,
1839 1198 2046 1254 utnul-

391 1299 446 1354 lo
470 1298 702 1369 negotio
735 1295 1223 1367 intelligerentur.
1255 1291 1406 1347 Nihil
1431 1296 1555 1346 tum
1582 1306 1821 1362 serpens
1845 1289 2046 1343 horro-

393 1389 474 1444 ris
505 1387 776 1452 faciebat,
811 1385 912 1439 sed
965 1383 1120 1438 mitis
1184 1399 1250 1436 ac
1311 1383 1661 1436 mansuetus
1721 1386 1878 1444 eral;
1931 1395 2046 1431 non

392 1475 608 1548 agresti
635 1490 904 1545 sazvoque
937 1472 1108 1527 modo
1141 1471 1365 1526 undose
1398 1469 1456 1524 in
1488 1474 1657 1523 terrm
1692 1469 1895 1522 faciem
1926 1484 2048 1538 rep-

390 1571 525 1621 tans
557 1568 932 1632 ventremque
962 1561 1226 1627 trahens,
1261 1559 1359 1614 sed
1393 1563 1623 1613 erectus
1647 1556 1955 1626 celsusque
1988 1555 2046 1609 in

394 1655 568 1726 pedes
600 1651 900 1706 incedens.
937 1650 1030 1705 Sic
1062 1654 1118 1703 et
1165 1653 1383 1703 caeteras
1432 1646 1629 1700 bestia
1681 1660 2048 1716 quaecunque

395 1759 553 1800 nunc
575 1739 878 1795 indomitae
901 1743 958 1794 et
987 1739 1117 1793 ferte
1141 1741 1301 1805 sunt,
1335 1740 1475 1790 tunc
1506 1738 1825 1789 mansuetae
1859 1738 2042 1788 erant.

394 1831 520 1888 Illic
543 1831 740 1901 itaque
765 1828 916 1884 Deus
934 1827 1235 1882 hominem
1258 1824 1655 1897 posuit,quem
1679 1824 2044 1878 formaverat.

391 1920 543 1977 Alibi
559 1916 1039 1985 formatum,illuc
1063 1915 1314 1970 induxit.
1349 1913 1854 1976 Quemadmodum
1885 1912 2041 1966 enim

394 2011 546 2066 Deus
574 2007 890 2062 luminaria
925 2005 1180 2077 primum
1215 2003 1561 2072 condidit,et
1584 2002 1640 2055 in
1671 2002 2042 2055 firmamento

392 2097 591 2170 posuit
611 2098 694 2163 ⁴⁰;
729 2096 808 2150 ita
834 2093 1205 2149 ethominem
1232 2093 1500 2146 formavit
1523 2091 1758 2162 quidem
1780 2089 1987 2144 limum
2012 2106 2042 2144 e

390 2193 566 2254 terra,
591 2191 838 2256 tumque
868 2184 1064 2254 posuit
1088 2183 1143 2236 in
1170 2182 1440 2253 paradiso
1460 2181 1525 2234 ⁴¹.
1549 2180 1803 2234 Observa
1822 2184 2040 2248 autem,

395 2277 550 2332 haud
578 2275 802 2329 dictum
827 2289 975 2339 esse,
999 2274 1181 2335 Quem
1212 2271 1445 2339 fecerat,
1475 2271 1602 2335 sed,
1635 2269 1801 2337 Quem
1829 2271 2040 2338 forma-

393 2374 562 2421 verat.
596 2366 827 2416 Fecerat
859 2376 1139 2432 namque,
1173 2359 1232 2413 id
1266 2363 1374 2428 est,
1408 2359 1562 2430 quod
1596 2363 1686 2413 est
1723 2357 1793 2412 ad
1827 2356 2034 2428 imagi—

394 2471 551 2520 nem,
584 2451 728 2506 illud
759 2466 894 2505 vero
923 2449 1330 2520 incorporeum
1365 2452 1486 2514 est;
1522 2449 1670 2518 quod
1707 2463 1837 2501 vero
1876 2451 2043 2501 vacat

392 2557 651 2614 eorpere,
683 2555 788 2594 nec
821 2539 946 2593 loco
979 2536 1494 2606 circumscriptum
1529 2541 1639 2590 est.
1674 2534 1774 2590 Est
1802 2535 2038 2606 quidem

393 2631 550 2704 quod
581 2631 802 2684 factum
826 2627 1220 2698 esl,figmento
1243 2624 1574 2679 necessario
1599 2641 1795 2679 comes
1814 2625 2043 2690 ;anima

392 2719 618 2777 scilicet
645 2716 898 2788 corpori.
932 2715 1181 2770 Necesse
1212 2714 1369 2769 enim
1401 2718 1492 2768 est
1525 2730 1653 2768 esse
1683 2713 1859 2769 simul
1887 2715 2040 2784 quod

393 2807 785 2880 compositum
819 2810 928 2860 est.
961 2804 1269 2858 Enimvero
1303 2803 1584 2875 primaria
1615 2803 1836 2858 ratione
1879 2802 2044 2858 locus

394 2897 656 2970 corporis
679 2899 788 2961 est,
813 2894 1007 2949 anima
1033 2909 1165 2948 vero
1199 2909 1267 2947 ex
1314 2891 1697 2962 consequenti
1732 2892 1886 2948 850
1919 2891 2044 2946 loco

392 2985 781 3051 concluditur,
812 2999 930 3054 qua
951 2980 1296 3037 habitudine
1314 2998 1377 3036 se
1399 2981 1468 3035 ad
1495 2998 1707 3052 corpus
1732 2979 2044 3048 habet,illi-

394 3093 509 3149 que
539 3073 980 3130 commiscetur:
1016 3071 1172 3126 haud
1206 3075 1403 3125 tamen
1438 3088 1505 3126 ex
1536 3088 1644 3126 sua
1673 3070 2040 3142 ipsaindole,

392 3165 451 3221 id
484 3169 718 3236 est,qua
734 3166 898 3234 parte
922 3159 1256 3216 substantia
1274 3164 1469 3215 mente
1490 3160 1728 3231 pra’dita
1751 3158 2038 3229 est.Num,

2153 574 2262 624 τῶν
2321 573 2535 646 πτερῶν
2584 567 2721 624 ἕνθει
2774 571 2866 626 καὶ
2921 577 3002 644 τῷ
3055 579 3155 641 τῆς
3213 581 3398 650 φωνῆς
3429 573 3644 650 λιγυρῷ
3675 576 3809 632 ἀπό-

2157 659 2348 716 λαυσίν
2377 680 2497 714 τινα
2543 661 2856 732 Θαυμαστήν
2901 663 3224 734 προτιθέντα
3278 669 3396 726 τοῖς
3455 665 3757 741 ὁρωμένοις
3793 686 3806 699 ·

2157 746 2295 801 ὥστε
2352 745 2442 802 διὰ
2492 753 2675 803 πασῶν
2732 754 2838 804 τῶν
2892 748 3197 821 αἰσθήσεων
3252 751 3543 829 εὐωχεῖθαι
3573 756 3665 809 τὸν
3717 757 3806 809 ἆν-

2158 847 2398 912 θρωπον,
2455 835 2522 892 τὰ
2581 837 2676 910 μὲν
2739 839 2972 912 ὁρῶντα,
3033 839 3099 893 τὰ
3153 837 3211 894 δὲ
3268 842 3582 897 ἀκούονταο
3623 842 3810 899 ἄλλων

2158 924 2463 998 ἁπτόμενον
2498 969 2512 994 ,
2563 924 2749 981 ἄλλων
2817 927 3264 1005 ὀσφραινόμενον,
3322 931 3516 1006 ἑτέρων
3573 932 3810 1008 ἀπογευ-

2157 1015 2377 1087 όμενον.
2413 1013 2518 1068 Σὺν
2545 1020 2662 1077 τοῖς
2693 1011 2874 1092 ὅρνισε
2905 1015 2962 1071 δὲ
2991 1019 3079 1072 καὶ
3129 1020 3405 1093 χερσαίων
3463 1023 3616 1090 ζώων
3670 1043 3808 1077 παν-

2155 1100 2407 1158 τοδαπῶν
2460 1105 2724 1177 Θεάματα,
2755 1109 2971 1160 πάντων
3019 1105 3265 1182 ἡμέρων,
3297 1109 3510 1164 πάντων
3562 1113 3808 1181 συνήθως

2157 1191 2431 1262 ἀλλήλοις
2459 1193 2548 1247 καὶ
2583 1194 2889 1249 ἀκουόντων
2922 1197 3011 1250 καὶ
3053 1199 3439 1274 φθεγγομένων
3491 1200 3808 1258 εὐσύνοπτοι.

2157 1283 2234 1340 Οὐ
2268 1281 2492 1358 φρικτὸς
2553 1280 2677 1361 ὄφις
2731 1287 2873 1355 τότε,
2909 1285 3055 1341 ἀλλὰ
3084 1291 3364 1360 προσηνὴς
3431 1293 3519 1346 καὶ
3580 1292 3806 1365 ἥμερος·

2159 1373 2258 1427 οὐκ
2287 1374 2475 1447 ἄγριον
2511 1373 2876 1447 ἐπικυμαίνων
2933 1377 3021 1430 καὶ
3081 1377 3260 1452 ἕρπων
3319 1383 3454 1434 κατὰ
3511 1382 3810 1457 προσώπου

2155 1469 2254 1531 τῆς
2285 1468 2409 1536 γῆς,
2445 1459 2574 1516 ἀλλ’
2619 1463 2828 1536 ὑψηλὸς
2876 1463 2960 1518 ἐπὶ
3021 1463 3203 1521 ποδῶν
3265 1464 3536 1542 βεϐηκώς.
3572 1473 3813 1527 Τοιαῦτα

2163 1548 2415 1625 μειλίχια
2465 1550 2557 1606 καὶ
2613 1552 2680 1605 τὰ
2739 1550 2909 1607 λοιπὰ
2967 1556 3142 1609 πάντα
3198 1556 3372 1631 ἄλογα
3428 1562 3559 1626 ζῶα,
3593 1557 3692 1614 ὅσα
3717 1564 3811 1614 νῦν

2159 1639 2421 1704 ἀτίθασσα
2479 1639 2763 1705 παντελῶς
2818 1643 2905 1697 καὶ
2958 1643 3270 1716 ἀμείλικτα.
3303 1649 3448 1702 Ἐκεῖ
3478 1645 3568 1700 οὖν
3601 1643 3749 1711 ἔθετο
3781 1649 3811 1703 6

2159 1731 2289 1790 Θεὸς
2345 1729 2436 1783 τὸν
2498 1727 2779 1804 ἄνθρωπον
2841 1732 2898 1786 ὃν
2947 1731 3222 1787 ἔπλασεν·
3280 1733 3532 1810 ἀλλαχου
3588 1734 3807 1806 ἔπλασε,

2157 1818 2312 1873 κᾶκεῖ
2367 1818 2676 1892 εἰσήγαγεν.
2719 1823 2919 1894 Ὥσπερ
2979 1823 3080 1897 γὰρ
3137 1822 3262 1885 τοὺς
3314 1832 3603 1901 φωστῆρας
3659 1831 3807 1900 πρῶ-

2153 1927 2244 1960 τον
2303 1907 2398 1978 μὲν
2463 1906 2947 1976 ίποίησενὸΘεὸς,
2979 1909 3068 1964 καὶ
3129 1907 3276 1965 ἔθετο
3331 1911 3384 1966 ἰν
3441 1918 3522 1985 τῷ
3575 1914 3804 1990 στερειῦ-

2158 2015 2304 2068 ματιο
2341 1993 2488 2050 οὕτω
2519 1995 2725 2050 καὶτὸν
2769 1997 3055 2070 ἄνθρωπον
3105 1994 3304 2055 ἔπλασε
3355 2002 3450 2073 μὲν
3509 2001 3643 2077 χοῦν
3700 2004 3805 2058 ἀπὸ

2152 2090 2275 2159 γῆς,
2308 2080 2496 2138 ἔπειτα
2549 2083 2607 2138 δὲ
2665 2083 2813 2148 ἔθετο
2874 2085 2925 2140 ἐν
2985 2086 3063 2160 τῷ
3117 2087 3448 2164 παραδείσῳ.
3487 2091 3805 2162 Σημείωσαι

2153 2169 2230 2239 δὲ,
2264 2173 2348 2226 ὅτι
2380 2173 2482 2227 οὐκ
2513 2172 2746 2248 εἷ’ρηταιτ
2776 2177 2872 2230 "Ov
2923 2174 3199 2248 ἐποίησεν,
3231 2177 3377 2247 ἀλλ’,
3410 2182 3507 2236 "Ov
3546 2175 3796 2238 ἔπλασεν.

2149 2261 2217 2317 ’Ὁ
2249 2262 2353 2337 γὰρ
2399 2261 2642 2332 ἐποίησε,
2676 2264 2736 2317 τὸ
2786 2265 2902 2318 κατ’
2932 2264 3112 2319 εἰκόνα
3163 2265 3295 2321 ἐστί·
3328 2272 3488 2322 τοῦτο
3542 2265 3600 2323 δὶ
3655 2269 3796 2323 ἀσώ-

2156 2369 2347 2422 ματον⁶
2381 2350 2444 2404 τὸ
2503 2349 2561 2405 δὲ
2617 2353 2927 2426 ἀσώματον,
2960 2354 3114 2427 τόπῳ
3149 2355 3570 2432 ἀπερίγραπτον.
3613 2360 3802 2431 Ὀμως

2155 2438 2338 2512 μέντοι
2373 2439 2718 2510 ἐξακολουθεῖ
2754 2441 2804 2511 ἐξ
2854 2443 3092 2517 ἀνάγκης
3143 2449 3224 2516 τῷ
3253 2445 3534 2518 πλάσματι
3580 2449 3642 2502 τὸ
3684 2448 3802 2502 ποί·

2152 2549 2293 2600 ημα,
2322 2534 2567 2584 τουτέστι
2625 2535 2699 2601 νῷ
2757 2530 2970 2604 σώματι
3029 2534 3062 2602 ἠ
3097 2536 3272 2609 ψυχή·
3309 2536 3449 2608 ὁμοῦ
3507 2536 3609 2610 γὰρ
3669 2538 3801 2592 εἶναι

2153 2613 2322 2672 δεῖτὸ
2371 2618 2644 2682 σύνθετον.
2680 2617 2855 2675 Ἀλλά
2905 2624 3339 2696 προηγουμένως
3403 2625 3495 2696 μὲν
3551 2631 3648 2679 τοῦ
3704 2628 3806 2680 σώ-

2157 2727 2326 2778 ματος
2358 2706 2385 2760 ὀ
2413 2706 2604 2781 τόπος,
2636 2710 2670 2776 ἡ
2703 2709 2856 2784 ψυχὴ
2909 2707 2966 2763 δὲ
3007 2712 3123 2764 κατ’
3165 2709 3604 2784 ἐπακολούθησιν
3652 2736 3803 2789 περι-

2152 2794 2388 2850 κλείεται
2417 2796 2572 2868 τόπῳ
2596 2793 2685 2850 διὰ
2712 2804 2810 2866 τῆς
2839 2798 2973 2874 πρὸς
3000 2800 3062 2853 τὸ
3095 2804 3252 2872 σῶμα
3297 2802 3533 2878 σχέσεως
3583 2804 3616 2873 ἢ
3677 2804 3802 2859 ἀνα-

2153 2883 2422 2958 κράσεως,
2470 2883 2598 2939 ἆλλ’
2655 2883 2754 2939 οὐκ
2803 2883 2863 2939 ἐκ
2917 2893 3017 2955 τῆς
3077 2887 3278 2951 οἷ’κείας
3337 2891 3568 2967 φύσεως,
3625 2890 3800 2947 εἶτουν

2151 2980 2252 3042 τῆς
2311 2978 2500 3049 νοερᾶς
2562 2973 2768 3036 οὐσίας.
2827 2975 2968 3048 Ἀρά
3022 2997 3078 3030 σε
3137 2975 3370 3055 εὔφρανα
3420 2985 3488 3053 τῇ
3549 2978 3800 3056 διηγήσει

2151 3067 2257 3116 τῶν
2290 3067 2387 3117 τοῦ
2435 3061 2766 3138 παραδείσου
2811 3069 3080 3139 τερπνῶν,
3113 3065 3148 3135 ἢ
3199 3066 3367 3123 πλέον
3427 3069 3675 3139 ἐλύπησα
3729 3075 3798 3145 τῇ

2150 3156 2257 3206 τῶν
2291 3157 2541 3229 φθαρτῶν
2572 3153 2863 3226 παραθέσει
2891 3172 2904 3223 ;
2938 3153 3158 3217 Πάντως
3204 3157 3302 3232 γάρ
3352 3178 3449 3212 σου
3498 3160 3532 3228 ἡ
3567 3155 3800 3229 διάνοια,

389 3271 608 3327 quaeso,
641 3257 695 3307 te
724 3249 1066 3315 exhilaravi,
1097 3249 1388 3304 narrando
1435 3248 1691 3320 paradisi
1741 3247 2042 3304 amoenita-

2153 3238 2344 3313 ὑψηλᾶ
2393 3241 2482 3294 καὶ
2547 3241 2887 3314 ὑπερκόσμια
2940 3249 3232 3320 φρονοῦσα,
3264 3247 3354 3299 οἷα
3399 3243 3464 3315 δὴ
3523 3248 3586 3301 τὸ
3636 3246 3801 3302 πολί-

390 3341 636 3408 tem,vel
660 3341 901 3410 majoris
926 3337 1225 3410 quidpiam
1260 3337 1499 3404 doloris,
1531 3354 1732 3393 eorum
1753 3355 1880 3409 quae
1913 3354 2038 3393 cor-

390 3430 662 3502 ruptione
682 3429 982 3483 intereunt
1003 3426 1440 3496 comparatione
1471 3426 1768 3481 conscivi?
1791 3426 2040 3481 Omnino

393 3525 591 3576 autem
625 3534 791 3574 mens
821 3522 923 3571 tua
975 3519 1033 3571 et
1075 3515 1331 3584 animus,
1391 3531 1520 3587 quae
1577 3514 1804 3570 excelsa
1851 3516 2044 3586 sapiat

392 3608 734 3678 mundoque
764 3603 1085 3678 superiora,
1122 3611 1182 3658 ut
1215 3604 1385 3675 cujus
1418 3604 1475 3657 in
1496 3602 1655 3658 cmlis
1678 3605 2041 3660 conversatio

389 3699 467 3754 sit
495 3697 562 3764 η,
601 3701 779 3768 atque
809 3711 876 3750 ea
906 3710 1035 3766 quae
1066 3709 1305 3748 sursum
1338 3693 1562 3748 lumina
1592 3698 1785 3748 erecta
1810 3693 2040 3761 habeat,

388 3803 518 3858 qua:
553 3783 965 3858 promissionis
1001 3787 1141 3837 sunt
1171 3782 1484 3853 cogitabat,
1518 3798 1841 3854 eorumque
1866 3783 2040 3838 bono-

386 3892 519 3931 rum
553 3891 679 3942 quzn
713 3877 854 3928 sunt
873 3871 1043 3928 nobis
1062 3871 1686 3943 promissa,quidpiam
1717 3872 1917 3928 audire
1939 3872 2039 3928 0b-

384 3963 692 4021 servabat:
729 3963 861 4030 Quae
890 3960 1138 4016 videlicet
1167 3976 1267 4015 nec
1293 3960 1481 4015 oculus
1523 3960 1682 4024 vidit,
1730 3976 1831 4015 nec
1884 3962 2040 4016 auris

382 4052 626 4122 audivit,
659 4067 756 4107 nec
785 4052 844 4106 in
894 4066 991 4105 cor
1035 4049 1280 4105 hominis
1324 4049 1614 4104 ascendere
1643 4050 1706 4105 ‘3.
1756 4050 2036 4114 Quisnam

381 4143 564 4214 igitur
591 4147 678 4196 est
709 4139 810 4211 qui
842 4143 1091 4208 enarret,
1126 4139 1174 4194 si
1207 4138 1413 4194 oculus
1443 4155 1556 4193 non
1582 4138 1772 4193 vidit?
1796 4140 1852 4194 Si
1879 4141 2037 4197 auris

383 4248 499 4287 non
531 4230 772 4299 audivit,
809 4229 903 4300 qui
940 4230 1042 4283 fiat
1073 4233 1137 4283 ut
1185 4233 1287 4283 tua
1339 4227 1672 4299 suscipiat?
1725 4229 1781 4283 Si
1835 4229 1889 4283 in
1941 4247 2038 4286 cor

384 4317 641 4375 hominis
673 4335 788 4374 non
825 4318 1240 4386 ascenderunt,
1274 4317 1569 4387 quomodo
1603 4321 1800 4373 noster
1848 4321 2038 4391 capiet

381 4409 618 4465 animus
638 4408 666 4463 ?
698 4407 897 4478 Neque
928 4407 1113 4478 igitur
1130 4405 1454 4477 corporalia
1476 4407 1899 4478 respuimus,et
1917 4409 2035 4481 spi-

380 4496 575 4554 ritalia
593 4495 972 4566 requirimus.
1003 4495 1150 4551 Nam
1176 4495 1671 4566 quemadmodum
1692 4497 1749 4550 in
1769 4497 1895 4570 lege
1913 4504 2037 4553 erat

2149 3350 2321 3402 τευμα
2372 3325 2577 3405 ἔχουσα
2625 3328 2677 3383 ἐν
2725 3328 2970 3405 οὐρανοῖς
3019 3332 3108 3386 καὶ
3155 3334 3291 3404 πρὸς
3348 3336 3448 3402 τὴν
3501 3336 3612 3390 ἄνω
3654 3337 3802 3406 ἀξίαν

2153 3419 2434 3492 ἀφορῶσα,
2467 3418 2535 3471 τὰ
2586 3425 2686 3488 τῆς
2745 3418 3070 3494 ἐπαγγελίας
3122 3420 3341 3494 ἐνενόει,
3374 3423 3462 3477 καὶ
3519 3425 3799 3499 περιεσκό-

2151 3528 2241 3561 πει
2295 3506 2618 3561 ἀκούσασθαί
2675 3529 2725 3562 τι
2780 3513 2885 3562 τῶν
2920 3508 3343 3584 ἐπηγγελμένων
3378 3515 3513 3584 ἡμῖν
3563 3514 3800 3588 ἀγαθῶν,

2150 3601 2217 3653 Ἀ
2270 3593 2392 3650 οὔτε
2451 3595 2734 3670 ὀφθαλμὸς
2785 3595 2920 3652 εἶδεν
2952 3643 2966 3669 ,
3027 3595 3148 3653 οὔτε
3196 3599 3288 3663 οὓς
3334 3598 3561 3670 ἤκουσεν
3597 3648 3611 3672 ,
3680 3602 3805 3659 οὔτε

2151 3683 2240 3740 ἐπὶ
2290 3683 2510 3760 καρδίαν
2591 3687 2882 3761 ἀνθρώπου
2941 3682 3147 3756 ἀνέϐη.
3197 3689 3296 3750 Τίς
3350 3688 3440 3744 οὖν
3498 3691 3525 3744 6
3585 3688 3804 3767 διηγού-

2154 3795 2334 3847 μενος,
2370 3774 2414 3829 εἰ
2449 3776 2476 3830 ὁ
2510 3774 2794 3853 ὀφθαλμὸς
2830 3775 2927 3829 οὐκ
2977 3773 3152 3845 εἶδεν;
3195 3777 3264 3834 Ei
3294 3779 3385 3840 οὖς
3418 3780 3516 3833 οὐκ
3545 3779 3799 3852 ἤκουσεν,

2149 3869 2265 3927 πῶς
2317 3865 2379 3920 τὸ
2439 3865 2529 3919 σὸν
2577 3862 2927 3935 ὑποδέξεται;
2963 3865 3024 3922 Εἰ
3084 3867 3172 3920 ἐπὶ
3230 3865 3450 3944 καρδίαν
3511 3869 3800 3944 ἀνθρώπου

2150 3955 2248 4008 οὐκ
2307 3949 2495 4025 ἀνέϐη,
2528 3959 2645 4016 πῶς
2707 3957 2740 4023 ἡ
2803 3956 3042 4031 ἡμετέρα
3074 3959 3320 4032 χωρήσει
3379 3954 3628 4028 διάνοια;
3662 3957 3802 4016 Οὔτε

2149 4043 2237 4098 οὖν
2289 4044 2356 4098 τὰ
2414 4044 2700 4116 σωματικᾶ
2768 4038 3134 4116 ἐκϐάλλομεν,
3193 4046 3279 4099 καὶ
3341 4045 3407 4099 τὰ
3463 4049 3804 4120 πνευματικὰ

2147 4131 2651 4206 ἐπιζητοῦμεν.⁶Ως
2712 4132 2816 4208 γὰρ
2876 4131 2960 4186 ἐπὶ
3009 4137 3106 4187 τοῦ
3161 4133 3336 4208 νόμου
3393 4135 3460 4203 ἦν
3494 4135 3587 4208 μὶν
3621 4136 3802 4192 καὶτὸ

2147 4222 2428 4293 αἰσθητὸν,
2466 4219 2612 4276 ἀλλὰ
2670 4222 2756 4275 καὶ
2815 4221 2982 4276 τύπον
3048 4221 3217 4277 ἐποίει
3267 4227 3364 4278 τοῦ
3396 4229 3629 4294 νοητοῦο
3659 4225 3802 4281 οὕτω

2145 4313 2235 4367 καὶ
2297 4312 2388 4366 τὸν
2466 4309 2790 4384 παράδεισον
2855 4315 3081 4383 νοοῦμεν
3147 4312 3240 4384 μὶν
3302 4315 3390 4367 καὶ
3450 4317 3802 4387 σωματικῶς,

2147 4401 2578 4475 ἁλληγοροῦμεν
2665 4396 2722 4453 δὶ
2805 4400 2894 4453 καὶ
2984 4406 3407 4473 πνευματικῶς.
3487 4404 3802 4479 Ἐιρύτευσεν

2147 4488 2239 4544 οὖν
2300 4490 2328 4542 ὁ
2387 4489 2514 4549 Θεὸς
2597 4485 2921 4564 παράδεισον
2995 4488 3048 4544 ἐν
3105 4489 3269 4563 Ἐδέμ
3332 4492 3467 4546 κατὰ
3516 4493 3801 4556 ἀνατολάς.

380 4587 538 4658 quod
574 4590 631 4640 et
652 4585 710 4640 in
731 4600 972 4640 sensum
1005 4584 1259 4648 caderet,
1288 4599 1422 4638 cum
1446 4588 1500 4640 et
1521 4585 1648 4656 ejus
1672 4586 1824 4657 quod
1843 4593 2039 4643 mente

2153 4578 2235 4636 Τὰ
2267 4579 2362 4650 μὲν
2397 4576 2639 4649 ὀνόματα
2667 4582 2776 4631 τῶν
2808 4583 2986 4656 φυτῶν
3022 4580 3379 4648 σεσιώπηται·
3414 4581 3442 4634 ὁ
3501 4578 3559 4636 δὲ
3609 4583 3800 4653 τόπος,

381 4671 732 4746 intelligitur
761 4672 1151 4728 nihilominus
1181 4673 1431 4744 ﬁguram
1466 4679 1804 4744 praestaret;
1853 4676 1937 4732 sic
1983 4681 2041 4732 et

382 4764 749 4834 paradisum,
782 4767 904 4817 tum
941 4761 1226 4833 corporali
1253 4763 1474 4817 ratione
1496 4763 2038 4837 intelligimus,tum

2152 4671 2206 4726 ἒν
2256 4671 2300 4742 ᾦ
2342 4668 2617 4748 ἰφύτευσε,
2668 4667 3016 4742 δεδήλωται·
3049 4673 3352 4740 τουτέστιν,
3380 4670 3433 4726 ἐν
3480 4677 3550 4748 τῇ
3597 4679 3799 4750 τρυφῇ·

2151 4759 2316 4835 Ἐδέμ
2345 4763 2448 4837 γὰρ
2480 4763 2658 4839 τρυφή
2694 4763 3073 4837 ἑρμηνεύεται.

381 4856 439 4908 et
467 4850 719 4924 spiritali
754 4867 989 4924 quoque
1019 4867 1120 4922 per
1150 4850 1488 4923 allegoriam
1523 4854 1896 4924 exponimus.
1933 4856 2220 4926 Ριαηεμινὶε
2268 4854 2448 4926 igitur
2495 4855 2634 4909 Deus
2678 4856 3003 4924 paradisum
3056 4857 3115 4908 in
3164 4856 3329 4910 Edam
3386 4856 3458 4912 ad
3504 4859 3805 4913 orientales

379 4942 589 5013 plagas.
625 4941 967 4996 Plantarum
1003 4938 1238 5011 quidem
1273 4939 1664 5011 stirpiumque
1696 4943 1938 4997 nomina
1967 4960 2172 5014 pressa
2199 4943 2431 4999 silentio
2465 4947 2644 5010 sunt;
2684 4941 2850 4998 locus
2880 4959 3038 5011 vero,
3071 4941 3130 4997 in
3177 4960 3289 5014 quo
3345 4944 3650 5016 plantavit,
3703 4947 3803 5001 de-

383 5029 642 5087 claratus
673 5033 801 5096 est;
835 5029 947 5086 hoc
975 5033 1081 5099 est,
1116 5029 1172 5083 in
1205 5029 1522 5102 voluptate.
1557 5030 1732 5085 Edem
1777 5032 1930 5085 enim
1967 5033 2225 5088 nominis
2257 5037 2447 5102 etymo
2475 5030 2748 5103 voluptas
2780 5029 3122 5102 deliciisque
3151 5036 3477 5104 exponitur.

452 5120 505 5175 8.
539 5120 692 5175 Num
722 5119 905 5191 igitur
936 5135 1034 5174 eas
1065 5125 1232 5174 vocat
1263 5119 1524 5187 delicias,
1559 5136 1686 5191 quae
1717 5135 1818 5191 per
1849 5137 1915 5176 os
1972 5121 2032 5175 in

379 5213 645 5266 ventrem
666 5207 1104 5281 immigrant,ac
1127 5225 1378 5278 quarum
1399 5208 1534 5264 linis
1558 5208 2036 5278 secessus?ejus-

385 5296 802 5356 moditradidit
833 5298 1093 5364 delicias,
1117 5315 1245 5370 qua:
1267 5299 1603 5354 intereunt?
1625 5298 1685 5352 in
1717 5313 1901 5370 eoque
1932 5297 2035 5353 Dei

382 5403 522 5459 erga
554 5386 849 5444 hominem
879 5386 1232 5445 beneﬁcium
1265 5386 1526 5460 positum
1560 5389 1670 5455 est,
1724 5391 1788 5442 ut
1833 5391 2038 5443 venter

383 5476 779 5548 suﬂ’aroiatur,
809 5476 1082 5551 bonaque
1113 5477 1191 5533 sit
1221 5475 1484 5548 corporis
1512 5473 1825 5546 habitudo,
1846 5493 1914 5533 ao
1934 5493 2037 5533 cu-

458 5695 506 5734 ⁴⁰
529 5697 673 5753 Gen.
708 5713 750 5766 1,
779 5695 867 5753 46.

2216 5123 2268 5176 8.
2297 5121 2436 5194 Ἀρα
2490 5116 2581 5172 οὖν
2625 5119 2836 5194 τρυφὴν
2887 5121 2986 5188 τήν
3047 5116 3137 5174 διὰ
3197 5120 3469 5194 στόματος
3515 5121 3802 5196 ὀνομάζει,

2143 5209 2243 5278 τὴν
2283 5213 2353 5282 τῇ
2401 5204 2589 5278 κοιλίᾳ
2646 5205 3111 5283 παραδιδομένην,
3144 5211 3231 5265 καὶ
3281 5214 3346 5280 ἧς
3390 5209 3550 5274 τέλος
3601 5213 3629 5267 6
3683 5214 3805 5291 ἀφε-

2147 5295 2288 5372 δρών
2317 5316 2331 5366 ;
2364 5295 2456 5351 καὶ
2509 5297 2720 5372 τρυφὴν
2777 5295 3062 5374 παρέδωκε
3101 5301 3202 5370 τὴν
3251 5299 3681 5375 ἀπολλυμένηη
3714 5301 3803 5357 καὶ

2144 5384 2306 5442 τοῦτό
2338 5384 2483 5442 ἔστιν
2514 5386 2548 5456 ἠ
2581 5387 2727 5463 παρὰ
2779 5391 2913 5442 Θεοῦ
2967 5389 3132 5464 χάρις
3189 5389 3313 5466 περὶ
3371 5389 3462 5444 τὸν
3495 5387 3804 5465 ἄνθρωπον,

2146 5475 2383 5551 γαστρὸς
2416 5473 2724 5552 πλήρωσις,
2754 5475 2846 5532 καὶ
2889 5477 3088 5554 σαρκὸς
3140 5476 3417 5549 εὐπάθεια,
3457 5478 3546 5536 καὶ
3607 5477 3806 5556 διάχυ-

945 5696 988 5732 ⁸¹¹
1019 5693 1165 5752 Gen.
1194 5710 1260 5767 ιι,
1295 5694 1382 5751 15.
1459 5693 1505 5732 *⁸
1537 5692 1790 5769 Philipp.
1823 5712 1910 5766 ιιι,
1943 5697 2033 5753 20.
2111 5696 2157 5732 ⁴³
2187 5699 2212 5752 Ι
2239 5697 2368 5754 Cor.
2401 5712 2465 5766 ιι,
2496 5697 2550 5753 9.
