4154 6402
326 417 406 478 69
1503 408 1604 468 nn
1639 410 1752 486 PA
1767 410 2072 487 RADlSO,
2121 419 2413 482 ORATIO
2460 425 2568 484 ιιι.
3177 379 3188 391 ’
3669 431 3754 491 7o

325 572 410 614 σις
431 546 635 620 ἡδονὴν
681 541 990 616 ἐμποιοῦσα
1019 559 1034 612 ;
1065 543 1138 598 Ἢ
1174 543 1335 596 τοῦτο
1385 542 1478 614 μὲν
1530 540 1696 596 εἰπεῖν
1730 539 1854 598 οὐδὲ
1885 543 1974 598 εὐ-

2091 549 2273 607 ticula
2302 561 2558 625 curetur,
2599 576 2784 633 eaque
2815 558 3052 618 diffusio
3084 562 3179 629 sit,
3215 579 3334 635 qua
3381 564 3650 636 voluptas
3681 580 3747 620 ac

327 633 495 699 σεϐἑς.
544 632 869 694 Ἀκολασίας
918 632 1020 706 γάρ
1067 651 1172 685 που
1215 629 1305 685 καὶ
1355 626 1582 706 ὕϐρεως,
1615 631 1705 685 καὶ
1757 631 1974 688 πάντων

327 728 470 800 ὁμοῦ
514 728 621 780 τῶν
675 721 1132 797 ἀπηγορευμένων
1180 717 1396 794 ἐφόδιον
1436 764 1449 790 ,
1501 720 1868 795 ὑπερπιαίνειν
1921 725 1983 778 τὸ

330 820 510 888 σῶμα,
543 811 634 868 καὶ
680 806 1098 878 καταϐαπτίζειν
1147 813 1228 881 τῷ
1277 808 1477 879 πλήθει
1525 813 1632 864 τῶν
1671 810 1981 885 βρωμάτων

326 905 427 973 τὴν
488 902 795 959 ἐνοικοῦσαν
850 899 1058 975 ψυχὴν,
1119 897 1481 976 εὐκατάφορον
1536 903 1799 954 ποιοῦντα
1848 901 1986 975 πρὸς

329 999 502 1048 πᾶσαν
532 989 820 1066 ἁμαρτίαν.

398 1191 452 1247 9.
485 1186 692 1247 Οὐκοῦν
726 1183 903 1256 ἄλλην
952 1185 1067 1261 χρὴ
1117 1190 1307 1254 νοῆσαι
1353 1185 1586 1262 τρυφὴν,
1635 1183 1781 1256 ἀξίαν
1821 1189 1983 1256 Θεοῦ,

322 1278 413 1335 ’ίνα
449 1279 536 1334 καὶ
593 1280 628 1347 ἡ
691 1274 880 1353 φυτεία
926 1273 1210 1348 πρέπουσα
1259 1277 1329 1346 τῇ
1387 1273 1634 1350 γεωργίᾳ
1689 1279 1788 1329 τοῦ
1851 1277 1985 1331 Θεοῦ

327 1367 558 1444 λογισθῇ
598 1411 610 1424 .
668 1366 762 1428 Τίς
817 1362 909 1419 οῦν
976 1361 1196 1418 δύναται
1251 1361 1496 1437 γενέσθαι
1557 1365 1734 1442 τρυφὴ
1799 1363 1982 1440 ἁγίοις

325 1457 719 1534 ἀρμὸττουσα;
769 1456 1036 1510 Ἄκουσον
1086 1456 1182 1506 τοῦ
1231 1451 1503 1527 λὲγοντος·
1555 1453 1980 1532 Κατατρύφησον

324 1551 422 1602 τοῦ
453 1545 682 1621 Κυρίου,
708 1543 798 1599 καὶ
841 1540 1005 1598 δώσει
1049 1563 1132 1597 σοι
1181 1542 1250 1596 τὰ
1281 1540 1563 1615 αἰτήματα
1610 1549 1710 1614 τῆς
1756 1541 1983 1621 καρδίας

327 1657 445 1693 σου.

398 1727 482 1782 10.
519 1722 669 1780 Ἐπεὶ
701 1719 791 1776 οῦν
824 1720 1048 1797 ἄπειρον
1100 1720 1162 1775 τὸ
1193 1718 1445 1776 ποικίλον
1493 1727 1595 1790 τῆς
1641 1721 1859 1796 ἀρετῆς,
1891 1721 1982 1778 καὶ

325 1813 390 1868 τὸ
414 1810 622 1874 κάλλος
655 1812 968 1886 ἀμήχανον,
1001 1810 1108 1864 ἀπὸ
1136 1815 1236 1878 τῆς
1267 1808 1621 1883 πολυτρόπου
1653 1810 1842 1888 σοφίας
1886 1815 1985 1866 τοῦ

333 1907 466 1958 Θεοῦ
494 1902 594 1971 τὴν
622 1900 800 1975 ἀρχὴν
851 1898 1139 1976 εἰληφότα,
1194 1896 1285 1952 διὰ
1325 1903 1486 1953 τοῦτο
1539 1900 1858 1975 γέγραπται,
1901 1899 1983 1955 ὅτι

333 1991 649 2070 Ἐφύτευσεν
723 1990 751 2044 6
810 1988 940 2051 Θεὸς
1015 1985 1382 2061 παράδεισον,
1439 1987 1568 2063 οὐχί
1650 1989 1787 2044 κατὰ
1859 1991 1984 2045 ἀνα-

329 2080 502 2150 τολὴν
539 2122 555 2148 ,
615 2077 762 2133 ἆλλᾶ
820 2077 965 2132 Κατὰ
1019 2073 1286 2138 ἀνατολάς
1320 2120 1332 2134 .
1389 2077 1654 2132 Ἓκαστον
1714 2079 1817 2153 γάρ
1876 2083 1981 2134 τῶν

329 2168 743 2247 πεφυτευμένων
802 2165 948 2241 παρά
1007 2165 1210 2241 Κυρίου
1267 2169 1488 2242 φυτῶν,
1551 2165 1603 2220 ἐν
1663 2164 1787 2240 ἰδίῳ
1844 2167 1983 2246 φωτὶ

328 2261 524 2333 ἀρετῆς
555 2254 1074 2329 κεκαλλωπισμένον
1131 2255 1514 2332 ἐξήστραπτεν.
1548 2257 1700 2313 Ἐκεῖ
1727 2262 1830 2311 Τοῦ
1879 2279 1982 2312 πο-

325 2349 503 2423 ταμοῦ
559 2348 626 2402 τὰ
685 2348 1027 2421 ὁρμήματα,
1108 2349 1205 2400 τοῦ
1285 2345 1665 2423 εὐφραίνοντος
1721 2348 1820 2415 τὴν
1881 2348 1983 2402 πό-

330 2438 417 2494 λιν
470 2441 568 2492 τοῦ
625 2434 778 2491 Θεοῦ.
837 2433 1122 2510 Ἀλλαχοῦ
1181 2431 1239 2489 δὲ
1294 2433 1640 2510 Χειμάρῥους
1692 2442 1792 2505 τῆς
1850 2457 1982 2512 τρυ-

331 2534 438 2604 φῆς
499 2526 824 2600 ὀνομάζεται
859 2566 873 2586 .
925 2526 1136 2599 τρέφων
1196 2522 1287 2578 καὶ
1358 2522 1530 2592 αὔξων
1607 2528 1714 2578 τῶν
1772 2530 1984 2596 νοητῶν

329 2616 542 2671 ἐκείνων
603 2618 783 2693 φυτῶν
837 2612 905 2667 τὰ
959 2609 1168 2681 κάλλη·
1228 2610 1373 2673 ὅστις
1428 2611 1517 2666 καὶ
1575 2611 1626 2667 ἐν
1683 2618 1798 2676 τοῖς
1859 2613 1982 2685 ἐξῆς

329 2712 430 2775 τῆς
477 2704 847 2779 προκειμένης
890 2708 1107 2779 Γραφῆς
1157 2699 1368 2776 λέγεται
1425 2703 1674 2775 ποταμὸς
1725 2705 1752 2758 ὁ
1784 2725 1980 2780 πορευ-

333 2793 531 2866 όμενος
577 2792 627 2862 ἐξ
679 2789 847 2864 Ἐδὲμ
898 2790 1138 2859 ποτίζειν
1188 2791 1280 2844 τὸν
1328 2789 1690 2866 παράδεισον.
1744 2795 1831 2849 Ἐν
1883 2795 1977 2866 μὲν

327 2881 418 2936 οὗν
445 2887 562 2944 τοῖς
613 2875 840 2936 κατὸπιν
888 2879 1214 2956 ἐγέγραπτο,
1246 2880 1328 2934 δτι
1360 2879 1621 2956 πρότερον
1676 2883 1775 2951 τὴν
1807 2883 1981 2937 κτίσιν

322 2970 647 3044 πληρώσας,
693 2969 865 3032 οὕτως
911 2968 1258 3045 ἐπεισήγαγεν
1311 2969 1386 3031 εἰς
1447 2970 1624 3045 ἀρχὴν
1687 2971 1849 3025 οἷονεί
1888 2973 1979 3027 καὶ

320 3059 618 3130 κυριότητα
645 3057 848 3128 ταύτην
878 3060 956 3133 (α)
985 3058 1077 3112 τὸν
1113 3059 1416 3129 ἄνθρωπον·
1453 3063 1544 3111 νῦν
1579 3057 1654 3129 δὲ,
1685 3060 1748 3114 τὸ
1778 3059 1980 3115 ἀνάπαη

322 3147 434 3220 λιν,
490 3148 753 3225 πρότερον
802 3146 1010 3203 ἓπλασε
1060 3145 1151 3200 τὸν
1207 3147 1518 3220 ἄνθρωπον,
1566 3148 1656 3202 καὶ
1699 3147 1823 3203 τότε
1853 3149 1978 3225 ἐφύ-

318 3259 474 3293 τευσε
524 3239 616 3292 τὸν
677 3235 1026 3312 παράδεισον.
1069 3235 1135 3289 Ἣ
1188 3231 1246 3288 δὲ
1304 3233 1477 3302 αἰτία,
1539 3233 1622 3290 ὅτι
1682 3234 1793 3290 ἐκεῖ
1854 3238 1971 3310 μὲν,

313 3323 407 3380 τίνοι
462 3323 734 3399 πληρώσῃ
788 3325 880 3379 τὸν
943 3324 1088 3378 οἶκον
1125 3366 1140 3393 ,
1196 3323 1290 3377 τὸν
1367 3320 1758 3395 οἰκοδεσπότην
1819 3325 1974 3391 εὐθὺς

313 3414 657 3490 ἐπεισήγαγε·
710 3413 800 3468 καὶ
846 3409 936 3466 *ίνα
987 3411 1063 3485 μὴ
1115 3415 1321 3480 πενητα
1363 3412 1570 3483 κτίσας,
1604 3411 1826 3487 ὕστερον
1872 3415 1970 3484 τὴν

306 3502 562 3578 εὐπορίαν
617 3501 766 3574 αὐτῷ
817 3501 1139 3578 χαρίσηται.
1193 3501 1455 3564 Ἐνταῦθα
1506 3499 1583 3572 δὲ,
1615 3503 1716 3570 τὴν
1749 3501 1808 3558 ἐκ
1834 3524 1970 3578 προ-

298 3598 478 3662 κοπῆς
535 3589 826 3647 τελείωσιν
887 3588 1280 3666 χαρισάμενος,
1343 3587 1597 3666 ἀλλαχοῦ
1654 3585 1852 3665 ἔκτισε,
1879 3593 1971 3647 καὶ

198 3676 217 3686 ’
314 3681 536 3757 ὕστερον
588 3678 946 3756 ἐγκατοικίζει
996 3683 1075 3751 τῷ
1122 3675 1454 3755 παραδείσῳ*
1485 3677 1576 3734 ’ίνα
1614 3680 1676 3735 τὸ
1711 3678 1968 3758 διάφορον

313 3771 640 3844 καταμαθὼν
671 3775 770 3839 τῆς
828 3790 887 3824 τε
935 3762 1037 3840 ἔξω
1087 3773 1232 3838 ζωῆς
1285 3768 1375 3823 καὶ
1405 3775 1504 3838 τῆς
1556 3766 1610 3824 ἐν
1658 3769 1971 3846 παραδείσῳ

315 3857 613 3936 διαγωγῆς,
668 3859 728 3914 ἐκ
776 3865 876 3929 τῆς
928 3857 1255 3935 συγκρίσεως
1307 3857 1597 3931 ἑκατέρων,
1658 3858 1746 3913 καὶ
1802 3858 1969 3930 αὐτῆς

309 3956 412 4020 τῆς
443 3949 657 4025 πείρας,
687 3947 928 4025 γνωρίσῃ
961 3948 1057 4022 μὲν
1107 3949 1207 4018 τήν
1262 3947 1544 4024 ὑπεροχὴν
1600 3954 1701 4002 τοῦ
1742 3947 1795 4003 ἐν
1825 3949 1971 4022 αὐτῷ

308 4038 574 4110 κάλλους,
633 4032 854 4118 φοϐηθῇ
910 4034 969 4092 δὲ
1031 4036 1121 4092 καὶ
1173 4043 1274 4106 τῆς
1333 4037 1658 4099 ἐκπτώσεως
1710 4039 1808 4107 τὴν
1873 4043 1967 4108 ζη-

313 4127 466 4201 μίαν.

388 4309 471 4362 11.
503 4307 619 4361 Ἵνα
669 4303 726 4360 δὶ
769 4305 975 4379 νοήσῃς
1024 4301 1243 4381 φυτείαν
1283 4301 1432 4376 ἀξίαν
1481 4301 1626 4367 θείας
1659 4304 1847 4379 χειρὸς
1877 4302 1968 4359 καί

310 4395 590 4471 ἐργασίας,
645 4397 916 4467 μνήσθητι
963 4397 1069 4448 τῶν
1125 4393 1175 4448 ἐν
1207 4397 1286 4466 τῷ
1338 4393 1663 4468 ΕὐαγγεΛίῳ
1702 4393 1847 4464 παρὰ
1869 4398 1966 4448 τοῦ

312 4485 517 4560 Κυρίου
569 4485 706 4560 πρὸς
761 4483 887 4546 τοὺς
937 4483 1182 4556 μαθητὰς
1232 4481 1555 4558 εἰρημένων,
1617 4482 1720 4551 ὅτι,
1782 4484 1964 4556 Ὑμεῖς

308 4576 425 4631 ἐστε
475 4576 543 4630 τὰ
597 4573 857 4648 κλήματα
892 4617 906 4643 ,
964 4573 1052 4627 καὶ
1109 4574 1136 4627 6
1195 4573 1381 4645 Πατήρ
1466 4593 1570 4645 μου
1629 4572 1657 4626 ὁ
1723 4572 1965 4648 γεωργός

2093 639 2274 697 libido
2305 651 2572 702 creatur?
2601 654 2676 704 At
2705 650 2815 705 hoc
2865 667 2936 706 ne
2966 651 3124 706 dictu
3159 652 3397 724 quidem
3439 653 3604 725 pium
3635 657 3745 708 est.

2094 730 2316 803 Corpus
2348 735 2501 789 enim
2537 737 2769 794 abunde
2801 741 3095 812 saginare,
3129 741 3308 813 inque
3339 758 3405 796 eo
3437 743 3746 814 degentem

2095 820 2359 877 animum
2384 823 2646 882 ciborum
2670 829 2835 898 copia
2861 831 3126 896 obruere,
3149 831 3425 886 viaticum
3450 832 3747 902 quoddam

2094 915 2184 965 est
2213 913 2283 967 ad
2316 912 2617 970 lasciviam
2667 922 3058 991 stuprumque
3105 937 3170 975 ac
3217 922 3659 993 procacitatem,
3695 927 3751 976 et

2095 1000 2145 1054 si
2177 1001 2314 1072 quid
2369 1003 2528 1060 aliud
2562 1005 2621 1060 in
2651 1007 2846 1062 vetitis
2877 1013 2986 1077 est,
3019 1015 3195 1080 atque
3224 1010 3284 1064 in
3315 1026 3488 1066 omne
3539 1026 3742 1082 pecca-

2095 1093 2222 1144 tum
2256 1108 2507 1163 pronum
2548 1095 2740 1150 reddit
2770 1112 2836 1150 ac
2866 1096 3241 1169 prszcipitem.

2163 1180 2216 1234 9.
2253 1180 2390 1237 Alite
2435 1182 2618 1254 igitur
2663 1183 3054 1255 intelligendas
3103 1187 3320 1242 delicia:
3373 1191 3534 1254 sunt,
3570 1192 3637 1243 ut
3690 1191 3750 1244 et

2094 1267 2399 1339 plantatio,
2435 1288 2564 1344 qua:
2595 1273 2695 1328 Dei
2737 1273 3029 1329 culturam
3062 1275 3282 1342 deceat,
3308 1281 3504 1332 monte
3555 1276 3744 1348 perci-

2095 1357 2307 1428 piatur.
2343 1360 2618 1423 Quzenam
2671 1362 2848 1434 igitur
2880 1362 3170 1434 voluptas,
3205 1380 3336 1434 qua:
3365 1365 3586 1420 deliciis
3617 1381 3745 1420 esse

2095 1447 2340 1517 possint,
2374 1466 2501 1520 quae
2533 1450 2754 1508 sanctis
2793 1453 3155 1524 congruant?
3202 1455 3478 1511 Delectare
3526 1457 3586 1510 in
3636 1460 3745 1512 Do-

2096 1538 2266 1605 mino,
2299 1543 2353 1593 et
2381 1539 2536 1594 dabit
2563 1541 2671 1596 tibi
2695 1543 2989 1614 petitiones
3017 1543 3194 1598 cordis
3223 1545 3311 1599 tui
3329 1545 3399 1597 “.

2167 1715 2251 1770 10.
2287 1717 2574 1782 Quoniam
2605 1718 2786 1790 igitur
2823 1720 3056 1776 infinita
3087 1724 3174 1777 est
3201 1721 3435 1778 virtutis
3464 1723 3741 1795 varietas,

2096 1823 2161 1860 ac
2185 1822 2362 1878 quam
2383 1824 2554 1863 nemo
2575 1809 2718 1864 satis
2737 1809 2946 1880 sapiat,
2965 1809 3363 1882 pulchritudo,
3379 1829 3411 1866 a
3435 1812 3747 1884 multiplici

2095 1895 2197 1950 Dei
2228 1897 2516 1967 sapientia
2545 1897 2756 1953 horum
2789 1900 2965 1954 ducta
2996 1900 3242 1970 origine,
3268 1906 3572 1973 propterea
3598 1903 3743 1958 scri-

2097 1988 2262 2055 ptum
2298 1989 2409 2051 est,
2435 1987 2713 2042 Plantavit
2745 1992 2886 2043 Deus
2930 1989 3272 2060 paradisum,
3301 2007 3415 2044 non
3449 1991 3520 2045 ad
3554 1992 3746 2046 orien-

2095 2077 2236 2140 tem,
2261 2075 2361 2128 sed
2392 2074 2461 2128 ad
2485 2076 2712 2130 orientis
2737 2077 2950 2148 plagas.
2976 2079 3228 2150 Qnreque
3258 2079 3412 2134 enim
3433 2097 3466 2134 a
3497 2079 3744 2137 Domino

2095 2166 2358 2218 saturum
2417 2164 2710 2236 stirpium,
2742 2165 2802 2221 in
2857 2167 3094 2238 propria
3146 2166 3274 2222 luce
3321 2168 3532 2224 eximio
3582 2169 3745 2225 cultu

2095 2256 2269 2323 atque
2295 2258 2504 2309 ornatu
2535 2255 3006 2326 persplendebat.
3034 2256 3158 2312 Illic
3189 2258 3460 2312 Fluminis
3487 2261 3743 2330 impetus,

2093 2343 2210 2412 ejus
2241 2342 2382 2413 quod
2411 2344 2659 2414 laztiﬁeat
2697 2346 2974 2400 civitatem
3005 2347 3097 2402 Dei
3122 2347 3185 2402 ⁴⁸.
3231 2347 3360 2401 Alio
3393 2351 3588 2403 autem
3619 2347 3746 2405 loco

2098 2431 2394 2502 Voluptatis
2447 2436 2656 2488 torrens
2681 2435 2724 2468 ⁸⁸
2777 2441 3171 2506 nuncupatur,
3206 2435 3391 2505 alens,
3426 2441 3482 2491 et
3529 2439 3599 2492 ad
3646 2440 3744 2509 ju-

2093 2524 2250 2576 stum
2279 2531 2640 2577 crementum
2668 2523 2909 2580 trahens
2931 2525 3330 2597 spiritualium
3353 2525 3586 2581 illarum
3613 2527 3751 2582 stir-

2093 2611 2256 2681 pium
2287 2616 2650 2668 venustatem
2702 2619 2880 2684 atque
2927 2615 3218 2670 decorem.
3259 2615 3329 2681 Is,
3365 2615 3424 2670 in
3473 2616 3746 2688 sequenti

2090 2700 2402 2772 Scriptura;
2435 2702 2844 2772 textu,ﬂuvius
2871 2703 3090 2758 dicitur
3109 2722 3178 2760 ex
3205 2705 3380 2760 E-lem
3414 2705 3742 2777 egrediens,

2091 2791 2161 2844 ad
2198 2789 2563 2861 irrigandum
2611 2791 2973 2863 paradisum.
3007 2797 3156 2849 Sane
3188 2794 3426 2866 quidem
3473 2795 3531 2849 in
3564 2811 3744 2866 supe-

2090 2878 2340 2934 rioribus
2369 2880 2594 2936 dictum
2629 2886 2736 2949 est,
2770 2882 2924 2953 quod
2957 2882 3229 2939 absoluta
3259 2883 3420 2955 prius
3452 2885 3745 2940 creatione

2090 2968 2430 3039 mundoque
2462 2969 2804 3032 constituto,
2837 2970 2920 3026 sic
2959 2971 3257 3027 induxerit
3287 2971 3610 3042 hominem,
3641 2974 3744 3045 qui

2091 3061 2363 3125 praeesset
2393 3057 2637 3128 imperio
2670 3074 2733 3112 ac
2766 3059 3025 3114 dominio
3058 3059 3319 3131 polleret.
3347 3060 3448 3115 Hic
3479 3066 3675 3117 autem
3711 3079 3741 3118 e

2089 3161 2392 3214 converso,
2432 3145 2594 3215 prius
2646 3147 2914 3202 formavit
2955 3148 3278 3215 hominem,
3310 3150 3521 3205 deinde
3565 3167 3744 3222 para-

2089 3233 2286 3286 disum
2319 3232 2622 3304 plantavit.
2662 3236 2844 3304 Hujus
2897 3253 3064 3308 porro
3097 3239 3245 3292 ratio
3277 3245 3386 3304 est,
3415 3239 3568 3310 quod
3619 3238 3741 3296 illic

2089 3321 2326 3392 quidem
2361 3322 2516 3377 istud
2550 3324 2780 3379 consilii
2817 3325 3011 3393 fuerit,
3041 3332 3107 3381 ut
3137 3327 3194 3380 in
3229 3326 3457 3399 plenam
3493 3329 3736 3385 domum

2085 3412 2570 3480 patremfamilias
2613 3413 2811 3468 statim
2865 3414 3204 3483 induceret;
3239 3433 3343 3471 nec
3373 3417 3520 3474 351
3559 3433 3736 3489 quem

2082 3515 2400 3571 pauperem
2431 3507 2708 3571 creasset,
2737 3505 3116 3574 postmodum
3150 3521 3343 3559 rerum
3379 3505 3547 3576 copia
3576 3505 3737 3561 locu-

2082 3586 2347 3659 pletaret.
2383 3588 2486 3644 Hic
2514 3607 2669 3657 vero,
2694 3592 2792 3662 qui
2845 3608 2972 3647 eam
3024 3593 3463 3664 perfectionem,
3499 3611 3627 3666 quae
3667 3612 3739 3651 ex

2083 3678 2342 3748 profectu
2393 3684 2502 3744 est,
2531 3680 2831 3750 tribueret,
2859 3680 2996 3736 alibi
3029 3687 3317 3750 creatum,
3354 3682 3414 3737 in
3461 3685 3735 3754 paradiso

2081 3768 2457 3838 postmodum
2491 3767 2763 3824 colonum
2796 3770 3135 3836 collocavit;
3171 3776 3236 3826 ut
3264 3771 3560 3843 explorato
3592 3773 3733 3844 quid

2080 3856 2392 3912 interesset
2428 3859 2581 3912 inter
2610 3859 2788 3914 vitam
2823 3875 3001 3930 quam
3045 3860 3183 3914 foris
3232 3865 3515 3930 gesserat,
3547 3866 3604 3915 et
3631 3877 3735 3932 pa-

2081 3947 2262 4002 radisi
2296 3946 2731 4003 institutionem
2781 3965 2847 4004 ac
2893 3947 3292 4020 disciplinam,
3327 3965 3394 4004 cx
3425 3949 3735 4022 utriusque

2079 4035 2406 4101 collatione,
2440 4041 2567 4092 tum
2600 4036 3062 4108 pulchritudinis
3094 4038 3497 4093 excellentiam
3527 4038 3737 4094 condi-

2079 4130 2286 4192 sceret,
2319 4129 2446 4180 tum
2479 4142 2657 4197 quam
2690 4125 2955 4182 facturus
2986 4132 3143 4182 esset
3165 4127 3484 4198 jacturam,
3518 4126 3568 4183 si
3597 4127 3737 4185 inde

2079 4214 2390 4282 excideret,
2426 4218 2734 4270 metueret.

2150 4305 2235 4359 11.
2261 4304 2334 4360 Ut
2355 4320 2488 4359 vero
2514 4302 2936 4376 plantationem
2966 4305 3060 4360 Dei
3089 4322 3268 4360 manu
3292 4305 3530 4378 dignam
3561 4306 3735 4362 intel—

2076 4392 2249 4464 ligas,
2281 4393 2337 4448 in
2383 4394 2722 4450 memoriam
2755 4396 2950 4450 veniat
2977 4412 3178 4450 eorum
3231 4412 3357 4466 quae
3401 4413 3434 4450 a
3484 4395 3732 4454 Domino

2077 4483 2232 4537 dicta
2260 4488 2402 4538 sunt
2447 4485 2517 4539 ad
2553 4483 2914 4556 discipulos:
2954 4485 3046 4541 Vos
3076 4487 3207 4540 estis
3237 4485 3510 4556 palmites,
3543 4492 3594 4540 et
3626 4491 3734 4540 Pa-

2075 4580 2156 4627 ter
2184 4589 2335 4628 meus
2372 4574 2622 4644 agricola
2652 4583 2730 4628 est
2749 4575 2813 4642 ‘7,
2847 4579 2913 4628 ut
2944 4575 3042 4644 qui
3089 4573 3372 4628 nimirum
3421 4573 3528 4629 sati
3561 4574 3632 4629 ab
3665 4591 3732 4630 eo

307 4665 440 4721 ἐστι’
475 4662 760 4736 δηλονότι,
810 4663 886 4726 ὡς
936 4663 1062 4737 παρ’
1110 4661 1274 4716 αὐτοῦ
1328 4660 1690 4738 φυτευθέντες.
1743 4661 1961 4734 Ταύτης

2090 4667 2291 4718 essent.
2323 4663 2400 4718 Ex
2447 4663 2549 4718 illa
2580 4667 2719 4717 sunt
2772 4662 3154 4733 plantationc,
3187 4667 3243 4717 et
3293 4664 3395 4734 qui
3445 4663 3506 4717 in
3557 4664 3730 4720 domo

307 4754 535 4823 εἱσὶτῆς
565 4752 780 4831 φυτείας
809 4752 899 4806 καὶ
953 4753 1004 4806 οἱ
1054 4750 1106 4805 ἐν
1157 4753 1236 4822 τῷ
1283 4747 1420 4824 οἷὸιῳ
1452 4749 1649 4826 Κυρίου
1698 4771 1966 4826 πεφυτευ-

311 4843 487 4918 μένοι,
540 4843 614 4906 ὡς
655 4842 973 4918 γέγραπται,
1023 4839 1190 4895 καὶέν
1249 4843 1367 4900 ταῖς
1418 4837 1613 4902 αὐλαῖς
1670 4843 1768 4893 τοῦ
1825 4844 1959 4895 Θεοῦ

304 4936 468 5006 ἡμῶν
525 4931 886 5003 ἐξανθουντες.
945 4927 1017 4984 Τὸ
1076 4925 1121 4983 δ’
1153 4927 1282 4983 αὐτὸ
1331 4928 1422 4982 καὶ
1472 4927 1526 4982 ἐν
1570 4932 1650 5000 τῷ
1681 4931 1956 5004 προφήτῃο

306 5022 446 5098 Ἐγὼ
543 5019 809 5097 ἐφύτευσα
909 5016 1157 5093 ἂμπελον
1258 5017 1607 5096 καρποφόρον
1687 5065 1702 5090 ,
1789 5023 1960 5073 πᾶσαν

304 5109 595 5182 ἀληθινήν.
655 5113 715 5169 Ὁ
773 5106 832 5165 δὲ
891 5108 1145 5184 μιμητὴς
1176 5111 1272 5164 τοῦ
1303 5109 1539 5183 Χριστοῦ
1571 5107 1788 5170 Παῦλος
1816 5106 1958 5163 ἀπο-

302 5199 490 5272 τολμᾷ
538 5199 628 5255 καὶ
689 5199 839 5276 λέγει
898 5197 1008 5268 ὅτι,
1064 5195 1198 5254 Θεοῦ
1266 5197 1517 5270 συνεργοὶ
1564 5195 1762 5270 ἐσμεν·
1823 5201 1960 5252 Θεοῦ

301 5288 568 5367 γεώργιόν
629 5289 746 5345 ἐστε
776 5330 790 5345 .
852 5288 997 5365 Ἐγὼ
1049 5284 1312 5366 ἐφύτευσα
1344 5329 1358 5358 ,
1417 5285 1711 5350 Ἀπολλὼς
1777 5285 1959 5343 ἐπότι-

2082 4751 2309 4806 Domini
2345 4751 2592 4823 plautati
2644 4751 2866 4807 sunt“.
2903 4753 2972 4806 Et
3023 4769 3230 4807 rursus
3282 4751 3340 4806 in
3392 4751 3726 4823 propheta:

2067 4842 2176 4911 Ego
2205 4841 2455 4912 plantavi
2506 4843 2724 4896 vineam
2768 4842 3138 4913 [iusti/eram,
3190 4857 3404 4897 omnem
3452 4856 3637 4895 veram
3659 4841 3722 4896 ‘9.

2073 4931 2382 5002 Audetque
2405 4934 2461 4984 et
2481 4930 2562 4985 ait
2578 4929 2788 4985 Christi
2809 4929 3058 4986 tumulus
3082 4931 3314 4999 Paulus,
3338 4931 3434 4985 Dei
3453 4929 3727 5001 adjutores

2067 5037 2291 5082 sumus;
2341 5021 2442 5076 Dei
2479 5021 2826 5090 agricultura
2872 5021 3021 5076 estis.
3057 5021 3164 5091 Ego
3208 5020 3488 5091 plantam”,
3538 5020 3728 5090 Apollo

2067 5113 2293 5181 rigavit.
2345 5111 2483 5165 Deus
2528 5118 2709 5165 autem
2757 5111 3158 5165 incrementum
3214 5109 3370 5164 dedit
3393 5108 3457 5164 ⁵ο.
3517 5109 3726 5166 Justus

2071 5216 2303 5272 quoque
2332 5199 2394 5254 in
2426 5199 2641 5254 Davide
2672 5198 2888 5255 similis
2919 5199 3112 5254 dictus
3142 5201 3231 5253 est
3260 5197 3454 5254 arbori
3489 5198 3725 5256 consitas

2069 5304 2244 5345 secus
2274 5289 2561 5344 decursus
2599 5304 2911 5360 aquarum,
2943 5292 3077 5358 Quae
3103 5289 3349 5360 fructum
3380 5304 3543 5344 suum
3573 5289 3728 5345 dabit

368 5502 414 5537 ιι
465 5497 619 5556 Psal.
650 5513 842 5571 mw,
877 5498 927 5557 4.
1005 5498 1053 5536 ⁸⁸
1078 5497 1234 5556 Psal.
1266 5515 1396 5570 xw,
1416 5497 1472 5555 5.
1547 5497 1594 5534 “
1623 5496 1776 5558 Psal.
1807 5513 1974 5569 xxxv,

2133 5499 2178 5535 ‘7
2209 5497 2380 5556 Joan.
2410 5514 2503 5567 xv,
2538 5499 2588 5554 1.
2666 5498 2710 5535 ⁴³
2740 5495 2893 5554 Psal.
2923 5511 3036 5567 xei,
3063 5497 3151 5556 14.
3227 5499 3274 5536 ⁸ο
3299 5499 3512 5557 Jerem.
3533 5515 3600 5571 ιι,
3621 5500 3721 5562 21.

297 5574 344 5611 ⁸ο
373 5574 396 5631 Ι
426 5572 556 5631 Cor.
589 5586 674 5640 ιιι,
705 5570 762 5638 9,
790 5571 846 5626 6.

365 5787 440 5862 (α)
470 5781 701 5855 Ταύτην.
733 5782 905 5843 Forte
934 5779 1248 5855 legendum
1277 5799 1500 5854 ταυτης,
1533 5795 1745 5855 nempe
1775 5777 2022 5843 κτίσεως.
2055 5779 2215 5836 EDx'r.
