  <div class='ocr_page' id='page_1' title='image "/cluster/home/n/w/nwhite01/storage/ocr_20150623/30:no.2/coo.31924054873116/047.png"; bbox 0 0 4154 6388; ppageno 0'>
   <div class='ocr_carea' id='block_1_1' title="bbox 449 419 2093 486">
    <p class='ocr_par' dir='ltr' id='par_1_1' title="bbox 449 419 2093 486">
     <span class='ocr_line' id='line_1_1' title="bbox 449 419 2093 486; baseline -0.002 -1"><span class='ocrx_word' id='word_1_1' title='bbox 449 429 485 486; x_wconf 81' lang='lat'>&#39;1</span> <span class='ocrx_word' id='word_1_2' title='bbox 493 427 525 484; x_wconf 82' lang='grc'>1</span> <span class='ocrx_word' id='word_1_3' title='bbox 1401 421 1657 482; x_wconf 68' lang='grc' dir='ltr'>ΔΡΡΕΝ</span> <span class='ocrx_word' id='word_1_4' title='bbox 1667 419 1802 481; x_wconf 84' lang='lat' dir='ltr'>DIX</span> <span class='ocrx_word' id='word_1_5' title='bbox 1843 420 2093 482; x_wconf 78' lang='grc' dir='ltr'>ΟΡΕιὶῖ</span> 
     </span>
    </p>
   </div>
   <div class='ocr_carea' id='block_1_2' title="bbox 2186 419 2938 486">
    <p class='ocr_par' dir='ltr' id='par_1_2' title="bbox 2216 419 2938 481">
     <span class='ocr_line' id='line_1_2' title="bbox 2216 419 2938 481; baseline 0 -1"><span class='ocrx_word' id='word_1_6' title='bbox 2216 419 2283 481; x_wconf 93' lang='lat' dir='ltr'>S.</span> <span class='ocrx_word' id='word_1_7' title='bbox 2327 419 2616 481; x_wconf 81' lang='lat' dir='ltr'>BASILII</span> <span class='ocrx_word' id='word_1_8' title='bbox 2661 419 2938 481; x_wconf 83' lang='lat' dir='ltr'>MAGNI.</span> 
     </span>
    </p>
   </div>
   <div class='ocr_carea' id='block_1_3' title="bbox 3786 423 3867 482">
    <p class='ocr_par' dir='ltr' id='par_1_3' title="bbox 3786 423 3867 482">
     <span class='ocr_line' id='line_1_3' title="bbox 3786 423 3867 482; baseline -0.025 0"><span class='ocrx_word' id='word_1_9' title='bbox 3786 423 3867 482; x_wconf 72' lang='grc'><strong>72</strong></span> 
     </span>
    </p>
   </div>
   <div class='ocr_carea' id='block_1_4' title="bbox 447 545 2093 627">
    <p class='ocr_par' dir='ltr' id='par_1_4' title="bbox 447 551 2088 627">
     <span class='ocr_line' id='line_1_4' title="bbox 447 551 2088 627; baseline -0.002 -17"><span class='ocrx_word' id='word_1_10' title='bbox 447 557 505 610; x_wconf 76' lang='lat' dir='ltr'>in</span> <span class='ocrx_word' id='word_1_11' title='bbox 535 560 775 627; x_wconf 74' lang='lat' dir='ltr'>tempore</span> <span class='ocrx_word' id='word_1_12' title='bbox 801 570 923 621; x_wconf 74' lang='lat' dir='ltr'>suo,</span> <span class='ocrx_word' id='word_1_13' title='bbox 952 558 1001 610; x_wconf 73' lang='lat' dir='ltr'>et</span> <span class='ocrx_word' id='word_1_14' title='bbox 1030 555 1226 624; x_wconf 72' lang='lat' dir='ltr'>folium</span> <span class='ocrx_word' id='word_1_15' title='bbox 1252 553 1368 619; x_wconf 68' lang='lat' dir='ltr'>eius</span> <span class='ocrx_word' id='word_1_16' title='bbox 1397 568 1504 606; x_wconf 81' lang='lat' dir='ltr'>non</span> <span class='ocrx_word' id='word_1_17' title='bbox 1534 551 1736 623; x_wconf 74' lang='lat' dir='ltr'>ile/luet</span> <span class='ocrx_word' id='word_1_18' title='bbox 1759 553 1833 620; x_wconf 80' lang='grc'>⁸¹;</span> <span class='ocrx_word' id='word_1_19' title='bbox 1867 569 1934 607; x_wconf 88' lang='lat' dir='ltr'>ac</span> <span class='ocrx_word' id='word_1_20' title='bbox 1966 569 2088 607; x_wconf 85' lang='lat' dir='ltr'>rur-</span> 
     </span>
    </p>
   </div>
   <div class='ocr_carea' id='block_1_5' title="bbox 2186 545 3864 627">
    <p class='ocr_par' dir='ltr' id='par_1_5' title="bbox 2202 545 3864 624">
     <span class='ocr_line' id='line_1_5' title="bbox 2202 545 3864 624; baseline 0.001 -20"><span class='ocrx_word' id='word_1_21' title='bbox 2202 570 2310 615; x_wconf 88' lang='grc' dir='ltr'>σεν,</span> <span class='ocrx_word' id='word_1_22' title='bbox 2368 549 2396 602; x_wconf 94' lang='lat'>6</span> <span class='ocrx_word' id='word_1_23' title='bbox 2453 546 2512 604; x_wconf 75' lang='grc' dir='ltr'>δὲ</span> <span class='ocrx_word' id='word_1_24' title='bbox 2542 550 2672 612; x_wconf 81' lang='grc' dir='ltr'>Θεὸς</span> <span class='ocrx_word' id='word_1_25' title='bbox 2726 545 2946 619; x_wconf 70' lang='grc' dir='ltr'>ηὔξησε.</span> <span class='ocrx_word' id='word_1_26' title='bbox 2984 547 3085 605; x_wconf 79' lang='grc' dir='ltr'>Καὶ</span> <span class='ocrx_word' id='word_1_27' title='bbox 3138 548 3166 602; x_wconf 90' lang='grc' dir='ltr'><strong>ὁ</strong></span> <span class='ocrx_word' id='word_1_28' title='bbox 3200 545 3407 610; x_wconf 86' lang='grc' dir='ltr'>δίκαιος</span> <span class='ocrx_word' id='word_1_29' title='bbox 3436 548 3512 616; x_wconf 70' lang='grc' dir='ltr'>δὲ,</span> <span class='ocrx_word' id='word_1_30' title='bbox 3548 549 3575 604; x_wconf 98' lang='lat'>6</span> <span class='ocrx_word' id='word_1_31' title='bbox 3609 551 3754 624; x_wconf 81' lang='grc' dir='ltr'>παρᾶ</span> <span class='ocrx_word' id='word_1_32' title='bbox 3782 555 3864 624; x_wconf 79' lang='grc' dir='ltr'>τῷ</span> 
     </span>
    </p>
   </div>
   <div class='ocr_carea' id='block_1_6' title="bbox 445 641 2095 714">
    <p class='ocr_par' dir='ltr' id='par_1_6' title="bbox 445 641 2095 714">
     <span class='ocr_line' id='line_1_6' title="bbox 445 641 2095 714; baseline -0.003 -15"><span class='ocrx_word' id='word_1_33' title='bbox 445 646 813 701; x_wconf 76' lang='lat' dir='ltr'>ruszluslus</span> <span class='ocrx_word' id='word_1_34' title='bbox 876 654 938 698; x_wconf 75' lang='lat' dir='ltr'>ut</span> <span class='ocrx_word' id='word_1_35' title='bbox 993 644 1175 714; x_wconf 83' lang='lat' dir='ltr'>palma</span> <span class='ocrx_word' id='word_1_36' title='bbox 1228 641 1536 710; x_wconf 57' lang='lat' dir='ltr'>ﬂorebat&quot;;</span> <span class='ocrx_word' id='word_1_37' title='bbox 1572 651 1630 696; x_wconf 90' lang='lat' dir='ltr'>et</span> <span class='ocrx_word' id='word_1_38' title='bbox 1676 659 1688 696; x_wconf 92' lang='lat'>:</span> <span class='ocrx_word' id='word_1_39' title='bbox 1748 643 1968 696; x_wconf 82' lang='lat' dir='ltr'>Vineam</span> <span class='ocrx_word' id='word_1_40' title='bbox 2023 657 2095 696; x_wconf 67' lang='lat' dir='ltr'>ea:</span> 
     </span>
    </p>
   </div>
   <div class='ocr_carea' id='block_1_7' title="bbox 443 733 2088 807">
    <p class='ocr_par' dir='ltr' id='par_1_7' title="bbox 443 733 2088 807">
     <span class='ocr_line' id='line_1_7' title="bbox 443 733 2088 807; baseline -0.003 -18"><span class='ocrx_word' id='word_1_41' title='bbox 443 737 682 807; x_wconf 63' lang='lat' dir='ltr'>zEgyplo</span> <span class='ocrx_word' id='word_1_42' title='bbox 705 735 1068 792; x_wconf 76' lang='lat' dir='ltr'>transtulisti;</span> <span class='ocrx_word' id='word_1_43' title='bbox 1085 733 1286 797; x_wconf 71' lang='lat' dir='ltr'>eiecisti</span> <span class='ocrx_word' id='word_1_44' title='bbox 1306 740 1576 800; x_wconf 73' lang='lat' dir='ltr'>gentes,et</span> <span class='ocrx_word' id='word_1_45' title='bbox 1595 733 1862 800; x_wconf 69' lang='lat' dir='ltr'>plantam</span> <span class='ocrx_word' id='word_1_46' title='bbox 1881 749 2003 785; x_wconf 79' lang='lat' dir='ltr'>eam</span> <span class='ocrx_word' id='word_1_47' title='bbox 2024 733 2088 784; x_wconf 80' lang='grc'>⁵³.</span> 
     </span>
    </p>
   </div>
   <div class='ocr_carea' id='block_1_8' title="bbox 443 821 2090 895">
    <p class='ocr_par' dir='ltr' id='par_1_8' title="bbox 443 821 2090 895">
     <span class='ocr_line' id='line_1_8' title="bbox 443 821 2090 895; baseline -0.002 -17"><span class='ocrx_word' id='word_1_48' title='bbox 443 824 527 878; x_wconf 90' lang='lat' dir='ltr'>Da</span> <span class='ocrx_word' id='word_1_49' title='bbox 560 827 737 895; x_wconf 86' lang='lat' dir='ltr'>igitur</span> <span class='ocrx_word' id='word_1_50' title='bbox 755 839 1010 894; x_wconf 86' lang='lat' dir='ltr'>operam,</span> <span class='ocrx_word' id='word_1_51' title='bbox 1037 830 1099 875; x_wconf 88' lang='lat' dir='ltr'>ut</span> <span class='ocrx_word' id='word_1_52' title='bbox 1131 837 1228 889; x_wconf 89' lang='lat' dir='ltr'>per</span> <span class='ocrx_word' id='word_1_53' title='bbox 1251 821 1586 875; x_wconf 78' lang='lat' dir='ltr'>istiusmodi</span> <span class='ocrx_word' id='word_1_54' title='bbox 1614 821 1968 875; x_wconf 90' lang='lat' dir='ltr'>documenta</span> <span class='ocrx_word' id='word_1_55' title='bbox 1994 838 2090 891; x_wconf 87' lang='lat' dir='ltr'>pa-</span> 
     </span>
    </p>
   </div>
   <div class='ocr_carea' id='block_1_9' title="bbox 441 910 2090 981">
    <p class='ocr_par' dir='ltr' id='par_1_9' title="bbox 441 910 2090 981">
     <span class='ocr_line' id='line_1_9' title="bbox 441 910 2090 981; baseline -0.002 -14"><span class='ocrx_word' id='word_1_56' title='bbox 441 915 704 967; x_wconf 86' lang='lat' dir='ltr'>radisum</span> <span class='ocrx_word' id='word_1_57' title='bbox 737 912 900 966; x_wconf 89' lang='lat' dir='ltr'>illum</span> <span class='ocrx_word' id='word_1_58' title='bbox 944 915 1137 963; x_wconf 89' lang='lat' dir='ltr'>mente</span> <span class='ocrx_word' id='word_1_59' title='bbox 1186 911 1547 978; x_wconf 79' lang='lat' dir='ltr'>assequeris,</span> <span class='ocrx_word' id='word_1_60' title='bbox 1585 910 2003 981; x_wconf 85' lang='lat' dir='ltr'>perveniasque</span> <span class='ocrx_word' id='word_1_61' title='bbox 2033 915 2090 964; x_wconf 89' lang='lat' dir='ltr'>et</span> 
     </span>
    </p>
   </div>
   <div class='ocr_carea' id='block_1_10' title="bbox 441 997 2087 1072">
    <p class='ocr_par' dir='ltr' id='par_1_10' title="bbox 441 997 2087 1072">
     <span class='ocr_line' id='line_1_10' title="bbox 441 997 2087 1072; baseline -0.002 -18"><span class='ocrx_word' id='word_1_62' title='bbox 441 1002 566 1072; x_wconf 91' lang='lat' dir='ltr'>ipse</span> <span class='ocrx_word' id='word_1_63' title='bbox 597 1002 666 1054; x_wconf 89' lang='lat' dir='ltr'>ad</span> <span class='ocrx_word' id='word_1_64' title='bbox 698 1001 903 1054; x_wconf 63' lang='lat' dir='ltr'>divinae</span> <span class='ocrx_word' id='word_1_65' title='bbox 950 999 1098 1053; x_wconf 89' lang='lat' dir='ltr'>lucis</span> <span class='ocrx_word' id='word_1_66' title='bbox 1131 998 1420 1066; x_wconf 67' lang='lat' dir='ltr'>fulgores;</span> <span class='ocrx_word' id='word_1_67' title='bbox 1458 999 1553 1051; x_wconf 92' lang='lat' dir='ltr'><strong>ubi</strong></span> <span class='ocrx_word' id='word_1_68' title='bbox 1588 997 1784 1052; x_wconf 85' lang='lat' dir='ltr'>lumen</span> <span class='ocrx_word' id='word_1_69' title='bbox 1835 999 2087 1051; x_wconf 75' lang='lat' dir='ltr'>scncntiin</span> 
     </span>
    </p>
   </div>
   <div class='ocr_carea' id='block_1_11' title="bbox 439 1086 2088 1156">
    <p class='ocr_par' dir='ltr' id='par_1_11' title="bbox 439 1086 2088 1156">
     <span class='ocr_line' id='line_1_11' title="bbox 439 1086 2088 1156; baseline -0.002 -13"><span class='ocrx_word' id='word_1_70' title='bbox 439 1093 649 1155; x_wconf 88' lang='lat' dir='ltr'>oritur;</span> <span class='ocrx_word' id='word_1_71' title='bbox 676 1089 771 1142; x_wconf 89' lang='lat' dir='ltr'>ubi</span> <span class='ocrx_word' id='word_1_72' title='bbox 797 1090 1063 1142; x_wconf 89' lang='lat' dir='ltr'>consitus</span> <span class='ocrx_word' id='word_1_73' title='bbox 1083 1093 1171 1140; x_wconf 90' lang='lat' dir='ltr'>est</span> <span class='ocrx_word' id='word_1_74' title='bbox 1197 1086 1504 1156; x_wconf 82' lang='lat' dir='ltr'>paradisus</span> <span class='ocrx_word' id='word_1_75' title='bbox 1527 1086 2088 1151; x_wconf 83' lang='lat' dir='ltr'>deliciaruin.0uan-</span> 
     </span>
    </p>
   </div>
   <div class='ocr_carea' id='block_1_12' title="bbox 435 1174 2084 1248">
    <p class='ocr_par' dir='ltr' id='par_1_12' title="bbox 435 1174 2084 1248">
     <span class='ocr_line' id='line_1_12' title="bbox 435 1174 2084 1248; baseline -0.001 -18"><span class='ocrx_word' id='word_1_76' title='bbox 435 1194 609 1248; x_wconf 85' lang='lat' dir='ltr'>quam</span> <span class='ocrx_word' id='word_1_77' title='bbox 633 1193 765 1232; x_wconf 88' lang='lat' dir='ltr'>vero</span> <span class='ocrx_word' id='word_1_78' title='bbox 789 1177 963 1230; x_wconf 87' lang='lat' dir='ltr'>etiam</span> <span class='ocrx_word' id='word_1_79' title='bbox 995 1174 1188 1229; x_wconf 89' lang='lat' dir='ltr'>locum</span> <span class='ocrx_word' id='word_1_80' title='bbox 1213 1190 1554 1244; x_wconf 87' lang='lat' dir='ltr'>corporeum</span> <span class='ocrx_word' id='word_1_81' title='bbox 1581 1176 1776 1228; x_wconf 91' lang='lat' dir='ltr'>animo</span> <span class='ocrx_word' id='word_1_82' title='bbox 1803 1175 2084 1228; x_wconf 88' lang='lat' dir='ltr'>informa-</span> 
     </span>
    </p>
   </div>
   <div class='ocr_carea' id='block_1_13' title="bbox 431 1264 2084 1336">
    <p class='ocr_par' dir='ltr' id='par_1_13' title="bbox 431 1264 2084 1336">
     <span class='ocr_line' id='line_1_13' title="bbox 431 1264 2084 1336; baseline -0.001 -17"><span class='ocrx_word' id='word_1_83' title='bbox 431 1267 602 1331; x_wconf 89' lang='lat' dir='ltr'>veris,</span> <span class='ocrx_word' id='word_1_84' title='bbox 638 1266 735 1336; x_wconf 89' lang='lat' dir='ltr'>qui</span> <span class='ocrx_word' id='word_1_85' title='bbox 769 1276 1106 1320; x_wconf 86' lang='lat' dir='ltr'>sanctorum</span> <span class='ocrx_word' id='word_1_86' title='bbox 1151 1264 1320 1317; x_wconf 87' lang='lat' dir='ltr'>sedes</span> <span class='ocrx_word' id='word_1_87' title='bbox 1376 1264 1472 1328; x_wconf 85' lang='lat' dir='ltr'>sit,</span> <span class='ocrx_word' id='word_1_88' title='bbox 1511 1264 1565 1316; x_wconf 92' lang='lat' dir='ltr'><strong>in</strong></span> <span class='ocrx_word' id='word_1_89' title='bbox 1605 1280 1716 1332; x_wconf 92' lang='lat' dir='ltr'>quo</span> <span class='ocrx_word' id='word_1_90' title='bbox 1748 1280 1952 1317; x_wconf 89' lang='lat' dir='ltr'>omnes</span> <span class='ocrx_word' id='word_1_91' title='bbox 1985 1264 2084 1334; x_wconf 88' lang='lat' dir='ltr'>qui</span> 
     </span>
    </p>
   </div>
   <div class='ocr_carea' id='block_1_14' title="bbox 431 1351 2084 1426">
    <p class='ocr_par' dir='ltr' id='par_1_14' title="bbox 431 1351 2084 1426">
     <span class='ocr_line' id='line_1_14' title="bbox 431 1351 2084 1426; baseline -0.002 -16"><span class='ocrx_word' id='word_1_92' title='bbox 431 1371 610 1426; x_wconf 82' lang='lat' dir='ltr'>super</span> <span class='ocrx_word' id='word_1_93' title='bbox 629 1360 846 1409; x_wconf 84' lang='lat' dir='ltr'>terram</span> <span class='ocrx_word' id='word_1_94' title='bbox 881 1353 1050 1408; x_wconf 85' lang='lat' dir='ltr'><strong>bonis</strong></span> <span class='ocrx_word' id='word_1_95' title='bbox 1079 1353 1355 1423; x_wconf 81' lang='lat' dir='ltr'>operibus</span> <span class='ocrx_word' id='word_1_96' title='bbox 1378 1351 1735 1420; x_wconf 83' lang='lat' dir='ltr'>claruerunt,</span> <span class='ocrx_word' id='word_1_97' title='bbox 1763 1353 1861 1406; x_wconf 87' lang='lat' dir='ltr'>Dei</span> <span class='ocrx_word' id='word_1_98' title='bbox 1884 1354 2084 1422; x_wconf 76' lang='lat' dir='ltr'>gratiae</span> 
     </span>
    </p>
   </div>
   <div class='ocr_carea' id='block_1_15' title="bbox 429 1440 2082 1514">
    <p class='ocr_par' dir='ltr' id='par_1_15' title="bbox 429 1440 2082 1514">
     <span class='ocr_line' id='line_1_15' title="bbox 429 1440 2082 1514; baseline -0.002 -16"><span class='ocrx_word' id='word_1_99' title='bbox 429 1450 732 1514; x_wconf 76' lang='lat' dir='ltr'>compotes</span> <span class='ocrx_word' id='word_1_100' title='bbox 779 1443 986 1508; x_wconf 72' lang='lat' dir='ltr'>effecti,</span> <span class='ocrx_word' id='word_1_101' title='bbox 1018 1457 1281 1511; x_wconf 81' lang='lat' dir='ltr'>veraeque</span> <span class='ocrx_word' id='word_1_102' title='bbox 1313 1457 1380 1495; x_wconf 90' lang='lat' dir='ltr'>ac</span> <span class='ocrx_word' id='word_1_103' title='bbox 1411 1440 1695 1511; x_wconf 87' lang='lat' dir='ltr'>spiritalis</span> <span class='ocrx_word' id='word_1_104' title='bbox 1739 1442 2082 1511; x_wconf 84' lang='lat' dir='ltr'>jucundita-</span> 
     </span>
    </p>
   </div>
   <div class='ocr_carea' id='block_1_16' title="bbox 431 1529 2082 1602">
    <p class='ocr_par' dir='ltr' id='par_1_16' title="bbox 431 1529 2082 1602">
     <span class='ocr_line' id='line_1_16' title="bbox 431 1529 2082 1602; baseline -0.003 -14"><span class='ocrx_word' id='word_1_105' title='bbox 431 1535 532 1597; x_wconf 89' lang='lat' dir='ltr'>tis,</span> <span class='ocrx_word' id='word_1_106' title='bbox 559 1534 743 1586; x_wconf 88' lang='lat' dir='ltr'>vitam</span> <span class='ocrx_word' id='word_1_107' title='bbox 776 1536 976 1602; x_wconf 84' lang='lat' dir='ltr'>agant,</span> <span class='ocrx_word' id='word_1_108' title='bbox 1012 1529 1153 1584; x_wconf 80' lang='lat' dir='ltr'><strong>nihil</strong></span> <span class='ocrx_word' id='word_1_109' title='bbox 1189 1531 1261 1584; x_wconf 93' lang='lat' dir='ltr'>ab</span> <span class='ocrx_word' id='word_1_110' title='bbox 1293 1546 1380 1594; x_wconf 89' lang='lat' dir='ltr'>ea,</span> <span class='ocrx_word' id='word_1_111' title='bbox 1407 1546 1534 1600; x_wconf 64' lang='lat' dir='ltr'>quae</span> <span class='ocrx_word' id='word_1_112' title='bbox 1566 1530 1790 1596; x_wconf 84' lang='lat' dir='ltr'>doceat,</span> <span class='ocrx_word' id='word_1_113' title='bbox 1827 1530 2082 1600; x_wconf 83' lang='lat' dir='ltr'>paradisi</span> 
     </span>
    </p>
   </div>
   <div class='ocr_carea' id='block_1_17' title="bbox 430 1618 1830 1692">
    <p class='ocr_par' dir='ltr' id='par_1_17' title="bbox 430 1618 1830 1692">
     <span class='ocr_line' id='line_1_17' title="bbox 430 1618 1830 1692; baseline -0.004 -15"><span class='ocrx_word' id='word_1_114' title='bbox 430 1625 770 1692; x_wconf 88' lang='lat' dir='ltr'>conjectura</span> <span class='ocrx_word' id='word_1_115' title='bbox 800 1637 864 1676; x_wconf 87' lang='lat' dir='ltr'>ac</span> <span class='ocrx_word' id='word_1_116' title='bbox 898 1619 1215 1674; x_wconf 86' lang='lat' dir='ltr'>simulacro</span> <span class='ocrx_word' id='word_1_117' title='bbox 1251 1621 1495 1673; x_wconf 81' lang='lat' dir='ltr'>forsitan</span> <span class='ocrx_word' id='word_1_118' title='bbox 1529 1618 1830 1674; x_wconf 88' lang='lat' dir='ltr'>erraveris.</span> 
     </span>
    </p>
   </div>
   <div class='ocr_carea' id='block_1_18' title="bbox 2204 634 3862 714">
    <p class='ocr_par' dir='ltr' id='par_1_18' title="bbox 2204 634 3862 714">
     <span class='ocr_line' id='line_1_18' title="bbox 2204 634 3862 714; baseline 0 -22"><span class='ocrx_word' id='word_1_119' title='bbox 2204 634 2391 705; x_wconf 72' lang='grc' dir='ltr'>Δαῧὶδ,</span> <span class='ocrx_word' id='word_1_120' title='bbox 2453 638 2734 711; x_wconf 78' lang='grc' dir='ltr'>ὡμοίωται</span> <span class='ocrx_word' id='word_1_121' title='bbox 2794 643 2872 709; x_wconf 82' lang='grc' dir='ltr'>τῷ</span> <span class='ocrx_word' id='word_1_122' title='bbox 2929 636 3074 709; x_wconf 89' lang='grc' dir='ltr'>ξύλῳ</span> <span class='ocrx_word' id='word_1_123' title='bbox 3135 642 3214 709; x_wconf 81' lang='grc' dir='ltr'>τῷ</span> <span class='ocrx_word' id='word_1_124' title='bbox 3270 638 3659 714; x_wconf 53' lang='grc' dir='ltr'>πεᾳυτευμένῳ</span> <span class='ocrx_word' id='word_1_125' title='bbox 3717 639 3862 712; x_wconf 82' lang='grc' dir='ltr'>παρά</span> 
     </span>
    </p>
   </div>
   <div class='ocr_carea' id='block_1_19' title="bbox 2200 723 3859 799">
    <p class='ocr_par' dir='ltr' id='par_1_19' title="bbox 2200 723 3859 799">
     <span class='ocr_line' id='line_1_19' title="bbox 2200 723 3859 799; baseline 0 -17"><span class='ocrx_word' id='word_1_126' title='bbox 2200 727 2296 788; x_wconf 74' lang='grc' dir='ltr'>τὰς</span> <span class='ocrx_word' id='word_1_127' title='bbox 2353 724 2624 798; x_wconf 77' lang='grc' dir='ltr'>διεξόδους</span> <span class='ocrx_word' id='word_1_128' title='bbox 2673 732 2780 781; x_wconf 91' lang='grc' dir='ltr'>τῶν</span> <span class='ocrx_word' id='word_1_129' title='bbox 2842 723 3047 780; x_wconf 72' lang='grc' dir='ltr'>ὑδάτων</span> <span class='ocrx_word' id='word_1_130' title='bbox 3085 769 3100 793; x_wconf 90' lang='grc'>,</span> <span class='ocrx_word' id='word_1_131' title='bbox 3154 732 3214 779; x_wconf 85' lang='grc' dir='ltr'>Ὃ</span> <span class='ocrx_word' id='word_1_132' title='bbox 3272 727 3362 780; x_wconf 85' lang='grc' dir='ltr'>τὸν</span> <span class='ocrx_word' id='word_1_133' title='bbox 3426 727 3630 799; x_wconf 84' lang='grc' dir='ltr'>καρπὸν</span> <span class='ocrx_word' id='word_1_134' title='bbox 3695 726 3859 782; x_wconf 75' lang='grc' dir='ltr'>αὑτοῦ</span> 
     </span>
    </p>
   </div>
   <div class='ocr_carea' id='block_1_20' title="bbox 2201 813 3858 893">
    <p class='ocr_par' dir='ltr' id='par_1_20' title="bbox 2201 813 3858 893">
     <span class='ocr_line' id='line_1_20' title="bbox 2201 813 3858 893; baseline 0.001 -24"><span class='ocrx_word' id='word_1_135' title='bbox 2201 813 2360 869; x_wconf 81' lang='grc' dir='ltr'>δώσει</span> <span class='ocrx_word' id='word_1_136' title='bbox 2421 814 2474 870; x_wconf 85' lang='grc' dir='ltr'>ἐν</span> <span class='ocrx_word' id='word_1_137' title='bbox 2526 821 2702 890; x_wconf 77' lang='grc' dir='ltr'>καιρῷ</span> <span class='ocrx_word' id='word_1_138' title='bbox 2763 817 2970 884; x_wconf 72' lang='grc' dir='ltr'>αὑτοῦ,</span> <span class='ocrx_word' id='word_1_139' title='bbox 3029 816 3117 869; x_wconf 85' lang='grc' dir='ltr'>καὶ</span> <span class='ocrx_word' id='word_1_140' title='bbox 3174 817 3236 870; x_wconf 86' lang='grc' dir='ltr'>τὸ</span> <span class='ocrx_word' id='word_1_141' title='bbox 3295 813 3504 893; x_wconf 64' lang='grc' dir='ltr'>φύλλον</span> <span class='ocrx_word' id='word_1_142' title='bbox 3560 817 3724 870; x_wconf 70' lang='grc' dir='ltr'>αὑτοῦ</span> <span class='ocrx_word' id='word_1_143' title='bbox 3758 816 3858 870; x_wconf 87' lang='grc' dir='ltr'>ούκ</span> 
     </span>
    </p>
   </div>
   <div class='ocr_carea' id='block_1_21' title="bbox 2198 903 3856 983">
    <p class='ocr_par' dir='ltr' id='par_1_21' title="bbox 2198 903 3856 983">
     <span class='ocr_line' id='line_1_21' title="bbox 2198 903 3856 983; baseline 0.001 -24"><span class='ocrx_word' id='word_1_144' title='bbox 2198 905 2637 980; x_wconf 76' lang='grc' dir='ltr'>ἀπορῥυήσεται·</span> <span class='ocrx_word' id='word_1_145' title='bbox 2696 904 2784 958; x_wconf 84' lang='grc' dir='ltr'>καὶ</span> <span class='ocrx_word' id='word_1_146' title='bbox 2842 903 3028 960; x_wconf 59' lang='grc' dir='ltr'>πάλιν</span> <span class='ocrx_word' id='word_1_147' title='bbox 3091 904 3306 966; x_wconf 89' lang='grc' dir='ltr'>Δίκαιος</span> <span class='ocrx_word' id='word_1_148' title='bbox 3365 905 3439 967; x_wconf 84' lang='grc' dir='ltr'>ὡς</span> <span class='ocrx_word' id='word_1_149' title='bbox 3495 905 3670 983; x_wconf 71' lang='grc' dir='ltr'>φοίνιξ</span> <span class='ocrx_word' id='word_1_150' title='bbox 3730 906 3788 960; x_wconf 84' lang='grc' dir='ltr'>ἀν</span> <span class='ocrx_word' id='word_1_151' title='bbox 3831 937 3856 948; x_wconf 87' lang='lat'><strong>-</strong></span> 
     </span>
    </p>
   </div>
   <div class='ocr_carea' id='block_1_22' title="bbox 2199 992 3850 1069">
    <p class='ocr_par' dir='ltr' id='par_1_22' title="bbox 2199 992 3850 1069">
     <span class='ocr_line' id='line_1_22' title="bbox 2199 992 3850 1069; baseline 0.001 -22"><span class='ocrx_word' id='word_1_152' title='bbox 2199 998 2391 1062; x_wconf 78' lang='grc' dir='ltr'>θήσει·</span> <span class='ocrx_word' id='word_1_153' title='bbox 2477 995 2565 1048; x_wconf 78' lang='grc' dir='ltr'>καὶ</span> <span class='ocrx_word' id='word_1_154' title='bbox 2620 1037 2633 1063; x_wconf 92' lang='grc'>,</span> <span class='ocrx_word' id='word_1_155' title='bbox 2697 992 2982 1064; x_wconf 75' lang='grc' dir='ltr'>Ἄμπελον</span> <span class='ocrx_word' id='word_1_156' title='bbox 3067 994 3116 1066; x_wconf 76' lang='grc' dir='ltr'>ἐξ</span> <span class='ocrx_word' id='word_1_157' title='bbox 3203 993 3480 1069; x_wconf 81' lang='grc' dir='ltr'>Αἰγύπτου</span> <span class='ocrx_word' id='word_1_158' title='bbox 3561 1001 3850 1067; x_wconf 81' lang='grc' dir='ltr'>μετῆρας·</span> 
     </span>
    </p>
   </div>
   <div class='ocr_carea' id='block_1_23' title="bbox 2197 1078 3857 1159">
    <p class='ocr_par' dir='ltr' id='par_1_23' title="bbox 2197 1078 3857 1159">
     <span class='ocr_line' id='line_1_23' title="bbox 2197 1078 3857 1159; baseline 0.001 -24"><span class='ocrx_word' id='word_1_159' title='bbox 2197 1078 2442 1152; x_wconf 70' lang='grc' dir='ltr'>ἐξέϐαλες</span> <span class='ocrx_word' id='word_1_160' title='bbox 2523 1081 2647 1152; x_wconf 80' lang='grc' dir='ltr'>ἔθνη</span> <span class='ocrx_word' id='word_1_161' title='bbox 2684 1126 2699 1153; x_wconf 93' lang='grc'>,</span> <span class='ocrx_word' id='word_1_162' title='bbox 2756 1084 2846 1136; x_wconf 87' lang='grc' dir='ltr'>καὶ</span> <span class='ocrx_word' id='word_1_163' title='bbox 2916 1084 3309 1159; x_wconf 73' lang='grc' dir='ltr'>κατεφύτευσας</span> <span class='ocrx_word' id='word_1_164' title='bbox 3386 1083 3552 1154; x_wconf 73' lang='grc' dir='ltr'>αὑτήν</span> <span class='ocrx_word' id='word_1_165' title='bbox 3591 1127 3602 1139; x_wconf 96' lang='grc'><strong>.</strong></span> <span class='ocrx_word' id='word_1_166' title='bbox 3665 1085 3857 1158; x_wconf 76' lang='grc' dir='ltr'>Πειρὲ-</span> 
     </span>
    </p>
   </div>
   <div class='ocr_carea' id='block_1_24' title="bbox 2195 1169 3853 1247">
    <p class='ocr_par' dir='ltr' id='par_1_24' title="bbox 2195 1169 3853 1247">
     <span class='ocr_line' id='line_1_24' title="bbox 2195 1169 3853 1247; baseline 0.001 -22"><span class='ocrx_word' id='word_1_167' title='bbox 2195 1173 2317 1240; x_wconf 82' lang='grc' dir='ltr'>Θητι</span> <span class='ocrx_word' id='word_1_168' title='bbox 2365 1172 2541 1225; x_wconf 93' lang='grc' dir='ltr'>τοίνυν</span> <span class='ocrx_word' id='word_1_169' title='bbox 2603 1170 2690 1225; x_wconf 73' lang='grc' dir='ltr'>διὰ</span> <span class='ocrx_word' id='word_1_170' title='bbox 2733 1177 2839 1225; x_wconf 92' lang='grc' dir='ltr'>τῶν</span> <span class='ocrx_word' id='word_1_171' title='bbox 2886 1171 3148 1225; x_wconf 86' lang='grc' dir='ltr'>τοιούτων</span> <span class='ocrx_word' id='word_1_172' title='bbox 3191 1169 3535 1247; x_wconf 73' lang='grc' dir='ltr'>διδαγμὰτων</span> <span class='ocrx_word' id='word_1_173' title='bbox 3597 1171 3646 1226; x_wconf 76' lang='grc' dir='ltr'>ἐν</span> <span class='ocrx_word' id='word_1_174' title='bbox 3701 1193 3853 1245; x_wconf 64' lang='grc' dir='ltr'>περι-</span> 
     </span>
    </p>
   </div>
   <div class='ocr_carea' id='block_1_25' title="bbox 2192 1259 3846 1335">
    <p class='ocr_par' dir='ltr' id='par_1_25' title="bbox 2192 1259 3846 1335">
     <span class='ocr_line' id='line_1_25' title="bbox 2192 1259 3846 1335; baseline 0.001 -21"><span class='ocrx_word' id='word_1_175' title='bbox 2192 1262 2315 1331; x_wconf 88' lang='grc' dir='ltr'>νοίᾳ</span> <span class='ocrx_word' id='word_1_176' title='bbox 2371 1262 2612 1334; x_wconf 69' lang='grc' dir='ltr'>γενέσθαι</span> <span class='ocrx_word' id='word_1_177' title='bbox 2670 1267 2767 1315; x_wconf 79' lang='grc' dir='ltr'>τοῦ</span> <span class='ocrx_word' id='word_1_178' title='bbox 2827 1259 3156 1334; x_wconf 69' lang='grc' dir='ltr'>παραδείσου</span> <span class='ocrx_word' id='word_1_179' title='bbox 3216 1261 3442 1330; x_wconf 79' lang='grc' dir='ltr'>ἐκείνου,</span> <span class='ocrx_word' id='word_1_180' title='bbox 3501 1262 3590 1316; x_wconf 83' lang='grc' dir='ltr'>καὶ</span> <span class='ocrx_word' id='word_1_181' title='bbox 3648 1263 3846 1335; x_wconf 66' lang='grc' dir='ltr'>φθάσαι</span> 
     </span>
    </p>
   </div>
   <div class='ocr_carea' id='block_1_26' title="bbox 2194 1347 3852 1429">
    <p class='ocr_par' dir='ltr' id='par_1_26' title="bbox 2194 1347 3852 1429">
     <span class='ocr_line' id='line_1_26' title="bbox 2194 1347 3852 1429; baseline 0.001 -25"><span class='ocrx_word' id='word_1_182' title='bbox 2194 1351 2283 1404; x_wconf 86' lang='grc' dir='ltr'>καὶ</span> <span class='ocrx_word' id='word_1_183' title='bbox 2343 1350 2502 1412; x_wconf 69' lang='grc' dir='ltr'>αὐτὸς</span> <span class='ocrx_word' id='word_1_184' title='bbox 2557 1350 2630 1411; x_wconf 84' lang='grc' dir='ltr'>εἷς</span> <span class='ocrx_word' id='word_1_185' title='bbox 2688 1351 2782 1411; x_wconf 82' lang='grc' dir='ltr'>τάς</span> <span class='ocrx_word' id='word_1_186' title='bbox 2813 1351 2987 1424; x_wconf 83' lang='grc' dir='ltr'>αὑγάς</span> <span class='ocrx_word' id='word_1_187' title='bbox 3044 1355 3140 1404; x_wconf 73' lang='grc' dir='ltr'>τοῦ</span> <span class='ocrx_word' id='word_1_188' title='bbox 3197 1350 3342 1413; x_wconf 79' lang='grc' dir='ltr'>θείου</span> <span class='ocrx_word' id='word_1_189' title='bbox 3391 1347 3591 1429; x_wconf 61' lang='grc' dir='ltr'>φωτός·</span> <span class='ocrx_word' id='word_1_190' title='bbox 3640 1349 3763 1405; x_wconf 80' lang='grc' dir='ltr'>ἔνθα</span> <span class='ocrx_word' id='word_1_191' title='bbox 3787 1353 3852 1406; x_wconf 86' lang='grc' dir='ltr'>τὸ</span> 
     </span>
    </p>
   </div>
   <div class='ocr_carea' id='block_1_27' title="bbox 2195 1437 3850 1517">
    <p class='ocr_par' dir='ltr' id='par_1_27' title="bbox 2195 1437 3850 1517">
     <span class='ocr_line' id='line_1_27' title="bbox 2195 1437 3850 1517; baseline 0.001 -25"><span class='ocrx_word' id='word_1_192' title='bbox 2195 1445 2308 1517; x_wconf 77' lang='grc' dir='ltr'>φῶς</span> <span class='ocrx_word' id='word_1_193' title='bbox 2341 1446 2437 1507; x_wconf 80' lang='grc' dir='ltr'>τῆς</span> <span class='ocrx_word' id='word_1_194' title='bbox 2483 1439 2736 1515; x_wconf 85' lang='grc' dir='ltr'>γνώσεως</span> <span class='ocrx_word' id='word_1_195' title='bbox 2787 1437 3090 1507; x_wconf 70' lang='grc' dir='ltr'>ἀνατέλλει,</span> <span class='ocrx_word' id='word_1_196' title='bbox 3145 1439 3264 1493; x_wconf 79' lang='grc' dir='ltr'>ἔνθα</span> <span class='ocrx_word' id='word_1_197' title='bbox 3312 1440 3340 1493; x_wconf 86' lang='grc' dir='ltr'><strong>ὁ</strong></span> <span class='ocrx_word' id='word_1_198' title='bbox 3391 1437 3719 1514; x_wconf 67' lang='grc' dir='ltr'>παράδεισος</span> <span class='ocrx_word' id='word_1_199' title='bbox 3749 1446 3850 1509; x_wconf 83' lang='grc' dir='ltr'>τῆς</span> 
     </span>
    </p>
   </div>
   <div class='ocr_carea' id='block_1_28' title="bbox 2191 1527 3850 1605">
    <p class='ocr_par' dir='ltr' id='par_1_28' title="bbox 2191 1527 3850 1605">
     <span class='ocr_line' id='line_1_28' title="bbox 2191 1527 3850 1605; baseline 0 -23"><span class='ocrx_word' id='word_1_200' title='bbox 2191 1536 2400 1605; x_wconf 79' lang='grc' dir='ltr'>τρυφῆς</span> <span class='ocrx_word' id='word_1_201' title='bbox 2445 1529 2789 1605; x_wconf 75' lang='grc' dir='ltr'>πεφύτευται,</span> <span class='ocrx_word' id='word_1_202' title='bbox 2845 1528 2949 1582; x_wconf 77' lang='grc' dir='ltr'>Κᾶν</span> <span class='ocrx_word' id='word_1_203' title='bbox 3000 1529 3206 1604; x_wconf 89' lang='grc' dir='ltr'>χωρίον</span> <span class='ocrx_word' id='word_1_204' title='bbox 3259 1527 3315 1584; x_wconf 75' lang='grc' dir='ltr'>δὲ</span> <span class='ocrx_word' id='word_1_205' title='bbox 3363 1551 3415 1584; x_wconf 89' lang='grc' dir='ltr'>τι</span> <span class='ocrx_word' id='word_1_206' title='bbox 3445 1533 3572 1601; x_wconf 77' lang='grc' dir='ltr'>νοῇς</span> <span class='ocrx_word' id='word_1_207' title='bbox 3603 1550 3850 1601; x_wconf 83' lang='grc' dir='ltr'>σωματι-</span> 
     </span>
    </p>
   </div>
   <div class='ocr_carea' id='block_1_29' title="bbox 2196 1615 3851 1694">
    <p class='ocr_par' dir='ltr' id='par_1_29' title="bbox 2196 1615 3851 1694">
     <span class='ocr_line' id='line_1_29' title="bbox 2196 1615 3851 1694; baseline 0 -23"><span class='ocrx_word' id='word_1_208' title='bbox 2196 1619 2311 1684; x_wconf 86' lang='grc' dir='ltr'>κὸν,</span> <span class='ocrx_word' id='word_1_209' title='bbox 2375 1615 2616 1672; x_wconf 83' lang='grc' dir='ltr'>δεκτικὸν</span> <span class='ocrx_word' id='word_1_210' title='bbox 2674 1623 2782 1671; x_wconf 91' lang='grc' dir='ltr'>τῶν</span> <span class='ocrx_word' id='word_1_211' title='bbox 2844 1619 3034 1691; x_wconf 76' lang='grc' dir='ltr'>ἁγίων,</span> <span class='ocrx_word' id='word_1_212' title='bbox 3086 1617 3212 1690; x_wconf 67' lang='grc' dir='ltr'>εἶνῷ</span> <span class='ocrx_word' id='word_1_213' title='bbox 3273 1618 3463 1680; x_wconf 73' lang='grc' dir='ltr'>πάντες</span> <span class='ocrx_word' id='word_1_214' title='bbox 3526 1619 3577 1671; x_wconf 66' lang='grc' dir='ltr'>οἱ</span> <span class='ocrx_word' id='word_1_215' title='bbox 3629 1617 3851 1694; x_wconf 78' lang='grc' dir='ltr'>ἐπὶγῆς</span> 
     </span>
    </p>
   </div>
   <div class='ocr_carea' id='block_1_30' title="bbox 427 1703 3848 1782">
    <p class='ocr_par' dir='ltr' id='par_1_30' title="bbox 427 1703 3848 1782">
     <span class='ocr_line' id='line_1_30' title="bbox 427 1703 3848 1782; baseline -0.001 -18"><span class='ocrx_word' id='word_1_216' title='bbox 427 1707 832 1782; x_wconf 79' lang='grc' dir='ltr'>διαλάμψαντες</span> <span class='ocrx_word' id='word_1_217' title='bbox 882 1706 932 1762; x_wconf 83' lang='grc' dir='ltr'>ἐν</span> <span class='ocrx_word' id='word_1_218' title='bbox 994 1704 1176 1782; x_wconf 83' lang='grc' dir='ltr'>ἔργοις</span> <span class='ocrx_word' id='word_1_219' title='bbox 1227 1706 1454 1780; x_wconf 71' lang='grc' dir='ltr'>ἀγαθοῖς</span> <span class='ocrx_word' id='word_1_220' title='bbox 1503 1703 1835 1776; x_wconf 82' lang='grc' dir='ltr'>διαιτῶνται,</span> <span class='ocrx_word' id='word_1_221' title='bbox 1886 1713 1987 1774; x_wconf 81' lang='grc' dir='ltr'>τῆς</span> <span class='ocrx_word' id='word_1_222' title='bbox 2017 1711 2112 1760; x_wconf 73' lang='grc' dir='ltr'>τοῦ</span> <span class='ocrx_word' id='word_1_223' title='bbox 2161 1711 2295 1762; x_wconf 71' lang='grc' dir='ltr'>Θεοῦ</span> <span class='ocrx_word' id='word_1_224' title='bbox 2348 1707 2708 1768; x_wconf 68' lang='grc' dir='ltr'>ἀπολαύοντες</span> <span class='ocrx_word' id='word_1_225' title='bbox 2755 1710 3003 1781; x_wconf 73' lang='grc' dir='ltr'>χάριτος,</span> <span class='ocrx_word' id='word_1_226' title='bbox 3055 1709 3170 1762; x_wconf 89' lang='grc' dir='ltr'>κατ’</span> <span class='ocrx_word' id='word_1_227' title='bbox 3224 1709 3371 1777; x_wconf 89' lang='grc' dir='ltr'>ἀξίαν</span> <span class='ocrx_word' id='word_1_228' title='bbox 3432 1703 3696 1780; x_wconf 76' lang='grc' dir='ltr'>ἀμοιϐὴν,</span> <span class='ocrx_word' id='word_1_229' title='bbox 3756 1707 3848 1762; x_wconf 82' lang='grc' dir='ltr'>καὶ</span> 
     </span>
    </p>
   </div>
   <div class='ocr_carea' id='block_1_31' title="bbox 425 1795 3849 1872">
    <p class='ocr_par' dir='ltr' id='par_1_31' title="bbox 425 1795 3849 1872">
     <span class='ocr_line' id='line_1_31' title="bbox 425 1795 3849 1872; baseline -0.001 -19"><span class='ocrx_word' id='word_1_230' title='bbox 425 1803 526 1864; x_wconf 78' lang='grc' dir='ltr'>τῆς</span> <span class='ocrx_word' id='word_1_231' title='bbox 586 1798 854 1868; x_wconf 77' lang='grc' dir='ltr'>ἀληθινῆς</span> <span class='ocrx_word' id='word_1_232' title='bbox 911 1797 1001 1852; x_wconf 82' lang='grc' dir='ltr'>καὶ</span> <span class='ocrx_word' id='word_1_233' title='bbox 1063 1797 1325 1870; x_wconf 81' lang='grc' dir='ltr'>μακαρίας</span> <span class='ocrx_word' id='word_1_234' title='bbox 1379 1796 1745 1870; x_wconf 84' lang='grc' dir='ltr'>τερπνότητος</span> <span class='ocrx_word' id='word_1_235' title='bbox 1780 1843 1794 1868; x_wconf 91' lang='grc'>,</span> <span class='ocrx_word' id='word_1_236' title='bbox 1854 1796 1953 1850; x_wconf 83' lang='grc' dir='ltr'>ούκ</span> <span class='ocrx_word' id='word_1_237' title='bbox 2008 1796 2334 1860; x_wconf 87' lang='grc' dir='ltr'>ἀποπίπτεις</span> <span class='ocrx_word' id='word_1_238' title='bbox 2405 1801 2548 1872; x_wconf 69' lang='grc' dir='ltr'>τάχα</span> <span class='ocrx_word' id='word_1_239' title='bbox 2597 1795 2709 1851; x_wconf 83' lang='grc' dir='ltr'>ούδ’</span> <span class='ocrx_word' id='word_1_240' title='bbox 2767 1798 2909 1850; x_wconf 64' lang='grc' dir='ltr'>ούτω</span> <span class='ocrx_word' id='word_1_241' title='bbox 2967 1804 3066 1867; x_wconf 82' lang='grc' dir='ltr'>τῆς</span> <span class='ocrx_word' id='word_1_242' title='bbox 3127 1797 3438 1872; x_wconf 70' lang='grc' dir='ltr'>πρεπούσης</span> <span class='ocrx_word' id='word_1_243' title='bbox 3494 1797 3617 1872; x_wconf 86' lang='grc' dir='ltr'>περὶ</span> <span class='ocrx_word' id='word_1_244' title='bbox 3679 1796 3849 1852; x_wconf 77' lang='grc' dir='ltr'>αὑτοῦ</span> 
     </span>
    </p>
   </div>
   <div class='ocr_carea' id='block_1_32' title="bbox 425 1887 682 1950">
    <p class='ocr_par' dir='ltr' id='par_1_32' title="bbox 425 1887 682 1950">
     <span class='ocr_line' id='line_1_32' title="bbox 425 1887 682 1950; baseline -0.004 -7"><span class='ocrx_word' id='word_1_245' title='bbox 425 1887 682 1950; x_wconf 73' lang='grc' dir='ltr'>εἰκασίας.</span> 
     </span>
    </p>
   </div>
   <div class='ocr_carea' id='block_1_33' title="bbox 499 1977 2157 2049">
    <p class='ocr_par' dir='ltr' id='par_1_33' title="bbox 499 1977 2157 2049">
     <span class='ocr_line' id='line_1_33' title="bbox 499 1977 2157 2049; baseline -0.002 -15"><span class='ocrx_word' id='word_1_246' title='bbox 499 1982 583 2034; x_wconf 82' lang='grc'><strong>12.</strong></span> <span class='ocrx_word' id='word_1_247' title='bbox 620 1978 739 2034; x_wconf 90' lang='lat' dir='ltr'>lllic</span> <span class='ocrx_word' id='word_1_248' title='bbox 771 1979 968 2049; x_wconf 79' lang='lat' dir='ltr'>itaque</span> <span class='ocrx_word' id='word_1_249' title='bbox 999 1979 1161 2033; x_wconf 70' lang='lat' dir='ltr'>bona:</span> <span class='ocrx_word' id='word_1_250' title='bbox 1188 1978 1453 2047; x_wconf 68' lang='lat' dir='ltr'>quaedam</span> <span class='ocrx_word' id='word_1_251' title='bbox 1477 1979 1726 2032; x_wconf 88' lang='lat' dir='ltr'>virtutes</span> <span class='ocrx_word' id='word_1_252' title='bbox 1760 1977 1959 2031; x_wconf 79' lang='lat' dir='ltr'><strong>missis</strong></span> <span class='ocrx_word' id='word_1_253' title='bbox 1987 1994 2079 2031; x_wconf 87' lang='lat' dir='ltr'>ra-</span> <span class='ocrx_word' id='word_1_254' title='bbox 2111 1981 2157 2046; x_wconf 85' lang='grc' dir='ltr'><strong>Β</strong></span> 
     </span>
    </p>
   </div>
   <div class='ocr_carea' id='block_1_34' title="bbox 423 2066 2074 2123">
    <p class='ocr_par' dir='ltr' id='par_1_34' title="bbox 423 2066 2074 2123">
     <span class='ocr_line' id='line_1_34' title="bbox 423 2066 2074 2123; baseline -0.001 -1"><span class='ocrx_word' id='word_1_255' title='bbox 423 2068 654 2123; x_wconf 91' lang='lat' dir='ltr'>dicibus</span> <span class='ocrx_word' id='word_1_256' title='bbox 689 2068 932 2121; x_wconf 83' lang='lat' dir='ltr'>firmiter</span> <span class='ocrx_word' id='word_1_257' title='bbox 962 2066 1233 2122; x_wconf 52' lang='lat' dir='ltr'>stabilitas</span> <span class='ocrx_word' id='word_1_258' title='bbox 1267 2072 1406 2120; x_wconf 87' lang='lat' dir='ltr'>sunt</span> <span class='ocrx_word' id='word_1_259' title='bbox 1447 2072 1787 2120; x_wconf 88' lang='lat' dir='ltr'>sanctorum</span> <span class='ocrx_word' id='word_1_260' title='bbox 1822 2066 2074 2120; x_wconf 87' lang='lat' dir='ltr'>admini-</span> 
     </span>
    </p>
   </div>
   <div class='ocr_carea' id='block_1_35' title="bbox 423 2156 2072 2228">
    <p class='ocr_par' dir='ltr' id='par_1_35' title="bbox 423 2156 2072 2228">
     <span class='ocr_line' id='line_1_35' title="bbox 423 2156 2072 2228; baseline -0.001 -16"><span class='ocrx_word' id='word_1_261' title='bbox 423 2162 578 2223; x_wconf 73' lang='lat' dir='ltr'>stris,</span> <span class='ocrx_word' id='word_1_262' title='bbox 613 2173 864 2228; x_wconf 90' lang='lat' dir='ltr'>quarum</span> <span class='ocrx_word' id='word_1_263' title='bbox 907 2157 1036 2210; x_wconf 84' lang='lat' dir='ltr'>fidei</span> <span class='ocrx_word' id='word_1_264' title='bbox 1093 2173 1156 2209; x_wconf 89' lang='lat' dir='ltr'>ac</span> <span class='ocrx_word' id='word_1_265' title='bbox 1207 2173 1360 2210; x_wconf 58' lang='lat' dir='ltr'>cura»</span> <span class='ocrx_word' id='word_1_266' title='bbox 1410 2156 1584 2210; x_wconf 89' lang='lat' dir='ltr'>homo</span> <span class='ocrx_word' id='word_1_267' title='bbox 1636 2172 1838 2209; x_wconf 88' lang='lat' dir='ltr'>recens</span> <span class='ocrx_word' id='word_1_268' title='bbox 1889 2160 2072 2222; x_wconf 90' lang='lat' dir='ltr'>ortus,</span> 
     </span>
    </p>
   </div>
   <div class='ocr_carea' id='block_1_36' title="bbox 422 2243 2076 2317">
    <p class='ocr_par' dir='ltr' id='par_1_36' title="bbox 422 2243 2076 2317">
     <span class='ocr_line' id='line_1_36' title="bbox 422 2243 2076 2317; baseline -0.001 -16"><span class='ocrx_word' id='word_1_269' title='bbox 422 2247 728 2317; x_wconf 87' lang='lat' dir='ltr'>multaque</span> <span class='ocrx_word' id='word_1_270' title='bbox 758 2246 829 2300; x_wconf 87' lang='lat' dir='ltr'>ad</span> <span class='ocrx_word' id='word_1_271' title='bbox 873 2246 1289 2316; x_wconf 73' lang='lat' dir='ltr'>perfectionem</span> <span class='ocrx_word' id='word_1_272' title='bbox 1345 2245 1617 2314; x_wconf 84' lang='lat' dir='ltr'>indigens</span> <span class='ocrx_word' id='word_1_273' title='bbox 1665 2243 2076 2300; x_wconf 82' lang='lat' dir='ltr'>exercitatione</span> 
     </span>
    </p>
   </div>
   <div class='ocr_carea' id='block_1_37' title="bbox 421 2333 2074 2406">
    <p class='ocr_par' dir='ltr' id='par_1_37' title="bbox 421 2333 2074 2406">
     <span class='ocr_line' id='line_1_37' title="bbox 421 2333 2074 2406; baseline 0.001 -18"><span class='ocrx_word' id='word_1_274' title='bbox 421 2336 652 2390; x_wconf 81' lang='lat' dir='ltr'>virtutis</span> <span class='ocrx_word' id='word_1_275' title='bbox 685 2335 954 2406; x_wconf 64' lang='lat' dir='ltr'>palastra</span> <span class='ocrx_word' id='word_1_276' title='bbox 984 2335 1234 2388; x_wconf 87' lang='lat' dir='ltr'>traditus</span> <span class='ocrx_word' id='word_1_277' title='bbox 1256 2338 1365 2388; x_wconf 90' lang='lat' dir='ltr'>est.</span> <span class='ocrx_word' id='word_1_278' title='bbox 1390 2333 1496 2388; x_wconf 87' lang='lat' dir='ltr'>Ubi</span> <span class='ocrx_word' id='word_1_279' title='bbox 1521 2338 1856 2388; x_wconf 87' lang='lat' dir='ltr'>sanctorum</span> <span class='ocrx_word' id='word_1_280' title='bbox 1890 2339 2074 2389; x_wconf 80' lang='lat' dir='ltr'>ccetus</span> 
     </span>
    </p>
   </div>
   <div class='ocr_carea' id='block_1_38' title="bbox 419 2420 2071 2486">
    <p class='ocr_par' dir='ltr' id='par_1_38' title="bbox 419 2420 2071 2486">
     <span class='ocr_line' id='line_1_38' title="bbox 419 2420 2071 2486; baseline -0.001 -10"><span class='ocrx_word' id='word_1_281' title='bbox 419 2428 537 2485; x_wconf 85' lang='lat' dir='ltr'>est;</span> <span class='ocrx_word' id='word_1_282' title='bbox 591 2423 686 2477; x_wconf 93' lang='lat' dir='ltr'>ubi</span> <span class='ocrx_word' id='word_1_283' title='bbox 740 2422 888 2476; x_wconf 89' lang='lat' dir='ltr'>lucis</span> <span class='ocrx_word' id='word_1_284' title='bbox 933 2428 1194 2486; x_wconf 83' lang='lat' dir='ltr'>exortus;</span> <span class='ocrx_word' id='word_1_285' title='bbox 1242 2421 1342 2473; x_wconf 93' lang='lat' dir='ltr'>ubi</span> <span class='ocrx_word' id='word_1_286' title='bbox 1394 2420 1613 2473; x_wconf 74' lang='lat' dir='ltr'>deliciae</span> <span class='ocrx_word' id='word_1_287' title='bbox 1664 2421 1872 2475; x_wconf 73' lang='lat' dir='ltr'>animis</span> <span class='ocrx_word' id='word_1_288' title='bbox 1907 2437 1919 2475; x_wconf 76' lang='grc' dir='ltr'><strong>ε</strong></span> <span class='ocrx_word' id='word_1_289' title='bbox 1954 2420 2071 2475; x_wconf 89' lang='lat' dir='ltr'>illic</span> 
     </span>
    </p>
   </div>
   <div class='ocr_carea' id='block_1_39' title="bbox 421 2508 2071 2582">
    <p class='ocr_par' dir='ltr' id='par_1_39' title="bbox 421 2508 2071 2582">
     <span class='ocr_line' id='line_1_39' title="bbox 421 2508 2071 2582; baseline -0.001 -17"><span class='ocrx_word' id='word_1_290' title='bbox 421 2516 572 2566; x_wconf 84' lang='lat' dir='ltr'>Deus</span> <span class='ocrx_word' id='word_1_291' title='bbox 605 2512 796 2582; x_wconf 84' lang='lat' dir='ltr'>posuit</span> <span class='ocrx_word' id='word_1_292' title='bbox 824 2511 1144 2566; x_wconf 88' lang='lat' dir='ltr'>hominem.</span> <span class='ocrx_word' id='word_1_293' title='bbox 1169 2511 1228 2564; x_wconf 90' lang='lat' dir='ltr'><strong>Si</strong></span> <span class='ocrx_word' id='word_1_294' title='bbox 1261 2508 1513 2563; x_wconf 86' lang='lat' dir='ltr'>carnalis</span> <span class='ocrx_word' id='word_1_295' title='bbox 1546 2525 1630 2571; x_wconf 88' lang='lat' dir='ltr'>es,</span> <span class='ocrx_word' id='word_1_296' title='bbox 1655 2509 1834 2563; x_wconf 84' lang='lat' dir='ltr'>babes</span> <span class='ocrx_word' id='word_1_297' title='bbox 1866 2526 2071 2581; x_wconf 92' lang='lat' dir='ltr'>corpo-</span> 
     </span>
    </p>
   </div>
   <div class='ocr_carea' id='block_1_40' title="bbox 415 2601 2070 2674">
    <p class='ocr_par' dir='ltr' id='par_1_40' title="bbox 415 2601 2070 2674">
     <span class='ocr_line' id='line_1_40' title="bbox 415 2601 2070 2674; baseline -0.001 -17"><span class='ocrx_word' id='word_1_298' title='bbox 415 2602 554 2658; x_wconf 87' lang='lat' dir='ltr'>ralis</span> <span class='ocrx_word' id='word_1_299' title='bbox 579 2603 828 2674; x_wconf 84' lang='lat' dir='ltr'>paradisi</span> <span class='ocrx_word' id='word_1_300' title='bbox 856 2601 1953 2669; x_wconf 86' lang='lat' dir='ltr'>delineationem,delicatissimamque</span> <span class='ocrx_word' id='word_1_301' title='bbox 1975 2618 2070 2655; x_wconf 86' lang='lat' dir='ltr'>ex-</span> 
     </span>
    </p>
   </div>
   <div class='ocr_carea' id='block_1_41' title="bbox 415 2689 2069 2763">
    <p class='ocr_par' dir='ltr' id='par_1_41' title="bbox 415 2689 2069 2763">
     <span class='ocr_line' id='line_1_41' title="bbox 415 2689 2069 2763; baseline -0.001 -18"><span class='ocrx_word' id='word_1_302' title='bbox 415 2691 752 2763; x_wconf 88' lang='lat' dir='ltr'>pletionem.</span> <span class='ocrx_word' id='word_1_303' title='bbox 771 2692 854 2745; x_wconf 87' lang='lat' dir='ltr'>Ad</span> <span class='ocrx_word' id='word_1_304' title='bbox 884 2691 1003 2745; x_wconf 68' lang='lat' dir='ltr'>haec</span> <span class='ocrx_word' id='word_1_305' title='bbox 1029 2689 1457 2761; x_wconf 86' lang='lat' dir='ltr'>propera,velut</span> <span class='ocrx_word' id='word_1_306' title='bbox 1477 2690 1904 2743; x_wconf 84' lang='lat' dir='ltr'>indelicientem</span> <span class='ocrx_word' id='word_1_307' title='bbox 1931 2691 2069 2744; x_wconf 90' lang='lat' dir='ltr'>sub-</span> 
     </span>
    </p>
   </div>
   <div class='ocr_carea' id='block_1_42' title="bbox 416 2778 2070 2848">
    <p class='ocr_par' dir='ltr' id='par_1_42' title="bbox 416 2778 2070 2848">
     <span class='ocr_line' id='line_1_42' title="bbox 416 2778 2070 2848; baseline -0.001 -14"><span class='ocrx_word' id='word_1_308' title='bbox 416 2780 872 2834; x_wconf 83' lang='lat' dir='ltr'>ministrandum</span> <span class='ocrx_word' id='word_1_309' title='bbox 900 2779 1018 2833; x_wconf 91' lang='lat' dir='ltr'>illic</span> <span class='ocrx_word' id='word_1_310' title='bbox 1038 2779 1401 2848; x_wconf 87' lang='lat' dir='ltr'>voluptatem</span> <span class='ocrx_word' id='word_1_311' title='bbox 1429 2778 1856 2832; x_wconf 89' lang='lat' dir='ltr'>nacturus.Seu</span> <span class='ocrx_word' id='word_1_312' title='bbox 1891 2779 2070 2848; x_wconf 87' lang='lat' dir='ltr'>spiri-</span> 
     </span>
    </p>
   </div>
   <div class='ocr_carea' id='block_1_43' title="bbox 418 2867 2067 2936">
    <p class='ocr_par' dir='ltr' id='par_1_43' title="bbox 418 2867 2067 2936">
     <span class='ocr_line' id='line_1_43' title="bbox 418 2867 2067 2936; baseline -0.004 -12"><span class='ocrx_word' id='word_1_313' title='bbox 418 2869 554 2924; x_wconf 86' lang='lat' dir='ltr'>talis</span> <span class='ocrx_word' id='word_1_314' title='bbox 577 2874 733 2926; x_wconf 88' lang='lat' dir='ltr'>es.et</span> <span class='ocrx_word' id='word_1_315' title='bbox 753 2867 1102 2922; x_wconf 87' lang='lat' dir='ltr'>sublimiora</span> <span class='ocrx_word' id='word_1_316' title='bbox 1123 2867 1283 2936; x_wconf 89' lang='lat' dir='ltr'>sapis</span> <span class='ocrx_word' id='word_1_317' title='bbox 1309 2883 1488 2936; x_wconf 86' lang='lat' dir='ltr'>quam</span> <span class='ocrx_word' id='word_1_318' title='bbox 1515 2883 1616 2936; x_wconf 92' lang='lat' dir='ltr'>pro</span> <span class='ocrx_word' id='word_1_319' title='bbox 1640 2883 1833 2920; x_wconf 89' lang='lat' dir='ltr'>rerum</span> <span class='ocrx_word' id='word_1_320' title='bbox 1857 2867 1912 2919; x_wconf 90' lang='lat' dir='ltr'>in</span> <span class='ocrx_word' id='word_1_321' title='bbox 1940 2882 2067 2919; x_wconf 86' lang='lat' dir='ltr'>sen-</span> 
     </span>
    </p>
   </div>
   <div class='ocr_carea' id='block_1_44' title="bbox 417 2954 2068 3018">
    <p class='ocr_par' dir='ltr' id='par_1_44' title="bbox 417 2954 2068 3018">
     <span class='ocr_line' id='line_1_44' title="bbox 417 2954 2068 3018; baseline -0.002 -7"><span class='ocrx_word' id='word_1_322' title='bbox 417 2974 547 3012; x_wconf 89' lang='lat' dir='ltr'>sum</span> <span class='ocrx_word' id='word_1_323' title='bbox 581 2957 914 3011; x_wconf 89' lang='lat' dir='ltr'>cadentium</span> <span class='ocrx_word' id='word_1_324' title='bbox 942 2955 1351 3018; x_wconf 87' lang='lat' dir='ltr'>oblectatione,</span> <span class='ocrx_word' id='word_1_325' title='bbox 1378 2954 1624 3008; x_wconf 84' lang='lat' dir='ltr'>ascende</span> <span class='ocrx_word' id='word_1_326' title='bbox 1645 2955 1842 3009; x_wconf 84' lang='lat' dir='ltr'><strong>animo</strong></span> <span class='ocrx_word' id='word_1_327' title='bbox 1864 2955 1933 3008; x_wconf 88' lang='lat' dir='ltr'>ad</span> <span class='ocrx_word' id='word_1_328' title='bbox 1969 2954 2068 3008; x_wconf 91' lang='lat' dir='ltr'>de-</span> 
     </span>
    </p>
   </div>
   <div class='ocr_carea' id='block_1_45' title="bbox 415 3043 2066 3116">
    <p class='ocr_par' dir='ltr' id='par_1_45' title="bbox 415 3043 2066 3116">
     <span class='ocr_line' id='line_1_45' title="bbox 415 3043 2066 3116; baseline -0.002 -16"><span class='ocrx_word' id='word_1_329' title='bbox 415 3061 551 3100; x_wconf 89' lang='lat' dir='ltr'>cora</span> <span class='ocrx_word' id='word_1_330' title='bbox 599 3043 964 3116; x_wconf 83' lang='lat' dir='ltr'>angelorum,</span> <span class='ocrx_word' id='word_1_331' title='bbox 998 3044 1273 3097; x_wconf 90' lang='lat' dir='ltr'>condisce</span> <span class='ocrx_word' id='word_1_332' title='bbox 1305 3043 1404 3113; x_wconf 92' lang='lat' dir='ltr'>qui</span> <span class='ocrx_word' id='word_1_333' title='bbox 1447 3043 1503 3096; x_wconf 93' lang='lat' dir='ltr'><strong>in</strong></span> <span class='ocrx_word' id='word_1_334' title='bbox 1535 3044 1618 3097; x_wconf 90' lang='lat' dir='ltr'>eis</span> <span class='ocrx_word' id='word_1_335' title='bbox 1645 3048 1783 3097; x_wconf 90' lang='lat' dir='ltr'>sunt</span> <span class='ocrx_word' id='word_1_336' title='bbox 1821 3043 2066 3111; x_wconf 64' lang='lat' dir='ltr'>justitiw</span> 
     </span>
    </p>
   </div>
   <div class='ocr_carea' id='block_1_46' title="bbox 419 3131 2064 3202">
    <p class='ocr_par' dir='ltr' id='par_1_46' title="bbox 419 3131 2064 3202">
     <span class='ocr_line' id='line_1_46' title="bbox 419 3131 2064 3202; baseline -0.001 -14"><span class='ocrx_word' id='word_1_337' title='bbox 419 3135 666 3189; x_wconf 88' lang='lat' dir='ltr'>fructus.</span> <span class='ocrx_word' id='word_1_338' title='bbox 691 3136 976 3188; x_wconf 82' lang='lat' dir='ltr'>Contuere</span> <span class='ocrx_word' id='word_1_339' title='bbox 999 3132 1098 3186; x_wconf 87' lang='lat' dir='ltr'>Dei</span> <span class='ocrx_word' id='word_1_340' title='bbox 1131 3131 1347 3186; x_wconf 86' lang='lat' dir='ltr'>ﬂumen</span> <span class='ocrx_word' id='word_1_341' title='bbox 1372 3132 1543 3201; x_wconf 90' lang='lat' dir='ltr'>aquis</span> <span class='ocrx_word' id='word_1_342' title='bbox 1564 3131 1871 3201; x_wconf 86' lang='lat' dir='ltr'>repletum,</span> <span class='ocrx_word' id='word_1_343' title='bbox 1898 3133 2064 3202; x_wconf 73' lang='lat' dir='ltr'>Cujus</span> 
     </span>
    </p>
   </div>
   <div class='ocr_carea' id='block_1_47' title="bbox 416 3221 2064 3293">
    <p class='ocr_par' dir='ltr' id='par_1_47' title="bbox 416 3221 2064 3293">
     <span class='ocr_line' id='line_1_47' title="bbox 416 3221 2064 3293; baseline -0.002 -15"><span class='ocrx_word' id='word_1_344' title='bbox 416 3225 650 3293; x_wconf 76' lang='lat' dir='ltr'>impetus</span> <span class='ocrx_word' id='word_1_345' title='bbox 700 3223 976 3291; x_wconf 64' lang='lat' dir='ltr'>tztz&#39;ﬁcant</span> <span class='ocrx_word' id='word_1_346' title='bbox 1021 3223 1298 3276; x_wconf 79' lang='lat' dir='ltr'>civitatem</span> <span class='ocrx_word' id='word_1_347' title='bbox 1328 3223 1428 3275; x_wconf 68' lang='lat' dir='ltr'>Dei</span> <span class='ocrx_word' id='word_1_348' title='bbox 1447 3221 1518 3287; x_wconf 64' lang='grc' dir='ltr'>ἰς</span> <span class='ocrx_word' id='word_1_349' title='bbox 1555 3221 1718 3292; x_wconf 79' lang='lat' dir='ltr'>Cujus</span> <span class='ocrx_word' id='word_1_350' title='bbox 1763 3227 1972 3290; x_wconf 76' lang='lat' dir='ltr'>arti/cx</span> <span class='ocrx_word' id='word_1_351' title='bbox 1999 3238 2064 3275; x_wconf 88' lang='lat' dir='ltr'>ac</span> 
     </span>
    </p>
   </div>
   <div class='ocr_carea' id='block_1_48' title="bbox 413 3310 2060 3380">
    <p class='ocr_par' dir='ltr' id='par_1_48' title="bbox 413 3310 2060 3380">
     <span class='ocr_line' id='line_1_48' title="bbox 413 3310 2060 3380; baseline -0.002 -13"><span class='ocrx_word' id='word_1_352' title='bbox 413 3312 665 3368; x_wconf 80' lang='lat' dir='ltr'>conditor</span> <span class='ocrx_word' id='word_1_353' title='bbox 694 3312 831 3365; x_wconf 77' lang='lat' dir='ltr'>Deus</span> <span class='ocrx_word' id='word_1_354' title='bbox 850 3311 913 3345; x_wconf 81' lang='grc'>⁸⁸·</span> <span class='ocrx_word' id='word_1_355' title='bbox 953 3314 1058 3364; x_wconf 87' lang='lat' dir='ltr'>Per</span> <span class='ocrx_word' id='word_1_356' title='bbox 1087 3310 1236 3364; x_wconf 85' lang='lat' dir='ltr'>hanc</span> <span class='ocrx_word' id='word_1_357' title='bbox 1268 3312 1398 3364; x_wconf 80' lang='lat' dir='ltr'>fluit</span> <span class='ocrx_word' id='word_1_358' title='bbox 1428 3310 1524 3364; x_wconf 90' lang='lat' dir='ltr'>ille</span> <span class='ocrx_word' id='word_1_359' title='bbox 1554 3310 1793 3375; x_wconf 85' lang='lat' dir='ltr'>ﬂuvius,</span> <span class='ocrx_word' id='word_1_360' title='bbox 1817 3311 1916 3380; x_wconf 93' lang='lat' dir='ltr'>qui</span> <span class='ocrx_word' id='word_1_361' title='bbox 1951 3312 2060 3363; x_wconf 92' lang='lat' dir='ltr'>du-</span> 
     </span>
    </p>
   </div>
   <div class='ocr_carea' id='block_1_49' title="bbox 413 3399 2062 3469">
    <p class='ocr_par' dir='ltr' id='par_1_49' title="bbox 413 3399 2062 3469">
     <span class='ocr_line' id='line_1_49' title="bbox 413 3399 2062 3469; baseline -0.001 -15"><span class='ocrx_word' id='word_1_362' title='bbox 413 3407 505 3454; x_wconf 85' lang='lat' dir='ltr'>cta</span> <span class='ocrx_word' id='word_1_363' title='bbox 526 3401 597 3454; x_wconf 90' lang='lat' dir='ltr'>ab</span> <span class='ocrx_word' id='word_1_364' title='bbox 622 3400 798 3454; x_wconf 89' lang='lat' dir='ltr'>Edem</span> <span class='ocrx_word' id='word_1_365' title='bbox 824 3399 1068 3469; x_wconf 76' lang='lat' dir='ltr'>origine,</span> <span class='ocrx_word' id='word_1_366' title='bbox 1089 3399 1292 3469; x_wconf 86' lang='lat' dir='ltr'>irrigat</span> <span class='ocrx_word' id='word_1_367' title='bbox 1316 3399 1915 3468; x_wconf 79' lang='lat' dir='ltr'>paradisum.Cuncta</span> <span class='ocrx_word' id='word_1_368' title='bbox 1940 3399 2062 3453; x_wconf 72' lang='lat' dir='ltr'>haec</span> 
     </span>
    </p>
   </div>
   <div class='ocr_carea' id='block_1_50' title="bbox 411 3487 2067 3558">
    <p class='ocr_par' dir='ltr' id='par_1_50' title="bbox 411 3487 2067 3558">
     <span class='ocr_line' id='line_1_50' title="bbox 411 3487 2067 3558; baseline -0.001 -15"><span class='ocrx_word' id='word_1_369' title='bbox 411 3493 608 3543; x_wconf 87' lang='lat' dir='ltr'>mente</span> <span class='ocrx_word' id='word_1_370' title='bbox 641 3493 940 3558; x_wconf 87' lang='lat' dir='ltr'>reputans.</span> <span class='ocrx_word' id='word_1_371' title='bbox 977 3487 1184 3541; x_wconf 90' lang='lat' dir='ltr'>borum</span> <span class='ocrx_word' id='word_1_372' title='bbox 1229 3487 1407 3541; x_wconf 88' lang='lat' dir='ltr'>lauda</span> <span class='ocrx_word' id='word_1_373' title='bbox 1437 3488 1820 3551; x_wconf 90' lang='lat' dir='ltr'>conditorem,</span> <span class='ocrx_word' id='word_1_374' title='bbox 1847 3489 1945 3558; x_wconf 92' lang='lat' dir='ltr'>qui</span> <span class='ocrx_word' id='word_1_375' title='bbox 1979 3493 2067 3541; x_wconf 88' lang='lat' dir='ltr'>tot</span> 
     </span>
    </p>
   </div>
   <div class='ocr_carea' id='block_1_51' title="bbox 411 3574 2064 3648">
    <p class='ocr_par' dir='ltr' id='par_1_51' title="bbox 411 3574 2064 3648">
     <span class='ocr_line' id='line_1_51' title="bbox 411 3574 2064 3648; baseline -0.002 -17"><span class='ocrx_word' id='word_1_376' title='bbox 411 3580 697 3648; x_wconf 78' lang='lat' dir='ltr'>tantaque</span> <span class='ocrx_word' id='word_1_377' title='bbox 717 3578 867 3630; x_wconf 90' lang='lat' dir='ltr'>bona</span> <span class='ocrx_word' id='word_1_378' title='bbox 883 3576 969 3630; x_wconf 89' lang='lat' dir='ltr'>tui</span> <span class='ocrx_word' id='word_1_379' title='bbox 988 3591 1165 3630; x_wconf 83' lang='lat' dir='ltr'>causa</span> <span class='ocrx_word' id='word_1_380' title='bbox 1188 3574 1468 3639; x_wconf 74' lang='lat' dir='ltr'>fecerit,et</span> <span class='ocrx_word' id='word_1_381' title='bbox 1493 3581 1556 3629; x_wconf 90' lang='lat' dir='ltr'>ut</span> <span class='ocrx_word' id='word_1_382' title='bbox 1574 3580 1635 3628; x_wconf 90' lang='lat' dir='ltr'>tu</span> <span class='ocrx_word' id='word_1_383' title='bbox 1658 3575 1742 3629; x_wconf 92' lang='lat' dir='ltr'>eis</span> <span class='ocrx_word' id='word_1_384' title='bbox 1764 3575 2064 3641; x_wconf 83' lang='lat' dir='ltr'>fruereris,</span> 
     </span>
    </p>
   </div>
   <div class='ocr_carea' id='block_1_52' title="bbox 411 3665 2063 3736">
    <p class='ocr_par' dir='ltr' id='par_1_52' title="bbox 411 3665 2063 3736">
     <span class='ocr_line' id='line_1_52' title="bbox 411 3665 2063 3736; baseline -0.001 -16"><span class='ocrx_word' id='word_1_385' title='bbox 411 3669 695 3736; x_wconf 85' lang='lat' dir='ltr'>tantaque</span> <span class='ocrx_word' id='word_1_386' title='bbox 725 3672 781 3719; x_wconf 88' lang='lat' dir='ltr'>te</span> <span class='ocrx_word' id='word_1_387' title='bbox 812 3665 1076 3719; x_wconf 80' lang='lat' dir='ltr'>claritate</span> <span class='ocrx_word' id='word_1_388' title='bbox 1109 3665 1388 3735; x_wconf 83' lang='lat' dir='ltr'>dignatus</span> <span class='ocrx_word' id='word_1_389' title='bbox 1420 3665 1518 3728; x_wconf 86' lang='lat' dir='ltr'>sit,</span> <span class='ocrx_word' id='word_1_390' title='bbox 1545 3665 1593 3718; x_wconf 91' lang='lat' dir='ltr'>si</span> <span class='ocrx_word' id='word_1_391' title='bbox 1623 3665 1795 3718; x_wconf 88' lang='lat' dir='ltr'>modo</span> <span class='ocrx_word' id='word_1_392' title='bbox 1827 3665 1897 3718; x_wconf 90' lang='lat' dir='ltr'>ad</span> <span class='ocrx_word' id='word_1_393' title='bbox 1930 3681 2063 3718; x_wconf 90' lang='lat' dir='ltr'>eum</span> 
     </span>
    </p>
   </div>
   <div class='ocr_carea' id='block_1_53' title="bbox 411 3752 2066 3824">
    <p class='ocr_par' dir='ltr' id='par_1_53' title="bbox 411 3752 2066 3824">
     <span class='ocr_line' id='line_1_53' title="bbox 411 3752 2066 3824; baseline -0.001 -15"><span class='ocrx_word' id='word_1_394' title='bbox 411 3770 644 3824; x_wconf 85' lang='lat' dir='ltr'>semper</span> <span class='ocrx_word' id='word_1_395' title='bbox 690 3753 882 3808; x_wconf 88' lang='lat' dir='ltr'>animo</span> <span class='ocrx_word' id='word_1_396' title='bbox 933 3753 1310 3818; x_wconf 79' lang='lat' dir='ltr'>converteris,</span> <span class='ocrx_word' id='word_1_397' title='bbox 1346 3752 1819 3820; x_wconf 87' lang='lat' dir='ltr'>intellexerisque</span> <span class='ocrx_word' id='word_1_398' title='bbox 1866 3769 1900 3805; x_wconf 80' lang='grc' dir='ltr'>ει</span> <span class='ocrx_word' id='word_1_399' title='bbox 1951 3769 2066 3822; x_wconf 93' lang='lat' dir='ltr'>quo</span> 
     </span>
    </p>
   </div>
   <div class='ocr_carea' id='block_1_54' title="bbox 411 3842 2063 3914">
    <p class='ocr_par' dir='ltr' id='par_1_54' title="bbox 411 3842 2063 3914">
     <span class='ocr_line' id='line_1_54' title="bbox 411 3842 2063 3914; baseline -0.001 -16"><span class='ocrx_word' id='word_1_400' title='bbox 411 3848 468 3898; x_wconf 89' lang='lat' dir='ltr'>et</span> <span class='ocrx_word' id='word_1_401' title='bbox 490 3859 663 3914; x_wconf 91' lang='lat' dir='ltr'>quem</span> <span class='ocrx_word' id='word_1_402' title='bbox 694 3842 751 3896; x_wconf 90' lang='lat' dir='ltr'>in</span> <span class='ocrx_word' id='word_1_403' title='bbox 786 3843 960 3896; x_wconf 84' lang='lat' dir='ltr'>ﬁnem</span> <span class='ocrx_word' id='word_1_404' title='bbox 993 3843 1050 3895; x_wconf 92' lang='lat' dir='ltr'>in</span> <span class='ocrx_word' id='word_1_405' title='bbox 1083 3858 1277 3896; x_wconf 90' lang='lat' dir='ltr'>rerum</span> <span class='ocrx_word' id='word_1_406' title='bbox 1308 3847 1577 3895; x_wconf 87' lang='lat' dir='ltr'>naturam</span> <span class='ocrx_word' id='word_1_407' title='bbox 1615 3842 1898 3895; x_wconf 82' lang='lat' dir='ltr'>fuerimus</span> <span class='ocrx_word' id='word_1_408' title='bbox 1932 3857 2063 3912; x_wconf 89' lang='lat' dir='ltr'>pro-</span> 
     </span>
    </p>
   </div>
   <div class='ocr_carea' id='block_1_55' title="bbox 410 3929 1938 4002">
    <p class='ocr_par' dir='ltr' id='par_1_55' title="bbox 410 3929 1938 4002">
     <span class='ocr_line' id='line_1_55' title="bbox 410 3929 1938 4002; baseline -0.001 -17"><span class='ocrx_word' id='word_1_409' title='bbox 410 3930 591 3985; x_wconf 89' lang='lat' dir='ltr'>ducti.</span> <span class='ocrx_word' id='word_1_410' title='bbox 629 3931 740 4002; x_wconf 90' lang='lat' dir='ltr'>lpsi</span> <span class='ocrx_word' id='word_1_411' title='bbox 775 3929 960 4001; x_wconf 81' lang='lat' dir='ltr'>gloria</span> <span class='ocrx_word' id='word_1_412' title='bbox 992 3931 1050 3984; x_wconf 92' lang='lat' dir='ltr'>in</span> <span class='ocrx_word' id='word_1_413' title='bbox 1085 3929 1299 3984; x_wconf 71' lang='lat' dir='ltr'>saecula</span> <span class='ocrx_word' id='word_1_414' title='bbox 1331 3934 1703 3984; x_wconf 69' lang='lat' dir='ltr'>saaculorum.</span> <span class='ocrx_word' id='word_1_415' title='bbox 1736 3938 1938 3984; x_wconf 83' lang='lat' dir='ltr'>Amen.</span> 
     </span>
    </p>
   </div>
   <div class='ocr_carea' id='block_1_56' title="bbox 2262 1975 3848 2051">
    <p class='ocr_par' dir='ltr' id='par_1_56' title="bbox 2262 1975 3848 2051">
     <span class='ocr_line' id='line_1_56' title="bbox 2262 1975 3848 2051; baseline -0.001 -19"><span class='ocrx_word' id='word_1_416' title='bbox 2262 1980 2346 2033; x_wconf 84' lang='grc'><strong>12.</strong></span> <span class='ocrx_word' id='word_1_417' title='bbox 2399 1977 2542 2032; x_wconf 84' lang='grc' dir='ltr'>Ἐκεῖ</span> <span class='ocrx_word' id='word_1_418' title='bbox 2593 1976 2685 2029; x_wconf 77' lang='grc' dir='ltr'>οὗν</span> <span class='ocrx_word' id='word_1_419' title='bbox 2741 1975 3101 2051; x_wconf 68' lang='grc' dir='ltr'>ἐρριζωμὲναι</span> <span class='ocrx_word' id='word_1_420' title='bbox 3161 1976 3260 2030; x_wconf 79' lang='grc' dir='ltr'>εἰσὶ</span> <span class='ocrx_word' id='word_1_421' title='bbox 3311 1975 3400 2030; x_wconf 82' lang='grc' dir='ltr'>καί</span> <span class='ocrx_word' id='word_1_422' title='bbox 3454 1975 3665 2051; x_wconf 86' lang='grc' dir='ltr'>παγίως</span> <span class='ocrx_word' id='word_1_423' title='bbox 3725 1975 3848 2051; x_wconf 70' lang='grc' dir='ltr'>ἐρη-</span> 
     </span>
    </p>
   </div>
   <div class='ocr_carea' id='block_1_57' title="bbox 2187 2063 3842 2140">
    <p class='ocr_par' dir='ltr' id='par_1_57' title="bbox 2187 2063 3842 2140">
     <span class='ocr_line' id='line_1_57' title="bbox 2187 2063 3842 2140; baseline -0.001 -21"><span class='ocrx_word' id='word_1_424' title='bbox 2187 2063 2460 2140; x_wconf 67' lang='grc' dir='ltr'>ρεισμέναι</span> <span class='ocrx_word' id='word_1_425' title='bbox 2493 2065 2546 2118; x_wconf 70' lang='grc' dir='ltr'>αἱ</span> <span class='ocrx_word' id='word_1_426' title='bbox 2602 2064 2795 2138; x_wconf 75' lang='grc' dir='ltr'>ἀγαθαὶ</span> <span class='ocrx_word' id='word_1_427' title='bbox 2848 2063 3126 2136; x_wconf 72' lang='grc' dir='ltr'>δυνάμεις,</span> <span class='ocrx_word' id='word_1_428' title='bbox 3163 2063 3480 2138; x_wconf 80' lang='grc' dir='ltr'>λειτουργοὶ</span> <span class='ocrx_word' id='word_1_429' title='bbox 3509 2071 3616 2119; x_wconf 89' lang='grc' dir='ltr'>τῶν</span> <span class='ocrx_word' id='word_1_430' title='bbox 3650 2065 3842 2140; x_wconf 82' lang='grc' dir='ltr'>ἁγίων,</span> 
     </span>
    </p>
   </div>
   <div class='ocr_carea' id='block_1_58' title="bbox 2188 2151 3844 2228">
    <p class='ocr_par' dir='ltr' id='par_1_58' title="bbox 2188 2151 3844 2228">
     <span class='ocr_line' id='line_1_58' title="bbox 2188 2151 3844 2228; baseline 0.001 -21"><span class='ocrx_word' id='word_1_431' title='bbox 2188 2155 2326 2215; x_wconf 78' lang='grc' dir='ltr'>αἴςὸ</span> <span class='ocrx_word' id='word_1_432' title='bbox 2358 2155 2640 2227; x_wconf 74' lang='grc' dir='ltr'>ἄνθρωπος</span> <span class='ocrx_word' id='word_1_433' title='bbox 2688 2151 2962 2224; x_wconf 78' lang='grc' dir='ltr'>παρεδόθη</span> <span class='ocrx_word' id='word_1_434' title='bbox 3019 2154 3301 2228; x_wconf 66' lang='grc' dir='ltr'>ἀρτιγενὴς</span> <span class='ocrx_word' id='word_1_435' title='bbox 3353 2154 3425 2206; x_wconf 80' lang='grc' dir='ltr'>ὢν</span> <span class='ocrx_word' id='word_1_436' title='bbox 3477 2154 3565 2208; x_wconf 82' lang='grc' dir='ltr'>καὶ</span> <span class='ocrx_word' id='word_1_437' title='bbox 3620 2153 3844 2223; x_wconf 85' lang='grc' dir='ltr'>πολλῆς</span> 
     </span>
    </p>
   </div>
   <div class='ocr_carea' id='block_1_59' title="bbox 2184 2239 3841 2317">
    <p class='ocr_par' dir='ltr' id='par_1_59' title="bbox 2184 2239 3841 2317">
     <span class='ocr_line' id='line_1_59' title="bbox 2184 2239 3841 2317; baseline 0 -21"><span class='ocrx_word' id='word_1_438' title='bbox 2184 2239 2442 2314; x_wconf 84' lang='grc' dir='ltr'>δεόμενος</span> <span class='ocrx_word' id='word_1_439' title='bbox 2501 2242 2897 2317; x_wconf 77' lang='grc' dir='ltr'>συγγομνασίας</span> <span class='ocrx_word' id='word_1_440' title='bbox 2954 2244 3089 2315; x_wconf 89' lang='grc' dir='ltr'>πρὸς</span> <span class='ocrx_word' id='word_1_441' title='bbox 3145 2245 3244 2310; x_wconf 75' lang='grc' dir='ltr'>τήν</span> <span class='ocrx_word' id='word_1_442' title='bbox 3301 2241 3608 2299; x_wconf 82' lang='grc' dir='ltr'>τελείωσιν.</span> <span class='ocrx_word' id='word_1_443' title='bbox 3669 2245 3752 2298; x_wconf 84' lang='grc' dir='ltr'>Ἐν</span> <span class='ocrx_word' id='word_1_444' title='bbox 3795 2245 3841 2314; x_wconf 81' lang='grc' dir='ltr'>ᾧ</span> 
     </span>
    </p>
   </div>
   <div class='ocr_carea' id='block_1_60' title="bbox 2179 2330 3838 2410">
    <p class='ocr_par' dir='ltr' id='par_1_60' title="bbox 2179 2330 3838 2410">
     <span class='ocr_line' id='line_1_60' title="bbox 2179 2330 3838 2410; baseline 0.001 -25"><span class='ocrx_word' id='word_1_445' title='bbox 2179 2332 2243 2385; x_wconf 89' lang='grc' dir='ltr'>τὸ</span> <span class='ocrx_word' id='word_1_446' title='bbox 2275 2331 2525 2402; x_wconf 84' lang='grc' dir='ltr'>σύστημα</span> <span class='ocrx_word' id='word_1_447' title='bbox 2571 2336 2680 2384; x_wconf 88' lang='grc' dir='ltr'>τῶν</span> <span class='ocrx_word' id='word_1_448' title='bbox 2735 2331 2924 2406; x_wconf 81' lang='grc' dir='ltr'>ἁγίων,</span> <span class='ocrx_word' id='word_1_449' title='bbox 2958 2330 3008 2384; x_wconf 80' lang='grc' dir='ltr'>ἐν</span> <span class='ocrx_word' id='word_1_450' title='bbox 3044 2333 3088 2402; x_wconf 82' lang='grc' dir='ltr'>ᾧ</span> <span class='ocrx_word' id='word_1_451' title='bbox 3133 2333 3186 2385; x_wconf 77' lang='grc' dir='ltr'>αἱ</span> <span class='ocrx_word' id='word_1_452' title='bbox 3220 2331 3477 2387; x_wconf 85' lang='grc' dir='ltr'>ἀνατολαὶ</span> <span class='ocrx_word' id='word_1_453' title='bbox 3509 2338 3605 2387; x_wconf 74' lang='grc' dir='ltr'>τοῦ</span> <span class='ocrx_word' id='word_1_454' title='bbox 3638 2332 3838 2410; x_wconf 81' lang='grc' dir='ltr'>φωτὸς,</span> 
     </span>
    </p>
   </div>
   <div class='ocr_carea' id='block_1_61' title="bbox 2181 2417 3828 2498">
    <p class='ocr_par' dir='ltr' id='par_1_61' title="bbox 2181 2417 3828 2498">
     <span class='ocr_line' id='line_1_61' title="bbox 2181 2417 3828 2498; baseline 0.001 -25"><span class='ocrx_word' id='word_1_455' title='bbox 2181 2418 2231 2473; x_wconf 79' lang='grc' dir='ltr'>ἐν</span> <span class='ocrx_word' id='word_1_456' title='bbox 2265 2419 2310 2491; x_wconf 85' lang='grc' dir='ltr'>ᾦ</span> <span class='ocrx_word' id='word_1_457' title='bbox 2343 2423 2376 2488; x_wconf 80' lang='grc' dir='ltr'>ἡ</span> <span class='ocrx_word' id='word_1_458' title='bbox 2426 2421 2601 2498; x_wconf 76' lang='grc' dir='ltr'>τρυφή</span> <span class='ocrx_word' id='word_1_459' title='bbox 2650 2423 2747 2488; x_wconf 72' lang='grc' dir='ltr'>τῆς</span> <span class='ocrx_word' id='word_1_460' title='bbox 2795 2424 2999 2496; x_wconf 80' lang='grc' dir='ltr'>ψυχῆς·</span> <span class='ocrx_word' id='word_1_461' title='bbox 3055 2420 3165 2474; x_wconf 79' lang='grc' dir='ltr'>ἐκεῖ</span> <span class='ocrx_word' id='word_1_462' title='bbox 3205 2417 3350 2483; x_wconf 73' lang='grc' dir='ltr'>ἔθεοο</span> <span class='ocrx_word' id='word_1_463' title='bbox 3399 2423 3489 2476; x_wconf 88' lang='grc' dir='ltr'>τὸν</span> <span class='ocrx_word' id='word_1_464' title='bbox 3543 2420 3828 2495; x_wconf 80' lang='grc' dir='ltr'>ἄνθρωπον</span> 
     </span>
    </p>
   </div>
   <div class='ocr_carea' id='block_1_62' title="bbox 2181 2508 3832 2585">
    <p class='ocr_par' dir='ltr' id='par_1_62' title="bbox 2181 2508 3832 2585">
     <span class='ocr_line' id='line_1_62' title="bbox 2181 2508 3832 2585; baseline 0.001 -23"><span class='ocrx_word' id='word_1_465' title='bbox 2181 2509 2208 2562; x_wconf 87' lang='lat'>6</span> <span class='ocrx_word' id='word_1_466' title='bbox 2256 2509 2408 2570; x_wconf 88' lang='grc' dir='ltr'>Θεός.</span> <span class='ocrx_word' id='word_1_467' title='bbox 2459 2516 2555 2562; x_wconf 71' lang='lat' dir='ltr'>‘Av</span> <span class='ocrx_word' id='word_1_468' title='bbox 2609 2510 2704 2581; x_wconf 72' lang='grc' dir='ltr'>μὲν</span> <span class='ocrx_word' id='word_1_469' title='bbox 2757 2508 2847 2563; x_wconf 70' lang='grc' dir='ltr'>οὖν</span> <span class='ocrx_word' id='word_1_470' title='bbox 2902 2511 3154 2581; x_wconf 76' lang='grc' dir='ltr'>σάρκινος</span> <span class='ocrx_word' id='word_1_471' title='bbox 3208 2511 3270 2577; x_wconf 74' lang='grc' dir='ltr'>εἶ,</span> <span class='ocrx_word' id='word_1_472' title='bbox 3318 2511 3406 2563; x_wconf 86' lang='grc' dir='ltr'>καὶ</span> <span class='ocrx_word' id='word_1_473' title='bbox 3445 2509 3690 2584; x_wconf 59' lang='grc' dir='ltr'>μεγάλην</span> 
     </span>
    </p>
   </div>
   <div class='ocr_carea' id='block_1_63' title="bbox 2177 2595 3834 2676">
    <p class='ocr_par' dir='ltr' id='par_1_63' title="bbox 2177 2595 3834 2676">
     <span class='ocr_line' id='line_1_63' title="bbox 2177 2595 3834 2676; baseline 0.001 -24"><span class='ocrx_word' id='word_1_474' title='bbox 2177 2599 2276 2665; x_wconf 77' lang='grc' dir='ltr'>τήν</span> <span class='ocrx_word' id='word_1_475' title='bbox 2312 2603 2418 2652; x_wconf 93' lang='grc' dir='ltr'>τῶν</span> <span class='ocrx_word' id='word_1_476' title='bbox 2470 2599 2741 2667; x_wconf 72' lang='grc' dir='ltr'>αἶ’σθητῶν</span> <span class='ocrx_word' id='word_1_477' title='bbox 2786 2597 3109 2668; x_wconf 79' lang='grc' dir='ltr'>ἀπόλαυσιν,</span> <span class='ocrx_word' id='word_1_478' title='bbox 3153 2595 3301 2673; x_wconf 81' lang='grc' dir='ltr'>ἔχεις</span> <span class='ocrx_word' id='word_1_479' title='bbox 3352 2599 3450 2666; x_wconf 76' lang='grc' dir='ltr'>τὴν</span> <span class='ocrx_word' id='word_1_480' title='bbox 3510 2600 3834 2676; x_wconf 71' lang='grc' dir='ltr'>ὑπογραφὴν</span> 
     </span>
    </p>
   </div>
   <div class='ocr_carea' id='block_1_64' title="bbox 2179 2684 3835 2760">
    <p class='ocr_par' dir='ltr' id='par_1_64' title="bbox 2179 2684 3835 2760">
     <span class='ocr_line' id='line_1_64' title="bbox 2179 2684 3835 2760; baseline 0.001 -20"><span class='ocrx_word' id='word_1_481' title='bbox 2179 2685 2386 2756; x_wconf 76' lang='grc' dir='ltr'>ἐκείνην</span> <span class='ocrx_word' id='word_1_482' title='bbox 2417 2691 2518 2740; x_wconf 79' lang='grc' dir='ltr'>τοῦ</span> <span class='ocrx_word' id='word_1_483' title='bbox 2568 2691 2881 2758; x_wconf 79' lang='grc' dir='ltr'>σωματικοῦ</span> <span class='ocrx_word' id='word_1_484' title='bbox 2934 2684 3287 2760; x_wconf 79' lang='grc' dir='ltr'>παραδείσου,</span> <span class='ocrx_word' id='word_1_485' title='bbox 3337 2687 3424 2740; x_wconf 81' lang='grc' dir='ltr'>καὶ</span> <span class='ocrx_word' id='word_1_486' title='bbox 3455 2690 3553 2755; x_wconf 77' lang='grc' dir='ltr'>την</span> <span class='ocrx_word' id='word_1_487' title='bbox 3603 2685 3835 2757; x_wconf 77' lang='grc' dir='ltr'>ἡδίστην</span> 
     </span>
    </p>
   </div>
   <div class='ocr_carea' id='block_1_65' title="bbox 2180 2775 3838 2852">
    <p class='ocr_par' dir='ltr' id='par_1_65' title="bbox 2180 2775 3838 2852">
     <span class='ocr_line' id='line_1_65' title="bbox 2180 2775 3838 2852; baseline 0.001 -22"><span class='ocrx_word' id='word_1_488' title='bbox 2180 2775 2505 2852; x_wconf 71' lang='grc' dir='ltr'>ἆμφόρησιν·</span> <span class='ocrx_word' id='word_1_489' title='bbox 2558 2775 2647 2829; x_wconf 85' lang='grc' dir='ltr'>καὶ</span> <span class='ocrx_word' id='word_1_490' title='bbox 2696 2779 2834 2849; x_wconf 84' lang='grc' dir='ltr'>πρὸς</span> <span class='ocrx_word' id='word_1_491' title='bbox 2881 2780 3046 2829; x_wconf 76' lang='grc' dir='ltr'>ταῦτα</span> <span class='ocrx_word' id='word_1_492' title='bbox 3102 2775 3339 2850; x_wconf 74' lang='grc' dir='ltr'>ἐπείγου,</span> <span class='ocrx_word' id='word_1_493' title='bbox 3392 2777 3466 2837; x_wconf 81' lang='grc' dir='ltr'>ὡς</span> <span class='ocrx_word' id='word_1_494' title='bbox 3522 2775 3632 2830; x_wconf 73' lang='grc' dir='ltr'>ἐκεῖ</span> <span class='ocrx_word' id='word_1_495' title='bbox 3675 2777 3838 2848; x_wconf 81' lang='grc' dir='ltr'>εὑρή-</span> 
     </span>
    </p>
   </div>
   <div class='ocr_carea' id='block_1_66' title="bbox 2179 2860 3832 2938">
    <p class='ocr_par' dir='ltr' id='par_1_66' title="bbox 2179 2860 3832 2938">
     <span class='ocr_line' id='line_1_66' title="bbox 2179 2860 3832 2938; baseline 0 -20"><span class='ocrx_word' id='word_1_496' title='bbox 2179 2885 2285 2918; x_wconf 90' lang='grc' dir='ltr'>σων</span> <span class='ocrx_word' id='word_1_497' title='bbox 2349 2863 2616 2938; x_wconf 87' lang='grc' dir='ltr'>χορηγίας</span> <span class='ocrx_word' id='word_1_498' title='bbox 2668 2864 2877 2938; x_wconf 68' lang='grc' dir='ltr'>τρυφὴν</span> <span class='ocrx_word' id='word_1_499' title='bbox 2921 2860 3301 2919; x_wconf 78' lang='grc' dir='ltr'>ἀδιάλειπτον.</span> <span class='ocrx_word' id='word_1_500' title='bbox 3356 2863 3415 2919; x_wconf 80' lang='grc' dir='ltr'>Εἰ</span> <span class='ocrx_word' id='word_1_501' title='bbox 3476 2861 3533 2919; x_wconf 73' lang='grc' dir='ltr'>δὲ</span> <span class='ocrx_word' id='word_1_502' title='bbox 3590 2885 3832 2937; x_wconf 84' lang='grc' dir='ltr'>πνευμα-</span> 
     </span>
    </p>
   </div>
   <div class='ocr_carea' id='block_1_67' title="bbox 2175 2953 3834 3028">
    <p class='ocr_par' dir='ltr' id='par_1_67' title="bbox 2175 2953 3834 3028">
     <span class='ocr_line' id='line_1_67' title="bbox 2175 2953 3834 3028; baseline 0.001 -21"><span class='ocrx_word' id='word_1_503' title='bbox 2175 2953 2323 3013; x_wconf 85' lang='grc' dir='ltr'>τικὸς</span> <span class='ocrx_word' id='word_1_504' title='bbox 2382 2954 2450 3020; x_wconf 76' lang='grc' dir='ltr'>εἶ,</span> <span class='ocrx_word' id='word_1_505' title='bbox 2507 2953 2596 3006; x_wconf 81' lang='grc' dir='ltr'>καὶ</span> <span class='ocrx_word' id='word_1_506' title='bbox 2656 2953 2900 3027; x_wconf 80' lang='grc' dir='ltr'>ἀνώτερα</span> <span class='ocrx_word' id='word_1_507' title='bbox 2949 2959 3166 3028; x_wconf 78' lang='grc' dir='ltr'>φρονεῖς</span> <span class='ocrx_word' id='word_1_508' title='bbox 3215 2959 3322 3007; x_wconf 88' lang='grc' dir='ltr'>τῶν</span> <span class='ocrx_word' id='word_1_509' title='bbox 3374 2959 3644 3027; x_wconf 81' lang='grc' dir='ltr'>σαρκικῶν</span> <span class='ocrx_word' id='word_1_510' title='bbox 3694 2955 3834 3008; x_wconf 84' lang='grc' dir='ltr'>ἀπο-</span> 
     </span>
    </p>
   </div>
   <div class='ocr_carea' id='block_1_68' title="bbox 2178 3036 3833 3117">
    <p class='ocr_par' dir='ltr' id='par_1_68' title="bbox 2178 3036 3833 3117">
     <span class='ocr_line' id='line_1_68' title="bbox 2178 3036 3833 3117; baseline -0.001 -20"><span class='ocrx_word' id='word_1_511' title='bbox 2178 3041 2441 3112; x_wconf 88' lang='grc' dir='ltr'>λαύσεων,</span> <span class='ocrx_word' id='word_1_512' title='bbox 2477 3036 2645 3095; x_wconf 73' lang='grc' dir='ltr'>ἀνάϐα</span> <span class='ocrx_word' id='word_1_513' title='bbox 2693 3045 2762 3114; x_wconf 79' lang='grc' dir='ltr'>τῇ</span> <span class='ocrx_word' id='word_1_514' title='bbox 2810 3039 3018 3111; x_wconf 85' lang='grc' dir='ltr'>διανοίᾳ</span> <span class='ocrx_word' id='word_1_515' title='bbox 3061 3043 3196 3116; x_wconf 84' lang='grc' dir='ltr'>πρὸς</span> <span class='ocrx_word' id='word_1_516' title='bbox 3244 3043 3311 3096; x_wconf 82' lang='grc' dir='ltr'>τὰ</span> <span class='ocrx_word' id='word_1_517' title='bbox 3358 3041 3538 3111; x_wconf 77' lang='grc' dir='ltr'>κάλλη</span> <span class='ocrx_word' id='word_1_518' title='bbox 3571 3048 3679 3096; x_wconf 90' lang='grc' dir='ltr'>τῶν</span> <span class='ocrx_word' id='word_1_519' title='bbox 3732 3042 3833 3117; x_wconf 64' lang='grc' dir='ltr'>ἀγα</span> 
     </span>
    </p>
   </div>
   <div class='ocr_carea' id='block_1_69' title="bbox 2171 3128 3829 3207">
    <p class='ocr_par' dir='ltr' id='par_1_69' title="bbox 2171 3128 3829 3207">
     <span class='ocr_line' id='line_1_69' title="bbox 2171 3128 3829 3207; baseline -0.001 -22"><span class='ocrx_word' id='word_1_520' title='bbox 2171 3130 2347 3207; x_wconf 66' lang='grc' dir='ltr'>γέλων</span> <span class='ocrx_word' id='word_1_521' title='bbox 2382 3174 2395 3198; x_wconf 95' lang='grc'>,</span> <span class='ocrx_word' id='word_1_522' title='bbox 2450 3132 2727 3200; x_wconf 80' lang='grc' dir='ltr'>κατάμαθε</span> <span class='ocrx_word' id='word_1_523' title='bbox 2783 3130 2908 3191; x_wconf 88' lang='grc' dir='ltr'>τοὺς</span> <span class='ocrx_word' id='word_1_524' title='bbox 2967 3131 3019 3184; x_wconf 69' lang='grc' dir='ltr'>ἐν</span> <span class='ocrx_word' id='word_1_525' title='bbox 3079 3131 3267 3190; x_wconf 83' lang='grc' dir='ltr'>αὑτοῖς</span> <span class='ocrx_word' id='word_1_526' title='bbox 3325 3137 3424 3198; x_wconf 78' lang='grc' dir='ltr'>τῆς</span> <span class='ocrx_word' id='word_1_527' title='bbox 3478 3128 3829 3201; x_wconf 75' lang='grc' dir='ltr'>δικαιοσύνης</span> 
     </span>
    </p>
   </div>
   <div class='ocr_carea' id='block_1_70' title="bbox 2171 3218 3825 3293">
    <p class='ocr_par' dir='ltr' id='par_1_70' title="bbox 2171 3218 3825 3293">
     <span class='ocr_line' id='line_1_70' title="bbox 2171 3218 3825 3293; baseline 0.001 -19"><span class='ocrx_word' id='word_1_528' title='bbox 2171 3219 2436 3293; x_wconf 87' lang='grc' dir='ltr'>καρπούς·</span> <span class='ocrx_word' id='word_1_529' title='bbox 2471 3218 2851 3293; x_wconf 83' lang='grc' dir='ltr'>ἐνοπτρίσθητι</span> <span class='ocrx_word' id='word_1_530' title='bbox 2913 3220 3006 3274; x_wconf 86' lang='grc' dir='ltr'>τὸν</span> <span class='ocrx_word' id='word_1_531' title='bbox 3056 3220 3303 3292; x_wconf 86' lang='grc' dir='ltr'>ποταμὸν</span> <span class='ocrx_word' id='word_1_532' title='bbox 3359 3224 3456 3273; x_wconf 77' lang='grc' dir='ltr'>τοῦ</span> <span class='ocrx_word' id='word_1_533' title='bbox 3515 3225 3670 3288; x_wconf 79' lang='grc' dir='ltr'>Θεοῦ,</span> <span class='ocrx_word' id='word_1_534' title='bbox 3727 3223 3825 3276; x_wconf 91' lang='grc' dir='ltr'>τὸν</span> 
     </span>
    </p>
   </div>
   <div class='ocr_carea' id='block_1_71' title="bbox 2173 3306 3835 3387">
    <p class='ocr_par' dir='ltr' id='par_1_71' title="bbox 2173 3306 3835 3387">
     <span class='ocr_line' id='line_1_71' title="bbox 2173 3306 3835 3387; baseline 0.001 -25"><span class='ocrx_word' id='word_1_535' title='bbox 2173 3308 2610 3382; x_wconf 66' lang='grc' dir='ltr'>πεπληρωμένον</span> <span class='ocrx_word' id='word_1_536' title='bbox 2674 3306 2924 3377; x_wconf 83' lang='grc' dir='ltr'>ὑδάτων,</span> <span class='ocrx_word' id='word_1_537' title='bbox 2983 3310 3061 3364; x_wconf 92' lang='grc' dir='ltr'>Ου</span> <span class='ocrx_word' id='word_1_538' title='bbox 3116 3310 3185 3361; x_wconf 78' lang='grc' dir='ltr'>τὰ</span> <span class='ocrx_word' id='word_1_539' title='bbox 3244 3310 3547 3382; x_wconf 71' lang='grc' dir='ltr'>ὁρμήματα</span> <span class='ocrx_word' id='word_1_540' title='bbox 3605 3310 3835 3387; x_wconf 78' lang='grc' dir='ltr'>εὐφραί-</span> 
     </span>
    </p>
   </div>
   <div class='ocr_carea' id='block_1_72' title="bbox 2174 3395 3832 3473">
    <p class='ocr_par' dir='ltr' id='par_1_72' title="bbox 2174 3395 3832 3473">
     <span class='ocr_line' id='line_1_72' title="bbox 2174 3395 3832 3473; baseline 0.001 -21"><span class='ocrx_word' id='word_1_541' title='bbox 2174 3419 2253 3452; x_wconf 88' lang='grc' dir='ltr'>νει</span> <span class='ocrx_word' id='word_1_542' title='bbox 2297 3399 2397 3464; x_wconf 83' lang='grc' dir='ltr'>τήν</span> <span class='ocrx_word' id='word_1_543' title='bbox 2451 3395 2615 3450; x_wconf 85' lang='grc' dir='ltr'>πόλιν</span> <span class='ocrx_word' id='word_1_544' title='bbox 2671 3400 2768 3449; x_wconf 78' lang='grc' dir='ltr'>τοῦ</span> <span class='ocrx_word' id='word_1_545' title='bbox 2827 3400 2982 3463; x_wconf 76' lang='grc' dir='ltr'>Θεοῦ,</span> <span class='ocrx_word' id='word_1_546' title='bbox 3037 3397 3136 3457; x_wconf 85' lang='grc' dir='ltr'>Ἦς</span> <span class='ocrx_word' id='word_1_547' title='bbox 3195 3397 3450 3473; x_wconf 82' lang='grc' dir='ltr'>τεχνίτης</span> <span class='ocrx_word' id='word_1_548' title='bbox 3508 3399 3594 3452; x_wconf 86' lang='grc' dir='ltr'>καὶ</span> <span class='ocrx_word' id='word_1_549' title='bbox 3658 3398 3832 3471; x_wconf 86' lang='grc' dir='ltr'>δημι-</span> 
     </span>
    </p>
   </div>
   <div class='ocr_carea' id='block_1_73' title="bbox 2175 3483 3835 3561">
    <p class='ocr_par' dir='ltr' id='par_1_73' title="bbox 2175 3483 3835 3561">
     <span class='ocr_line' id='line_1_73' title="bbox 2175 3483 3835 3561; baseline 0.002 -22"><span class='ocrx_word' id='word_1_550' title='bbox 2175 3486 2369 3559; x_wconf 89' lang='grc' dir='ltr'>ουργὸς</span> <span class='ocrx_word' id='word_1_551' title='bbox 2420 3485 2448 3538; x_wconf 90' lang='lat'>6</span> <span class='ocrx_word' id='word_1_552' title='bbox 2506 3484 2653 3547; x_wconf 85' lang='grc' dir='ltr'>Θεός.</span> <span class='ocrx_word' id='word_1_553' title='bbox 2692 3484 2935 3552; x_wconf 84' lang='grc' dir='ltr'>Ἐκείνην</span> <span class='ocrx_word' id='word_1_554' title='bbox 2985 3485 3084 3551; x_wconf 78' lang='grc' dir='ltr'>τήν</span> <span class='ocrx_word' id='word_1_555' title='bbox 3140 3483 3304 3538; x_wconf 86' lang='grc' dir='ltr'>πόλιν</span> <span class='ocrx_word' id='word_1_556' title='bbox 3339 3483 3573 3561; x_wconf 74' lang='grc' dir='ltr'>διαῤῥὲει</span> <span class='ocrx_word' id='word_1_557' title='bbox 3608 3489 3636 3542; x_wconf 90' lang='lat'>6</span> <span class='ocrx_word' id='word_1_558' title='bbox 3666 3508 3835 3542; x_wconf 87' lang='grc' dir='ltr'>ποτα-</span> 
     </span>
    </p>
   </div>
   <div class='ocr_carea' id='block_1_74' title="bbox 2179 3571 3835 3651">
    <p class='ocr_par' dir='ltr' id='par_1_74' title="bbox 2179 3571 3835 3651">
     <span class='ocr_line' id='line_1_74' title="bbox 2179 3571 3835 3651; baseline 0.003 -25"><span class='ocrx_word' id='word_1_559' title='bbox 2179 3575 2279 3646; x_wconf 86' lang='grc' dir='ltr'>μὸς</span> <span class='ocrx_word' id='word_1_560' title='bbox 2311 3574 2486 3643; x_wconf 82' lang='grc' dir='ltr'>οὗτος,</span> <span class='ocrx_word' id='word_1_561' title='bbox 2523 3574 2550 3627; x_wconf 88' lang='lat'>6</span> <span class='ocrx_word' id='word_1_562' title='bbox 2581 3573 2890 3647; x_wconf 85' lang='grc' dir='ltr'>ἀρχόμενος</span> <span class='ocrx_word' id='word_1_563' title='bbox 2915 3571 2965 3642; x_wconf 84' lang='grc' dir='ltr'>ἐξ</span> <span class='ocrx_word' id='word_1_564' title='bbox 2999 3571 3185 3645; x_wconf 79' lang='grc' dir='ltr'>Ἐδὶμ,</span> <span class='ocrx_word' id='word_1_565' title='bbox 3217 3575 3243 3628; x_wconf 87' lang='lat'>6</span> <span class='ocrx_word' id='word_1_566' title='bbox 3275 3573 3512 3644; x_wconf 80' lang='grc' dir='ltr'>ποτίζων</span> <span class='ocrx_word' id='word_1_567' title='bbox 3539 3576 3629 3631; x_wconf 86' lang='grc' dir='ltr'>τὸν</span> <span class='ocrx_word' id='word_1_568' title='bbox 3663 3578 3835 3651; x_wconf 64' lang='grc' dir='ltr'>παρὰ-</span> 
     </span>
    </p>
   </div>
   <div class='ocr_carea' id='block_1_75' title="bbox 2177 3659 3835 3736">
    <p class='ocr_par' dir='ltr' id='par_1_75' title="bbox 2177 3659 3835 3736">
     <span class='ocr_line' id='line_1_75' title="bbox 2177 3659 3835 3736; baseline 0.002 -20"><span class='ocrx_word' id='word_1_569' title='bbox 2177 3659 2374 3717; x_wconf 89' lang='grc' dir='ltr'>δεισον.</span> <span class='ocrx_word' id='word_1_570' title='bbox 2426 3661 2604 3716; x_wconf 83' lang='grc' dir='ltr'>Πάντα</span> <span class='ocrx_word' id='word_1_571' title='bbox 2649 3667 2815 3716; x_wconf 77' lang='grc' dir='ltr'>ταῦτα</span> <span class='ocrx_word' id='word_1_572' title='bbox 2865 3665 2933 3734; x_wconf 81' lang='grc' dir='ltr'>τῇ</span> <span class='ocrx_word' id='word_1_573' title='bbox 2982 3660 3191 3734; x_wconf 80' lang='grc' dir='ltr'>διανοίᾳ</span> <span class='ocrx_word' id='word_1_574' title='bbox 3229 3665 3592 3735; x_wconf 84' lang='grc' dir='ltr'>καταμαθὼν,</span> <span class='ocrx_word' id='word_1_575' title='bbox 3646 3663 3835 3736; x_wconf 78' lang='grc' dir='ltr'>δόξαζε</span> 
     </span>
    </p>
   </div>
   <div class='ocr_carea' id='block_1_76' title="bbox 2173 3748 3836 3824">
    <p class='ocr_par' dir='ltr' id='par_1_76' title="bbox 2173 3748 3836 3824">
     <span class='ocr_line' id='line_1_76' title="bbox 2173 3748 3836 3824; baseline 0.002 -20"><span class='ocrx_word' id='word_1_576' title='bbox 2173 3752 2263 3804; x_wconf 91' lang='grc' dir='ltr'>τὸν</span> <span class='ocrx_word' id='word_1_577' title='bbox 2323 3750 2528 3804; x_wconf 81' lang='grc' dir='ltr'>τούτων</span> <span class='ocrx_word' id='word_1_578' title='bbox 2578 3748 2938 3824; x_wconf 83' lang='grc' dir='ltr'>δημιουργὸν,</span> <span class='ocrx_word' id='word_1_579' title='bbox 2969 3751 3061 3805; x_wconf 88' lang='grc' dir='ltr'>τὸν</span> <span class='ocrx_word' id='word_1_580' title='bbox 3119 3752 3187 3805; x_wconf 74' lang='grc' dir='ltr'>τ”Ξι</span> <span class='ocrx_word' id='word_1_581' title='bbox 3235 3757 3467 3806; x_wconf 82' lang='grc' dir='ltr'>τοσαῦτα</span> <span class='ocrx_word' id='word_1_582' title='bbox 3525 3755 3613 3807; x_wconf 87' lang='grc' dir='ltr'>καὶ</span> <span class='ocrx_word' id='word_1_583' title='bbox 3670 3753 3836 3824; x_wconf 88' lang='grc' dir='ltr'>τηλι-</span> 
     </span>
    </p>
   </div>
   <div class='ocr_carea' id='block_1_77' title="bbox 2173 3837 3835 3914">
    <p class='ocr_par' dir='ltr' id='par_1_77' title="bbox 2173 3837 3835 3914">
     <span class='ocr_line' id='line_1_77' title="bbox 2173 3837 3835 3914; baseline 0.003 -21"><span class='ocrx_word' id='word_1_584' title='bbox 2173 3844 2342 3894; x_wconf 73' lang='grc' dir='ltr'>καῦτα</span> <span class='ocrx_word' id='word_1_585' title='bbox 2394 3839 2564 3913; x_wconf 83' lang='grc' dir='ltr'>ἀγαθά</span> <span class='ocrx_word' id='word_1_586' title='bbox 2609 3837 2699 3893; x_wconf 71' lang='grc' dir='ltr'>διὰ</span> <span class='ocrx_word' id='word_1_587' title='bbox 2756 3840 2813 3892; x_wconf 77' lang='grc' dir='ltr'>σὶ</span> <span class='ocrx_word' id='word_1_588' title='bbox 2871 3839 2960 3893; x_wconf 85' lang='grc' dir='ltr'>καὶ</span> <span class='ocrx_word' id='word_1_589' title='bbox 2989 3841 3088 3907; x_wconf 77' lang='grc' dir='ltr'>τήν</span> <span class='ocrx_word' id='word_1_590' title='bbox 3120 3841 3216 3908; x_wconf 74' lang='grc' dir='ltr'>σην</span> <span class='ocrx_word' id='word_1_591' title='bbox 3251 3841 3551 3896; x_wconf 86' lang='grc' dir='ltr'>ἀπόλαυσιν</span> <span class='ocrx_word' id='word_1_592' title='bbox 3598 3863 3835 3914; x_wconf 88' lang='grc' dir='ltr'>πεποιη-</span> 
     </span>
    </p>
   </div>
   <div class='ocr_carea' id='block_1_78' title="bbox 2174 3927 3833 4004">
    <p class='ocr_par' dir='ltr' id='par_1_78' title="bbox 2174 3927 3833 4004">
     <span class='ocr_line' id='line_1_78' title="bbox 2174 3927 3833 4004; baseline 0.002 -21"><span class='ocrx_word' id='word_1_593' title='bbox 2174 3929 2330 3997; x_wconf 84' lang='grc' dir='ltr'>κότα,</span> <span class='ocrx_word' id='word_1_594' title='bbox 2351 3930 2441 3983; x_wconf 84' lang='grc' dir='ltr'>καὶ</span> <span class='ocrx_word' id='word_1_595' title='bbox 2467 3928 2726 3998; x_wconf 85' lang='grc' dir='ltr'>τοιαύτης</span> <span class='ocrx_word' id='word_1_596' title='bbox 2754 3927 2913 3998; x_wconf 83' lang='grc' dir='ltr'>δόξης</span> <span class='ocrx_word' id='word_1_597' title='bbox 2945 3949 3003 3982; x_wconf 82' lang='grc' dir='ltr'>σε</span> <span class='ocrx_word' id='word_1_598' title='bbox 3034 3929 3356 3999; x_wconf 74' lang='grc' dir='ltr'>ἀξιώσαντα,</span> <span class='ocrx_word' id='word_1_599' title='bbox 3390 3931 3434 3986; x_wconf 85' lang='grc' dir='ltr'>εί</span> <span class='ocrx_word' id='word_1_600' title='bbox 3485 3933 3620 4004; x_wconf 83' lang='grc' dir='ltr'>πρὸς</span> <span class='ocrx_word' id='word_1_601' title='bbox 3670 3933 3833 3987; x_wconf 85' lang='grc' dir='ltr'>αὑτὸν</span> 
     </span>
    </p>
   </div>
   <div class='ocr_carea' id='block_1_79' title="bbox 407 4015 3838 4096">
    <p class='ocr_par' dir='ltr' id='par_1_79' title="bbox 407 4015 3838 4096">
     <span class='ocr_line' id='line_1_79' title="bbox 407 4015 3838 4096; baseline 0.001 -23"><span class='ocrx_word' id='word_1_602' title='bbox 407 4018 488 4073; x_wconf 83' lang='grc' dir='ltr'>ἀεὶ</span> <span class='ocrx_word' id='word_1_603' title='bbox 522 4018 862 4096; x_wconf 69' lang='grc' dir='ltr'>ἐπιστρὲφοις</span> <span class='ocrx_word' id='word_1_604' title='bbox 887 4022 957 4092; x_wconf 76' lang='grc' dir='ltr'>τῇ</span> <span class='ocrx_word' id='word_1_605' title='bbox 992 4017 1216 4088; x_wconf 86' lang='grc' dir='ltr'>διανοίᾳ,</span> <span class='ocrx_word' id='word_1_606' title='bbox 1249 4019 1337 4072; x_wconf 83' lang='grc' dir='ltr'>καὶ</span> <span class='ocrx_word' id='word_1_607' title='bbox 1374 4016 1560 4091; x_wconf 79' lang='grc' dir='ltr'>συνίῃς</span> <span class='ocrx_word' id='word_1_608' title='bbox 1593 4018 1718 4091; x_wconf 88' lang='grc' dir='ltr'>παρ’</span> <span class='ocrx_word' id='word_1_609' title='bbox 1751 4015 1812 4070; x_wconf 82' lang='grc' dir='ltr'>οὗ</span> <span class='ocrx_word' id='word_1_610' title='bbox 1842 4017 1930 4072; x_wconf 79' lang='grc' dir='ltr'>καὶ</span> <span class='ocrx_word' id='word_1_611' title='bbox 1965 4016 2046 4094; x_wconf 74' lang='grc' dir='ltr'>ἐφ’</span> <span class='ocrx_word' id='word_1_612' title='bbox 2069 4018 2114 4090; x_wconf 84' lang='grc' dir='ltr'>ᾧ</span> <span class='ocrx_word' id='word_1_613' title='bbox 2160 4019 2234 4080; x_wconf 81' lang='grc' dir='ltr'>είς</span> <span class='ocrx_word' id='word_1_614' title='bbox 2283 4019 2347 4074; x_wconf 86' lang='grc' dir='ltr'>τὸ</span> <span class='ocrx_word' id='word_1_615' title='bbox 2397 4017 2532 4074; x_wconf 81' lang='grc' dir='ltr'>εἷ’ναι</span> <span class='ocrx_word' id='word_1_616' title='bbox 2577 4020 2972 4092; x_wconf 75' lang='grc' dir='ltr'>παρήχθημεν.</span> <span class='ocrx_word' id='word_1_617' title='bbox 3015 4018 3097 4073; x_wconf 78' lang='grc' dir='ltr'>ὅτι</span> <span class='ocrx_word' id='word_1_618' title='bbox 3149 4019 3299 4091; x_wconf 86' lang='grc' dir='ltr'>αὑτῷ</span> <span class='ocrx_word' id='word_1_619' title='bbox 3345 4023 3379 4090; x_wconf 78' lang='grc' dir='ltr'>ἡ</span> <span class='ocrx_word' id='word_1_620' title='bbox 3414 4017 3539 4092; x_wconf 87' lang='grc' dir='ltr'>δόξα</span> <span class='ocrx_word' id='word_1_621' title='bbox 3581 4022 3655 4084; x_wconf 81' lang='grc' dir='ltr'>εἷς</span> <span class='ocrx_word' id='word_1_622' title='bbox 3703 4021 3838 4087; x_wconf 75' lang='grc' dir='ltr'>τοὺς</span> 
     </span>
    </p>
   </div>
   <div class='ocr_carea' id='block_1_80' title="bbox 408 4106 1239 4180">
    <p class='ocr_par' dir='ltr' id='par_1_80' title="bbox 408 4106 1239 4180">
     <span class='ocr_line' id='line_1_80' title="bbox 408 4106 1239 4180; baseline 0.002 -18"><span class='ocrx_word' id='word_1_623' title='bbox 408 4106 604 4170; x_wconf 77' lang='grc' dir='ltr'>αἰῶνας</span> <span class='ocrx_word' id='word_1_624' title='bbox 634 4111 743 4163; x_wconf 85' lang='grc' dir='ltr'>τῶν</span> <span class='ocrx_word' id='word_1_625' title='bbox 773 4108 1004 4164; x_wconf 71' lang='grc' dir='ltr'>αΐώνων.</span> <span class='ocrx_word' id='word_1_626' title='bbox 1039 4108 1239 4180; x_wconf 78' lang='grc' dir='ltr'>Ἀμήν.</span> 
     </span>
    </p>
   </div>
   <div class='ocr_carea' id='block_1_81' title="bbox 1259 4356 2968 4416">
    <p class='ocr_par' dir='ltr' id='par_1_81' title="bbox 1259 4356 2968 4416">
     <span class='ocr_line' id='line_1_81' title="bbox 1259 4356 2968 4416; baseline -0.001 -2"><span class='ocrx_word' id='word_1_627' title='bbox 1259 4358 1610 4415; x_wconf 70' lang='lat'>852-857</span> <span class='ocrx_word' id='word_1_628' title='bbox 1666 4358 1969 4415; x_wconf 81' lang='lat' dir='ltr'>IIOMILIA</span> <span class='ocrx_word' id='word_1_629' title='bbox 2009 4359 2079 4415; x_wconf 89' lang='lat' dir='ltr'>IN</span> <span class='ocrx_word' id='word_1_630' title='bbox 2119 4359 2413 4416; x_wconf 85' lang='lat' dir='ltr'>PARTEM</span> <span class='ocrx_word' id='word_1_631' title='bbox 2454 4358 2478 4414; x_wconf 93' lang='grc' dir='ltr'><strong>Ι</strong></span> <span class='ocrx_word' id='word_1_632' title='bbox 2517 4357 2788 4414; x_wconf 84' lang='lat' dir='ltr'>PSALMI</span> <span class='ocrx_word' id='word_1_633' title='bbox 2825 4356 2968 4413; x_wconf 85' lang='lat' dir='ltr'>XIV.</span> 
     </span>
    </p>
   </div>
   <div class='ocr_carea' id='block_1_82' title="bbox 589 4501 3655 4630">
    <p class='ocr_par' dir='ltr' id='par_1_82' title="bbox 589 4501 3655 4630">
     <span class='ocr_line' id='line_1_82' title="bbox 589 4501 3655 4630; baseline 0.001 -72"><span class='ocrx_word' id='word_1_634' title='bbox 589 4506 752 4558; x_wconf 84' lang='lat' dir='ltr'>Hauc</span> <span class='ocrx_word' id='word_1_635' title='bbox 783 4505 844 4559; x_wconf 80' lang='lat' dir='ltr'>ut</span> <span class='ocrx_word' id='word_1_636' title='bbox 874 4503 1184 4574; x_wconf 65' lang='lat' dir='ltr'>genuinam</span> <span class='ocrx_word' id='word_1_637' title='bbox 1229 4505 1597 4574; x_wconf 78' lang='lat' dir='ltr'>pra&#39;mi&#39;sz&#39;mus</span> <span class='ocrx_word' id='word_1_638' title='bbox 1626 4503 1867 4575; x_wconf 83' lang='lat' dir='ltr'>ejusdem</span> <span class='ocrx_word' id='word_1_639' title='bbox 1894 4504 2310 4630; x_wconf 54' lang='lat' dir='ltr'>pslalgmsizpaé’ti‘s</span> <span class='ocrx_word' id='word_1_640' title='bbox 2343 4521 2404 4570; x_wconf 81' lang='grc' dir='ltr'>ιι,</span> <span class='ocrx_word' id='word_1_641' title='bbox 2439 4503 2794 4575; x_wconf 76' lang='lat' dir='ltr'>rxpositi&#39;oni.</span> <span class='ocrx_word' id='word_1_642' title='bbox 2831 4501 2956 4557; x_wconf 80' lang='lat' dir='ltr'>Vide</span> <span class='ocrx_word' id='word_1_643' title='bbox 2983 4504 3189 4557; x_wconf 79' lang='lat' dir='ltr'>tomum</span> <span class='ocrx_word' id='word_1_644' title='bbox 3229 4504 3655 4576; x_wconf 75' lang='lat' dir='ltr'>praecedentem,</span> 
     </span>
     <span class='ocr_line' id='line_1_83' title="bbox 1881 4592 2342 4630; baseline -0.002 0"><span class='ocrx_word' id='word_1_645' title='bbox 1881 4592 1947 4630; x_wconf 91' lang='lat' dir='ltr'>oo</span> <span class='ocrx_word' id='word_1_646' title='bbox 1979 4617 1990 4630; x_wconf 96' lang='lat'>.</span> <span class='ocrx_word' id='word_1_647' title='bbox 2137 4615 2149 4628; x_wconf 93' lang='lat'>.</span> <span class='ocrx_word' id='word_1_648' title='bbox 2229 4592 2342 4630; x_wconf 83' lang='lat' dir='ltr'>nrr.</span> 
     </span>
    </p>
   </div>
   <div class='ocr_carea' id='block_1_83' title="bbox 1881 4592 2342 4630">
    <p class='ocr_par' dir='ltr' id='par_1_83' title="bbox 1881 4592 2342 4630">
     <span class='ocr_line' id='line_1_84' title="bbox 1881 4592 2342 4630; baseline -0.002 0"><span class='ocrx_word' id='word_1_649' title='bbox 1881 4592 1990 4630; x_wconf 84' lang='lat'>001.</span> <span class='ocrx_word' id='word_1_650' title='bbox 2023 4592 2149 4630; x_wconf 59' lang='grc' dir='ltr'>ΕΟΖ.</span> <span class='ocrx_word' id='word_1_651' title='bbox 2184 4592 2342 4630; x_wconf 73' lang='lat' dir='ltr'>ISDIT.</span> 
     </span>
    </p>
   </div>
   <div class='ocr_carea' id='block_1_84' title="bbox 760 4859 1700 4919">
    <p class='ocr_par' dir='ltr' id='par_1_84' title="bbox 760 4859 1700 4919">
     <span class='ocr_line' id='line_1_85' title="bbox 760 4859 1700 4919; baseline 0.003 -3"><span class='ocrx_word' id='word_1_652' title='bbox 760 4859 913 4918; x_wconf 78' lang='lat'>358</span> <span class='ocrx_word' id='word_1_653' title='bbox 962 4859 1033 4916; x_wconf 82' lang='grc' dir='ltr'>ΙΝ</span> <span class='ocrx_word' id='word_1_654' title='bbox 1074 4860 1419 4916; x_wconf 88' lang='lat' dir='ltr'>PSALMUM</span> <span class='ocrx_word' id='word_1_655' title='bbox 1459 4861 1700 4919; x_wconf 86' lang='lat' dir='ltr'>XXVIII.</span> 
     </span>
    </p>
   </div>
   <div class='ocr_carea' id='block_1_85' title="bbox 625 4967 1830 5041">
    <p class='ocr_par' dir='ltr' id='par_1_85' title="bbox 625 4967 1830 5041">
     <span class='ocr_line' id='line_1_86' title="bbox 625 4967 1830 5041; baseline -0.002 -17"><span class='ocrx_word' id='word_1_656' title='bbox 625 4967 868 5025; x_wconf 79' lang='lat' dir='ltr'>Adorate</span> <span class='ocrx_word' id='word_1_657' title='bbox 896 4970 1186 5024; x_wconf 82' lang='lat' dir='ltr'>Dominum</span> <span class='ocrx_word' id='word_1_658' title='bbox 1221 4985 1277 5024; x_wconf 84' lang='grc' dir='ltr'>ιη</span> <span class='ocrx_word' id='word_1_659' title='bbox 1308 4969 1447 5024; x_wconf 78' lang='lat' dir='ltr'>aula</span> <span class='ocrx_word' id='word_1_660' title='bbox 1474 4978 1665 5025; x_wconf 76' lang='lat' dir='ltr'>sancta</span> <span class='ocrx_word' id='word_1_661' title='bbox 1691 4970 1830 5041; x_wconf 67' lang='lat' dir='ltr'>ejus.</span> 
     </span>
    </p>
   </div>
   <div class='ocr_carea' id='block_1_86' title="bbox 479 5073 2052 5149">
    <p class='ocr_par' dir='ltr' id='par_1_86' title="bbox 479 5073 2052 5149">
     <span class='ocr_line' id='line_1_87' title="bbox 479 5073 2052 5149; baseline 0 -19"><span class='ocrx_word' id='word_1_662' title='bbox 479 5077 529 5130; x_wconf 90' lang='grc'>1.</span> <span class='ocrx_word' id='word_1_663' title='bbox 565 5075 690 5131; x_wconf 88' lang='lat' dir='ltr'>Non</span> <span class='ocrx_word' id='word_1_664' title='bbox 724 5081 952 5149; x_wconf 85' lang='lat' dir='ltr'>Oportet</span> <span class='ocrx_word' id='word_1_665' title='bbox 982 5092 1339 5147; x_wconf 88' lang='lat' dir='ltr'>quemquam</span> <span class='ocrx_word' id='word_1_666' title='bbox 1364 5083 1529 5132; x_wconf 84' lang='lat' dir='ltr'>extra</span> <span class='ocrx_word' id='word_1_667' title='bbox 1561 5082 1826 5132; x_wconf 87' lang='lat' dir='ltr'>sanctam</span> <span class='ocrx_word' id='word_1_668' title='bbox 1863 5073 2052 5130; x_wconf 82' lang='lat' dir='ltr'>aulam</span> 
     </span>
    </p>
   </div>
   <div class='ocr_carea' id='block_1_87' title="bbox 400 5165 2052 5234">
    <p class='ocr_par' dir='ltr' id='par_1_87' title="bbox 400 5165 2052 5234">
     <span class='ocr_line' id='line_1_88' title="bbox 400 5165 2052 5234; baseline -0.001 -13"><span class='ocrx_word' id='word_1_669' title='bbox 400 5165 718 5221; x_wconf 90' lang='lat' dir='ltr'>Dominum</span> <span class='ocrx_word' id='word_1_670' title='bbox 766 5167 1009 5222; x_wconf 85' lang='lat' dir='ltr'>adorare</span> <span class='ocrx_word' id='word_1_671' title='bbox 1043 5181 1056 5220; x_wconf 91' lang='lat'>:</span> <span class='ocrx_word' id='word_1_672' title='bbox 1090 5166 1192 5221; x_wconf 87' lang='lat' dir='ltr'>sed</span> <span class='ocrx_word' id='word_1_673' title='bbox 1238 5165 1396 5221; x_wconf 86' lang='lat' dir='ltr'>intra</span> <span class='ocrx_word' id='word_1_674' title='bbox 1444 5183 1573 5220; x_wconf 87' lang='lat' dir='ltr'>eam</span> <span class='ocrx_word' id='word_1_675' title='bbox 1626 5167 2052 5234; x_wconf 85' lang='lat' dir='ltr'>constitutum;</span> 
     </span>
    </p>
   </div>
   <div class='ocr_carea' id='block_1_88' title="bbox 467 5317 2043 5388">
    <p class='ocr_par' dir='ltr' id='par_1_88' title="bbox 467 5317 2043 5388">
     <span class='ocr_line' id='line_1_89' title="bbox 467 5317 2043 5388; baseline 0.001 -16"><span class='ocrx_word' id='word_1_676' title='bbox 467 5318 506 5353; x_wconf 77' lang='grc'>⁸¹</span> <span class='ocrx_word' id='word_1_677' title='bbox 546 5317 699 5374; x_wconf 88' lang='lat' dir='ltr'>Psal.</span> <span class='ocrx_word' id='word_1_678' title='bbox 734 5337 773 5388; x_wconf 77' lang='grc' dir='ltr'>ι,</span> <span class='ocrx_word' id='word_1_679' title='bbox 805 5319 857 5373; x_wconf 90' lang='grc'>3.</span> <span class='ocrx_word' id='word_1_680' title='bbox 935 5320 980 5354; x_wconf 80' lang='grc'>⁶²</span> <span class='ocrx_word' id='word_1_681' title='bbox 1013 5319 1167 5375; x_wconf 86' lang='lat' dir='ltr'>Psal.</span> <span class='ocrx_word' id='word_1_682' title='bbox 1199 5335 1312 5387; x_wconf 79' lang='lat' dir='ltr'>xei,</span> <span class='ocrx_word' id='word_1_683' title='bbox 1350 5318 1434 5374; x_wconf 89' lang='grc'><strong>13.</strong></span> <span class='ocrx_word' id='word_1_684' title='bbox 1511 5319 1556 5356; x_wconf 82' lang='grc'>⁸³</span> <span class='ocrx_word' id='word_1_685' title='bbox 1586 5317 1738 5374; x_wconf 90' lang='lat' dir='ltr'>Psal.</span> <span class='ocrx_word' id='word_1_686' title='bbox 1773 5335 1956 5386; x_wconf 82' lang='lat' dir='ltr'>Lxx1x,</span> <span class='ocrx_word' id='word_1_687' title='bbox 1990 5319 2043 5374; x_wconf 87' lang='lat'>6.</span> 
     </span>
    </p>
   </div>
   <div class='ocr_carea' id='block_1_89' title="bbox 935 5318 1434 5387">
    <p class='ocr_par' dir='ltr' id='par_1_89' title="bbox 935 5318 1434 5387">
     <span class='ocr_line' id='line_1_90' title="bbox 935 5318 1434 5387; baseline 0 -13"><span class='ocrx_word' id='word_1_688' title='bbox 935 5320 980 5354; x_wconf 81' lang='grc'>⁶²</span> <span class='ocrx_word' id='word_1_689' title='bbox 1013 5319 1167 5375; x_wconf 86' lang='lat' dir='ltr'>Psal.</span> <span class='ocrx_word' id='word_1_690' title='bbox 1199 5335 1312 5387; x_wconf 79' lang='lat' dir='ltr'>xei,</span> <span class='ocrx_word' id='word_1_691' title='bbox 1350 5318 1434 5374; x_wconf 89' lang='grc'><strong>13.</strong></span> 
     </span>
    </p>
   </div>
   <div class='ocr_carea' id='block_1_90' title="bbox 425 5467 2060 5540">
    <p class='ocr_par' dir='ltr' id='par_1_90' title="bbox 425 5467 2060 5540">
     <span class='ocr_line' id='line_1_91' title="bbox 425 5467 2060 5540; baseline 0.005 -18"><span class='ocrx_word' id='word_1_692' title='bbox 425 5469 550 5540; x_wconf 74' lang='lat' dir='ltr'>-_(_l)</span> <span class='ocrx_word' id='word_1_693' title='bbox 581 5469 684 5524; x_wconf 91' lang='lat' dir='ltr'>Hic</span> <span class='ocrx_word' id='word_1_694' title='bbox 735 5474 824 5525; x_wconf 88' lang='lat' dir='ltr'>est</span> <span class='ocrx_word' id='word_1_695' title='bbox 870 5470 1080 5525; x_wconf 79' lang='lat' dir='ltr'>titulus</span> <span class='ocrx_word' id='word_1_696' title='bbox 1127 5469 1287 5540; x_wconf 78' lang='lat' dir='ltr'>Colb.</span> <span class='ocrx_word' id='word_1_697' title='bbox 1321 5468 1491 5540; x_wconf 73' lang='lat' dir='ltr'>sexti.</span> <span class='ocrx_word' id='word_1_698' title='bbox 1529 5469 1714 5525; x_wconf 86' lang='lat' dir='ltr'>Editio</span> <span class='ocrx_word' id='word_1_699' title='bbox 1764 5471 1948 5526; x_wconf 80' lang='lat' dir='ltr'>Paris.</span> <span class='ocrx_word' id='word_1_700' title='bbox 1983 5467 2060 5530; x_wconf 75' lang='grc' dir='ltr'>εἷς</span> 
     </span>
    </p>
   </div>
   <div class='ocr_carea' id='block_1_91' title="bbox 391 5536 2059 5668">
    <p class='ocr_par' dir='ltr' id='par_1_91' title="bbox 391 5536 2059 5668">
     <span class='ocr_line' id='line_1_92' title="bbox 391 5536 2059 5614; baseline 0.004 -23"><span class='ocrx_word' id='word_1_701' title='bbox 391 5536 795 5614; x_wconf 74' lang='grc' dir='ltr'>τάλειπόμενα</span> <span class='ocrx_word' id='word_1_702' title='bbox 841 5545 939 5596; x_wconf 77' lang='grc' dir='ltr'>τοῦ</span> <span class='ocrx_word' id='word_1_703' title='bbox 986 5547 1072 5610; x_wconf 83' lang='grc' dir='ltr'>κη’</span> <span class='ocrx_word' id='word_1_704' title='bbox 1123 5537 1372 5613; x_wconf 66' lang='grc' dir='ltr'>ψαλμῶ,</span> <span class='ocrx_word' id='word_1_705' title='bbox 1449 5544 1680 5598; x_wconf 85' lang='lat' dir='ltr'>essime.</span> <span class='ocrx_word' id='word_1_706' title='bbox 1716 5546 1850 5609; x_wconf 62' lang='lat' dir='ltr'>Quae</span> <span class='ocrx_word' id='word_1_707' title='bbox 1902 5544 2059 5599; x_wconf 79' lang='lat' dir='ltr'>enim</span> 
     </span>
     <span class='ocr_line' id='line_1_93' title="bbox 393 5559 2059 5668; baseline 0.002 -3"><span class='ocrx_word' id='word_1_708' title='bbox 393 5611 454 5666; x_wconf 90' lang='lat' dir='ltr'>in</span> <span class='ocrx_word' id='word_1_709' title='bbox 510 5612 620 5668; x_wconf 79' lang='lat' dir='ltr'>hac</span> <span class='ocrx_word' id='word_1_710' title='bbox 671 5616 930 5668; x_wconf 86' lang='lat' dir='ltr'>secunda</span> <span class='ocrx_word' id='word_1_711' title='bbox 979 5615 1240 5668; x_wconf 85' lang='lat' dir='ltr'>oratione</span> <span class='ocrx_word' id='word_1_712' title='bbox 1289 5559 1674 5668; x_wconf 70' lang='lat' dir='ltr'>exnIicantur-</span> <span class='ocrx_word' id='word_1_713' title='bbox 1717 5632 1783 5668; x_wconf 91' lang='lat' dir='ltr'>ea</span> <span class='ocrx_word' id='word_1_714' title='bbox 1834 5617 1948 5668; x_wconf 83' lang='lat' dir='ltr'>iam</span> <span class='ocrx_word' id='word_1_715' title='bbox 1999 5615 2059 5668; x_wconf 90' lang='lat' dir='ltr'>in</span> 
     </span>
    </p>
   </div>
   <div class='ocr_carea' id='block_1_92' title="bbox 393 5612 2060 5686">
    <p class='ocr_par' dir='ltr' id='par_1_92' title="bbox 393 5612 2060 5686">
     <span class='ocr_line' id='line_1_94' title="bbox 393 5612 2060 5686; baseline 0.003 -21"><span class='ocrx_word' id='word_1_716' title='bbox 393 5612 930 5686; x_wconf 67' lang='lat' dir='ltr'>inhaesecunda</span> <span class='ocrx_word' id='word_1_717' title='bbox 973 5612 1674 5686; x_wconf 7' lang='lat' dir='ltr'>orationeqexplicantur,</span> <span class='ocrx_word' id='word_1_718' title='bbox 1717 5632 1783 5670; x_wconf 91' lang='lat' dir='ltr'>ea</span> <span class='ocrx_word' id='word_1_719' title='bbox 1826 5617 1948 5686; x_wconf 87' lang='lat' dir='ltr'>jam</span> <span class='ocrx_word' id='word_1_720' title='bbox 1999 5615 2060 5670; x_wconf 90' lang='lat' dir='ltr'><strong>in</strong></span> 
     </span>
    </p>
   </div>
   <div class='ocr_carea' id='block_1_93' title="bbox 393 5683 2060 5760">
    <p class='ocr_par' dir='ltr' id='par_1_93' title="bbox 393 5683 2060 5760">
     <span class='ocr_line' id='line_1_95' title="bbox 393 5683 2060 5760; baseline 0.001 -22"><span class='ocrx_word' id='word_1_721' title='bbox 393 5683 809 5760; x_wconf 32' lang='lat' dir='ltr'>prioreulonge</span> <span class='ocrx_word' id='word_1_722' title='bbox 841 5685 1060 5760; x_wconf 81' lang='lat' dir='ltr'>clarius</span> <span class='ocrx_word' id='word_1_723' title='bbox 1104 5683 1539 5760; x_wconf 52' lang='lat' dir='ltr'>dilucidiiisque</span> <span class='ocrx_word' id='word_1_724' title='bbox 1587 5683 1845 5760; x_wconf 79' lang='lat' dir='ltr'>exposita</span> <span class='ocrx_word' id='word_1_725' title='bbox 1895 5687 2060 5742; x_wconf 85' lang='lat' dir='ltr'>vide-</span> 
     </span>
    </p>
   </div>
   <div class='ocr_carea' id='block_1_94' title="bbox 396 5757 2060 5833">
    <p class='ocr_par' dir='ltr' id='par_1_94' title="bbox 396 5757 2060 5833">
     <span class='ocr_line' id='line_1_96' title="bbox 396 5757 2060 5833; baseline 0.001 -21"><span class='ocrx_word' id='word_1_726' title='bbox 396 5771 559 5814; x_wconf 88' lang='lat' dir='ltr'>mus.</span> <span class='ocrx_word' id='word_1_727' title='bbox 602 5757 812 5818; x_wconf 77' lang='lat' dir='ltr'>Nullus</span> <span class='ocrx_word' id='word_1_728' title='bbox 855 5759 1065 5818; x_wconf 89' lang='lat' dir='ltr'>titulus</span> <span class='ocrx_word' id='word_1_729' title='bbox 1116 5764 1206 5816; x_wconf 78' lang='lat' dir='ltr'>est</span> <span class='ocrx_word' id='word_1_730' title='bbox 1250 5759 1309 5816; x_wconf 89' lang='lat' dir='ltr'>in</span> <span class='ocrx_word' id='word_1_731' title='bbox 1361 5757 1505 5833; x_wconf 81' lang='lat' dir='ltr'>Reg.</span> <span class='ocrx_word' id='word_1_732' title='bbox 1541 5757 1782 5833; x_wconf 76' lang='lat' dir='ltr'>qusi-to;</span> <span class='ocrx_word' id='word_1_733' title='bbox 1815 5761 1916 5818; x_wconf 88' lang='lat' dir='ltr'>sed</span> <span class='ocrx_word' id='word_1_734' title='bbox 1965 5773 2060 5815; x_wconf 86' lang='lat' dir='ltr'>re-</span> 
     </span>
    </p>
   </div>
   <div class='ocr_carea' id='block_1_95' title="bbox 2120 5317 2592 5388">
    <p class='ocr_par' dir='ltr' id='par_1_95' title="bbox 2120 5317 2592 5388">
     <span class='ocr_line' id='line_1_97' title="bbox 2120 5317 2592 5388; baseline -0.004 -16"><span class='ocrx_word' id='word_1_735' title='bbox 2120 5317 2163 5353; x_wconf 73' lang='lat'><strong>&quot;</strong></span> <span class='ocrx_word' id='word_1_736' title='bbox 2194 5317 2346 5374; x_wconf 91' lang='lat' dir='ltr'>Psal.</span> <span class='ocrx_word' id='word_1_737' title='bbox 2379 5335 2506 5388; x_wconf 72' lang='lat' dir='ltr'>XLV,</span> <span class='ocrx_word' id='word_1_738' title='bbox 2538 5317 2592 5370; x_wconf 87' lang='lat'>5.</span> 
     </span>
    </p>
   </div>
   <div class='ocr_carea' id='block_1_96' title="bbox 2625 4858 3366 4933">
    <p class='ocr_par' dir='ltr' id='par_1_96' title="bbox 2625 4858 3366 4933">
     <span class='ocr_line' id='line_1_98' title="bbox 2625 4858 3366 4933; baseline 0.003 -18"><span class='ocrx_word' id='word_1_739' title='bbox 2625 4859 2738 4914; x_wconf 80' lang='grc' dir='ltr'>ΕΙΣ</span> <span class='ocrx_word' id='word_1_740' title='bbox 2780 4858 2884 4912; x_wconf 81' lang='lat' dir='ltr'>KH&#39;</span> <span class='ocrx_word' id='word_1_741' title='bbox 2923 4859 3226 4914; x_wconf 76' lang='grc' dir='ltr'>ψΑΑΜΟΝ</span> <span class='ocrx_word' id='word_1_742' title='bbox 3269 4861 3366 4933; x_wconf 81' lang='grc'><strong>(1).</strong></span> 
     </span>
    </p>
   </div>
   <div class='ocr_carea' id='block_1_97' title="bbox 2304 4961 3677 5041">
    <p class='ocr_par' dir='ltr' id='par_1_97' title="bbox 2304 4961 3677 5041">
     <span class='ocr_line' id='line_1_99' title="bbox 2304 4961 3677 5041; baseline 0.004 -22"><span class='ocrx_word' id='word_1_743' title='bbox 2304 4965 2724 5040; x_wconf 79' lang='grc' dir='ltr'>Προσκυνήσατε</span> <span class='ocrx_word' id='word_1_744' title='bbox 2751 4968 2830 5035; x_wconf 80' lang='grc' dir='ltr'>τῷ</span> <span class='ocrx_word' id='word_1_745' title='bbox 2863 4961 3048 5037; x_wconf 87' lang='grc' dir='ltr'>Κυρίῳ</span> <span class='ocrx_word' id='word_1_746' title='bbox 3078 4961 3129 5017; x_wconf 68' lang='grc' dir='ltr'>ἓν</span> <span class='ocrx_word' id='word_1_747' title='bbox 3160 4962 3302 5038; x_wconf 78' lang='grc' dir='ltr'>αὐλῇ</span> <span class='ocrx_word' id='word_1_748' title='bbox 3336 4967 3465 5041; x_wconf 86' lang='grc' dir='ltr'>ἀγίᾳ</span> <span class='ocrx_word' id='word_1_749' title='bbox 3495 4967 3677 5025; x_wconf 77' lang='grc' dir='ltr'>αὑτοῦ.</span> 
     </span>
    </p>
   </div>
   <div class='ocr_carea' id='block_1_98' title="bbox 2240 5067 3829 5152">
    <p class='ocr_par' dir='ltr' id='par_1_98' title="bbox 2240 5067 3829 5152">
     <span class='ocr_line' id='line_1_100' title="bbox 2240 5067 3829 5152; baseline 0.01 -34"><span class='ocrx_word' id='word_1_750' title='bbox 2240 5075 2290 5129; x_wconf 81' lang='grc'>1,</span> <span class='ocrx_word' id='word_1_751' title='bbox 2326 5074 2467 5144; x_wconf 77' lang='grc' dir='ltr'>’Ἑξω</span> <span class='ocrx_word' id='word_1_752' title='bbox 2498 5079 2596 5140; x_wconf 82' lang='grc' dir='ltr'>τῆς</span> <span class='ocrx_word' id='word_1_753' title='bbox 2654 5071 2807 5145; x_wconf 82' lang='grc' dir='ltr'>ἁγίας</span> <span class='ocrx_word' id='word_1_754' title='bbox 2869 5067 3040 5139; x_wconf 77' lang='grc' dir='ltr'>αὐλῆς</span> <span class='ocrx_word' id='word_1_755' title='bbox 3092 5071 3155 5125; x_wconf 86' lang='grc' dir='ltr'>οὑ</span> <span class='ocrx_word' id='word_1_756' title='bbox 3218 5074 3329 5147; x_wconf 83' lang='grc' dir='ltr'>χρή</span> <span class='ocrx_word' id='word_1_757' title='bbox 3374 5083 3693 5150; x_wconf 82' lang='grc' dir='ltr'>προσκυνεῖν</span> <span class='ocrx_word' id='word_1_758' title='bbox 3747 5084 3829 5152; x_wconf 85' lang='grc' dir='ltr'>τῷ</span> 
     </span>
    </p>
   </div>
   <div class='ocr_carea' id='block_1_99' title="bbox 2172 5159 3823 5239">
    <p class='ocr_par' dir='ltr' id='par_1_99' title="bbox 2172 5159 3823 5239">
     <span class='ocr_line' id='line_1_101' title="bbox 2172 5159 3823 5239; baseline 0.003 -21"><span class='ocrx_word' id='word_1_759' title='bbox 2172 5162 2375 5236; x_wconf 87' lang='grc' dir='ltr'>Κυρίῳ,</span> <span class='ocrx_word' id='word_1_760' title='bbox 2411 5160 2534 5217; x_wconf 84' lang='grc' dir='ltr'>ἀλλ’</span> <span class='ocrx_word' id='word_1_761' title='bbox 2567 5159 2717 5216; x_wconf 80' lang='grc' dir='ltr'>ἔνδον</span> <span class='ocrx_word' id='word_1_762' title='bbox 2745 5161 3052 5236; x_wconf 86' lang='grc' dir='ltr'>γενόμενον·</span> <span class='ocrx_word' id='word_1_763' title='bbox 3104 5163 3371 5222; x_wconf 74' lang='grc' dir='ltr'>τουτέστι.</span> <span class='ocrx_word' id='word_1_764' title='bbox 3435 5169 3511 5239; x_wconf 82' lang='grc' dir='ltr'>μή</span> <span class='ocrx_word' id='word_1_765' title='bbox 3557 5164 3823 5226; x_wconf 72' lang='grc' dir='ltr'>ἐκϐαίνειν</span> 
     </span>
    </p>
   </div>
   <div class='ocr_carea' id='block_1_100' title="bbox 2669 5315 3144 5382">
    <p class='ocr_par' dir='ltr' id='par_1_100' title="bbox 2669 5315 3144 5382">
     <span class='ocr_line' id='line_1_102' title="bbox 2669 5315 3144 5382; baseline -0.004 -11"><span class='ocrx_word' id='word_1_766' title='bbox 2669 5317 2712 5351; x_wconf 80' lang='grc'>⁸⁸</span> <span class='ocrx_word' id='word_1_767' title='bbox 2743 5315 2914 5371; x_wconf 86' lang='lat' dir='ltr'>llebr.</span> <span class='ocrx_word' id='word_1_768' title='bbox 2949 5332 3026 5382; x_wconf 84' lang='lat' dir='ltr'>x1,</span> <span class='ocrx_word' id='word_1_769' title='bbox 3059 5316 3144 5370; x_wconf 92' lang='grc'><strong>10.</strong></span> 
     </span>
    </p>
   </div>
   <div class='ocr_carea' id='block_1_101' title="bbox 2174 5467 3825 5539">
    <p class='ocr_par' dir='ltr' id='par_1_101' title="bbox 2174 5467 3825 5539">
     <span class='ocr_line' id='line_1_103' title="bbox 2174 5467 3825 5539; baseline 0.006 -18"><span class='ocrx_word' id='word_1_770' title='bbox 2174 5467 2377 5524; x_wconf 86' lang='lat' dir='ltr'>lictum</span> <span class='ocrx_word' id='word_1_771' title='bbox 2414 5474 2502 5524; x_wconf 88' lang='lat' dir='ltr'>est</span> <span class='ocrx_word' id='word_1_772' title='bbox 2533 5484 2781 5522; x_wconf 87' lang='lat' dir='ltr'>vacuum</span> <span class='ocrx_word' id='word_1_773' title='bbox 2817 5467 3071 5539; x_wconf 86' lang='lat' dir='ltr'>spatium</span> <span class='ocrx_word' id='word_1_774' title='bbox 3106 5467 3282 5528; x_wconf 87' lang='lat' dir='ltr'>tituli.</span> <span class='ocrx_word' id='word_1_775' title='bbox 3309 5471 3472 5539; x_wconf 87' lang='lat' dir='ltr'>quasi</span> <span class='ocrx_word' id='word_1_776' title='bbox 3519 5473 3825 5531; x_wconf 74' lang='lat' dir='ltr'>librarium</span> 
     </span>
    </p>
   </div>
   <div class='ocr_carea' id='block_1_102' title="bbox 2172 5537 3825 5617">
    <p class='ocr_par' dir='ltr' id='par_1_102' title="bbox 2172 5537 3825 5617">
     <span class='ocr_line' id='line_1_104' title="bbox 2172 5537 3825 5617; baseline 0.005 -22"><span class='ocrx_word' id='word_1_777' title='bbox 2172 5542 2449 5617; x_wconf 84' lang='lat' dir='ltr'>puduerit</span> <span class='ocrx_word' id='word_1_778' title='bbox 2500 5543 2820 5617; x_wconf 74' lang='lat' dir='ltr'>orationem</span> <span class='ocrx_word' id='word_1_779' title='bbox 2873 5544 2992 5617; x_wconf 60' lang='lat' dir='ltr'>tam</span> <span class='ocrx_word' id='word_1_780' title='bbox 3045 5537 3562 5617; x_wconf 28' lang='lat' dir='ltr'>ineptam‘ljasiiio</span> <span class='ocrx_word' id='word_1_781' title='bbox 3617 5547 3825 5617; x_wconf 79' lang='lat' dir='ltr'>Magno</span> 
     </span>
    </p>
   </div>
   <div class='ocr_carea' id='block_1_103' title="bbox 2173 5607 3824 5692">
    <p class='ocr_par' dir='ltr' id='par_1_103' title="bbox 2173 5607 3824 5692">
     <span class='ocr_line' id='line_1_105' title="bbox 2173 5607 3824 5692; baseline 0.003 -25"><span class='ocrx_word' id='word_1_782' title='bbox 2173 5607 2450 5692; x_wconf 60' lang='lat' dir='ltr'>tribuere.</span> <span class='ocrx_word' id='word_1_783' title='bbox 2502 5612 2867 5692; x_wconf 46' lang='lat' dir='ltr'>Opusculunm</span> <span class='ocrx_word' id='word_1_784' title='bbox 2925 5607 3070 5664; x_wconf 92' lang='lat' dir='ltr'>illud</span> <span class='ocrx_word' id='word_1_785' title='bbox 3131 5607 3243 5692; x_wconf 81' lang='lat' dir='ltr'>non</span> <span class='ocrx_word' id='word_1_786' title='bbox 3277 5617 3583 5692; x_wconf 85' lang='lat' dir='ltr'>_reperitur</span> <span class='ocrx_word' id='word_1_787' title='bbox 3634 5607 3824 5692; x_wconf 64' lang='lat' dir='ltr'>neque</span> 
     </span>
    </p>
   </div>
   <div class='ocr_carea' id='block_1_104' title="bbox 2171 5682 3727 5762">
    <p class='ocr_par' dir='ltr' id='par_1_104' title="bbox 2171 5682 3727 5762">
     <span class='ocr_line' id='line_1_106' title="bbox 2171 5682 3727 5762; baseline 0.003 -22"><span class='ocrx_word' id='word_1_788' title='bbox 2171 5685 2231 5740; x_wconf 91' lang='lat' dir='ltr'>in</span> <span class='ocrx_word' id='word_1_789' title='bbox 2263 5685 2436 5742; x_wconf 89' lang='lat' dir='ltr'>Coisl.</span> <span class='ocrx_word' id='word_1_790' title='bbox 2472 5682 2660 5758; x_wconf 82' lang='lat' dir='ltr'>nrque</span> <span class='ocrx_word' id='word_1_791' title='bbox 2692 5685 2750 5739; x_wconf 92' lang='lat' dir='ltr'><strong>in</strong></span> <span class='ocrx_word' id='word_1_792' title='bbox 2783 5682 2930 5739; x_wconf 76' lang='lat' dir='ltr'>Oliv.</span> <span class='ocrx_word' id='word_1_793' title='bbox 2964 5697 3152 5754; x_wconf 90' lang='lat' dir='ltr'>neque</span> <span class='ocrx_word' id='word_1_794' title='bbox 3183 5685 3241 5742; x_wconf 90' lang='lat' dir='ltr'>in</span> <span class='ocrx_word' id='word_1_795' title='bbox 3277 5682 3415 5762; x_wconf 51' lang='lat' dir='ltr'>Re&#39;g.</span> <span class='ocrx_word' id='word_1_796' title='bbox 3451 5690 3727 5747; x_wconf 91' lang='lat' dir='ltr'>secundo.</span> 
     </span>
    </p>
   </div>
  </div>
