  <div class='ocr_page' id='page_1' title='image "/cluster/home/n/w/nwhite01/storage/ocr_20150623/30:no.2/coo.31924054873116/048.png"; bbox 0 0 4154 6386; ppageno 0'>
   <div class='ocr_carea' id='block_1_1' title="bbox 269 368 3699 437">
    <p class='ocr_par' dir='ltr' id='par_1_1' title="bbox 269 368 3699 437">
     <span class='ocr_line' id='line_1_1' title="bbox 269 368 3699 437; baseline 0 -2"><span class='ocrx_word' id='word_1_1' title='bbox 269 376 348 435; x_wconf 76' lang='grc'><strong>78</strong></span> <span class='ocrx_word' id='word_1_2' title='bbox 1370 371 1704 437; x_wconf 80' lang='lat' dir='ltr'><strong>HOMILIA</strong></span> <span class='ocrx_word' id='word_1_3' title='bbox 1748 371 1831 433; x_wconf 81' lang='lat' dir='ltr'><strong>IN</strong></span> <span class='ocrx_word' id='word_1_4' title='bbox 1869 368 2259 433; x_wconf 80' lang='lat' dir='ltr'><strong>PSALMUM</strong></span> <span class='ocrx_word' id='word_1_5' title='bbox 2297 368 2580 434; x_wconf 75' lang='lat' dir='ltr'><strong>XXVIII.</strong></span> <span class='ocrx_word' id='word_1_6' title='bbox 3615 376 3699 436; x_wconf 74' lang='grc' dir='ltr'><strong>’Π</strong></span> 
     </span>
    </p>
   </div>
   <div class='ocr_carea' id='block_1_2' title="bbox 263 499 1908 578">
    <p class='ocr_par' dir='ltr' id='par_1_2' title="bbox 263 500 1908 578">
     <span class='ocr_line' id='line_1_2' title="bbox 263 500 1908 578; baseline -0.004 -17"><span class='ocrx_word' id='word_1_7' title='bbox 263 508 363 561; x_wconf 89' lang='grc' dir='ltr'><strong>τοῦ</strong></span> <span class='ocrx_word' id='word_1_8' title='bbox 417 505 763 578; x_wconf 76' lang='grc' dir='ltr'><strong>συστήματος</strong></span> <span class='ocrx_word' id='word_1_9' title='bbox 816 506 921 570; x_wconf 80' lang='grc' dir='ltr'><strong>τῆς</strong></span> <span class='ocrx_word' id='word_1_10' title='bbox 969 500 1318 576; x_wconf 81' lang='grc' dir='ltr'>Ἐκκλησίας,</span> <span class='ocrx_word' id='word_1_11' title='bbox 1372 503 1463 560; x_wconf 85' lang='grc' dir='ltr'>καὶ</span> <span class='ocrx_word' id='word_1_12' title='bbox 1537 502 1657 566; x_wconf 85' lang='grc' dir='ltr'>καθ’</span> <span class='ocrx_word' id='word_1_13' title='bbox 1729 500 1908 556; x_wconf 63' lang='grc' dir='ltr'>ἑαυτὸν</span> 
     </span>
    </p>
   </div>
   <div class='ocr_carea' id='block_1_3' title="bbox 2022 499 3697 578">
    <p class='ocr_par' dir='ltr' id='par_1_3' title="bbox 2038 499 3697 575">
     <span class='ocr_line' id='line_1_3' title="bbox 2038 499 3697 575; baseline 0.003 -21"><span class='ocrx_word' id='word_1_14' title='bbox 2038 499 2148 558; x_wconf 87' lang='lat' dir='ltr'><strong>boo</strong></span> <span class='ocrx_word' id='word_1_15' title='bbox 2195 505 2305 569; x_wconf 89' lang='lat' dir='ltr'><strong>est,</strong></span> <span class='ocrx_word' id='word_1_16' title='bbox 2346 500 2448 572; x_wconf 87' lang='lat' dir='ltr'><strong>qui</strong></span> <span class='ocrx_word' id='word_1_17' title='bbox 2494 516 2627 557; x_wconf 87' lang='lat' dir='ltr'><strong>vere</strong></span> <span class='ocrx_word' id='word_1_18' title='bbox 2675 502 2862 558; x_wconf 91' lang='lat' dir='ltr'><strong>Deum</strong></span> <span class='ocrx_word' id='word_1_19' title='bbox 2910 501 3101 559; x_wconf 88' lang='lat' dir='ltr'><strong>colere</strong></span> <span class='ocrx_word' id='word_1_20' title='bbox 3148 502 3343 575; x_wconf 87' lang='lat' dir='ltr'><strong>debet,</strong></span> <span class='ocrx_word' id='word_1_21' title='bbox 3381 518 3519 562; x_wconf 88' lang='lat' dir='ltr'><strong>eum</strong></span> <span class='ocrx_word' id='word_1_22' title='bbox 3575 519 3697 560; x_wconf 86' lang='lat' dir='ltr'><strong>non</strong></span> 
     </span>
    </p>
   </div>
   <div class='ocr_carea' id='block_1_4' title="bbox 263 588 1908 672">
    <p class='ocr_par' dir='ltr' id='par_1_4' title="bbox 263 588 1908 672">
     <span class='ocr_line' id='line_1_4' title="bbox 263 588 1908 672; baseline -0.004 -22"><span class='ocrx_word' id='word_1_23' title='bbox 263 596 558 672; x_wconf 77' lang='grc' dir='ltr'>κατάρχειν</span> <span class='ocrx_word' id='word_1_24' title='bbox 586 601 1052 672; x_wconf 84' lang='grc' dir='ltr'>παρασυναγωγῆς</span> <span class='ocrx_word' id='word_1_25' title='bbox 1105 595 1195 651; x_wconf 86' lang='grc' dir='ltr'><strong>καὶ</strong></span> <span class='ocrx_word' id='word_1_26' title='bbox 1242 594 1590 671; x_wconf 80' lang='grc' dir='ltr'>σχισμάτων,</span> <span class='ocrx_word' id='word_1_27' title='bbox 1648 591 1740 647; x_wconf 87' lang='grc' dir='ltr'>τὸν</span> <span class='ocrx_word' id='word_1_28' title='bbox 1774 588 1908 669; x_wconf 69' lang='grc' dir='ltr'>ὀφεί-</span> 
     </span>
    </p>
   </div>
   <div class='ocr_carea' id='block_1_5' title="bbox 2022 588 3698 672">
    <p class='ocr_par' dir='ltr' id='par_1_5' title="bbox 2035 591 3698 666">
     <span class='ocr_line' id='line_1_5' title="bbox 2035 591 3698 666; baseline 0 -16"><span class='ocrx_word' id='word_1_29' title='bbox 2035 594 2263 665; x_wconf 90' lang='lat' dir='ltr'><strong>0portet</strong></span> <span class='ocrx_word' id='word_1_30' title='bbox 2291 605 2321 645; x_wconf 93' lang='lat' dir='ltr'><strong>e</strong></span> <span class='ocrx_word' id='word_1_31' title='bbox 2352 593 2501 646; x_wconf 85' lang='lat' dir='ltr'><strong>coetu</strong></span> <span class='ocrx_word' id='word_1_32' title='bbox 2554 591 2824 648; x_wconf 68' lang='lat' dir='ltr'><strong>Ecclesiae</strong></span> <span class='ocrx_word' id='word_1_33' title='bbox 2876 593 3096 665; x_wconf 84' lang='lat' dir='ltr'><strong>egredi,</strong></span> <span class='ocrx_word' id='word_1_34' title='bbox 3142 609 3332 664; x_wconf 86' lang='lat' dir='ltr'><strong>neque</strong></span> <span class='ocrx_word' id='word_1_35' title='bbox 3384 609 3698 666; x_wconf 61' lang='lat' dir='ltr'><strong>synagogas</strong></span> 
     </span>
    </p>
   </div>
   <div class='ocr_carea' id='block_1_6' title="bbox 268 682 1921 760">
    <p class='ocr_par' dir='ltr' id='par_1_6' title="bbox 268 682 1921 760">
     <span class='ocr_line' id='line_1_6' title="bbox 268 682 1921 760; baseline -0.004 -19"><span class='ocrx_word' id='word_1_36' title='bbox 268 683 437 741; x_wconf 91' lang='grc' dir='ltr'>λοντα</span> <span class='ocrx_word' id='word_1_37' title='bbox 467 682 739 757; x_wconf 77' lang='grc' dir='ltr'><strong>ἀληθινῶς</strong></span> <span class='ocrx_word' id='word_1_38' title='bbox 762 683 843 758; x_wconf 79' lang='grc' dir='ltr'><strong>τῷ</strong></span> <span class='ocrx_word' id='word_1_39' title='bbox 873 688 987 757; x_wconf 87' lang='grc' dir='ltr'>Θεῷ</span> <span class='ocrx_word' id='word_1_40' title='bbox 1018 683 1321 759; x_wconf 66' lang='grc' dir='ltr'>λατρεύειν.</span> <span class='ocrx_word' id='word_1_41' title='bbox 1354 683 1431 742; x_wconf 84' lang='grc' dir='ltr'>Οὐ</span> <span class='ocrx_word' id='word_1_42' title='bbox 1461 683 1561 760; x_wconf 81' lang='grc' dir='ltr'><strong>γὰρ</strong></span> <span class='ocrx_word' id='word_1_43' title='bbox 1593 683 1736 757; x_wconf 83' lang='grc'>(4-5)</span> <span class='ocrx_word' id='word_1_44' title='bbox 1753 700 1921 757; x_wconf 88' lang='grc' dir='ltr'>προσ-</span> 
     </span>
    </p>
   </div>
   <div class='ocr_carea' id='block_1_7' title="bbox 263 770 1908 850">
    <p class='ocr_par' dir='ltr' id='par_1_7' title="bbox 263 770 1908 850">
     <span class='ocr_line' id='line_1_7' title="bbox 263 770 1908 850; baseline -0.003 -21"><span class='ocrx_word' id='word_1_45' title='bbox 263 780 415 844; x_wconf 85' lang='grc' dir='ltr'>ῆκεν.</span> <span class='ocrx_word' id='word_1_46' title='bbox 447 776 653 850; x_wconf 76' lang='grc' dir='ltr'>’Ὠσπερ</span> <span class='ocrx_word' id='word_1_47' title='bbox 711 771 768 829; x_wconf 75' lang='grc' dir='ltr'>δὲ</span> <span class='ocrx_word' id='word_1_48' title='bbox 825 774 970 829; x_wconf 75' lang='grc' dir='ltr'>οἶκόν</span> <span class='ocrx_word' id='word_1_49' title='bbox 1026 795 1111 837; x_wconf 91' lang='grc' dir='ltr'><strong>τις</strong></span> <span class='ocrx_word' id='word_1_50' title='bbox 1171 773 1357 829; x_wconf 71' lang='grc' dir='ltr'>ἑαυτὸν</span> <span class='ocrx_word' id='word_1_51' title='bbox 1415 770 1794 841; x_wconf 63' lang='grc' dir='ltr'><strong>κατασκευάζει</strong></span> <span class='ocrx_word' id='word_1_52' title='bbox 1825 774 1908 825; x_wconf 80' lang='grc' dir='ltr'><strong>τοῐ</strong></span> 
     </span>
    </p>
   </div>
   <div class='ocr_carea' id='block_1_8' title="bbox 2022 770 3695 850">
    <p class='ocr_par' dir='ltr' id='par_1_8' title="bbox 2032 770 3695 845">
     <span class='ocr_line' id='line_1_8' title="bbox 2032 770 3695 845; baseline 0 -17"><span class='ocrx_word' id='word_1_53' title='bbox 2032 770 2839 835; x_wconf 87' lang='lat' dir='ltr'><strong>convenit.Quemadmodum</strong></span> <span class='ocrx_word' id='word_1_54' title='bbox 2862 776 3061 827; x_wconf 87' lang='lat' dir='ltr'><strong>autem</strong></span> <span class='ocrx_word' id='word_1_55' title='bbox 3086 770 3384 845; x_wconf 88' lang='lat' dir='ltr'><strong>quispiam</strong></span> <span class='ocrx_word' id='word_1_56' title='bbox 3411 788 3473 828; x_wconf 88' lang='lat' dir='ltr'><strong>se</strong></span> <span class='ocrx_word' id='word_1_57' title='bbox 3495 771 3695 845; x_wconf 91' lang='lat' dir='ltr'><strong>ipsum</strong></span> 
     </span>
    </p>
   </div>
   <div class='ocr_carea' id='block_1_9' title="bbox 264 857 1908 939">
    <p class='ocr_par' dir='ltr' id='par_1_9' title="bbox 264 857 1908 939">
     <span class='ocr_line' id='line_1_9' title="bbox 264 857 1908 939; baseline -0.002 -21"><span class='ocrx_word' id='word_1_58' title='bbox 264 863 485 937; x_wconf 79' lang='grc' dir='ltr'><strong>Κυρίου,</strong></span> <span class='ocrx_word' id='word_1_59' title='bbox 544 868 641 919; x_wconf 89' lang='grc' dir='ltr'><strong>τοῦ</strong></span> <span class='ocrx_word' id='word_1_60' title='bbox 698 864 945 939; x_wconf 79' lang='grc' dir='ltr'>γενέσθαι</span> <span class='ocrx_word' id='word_1_61' title='bbox 1001 863 1129 925; x_wconf 91' lang='grc' dir='ltr'>ναὸς</span> <span class='ocrx_word' id='word_1_62' title='bbox 1185 868 1322 919; x_wconf 82' lang='grc' dir='ltr'><strong>Θεοῦ</strong></span> <span class='ocrx_word' id='word_1_63' title='bbox 1355 882 1368 896; x_wconf 88' lang='grc'><strong>·</strong></span> <span class='ocrx_word' id='word_1_64' title='bbox 1424 860 1567 918; x_wconf 71' lang='grc' dir='ltr'>οὕτω</span> <span class='ocrx_word' id='word_1_65' title='bbox 1622 861 1712 916; x_wconf 77' lang='grc' dir='ltr'><strong>καὶ</strong></span> <span class='ocrx_word' id='word_1_66' title='bbox 1746 857 1908 931; x_wconf 61' lang='grc' dir='ltr'>αὖλὴη</span> 
     </span>
    </p>
   </div>
   <div class='ocr_carea' id='block_1_10' title="bbox 2022 857 3698 939">
    <p class='ocr_par' dir='ltr' id='par_1_10' title="bbox 2030 857 3698 935">
     <span class='ocr_line' id='line_1_10' title="bbox 2030 857 3698 935; baseline 0.002 -19"><span class='ocrx_word' id='word_1_67' title='bbox 2030 861 2273 917; x_wconf 89' lang='lat' dir='ltr'><strong>domum</strong></span> <span class='ocrx_word' id='word_1_68' title='bbox 2306 857 2535 915; x_wconf 84' lang='lat' dir='ltr'><strong>Domini</strong></span> <span class='ocrx_word' id='word_1_69' title='bbox 2566 859 2894 932; x_wconf 76' lang='lat' dir='ltr'><strong>constituit,</strong></span> <span class='ocrx_word' id='word_1_70' title='bbox 2921 865 2987 917; x_wconf 90' lang='lat' dir='ltr'><strong>ut</strong></span> <span class='ocrx_word' id='word_1_71' title='bbox 3018 862 3118 917; x_wconf 91' lang='lat' dir='ltr'><strong>Dei</strong></span> <span class='ocrx_word' id='word_1_72' title='bbox 3151 861 3230 917; x_wconf 91' lang='lat' dir='ltr'><strong>sit</strong></span> <span class='ocrx_word' id='word_1_73' title='bbox 3257 860 3547 935; x_wconf 85' lang='lat' dir='ltr'><strong>templum</strong></span> <span class='ocrx_word' id='word_1_74' title='bbox 3574 879 3589 918; x_wconf 88' lang='lat'><strong>:</strong></span> <span class='ocrx_word' id='word_1_75' title='bbox 3612 861 3698 919; x_wconf 89' lang='lat' dir='ltr'><strong>ita</strong></span> 
     </span>
    </p>
   </div>
   <div class='ocr_carea' id='block_1_11' title="bbox 262 947 1908 1029">
    <p class='ocr_par' dir='ltr' id='par_1_11' title="bbox 262 947 1908 1029">
     <span class='ocr_line' id='line_1_11' title="bbox 262 947 1908 1029; baseline -0.003 -21"><span class='ocrx_word' id='word_1_76' title='bbox 262 947 655 1028; x_wconf 77' lang='grc' dir='ltr'>περιϐαλέσθαι</span> <span class='ocrx_word' id='word_1_77' title='bbox 703 949 946 1024; x_wconf 74' lang='grc' dir='ltr'>δύναται,</span> <span class='ocrx_word' id='word_1_78' title='bbox 994 952 1379 1029; x_wconf 72' lang='grc' dir='ltr'><strong>περιτειχίζων</strong></span> <span class='ocrx_word' id='word_1_79' title='bbox 1431 951 1617 1007; x_wconf 72' lang='grc' dir='ltr'>ἑαυτὸν</span> <span class='ocrx_word' id='word_1_80' title='bbox 1661 956 1740 1023; x_wconf 75' lang='grc' dir='ltr'>τῷ</span> <span class='ocrx_word' id='word_1_81' title='bbox 1792 948 1908 1026; x_wconf 70' lang='grc' dir='ltr'>βίῳ,</span> 
     </span>
    </p>
   </div>
   <div class='ocr_carea' id='block_1_12' title="bbox 2022 947 3691 1029">
    <p class='ocr_par' dir='ltr' id='par_1_12' title="bbox 2029 949 3691 1022">
     <span class='ocr_line' id='line_1_12' title="bbox 2029 949 3691 1022; baseline 0.002 -17"><span class='ocrx_word' id='word_1_82' title='bbox 2029 955 2086 1005; x_wconf 89' lang='lat' dir='ltr'><strong>et</strong></span> <span class='ocrx_word' id='word_1_83' title='bbox 2114 949 2358 1005; x_wconf 81' lang='lat' dir='ltr'><strong>induere</strong></span> <span class='ocrx_word' id='word_1_84' title='bbox 2390 952 2584 1022; x_wconf 84' lang='lat' dir='ltr'><strong>potest</strong></span> <span class='ocrx_word' id='word_1_85' title='bbox 2615 949 2759 1005; x_wconf 83' lang='lat' dir='ltr'><strong>aulae</strong></span> <span class='ocrx_word' id='word_1_86' title='bbox 2801 951 3242 1022; x_wconf 81' lang='lat' dir='ltr'><strong>proprietatem,</strong></span> <span class='ocrx_word' id='word_1_87' title='bbox 3265 951 3316 1007; x_wconf 89' lang='lat' dir='ltr'><strong>si</strong></span> <span class='ocrx_word' id='word_1_88' title='bbox 3347 952 3524 1008; x_wconf 92' lang='lat' dir='ltr'><strong>modo</strong></span> <span class='ocrx_word' id='word_1_89' title='bbox 3552 951 3691 1021; x_wconf 86' lang='lat' dir='ltr'><strong>vita,</strong></span> 
     </span>
    </p>
   </div>
   <div class='ocr_carea' id='block_1_13' title="bbox 263 1037 1908 1117">
    <p class='ocr_par' dir='ltr' id='par_1_13' title="bbox 263 1038 1908 1117">
     <span class='ocr_line' id='line_1_13' title="bbox 263 1038 1908 1117; baseline -0.002 -20"><span class='ocrx_word' id='word_1_90' title='bbox 263 1041 469 1114; x_wconf 81' lang='grc' dir='ltr'>καὶτῷ</span> <span class='ocrx_word' id='word_1_91' title='bbox 527 1039 697 1117; x_wconf 87' lang='grc' dir='ltr'>λόγῳ,</span> <span class='ocrx_word' id='word_1_92' title='bbox 760 1041 849 1096; x_wconf 84' lang='grc' dir='ltr'><strong>καὶ</strong></span> <span class='ocrx_word' id='word_1_93' title='bbox 906 1047 1025 1106; x_wconf 86' lang='grc' dir='ltr'>τοῖς</span> <span class='ocrx_word' id='word_1_94' title='bbox 1076 1041 1241 1106; x_wconf 80' lang='grc' dir='ltr'><strong>θείοις</strong></span> <span class='ocrx_word' id='word_1_95' title='bbox 1289 1042 1577 1115; x_wconf 70' lang='grc' dir='ltr'>νοήμασιν,</span> <span class='ocrx_word' id='word_1_96' title='bbox 1630 1038 1683 1094; x_wconf 84' lang='grc' dir='ltr'>ἐν</span> <span class='ocrx_word' id='word_1_97' title='bbox 1742 1040 1908 1111; x_wconf 64' lang='grc' dir='ltr'>ἑαυτῷ</span> 
     </span>
    </p>
   </div>
   <div class='ocr_carea' id='block_1_14' title="bbox 2022 1037 3694 1117">
    <p class='ocr_par' dir='ltr' id='par_1_14' title="bbox 2028 1037 3694 1111">
     <span class='ocr_line' id='line_1_14' title="bbox 2028 1037 3694 1111; baseline 0.001 -15"><span class='ocrx_word' id='word_1_98' title='bbox 2028 1056 2440 1111; x_wconf 76' lang='lat' dir='ltr'><strong>sermoneque,</strong></span> <span class='ocrx_word' id='word_1_99' title='bbox 2464 1042 2522 1094; x_wconf 89' lang='lat' dir='ltr'><strong>et</strong></span> <span class='ocrx_word' id='word_1_100' title='bbox 2544 1037 2760 1094; x_wconf 88' lang='lat' dir='ltr'><strong>divinis</strong></span> <span class='ocrx_word' id='word_1_101' title='bbox 2792 1038 3268 1110; x_wconf 82' lang='lat' dir='ltr'><strong>cogitationibus,</strong></span> <span class='ocrx_word' id='word_1_102' title='bbox 3293 1057 3397 1096; x_wconf 89' lang='lat' dir='ltr'><strong>ceu</strong></span> <span class='ocrx_word' id='word_1_103' title='bbox 3430 1058 3598 1097; x_wconf 88' lang='lat' dir='ltr'><strong>muro</strong></span> <span class='ocrx_word' id='word_1_104' title='bbox 3630 1058 3694 1098; x_wconf 88' lang='lat' dir='ltr'><strong>se</strong></span> 
     </span>
    </p>
   </div>
   <div class='ocr_carea' id='block_1_15' title="bbox 2032 678 3805 739">
    <p class='ocr_par' dir='ltr' id='par_1_15' title="bbox 2032 678 3805 739">
     <span class='ocr_line' id='line_1_15' title="bbox 2032 678 3805 739; baseline 0 -2"><span class='ocrx_word' id='word_1_105' title='bbox 2032 681 2196 738; x_wconf 66' lang='lat' dir='ltr'><strong>falsae</strong></span> <span class='ocrx_word' id='word_1_106' title='bbox 2245 684 2345 737; x_wconf 86' lang='lat' dir='ltr'><strong>aut</strong></span> <span class='ocrx_word' id='word_1_107' title='bbox 2394 678 2786 736; x_wconf 86' lang='lat' dir='ltr'><strong>schismatum</strong></span> <span class='ocrx_word' id='word_1_108' title='bbox 2822 684 3121 737; x_wconf 82' lang='lat' dir='ltr'><strong>auctorem</strong></span> <span class='ocrx_word' id='word_1_109' title='bbox 3180 696 3332 737; x_wconf 89' lang='lat' dir='ltr'><strong>esse.</strong></span> <span class='ocrx_word' id='word_1_110' title='bbox 3364 682 3481 738; x_wconf 90' lang='lat' dir='ltr'><strong>Nec</strong></span> <span class='ocrx_word' id='word_1_111' title='bbox 3535 683 3694 739; x_wconf 90' lang='lat' dir='ltr'><strong>enim</strong></span> <span class='ocrx_word' id='word_1_112' title='bbox 3800 734 3805 737; x_wconf 78' lang='lat'><strong>.</strong></span> 
     </span>
    </p>
   </div>
   <div class='ocr_carea' id='block_1_16' title="bbox 261 1129 1914 1209">
    <p class='ocr_par' dir='ltr' id='par_1_16' title="bbox 261 1129 1914 1209">
     <span class='ocr_line' id='line_1_16' title="bbox 261 1129 1914 1209; baseline -0.002 -24"><span class='ocrx_word' id='word_1_113' title='bbox 261 1134 583 1207; x_wconf 81' lang='grc' dir='ltr'>προσκυνῶν</span> <span class='ocrx_word' id='word_1_114' title='bbox 606 1131 697 1186; x_wconf 92' lang='grc' dir='ltr'>τὸν</span> <span class='ocrx_word' id='word_1_115' title='bbox 730 1131 856 1186; x_wconf 87' lang='grc' dir='ltr'><strong>Θεὸν</strong></span> <span class='ocrx_word' id='word_1_116' title='bbox 893 1132 989 1204; x_wconf 87' lang='grc'>(6),</span> <span class='ocrx_word' id='word_1_117' title='bbox 1021 1130 1288 1207; x_wconf 82' lang='grc' dir='ltr'>ἀρκοῦσαν</span> <span class='ocrx_word' id='word_1_118' title='bbox 1334 1131 1589 1209; x_wconf 72' lang='grc' dir='ltr'>ἀφορμὴν</span> <span class='ocrx_word' id='word_1_119' title='bbox 1624 1129 1700 1192; x_wconf 83' lang='grc' dir='ltr'><strong>εἰς</strong></span> <span class='ocrx_word' id='word_1_120' title='bbox 1746 1148 1914 1205; x_wconf 81' lang='grc' dir='ltr'>προσ-</span> 
     </span>
    </p>
   </div>
   <div class='ocr_carea' id='block_1_17' title="bbox 262 1218 1915 1296">
    <p class='ocr_par' dir='ltr' id='par_1_17' title="bbox 262 1218 1915 1296">
     <span class='ocr_line' id='line_1_17' title="bbox 262 1218 1915 1296; baseline -0.001 -22"><span class='ocrx_word' id='word_1_121' title='bbox 262 1220 481 1291; x_wconf 82' lang='grc' dir='ltr'>κύνησιν</span> <span class='ocrx_word' id='word_1_122' title='bbox 525 1221 625 1290; x_wconf 82' lang='grc' dir='ltr'>τὴν</span> <span class='ocrx_word' id='word_1_123' title='bbox 681 1220 1091 1296; x_wconf 79' lang='grc' dir='ltr'>ἐνυπάρχουσαν</span> <span class='ocrx_word' id='word_1_124' title='bbox 1144 1218 1309 1293; x_wconf 76' lang='grc' dir='ltr'>αὐτῷ,</span> <span class='ocrx_word' id='word_1_125' title='bbox 1343 1218 1401 1276; x_wconf 60' lang='grc' dir='ltr'>ἔκ</span> <span class='ocrx_word' id='word_1_126' title='bbox 1428 1241 1486 1275; x_wconf 89' lang='grc' dir='ltr'><strong>τε</strong></span> <span class='ocrx_word' id='word_1_127' title='bbox 1533 1226 1632 1289; x_wconf 80' lang='grc' dir='ltr'><strong>τῆς</strong></span> <span class='ocrx_word' id='word_1_128' title='bbox 1666 1238 1915 1292; x_wconf 87' lang='grc' dir='ltr'>σωματι-</span> 
     </span>
    </p>
   </div>
   <div class='ocr_carea' id='block_1_18' title="bbox 259 1307 1913 1386">
    <p class='ocr_par' dir='ltr' id='par_1_18' title="bbox 259 1307 1913 1386">
     <span class='ocr_line' id='line_1_18' title="bbox 259 1307 1913 1386; baseline -0.002 -21"><span class='ocrx_word' id='word_1_129' title='bbox 259 1317 363 1380; x_wconf 84' lang='grc' dir='ltr'>κῆς</span> <span class='ocrx_word' id='word_1_130' title='bbox 412 1316 770 1381; x_wconf 82' lang='grc' dir='ltr'>κατασκευῆς,</span> <span class='ocrx_word' id='word_1_131' title='bbox 824 1310 914 1365; x_wconf 87' lang='grc' dir='ltr'><strong>καὶ</strong></span> <span class='ocrx_word' id='word_1_132' title='bbox 945 1309 1005 1365; x_wconf 78' lang='grc' dir='ltr'>ἐκ</span> <span class='ocrx_word' id='word_1_133' title='bbox 1031 1316 1131 1381; x_wconf 83' lang='grc' dir='ltr'>τῆς</span> <span class='ocrx_word' id='word_1_134' title='bbox 1178 1309 1303 1386; x_wconf 82' lang='grc' dir='ltr'>περὶ</span> <span class='ocrx_word' id='word_1_135' title='bbox 1351 1311 1538 1386; x_wconf 75' lang='grc' dir='ltr'>ψυχὴν</span> <span class='ocrx_word' id='word_1_136' title='bbox 1595 1307 1913 1380; x_wconf 77' lang='grc' dir='ltr'>οἰκονομίας</span> 
     </span>
    </p>
   </div>
   <div class='ocr_carea' id='block_1_19' title="bbox 260 1394 1913 1473">
    <p class='ocr_par' dir='ltr' id='par_1_19' title="bbox 260 1394 1913 1473">
     <span class='ocr_line' id='line_1_19' title="bbox 260 1394 1913 1473; baseline -0.002 -19"><span class='ocrx_word' id='word_1_137' title='bbox 260 1398 507 1462; x_wconf 75' lang='grc' dir='ltr'>συνέντας</span> <span class='ocrx_word' id='word_1_138' title='bbox 535 1403 633 1454; x_wconf 87' lang='grc' dir='ltr'><strong>τοῦ</strong></span> <span class='ocrx_word' id='word_1_139' title='bbox 682 1397 962 1461; x_wconf 79' lang='grc' dir='ltr'>κτίσαντος</span> <span class='ocrx_word' id='word_1_140' title='bbox 1013 1397 1194 1455; x_wconf 71' lang='grc' dir='ltr'>αὐτόν.</span> <span class='ocrx_word' id='word_1_141' title='bbox 1229 1395 1370 1469; x_wconf 85' lang='grc' dir='ltr'>’Ήδη</span> <span class='ocrx_word' id='word_1_142' title='bbox 1425 1394 1482 1452; x_wconf 75' lang='grc' dir='ltr'>δὲ</span> <span class='ocrx_word' id='word_1_143' title='bbox 1531 1400 1619 1452; x_wconf 79' lang='grc' dir='ltr'>καί</span> <span class='ocrx_word' id='word_1_144' title='bbox 1656 1397 1685 1450; x_wconf 87' lang='grc' dir='ltr'>ὁ</span> <span class='ocrx_word' id='word_1_145' title='bbox 1716 1395 1913 1473; x_wconf 77' lang='grc' dir='ltr'>Κύριος</span> 
     </span>
    </p>
   </div>
   <div class='ocr_carea' id='block_1_20' title="bbox 260 1485 1911 1562">
    <p class='ocr_par' dir='ltr' id='par_1_20' title="bbox 260 1485 1911 1562">
     <span class='ocr_line' id='line_1_20' title="bbox 260 1485 1911 1562; baseline -0.002 -18"><span class='ocrx_word' id='word_1_146' title='bbox 260 1487 438 1559; x_wconf 78' lang='grc' dir='ltr'>αὐλὴν</span> <span class='ocrx_word' id='word_1_147' title='bbox 499 1488 644 1544; x_wconf 74' lang='grc' dir='ltr'>εἶπεν</span> <span class='ocrx_word' id='word_1_148' title='bbox 682 1490 782 1559; x_wconf 75' lang='grc' dir='ltr'>τὴν</span> <span class='ocrx_word' id='word_1_149' title='bbox 840 1485 1139 1558; x_wconf 72' lang='grc' dir='ltr'>Ἰουδαίων,</span> <span class='ocrx_word' id='word_1_150' title='bbox 1189 1486 1379 1543; x_wconf 76' lang='grc' dir='ltr'>εἰπών·</span> <span class='ocrx_word' id='word_1_151' title='bbox 1428 1486 1526 1542; x_wconf 82' lang='grc' dir='ltr'><strong>Καὶ</strong></span> <span class='ocrx_word' id='word_1_152' title='bbox 1575 1485 1721 1542; x_wconf 74' lang='grc' dir='ltr'>ἃλλα</span> <span class='ocrx_word' id='word_1_153' title='bbox 1777 1485 1911 1562; x_wconf 86' lang='grc' dir='ltr'>πρό-</span> 
     </span>
    </p>
   </div>
   <div class='ocr_carea' id='block_1_21' title="bbox 260 1572 1913 1654">
    <p class='ocr_par' dir='ltr' id='par_1_21' title="bbox 260 1572 1913 1654">
     <span class='ocr_line' id='line_1_21' title="bbox 260 1572 1913 1654; baseline -0.002 -21"><span class='ocrx_word' id='word_1_154' title='bbox 260 1572 397 1633; x_wconf 75' lang='grc' dir='ltr'>ϐατα</span> <span class='ocrx_word' id='word_1_155' title='bbox 452 1576 569 1654; x_wconf 82' lang='grc' dir='ltr'><strong>ἔχω</strong></span> <span class='ocrx_word' id='word_1_156' title='bbox 627 1577 661 1633; x_wconf 84' lang='grc' dir='ltr'><em>ἆ</em></span> <span class='ocrx_word' id='word_1_157' title='bbox 717 1576 816 1634; x_wconf 84' lang='grc' dir='ltr'><strong>οὐκ</strong></span> <span class='ocrx_word' id='word_1_158' title='bbox 867 1574 1007 1634; x_wconf 69' lang='grc' dir='ltr'>ἔστιν</span> <span class='ocrx_word' id='word_1_159' title='bbox 1058 1577 1117 1633; x_wconf 71' lang='grc' dir='ltr'>ἐκ</span> <span class='ocrx_word' id='word_1_160' title='bbox 1167 1583 1269 1647; x_wconf 80' lang='grc' dir='ltr'><strong>τῆς</strong></span> <span class='ocrx_word' id='word_1_161' title='bbox 1325 1576 1500 1647; x_wconf 80' lang='grc' dir='ltr'>αὐλῆς</span> <span class='ocrx_word' id='word_1_162' title='bbox 1556 1574 1777 1646; x_wconf 70' lang='grc' dir='ltr'>ταύτης,</span> <span class='ocrx_word' id='word_1_163' title='bbox 1828 1574 1913 1630; x_wconf 81' lang='grc' dir='ltr'>έν-</span> 
     </span>
    </p>
   </div>
   <div class='ocr_carea' id='block_1_22' title="bbox 260 1659 1910 1740">
    <p class='ocr_par' dir='ltr' id='par_1_22' title="bbox 260 1659 1910 1740">
     <span class='ocr_line' id='line_1_22' title="bbox 260 1659 1910 1740; baseline -0.002 -17"><span class='ocrx_word' id='word_1_164' title='bbox 260 1664 610 1740; x_wconf 78' lang='grc' dir='ltr'>δεικνύμενος</span> <span class='ocrx_word' id='word_1_165' title='bbox 661 1664 923 1738; x_wconf 85' lang='grc' dir='ltr'>δηλονότι</span> <span class='ocrx_word' id='word_1_166' title='bbox 971 1666 1062 1723; x_wconf 80' lang='grc' dir='ltr'>καὶ</span> <span class='ocrx_word' id='word_1_167' title='bbox 1105 1663 1253 1737; x_wconf 78' lang='grc' dir='ltr'>ἄλλη</span> <span class='ocrx_word' id='word_1_168' title='bbox 1307 1667 1437 1721; x_wconf 78' lang='grc' dir='ltr'>εἶναι</span> <span class='ocrx_word' id='word_1_169' title='bbox 1470 1665 1644 1736; x_wconf 74' lang='grc' dir='ltr'>αὐλὴν</span> <span class='ocrx_word' id='word_1_170' title='bbox 1670 1667 1771 1736; x_wconf 79' lang='grc' dir='ltr'>τὴν</span> <span class='ocrx_word' id='word_1_171' title='bbox 1822 1659 1910 1720; x_wconf 78' lang='grc' dir='ltr'>ὅν-</span> 
     </span>
    </p>
   </div>
   <div class='ocr_carea' id='block_1_23' title="bbox 256 1748 1915 1833">
    <p class='ocr_par' dir='ltr' id='par_1_23' title="bbox 256 1748 1915 1833">
     <span class='ocr_line' id='line_1_23' title="bbox 256 1748 1915 1833; baseline -0.002 -21"><span class='ocrx_word' id='word_1_172' title='bbox 256 1777 365 1820; x_wconf 89' lang='grc' dir='ltr'>τως</span> <span class='ocrx_word' id='word_1_173' title='bbox 394 1758 571 1833; x_wconf 84' lang='grc' dir='ltr'>ἁγίαν,</span> <span class='ocrx_word' id='word_1_174' title='bbox 620 1759 719 1827; x_wconf 81' lang='grc' dir='ltr'><strong>τήν</strong></span> <span class='ocrx_word' id='word_1_175' title='bbox 771 1754 1078 1833; x_wconf 79' lang='grc' dir='ltr'>μέλλουσαν</span> <span class='ocrx_word' id='word_1_176' title='bbox 1126 1754 1367 1832; x_wconf 76' lang='grc' dir='ltr'>συνάγειν</span> <span class='ocrx_word' id='word_1_177' title='bbox 1411 1756 1480 1811; x_wconf 75' lang='grc' dir='ltr'><strong>τὰ</strong></span> <span class='ocrx_word' id='word_1_178' title='bbox 1509 1758 1744 1832; x_wconf 78' lang='grc' dir='ltr'>Χριστοῦ</span> <span class='ocrx_word' id='word_1_179' title='bbox 1773 1748 1915 1830; x_wconf 82' lang='grc' dir='ltr'>πρό-</span> 
     </span>
    </p>
   </div>
   <div class='ocr_carea' id='block_1_24' title="bbox 2024 1128 3690 1204">
    <p class='ocr_par' dir='ltr' id='par_1_24' title="bbox 2024 1128 3690 1204">
     <span class='ocr_line' id='line_1_24' title="bbox 2024 1128 3690 1204; baseline 0.001 -18"><span class='ocrx_word' id='word_1_180' title='bbox 2024 1130 2223 1202; x_wconf 90' lang='lat' dir='ltr'><strong>ipsum</strong></span> <span class='ocrx_word' id='word_1_181' title='bbox 2273 1128 2615 1201; x_wconf 69' lang='lat' dir='ltr'><strong>praecingat,</strong></span> <span class='ocrx_word' id='word_1_182' title='bbox 2653 1129 2834 1184; x_wconf 89' lang='lat' dir='ltr'><strong>Deum</strong></span> <span class='ocrx_word' id='word_1_183' title='bbox 2891 1128 3148 1184; x_wconf 88' lang='lat' dir='ltr'><strong>adorans</strong></span> <span class='ocrx_word' id='word_1_184' title='bbox 3203 1130 3264 1186; x_wconf 90' lang='lat' dir='ltr'><strong>in</strong></span> <span class='ocrx_word' id='word_1_185' title='bbox 3324 1131 3690 1204; x_wconf 85' lang='lat' dir='ltr'><strong>semetipso:</strong></span> 
     </span>
    </p>
   </div>
   <div class='ocr_carea' id='block_1_25' title="bbox 2026 1217 3693 1292">
    <p class='ocr_par' dir='ltr' id='par_1_25' title="bbox 2026 1217 3693 1292">
     <span class='ocr_line' id='line_1_25' title="bbox 2026 1217 3693 1292; baseline 0.001 -18"><span class='ocrx_word' id='word_1_186' title='bbox 2026 1219 2245 1292; x_wconf 88' lang='lat' dir='ltr'><strong>quippe</strong></span> <span class='ocrx_word' id='word_1_187' title='bbox 2277 1217 2673 1274; x_wconf 84' lang='lat' dir='ltr'><strong>sufﬁcientem</strong></span> <span class='ocrx_word' id='word_1_188' title='bbox 2714 1217 2786 1272; x_wconf 86' lang='lat' dir='ltr'><strong>ad</strong></span> <span class='ocrx_word' id='word_1_189' title='bbox 2828 1217 3197 1273; x_wconf 88' lang='lat' dir='ltr'><strong>adorandum</strong></span> <span class='ocrx_word' id='word_1_190' title='bbox 3230 1220 3599 1276; x_wconf 84' lang='lat' dir='ltr'><strong>occasionem</strong></span> <span class='ocrx_word' id='word_1_191' title='bbox 3630 1220 3693 1277; x_wconf 91' lang='lat' dir='ltr'><strong>in</strong></span> 
     </span>
    </p>
   </div>
   <div class='ocr_carea' id='block_1_26' title="bbox 2022 1306 3692 1380">
    <p class='ocr_par' dir='ltr' id='par_1_26' title="bbox 2022 1306 3692 1380">
     <span class='ocr_line' id='line_1_26' title="bbox 2022 1306 3692 1380; baseline 0.002 -17"><span class='ocrx_word' id='word_1_192' title='bbox 2022 1309 2152 1380; x_wconf 88' lang='lat' dir='ltr'><strong>ipso</strong></span> <span class='ocrx_word' id='word_1_193' title='bbox 2184 1306 2587 1376; x_wconf 87' lang='lat' dir='ltr'><strong>exsistentem,</strong></span> <span class='ocrx_word' id='word_1_194' title='bbox 2620 1309 2748 1362; x_wconf 90' lang='lat' dir='ltr'><strong>tum</strong></span> <span class='ocrx_word' id='word_1_195' title='bbox 2800 1322 2870 1362; x_wconf 80' lang='lat' dir='ltr'><strong>ex</strong></span> <span class='ocrx_word' id='word_1_196' title='bbox 2918 1306 3180 1380; x_wconf 91' lang='lat' dir='ltr'><strong>corporis</strong></span> <span class='ocrx_word' id='word_1_197' title='bbox 3211 1311 3530 1377; x_wconf 88' lang='lat' dir='ltr'><strong>structura,</strong></span> <span class='ocrx_word' id='word_1_198' title='bbox 3562 1313 3692 1366; x_wconf 92' lang='lat' dir='ltr'><strong>tum</strong></span> 
     </span>
    </p>
   </div>
   <div class='ocr_carea' id='block_1_27' title="bbox 2023 1395 3693 1470">
    <p class='ocr_par' dir='ltr' id='par_1_27' title="bbox 2023 1395 3693 1470">
     <span class='ocr_line' id='line_1_27' title="bbox 2023 1395 3693 1470; baseline 0.002 -18"><span class='ocrx_word' id='word_1_199' title='bbox 2023 1414 2091 1453; x_wconf 86' lang='lat' dir='ltr'><strong>ex</strong></span> <span class='ocrx_word' id='word_1_200' title='bbox 2122 1396 2331 1453; x_wconf 71' lang='lat' dir='ltr'><strong>animm</strong></span> <span class='ocrx_word' id='word_1_201' title='bbox 2380 1395 2803 1452; x_wconf 88' lang='lat' dir='ltr'><strong>constitutione</strong></span> <span class='ocrx_word' id='word_1_202' title='bbox 2833 1396 3104 1452; x_wconf 89' lang='lat' dir='ltr'><strong>conditor</strong></span> <span class='ocrx_word' id='word_1_203' title='bbox 3150 1396 3339 1469; x_wconf 85' lang='lat' dir='ltr'><strong>ipsius</strong></span> <span class='ocrx_word' id='word_1_204' title='bbox 3370 1398 3693 1470; x_wconf 81' lang='lat' dir='ltr'><strong>cognoscit.</strong></span> 
     </span>
    </p>
   </div>
   <div class='ocr_carea' id='block_1_28' title="bbox 2023 1484 3688 1559">
    <p class='ocr_par' dir='ltr' id='par_1_28' title="bbox 2023 1484 3688 1559">
     <span class='ocr_line' id='line_1_28' title="bbox 2023 1484 3688 1559; baseline 0.001 -15"><span class='ocrx_word' id='word_1_205' title='bbox 2023 1487 2153 1544; x_wconf 87' lang='lat' dir='ltr'><strong>Jam</strong></span> <span class='ocrx_word' id='word_1_206' title='bbox 2189 1503 2321 1542; x_wconf 90' lang='lat' dir='ltr'><strong>vero</strong></span> <span class='ocrx_word' id='word_1_207' title='bbox 2351 1486 2532 1542; x_wconf 87' lang='lat' dir='ltr'><strong>etiam</strong></span> <span class='ocrx_word' id='word_1_208' title='bbox 2584 1485 2870 1541; x_wconf 87' lang='lat' dir='ltr'><strong>Dominus</strong></span> <span class='ocrx_word' id='word_1_209' title='bbox 2899 1484 3096 1542; x_wconf 88' lang='lat' dir='ltr'><strong>aulam</strong></span> <span class='ocrx_word' id='word_1_210' title='bbox 3129 1486 3278 1542; x_wconf 84' lang='lat' dir='ltr'><strong>dixit</strong></span> <span class='ocrx_word' id='word_1_211' title='bbox 3323 1486 3688 1559; x_wconf 72' lang='lat' dir='ltr'><strong>Judaaorum,</strong></span> 
     </span>
    </p>
   </div>
   <div class='ocr_carea' id='block_1_29' title="bbox 2025 1574 3693 1648">
    <p class='ocr_par' dir='ltr' id='par_1_29' title="bbox 2025 1574 3693 1648">
     <span class='ocr_line' id='line_1_29' title="bbox 2025 1574 3693 1648; baseline 0.001 -17"><span class='ocrx_word' id='word_1_212' title='bbox 2025 1575 2125 1632; x_wconf 90' lang='lat' dir='ltr'><strong>ubi</strong></span> <span class='ocrx_word' id='word_1_213' title='bbox 2158 1575 2239 1632; x_wconf 89' lang='lat' dir='ltr'><strong>ait</strong></span> <span class='ocrx_word' id='word_1_214' title='bbox 2269 1593 2283 1631; x_wconf 90' lang='lat'>:</span> <span class='ocrx_word' id='word_1_215' title='bbox 2314 1576 2382 1630; x_wconf 87' lang='lat' dir='ltr'><strong>Et</strong></span> <span class='ocrx_word' id='word_1_216' title='bbox 2411 1575 2557 1631; x_wconf 85' lang='lat' dir='ltr'><strong>alias</strong></span> <span class='ocrx_word' id='word_1_217' title='bbox 2605 1590 2727 1631; x_wconf 87' lang='lat' dir='ltr'><strong>oves</strong></span> <span class='ocrx_word' id='word_1_218' title='bbox 2775 1574 2945 1631; x_wconf 97' lang='lat' dir='ltr'><strong>habeo</strong></span> <span class='ocrx_word' id='word_1_219' title='bbox 2974 1591 3093 1648; x_wconf 71' lang='lat' dir='ltr'><strong>qua:</strong></span> <span class='ocrx_word' id='word_1_220' title='bbox 3129 1591 3241 1632; x_wconf 86' lang='lat' dir='ltr'><strong>non</strong></span> <span class='ocrx_word' id='word_1_221' title='bbox 3294 1582 3426 1633; x_wconf 88' lang='lat' dir='ltr'><strong>sunt</strong></span> <span class='ocrx_word' id='word_1_222' title='bbox 3472 1593 3546 1633; x_wconf 76' lang='lat' dir='ltr'><strong>ex</strong></span> <span class='ocrx_word' id='word_1_223' title='bbox 3593 1581 3693 1635; x_wconf 84' lang='lat' dir='ltr'><strong>hec</strong></span> 
     </span>
    </p>
   </div>
   <div class='ocr_carea' id='block_1_30' title="bbox 2021 1663 3691 1724">
    <p class='ocr_par' dir='ltr' id='par_1_30' title="bbox 2021 1663 3691 1724">
     <span class='ocr_line' id='line_1_30' title="bbox 2021 1663 3691 1724; baseline 0.001 -2"><span class='ocrx_word' id='word_1_224' title='bbox 2021 1666 2159 1722; x_wconf 90' lang='lat' dir='ltr'><strong>ovili</strong></span> <span class='ocrx_word' id='word_1_225' title='bbox 2178 1665 2242 1722; x_wconf 79' lang='grc'><strong>⁸⁸.</strong></span> <span class='ocrx_word' id='word_1_226' title='bbox 2275 1663 2548 1722; x_wconf 86' lang='lat' dir='ltr'><strong>Ostendit</strong></span> <span class='ocrx_word' id='word_1_227' title='bbox 2579 1667 2777 1720; x_wconf 89' lang='lat' dir='ltr'><strong>autem</strong></span> <span class='ocrx_word' id='word_1_228' title='bbox 2809 1668 2865 1720; x_wconf 87' lang='lat' dir='ltr'><strong>et</strong></span> <span class='ocrx_word' id='word_1_229' title='bbox 2900 1664 3078 1721; x_wconf 88' lang='lat' dir='ltr'><strong>aliam</strong></span> <span class='ocrx_word' id='word_1_230' title='bbox 3128 1664 3328 1722; x_wconf 87' lang='lat' dir='ltr'><strong>aulam</strong></span> <span class='ocrx_word' id='word_1_231' title='bbox 3381 1681 3512 1723; x_wconf 89' lang='lat' dir='ltr'><strong>esse</strong></span> <span class='ocrx_word' id='word_1_232' title='bbox 3556 1682 3691 1724; x_wconf 86' lang='lat' dir='ltr'><strong>vere</strong></span> 
     </span>
    </p>
   </div>
   <div class='ocr_carea' id='block_1_31' title="bbox 2023 1752 3691 1828">
    <p class='ocr_par' dir='ltr' id='par_1_31' title="bbox 2023 1752 3691 1828">
     <span class='ocr_line' id='line_1_31' title="bbox 2023 1752 3691 1828; baseline 0.002 -18"><span class='ocrx_word' id='word_1_233' title='bbox 2023 1757 2289 1811; x_wconf 89' lang='lat' dir='ltr'><strong>sanctam</strong></span> <span class='ocrx_word' id='word_1_234' title='bbox 2349 1770 2477 1827; x_wconf 65' lang='lat' dir='ltr'><strong>quas</strong></span> <span class='ocrx_word' id='word_1_235' title='bbox 2537 1769 2672 1810; x_wconf 88' lang='lat' dir='ltr'><strong>oves</strong></span> <span class='ocrx_word' id='word_1_236' title='bbox 2721 1752 2939 1810; x_wconf 89' lang='lat' dir='ltr'><strong>Christi</strong></span> <span class='ocrx_word' id='word_1_237' title='bbox 2990 1758 3422 1827; x_wconf 78' lang='lat' dir='ltr'><strong>congregatum</strong></span> <span class='ocrx_word' id='word_1_238' title='bbox 3460 1755 3557 1828; x_wconf 89' lang='lat' dir='ltr'><strong>sit,</strong></span> <span class='ocrx_word' id='word_1_239' title='bbox 3589 1772 3691 1813; x_wconf 85' lang='lat' dir='ltr'><strong>eos</strong></span> 
     </span>
    </p>
   </div>
   <div class='ocr_carea' id='block_1_32' title="bbox 258 1841 1908 1955">
    <p class='ocr_par' dir='ltr' id='par_1_32' title="bbox 258 1841 1908 1955">
     <span class='ocr_line' id='line_1_32' title="bbox 258 1841 1908 1922; baseline -0.001 -22"><span class='ocrx_word' id='word_1_240' title='bbox 258 1841 412 1915; x_wconf 81' lang='grc' dir='ltr'>ϐάτα,</span> <span class='ocrx_word' id='word_1_241' title='bbox 458 1845 586 1911; x_wconf 81' lang='grc' dir='ltr'>τοὺς</span> <span class='ocrx_word' id='word_1_242' title='bbox 633 1846 740 1902; x_wconf 72' lang='grc' dir='ltr'><strong>ἀπὸ</strong></span> <span class='ocrx_word' id='word_1_243' title='bbox 783 1849 892 1901; x_wconf 91' lang='grc' dir='ltr'><strong>τῶν</strong></span> <span class='ocrx_word' id='word_1_244' title='bbox 947 1845 1109 1901; x_wconf 78' lang='grc' dir='ltr'>ἐθνῶν</span> <span class='ocrx_word' id='word_1_245' title='bbox 1143 1843 1594 1922; x_wconf 86' lang='grc' dir='ltr'>προωρισμένους</span> <span class='ocrx_word' id='word_1_246' title='bbox 1628 1843 1705 1908; x_wconf 83' lang='grc' dir='ltr'><strong>είς</strong></span> <span class='ocrx_word' id='word_1_247' title='bbox 1734 1864 1908 1914; x_wconf 87' lang='grc' dir='ltr'>σωτη-</span> 
     </span>
     <span class='ocr_line' id='line_1_33' title="bbox 301 1932 1836 1955; baseline 0 0"><span class='ocrx_word' id='word_1_248' title='bbox 301 1935 311 1955; x_wconf 75' lang='grc' dir='ltr'><strong><em>Ι</em></strong></span> <span class='ocrx_word' id='word_1_249' title='bbox 589 1936 599 1955; x_wconf 83' lang='grc' dir='ltr'><strong><em>Ι</em></strong></span> <span class='ocrx_word' id='word_1_250' title='bbox 804 1936 819 1955; x_wconf 81' lang='lat'><strong><em>\</em></strong></span> <span class='ocrx_word' id='word_1_251' title='bbox 906 1937 962 1955; x_wconf 64' lang='grc' dir='ltr'>ηπ</span> <span class='ocrx_word' id='word_1_252' title='bbox 1038 1934 1059 1955; x_wconf 60' lang='grc' dir='ltr'>Ἰ</span> <span class='ocrx_word' id='word_1_253' title='bbox 1157 1935 1169 1955; x_wconf 82' lang='grc' dir='ltr'><strong><em>Ι</em></strong></span> <span class='ocrx_word' id='word_1_254' title='bbox 1366 1934 1380 1955; x_wconf 86' lang='grc' dir='ltr'><strong><em>Ι</em></strong></span> <span class='ocrx_word' id='word_1_255' title='bbox 1541 1934 1556 1955; x_wconf 72' lang='grc' dir='ltr'><strong><em>Ἰ</em></strong></span> <span class='ocrx_word' id='word_1_256' title='bbox 1624 1935 1657 1955; x_wconf 66' lang='grc' dir='ltr'><strong>τ’</strong></span> <span class='ocrx_word' id='word_1_257' title='bbox 1719 1935 1749 1955; x_wconf 80' lang='grc' dir='ltr'><strong>ι-</strong></span> <span class='ocrx_word' id='word_1_258' title='bbox 1789 1932 1836 1955; x_wconf 26' lang='grc' dir='ltr'><strong>’.Ἰ</strong></span> 
     </span>
    </p>
   </div>
   <div class='ocr_carea' id='block_1_33' title="bbox 2022 1841 3691 1955">
    <p class='ocr_par' dir='ltr' id='par_1_33' title="bbox 2022 1842 3691 1917">
     <span class='ocr_line' id='line_1_34' title="bbox 2022 1842 3691 1917; baseline 0.002 -19"><span class='ocrx_word' id='word_1_259' title='bbox 2022 1843 2289 1900; x_wconf 87' lang='lat' dir='ltr'><strong>videlicet</strong></span> <span class='ocrx_word' id='word_1_260' title='bbox 2341 1843 2441 1916; x_wconf 89' lang='lat' dir='ltr'><strong>qui</strong></span> <span class='ocrx_word' id='word_1_261' title='bbox 2475 1860 2543 1899; x_wconf 82' lang='lat' dir='ltr'><strong>ex</strong></span> <span class='ocrx_word' id='word_1_262' title='bbox 2572 1842 2850 1916; x_wconf 81' lang='lat' dir='ltr'><strong>gentibus</strong></span> <span class='ocrx_word' id='word_1_263' title='bbox 2882 1843 2955 1899; x_wconf 87' lang='lat' dir='ltr'><strong>ad</strong></span> <span class='ocrx_word' id='word_1_264' title='bbox 2986 1843 3240 1901; x_wconf 78' lang='lat' dir='ltr'><strong>salutem</strong></span> <span class='ocrx_word' id='word_1_265' title='bbox 3286 1846 3691 1917; x_wconf 64' lang='lat' dir='ltr'><strong>praedestinati</strong></span> 
     </span>
    </p>
   </div>
   <div class='ocr_carea' id='block_1_34' title="bbox 259 1932 1916 2013">
    <p class='ocr_par' dir='ltr' id='par_1_34' title="bbox 259 1932 1916 2013">
     <span class='ocr_line' id='line_1_35' title="bbox 259 1932 1916 2013; baseline -0.001 -22"><span class='ocrx_word' id='word_1_266' title='bbox 259 1935 399 2013; x_wconf 76' lang='grc' dir='ltr'>ρίανο</span> <span class='ocrx_word' id='word_1_267' title='bbox 448 1936 714 2008; x_wconf 73' lang='grc' dir='ltr'>τουτέστι,</span> <span class='ocrx_word' id='word_1_268' title='bbox 757 1936 859 2005; x_wconf 83' lang='grc' dir='ltr'>τὴν</span> <span class='ocrx_word' id='word_1_269' title='bbox 906 1934 1234 2005; x_wconf 80' lang='grc' dir='ltr'>Ἐκκλησίαν</span> <span class='ocrx_word' id='word_1_270' title='bbox 1284 1934 1511 2008; x_wconf 82' lang='grc' dir='ltr'>ταύτην,</span> <span class='ocrx_word' id='word_1_271' title='bbox 1538 1934 1591 1990; x_wconf 78' lang='grc' dir='ltr'><strong>έν</strong></span> <span class='ocrx_word' id='word_1_272' title='bbox 1687 1935 1749 1987; x_wconf 73' lang='grc' dir='ltr'><strong>οῖ’</strong></span> <span class='ocrx_word' id='word_1_273' title='bbox 1779 1932 1916 2005; x_wconf 81' lang='grc' dir='ltr'>άλη-</span> 
     </span>
    </p>
   </div>
   <div class='ocr_carea' id='block_1_35' title="bbox 260 2022 1911 2102">
    <p class='ocr_par' dir='ltr' id='par_1_35' title="bbox 260 2022 1911 2102">
     <span class='ocr_line' id='line_1_36' title="bbox 260 2022 1911 2102; baseline -0.003 -20"><span class='ocrx_word' id='word_1_274' title='bbox 260 2027 396 2091; x_wconf 82' lang='grc' dir='ltr'>θινοὶ</span> <span class='ocrx_word' id='word_1_275' title='bbox 465 2027 835 2097; x_wconf 78' lang='grc' dir='ltr'>προσκυνηταὶ</span> <span class='ocrx_word' id='word_1_276' title='bbox 907 2029 1298 2102; x_wconf 80' lang='grc' dir='ltr'>προσκυνοῦσιν</span> <span class='ocrx_word' id='word_1_277' title='bbox 1371 2028 1443 2099; x_wconf 80' lang='grc'><strong>(7)</strong></span> <span class='ocrx_word' id='word_1_278' title='bbox 1519 2024 1571 2081; x_wconf 70' lang='grc' dir='ltr'>ἰν</span> <span class='ocrx_word' id='word_1_279' title='bbox 1645 2022 1911 2097; x_wconf 82' lang='grc' dir='ltr'>πνεύματι</span> 
     </span>
    </p>
   </div>
   <div class='ocr_carea' id='block_1_36' title="bbox 258 2111 1909 2189">
    <p class='ocr_par' dir='ltr' id='par_1_36' title="bbox 258 2111 1909 2189">
     <span class='ocr_line' id='line_1_37' title="bbox 258 2111 1909 2189; baseline -0.002 -18"><span class='ocrx_word' id='word_1_280' title='bbox 258 2114 348 2171; x_wconf 79' lang='grc' dir='ltr'>καῖ</span> <span class='ocrx_word' id='word_1_281' title='bbox 374 2114 624 2189; x_wconf 79' lang='grc' dir='ltr'>ἀληθείᾳ.</span> <span class='ocrx_word' id='word_1_282' title='bbox 681 2113 874 2179; x_wconf 75' lang='grc' dir='ltr'>Οὐδεὶς</span> <span class='ocrx_word' id='word_1_283' title='bbox 932 2113 990 2171; x_wconf 77' lang='grc' dir='ltr'>δὲ</span> <span class='ocrx_word' id='word_1_284' title='bbox 1047 2119 1317 2181; x_wconf 87' lang='grc' dir='ltr'>θεοποιῶν</span> <span class='ocrx_word' id='word_1_285' title='bbox 1343 2135 1395 2170; x_wconf 89' lang='grc' dir='ltr'><strong>τι</strong></span> <span class='ocrx_word' id='word_1_286' title='bbox 1455 2111 1597 2171; x_wconf 82' lang='grc' dir='ltr'>ἄλλο</span> <span class='ocrx_word' id='word_1_287' title='bbox 1624 2114 1770 2188; x_wconf 75' lang='grc' dir='ltr'>παρὰ</span> <span class='ocrx_word' id='word_1_288' title='bbox 1815 2113 1909 2169; x_wconf 87' lang='grc' dir='ltr'>τὸν</span> 
     </span>
    </p>
   </div>
   <div class='ocr_carea' id='block_1_37' title="bbox 258 2202 1909 2281">
    <p class='ocr_par' dir='ltr' id='par_1_37' title="bbox 258 2202 1909 2281">
     <span class='ocr_line' id='line_1_38' title="bbox 258 2202 1909 2281; baseline -0.002 -21"><span class='ocrx_word' id='word_1_289' title='bbox 258 2207 386 2260; x_wconf 87' lang='grc' dir='ltr'><strong>Θεὸν</strong></span> <span class='ocrx_word' id='word_1_290' title='bbox 423 2202 645 2261; x_wconf 76' lang='grc' dir='ltr'>δύναται</span> <span class='ocrx_word' id='word_1_291' title='bbox 687 2212 1060 2281; x_wconf 85' lang='grc' dir='ltr'>προσκυνῆςαι</span> <span class='ocrx_word' id='word_1_292' title='bbox 1107 2209 1188 2278; x_wconf 80' lang='grc' dir='ltr'>τῷ</span> <span class='ocrx_word' id='word_1_293' title='bbox 1235 2209 1352 2277; x_wconf 84' lang='grc' dir='ltr'>Θεῷ</span> <span class='ocrx_word' id='word_1_294' title='bbox 1384 2203 1435 2259; x_wconf 81' lang='grc' dir='ltr'>ἐν</span> <span class='ocrx_word' id='word_1_295' title='bbox 1485 2203 1629 2279; x_wconf 75' lang='grc' dir='ltr'>αὐλῇ</span> <span class='ocrx_word' id='word_1_296' title='bbox 1660 2203 1784 2281; x_wconf 75' lang='grc' dir='ltr'>ἁγίᾳ</span> <span class='ocrx_word' id='word_1_297' title='bbox 1815 2202 1909 2258; x_wconf 82' lang='grc' dir='ltr'><strong>αὖ·</strong></span> 
     </span>
    </p>
   </div>
   <div class='ocr_carea' id='block_1_38' title="bbox 253 2293 1909 2369">
    <p class='ocr_par' dir='ltr' id='par_1_38' title="bbox 253 2293 1909 2369">
     <span class='ocr_line' id='line_1_39' title="bbox 253 2293 1909 2369; baseline -0.001 -19"><span class='ocrx_word' id='word_1_298' title='bbox 253 2299 376 2353; x_wconf 85' lang='grc' dir='ltr'>τοῦ.</span> <span class='ocrx_word' id='word_1_299' title='bbox 427 2299 753 2351; x_wconf 89' lang='grc' dir='ltr'>Θεοποιοῦσι</span> <span class='ocrx_word' id='word_1_300' title='bbox 807 2293 886 2366; x_wconf 75' lang='grc' dir='ltr'>δὲ,</span> <span class='ocrx_word' id='word_1_301' title='bbox 946 2295 999 2350; x_wconf 82' lang='grc' dir='ltr'>οἱ</span> <span class='ocrx_word' id='word_1_302' title='bbox 1051 2295 1167 2369; x_wconf 77' lang='grc' dir='ltr'>μὲν,</span> <span class='ocrx_word' id='word_1_303' title='bbox 1215 2293 1450 2351; x_wconf 88' lang='grc' dir='ltr'>κοιλίαν·</span> <span class='ocrx_word' id='word_1_304' title='bbox 1499 2295 1571 2349; x_wconf 84' lang='grc' dir='ltr'>ὧν</span> <span class='ocrx_word' id='word_1_305' title='bbox 1619 2295 1647 2349; x_wconf 86' lang='grc' dir='ltr'>ὁ</span> <span class='ocrx_word' id='word_1_306' title='bbox 1694 2293 1823 2356; x_wconf 85' lang='grc' dir='ltr'>Θεὸς</span> <span class='ocrx_word' id='word_1_307' title='bbox 1873 2294 1909 2363; x_wconf 82' lang='grc' dir='ltr'>ἡ</span> 
     </span>
    </p>
   </div>
   <div class='ocr_carea' id='block_1_39' title="bbox 254 2378 1910 2460">
    <p class='ocr_par' dir='ltr' id='par_1_39' title="bbox 254 2378 1910 2460">
     <span class='ocr_line' id='line_1_40' title="bbox 254 2378 1910 2460; baseline -0.001 -21"><span class='ocrx_word' id='word_1_308' title='bbox 254 2383 460 2441; x_wconf 86' lang='grc' dir='ltr'>κοιλία·</span> <span class='ocrx_word' id='word_1_309' title='bbox 496 2385 548 2440; x_wconf 80' lang='grc' dir='ltr'>οῖ</span> <span class='ocrx_word' id='word_1_310' title='bbox 581 2381 660 2453; x_wconf 69' lang='grc' dir='ltr'>δὲ,</span> <span class='ocrx_word' id='word_1_311' title='bbox 705 2383 983 2460; x_wconf 75' lang='grc' dir='ltr'>ἀργύριον·</span> <span class='ocrx_word' id='word_1_312' title='bbox 1032 2384 1084 2439; x_wconf 78' lang='grc' dir='ltr'>οἱ</span> <span class='ocrx_word' id='word_1_313' title='bbox 1130 2386 1200 2458; x_wconf 88' lang='grc' dir='ltr'><strong>τῇ</strong></span> <span class='ocrx_word' id='word_1_314' title='bbox 1249 2382 1550 2455; x_wconf 77' lang='grc' dir='ltr'>πλεονεξίᾳ,</span> <span class='ocrx_word' id='word_1_315' title='bbox 1601 2378 1726 2454; x_wconf 67' lang='grc' dir='ltr'>ἥτις</span> <span class='ocrx_word' id='word_1_316' title='bbox 1769 2381 1910 2437; x_wconf 72' lang='grc' dir='ltr'>ἐστὶν</span> 
     </span>
    </p>
   </div>
   <div class='ocr_carea' id='block_1_40' title="bbox 254 2469 1910 2551">
    <p class='ocr_par' dir='ltr' id='par_1_40' title="bbox 254 2469 1910 2551">
     <span class='ocr_line' id='line_1_41' title="bbox 254 2469 1910 2551; baseline -0.004 -21"><span class='ocrx_word' id='word_1_317' title='bbox 254 2471 701 2548; x_wconf 79' lang='grc' dir='ltr'>είδωλολατρεία,</span> <span class='ocrx_word' id='word_1_318' title='bbox 733 2472 1143 2551; x_wconf 79' lang='grc' dir='ltr'>προσκείμενοι,</span> <span class='ocrx_word' id='word_1_319' title='bbox 1173 2473 1262 2527; x_wconf 89' lang='grc' dir='ltr'><strong>καὶ</strong></span> <span class='ocrx_word' id='word_1_320' title='bbox 1291 2469 1516 2536; x_wconf 73' lang='grc' dir='ltr'>ἕκαστός</span> <span class='ocrx_word' id='word_1_321' title='bbox 1542 2492 1606 2548; x_wconf 81' lang='grc' dir='ltr'><strong>γε</strong></span> <span class='ocrx_word' id='word_1_322' title='bbox 1635 2472 1664 2527; x_wconf 81' lang='grc' dir='ltr'><strong>ὸ</strong></span> <span class='ocrx_word' id='word_1_323' title='bbox 1694 2469 1910 2527; x_wconf 88' lang='grc' dir='ltr'>πάντων</span> 
     </span>
    </p>
   </div>
   <div class='ocr_carea' id='block_1_41' title="bbox 261 2560 1910 2637">
    <p class='ocr_par' dir='ltr' id='par_1_41' title="bbox 261 2560 1910 2637">
     <span class='ocr_line' id='line_1_42' title="bbox 261 2560 1910 2637; baseline -0.003 -18"><span class='ocrx_word' id='word_1_324' title='bbox 261 2562 473 2637; x_wconf 75' lang='grc' dir='ltr'>μᾶλλον</span> <span class='ocrx_word' id='word_1_325' title='bbox 526 2563 808 2635; x_wconf 82' lang='grc' dir='ltr'>τετίμηκε,</span> <span class='ocrx_word' id='word_1_326' title='bbox 866 2561 1046 2635; x_wconf 80' lang='grc' dir='ltr'>τούτῳ</span> <span class='ocrx_word' id='word_1_327' title='bbox 1101 2563 1201 2631; x_wconf 76' lang='grc' dir='ltr'>τὴν</span> <span class='ocrx_word' id='word_1_328' title='bbox 1256 2566 1353 2617; x_wconf 86' lang='grc' dir='ltr'><strong>τοῦ</strong></span> <span class='ocrx_word' id='word_1_329' title='bbox 1403 2566 1537 2618; x_wconf 87' lang='grc' dir='ltr'>Θεοῦ</span> <span class='ocrx_word' id='word_1_330' title='bbox 1603 2560 1910 2636; x_wconf 79' lang='grc' dir='ltr'>περιτίθησι</span> 
     </span>
    </p>
   </div>
   <div class='ocr_carea' id='block_1_42' title="bbox 258 2647 1909 2727">
    <p class='ocr_par' dir='ltr' id='par_1_42' title="bbox 258 2647 1909 2727">
     <span class='ocr_line' id='line_1_43' title="bbox 258 2647 1909 2727; baseline -0.001 -21"><span class='ocrx_word' id='word_1_331' title='bbox 258 2649 436 2722; x_wconf 79' lang='grc' dir='ltr'>δόξαν.</span> <span class='ocrx_word' id='word_1_332' title='bbox 494 2652 556 2710; x_wconf 91' lang='grc' dir='ltr'>Ὁ</span> <span class='ocrx_word' id='word_1_333' title='bbox 606 2648 665 2707; x_wconf 76' lang='grc' dir='ltr'>δὲ</span> <span class='ocrx_word' id='word_1_334' title='bbox 700 2655 953 2714; x_wconf 89' lang='grc' dir='ltr'>τοιοῦτος</span> <span class='ocrx_word' id='word_1_335' title='bbox 1002 2650 1102 2706; x_wconf 82' lang='grc' dir='ltr'>οὐκ</span> <span class='ocrx_word' id='word_1_336' title='bbox 1148 2647 1288 2707; x_wconf 75' lang='grc' dir='ltr'>ἔστιν</span> <span class='ocrx_word' id='word_1_337' title='bbox 1344 2651 1396 2707; x_wconf 77' lang='grc' dir='ltr'><strong>έν</strong></span> <span class='ocrx_word' id='word_1_338' title='bbox 1452 2653 1521 2726; x_wconf 91' lang='grc' dir='ltr'><strong>τῇ</strong></span> <span class='ocrx_word' id='word_1_339' title='bbox 1568 2650 1698 2727; x_wconf 79' lang='grc' dir='ltr'>ἀγίᾳ</span> <span class='ocrx_word' id='word_1_340' title='bbox 1741 2648 1909 2722; x_wconf 80' lang='grc' dir='ltr'>αὐλῇ,</span> 
     </span>
    </p>
   </div>
   <div class='ocr_carea' id='block_1_43' title="bbox 264 2737 1913 2817">
    <p class='ocr_par' dir='ltr' id='par_1_43' title="bbox 264 2737 1913 2817">
     <span class='ocr_line' id='line_1_44' title="bbox 264 2737 1913 2817; baseline -0.002 -20"><span class='ocrx_word' id='word_1_341' title='bbox 264 2737 387 2797; x_wconf 74' lang='grc' dir='ltr'>οὔτε</span> <span class='ocrx_word' id='word_1_342' title='bbox 411 2745 807 2817; x_wconf 86' lang='grc' dir='ltr'>προσκυνιῖτῷ</span> <span class='ocrx_word' id='word_1_343' title='bbox 837 2746 974 2814; x_wconf 82' lang='grc' dir='ltr'>Θεῷ,</span> <span class='ocrx_word' id='word_1_344' title='bbox 1007 2738 1101 2797; x_wconf 73' lang='grc' dir='ltr'><strong>κᾶν</strong></span> <span class='ocrx_word' id='word_1_345' title='bbox 1134 2741 1444 2816; x_wconf 83' lang='grc' dir='ltr'>ἀχώριστος</span> <span class='ocrx_word' id='word_1_346' title='bbox 1486 2761 1594 2796; x_wconf 88' lang='grc' dir='ltr'><strong>των</strong></span> <span class='ocrx_word' id='word_1_347' title='bbox 1641 2740 1913 2811; x_wconf 77' lang='grc' dir='ltr'>αἰσθητῶν</span> 
     </span>
    </p>
   </div>
   <div class='ocr_carea' id='block_1_44' title="bbox 263 2827 873 2906">
    <p class='ocr_par' dir='ltr' id='par_1_44' title="bbox 263 2827 873 2906">
     <span class='ocr_line' id='line_1_45' title="bbox 263 2827 873 2906; baseline 0.007 -21"><span class='ocrx_word' id='word_1_348' title='bbox 263 2831 524 2903; x_wconf 77' lang='grc' dir='ltr'>συνάξεων</span> <span class='ocrx_word' id='word_1_349' title='bbox 554 2831 687 2886; x_wconf 78' lang='grc' dir='ltr'>εἶναι</span> <span class='ocrx_word' id='word_1_350' title='bbox 715 2827 873 2906; x_wconf 90' lang='grc' dir='ltr'>δοκῇ.</span> 
     </span>
    </p>
   </div>
   <div class='ocr_carea' id='block_1_45' title="bbox 329 2918 1909 2998">
    <p class='ocr_par' dir='ltr' id='par_1_45' title="bbox 329 2918 1909 2998">
     <span class='ocr_line' id='line_1_46' title="bbox 329 2918 1909 2998; baseline -0.001 -22"><span class='ocrx_word' id='word_1_351' title='bbox 329 2922 384 2977; x_wconf 85' lang='grc'>2.</span> <span class='ocrx_word' id='word_1_352' title='bbox 419 2922 588 2991; x_wconf 84' lang='grc' dir='ltr'>Φωνή</span> <span class='ocrx_word' id='word_1_353' title='bbox 647 2921 851 2998; x_wconf 89' lang='grc' dir='ltr'>Κυρίου</span> <span class='ocrx_word' id='word_1_354' title='bbox 908 2920 998 2977; x_wconf 75' lang='grc' dir='ltr'>ἐπὶ</span> <span class='ocrx_word' id='word_1_355' title='bbox 1053 2925 1162 2977; x_wconf 89' lang='grc' dir='ltr'><strong>τῶν</strong></span> <span class='ocrx_word' id='word_1_356' title='bbox 1224 2918 1432 2977; x_wconf 84' lang='grc' dir='ltr'>ὑδάτων</span> <span class='ocrx_word' id='word_1_357' title='bbox 1469 2965 1482 2978; x_wconf 97' lang='grc'><strong>.</strong></span> <span class='ocrx_word' id='word_1_358' title='bbox 1535 2920 1719 2991; x_wconf 77' lang='grc' dir='ltr'>Ἄξιον</span> <span class='ocrx_word' id='word_1_359' title='bbox 1779 2919 1909 2995; x_wconf 68' lang='grc' dir='ltr'>ὑπὲρ</span> 
     </span>
    </p>
   </div>
   <div class='ocr_carea' id='block_1_46' title="bbox 255 3009 1915 3088">
    <p class='ocr_par' dir='ltr' id='par_1_46' title="bbox 255 3009 1915 3088">
     <span class='ocr_line' id='line_1_47' title="bbox 255 3009 1915 3088; baseline -0.002 -23"><span class='ocrx_word' id='word_1_360' title='bbox 255 3013 352 3065; x_wconf 89' lang='grc' dir='ltr'><strong>τοῦ</strong></span> <span class='ocrx_word' id='word_1_361' title='bbox 380 3013 578 3075; x_wconf 82' lang='grc' dir='ltr'>νοῆσαι</span> <span class='ocrx_word' id='word_1_362' title='bbox 620 3009 675 3065; x_wconf 92' lang='grc' dir='ltr'><strong>τί</strong></span> <span class='ocrx_word' id='word_1_363' title='bbox 712 3009 855 3084; x_wconf 76' lang='grc' dir='ltr'>ἐστ,ν</span> <span class='ocrx_word' id='word_1_364' title='bbox 903 3013 939 3082; x_wconf 83' lang='grc' dir='ltr'><strong>ἡ</strong></span> <span class='ocrx_word' id='word_1_365' title='bbox 993 3013 1147 3088; x_wconf 76' lang='grc' dir='ltr'>φωνὴ</span> <span class='ocrx_word' id='word_1_366' title='bbox 1196 3015 1294 3066; x_wconf 90' lang='grc' dir='ltr'><strong>τοῦ</strong></span> <span class='ocrx_word' id='word_1_367' title='bbox 1343 3010 1564 3087; x_wconf 85' lang='grc' dir='ltr'>Κυρίου,</span> <span class='ocrx_word' id='word_1_368' title='bbox 1596 3014 1915 3087; x_wconf 81' lang='grc' dir='ltr'>συναγαγεῖν</span> 
     </span>
    </p>
   </div>
   <div class='ocr_carea' id='block_1_47' title="bbox 256 3097 1915 3177">
    <p class='ocr_par' dir='ltr' id='par_1_47' title="bbox 256 3097 1915 3177">
     <span class='ocr_line' id='line_1_48' title="bbox 256 3097 1915 3177; baseline -0.001 -23"><span class='ocrx_word' id='word_1_369' title='bbox 256 3101 404 3172; x_wconf 77' lang='grc' dir='ltr'>ἡμᾶς</span> <span class='ocrx_word' id='word_1_370' title='bbox 447 3100 585 3156; x_wconf 82' lang='grc' dir='ltr'>κατὰ</span> <span class='ocrx_word' id='word_1_371' title='bbox 628 3100 694 3156; x_wconf 89' lang='grc' dir='ltr'>τὸ</span> <span class='ocrx_word' id='word_1_372' title='bbox 739 3097 964 3156; x_wconf 87' lang='grc' dir='ltr'>δυνατὸν</span> <span class='ocrx_word' id='word_1_373' title='bbox 1009 3101 1067 3157; x_wconf 88' lang='grc' dir='ltr'><strong>έκ</strong></span> <span class='ocrx_word' id='word_1_374' title='bbox 1112 3108 1213 3171; x_wconf 74' lang='grc' dir='ltr'>τῆς</span> <span class='ocrx_word' id='word_1_375' title='bbox 1255 3100 1397 3166; x_wconf 83' lang='grc' dir='ltr'>θείας</span> <span class='ocrx_word' id='word_1_376' title='bbox 1445 3106 1665 3177; x_wconf 81' lang='grc' dir='ltr'>Γραφῆς</span> <span class='ocrx_word' id='word_1_377' title='bbox 1712 3099 1780 3154; x_wconf 77' lang='grc' dir='ltr'><strong>τὰ</strong></span> <span class='ocrx_word' id='word_1_378' title='bbox 1827 3119 1915 3175; x_wconf 85' lang='grc' dir='ltr'>γε-</span> 
     </span>
    </p>
   </div>
   <div class='ocr_carea' id='block_1_48' title="bbox 256 3186 1910 3267">
    <p class='ocr_par' dir='ltr' id='par_1_48' title="bbox 256 3186 1910 3267">
     <span class='ocr_line' id='line_1_49' title="bbox 256 3186 1910 3267; baseline 0 -25"><span class='ocrx_word' id='word_1_379' title='bbox 256 3187 548 3262; x_wconf 84' lang='grc' dir='ltr'>γραμμένα</span> <span class='ocrx_word' id='word_1_380' title='bbox 594 3189 718 3265; x_wconf 74' lang='grc' dir='ltr'>περὶ</span> <span class='ocrx_word' id='word_1_381' title='bbox 767 3192 991 3267; x_wconf 78' lang='grc' dir='ltr'>φωνῆς.</span> <span class='ocrx_word' id='word_1_382' title='bbox 1051 3189 1300 3262; x_wconf 75' lang='grc' dir='ltr'>Εὕραμεν</span> <span class='ocrx_word' id='word_1_383' title='bbox 1363 3191 1441 3263; x_wconf 87' lang='grc'><strong>(8)</strong></span> <span class='ocrx_word' id='word_1_384' title='bbox 1493 3188 1674 3243; x_wconf 86' lang='grc' dir='ltr'>τοίνυν</span> <span class='ocrx_word' id='word_1_385' title='bbox 1736 3186 1789 3243; x_wconf 78' lang='grc' dir='ltr'><strong>έν</strong></span> <span class='ocrx_word' id='word_1_386' title='bbox 1842 3189 1910 3261; x_wconf 86' lang='grc' dir='ltr'><strong>τῇ</strong></span> 
     </span>
    </p>
   </div>
   <div class='ocr_carea' id='block_1_49' title="bbox 2023 1930 3690 2006">
    <p class='ocr_par' dir='ltr' id='par_1_49' title="bbox 2023 1930 3690 2006">
     <span class='ocr_line' id='line_1_50' title="bbox 2023 1930 3690 2006; baseline 0.001 -16"><span class='ocrx_word' id='word_1_387' title='bbox 2023 1937 2161 1991; x_wconf 83' lang='lat' dir='ltr'><strong>sunt</strong></span> <span class='ocrx_word' id='word_1_388' title='bbox 2185 1950 2198 1988; x_wconf 91' lang='lat'><strong>:</strong></span> <span class='ocrx_word' id='word_1_389' title='bbox 2222 1933 2330 1989; x_wconf 86' lang='lat' dir='ltr'><strong>hoc</strong></span> <span class='ocrx_word' id='word_1_390' title='bbox 2361 1937 2470 2002; x_wconf 87' lang='lat' dir='ltr'><strong>est,</strong></span> <span class='ocrx_word' id='word_1_391' title='bbox 2502 1931 2825 1988; x_wconf 91' lang='lat' dir='ltr'><strong>Ecclesiam</strong></span> <span class='ocrx_word' id='word_1_392' title='bbox 2857 1930 3032 2002; x_wconf 87' lang='lat' dir='ltr'><strong>hanc,</strong></span> <span class='ocrx_word' id='word_1_393' title='bbox 3066 1933 3126 1989; x_wconf 91' lang='lat' dir='ltr'><strong>in</strong></span> <span class='ocrx_word' id='word_1_394' title='bbox 3150 1950 3269 2006; x_wconf 90' lang='lat' dir='ltr'><strong>qua</strong></span> <span class='ocrx_word' id='word_1_395' title='bbox 3289 1936 3415 1991; x_wconf 89' lang='lat' dir='ltr'><strong>veri</strong></span> <span class='ocrx_word' id='word_1_396' title='bbox 3434 1935 3690 1993; x_wconf 86' lang='lat' dir='ltr'><strong>cultores</strong></span> 
     </span>
    </p>
   </div>
   <div class='ocr_carea' id='block_1_50' title="bbox 2020 2021 3687 2095">
    <p class='ocr_par' dir='ltr' id='par_1_50' title="bbox 2020 2021 3687 2095">
     <span class='ocr_line' id='line_1_51' title="bbox 2020 2021 3687 2095; baseline 0.002 -16"><span class='ocrx_word' id='word_1_397' title='bbox 2020 2024 2080 2079; x_wconf 87' lang='lat' dir='ltr'><strong>in</strong></span> <span class='ocrx_word' id='word_1_398' title='bbox 2107 2022 2312 2095; x_wconf 79' lang='lat' dir='ltr'><strong>spiritu</strong></span> <span class='ocrx_word' id='word_1_399' title='bbox 2343 2026 2395 2078; x_wconf 88' lang='lat' dir='ltr'><strong>et</strong></span> <span class='ocrx_word' id='word_1_400' title='bbox 2424 2023 2657 2078; x_wconf 77' lang='lat' dir='ltr'><strong>veritate</strong></span> <span class='ocrx_word' id='word_1_401' title='bbox 2688 2021 2928 2078; x_wconf 85' lang='lat' dir='ltr'><strong>adorant</strong></span> <span class='ocrx_word' id='word_1_402' title='bbox 2948 2022 3013 2077; x_wconf 79' lang='grc'><strong>⁵⁷.</strong></span> <span class='ocrx_word' id='word_1_403' title='bbox 3045 2023 3229 2080; x_wconf 83' lang='lat' dir='ltr'><strong>Nemo</strong></span> <span class='ocrx_word' id='word_1_404' title='bbox 3275 2028 3471 2081; x_wconf 87' lang='lat' dir='ltr'><strong>autem</strong></span> <span class='ocrx_word' id='word_1_405' title='bbox 3500 2025 3687 2082; x_wconf 88' lang='lat' dir='ltr'><strong>Deum</strong></span> 
     </span>
    </p>
   </div>
   <div class='ocr_carea' id='block_1_51' title="bbox 2021 2111 3689 2186">
    <p class='ocr_par' dir='ltr' id='par_1_51' title="bbox 2021 2111 3689 2186">
     <span class='ocr_line' id='line_1_52' title="bbox 2021 2111 3689 2186; baseline 0.001 -18"><span class='ocrx_word' id='word_1_406' title='bbox 2021 2112 2081 2169; x_wconf 91' lang='lat' dir='ltr'><strong>in</strong></span> <span class='ocrx_word' id='word_1_407' title='bbox 2114 2111 2250 2167; x_wconf 89' lang='lat' dir='ltr'><strong>aula</strong></span> <span class='ocrx_word' id='word_1_408' title='bbox 2280 2115 2485 2167; x_wconf 87' lang='lat' dir='ltr'><strong>sancta</strong></span> <span class='ocrx_word' id='word_1_409' title='bbox 2516 2112 2645 2183; x_wconf 88' lang='lat' dir='ltr'><strong>ejus</strong></span> <span class='ocrx_word' id='word_1_410' title='bbox 2696 2111 2944 2167; x_wconf 86' lang='lat' dir='ltr'><strong>adorare</strong></span> <span class='ocrx_word' id='word_1_411' title='bbox 2974 2116 3188 2185; x_wconf 89' lang='lat' dir='ltr'><strong>potest,</strong></span> <span class='ocrx_word' id='word_1_412' title='bbox 3220 2114 3318 2184; x_wconf 88' lang='lat' dir='ltr'><strong>qui</strong></span> <span class='ocrx_word' id='word_1_413' title='bbox 3350 2112 3508 2169; x_wconf 90' lang='lat' dir='ltr'><strong>aliud</strong></span> <span class='ocrx_word' id='word_1_414' title='bbox 3542 2113 3689 2186; x_wconf 86' lang='lat' dir='ltr'><strong>quid</strong></span> 
     </span>
    </p>
   </div>
   <div class='ocr_carea' id='block_1_52' title="bbox 2022 2199 3690 2274">
    <p class='ocr_par' dir='ltr' id='par_1_52' title="bbox 2022 2199 3690 2274">
     <span class='ocr_line' id='line_1_53' title="bbox 2022 2199 3690 2274; baseline 0.002 -17"><span class='ocrx_word' id='word_1_415' title='bbox 2022 2206 2231 2274; x_wconf 68' lang='lat' dir='ltr'><strong>praeter</strong></span> <span class='ocrx_word' id='word_1_416' title='bbox 2275 2200 2484 2269; x_wconf 90' lang='lat' dir='ltr'><strong>Deum,</strong></span> <span class='ocrx_word' id='word_1_417' title='bbox 2515 2200 2702 2257; x_wconf 88' lang='lat' dir='ltr'><strong>Deum</strong></span> <span class='ocrx_word' id='word_1_418' title='bbox 2750 2199 2945 2256; x_wconf 81' lang='lat' dir='ltr'><strong>faciat.</strong></span> <span class='ocrx_word' id='word_1_419' title='bbox 2979 2205 3161 2257; x_wconf 91' lang='lat' dir='ltr'><strong>Deum</strong></span> <span class='ocrx_word' id='word_1_420' title='bbox 3213 2207 3408 2259; x_wconf 87' lang='lat' dir='ltr'><strong>autem</strong></span> <span class='ocrx_word' id='word_1_421' title='bbox 3460 2204 3690 2260; x_wconf 87' lang='lat' dir='ltr'><strong>faciunt</strong></span> 
     </span>
    </p>
   </div>
   <div class='ocr_carea' id='block_1_53' title="bbox 2023 2289 3685 2363">
    <p class='ocr_par' dir='ltr' id='par_1_53' title="bbox 2023 2289 3685 2363">
     <span class='ocr_line' id='line_1_54' title="bbox 2023 2289 3685 2363; baseline 0.001 -14"><span class='ocrx_word' id='word_1_422' title='bbox 2023 2290 2123 2349; x_wconf 88' lang='lat' dir='ltr'><strong>alii</strong></span> <span class='ocrx_word' id='word_1_423' title='bbox 2150 2294 2437 2359; x_wconf 86' lang='lat' dir='ltr'><strong>ventrem,</strong></span> <span class='ocrx_word' id='word_1_424' title='bbox 2462 2307 2715 2363; x_wconf 89' lang='lat' dir='ltr'><strong>quorum</strong></span> <span class='ocrx_word' id='word_1_425' title='bbox 2764 2289 2920 2347; x_wconf 85' lang='lat' dir='ltr'><strong>Deus</strong></span> <span class='ocrx_word' id='word_1_426' title='bbox 2951 2294 3152 2347; x_wconf 86' lang='lat' dir='ltr'><strong>venter</strong></span> <span class='ocrx_word' id='word_1_427' title='bbox 3198 2292 3350 2348; x_wconf 74' lang='lat' dir='ltr'><strong>est&quot;</strong></span> <span class='ocrx_word' id='word_1_428' title='bbox 3385 2309 3399 2348; x_wconf 91' lang='lat'><strong>:</strong></span> <span class='ocrx_word' id='word_1_429' title='bbox 3434 2292 3534 2350; x_wconf 88' lang='lat' dir='ltr'><strong>alii</strong></span> <span class='ocrx_word' id='word_1_430' title='bbox 3588 2309 3685 2350; x_wconf 84' lang='lat' dir='ltr'><strong>ar-</strong></span> 
     </span>
    </p>
   </div>
   <div class='ocr_carea' id='block_1_54' title="bbox 2022 2381 3687 2456">
    <p class='ocr_par' dir='ltr' id='par_1_54' title="bbox 2022 2381 3687 2456">
     <span class='ocr_line' id='line_1_55' title="bbox 2022 2381 3687 2456; baseline 0.001 -18"><span class='ocrx_word' id='word_1_431' title='bbox 2022 2386 2289 2456; x_wconf 86' lang='lat' dir='ltr'><strong>gentum,</strong></span> <span class='ocrx_word' id='word_1_432' title='bbox 2311 2381 2410 2455; x_wconf 91' lang='lat' dir='ltr'><strong>qui</strong></span> <span class='ocrx_word' id='word_1_433' title='bbox 2444 2381 2722 2453; x_wconf 69' lang='lat' dir='ltr'><strong>avaritiae,</strong></span> <span class='ocrx_word' id='word_1_434' title='bbox 2749 2398 2878 2455; x_wconf 68' lang='lat' dir='ltr'><strong>quae</strong></span> <span class='ocrx_word' id='word_1_435' title='bbox 2910 2381 3245 2439; x_wconf 83' lang='lat' dir='ltr'><strong>idololatria</strong></span> <span class='ocrx_word' id='word_1_436' title='bbox 3268 2387 3359 2440; x_wconf 91' lang='lat' dir='ltr'><strong>est</strong></span> <span class='ocrx_word' id='word_1_437' title='bbox 3375 2383 3442 2450; x_wconf 76' lang='grc' dir='ltr'><strong>⁸ο,</strong></span> <span class='ocrx_word' id='word_1_438' title='bbox 3466 2383 3687 2440; x_wconf 87' lang='lat' dir='ltr'><strong>addicti</strong></span> 
     </span>
    </p>
   </div>
   <div class='ocr_carea' id='block_1_55' title="bbox 2022 2470 3688 2545">
    <p class='ocr_par' dir='ltr' id='par_1_55' title="bbox 2022 2470 3688 2545">
     <span class='ocr_line' id='line_1_56' title="bbox 2022 2470 3688 2545; baseline 0 -16"><span class='ocrx_word' id='word_1_439' title='bbox 2022 2476 2184 2529; x_wconf 88' lang='lat' dir='ltr'><strong>sunt.</strong></span> <span class='ocrx_word' id='word_1_440' title='bbox 2214 2473 2401 2544; x_wconf 82' lang='lat' dir='ltr'><strong>Atque</strong></span> <span class='ocrx_word' id='word_1_441' title='bbox 2438 2472 2596 2545; x_wconf 91' lang='lat' dir='ltr'><strong>quod</strong></span> <span class='ocrx_word' id='word_1_442' title='bbox 2646 2470 2901 2544; x_wconf 87' lang='lat' dir='ltr'><strong>quisque</strong></span> <span class='ocrx_word' id='word_1_443' title='bbox 2958 2471 3145 2543; x_wconf 88' lang='lat' dir='ltr'><strong>pluris</strong></span> <span class='ocrx_word' id='word_1_444' title='bbox 3202 2472 3482 2531; x_wconf 88' lang='lat' dir='ltr'><strong>omnibus</strong></span> <span class='ocrx_word' id='word_1_445' title='bbox 3528 2473 3688 2530; x_wconf 70' lang='grc' dir='ltr'>ωειιί-</span> 
     </span>
    </p>
   </div>
   <div class='ocr_carea' id='block_1_56' title="bbox 2024 2558 3691 2633">
    <p class='ocr_par' dir='ltr' id='par_1_56' title="bbox 2024 2558 3691 2633">
     <span class='ocr_line' id='line_1_57' title="bbox 2024 2558 3691 2633; baseline 0.002 -16"><span class='ocrx_word' id='word_1_446' title='bbox 2024 2565 2168 2629; x_wconf 84' lang='lat' dir='ltr'><strong>mat,</strong></span> <span class='ocrx_word' id='word_1_447' title='bbox 2199 2561 2252 2617; x_wconf 89' lang='lat' dir='ltr'><strong>ei</strong></span> <span class='ocrx_word' id='word_1_448' title='bbox 2283 2560 2383 2617; x_wconf 87' lang='lat' dir='ltr'><strong>Dei</strong></span> <span class='ocrx_word' id='word_1_449' title='bbox 2431 2560 2643 2617; x_wconf 86' lang='lat' dir='ltr'><strong>tribuit</strong></span> <span class='ocrx_word' id='word_1_450' title='bbox 2692 2559 2959 2633; x_wconf 82' lang='lat' dir='ltr'><strong>gloriam.</strong></span> <span class='ocrx_word' id='word_1_451' title='bbox 2995 2558 3152 2618; x_wconf 82' lang='lat' dir='ltr'><strong>Talis</strong></span> <span class='ocrx_word' id='word_1_452' title='bbox 3183 2566 3381 2618; x_wconf 86' lang='lat' dir='ltr'><strong>autem</strong></span> <span class='ocrx_word' id='word_1_453' title='bbox 3430 2579 3547 2619; x_wconf 91' lang='lat' dir='ltr'><strong>non</strong></span> <span class='ocrx_word' id='word_1_454' title='bbox 3597 2565 3691 2621; x_wconf 87' lang='lat' dir='ltr'><strong>est</strong></span> 
     </span>
    </p>
   </div>
   <div class='ocr_carea' id='block_1_57' title="bbox 2022 2650 3688 2723">
    <p class='ocr_par' dir='ltr' id='par_1_57' title="bbox 2022 2650 3688 2723">
     <span class='ocr_line' id='line_1_58' title="bbox 2022 2650 3688 2723; baseline 0.002 -17"><span class='ocrx_word' id='word_1_455' title='bbox 2022 2650 2084 2707; x_wconf 93' lang='lat' dir='ltr'><strong>in</strong></span> <span class='ocrx_word' id='word_1_456' title='bbox 2115 2650 2252 2708; x_wconf 89' lang='lat' dir='ltr'><strong>aula</strong></span> <span class='ocrx_word' id='word_1_457' title='bbox 2281 2654 2509 2723; x_wconf 90' lang='lat' dir='ltr'><strong>sancta,</strong></span> <span class='ocrx_word' id='word_1_458' title='bbox 2539 2666 2728 2723; x_wconf 89' lang='lat' dir='ltr'><strong>neque</strong></span> <span class='ocrx_word' id='word_1_459' title='bbox 2760 2651 2968 2708; x_wconf 89' lang='lat' dir='ltr'><strong>adorat</strong></span> <span class='ocrx_word' id='word_1_460' title='bbox 2997 2654 3206 2722; x_wconf 89' lang='lat' dir='ltr'><strong>Deum,</strong></span> <span class='ocrx_word' id='word_1_461' title='bbox 3229 2651 3462 2709; x_wconf 89' lang='lat' dir='ltr'><strong>etiamsi</strong></span> <span class='ocrx_word' id='word_1_462' title='bbox 3494 2670 3529 2710; x_wconf 90' lang='lat' dir='ltr'><strong>a</strong></span> <span class='ocrx_word' id='word_1_463' title='bbox 3558 2669 3688 2710; x_wconf 88' lang='lat' dir='ltr'><strong>sen-</strong></span> 
     </span>
    </p>
   </div>
   <div class='ocr_carea' id='block_1_58' title="bbox 2023 2740 3690 2821">
    <p class='ocr_par' dir='ltr' id='par_1_58' title="bbox 2023 2740 3690 2821">
     <span class='ocr_line' id='line_1_59' title="bbox 2023 2740 3690 2821; baseline 0.003 -24"><span class='ocrx_word' id='word_1_464' title='bbox 2023 2740 2300 2798; x_wconf 88' lang='lat' dir='ltr'><strong>sibilibus</strong></span> <span class='ocrx_word' id='word_1_465' title='bbox 2348 2740 2734 2798; x_wconf 88' lang='lat' dir='ltr'><strong>conventibus</strong></span> <span class='ocrx_word' id='word_1_466' title='bbox 2777 2756 3155 2814; x_wconf 87' lang='lat' dir='ltr'><strong>nequaquam</strong></span> <span class='ocrx_word' id='word_1_467' title='bbox 3194 2746 3507 2821; x_wconf 86' lang='lat' dir='ltr'><strong>separatus</strong></span> <span class='ocrx_word' id='word_1_468' title='bbox 3555 2759 3690 2802; x_wconf 86' lang='lat' dir='ltr'><strong>esse</strong></span> 
     </span>
    </p>
   </div>
   <div class='ocr_carea' id='block_1_59' title="bbox 2022 2831 2312 2888">
    <p class='ocr_par' dir='ltr' id='par_1_59' title="bbox 2022 2831 2312 2888">
     <span class='ocr_line' id='line_1_60' title="bbox 2022 2831 2312 2888; baseline 0 -1"><span class='ocrx_word' id='word_1_469' title='bbox 2022 2831 2312 2888; x_wconf 84' lang='lat' dir='ltr'><strong>videatur.</strong></span> 
     </span>
    </p>
   </div>
   <div class='ocr_carea' id='block_1_60' title="bbox 2092 2919 3677 2996">
    <p class='ocr_par' dir='ltr' id='par_1_60' title="bbox 2092 2919 3677 2996">
     <span class='ocr_line' id='line_1_61' title="bbox 2092 2919 3677 2996; baseline 0.001 -18"><span class='ocrx_word' id='word_1_470' title='bbox 2092 2924 2145 2978; x_wconf 88' lang='lat'><strong>2.</strong></span> <span class='ocrx_word' id='word_1_471' title='bbox 2185 2920 2359 2978; x_wconf 78' lang='lat' dir='ltr'><strong>Vsas.</strong></span> <span class='ocrx_word' id='word_1_472' title='bbox 2391 2919 2446 2976; x_wconf 89' lang='lat'><strong>3.</strong></span> <span class='ocrx_word' id='word_1_473' title='bbox 2481 2919 2593 2978; x_wconf 76' lang='lat' dir='ltr'><strong>Vox</strong></span> <span class='ocrx_word' id='word_1_474' title='bbox 2631 2920 2857 2977; x_wconf 82' lang='lat' dir='ltr'><strong>Domini</strong></span> <span class='ocrx_word' id='word_1_475' title='bbox 2900 2936 3066 2994; x_wconf 89' lang='lat' dir='ltr'><strong>super</strong></span> <span class='ocrx_word' id='word_1_476' title='bbox 3109 2936 3305 2996; x_wconf 81' lang='lat' dir='ltr'><strong>aquas.</strong></span> <span class='ocrx_word' id='word_1_477' title='bbox 3334 2919 3408 2978; x_wconf 92' lang='lat' dir='ltr'><strong>Ut</strong></span> <span class='ocrx_word' id='word_1_478' title='bbox 3453 2921 3677 2980; x_wconf 87' lang='lat' dir='ltr'><strong>intelli-</strong></span> 
     </span>
    </p>
   </div>
   <div class='ocr_carea' id='block_1_61' title="bbox 2021 3009 3687 3087">
    <p class='ocr_par' dir='ltr' id='par_1_61' title="bbox 2021 3009 3687 3087">
     <span class='ocr_line' id='line_1_62' title="bbox 2021 3009 3687 3087; baseline 0.002 -19"><span class='ocrx_word' id='word_1_479' title='bbox 2021 3028 2233 3085; x_wconf 90' lang='lat' dir='ltr'><strong>gamus</strong></span> <span class='ocrx_word' id='word_1_480' title='bbox 2263 3010 2402 3083; x_wconf 90' lang='lat' dir='ltr'><strong>quid</strong></span> <span class='ocrx_word' id='word_1_481' title='bbox 2435 3009 2514 3067; x_wconf 92' lang='lat' dir='ltr'><strong>sit</strong></span> <span class='ocrx_word' id='word_1_482' title='bbox 2541 3027 2649 3066; x_wconf 83' lang='lat' dir='ltr'><strong>vox</strong></span> <span class='ocrx_word' id='word_1_483' title='bbox 2682 3009 2931 3079; x_wconf 90' lang='lat' dir='ltr'><strong>Domini,</strong></span> <span class='ocrx_word' id='word_1_484' title='bbox 2954 3027 3023 3068; x_wconf 86' lang='lat' dir='ltr'><strong>ea</strong></span> <span class='ocrx_word' id='word_1_485' title='bbox 3047 3028 3174 3083; x_wconf 71' lang='lat' dir='ltr'><strong>quae</strong></span> <span class='ocrx_word' id='word_1_486' title='bbox 3205 3012 3278 3067; x_wconf 87' lang='lat' dir='ltr'><strong>de</strong></span> <span class='ocrx_word' id='word_1_487' title='bbox 3301 3027 3439 3069; x_wconf 90' lang='lat' dir='ltr'><strong>voce</strong></span> <span class='ocrx_word' id='word_1_488' title='bbox 3462 3013 3687 3087; x_wconf 85' lang='lat' dir='ltr'><strong>scripta</strong></span> 
     </span>
    </p>
   </div>
   <div class='ocr_carea' id='block_1_62' title="bbox 2022 3099 3681 3175">
    <p class='ocr_par' dir='ltr' id='par_1_62' title="bbox 2022 3099 3681 3175">
     <span class='ocr_line' id='line_1_63' title="bbox 2022 3099 3681 3175; baseline 0.002 -18"><span class='ocrx_word' id='word_1_489' title='bbox 2022 3104 2185 3169; x_wconf 89' lang='lat' dir='ltr'><strong>sunt,</strong></span> <span class='ocrx_word' id='word_1_490' title='bbox 2212 3117 2283 3156; x_wconf 85' lang='lat' dir='ltr'><strong>ex</strong></span> <span class='ocrx_word' id='word_1_491' title='bbox 2311 3100 2511 3156; x_wconf 88' lang='lat' dir='ltr'><strong>divina</strong></span> <span class='ocrx_word' id='word_1_492' title='bbox 2538 3099 2843 3172; x_wconf 87' lang='lat' dir='ltr'><strong>Scriptura</strong></span> <span class='ocrx_word' id='word_1_493' title='bbox 2867 3116 2973 3173; x_wconf 91' lang='lat' dir='ltr'><strong>pro</strong></span> <span class='ocrx_word' id='word_1_494' title='bbox 2993 3100 3217 3157; x_wconf 90' lang='lat' dir='ltr'><strong>viribus</strong></span> <span class='ocrx_word' id='word_1_495' title='bbox 3242 3101 3513 3175; x_wconf 84' lang='lat' dir='ltr'><strong>colligere</strong></span> <span class='ocrx_word' id='word_1_496' title='bbox 3543 3120 3681 3175; x_wconf 87' lang='lat' dir='ltr'><strong>ope-</strong></span> 
     </span>
    </p>
   </div>
   <div class='ocr_carea' id='block_1_63' title="bbox 2021 3188 3681 3262">
    <p class='ocr_par' dir='ltr' id='par_1_63' title="bbox 2021 3188 3681 3262">
     <span class='ocr_line' id='line_1_64' title="bbox 2021 3188 3681 3262; baseline 0.002 -16"><span class='ocrx_word' id='word_1_497' title='bbox 2021 3207 2098 3246; x_wconf 70' lang='lat' dir='ltr'><strong>rai</strong></span> <span class='ocrx_word' id='word_1_498' title='bbox 2130 3188 2381 3262; x_wconf 79' lang='lat' dir='ltr'><strong>pretium</strong></span> <span class='ocrx_word' id='word_1_499' title='bbox 2428 3193 2537 3245; x_wconf 87' lang='lat' dir='ltr'><strong>est.</strong></span> <span class='ocrx_word' id='word_1_500' title='bbox 2570 3188 2717 3244; x_wconf 92' lang='lat' dir='ltr'><strong>Illud</strong></span> <span class='ocrx_word' id='word_1_501' title='bbox 2771 3189 2950 3260; x_wconf 83' lang='lat' dir='ltr'><strong>igitur</strong></span> <span class='ocrx_word' id='word_1_502' title='bbox 2979 3189 3215 3247; x_wconf 89' lang='lat' dir='ltr'><strong>Domini</strong></span> <span class='ocrx_word' id='word_1_503' title='bbox 3263 3192 3334 3250; x_wconf 87' lang='lat' dir='ltr'><strong>ad</strong></span> <span class='ocrx_word' id='word_1_504' title='bbox 3382 3192 3681 3250; x_wconf 85' lang='lat' dir='ltr'><strong>Abraham</strong></span> 
     </span>
    </p>
   </div>
   <div class='ocr_carea' id='block_1_64' title="bbox 256 3263 1908 3353">
    <p class='ocr_par' dir='ltr' id='par_1_64' title="bbox 256 3263 1904 3353">
     <span class='ocr_line' id='line_1_65' title="bbox 256 3263 1904 3353; baseline 0.001 -26"><span class='ocrx_word' id='word_1_505' title='bbox 256 3274 465 3328; x_wconf 77' lang='grc' dir='ltr'>Γενέσει</span> <span class='ocrx_word' id='word_1_506' title='bbox 517 3263 894 3351; x_wconf 84' lang='grc' dir='ltr'>γεγραμμένον</span> <span class='ocrx_word' id='word_1_507' title='bbox 956 3274 1105 3353; x_wconf 76' lang='grc' dir='ltr'>ῥῆμα</span> <span class='ocrx_word' id='word_1_508' title='bbox 1161 3277 1358 3351; x_wconf 83' lang='grc' dir='ltr'>Κυρίου</span> <span class='ocrx_word' id='word_1_509' title='bbox 1415 3275 1554 3350; x_wconf 83' lang='grc' dir='ltr'>πρὸς</span> <span class='ocrx_word' id='word_1_510' title='bbox 1605 3269 1858 3350; x_wconf 70' lang='grc' dir='ltr'>Ἀϐραὰμ</span> <span class='ocrx_word' id='word_1_511' title='bbox 1890 3320 1904 3347; x_wconf 90' lang='grc'><strong>,</strong></span> 
     </span>
    </p>
   </div>
   <div class='ocr_carea' id='block_1_65' title="bbox 2022 3263 3680 3353">
    <p class='ocr_par' dir='ltr' id='par_1_65' title="bbox 2023 3276 3680 3351">
     <span class='ocr_line' id='line_1_66' title="bbox 2023 3276 3680 3351; baseline 0.004 -16"><span class='ocrx_word' id='word_1_512' title='bbox 2023 3278 2247 3335; x_wconf 88' lang='lat' dir='ltr'><strong>dictum</strong></span> <span class='ocrx_word' id='word_1_513' title='bbox 2280 3277 2340 3334; x_wconf 90' lang='lat' dir='ltr'><strong>in</strong></span> <span class='ocrx_word' id='word_1_514' title='bbox 2373 3276 2585 3334; x_wconf 86' lang='lat' dir='ltr'><strong>Genesi</strong></span> <span class='ocrx_word' id='word_1_515' title='bbox 2617 3277 2901 3351; x_wconf 86' lang='lat' dir='ltr'><strong>scriptum</strong></span> <span class='ocrx_word' id='word_1_516' title='bbox 2945 3278 3302 3350; x_wconf 89' lang='lat' dir='ltr'><strong>invenimus,</strong></span> <span class='ocrx_word' id='word_1_517' title='bbox 3336 3282 3587 3341; x_wconf 86' lang='lat' dir='ltr'><strong>dicentis</strong></span> <span class='ocrx_word' id='word_1_518' title='bbox 3617 3283 3680 3342; x_wconf 89' lang='lat' dir='ltr'><strong>in</strong></span> 
     </span>
    </p>
   </div>
   <div class='ocr_carea' id='block_1_66' title="bbox 258 3359 1906 3440">
    <p class='ocr_par' dir='ltr' id='par_1_66' title="bbox 258 3359 1906 3440">
     <span class='ocr_line' id='line_1_67' title="bbox 258 3359 1906 3440; baseline 0.001 -24"><span class='ocrx_word' id='word_1_519' title='bbox 258 3361 311 3417; x_wconf 75' lang='grc' dir='ltr'><strong>έν</strong></span> <span class='ocrx_word' id='word_1_520' title='bbox 371 3362 606 3437; x_wconf 78' lang='grc' dir='ltr'>ὁράματι</span> <span class='ocrx_word' id='word_1_521' title='bbox 659 3360 914 3438; x_wconf 90' lang='grc' dir='ltr'>λέγοντος</span> <span class='ocrx_word' id='word_1_522' title='bbox 947 3380 962 3396; x_wconf 91' lang='grc'><strong>·</strong></span> <span class='ocrx_word' id='word_1_523' title='bbox 1016 3365 1110 3440; x_wconf 74' lang='grc' dir='ltr'><strong>Μή</strong></span> <span class='ocrx_word' id='word_1_524' title='bbox 1189 3359 1362 3440; x_wconf 79' lang='grc' dir='ltr'>φοϐοῦ</span> <span class='ocrx_word' id='word_1_525' title='bbox 1395 3406 1410 3433; x_wconf 88' lang='grc'><strong>,</strong></span> <span class='ocrx_word' id='word_1_526' title='bbox 1474 3359 1740 3439; x_wconf 79' lang='grc' dir='ltr'>’Λϐραάμ·</span> <span class='ocrx_word' id='word_1_527' title='bbox 1801 3362 1906 3440; x_wconf 73' lang='grc' dir='ltr'><strong>ἐγὼ</strong></span> 
     </span>
    </p>
   </div>
   <div class='ocr_carea' id='block_1_67' title="bbox 256 3439 1906 3527">
    <p class='ocr_par' dir='ltr' id='par_1_67' title="bbox 256 3439 1906 3527">
     <span class='ocr_line' id='line_1_68' title="bbox 256 3439 1906 3527; baseline 0.001 -21"><span class='ocrx_word' id='word_1_528' title='bbox 256 3450 604 3527; x_wconf 84' lang='grc' dir='ltr'>ὑπερασπίζω</span> <span class='ocrx_word' id='word_1_529' title='bbox 662 3472 757 3507; x_wconf 89' lang='grc' dir='ltr'><strong>σου</strong></span> <span class='ocrx_word' id='word_1_530' title='bbox 790 3496 806 3524; x_wconf 92' lang='grc'><strong>,</strong></span> <span class='ocrx_word' id='word_1_531' title='bbox 866 3454 894 3509; x_wconf 83' lang='grc' dir='ltr'>ὁ</span> <span class='ocrx_word' id='word_1_532' title='bbox 956 3439 1162 3526; x_wconf 66' lang='grc' dir='ltr'>μισθός·</span> <span class='ocrx_word' id='word_1_533' title='bbox 1204 3474 1299 3509; x_wconf 90' lang='grc' dir='ltr'><strong>σου</strong></span> <span class='ocrx_word' id='word_1_534' title='bbox 1356 3451 1532 3517; x_wconf 78' lang='grc' dir='ltr'>πολύς</span> <span class='ocrx_word' id='word_1_535' title='bbox 1569 3473 1580 3485; x_wconf 89' lang='grc'><strong>·</strong></span> <span class='ocrx_word' id='word_1_536' title='bbox 1644 3452 1733 3508; x_wconf 83' lang='grc' dir='ltr'><strong>καὶ</strong></span> <span class='ocrx_word' id='word_1_537' title='bbox 1778 3439 1853 3508; x_wconf 83' lang='grc' dir='ltr'>ἀπ</span> <span class='ocrx_word' id='word_1_538' title='bbox 1884 3484 1906 3494; x_wconf 86' lang='lat'><strong>-</strong></span> 
     </span>
    </p>
   </div>
   <div class='ocr_carea' id='block_1_68' title="bbox 254 3536 1906 3618">
    <p class='ocr_par' dir='ltr' id='par_1_68' title="bbox 254 3536 1906 3618">
     <span class='ocr_line' id='line_1_69' title="bbox 254 3536 1906 3618; baseline 0.001 -23"><span class='ocrx_word' id='word_1_539' title='bbox 254 3540 501 3616; x_wconf 78' lang='grc' dir='ltr'>ικρίνατο</span> <span class='ocrx_word' id='word_1_540' title='bbox 559 3536 828 3617; x_wconf 75' lang='grc' dir='ltr'>Ἀϐραάμ·</span> <span class='ocrx_word' id='word_1_541' title='bbox 890 3542 1151 3613; x_wconf 85' lang='grc' dir='ltr'>Δέσποτα,</span> <span class='ocrx_word' id='word_1_542' title='bbox 1206 3543 1261 3598; x_wconf 90' lang='grc' dir='ltr'><strong>τί</strong></span> <span class='ocrx_word' id='word_1_543' title='bbox 1317 3564 1410 3618; x_wconf 92' lang='grc' dir='ltr'><strong>μοι</strong></span> <span class='ocrx_word' id='word_1_544' title='bbox 1467 3541 1701 3613; x_wconf 85' lang='grc' dir='ltr'>δώσεις;</span> <span class='ocrx_word' id='word_1_545' title='bbox 1760 3543 1906 3618; x_wconf 85' lang='grc' dir='ltr'><strong>Ἐγὼ</strong></span> 
     </span>
    </p>
   </div>
   <div class='ocr_carea' id='block_1_69' title="bbox 256 3625 1905 3710">
    <p class='ocr_par' dir='ltr' id='par_1_69' title="bbox 256 3625 1905 3710">
     <span class='ocr_line' id='line_1_70' title="bbox 256 3625 1905 3710; baseline 0.002 -26"><span class='ocrx_word' id='word_1_546' title='bbox 256 3625 314 3684; x_wconf 76' lang='grc' dir='ltr'><strong>δὶ</strong></span> <span class='ocrx_word' id='word_1_547' title='bbox 371 3629 686 3704; x_wconf 82' lang='grc' dir='ltr'>ἀπολύομαι</span> <span class='ocrx_word' id='word_1_548' title='bbox 735 3632 977 3695; x_wconf 81' lang='grc' dir='ltr'>ἄτεκνος.</span> <span class='ocrx_word' id='word_1_549' title='bbox 1028 3633 1131 3689; x_wconf 88' lang='grc' dir='ltr'>Καὶ</span> <span class='ocrx_word' id='word_1_550' title='bbox 1194 3634 1311 3706; x_wconf 87' lang='grc' dir='ltr'>μετ’</span> <span class='ocrx_word' id='word_1_551' title='bbox 1352 3631 1529 3710; x_wconf 81' lang='grc' dir='ltr'>ὀλίγα·</span> <span class='ocrx_word' id='word_1_552' title='bbox 1594 3633 1690 3687; x_wconf 83' lang='grc' dir='ltr'>Καὶ</span> <span class='ocrx_word' id='word_1_553' title='bbox 1749 3631 1905 3697; x_wconf 78' lang='grc' dir='ltr'>εὐθὺς</span> 
     </span>
    </p>
   </div>
   <div class='ocr_carea' id='block_1_70' title="bbox 257 3718 1906 3798">
    <p class='ocr_par' dir='ltr' id='par_1_70' title="bbox 257 3718 1906 3798">
     <span class='ocr_line' id='line_1_71' title="bbox 257 3718 1906 3798; baseline 0.003 -25"><span class='ocrx_word' id='word_1_554' title='bbox 257 3719 413 3796; x_wconf 84' lang='grc' dir='ltr'><strong>φωνή</strong></span> <span class='ocrx_word' id='word_1_555' title='bbox 470 3718 685 3796; x_wconf 77' lang='grc' dir='ltr'>ἐγένετο</span> <span class='ocrx_word' id='word_1_556' title='bbox 744 3722 881 3797; x_wconf 88' lang='grc' dir='ltr'>πρὸς</span> <span class='ocrx_word' id='word_1_557' title='bbox 931 3721 1119 3778; x_wconf 85' lang='grc' dir='ltr'>αὐτόν.</span> <span class='ocrx_word' id='word_1_558' title='bbox 1180 3723 1280 3781; x_wconf 86' lang='grc' dir='ltr'><strong>Καὶ</strong></span> <span class='ocrx_word' id='word_1_559' title='bbox 1333 3722 1498 3778; x_wconf 88' lang='grc' dir='ltr'>πάλιν</span> <span class='ocrx_word' id='word_1_560' title='bbox 1558 3721 1610 3778; x_wconf 81' lang='grc' dir='ltr'>ἐν</span> <span class='ocrx_word' id='word_1_561' title='bbox 1662 3726 1732 3798; x_wconf 88' lang='grc' dir='ltr'><strong>τῇ</strong></span> <span class='ocrx_word' id='word_1_562' title='bbox 1792 3724 1906 3796; x_wconf 78' lang='grc' dir='ltr'><strong>Ἐξ-</strong></span> 
     </span>
    </p>
   </div>
   <div class='ocr_carea' id='block_1_71' title="bbox 258 3805 1903 3890">
    <p class='ocr_par' dir='ltr' id='par_1_71' title="bbox 258 3805 1903 3890">
     <span class='ocr_line' id='line_1_72' title="bbox 258 3805 1903 3890; baseline 0.004 -28"><span class='ocrx_word' id='word_1_563' title='bbox 258 3805 372 3881; x_wconf 88' lang='grc' dir='ltr'><strong>όδῳ</strong></span> <span class='ocrx_word' id='word_1_564' title='bbox 420 3810 605 3887; x_wconf 72' lang='grc' dir='ltr'>φησίνο</span> <span class='ocrx_word' id='word_1_565' title='bbox 662 3813 941 3868; x_wconf 81' lang='grc' dir='ltr'>Ἔστωσαν</span> <span class='ocrx_word' id='word_1_566' title='bbox 1000 3808 1215 3886; x_wconf 72' lang='grc' dir='ltr'>ἕτοιμοι</span> <span class='ocrx_word' id='word_1_567' title='bbox 1265 3812 1340 3876; x_wconf 84' lang='grc' dir='ltr'><strong>είς</strong></span> <span class='ocrx_word' id='word_1_568' title='bbox 1392 3814 1494 3884; x_wconf 76' lang='grc' dir='ltr'>τὴν</span> <span class='ocrx_word' id='word_1_569' title='bbox 1552 3812 1760 3890; x_wconf 76' lang='grc' dir='ltr'>ἡμέραν</span> <span class='ocrx_word' id='word_1_570' title='bbox 1803 3813 1903 3883; x_wconf 80' lang='grc' dir='ltr'>τὴν</span> 
     </span>
    </p>
   </div>
   <div class='ocr_carea' id='block_1_72' title="bbox 256 3897 1906 3980">
    <p class='ocr_par' dir='ltr' id='par_1_72' title="bbox 256 3897 1906 3980">
     <span class='ocr_line' id='line_1_73' title="bbox 256 3897 1906 3980; baseline 0.004 -29"><span class='ocrx_word' id='word_1_571' title='bbox 256 3897 471 3972; x_wconf 85' lang='grc' dir='ltr'>τρίτην.</span> <span class='ocrx_word' id='word_1_572' title='bbox 539 3899 670 3968; x_wconf 84' lang='grc' dir='ltr'>Καὶ,</span> <span class='ocrx_word' id='word_1_573' title='bbox 723 3901 890 3958; x_wconf 89' lang='grc' dir='ltr'>Ὃταν</span> <span class='ocrx_word' id='word_1_574' title='bbox 949 3902 1004 3956; x_wconf 77' lang='grc' dir='ltr'>αῖ</span> <span class='ocrx_word' id='word_1_575' title='bbox 1061 3904 1140 3975; x_wconf 86' lang='grc'><strong>(9)</strong></span> <span class='ocrx_word' id='word_1_576' title='bbox 1197 3902 1371 3978; x_wconf 81' lang='grc' dir='ltr'>φωναὶ</span> <span class='ocrx_word' id='word_1_577' title='bbox 1429 3902 1519 3958; x_wconf 87' lang='grc' dir='ltr'><strong>καί</strong></span> <span class='ocrx_word' id='word_1_578' title='bbox 1572 3903 1626 3958; x_wconf 77' lang='grc' dir='ltr'>αἱ</span> <span class='ocrx_word' id='word_1_579' title='bbox 1676 3902 1906 3980; x_wconf 89' lang='grc' dir='ltr'>σάλπιγ-</span> 
     </span>
    </p>
   </div>
   <div class='ocr_carea' id='block_1_73' title="bbox 253 3987 1906 4068">
    <p class='ocr_par' dir='ltr' id='par_1_73' title="bbox 253 3987 1906 4068">
     <span class='ocr_line' id='line_1_74' title="bbox 253 3987 1906 4068; baseline 0.003 -27"><span class='ocrx_word' id='word_1_580' title='bbox 253 4006 343 4063; x_wconf 90' lang='grc' dir='ltr'><strong>γες</strong></span> <span class='ocrx_word' id='word_1_581' title='bbox 392 3987 483 4042; x_wconf 85' lang='grc' dir='ltr'><strong>καὶ</strong></span> <span class='ocrx_word' id='word_1_582' title='bbox 539 3990 575 4059; x_wconf 79' lang='grc' dir='ltr'>ἡ</span> <span class='ocrx_word' id='word_1_583' title='bbox 628 3988 830 4066; x_wconf 83' lang='grc' dir='ltr'>νεφέλη</span> <span class='ocrx_word' id='word_1_584' title='bbox 883 3988 1096 4066; x_wconf 77' lang='grc' dir='ltr'>ἀπέλθῃ</span> <span class='ocrx_word' id='word_1_585' title='bbox 1149 3991 1254 4046; x_wconf 85' lang='grc' dir='ltr'>ἀπὸ</span> <span class='ocrx_word' id='word_1_586' title='bbox 1311 3995 1408 4048; x_wconf 86' lang='grc' dir='ltr'><strong>τοῦ</strong></span> <span class='ocrx_word' id='word_1_587' title='bbox 1465 3988 1650 4068; x_wconf 74' lang='grc' dir='ltr'>ὅρους,</span> <span class='ocrx_word' id='word_1_588' title='bbox 1711 3990 1906 4047; x_wconf 67' lang='grc' dir='ltr'>ἐκεῖνοι</span> 
     </span>
    </p>
   </div>
   <div class='ocr_carea' id='block_1_74' title="bbox 254 4071 1905 4155">
    <p class='ocr_par' dir='ltr' id='par_1_74' title="bbox 254 4071 1905 4155">
     <span class='ocr_line' id='line_1_75' title="bbox 254 4071 1905 4155; baseline 0.003 -22"><span class='ocrx_word' id='word_1_589' title='bbox 254 4071 617 4149; x_wconf 73' lang='grc' dir='ltr'>ἀναϐήσονται</span> <span class='ocrx_word' id='word_1_590' title='bbox 675 4077 763 4134; x_wconf 82' lang='grc' dir='ltr'>ἐπὶ</span> <span class='ocrx_word' id='word_1_591' title='bbox 818 4079 881 4134; x_wconf 91' lang='grc' dir='ltr'>τὸ</span> <span class='ocrx_word' id='word_1_592' title='bbox 942 4076 1089 4155; x_wconf 80' lang='grc' dir='ltr'>ὅρος.</span> <span class='ocrx_word' id='word_1_593' title='bbox 1150 4080 1256 4137; x_wconf 87' lang='grc' dir='ltr'><strong>Καὶ</strong></span> <span class='ocrx_word' id='word_1_594' title='bbox 1319 4083 1452 4155; x_wconf 86' lang='grc' dir='ltr'>μετὰ</span> <span class='ocrx_word' id='word_1_595' title='bbox 1507 4083 1607 4153; x_wconf 79' lang='grc' dir='ltr'>τὴν</span> <span class='ocrx_word' id='word_1_596' title='bbox 1669 4080 1905 4138; x_wconf 87' lang='grc' dir='ltr'>Δεκάλο-</span> 
     </span>
    </p>
   </div>
   <div class='ocr_carea' id='block_1_75' title="bbox 249 4166 1905 4249">
    <p class='ocr_par' dir='ltr' id='par_1_75' title="bbox 249 4166 1905 4249">
     <span class='ocr_line' id='line_1_76' title="bbox 249 4166 1905 4249; baseline 0.004 -29"><span class='ocrx_word' id='word_1_597' title='bbox 249 4186 344 4241; x_wconf 92' lang='grc' dir='ltr'><strong>γον</strong></span> <span class='ocrx_word' id='word_1_598' title='bbox 382 4185 395 4200; x_wconf 72' lang='grc' dir='ltr'><strong>ο</strong></span> <span class='ocrx_word' id='word_1_599' title='bbox 457 4167 564 4223; x_wconf 86' lang='grc' dir='ltr'><strong>Καὶ</strong></span> <span class='ocrx_word' id='word_1_600' title='bbox 615 4173 722 4230; x_wconf 82' lang='grc' dir='ltr'><strong>πᾶς</strong></span> <span class='ocrx_word' id='word_1_601' title='bbox 778 4168 806 4223; x_wconf 81' lang='grc' dir='ltr'>ὁ</span> <span class='ocrx_word' id='word_1_602' title='bbox 862 4166 993 4232; x_wconf 88' lang='grc' dir='ltr'>λαὸς</span> <span class='ocrx_word' id='word_1_603' title='bbox 1045 4169 1191 4245; x_wconf 72' lang='grc' dir='ltr'>ἐώρα</span> <span class='ocrx_word' id='word_1_604' title='bbox 1245 4172 1345 4241; x_wconf 74' lang='grc' dir='ltr'><strong>τήν</strong></span> <span class='ocrx_word' id='word_1_605' title='bbox 1419 4172 1606 4249; x_wconf 78' lang='grc' dir='ltr'>φωνὴν</span> <span class='ocrx_word' id='word_1_606' title='bbox 1665 4171 1753 4227; x_wconf 82' lang='grc' dir='ltr'><strong>καὶ</strong></span> <span class='ocrx_word' id='word_1_607' title='bbox 1809 4172 1905 4234; x_wconf 84' lang='grc' dir='ltr'><strong>τάς</strong></span> 
     </span>
    </p>
   </div>
   <div class='ocr_carea' id='block_1_76' title="bbox 253 4252 1906 4338">
    <p class='ocr_par' dir='ltr' id='par_1_76' title="bbox 253 4252 1906 4338">
     <span class='ocr_line' id='line_1_77' title="bbox 253 4252 1906 4338; baseline 0.003 -28"><span class='ocrx_word' id='word_1_608' title='bbox 253 4252 544 4330; x_wconf 86' lang='grc' dir='ltr'>λαμπάδας</span> <span class='ocrx_word' id='word_1_609' title='bbox 576 4298 592 4325; x_wconf 90' lang='grc'><strong>,</strong></span> <span class='ocrx_word' id='word_1_610' title='bbox 649 4257 740 4312; x_wconf 88' lang='grc' dir='ltr'><strong>καὶ</strong></span> <span class='ocrx_word' id='word_1_611' title='bbox 815 4259 913 4329; x_wconf 72' lang='grc' dir='ltr'><strong>τὴν</strong></span> <span class='ocrx_word' id='word_1_612' title='bbox 985 4260 1171 4336; x_wconf 76' lang='grc' dir='ltr'>φωνὴν</span> <span class='ocrx_word' id='word_1_613' title='bbox 1238 4267 1339 4329; x_wconf 81' lang='grc' dir='ltr'><strong>τῆς</strong></span> <span class='ocrx_word' id='word_1_614' title='bbox 1397 4259 1698 4338; x_wconf 89' lang='grc' dir='ltr'>σάλπιγγος</span> <span class='ocrx_word' id='word_1_615' title='bbox 1731 4302 1744 4317; x_wconf 98' lang='grc'><strong>.</strong></span> <span class='ocrx_word' id='word_1_616' title='bbox 1808 4259 1906 4316; x_wconf 82' lang='grc' dir='ltr'><strong>Καὶ</strong></span> 
     </span>
    </p>
   </div>
   <div class='ocr_carea' id='block_1_77' title="bbox 250 4342 1904 4425">
    <p class='ocr_par' dir='ltr' id='par_1_77' title="bbox 250 4342 1904 4425">
     <span class='ocr_line' id='line_1_78' title="bbox 250 4342 1904 4425; baseline 0.007 -29"><span class='ocrx_word' id='word_1_617' title='bbox 250 4342 301 4397; x_wconf 72' lang='grc' dir='ltr'><strong>έν</strong></span> <span class='ocrx_word' id='word_1_618' title='bbox 361 4349 441 4417; x_wconf 80' lang='grc' dir='ltr'><strong>τῷ</strong></span> <span class='ocrx_word' id='word_1_619' title='bbox 498 4343 689 4417; x_wconf 78' lang='grc' dir='ltr'>Ἡσαΐᾳ</span> <span class='ocrx_word' id='word_1_620' title='bbox 714 4345 1029 4422; x_wconf 68' lang='grc' dir='ltr'>γέγραπταν</span> <span class='ocrx_word' id='word_1_621' title='bbox 1090 4349 1288 4418; x_wconf 83' lang='grc' dir='ltr'>Φωνήν</span> <span class='ocrx_word' id='word_1_622' title='bbox 1340 4346 1619 4425; x_wconf 81' lang='grc' dir='ltr'>λέγοντος·</span> <span class='ocrx_word' id='word_1_623' title='bbox 1667 4350 1904 4422; x_wconf 87' lang='grc' dir='ltr'>Βόησον.</span> 
     </span>
    </p>
   </div>
   <div class='ocr_carea' id='block_1_78' title="bbox 248 4431 1905 4517">
    <p class='ocr_par' dir='ltr' id='par_1_78' title="bbox 248 4431 1905 4517">
     <span class='ocr_line' id='line_1_79' title="bbox 248 4431 1905 4517; baseline 0.003 -27"><span class='ocrx_word' id='word_1_624' title='bbox 248 4434 432 4490; x_wconf 84' lang='grc' dir='ltr'>Ἔστιν</span> <span class='ocrx_word' id='word_1_625' title='bbox 463 4431 555 4489; x_wconf 78' lang='grc' dir='ltr'>οὖν</span> <span class='ocrx_word' id='word_1_626' title='bbox 587 4436 765 4513; x_wconf 70' lang='grc' dir='ltr'>φωνὴ,</span> <span class='ocrx_word' id='word_1_627' title='bbox 797 4434 988 4513; x_wconf 84' lang='grc' dir='ltr'>πληγή</span> <span class='ocrx_word' id='word_1_628' title='bbox 1036 4436 1214 4513; x_wconf 85' lang='grc' dir='ltr'>ἀέρος,</span> <span class='ocrx_word' id='word_1_629' title='bbox 1245 4435 1282 4509; x_wconf 71' lang='grc' dir='ltr'><strong>ἤ</strong></span> <span class='ocrx_word' id='word_1_630' title='bbox 1313 4460 1365 4494; x_wconf 92' lang='grc' dir='ltr'><strong>τι</strong></span> <span class='ocrx_word' id='word_1_631' title='bbox 1414 4439 1476 4495; x_wconf 89' lang='grc' dir='ltr'>τὸ</span> <span class='ocrx_word' id='word_1_632' title='bbox 1506 4438 1793 4517; x_wconf 88' lang='grc' dir='ltr'>γινόμενον</span> <span class='ocrx_word' id='word_1_633' title='bbox 1826 4439 1905 4495; x_wconf 75' lang='grc' dir='ltr'><strong>εἴ·</strong></span> 
     </span>
    </p>
   </div>
   <div class='ocr_carea' id='block_1_79' title="bbox 250 4519 1903 4603">
    <p class='ocr_par' dir='ltr' id='par_1_79' title="bbox 250 4519 1903 4603">
     <span class='ocr_line' id='line_1_80' title="bbox 250 4519 1903 4603; baseline 0.004 -26"><span class='ocrx_word' id='word_1_634' title='bbox 250 4519 342 4585; x_wconf 90' lang='grc' dir='ltr'><strong>δος</strong></span> <span class='ocrx_word' id='word_1_635' title='bbox 387 4524 512 4598; x_wconf 82' lang='grc' dir='ltr'>περὶ</span> <span class='ocrx_word' id='word_1_636' title='bbox 562 4525 654 4580; x_wconf 92' lang='grc' dir='ltr'>τὸν</span> <span class='ocrx_word' id='word_1_637' title='bbox 700 4523 852 4602; x_wconf 83' lang='grc' dir='ltr'>ἀέρα,</span> <span class='ocrx_word' id='word_1_638' title='bbox 893 4526 1029 4603; x_wconf 84' lang='grc' dir='ltr'>πρὸς</span> <span class='ocrx_word' id='word_1_639' title='bbox 1062 4526 1092 4582; x_wconf 77' lang='grc' dir='ltr'><strong>’ὀ</strong></span> <span class='ocrx_word' id='word_1_640' title='bbox 1138 4526 1393 4603; x_wconf 76' lang='grc' dir='ltr'>βούλεται</span> <span class='ocrx_word' id='word_1_641' title='bbox 1441 4530 1555 4602; x_wconf 76' lang='lat' dir='ltr'><strong>(l0)</strong></span> <span class='ocrx_word' id='word_1_642' title='bbox 1592 4533 1797 4584; x_wconf 88' lang='grc' dir='ltr'>τυποῦν</span> <span class='ocrx_word' id='word_1_643' title='bbox 1840 4529 1903 4584; x_wconf 92' lang='grc' dir='ltr'>τὸ</span> 
     </span>
    </p>
   </div>
   <div class='ocr_carea' id='block_1_80' title="bbox 250 4610 1902 4692">
    <p class='ocr_par' dir='ltr' id='par_1_80' title="bbox 250 4610 1902 4692">
     <span class='ocr_line' id='line_1_81' title="bbox 250 4610 1902 4692; baseline 0.006 -27"><span class='ocrx_word' id='word_1_644' title='bbox 250 4616 480 4691; x_wconf 78' lang='grc' dir='ltr'>φωνοῦν.</span> <span class='ocrx_word' id='word_1_645' title='bbox 540 4614 610 4671; x_wconf 74' lang='grc' dir='ltr'><strong>Οἱ</strong></span> <span class='ocrx_word' id='word_1_646' title='bbox 671 4614 765 4688; x_wconf 73' lang='grc' dir='ltr'>μὲν</span> <span class='ocrx_word' id='word_1_647' title='bbox 826 4610 916 4669; x_wconf 80' lang='grc' dir='ltr'><strong>διὰ</strong></span> <span class='ocrx_word' id='word_1_648' title='bbox 973 4615 1171 4692; x_wconf 88' lang='grc' dir='ltr'>σαρκὸς</span> <span class='ocrx_word' id='word_1_649' title='bbox 1229 4614 1548 4690; x_wconf 79' lang='grc' dir='ltr'>ὁμιλοῦντες</span> <span class='ocrx_word' id='word_1_650' title='bbox 1605 4617 1902 4690; x_wconf 78' lang='grc' dir='ltr'>ἀλλήλοις,</span> 
     </span>
    </p>
   </div>
   <div class='ocr_carea' id='block_1_81' title="bbox 250 4699 1907 4780">
    <p class='ocr_par' dir='ltr' id='par_1_81' title="bbox 250 4699 1907 4780">
     <span class='ocr_line' id='line_1_82' title="bbox 250 4699 1907 4780; baseline 0.005 -24"><span class='ocrx_word' id='word_1_651' title='bbox 250 4699 587 4771; x_wconf 78' lang='grc' dir='ltr'>πλήττοντις</span> <span class='ocrx_word' id='word_1_652' title='bbox 629 4703 721 4759; x_wconf 87' lang='grc' dir='ltr'>τὸν</span> <span class='ocrx_word' id='word_1_653' title='bbox 765 4702 917 4780; x_wconf 83' lang='grc' dir='ltr'>ἀέρα,</span> <span class='ocrx_word' id='word_1_654' title='bbox 948 4703 1038 4759; x_wconf 73' lang='grc' dir='ltr'><strong>καὶ</strong></span> <span class='ocrx_word' id='word_1_655' title='bbox 1085 4704 1250 4760; x_wconf 73' lang='grc' dir='ltr'>οἱονεὶ</span> <span class='ocrx_word' id='word_1_656' title='bbox 1278 4704 1448 4762; x_wconf 75' lang='grc' dir='ltr'>τύπον</span> <span class='ocrx_word' id='word_1_657' title='bbox 1493 4708 1616 4763; x_wconf 81' lang='grc' dir='ltr'>τινὰ</span> <span class='ocrx_word' id='word_1_658' title='bbox 1644 4708 1734 4763; x_wconf 81' lang='grc' dir='ltr'><strong>καὶ</strong></span> <span class='ocrx_word' id='word_1_659' title='bbox 1766 4706 1907 4773; x_wconf 79' lang='grc' dir='ltr'>εἶδος</span> 
     </span>
    </p>
   </div>
   <div class='ocr_carea' id='block_1_82' title="bbox 322 4800 1741 4878">
    <p class='ocr_par' dir='ltr' id='par_1_82' title="bbox 322 4800 1741 4878">
     <span class='ocr_line' id='line_1_83' title="bbox 322 4800 1741 4878; baseline 0.006 -23"><span class='ocrx_word' id='word_1_660' title='bbox 322 4800 367 4878; x_wconf 60' lang='grc' dir='ltr'><strong>δξ</strong></span> <span class='ocrx_word' id='word_1_661' title='bbox 392 4802 600 4878; x_wconf 78' lang='lat' dir='ltr'><strong>Joann.</strong></span> <span class='ocrx_word' id='word_1_662' title='bbox 629 4804 812 4878; x_wconf 68' lang='lat'><strong>1,16.</strong></span> <span class='ocrx_word' id='word_1_663' title='bbox 858 4803 1263 4878; x_wconf 10' lang='lat' dir='ltr'><strong>__&quot;&#39;_‘J_oian.fiv,</strong></span> <span class='ocrx_word' id='word_1_664' title='bbox 1312 4807 1404 4862; x_wconf 86' lang='lat'><strong>23.</strong></span> <span class='ocrx_word' id='word_1_665' title='bbox 1480 4807 1524 4842; x_wconf 80' lang='grc'><strong>⁵⁸</strong></span> <span class='ocrx_word' id='word_1_666' title='bbox 1555 4807 1741 4878; x_wconf 89' lang='lat' dir='ltr'><strong>Philip</strong></span> 
     </span>
    </p>
   </div>
   <div class='ocr_carea' id='block_1_83' title="bbox 2017 3367 3677 3446">
    <p class='ocr_par' dir='ltr' id='par_1_83' title="bbox 2017 3367 3677 3446">
     <span class='ocr_line' id='line_1_84' title="bbox 2017 3367 3677 3446; baseline 0.004 -21"><span class='ocrx_word' id='word_1_667' title='bbox 2017 3368 2242 3425; x_wconf 89' lang='lat' dir='ltr'><strong>visione</strong></span> <span class='ocrx_word' id='word_1_668' title='bbox 2295 3384 2309 3423; x_wconf 86' lang='lat'><strong>:</strong></span> <span class='ocrx_word' id='word_1_669' title='bbox 2358 3367 2490 3425; x_wconf 82' lang='lat' dir='ltr'><strong>Noli</strong></span> <span class='ocrx_word' id='word_1_670' title='bbox 2539 3368 2753 3439; x_wconf 87' lang='lat' dir='ltr'><strong>timere,</strong></span> <span class='ocrx_word' id='word_1_671' title='bbox 2802 3367 3082 3425; x_wconf 61' lang='lat' dir='ltr'><strong>Abrahamn</strong></span> <span class='ocrx_word' id='word_1_672' title='bbox 3114 3386 3135 3428; x_wconf 89' lang='lat'><strong><em>:</em></strong></span> <span class='ocrx_word' id='word_1_673' title='bbox 3172 3386 3267 3442; x_wconf 88' lang='lat' dir='ltr'><strong>ego</strong></span> <span class='ocrx_word' id='word_1_674' title='bbox 3317 3376 3548 3445; x_wconf 83' lang='lat' dir='ltr'><strong>protego</strong></span> <span class='ocrx_word' id='word_1_675' title='bbox 3605 3381 3677 3446; x_wconf 86' lang='lat' dir='ltr'><strong>te,</strong></span> 
     </span>
    </p>
   </div>
   <div class='ocr_carea' id='block_1_84' title="bbox 2016 3457 3678 3538">
    <p class='ocr_par' dir='ltr' id='par_1_84' title="bbox 2016 3457 3678 3538">
     <span class='ocr_line' id='line_1_85' title="bbox 2016 3457 3678 3538; baseline 0.004 -22"><span class='ocrx_word' id='word_1_676' title='bbox 2016 3474 2221 3516; x_wconf 85' lang='lat' dir='ltr'><strong>merces</strong></span> <span class='ocrx_word' id='word_1_677' title='bbox 2252 3461 2350 3513; x_wconf 88' lang='lat' dir='ltr'><strong>tua</strong></span> <span class='ocrx_word' id='word_1_678' title='bbox 2378 3458 2578 3513; x_wconf 85' lang='lat' dir='ltr'><strong>multa.</strong></span> <span class='ocrx_word' id='word_1_679' title='bbox 2608 3459 2676 3513; x_wconf 87' lang='lat' dir='ltr'><strong>Et</strong></span> <span class='ocrx_word' id='word_1_680' title='bbox 2727 3457 3011 3531; x_wconf 78' lang='lat' dir='ltr'><strong>respondit</strong></span> <span class='ocrx_word' id='word_1_681' title='bbox 3063 3459 3347 3519; x_wconf 80' lang='lat' dir='ltr'><strong>Abraham</strong></span> <span class='ocrx_word' id='word_1_682' title='bbox 3376 3481 3395 3518; x_wconf 92' lang='lat'><strong><em>:</em></strong></span> <span class='ocrx_word' id='word_1_683' title='bbox 3428 3463 3678 3538; x_wconf 85' lang='lat' dir='ltr'><strong>Domine,</strong></span> 
     </span>
    </p>
   </div>
   <div class='ocr_carea' id='block_1_85' title="bbox 2018 3546 3677 3622">
    <p class='ocr_par' dir='ltr' id='par_1_85' title="bbox 2018 3546 3677 3622">
     <span class='ocr_line' id='line_1_86' title="bbox 2018 3546 3677 3622; baseline 0.004 -18"><span class='ocrx_word' id='word_1_684' title='bbox 2018 3547 2151 3622; x_wconf 84' lang='lat' dir='ltr'><strong>quid</strong></span> <span class='ocrx_word' id='word_1_685' title='bbox 2180 3546 2329 3603; x_wconf 87' lang='lat' dir='ltr'><strong>mihi</strong></span> <span class='ocrx_word' id='word_1_686' title='bbox 2356 3546 2550 3603; x_wconf 82' lang='lat' dir='ltr'><strong>dabis?</strong></span> <span class='ocrx_word' id='word_1_687' title='bbox 2584 3547 2693 3619; x_wconf 80' lang='lat' dir='ltr'><strong>Ego</strong></span> <span class='ocrx_word' id='word_1_688' title='bbox 2732 3550 2925 3604; x_wconf 83' lang='lat' dir='ltr'><strong>autem</strong></span> <span class='ocrx_word' id='word_1_689' title='bbox 2970 3549 3222 3607; x_wconf 84' lang='lat' dir='ltr'><strong>dimittor</strong></span> <span class='ocrx_word' id='word_1_690' title='bbox 3245 3551 3366 3609; x_wconf 87' lang='lat' dir='ltr'><strong>sine</strong></span> <span class='ocrx_word' id='word_1_691' title='bbox 3397 3552 3592 3612; x_wconf 87' lang='lat' dir='ltr'><strong>liberis</strong></span> <span class='ocrx_word' id='word_1_692' title='bbox 3611 3553 3677 3610; x_wconf 85' lang='grc'><strong>⁶⁰.</strong></span> 
     </span>
    </p>
   </div>
   <div class='ocr_carea' id='block_1_86' title="bbox 2017 3635 3679 3711">
    <p class='ocr_par' dir='ltr' id='par_1_86' title="bbox 2017 3635 3679 3711">
     <span class='ocr_line' id='line_1_87' title="bbox 2017 3635 3679 3711; baseline 0.004 -16"><span class='ocrx_word' id='word_1_693' title='bbox 2017 3638 2088 3695; x_wconf 89' lang='lat' dir='ltr'><strong>Et</strong></span> <span class='ocrx_word' id='word_1_694' title='bbox 2115 3635 2292 3711; x_wconf 88' lang='lat' dir='ltr'><strong>paulo</strong></span> <span class='ocrx_word' id='word_1_695' title='bbox 2321 3640 2456 3710; x_wconf 88' lang='lat' dir='ltr'><strong>post</strong></span> <span class='ocrx_word' id='word_1_696' title='bbox 2484 3653 2498 3692; x_wconf 88' lang='lat'><strong>:</strong></span> <span class='ocrx_word' id='word_1_697' title='bbox 2528 3637 2596 3692; x_wconf 87' lang='lat' dir='ltr'><strong>Et</strong></span> <span class='ocrx_word' id='word_1_698' title='bbox 2623 3638 2816 3693; x_wconf 77' lang='lat' dir='ltr'><strong>statim</strong></span> <span class='ocrx_word' id='word_1_699' title='bbox 2866 3653 2975 3694; x_wconf 75' lang='lat' dir='ltr'><strong>vox</strong></span> <span class='ocrx_word' id='word_1_700' title='bbox 3018 3639 3178 3710; x_wconf 83' lang='lat' dir='ltr'><strong>facta</strong></span> <span class='ocrx_word' id='word_1_701' title='bbox 3223 3648 3302 3697; x_wconf 88' lang='lat' dir='ltr'><strong>est</strong></span> <span class='ocrx_word' id='word_1_702' title='bbox 3341 3640 3413 3698; x_wconf 87' lang='lat' dir='ltr'><strong>ad</strong></span> <span class='ocrx_word' id='word_1_703' title='bbox 3460 3658 3590 3699; x_wconf 87' lang='lat' dir='ltr'><strong>eum</strong></span> <span class='ocrx_word' id='word_1_704' title='bbox 3607 3644 3679 3701; x_wconf 78' lang='lat'><strong>“.</strong></span> 
     </span>
    </p>
   </div>
   <div class='ocr_carea' id='block_1_87' title="bbox 2016 3725 3678 3801">
    <p class='ocr_par' dir='ltr' id='par_1_87' title="bbox 2016 3725 3678 3801">
     <span class='ocr_line' id='line_1_88' title="bbox 2016 3725 3678 3801; baseline 0.004 -17"><span class='ocrx_word' id='word_1_705' title='bbox 2016 3729 2088 3784; x_wconf 88' lang='lat' dir='ltr'><strong>Et</strong></span> <span class='ocrx_word' id='word_1_706' title='bbox 2116 3742 2327 3783; x_wconf 90' lang='lat' dir='ltr'><strong>rursus</strong></span> <span class='ocrx_word' id='word_1_707' title='bbox 2376 3726 2437 3782; x_wconf 90' lang='lat' dir='ltr'><strong>in</strong></span> <span class='ocrx_word' id='word_1_708' title='bbox 2466 3726 2659 3782; x_wconf 80' lang='lat' dir='ltr'><strong>Exodo</strong></span> <span class='ocrx_word' id='word_1_709' title='bbox 2714 3725 2797 3783; x_wconf 89' lang='lat' dir='ltr'><strong>ait</strong></span> <span class='ocrx_word' id='word_1_710' title='bbox 2830 3726 2996 3783; x_wconf 83' lang='lat' dir='ltr'><strong>:Sint</strong></span> <span class='ocrx_word' id='word_1_711' title='bbox 3038 3730 3231 3801; x_wconf 84' lang='lat' dir='ltr'><strong>parati</strong></span> <span class='ocrx_word' id='word_1_712' title='bbox 3276 3731 3337 3787; x_wconf 90' lang='lat' dir='ltr'><strong>in</strong></span> <span class='ocrx_word' id='word_1_713' title='bbox 3378 3730 3525 3788; x_wconf 83' lang='lat' dir='ltr'><strong>diem</strong></span> <span class='ocrx_word' id='word_1_714' title='bbox 3569 3740 3678 3790; x_wconf 90' lang='lat' dir='ltr'><strong>ter-</strong></span> 
     </span>
    </p>
   </div>
   <div class='ocr_carea' id='block_1_88' title="bbox 2019 3814 3681 3890">
    <p class='ocr_par' dir='ltr' id='par_1_88' title="bbox 2019 3814 3681 3890">
     <span class='ocr_line' id='line_1_89' title="bbox 2019 3814 3681 3890; baseline 0.004 -17"><span class='ocrx_word' id='word_1_715' title='bbox 2019 3820 2156 3874; x_wconf 85' lang='lat' dir='ltr'><strong>tiam</strong></span> <span class='ocrx_word' id='word_1_716' title='bbox 2173 3815 2242 3872; x_wconf 80' lang='grc'><strong>⁶².</strong></span> <span class='ocrx_word' id='word_1_717' title='bbox 2274 3816 2344 3872; x_wconf 91' lang='lat' dir='ltr'><strong>Et</strong></span> <span class='ocrx_word' id='word_1_718' title='bbox 2376 3833 2388 3871; x_wconf 90' lang='lat'><strong>:</strong></span> <span class='ocrx_word' id='word_1_719' title='bbox 2424 3814 2560 3872; x_wconf 84' lang='lat' dir='ltr'><strong>Cum</strong></span> <span class='ocrx_word' id='word_1_720' title='bbox 2590 3831 2762 3889; x_wconf 84' lang='lat' dir='ltr'><strong>voces,</strong></span> <span class='ocrx_word' id='word_1_721' title='bbox 2799 3823 2851 3873; x_wconf 88' lang='lat' dir='ltr'><strong>et</strong></span> <span class='ocrx_word' id='word_1_722' title='bbox 2898 3817 3068 3890; x_wconf 73' lang='lat' dir='ltr'><strong>tubae,</strong></span> <span class='ocrx_word' id='word_1_723' title='bbox 3099 3826 3153 3875; x_wconf 90' lang='lat' dir='ltr'><strong>et</strong></span> <span class='ocrx_word' id='word_1_724' title='bbox 3198 3819 3369 3877; x_wconf 82' lang='lat' dir='ltr'><strong>nubes</strong></span> <span class='ocrx_word' id='word_1_725' title='bbox 3415 3821 3681 3880; x_wconf 82' lang='lat' dir='ltr'><strong>discesse-</strong></span> 
     </span>
    </p>
   </div>
   <div class='ocr_carea' id='block_1_89' title="bbox 2016 3904 3682 3983">
    <p class='ocr_par' dir='ltr' id='par_1_89' title="bbox 2016 3904 3682 3983">
     <span class='ocr_line' id='line_1_90' title="bbox 2016 3904 3682 3983; baseline 0.005 -22"><span class='ocrx_word' id='word_1_726' title='bbox 2016 3907 2135 3961; x_wconf 85' lang='lat' dir='ltr'><strong>rint</strong></span> <span class='ocrx_word' id='word_1_727' title='bbox 2162 3923 2198 3962; x_wconf 88' lang='lat' dir='ltr'><strong>a</strong></span> <span class='ocrx_word' id='word_1_728' title='bbox 2227 3908 2429 3978; x_wconf 89' lang='lat' dir='ltr'><strong>monte,</strong></span> <span class='ocrx_word' id='word_1_729' title='bbox 2462 3905 2554 3961; x_wconf 84' lang='lat' dir='ltr'><strong>illi</strong></span> <span class='ocrx_word' id='word_1_730' title='bbox 2603 3904 2895 3963; x_wconf 74' lang='lat' dir='ltr'><strong>ascendant</strong></span> <span class='ocrx_word' id='word_1_731' title='bbox 2949 3908 3009 3963; x_wconf 86' lang='lat' dir='ltr'><strong>in</strong></span> <span class='ocrx_word' id='word_1_732' title='bbox 3067 3916 3309 3965; x_wconf 81' lang='lat' dir='ltr'><strong>montem</strong></span> <span class='ocrx_word' id='word_1_733' title='bbox 3328 3910 3393 3966; x_wconf 78' lang='grc'><strong>⁸⁸.</strong></span> <span class='ocrx_word' id='word_1_734' title='bbox 3428 3914 3496 3966; x_wconf 89' lang='lat' dir='ltr'><strong>Et</strong></span> <span class='ocrx_word' id='word_1_735' title='bbox 3544 3916 3682 3983; x_wconf 88' lang='lat' dir='ltr'><strong>post</strong></span> 
     </span>
    </p>
   </div>
   <div class='ocr_carea' id='block_1_90' title="bbox 2019 3994 3681 4068">
    <p class='ocr_par' dir='ltr' id='par_1_90' title="bbox 2019 3994 3681 4068">
     <span class='ocr_line' id='line_1_91' title="bbox 2019 3994 3681 4068; baseline 0.004 -16"><span class='ocrx_word' id='word_1_736' title='bbox 2019 3994 2425 4068; x_wconf 88' lang='lat' dir='ltr'><strong>Decalogum:</strong></span> <span class='ocrx_word' id='word_1_737' title='bbox 2470 3995 2537 4050; x_wconf 86' lang='lat' dir='ltr'><strong>Et</strong></span> <span class='ocrx_word' id='word_1_738' title='bbox 2596 3997 2779 4051; x_wconf 84' lang='lat' dir='ltr'><strong>omnis</strong></span> <span class='ocrx_word' id='word_1_739' title='bbox 2826 3997 3066 4068; x_wconf 74' lang='lat' dir='ltr'><strong>populus</strong></span> <span class='ocrx_word' id='word_1_740' title='bbox 3121 3997 3341 4055; x_wconf 80' lang='lat' dir='ltr'><strong>videbat</strong></span> <span class='ocrx_word' id='word_1_741' title='bbox 3389 4015 3576 4058; x_wconf 81' lang='lat' dir='ltr'><strong>vocem</strong></span> <span class='ocrx_word' id='word_1_742' title='bbox 3627 4010 3681 4059; x_wconf 86' lang='lat' dir='ltr'><strong>et</strong></span> 
     </span>
    </p>
   </div>
   <div class='ocr_carea' id='block_1_91' title="bbox 2023 4084 3678 4163">
    <p class='ocr_par' dir='ltr' id='par_1_91' title="bbox 2023 4084 3678 4163">
     <span class='ocr_line' id='line_1_92' title="bbox 2023 4084 3678 4163; baseline 0.005 -23"><span class='ocrx_word' id='word_1_743' title='bbox 2023 4084 2306 4157; x_wconf 84' lang='lat' dir='ltr'><strong>tampades</strong></span> <span class='ocrx_word' id='word_1_744' title='bbox 2334 4090 2387 4140; x_wconf 87' lang='lat' dir='ltr'><strong>et</strong></span> <span class='ocrx_word' id='word_1_745' title='bbox 2419 4100 2600 4141; x_wconf 85' lang='lat' dir='ltr'><strong>vocem</strong></span> <span class='ocrx_word' id='word_1_746' title='bbox 2629 4086 2768 4142; x_wconf 75' lang='lat' dir='ltr'><strong>tuba:</strong></span> <span class='ocrx_word' id='word_1_747' title='bbox 2787 4085 2852 4142; x_wconf 80' lang='lat'><strong>“.</strong></span> <span class='ocrx_word' id='word_1_748' title='bbox 2884 4086 3182 4159; x_wconf 83' lang='lat' dir='ltr'><strong>Scriptum</strong></span> <span class='ocrx_word' id='word_1_749' title='bbox 3232 4105 3469 4163; x_wconf 88' lang='lat' dir='ltr'><strong>quoque</strong></span> <span class='ocrx_word' id='word_1_750' title='bbox 3497 4094 3585 4147; x_wconf 88' lang='lat' dir='ltr'><strong>est</strong></span> <span class='ocrx_word' id='word_1_751' title='bbox 3612 4089 3678 4149; x_wconf 87' lang='lat' dir='ltr'><strong>in</strong></span> 
     </span>
    </p>
   </div>
   <div class='ocr_carea' id='block_1_92' title="bbox 2019 4173 3680 4251">
    <p class='ocr_par' dir='ltr' id='par_1_92' title="bbox 2019 4173 3680 4251">
     <span class='ocr_line' id='line_1_93' title="bbox 2019 4173 3680 4251; baseline 0.005 -21"><span class='ocrx_word' id='word_1_752' title='bbox 2019 4173 2172 4231; x_wconf 84' lang='lat' dir='ltr'><strong>Isaia</strong></span> <span class='ocrx_word' id='word_1_753' title='bbox 2204 4192 2216 4232; x_wconf 91' lang='lat'>:</span> <span class='ocrx_word' id='word_1_754' title='bbox 2253 4175 2366 4231; x_wconf 72' lang='lat' dir='ltr'><strong>Vox</strong></span> <span class='ocrx_word' id='word_1_755' title='bbox 2390 4174 2620 4230; x_wconf 82' lang='lat' dir='ltr'><strong>dicentis</strong></span> <span class='ocrx_word' id='word_1_756' title='bbox 2651 4193 2669 4230; x_wconf 89' lang='lat'><strong><em>:</em></strong></span> <span class='ocrx_word' id='word_1_757' title='bbox 2702 4175 2893 4231; x_wconf 82' lang='lat' dir='ltr'><strong>Clama</strong></span> <span class='ocrx_word' id='word_1_758' title='bbox 2921 4191 2941 4232; x_wconf 88' lang='lat'><strong><em>:</em></strong></span> <span class='ocrx_word' id='word_1_759' title='bbox 2975 4176 3094 4235; x_wconf 84' lang='lat' dir='ltr'><strong>Vox</strong></span> <span class='ocrx_word' id='word_1_760' title='bbox 3140 4177 3340 4251; x_wconf 82' lang='lat' dir='ltr'><strong>itaque</strong></span> <span class='ocrx_word' id='word_1_761' title='bbox 3387 4180 3540 4237; x_wconf 87' lang='lat' dir='ltr'><strong>aeris</strong></span> <span class='ocrx_word' id='word_1_762' title='bbox 3586 4185 3680 4238; x_wconf 90' lang='lat' dir='ltr'><strong>est</strong></span> 
     </span>
    </p>
   </div>
   <div class='ocr_carea' id='block_1_93' title="bbox 2017 4264 3671 4342">
    <p class='ocr_par' dir='ltr' id='par_1_93' title="bbox 2017 4264 3671 4342">
     <span class='ocr_line' id='line_1_94' title="bbox 2017 4264 3671 4342; baseline 0.003 -21"><span class='ocrx_word' id='word_1_763' title='bbox 2017 4264 2341 4337; x_wconf 87' lang='lat' dir='ltr'><strong>percussio,</strong></span> <span class='ocrx_word' id='word_1_764' title='bbox 2374 4268 2478 4320; x_wconf 86' lang='lat' dir='ltr'><strong>aut</strong></span> <span class='ocrx_word' id='word_1_765' title='bbox 2524 4265 2749 4339; x_wconf 89' lang='lat' dir='ltr'><strong>species</strong></span> <span class='ocrx_word' id='word_1_766' title='bbox 2780 4267 3048 4337; x_wconf 71' lang='lat' dir='ltr'><strong>quaedam</strong></span> <span class='ocrx_word' id='word_1_767' title='bbox 3087 4266 3147 4323; x_wconf 89' lang='lat' dir='ltr'><strong>in</strong></span> <span class='ocrx_word' id='word_1_768' title='bbox 3179 4283 3311 4324; x_wconf 88' lang='lat' dir='ltr'><strong>aere</strong></span> <span class='ocrx_word' id='word_1_769' title='bbox 3359 4268 3671 4342; x_wconf 88' lang='lat' dir='ltr'><strong>impressa,</strong></span> 
     </span>
    </p>
   </div>
   <div class='ocr_carea' id='block_1_94' title="bbox 2017 4354 3674 4432">
    <p class='ocr_par' dir='ltr' id='par_1_94' title="bbox 2017 4354 3674 4432">
     <span class='ocr_line' id='line_1_95' title="bbox 2017 4354 3674 4432; baseline 0.002 -21"><span class='ocrx_word' id='word_1_770' title='bbox 2017 4355 2087 4411; x_wconf 89' lang='lat' dir='ltr'><strong>ad</strong></span> <span class='ocrx_word' id='word_1_771' title='bbox 2121 4370 2300 4421; x_wconf 91' lang='lat' dir='ltr'><strong>quam</strong></span> <span class='ocrx_word' id='word_1_772' title='bbox 2332 4354 2701 4410; x_wconf 86' lang='lat' dir='ltr'><strong>formandam</strong></span> <span class='ocrx_word' id='word_1_773' title='bbox 2743 4372 2935 4412; x_wconf 88' lang='lat' dir='ltr'><strong>aerem</strong></span> <span class='ocrx_word' id='word_1_774' title='bbox 2967 4361 3265 4428; x_wconf 85' lang='lat' dir='ltr'><strong>percutere</strong></span> <span class='ocrx_word' id='word_1_775' title='bbox 3294 4357 3421 4414; x_wconf 89' lang='lat' dir='ltr'><strong>vult</strong></span> <span class='ocrx_word' id='word_1_776' title='bbox 3451 4360 3553 4432; x_wconf 90' lang='lat' dir='ltr'><strong>qui</strong></span> <span class='ocrx_word' id='word_1_777' title='bbox 3581 4359 3674 4416; x_wconf 89' lang='lat' dir='ltr'><strong>lo-</strong></span> 
     </span>
    </p>
   </div>
   <div class='ocr_carea' id='block_1_95' title="bbox 2016 4443 3675 4516">
    <p class='ocr_par' dir='ltr' id='par_1_95' title="bbox 2016 4443 3675 4516">
     <span class='ocr_line' id='line_1_96' title="bbox 2016 4443 3675 4516; baseline 0.004 -16"><span class='ocrx_word' id='word_1_778' title='bbox 2016 4444 2237 4514; x_wconf 89' lang='lat' dir='ltr'><strong>quitur.</strong></span> <span class='ocrx_word' id='word_1_779' title='bbox 2269 4443 2379 4510; x_wconf 90' lang='lat' dir='ltr'><strong>Qui</strong></span> <span class='ocrx_word' id='word_1_780' title='bbox 2408 4443 2608 4516; x_wconf 70' lang='lat' dir='ltr'><strong>itaque</strong></span> <span class='ocrx_word' id='word_1_781' title='bbox 2638 4443 2832 4501; x_wconf 89' lang='lat' dir='ltr'><strong>carnis</strong></span> <span class='ocrx_word' id='word_1_782' title='bbox 2883 4446 3151 4503; x_wconf 91' lang='lat' dir='ltr'><strong>subsidio</strong></span> <span class='ocrx_word' id='word_1_783' title='bbox 3198 4445 3354 4505; x_wconf 89' lang='lat' dir='ltr'><strong>inter</strong></span> <span class='ocrx_word' id='word_1_784' title='bbox 3379 4462 3443 4504; x_wconf 89' lang='lat' dir='ltr'><strong>se</strong></span> <span class='ocrx_word' id='word_1_785' title='bbox 3474 4448 3675 4506; x_wconf 87' lang='lat' dir='ltr'><strong>confa-</strong></span> 
     </span>
    </p>
   </div>
   <div class='ocr_carea' id='block_1_96' title="bbox 2017 4533 3674 4607">
    <p class='ocr_par' dir='ltr' id='par_1_96' title="bbox 2017 4533 3674 4607">
     <span class='ocr_line' id='line_1_97' title="bbox 2017 4533 3674 4607; baseline 0.005 -19"><span class='ocrx_word' id='word_1_786' title='bbox 2017 4533 2320 4601; x_wconf 88' lang='lat' dir='ltr'><strong>bulantur,</strong></span> <span class='ocrx_word' id='word_1_787' title='bbox 2371 4534 2768 4607; x_wconf 88' lang='lat' dir='ltr'><strong>percutientes</strong></span> <span class='ocrx_word' id='word_1_788' title='bbox 2827 4550 3044 4607; x_wconf 88' lang='lat' dir='ltr'><strong>aerem,</strong></span> <span class='ocrx_word' id='word_1_789' title='bbox 3095 4540 3153 4593; x_wconf 89' lang='lat' dir='ltr'><strong>et</strong></span> <span class='ocrx_word' id='word_1_790' title='bbox 3206 4536 3366 4592; x_wconf 90' lang='lat' dir='ltr'><strong>velut</strong></span> <span class='ocrx_word' id='word_1_791' title='bbox 3421 4536 3674 4596; x_wconf 88' lang='lat' dir='ltr'><strong>formam</strong></span> 
     </span>
    </p>
   </div>
   <div class='ocr_carea' id='block_1_97' title="bbox 1941 4623 3677 4707">
    <p class='ocr_par' dir='ltr' id='par_1_97' title="bbox 1941 4623 3677 4707">
     <span class='ocr_line' id='line_1_98' title="bbox 1941 4623 3677 4707; baseline 0.003 -28"><span class='ocrx_word' id='word_1_792' title='bbox 1941 4642 1984 4707; x_wconf 70' lang='grc' dir='ltr'>Ι)</span> <span class='ocrx_word' id='word_1_793' title='bbox 2016 4623 2335 4695; x_wconf 89' lang='lat' dir='ltr'><strong>quamdam</strong></span> <span class='ocrx_word' id='word_1_794' title='bbox 2394 4640 2461 4680; x_wconf 89' lang='lat' dir='ltr'><strong>ac</strong></span> <span class='ocrx_word' id='word_1_795' title='bbox 2518 4624 2774 4698; x_wconf 89' lang='lat' dir='ltr'><strong>speciem</strong></span> <span class='ocrx_word' id='word_1_796' title='bbox 2839 4624 2893 4682; x_wconf 89' lang='lat' dir='ltr'><strong>ei</strong></span> <span class='ocrx_word' id='word_1_797' title='bbox 2957 4625 3405 4700; x_wconf 88' lang='lat' dir='ltr'><strong>imprimentes,</strong></span> <span class='ocrx_word' id='word_1_798' title='bbox 3465 4628 3677 4701; x_wconf 83' lang='lat' dir='ltr'><strong>spiritu</strong></span> 
     </span>
    </p>
   </div>
   <div class='ocr_carea' id='block_1_98' title="bbox 2016 4711 3675 4789">
    <p class='ocr_par' dir='ltr' id='par_1_98' title="bbox 2016 4711 3675 4789">
     <span class='ocr_line' id='line_1_99' title="bbox 2016 4711 3675 4789; baseline 0.004 -22"><span class='ocrx_word' id='word_1_799' title='bbox 2016 4711 2175 4768; x_wconf 88' lang='lat' dir='ltr'><strong>hunc</strong></span> <span class='ocrx_word' id='word_1_800' title='bbox 2206 4727 2399 4769; x_wconf 88' lang='lat' dir='ltr'><strong>aerem</strong></span> <span class='ocrx_word' id='word_1_801' title='bbox 2439 4711 2775 4786; x_wconf 90' lang='lat' dir='ltr'><strong>impellunt,</strong></span> <span class='ocrx_word' id='word_1_802' title='bbox 2808 4719 2875 4770; x_wconf 92' lang='lat' dir='ltr'><strong>ut</strong></span> <span class='ocrx_word' id='word_1_803' title='bbox 2905 4715 2978 4770; x_wconf 85' lang='lat' dir='ltr'><strong>ad</strong></span> <span class='ocrx_word' id='word_1_804' title='bbox 3009 4731 3183 4773; x_wconf 88' lang='lat' dir='ltr'><strong>aures</strong></span> <span class='ocrx_word' id='word_1_805' title='bbox 3232 4716 3362 4788; x_wconf 89' lang='lat' dir='ltr'><strong>ejus</strong></span> <span class='ocrx_word' id='word_1_806' title='bbox 3393 4717 3466 4772; x_wconf 89' lang='lat' dir='ltr'><strong>ad</strong></span> <span class='ocrx_word' id='word_1_807' title='bbox 3499 4732 3675 4789; x_wconf 87' lang='lat' dir='ltr'><strong>quem</strong></span> 
     </span>
    </p>
   </div>
   <div class='ocr_carea' id='block_1_99' title="bbox 1748 4810 1908 4887">
    <p class='ocr_par' dir='ltr' id='par_1_99' title="bbox 1748 4825 1908 4887">
     <span class='ocr_line' id='line_1_100' title="bbox 1748 4825 1908 4887; baseline 0 0"><span class='ocrx_word' id='word_1_808' title='bbox 1748 4825 1804 4881; x_wconf 86' lang='lat' dir='ltr'><strong>P-</strong></span> <span class='ocrx_word' id='word_1_809' title='bbox 1845 4826 1908 4887; x_wconf 67' lang='grc' dir='ltr'>ψ</span> 
     </span>
    </p>
   </div>
   <div class='ocr_carea' id='block_1_100' title="bbox 2022 4810 3674 4887">
    <p class='ocr_par' dir='ltr' id='par_1_100' title="bbox 2022 4810 3674 4887">
     <span class='ocr_line' id='line_1_101' title="bbox 2022 4810 3674 4887; baseline 0.005 -24"><span class='ocrx_word' id='word_1_810' title='bbox 2022 4814 2052 4866; x_wconf 67' lang='grc' dir='ltr'>ν.</span> <span class='ocrx_word' id='word_1_811' title='bbox 2130 4810 2175 4846; x_wconf 73' lang='grc'><strong><em>⁵⁸</em></strong></span> <span class='ocrx_word' id='word_1_812' title='bbox 2198 4810 2424 4887; x_wconf 67' lang='grc' dir='ltr'>ροιοεε.</span> <span class='ocrx_word' id='word_1_813' title='bbox 2477 4828 2562 4884; x_wconf 84' lang='lat' dir='ltr'><strong>In,</strong></span> <span class='ocrx_word' id='word_1_814' title='bbox 2617 4811 2672 4868; x_wconf 89' lang='grc'><strong>5.</strong></span> <span class='ocrx_word' id='word_1_815' title='bbox 2748 4812 2794 4849; x_wconf 78' lang='grc' dir='ltr'><strong>⁸ο</strong></span> <span class='ocrx_word' id='word_1_816' title='bbox 2822 4812 2966 4870; x_wconf 89' lang='lat' dir='ltr'><strong>Gen.</strong></span> <span class='ocrx_word' id='word_1_817' title='bbox 3017 4830 3112 4887; x_wconf 88' lang='lat' dir='ltr'><strong>xv,</strong></span> <span class='ocrx_word' id='word_1_818' title='bbox 3164 4814 3286 4872; x_wconf 79' lang='lat'><strong>1-2.</strong></span> <span class='ocrx_word' id='word_1_819' title='bbox 3360 4815 3406 4852; x_wconf 69' lang='grc' dir='ltr'><strong><em>οι</em></strong></span> <span class='ocrx_word' id='word_1_820' title='bbox 3437 4813 3586 4872; x_wconf 93' lang='lat' dir='ltr'><strong>Ibid.</strong></span> <span class='ocrx_word' id='word_1_821' title='bbox 3618 4815 3674 4872; x_wconf 84' lang='grc'>4.</span> 
     </span>
    </p>
   </div>
   <div class='ocr_carea' id='block_1_101' title="bbox 247 4872 1908 4953">
    <p class='ocr_par' dir='ltr' id='par_1_101' title="bbox 247 4872 1894 4945">
     <span class='ocr_line' id='line_1_102' title="bbox 247 4872 1894 4945; baseline 0.004 -17"><span class='ocrx_word' id='word_1_822' title='bbox 247 4872 295 4908; x_wconf 86' lang='grc'>⁶²</span> <span class='ocrx_word' id='word_1_823' title='bbox 326 4873 507 4930; x_wconf 78' lang='lat' dir='ltr'><strong>Exod.</strong></span> <span class='ocrx_word' id='word_1_824' title='bbox 538 4890 653 4943; x_wconf 75' lang='lat' dir='ltr'><strong>Xlx,</strong></span> <span class='ocrx_word' id='word_1_825' title='bbox 689 4875 775 4929; x_wconf 92' lang='grc'>11.</span> <span class='ocrx_word' id='word_1_826' title='bbox 803 4899 807 4904; x_wconf 89' lang='grc'>·</span> <span class='ocrx_word' id='word_1_827' title='bbox 852 4875 898 4910; x_wconf 79' lang='grc'><strong>⁸³</strong></span> <span class='ocrx_word' id='word_1_828' title='bbox 928 4875 1075 4932; x_wconf 92' lang='lat' dir='ltr'><strong>lbid.</strong></span> <span class='ocrx_word' id='word_1_829' title='bbox 1111 4877 1198 4933; x_wconf 92' lang='grc'><strong>13.</strong></span> <span class='ocrx_word' id='word_1_830' title='bbox 1247 4872 1320 4913; x_wconf 71' lang='grc'><strong>’⁸⁸</strong></span> <span class='ocrx_word' id='word_1_831' title='bbox 1346 4878 1526 4934; x_wconf 87' lang='lat' dir='ltr'><strong>Exod.</strong></span> <span class='ocrx_word' id='word_1_832' title='bbox 1558 4895 1652 4945; x_wconf 85' lang='lat' dir='ltr'><strong>xx,</strong></span> <span class='ocrx_word' id='word_1_833' title='bbox 1686 4872 1771 4935; x_wconf 78' lang='grc'>1’8’.</span> <span class='ocrx_word' id='word_1_834' title='bbox 1848 4882 1894 4916; x_wconf 68' lang='grc'><strong>⁸⁸</strong></span> 
     </span>
    </p>
   </div>
   <div class='ocr_carea' id='block_1_102' title="bbox 2022 4872 2242 4953">
    <p class='ocr_par' dir='ltr' id='par_1_102' title="bbox 2022 4882 2242 4953">
     <span class='ocr_line' id='line_1_103' title="bbox 2022 4882 2242 4953; baseline 0.005 -16"><span class='ocrx_word' id='word_1_835' title='bbox 2022 4923 2035 4941; x_wconf 93' lang='grc'><strong>.</strong></span> <span class='ocrx_word' id='word_1_836' title='bbox 2067 4899 2158 4953; x_wconf 74' lang='grc' dir='ltr'>η,</span> <span class='ocrx_word' id='word_1_837' title='bbox 2187 4882 2242 4938; x_wconf 89' lang='grc'>6.</span> 
     </span>
    </p>
   </div>
   <div class='ocr_carea' id='block_1_103' title="bbox 320 4969 1904 5051">
    <p class='ocr_par' dir='ltr' id='par_1_103' title="bbox 320 4969 1904 5051">
     <span class='ocr_line' id='line_1_104' title="bbox 320 4969 1904 5051; baseline 0.002 -23"><span class='ocrx_word' id='word_1_838' title='bbox 320 4971 466 5045; x_wconf 82' lang='grc'>(4-5)</span> <span class='ocrx_word' id='word_1_839' title='bbox 497 4973 665 5051; x_wconf 76' lang='lat' dir='ltr'><strong>Deest</strong></span> <span class='ocrx_word' id='word_1_840' title='bbox 702 4969 912 5051; x_wconf 63' lang='lat' dir='ltr'><strong>7dp__in</strong></span> <span class='ocrx_word' id='word_1_841' title='bbox 962 4976 1182 5051; x_wconf 80' lang='lat' dir='ltr'><strong>nostris</strong></span> <span class='ocrx_word' id='word_1_842' title='bbox 1223 4993 1367 5032; x_wconf 86' lang='lat' dir='ltr'><strong>mss.</strong></span> <span class='ocrx_word' id='word_1_843' title='bbox 1400 4979 1525 5032; x_wconf 85' lang='lat' dir='ltr'><strong>Mox</strong></span> <span class='ocrx_word' id='word_1_844' title='bbox 1573 4976 1673 5034; x_wconf 87' lang='lat' dir='ltr'><strong>illa</strong></span> <span class='ocrx_word' id='word_1_845' title='bbox 1724 4976 1904 5051; x_wconf 82' lang='grc' dir='ltr'>ὥσπερ</span> 
     </span>
    </p>
   </div>
   <div class='ocr_carea' id='block_1_104' title="bbox 284 5044 1908 5121">
    <p class='ocr_par' dir='ltr' id='par_1_104' title="bbox 284 5044 1908 5121">
     <span class='ocr_line' id='line_1_105' title="bbox 284 5044 1908 5121; baseline 0.006 -25"><span class='ocrx_word' id='word_1_846' title='bbox 284 5044 373 5119; x_wconf 67' lang='lat' dir='ltr'><strong>ap,</strong></span> <span class='ocrx_word' id='word_1_847' title='bbox 404 5051 540 5121; x_wconf 75' lang='lat' dir='ltr'><strong>etc.,</strong></span> <span class='ocrx_word' id='word_1_848' title='bbox 572 5044 659 5121; x_wconf 82' lang='lat' dir='ltr'><strong>sic</strong></span> <span class='ocrx_word' id='word_1_849' title='bbox 690 5044 1342 5121; x_wconf 71' lang='lat' dir='ltr'><strong>reddideratinterpres</strong></span> <span class='ocrx_word' id='word_1_850' title='bbox 1371 5053 1537 5105; x_wconf 89' lang='lat' dir='ltr'><strong>vetus</strong></span> <span class='ocrx_word' id='word_1_851' title='bbox 1565 5066 1579 5105; x_wconf 89' lang='lat'>:</span> <span class='ocrx_word' id='word_1_852' title='bbox 1614 5051 1694 5105; x_wconf 87' lang='lat' dir='ltr'><strong>Ita</strong></span> <span class='ocrx_word' id='word_1_853' title='bbox 1721 5055 1775 5106; x_wconf 90' lang='lat' dir='ltr'><strong>et</strong></span> <span class='ocrx_word' id='word_1_854' title='bbox 1805 5044 1908 5108; x_wconf 73' lang='lat' dir='ltr'><strong>au-</strong></span> 
     </span>
    </p>
   </div>
   <div class='ocr_carea' id='block_1_105' title="bbox 305 5117 1907 5192">
    <p class='ocr_par' dir='ltr' id='par_1_105' title="bbox 305 5117 1907 5192">
     <span class='ocr_line' id='line_1_106' title="bbox 305 5117 1907 5192; baseline 0.007 -23"><span class='ocrx_word' id='word_1_855' title='bbox 305 5117 361 5169; x_wconf 81' lang='lat' dir='ltr'><strong>m</strong></span> <span class='ocrx_word' id='word_1_856' title='bbox 388 5117 505 5192; x_wconf 81' lang='lat' dir='ltr'><strong>ejus</strong></span> <span class='ocrx_word' id='word_1_857' title='bbox 534 5119 887 5192; x_wconf 86' lang='lat' dir='ltr'><strong>siv_e_atrium</strong></span> <span class='ocrx_word' id='word_1_858' title='bbox 929 5118 1173 5190; x_wconf 85' lang='lat' dir='ltr'><strong>undique</strong></span> <span class='ocrx_word' id='word_1_859' title='bbox 1197 5117 1371 5192; x_wconf 78' lang='lat' dir='ltr'><strong>potest</strong></span> <span class='ocrx_word' id='word_1_860' title='bbox 1415 5123 1654 5192; x_wconf 81' lang='lat' dir='ltr'><strong>cingere.</strong></span> <span class='ocrx_word' id='word_1_861' title='bbox 1688 5122 1802 5180; x_wconf 86' lang='lat' dir='ltr'><strong>Sed</strong></span> <span class='ocrx_word' id='word_1_862' title='bbox 1836 5140 1907 5180; x_wconf 90' lang='lat' dir='ltr'><strong>ne</strong></span> 
     </span>
    </p>
   </div>
   <div class='ocr_carea' id='block_1_106' title="bbox 204 5188 1905 5266">
    <p class='ocr_par' dir='ltr' id='par_1_106' title="bbox 204 5188 1905 5266">
     <span class='ocr_line' id='line_1_107' title="bbox 204 5188 1905 5266; baseline 0.007 -26"><span class='ocrx_word' id='word_1_863' title='bbox 204 5192 219 5206; x_wconf 86' lang='lat'><strong>‘</strong></span> <span class='ocrx_word' id='word_1_864' title='bbox 249 5188 497 5266; x_wconf 81' lang='lat' dir='ltr'><strong>accessit</strong></span> <span class='ocrx_word' id='word_1_865' title='bbox 526 5189 765 5266; x_wconf 82' lang='lat' dir='ltr'><strong>quidem</strong></span> <span class='ocrx_word' id='word_1_866' title='bbox 800 5192 872 5247; x_wconf 88' lang='lat' dir='ltr'><strong>ad</strong></span> <span class='ocrx_word' id='word_1_867' title='bbox 906 5188 1163 5266; x_wconf 76' lang='lat' dir='ltr'><strong>mentem</strong></span> <span class='ocrx_word' id='word_1_868' title='bbox 1197 5188 1605 5266; x_wconf 55' lang='lat' dir='ltr'><strong>&#39;auctorist</strong></span> <span class='ocrx_word' id='word_1_869' title='bbox 1636 5195 1905 5266; x_wconf 86' lang='lat' dir='ltr'><strong>verbum,</strong></span> 
     </span>
    </p>
   </div>
   <div class='ocr_carea' id='block_1_107' title="bbox 245 5260 1909 5332">
    <p class='ocr_par' dir='ltr' id='par_1_107' title="bbox 245 5260 1909 5332">
     <span class='ocr_line' id='line_1_108' title="bbox 245 5260 1909 5332; baseline 0.007 -19"><span class='ocrx_word' id='word_1_870' title='bbox 245 5260 326 5314; x_wconf 87' lang='lat' dir='ltr'><strong>sic</strong></span> <span class='ocrx_word' id='word_1_871' title='bbox 353 5264 404 5315; x_wconf 87' lang='lat' dir='ltr'><strong>et</strong></span> <span class='ocrx_word' id='word_1_872' title='bbox 440 5260 638 5316; x_wconf 70' lang='lat' dir='ltr'><strong>autaut</strong></span> <span class='ocrx_word' id='word_1_873' title='bbox 684 5267 858 5332; x_wconf 84' lang='lat' dir='ltr'><strong>potest</strong></span> <span class='ocrx_word' id='word_1_874' title='bbox 906 5263 1134 5321; x_wconf 81' lang='lat' dir='ltr'><strong>induere</strong></span> <span class='ocrx_word' id='word_1_875' title='bbox 1162 5281 1183 5320; x_wconf 85' lang='lat'><strong><em>:</em></strong></span> <span class='ocrx_word' id='word_1_876' title='bbox 1213 5264 1324 5322; x_wconf 88' lang='lat' dir='ltr'><strong>hoc</strong></span> <span class='ocrx_word' id='word_1_877' title='bbox 1372 5268 1486 5332; x_wconf 89' lang='lat' dir='ltr'><strong>est,</strong></span> <span class='ocrx_word' id='word_1_878' title='bbox 1536 5271 1709 5332; x_wconf 81' lang='lat' dir='ltr'><strong>potest</strong></span> <span class='ocrx_word' id='word_1_879' title='bbox 1760 5260 1909 5327; x_wconf 64' lang='lat' dir='ltr'><strong>aulae</strong></span> 
     </span>
    </p>
   </div>
   <div class='ocr_carea' id='block_1_108' title="bbox 243 5333 1910 5412">
    <p class='ocr_par' dir='ltr' id='par_1_108' title="bbox 243 5333 1910 5412">
     <span class='ocr_line' id='line_1_109' title="bbox 243 5333 1910 5412; baseline 0.007 -25"><span class='ocrx_word' id='word_1_880' title='bbox 243 5335 486 5412; x_wconf 80' lang='lat' dir='ltr'><strong>formam</strong></span> <span class='ocrx_word' id='word_1_881' title='bbox 515 5333 798 5412; x_wconf 74' lang='lat' dir='ltr'><strong>exhibere,</strong></span> <span class='ocrx_word' id='word_1_882' title='bbox 831 5351 961 5403; x_wconf 86' lang='lat' dir='ltr'><strong>seu,</strong></span> <span class='ocrx_word' id='word_1_883' title='bbox 992 5338 1108 5392; x_wconf 85' lang='lat' dir='ltr'><strong>vice</strong></span> <span class='ocrx_word' id='word_1_884' title='bbox 1137 5338 1290 5396; x_wconf 67' lang='lat' dir='ltr'><strong>auLz</strong></span> <span class='ocrx_word' id='word_1_885' title='bbox 1327 5341 1500 5408; x_wconf 82' lang='lat' dir='ltr'><strong>potest</strong></span> <span class='ocrx_word' id='word_1_886' title='bbox 1524 5333 1711 5411; x_wconf 77' lang='lat' dir='ltr'><strong>fungi,</strong></span> <span class='ocrx_word' id='word_1_887' title='bbox 1737 5345 1910 5412; x_wconf 85' lang='lat' dir='ltr'><strong>potest</strong></span> 
     </span>
    </p>
   </div>
   <div class='ocr_carea' id='block_1_109' title="bbox 244 5404 705 5462">
    <p class='ocr_par' dir='ltr' id='par_1_109' title="bbox 244 5404 705 5462">
     <span class='ocr_line' id='line_1_110' title="bbox 244 5404 705 5462; baseline 0.002 -3"><span class='ocrx_word' id='word_1_888' title='bbox 244 5419 367 5459; x_wconf 87' lang='lat' dir='ltr'><strong>esse</strong></span> <span class='ocrx_word' id='word_1_889' title='bbox 393 5404 506 5459; x_wconf 87' lang='lat' dir='ltr'><strong>loco</strong></span> <span class='ocrx_word' id='word_1_890' title='bbox 534 5405 705 5462; x_wconf 69' lang='lat' dir='ltr'><strong>aulae.</strong></span> 
     </span>
    </p>
   </div>
   <div class='ocr_carea' id='block_1_110' title="bbox 316 5474 1909 5554">
    <p class='ocr_par' dir='ltr' id='par_1_110' title="bbox 316 5474 1909 5554">
     <span class='ocr_line' id='line_1_111' title="bbox 316 5474 1909 5554; baseline 0.008 -24"><span class='ocrx_word' id='word_1_891' title='bbox 316 5474 570 5554; x_wconf 13' lang='lat' dir='ltr'><strong>(‘6)7Reg.</strong></span> <span class='ocrx_word' id='word_1_892' title='bbox 604 5481 872 5554; x_wconf 81' lang='lat' dir='ltr'><strong>quartus,</strong></span> <span class='ocrx_word' id='word_1_893' title='bbox 903 5480 983 5550; x_wconf 77' lang='grc' dir='ltr'>τῷ</span> <span class='ocrx_word' id='word_1_894' title='bbox 1030 5480 1166 5550; x_wconf 74' lang='grc' dir='ltr'>Θεῷ.</span> <span class='ocrx_word' id='word_1_895' title='bbox 1200 5480 1334 5537; x_wconf 83' lang='lat' dir='ltr'><strong>Mox</strong></span> <span class='ocrx_word' id='word_1_896' title='bbox 1375 5480 1541 5554; x_wconf 85' lang='lat' dir='ltr'><strong>Regii</strong></span> <span class='ocrx_word' id='word_1_897' title='bbox 1573 5486 1820 5554; x_wconf 87' lang='lat' dir='ltr'><strong>quartus</strong></span> <span class='ocrx_word' id='word_1_898' title='bbox 1850 5487 1909 5541; x_wconf 90' lang='lat' dir='ltr'><strong>et</strong></span> 
     </span>
    </p>
   </div>
   <div class='ocr_carea' id='block_1_111' title="bbox 247 5546 818 5620">
    <p class='ocr_par' dir='ltr' id='par_1_111' title="bbox 247 5546 818 5620">
     <span class='ocr_line' id='line_1_112' title="bbox 247 5546 818 5620; baseline 0.004 -17"><span class='ocrx_word' id='word_1_899' title='bbox 247 5546 497 5620; x_wconf 70' lang='lat' dir='ltr'><strong>quintus</strong></span> <span class='ocrx_word' id='word_1_900' title='bbox 525 5546 818 5611; x_wconf 85' lang='grc' dir='ltr'>συνιέντος.</span> 
     </span>
    </p>
   </div>
   <div class='ocr_carea' id='block_1_112' title="bbox 319 5618 1911 5696">
    <p class='ocr_par' dir='ltr' id='par_1_112' title="bbox 319 5618 1911 5696">
     <span class='ocr_line' id='line_1_113' title="bbox 319 5618 1911 5696; baseline 0.006 -20"><span class='ocrx_word' id='word_1_901' title='bbox 431 5619 573 5692; x_wconf 81' lang='lat' dir='ltr'><strong>Reg.</strong></span> <span class='ocrx_word' id='word_1_902' title='bbox 625 5626 872 5692; x_wconf 85' lang='lat' dir='ltr'><strong>quartus</strong></span> <span class='ocrx_word' id='word_1_903' title='bbox 918 5623 1413 5696; x_wconf 74' lang='grc' dir='ltr'>προσκυνήσουσιν.</span> <span class='ocrx_word' id='word_1_904' title='bbox 1466 5625 1621 5684; x_wconf 82' lang='lat' dir='ltr'><strong>Editi</strong></span> <span class='ocrx_word' id='word_1_905' title='bbox 1668 5643 1802 5685; x_wconf 91' lang='lat' dir='ltr'><strong>vero</strong></span> <span class='ocrx_word' id='word_1_906' title='bbox 1853 5632 1911 5686; x_wconf 83' lang='lat' dir='ltr'><strong>et</strong></span> 
     </span>
    </p>
   </div>
   <div class='ocr_carea' id='block_1_113' title="bbox 249 5692 1134 5766">
    <p class='ocr_par' dir='ltr' id='par_1_113' title="bbox 249 5692 1134 5766">
     <span class='ocr_line' id='line_1_114' title="bbox 249 5692 1134 5766; baseline 0.003 -19"><span class='ocrx_word' id='word_1_907' title='bbox 249 5692 366 5766; x_wconf 64' lang='lat' dir='ltr'><strong>alii</strong></span> <span class='ocrx_word' id='word_1_908' title='bbox 383 5698 504 5766; x_wconf 81' lang='lat' dir='ltr'><strong>tres</strong></span> <span class='ocrx_word' id='word_1_909' title='bbox 536 5708 682 5748; x_wconf 90' lang='lat' dir='ltr'><strong>mss.</strong></span> <span class='ocrx_word' id='word_1_910' title='bbox 715 5692 1134 5766; x_wconf 84' lang='grc' dir='ltr'>προσκυνοῦσιν.</span> 
     </span>
    </p>
   </div>
   <div class='ocr_carea' id='block_1_114' title="bbox 318 5763 1907 5846">
    <p class='ocr_par' dir='ltr' id='par_1_114' title="bbox 318 5763 1907 5846">
     <span class='ocr_line' id='line_1_115' title="bbox 318 5763 1907 5846; baseline 0.006 -28"><span class='ocrx_word' id='word_1_911' title='bbox 318 5763 510 5837; x_wconf 86' lang='lat' dir='ltr'><strong>(8)Sic</strong></span> <span class='ocrx_word' id='word_1_912' title='bbox 532 5768 652 5822; x_wconf 88' lang='lat' dir='ltr'><strong>tres</strong></span> <span class='ocrx_word' id='word_1_913' title='bbox 674 5763 823 5823; x_wconf 83' lang='lat' dir='ltr'><strong>mss.</strong></span> <span class='ocrx_word' id='word_1_914' title='bbox 849 5769 918 5823; x_wconf 87' lang='lat' dir='ltr'><strong>At</strong></span> <span class='ocrx_word' id='word_1_915' title='bbox 939 5766 1080 5823; x_wconf 83' lang='lat' dir='ltr'><strong>editi</strong></span> <span class='ocrx_word' id='word_1_916' title='bbox 1102 5784 1237 5825; x_wconf 88' lang='lat' dir='ltr'><strong>cum</strong></span> <span class='ocrx_word' id='word_1_917' title='bbox 1260 5771 1401 5842; x_wconf 86' lang='lat' dir='ltr'><strong>Reg.</strong></span> <span class='ocrx_word' id='word_1_918' title='bbox 1426 5773 1634 5843; x_wconf 87' lang='lat' dir='ltr'><strong>quarto</strong></span> <span class='ocrx_word' id='word_1_919' title='bbox 1656 5767 1907 5846; x_wconf 72' lang='grc' dir='ltr'>εὕρομεν.</span> 
     </span>
    </p>
   </div>
   <div class='ocr_carea' id='block_1_115' title="bbox 570 5891 1241 5959">
    <p class='ocr_par' dir='ltr' id='par_1_115' title="bbox 570 5891 1241 5959">
     <span class='ocr_line' id='line_1_116' title="bbox 570 5891 1241 5959; baseline 0.007 -7"><span class='ocrx_word' id='word_1_920' title='bbox 570 5891 843 5959; x_wconf 65' lang='lat' dir='ltr'><strong>Panos.</strong></span> <span class='ocrx_word' id='word_1_921' title='bbox 890 5893 1003 5959; x_wconf 81' lang='lat' dir='ltr'><strong>Gs.</strong></span> <span class='ocrx_word' id='word_1_922' title='bbox 1049 5893 1241 5958; x_wconf 75' lang='lat' dir='ltr'><strong>XXX.</strong></span> 
     </span>
    </p>
   </div>
   <div class='ocr_carea' id='block_1_116' title="bbox 2091 4978 3674 5052">
    <p class='ocr_par' dir='ltr' id='par_1_116' title="bbox 2091 4978 3674 5052">
     <span class='ocr_line' id='line_1_117' title="bbox 2091 4978 3674 5052; baseline 0.005 -18"><span class='ocrx_word' id='word_1_923' title='bbox 2091 4980 2163 5049; x_wconf 87' lang='lat'><strong>(9)</strong></span> <span class='ocrx_word' id='word_1_924' title='bbox 2196 4980 2323 5051; x_wconf 88' lang='lat' dir='ltr'><strong>Illa,</strong></span> <span class='ocrx_word' id='word_1_925' title='bbox 2380 4978 2654 5052; x_wconf 11' lang='grc' dir='ltr'>καὶῄδταν</span> <span class='ocrx_word' id='word_1_926' title='bbox 2712 4980 2788 5052; x_wconf 73' lang='grc' dir='ltr'>αἱ,</span> <span class='ocrx_word' id='word_1_927' title='bbox 2840 4986 2975 5051; x_wconf 89' lang='lat' dir='ltr'><strong>etc.,</strong></span> <span class='ocrx_word' id='word_1_928' title='bbox 3033 4984 3310 5041; x_wconf 89' lang='lat' dir='ltr'><strong>restituta</strong></span> <span class='ocrx_word' id='word_1_929' title='bbox 3363 4982 3546 5042; x_wconf 83' lang='lat' dir='ltr'><strong>fuisse</strong></span> <span class='ocrx_word' id='word_1_930' title='bbox 3603 4999 3674 5042; x_wconf 82' lang='lat' dir='ltr'><strong>ex</strong></span> 
     </span>
    </p>
   </div>
   <div class='ocr_carea' id='block_1_117' title="bbox 2014 5050 3669 5125">
    <p class='ocr_par' dir='ltr' id='par_1_117' title="bbox 2014 5050 3669 5125">
     <span class='ocr_line' id='line_1_118' title="bbox 2014 5050 3669 5125; baseline 0.002 -16"><span class='ocrx_word' id='word_1_931' title='bbox 2014 5050 2324 5125; x_wconf 57' lang='lat' dir='ltr'><strong>Scriptura;</strong></span> <span class='ocrx_word' id='word_1_932' title='bbox 2353 5050 2546 5109; x_wconf 88' lang='lat' dir='ltr'><strong>verbis</strong></span> <span class='ocrx_word' id='word_1_933' title='bbox 2604 5050 2803 5111; x_wconf 87' lang='lat' dir='ltr'><strong>monet</strong></span> <span class='ocrx_word' id='word_1_934' title='bbox 2854 5055 3119 5113; x_wconf 62' lang='lat' dir='ltr'><strong>Ducmus.</strong></span> <span class='ocrx_word' id='word_1_935' title='bbox 3151 5056 3266 5113; x_wconf 82' lang='lat' dir='ltr'><strong>Nec</strong></span> <span class='ocrx_word' id='word_1_936' title='bbox 3314 5055 3484 5112; x_wconf 87' lang='lat' dir='ltr'><strong>aliter</strong></span> <span class='ocrx_word' id='word_1_937' title='bbox 3541 5057 3669 5113; x_wconf 83' lang='lat' dir='ltr'><strong>ﬁeri</strong></span> 
     </span>
    </p>
   </div>
   <div class='ocr_carea' id='block_1_118' title="bbox 2018 5126 3669 5199">
    <p class='ocr_par' dir='ltr' id='par_1_118' title="bbox 2018 5126 3669 5199">
     <span class='ocr_line' id='line_1_119' title="bbox 2018 5126 3669 5199; baseline 0.003 -18"><span class='ocrx_word' id='word_1_938' title='bbox 2018 5126 2227 5199; x_wconf 88' lang='lat' dir='ltr'><strong>potuit,</strong></span> <span class='ocrx_word' id='word_1_939' title='bbox 2269 5140 2400 5181; x_wconf 89' lang='lat' dir='ltr'><strong>cum</strong></span> <span class='ocrx_word' id='word_1_940' title='bbox 2431 5126 2561 5199; x_wconf 23' lang='lat' dir='ltr'><strong>Ahoo</strong></span> <span class='ocrx_word' id='word_1_941' title='bbox 2612 5126 2738 5185; x_wconf 91' lang='lat' dir='ltr'><strong>loco</strong></span> <span class='ocrx_word' id='word_1_942' title='bbox 2786 5129 3052 5183; x_wconf 84' lang='lat' dir='ltr'><strong>mendosi</strong></span> <span class='ocrx_word' id='word_1_943' title='bbox 3106 5127 3223 5199; x_wconf 85' lang='lat' dir='ltr'><strong>sint</strong></span> <span class='ocrx_word' id='word_1_944' title='bbox 3271 5131 3493 5185; x_wconf 85' lang='lat' dir='ltr'><strong>veteres</strong></span> <span class='ocrx_word' id='word_1_945' title='bbox 3538 5132 3669 5186; x_wconf 86' lang='lat' dir='ltr'><strong>tum</strong></span> 
     </span>
    </p>
   </div>
   <div class='ocr_carea' id='block_1_119' title="bbox 2018 5196 3670 5272">
    <p class='ocr_par' dir='ltr' id='par_1_119' title="bbox 2018 5196 3670 5272">
     <span class='ocr_line' id='line_1_120' title="bbox 2018 5196 3670 5272; baseline 0.002 -19"><span class='ocrx_word' id='word_1_946' title='bbox 2018 5196 2199 5272; x_wconf 67' lang='lat' dir='ltr'><strong>manu</strong></span> <span class='ocrx_word' id='word_1_947' title='bbox 2229 5196 2468 5272; x_wconf 64' lang='lat' dir='ltr'><strong>exarati,</strong></span> <span class='ocrx_word' id='word_1_948' title='bbox 2502 5204 2629 5272; x_wconf 80' lang='lat' dir='ltr'><strong>tum</strong></span> <span class='ocrx_word' id='word_1_949' title='bbox 2676 5199 2830 5272; x_wconf 86' lang='lat' dir='ltr'><strong>typis</strong></span> <span class='ocrx_word' id='word_1_950' title='bbox 2874 5200 3146 5272; x_wconf 86' lang='lat' dir='ltr'><strong>impressi</strong></span> <span class='ocrx_word' id='word_1_951' title='bbox 3177 5198 3335 5272; x_wconf 75' lang='lat' dir='ltr'><strong>libri.</strong></span> <span class='ocrx_word' id='word_1_952' title='bbox 3368 5201 3462 5256; x_wconf 85' lang='lat' dir='ltr'><strong>Sic</strong></span> <span class='ocrx_word' id='word_1_953' title='bbox 3511 5201 3670 5257; x_wconf 89' lang='lat' dir='ltr'><strong>enim</strong></span> 
     </span>
    </p>
   </div>
   <div class='ocr_carea' id='block_1_120' title="bbox 2017 5268 3671 5361">
    <p class='ocr_par' dir='ltr' id='par_1_120' title="bbox 2017 5268 3671 5361">
     <span class='ocr_line' id='line_1_121' title="bbox 2017 5268 3671 5361; baseline 0.001 -36"><span class='ocrx_word' id='word_1_954' title='bbox 2017 5270 2328 5361; x_wconf 45' lang='lat' dir='ltr'><strong>legitur‘in</strong></span> <span class='ocrx_word' id='word_1_955' title='bbox 2383 5270 2579 5361; x_wconf 45' lang='lat' dir='ltr'><strong>Beg‘i’i’s</strong></span> <span class='ocrx_word' id='word_1_956' title='bbox 2630 5268 2842 5361; x_wconf 58' lang='lat' dir='ltr'><strong>qu&#39;a&#39;rtp</strong></span> <span class='ocrx_word' id='word_1_957' title='bbox 2876 5277 2933 5361; x_wconf 77' lang='lat' dir='ltr'><strong>et</strong></span> <span class='ocrx_word' id='word_1_958' title='bbox 2962 5268 3191 5357; x_wconf 66' lang='lat' dir='ltr'><strong>quinto,</strong></span> <span class='ocrx_word' id='word_1_959' title='bbox 3240 5268 3536 5361; x_wconf 51' lang='grc' dir='ltr'>σάλπιγγες</span> <span class='ocrx_word' id='word_1_960' title='bbox 3579 5272 3671 5361; x_wconf 48' lang='grc' dir='ltr'>καὶ</span> 
     </span>
    </p>
   </div>
   <div class='ocr_carea' id='block_1_121' title="bbox 2016 5335 3671 5429">
    <p class='ocr_par' dir='ltr' id='par_1_121' title="bbox 2016 5335 3671 5429">
     <span class='ocr_line' id='line_1_122' title="bbox 2016 5335 3671 5429; baseline 0.002 -33"><span class='ocrx_word' id='word_1_961' title='bbox 2016 5335 2341 5429; x_wconf 56' lang='grc' dir='ltr'>αὶννεφέλαι</span> <span class='ocrx_word' id='word_1_962' title='bbox 2391 5335 2754 5413; x_wconf 64' lang='grc' dir='ltr'>ἀναϐήσονται</span> <span class='ocrx_word' id='word_1_963' title='bbox 2804 5342 2909 5397; x_wconf 75' lang='grc' dir='ltr'>ἀπὸ</span> <span class='ocrx_word' id='word_1_964' title='bbox 2954 5335 3053 5415; x_wconf 72' lang='grc' dir='ltr'>τ’ρῦ</span> <span class='ocrx_word' id='word_1_965' title='bbox 3109 5335 3273 5421; x_wconf 82' lang='grc' dir='ltr'>ορους</span> <span class='ocrx_word' id='word_1_966' title='bbox 3328 5335 3551 5418; x_wconf 65' lang='grc' dir='ltr'>ἐκεῖνοι,</span> <span class='ocrx_word' id='word_1_967' title='bbox 3579 5344 3671 5400; x_wconf 82' lang='grc' dir='ltr'><strong>καὶ</strong></span> 
     </span>
    </p>
   </div>
   <div class='ocr_carea' id='block_1_122' title="bbox 2064 5432 2174 5468">
    <p class='ocr_par' dir='ltr' id='par_1_122' title="bbox 2064 5432 2174 5468">
     <span class='ocr_line' id='line_1_123' title="bbox 2064 5432 2174 5468; baseline 0 0"><span class='ocrx_word' id='word_1_968' title='bbox 2064 5432 2155 5468; x_wconf 84' lang='grc' dir='ltr'><strong>ετα</strong></span> <span class='ocrx_word' id='word_1_969' title='bbox 2161 5455 2174 5468; x_wconf 82' lang='grc'><strong>.</strong></span> 
     </span>
    </p>
   </div>
   <div class='ocr_carea' id='block_1_123' title="bbox 2020 5435 3674 5557">
    <p class='ocr_par' dir='ltr' id='par_1_123' title="bbox 2020 5435 3674 5557">
     <span class='ocr_line' id='line_1_124' title="bbox 2020 5435 3674 5557; baseline -0.001 -15"><span class='ocrx_word' id='word_1_970' title='bbox 2020 5435 2201 5557; x_wconf 39' lang='lat' dir='ltr'><strong>Puitiati)</strong></span> <span class='ocrx_word' id='word_1_971' title='bbox 2231 5484 2326 5541; x_wconf 89' lang='lat' dir='ltr'><strong>Sic</strong></span> <span class='ocrx_word' id='word_1_972' title='bbox 2355 5488 2611 5556; x_wconf 88' lang='lat' dir='ltr'><strong>quatuor</strong></span> <span class='ocrx_word' id='word_1_973' title='bbox 2638 5486 2998 5557; x_wconf 21' lang='lat' dir='ltr'><strong>nostriﬂmss.</strong></span> <span class='ocrx_word' id='word_1_974' title='bbox 3031 5502 3166 5543; x_wconf 90' lang='lat' dir='ltr'><strong>cum</strong></span> <span class='ocrx_word' id='word_1_975' title='bbox 3207 5487 3464 5544; x_wconf 91' lang='lat' dir='ltr'><strong>editione</strong></span> <span class='ocrx_word' id='word_1_976' title='bbox 3491 5487 3674 5544; x_wconf 88' lang='lat' dir='ltr'><strong>Basil.</strong></span> 
     </span>
    </p>
   </div>
   <div class='ocr_carea' id='block_1_124' title="bbox 2017 5553 3674 5633">
    <p class='ocr_par' dir='ltr' id='par_1_124' title="bbox 2017 5553 3674 5633">
     <span class='ocr_line' id='line_1_125' title="bbox 2017 5553 3674 5633; baseline 0.001 -20"><span class='ocrx_word' id='word_1_977' title='bbox 2017 5553 2208 5633; x_wconf 83' lang='lat' dir='ltr'><strong>Editio</strong></span> <span class='ocrx_word' id='word_1_978' title='bbox 2240 5553 2616 5633; x_wconf 38' lang='lat' dir='ltr'><strong>Pari—81,396:</strong></span> <span class='ocrx_word' id='word_1_979' title='bbox 2644 5557 2701 5611; x_wconf 79' lang='grc' dir='ltr'><strong>ὅν</strong></span> <span class='ocrx_word' id='word_1_980' title='bbox 2737 5553 3013 5633; x_wconf 53' lang='grc' dir='ltr'>βούλεται,</span> <span class='ocrx_word' id='word_1_981' title='bbox 3048 5559 3219 5633; x_wconf 72' lang='lat' dir='ltr'><strong>Infra</strong></span> <span class='ocrx_word' id='word_1_982' title='bbox 3250 5560 3430 5616; x_wconf 89' lang='lat' dir='ltr'><strong>editio</strong></span> <span class='ocrx_word' id='word_1_983' title='bbox 3450 5560 3674 5633; x_wconf 50' lang='lat' dir='ltr'><strong>Paris&quot;</strong></span> 
     </span>
    </p>
   </div>
   <div class='ocr_carea' id='block_1_125' title="bbox 2016 5626 3671 5703">
    <p class='ocr_par' dir='ltr' id='par_1_125' title="bbox 2016 5626 3671 5703">
     <span class='ocr_line' id='line_1_126' title="bbox 2016 5626 3671 5703; baseline 0.002 -20"><span class='ocrx_word' id='word_1_984' title='bbox 2016 5626 2309 5703; x_wconf 80' lang='grc' dir='ltr'>γινομένην</span> <span class='ocrx_word' id='word_1_985' title='bbox 2329 5626 2644 5703; x_wconf 35' lang='grc' dir='ltr'>πολλάκις..</span> <span class='ocrx_word' id='word_1_986' title='bbox 2671 5626 2839 5688; x_wconf 73' lang='lat' dir='ltr'><strong>Deest</strong></span> <span class='ocrx_word' id='word_1_987' title='bbox 2877 5626 3152 5692; x_wconf 82' lang='grc' dir='ltr'>πολλάκις</span> <span class='ocrx_word' id='word_1_988' title='bbox 3183 5631 3244 5687; x_wconf 91' lang='lat' dir='ltr'><strong>in</strong></span> <span class='ocrx_word' id='word_1_989' title='bbox 3275 5632 3496 5689; x_wconf 84' lang='lat' dir='ltr'><strong>nostris</strong></span> <span class='ocrx_word' id='word_1_990' title='bbox 3528 5646 3671 5688; x_wconf 89' lang='lat' dir='ltr'><strong>mss.</strong></span> 
     </span>
    </p>
   </div>
   <div class='ocr_carea' id='block_1_126' title="bbox 2019 5701 2671 5759">
    <p class='ocr_par' dir='ltr' id='par_1_126' title="bbox 2019 5701 2671 5759">
     <span class='ocr_line' id='line_1_127' title="bbox 2019 5701 2671 5759; baseline -0.003 0"><span class='ocrx_word' id='word_1_991' title='bbox 2019 5701 2078 5759; x_wconf 85' lang='lat' dir='ltr'><strong>et</strong></span> <span class='ocrx_word' id='word_1_992' title='bbox 2107 5701 2167 5759; x_wconf 87' lang='lat' dir='ltr'><strong>in</strong></span> <span class='ocrx_word' id='word_1_993' title='bbox 2199 5701 2460 5759; x_wconf 87' lang='lat' dir='ltr'><strong>editione</strong></span> <span class='ocrx_word' id='word_1_994' title='bbox 2492 5701 2671 5758; x_wconf 90' lang='lat' dir='ltr'><strong>Basil.</strong></span> 
     </span>
    </p>
   </div>
  </div>
