4154 6450
475 369 571 477 ’τε
1434 415 1831 476 APPENDIX
1873 418 2203 480 oreaum
2247 419 2312 481 s.
2357 421 2645 484 BASlLll
2691 420 2968 485 MAGNI.
3835 429 3912 492 τε

487 551 642 610 859
675 551 972 625 dirigitur,
995 551 1307 625 perveniat.
1331 548 1455 604 Vox
1475 565 1606 606 vero
1633 549 1873 606 Domini
1904 549 2127 607 alterini

2260 547 2652 620 έπιόάλλοντες
2698 556 2864 630 αὑτῷ,
2897 558 3099 623 ὠθοῦσι
3148 556 3240 615 διὰ
3279 564 3378 616 τοῦ
3427 559 3738 635 πνεύματος
3777 562 3907 638 πρὸς

487 648 578 700 est
607 646 867 716 generis,
892 643 1007 699 Deo
1036 641 1518 714 imaginationem
1550 657 1756 696 eorum
1790 659 1940 714 quos
1971 659 2149 698 suam

485 749 688 790 vocem
723 734 924 789 audire
955 732 1078 787 vult
1125 736 1550 794 commovente,
1591 737 1767 802 atque
1821 733 2146 799 excitante;

489 824 635 880 adeo
659 828 725 878 ut
749 820 1087 893 imaginatio
1111 820 1314 876 isthaec
1337 837 1474 875 eum
1498 838 1567 876 ea
1591 838 1721 893 quae
1753 822 1811 876 in
1836 823 2062 876 somnis
2087 822 2150 876 ﬁt

488 912 702 968 habeat
750 910 1182 984 cognationem.
1216 910 1342 966 Non
1374 912 1531 966 enim
1565 910 1706 974 illic,
1734 916 1969 967 externo
2018 929 2148 968 aere

486 1019 786 1076 percusso,
811 1002 1108 1074 perceptio
1140 1019 1345 1058 eorum
1377 1019 1504 1074 quae
1528 1002 1825 1068 dicuntur,
1854 1019 1956 1073 per
1976 1019 2147 1058 aures

483 1091 790 1147 illabitur:
845 1091 948 1148 sed
993 1107 1081 1159 ea,
1134 1091 1268 1163 ipsa
1320 1096 1515 1146 mente
1565 1091 1944 1162 cogitationes
1994 1090 2144 1146 exci-

480 1181 695 1253 piente,
720 1181 780 1236 in
813 1180 1099 1237 memoria
1123 1197 1326 1236 eorum
1351 1181 1451 1253 qui
1475 1179 1771 1251 viderunt,
1801 1195 2144 1252 permanere

478 1270 645 1327 solet.
672 1271 847 1328 Facta
868 1275 960 1326 est
981 1269 1182 1342 itaque
1205 1287 1312 1324 vox
1336 1271 1408 1324 ad
1431 1269 1751 1338 Abraham,
1779 1269 1936 1340 quod
1971 1285 2144 1324 aures

476 1378 605 1432 quae
637 1361 742 1417 Det
772 1361 1052 1416 mandata
1095 1358 1300 1414 audire
1347 1361 1610 1430 possent,
1643 1358 1910 1426 haberet,
1945 1357 2146 1413 divina

473 1451 606 1524 ipsa
653 1449 952 1506 voluntate
980 1449 1030 1505 ei
1064 1449 1312 1505 latenter
1364 1449 1698 1504 insonante.
1722 1447 1846 1503 Vox
1874 1463 2010 1502 vero
2043 1446 2145 1503 illa

475 1555 604 1610 quea
637 1540 708 1595 ad
759 1537 1044 1612 populum
1097 1537 1292 1602 fiebat,
1325 1541 1452 1593 erat
1497 1536 1836 1605 visibilis“,
1869 1537 1979 1591 hoc
2032 1541 2142 1605 est,

474 1628 713 1701 cognitu
745 1627 952 1699 facilis,
993 1645 1058 1683 ac
1089 1627 1368 1683 omnibus
1403 1625 1980 1698 comprehensibilis.
2013 1625 2141 1682 Non

475 1718 631 1774 enim
678 1718 934 1791 profecto
965 1717 1156 1774 colore
1206 1716 1400 1788 aliquo
1458 1716 1720 1772 colorata
1774 1721 1901 1770 erat
1931 1732 1998 1770 ac
2028 1715 2141 1769 cir-

474 1808 855 1880 cumscripta,
890 1807 974 1863 sic
1014 1811 1080 1862 ut
1127 1805 1354 1880 prolata
1384 1822 1483 1861 ore
1537 1822 1649 1860 vox
1697 1805 1918 1877 percipi
1951 1804 2139 1861 oculis

473 1902 723 1970 posset:
765 1897 866 1954 sed
923 1896 1158 1953 videbat
1224 1895 1480 1968 populus
1547 1910 1768 1964 vocem,
1830 1899 2139 1967 propterea

472 1988 628 2059 quod
682 1985 928 2043 lucidum
973 1995 1055 2042 est
1113 1987 1339 2041 Domini
1389 1989 1749 2056 praeceptum,
1790 1982 2135 2040 illuminant

467 2078 652 2134 oculos
671 2077 736 2144 ⁸⁷,
770 2075 1010 2132 exclusa
1049 2092 1083 2131 a
1129 2075 1304 2131 dictis
1353 2075 1714 2130 obscuritate
1765 2073 1943 2129 omni.
1979 2074 2130 2138 Quin

466 2171 525 2224 et
555 2167 626 2222 ad
659 2166 873 2222 Isaiam
907 2166 1083 2221 fiebat
1111 2181 1237 2232 vox,
1270 2164 1638 2236 praecipiens,
1666 2163 1896 2224 Clama;
1929 2163 1985 2218 id
2018 2168 2131 2230 est,

467 2273 636 2313 mens
667 2255 963 2328 propheta
995 2255 1067 2310 ab
1098 2253 1288 2309 indita
1318 2253 1431 2308 sibi
1459 2270 1494 2308 a
1519 2252 1634 2308 Deo
1667 2253 1927 2324 potentia
1948 2253 2128 2308 infor-

463 2346 760 2402 mabatur.
793 2347 901 2402 Vox
929 2345 1158 2401 Domini
1205 2359 1374 2416 super
1419 2359 1610 2415 aquas.
1646 2344 1780 2408 Qua
1813 2345 1966 2397 vox?
2012 2343 2127 2398 Su-

462 2452 566 2508 per
596 2452 745 2508 quas
775 2451 962 2509 aquas
983 2433 1011 2489 ?
1058 2432 1318 2499 Dictum,
1350 2436 1415 2488 ut
1444 2431 1814 2506 prophetiam
1867 2432 2125 2504 accipia-

463 2542 620 2582 mus.
655 2524 996 2582 Memineris
1025 2522 1293 2589 Joannis,
1319 2522 1419 2595 qui
1449 2538 1584 2578 cum
1606 2523 2072 2594 interrogaretur
2093 2537 2129 2578 a

462 2616 680 2673 Iudaeis
717 2633 730 2672 :
764 2617 899 2685 Quis
945 2631 1001 2670 es
1045 2617 1152 2669 tu?
1197 2613 1352 2686 quod
1398 2628 1718 2684 responsum
1766 2611 2026 2667 dabimus
2057 2611 2127 2666 iis

463 2707 562 2780 qui
590 2707 862 2761 miserunt
891 2706 1027 2760 nos?
1058 2702 1362 2775 respondit
1394 2719 1408 2760 :
1441 2705 1550 2774 Ego
1596 2718 1698 2757 vox
1743 2702 2038 2756 clamantis
2066 2701 2126 2754 in

462 2795 671 2852 deserto
695 2795 761 2850 ⁸⁸.
811 2793 1071 2849 Joannes
1116 2807 1254 2863 ergo
1296 2808 1403 2847 vox
1451 2795 1541 2847 est
1586 2790 1840 2860 Domini,
1875 2789 2124 2862 angelus

463 2889 598 2943 ante
631 2884 840 2940 faciem
873 2881 1107 2939 Domini
1139 2899 1173 2938 a
1198 2881 1314 2936 Deo
1345 2881 1590 2951 missus,
1613 2881 1713 2952 qui
1746 2879 1995 2936 Domino
2027 2895 2126 2951 po-

461 2974 668 3046 pulum
697 2970 1033 3044 expeditum
1084 2974 1317 3042 pararet
1335 2970 1400 3025 5°.
1438 2971 1563 3026 Haec
1595 2968 1776 3041 igitur
1805 2985 1914 3024 vox
1944 2985 2124 3040 super

462 3081 650 3136 aquas
679 3067 826 3129 erat,
859 3061 920 3116 in
967 3059 1243 3127 Jordane,
1278 3059 1336 3115 in
1369 3077 1482 3132 quo
1533 3059 1890 3132 baptizabat,
1923 3058 2119 3129 bapti-

461 3169 662 3211 smum
694 3150 1022 3225 praedicans
1053 3149 1406 3222 paenitentiae.
1431 3168 1444 3207 :
1472 3165 1577 3206 nec
1609 3149 1666 3203 in
1689 3148 1947 3204 Jordane
1969 3147 2118 3217 solo,

459 3244 558 3302 sed
582 3247 639 3299 et
669 3241 728 3296 in
755 3242 918 3296 Enon
947 3256 1123 3314 prope
1146 3239 1362 3307 Salem,
1385 3240 1537 3311 quod
1571 3237 1690 3294 illic
1711 3238 1966 3295 multum
1987 3243 2115 3294 erat

460 3347 749 3404 aquarum
765 3328 956 3385 7°.Vox
978 3330 1161 3402 igitur
1182 3329 1416 3385 Domini
1439 3345 1619 3400 super
1640 3345 1846 3399 aquas,
1863 3328 2122 3384 Joannes
2153 3315 2197 3382 C

461 3427 572 3489 est,
595 3421 697 3492 qui
727 3420 951 3476 confert
980 3419 1364 3490 baptismum.
1389 3417 1513 3473 Illic
1536 3421 1595 3473 et
1615 3417 1770 3474 Deus
1795 3417 2124 3489 majestatis

463 3509 742 3566 intonuit.
777 3508 952 3564 Venit
992 3506 1149 3563 enim
1193 3524 1302 3564 vox
1331 3523 1362 3563 e
1393 3507 1559 3573 ccelo,
1593 3506 1794 3562 dicens
1828 3523 1842 3561 :
1896 3507 1996 3562 Hic
2049 3511 2125 3562 est

461 3601 647 3660 Filius
672 3615 826 3656 meus
856 3597 1111 3665 dilectus,
1133 3599 1193 3652 in
1225 3613 1329 3668 quo
1357 3597 1500 3652 mihi
1528 3595 1843 3667 complacui
1860 3595 1924 3651 ⁷³.
1959 3596 2126 3651 Tune

463 3691 642 3748 etiam
674 3689 963 3745 Dominus
995 3704 1174 3759 super
1204 3703 1390 3759 aquas
1439 3685 1657 3741 multas
1689 3689 1835 3755 erat,
1867 3701 2025 3752 cum,
2061 3689 2128 3741 ut

466 3795 704 3837 omnem
763 3777 910 3852 legis
958 3777 1258 3850 justitiam
1319 3774 1700 3847 adimpleret,
1753 3774 1825 3830 ad
1881 3775 2126 3831 Joannis

464 3869 830 3942 baptismum
865 3868 1222 3924 descendere
1252 3866 1530 3937 dignatus
1561 3869 1671 3921 est.

2260 643 2324 697 τὸ
2351 645 2566 721 φθὰνειν
2620 646 2785 722 μέχρι
2835 654 2936 718 τῆς
2987 649 3157 718 ἀκοῆς
3204 655 3299 704 τοῦ
3350 650 3486 726 πρὸς
3535 651 3592 705 ὃν
3624 651 3840 726 γίνεται’
3871 654 3905 721 ἡ

2261 729 2318 787 δὲ
2374 740 2470 789 τοῦ
2531 736 2728 811 Κυρίου
2787 739 2964 813 φωνὴ,
3023 739 3334 815 ἑτερογενής
3390 740 3470 802 τίς
3523 739 3653 808 ἐστι,
3716 762 3907 818 φαντα-

2261 829 2504 886 σιοῦντος
2533 831 2631 880 τοῦ
2664 831 2797 881 Θεοῦ
2825 831 2906 890 οἷς
2937 827 3149 882 ἀκούειν
3186 828 3440 904 βούλεται
3472 834 3570 894 τῆς
3602 833 3787 908 φωνῆς
3816 829 3904 885 αὑ-

2255 918 2376 981 τοῦ,
2410 914 2546 970 ὥστε
2577 915 2872 992 ἀναλογίαν
2928 915 3042 993 ἔχει
3089 919 3186 986 τήν
3222 919 3503 997 φαντασίαν
3544 919 3746 990 ταύτην
3775 922 3901 995 πρὸς

2256 1003 2357 1070 τὴν
2389 1003 2440 1058 έν
2496 1010 2613 1067 τοῖς
2664 1006 2898 1081 ὀνείροις
2941 1008 3258 1081 γινομένην.
3319 1007 3421 1064 Καὶ
3451 1008 3552 1084 γὰρ
3602 1007 3730 1074 ἐκεῖ,
3781 1009 3901 1085 οὐχὶ

2255 1096 2351 1145 τοῦ
2385 1091 2576 1165 ἔξωθεν
2612 1095 2766 1171 ἀέρος
2814 1095 3142 1171 πληγέντος,
3193 1097 3432 1152 εἰσέπεσε
3481 1095 3569 1151 διὰ
3609 1105 3709 1167 τῆς
3741 1098 3899 1168 ἀκοῆς

2254 1186 2362 1235 τῶν
2392 1181 2763 1259 λεγομένωνὴ
2799 1185 3064 1257 αἶ’σθησις,
3119 1185 3245 1242 ἀλλ’
3295 1186 3457 1242 αὑτοῦ
3503 1191 3600 1241 τοῦ
3649 1190 3899 1263 ἡγεμονι-

2255 1275 2354 1325 κοῦ
2431 1270 2875 1347 παραδεξαμένου
2929 1277 2996 1328 τὰ
3049 1278 3298 1348 νοήματα
3333 1321 3346 1346 ,
3408 1280 3474 1350 τῇ
3543 1279 3735 1352 μνήμῃ
3801 1282 3902 1332 τῶν

2255 1361 2600 1433 Θεασαμένων
2660 1365 2862 1441 πέφυκε
2914 1366 3256 1438 παραμένειν.
3320 1365 3563 1440 Ἐγένετο
3622 1367 3712 1420 οὗν
3771 1367 3900 1441 πρὸς

2253 1450 2345 1503 τὸν
2400 1445 2654 1526 Ἀϐραὰμ
2701 1455 2880 1531 φωνὴ,
2944 1451 3083 1508 διόνι
3133 1455 3278 1530 εἶχεν
3334 1455 3446 1509 ὦτα
3495 1454 3708 1510 ἀκούειν
3750 1453 3899 1510 δυνά-

2259 1559 2393 1610 μενα
2441 1545 2547 1594 τῶν
2603 1542 2833 1597 ἐντολῶν
2893 1547 2991 1598 τοῦ
3047 1549 3202 1616 Θεοῦ,
3261 1543 3397 1598 κατὰ
3449 1545 3512 1598 τὸ
3565 1543 3760 1620 ἀφανὶς
3815 1543 3898 1600 έν-

2254 1633 2523 1702 ηχοῦντος
2571 1633 2720 1704 αὐτῷ
2757 1638 2853 1687 τοῦ
2905 1634 3052 1687 Θείου
3107 1635 3475 1709 βουλήματος.
3529 1635 3674 1711 Πρὸς
3725 1633 3782 1690 δέ
3809 1636 3894 1690 τὸν

2253 1714 2384 1772 λαὸν
2435 1722 2469 1790 ἡ
2518 1723 2671 1794 φωνή
2724 1723 2984 1798 γινομένη
3019 1724 3186 1797 ὁρατὴ
3242 1723 3331 1791 ἦν’
3370 1724 3646 1779 τουτέστιν
3699 1722 3897 1800 εῦγνω-

2251 1829 2398 1880 στος,
2432 1811 2622 1879 συνετή
2675 1818 2854 1869 πᾶσιν.
2905 1812 2982 1869 Οὐ
3029 1813 3131 1888 γὰρ
3166 1812 3232 1882 δὴ
3267 1813 3368 1867 ὑπὸ
3421 1815 3720 1889 χρώματός
3756 1835 3897 1877 τινος

2249 1897 2560 1974 έχρώννυτο
2605 1900 2697 1954 καὶ
2743 1901 3132 1980 περιεγράφετο
3168 1945 3182 1970 ,
3228 1902 3367 1956 ὥστε
3416 1903 3648 1972 αἰσθητὴ
3697 1903 3896 1982 ὀφθαλ-

2248 1993 2372 2060 μοῖς
2402 1990 2644 2064 γενέσθαι
2679 1993 2712 2059 ἡ
2751 1988 3067 2064 λαλουμένη
3124 1994 3298 2068 φωνὴ,
3349 1990 3478 2047 ἀλλ’
3521 1993 3663 2068 ἑώρα
3704 1994 3731 2048 ὁ
3764 1991 3894 2056 λαὸς

2241 2079 2339 2146 τὴν
2401 2081 2607 2155 φωνην·
2665 2077 2804 2133 διότι
2855 2081 2888 2150 η
2943 2079 3140 2149 ἐντολὴ
3207 2085 3304 2135 τοῦ
3354 2081 3554 2151 Κυρίου
3607 2081 3891 2158 τηλαυγὴς

2242 2167 2550 2241 φωτίζουσα
2595 2168 2958 2246 ὀφθαλμοὺς,
3013 2167 3270 2243 οὐδεμιᾶς
3327 2170 3584 2248 ἀσαφείας
3645 2192 3892 2247 περικει-

2241 2258 2407 2330 μένης
2437 2263 2552 2319 τοῖς
2584 2256 2972 2331 λαλουμένοις.
3007 2259 3106 2314 Καὶ
3154 2264 3233 2332 τῷ
3277 2260 3471 2332 Ἡσαΐᾳ
3502 2258 3558 2315 δέ
3603 2263 3756 2339 φωνή
3788 2261 3896 2336 έγί-

2237 2368 2358 2402 νετο
2392 2350 2503 2420 (41)
2545 2349 2974 2419 προστάσσουσα·
3022 2349 3258 2418 Βόησον·
3309 2349 3423 2404 ἀντὶ
3469 2355 3588 2419 τοῦ,
3645 2352 3706 2406 τὸ
3761 2354 3889 2427 ἡγε-

2240 2437 2462 2508 μονικὸν
2521 2442 2618 2492 τοῦ
2670 2441 2956 2516 προφήτου
3025 2438 3130 2493 ἀπὸ
3177 2445 3276 2508 τῆς
3326 2438 3684 2514 ἰγγινομένης
3743 2441 3891 2513 αὐτῷ

2234 2525 2381 2602 παρᾶ
2429 2531 2564 2581 Θεοῦ
2621 2524 2903 2598 δυνάμεως
2958 2527 3260 2583 ἐτυποῦτο.
3317 2529 3480 2597 Φωνὴ
3539 2530 3738 2600 Κυρίου
3799 2528 3887 2583 ἐπὶ

2232 2620 2342 2669 τῶν
2395 2612 2625 2672 ὑδάτων.
2689 2616 2822 2671 Ποία
2881 2619 3080 2694 φωνη;
3133 2615 3220 2672 ἐπὶ
3281 2616 3451 2671 ποίων
3505 2614 3712 2672 ὑδάτων
3751 2638 3764 2676 :
3798 2619 3887 2681 Ὠς

2234 2705 2569 2783 προφητείαν
2603 2701 2860 2778 λάϐωμεν
2899 2707 2961 2760 τὸ
3014 2701 3200 2780 ῥητόν.
3236 2707 3526 2776 Μνήσθητι
3575 2711 3671 2762 τοῦ
3708 2709 3891 2763 Ἰωάν-

2233 2814 2350 2861 νου,
2380 2795 2463 2862 ὃς,
2516 2793 2812 2868 ἐρωτηθεὶς
2859 2795 3005 2871 παρὰ
3052 2800 3160 2850 τῶν
3211 2792 3514 2863 Ἰουδαίων,
3565 2796 3657 2858 Τίς
3711 2797 3756 2851 εί
3787 2797 3848 2851 σύ

2232 2881 2351 2936 τίνα
2449 2881 2733 2957 ἀπόκρισιν
2820 2880 3001 2954 δῶμεν
3081 2888 3197 2945 τοῖς
3292 2883 3670 2938 ἀποστείλασιν
3756 2889 3896 2959 (12);

2233 2971 2382 3043 ἡμᾶς
2416 2991 2428 3040 ;
2462 2971 2806 3047 ἀπεκρίνατο·
2869 2973 3006 3047 Ἐγὼ
3067 2973 3218 3050 φωνή
3277 2973 3481 3049 Κυρίου
3534 2975 3767 3050 βοῶντος
3824 2975 3883 3030 έν

2232 3064 2299 3132 τῇ
2351 3059 2564 3133 ἐρήμῳ.
2598 3061 2810 3116 Οὐκοῦν
2847 3062 2998 3138 φωνή
3047 3061 3248 3136 Κυρίου
3281 3062 3308 3116 ὁ
3340 3061 3616 3134 Ἰωάννης,
3647 3061 3881 3140 ἅγγελος

2232 3149 2337 3204 ἀπὸ
2369 3155 2504 3205 Θεοῦ
2540 3149 2948 3222 ἀπεσταλμένος
3008 3151 3114 3226 πρὸ
3172 3151 3470 3226 προσώπου
3511 3152 3733 3227 Κυρίου,
3784 3159 3883 3209 τοῦ

2233 3237 2519 3312 ἑτοιμάσαι
2564 3239 2744 3314 Κυρίῳ
2787 3238 2914 3294 λαὸν
2965 3243 3480 3314 κατεσκευασμένον.
3525 3241 3672 3312 Αὕτη
3725 3241 3816 3297 οῦν
3846 3245 3884 3313 ἠ

2237 3330 2389 3406 φωνή
2450 3327 2537 3382 έπὶ
2594 3333 2701 3383 τῶν
2758 3326 2964 3384 ὑδάτων
3008 3330 3098 3398 ἦν,
3147 3329 3237 3384 ἐπὶ
3282 3335 3362 3402 τῷ
3424 3327 3687 3406 Ἰορδάνῃ,
3735 3331 3789 3386 έν
3837 3333 3887 3404 ᾧ

2236 3414 2491 3473 έϐαπτισε
2541 3417 2824 3492 κηρύσσων
2872 3420 2933 3474 τὸ
2983 3427 3091 3489 τῆς
3133 3419 3418 3492 μετανοίας
3458 3421 3757 3494 βάπτισμα·
3791 3424 3886 3476 καὶ

2239 3505 2338 3561 οὐκ
2369 3505 2420 3560 έν
2446 3507 2524 3578 τῷ
2574 3504 2818 3582 Ἰορδάνῃ
2869 3507 3022 3580 μόνῳ
3072 3510 3202 3579 (13),
3237 3505 3382 3561 ἀλλὰ
3408 3508 3497 3562 καὶ
3530 3506 3581 3563 έν
3610 3513 3689 3581 τῷ
3714 3510 3886 3567 Ἐνὼν

2236 3593 2390 3671 ἐγγὺς
2419 3600 2514 3650 τοῦ
2564 3594 2786 3669 Σαλήμ,
2840 3597 2921 3651 δνι
2972 3593 3139 3650 ὕδατα
3176 3594 3361 3651 πολλὰ
3409 3599 3473 3665 ἦν
3508 3597 3636 3654 έκεῖ.
3671 3597 3884 3655 Οὐκοῦν

2237 3687 2390 3764 φωνή
2424 3687 2626 3762 Κυρίου
2668 3685 2754 3741 έπί
2795 3691 2902 3741 τῶν
2953 3682 3183 3756 ὑδάτων,
3225 3686 3252 3741 ὁ
3309 3687 3565 3759 Ἰωάννης
3611 3687 3752 3744 έστὶν
3795 3689 3889 3743 ἐπὶ

2234 3780 2331 3830 τοῦ
2366 3775 2761 3850 βαπτίσματος.
2805 3777 2953 3829 Ἐκεῖ
2992 3775 3080 3828 καὶ
3123 3776 3152 3829 ὁ
3196 3775 3323 3837 Θεὸς
3368 3783 3467 3846 τῆς
3511 3774 3670 3850 δόξης
3704 3772 3890 3853 ἐϐρόν-

2234 3886 2418 3934 τησεν.
2458 3865 2630 3929 Ἦλθε
2687 3865 2786 3939 γὰρ
2848 3864 2997 3940 φωνή
3051 3861 3102 3934 ἐξ
3152 3864 3382 3938 οὑρανοῦ
3431 3864 3683 3940 λέγουσα·
3716 3865 3891 3928 Οῦτός

461 3956 605 4014 ἐστιν
658 3958 830 4020 ὁΥἱός
868 3978 973 4030 μου
1005 3957 1032 4011 ὁ
1056 3954 1357 4031 ἀγαπητὸς,
1383 3953 1434 4008 έν
1463 3954 1510 4026 ᾧ
1538 3950 1826 4024 εὐδόκησα.
1861 3953 1992 4008 Τότε
2021 3954 2109 4008 καὶ
2136 3955 2163 4010 ὅ
2196 3955 2390 4031 Κύριος
2426 3953 2515 4009 ἰπὶ
2545 3957 2653 4008 τῶν
2693 3949 2898 4007 ὑδάτων
2931 3950 3179 4023 πολλῶν,
3211 3954 3548 4026 καταξιώσας
3583 3949 3890 4026 καταϐῆναι

461 4047 550 4104 ἰπὶ
580 4049 644 4103 τὸ
673 4048 928 4104 Ἰωάννου
964 4045 1264 4124 βάπτισμα,
1292 4044 1385 4098 ἵνα
1415 4041 1690 4120 πληρώσῃ
1722 4048 1892 4098 πᾶσαν
1918 4042 2260 4117 δικαιοσύνην
2294 4046 2392 4113 τήν
2428 4043 2478 4098 έν
2502 4047 2581 4115 τῷ
2611 4042 2789 4115 νόμῳ.

534 4140 586 4195 3.
621 4139 793 4196 Vane.
827 4139 880 4194 4.
917 4139 1027 4195 Vox
1065 4138 1298 4194 Domini
1343 4138 1407 4192 in
1453 4138 1677 4191 virtute.
1712 4136 1916 4191 Aufert
1963 4136 2120 4192 enim

461 4228 840 4286 inﬁrmitates
871 4225 1072 4300 populi
1121 4243 1225 4300 per
1272 4225 1622 4299 poenitentiae
1672 4225 1986 4297 baptisma,
2020 4243 2123 4298 per

459 4319 658 4392 ipsum
691 4317 998 4391 baptizans
1043 4317 1103 4372 in
1154 4333 1310 4389 aqua
1363 4315 1438 4371 ad
1486 4315 1911 4387 paenitentiam.
1948 4315 2118 4382 Illud,

460 4412 524 4466 In
556 4411 784 4475 virtute,
814 4424 924 4463 vox
968 4411 1058 4462 est
1108 4407 1309 4461 dicens
1343 4422 1355 4461 :
1392 4407 1780 4461 Paenitentiam
1830 4406 1997 4475 agite,
2021 4421 2120 4476 ap-

456 4499 857 4571 prOpinquavit
884 4497 1036 4552 enim
1065 4512 1295 4567 regnum
1322 4496 1587 4551 caelorum
1606 4496 1682 4564 ⁷²;
1716 4496 1856 4550 item
1891 4511 1905 4550 :
1941 4495 2123 4550 Facite

457 4591 672 4660 fructus
694 4588 896 4660 digno:
917 4587 1257 4656 paenitentiae
1274 4587 1341 4640 ⁷³.
1365 4590 1481 4648 Aut
1503 4587 1648 4640 forte
1670 4601 1778 4641 vox
1805 4586 1866 4639 in
1893 4585 2120 4652 virtute,

461 4677 604 4751 quia
633 4677 881 4734 Domino
914 4692 1047 4732 vere
1089 4677 1220 4732 forti
1253 4675 1508 4731 Joannes
1541 4676 1638 4731 dat
1688 4673 2119 4740 testimonium,

460 4768 664 4822 dicens
699 4783 712 4823 :
748 4767 854 4837 Ego
904 4765 1118 4837 baptizo
1163 4767 1220 4820 in
1271 4783 1463 4838 aqua:
1495 4767 1592 4838 qui
1621 4769 1817 4821 autem
1863 4766 1988 4835 post
2037 4777 2123 4816 me

458 4865 722 4912 venturus
751 4865 852 4923 est,
876 4858 1078 4927 [artior
1105 4872 1190 4911 me
1219 4861 1298 4911 est
1318 4856 1382 4911 ⁷⁸.
1412 4855 1539 4911 Haec
1570 4855 1755 4928 igitur
1785 4869 1893 4908 vox
1920 4851 2120 4906 virtuti

2302 4138 2356 4192 3.
2393 4134 2559 4202 Φωνή
2612 4131 2808 4207 Κυρίου
2867 4131 2918 4186 ἐν
2975 4131 3147 4206 ἰσχύϊ.
3189 4133 3441 4210 ’Δφαιρεῖ
3469 4132 3568 4208 γὰρ
3594 4132 3689 4195 τὰς
3721 4131 3891 4198 ἀσθε-

2228 4226 2374 4285 νείας
2408 4227 2504 4277 τοῦ
2549 4221 2686 4277 λαοῦ
2740 4219 2828 4275 διὰ
2873 4225 2969 4275 τοῦ
3025 4222 3397 4296 βαπτίσματος
3436 4223 3534 4289 τῆς
3570 4223 3886 4294 μετανοίας,

2231 4311 2301 4368 δι’
2333 4312 2496 4366 αὐτοῦ
2550 4311 2820 4387 βαπτίζων
2874 4310 2924 4365 ἐν
2974 4307 3127 4367 ὕδατι
3179 4311 3256 4374 είς
3308 4311 3611 4385 μετάνοιαν.
3646 4313 3736 4380 Τὸ,
3794 4313 3884 4370 Ἐν

2231 4401 2406 4477 ἶσχῦϊ,
2457 4401 2490 4470 ἠ
2542 4403 2695 4479 φωνή
2745 4402 2780 4470 ἡ
2833 4400 3080 4475 λέγουσα·
3133 4407 3455 4456 Μετανοεῖτε
3489 4445 3502 4471 ,
3536 4399 3730 4476 ἤγγικε
3777 4402 3885 4477 γὰρ

2230 4493 2264 4562 ἠ
2329 4489 2574 4567 βασιλεία
2631 4495 2733 4544 τῶν
2793 4489 3056 4564 οὐρανῶν·
3115 4491 3204 4545 καὶ
3237 4537 3253 4562 ,
3310 4493 3582 4561 Ποιήσατε
3639 4490 3888 4566 καρποὺς

2231 4579 2410 4651 ἀξίους
2440 4583 2538 4645 τῆς
2589 4580 2894 4653 μετανοίας.
2948 4581 3017 4636 Ἢ
3072 4581 3287 4652 μήποτε
3333 4578 3385 4633 έν
3431 4579 3586 4655 ἴσχόϊ
3633 4580 3667 4649 ἠ
3702 4581 3886 4657 φωνὴ,

2232 4667 2371 4724 διότι
2404 4675 2768 4745 μαρτυρεῖτῷ
2799 4665 2912 4724 ὄντι
2945 4673 3025 4739 τῷ
3071 4666 3286 4743 ἴσχυρῷ
3325 4669 3506 4743 Κυρίῳ
3538 4669 3567 4723 ὁ
3600 4669 3889 4739 Ἰωάννης,

2232 4758 2421 4835 λέγων·
2484 4759 2623 4836 Ἐγὼ
2685 4759 2930 4833 βαπτίζω
2989 4755 3041 4812 έν
3105 4753 3277 4811 ὕδατιο
3339 4757 3368 4811 ὁ
3427 4755 3485 4812 δὲ
3543 4756 3720 4812 ὀπίσω
3777 4778 3890 4830 μου

2230 4849 2530 4925 ἐρχόμενος
2601 4849 2958 4924 ἰσχυρότερός
3032 4846 3138 4919 μου
3199 4845 3341 4901 ἐστιν
3379 4887 3392 4902 .
3451 4847 3513 4901 Ἦ
3569 4847 3725 4922 φωνή
3785 4846 3885 4901 οὗν

463 4905 717 4912 "mm"-
751 4905 1059 4927 ---,,-.---.
1370 4905 1536 4911 ---Ἦ
1575 4905 1744 4928 πη,
1799 4905 1893 4908 ___
1936 4905 1941 4906 ,
1987 4905 1995 4906 ,
2091 4905 2117 4906 η

459 4946 870 5004 testimonium
904 4945 1100 5001 dabat.
1139 4947 1246 5001 Vox
1294 4946 1515 5001 Domini
1563 4946 1625 5000 in
1672 4942 2116 5012 magniﬁcentia.

2243 4905 2381 5010 ιιίὶίίή⁸
2413 4905 2704 5014 ἐμαρτῦρὲ
2735 4905 2830 5009 ιτῇ
2866 4905 3064 5010 ιῖσάόί.
3126 4937 3292 5005 Φωνή
3350 4935 3548 5011 Κυρίου
3582 4905 3659 4990 Ιέν
3715 4905 3892 5009 μεγα-

459 5037 755 5095 Nimirum
787 5052 924 5093 cum
974 5035 1252 5109 mysteria
1295 5051 1513 5109 magna
1545 5035 1617 5090 de
1667 5033 1809 5090 Jesu
1858 5034 2120 5088 narraret

527 5208 574 5246 σε
604 5207 783 5265 Exod.
813 5224 907 5279 xx,
941 5209 1027 5266 18.
1102 5208 1147 5244 ⁸⁷
1177 5206 1333 5264 Psal.
1359 5205 1641 5279 xvm,_9_._
1685 5203 1926 5279 “_Joan.
1960 5219 2005 5279 ι,
2033 5203 2124 5272 22,

2243 5249 2244 5256 η
2319 5203 2365 5240 σθ
2396 5205 2534 5258 Luo.
2568 5217 2606 5271 ι,
2633 5199 2720 5255 17.
2797 5198 2842 5234 ⁷ο
2867 5198 3040 5256 Joan.
3075 5214 3157 5270 ιιι,
3190 5200 3279 5256 23.

456 5282 504 5321 ⁷³
535 5281 744 5341 Matth.
776 5297 861 5355 ιιι,
890 5277 943 5338 2.
1020 5280 1067 5318 ⁷³
1098 5281 1232 5337 Luc.
1259 5295 1348 5350 ιιι,
1380 5281 1435 5335 8.
1511 5277 1556 5314 ⁷⁵
1587 5277 1797 5334 Matth.
1830 5294 1918 5348 ιιι,
1948 5277 2040 5336 11.

525 5458 636 5585 (112
666 5459 752 5515 Ita
779 5462 900 5514 tres
929 5474 1074 5540 mss.
1095 5457 1170 5538 ,Αἰ
1200 5452 1380 5538 editio
1414 5453 1592 5512 Paris.
1613 5469 1744 5510 cum
1769 5453 1907 5526 Reg.
1934 5452 2108 5539 quin:

544 5529 602 5585 ἐν
632 5551 770 5585 νετο.
806 5531 935 5585 Mox
965 5530 1147 5585 editio
1187 5531 1371 5582 Paris.
1408 5542 1539 5582 cum
1574 5527 1712 5585 Reiz.
1747 5532 1957 5585 quarto
1991 5524 2108 5578 ἀντι

455 5535 514 5588 to
544 5529 770 5604 ἐγένετο.
806 5531 935 5587 Mox
965 5529 1147 5585 editio
1187 5529 1352 5582 Paris

453 5607 549 5658 τοῦ
577 5598 661 5659 τό.
696 5609 865 5659 Deest
892 5600 956 5655 τό
987 5601 1048 5655 in
1082 5598 1214 5655 aliis
1247 5615 1358 5655 ms.

524 5677 636 5748 (12)
671 5677 816 5748 Reg.
845 5673 1053 5730 tertius
1101 5671 1396 5748 πέμψασιν.
1432 5670 1780 5748 Illudquod
1834 5685 1969 5748 mox
2019 5682 2108 5722 se-

455 5741 675 5820 quitur,
727 5741 860 5820 λῐιὸν
907 5741 1420 5820 κατεσκευασμένον,
1455 5745 1538 5799 sic
1587 5741 1959 5820 interpretati
2009 5757 2107 5820 su:

453 5814 610 5893 mus,
637 5814 906 5893 populum
960 5814 1300 5891 expeditum,
1333 5818 1390 5874 id
1439 5821 1548 5889 est,
1585 5817 1667 5873 ita
1716 5814 2010 5883 eli'ectum,
2047 5815 2111 5868 ut

2229 5027 2548 5105 λοπρεπείαυ
2599 5029 2668 5082 τὰ
2718 5025 2930 5100 μεγάλα
2978 5026 3099 5101 περὶ
3139 5023 3236 5080 τοῦ
3269 5026 3452 5096 Ἰησοῦ
3483 5022 3888 5102 διαλεγομένου

3357 5201 3398 5236 ⁷¹
3435 5199 3640 5258 Matth.
3675 5216 3761 5273 ιιι,
3787 5201 3890 5261 17.

2217 5449 2552 5506 venientem
2582 5446 2899 5519 Dominum
2945 5450 3216 5519 prompto
3249 5446 3447 5503 animo
3478 5451 3536 5504 et
3561 5446 3741 5504 alacri
3773 5463 3888 5503 su-

632 5551 770 5600 νετο.
806 5531 935 5587 Mox
965 5527 1147 5600 editio
1170 5527 1371 5600 Paris.
1408 5542 1539 5582 cum
1574 5527 1712 5600 Reg.
1747 5517 1970 5599 qua‘rto'
1991 5522 2108 5578 ἀντὶ
2220 5522 2452 5600 scipiat.
2473 5519 2600 5600 .Nee
2629 5519 2791 5600 enim
2817 5517 2970 5574 alius
3011 5517 3140 5600 ejus
3179 5519 3291 5575 loci
3321 5521 3550 5577 videtur
3579 5535 3709 5577 esse
3740 5535 3890 5577 sen-

2221 5591 2346 5652 sus.
2380 5591 2649 5665 Vulgata,
2674 5592 2896 5665 plebem
2925 5594 3244 5665 perfectam.

2293 5668 2399 5740 (13)
2436 5660 2556 5722 Duo
2595 5660 2752 5740 _mss.
2789 5663 2976 5734 μόνον.
3008 5660 3120 5740 Alii
3151 5664 3265 5740 duo
3305 5681 3436 5721 cum
3473 5664 3647 5722 editis
3701 5660 3898 5737 μόνῳ.

2218 5735 2398 5798 Paulo
2429 5744 2561 5813 post
2595 5737 2732 5810 Reg.
2767 5740 3015 5810 quartus
3045 5735 3080 5804 ἡ
3111 5737 3288 5813 φωνή.
