4154 6412
291 423 373 483 ’Π

1396 411 1733 476 ΒοΜΙιιΑ
1778 413 1862 474 ΙΝ
1901 410 2288 476 PSALMUM
2332 413 2613 474 XXVIII.

3640 419 3726 480 78

299 557 571 632 μυστήρια
599 557 697 611 105
728 553 1004 622 Ἰωάννου,
1065 550 1340 629 λέγοντος·
1394 546 1557 608 Εἶδον
1605 548 1670 605 τὸ
1725 549 1946 621 Πνεῦμα

2075 547 2339 618 Ioannes,
2371 547 2610 604 dicens:
2676 546 2798 604 Vidi
2841 545 3113 618 Spiritum
3158 556 3410 604 sanctum
3438 551 3582 605 sicut
3624 566 3716 607 c0-

294 645 356 701 16
415 646 564 722 ἅγιον
627 645 701 706 ὡς
780 644 890 718 (14)
950 640 1268 718 περιστερὰν
1327 635 1652 695 καταϐαῖνον
1706 660 1794 715 καὶ
1859 638 1952 712 μέ-

297 756 386 791 νον
447 733 532 789 ἐπ’
585 734 767 789 αὐτόν·
827 731 916 788 καὶ
967 729 1156 786 πάλιν·
1218 731 1341 788 ’Ότι
1397 729 1457 786 ἐκ
1484 734 1579 785 τοῦ
1638 729 1951 804 πληρώμα-

297 845 388 886 τος
451 824 619 879 αὐτυῦ
671 825 835 896 ἡμεῖς
889 820 1083 884 πάντες
1146 816 1437 893 ἐλάϐομεν,
1496 819 1585 874 καὶ
1643 819 1806 894 χάριν
1836 818 1949 872 ἀντὶ

299 913 546 990 χάριτος,
608 911 819 986 Ὑψηλὰ
873 931 977 986 γαρ
1007 911 1075 966 τὰ
1104 908 1271 966 ὕδατα
1300 910 1390 964 καὶ
1437 907 1535 964 105
1571 907 1824 982 μεγέθους
1854 914 1953 976 τῆς

301 1001 465 1073 δόξης
494 1005 590 1072 τῆς
622 1001 744 1076 περὶ
774 1003 867 1056 τὸν
899 1006 1184 1075 Μονογενῆ
1217 998 1603 1073 παραστατικά.
1644 997 1737 1052 Διὸ
1787 998 1950 1065 Φωνὴ

300 1092 534 1168 Κυρίου·
581 1090 631 1146 ἐν
708 1089 1171 1166 μεγαλοπρεπείᾳ.
1242 1088 1670 1164 Μεγαλοπρεπὲς
1749 1084 1806 1142 δὲ
1862 1085 1952 1140 καὶ

297 1182 360 1236 τὸ
418 1181 635 1256 λέγειν’
712 1181 840 1236 Θεὸν
904 1177 1080 1242 οὐδεὶς
1138 1179 1346 1251 ἑώρακε
1397 1179 1642 1233 πώποτε⁶
1703 1178 1730 1231 ὁ
1789 1197 1952 1249 μονο-

296 1271 456 1344 γενὴς
505 1270 627 1332 Υἱὸς
663 1314 676 1340 ,
729 1269 757 1324 6
816 1267 890 1323 ὢν
950 1267 1000 1323 ἐν
1061 1273 1178 1330 τοῖς
1237 1267 1470 1329 κόλποις
1528 1270 1626 1321 105
1695 1265 1903 1341 Πατρὸς
1940 1310 1954 1333 ,

301 1359 505 1422 ἐκεῖνος
546 1358 844 1435 ἐξηγήσατο
879 1403 893 1416 .
977 1359 1078 1414 Καὶ
1146 1355 1334 1413 πολλά
1402 1355 1837 1431 μεγαλοπρεπῶς
1888 1355 1954 1407 τά

299 1449 422 1523 περὶ
473 1453 570 1504 105
601 1447 808 1524 Κυρίου
840 1446 1078 1523 φαίνεται
1113 1445 1475 1521 διηγούμενος
1505 1446 1557 1501 ἐν
1615 1451 1694 1518 τῷ
1752 1443 1950 1522 λέγειν·

302 1538 378 1595 Οὐ
411 1535 634 1592 δύναται
691 1535 975 1612 ἄνθρωπος
1034 1531 1332 1609 λαμϐάνειν
1395 1533 1570 1607 οὐδὲν,
1629 1533 1716 1589 ἐὰν
1783 1535 1858 1608 μή

304 1624 596 1700 δεδομένον
659 1625 805 1699 αὗτῷ
861 1625 922 1681 ἐκ
979 1630 1073 1680 105
1131 1626 1385 1698 οὐρανοῦ.
1441 1622 1866 1699 Μεγαλοπρεπὲς
1898 1621 1955 1678 δὲ

302 1719 388 1772 καὶ
451 1717 534 1789 τὸ,
587 1717 649 1774 Ὁ
701 1713 901 1780 ἄνωθεν
953 1714 1256 1791 ἐρχόμενος
1313 1713 1493 1769 ἐπάνω
1553 1713 1767 1769 πάντων
1813 1711 1950 1769 ἐστί.

305 1806 407 1863 Καὶ
462 1807 547 1877 τὸ,
605 1807 667 1863 Ὀ
719 1800 902 1860 λαϐὼν
961 1804 1126 1860 αὐτοῦ
1179 1806 1279 1873 τὴν
1334 1802 1647 1880 μαρτυρίαν,
1697 1802 1954 1878 ἐσφράγι-

307 1916 418 1972 σεγ,
494 1895 576 1950 ὅτι
656 1896 683 1950 6
762 1896 891 1956 Θεὸς
968 1892 1232 1965 ἀληθινός
1309 1891 1468 1948 ἐστιν.
1534 1894 1634 1949 "Ov
1689 1892 1792 1967 γὰρ
1851 1893 1954 1947 ἀπ-

305 1983 539 2040 έστειλεν
597 1984 625 2038 6
682 1984 831 2051 Θεὸς,
890 1983 957 2037 τὰ
1015 1981 1236 2058 ῥήματα
1279 1984 1376 2035 105
1433 1984 1567 2037 Θεοῦ
1625 1978 1805 2037 λαλεῖ.
1857 1981 1956 2036 Καὶ

304 2072 390 2145 τὸ,
444 2073 504 2130 Ὁ
571 2072 840 2127 πιστεύων
899 2071 975 2136 εἷς
1026 2071 1119 2126 τὸν
1176 2070 1323 2139 Υἱὸν,
1387 2064 1506 2145 ἔχει
1541 2069 1959 2140 ζωὴναῗώνιονς

305 2164 392 2218 καὶ
456 2161 556 2218 ὅσα
606 2166 854 2217 τυιαῦτω
915 2158 1083 2220 Οὖδὶν
1145 2161 1234 2215 οὗν
1282 2160 1552 2228 ταπεινὸν,
1611 2157 1734 2214 οὐδὲ
1770 2181 1962 2236 μικρο-

305 2251 529 2329 πρεπὶς,
590 2249 735 2307 ἀλλὰ
793 2251 964 2305 πάντα
1023 2249 1385 2326 μεγαλοφυῶς
1418 2248 1552 2322 μετά
1607 2253 1704 2304 τοῦ
1735 2246 1962 2306 ἐπιϐάλ-

2067 636 2315 693 lumbam
2344 637 2764 693 descendentem
2786 653 2851 692 ac
2877 641 3192 693 manentem
3211 654 3379 709 super
3405 655 3532 694 eum
3551 639 3598 675 ⁷⁸
3623 659 3638 709 ;
3664 643 3722 696 et

2063 726 2316 782 iterum:
2349 728 2423 781 De
2457 727 2809 798 plenitudine
2845 727 2966 797 ejus
3013 743 3112 784 nos
3142 742 3326 784 omnes
3377 732 3718 803 accepimus,

2062 821 2112 872 et
2133 819 2385 890 gratiam
2401 832 2503 888 pro
2524 818 2780 886 gratia“.
2799 816 3092 872 Sublimes
3117 824 3527 890 namquesunt
3548 836 3715 892 aqua:

2062 907 2209 974 istae,
2245 913 2302 962 et
2331 905 2527 978 gloriae
2559 906 2856 978 Unigeniti
2889 906 3356 978 magnitudinem
3388 908 3710 965 declarant.

2063 997 2198 1052 Ideo
2236 999 2348 1053 Vox
2377 996 2601 1052 Domini
2644 997 2703 1050 in
2739 997 3166 1067 magniﬁcentia.
3194 997 3345 1064 Quin
3376 997 3555 1056 etiam
3585 1004 3712 1056 erat

2065 1086 2445 1158 magniﬁcum
2478 1085 2670 1141 dicere
2695 1103 2708 1142 :
2731 1090 2908 1142 Deum
2934 1101 3092 1142 nemo
3109 1087 3250 1142 vidit
3275 1104 3524 1160 unquam
3541 1107 3564 1152 ,ο
3587 1092 3715 1146 uni-

2060 1177 2278 1246 genitus
2307 1176 2503 1244 Filius,
2552 1177 2650 1248 qui
2693 1178 2773 1231 est
2803 1177 2862 1230 in
2909 1176 3038 1231 sinu
3085 1178 3298 1244 Patris,
3356 1179 3454 1235 ille
3476 1196 3718 1238 enarra-

2063 1268 2144 1321 vit
2164 1267 2228 1320 ⁷⁷.
2251 1268 2440 1338 Atque
2460 1265 2630 1337 plura
2653 1265 2963 1338 magniﬁce
2985 1267 3056 1320 de
3078 1265 3326 1322 Domino
3343 1267 3505 1340 loqui
3520 1271 3723 1345 depre-

2066 1355 2364 1422 henditur,
2397 1357 2552 1411 360
2596 1355 2694 1410 ubi
2744 1355 2861 1410 ait:
2913 1356 3032 1411 Non
3076 1364 3252 1426 potest
3279 1357 3442 1414 homo
3470 1363 3723 1433 accipere

2065 1445 2389 1516 quidquam,
2421 1447 2533 1502 nisi
2551 1445 2731 1518 fuerit
2759 1445 2814 1500 ei
2849 1444 3037 1500 datum
3083 1445 3152 1500 de
3179 1445 3390 1503 creto“.
3443 1447 3723 1523 Magniﬁ-

2065 1551 2200 1590 cum
2230 1551 2462 1606 quoque
2510 1538 2568 1590 et
2623 1533 2808 1590 illud:
2864 1535 2971 1602 Qui
3025 1534 3315 1592 desursum
3354 1539 3527 1610 venit,
3557 1557 3723 1613 super

2066 1640 2248 1680 omnes
2276 1625 2437 1679 est”.
2474 1624 2541 1678 Et
2568 1622 2728 1679 istud
2762 1640 2776 1680 :
2813 1624 2920 1692 Qui
2946 1626 3155 1696 accepit
3172 1625 3289 1696 ejus
3318 1629 3722 1702 testi-monium,

2063 1715 2304 1784 signavit
2332 1714 2464 1784 quia
2494 1714 2637 1769 Deus
2665 1729 2838 1768 verax
2865 1721 2962 1770 est.
2989 1715 3159 1784 Quem
3192 1717 3342 1771 enim
3371 1717 3526 1774 misit
3553 1721 3717 1790 Deus,

2065 1803 2232 1858 verba
2263 1805 2370 1859 Dei
2402 1802 2652 1877 loquitur
2669 1802 2734 1859 ⁸ο.
2788 1801 2937 1858 Illud
2986 1820 3221 1877 quoque
3256 1821 3270 1860 :
3307 1806 3413 1875 Qui
3457 1810 3630 1866 credit
3656 1813 3719 1866 in

2068 1895 2300 1961 Filium,
2329 1893 2487 1950 habet
2506 1896 2677 1949 vitam
2695 1901 2970 1951 aeternam
2989 1894 3033 1930 δι
3063 1919 3077 1963 ;
3104 1899 3162 1950 et
3191 1895 3421 1968 reliqua
3450 1899 3721 1969 ejusdem

2069 1983 2321 2058 generis.
2353 1983 2510 2038 Nihil
2550 1983 2730 2055 igitur
2777 1983 3022 2052 humile,
3068 1985 3362 2056 abiectum
3396 1987 3583 2048 nihil:
3614 1992 3721 2048 sed

2073 2074 2273 2129 omnia
2304 2073 2616 2145 magniﬁce
2650 2090 2782 2129 cum
2812 2074 3178 2130 convenienti
3212 2077 3620 2149 magnitudine
3650 2082 3724 2137 de

2072 2163 2321 2219 Domino
2354 2162 2510 2218 dicta
2530 2167 2690 2228 sunt,
2718 2167 2916 2234 utpote
2938 2180 2972 2220 a
2990 2164 3216 2220 Joanne
3239 2166 3512 2224 decenter
3540 2186 3728 2228 enun-
3822 2164 3828 2172 ’

2072 2253 2236 2309 tiata.
2269 2251 2492 2309 Idcirco
2528 2258 2649 2308 Vox
2678 2254 2899 2310 Domini
2926 2255 2989 2309 in
3019 2255 3462 2326 magniﬁcentia.

311 2340 506 2405 λοντος
541 2340 798 2417 μεγέθους
831 2339 1150 2417 πρεπόντως
1183 2337 1555 2415 ἀποδιδόμενα
1583 2339 1732 2415 παρά
1760 2343 1856 2394 105
1889 2341 2142 2399 Ἰωάννου
2169 2343 2302 2418 (15),
2334 2342 2457 2418 περὶ
2486 2345 2584 2397 105
2613 2341 2817 2419 Κυρίου
2847 2340 3172 2414 λελάληται.
3197 2343 3297 2400 Διὰ
3332 2350 3494 2403 τοῦτο
3513 2365 3526 2380 ·
3562 2351 3731 2422 Φωνὴ

310 2432 511 2509 Κυρίου
542 2429 594 2486 ἐν
631 2427 1091 2506 μεγαλοπρεπείᾳ.

383 2525 434 2578 4.
498 2521 665 2589 Φωνὴ
719 2519 921 2596 Κυρίου
1005 2513 1388 2592 συντρίϐοντος
1457 2517 1730 2595 κέδρους.
1801 2526 1970 2576 Δυνα-

309 2613 399 2667 τὸν
433 2609 627 2679 εἷ’πεῖν,
689 2608 772 2664 ὅτι
818 2609 1122 2682 ἑτοιμάζων
1157 2609 1337 2685 Κυρίῳ
1373 2607 1503 2665 λαὸν
1537 2609 1968 2685 κατεσκευασμέ-

313 2721 430 2772 νον,
476 2699 573 2762 τὰς
626 2697 992 2775 ἐπαιρομένας
1031 2695 1275 2760 ἀσεϐείας
1324 2699 1410 2753 καὶ
1471 2699 1776 2773 ὑψουμένας
1833 2699 1969 2755 κατὰ

310 2796 411 2858 τῆς
485 2788 738 2862 γνώσεως
808 2792 904 2843 105
979 2792 1112 2842 Θεοῦ
1176 2782 1474 2863 συντρίϐων
1524 2789 1610 2843 καὶ
1669 2793 1963 2864 καθαιρῶν,

311 2877 484 2935 ἐποίει
540 2876 606 2932 τὰ
639 2874 836 2932 σκολια
892 2875 969 2939 εἷς
1025 2875 1253 2940 εὐθεῖαν.
1315 2877 1374 2934 Ὁ
1432 2877 1533 2954 γὰρ
1566 2879 1740 2933 παντὰ
1774 2879 1962 2953 βουνὸν

309 2970 401 3024 καὶ
447 2972 550 3022 πᾶν
600 2965 727 3040 ὅρος
763 2969 1050 3035 ταπεινῶν,
1105 2964 1264 3030 οὗτος
1309 2966 1376 3036 ἦν
1433 2968 1460 3021 6
1519 2965 1820 3044 συντρίϐων
1866 2968 1963 3031 τὰς

2150 2507 2204 2561 4.
2236 2504 2413 2561 Vens.
2445 2505 2501 2561 5.
2537 2506 2650 2562 V0.1
2676 2507 2900 2562 Domini
2941 2509 3347 2580 con/ringentis
3385 2512 3590 2570 cedros.
3623 2515 3734 2572 Po-

2077 2598 2192 2650 test
2209 2594 2343 2663 dici,
2371 2596 2528 2667 quod
2551 2612 2768 2667 parans
2789 2596 3037 2654 Domino
3059 2598 3343 2671 populum
3366 2603 3731 2676 expeditum,

2077 2684 2407 2757 impietates
2439 2685 2720 2742 adversus
2751 2686 2853 2742 Dei
2881 2687 3276 2759 cognitionem
3299 2690 3481 2748 elatas
3505 2709 3571 2750 ac
3598 2712 3732 2752 eve-

2077 2779 2202 2832 ctas
2261 2780 2599 2847 conterens,
2660 2780 3044 2848 evertensque
3103 2779 3341 2852 obliqua
3395 2781 3455 2837 in
3513 2789 3732 2844 rectam

2075 2864 2230 2920 viam
2262 2869 2706 2921 transmutarst.
2738 2865 2845 2932 Qui
2877 2883 3129 2939 namque
3156 2868 3363 2927 collem
3389 2888 3653 2944 omnem,
3674 2881 3734 2934 et

2076 2959 2336 3011 montem
2369 2972 2606 3010 omnem
2656 2956 3017 3028 deprimit”,
3050 2957 3101 3013 is
3149 2964 3294 3030 erat,
3327 2962 3428 3034 qui
3470 2966 3731 3024 confrin-

312 3054 557 3132 κέδρους,
615 3056 704 3110 καὶ
757 3054 1096 3134 ἐξομαλίζων
1142 3056 1243 3124 τὴν
1306 3053 1598 3129 ἐπιδημίαν
1632 3061 1710 3128 τῷ
1759 3055 1962 3131 Κυρίῳ,

2078 3045 2251 3118 gebat
2282 3045 2508 3112 cedros,
2532 3061 2598 3100 ac
2628 3045 2878 3102 Domino
2926 3047 3241 3104 adventum
3272 3052 3731 3126 complanabat;

312 3143 402 3202 διὰ
447 3149 545 3201 105
593 3143 791 3220 ἐνάγειν
839 3145 916 3207 είς
968 3146 1254 3217 μετάνοιαν
1285 3145 1383 3214 τὴν
1431 3144 1650 3219 ὑψηλὴν
1681 3146 1772 3201 καὶ
1801 3145 1973 3220 ἐπηρ-

317 3236 484 3308 μένην
539 3233 632 3288 καὶ
682 3231 1045 3288 ἀταπείνωτον
1090 3230 1313 3308 καρδίαν
1344 3237 1441 3287 105
1475 3233 1628 3290 λαοῦ.
1662 3236 1820 3298 Ὃθεν
1852 3232 1974 3289 δια-

313 3321 614 3398 δεχόμενος
674 3320 840 3375 αὺτοῦ
869 3321 966 3389 τὴν
1020 3320 1354 3394 έτοιμασίαν,
1388 3317 1654 3399 σοντρίϐει
1688 3324 1716 3378 6
1750 3323 1970 3399 Κύριος,

313 3408 404 3466 διὰ
460 3412 558 3479 τῆς
612 3410 806 3465 ἑαυτοῦ
862 3406 1183 3483 ἐπιδημίας,
1236 3410 1332 3472 τὰς
1388 3409 1761 3485 ἀντικειμένας
1812 3410 1970 3468 δυνά-

311 3519 451 3573 μεις,
510 3496 738 3572 κέρδους
796 3502 892 3553 105
943 3493 1180 3552 Λιϐάνου
1209 3503 1489 3573 τροπικῶς
1537 3500 1965 3574 ὀνομαζομένας.

310 3593 402 3643 Δεῖ
429 3588 534 3664 γὰρ
565 3588 658 3643 τὸν
693 3588 888 3660 Κύριον
925 3584 1250 3661 βασιλεύειν,
1312 3590 1474 3665 ἄχρις
1520 3590 1582 3644 οὗ
1614 3591 1681 3666 Θῇ
1711 3589 1838 3654 τοὺς
1869 3591 1966 3668 ἐχ-

311 3677 473 3753 θροὺς
535 3676 641 3732 ὐπὸ
697 3675 828 3739 τοὺς
888 3677 1059 3741 πόδας
1091 3675 1274 3734 αὐτοῦ.
1337 3678 1435 3732 Καὶ
1492 3677 1690 3741 ταύτας
1744 3679 1840 3744 τὰς
1875 3680 1964 3735 κέ-

309 3765 470 3841 δρους
521 3764 776 3821 λεπτυνεῖ
803 3767 940 3840 (16),
1004 3766 1080 3828 ὡς
1135 3767 1226 3821 τὸν
1286 3767 1496 3843 μόσχον
1556 3768 1648 3822 τὸν
1694 3764 1956 3830 Λίϐανον.

308 3856 378 3914 Τί
437 3853 527 3910 οὖν
553 3855 692 3910 ἐστιν
727 3855 756 3910 6
790 3853 1002 3930 μόσχος
1026 3850 1298 3923 Λίϐανος;
1343 3858 1536 3928 Φασὶν,
1571 3856 1653 3913 6'1:
1685 3861 1799 3934 (17)
1829 3861 1964 3915 κατᾶ

309 3939 530 4011 πολλὴν
569 3941 879 4018 περιεργίαν
935 3942 986 3996 οἱ
1033 3947 1149 4005 τοῖς
1177 3941 1433 4007 εἰδώλοις
1467 3943 1842 4021 λατρεύοντες,
1877 3944 1965 4004 διὰ

306 4036 405 4088 105
434 4026 672 4090 Λιϐάνου
730 4035 1069 4107 μορφοῦντες
1121 4032 1348 4108 μόσχων
1383 4034 1826 4109 ἀπεικονίσματα,
1863 4036 1963 4091 οὕ-

305 4137 416 4183 τως
472 4124 643 4176 ταῦτα
697 4121 1025 4196 κατήγγιζον
1082 4119 1168 4175 ἐπὶ
1221 4125 1318 4176 105
1371 4123 1565 4199 πυρός.
1630 4123 1818 4187 Οὕτως
1874 4126 1965 4180 οὖν

307 4231 443 4286 φησι
471 4209 565 4272 τὰς
619 4207 989 4282 ἀντικειμένας
1037 4206 1293 4283 δυνάμεις
1339 4210 1415 4274 εἷς
1468 4212 1770 4290 ἀφανισμὸν
1803 4214 1962 4286 ἀξίως

307 4299 731 4373 ἐξαφανίσεσθαι.
764 4299 832 4354 Ἥ
887 4299 1096 4375 μόσχος
1128 4300 1156 4354 6
1188 4298 1276 4356 διὰ
1304 4306 1399 4356 105
1429 4297 1673 4358 Λιϐάνου
1707 4305 1811 4360 ὑπὸ
1866 4310 1962 4360 105

306 4390 476 4465 πυρὸς
535 4389 935 4462 συντηκόμενος
991 4391 1126 4445 κατὰ
1180 4390 1243 4445 τὸ
1289 4390 1594 4466 εἷ’ρημέννν·
1655 4395 1744 4457 Ὠς
1795 4397 1960 4466 τήκε..

304 4502 392 4536 ται
444 4480 614 4555 κηρὸς
671 4479 776 4535 ἀπὸ
831 4478 1128 4556 προσώπου
1177 4482 1381 4559 πυρὸςξ,
1461 4483 1633 4548 οὕτως
1694 4485 1964 4543 ἀπολοῦν-

2085 3151 2220 3189 cum
2270 3133 2477 3204 altum,
2527 3133 2890 3206 elatumque,
2935 3141 2992 3192 et
3014 3136 3370 3197 humilitatis
3417 3141 3737 3216 impatiens

2084 3238 2182 3279 cor
2214 3222 2414 3295 populi
2445 3223 2759 3280 deduceret
2789 3225 2860 3280 ad
2884 3225 3314 3297 paenitentiam.
3349 3230 3513 3290 Unde
3542 3235 3741 3292 Ι)οωὶ-

2083 3329 2196 3368 nus
2227 3313 2638 3386 praeparationi
2669 3313 2860 3386 ipsius
2905 3317 3248 3391 succedens,
3283 3324 3607 3393 potestates
3636 3326 3743 3382 ad-

2079 3421 2298 3471 versas,
2325 3404 2528 3460 cedros
2552 3403 2760 3460 Libani
2791 3422 2894 3477 per
2925 3408 3333 3479 metaphoram
3364 3418 3603 3472 vocatas
3634 3418 3746 3473 ad-

2078 3498 2253 3550 ventu
2286 3511 2395 3551 suo
2427 3493 2762 3567 confringit.
2796 3495 3036 3568 Oportet
3065 3515 3324 3572 namque
3357 3519 3606 3576 regnare
3631 3507 3743 3564 Do-

2079 3584 2330 3654 minum,
2379 3585 2564 3641 donec
2623 3585 2733 3641 sub
2791 3602 2933 3642 suos
2986 3588 3164 3660 pedes
3219 3596 3400 3662 ponat
3437 3594 3735 3654 inimicos.

2077 3675 2248 3730 Vens.
2283 3675 2338 3729 6.
2371 3676 2447 3730 Et
2465 3679 2563 3730 has
2589 3675 2794 3731 cedros
2812 3677 3164 3747 comminuet,
3187 3688 3452 3754 tanquam
3483 3684 3734 3743 vitulum

2075 3764 2523 3831 Libanumouid
2540 3764 2819 3836 igiturest
2833 3766 3053 3823 vitulus
3070 3768 3326 3827 Libanus
3340 3771 3360 3826 Ρ
3375 3774 3730 3832 Feruntido-

2075 3854 2266 3910 lorum
2293 3855 2548 3911 cultores
2580 3855 2768 3912 multa
2797 3855 3036 3914 solertia
3065 3858 3380 3919 simulacra
3403 3863 3725 3922 vitulorum

2076 3962 2145 4001 ex
2174 3944 2347 4001 thure
2376 3944 2674 4017 efﬁngere,
2708 3961 2893 4017 eaque
2923 3951 3053 4003 tum
3099 3949 3338 4007 demum
3368 3951 3490 4024 igni
3521 3955 3725 4011 admo-

2074 4050 2224 4090 vere.
2263 4036 2463 4107 Itaque
2509 4035 2784 4090 eumdem
2843 4036 2915 4090 ad
2969 4038 3209 4093 modum
3267 4041 3556 4114 propheta
3584 4043 3730 4101 dicit

2075 4124 2443 4182 adversariae
2469 4127 2789 4196 potestates
2815 4141 2846 4181 e
2877 4125 3068 4182 medio
3096 4143 3222 4184 esse
3243 4130 3380 4201 jure
3407 4131 3727 4194 tollendas.

2075 4218 2190 4270 Aut
2218 4212 2438 4270 vitulus
2469 4212 2588 4280 ille,
2625 4213 2724 4285 qui
2756 4231 2824 4271 ex
2866 4214 3039 4272 thure
3088 4217 3352 4290 effectus,
3381 4219 3517 4294 igne
3545 4223 3731 4295 lique-

2075 4305 2205 4373 scit,
2234 4305 2406 4375 juxta
2433 4302 2490 4358 id
2524 4304 2680 4375 quod
2714 4305 2938 4360 dictum
2960 4310 3086 4363 est:
3118 4306 3272 4364 Sicut
3305 4308 3522 4382 iiqueﬁt
3544 4329 3731 4371 cerua

2071 4395 2214 4466 facie
2242 4395 2410 4463 ignis,
2462 4393 2542 4448 sic
2575 4393 2840 4465 peribunt
2872 4397 3270 4467 peccatores”.
3323 4400 3732 4475 Similiterque

2079 4483 2328 4557 intelligi
2361 4486 2574 4555 potest,
2608 4484 2812 4540 cedros
2833 4489 2890 4541 et
2920 4485 3119 4558 ipsum
3139 4487 3428 4546 Libanum
3457 4491 3732 4550 elationis

379 4636 424 4716 1-
454 4635 624 4691 Joan.
663 4654 705 4716 _1,
739 4636 824 4716 εξ.
856 4637 926 4716 ,τε
970 4636 1115 4716 ibid.
1150 4637 1280 4716 is.“
1312 4640 1357 4674 ττ
1389 4639 1532 4698 ibid.
1591 4642 1678 4700 18.
1757 4644 1802 4679 τε
1852 4643 1962 4702 Joa

2085 4659 2172 4713 In,
2203 4642 2294 4697 27.
2372 4639 2418 4676 7°
2448 4637 2592 4695 ibid.
2647 4640 2738 4697 31.
2815 4640 2861 4677 ⁸ο
2889 4641 3033 4699 ibid.
3096 4644 3185 4716 33,
3217 4645 3307 4704 34.
3385 4647 3428 4684 ⁹¹
3463 4648 3605 4706 ibid.
3638 4649 3732 4707 36.

303 4706 352 4742 ”
382 4707 496 4764 Isa.
529 4725 618 4776 xc,
652 4709 704 4764 4.
779 4709 825 4744 ⁸³
855 4707 1008 4765 Psal.
1044 4725 1214 4778 van,
1251 4709 1302 4765 3.

402 4857 491 4928 44)
524 4857 666 4930 Reg.
701 4862 950 4930 quartus
977 4855 1132 4930 ᾡσεί.

407 4927 495 5002 15)
529 4927 883 5006 Ι-ΙΙιὶἀίπαρά
907 4928 1004 4985 105
1037 4931 1316 5006 Ἰωάννου,
1349 4935 1512 4991 deest
1536 4935 1597 4991 in
1626 4937 1767 5006 Reg.
1796 4955 1970 5006 quar-

308 5002 604 5080 to_._'il_’aqlo
632 5007 770 5080 _post
799 5002 951 5059 idem
967 5005 1164 5080 _codex
1197 5003 1501 5078 ἑτοιμάζων
1534 5011 1670 5080 Θεῷ.
1705 5002 1967 5070 Subinde

307 5075 487 5155 editio
523 5075 702 5155 ζει-ἰῇ.
755 5091 891 5155 cum
951 5076 1182 5155 duobus
1244 5075 1417 5155 mss.
1449 5075 1746 5155 καθαίρων,
1794 5084 1966 5142 male.

308 5146 502 5227 Edlitio
519 5147 710 5227 _Basil.
745 5152 802 5204 et
829 5151 982 5227 Reg._
1003 5154 1254 5227 quaque
1281 5152 1585 5227 uatempibv,
1612 5146 1787 5227 bene.

383 5218 495 5292 (16)
519 5219 607 5292 Ita
634 5223 774 5290 Reg.
817 5218 1087 5292 quartus.
1137 5222 1333 5280 Editio
1363 5218 1499 5283 vero
1551 5218 1733 5284 Paris.
1768 5225 1966 5282 λεπτύ-

309 5290 634 5364 νεινηςοιίὶ).
667 5290 956 5364 septimus
987 5290 1260 5364 λεπτύνει.

345 5429 361 5454 ς
383 5361 836 5454 (1'7")rS-icedgitii
858 5363 925 5454 Τί
955 5361 1051 5448 ρῦν
1083 5363 1224 5454 ἐστιν
1250 5365 1278 5420 6
1304 5366 1556 5454 μόσχοςΙξ
1594 5364 1850 5454 ᾼίϐανος,
1875 5391 1970 5449 φα-

311 5437 419 5513 σὶν,
455 5437 513 5486 ὃν
545 5437 924 5513 θεοεηᾳιιὶβυε
953 5437 1012 5513 in
1035 5439 1236 5513 verbis
1261 5437 1394 5513 cum
1416 5437 1562 5498 insit
1583 5442 1813 5513 vitium,
1835 5437 1970 5500 eum

311 5505 511 5560 locum
538 5507 643 5561 viri
673 5505 1000 5564 doctissimi
1023 5510 1411 5569 Combeﬁsius
1431 5518 1488 5569 et
1513 5519 1756 5572 Ducaeus
1778 5505 1974 5573 emen-

315 5578 466 5659 dare
486 5577 818 5659 voluerunt,
851 5581 1019 5638 docte
1067 5585 1306 5659 quidem
1337 5593 1606 5659 uterque,
1655 5589 1753 5645 sed
1787 5589 1972 5646 diver-

318 5667 405 5732 se.
444 5651 534 5732 ait
565 5651 1318 5732 igitur_Ducesu_s,_t'—ortasse
1369 5651 1680 5731 lege-udum
1721 5676 1871 5732 esse,
1904 5660 1970 5717 Τί

321 5721 417 5804 οὖν
451 5720 671 5804 terrui-6
706 5722 918 5804 μόσχος
943 5722 997 5804 τί
1025 5720 1076 5779 V6
1098 5722 1360 5804 _Ai60wcq
1387 5749 1401 5798 ;
1424 5720 1605 5804 fQuid
1631 5749 1759 5804 ergo
1788 5720 1870 5790 est
1893 5737 1974 5804 vi-

314 5794 473 5853 tulus
491 5800 517 5853 .’
539 5795 673 5872 quid
701 5794 946 5856 Libanus
964 5800 990 5853 .9
1030 5797 1118 5856 vel
1148 5806 1328 5870 certe,
1383 5794 1444 5858 Τί
1464 5794 1580 5859 ὀὖν
1639 5794 1780 5860 ἔστιν
1811 5805 1840 5860 ὁ
1870 5803 1970 5879 μό-

2083 4885 2222 4942 σχος
2237 4863 2337 4950 ςτοῦ
2360 4860 2598 4952 Λιϐάνου
2622 4891 2636 4935 ;
2661 4867 2813 4940 Quid
2831 4884 2958 4938 ergo
2975 4875 3057 4927 est
3075 4870 3284 4958 vitulus
3304 4874 3548 4932 Libani?
3565 4873 3734 4930 Com-

2081 4941 2325 5020 beﬁsuis
2355 4941 2684 5020 verglalltuer
2703 4943 3016 5020 emendare
3035 4948 3410 5020 aggreditur;
3442 4952 3733 5020 putatque

2078 5011 2418 5093 legendum,
2538 5085 2551 5093 _
2575 5009 2666 5093 05v
2719 5011 2858 5093 ἐστιν
2893 5013 2920 5067 6
2957 5009 3189 5093 -μόσῑος
3241 5009 3511 5093 Λίϐανοῂ
3560 5009 3732 5093 φᾶσὶν

2079 5082 2186 5151 δτῖ,
2221 5090 2333 5142 etc.
2368 5086 2510 5154 Quid
2530 5085 2706 5154 igitur
2723 5086 2928 5142 vitulus
2948 5082 3229 5146 Eibaiius?
3257 5092 3426 5148 Aiunt
3456 5082 3736 5149 idolorum

2079 5159 2333 5232 cultores,
2386 5162 2502 5232 _et_c.
2535 5161 2651 5213 Nec
2705 5158 2946 5232 dubium
2981 5161 3120 5232 quin
3173 5162 3284 5218 hoc
3331 5180 3438 5220 suo
3496 5165 3732 5222 invento

2081 5229 2335 5286 multum
2368 5229 2688 5286 delectatus
2720 5231 2814 5294 sit,
2851 5229 3376 5292 cum—conﬁdenter
3404 5236 3616 5294 addat:
3640 5239 3737 5294 Sic

2083 5303 2239 5378 legit,
2268 5304 2599 5378 scripsitque
2619 5303 2881 5378 Basilius.
2908 5306 3030 5370 Quo
3062 5306 3302 5378 quidem
3326 5310 3499 5366 modo
3531 5313 3736 5366 auctor

2083 5375 2216 5449 ejus
2242 5374 2510 5449 opusculi
2541 5375 2860 5449 scripserit,
2901 5394 3013 5430 non
3047 5374 3237 5434 dicam
3269 5383 3400 5449 (nec
3429 5399 3561 5438 vero
3584 5383 3735 5438 tanti

2083 5447 2254 5523 nobis
2273 5447 2695 5523 videturscire)
2723 5466 2737 5504 :
2764 5449 2902 5523 quia
2919 5453 3112 5506 tamen
3137 5447 3472 5523 conjectura
3495 5454 3738 5511 Combe-

2083 5519 2196 5575 ﬁsii
2229 5519 2376 5594 nihil
2400 5519 2611 5594 melius
2633 5520 2906 5594 occurrit,
2930 5537 3058 5577 eam
3079 5519 3546 5594 amplectendam
3572 5527 3734 5581 duxi-

2084 5609 2240 5682 Lnus.
2274 5592 2398 5682 Nec
2423 5592 2565 5682 illud
2597 5592 3014 5682 omittendum,
3048 5594 3158 5666 legi
3181 5592 3260 5682 in.
3301 5598 3440 5682 Reg.
3473 5600 3736 5682 tertio‘et

2085 5663 2245 5719 Colb.
2279 5661 2643 5742 sex_to_<_17aetv
2692 5661 2719 5715 ὁ
2749 5662 2884 5742 κοιτά
2931 5669 3065 5742 etc..
3105 5661 3264 5738 quod
3316 5661 3457 5742 quin
3492 5671 3737 5726 mendo-

2085 5753 2218 5792 sum
2251 5737 2329 5791 sit
2357 5734 2616 5792 dubitari
2644 5750 2756 5790 non
2790 5739 3002 5807 potest.
