4154 6398
285 370 354 429 8|
1387 359 1716 422 HOMILIA
1761 359 1840 418 IN
1890 354 2273 419 PSALMUM
2316 356 2616 417 XXXVII.
3635 363 3712 424 82

291 499 582 576 γένωνται,
612 501 665 555 οἱ
719 497 822 555 ὑπὸ
878 500 976 554 τοῦ
1032 499 1368 569 συσκιασμοῦ
1422 498 1532 550 τῶν
1582 490 1802 568 δρυμῶν
1851 511 1928 546 κα

2064 498 2365 565 serpentes
2397 507 2501 548 suo
2531 490 2965 549 condensarum
3022 491 3305 550 silvarum
3361 493 3712 551 umbraculo

298 587 657 664 λυπτόμενοι,
719 589 855 664 πρὸς
915 588 976 642 τὸ
1035 586 1373 659 ἀπονώτερον
1435 583 1631 645 αὐτοὺς
1686 582 1788 637 ὑπὸ
1841 585 1947 635 τῶν

298 676 518 755 ἐλάφων
551 677 1056 741 καταναλίσκεσθαι.
1101 675 1255 752 Τάχα
1287 672 1378 728 οὖν
1411 674 1438 727 6
1465 671 1712 748 ἐλέγχων
1754 671 1850 734 τὰς
1894 668 1946 724 ἰν

293 772 374 840 τῷ
409 773 634 843 κρυπτῷ
691 768 904 834 κακίας,
939 763 1308 821 ἀποκαλύπτει
1365 761 1625 839 δρυμούς·
1652 762 1946 828 τουτέστιν,

291 857 370 920 εἷς
431 857 666 936 ὲμφανὶς
725 857 837 932 ἄγει
895 856 988 917 τὰς
1047 852 1470 930 ἐμφωλευούσας
1500 855 1568 926 τῇ
1599 850 1762 924 ὑλικῇ
1795 849 1948 928 φύσει

291 947 561 1024 ἁμαρτίας
597 943 744 1026 ὄφεις
779 944 1079 1022 λεγομένας
1112 941 1200 998 διὰ
1246 944 1306 999 τὸ
1351 940 1608 998 ποικίλον
1667 947 1765 1010 τῆς
1814 936 1946 1009 ἡδο-

286 1043 405 1107 νῆς.
447 1035 813 1110 Ἀποκαλύψει
876 1033 933 1090 δὶ
989 1033 1039 1090 ἐν
1099 1034 1302 1109 ἡμέρᾳ,
1339 1034 1428 1088 ὅτε
1482 1030 1822 1104 ἀποκαλύψει
1881 1029 1947 1084 τὰ

288 1125 502 1198 κρυπτὰ
550 1129 650 1180 τοῦ
703 1125 954 1194 σκότους,
987 1123 1079 1178 καὶ
1132 1125 1227 1184 τὰς
1283 1122 1488 1198 βουλὰς
1538 1122 1644 1176 τῶν
1705 1117 1942 1194 καρδιῶν

289 1215 489 1274 αὐτῶν.
524 1217 684 1291 Τάχα
735 1212 791 1270 δὲ
848 1213 937 1269 καὶ
971 1215 998 1269 6
1031 1213 1308 1284 Ἰωάννης,
1343 1214 1495 1290 φωνὴ
1558 1211 1630 1265 ὣν
1689 1214 1784 1265 τοῦ
1843 1217 1944 1265 Κυ-

286 1305 430 1382 ρίου,
468 1304 518 1361 ἐν
581 1307 860 1382 αἶ’νίγματι
919 1308 1025 1376 (24)
1083 1310 1164 1377 τῷ
1224 1301 1442 1380 Ἰσραὴλ
1505 1301 1799 1377 διελέγετο,
1859 1302 1941 1358 ὅτι

284 1393 431 1466 ’Ἡδη
492 1399 525 1466 ἡ
583 1395 736 1470 ἀξίνη
796 1396 934 1470 πρὸς
987 1395 1085 1464 τὴν
1148 1393 1293 1470 ῥίζαν
1345 1397 1451 1447 τῶν
1485 1389 1716 1466 δένδρων
1745 1397 1940 1450 κεῖται.

287 1489 397 1538 Πᾶν
473 1480 563 1537 οὗν
647 1479 866 1559 δένδρον
932 1483 1007 1556 μὴ
1068 1485 1261 1536 ποιοῦν
1319 1481 1525 1556 καρπὸν
1592 1479 1800 1548 καλὸν,
1861 1480 1942 1535 ἐκ·

282 1573 592 1643 κόπτεται,
649 1574 738 1628 καὶ
819 1572 896 1634 εἰς
976 1577 1081 1643 πῦρ
1173 1569 1483 1648 βάλλεται.
1560 1568 1939 1625 Ἀπεκάλυπτε

285 1663 414 1726 τοὺς
473 1661 734 1739 δρυμοὺς,
791 1665 1034 1720 τουτέστι
1091 1669 1200 1719 τῶν
1258 1667 1480 1737 καρπῶν
1536 1662 1598 1717 τὸ
1657 1663 1934 1738 ἄχρηστον

283 1751 562 1831 έφανέροα
599 1755 840 1830 ἄκαρπος
893 1755 993 1830 γὰρ
1048 1752 1152 1823 ὕλη
1204 1754 1232 1808 6
1283 1749 1488 1828 δρυμός
1539 1749 1615 1809 Οὗ
1646 1752 1706 1806 τὸ
1743 1746 1939 1826 βλαϐε-

2063 581 2472 638 delitescentes
2504 581 2869 654 detegantur,
2902 586 2969 638 ut
3015 582 3244 640 minore
3290 584 3521 656 negotio
3552 600 3585 640 a
3613 599 3713 640 cer

2059 671 2147 729 vis
2172 673 2581 728 absumantur.
2612 675 2878 728 Fortasse
2909 673 3108 745 igitur,
3134 673 3235 745 qui
3256 674 3602 730 abscondita
3622 674 3709 730 vi-

2060 765 2142 818 tia
2173 762 2389 835 arguit,
2418 761 2468 818 is
2500 762 2712 817 revelat
2742 763 3038 818 condensa
3071 780 3084 818 :
3135 763 3245 818 hoc
3275 767 3386 834 est,
3417 762 3711 819 latitantia

2061 853 2119 908 in
2154 851 2444 908 materiali
2475 858 2689 907 natura
2729 857 2966 925 peccata
2995 853 3054 908 in
3107 857 3378 926 apertum
3437 854 3658 925 profert
3690 867 3706 908 :

2059 959 2187 1015 quis
2219 943 2291 998 ob
2323 941 2641 1014 voluptatis
2674 941 3010 998 varietatem
3045 951 3348 1014 serpentes
3407 943 3706 998 dicuntur.

2057 1031 2562 1089 Revelabitautem
2585 1032 2644 1086 in
2663 1030 2766 1088 illa
2778 1032 2892 1098 die,
2913 1049 3046 1088 cum
3069 1031 3710 1089 revelabitabscondita

2055 1126 2432 1180 tenebrarum
2463 1126 2520 1179 et
2549 1121 2797 1179 consilia
2825 1122 3090 1178 cordium
3110 1122 3376 1195 ipsorum
3403 1123 3448 1159 ⁸⁸
3471 1123 3704 1180 Portas-

2054 1212 2136 1270 sis
2159 1218 2354 1269 autem
2375 1213 2726 1280 etJoannes,
2751 1229 2886 1268 cum
2907 1212 3136 1268 Domini
3157 1217 3313 1268 esset
3327 1229 3456 1285 vox,
3479 1213 3540 1268 in
3561 1212 3705 1268 mni-

2053 1307 2248 1374 gmate
2271 1301 2448 1358 Israel
2467 1302 2550 1358 sic
2585 1299 3026 1374 alloquebatur:
3050 1302 3172 1358 Jam
3199 1303 3411 1357 securis
3439 1301 3509 1357 ad
3534 1301 3704 1358 radi-

2051 1408 2166 1448 cem
2197 1393 2457 1449 arborum
2503 1396 2679 1464 posita
2702 1401 2803 1448 est.
2840 1391 3030 1447 Omnis
3076 1407 3213 1464 ergo
3243 1393 3410 1447 arbor
3437 1406 3561 1463 qua
3587 1407 3702 1447 non

2049 1483 2189 1552 facit
2216 1487 2461 1554 fructum
2496 1483 2720 1550 bonum,
2761 1480 3062 1552 exciditur,
3093 1487 3144 1537 et
3175 1483 3233 1536 in
3259 1482 3444 1550 ignem
3475 1481 3704 1550 coniici-

2050 1572 2204 1627 tur”.
2238 1569 2548 1627 Revelabat
2569 1571 2885 1641 condensa,
2918 1569 2976 1624 id
3012 1574 3120 1638 est,
3146 1571 3452 1626 fructuum
3478 1568 3704 1625 inutili-

2048 1664 2225 1716 tatem
2250 1659 2443 1732 palam
2469 1660 2736 1715 faciebat.
2759 1657 2904 1715 Nam
2927 1660 3228 1715 condensa
3250 1658 3418 1729 silva,
3452 1658 3702 1716 materia

2048 1749 2415 1806 infructuosa
2443 1753 2554 1805 est.
2588 1749 2770 1820 Cujus
2795 1749 2879 1804 eis
2902 1748 3324 1805 detrimentum
3345 1765 3480 1804 cum
3504 1751 3702 1804 osten-

287 1841 380 1914 ρὸν
409 1837 759 1896 ἐπιδεικνύων
821 1839 1027 1911 αὐτοῖς,
1059 1839 1134 1902 εἰς
1178 1841 1277 1909 τήν
1337 1834 1738 1894 ἐπιϐάλλουσαν
1799 1859 1928 1914 καρ-

2049 1839 2232 1908 deret,
2263 1841 2332 1896 ad
2359 1855 2678 1912 congruam
2704 1838 3121 1894 fecunditatem
3148 1838 3285 1894 illos
3322 1837 3694 1910 provocabat,

281 1928 540 2004 πογονίαν
597 1926 1010 2004 προσεκαλεῖτο,
1048 1926 1255 2003 λέγων’
1291 1933 1564 1998 Ποιήσατε
1615 1925 1744 1989 τοὺς
1803 1947 1929 2002 καρ-

279 2016 415 2080 ποὺς
475 2018 653 2088 ἀξίους
708 2025 807 2088 τῆς
868 2016 1173 2091 μετανοίας.
1209 2017 1296 2088 Ἐξ
1345 2014 1416 2071 ὦν
1450 2019 1664 2072 πάντων
1697 2013 1754 2071 (ἐν
1784 2015 1926 2072 ἐστιν

280 2103 649 2180 ἀποτέλεσμα,
680 2105 743 2161 τὸ
774 2103 1210 2180 οἰκοδομηθῆναι
1238 2106 1330 2160 τὸν
1387 2105 1512 2161 ναὸν
1547 2104 1768 2181 Κυρίοτ,
1803 2101 1928 2170 ἔνθα

276 2199 380 2256 πᾶς
411 2195 439 2250 6
470 2194 766 2270 γενόμενος
800 2192 1018 2250 δύναται
1053 2193 1274 2266 ἀληθῶς
1325 2195 1557 2273 ἔνεγκεῖν
1605 2199 1686 2269 τῷ
1737 2195 1926 2271 Κυρίῳ

276 2281 452 2358 δόξαν.

341 2376 396 2430 7.
443 2370 624 2430 Ἀλλὰ
675 2374 764 2430 καὶ
826 2377 854 2430 6
908 2373 1106 2450 Κύριος
1157 2377 1250 2431 τὸν
1300 2371 1683 2448 κατακλυσμὸν
1743 2395 1928 2430 κατοι-

267 2467 398 2521 κιεῖ.
432 2463 529 2518 Διὰ
573 2465 676 2541 γὰρ
711 2469 807 2520 τοῦ
864 2464 1234 2540 βαπτίσματος
1275 2467 1310 2534 ἡ
1363 2464 1438 2527 εἷς
1483 2464 1577 2526 τὰς
1609 2464 1787 2540 ψυχὰς
1815 2469 1924 2520 τῶν

269 2551 618 2627 ἡγιασμένων
676 2557 772 2608 τοῦ
831 2553 1036 2626 Κυρίου
1084 2554 1422 2624 κατοίκησις.
1477 2554 1590 2623 Τὴν
1649 2553 1739 2609 οὗν
1797 2556 1928 2610 ἀπο-

269 2638 577 2714 λουομένην
633 2643 730 2712 τὴν
794 2643 1058 2718 ἁμαρτίαν
1113 2644 1320 2719 ψυχὴν,
1350 2641 1550 2712 ταύτην
1610 2649 1852 2699 κατοικεῖ
1897 2646 1926 2700 6

275 2730 427 2793 Θεός.
473 2734 570 2787 Διὰ
600 2735 761 2788 τοῦτο
795 2731 1007 2808 λέγεται
1063 2733 1156 2788 τὸν
1214 2731 1594 2806 κατακλυσμὸν
1653 2739 1924 2790 κατοικεῖν

440 2822 565 2879 Ὅτι
596 2821 698 2897 γὰρ
730 2822 828 2890 τὴν
890 2821 948 2878 έκ
1002 2827 1099 2877 τοῦ
1161 2822 1535 2898 βαπτίσματος
1593 2819 1780 2888 ἄφεσιν
1827 2846 1924 2880 κα-

267 2907 584 2984 τακλυσμὸν
651 2911 1057 2988 προσηγόρευσε
1090 2957 1104 2983 ,
1165 2912 1252 2967 καὶ
1338 2912 1397 2968 ἐκ
1451 2918 1548 2968 τοῦ
1602 2919 1925 2988 τριακοστοῦ

269 2999 493 3073 πρώτου
550 2998 775 3076 ψαλμοῦ
838 3004 1254 3075 μεμαθήκαμεν,
1287 3001 1339 3056 ἐν
1395 3007 1474 3075 τῷ
1529 3002 1735 3058 εἴπεῖνο
1769 3003 1922 3072 Πλὴν

271 3086 323 3142 ἓν
409 3087 784 3163 κατακλυσμῷ
863 3087 1071 3144 ὑδάτων
1129 3088 1357 3147 πολλῶν
1416 3092 1554 3165 πρὸς
1607 3091 1766 3146 αὐτὸν
1828 3090 1928 3147 οὐκ

265 3175 578 3252 ἐγγιοῦσιν.
627 3179 691 3234 Ai
745 3178 848 3253 γὰρ
927 3177 1186 3252 ἁμαρτίαι
1261 3183 1366 3233 τῶν
1427 3177 1809 3253 ἁμαρτωλῶν,
1867 3179 1918 3233 ἰν

2043 1928 2247 1985 dicens
2293 1945 2306 1985 :
2359 1930 2546 1985 Facite
2598 1929 2816 2002 [ructus
2853 1927 3046 1999 dignos
3096 1929 3436 1998 paenitentiae
3460 1927 3524 1982 9°.
3558 1927 3698 1992 Quae

2040 2019 2240 2074 omnia
2265 2035 2452 2074 unum
2483 2019 2770 2088 efﬁciunt,
2794 2021 3100 2090 nempe,ut
3129 2017 3419 2091 templum
3450 2016 3690 2076 Domini

2040 2108 2361 2165 aedificetur
2393 2125 2406 2163 :
2433 2107 2494 2163 in
2517 2125 2629 2180 quo
2653 2107 2926 2180 quisquis
2956 2109 3314 2165 constitutus
3337 2107 3537 2179 fuerit,
3566 2106 3690 2180 glo-

2042 2198 2192 2256 riam
2222 2198 2474 2255 Domino
2499 2213 2631 2255 vere
2661 2198 2868 2255 afferre
2901 2201 3112 2272 potest.

2105 2382 2160 2434 7.
2193 2379 2303 2435 Sed
2337 2382 2395 2435 et
2440 2379 2709 2436 Dominus
2766 2378 3047 2436 diluvium
3103 2377 3448 2436 inhabitare!
3473 2377 3647 2453 faciet
3676 2393 3695 2438 ὅ

2037 2469 2185 2529 Nam
2219 2485 2324 2541 per
2352 2468 2722 2541 baptismum
2753 2469 2812 2524 in
2844 2469 3158 2525 animabus
3189 2468 3694 2526 sanctiﬁcatorum

2037 2558 2320 2614 habitatio
2347 2559 2410 2614 fit
2431 2559 2970 2615 Domini.Animam
2993 2558 3175 2630 igitur
3203 2577 3236 2614 a
3265 2561 3503 2631 peccato
3527 2557 3695 2615 ablu-

2037 2651 2159 2704 tam
2191 2647 2424 2704 habitat
2457 2653 2630 2704 Deus.
2683 2650 3050 2720 Quapropter
3097 2646 3312 2703 dicitur
3360 2647 3696 2704 inhabitare

2037 2737 2348 2794 diluvium.
2376 2739 2540 2802 Quod
2570 2737 2728 2794 enim
2756 2737 2985 2793 veniam
3018 2754 3121 2809 per
3177 2737 3540 2810 baptismum
3587 2737 3692 2794 ob-

2037 2831 2259 2884 tentam
2277 2827 2564 2883 diluvium
2589 2826 2901 2894 vocaverit,
2925 2825 3102 2882 etiam
3161 2843 3230 2882 ex
3250 2826 3547 2883 tricesimo
3569 2826 3692 2900 pri-

2037 2934 2132 2973 mo
2166 2915 2394 2989 psalmo
2443 2916 2786 2983 didicimus,
2819 2916 2960 2970 dum
2994 2915 3138 2971 dicit
3170 2932 3184 2971 :
3237 2916 3600 2972 Veruntamen
3629 2917 3692 2971 in

2033 3004 2253 3062 diluvio
2284 3022 2557 3077 aquarum
2613 3004 2924 3061 multarum
2979 3005 3050 3060 ad
3079 3021 3208 3060 eum
3262 3005 3417 3061 ποθι
3449 3021 3557 3061 non
3591 3023 3689 3077 ap-

2033 3094 2504 3166 propinquabant.
2541 3094 2688 3151 Nam
2720 3093 2781 3148 in
2840 3109 2907 3148 ea
2966 3092 3374 3164 redemptione
3404 3109 3532 3164 quae
3584 3107 3690 3164 per

2037 3183 2402 3254 baptismum
2434 3183 2522 3251 ﬁt,
2557 3186 2932 3254 peccatorum
2957 3186 3193 3254 peccata
3215 3182 3691 3255 appropinquare

261 3269 331 3340 τῇ
395 3263 485 3320 διὰ
539 3270 636 3321 τοῦ
698 3265 1070 3341 βαπτίσματος
1113 3265 1510 3341 ἀπολυτρώσει,
1545 3268 1618 3329 ὡς
1678 3288 1916 3343 προσεγο

2046 3287 2151 3326 aon
2185 3270 2439 3343 amplius
2471 3275 2766 3342 poterunt.
2799 3272 2864 3327 Et
2920 3271 3126 3328 sedebit
3177 3272 3444 3328 Dominus
3495 3254 3600 3328 rex
3627 3273 3686 3327 in

261 3354 434 3430 γίζειν
497 3354 680 3410 οὐκέτι
740 3357 1288 3431 συγχωρηθήσονται.
1333 3358 1438 3414 Καὶ
1494 3357 1757 3421 καθιεῖται
1811 3355 1918 3414 Κύ-

2046 3368 2316 3415 eternum.
2349 3363 2566 3416 Praeter
2593 3360 2715 3415 haec
2746 3359 2943 3416 omnia
2974 3360 3032 3416 id
3087 3361 3442 3417 concedetur
3492 3360 3687 3433 nobis,

262 3462 378 3516 ριος
461 3442 718 3518 βασιλεὺς
795 3443 872 3506 είς
949 3445 1038 3497 τὸν
1098 3443 1289 3501 αἶ’ῶνα.
1351 3445 1473 3502 Ἐπὶ
1522 3450 1651 3500 πᾶσι
1704 3445 1920 3510 τούτοις

2046 3453 2094 3503 1t
2117 3447 2346 3504 Domini
2368 3447 2429 3503 in
2457 3464 2660 3505 omnes
2689 3448 3086 3522 principatum
3116 3466 3510 3522 agnoscamus
3541 3467 3555 3506 :
3583 3451 3686 3522 qui

260 3531 479 3609 ὑπάρξει
512 3533 650 3606 ἡμῖν
693 3531 958 3608 γνωρίσαι
1012 3534 1115 3602 τήν
1169 3533 1258 3588 ἐπὶ
1314 3532 1528 3589 πάντων
1585 3535 1760 3610 ἀρχὴν
1819 3539 1917 3590 τοῦ

2046 3537 2128 3592 lat
2158 3536 2374 3610 populo
2406 3555 2513 3594 suo
2541 3539 2752 3607 robur;
2778 3543 2844 3595 ut
2874 3541 3100 3596 devicto
3134 3540 3416 3613 maligno,
3440 3541 3684 3597 benedi-

258 3622 559 3691 Δεσπότου,
590 3621 687 3677 τοῦ
719 3618 964 3685 διδόντος
999 3620 1156 3698 ἰσχὺν
1188 3627 1269 3696 τῷ
1309 3622 1428 3696 λαῷ
1475 3623 1662 3693 αὐτοῦ,
1688 3623 1781 3678 ’ίνα
1833 3645 1916 3678 νι-

2046 3628 2284 3683 itionem
2318 3627 2704 3701 accipiamus,
2730 3645 2856 3701 qua.I
2879 3630 3054 3686 datur
3084 3647 3118 3687 a
3153 3631 3398 3687 Domino
3423 3631 3482 3685 in
3515 3647 3680 3704 pace,

255 3713 517 3782 κήσαντες
548 3711 640 3766 τὸν
686 3711 953 3788 πονηρὸν,
981 3713 1079 3782 τὴν
1110 3709 1372 3787 εὐλογίαν
1406 3715 1757 3789 γωρήσωμεν
1813 3714 1912 3784 τὴν

2046 3717 2120 3773 IIS
2149 3717 2250 3791 qui
2281 3717 2410 3790 ipso
2443 3717 2606 3790 digni
2634 3722 2796 3776 sunt.
2820 3719 2941 3792 Ipsi
2962 3719 3152 3793 gloria
3172 3721 3233 3777 in
3258 3718 3474 3778 saecula
3494 3737 3678 3776 secu-

258 3797 548 3873 διδομενην
582 3803 694 3874 (26)
725 3801 828 3856 ὑπὸ
858 3801 1072 3877 Κυρίου
1109 3801 1162 3857 ἐν
1197 3800 1389 3878 εἰρήνῃ
1435 3808 1554 3866 τοῖς
1600 3803 1769 3874 ἀξίοις
1819 3800 1913 3858 αὖ·

2049 3821 2240 3864 orum.
2274 3808 2473 3865 Amen.

253 3894 370 3945 τοῦ·
405 3889 488 3945 ὅτι
519 3888 666 3963 αὐτῷ
696 3893 730 3962 ἡ
765 3887 893 3968 δόξα
924 3890 999 3954 είς
1026 3889 1154 3955 τοὺς
1189 3890 1390 3958 αἰῶνας
1416 3896 1526 3948 τῶν
1549 3891 1782 3951 αἰώνων.
1815 3893 2017 3968 Ἀμήν.

2463 4099 2540 4157 ΙΝ
2578 4099 2922 4157 PSALMUM
2951 4099 3232 4160 XXXVII.

2512 4191 2781 4247 Doctrina
2809 4193 3190 4262 confessionis.

771 4091 885 4148 ΕΙΣ
926 4096 1025 4145 ΛΖ¹
1064 4097 1380 4150 ΨΑΛΜΟΝ.

658 4177 995 4236 Διδασκαλία
1024 4181 1499 4259 ἐξομολογήτεως.

435 4333 440 4338 _
502 4267 738 4342 Ψαλμὸς
769 4273 850 4341 τῷ
876 4264 1043 4325 Δαϐὶδ
1077 4269 1152 4334 εἷς
1184 4271 1488 4346 ἀνάμνησιν
1519 4275 1658 4348 (27).

2308 4281 2567 4337 Psalmus
2595 4282 2794 4338 Davids'
2840 4284 2900 4338 in
2941 4284 3389 4341 recordationem

325 4359 376 4413 1.
408 4357 474 4414 Οἱ
504 4363 605 4427 τῆς
639 4357 995 4413 Θεοπνεύστου
1045 4365 1262 4438 Γραφῆς
1293 4359 1450 4438 λόγοι
1483 4363 1774 4432 στήσονται
1825 4360 1914 4418 ἐπὶ

2101 4369 2152 4424 1.
2185 4369 2376 4426 Verba
2407 4371 2720 4443 Scriptura
2744 4371 3028 4430 divinitus
3050 4372 3347 4446 inspiratus
3366 4389 3468 4444 pro
3482 4371 3672 4429 tribu-

258 4448 354 4499 τοῦ
418 4424 668 4520 βήματος
725 4449 823 4500 τοῦ
878 4424 1138 4521 Χριστοῖ).
1170 4424 1415 4524 ζΕλέγξίιυ
1473 4424 1599 4526 γὰρ,
1633 4452 1788 4528 φησὶ,
1829 4453 1920 4508 καὶ

2046 4457 2152 4514 nali
2183 4424 3464 4535 omnigi.t;.;i;.j;g;.;.“;g};;'{iga};
3489 4424 3682 4519 ἓιῖῐα-

252 4537 588 4610 παραστήσω
675 4537 811 4589 κατὰ
890 4537 1188 4610 πρόσωπόν
1278 4560 1374 4593 σου
1457 4544 1554 4603 τὰς
1640 4542 1910 4619 ἁμαρτίας

2046 4564 2175 4603 uam
2205 4553 2399 4605 contra
2427 4551 2628 4621 faciem
2657 4560 2814 4607 tuam
2840 4557 3061 4625 peccata
3091 4561 3186 4609 tua
3233 4554 3299 4608 ’1.
3346 4554 3552 4624 Itaque
3603 4552 3679 4608 iis

255 4644 352 4678 σου
382 4624 514 4697 (28).
543 4621 702 4682 Οὕτω
732 4624 822 4679 καὶ
854 4624 1505 4714 πρόσχωμενλνηφόντως
1535 4635 1650 4693 τοῖς
1685 4629 1910 4708 λεγομέ-

2046 4654 2152 4708 [uie
2183 4654 2216 4693 a
2245 4638 2546 4711 Scriptura
2594 4621 2894 4713 dicuntur,
2929 4641 3244 4714 diligenter
3273 4621 3674 4712 attendamus,

252 4733 370 4778 νοις
397 4714 535 4768 κατὰ
560 4715 660 4782 τήν
693 4715 936 4791 Γραφήν,
961 4714 1053 4770 καὶ
1081 4715 1156 4778 εἷς
1187 4711 1342 4793 ἔργον
1393 4719 1647 4795 προάγειν
1697 4720 1790 4784 τὰς
1833 4723 1910 4776 ἰν-

2046 4742 2415 4797 ιοηθωιιιηυθ
2445 4745 2512 4786 ac
2531 4711 2888 4788 studeamus
2915 4711 3146 4788 Domini
3184 4735 3474 4804 pracepta
3502 4711 3678 4802 perii-4

325 4859 369 4895 ⁸⁸
399 4863 426 4913 Ι
453 4862 578 4915 Cor.
616 4875 694 4930 IV,
727 4859 783 4915 5.
812 4859 858 4895 ⁸⁸
886 4859 1096 4917 Matth.
1128 4878 1214 4934 1n,
1251 4863 1336 4919 10.
1369 4865 1415 4900 9°
1438 4864 1580 4921 ibid.
1617 4868 1670 4923 8.
1703 4867 1746 4904 ⁹¹
1783 4867 1928 4925 Psal.

2046 4887 2114 4928 ix.
2148 4844 2239 4928 2i.

2091 5013 2204 5092 (2:7)
2239 5014 2700 5092 _Editio__Paris._
2753 5022 2888 5089 post
2958 5017 3405 5092 inscriptionem
3457 5014 3676 5092 psalmi

2020 5085 2254 5158 praefert
2281 5085 2600 5163 ill_a,Kt’ipts,
2638 5087 2712 5160 μὴ
2753 5085 2842 5161 ῖτῷ
2873 5094 3032 5162 θυμῷ
3065 5085 3179 5146 σοιῖ·
3214 5091 3317 5147 sed
3349 5085 3477 5146 haec
3499 5089 3678 5146 verba

2020 5174 2137 5214 non
2169 5159 2545 5232 reperiuntur
2573 5177 2766 5288 neque
2795 5159 2856 5218 in
2890 5159 3111 5220 nostris
3143 5167 3367 5234 septem
3395 5178 3540 5219 mss.
3573 5178 3676 5219 ne-

2021 5247 2135 5288 aue
2165 5231 2225 5287 in
2258 5231 2517 5288 editione
2547 5235 2676 5288 Basi
2710 5276 2722 5288 .

2021 5247 2135 5304 que
2165 5231 2225 5287 in
2243 5231 2517 5304 editione
2547 5231 2722 5290 Basil.

320 5001 434 5074 (24)
465 5001 620 5083 Editi
661 5018 795 5083 cum
826 5002 969 5083 Reg.
1015 5007 1221 5083 quarto
1247 5002 1317 5083 ⁸ἐν
1352 5005 1431 5083 ivi
1463 5007 1760 5083 αἰνίγματι.
1793 5009 1908 5083 Alii

249 5070 368 5155 tres
399 5090 569 5155 mss._
596 5070 647 5128 ἐν
681 5072 759 5130 ἑνὶ
809 5070 1112 5151 πράγματι.
1167 5079 1328 5135 Infra
1357 5080 1496 5154 Reg.
1531 5070 1778 5155 quartus
1815 5081 1909 5137 ἆν-

253 5142 474 5202 ένεγκεῖν
502 5149 602 5202 τῶ.

322 5167 630 5299 (Ξῖίνῐιέἔίῐ
661 5219 1071 5299 Gomheﬁsius,
1104 5227 1389 5299 κατοικιεῖ,
1423 5224 1524 5281 ubi
1549 5228 1605 5282 et
1645 5225 1706 5283 in
1733 5227 1910 5284 editis

251 5292 309 5344 et
431 5291 938 5372 nostrisqunatuor
967 5291 1663 5372 mss.legitur_natotaciv.
1697 5299 1908 5357 Melius

252 5362 494 5446 quidem
522 5362 950 5446 Combeﬁsius;
1002 5369 1102 5422 sed
1145 5362 1196 5446 si
1244 5369 1493 5446 scriptor
1522 5371 1607 5426 ita
1635 5371 1793 5444 loqui
1813 5390 1910 5429 vo-

252 5434 384 5500 luit,
445 5434 572 5560 eijus
601 5437 776 5492 verba
829 5443 1060 5496 mutare
1105 5444 1206 5496 aut
1255 5434 1589 5511 emendare,
1635 5434 1905 5502 nostrum

252 5522 364 5560 non
400 5522 462 5560 es
497 5549 509 5560 .

251 5522 364 5561 non
400 5522 509 5561 BSt.

327 5578 438 5650 (26)
470 5579 604 5650 Reg.
634 5579 842 5662 tertius
863 5576 1156 5662 διδομένην
1187 5583 1346 5662 ᾐμῖν.
1379 5586 1768 5662 Ηερᾴ-ρμτοουι
1787 5593 1906 5662 tres

260 5665 406 5730 mea.
440 5666 577 5730 cum
599 5651 854 5730 editione
876 5651 1058 5730 Das‘il,
1092 5651 1160 5730 ut
1185 5651 1246 5713 in
1273 5651 1648 5730 _te1;tu.Edi'tio
1676 5659 1905 5730 Parias);

255 5717 382 5795 δόξα
407 5720 498 5778 καὶ
526 5721 590 5779 τὸ
617 5721 817 5799 κράτος
844 5725 936 5782 νῦν
966 5724 1058 5782 καὶ
1087 5726 1168 5785 ἀεὶ
1199 5727 1288 5785 καὶ
1321 5728 1420 5802 εἴς,
1453 5734 1564 5789 etc.

2239 5303 2366 5371 Illa,
2417 5304 2512 5380 τὰς
2560 5303 2828 5380 ᾀμαρτίας
2861 5325 2978 5373 σου,
3012 5307 3228 5380 desunt
3257 5306 3316 5362 in
3368 5305 3499 5380 LXX
3530 5309 3586 5380 et
3615 5305 3677 5362 in

2015 5371 2291 5450 vulgata.
2325 5378 2435 5432 Sed
2467 5395 2535 5434 ea
2565 5371 2625 5432 in
2658 5371 2882 5450 aliquot
2916 5371 3354 5450 exemplaribus
3385 5379 3596 5435 Graecis
3621 5385 3683 5434 et

2021 5449 2175 5518 apud
2225 5448 2656 5506 Theodoretum
2684 5448 2931 5505 inveniri
2971 5448 3173 5506 monet
3217 5450 3504 5507 Nobilius.
3559 5454 3678 5506 Nec

2019 5517 2103 5574 ita
2148 5521 2334 5594 multo
2388 5529 2520 5594 post
2573 5523 2713 5594 Reg.
2775 5522 2986 5594 tertius
3042 5519 3266 5583 ἐντολὰς
3312 5525 3408 5576 τοῦ
3466 5519 3676 5591 Κυρίου

2021 5587 2438 5667 σπουδάσω-μεν.
2487 5587 2725 5650 Rectius
2765 5593 3008 5666 quidem
3043 5612 3056 5651 :
3092 5596 3190 5652 sed
3223 5587 3592 5667 refragantur
3618 5599 3679 5649 et

2014 5663 2156 5721 editi
2188 5669 2245 5723 et
2271 5663 2370 5722 alii
2402 5681 2548 5722 mss.
