4154 6394
291 402 366 462 85
1385 396 1718 458 HOMILIA
1761 393 1837 452 1N
1882 385 2272 452 PSALMUM
2319 385 2626 458 XXXVII,
3629 373 3710 433 86

291 529 349 587 δὶ
407 532 572 608 ὀργῆς
626 538 728 602 τῆς
775 528 1024 593 παιδείας
1054 534 1243 606 τυχεῖν
1277 527 1439 602 ἀξιοῖ·
1475 528 1549 591 ὡς
1575 525 1620 582 εἰ
1651 524 1741 581 καὶ
1774 520 1938 598 ἴατρῷ

2058 522 2215 595 piam
2247 521 2521 577 morbum
2552 517 2877 574 curandum
2905 511 3172 572 oﬁ‘erenti
3206 510 3396 568 dicat:
3445 508 3528 565 Ne
3558 505 3709 562 mihi

284 644 390 691 τις,
422 623 490 678 τά
550 619 638 677 διὰ
691 630 962 699 καυτῆρος
1011 620 1099 676 καὶ
1149 617 1379 694 σιδήρου
1427 617 1517 672 καὶ
1556 619 1766 692 πικρῶν
1799 613 1943 668 ἀντι-

289 709 460 767 δότων
493 711 855 790 προσφέροντι
903 713 1232 788 βοηθήματα
1273 708 1360 764 ἐπὶ
1421 707 1679 782 θεραπείᾳ
1735 705 1942 768 πάθους

290 801 675 875 ὑποκειμένου,
708 799 893 876 λέγοι⁰
931 802 1023 869 Μὴ
1087 799 1176 854 διὰ
1229 799 1400 874 πυρός
1463 818 1529 870 με
1583 794 1940 870 θεραπεύσῃς,

291 888 433 966 μηδὲ
464 888 553 946 διὰ
581 888 810 968 σιδήρου
839 890 927 945 καὶ
959 893 1168 962 τομῶν,
1205 886 1293 942 διὰ
1323 884 1381 942 δὲ
1409 883 1589 957 ἠπίων
1630 883 1720 939 καὶ
1770 902 1940 958 πραο-

285 979 458 1056 τέρων
490 981 811 1059 φαρμάκων·
846 980 874 1034 ὁ
924 981 1028 1055 γὰρ
1082 982 1332 1040 τοιοῦτος
1383 976 1444 1032 οὗ
1496 976 1596 1046 τὴν
1657 971 1939 1050 θεραπείαν

290 1069 546 1147 ἀρνεῖται,
583 1069 729 1126 ἀλλά
771 1071 834 1125 τὸ
887 1069 1148 1124 ὶπίπονον
1197 1072 1303 1123 τῶν
1359 1065 1754 1142 βοηθημάτων.
1794 1060 1940 1147 Πολ-

291 1146 449 1222 λάκις
481 1156 538 1215 δὲ
568 1157 802 1236 εἴρηται,
839 1159 914 1222 ὥς
943 1159 1083 1234 ὀργὴ
1114 1158 1200 1213 καὶ
1249 1157 1422 1230 θυμὸς
1471 1159 1566 1210 τοῦ
1611 1157 1743 1210 Θεοῦ
1775 1146 1942 1227 λεγό-

292 1270 425 1322 μενα
475 1252 586 1322 (37)
645 1250 697 1304 ἐν
753 1255 873 1311 ταῖς
931 1246 1309 1312 θεοπνεύστοις
1365 1250 1626 1323 Γραφαῖς,
1668 1243 1732 1300 οὖ
1791 1243 1936 1313 πάθη

287 1341 582 1412 σημαίνει·
630 1340 828 1401 παντὸς
875 1339 980 1414 γὰρ
1037 1337 1238 1399 πάθους
1298 1333 1595 1411 ἀλλότριον
1652 1333 1712 1387 τὸ
1771 1337 1936 1396 θεῖον·

287 1429 423 1483 κατά
479 1430 786 1507 μεταφορὰν
845 1426 903 1483 δὲ
952 1427 1019 1482 τά
1071 1431 1294 1482 τοιαῦτα
1345 1424 1531 1480 εἷ’ωθεν
1592 1421 1875 1496 ὀνομάζειν
1913 1423 1940 1476 ὁ

287 1524 389 1587 τῆς
421 1524 640 1596 Γραφῆς
671 1516 862 1593 λόγος,
896 1518 969 1580 ὡς
997 1517 1086 1572 καὶ
1121 1513 1442 1594 ὀφθαλμοὺς
1471 1518 1625 1584 Θεοῦ,
1656 1512 1744 1567 καὶ
1805 1512 1938 1582 ὦτα,

292 1607 384 1661 καὶ
429 1613 639 1683 χεῖρας,
670 1608 761 1662 καὶ
809 1605 1128 1678 δακτύλους,
1159 1605 1248 1661 καὶ
1285 1602 1482 1671 πόδας,
1512 1603 1602 1658 καὶ
1656 1603 1724 1657 τὰ
1773 1600 1941 1658 λοιπὰ

299 1695 465 1771 μὲλη·
499 1697 632 1774 ἅπερ
684 1698 758 1758 ὡς
811 1700 950 1771 πρὸς
1005 1696 1323 1770 ἀνθρώπους
1382 1692 1675 1770 χρησίμως
1727 1691 1940 1746 οἰκονο-

295 1792 496 1860 μεῖται,
525 1788 830 1862 συγκατιὼν
861 1790 930 1860 τῇ
956 1790 1064 1840 τῶν
1099 1785 1460 1861 ἀκροωμένων
1501 1781 1756 1852 ποιότητι
1799 1782 1936 1854 (38).

287 1874 470 1939 Οἷ¹πως
503 1875 592 1932 οὖν
626 1876 840 1937 καὶτὰς
887 1874 1222 1949 ἐπαγομένας
1271 1871 1543 1948 τιμωρίας
1598 1875 1714 1932 τοῖς
1761 1871 1939 1945 ἀμαρ-
1972 1911 2017 1977 Β

335 1966 344 1977 .
686 1965 700 1977 .
793 1971 816 1977 Α
887 1969 914 1977 -
1066 1963 1077 1977 .
1355 1974 1366 1977 _
1517 1961 1529 1977 .
1667 1958 1692 1977 υ
1915 1957 1930 1977 κ

1915 1957 1930 1978 \

285 1966 500 2020 τάνουσι
575 1965 712 2020 κατά
784 1969 920 2020 Θεοῦ
987 1963 1184 2039 κρίσιν,
1245 1961 1568 2038 σκυθρωπάς
1633 1958 1790 2021 οὔσας
1842 1958 1932 2013 καὶ

286 2049 540 2127 ἀλγεινὰς
563 2057 682 2117 τοῖς
720 2052 1041 2127 πάσχουσιν,
1071 2050 1264 2105 ὡσανεὶ
1303 2050 1352 2123 ἐξ
1403 2050 1574 2125 ὀργῆς
1620 2049 1708 2103 καὶ
1757 2049 1933 2120 θυμοῦ

287 2139 625 2217 ἰπαγομὲνας
680 2143 1068 2199 ὑποτυποῦται.
1121 2143 1297 2198 Τοῦτο
1357 2137 1414 2194 δὲ
1471 2135 1709 2194 διδάσκει
1763 2135 1854 2192 καὶ
1904 2137 1931 2191 ὁ

285 2231 428 2306 ἱερὸς
459 2229 815 2300 Ἀπόστολος,
850 2228 1022 2306 λέγων
1053 2248 1070 2267 ο
1107 2230 1257 2287 Κατά
1316 2226 1374 2284 δὲ
1427 2229 1526 2298 τὴν
1575 2223 1932 2303 σκληρότητά

285 2342 383 2375 σου
441 2321 531 2375 καὶ
591 2320 962 2394 ἀμετανόητον
1017 2317 1238 2396 καρδίαν
1313 2317 1652 2395 θησαυρίζεις
1728 2321 1934 2389 σεαυτῷ

285 2409 452 2486 ὀργὴν
537 2411 590 2466 ἦν
677 2411 859 2486 ἡμέρᾳ
943 2409 1112 2486 ὀργῆς
1145 2451 1160 2479 ,
1213 2409 1304 2464 καὶ
1372 2406 1767 2481 ἀποκαλύψεως
1843 2405 1934 2460 καὶ

285 2496 679 2574 δικαιοκρισίας
761 2504 858 2554 τοῦ
951 2503 1086 2555 Θεοῦ
1120 2541 1134 2568 ,
1219 2499 1278 2561 ὃς
1356 2495 1628 2553 ἀποδώσει
1730 2494 1936 2568 ἑκάστῳ

287 2589 425 2644 κατά
478 2590 546 2644 τὰ
571 2587 700 2665 ἔργα
730 2589 918 2645 αὐτοῦ.
952 2590 1041 2652 Ὡς
1066 2584 1121 2643 εἷ’
1141 2608 1223 2650 τις
1255 2587 1345 2643 καὶ
1375 2587 1470 2650 τὰς
1521 2586 1580 2641 ἐκ
1615 2591 1712 2642 τοῦ
1761 2584 1936 2658 νόμου

289 2683 368 2750 τῷ
397 2675 713 2756 ἀνδροφόνῳ
749 2676 1133 2754 ἐπηρτημὲνας
1169 2675 1441 2747 κυλάσεις,
1479 2677 1650 2754 ὀργὴν
1696 2674 1787 2730 καὶ
1844 2677 1937 2729 θυ-

293 2767 392 2840 μὸν
427 2766 712 2841 ὀνομάζοι,
746 2767 845 2822 οὐκ
874 2765 1096 2838 ἀληθῶς
1114 2772 1212 2822 τοῦ
1237 2763 1412 2841 νόμου
1452 2765 1800 2840 θυμουμένου
1845 2765 1931 2820 καὶ

293 2855 675 2932 ὀργιζομένου,
701 2856 798 2912 τοῦ
856 2854 914 2912 δὲ
974 2856 1354 2930 κολαζομένου
1406 2856 1575 2932 ἀργὴν
1612 2859 1708 2910 τοῦ
1763 2853 1936 2928 νόμου

290 2946 391 3014 τὴν
419 2945 694 3022 τιμωρίαν
727 2945 1112 3023 ὑπειληφότος.
1147 2943 1286 3016 Ἤδη
1323 2943 1381 3001 δὲ
1408 2946 1498 3000 καὶ
1532 2946 1583 3000 οἱ
1627 2944 1720 3008 τὰς
1763 2942 1933 2999 κολά-

287 3055 396 3098 σεις
439 3033 808 3098 διακονοῦντες
857 3036 993 3092 κατὰ
1031 3041 1141 3092 τῶν
1189 3031 1396 3090 ἀσεϐῶν
1445 3035 1678 3107 πονηροὶ
1740 3031 1934 3106 δαίμο-

295 3145 402 3195 νες,
435 3122 490 3180 α’ί
517 3147 576 3182 τε
606 3128 716 3199 (39)
755 3125 1075 3199 ὑπηρετικαὶ
1109 3123 1364 3198 δυνάμεις
1403 3128 1501 3178 τοῦ
1531 3128 1684 3194 Θεοῦ,
1719 3123 1774 3177 αἱ
1815 3143 1937 3176 τοι-

285 3213 441 3270 αῦίῖαι
468 3216 554 3270 καὶ
591 3215 726 3290 ὀργῆ
775 3215 865 3270 καὶ
916 3215 1088 3288 θυμὸς
1145 3213 1556 3286 ὠνομάσθησαν.
1589 3211 1746 3270 Οὕτω
1803 3215 1935 3288 γοῦν

287 3301 501 3380 εἷ’ρηται
533 3303 584 3359 ἰν
774 3303 898 3380 περὶ
949 3281 1050 3373 τῆς
1119 3281 1468 3377 δεκαπλήγου
1524 3304 1632 3373 (40)
1663 3308 1762 3371 τῆς
1818 3281 1936 3356 κατ’
1968 3281 2010 3347 C

287 3392 602 3468 Αἰγυπτίων
682 3391 1013 3467 ἐπαχθείσης
1082 3390 1235 3467 λόγῳ
1316 3391 1400 3460 τὸ,
1461 3389 1806 3447 Ἀπέστειλεν
1858 3390 1939 3446 ἄπ’

289 3481 486 3545 αὐτοὺς
551 3480 717 3556 ὀργὴν
777 3482 864 3536 καὶ
944 3482 1140 3553 θυμὸν,
1192 3478 1506 3550 ἀποστολὴν
1565 3479 1634 3534 δι’
1692 3479 1939 3556 ἀγγέλων

291 3575 576 3644 πονηρῶν.
627 3568 816 3634 ,Οὕτως
868 3567 1014 3642 δεξιά
1063 3567 1314 3626 λέλεκται
1367 3574 1463 3624 τοῦ
1519 3574 1674 3638 Θεοῦ,
1732 3571 1798 3623 τά
1849 3567 1938 3625 διά

284 3665 394 3717 τῶν
424 3658 610 3732 δεξιῶν
641 3660 732 3715 καὶ
765 3657 978 3735 ἀγαθῶν
1034 3657 1315 3733 δυνάμεων
1370 3664 1488 3723 τοῖς
1539 3659 1706 3730 ἀξίοις
1757 3679 1935 3735 χορη-

280 3749 541 3826 γούμενα.
576 3749 822 3806 Ἰιιετεύει
877 3750 1057 3806 τοίνυν
1106 3751 1134 3806 ὁ
1193 3744 1360 3805 Δαϐὶδ
1423 3750 1499 3822 μη
1532 3747 1622 3804 διὰ
1673 3755 1932 3826 πονηρῶν

283 3837 559 3914 δυνάμεων
617 3838 970 3916 ἐλεγχθῆναι,
1006 3836 1147 3913 μηδὲ
1201 3836 1272 3894 δι’
1321 3836 1636 3908 ἀποστολῆς
1681 3837 1932 3914 ἀγγέλων

281 3935 540 4006 πονηρῶν
594 3927 975 3999 παιδευθῆναι,
1010 3927 1099 3984 διὰ
1147 3926 1330 4005 λόγων
1391 3927 1448 3984 δὶ
1503 3928 1789 4004 σωτηρίων
1843 3930 1935 3985 καὶ

285 4022 622 4095 μαθημάτων
668 4017 989 4096 ὠφελίμων.
1036 4018 1141 4075 Καὶ
1196 4016 1383 4081 ἄλλως
1423 4015 1481 4074 δὲ
1521 4013 1793 4074 ἀντιϐολεὶ
1856 4021 1932 4093 μὴ

2051 613 2272 686 ignem,
2307 627 2378 666 ue
2407 611 2648 676 ferrum,
2682 625 2754 663 ne
2777 605 3064 663 sectiones
3089 605 3160 660 ad
3190 598 3478 658 medelam
3501 598 3707 654 admo-

2049 720 2208 773 veas,
2244 702 2345 758 sed
2379 699 2576 757 dulcia
2612 699 2967 770 mitioraque
3015 693 3292 750 remedia.
3343 689 3499 746 Talis
3546 686 3705 743 enim

2051 811 2168 850 non
2200 789 2489 848 medelam
2523 788 2748 859 abnuit,
2780 787 2881 844 sed
2931 782 3251 842 curationis
3302 778 3703 836 acerbitatem.

2050 890 2212 957 Saepe
2241 887 2437 938 autem
2471 879 2755 945 diximus,
2788 878 2938 934 iram
2969 880 3026 932 et
3055 875 3312 930 furorem
3346 869 3446 926 Dei
3475 868 3536 924 in
3559 867 3705 923 divi-

2050 956 2212 1032 nitus
2240 971 2477 1029 traditis
2505 968 2820 1042 Scripturis
2850 984 2966 1023 non
2997 962 3177 1022 animi
3231 965 3426 1018 motus
3477 956 3705 1032 signifi-

2051 1081 2184 1123 care
2210 1081 2224 1134 ;
2259 1080 2398 1120 nam
2430 1062 2502 1118 ab
2535 1059 2696 1118 omni
2727 1055 3166 1133 perturbatione
3199 1052 3454 1108 alienum
3482 1063 3704 1104 numen

2052 1161 2179 1224 est;
2211 1155 2311 1211 sed
2345 1170 2447 1227 per
2475 1149 2924 1208 translationem
2958 1147 3076 1203 hac
3107 1143 3296 1200 solent
3320 1141 3380 1196 in
3401 1137 3707 1210 Scriptura

2053 1244 2372 1312 nominari,
2403 1240 2905 1316 quemadmodum
2931 1235 3082 1294 oculi
3107 1233 3226 1300 Dei,
3249 1248 3442 1296 aures,
3466 1244 3702 1294 manus,

2052 1335 2238 1407 digiti,
2264 1334 2442 1406 pedes
2455 1336 2513 1388 et
2526 1330 2754 1402 reliqua
2769 1328 3034 1385 membra
3053 1343 3065 1382 :
3085 1341 3212 1397 quae
3226 1324 3351 1395 ipse
3363 1317 3704 1375 hominibus

2051 1425 2277 1481 utiliter
2306 1423 2632 1494 dispensat,
2675 1420 3013 1476 auditorum
3071 1411 3336 1487 qualitati
3399 1425 3461 1465 se
3491 1410 3704 1463 attem-

2051 1532 2281 1588 perans.
2316 1514 2409 1568 Sic
2439 1511 2618 1585 igitur
2657 1510 2833 1566 etiam
2889 1506 3142 1562 inﬂictas
3200 1517 3267 1558 ex
3323 1498 3425 1556 Dei
3477 1494 3704 1568 judicio

2050 1603 2426 1679 peccantibus
2452 1619 2677 1674 pennas,
2705 1617 2833 1672 qua:
2874 1613 3015 1655 sane
3061 1593 3319 1650 molestas
3365 1588 3706 1679 acerbeque

2049 1678 2413 1769 patientibus
2445 1697 2605 1759 sunt,
2639 1690 2810 1762 quasi
2855 1704 2924 1745 ex
2971 1687 3059 1742 ira
3101 1688 3160 1740 et
3203 1682 3400 1737 furore
3444 1678 3704 1733 invectas

2050 1763 2384 1841 adumbrat.
2415 1783 2534 1838 Hoc
2563 1785 2759 1836 autem
2792 1783 2851 1834 et
2880 1793 3046 1833 sacer
3066 1769 3381 1846 Apostolus
3402 1768 3591 1836 docet,
3616 1763 3703 1818 di-

2049 1891 2188 1931 cens
2214 1893 2227 1930 :
2255 1872 2569 1931 Secundum
2612 1879 2794 1926 autem
2839 1867 3113 1923 duritiam
3160 1867 3314 1919 tuam
3353 1868 3407 1916 et
3449 1854 3702 1928 impaeni-

2045 1969 2163 2021 tens
2192 1979 2285 2021 cor
2314 1962 2660 2019 thesaurizas
2690 1960 2794 2014 tibi
2822 1959 2970 2013 iram
2999 1959 3056 2011 in
3089 1954 3177 2010 die
3219 1954 3340 2022 ire,
3387 1957 3442 2006 et
3488 1946 3699 2004 revela-

2044 2057 2208 2111 tionis
2229 2055 2373 2125 justi
2391 2052 2592 2123 iudicii
2613 2051 2728 2113 Dei,
2751 2048 2846 2120 qui
2867 2046 3056 2103 reddet
3075 2045 3381 2114 unicuique
3401 2036 3700 2095 secundum

2042 2161 2207 2217 Opera
2235 2146 2355 2212 eius
2385 2143 2448 2197 93.
2480 2144 2560 2197 Ac
2590 2141 2641 2195 si
2671 2138 2805 2212 quis
2838 2153 3038 2210 poenas
3069 2152 3197 2207 quae
3228 2149 3299 2188 ex
3328 2131 3451 2200 lege
3472 2127 3698 2199 impen-

2044 2216 2185 2292 dent
2209 2232 2540 2302 homicidae,
2565 2231 2714 2286 iram
2737 2245 2804 2285 ac
2827 2230 3081 2284 furorem
3105 2221 3378 2296 appellet,
3401 2236 3518 2275 non
3542 2216 3696 2290 quod

2043 2340 2244 2380 revera
2260 2322 2353 2378 lex
2374 2323 2461 2377 ira
2475 2325 2532 2376 et
2551 2321 2745 2376 furore
2770 2316 3141 2389 corripiatur,
3161 2314 3262 2370 sed
3285 2312 3439 2385 quod
3464 2309 3564 2384 qui
3582 2327 3697 2384 pu-

2045 2414 2228 2481 nitur,
2260 2411 2408 2484 legis
2440 2409 2798 2483 supplicium
2830 2410 2978 2464 iram
3009 2422 3138 2462 esse
3168 2407 3351 2477 putet.
3397 2401 3529 2459 Jam
3560 2417 3694 2458 vero

2045 2501 2291 2576 maligni
2320 2518 2555 2574 quoque
2583 2501 2879 2556 daemones
2909 2497 3011 2570 qui
3043 2494 3466 2569 suppliciorum
3497 2491 3699 2564 impiis

2046 2593 2344 2649 illatorum
2373 2591 2629 2646 ministri
2652 2593 2812 2653 sunt,
2836 2603 2903 2644 ac
2923 2588 3170 2643 virtutes
3196 2584 3292 2642 Dei
3313 2583 3698 2649 administras,

2045 2682 2133 2740 ira
2153 2687 2209 2739 et
2231 2684 2394 2738 furor
2410 2684 2718 2736 vocantur.
2753 2677 2863 2734 Ubi
2891 2677 3322 2733 itidem~sermo
3349 2674 3602 2730 habetur
3631 2672 3703 2728 de

2046 2777 2250 2834 decem
2281 2773 2470 2848 plagis
2491 2778 2692 2831 contra
2715 2771 3012 2845 [Egyptios
3033 2769 3344 2840 immissis,
3367 2767 3593 2824 dictum
3615 2771 3706 2823 est

2047 2867 2364 2924 similiter:
2399 2865 2544 2921 Misit
2573 2866 2635 2920 in
2664 2879 2754 2920 eos
2799 2865 2950 2918 irum
3001 2870 3055 2918 et
3095 2863 3368 2934 furorem,
3412 2858 3704 2914 immissio-

2045 2973 2172 3013 nem
2199 2972 2299 3028 per
2326 2956 2546 3028 angelos
2586 2955 2765 3010 malos
2822 2953 2885 3007 οι.
2946 2951 3040 3008 Sic
3098 2951 3335 3006 dextera
3391 2947 3494 3004 Dei
3548 2946 3704 3002 dicta

2047 3049 2191 3102 sunt
2219 3062 2306 3115 ea,
2336 3063 2466 3118 quae
2497 3061 2598 3115 per
2628 3045 2894 3099 dexteras
2923 3046 2981 3097 et
3026 3041 3209 3096 bonas
3258 3042 3580 3112 potestates
3611 3037 3703 3092 di-

2048 3135 2182 3208 gnis
2211 3135 2764 3190 subministrantur.
2797 3129 3098 3202 Supplicat
3125 3130 3307 3202 igitur
3352 3127 3533 3184 David
3567 3143 3640 3182 ne
3670 3143 3704 3182 a

2051 3222 2328 3294 malignis
2359 3221 2751 3293 potestatibus
2772 3223 3144 3290 coarguatur,
3169 3234 3310 3274 neve
3335 3215 3704 3272 immissione

2049 3311 2394 3384 angelorum
2426 3309 2718 3366 malorum
2758 3309 3136 3380 corripiatur:
3193 3307 3292 3364 sed
3340 3305 3704 3363 salutaribus

2049 3400 2248 3456 verbis
2273 3399 2638 3470 utilibusque
2651 3398 3003 3471 disciplinis.
3019 3401 3213 3468 Atque
3228 3413 3435 3452 rursus
3449 3401 3616 3468 rogat
3630 3411 3702 3451 ne

2049 3494 2314 3546 servetur
2330 3491 2401 3544 ad
2425 3488 2578 3545 diem
2601 3489 2721 3556 ira,
2746 3487 3260 3560 revelationisque,
3291 3491 3351 3542 et
3369 3485 3703 3558 justijudi-

2048 3579 2123 3635 cii
2145 3579 2270 3650 Dei,
2294 3579 2396 3635 sed
2413 3580 2536 3650 jam
2559 3579 2652 3634 hic
2675 3579 2734 3634 in
2757 3577 3033 3650 praesenti
3053 3577 3175 3634 vita
3205 3581 3264 3633 et
3288 3581 3423 3633 ante
3454 3581 3702 3632 mortem

2047 3671 2286 3738 peccata
2307 3666 2488 3723 eluat.
2512 3668 2582 3722 Et
2602 3682 2742 3722 sane
2763 3666 2879 3722 voti
2905 3665 3014 3721 fuit
3035 3681 3298 3737 compos.
3322 3663 3470 3719 Nam
3500 3679 3704 3735 pmnas

2047 3755 2282 3811 dedisse
2312 3754 2508 3828 palam
2539 3759 2668 3824 est;
2707 3772 2811 3828 per
2865 3771 2934 3810 ea
2991 3771 3120 3826 quas
3172 3769 3386 3826 passus
3431 3756 3542 3822 est,
3569 3756 3706 3808 ante

2047 3844 2296 3900 obitum.
2331 3843 2480 3908 Quin
2511 3849 2569 3901 et
2598 3845 2724 3918 ipse
2753 3845 2824 3901 de
2854 3860 2918 3901 se
2945 3845 3104 3901 864
3160 3859 3363 3916 poenas
3419 3841 3701 3914 sumpsit,

2048 3934 2186 3990 dum
2219 3951 2283 3991 se
2308 3951 2414 4007 per
2443 3934 2835 3992 confessionis
2884 3935 3092 3990 modos
3153 3931 3463 4005 suppliciis
3520 3930 3699 3988 variis

2050 4024 2322 4094 subjecit.

280 4112 588 4186 τηρηθῆναι
646 4107 722 4171 εἷς
777 4109 986 4184 ἡμέραν
1042 4108 1233 4185 ὀργῆς,
1263 4109 1353 4163 καὶ
1409 4107 1829 4182 ἀποκαλύψεως,
1882 4111 1972 4164 καὶ
2026 4109 2421 4188 δικαιοκρισίας
2478 4116 2575 4167 τοῦ
2632 4117 2804 4169 Θεοῦ·
2855 4109 2962 4184 ἤδη
3026 4107 3085 4167 δὶ
3132 4109 3368 4175 ἐντεῦθεν
3426 4109 3517 4165 καὶ
3568 4113 3706 4166 κατά

279 4198 372 4253 τὸν
401 4199 642 4273 παρόντα
672 4197 810 4273 βίον,
835 4197 941 4272 πρὸ
969 4203 1069 4267 τῆς
1096 4196 1378 4268 τελευτῆς,
1412 4196 1792 4271 ἀπολήψεσθαι
1821 4198 1889 4253 τά
1937 4200 2324 4275 ἁμαρτήματα.
2360 4201 2458 4256 Καὶ
2510 4199 2671 4278 ἔτυχά
2715 4223 2776 4278 γε
2829 4205 2927 4256 τοῦ
2984 4205 3190 4255 σκοποῦ
3214 4219 3228 4233 ·
3289 4198 3531 4278 φαίνεται
3572 4203 3702 4276 γοῦν

285 4284 440 4358 δίκην
473 4283 748 4356 δεδωκὼς,
783 4284 852 4341 δι’
882 4287 956 4342 ὧν
986 4282 1173 4357 ἔπαθε,
1205 4287 1312 4364 πρὸ
1339 4295 1442 4358 τῆς
1481 4285 1761 4357 τελευτῆς.
1795 4289 1891 4342 Καὶ
1926 4285 2114 4353 ἄλλως
2148 4288 2206 4346 δὶ
2234 4291 2396 4356 αὐτὸς
2424 4291 2610 4348 ἑαυτὸν
2659 4291 2981 4370 ἐτιμωρεῖτο
3038 4289 3322 4353 παντοίαις
3369 4284 3701 4346 ὑποϐάλλων

283 4373 571 4431 κολάσεσιν
603 4375 656 4430 ἐν
683 4381 799 4439 τοῖς
829 4383 930 4446 τῆς
961 4376 1408 4453 ἰξομολογήσεως
1437 4377 1688 4453 τρόποις.

357 4468 414 4526 2.
445 4467 565 4521 ’Ὀτι
619 4467 687 4521 τά
747 4463 884 4542 βέλη
962 4488 1057 4523 σου
1115 4466 1452 4542 ἰνεπάγησάν
1513 4489 1656 4541 μοι,
1705 4469 1793 4523 καὶ
1844 4467 1938 4524 ἰπ-

2120 4475 2176 4530 2.
2208 4474 2386 4531 Vans.
2419 4475 2473 4544 3,
2508 4475 2562 4530 4.
2609 4475 2883 4543 Quoniam
2928 4475 3148 4546 sagittae
3195 4479 3303 4530 tua
3353 4471 3549 4544 inﬁxae
3575 4481 3707 4528 sunt

288 4556 572 4631 εστήριξας
623 4555 706 4611 ἐπ’
736 4554 834 4629 ἐμὲ
887 4557 986 4626 τὴν
1044 4557 1207 4634 χεῖρά
1264 4578 1386 4616 σου.
1433 4556 1548 4616 Οὐκ
1598 4554 1737 4614 ἔστιν
1793 4555 1939 4622 ἴασις

289 4643 341 4701 ἰν
399 4648 468 4720 τῇ
527 4644 686 4721 σαρκί
747 4667 851 4720 μου
910 4646 1018 4701 ἀπὸ
1082 4646 1380 4720 προσώπου
1433 4655 1534 4718 τῆς
1594 4648 1760 4724 ὀργῆς
1821 4670 1938 4705 σου.

287 4735 400 4792 Οὐκ
448 4731 589 4792 ἔστιν
650 4735 842 4810 εἰρήνη
903 4735 957 4791 ιν
1012 4741 1128 4799 τοῖς
1186 4734 1394 4802 ὀστέοις
1452 4759 1557 4811 μου
1612 4737 1718 4794 ἀπὸ
1774 4760 1942 4816 προσ-

287 4823 442 4902 ώπου
469 4830 579 4880 τῶν
606 4824 888 4900 ἀμαρτιῶν
927 4846 1052 4899 μου.
1081 4825 1137 4880 Ὅ
1170 4826 1263 4898 μὲν
1301 4825 1464 4902 μὲγας
1511 4826 1757 4898 ἀθλητὴς
1787 4825 1937 4899 Ἰὼϐ,

281 4913 574 4980 παντοίους
634 4913 932 4988 ὑπομείνας
984 4915 1474 4991 πειρασμοὺς,οὗκ
1529 4917 1714 4994 ἠγνόει
1773 4919 1935 4984 πόθεν

285 5004 432 5079 αὐτῷ
479 5009 644 5062 τοῦτο
691 5004 932 5083 ἐγένετο·
984 5001 1069 5061 διὸ
1116 4999 1306 5084 ἔλεγε·
1359 5003 1507 5078 Βὲλη
1567 5007 1672 5084 γὰρ
1733 5009 1933 5086 Κυρίου

357 5198 403 5235 ³⁸
429 5201 596 5257 Rom.
625 5214 691 5268 ιι,
719 5197 775 5256 5.
806 5198 864 5255 6.
939 5199 985 5238 ⁹⁴
1014 5197 1168 5258 Psal.
1203 5215 1412 5270 uxvu,
1435 5199 1524 5258 49.

289 5401 612 5541 in(alliges
640 5428 810 5486 mss.,
839 5403 1166 5488 λεγόμενον.
1208 5409 1358 5470 Editi
1407 5427 1542 5468 cum
1591 5411 1842 5469 Eusebio
1872 5414 1939 5468 ut

287 5502 806 5631 ωᾶθξιὲἷοχεᾶὶιῇ.
858 5557 1025 5631 Apud
1070 5556 1394 5631 Eusebium
1440 5572 1577 5631 vero
1617 5553 1936 5627 νηπιότητι,

284 5628 654 5701 εἰγὴριίεἱιαεί,
686 5632 744 5684 et
768 5628 849 5701 ita
874 5628 1194 5701 legendum
1227 5629 1768 5701 esseiarbitramur.

361 5696 476 5776 (39)
505 5696 748 5776 Legitur
773 5700 836 5776 in
868 5696 1126 5774 qu'atuor
1154 5717 1301 5760 mss.
1332 5700 1389 5756 αἱ
1437 5696 1516 5757 δέ.
1566 5701 1791 5760 Ibidem
1821 5700 1939 5758 duo

292 5767 468 5847 mea,
489 5767 738 5830 τοιᾶῦται
757 5767 848 5829 δά.

2049 4563 2212 4633 mihi,
2241 4569 2292 4620 et
2319 4566 2671 4636 conﬁrmasti
2698 4580 2865 4638 super
2893 4579 2980 4620 me
3006 4580 3242 4620 manum
3269 4572 3445 4620 tuam.
3478 4562 3597 4620 Non
3623 4565 3708 4619 est

2048 4656 2266 4711 sanitas
2295 4655 2356 4710 in
2383 4671 2558 4711 carne
2587 4671 2716 4712 mea
2745 4672 2780 4711 a
2808 4655 2952 4727 facie
2980 4655 3087 4711 irae
3126 4661 3252 4710 tuae.
3303 4653 3424 4709 Non
3465 4656 3550 4709 est
3589 4667 3707 4724 pax

2049 4745 2256 4801 ossibus
2293 4747 2432 4802 meis
2461 4762 2495 4800 a
2523 4746 2671 4816 facie
2689 4753 3038 4817 peccatorum
3066 4759 3333 4800 meorum.
3364 4743 3514 4799 Sane
3544 4757 3706 4814 mag-

2049 4850 2203 4908 gnus
2231 4834 2331 4891 ille
2352 4834 2575 4892 athleta
2591 4835 2622 4891 J
2631 4836 2703 4892 ob
2723 4835 3078 4892 tentationes
3100 4834 3293 4893 omnis
3314 4831 3546 4907 generis
3571 4847 3705 4904 per-

2048 4942 2279 4999 pessus,
2311 4942 2429 4982 non
2459 4926 2769 4999 ignorabat
2799 4926 3094 4983 undenam
3128 4925 3237 4981 hoc
3279 4923 3390 4981 sibi
3423 4921 3703 4979 eveniret.

2047 5017 2414 5091 Quapropter
2442 5015 2710 5074 dicebat:
2751 5015 2986 5089 Sagittae
3029 5017 3184 5074 enim
3227 5013 3451 5073 Domini
3496 5011 3557 5070 in
3587 5027 3705 5069 cor-

2121 5409 2695 5496 E_ditio‘Paris.,
2744 5412 2842 5466 τοῦ
2866 5405 3222 5496 fefelli-you,
3282 5407 3455 5466 male.
3518 5406 3708 5496 Editio

2047 5478 2226 5569 Basil;
2256 5489 2314 5541 et
2333 5487 2598 5569 quatuor
2628 5478 2931 5569 mss.,nrﬁ¢_
2961 5478 3287 5569 δεκαλόγου,
3318 5498 3436 5565 non
3469 5480 3705 5569 melius,

2049 5557 2164 5614 nisi
2198 5553 2442 5640 quod—Id
2477 5556 2548 5640 ad
2579 5571 2775 5638 veram
2806 5553 3394 5627 Scripturam'magis
3443 5553 3704 5610 accedat.

2049 5631 2342 5686 Eusebius
2372 5629 2644 5697 denique,
2673 5645 2772 5693 της
2807 5623 3179 5697 δεκαπλήγου,
3219 5627 3369 5681 bene
3416 5631 3476 5682 et
3503 5640 3704 5681 emen-

2048 5630 2342 5686 Eusebius
2372 5629 2644 5698 denique,
2673 5629 2772 5693 τῆς
2807 5629 3179 5701 δεκαπλήγου,
3219 5629 3369 5681 bene
3416 5631 3476 5682 et
3503 5640 3704 5681 emen-

2051 5703 2223 5758 date:
2258 5716 2452 5784 quam.
2469 5699 2780 5784 lectionem
2811 5705 2878 5756 ut
2907 5705 3128 5756 certam
3170 5699 3230 5754 in
3279 5701 3505 5754 textum
3556 5697 3707 5751 inse«

2051 5787 2178 5830 rere
2208 5770 2326 5830 no‘n
2355 5770 2778 5828 dubitavimus.
