4154 6392
398 375 480 439 87

1345 378 1744 441 APPENDIX
1787 378 2115 442 OPEBUM
2161 382 2231 444 8.
2276 383 2561 446 BASILII
2604 385 2884 447 MAGNI.

3748 391 3828 453 88

392 524 533 585 pore
549 524 672 567 meo
701 513 853 581 sunt,
874 527 1113 585 quarum
1132 512 1221 567 ira
1239 526 1420 568 meum
1441 511 1611 568 ebibit
1638 513 1972 585 sanguinem
1988 513 2053 568 π.

2171 509 2223 567 ἔν
2273 517 2352 587 τῷ
2408 514 2631 588 σώμμτί
2684 515 2789 590 μού
2837 513 3001 587 ἐστιν,
3057 515 3130 570 ὧν
3185 516 3214 571 6
3264 517 3437 591 θυμὸς
3462 518 3643 575 αὐτῶν
3675 519 3829 577 έκπίο

402 600 579 657 David
614 604 812 658 autem
847 619 961 659 non
994 602 1051 658 in
1084 618 1320 675 corpore
1351 602 1509 659 velut
1557 602 1665 658 Job
1715 619 2056 676 percussus,

398 692 501 749 sed
532 691 593 747 in
625 691 753 765 ipsa
783 692 982 749 anima
1012 692 1247 749 vulnere
1276 692 1436 749 letali
1468 694 1799 762 confossus,
1829 709 1947 750 non
1980 693 2061 748 ait

400 783 907 854 quemadmodum
938 782 1073 851 Job,
1106 782 1331 855 Sagittae
1360 785 1509 840 enim
1559 784 1782 840 Domini
1832 786 1891 839 in
1940 799 2057 839 cor-

389 888 527 947 pore
553 889 671 930 meo
699 881 864 942 sunt;
925 873 1049 941 sed,
1104 874 1378 943 Quoniam
1432 875 1652 948 sagtitae
1701 878 1815 931 tua
1865 872 2060 943 inﬂa-ae

395 948 528 1019 sunt
559 962 717 1032 mihi,
750 966 803 1019 et
825 964 1171 1034 conﬁrmasti
1197 980 1361 1036 super
1386 979 1474 1019 me
1500 980 1731 1020 manum
1752 972 1924 1021 tuam.
1949 962 2060 1019 Job

394 1067 532 1110 vero
563 1068 806 1110 manum
847 1052 1084 1110 Domini
1119 1058 1433 1125 memerat,
1465 1053 1558 1110 his
1604 1053 1837 1111 verbis:
1870 1053 2061 1109 Manus

396 1145 547 1200 enim
572 1143 793 1199 Domini
820 1146 898 1200 est
932 1158 1060 1217 quae
1120 1145 1300 1214 tetigit
1326 1160 1415 1201 me
1443 1145 1507 1198 9‘.
1558 1144 1713 1199 Dicit
1749 1144 1921 1199 etiam
1952 1146 2060 1197 Do-

398 1229 559 1287 mino
587 1230 897 1287 diabolus:
935 1231 1085 1287 Mitte
1115 1248 1346 1289 manum
1375 1236 1552 1299 tuam,
1586 1236 1641 1287 et
1687 1239 1847 1304 tange
1874 1232 2061 1287 omnia

394 1336 523 1396 quae
552 1321 716 1377 habet
743 1321 810 1376 ³⁷.
844 1322 918 1378 Et
960 1338 1236 1377 rursum:
1295 1321 1441 1378 Mitte
1496 1339 1722 1377 manum
1775 1326 1948 1390 tuam,
2008 1323 2063 1376 et

401 1419 567 1481 tange
591 1427 792 1466 carnes
820 1412 941 1483 ejus
974 1419 1030 1466 et
1058 1428 1178 1468 ossa
1199 1411 1315 1484 ejus
1336 1412 1398 1466 ³⁸.
1424 1411 1633 1468 Verum
1659 1411 1774 1467 alia
1793 1410 2061 1483 quedam

400 1518 617 1558 manus
648 1503 798 1568 erat,
831 1505 887 1556 et
917 1499 1045 1556 aliae
1077 1501 1304 1572 sagittae
1335 1518 1463 1573 quae
1493 1501 1683 1573 ipsius
1731 1516 1963 1557 carnem
1997 1516 2063 1557 ac

396 1590 555 1646 bona
586 1604 865 1661 corporea
894 1588 1300 1661 attingebant:
1335 1589 1431 1646 hic
1462 1594 1680 1661 autem,
1714 1590 1849 1660 quia
1879 1587 2059 1645 David

400 1678 600 1738 anima
631 1680 968 1751 aegrotabat,
1003 1695 1066 1735 se
1095 1677 1229 1735 telis
1258 1677 1389 1734 aliis
1414 1680 1772 1746 confossum,
1805 1682 1864 1734 et
1883 1693 2061 1733 manu

403 1768 520 1826 alia
540 1771 825 1825 attactum
848 1767 1163 1841 signiﬁcat.
1188 1768 1363 1825 Porro
1386 1772 1611 1841 sagittas
1649 1768 1745 1824 hic
1766 1784 2060 1824 memora-

402 1861 477 1917 ιω
508 1857 654 1914 mihi
685 1858 960 1914 videntur
978 1873 1110 1915 esse
1131 1857 1489 1930 spirituales,
1512 1859 1632 1914 imo
1652 1875 1788 1914 vero
1811 1858 1939 1930 ipsa
1959 1857 2060 1913 Dei

402 1948 605 2020 verba,
633 1964 761 2021 quas
792 1948 1156 2021 pungebant,
1188 1947 1242 2003 al
1267 1946 1660 2004 vulnerabant
1708 1947 1898 2021 ipsius
1930 1946 2061 2002 ani-

405 2054 587 2110 mam,
619 2042 677 2094 et
706 2038 776 2093 de
808 2036 1166 2093 conscientia
1186 2036 1317 2109 ipsa
1336 2037 1654 2094 sumebant
1674 2036 2058 2110 supplicium,

404 2143 654 2200 eamque
671 2127 1061 2198 castigabant.
1085 2125 1182 2184 Vir
1204 2126 1360 2182 enim
1383 2126 1479 2183 hic
1500 2131 1705 2183 tantus
1725 2143 1861 2183 cum
1879 2130 2057 2193 esset,

402 2220 605 2290 totque
625 2233 660 2273 a
680 2217 799 2274 Deo
823 2216 979 2274 bona
1005 2220 1380 2289 consecutus,
1405 2220 1605 2273 tamen
1636 2221 1806 2289 turpe
1839 2217 2058 2273 factum

400 2306 678 2379 patravit.
713 2307 984 2363 Fortasse
1015 2311 1211 2363 autem
1238 2307 1415 2365 etiam
1436 2308 1629 2380 ipsum
1655 2307 1974 2374 diabolum,
2000 2310 2059 2362 et

399 2394 588 2468 ignita
629 2394 790 2452 illius
844 2396 1089 2469 maligni
1142 2396 1282 2467 tela,
1334 2397 1612 2454 aﬂ'ectum
1661 2396 1971 2453 excitantia
2000 2399 2058 2451 et

400 2485 709 2553 amatoria,
740 2501 866 2558 qua
900 2485 1098 2558 ipsum
1148 2487 1220 2543 ad
1272 2487 1805 2560 concupiscentiam
1854 2485 2053 2542 uxoris

398 2572 547 2631 Uria
569 2574 980 2644 incenderunt,
1006 2574 1333 2649 signiﬁcat:
1357 2577 1428 2633 de
1449 2577 1667 2650 quibus
1687 2577 1809 2634 hac
1834 2577 2057 2633 monita

396 2662 497 2719 dat
524 2663 842 2736 Apostolus
867 2680 881 2721 :
914 2664 1160 2737 Accipite
1187 2674 1539 2725 armaturam
1580 2667 1701 2737 Dei,
1752 2675 1814 2722 ut
1839 2667 2056 2738 possitis

398 2752 562 2824 ignea
590 2768 780 2810 omnia
807 2753 1051 2824 maligni
1100 2755 1205 2811 tela
1254 2756 1606 2829 exstinguere
1650 2756 1715 2811 ⁸⁸.
1767 2756 2054 2821 Quoniam

398 2841 557 2898 enim
589 2842 833 2899 inermis
862 2843 1142 2901 inventus
1175 2844 1377 2916 David,
1410 2845 1613 2919 ignitis
1654 2844 1894 2918 maligni
1926 2844 2059 2901 telis

398 2949 517 2990 non
546 2933 877 3007 resistebat,
904 2935 1042 3006 jure
1070 2935 1130 2990 in
1163 2935 1361 2992 anima
1415 2936 1738 3008 sauciatus,
1781 2934 2061 3008 concupi-

400 3023 627 3081 scentia
654 3027 962 3096 correptus
1005 3028 1114 3081 est.
1164 3025 1671 3090 Quemadmodum
1720 3031 1916 3083 autem
1946 3027 2059 3083 Job

403 3111 623 3169 diaboli
657 3112 927 3186 sagittas,
960 3113 1231 3171 immissa
1262 3114 1531 3172 videlicet
1571 3116 1795 3189 corpori
1829 3133 1935 3173 suo
1966 3118 2056 3171 ul-

396 3216 553 3268 cera,
575 3200 719 3274 quia
735 3201 1030 3274 permissu
1053 3202 1152 3259 Dei
1173 3203 1527 3275 acciderant,
1550 3205 1798 3277 sagittas
1820 3204 2053 3261 Domini

396 3291 649 3358 vocavit,
682 3291 920 3348 dicens:
973 3292 1111 3347 Nam
1155 3294 1377 3364 sagittz
1431 3295 1662 3349 Domini
1716 3296 1777 3349 in
1826 3310 2056 3365 corpore
2085 3268 2130 3337 (ἶ

393 3393 515 3435 meo
542 3381 693 3448 sunt,
725 3394 963 3452 quarum
989 3382 1151 3451 furor
1178 3382 1349 3436 ebibit
1398 3398 1583 3437 meum
1627 3385 1957 3451 sanguinem
1991 3386 2007 3420 ί
2040 3401 2053 3440 :

392 3466 476 3524 ita
503 3467 821 3525 verisimile
850 3473 940 3525 est
967 3467 1097 3524 ideo
1124 3468 1406 3525 Davidem
1431 3470 1528 3526 hic
1549 3471 1801 3543 sagittas
1821 3472 2057 3528 Domini

394 3555 759 3624 nominasse,
790 3557 931 3629 quia
959 3574 1029 3614 ex
1058 3557 1291 3613 Domini
1314 3574 1597 3615 concessu
1621 3560 1900 3618 inimicus
1921 3578 2053 3619 eum

392 3646 795 3720 oppugnabat,
829 3650 895 3702 ut
925 3647 1214 3703 edisceret
1242 3663 1357 3703 non
1388 3648 1617 3706 dicere:
1651 3654 1775 3707 Non
1804 3654 2056 3708 movebar

392 3737 457 3792 in
474 3738 776 3794 alet-num.
800 3737 948 3804 Quia
968 3737 1126 3792 enim
1151 3736 1250 3792 Dei
1275 3738 1464 3809 gratia
1486 3738 1690 3808 fultus,
1716 3757 1931 3814 magna
1953 3741 2055 3797 ali-

395 3826 633 3897 quando
663 3824 734 3881 de
761 3841 824 3881 se
855 3830 1143 3894 senserat,
1196 3826 1280 3882 ita
1327 3830 1392 3882 ut
1421 3834 1764 3900 arroganter
1792 3830 2048 3887 diceret:

392 3914 506 3984 Ego
530 3917 717 3970 autem
743 3913 869 3969 dixi
893 3915 955 3969 in
984 3914 1338 3971 abundantia
1365 3931 1492 3973 mea
1514 3942 1530 3974 :
1559 3922 1677 3976 Non
1716 3920 1960 3977 movebar
1989 3922 2051 3975 in

394 4011 671 4059 mternum
700 4003 761 4072 ’ς
792 4002 923 4059 ideo
974 4003 1110 4075 jure
1159 4004 1439 4060 tentatori
1487 4007 1742 4065 traditus
1789 4014 1900 4076 est,
1946 4013 2049 4081 qui

392 4090 652 4147 animam
677 4092 807 4163 ejus
828 4092 1095 4162 adortus,
1116 4094 1313 4165 majus
1330 4093 1380 4150 ei
1400 4110 1574 4166 quam
1592 4096 1739 4153 Jabo
1763 4099 2047 4155 damnum

390 4178 614 4237 intulit.
648 4181 965 4239 Sermones
997 4186 1195 4237 autem
1226 4183 1444 4255 quibus
1475 4185 1545 4240 ad
1580 4187 1920 4245 memoriam
1964 4206 2048 4246 re-

387 4273 634 4326 vocatur
649 4271 884 4343 justum
913 4270 1019 4327 Dei
1037 4271 1359 4343 judicium,
1384 4278 1441 4328 et
1456 4274 1676 4345 quibus
1695 4276 1784 4333 ira
1805 4294 2046 4349 peccan-

389 4358 915 4432 tibusimpendens
939 4359 1239 4431 edocetur,
1275 4361 1509 4434 sagittis
1541 4368 1682 4420 sunt
1712 4367 1999 4423 auctiores
2027 4384 2039 4423 :

389 4449 611 4522 quippe
624 4454 899 4521 pungunt
912 4466 1019 4506 con
1027 4448 1327 4507 scientiam
1337 4452 1746 4526 ,sauciantque
1757 4455 1971 4528 ipsam,
1991 4462 2049 4513 et

385 4537 721 4594 stimulant.
740 4539 892 4596 865
921 4543 1072 4595 Sane
1089 4538 1173 4596 sic
1195 4540 1414 4598 dixeris
1430 4540 1710 4599 Davidem
1728 4546 1915 4602 sacris
1931 4547 2050 4602 hia-

2166 623 2241 657 νει
2304 625 2406 677 μου
2464 605 2527 660 τὸ
2585 606 2739 679 αἷμα.
2806 606 2866 662 Ὁ
2900 602 2959 660 δὶ
2991 599 3177 675 Δαϐὶδ,
3212 605 3274 661 οὗ
3303 606 3366 661 τὸ
3398 605 3558 681 σῶμα
3593 610 3830 686 πληγεὶς

2170 693 2379 766 ὁμοίως
2418 699 2496 767 τῷ
2528 689 2673 764 Ἰὼϐ,
2725 694 2891 764 αὐτὴν
2944 692 3001 749 δὶ
3027 697 3126 764 τὴν
3179 697 3365 772 ψυχὴν
3414 699 3629 772 καιρίαν
3674 719 3824 775 τρω-

2170 782 2299 851 θεὶς,
2351 783 2458 858 οὐχ
2508 783 2712 857 ὁμοίως
2757 789 2836 857 τῷ
2863 780 2991 839 Ἰὼϐ
3025 788 3235 863 φάσκει·
3284 785 3427 856 Βέλη
3477 788 3580 863 γὰρ
3616 788 3819 864 Κυρίου

2169 870 2223 927 ἐν
2265 877 2344 945 τῷ
2396 872 2607 946 σώματί
2662 873 2767 943 μού
2825 874 2955 929 εἶσιν
3006 876 3141 949 (41)·
3202 872 3351 945 ἀλλ’,
3401 878 3520 933 Ὂτι
3567 877 3634 932 τὰ
3680 877 3816 954 βέλη

2171 982 2267 1016 σου
2323 961 2646 1039 ένεπάγησάν
2709 984 2825 1037 μοι,
2882 964 2973 1018 καὶ
3033 963 3383 1041 έπεστήριξας
3439 965 3522 1020 έπ⁹
3580 966 3679 1040 έμὶ
3715 968 3817 1037 τὴν

2170 1052 2333 1127 χεῖρά
2362 1073 2478 1106 σου.
2512 1053 2573 1107 Ὃ
2618 1050 2676 1107 δὲ
2721 1047 2854 1109 Ἰὼϐ
2919 1054 3251 1128 μνημονεύει
3308 1062 3410 1125 τῆς
3467 1057 3657 1131 χειρὸς
3716 1058 3825 1113 Κυ-

2172 1139 2312 1217 ρίου,
2356 1139 2533 1216 λέγων
2573 1161 2587 1175 ·
2643 1141 2770 1217 Χεὶρ
2834 1142 3033 1220 Κυρίου
3092 1143 3232 1199 ἐστὶν
3286 1146 3322 1214 ἠ
3383 1144 3633 1218 ἁψαμένη
3696 1164 3824 1220 pou;

2172 1232 2266 1285 Καὶ
2304 1231 2333 1285 6
2382 1226 2641 1294 διάϐολος
2694 1237 2776 1304 τῷ
2829 1232 3017 1309 Κυρίῳ
3078 1232 3279 1309 λέγων,
3310 1233 3667 1290 Ἀπόστειλον
3720 1237 3823 1305 τήν

2171 1321 2334 1395 χεῖρά
2386 1341 2503 1389 σου,
2533 1321 2620 1375 καὶ
2675 1322 2806 1395 ἅψαι
2873 1321 3088 1376 πάντων
3142 1323 3215 1377 ὧν
3274 1320 3417 1398 ἔχει,
3450 1322 3646 1402 ἔφασκε
3688 1329 3822 1398 (42).

2171 1408 2273 1465 Καὶ
2330 1408 2524 1464 πάλιν·
2580 1409 2932 1466 Ἀπόστειλον
2990 1412 3089 1480 τήν
3146 1410 3310 1486 χεῖρά
3367 1431 3485 1480 σου,
3540 1413 3631 1467 καὶ
3691 1414 3823 1487 ἅψαι

2168 1502 2277 1553 τῶν
2325 1503 2539 1574 σαρκῶν
2598 1498 2761 1553 αὐτοῦ
2823 1500 2916 1554 καὶ
2979 1503 3089 1554 τῶν
3158 1498 3357 1555 ὀστέων
3414 1500 3604 1557 αὐτοῦ.
3664 1500 3827 1557 ’Δλλ⁹

2172 1587 2325 1664 ἑτέρα
2342 1610 2426 1652 τις
2444 1588 2511 1658 ἦν
2542 1589 2689 1664 χεὶρ,
2723 1588 2813 1644 καὶ
2844 1586 3000 1665 ἓτερα
3048 1588 3183 1664 βέλη
3231 1593 3339 1645 τῶν
3386 1594 3597 1666 σαρκῶν
3658 1588 3823 1647 αὑτοῦ

2170 1675 2567 1749 καθικνούμενα
2604 1676 2695 1730 καὶ
2752 1676 2866 1731 τῶν
2913 1680 3239 1749 σωματικῶν
3293 1680 3403 1751 (43)
3441 1677 3821 1754 ὑπαρχόντων.

2172 1766 2432 1830 Ἐνταῦθα
2486 1762 2563 1838 δὲ,
2597 1762 2890 1841 έπειδηπερ
2948 1767 3050 1834 τὴν
3105 1766 3290 1841 ψυχὴν
3345 1766 3514 1835 αὐτὴν
3541 1771 3828 1839 νενοσηκει

2174 1855 2201 1909 6
2234 1850 2423 1925 Δαϐὶδ,
2454 1851 2611 1932 ἔτερα
2645 1853 2781 1932 βέλη
2838 1854 3151 1919 καθικέσθαι
3209 1855 3374 1911 αὐτοῦ
3426 1856 3703 1930 σημαίνει,
3732 1856 3826 1912 καὶ

2172 1944 2354 2019 ἑτέραν
2410 1950 2574 2021 χεῖρα
2620 1945 2789 2019 ἧφθαι
2846 1943 3034 2001 αἰτοῦ.
3068 1944 3173 2000 Καί
3208 1966 3301 2017 μοι
3334 1942 3576 2001 δοκεῖτὰ
3604 1943 3829 2002 ἐνταῦθα

2170 2030 2444 2108 λεγόμενα
2476 2032 2636 2109 βέλη,
2671 2032 2872 2108 λογικὰ
2901 2034 3057 2102 εἶναι,
3106 2032 3320 2105 μᾶλλον
3354 2030 3412 2089 δέ
3458 2033 3655 2097 αὐτοὺς
3698 2034 3827 2098 τοὺς

2166 2128 2263 2178 τοῦ
2295 2127 2427 2179 Θεοῦ
2476 2122 2698 2200 λόγους,
2731 2122 3017 2184 νύττοντας
3064 2123 3157 2177 καὶ
3205 2125 3610 2199 τιτρώσκοντας
3658 2124 3824 2180 αὐτοῦ

2165 2214 2264 2282 τὴν
2299 2214 2507 2288 ψυχὴν,
2538 2213 2629 2268 καὶ
2684 2213 2784 2281 τὴν
2846 2209 3152 2282 συνείδησιν
3200 2211 3369 2281 αὐτὴν
3391 2215 3508 2283 (Hi)
3538 2234 3819 2291 τιμωρου-

2170 2301 2366 2376 μένους
2394 2300 2483 2357 καὶ
2521 2298 2877 2370 κολάζοντας·
2912 2299 3029 2356 ἐπεὶ
3055 2305 3313 2366 τοσοῦτος
3340 2299 3414 2356 ὣν
3465 2303 3494 2357 6
3524 2302 3683 2378 ἀνὴρ,
3723 2302 3818 2360 καὶ

2163 2391 2435 2447 τοσούτων
2483 2391 2805 2467 τετυχηκὼς
2849 2390 3061 2467 ἀγαθῶν
3112 2390 3215 2446 ὑπὸ
3265 2395 3361 2445 τοῦ
3411 2395 3568 2460 Θεοῦ,
3609 2392 3816 2471 αἰσχρᾷ

2164 2483 2352 2557 πράξει
2411 2482 2597 2536 έαυτὸν
2668 2477 2915 2552 ἐξέδωκε.
2974 2481 3198 2550 Μήποτε
3251 2477 3309 2535 δὲ
3363 2481 3453 2536 καὶ
3510 2481 3671 2537 αὐτὸν
3717 2485 3809 2540 τὸν

2166 2566 2446 2639 διάϐολον,
2477 2570 2565 2626 καὶ
2597 2572 2665 2625 τὰ
2711 2573 2810 2625 τοῦ
2848 2574 3095 2644 πονηροῦ
3140 2569 3505 2644 πεπυρωμένα
3556 2571 3716 2647 βέλη,
3748 2573 3814 2629 τὰ

2164 2661 2442 2731 παθητικὰ
2495 2659 2585 2715 καὶ
2643 2658 2897 2735 ἐρωτικὰ,
2931 2658 3006 2720 εἷς
3063 2657 3351 2732 έπιθυμίαν
3401 2658 3661 2734 ἐξάψαντα
3708 2669 3809 2732 τῆς

2163 2755 2261 2806 τοῦ
2292 2749 2496 2828 Οὐρίου
2525 2749 2804 2824 γυναικὸς,
2838 2748 3108 2822 σημαίνω
3141 2748 3264 2824 περὶ
3311 2749 3385 2803 ὧν
3434 2750 3521 2804 καὶ
3573 2752 3603 2804 6
3652 2751 3814 2807 Ἀπό-

2168 2839 2363 2904 στολος
2417 2837 2680 2911 διδάσκει,
2711 2837 2887 2915 λέγων
2914 2859 2927 2872 ’
2963 2832 3291 2894 Ἀναλάὸετε
3337 2839 3436 2909 τὴν
3503 2836 3811 2894 πανοπλίαν

2165 2935 2263 2988 τοῦ
2319 2934 2475 3003 Θεοῦ,
2535 2930 2671 3005 πρὸς
2741 2928 2803 2983 τὸ
2872 2925 3124 2982 δύνασθαι
3181 2926 3350 2982 πάντα
3403 2927 3470 2982 τὰ
3524 2925 3658 3001 βέλη
3716 2926 3814 2983 τοῦ

2167 3026 2413 3098 πονηροῦ
2501 3020 2569 3075 τὰ
2651 3019 3017 3094 πεπυρωμένα
3126 3013 3353 3074 σϐέσαισ
3436 3015 3624 3089 έπειδὴ
3710 3019 3813 3095 γὰρ

2169 3110 2438 3188 ἄφρακτος
2470 3109 2726 3185 εὖρεθεὶς,
2759 3108 2857 3163 οὐκ
2909 3107 3137 3184 ἀντέσχε
3189 3106 3326 3182 πρθς
3376 3107 3445 3163 τὰ
3493 3112 3591 3162 τοῦ
3642 3128 3815 3178 πονη-

2167 3205 2264 3276 ροῦ
2289 3197 2655 3276 πεπυρωμένα
2699 3196 2860 3271 βέλη,
2893 3196 3117 3260 εἰκότως
3170 3198 3271 3266 τὴν
3318 3197 3503 3273 ψυχὴν
3562 3194 3814 3271 τρωθίῒς,

2166 3288 2292 3360 ἥλω
2321 3293 2389 3364 τῇ
2423 3287 2701 3361 έπιθυμίᾳ.
2719 3289 2921 3360 Ὥσπερ
2955 3283 3011 3341 δὲ
3032 3287 3060 3341 ὁ
3079 3280 3207 3342 Ἰὼϐ
3228 3285 3420 3359 (45)τὰ
3436 3289 3533 3341 τοῦ
3554 3280 3816 3341 διαϐόλου

2170 3379 2331 3456 βέλη,
2362 3380 2429 3448 τὴ
2462 3376 2600 3449 ἕλκη
2630 3377 2698 3432 τὰ
2728 3375 3039 3440 ἐπιτεθέντα
3071 3373 3218 3445 αὖτῷ
3248 3374 3385 3428 κατὰ
3411 3378 3508 3427 τοῦ
3536 3375 3812 3447 σώματος,

2165 3468 2353 3538 ἐπειδὴ
2405 3468 2543 3524 κατὰ
2599 3466 2949 3543 συγχώρησιν
3012 3462 3242 3538 ἐγίγνετο
3298 3465 3394 3516 τοῦ
3460 3466 3617 3530 Θεοῦ,
3675 3461 3811 3538 βέλη

2164 3560 2365 3633 Κυρίου
2413 3558 2717 3631 ὠνόμασεν,
2753 3553 2946 3610 εἷπών.
2992 3549 3136 3623 Εέλη
3187 3549 3289 3627 γάρ
3341 3552 3453 3624 (46)
3512 3551 3715 3627 Κυρίου
3756 3550 3810 3607 έν

2160 3654 2239 3723 τῷ
2295 3646 2508 3722 σώματί
2568 3643 2674 3720 μού
2733 3641 2892 3709 έσνιν,
2925 3641 2999 3694 ὧν
3050 3641 3080 3695 6
3139 3639 3309 3713 θυμὸς
3368 3641 3547 3695 αὑτῶν
3606 3639 3810 3697 έκπίνει

2166 3760 2269 3813 μου
2298 3739 2361 3793 τὸ
2389 3737 2545 3810 αἷμα·
2580 3732 2751 3792 οὕτως
2784 3729 2926 3793 εἰκὸς
2958 3728 3047 3784 καὶ
3094 3729 3187 3784 τὸν
3219 3723 3385 3783 Δαϐὶδ
3417 3727 3638 3784 ένταῦθα
3672 3726 3807 3805 βέλη

2160 3828 2361 3904 Κυρίου
2394 3822 2689 3899 εἰρηκέναι,
2723 3818 2837 3875 ἐπεὶ
2867 3840 3001 3896 κατρ
3050 3820 3401 3895 συγχώρησιν
3458 3822 3556 3873 τοῦ
3608 3818 3810 3895 Κυρίου

2160 3913 2647 3991 κατεστρατεύσατο
2706 3910 2872 3965 αὐτοῦ
2932 3910 2960 3964 6
3014 3905 3330 3981 ἀντίπαλος,
3370 3905 3460 3962 ’ίνα
3522 3907 3667 3983 μάθῃ
3732 3907 3808 3981 μὴ

2160 4004 2358 4082 λέγειν’
2393 4001 2472 4061 Οὐ
2530 4001 2606 4075 μὴ
2657 3997 2906 4054 σαλέυθῶ
2963 3998 3038 4059 εἷς
3092 3997 3185 4053 τὸν
3246 3996 3437 4053 αἰῶνα.
3496 3995 3645 4052 Ἐπεὶ
3704 3997 3810 4071 γὰρ

2156 4100 2225 4171 τῇ
2279 4092 2466 4170 χάριτι
2513 4094 2611 4145 τοῦ
2661 4091 2796 4144 Θεοῦ
2849 4085 3281 4160 δυναμούμενος,
3318 4084 3461 4160 μέγα
3510 4083 3591 4163 έφ⁹
3637 4086 3811 4158 ἐαυτῷ

2158 4184 2425 4264 έφρόνησέ
2482 4199 2634 4249 ποτε,
2692 4178 2767 4240 ὡς
2842 4172 3354 4264 ἀπαυθαδιάσασθαι
3416 4174 3507 4231 καὶ
3591 4174 3808 4264 εἰπεῖν

2157 4261 2297 4351 Ἐγὼ
2329 4269 2388 4328 δὲ
2430 4270 2580 4326 είπον
2635 4266 2688 4323 έν
2727 4270 2797 4341 τῇ
2852 4263 3074 4337 εὖθηνίᾳ
3134 4284 3258 4338 μου·
3287 4263 3368 4322 Οὐ
3434 4265 3509 4337 μὴ
3566 4261 3810 4321 σαλευθῶ

2155 4365 2230 4427 εἷς
2288 4363 2381 4417 τὸν
2436 4359 2624 4415 αἶ’ῶνα·
2650 4355 2849 4412 τούτου
2905 4356 3068 4431 χάριν
3124 4352 3351 4417 εἰκότως
3397 4351 3672 4429 παρεδόθη
3730 4357 3809 4426 τῷ

2152 4453 2489 4529 πειράζοντι,
2532 4448 2592 4510 ὃς
2639 4445 2736 4513 τῆς
2787 4447 2973 4529 ψυχῆς
3022 4442 3185 4505 αὐτοῦ
3232 4443 3638 4517 καθαψάμενος,
3688 4463 3806 4516 μει-

2154 4528 2325 4614 ζόνως
2354 4538 2514 4596 αὐτὸν
2547 4536 2585 4606 ἢ
2615 4536 2706 4591 τὸν
2744 4528 2870 4592 Ἰὼϐ
2910 4530 3239 4606 ἐζημίωσεν.
3272 4534 3338 4588 Οἱ
3384 4530 3443 4588 δὶ
3492 4530 3673 4607 λόγοι,
3704 4538 3804 4602 τῆς

385 4642 452 4683 ce
471 4643 540 4683 ac
563 4627 778 4684 divinis
794 4629 1028 4702 sagittis
1049 4630 1411 4697 confessum,
1433 4632 1947 4704 reprehensionem
1968 4653 2036 4691 ex

2164 4627 2540 4706 ἶικαιοκρισίας
2572 4625 2738 4681 αὐτοῦ
2784 4622 3204 4696 ὑπομνηστικοὶ,
3228 4623 3316 4676 καὶ
3375 4627 3478 4691 τῆς
3508 4622 3676 4698 ὁργῆς
3702 4628 3805 4692 τῆς

382 4714 580 4773 furore
605 4716 960 4787 adhibitam,
988 4721 1047 4775 et
1073 4720 1526 4792 castigationem
1558 4737 1628 4777 ex
1655 4721 1744 4779 ira
1772 4723 1876 4781 Dei
1905 4724 2041 4783 illa-

2164 4728 2268 4785 τοῖς
2326 4717 2723 4795 ἁμαρτάνουσιν
2779 4712 3169 4787 έπηρτημένης
3228 4707 3607 4766 διδασκαλικοῖ
3666 4712 3802 4785 (47),

452 4832 634 4913 ξιιοδ
690 4833 882 4913 v1,_4.
959 4832 1004 4869 οι
1058 4834 1168 4891 Job
1236 4852 1357 4904 xxx,
1413 4836 1505 4891 21.
1582 4838 1625 4873 υτ
1675 4838 1786 4895 Job
1843 4856 1884 4913 ι,
1943 4842 2036 4900 ιι.

2183 4839 2294 4899 Job
2340 4853 2405 4907 ιι,
2463 4836 2521 4892 5.
2598 4831 2883 4907 "Ephes.
2941 4846 3022 4902 v1,
3084 4829 3175 4900 13,
3238 4829 3325 4886 16.
3404 4828 3565 4887 ‘Job
3618 4845 3702 4898 v1,
3743 4828 3801 4886 ι.

380 4903 404 4940 ³
432 4903 586 4961 Psal.
618 4903 775 4977 χχιχ,
798 4907 856 4962 7.

475 5017 566 5097 tt)
596 5016 975 5097 §_iaiv.__F_or_te
1004 5015 1168 5097 ἐστιν,
1205 5025 1276 5097 ut
1303 5023 1481 5097 paulo
1534 5024 1833 5097 superius.
1876 5030 2032 5087 Eam

378 5089 567 5217 tio(42)
593 5090 685 5148 Sic
714 5090 878 5148 editi.
909 5090 1168 5149 Verbum
1203 5089 1403 5169 ἔφασκε
1433 5089 1700 5153 deest-in
1746 5098 1888 5173 Reg.
1921 5106 2037 5159 ter-

408 5177 484 5217 ιο.

448 5232 677 5305 (43),Ita
707 5238 961 5305 quatuor
990 5251 1130 5291 mss.
1170 5252 1306 5290 cum
1338 5237 1592 5295 editione
1617 5238 1794 5295 Basil.
1820 5246 2033 5301 etcum

374 5302 647 5379 Eusebio.
682 5302 756 5361 At
788 5306 950 5379 editi,
981 5305 1279 5379 βιωτικῶν.

445 5374 561 5451 (ἔιῤ)
589 5376 716 5451 Duo
748 5374 1153 5451 mss.,a'inﬁw.
1185 5379 1393 5435 Statim
1429 5384 1548 5437 tres
1597 5399 1767 5451 mss.,
1836 5388 2029 5439 τοσοῦ-

374 5447 590 5528 τοςᾳῆῌν.
626 5449 888 5528 Subinde
907 5447 1097 5528 editi,
1113 5450 1433 5527 τετυχηκὼς
1474 5453 1714 5528 ἀγαθῶν·
1749 5447 1871 5513 γεθά
1922 5475 2031 5515 vox

379 5516 593 5593 ἀγαθῶν
627 5523 794 5578 deest
824 5523 881 5577 in
916 5516 1135 5578 nostris
1168 5516 1420 5617 quatuor
1449 5516 1594 5584 mss.

452 5594 563 5617 ILK\
600 5593 676 5617 ῐε-
718 5594 853 5617 -.Ιέιζ
913 5593 1056 5617 ΪῘΙ.-,‹1
1122 5594 1140 5617 1
1215 5598 1233 5617 ῐ
1260 5591 1321 5617 Ιρ
1394 5599 1441 5617 3L

450 5594 564 5667 (45)
598 5593 684 5649 Ita
713 5594 878 5668 editi.
913 5593 1092 5668 Illud,
1117 5594 1145 5647 ὁ
1184 5591 1342 5668 Ἶώϐ,
1393 5599 1451 5654 ib
1503 5600 1721 5657 nostris

378 5665 676 5749 mss._non
709 5666 949 5749 legit-ur;
976 5665 1368 5749 Ibid'em‘Reg’.
1418 5674 1738 5746 secundus,

376 5729 686 5801 έπιτεθέντα
714 5728 798 5811 si;
823 5728 951 5792 Ἰὼϐ
977 5739 1131 5815 κατά,
1163 5744 1276 5803 etc.

1815 5606 2030 5658 uatuor

1827 5670 1928 5745 έλη
1959 5672 2028 5730 τὰ

2221 5021 2650 5111 sesego":
2666 5019 2911 5111 fvrias?
2936 5012 3799 5111 et..1}°§:_EEE*E“:_P°2:%

2150 5085 2433 5158 in‘editis.
2464 5085 2904 5163 Necita'multo
2936 5094 3070 5163 post
3102 5085 3356 5163 quatuor
3396 5104 3542 5145 mss.
3574 5085 3799 5163 συγχώι

2128 5162 2687 5252 ,ρησ-ινιτ-ρῦὲυρίου.
2718 5159 3053 5252 Editipv'ero
3083 5159 3433 5252 σῦιγχώρησιν
3466 5162 3621 5252 Θεοιῦ.

2221 5227 2602 5316 (47)ΫΕᾶίῐί-ἱιῒ
2631 5234 2900 5316 nonnulli
2932 5227 3480 5316 ωεεηὴδξδασκαλία,
3523 5227 3594 5286 o'l.
3629 5231 3799 5316 Ιξερᾶ

2145 5298 2473 5372 emendate.
2510 5314 2649 5376 Reg.
2682 5310 2896 5365 tertius
2927 5323 3060 5363 cum
3089 5298 3251 5361 Colb.
3287 5298 3474 5374 sexto,
3512 5321 3615 5376 pro
3646 5298 3795 5357 διδα-

2144 5385 2359 5453 σκαλία,
2394 5385 2570 5441 habet
2594 5376 2954 5439 διδασκαλίας
2983 5378 3086 5434 sed
3119 5376 3271 5453 nihi_l
3298 5377 3440 5453 inde
3462 5378 3591 5449 opis
3620 5376 3793 5453 aﬂ'erf

2139 5465 2253 5517 tur.
2284 5447 2505 5514 Horum
2544 5447 3550 5530 genuinumparentemEusebium
3604 5447 3791 5530 secuti

2138 5549 2349 5589 sumus
2379 5521 2742 5603 apudvquem
2778 5521 2993 5596 legitur
3021 5522 3125 5603 ita,
3155 5521 3237 5576 uti
3260 5521 3663 5603 edid‘imus._ln
3687 5521 3788 5603 de-

2135 5592 2634 5678 tegendis'autem
2667 5592 3162 5678 errorum.caiisis
3192 5596 3294 5678 qui
3314 5592 3786 5678 delectanturkin

2135 5660 2332 5733 eonbic
2360 5678 2621 5731 erratum
2652 5684 2781 5727 esse
2810 5666 3114 5739 videbunt,
3143 5660 3303 5739 quod
3345 5660 3784 5739 ΘΧ-διδασκαλι-

2131 5732 2223 5807 κοί
2255 5764 2292 5807 a
2318 5744 2578 5806 librariis
2607 5743 2881 5804 attactum
2910 5737 2990 5800 sit
3016 5732 3361 5813 διδασκαλία,
3392 5736 3472 5796 οἳ.
