4154 6390
312 407 391 468 89
1411 397 1747 462 HOMILIA
1789 397 1869 457 ΙΝ
1914 395 2296 457 PSALMUM
2341 395 2651 459 XVXVII.
3659 390 3738 451 90

319 533 492 612 βελῶν
545 533 678 590 εἰσιν
726 534 989 610 ὀξύτεροι,
1038 533 1137 602 τὴν
1184 529 1491 600 συνείδησιν
1544 529 1850 595 νύττουτες,
1881 548 1962 582 τι-

2080 531 2203 583 tam
2233 528 2364 598 jure
2395 543 2721 583 recusasse.
2753 529 2830 583 Ne
2875 528 3048 594 enim,
3077 525 3294 598 inquit,
3327 528 3386 582 in
3418 525 3614 599 furore
3644 527 3737 580 tuo

313 623 643 701 τρώσκοντές
700 645 759 678 τε
837 623 925 678 καὶ
999 626 1303 684 κεντοῦντες
1373 620 1562 689 αὐτήν.
1627 618 1733 674 Καὶ
1796 616 1968 678 οὕτως

317 714 495 775 εἷ’ποις
551 713 610 768 ἂν
665 714 757 768 τὸν
795 707 958 766 Δαϐἱδ
1007 717 1124 775 τοῖς
1182 712 1352 785 ἱεροῖς
1399 708 1615 769 τούτοις
1672 709 1761 761 καὶ
1808 705 1972 769 θείοις

315 803 699 875 κεντούμενον,
772 801 1015 875 εὐλόγως
1082 801 1459 875 παραιτεῖσθαι
1516 797 1607 852 τὸν
1661 795 1749 850 διὰ
1793 798 1972 866 θυμοῦ

316 889 567 968 ἔλεγχον,
602 890 690 946 καὶ
721 892 818 959 τήν
854 887 903 944 δι
936 890 1104 965 ὀργῆς
1132 893 1229 943 τοῦ
1259 892 1392 944 Θεοῦ
1440 884 1708 941 παιδείαν.
1752 886 1844 952 Μὴ
1869 885 1969 959 γὰρ

313 986 394 1054 τῷ
422 983 580 1054 θυμῷ
623 1000 718 1034 σου
745 999 929 1056 φησιν,
963 977 1188 1052 ἐλέγξῃς
1216 998 1302 1050 με,
1339 973 1675 1050 Κύριε,μηδῖε
1699 978 1767 1047 τῇ
1835 973 1971 1047 ὀργῇ

318 1091 414 1124 σου
469 1066 757 1142 παιδεύσῃς
814 1088 900 1140 με.
948 1067 1045 1122 Διά
1073 1067 1126 1122 τί
1153 1086 1165 1135 ;
1193 1067 1318 1123 ’Ὁτι
1348 1066 1414 1119 τὰ
1449 1063 1584 1138 βέλη
1621 1085 1720 1117 σου
1741 1063 1974 1136 ένεπάγ-

319 1158 455 1228 ησάν
491 1179 607 1230 μοι.
643 1151 1037 1233 Ηροσλαϐόντα
1095 1159 1211 1225 (48)
1267 1156 1368 1231 γὰρ
1425 1155 1525 1222 τὴν
1561 1153 1727 1228 ὀργὴν
1759 1151 1848 1207 καὶ
1877 1152 1971 1206 τὸν

317 1247 486 1319 θυμὸν
516 1248 581 1302 τὰ
631 1247 778 1322 παρά
809 1251 904 1300 σοῦ
925 1245 1258 1318 καθικόμενα
1293 1243 1428 1319 βέλη
1462 1245 1662 1305 ἱκανῶς
1696 1263 1762 1314 με
1792 1263 1969 1313 τιμω·

2081 634 2285 688 arguas
2315 633 2420 687 me,
2459 620 2712 685 Domine,
2745 633 2918 688 neque
2958 618 3018 671 in
3057 619 3146 670 ira
3195 625 3292 670 tua
3321 616 3599 685 corripias
3629 629 3734 669 me.

2082 708 2474 771 Quamobrem
2488 707 2514 760 Ἰ
2537 709 2808 774 Quoniam
2831 708 3048 774 sagittae
3071 711 3186 762 tua:
3210 707 3267 760 in
3274 707 3407 775 ﬁxae
3426 707 3555 759 sunt
3573 703 3734 758 mihi.

2082 797 2226 851 Nam
2270 795 2388 852 tela
2437 797 2543 852 abs
2595 802 2652 851 te
2699 797 2987 862 immissa,
3022 813 3149 868 quas
3179 795 3329 850 iram
3378 799 3434 848 et
3483 793 3737 847 furorem

2085 892 2526 957 praeverterunt,
2560 886 2922 940 sufﬁcienter
2961 887 3032 940 de
3082 901 3175 939 me
3222 883 3580 955 supplicium
3632 897 3737 935 su-

2083 979 2273 1041 munt,
2305 992 2371 1030 ac
2403 977 2549 1030 satis
2582 991 2676 1030 me
2705 975 3014 1046 castigant.
3051 977 3239 1039 Quare
3289 971 3538 1044 supplex
3571 971 3735 1042 petit,

2083 1079 2155 1118 ne
2187 1063 2363 1119 aliam
2407 1064 2557 1119 iram
2610 1069 2710 1118 aut
2755 1065 3012 1120 furorem
3062 1063 3416 1134 experiatur,
3463 1060 3738 1129 Quoniam

2081 1155 2307 1224 sagittae
2337 1163 2440 1208 tuae
2469 1153 2665 1222 inﬁxae
2693 1163 2822 1209 sunt
2857 1153 3034 1218 mihi;
3065 1157 3167 1207 aut
3208 1151 3533 1206 secundum
3566 1149 3734 1220 Sym-

2083 1242 2384 1310 machum,
2416 1245 2708 1312 Attingunt
2731 1259 2838 1298 me.

317 1342 508 1413 ρεῖται,
570 1336 662 1390 καὶ
714 1334 998 1409 αὐτάρκως
1062 1355 1127 1408 με
1158 1332 1401 1402 κολάζει.
1447 1335 1540 1386 Διὸ
1571 1333 1768 1394 ἱκανῶς
1815 1351 1881 1404 με
1939 1335 2285 1406 τιμωρεῖται,
2316 1331 2407 1385 καὶ
2453 1330 2738 1407 αὐτάρκως
2798 1352 2864 1404 με
2919 1330 3160 1399 κολάζει.
3211 1330 3302 1384 Διὸ
3351 1326 3594 1394 ἱκετεύει,
3655 1325 3730 1397 μὴ

317 1427 484 1502 ὀργῆς
504 1425 686 1499 ἐτέρας
720 1421 860 1497 μηδὲ
891 1426 1068 1497 θυμοῦ
1118 1430 1462 1496 πειραθῆναι,
1495 1424 1618 1479 ’Ότι
1650 1423 1716 1475 τὰ
1750 1419 1883 1495 βέλη
1919 1441 2014 1475 σου
2045 1419 2371 1497 ἐνεπάγησάν
2407 1442 2521 1494 μοι,
2555 1420 2612 1490 ἢ,
2643 1421 2924 1485 καθίπεταί
2955 1443 3081 1494 μου,
3113 1420 3248 1475 κατὰ
3274 1419 3365 1473 τὸν
3403 1417 3729 1490 Σύμμάχον.

385 1519 440 1571 3.
512 1515 612 1569 Καὶ
668 1513 1020 1590 ἐπεστήριξας
1101 1514 1184 1568 ἐπ’
1255 1511 1351 1586 ἐμὲ
1423 1513 1521 1580 τὴν
1609 1510 1772 1586 χεῖρά
1850 1531 1968 1567 σου.

318 1609 489 1677 Χεῖρα
546 1600 604 1658 δὶ
662 1603 858 1678 Κυρίου
915 1603 1300 1676 καθαψαμένην
1360 1600 1524 1655 αὐτοῦ
1575 1600 1773 1669 νόησον
1833 1602 1966 1672 (49),

2153 1513 2205 1566 3.
2239 1515 2302 1568 Et
2331 1514 2674 1582 conﬁrmasti
2700 1529 2866 1584 super
2894 1529 2980 1568 me
3008 1529 3239 1568 manum
3289 1519 3460 1566 tuam.
3493 1513 3732 1563 Manum

2082 1607 2278 1656 autem
2311 1602 2542 1656 Domini
2574 1603 2771 1673 ipsum
2820 1603 3142 1666 ferientem,
3176 1617 3304 1656 eam
3333 1616 3462 1671 quae
3496 1599 3554 1652 in
3586 1598 3732 1653 Jobo

319 1692 407 1747 καὶ
438 1693 540 1762 τὴν
573 1691 660 1747 ἰπὶ
689 1696 785 1746 τοῦ
839 1687 965 1748 Ἰὼϐ
1012 1690 1428 1764 δεδηλωμένην.
1489 1689 1637 1760 Αὕτη
1691 1687 1748 1744 δὲ
1776 1691 1810 1758 ἡ
1844 1690 1967 1762 χεὶρ

385 1785 411 1796 ..
470 1789 502 1800 ..
766 1783 776 1799 ν
971 1783 984 1800 ς
1105 1782 1131 1800 τ
1342 1785 1368 1795 η
1444 1787 1456 1800 .
1509 1775 1597 1800 ραι
1643 1779 1656 1800 τ
1759 1778 1885 1800 οι--

2081 1691 2379 1746 declarata
2408 1697 2498 1747 est
2536 1691 2816 1763 intellige.
2855 1693 2983 1747 Hac
3026 1698 3222 1746 autem
3256 1689 3489 1745 Domini
3522 1704 3734 1743 manus

2090 1797 2106 1800 _
2146 1780 2543 1800 D._m_l-____,,12_
2601 1781 2847 1800 ____A_-24
2890 1797 3109 1800 A_-___.‘A
3177 1778 3412 1800 n___:.u_
3472 1779 3705 1800 3-...--“

315 1785 416 1836 τοῦ
470 1789 664 1856 Κυριον
706 1783 881 1836 πάντα
932 1783 1024 1836 τὸν
1077 1782 1222 1836 οἶκον
1275 1785 1374 1836 τοῦ
1433 1775 1598 1834 Δαϐὶδ
1639 1779 1699 1833 έκ
1759 1778 1967 1854 βάθρων

2083 1797 2114 1835 e
2145 1780 2546 1836 fundamentis
2595 1781 2854 1836 excussit
2882 1797 3117 1836 omnem
3177 1778 3415 1835 Davidis
3466 1779 3732 1845 domum,

319 1868 512 1940 ἔσεισι,
545 1871 636 1925 τὸν
674 1872 768 1943 μὶν
824 1871 1177 1947 πρωτότοκον
1245 1869 1410 1924 αὐτοῦ
1467 1874 1575 1923 τῶν
1619 1865 1828 1922 παίδων
1878 1867 1970 1922 τὸν

320 1961 538 2032 Ἀμνὼν
569 1957 734 2034 ἔρωτι
783 1967 882 2029 τῆς
928 1957 1170 2037 ἀδελφῆς
1229 1959 1528 2032 έκμήνασα,
1578 1958 1873 2032 πυρώσασα
1917 1953 1974 2010 δὶ

320 2050 415 2105 τὸν
443 2045 816 2121 Ἀϐεσσαλὼμ
868 2053 937 2122 τῇ
987 2050 1125 2103 κατὰ
1152 2053 1252 2103 τοῦ
1303 2046 1543 2123 ἀδελφοῦ
1591 2047 1749 2121 ὀργῇ,
1784 2047 1857 2106 ὡς
1882 2046 1971 2100 άν-

321 2138 462 2193 ελεῖν
494 2139 584 2193 τὸν
631 2139 863 2211 Ἀμνὼν,
899 2134 1082 2193 ἔπειτα
1133 2139 1224 2193 καὶ
1284 2137 1430 2209 αὐτῷ
1478 2135 1973 2210 ἐπαναστῆναι

320 2231 402 2299 τῷ
425 2226 608 2300 πατρί’
662 2227 752 2281 καὶ
810 2229 876 2282 τὰ
928 2225 1097 2283 λοιπά
1128 2225 1185 2282 δὲ
1241 2228 1413 2282 πάντα
1443 2224 1532 2280 διὰ
1586 2233 1675 2295 τῆι
1730 2225 1973 2300 ἱστορίας

323 2318 716 2392 παριστάμεναι,
750 2320 784 2387 ἡ
839 2315 1152 2388 δηλωθιῐσα
1207 2317 1352 2393 χείρ.
1386 2317 1509 2392 Χείρ
1555 2337 1650 2370 σου
1693 2313 1974 2388 καθήψατό

331 2427 435 2480 μου
469 2402 558 2460 διὰ
606 2412 713 2460 τῶν
765 2404 1102 2476 ἐπαλλήλων
1150 2411 1467 2484 συμφορῶν.
1520 2404 1785 2471 Ἰκετεύω,
1819 2403 1973 2481 φησὶ,

331 2495 407 2568 μὴ
437 2493 594 2568 ἄλλῳ
641 2500 800 2568 θυμῷ
845 2494 1195 2572 ἰλιγχθῆναι,
1248 2491 1390 2568 μηδὲ
1429 2494 1637 2569 χείρονι
1674 2492 1813 2567 ὀργῇ
1845 2513 1976 2547 παι-

329 2582 604 2654 δευθῆναι.
639 2586 744 2641 Καὶ
775 2585 836 2639 οὗ
871 2585 1038 2657 μόνον
1082 2589 1268 2651 ταῦτα,
1301 2581 1447 2638 ἀλλᾶ
1498 2581 1587 2637 καὶ
1620 2585 1732 2655 (51)
1762 2583 1828 2637 τὰ
1858 2582 1976 2636 ἐπι-

335 2672 629 2748 λεγόμενα,
660 2675 693 2728 ἅ
741 2671 978 2728 διδάσκει
1025 2673 1148 2744 ἑξῆς
1208 2671 1408 2747 λέγων·
1469 2671 1582 2729 Οὐκ
1639 2668 1780 2726 ἔστιν
1834 2670 1978 2737 ἴασις

327 2761 380 2818 ἐν
435 2767 502 2836 τῇ
556 2784 710 2838 σαρκι
769 2785 874 2836 μου
959 2763 1064 2818 ἀπὸ
1117 2763 1415 2838 προσώπου
1470 2769 1568 2832 τῆς
1629 2761 1794 2836 ὀργῆς
1855 2779 1972 2816 σου·

325 2850 422 2906 οὐκ
475 2846 616 2906 ἔστιν
674 2849 871 2928 εἶρήνπ
929 2851 980 2907 έν
1035 2857 1150 2914 τοῖς
1209 2850 1416 2913 ὀστέοις
1477 2873 1584 2925 μου
1641 2851 1747 2906 ἀπὸ
1803 2871 1973 2926 προσ-

325 2942 478 2995 ώπου
531 2946 638 2995 τῶν
698 2943 976 3017 ἁμαρτιῶν
1043 2963 1168 3014 μου.
1231 2942 1395 3015 Ἐγὼ,
1441 2943 1595 3018 φησὶ,
1647 2936 1974 3012 προλαϐὼν,

323 3027 448 3084 οὐδὲ
477 3029 794 3104 περιμείνας
825 3034 913 3085 "va
960 3032 1065 3104 μού
1120 3052 1204 3094 τις
1257 3025 1445 3100 ἔξωθεν
1478 3031 1540 3084 τὸ
1589 3030 1750 3101 σῶμα
1799 3028 1974 3083 κολά-

2083 1887 2218 1926 cum
2249 1873 2596 1926 Ammonem
2628 1871 2890 1941 quidem,
2926 1869 3178 1925 filiorum
3212 1875 3350 1924 natu
3385 1868 3736 1935 maximum,

2084 1959 2302 2015 sororis
2361 1976 2559 2015 amore
2616 1959 3006 2015 insanientem
3062 1959 3339 2024 reddidit,
3381 1956 3732 2013 Absalonem

2083 2065 2217 2104 vero
2251 2047 2308 2103 in
2343 2051 2583 2104 fratrem
2624 2049 2710 2104 ira
2756 2049 3042 2116 accendit,
3075 2049 3218 2103 adeo
3270 2053 3335 2103 ut
3380 2051 3732 2103 Ammonem

2085 2137 2213 2193 neci
2242 2139 2521 2205 traderet,
2544 2143 2602 2194 et
2631 2139 2875 2211 posthac
2905 2137 2964 2192 in
2997 2143 3221 2210 patrem
3254 2138 3451 2209 ipsum
3482 2135 3732 2192 rebella-

2083 2231 2190 2283 ret.
2218 2228 2324 2282 Sed
2367 2232 2424 2284 et
2452 2226 2681 2299 reliqua
2711 2228 2911 2284 omnia
2940 2228 2999 2282 in
3032 2227 3278 2283 historia
3324 2226 3575 2298 prodita,
3607 2241 3734 2280 ma-

2084 2332 2200 2372 nus
2232 2322 2371 2372 sunt
2399 2333 2524 2385 quin
2570 2317 2666 2371 hic
2709 2317 2966 2372 indicata
2997 2321 3104 2373 est.
3137 2321 3342 2372 Manus
3390 2321 3494 2371 tua
3540 2315 3735 2387 tetigit

2086 2422 2180 2461 me
2226 2422 2328 2477 per
2359 2407 2726 2462 calamitates
2775 2406 2921 2462 alias
2969 2405 3102 2463 aliis
3147 2407 3544 2462 succedentes.
3577 2405 3732 2476 Sup-

2086 2494 2259 2566 plico,
2287 2495 2502 2566 inquit,
2527 2501 2592 2550 ut
2621 2512 2692 2550 ne
2723 2495 2835 2551 alio
2867 2495 3063 2551 furore
3095 2513 3327 2567 arguar,
3350 2511 3492 2550 neve
3523 2495 3610 2550 ira
3641 2511 3738 2566 pe-

2076 2585 2195 2656 jori
2227 2586 2529 2657 corripiar.
2563 2590 2678 2641 Nec
2725 2585 2848 2640 hac
2885 2585 3101 2656 solum,
3135 2587 3235 2640 sed
3282 2602 3350 2640 ea
3397 2587 3574 2640 etiam
3605 2600 3736 2654 qua;

2085 2675 2552 2747 subjunguntur,
2584 2680 2642 2732 et
2671 2692 2801 2748 quae
2846 2675 3034 2743 docet,
3087 2676 3297 2731 exinde
3336 2675 3538 2729 dicens
3571 2691 3584 2729 :
3617 2673 3736 2728 Non

2081 2771 2165 2820 est
2191 2768 2402 2821 sanitas
2431 2766 2492 2820 in
2530 2781 2702 2822 carne
2746 2781 2869 2821 mea
2917 2783 2956 2821 a
3002 2767 3151 2836 facio
3177 2767 3283 2821 irae
3311 2773 3419 2820 tuae
3450 2783 3468 2818 :
3498 2778 3611 2820 non
3660 2766 3740 2819 est

2082 2871 2198 2925 pax
2226 2856 2443 2910 ossibus
2484 2856 2622 2910 meis
2652 2871 2686 2910 a
2716 2856 2856 2918 facie
2903 2865 3252 2926 peccatorum
3299 2870 3568 2910 meorum.
3597 2855 3734 2925 Ego,

2084 2943 2296 3015 inquit,
2331 2944 2615 3015 praeverti,
2643 2960 2748 2998 nec
2787 2944 3114 3015 exspectavi
3163 2949 3229 2998 ut
3276 2943 3410 3015 quis
3459 2948 3735 2998 externus

2085 3048 2284 3086 meum
2318 3048 2531 3103 corpus
2561 3033 2828 3104 castiget,
2859 3032 3053 3088 ulcere
3102 3032 3257 3087 malo
3286 3032 3610 3087 excruciavi
3641 3047 3736 3088 me

323 3139 415 3194 σῃ,
445 3115 595 3174 ἕλκει
643 3125 874 3195 πονηρῷ
931 3118 1163 3192 ἐμαυτὸν
1218 3118 1676 3192 ἐτιμωρησάμην,
1707 3117 1796 3170 καὶ
1846 3118 1967 3185 τήν-

2082 3118 2229 3189 ipse,
2261 3134 2572 3190 meamque
2602 3136 2839 3174 carnem
2871 3137 2974 3191 per
3003 3136 3182 3191 quam
3215 3138 3250 3176 a
3280 3137 3374 3176 me
3403 3120 3732 3176 admissum

321 3207 492 3282 σάρκα
527 3229 650 3280 μου,
686 3206 755 3262 δι’
785 3211 850 3276 ἧς
905 3206 1210 3280 πέπρακταί
1275 3227 1368 3278 μοι
1411 3206 1474 3259 τὸ
1527 3204 1847 3279 ἁμάρτημα,
1879 3225 1974 3258 κο-

322 3294 505 3351 λάσεσι
559 3300 672 3369 (52)
725 3293 1035 3371 παρέδωκα,
1112 3293 1532 3370 τιμωρούμενος
1593 3293 1824 3366 ἐμαυτὸν
1881 3293 1971 3347 καὶ

317 3384 568 3454 κολάζων
601 3385 887 3446 παντοίαις
944 3383 1224 3440 κολάσεσι.
1277 3386 1452 3440 Τοῦτο
1499 3383 1600 3456 γὰρ
1649 3379 1851 3452 ἐδήλου
1881 3381 1972 3436 καὶ

319 3471 390 3528 δι’
449 3474 666 3548 ἑτέρων,
754 3473 952 3548 λέγων·
1033 3473 1374 3528 Ἐταπείνουν
1454 3471 1506 3526 ἐν
1584 3472 1803 3542 νηστείᾳ
1870 3473 1968 3539 νην

317 3565 507 3639 ψυχήν
557 3584 684 3636 μου,
734 3562 824 3618 καὶ
874 3566 908 3631 ἠ
961 3563 1088 3639 σάρξ
1153 3584 1255 3635 μου
1305 3558 1599 3632 ἠλλοιώθη
1661 3559 1730 3614 δι’
1762 3559 1967 3629 ἔλαιον,

321 3652 411 3706 καὶ
471 3650 810 3725 έοελαθόμην
858 3653 955 3708 τοῦ
1006 3658 1195 3730 φαγεῖν
1272 3651 1365 3706 τὸν
1445 3649 1607 3726 ἄρτον
1673 3669 1801 3723 μου’
1863 3649 1969 3704 ἀπὸ

318 3748 504 3819 φωνῆς
586 3745 683 3796 τοῦ
767 3746 1073 3816 στεναγμοῦ
1157 3762 1261 3814 μου
1345 3737 1623 3810 ἐκολλήθη
1690 3739 1758 3793 τὰ
1839 3738 1972 3793 ὀστᾶ

321 3851 428 3903 μου
501 3835 570 3905 τῇ
643 3831 798 3906 σαρκί
888 3853 1014 3903 μου.
1092 3831 1217 3897 Καὶ,
1303 3829 1498 3886 Λσύσω
1553 3830 1673 3893 καθ’
1737 3829 1967 3899 ἑκάστην

312 3919 481 3974 τύκτα
562 3921 665 3989 τὴν
751 3917 942 3990 κλίνην
1034 3941 1160 3992 μου,
1249 3919 1301 3975 ἐν
1389 3916 1614 3994 δάκρυσί
1693 3939 1798 3990 μου
1866 3919 1964 3988 τὴν

314 4011 608 4083 στρωμνήν
671 4030 776 4082 μου
833 4011 1025 4085 βρεξω.
1081 4009 1268 4071 Οὕτως
1327 4007 1417 4063 οῦν
1475 4007 1566 4063 καὶ
1636 4012 1724 4062 νῦν
1779 4027 1966 4085 φησιν’

311 4096 427 4155 Οὐκ
484 4095 626 4152 ἔστιν
684 4095 824 4161 ίάσις
883 4098 934 4153 έν
1020 4102 1088 4172 τῇ
1160 4119 1315 4174 σαρκι
1374 4119 1478 4170 μου
1536 4097 1643 4152 ἀπὸ
1698 4097 1966 4170 πμοσώου

310 4193 412 4257 τῆς
471 4187 640 4263 ὀργῆς
700 4209 817 4244 σου.
876 4187 1027 4243 Ἀντὶ
1073 4185 1150 4256 δὲ,
1207 4193 1309 4257 τῆς
1364 4187 1557 4263 ὀργῆς,
1598 4187 1905 4264 συμφώνως
1937 4186 1968 4241 ὅ

309 4296 368 4332 τε
425 4275 661 4339 Ἀκύλας
718 4277 807 4332 καὶ
867 4277 894 4331 ὁ
955 4277 1284 4351 Σύμμαχος,
1341 4276 1446 4331 ἀπὸ
1516 4277 1814 4352 προσώπου
1871 4273 1968 4347 ἐμ-

313 4360 631 4441 ϐριμήσεώς
691 4386 808 4434 σου,
867 4368 1240 4439 ἡρμήνενσαν,
1327 4367 1588 4439 Ἀπήρκει
1669 4363 1771 4438 γάρ
1847 4385 1961 4436 μοι,

2084 3212 2389 3278 peccatum
2431 3213 2543 3276 est,
2593 3209 2906 3281 suppliciis
2952 3210 3194 3279 tradidi,
3229 3209 3511 3266 ultionem
3540 3211 3612 3265 de
3643 3227 3735 3267 me

2083 3311 2346 3364 sumens,
2375 3313 2441 3352 ac
2473 3314 2564 3352 me
2595 3299 2788 3354 omnis
2818 3298 3048 3368 generis
3079 3299 3438 3354 cruciatibus
3463 3299 3734 3371 puniens.

2084 3385 2202 3440 Hoc
2241 3386 2398 3441 enim
2445 3388 2578 3442 aliis
2609 3404 2842 3459 quoque
2892 3389 3088 3444 verbis
3136 3388 3456 3456 indicabat,
3485 3389 3686 3444 dicens
3721 3405 3734 3445 :

2082 3476 2475 3531 Humiliabam
2517 3479 2577 3531 in
2625 3477 2832 3548 jejunio
2869 3480 3119 3533 animam
3167 3479 3430 3545 meam’;
3460 3483 3518 3532 et
3549 3495 3561 3532 :
3596 3479 3736 3534 Caro

2078 3579 2204 3618 mea
2247 3566 2541 3620 immutata
2569 3574 2648 3621 est
2680 3574 2902 3637 propter
2930 3565 3117 3623 oleum
3137 3567 3186 3636 ις
3216 3570 3272 3621 et
3304 3584 3317 3621 :
3354 3567 3566 3624 Oblitus
3610 3584 3735 3623 sum

2077 3656 2365 3710 comedere
2392 3671 2596 3725 panem
2624 3671 2842 3722 meum;
2873 3673 2913 3712 a
2951 3672 3082 3712 voce
3103 3658 3345 3728 gemitu:
3387 3659 3498 3713 mei
3543 3657 3728 3713 adhae-

2077 3749 2266 3798 serunt
2285 3760 2405 3798 ossa
2424 3761 2551 3799 mea
2569 3746 2736 3801 carni
2763 3760 2903 3801 meae
2919 3746 2966 3812 ‘;
2991 3751 3049 3800 et
3071 3761 3084 3800 :
3109 3748 3322 3802 Lavabo
3349 3762 3449 3818 per
3475 3747 3732 3816 singulas

2077 3843 2258 3888 noctes
2287 3833 2484 3889 lectum
2530 3850 2732 3901 meum,
2769 3834 3030 3906 tacrymis
3075 3838 3213 3892 meis
3259 3841 3499 3892 stratum
3547 3853 3732 3892 meum

2078 3921 2269 3993 rigabo
2291 3923 2332 3978 ⁸.
2364 3924 2456 3978 Sic
2504 3923 2706 3994 itaque
2736 3928 2793 3979 et
2821 3941 2979 3980 nunc
3010 3925 3094 3980 ait
3124 3942 3138 3981 :
3168 3926 3283 3982 Non
3313 3935 3395 3982 est
3424 3929 3636 3982 sanitas
3667 3927 3731 3982 in

2078 4026 2250 4066 carne
2279 4028 2405 4069 mea
2433 4030 2468 4068 a
2494 4014 2642 4084 facie
2670 4015 2768 4068 irae
2813 4024 2948 4071 tuae.
2981 4014 3158 4069 Porro
3207 4031 3334 4086 pro,
3368 4019 3486 4081 Ira,
3518 4013 3731 4087 Aquila

2076 4104 2134 4155 et
2161 4101 2572 4174 Symmachus,
2595 4104 2633 4158 Α
2666 4105 2808 4172 facie
2836 4104 3092 4174 fremitus
3121 4105 3224 4171 tui,
3249 4103 3526 4160 similiter
3553 4104 3727 4159 inter-

2077 4188 2283 4257 pretati
2315 4195 2474 4244 sunt.
2492 4189 2644 4244 Satis
2675 4189 2856 4260 enim,
2885 4190 3096 4262 inquit,
3123 4191 3270 4246 mihi
3301 4197 3426 4247 erat
3457 4192 3728 4248 fremitus

2074 4273 2173 4330 ille
2205 4275 2306 4347 qui
2333 4276 2548 4334 divinis
2586 4277 2704 4333 tuis
2734 4277 3051 4348 Scripturis
3081 4279 3442 4349 enuntiatur,
3475 4285 3532 4336 et
3560 4296 3724 4336 com-

2075 4363 2322 4420 minatio
2353 4383 2456 4437 per
2485 4366 2828 4437 prophetam
2861 4353 3030 4423 tuum
3066 4369 3296 4425 Nathan
3330 4369 3502 4424 facta.
3535 4372 3724 4433 Quare

311 4454 496 4530 φησὶν,
529 4456 563 4523 ἡ
619 4453 725 4509 ἀπὸ
781 4459 888 4510 τῶν
951 4460 1056 4510 σῶν
1116 4455 1273 4510 Θείων
1327 4460 1552 4533 Γραφῶν
1603 4450 1962 4530 ἐμϐρίμησις,

2080 4469 2109 4508 a
2136 4453 2282 4509 facie
2311 4455 2582 4510 fremitus
2612 4456 2697 4510 tui
2749 4456 2830 4511 ita
2859 4457 3102 4512 multavi
3134 4473 3227 4512 me
3255 4457 3476 4530 ipsum,
3499 4463 3566 4514 ut
3597 4475 3723 4515 ear-

307 4543 394 4598 καὶ
428 4546 462 4614 ἡ
495 4540 584 4598 διὰ
621 4548 718 4599 τοῦ
777 4549 873 4599 σοῦ
902 4547 1188 4624 προφήτου
1233 4546 1416 4609 Νάθαν
1462 4542 1686 4614 ἀπειλή.
1733 4543 1826 4597 Διὸ
1857 4542 1963 4597 ἀπὸ

307 4634 605 4708 προσώπου
653 4637 755 4699 τῆς
817 4629 1208 4710 έμϐριμήσεώς
1239 4655 1336 4689 σου
1377 4633 1610 4707 ἐμαυτὸν
1646 4633 1817 4694 οὕτως
1849 4630 1962 4686 ἔτι-

312 4723 680 4798 μωρησάμην,
723 4724 797 4785 ὡς
854 4723 1086 4778 κολάσαι
1144 4725 1242 4794 τὴν
1285 4723 1522 4796 ἐμαυτοῦ
1554 4722 1742 4798 σάρκα,
1776 4721 1960 4776 καὶτὰ

307 4809 437 4866 ὀστᾶ
493 4832 598 4883 μου
660 4813 735 4885 μὴ
796 4807 944 4887 ἔχειν
1007 4813 1228 4889 εἰρήνην
1290 4813 1425 4870 Ἀπὸ
1482 4810 1779 4888 προσώπου
1847 4814 1954 4864 τῶν

304 4899 586 4976 ἁμαρτιῶν
623 4920 748 4974 μου.
783 4901 926 4965 Ἀνθ’
975 4902 1037 4956 οὗ
1086 4903 1114 4957 ὁ
1166 4902 1498 4978 Σύμμαχος,
1531 4899 1628 4954 Διὰ
1654 4899 1750 4961 τὰς
1776 4899 1954 4973 ἀμαρ-

2075 4558 2208 4597 nem
2241 4559 2429 4598 meam
2461 4544 2886 4615 castigaverim,
2913 4551 2970 4600 et
3000 4562 3136 4601 ossa
3165 4563 3294 4602 mea
3323 4563 3439 4602 non
3471 4547 3726 4603 habeant

2071 4647 2298 4702 pacem,
2331 4632 2371 4687 A
2399 4634 2542 4705 [acie
2569 4638 2942 4704 peccatorum,
2963 4651 3210 4690 meorum
3232 4654 3251 4691 :
3278 4653 3381 4708 pro
3413 4653 3529 4709 quo
3558 4637 3724 4710 Sym-

2071 4720 2339 4790 machus,
2389 4722 2621 4790 Propter
2661 4727 2890 4794 peccata
2941 4739 3084 4788 mea,
3134 4725 3554 4795 interpretatus
3611 4730 3720 4782 est.

2066 4809 2242 4867 Vsns.
2290 4810 2411 4865 5-7.
2451 4813 2730 4881 Quoniam
2781 4813 3104 4884 iniquitates
3160 4828 3301 4871 mea
3357 4827 3721 4886 supergressa:

2063 4909 2193 4957 sunt
2219 4903 2383 4972 caput
2410 4915 2614 4972 meum,
2646 4905 2699 4958 et
2734 4903 2882 4959 sicut
2928 4918 3064 4959 onus
3092 4919 3258 4973 grave
3300 4906 3543 4974 gravatae
3587 4908 3718 4959 sunt

369 5073 392 5109 ⁸
422 5072 576 5131 Psal.
607 5089 800 5144 xxxsv,
835 5074 924 5130 13.
999 5074 1023 5108 ι
1051 5072 1204 5131 Psal.
1236 5089 1393 5142 cvm,
1424 5073 1514 5130 24.
1592 5073 1614 5108 ³
1640 5071 1799 5130 Psal.
1831 5089 1908 5141 c1,
1938 5073 1994 5145 5,
2025 5073 2082 5129 6.
2157 5073 2178 5108 ⁸
2207 5071 2362 5130 Psal.
2390 5089 2470 5144 v1,
2499 5073 2556 5131 7.

370 5247 476 5327 (ιε)
508 5245 657 5327 Editi
700 5247 757 5327 et
795 5260 942 5327 mss.
985 5237 1396 5327 παραλαϐόντα.
1426 5245 1538 5327 _Sed
1589 5260 1724 5327 cum
1775 5242 1944 5315 illud,

296 5312 704 5392 παγαλαϐόντα,
736 5317 873 5372 huic
905 5317 1028 5372 loco
1061 5312 1368 5373 convenire
1397 5319 1491 5373 vix
1521 5312 1947 5390 possit,emené

296 5392 396 5442 dat
426 5389 830 5442 Combeiisius.
857 5389 1116 5442 lenitaue
1145 5384 1514 5442 προλαϐόντα·
1549 5390 1720 5442 cuius
1752 5391 1945 5442 conie-

294 5387 397 5447 dat
426 5389 830 5457 Combeiisius,
857 5389 1116 5462 legitque
1145 5387 1720 5464 προλαϐόντα-ὀιῇυε
1752 5391 1945 5460 conje-

294 5467 544 5545 cturam,
579 5461 649 5545 si.
680 5461 764 5545 vel
826 5479 980 5545 unus
1041 5481 1150 5518 ms.
1195 5465 1429 5545 faveret,
1462 5463 1949 5545 amplecteremur

294 5535 450 5616 haud
485 5534 1137 5616 inviti.”Ita_edidi.mus,
1161 5537 1246 5592 uti
1268 5537 1489 5592 editum
1520 5536 1856 5591 invenimus
1886 5535 1945 5589 in

291 5606 744 5665 Commentariis
778 5606 1032 5661 Eusebii.

393 5681 480 5752 49)
512 5678 673 5752 Colb.
696 5677 935 5752 primus
967 5694 1100 5752 cu_m
1134 5679 1271 5752 Reg.
1306 5680 1585 5752 secundo,
1615 5675 1750 5733 νόει.

390 5748 480 5826 50)
511 5751 599 5810 Ita
643 5748 786 5810 editi
835 5764 972 5808 cum
1018 5748 1161 5824 Reg.
1193 5748 1424 5826 q‘uarto.
1469 5748 1585 5812 Alii
1629 5754 1751 5811 tres
1797 5760 1944 5810 mss.

2058 5241 2241 5300 αὐτόν.
2274 5247 2484 5326 Statim
2527 5247 2666 5321 Reg.
2715 5251 2923 5307 tertius
2977 5268 3110 5308 cum
3162 5252 3323 5309 Colb.
3374 5256 3558 5326 sexto,
3609 5271 3711 5308 πα-

2059 5315 2372 5392 ρεσταμένα.

2096 5393 2240 5517 d((151)
2264 5391 2357 5517 tItéi
2385 5390 2537 5480 ’Reg.
2575 5394 2890 5449 secundus.
2923 5395 3074 5450 Editi
3107 5413 3240 5452 cum
3291 5397 3513 5470 aliquot
3561 5413 3706 5453 mss.

2178 5480 2252 5517 un
2351 5483 2420 5517 ια.

2443 5537 2670 5624 tertius,
2719 5532 2960 5624 κολάσει.
3191 5539 3330 5624 Reg.
3359 5539 3702 5624 “secundus,

2057 5601 2576 5683 δι”έτέρωεῗλὸγων
2627 5601 2956 5666 ἐταπείνουν.
3007 5611 3228 5668 ibidem
3275 5601 3436 5670 colb.
3483 5601 3701 5679 sextus,

2055 5675 2106 5733 tv
2140 5677 2429 5749 νηστείαις.
