4154 6404
363 370 436 428 91
1313 367 1706 428 APPENDIX
1751 365 2080 429 OPERUM
2128 369 2194 427 S.
2242 365 2527 429 BASILlI
2575 367 2845 430 MAGNI.
3703 369 3782 428 93

365 514 532 570 super
571 515 678 554 me.
726 499 1072 555 Pulruerunt
1126 506 1176 555 et
1229 501 1501 570 corrupte
1556 506 1689 554 sunt
1737 498 2018 555 cicatrices

2131 495 2250 561 τίας
2310 517 2434 570 μου.
2494 497 2618 555 Ὀτι
2669 497 2724 552 αἱ
2781 494 3001 571 ἀνομίαι
3053 517 3156 573 μου
3217 495 3492 574 ύπερῆραν
3548 502 3648 568 τῆν
3696 520 3784 557 κε-

366 605 524 656 mear',
558 607 591 644 a
620 591 766 661 facie
797 591 1140 661 insipientia?
1178 603 1334 646 meae.
1369 587 1529 644 Miser
1573 591 1752 659 factus
1783 605 1927 655 sum,
1959 594 2015 644 et

364 687 622 736 curvatus
650 697 775 736 sum
803 696 974 752 usque
1012 680 1068 734 in
1113 680 1280 749 ﬁnem
1309 678 1494 734 valde.
1528 677 2012 750 Quandoquidem

365 770 466 835 ait,
501 769 624 826 hinc
674 787 708 825 a
756 786 848 825 me
890 773 1218 848 perpetrata
1261 773 1422 837 sunt,
1454 768 1526 824 ob
1558 767 1617 823 id
1653 768 1811 824 Miser
1837 772 2016 840 factus

363 876 508 923 sum,
533 864 586 915 et
613 864 872 915 curvatus
899 876 1014 914 sum
1051 875 1220 931 usque
1253 860 1315 913 in
1345 859 1534 929 ﬁnem,
1568 860 1617 913 et
1640 861 1748 913 tota
1777 857 1867 912 die
1894 874 2018 913 con-

361 951 614 1005 tristatus
643 948 1156 1021 ingrediebar.Jam
1179 965 1316 1008 vero
1340 965 1444 1020 per
1467 947 1589 1003 haec
1609 946 1868 1002 declarat
1888 964 2014 1018 quae

362 1055 574 1111 passus
599 1039 696 1108 sit,
721 1043 776 1095 et
797 1041 1095 1111 quomodo
1117 1039 1190 1094 de
1217 1038 1414 1110 seipse
1447 1054 1649 1110 pcenas
1671 1037 2011 1110 sumpserit,

363 1145 477 1184 non
510 1129 580 1184 de
624 1145 741 1184 uno
791 1134 1029 1200 peccato
1079 1145 1366 1185 accusans
1419 1144 1502 1197 se,
1536 1128 1637 1182 sed
1691 1127 1762 1181 de
1811 1125 2015 1182 multis

363 1218 698 1289 acervatim,
731 1219 923 1290 iisque
970 1217 1172 1288 tantis,
1208 1221 1273 1272 ut
1304 1233 1492 1289 neque
1522 1218 1677 1273 800
1721 1217 1882 1271 intus
1914 1217 2015 1271 ah-

362 1309 722 1364 scondantur
754 1309 813 1363 in
847 1308 1047 1364 anima
1093 1325 1222 1373 sua,
1247 1324 1435 1379 neque
1485 1307 1642 1362 intra
1689 1322 1900 1378 corpus
1931 1305 2015 1360 la-

357 1403 542 1465 teant,
574 1399 674 1454 sed
701 1398 895 1470 ipsum
917 1415 1302 1470 supergressa
1323 1401 1462 1464 sint,
1487 1398 1630 1452 adeo
1653 1401 1718 1452 ut
1738 1397 2014 1452 omnibus

351 1489 478 1560 jam
513 1493 653 1543 nota
684 1488 804 1544 sint
834 1504 899 1544 ao
921 1491 1244 1560 perspecta.
1273 1487 1458 1558 Igitur
1486 1489 1546 1542 in
1581 1486 1868 1559 principio
1901 1503 2016 1542 ser-

359 1577 576 1645 monis,
599 1576 723 1648 ipse
751 1576 843 1632 sui
875 1575 1066 1648 ipsius
1097 1580 1223 1631 erat
1245 1579 1584 1640 accusator;
1619 1575 1795 1646 idque
1817 1589 2012 1629 coram

357 1666 660 1734 omnibus,
693 1670 758 1721 ut
788 1664 848 1720 in
879 1665 1008 1738 ipso
1053 1665 1198 1721 illud
1253 1663 1473 1736 impleri
1526 1667 1727 1736 posset
1758 1679 1770 1719 :
1803 1663 2014 1718 Justus

360 1759 668 1812 accusator
691 1759 780 1811 est
809 1754 903 1810 sui
934 1754 1125 1826 ipsius
1144 1755 1186 1821 7,
1211 1753 1570 1825 praeveniens
1601 1769 2016 1826 quemcunque

359 1845 659 1901 hominem
677 1849 1102 1900 accusatorem.
1120 1845 1247 1915 Ipse
1265 1844 1502 1914 quidem
1517 1859 1646 1898 sese
1661 1843 2012 1898 condemna-

359 1935 461 2000 vit,
485 1935 586 1991 sed
637 1951 810 1990 omne
839 1933 1215 1989 inimicorum
1265 1951 1330 1989 os
1375 1931 1674 2005 oppilavit,
1696 1949 1831 1987 cum
1864 1931 2012 1987 nihil

360 2023 521 2080 aliud
541 2025 823 2080 adversus
840 2040 974 2080 sum
998 2023 1191 2080 dicere
1215 2028 1474 2096 possent.
1491 2024 1665 2080 Docet
1686 2028 1882 2078 autem
1907 2039 2012 2078 nos

359 2113 456 2169 hic
484 2130 699 2181 sermo,
728 2118 794 2168 ut
819 2129 890 2168 ne
921 2117 1123 2169 nostra
1153 2113 1416 2182 ipsorum
1440 2112 1597 2168 mala
1625 2113 1972 2183 obtegamus
1998 2129 2010 2166 :

360 2219 551 2276 neque
590 2207 828 2274 peccata
857 2207 1140 2274 tanquam
1189 2203 1557 2274 nigredinem
1599 2203 1920 2275 quamdam
1950 2219 2017 2257 ac

360 2293 734 2366 putredinem
766 2291 826 2348 in
871 2292 990 2349 imo
1040 2293 1249 2348 animai
1297 2308 1531 2348 recessu
1582 2292 2012 2360 contineamus,

361 2383 618 2438 cauterio
647 2386 849 2438 notam
880 2381 1249 2438 conscientias
1281 2381 1604 2438 inurentes.
1628 2382 2015 2446 Quemadmo-

360 2473 500 2528 dum
550 2471 612 2526 in
663 2470 945 2527 febribus.
979 2472 1048 2526 Et
1077 2488 1211 2527 vero
1243 2471 1442 2539 febris,
1475 2472 1616 2527 dum
1648 2471 1802 2527 intro
1849 2476 1907 2527 et
1954 2471 2014 2527 in

361 2559 752 2633 penitissimis
811 2561 1079 2633 partibus
1127 2561 1332 2632 serpit,
1367 2562 1638 2616 morbum
1687 2561 2014 2633 graviorem

361 2649 543 2705 efﬁcit
568 2665 581 2704 :
608 2649 658 2704 si
683 2665 819 2705 vero
850 2650 911 2704 in
934 2655 1198 2721 apertum
1231 2648 1445 2721 prodit,
1473 2667 1635 2720 spem
1669 2649 2015 2705 declinatio-

361 2739 456 2795 nis
486 2739 788 2794 ostendit:
823 2738 908 2794 sic
951 2743 1010 2794 et
1054 2738 1263 2794 animae
1311 2738 1611 2807 contingit.
1637 2737 1787 2802 Quin
1837 2739 2014 2794 etiam

365 2827 525 2886 aliud
559 2827 701 2900 quid
730 2832 1034 2900 expertum
1059 2845 1123 2884 se
1148 2827 1330 2884 fuisse
1351 2829 1520 2884 docet
1550 2828 1752 2894 David,
1777 2828 2014 2884 dicens:

363 2918 521 2974 Sicut
545 2933 688 2973 onus
715 2934 884 2989 grave
913 2921 1156 2986 gravata
1202 2921 1332 2974 sunt
1378 2935 1542 2989 super
1569 2934 1674 2974 me.
1709 2918 1855 2974 Nam
1890 2920 2019 2990 ejus

365 3007 626 3063 facinora
655 3007 979 3079 gravabant
1025 3007 1214 3079 ipsius
1263 3007 1707 3078 conscientiam,
1741 3008 1823 3064 ita
1853 3013 1919 3063 ut
1947 3007 2018 3063 ob

362 3096 546 3152 animi
599 3096 1050 3169 generositatem
1085 3113 1152 3153 ac
1181 3098 1519 3160 candorem.
1552 3097 1654 3152 illa
1702 3098 1852 3153 ferre
1901 3114 2016 3152 non

362 3189 581 3259 posset.
604 3185 712 3251 Qui
751 3185 909 3242 enim
949 3185 1291 3257 praefractus
1322 3190 1430 3254 est,
1463 3191 1521 3242 et
1551 3186 1889 3255 induratus,
1919 3204 2014 3242 se-

363 3276 620 3332 cundum
638 3274 917 3331 duritiam
943 3292 1134 3340 suam,
1147 3280 1204 3332 et
1223 3279 1298 3330 im
1309 3276 1598 3348 pmnitens
1614 3293 1738 3345 cor,
1753 3277 2020 3348 congerit

364 3365 475 3422 sibi
529 3365 658 3436 ipse
703 3366 852 3420 iram
881 3364 942 3420 in
975 3365 1068 3420 die
1114 3365 1215 3420 iraa
1233 3366 1277 3434 ⁸,
1298 3366 1514 3437 quippe
1563 3366 1664 3439 qui
1716 3371 2015 3437 peccatum

363 3457 604 3527 peccato
625 3453 929 3526 adjungat,
949 3471 1174 3526 suaque
1197 3455 1486 3528 adaugeat
1506 3455 1678 3511 mala.
1705 3456 1838 3511 Cum
1859 3456 2015 3511 enim

361 3546 580 3602 venerit
608 3547 856 3613 peccator
883 3544 941 3598 in
961 3543 1301 3615 profundum
1320 3546 1616 3614 malorum,
1642 3547 1948 3602 contemnit
1965 3546 2018 3600 σε

362 3638 588 3700 contra,
624 3632 712 3688 vir
741 3632 962 3704 probus
993 3633 1224 3689 etiamsi
1255 3633 1438 3689 semel
1469 3632 1785 3705 aliquando
1816 3634 2021 3707 lapsus

363 3723 541 3779 fuerit
568 3739 672 3795 per
700 3723 1021 3794 quamdam
1073 3722 1290 3778 diaboli
1340 3723 1802 3796 subreptionem,
1836 3725 2014 3780 maxi-

366 3828 605 3884 mopere
634 3815 911 3882 gravatur
949 3812 1077 3883 ejus
1127 3812 1504 3880 conscientia,
1539 3817 1604 3869 ut
1653 3830 1759 3870 nec
1810 3819 2022 3882 tacere,

366 3919 473 3958 nec
503 3917 679 3958 suum
726 3900 948 3957 malum
982 3900 1277 3958 occultare
1307 3900 1513 3959 valeat.
1546 3904 1630 3958 Ex
1675 3903 2024 3960 abundantia

368 3993 520 4049 enim
547 3989 727 4047 cordis
771 4007 830 4046 os
873 3990 1116 4062 loquitur
1139 3991 1201 4046 ιο.
1235 3991 1382 4048 Hinc
1429 4008 1563 4048 cum
1613 3991 1916 4050 silentium
1971 3993 2024 4048 ei

369 4080 809 4136 intolerandum
843 4085 1017 4150 esset,
1050 4097 1118 4136 ea
1144 4097 1271 4152 quas
1299 4079 1496 4152 ipsum
1528 4081 1894 4154 premebant,
1927 4099 2020 4154 pa-

369 4169 587 4232 tefecit,
619 4169 820 4226 dicens
849 4185 863 4224 ι
897 4170 1050 4225 Sicut
1074 4187 1216 4226 onus
1245 4186 1412 4239 grave
1437 4179 1674 4240 gravata
1700 4176 1830 4227 sunt
1857 4189 2025 4245 super

369 4278 480 4328 me,
512 4260 782 4317 videlicet
823 4260 1167 4334 iniquitates
1199 4278 1362 4317 mete.
1394 4262 1465 4316 Et
1507 4279 1716 4320 rursus
1747 4280 1760 4319 :
1787 4269 2022 4320 Patrue-

371 4355 507 4407 runt
532 4351 816 4407 cicatrices
862 4366 1006 4408 mea:
1051 4368 1086 4406 a
1130 4353 1276 4421 facie
1321 4353 1660 4423 insipientia
1684 4368 1845 4410 meae.
1877 4355 2022 4410 [nsi-

373 4439 658 4512 pientiam
716 4445 935 4506 autem,
967 4439 1345 4512 insipientem
1402 4442 1687 4498 actionem
1744 4443 1818 4498 ab
1874 4443 2024 4499 insi-

374 4527 598 4600 pientia
626 4533 814 4585 ortam
863 4529 1148 4585 nominat.
1179 4533 1364 4586 Omne
1393 4531 1550 4587 enim
1590 4537 1893 4604 peccatum
1924 4549 2028 4604 per

2135 586 2314 665 φαλήν
2378 608 2504 659 μου,
2563 586 2689 642 ὡσεὶ
2774 588 2994 666 φορτίον
3079 587 3214 664 βαρὺ
3271 584 3638 664 ἐϐαρύνθησαν
3695 589 3778 646 ἐπ’

2131 676 2247 749 ἐμέ.
2302 676 2652 752 Προσώζεσαν
2710 677 2801 732 καὶ
2861 676 3132 749 έσάπησσν
3206 679 3256 734 οὶ
3318 678 3592 752 μώλωπές
3647 701 3774 753 μου,

2125 769 2230 822 ἀπὸ
2316 774 2613 843 προσώπου
2688 775 2787 837 τῆς
2864 768 3172 845 ἀφροσύνης
3245 791 3369 842 μου.
3431 766 3774 827 Ἑταλαιπώ-

2127 876 2287 930 ρησα,
2347 856 2437 912 καὶ
2514 858 2898 935 κατεκάμφθην
2975 856 3076 921 ἕως
3131 856 3324 922 τέλους
3380 856 3590 935 σφόδρα
3642 863 3775 933 (53).

2126 944 2350 1016 Ἐπειδὴ
2382 943 2510 1002 τάδε
2561 969 2678 1020 μοι,
2734 949 2890 1022 φησὶ,
2941 947 3267 1023 πέπρακται,
3313 947 3404 1005 διὰ
3430 953 3591 1004 τοῦτο
3621 951 3776 1008 Ἐτα-

2128 1034 2478 1112 λαιπώρπσα,
2555 1038 2644 1091 καὶ
2727 1039 3114 1116 κατεκάμφθην
3201 1036 3304 1102 ἕως
3391 1038 3606 1110 τέλους,
3687 1041 3778 1096 καὶ

2125 1124 2262 1196 ὅλην
2312 1128 2411 1194 τὴν
2487 1127 2696 1201 ἡμέραν
2781 1127 3184 1203 σκυθρωπάζων
3261 1127 3628 1203 ἐπορευόμην.
3682 1129 3781 1185 Διὰ

2124 1217 2330 1270 τούτων
2387 1213 2443 1269 δὶ
2502 1216 2824 1290 παρίστησιν
2887 1217 2919 1270 ἃ
2975 1218 3231 1286 πέπονθε,
3264 1217 3354 1273 καὶ
3406 1218 3555 1280 ὅπως
3589 1220 3777 1274 ἑαυτὸν

2127 1305 2472 1378 ἐτιμωρεῖτο,
2534 1305 2596 1360 ού
2661 1306 2782 1378 μίαν
2863 1307 3033 1378 έαττῷ
3097 1312 3420 1383 κατηγορῶν
3487 1307 3776 1382 ἁμαρτίαν,

2127 1393 2251 1450 ἀλλ’
2296 1395 2504 1464 ἀθρόως
2549 1393 2785 1468 πολλὰς,
2811 1395 2900 1451 καὶ
2951 1395 3237 1466 τοσαύτας,
3298 1398 3374 1459 ὡς
3435 1397 3576 1471 μηδὲ
3625 1395 3776 1454 ἔνδον

2126 1485 2451 1560 κρύπτεσθαι
2485 1483 2535 1538 ἐν
2598 1489 2665 1558 τῇ
2699 1486 2890 1540 ἑαυτοῦ
2950 1487 3123 1560 ψυχῇ,
3179 1484 3340 1559 μηδὲ,
3375 1485 3502 1542 εἷ’σω
3547 1491 3644 1543 τοῦ
3678 1488 3779 1542 σώ-

2131 1596 2300 1648 ματος
2361 1572 2666 1646 λανθάνειν,
2718 1573 2844 1630 ἀλλ’
2923 1570 3350 1651 ὑπερϐεϐηκέναι
3410 1576 3573 1631 αὐτοῦ
3641 1579 3775 1650 (54),

2129 1663 2267 1720 ὥστε
2323 1663 2413 1718 καὶ
2471 1669 2630 1718 πᾶσιν
2689 1663 2852 1726 αύτάς
2909 1664 3286 1739 γνωρίζεσθαι.
3336 1666 3509 1728 Αὐτὸς
3548 1670 3677 1740 γοῦν
3709 1666 3776 1736 ἦν

2124 1756 2427 1829 κατήγορος
2459 1754 2650 1809 ὶαυτοῦ
2706 1754 2758 1808 ἐν
2803 1753 3174 1830 πρωτολογίᾳ,
3207 1755 3296 1809 καὶ
3345 1755 3491 1830 παρὰ
3529 1761 3644 1818 τοῖς
3672 1761 3775 1810 πᾶ-

2127 1866 2231 1911 σιν,
2260 1844 2334 1906 ὡς
2368 1841 2426 1898 ἄν
2475 1842 2798 1918 πληρωθείη
2833 1842 2918 1898 ἃπ¹
2976 1843 3140 1915 αὐτῷ·
3176 1842 3392 1906 Δίκαιος
3433 1845 3624 1900 ἑαυτοῦ
3655 1865 3778 1900 κατα

2126 1936 2350 2010 ήγορος,
2393 1935 2606 2010 φθάνων
2657 1935 2827 1987 πάντα
2885 1930 3163 2005 ἄνθρωπον
3211 1936 3544 2009 κασηγορον.
3603 1932 3777 1996 Αὐτὸς

2129 2025 2223 2097 μὲν
2287 2024 2472 2078 ἑαυτὸν
2516 2021 2813 2096 κατέκρινε,
2874 2028 2976 2076 πᾶν
3061 2020 3119 2077 δὲ
3185 2023 3402 2098 ὶχθρῶν
3474 2021 3779 2101 ἀπέφραττε

2125 2113 2322 2185 στόμα,
2381 2115 2456 2185 μή
2519 2109 2760 2187 ἐχόντων
2818 2108 2998 2185 ἕτερόν
3058 2133 3109 2167 τι
3167 2114 3284 2168 κατ’
3342 2113 3505 2168 αύτοῖι
3569 2110 3773 2187 λέγειν.

2126 2200 2374 2259 Διδάσκει
2433 2199 2490 2257 δὶ
2519 2204 2666 2273 ἡμᾶς
2717 2203 2745 2256 6
2799 2201 2962 2277 Λόγος
3021 2203 3095 2275 μὴ
3159 2202 3412 2278 κρύπτειν
3459 2201 3526 2258 τὰ
3573 2201 3775 2257 δαυτῶν

2124 2292 2282 2360 κακὰ,
2340 2289 2501 2365 μηδὲ,
2558 2292 2738 2366 ὥσπερ
2793 2291 2914 2345 τινὰ
2961 2289 3218 2363 μελανίαν
3277 2291 3367 2346 καὶ
3421 2294 3607 2365 σῆψιν,
3641 2292 3778 2347 κατᾶ

2129 2384 2327 2459 βάθους
2387 2388 2487 2451 τῆς
2563 2383 2746 2456 ψυχῆς
2798 2381 3044 2456 συνέχειν
3099 2382 3167 2436 τὰ
3225 2382 3613 2457 ἁμαρτήματα,
3667 2383 3769 2452 τὴν

2126 2469 2429 2542 συνείδησιν
2489 2471 3040 2544 καυτηριαζομένους.
3100 2473 3300 2545 Ὥσπερ
3361 2470 3449 2525 ἐπὶ
3508 2475 3615 2526 τῶν
3669 2492 3769 2526 πυ-

2128 2567 2317 2639 ρετῶν,
2351 2559 2479 2615 εἷ’σω
2515 2560 2609 2631 μέν
2659 2560 2748 2613 καὶ
2797 2561 2933 2614 κατὰ
2981 2559 3179 2634 βάθους
3235 2565 3434 2636 χωρῶν
3464 2561 3492 2615 6
3518 2561 3771 2636 πυρετὸς,

2131 2652 2348 2726 μείζονα
2402 2651 2499 2718 τήν
2547 2649 2704 2704 νόσον
2737 2647 3034 2724 ἐργάζεται,
3120 2650 3400 2724 προκόψας
3484 2647 3542 2705 δὶ
3599 2648 3774 2723 τούμ-

2127 2741 2310 2820 φανὶς,
2371 2736 2564 2794 ἐλπίδα
2612 2745 2906 2814 παρακμῆς
2984 2739 3282 2816 ὑποφαίνει·
3343 2738 3486 2794 οὕτω
3540 2739 3628 2795 καὶ
3687 2738 3774 2794 ἐπὶ

2126 2838 2225 2900 τῆς
2257 2831 2442 2904 ψυχῆς
2501 2827 2558 2882 ἄν
2590 2831 2823 2904 γίνοιτο.
2885 2828 2983 2882 Καὶ
3013 2826 3153 2884 ἄλλο
3187 2825 3243 2884 δέ
3285 2850 3337 2884 τι
3384 2825 3620 2884 διδάσκει
3648 2827 3772 2902 περὶ

2129 2919 2314 2975 ἑαυτὸν
2403 2918 2627 2992 γεγονὸς
2705 2919 2733 2972 6
2818 2913 3011 2985 Aa6i8,
3068 2915 3264 2992 λέγων’
3331 2919 3472 2973 Ὥσεὶ
3551 2918 3772 2997 φορτίον

2134 3010 2270 3084 βαρὺ
2332 3003 2699 3082 ἰϐαρύνθησαν
2757 3005 2838 3061 ἐπ’
2898 3005 3012 3079 ἐμέ.
3069 3003 3283 3084 Έὸάρει
3328 3008 3433 3083 γὰρ
3482 3008 3647 3062 αὐτοῦ
3675 3006 3774 3075 τὴν

2127 3096 2431 3167 συνείδησιν
2484 3098 2551 3152 τὰ
2587 3093 2974 3169 τετολμημένα
3030 3097 3202 3170 αὐτῷ,
3255 3098 3330 3160 ὡς
3391 3099 3467 3171 μὴ
3524 3094 3778 3152 δύνασθαι

2135 3188 2414 3264 βαστάζειν
2470 3185 2604 3241 αὐτὰ
2652 3183 2722 3240 δι’
2779 3184 3042 3260 εὐγένειαν
3090 3186 3179 3242 καὶ
3230 3185 3646 3260 εὐγνωμοσύνην
3677 3188 3777 3259 ψυ-

2131 3285 2264 3353 χῆς.
2315 3277 2374 3334 Ὀ
2432 3276 2524 3349 μὲν
2580 3275 2683 3350 γὰρ
2742 3274 3056 3347 ἀτεράμνων
3116 3274 3205 3330 καὶ
3235 3275 3610 3352 ἀπόσκληρος,
3643 3276 3781 3330 κατά

2124 3368 2223 3434 τήν
2257 3363 2612 3440 σκληρότητα
2660 3365 2851 3419 ἑαυτοῦ
2897 3368 3010 3437 (55)
3068 3364 3158 3419 καὶ
3217 3365 3585 3437 ἀμετανόητον
3645 3384 3775 3436 καρ-

2129 3453 2265 3526 δίαν,
2300 3453 2611 3529 θησαυρίζει
2644 3454 2816 3526 ἒαυτῷ
2867 3453 3037 3527 ὀργὴν
3094 3452 3145 3508 ἐν
3197 3454 3378 3526 ἡμέρᾳ
3435 3452 3624 3527 ὀργῆς,
3661 3449 3776 3505 ἑπι-

2129 3545 2416 3617 σπώμενος
2477 3542 2742 3619 ἁμαρτίαν
2803 3541 2885 3620 ἐφ’
2914 3543 3206 3617 ἁμαρτίας,
3260 3537 3431 3614 αὔξων
3474 3541 3542 3596 τὰ
3585 3540 3776 3595 ἑαυτοῦ

2129 3635 2284 3690 κακά·
2371 3635 2532 3690 Ὀταν
2619 3632 2720 3708 γὰρ
2824 3628 2958 3707 ἔλθῃ
3047 3629 3374 3706 ἁμαρτωλὸς
3446 3629 3524 3692 εἷς
3614 3629 3775 3705 βάθος

2130 3729 2331 3791 κακῶν,
2389 3728 2732 3802 καταφρονεῖ’
2785 3724 2814 3778 ὁ
2875 3723 2929 3777 -ὶ
2999 3720 3318 3798 εύγνὼμων,
3376 3719 3421 3776 εί
3490 3719 3579 3775 καὶ
3639 3719 3774 3789 ἅπαξ

2129 3815 2261 3870 ποτὶ
2293 3811 2600 3882 ὀλισθήσειε
2629 3812 2766 3867 κατά
2793 3832 2909 3866 τινα
2965 3814 3061 3865 τοῦ
3113 3805 3376 3865 διαϐόλου
3408 3808 3776 3884 ωναρπάγήν,

2131 3903 2318 3968 δεινῶς
2377 3903 2617 3978 βαρεῖται
2676 3903 2776 3970 τὴν
2865 3897 3190 3971 συνείδησιν,
3249 3899 3324 3962 ὡς
3385 3899 3462 3972 μή
3523 3895 3780 3958 δύνασθας

2131 3998 2308 4069 σιγᾷν,
2345 3989 2484 4066 μηδὲ
2540 3988 2796 4065 κρύπτειν
2850 3989 2912 4045 τὸ
2969 3990 3158 4044 ἑαυτοῦ
3207 3988 3404 4044 κακόν.
3448 3989 3544 4043 Ἐκ
3591 4006 3777 4059 περισ-

2133 4084 2398 4156 σεύματος
2454 4085 2582 4157 γοῦν
2637 4076 2861 4155 καρδίας
2908 4079 2970 4134 τὸ
3025 4080 3202 4151 στόμα
3258 4075 3438 4133 Ααλεῖ.
3487 4077 3643 4133 Ὅθεν
3700 4075 3774 4148 μή

2133 4174 2307 4252 φέρων
2344 4174 2570 4240 σιωπᾷν,
2619 4169 2840 4246 ἐξέφηνε
2892 4168 2959 4252 τὰ
3014 4167 3311 4242 συνέχοντα
3359 4166 3544 4234 αὐτὸν,
3578 4163 3774 4252 λέγων·

2131 4250 2272 4318 Ὦσεὶ
2332 4259 2556 4339 φορτίον
2626 4256 2762 4334 βαρὺ
2849 4251 3218 4332 έὸαρύνθησαν
3293 4255 3378 4311 ἐπ’
3433 4254 3550 4329 ἰμὲ·
3611 4250 3781 4322 δῆλον

2135 4352 2212 4420 δὲ,
2247 4351 2330 4406 ὅτι
2381 4351 2435 4404 αἱ
2481 4348 2703 4421 ἀνομίαι
2759 4368 2883 4420 μου.
2945 4345 3041 4400 Καὶ
3098 4342 3288 4400 πάλιν⁹
3336 4345 3687 4418 Προσώζεσαν
3729 4341 3780 4396 οἱ

2138 4439 2413 4516 μώλωπές
2475 4459 2579 4512 μου
2637 4437 2743 4492 ἀπὸ
2792 4435 3090 4512 προσώπου
3137 4441 3237 4504 τῆς
3294 4434 3600 4512 ἀφροσύνης
3653 4453 3778 4506 μου.

2136 4528 2476 4607 Ἀφροσύνην
2538 4524 2595 4582 δὲ
2681 4525 2937 4599 ὀνομάζει
2993 4524 3091 4593 τὴν
3173 4522 3382 4601 ἄφρονα
3460 4523 3650 4596 πρᾶξιν
3729 4519 3779 4593 ιε

375 4617 780 4688 insipientiam
811 4619 1170 4690 admittitur;
1197 4619 1382 4677 virtus
1404 4624 1601 4677 autem
1631 4638 1765 4678 cum
1797 4622 1876 4679 sit
1900 4622 2018 4695 ipss

2138 4617 2448 4698 ἀφροσύνης
2507 4615 2827 4691 γενομένην.
2918 4617 3029 4672 Πᾶν
3100 4613 3202 4688 γὰρ
3272 4613 3573 4687 ἁμάρτημα
3648 4610 3783 4665 κατά

377 4707 711 4780 prudentia,
737 4725 1102 4781 quaecunque
1131 4711 1457 4767 secundum
1487 4711 1676 4784 ipsam
1713 4712 1880 4779 fiunt,
1905 4711 2027 4768 haac

373 4795 547 4854 laude
592 4814 659 4855 ac
687 4797 906 4854 virtute
947 4798 1124 4871 digna
1175 4799 1450 4856 declarat.
1473 4801 1579 4856 Sed
1613 4806 1671 4857 et
1700 4818 1768 4857 ea
1798 4818 1930 4873 qum
1960 4818 2030 4857 ex

375 4888 688 4958 prudentia
730 4889 902 4956 ﬁunt,
943 4887 1183 4960 pariunt
1230 4889 1438 4944 animas
1487 4889 1835 4946 sanitatem:
1881 4890 2030 4945 insi-

373 4977 594 5046 pientia
614 4995 748 5034 vero
777 4977 1023 5034 vulnera
1054 4995 1120 5034 ac
1151 4979 1370 5035 vibices
1400 4979 1596 5035 infert.
1619 4979 1727 5046 Qui
1757 4980 1939 5052 igitur
1968 4981 2028 5034 in

373 5067 628 5137 peccatis
673 5072 1068 5140 perseverant,
1100 5069 1476 5141 gaudentque
1506 5070 1567 5125 in
1611 5068 1761 5142 ipsis
1789 5074 1848 5126 et
1876 5068 2030 5127 dele-

2139 4706 2446 4788 ἀφροσύνην
2504 4705 2728 4783 γίνεται·
2763 4705 2926 4783 ἀρετή
2989 4701 3045 4760 δὶ
3077 4701 3210 4758 οὖσα
3257 4705 3292 4772 ἡ
3343 4700 3618 4780 φρόνησις.
3651 4701 3783 4755 πάν-

2136 4821 2201 4855 τα
2229 4799 2297 4854 τὰ
2345 4797 2462 4852 καθ’
2522 4796 2714 4864 ἑαυτὴν
2775 4794 3122 4872 πραττόμενα
3176 4790 3397 4848 ἐπαίνου
3448 4789 3536 4846 καὶ
3585 4789 3780 4867 ἀρετῆς

2140 4886 2257 4959 ἄξια
2315 4886 2622 4964 ἀποφαίνει.
2657 4883 2831 4942 Ἀλλὰ
2854 4883 2944 4938 καὶ
2973 4882 3152 4956 ὑγείας
3186 4880 3294 4937 έστὶ
3326 4884 3394 4954 τῇ
3421 4882 3575 4954 ψυχῇ
3616 4899 3780 4949 ποιη-

2138 4977 2262 5033 τικὰ
2308 4977 2376 5032 τὰ
2422 4976 2557 5030 κατὰ
2604 4973 2864 5053 φρόνησιν
2949 4971 3224 5048 γινόμενα·
3298 4971 3333 5038 ἡ
3395 4966 3452 5023 δὶ
3505 4966 3778 5046 ἀφροσύνη

2139 5065 2426 5145 τραύματα
2479 5062 2570 5120 καὶ
2623 5062 2908 5138 μώλωπας
2965 5057 3344 5136 ἀπεργάζεται.
3420 5057 3489 5115 Οἱ
3544 5056 3641 5130 μὶν
3692 5053 3784 5113 οὖν

446 5236 466 5272 ⁷
497 5235 664 5292 Prov.
690 5253 851 5306 xvm,
885 5240 972 5294 17.
1049 5241 1069 5274 ⁸
1100 5239 1266 5295 Rom.
1303 5256 1367 5308 ιι,
1396 5240 1457 5294 5.
1533 5241 1553 5277 ⁸
1581 5244 1748 5298 Prov.
1782 5259 1942 5316 xvm,
1974 5244 2018 5300 3.

2131 5245 2152 5280 °
2180 5239 2386 5302 Matth.
2418 5257 2520 5314 xu,
2549 5239 2640 5302 34.

447 5407 561 5478 (53)
593 5407 677 5464 Ita
699 5408 1011 5488 qolbertini
1037 5413 1277 5488 primus
1299 5415 1354 5467 et
1385 5416 1584 5488 sextus
1613 5414 1840 5488 etReg.
1865 5417 2032 5488 quin-

373 5483 473 5563 tus
504 5496 639 5535 eum
671 5481 927 5563 editione
957 5480 1133 5540 Basil.
1154 5486 1226 5563 AAt
1247 5485 1410 5563 deest
1433 5480 1646 5563 σφόδρα
1677 5486 1737 5542 in
1770 5480 1944 5546 evditis
1975 5493 2032 5546 et

377 5553 438 5606 in
462 5559 722 5628 _un_o_aut
751 5553 932 5612 altero
965 5573 1078 5612 ms.
1111 5561 1168 5612 et
1186 5558 1349 5628 apud
1386 5553 1544 5613 LXX.

451 5625 562 5704 (5ft)
597 5625 1085 5704 Itegtsecundus,
1136 5625 1321 5704 αύτᾶς.
1375 5629 1505 5704 Mox
1555 5634 1810 5704 quatuor
1857 5650 2027 5704 mss.,

378 5693 525 5770 παρὰ
546 5693 861 5760 ’τοῖς’π“ἀσιν
903 5693 1110 5756 ἑαυτόν.
1142 5700 1265 5758 Vox
1305 5698 1488 5755 ἔαυτόν
1537 5693 1741 5762 ἀὶθεεο
1791 5693 2029 5778 quidem

2139 5417 2233 5474 hic
2265 5416 2488 5501 aliquid
2516 5421 2672 5501 certo
2714 5417 2983 5501 indicat:
3018 5415 3119 5472 sed
3154 5414 3295 5486 quid
3347 5415 3520 5489 desit,
3552 5434 3687 5475 cum
3719 5434 3790 5476 ex

2139 5488 2464 5574 mssl‘ni‘hil
2497 5491 2865 5574 adiuvamur",
2898 5488 3090 5574 dicere
3123 5504 3239 5574 non
3272 5488 3608 5574 ppssumus.

2211 5559 2760 5652 (55)'Reg.ntértius,
2794 5559 2980 5652 αὐτοῦ.
3013 5560 3226 5652 Statim
3271 5559 3425 5652 idem
3476 5563 3675 5652 cades,
3690 5559 3791 5652 ἐφ’

2139 5629 2474 5709 ἁμαρτίαιςῗ
2502 5635 2765 5692 Subinde
2817 5639 2940 5692 tres
2987 5650 3130 5691 mss.
3181 5629 3256 5695 εἰς
3308 5633 3469 5709 βάθη.
3501 5629 3786 5709 Εᾰὶιῖβά-

2139 5714 2252 5770 θος.
