4154 6386
283 445 362 505 93

1377 423 1711 488 HOMILIA
1754 420 1835 481 IN
1880 411 2257 478 PSALMUM
2305 409 2605 472 XXXVII.

3624 389 3705 453 94

280 573 367 630 ἐπὶ
425 575 543 634 τοῖς
604 566 993 644 ἁμαρτήμασιν
1056 560 1400 636 ἐπιμένοντες
1432 602 1446 627 ,
1505 553 1792 632 χαίροντες
1852 551 1937 606 ἐπ’

2074 549 2303 615 :tantur,
2313 543 2508 618 porcis
2523 557 2647 598 sese
2673 539 2735 596 in
2756 537 2881 594 luto
2899 529 3377 610 provolventibus
3401 529 3543 584 sunt
3561 541 3707 582 con-

2085 638 2095 644 .
2169 636 2202 644 ..
2436 633 2448 644 .
2817 628 2826 644 I
2863 627 2876 644 I
2940 642 3068 644 ,,,-_
3126 625 3319 644 ..Α-ι-..
3390 618 3455 644 -A
3521 632 3582 644 ..Α
3617 630 3676 644 ..Α

281 665 469 726 αὐτοῖς
515 659 604 716 καὶ
644 639 991 730 ’ὲ-ιηδόμενοι,
1052 650 1266 728 χοίροις
1315 646 1550 703 ἐοίκασιν
1611 639 1933 721 ἐγκυλιομὲ-

281 773 399 814 νοις
461 744 762 826 βορϐόρῳ·
821 745 848 798 6
905 741 961 797 δὲ
1020 741 1094 803 εἷς
1150 740 1285 809 ἅπαξ
1344 736 1679 806 ὀλισθήσας,

284 834 567 897 ἀναλαϐὼν
631 835 838 901 ἑαυτὸν,
874 831 963 887 καὶ
1018 831 1130 903 (56)
1158 829 1257 897 τὴν
1322 825 1517 900 μιαρὰν
1551 822 1757 892 ἐκείνην
1796 825 1937 895 πρᾶ-

283 932 360 1004 ξιν
396 928 471 990 ὡς
505 923 720 994 δυσώδη
765 921 853 978 καὶ
905 921 1203 994 ἀκάθαρτον
1255 914 1628 993 βδελύσσεται.
1678 908 1939 967 Τοιοῦτόν

280 1001 332 1074 τι
365 1015 649 1080 πεπονθὼς
702 1014 730 1069 ὁ
781 1006 969 1083 Δαϐὶδ,
1004 1009 1107 1065 ὑπὸ
1141 1008 1538 1077 συναισθήσεως
1574 1003 1764 1078 ὑγιοῦς
1797 1001 1939 1073 ’ὀμο-

283 1107 480 1184 λογεῖ,
536 1103 714 1180 λέγων
750 1122 762 1136 ·
818 1098 1170 1176 Προσώζεσαν
1230 1097 1320 1152 καὶ
1382 1093 1652 1162 ἐσάπησαν
1710 1091 1761 1145 ο¹ι
1825 1089 1940 1162 μώ-

285 1198 464 1260 λωπές
542 1216 645 1269 μου
724 1192 830 1247 ἀπὸ
906 1190 1206 1266 προσώπου
1277 1192 1379 1256 τῆς
1448 1181 1756 1262 ἀφροσύνης
1813 1200 1936 1253 μου.

282 1285 431 1344 Ἐπεὶ
485 1285 667 1341 τοίνυν
730 1281 1110 1357 ὑπερήρθησαν
1173 1277 1228 1331 αἱ
1286 1273 1501 1346 ἀνομίαι
1538 1293 1640 1346 μου
1699 1269 1941 1340 πληθυν-

283 1379 507 1445 θεῖσαι,
582 1373 671 1430 καὶ
746 1374 847 1440 τῆς
905 1367 1148 1447 κεφαλῆς
1205 1365 1448 1440 ἀνώτερα
1504 1360 1768 1438 γενόμενα
1827 1359 1940 1431 (57)

283 1461 651 1541 ἐϐαρύνθησαν
713 1460 795 1515 ἐπ’
853 1458 970 1534 ἐμὲ,
1002 1458 1090 1512 καὶ
1127 1455 1474 1531 προσώζεσαν
1507 1452 1596 1506 καὶ
1644 1448 1938 1519 ἐσάπησανο

282 1554 486 1610 τούτου
541 1553 702 1626 χάριν
763 1548 1026 1621 ἰατρεύων
1087 1545 1320 1620 ἐμαυτὸν
1357 1591 1370 1618 ,
1429 1538 1939 1614 Ἐνταλαιπώρησα,

285 1644 376 1700 καὶ
433 1643 816 1720 κατεκάμφθην
876 1635 980 1700 ἕως
1036 1636 1248 1692 τὲλους’
1312 1632 1403 1689 καὶ
1461 1629 1586 1687 οὐδὲ
1642 1630 1777 1704 πρὸς
1814 1627 1939 1701 μίαν

287 1733 538 1809 ἡμέραν,
593 1729 717 1788 οὑδὲ
775 1731 908 1806 πρὸς
975 1730 1236 1806 βραχεῖαν
1295 1724 1484 1800 ὥραν,
1560 1721 1706 1778 ἀλλᾶ
1762 1724 1940 1775 Πᾶσαν

286 1808 496 1899 ἡμέραν
577 1822 984 1895 σκυθρωπάζων
1062 1814 1428 1894 ἐπορευόμην,
1507 1813 1568 1884 ἢ,
1640 1809 1776 1865 κατᾶ
1849 1808 1939 1863 τὸν

2050 636 2313 694 similes:
2350 633 2452 706 qui
2483 649 2616 688 vero
2649 628 2831 686 semel
2863 627 3090 698 lapsus,
3126 625 3328 694 postea
3389 618 3458 672 ad
3521 632 3583 671 se
3616 630 3708 670 re-

1753 730 1940 786 ἔπειτα
2046 742 2253 784 versus
2285 724 2518 794 est,jam
2547 719 2876 791 improbam
2900 714 3060 770 illam
3083 711 3372 767 actionem
3389 703 3707 761 utfetidam

2049 821 2106 873 et
2132 792 2424 887 impuram
2461 809 2858 867 abominetur.
2891 803 3026 859 Tale
3057 801 3198 874 quid
3248 812 3462 871 passus
3501 792 3708 860 David,

2051 924 2121 964 ex
2152 922 2297 962 sana
2328 901 2688 958 conscientia
2718 898 3052 959 confitetur,
3083 892 3285 947 diccus
3311 906 3324 945 :
3367 888 3710 944 Putruerunt

2050 1006 2101 1054 et
2129 1004 2405 1067 corruptae
2434 994 2562 1048 sunt
2586 990 2868 1047 cicatrices
2890 999 3029 1042 mea?
3077 999 3112 1038 a
3166 981 3310 1054 facie
3365 976 3712 1048 insipientia

2050 1103 2208 1145 meae.
2239 1065 2384 1142 Gum
2417 1083 2596 1156 igitur
2618 1074 3121 1148 meaeiniquitates
3150 1065 3574 1140 multiplicatis,
3607 1081 3708 1120 su-

2052 1193 2373 1250 pergressa
2405 1173 2544 1240 sint,
2578 1188 2644 1228 ac
2669 1169 2860 1241 capite
2891 1163 3222 1237 superiores
3255 1161 3439 1226 factas,
3464 1159 3710 1230 gravatas

2054 1248 2186 1322 sint
2207 1283 2386 1338 super
2417 1279 2530 1332 me,
2565 1267 2620 1318 et
2651 1257 2988 1333 putruerint
3004 1259 3061 1310 et
3090 1254 3374 1322 corruptae
3389 1248 3546 1304 sint:
3574 1262 3712 1317 pro-

2053 1361 2254 1430 pterea
2284 1356 2526 1411 medens
2558 1352 2703 1408 mihi
2733 1347 2869 1421 ipsi,
2902 1345 3064 1402 Miser
3085 1345 3263 1414 factus
3292 1357 3434 1408 sum,
3483 1340 3539 1393 et
3586 1351 3712 1390 cur-

2051 1429 2208 1502 catus
2239 1462 2365 1502 sum
2389 1460 2557 1516 usque
2590 1444 2650 1496 in
2683 1441 2866 1496 finem.
2897 1440 3092 1506 Atque
3141 1446 3332 1502 neque
3390 1429 3462 1483 ad
3527 1440 3713 1481 unum

2054 1537 2232 1603 diem,
2268 1551 2456 1607 neque
2487 1533 2557 1588 ad
2591 1533 2822 1586 brevem
2855 1527 3084 1591 horam,
3119 1522 3219 1577 sed
3254 1519 3417 1575 Omni
3445 1518 3536 1573 die
3584 1530 3712 1571 con-

2053 1630 2302 1684 tristatus
2332 1605 2702 1696 ingrediebar.
2741 1624 2854 1674 Aut
2877 1620 3048 1690 juxta
3093 1610 3534 1687 Symmachum,
3595 1605 3712 1661 Tri-

2053 1722 2149 1778 stis
2179 1716 2606 1776 abambulubam
2634 1712 2849 1784 quippe
2881 1709 2982 1781 qui
3012 1707 3170 1761 circa
3215 1720 3284 1758 ea
3343 1717 3472 1774 quae
3531 1715 3565 1754 a
3621 1711 3717 1751 me

2056 1817 2291 1886 patrata
2321 1811 2480 1874 sunt,
2514 1823 2627 1862 non
2685 1818 2876 1858 essem
2937 1798 3300 1863 indifferens,
3361 1807 3465 1847 nec
3525 1788 3716 1845 elatus

291 1881 623 1988 i‘udpaxov,
685 1881 1010 1986 σκυθρωπὸς
1062 1881 1442 1981 περιιεπάτοὺφ
1480 1881 1579 1957 οὑκ
1633 1898 1939 1977 ἀδιαφορῶν

2074 1919 2246 1960 assem
2280 1904 2345 1957 ut
2375 1899 2812 1970 rex,propterea
2828 1891 2981 1964 quod
3007 1886 3194 1961 judici
3213 1881 3716 1947 nullisubessem;

2351 1989 2365 1997 .
2427 1993 2435 1997 .
2628 1985 2662 1997 ,ο
2965 1984 2975 1997 ι
3015 1983 3167 1997 ιμ--η
3224 1971 3690 1997 ἐμΔε-..-ιζΑ-ηηνι

292 2003 380 2058 ἐπὶ
410 1987 947 2076 τῶνγπεπραγμίνων
983 2019 1098 2072 μοι,
1133 1993 1245 2051 οὐδ’
1286 1997 1374 2048 οἷα
1428 1990 1681 2068 βασιλεὺς
1735 1987 1950 2064 ἰπαιρόσ

308 2113 486 2167 μενος,
522 2089 609 2146 διὰ
637 2091 700 2146 τὸ
731 2086 924 2164 μηδΛεὶ
954 2090 1113 2164 κριτῇ
1149 2085 1482 2140 ὑποκεῖσθαι·
1517 2078 1605 2136 διὰ
1654 2077 1710 2134 δὲ
1738 2079 1828 2134 τὸν
1859 2077 1949 2132 σὸν

302 2177 470 2261 φόϐον
501 2180 589 2236 καὶ
618 2182 718 2250 τὴν
753 2179 849 2247 σήν
879 2171 1240 2253 ἐμϐρίμησιν,
1273 2172 1411 2244 ὅλην
1439 2173 1538 2241 τὴν
1581 2171 1791 2246 ἡμὲραν
1825 2189 1952 2223 σκυ-

301 2271 599 2346 θρωπάζων
633 2266 995 2344 ἐπορευόμην.

374 2362 426 2417 4.
485 2364 601 2413 Ὀτι
654 2359 708 2413 αἱ
779 2356 908 2431 ψόαι
965 2377 1070 2430 μου
1129 2352 1480 2424 ἐπλήσθησαν
1539 2349 1954 2426 ἐμπαιγμάτων,

300 2448 391 2504 καὶ
441 2447 540 2503 οὑκ
587 2441 728 2502 ἔστιν
772 2444 913 2508 ἴάσις
980 2445 1032 2499 ἐν
1087 2448 1154 2518 τῇ
1217 2441 1372 2516 σαρκί
1429 2462 1532 2514 μου
1565 2485 1576 2495 .
1638 2439 1952 2506 Ἐκακώθην

301 2537 393 2594 καὶ
462 2537 825 2606 ἐταπεινώθην
883 2533 990 2597 ἕως
1047 2530 1292 2610 σφόδρα,
1353 2530 1614 2604 ὠρυόμην
1671 2527 1776 2583 ἀπὸ
1841 2547 1958 2582 στε-

300 2631 512 2702 ναγμοῦ
587 2633 687 2695 τῆς
763 2621 986 2696 καρδίας
1067 2644 1209 2696 μου.
1288 2619 1468 2694 Κύριε,
1544 2617 1781 2674 ἐναντίον
1862 2638 1957 2671 σου

302 2720 446 2771 πᾶσα
501 2718 534 2785 ἡ
595 2713 859 2786 ἐπιθυμία
920 2734 1045 2788 μου,
1105 2710 1195 2767 καὶ
1256 2711 1283 2765 6
1343 2709 1638 2784 στεναγμός
1701 2728 1804 2782 μου
1851 2706 1958 2761 ἀπὸ

306 2809 400 2859 σοῦ
459 2803 558 2859 οὑκ
631 2798 933 2877 ἀπεκρύϐη.
1013 2800 1159 2856 Ἀντὶ
1234 2803 1351 2868 τοῦ,
1412 2799 1465 2853 αἱ
1520 2797 1647 2872 ψόαι
1710 2818 1815 2870 μου
1872 2794 1955 2851 ἐν-

305 2893 654 2964 επλήσθησαν
729 2890 1145 2968 ἐμπαιγμάτων,
1225 2891 1252 2945 ὁ
1329 2887 1586 2955 Ἀκύλας,
1647 2888 1729 2941 ὅτι
1783 2883 1956 2956 ἔπλη-

309 2985 561 3060 ρώθησαν
619 2983 673 3036 αἱ
727 2979 955 3057 λαγόνες
1013 2979 1232 3054 ἀτιμίας
1294 2981 1428 3052 (58),
1489 2978 1516 3031 6
1549 2974 1605 3031 δὲ
1637 2975 1957 3049 Σόμματος,

308 3074 391 3129 ὅτι
448 3075 504 3128 αἱ
561 3072 692 3146 ψύαι
754 3093 857 3145 μου
930 3068 1280 3141 ἐπλήσθησαν
1335 3066 1597 3140 ἀτιμίας,
1656 3062 1957 3119 ἐκδεδώκα-

309 3185 412 3219 σιν.
474 3162 572 3217 Καὶ
631 3159 717 3216 διὸ⁴
743 3163 904 3216 τοῦτο
935 3158 1011 3222 εἷς
1049 3158 1352 3229 ὑπόμνησιν
1394 3155 1566 3210 ἐλθὼν
1596 3161 1695 3222 τῆς
1726 3153 1957 3226 αἰσχρᾶς

309 3251 400 3308 καὶ
430 3251 629 3324 ἀτίμου
659 3249 924 3324 πράξεως,
954 3251 1034 3319 τῷ
1065 3245 1332 3322 ἐρῥὼσθαι
1382 3243 1529 3315 αὑτῷ
1558 3242 1620 3296 τὸ
1648 3244 1746 3310 τῆς
1776 3243 1960 3316 ψυχῆς

2063 1997 2123 2048 at
2150 2008 2283 2048 vero
2316 1989 2387 2046 ob
2421 1993 2590 2044 tuum
2622 1985 2894 2040 timorem
2927 1984 2984 2036 et
3010 1983 3171 2034 tuam
3224 1971 3716 2045 indignationem,

2061 2085 2187 2138 tota
2217 2073 2312 2137 die
2343 2077 2760 2135 constristatus
2791 2068 3180 2144 ingrediebar.

2139 2352 2288 2408 861
2319 2349 2372 2404 4.
2407 2347 2580 2404 Vens.
2611 2343 2765 2398 8-10.
2801 2340 3074 2410 Quoniam
3127 2334 3306 2391 lumbi
3350 2332 3463 2387 mei
3508 2328 3725 2401 impleti

2065 2449 2192 2496 sunt
2221 2437 2600 2506 ittusionibus,
2634 2442 2684 2490 et
2711 2447 2822 2488 non
2851 2438 2931 2486 est
2976 2428 3186 2484 sanitas
3244 2426 3304 2480 in
3358 2436 3523 2479 carne
3577 2436 3722 2475 mea.

2065 2531 2323 2602 Afﬂictus
2353 2545 2478 2584 sum
2506 2531 2558 2582 et
2590 2523 2926 2579 humiliatus
2947 2535 3070 2574 sum
3116 2516 3304 2585 nimis,
3355 2511 3642 2581 rugiebam
3695 2526 3728 2563 a

2067 2621 2268 2691 gemita
2289 2617 2470 2674 cordis
2493 2616 2625 2685 mei,
2659 2613 2906 2682 Domine,
2940 2611 3066 2664 ante
3093 2611 3144 2662 te
3185 2619 3342 2661 omne
3389 2600 3731 2657 desiderium

2067 2726 2271 2780 meum,
2303 2713 2354 2765 et
2372 2708 2608 2780 gemitus
2640 2719 2791 2758 meus
2823 2719 2856 2756 a
2886 2705 2936 2755 te
2966 2716 3080 2753 non
3111 2701 3189 2753 est
3220 2693 3584 2750 absconditus.
3620 2694 3730 2744 Pro

2067 2799 2201 2856 hoc.
2229 2779 2427 2856 Lumbi
2455 2797 2568 2851 mei
2623 2794 2836 2867 impleti
2889 2795 3022 2846 sunt
3074 2785 3462 2851 illusionibus,
3519 2779 3733 2853 Aquila

2073 2890 2337 2962 quidem,
2368 2887 2655 2958 Quoniam
2677 2883 2907 2954 impleta
2936 2887 3065 2936 sunt
3095 2879 3198 2934 illa
3229 2893 3348 2932 mea
3395 2871 3729 2942 ignominia,

2068 2977 2457 3048 Symmachus
2485 2992 2639 3045 vero,
2675 2973 2951 3042 Quoniam
2983 2968 3156 3024 lambi
3183 2967 3295 3020 mei
3338 2963 3554 3034 impleti
3598 2961 3729 3015 sunt

2066 3067 2406 3135 ignominia,
2439 3061 2805 3133 interpretati
2837 3063 2997 3116 sunt.
3030 3058 3101 3112 Et
3149 3071 3278 3110 eam
3337 3053 3409 3108 ob
3469 3065 3728 3107 causam,

2067 3156 2344 3228 turpisac
2373 3152 2754 3226 ignominiosi
2802 3148 3079 3206 facinoris
3130 3145 3491 3207 recordatus,
3553 3140 3730 3196 obfir-

2074 3250 2231 3302 mato
2265 3245 2474 3301 animos
2507 3261 2625 3300 suae
2659 3259 2860 3308 sensu,
2895 3240 3015 3295 haec
3065 3237 3334 3293 dicebat:
3386 3234 3730 3289 Putruerunt

310 3341 708 3412 αἰσθητήριον,
785 3341 953 3393 ταῦτα
1027 3329 1216 3410 ἔλεγε·
1289 3333 1606 3407 Προσώζεαν
1677 3330 1765 3386 καὶ
1837 3327 1957 3384 ἐσά-

2074 3344 2123 3392 et
2141 3343 2417 3408 corruptae
2440 3338 2571 3389 sunt
2599 3333 2887 3388 cicatrices
2928 3344 3064 3385 mea
3102 3343 3143 3382 a
3188 3326 3331 3394 facie
3386 3322 3733 3394 insipientia?

308 3451 488 3500 πησαν
545 3430 598 3484 οἱ
657 3426 931 3502 μώλωπες
995 3445 1098 3497 μου
1157 3424 1262 3478 ἀπὸ
1319 3424 1618 3498 προσώπου
1642 3427 1742 3490 τῆς
1788 3419 1960 3496 ἀφρο-

311 3519 478 3591 σόνης
540 3539 667 3592 μου.
722 3517 822 3571 Διά
877 3513 930 3570 τί
964 3511 1022 3570 δὲ
1076 3513 1448 3589 προσὼζεσαν,
1502 3509 1712 3585 ἐπάγει,
1763 3507 1962 3584 λὲγων⁹

309 3612 435 3668 ’Ότι
489 3608 545 3662 αἱ
602 3607 730 3681 ψόαι
807 3627 911 3678 μου
968 3602 1317 3674 ἐπλήσθησαν
1378 3597 1772 3676 ἐμπαιγμάτων
1807 3643 1824 3667 ,
1905 3597 1964 3668 ἢν

314 3699 370 3752 αἱ
429 3695 658 3772 λαγόνες
721 3716 826 3768 μου
886 3692 1126 3766 ἀτιμίας·
1188 3690 1408 3766 ᾐνίξατο
1467 3687 1524 3744 δὲ
1555 3686 1644 3744 διὰ
1670 3687 1877 3743 τούτων
1904 3687 1968 3742 τὸ

318 3784 458 3848 εἶδος
503 3792 601 3855 τῆς
663 3783 897 3859 αἰσχρᾶς
955 3781 1218 3858 πράξεως.
1261 3780 1392 3836 Εἶτα
1433 3779 1618 3834 ἑαυτὸν
1660 3778 1972 3851 ἀνακτώμε-

318 3896 409 3938 νος
487 3868 702 3950 ἕλεγεν·
773 3871 887 3930 Οὑκ
960 3870 1099 3926 ἔστιν
1176 3867 1316 3933 ἷάσις
1370 3868 1422 3924 ἐν
1490 3872 1559 3942 τῇ
1621 3869 1775 3945 σαρκί
1843 3889 1966 3940 μου,

321 3961 541 4033 Ἐπειδὴ
605 3964 707 4039 γὰρ
767 3962 821 4017 αἱ
870 3961 997 4036 ψόαι
1033 3981 1138 4035 μου
1170 3957 1517 4031 ἐπλήσθησαν
1547 3957 1968 4033 ἐμπαιγμάτων,

322 4053 412 4110 διὰ
459 4058 643 4126 τοῦτο,
690 4051 875 4131 φησὶν,
937 4049 1010 4113 εἷς
1073 4052 1354 4126 μετάνοιαν
1409 4055 1517 4105 τῶν
1578 4048 1968 4125 πεπραγμένων

321 4144 518 4216 ἐλθὼν,
575 4144 674 4212 τήν
723 4141 958 4215 ἐμαυτοῦ
1016 4141 1186 4216 σάρκα
1213 4137 1434 4209 κολάζω
1463 4139 1553 4195 καὶ
1594 4142 1969 4214 τιμωροῠμαυ

323 4231 407 4290 διό
467 4250 632 4312 φημι·
693 4231 810 4290 Οὐκ
857 4229 996 4286 ἔστιν
1056 4227 1194 4292 ἴασις
1248 4229 1300 4285 ἐν
1356 4233 1425 4304 τῇ
1459 4227 1614 4305 σαρκί
1650 4227 1878 4302 μουδὼς
1911 4225 1970 4282 ἂν

326 4321 582 4394 δυνηθείη
643 4321 776 4378 ποτὲ
843 4319 1192 4396 κατορθώσας
1262 4319 1472 4374 εἰπεῖν·
1535 4317 1596 4375 Εἰ
1653 4317 1742 4373 καὶ
1793 4318 1821 4373 6
1873 4313 1974 4388 ἔξω

323 4415 488 4485 ἡμῶν
535 4407 817 4487 ἄνθρωπος
874 4409 1144 4489 φθείρεται
1203 4411 1353 4482 (59),
1413 4406 1539 4464 ἀλλ’
1598 4409 1626 4462 6
1685 4403 1791 4462 ἔσω
1849 4407 1974 4461 ἀνα-

329 4505 632 4558 καινοῦται.
714 4500 816 4558 Καὶ
889 4499 1140 4575 ἀνωτέρω
1226 4496 1284 4553 δὶ
1365 4495 1567 4575 ἕλεγεψ
1645 4495 1760 4554 Οὑκ
1833 4491 1973 4551 ἔστιν

330 4589 472 4654 ἴασις
533 4589 584 4646 ἐν
643 4593 712 4665 τῇ
767 4589 924 4665 σαρκί
987 4610 1113 4664 μου,
1172 4588 1263 4643 καὶ
1321 4587 1424 4643 οὑκ
1479 4585 1621 4643 ἔστιν
1681 4584 1872 4662 εἰρήνη
1923 4585 1973 4640 ἐν

2075 3439 2233 3482 mea.
2266 3425 2383 3499 ραι·
2411 3429 2606 3479 autem
2640 3422 3016 3494 putruerunt,
3049 3416 3233 3482 addit,
3293 3413 3494 3470 dicens
3521 3428 3534 3469 :
3585 3412 3730 3480 Quo-

2076 3513 2231 3567 niam
2266 3498 2445 3566 lumbi
2476 3511 2584 3565 mei
2614 3509 2832 3580 impleti
2859 3509 2989 3562 sunt
3022 3502 3398 3569 illusionibus,
3457 3498 3567 3566 vel,
3626 3498 3733 3552 Illa

2080 3618 2199 3657 mea
2218 3601 2554 3673 ignominia.
2588 3599 2696 3654 Per
2725 3597 2847 3652 haec
2874 3600 3072 3651 autem
3105 3591 3300 3648 innuit
3346 3589 3539 3662 turpis
3600 3587 3736 3643 facti

2079 3689 2354 3762 speciem.
2388 3689 2608 3745 Deinde
2638 3686 2962 3743 resarciens
2995 3699 3146 3752 sese,
3199 3681 3434 3748 aiebat;
3487 3678 3607 3735 Non
3660 3683 3741 3733 est

2079 3780 2292 3836 sanitas
2313 3781 2374 3835 in
2403 3795 2726 3835 carnemea.
2761 3777 3050 3844 Quoniam
3083 3773 3241 3828 enim
3275 3769 3462 3826 lumbi
3495 3768 3606 3824 mei
3629 3767 3742 3821 im-

2082 3870 2222 3942 pleti
2256 3875 2395 3926 sunt
2419 3868 2818 3937 illusionibus,
2869 3865 3110 3930 idcirco,
3171 3861 3385 3933 inquit,
3451 3858 3744 3930 paenitens

2084 3959 2241 4024 facti,
2268 3957 2491 4029 castigo
2525 3955 2831 4028 plectoque
2861 3969 3094 4010 carnem
3132 3965 3344 4005 meam.
3379 3949 3748 4018 Quapropter

2082 4047 2394 4104 dicozNon
2423 4050 2501 4102 est
2529 4047 2746 4102 sanitas
2794 4047 2856 4100 in
2907 4058 3074 4099 carne
3103 4057 3244 4096 mea.
3296 4038 3371 4094 Ut
3430 4035 3747 4106 aliquando

2083 4141 2259 4209 queat
2287 4138 2636 4193 emendatus
2662 4135 2856 4191 dicere
2880 4152 2893 4191 :
2921 4134 3066 4189 Licet
3084 4133 3152 4198 is,
3186 4131 3286 4202 qui
3300 4127 3442 4199 [oris
3458 4128 3751 4191 est,noster

2085 4229 2242 4284 homo
2273 4229 2700 4299 corrumpatur;
2731 4229 2919 4280 tamen
2951 4225 2999 4278 is
3029 4223 3125 4294 qui
3155 4222 3304 4275 intus
3348 4220 3453 4287 est,
3510 4231 3745 4272 renova-

2083 4315 2260 4370 tur“.
2294 4316 2405 4371 Sed
2453 4319 2510 4370 et
2561 4313 2838 4385 superius
2879 4310 3104 4367 aiebat:
3156 4309 3273 4364 Non
3322 4310 3403 4361 est
3438 4305 3651 4360 sanitas
3685 4305 3751 4358 in

2084 4427 2248 4468 cerne
2270 4429 2413 4478 mea,
2447 4415 2499 4466 et
2529 4427 2640 4466 non
2669 4417 2748 4465 est
2776 4425 2893 4481 pax
2923 4406 3132 4464 ossibus
3162 4405 3316 4460 meis.
3346 4401 3569 4458 Deinde
3599 4399 3741 4456 sub-

2088 4503 2206 4559 dit:
2238 4503 2466 4574 A/ﬁctus
2495 4517 2618 4557 sum
2647 4503 2702 4556 et
2729 4497 3071 4554 humiliatus
3100 4512 3230 4552 sum
3258 4492 3434 4550 valde.
3468 4495 3589 4548 Hoe
3643 4506 3748 4546 au-

2089 4597 2209 4649 tem
2241 4591 2415 4664 paulo
2448 4595 2583 4647 ante
2616 4589 2786 4645 aliter
2815 4585 3123 4661 expressit,
3154 4584 3248 4640 his
3286 4582 3483 4640 verbis
3510 4599 3530 4638 ι
3589 4581 3753 4636 Miser

327 4686 444 4746 τοῖς
504 4679 714 4736 ὀστέοις
777 4701 886 4754 μου
920 4724 933 4736 .
992 4679 1123 4735 Εἶτα
1189 4677 1377 4753 ἐπαγει
1409 4696 1422 4711 ο
1500 4676 1811 4747 Ἐκὸκώθην
1887 4697 1956 4730 κα

2086 4683 2265 4758 factus
2295 4697 2440 4752 sum,
2474 4684 2526 4737 et
2553 4683 2811 4736 curvatus
2833 4694 2958 4733 sum
2977 4691 3146 4748 usque
3175 4675 3235 4730 in
3255 4673 3443 4744 ﬁnem.
3476 4671 3750 4727 Virorum

279 4769 692 4849 ltraaewdienv
763 4765 868 4832 ἕως
921 4765 1148 4847 σφόδρα.
1207 4769 1380 4824 Τοῦτο
1440 4763 1498 4822 δὲ
1541 4767 1738 4840 ἒτὲρως
1786 4764 1979 4828 ἐντοῖς

329 4861 630 4937 ἔμπροσθεν
711 4855 959 4929 ἐδήλου,
1040 4859 1238 4933 φήσας·
1318 4855 1977 4933 Ἐταλαιπώρησαρκαὶ

326 4951 710 5028 κατεκάμφθην
784 4944 890 5011 ἕως
963 4944 1174 5011 τέλους.
1231 4943 1398 5001 ’Ἰδιον
1453 4943 1660 5020 ἀνδρῶν
1722 4948 1976 5016 συνετῶν,

325 5042 388 5097 τὸ
422 5042 498 5116 μή
531 5038 838 5114 ἐπαίρεσθαι
901 5035 990 5091 ἐπὶ
1047 5041 1167 5098 τοῖς
1223 5034 1360 5090 κατὰ
1415 5032 1697 5112 πρόληψιν
1729 5034 1820 5090 καὶ
1851 5056 1978 5089 συν-

328 5131 573 5208 αρπαγὴν
644 5125 1155 5203 ἁμαρτανομένοις,
1211 5123 1337 5180 ἀλλ’
1395 5121 1660 5189 αἰδεῖσθαι
1709 5123 1800 5179 καὶ
1858 5123 1979 5200 ὶρυ-

330 5222 503 5296 θριᾷν,
553 5217 642 5274 καὶ
693 5218 793 5287 τὴν
852 5212 1155 5286 συνείδησιν
1229 5211 1603 5286 πλήττεσθαι,
1657 5213 1744 5269 καὶ
1789 5233 1979 5270 ταπει-

325 5312 568 5375 νοῦσθαι.
627 5307 689 5364 Ὀ
745 5307 839 5382 μὲν
887 5304 989 5384 γὰρ
1039 5298 1208 5359 Δαϐὶδ
1264 5304 1403 5377 πρὸς
1453 5303 1669 5368 τούτοις
1711 5302 1975 5381 ἑπιλὲγειο

399 5431 442 5469 ¹¹
471 5429 524 5485 II
545 5433 672 5485 Cor.
696 5444 774 5495 1v,
809 5426 896 5482 16.

399 5547 512 5619 (56)
547 5547 687 5617 Reg.
721 5544 1034 5619 secundus.
1071 5544 1276 5616 ἑαυτόν,
1306 5543 1482 5605 οὗτος.

399 5615 512 5694 (57)
535 5615 707 5687 Editi,
759 5615 1060 5692 γινόμεναι.
1123 5621 1190 5674 At
1243 5615 1498 5692 quatuor
1555 5635 1698 5676 mss.
1753 5617 1980 5696 γενόμε-

325 5712 518 5840 ναὶέὸ)
549 5767 637 5822 Ita
653 5766 909 5836 quatuor
931 5762 1155 5820 ωδε.Αὲ
1176 5761 1343 5835 editi,
1372 5761 1429 5819 αἰ
1457 5760 1684 5842 λαγόνες
1718 5783 1824 5838 μου
1856 5760 1978 5818 ἀτι-

2089 4772 2469 4844 prudentium
2501 4769 2803 4842 proprium
2829 4771 2937 4838 est,
2975 4766 3046 4822 de
3078 4762 3331 4838 peccatis
3383 4776 3487 4835 per
3541 4773 3754 4831 praeoc-

2088 4859 2461 4933 cupationem
2491 4864 2549 4915 et
2587 4856 3028 4926 subreptionem
3061 4851 3342 4911 admissis
3375 4866 3489 4905 non
3535 4845 3748 4916 efferri,

2088 4951 2188 5006 sed
2222 4951 2444 5023 pudore
2467 4946 3148 5016 afﬁci,eterubescere,et
3168 4937 3528 4998 conscientia
3545 4935 3751 5009 pungi,

2089 5056 2156 5095 ac
2186 5037 2508 5094 humiliari.
2532 5036 2635 5092 His
2665 5035 2848 5108 igitur
2867 5034 3045 5090 David
3074 5029 3418 5103 subjungit:
3451 5025 3753 5098 Rugiebam

2081 5145 2130 5186 va
2156 5131 2370 5200 gemitu
2399 5126 2576 5184 cordis
2605 5126 2735 5182 mei.
2765 5126 2882 5180 Aut
2913 5123 3241 5181 secundum
3271 5117 3582 5192 Aquilam:
3631 5117 3758 5170 Fre-

2086 5219 2314 5276 mebam
2342 5236 2375 5274 a
2393 5218 2624 5290 fremitu
2653 5215 2838 5272 cordis
2869 5215 3004 5270 mei.
3025 5212 3152 5268 Non
3207 5209 3364 5267 enim
3424 5211 3490 5264 ut
3543 5203 3753 5262 multis

2091 5313 2268 5366 notus
2300 5309 2461 5379 fiam,
2493 5307 2668 5366 labiis
2692 5304 3005 5363 confiteor:
3052 5317 3256 5360 verum
3287 5300 3451 5356 intus
3506 5297 3569 5353 in
3620 5295 3753 5368 ipso

2100 5544 2226 5618 μίας
2257 5540 2542 5618 ἐκδέδωκε..
2577 5539 2677 5618 Καὶ
2708 5535 2836 5618 ιδιά.
2883 5539 3021 5612 Reg.
3083 5537 3379 5596 secundus
3432 5547 3568 5589 cum
3625 5528 3748 5586 edi-

2090 5609 2248 5677 tione
2281 5617 2478 5685 Basil.,
2512 5611 2600 5667 διὰ
2627 5609 2853 5685 τούτων.

2160 5673 2926 5764 (ἐωθοιὺθΞ-ιὶιιί-ριυὶξηιξειοῐ
2950 5687 3167 5754 sextus,
3196 5676 3583 5755 διαφθείρεται.
3615 5673 3749 5730 Mox

2090 5752 2344 5836 quatuor
2373 5775 2544 5826 11188.,
2573 5752 2689 5812 εἶτα
2712 5752 2970 5830 ἐπιλιγει.
