4154 6404
372 369 449 430 95
1308 369 1705 433 APPENDIX
1748 369 2075 432 ΟΡΕῆοΜ
2121 369 2187 430 S.
2237 370 2524 435 BASlLll
2568 373 2847 437 MAGNI.
3713 379 3792 440 96

371 501 567 570 corde,
600 499 786 557 oculis
817 501 1055 568 clausis,
1086 501 1192 558 tibi
1223 502 1329 558 soli
1372 501 1718 558 abscondita
1789 501 2009 572 conspi-

2144 509 2420 585 Ὠρυόμην
2496 506 2600 560 ἀπὸ
2682 508 2980 580 στεναγμοῦ
3053 511 3152 574 τῆς
3226 502 3453 578 καρδίας
3531 527 3654 579 μου,
3733 506 3791 577 ἢ,

372 590 550 644 cienti
581 592 826 646 ostendo
845 609 1007 648 meos
1023 593 1477 664 gemitus,atque
1499 592 1558 647 in
1584 593 1808 663 meipso
1832 590 2019 661 rugio.

367 678 569 750 Neque
599 679 753 736 enim
779 681 966 752 longis
997 682 1364 737 sermonibus
1398 682 1540 736 mihi
1568 698 1716 754 opus
1777 685 1902 734 erat
1949 680 2020 733 ad

369 768 805 824 confessionem
840 787 851 823 :
885 770 1172 840 siquidem
1205 771 1398 826 cordis
1448 770 1561 825 mei
1623 771 1904 840 gemitus,
1965 773 2022 823 et

368 859 709 913 transmissi
743 875 810 913 ex
839 859 1045 914 intimo
1078 859 1258 914 animi
1282 877 1461 915 sensu
1480 861 1551 914 ad
1585 864 1640 914 te
1673 865 1848 914 Deum
1879 875 2017 928 que-

367 950 500 1000 stus
532 948 601 1002 ad
625 947 1046 1004 confessionem
1072 949 1626 1015 sufﬁciebant.Quin
1660 948 1836 1003 etiam
1863 949 2017 1002 desi-

365 1034 593 1089 derium
626 1052 819 1090 coram
850 1037 1430 1104 te,Domine,bonum
1463 1043 1606 1103 erat,
1625 1038 1799 1093 ethoc
1821 1038 2016 1108 ipsum

364 1137 556 1176 meam
588 1123 839 1180 salutem
869 1127 1217 1197 (spectabat.
1274 1126 1522 1192 Etenim,
1575 1143 1706 1181 cum
1768 1126 2018 1198 cupidus

363 1227 554 1266 essem
591 1213 910 1278 malorum,
935 1218 1061 1269 tum
1092 1231 1288 1270 coram
1321 1220 1376 1271 te
1408 1231 1602 1270 meum
1659 1215 2015 1270 desiderium

361 1316 478 1354 non
510 1307 673 1368 erat;
707 1303 807 1357 sed
841 1303 951 1358 hoc
982 1309 1262 1374 tempore,
1296 1321 1410 1374 quo
1441 1304 1638 1360 omnia
1661 1305 1805 1360 facio
1827 1305 2017 1359 humi-

359 1387 561 1455 liatus,
595 1396 651 1444 et
683 1392 925 1462 rugiens
958 1410 991 1447 a
1012 1394 1227 1461 gemitu
1251 1393 1444 1448 cordis
1477 1395 1612 1459 mei,
1644 1394 2014 1464 tequeDeum

361 1484 718 1534 servatorem
753 1497 819 1535 ac
852 1483 1142 1538 medicum
1175 1483 1408 1554 assequi
1442 1483 2011 1545 desiderans.coram

359 1575 418 1624 te
449 1575 540 1624 est
569 1570 930 1627 desiderium
950 1589 1166 1639 meum,
1193 1589 1299 1627 nec
1323 1572 1710 1642 suspiriorum
1749 1589 2014 1628 meorum

359 1672 600 1711 causam
634 1657 892 1729 ignoras.
925 1660 1300 1732 Compertum
1333 1660 1490 1715 enini
1524 1677 1590 1716 ac
1641 1668 2014 1732 perspectum

2134 601 2276 655 κατᾶ
2330 599 2420 652 τὸν
2483 593 2736 664 Ἀκῦλαν,
2800 589 3156 668 Ἐϐρυχόμην
3219 595 3324 648 ἀπὸ
3390 596 3636 670 βρυγμοῢ
3691 603 3792 666 τῆς

2130 686 2356 764 καρδίας
2411 707 2536 758 μου.
2600 683 2678 739 Οὐ
2736 683 2835 757 γὰρ
2888 681 2980 735 ’ίνα
3033 689 3151 743 τοῖς
3179 681 3413 746 πολλοῖς
3447 686 3674 760 φανερὸς
3705 686 3788 759 γε-

2130 800 2352 850 νωμαι,
2413 779 2528 834 τοῖς
2586 770 2825 847 χείλεσιν
2884 771 3355 847 ἐξομολογοῦμαι·
3411 771 3562 828 ἔνδον
3618 771 3675 829 δὲ
3732 775 3783 831 ἐν

2129 869 2265 939 αὐτῇ
2297 865 2364 939 τῇ
2414 859 2628 935 καρδίᾳ,
2687 861 2750 914 τὸ
2807 859 2962 932 ὄμμα
3019 861 3192 932 μύων,
3251 862 3335 916 σοἶ
3373 862 3622 935 μόνῳτῷ
3658 862 3784 938 βλέ-

2128 977 2286 1012 ποντι
2334 956 2402 1009 τὰ
2443 953 2494 1006 ἐν
2534 956 2759 1026 κρυπτῷ
2805 949 2931 1011 τοὺς
2981 950 3219 1022 ἐμαυτοῦ
3278 955 3390 1022 (60)
3454 952 3785 1029 στεναγμοὺς

2129 1042 2475 1108 ἐπιδεικνύω,
2525 1039 2576 1094 ἐν
2629 1038 2848 1112 ἐμαυτῷ
2887 1039 3221 1114 ὡρυόμενος.
3254 1039 3395 1098 Οὐδὲ
3425 1042 3526 1117 γὰρ
3563 1047 3787 1118 μακρῶν

2132 1156 2224 1206 μοι
2259 1131 2435 1206 λόγων
2488 1130 2649 1203 ’χρεία
2694 1129 2760 1197 ἦν
2815 1128 2951 1203 πρὸς
2996 1130 3096 1195 τὴν
3129 1127 3547 1205 ἐξομολόγησιν
3609 1132 3787 1204 ἀπήρ.

2126 1244 2254 1276 κουν
2296 1221 2396 1296 γαρ
2451 1220 2504 1274 οἱ
2559 1217 2851 1292 στεναγμοὶ
2891 1224 2989 1286 τῆς
3037 1215 3259 1291 καρδίας
3297 1240 3401 1291 μου
3431 1221 3568 1293 πρὸς
3597 1219 3788 1292 ἐξομο-

2127 1309 2377 1385 λόγησιν,
2425 1309 2515 1362 καὶ
2551 1309 2601 1361 οἱ
2655 1307 2760 1361 ἀπὸ
2813 1308 3010 1381 βάθους
3051 1310 3237 1382 ψυχῆς
3265 1308 3400 1381 πρὸς
3430 1309 3486 1362 σὶ
3529 1311 3619 1364 τὸν
3655 1309 3784 1364 Θεὸν

2128 1398 2572 1472 ἀναπεμπόμενοι
2626 1395 2879 1470 ὀδυρμοι.
2931 1393 3108 1450 ’Λλλᾶ
3150 1397 3238 1450 καὶ
3281 1400 3315 1465 ἡ
3349 1397 3611 1470 ἐπιθυμία
3640 1397 3783 1466 καλὴ

2128 1489 2259 1543 οὖσα
2291 1487 2530 1543 ἐναττίον
2566 1508 2661 1540 σου
2692 1486 2781 1553 ἦν,
2840 1484 3018 1560 Κύριε,
3088 1486 3174 1539 καὶ
3232 1486 3365 1556 αὕτη
3402 1483 3458 1540 δὲ
3488 1486 3554 1555 ἦν
3584 1489 3618 1556 ἡ
3653 1487 3777 1562 περὶ

2123 1587 2227 1648 τῆς
2269 1579 2505 1651 ἐμαυτοῦ
2535 1575 2827 1645 σωτηρίας.
2877 1578 3006 1631 "Ure
3059 1576 3153 1647 μὶν
3199 1576 3298 1651 γὰρ
3349 1581 3530 1630 κακῶν
3582 1578 3776 1652 γέγονα

2129 1668 2496 1740 ἐπιθυμητὴς,
2547 1666 2646 1720 οὐκ
2695 1664 2928 1720 ἐναντίον
2987 1686 3080 1718 σου
3128 1666 3192 1734 ἦν
3244 1668 3278 1734 ἡ
3332 1664 3592 1738 ἐπιθυμία
3652 1685 3778 1738 μου·

359 1753 450 1803 est
478 1749 605 1816 tibi,
641 1767 734 1805 me
765 1752 1020 1824 suspiria
1066 1753 1488 1808 humanitatem
1530 1757 1693 1808 tuam
1749 1755 2009 1811 decentia

2127 1757 2238 1812 νυνὶ
2297 1755 2374 1824 δί,
2434 1755 2522 1810 ὅτε
2579 1756 2752 1808 πάντα
2782 1755 3002 1827 πράττω
3029 1753 3447 1827 ταπεινούμενος
3477 1755 3567 1809 καὶ
3599 1755 3783 1830 ὡρυόο

359 1838 660 1904 emittere;
695 1841 1171 1912 quandoquidem
1223 1843 1538 1914 peccatoris
1599 1848 1844 1900 mortem
1896 1863 2009 1901 non

2131 1868 2293 1920 μενος
2326 1846 2430 1901 ἀπὸ
2482 1847 2783 1918 στεναγμοῦ
2813 1849 2911 1910 τῆς
2957 1840 3184 1917 καρδίας
3239 1865 3368 1916 μου,
3416 1844 3507 1898 καὶ
3559 1848 3655 1899 σοῦ
3683 1848 3781 1899 τοῦ

356 1925 468 1991 vis,
493 1927 590 1982 sed
626 1929 1028 1998 paenitentiam
1062 1931 1272 2002 ipsius.

2127 1941 2259 1991 Θεοῦ
2310 1941 2558 2009 σωτῆρος
2604 1932 2691 1987 καὶ
2739 1933 2927 2003 ἱατροῦ
2973 1938 3160 2006 τυχεῖν
3207 1931 3512 2005 ἐπιθυμῶν,
3543 1933 3780 1988 ἐναντίον

359 2033 456 2067 σου
489 2011 629 2069 ἐστιν
660 2017 694 2085 ἡ
733 2014 992 2090 ἐπιθυμία
1025 2039 1150 2090 μου,
1181 2019 1270 2073 καὶ
1299 2018 1397 2087 τὴν
1427 2019 1597 2075 αἰτίαν
1630 2025 1736 2075 τῶν
1770 2021 1916 2094 ἐμῶν
1945 2030 2261 2100 στεναγμῶν
2295 2024 2397 2078 οὐκ
2427 2023 2659 2098 ἀγνοεῖς.
2709 2022 2878 2078 Οἶσθα
2926 2021 3052 2096 γὰρ,
3107 2022 3188 2075 ὅτι
3239 2023 3518 2096 πρέποντα
3559 2026 3627 2095 τῇ
3688 2043 3783 2077 σου

359 2103 469 2175 (61)
504 2105 882 2180 φιλανθρωπίᾳ
903 2107 1194 2182 στεναγμὸν
1226 2108 1546 2182 ἀναπέμπω·
1581 2109 1694 2165 ἐπεὶ
1746 2113 1822 2184 μὴ
1860 2113 2040 2189 βούλῃ
2065 2114 2162 2177 τὸς
2193 2125 2416 2178 θανατον
2449 2117 2545 2167 τοῦ
2595 2109 2947 2185 ἀμαρτωλοῦ,
2994 2111 3067 2171 ὡς
3105 2111 3203 2178 τήν
3256 2111 3541 2183 μετάνοιαν
3593 2111 3782 2167 αὐτοῦ.

428 2193 482 2247 5.
515 2193 879 2267 Quapropter
910 2197 1077 2254 dico:
1134 2200 1200 2254 Et
1255 2202 1488 2268 gemitus
1541 2218 1694 2256 meus
1724 2220 1758 2258 a
1809 2209 1864 2258 te
1909 2221 2020 2260 non

361 2289 441 2336 est
470 2282 840 2341 absconditus.
875 2290 1052 2342 Vnas.
1087 2289 1144 2342 11
1197 2289 1282 2345 13.
1343 2293 1450 2346 Cor
1494 2307 1674 2346 meum
1719 2293 2017 2348 conturba-

355 2373 475 2424 tum
503 2373 936 2446 est,|dereliquit
965 2392 1050 2431 me
1078 2378 1256 2432 virtus
1294 2395 1443 2448 mea,
1501 2384 1555 2436 et
1611 2381 1796 2436 lumen
1827 2383 2013 2438 oculo-

360 2476 486 2514 rum
516 2479 780 2532 meorum,
807 2474 861 2519 et
889 2467 1069 2536 ipsum
1100 2483 1211 2522 non
1241 2473 1319 2523 est
1375 2485 1610 2524 mecum.
1671 2472 1850 2526 Amici
1906 2473 2017 2528 mei

355 2555 408 2603 et
431 2552 679 2620 proximi
708 2556 816 2608 mei
843 2555 1134 2610 adversum
1163 2571 1250 2611 me
1305 2561 1910 2630 appropinquaverunt,
1960 2565 2013 2616 et

355 2639 640 2695 steterunt.
694 2643 759 2697 Et
811 2644 908 2715 qui
961 2644 1123 2706 iuxta
1170 2660 1259 2699 me
1304 2651 1492 2711 erant,
1525 2646 1590 2700 de
1651 2646 1812 2717 longe
1861 2651 2012 2704 stete-

355 2731 523 2789 runt;
554 2735 604 2783 et
617 2732 726 2784 vim
750 2731 1032 2802 faciebant
1054 2735 1151 2803 qui
1179 2735 1502 2805 qwrebant
1521 2738 1775 2791 animam
1805 2754 2007 2792 meam.

355 2822 419 2874 Et
449 2823 546 2892 qui
602 2823 928 2894 inquirebat
979 2827 1125 2880 mala
1165 2827 1324 2893 mihi,
1377 2828 1545 2882 locuti
1600 2834 1732 2884 sunt
1788 2832 2006 2884 vanita-

353 2916 454 2980 tes,
485 2919 538 2967 et
565 2912 718 2968 dolos
742 2917 854 2969 tota
902 2916 990 2970 die
1045 2916 1473 2972 meditabantur.
1538 2919 1688 2974 868
1747 2923 1890 2975 Cum
1950 2921 2005 2975 in

352 2999 524 3055 titulo
547 3002 1293 3075 signiﬁcaverit,psalmum
1322 3007 1376 3060 in
1401 3008 1834 3064 recordationem
1855 3025 2008 3079 esse,

347 3090 482 3160 jure
515 3093 809 3162 praeterita
841 3097 1164 3164 reputat,et
1195 3110 1320 3164 quae
1353 3095 1464 3150 sibi
1493 3097 1617 3167 jam
1651 3097 1790 3153 olim
1826 3098 2007 3154 conti-

353 3184 580 3250 gerant,
613 3180 674 3235 in
699 3181 1042 3237 memoriam
1077 3188 1324 3240 revocat.
1345 3189 1516 3242 Docet
1545 3191 1739 3242 autem
1775 3188 2009 3258 qualem

350 3267 406 3322 in
443 3269 839 3325 conditionem
873 3288 974 3342 per
1006 3274 1223 3343 peccati
1276 3275 1510 3346 lapsum
1561 3277 1879 3344 devenerit,
1908 3295 2008 3333 cu-

341 3357 444 3428 jus
477 3359 669 3429 gratia
700 3363 886 3415 totam
937 3361 1089 3417 hanc
1140 3364 1566 3420 confessionem
1629 3367 1770 3421 edit.
1830 3369 2010 3423 Miser

351 3449 530 3514 igitur
557 3450 738 3518 factus
762 3465 904 3514 sum,
937 3454 991 3504 et
1026 3456 1288 3506 curvatus
1346 3469 1486 3520 sum,
1545 3463 1595 3510 et
1650 3457 2010 3511 contristatus

358 3538 734 3608 ingrediebar,
767 3551 817 3595 et
832 3539 1158 3596 humiliatus
1185 3559 1328 3604 sum.
1353 3547 1400 3598 et
1428 3546 1711 3615 rugiebam
1740 3562 1771 3600 a
1801 3549 2009 3616 gemitu

349 3628 544 3682 cordis
565 3630 767 3684 mei.In
803 3629 924 3685 haec
947 3630 1147 3686 omnia
1178 3631 1377 3688 incidi:
1403 3633 1620 3705 quippe
1642 3651 1740 3703 per
1768 3634 2005 3706 aliquod

347 3719 608 3790 tempus.
645 3719 746 3776 Cor
773 3737 955 3776 meum
976 3721 1363 3778 conturbatum
1384 3729 1479 3790 est,
1511 3727 1561 3779 et
1591 3724 1893 3795 dereliquit
1921 3742 2009 3781 me

346 3808 523 3862 virtus
554 3826 700 3878 mea,
733 3819 783 3866 et
813 3812 1000 3867 lumen
1054 3810 1346 3868 oculorum
1391 3830 1659 3884 meorum,
1716 3819 1770 3870 et
1826 3817 2007 3883 ipsum

345 3913 458 3951 non
487 3900 566 3953 est
585 3915 815 3955 mecum.
839 3901 985 3956 Nam
1018 3901 1237 3972 peccati
1297 3908 1580 3974 tempore,
1639 3903 2003 3976 intelligendi

345 3984 434 4040 vis
470 4003 582 4057 qua
613 3989 894 4060 prgditus
924 3994 1069 4059 erat,
1113 4007 1227 4045 non
1287 4009 1526 4064 parvam
1583 4009 1861 4065 perpessa
1917 3997 2006 4048 est

348 4076 874 4147 perturbationem,
905 4079 1150 4134 confusa
1178 4083 1233 4135 et
1263 4081 1575 4136 obscurata
1608 4081 1680 4137 ab
1712 4098 1777 4138 eo
1809 4082 1909 4153 qui
1953 4082 2003 4138 ei

349 4164 568 4234 peccati
597 4170 799 4221 auctor
827 4168 1034 4235 fuerat,
1068 4170 1316 4238 adeofut
1366 4171 1540 4226 etiam
1601 4171 1660 4226 in
1719 4171 2003 4244 insipien-

350 4250 494 4307 tiam
529 4253 916 4312 delaberetur.
951 4256 1318 4330 Quapropter
1347 4259 1618 4330 superius
1654 4260 1837 4315 dixit:
1896 4267 2003 4316 Pu-

353 4347 610 4398 truerunt
639 4346 690 4399 et
718 4349 998 4416 corruptae
1025 4356 1154 4403 sunt
1179 4349 1470 4404 cicatrices
1499 4364 1641 4407 meae
1669 4367 1703 4405 a
1730 4350 1874 4421 facie
1920 4351 2002 4405 in-

2197 2207 2252 2259 5.
2307 2203 2399 2258 Διό
2453 2221 2618 2276 φημι·
2695 2201 2792 2255 Καὶ
2872 2201 2900 2254 ὁ
2974 2199 3268 2275 στεναγμός
3346 2222 3454 2273 μου
3522 2201 3628 2255 ἀπὸ
3688 2204 3784 2256 σου

2127 2294 2229 2348 οὐκ
2295 2287 2598 2364 ἀπεκρῦϐη.
2659 2291 2719 2343 Ἠ
2751 2287 2947 2363 καρδία
2981 2311 3085 2360 μου
3115 2288 3412 2364 ἐταράχθη,
3462 2288 3783 2366 ἐγκατάλιπέ

2129 2383 2258 2453 μεὴ
2314 2380 2472 2455 ἶσχύς
2523 2399 2648 2451 μου,
2699 2378 2789 2431 καὶ
2843 2378 2906 2432 τὸ
2957 2382 3070 2454 ιρῶς
3126 2382 3235 2431 τῶν
3295 2376 3596 2451 ὀφθαλμῶν
3652 2399 3778 2451 μου,

2121 2469 2209 2524 καὶ
2264 2471 2396 2524 αὐτὸ
2457 2469 2556 2524 οὐκ
2603 2467 2712 2522 ἔστι
2767 2468 2881 2539 μετ’
2933 2465 3087 2539 ἐμοῦ.
3144 2467 3207 2520 Οἱ
3266 2466 3418 2544 φίλοι
3469 2488 3573 2539 μου
3603 2468 3693 2522 καὶ
3726 2470 3778 2524 οἱ

2119 2559 2353 2626 πλησίον
2417 2579 2519 2630 μου
2572 2556 2620 2630 ἐξ
2697 2555 2934 2616 ἐναντίας
3006 2576 3111 2628 μου
3167 2553 3395 2631 ἤγγισαν
3469 2556 3559 2610 καὶ
3617 2552 3776 2626 ἔστη-

2121 2669 2235 2705 σαν.
2299 2647 2400 2703 Καὶ
2461 2649 2510 2701 οἱ
2568 2645 2787 2720 ἔγγιστά
2848 2666 2954 2717 μου
3012 2645 3118 2699 ἀπὸ
3178 2645 3477 2719 μακρόθεν·
3515 2643 3774 2715 ιστησαν·

2118 2737 2208 2791 imi
2242 2731 2578 2810 ἐξεϐιάζοντο
2627 2739 2738 2806 (62)
2797 2735 2847 2788 οἱ
2909 2737 3190 2804 ζητοῦντες
3245 2735 3345 2802 τὴν
3392 2736 3576 2809 ψυχήν
3642 2755 3766 2808 μου·

2117 2826 2208 2881 καὶ
2260 2827 2310 2880 οἱ
2368 2830 2654 2895 ζητοῦντες
2704 2823 2769 2878 τὰ
2811 2824 2951 2878 κακά
3002 2843 3094 2895 μοι
3144 2821 3418 2892 ἐλάλησαν
3475 2827 3772 2896 ματαιότη-

2117 2937 2233 2984 τας,
2295 2916 2382 2970 καὶ
2458 2911 2784 2983 δολιότητας
2854 2911 2990 2982 ὅλην
3065 2913 3161 2981 τὴν
3240 2913 3449 2988 ἡμέραν
3513 2913 3769 2986 ἐμελέτη-

2125 3027 2240 3061 σαν.
2300 3004 2808 3077 Προεπισηνάμενος
2887 3001 2939 3057 ἐν
3015 3005 3081 3075 τῇ
3148 3006 3463 3080 προγραφῇ,
3542 3003 3615 3065 ὡς
3674 3002 3776 3078 ἄρα

2123 3095 2204 3165 εἷή
2273 3093 2348 3155 εἷς
2421 3093 2739 3166 ἀνάμνησιν,
2809 3092 3034 3154 εἰκότως
3106 3092 3546 3163 ἀναπεμπάζεται
3620 3096 3773 3166 (63),

2119 3189 2209 3239 καί
2240 3188 2308 3258 τῇ
2347 3185 2537 3257 μνήμῃ
2583 3183 2648 3236 τὰ
2702 3181 2872 3237 πάλαι
2933 3180 3080 3252 αὐτῷ
3133 3177 3520 3253 συμϐεϐηκότα
3577 3181 3772 3238 ἐπανα-

2121 3269 2409 3346 λαμϐάνει.
2473 3269 2715 3326 Διδάσκει
2778 3269 2833 3326 δὲ
2905 3270 2958 3325 ἐν
3019 3271 3100 3331 οἷς
3156 3271 3392 3346 γέγονεν,
3434 3271 3484 3325 ἐν
3542 3276 3623 3344 τῷ
3671 3273 3773 3340 τῆς

2119 3363 2386 3438 ἁμαρτίας
2439 3360 2773 3433 ὀλισθήματι
2830 3360 3152 3434 περιπεσών·
3211 3359 3272 3413 οὗ
3332 3359 3493 3435 χάριν
3549 3361 3766 3429 καὶτήν

2117 3457 2289 3507 πᾶσαν
2349 3456 2586 3505 ποιεῖται
2647 3447 3064 3524 ἐξομολόγησιν.
3128 3447 3586 3522 Ἑταλαιπώρησα
3643 3447 3762 3515 οὖν,

2117 3542 2208 3595 καὶ
2261 3541 2670 3616 κατεκάμιρθην,
2743 3539 2828 3592 καὶ
2911 3539 3312 3611 σκυθρωπάζων
3397 3536 3762 3610 ἐπορευόμην,

2116 3631 2205 3684 καὶ
2273 3628 2637 3697 ἐταπεινώθην
2725 3630 2855 3699 (64),
2937 3649 3024 3702 καί
3096 3626 3359 3701 ὠρυόμην
3417 3627 3523 3681 ἀπὸ
3583 3647 3764 3681 στενα-

2117 3723 2264 3793 γμοῦ
2320 3726 2420 3788 τῆς
2478 3715 2702 3794 καρδίας
2763 3739 2886 3789 μου.
2944 3717 3037 3778 Εἷς
3077 3718 3248 3770 πάντα
3299 3720 3467 3771 ταῦτα
3493 3715 3764 3786 ἐλήλυθα·

2118 3806 2303 3877 ἐπειδὴ
2371 3809 2474 3882 γὰρ
2528 3810 2702 3881 καιρῷ
2759 3827 2867 3860 τινι
2932 3807 2994 3861 Ἦ
3045 3803 3239 3880 καρδία
3300 3826 3405 3877 μου
3464 3803 3766 3880 ἐταράχθη,

2114 3896 2205 3952 καί
2248 3895 2566 3972 ἐγκατέλιπέ
2621 3916 2687 3968 με
2735 3896 2769 3964 ἡ
2825 3892 2980 3970 ἰσχὺς
3044 3915 3172 3967 μου,
3231 3893 3321 3948 καὶ
3380 3893 3443 3948 τὸ
3491 3898 3607 3969 φῶς
3654 3898 3764 3950 τῶν

2115 3987 2413 4062 ὀφθαλμῶν
2486 4007 2612 4058 μου,
2692 3983 2782 4039 καὶ
2867 3982 2996 4038 αὐτὸ
3063 3983 3161 4038 οὐκ
3229 3978 3370 4038 ἔστιν
3436 3984 3551 4057 μετ’
3609 3984 3766 4056 ἐμοῦ.

2114 4078 2258 4132 Κατᾶ
2287 4077 2385 4151 γὰρ
2433 4076 2523 4130 τὸν
2579 4081 2680 4143 τῆς
2730 4075 2998 4150 ἁμαρτίας
3043 4074 3251 4148 καιρὸν,
3295 4071 3357 4128 οὗ
3415 4072 3608 4147 μικρὰν
3669 4073 3769 4128 ὑπ-

2114 4166 2318 4238 έμεινεν
2363 4164 2527 4220 αὐτοῦ
2575 4164 2823 4238 ταραχὴν
2871 4162 2935 4217 τὸ
2966 4160 3331 4233 διανοητικὸν,
3384 4162 3644 4238 συγχυθὶν
3677 4162 3766 4217 καὶ

2111 4256 2377 4318 σκοτωθὲν
2431 4254 2534 4309 ὑπὸ
2581 4257 2679 4308 τοῦ
2724 4253 2824 4320 τὴν
2877 4252 3142 4325 ἁμαροίαν
3174 4251 3537 4327 ἐνεργοῦντος,
3571 4253 3647 4314 ὡς
3678 4252 3768 4306 καὶ

2112 4345 2190 4409 είς
2231 4342 2538 4422 ἀφροσύνην
2566 4346 2770 4396 πεσεῖν·
2827 4342 2917 4396 Διὸ
2965 4342 3052 4395 καὶ
3104 4341 3358 4415 ἀνωτέρω
3388 4339 3563 4416 ἔλεγεο
3598 4347 3770 4416 Προσ-

351 4429 631 4500 sipientiae
653 4433 1262 4491 me2.Conturbatum
1295 4441 1384 4492 est
1441 4438 1640 4510 itaque
1697 4455 1796 4494 cor
1847 4441 1994 4510 ejus,

2122 4437 2313 4504 ὑζεσαν
2353 4433 2442 4488 καὶ
2492 4432 2763 4500 ἐσάπησαν
2815 4431 2867 4485 οἱ
2921 4428 3216 4504 μώλωπες,
3281 4435 3386 4502 μοῦ
3438 4431 3544 4486 ἀπὸ
3596 4451 3762 4504 προσ-

353 4521 591 4589 quando
621 4522 681 4577 in
715 4523 1054 4594 insipientia
1086 4525 1218 4594 fuit,
1249 4530 1305 4582 et
1330 4544 1362 4582 a
1404 4526 1622 4584 virtute
1681 4529 2002 4602 prudentia:

349 4609 588 4678 excidit,
613 4616 791 4684 atque
820 4613 1170 4686 insipientia
1200 4633 1375 4689 opera
1404 4617 1673 4689 patravit.
1705 4619 1869 4674 Tunc
1900 4636 2003 4674 au-

349 4702 470 4753 tem
504 4703 562 4754 et
585 4700 898 4774 dereliquit
927 4697 1270 4760 eum'virtus
1304 4706 1512 4778 ipsius.
1538 4707 1662 4766 Non
1696 4707 1852 4763 enim
1886 4725 2005 4763 am-

351 4786 509 4860 plius
541 4788 732 4847 dicere
765 4797 1028 4863 poterat:
1062 4795 1263 4853 Omnia
1283 4800 1506 4868 possunt
1536 4798 1597 4852 in
1653 4813 1714 4854 eo
1767 4799 1866 4869 qui
1920 4813 2008 4852 me

348 4881 618 4950 canfortat
649 4882 880 4940 Christo
908 4885 973 4940 ι’.
1006 4885 1197 4942 victus
1228 4885 1450 4943 scilicet
1481 4903 1513 4943 a
1543 4887 1890 4961 cupiditate,
1941 4903 2008 4944 ac

424 5017 469 5052 ¹²
501 5019 713 5093 Phinp.
747 5037 824 5091 iv,
849 5020 937 5077 13.

421 5154 654 5236 (69)_Sic
688 5161 938 5236 quatuor
960 5176 1102 5236 m_ss.
1135 5161 1201 5236 At
1252 5157 1426 5236 editi,
1474 5158 1524 5213 ἐν
1583 5156 1822 5232 ἐμαυτῷ.
1881 5159 2009 5215 δίο.-

347 5225 456 5306 tim
488 5225 664 5306 iidem
697 5225 1254 5306 mss.,_tm8eixv6w.
1288 5225 1466 5288 Paulo
1494 5225 1628 5306 post
1650 5225 2006 5305 Reg.secun-

353 5298 500 5374 duis,
522 5295 724 5374 tvﬁépo‘i
751 5295 1084 5374 ὤρυόμενος.

422 5371 810 5448 (til)_Codices'
838 5371 953 5429 tres
1101 5379 1227 5448 blox
1249 5375 1363 5430 duo
1395 5393 1564 5441 mss.,
1616 5373 1825 5448 βούλει.

424 5433 705 5516 (δελξροιδ.
767 5452 987 5501 sextus.
1021 5433 1377 5516 ἐξεϐιάσαντο.

424 5511 538 5588 (63)
571 5517 716 5571 Eilili
752 5523 807 5572 et
839 5519 1023 5574 nostri
1056 5511 1220 5585 mss.,
1273 5514 1666 5588 ἀναπέμπεται,
1727 5517 1865 5573 illuc
1919 5533 2004 5572 re-

351 5587 614 5641 mittitur.
649 5590 755 5644 Sed
776 5607 908 5646 cum
943 5609 1056 5647 non
1089 5593 1394 5646 videamus
1427 5587 1644 5644 remitti
1676 5588 1771 5645 hic
1827 5589 2003 5645 lecto-

353 5673 476 5734 rem
509 5660 592 5734 ad
615 5659 1052 5734 inscriptionem
1075 5662 1310 5734 psalmi,
1336 5662 1457 5734 vix,
1486 5677 1615 5734 meo
1635 5661 1997 5734 _quidemju-

353 5678 476 5713 rem
509 5678 580 5714 aa
615 5678 1052 5734 inscriptionem
1075 5678 1310 5734 psaimi,
1341 5678 1457 5727 Vix,
1486 5678 1615 5717 meo
1645 5678 1997 5791 quidemfu-

351 5729 528 5803 dicio,
560 5731 810 5793 dubium
842 5751 971 5795 esse
999 5739 1217 5810 potest,
1249 5731 1395 5806 quin
1423 5747 1492 5790 ea
1513 5731 1686 5792 lectio
1716 5732 1778 5791 in
1837 5733 1894 5792 t‘a
1919 5733 2002 5792 sis

2113 4527 2268 4580 ώπου
2325 4530 2422 4592 τῆς
2496 4521 2798 4599 ἀφροσύνης
2884 4542 3034 4593 μου.
3105 4521 3415 4595 Ἐταράχθη
3499 4522 3677 4575 τοίνυν
3733 4524 3768 4591 ἡ

2113 4611 2312 4689 καρδία
2364 4611 2548 4678 αὐτοῦ,
2608 4610 2696 4665 ὅτε
2725 4609 2776 4664 ἐν
2805 4608 3083 4687 ῃφροσῦνῃ
3115 4606 3381 4682 ἐγεγόνει,
3417 4607 3506 4662 καὶ
3536 4615 3638 4678 τῆς
3674 4611 3770 4682 μὶν

2115 4702 2253 4759 κατᾶ
2298 4703 2397 4769 τὴν
2447 4699 2708 4778 φρόνησιν
2760 4701 2950 4773 ἀρετῆς
3003 4697 3282 4769 ἐξέπιπτεν
3344 4694 3471 4773 ἔργα
3515 4697 3572 4752 δὲ
3599 4699 3768 4775 ἀφρο-

2119 4792 2288 4861 σύνης
2346 4785 2594 4863 ἔπραττε.
2669 4787 2799 4842 Τότε
2863 4785 2920 4842 δὶ
2976 4786 3065 4843 καί
3121 4783 3468 4862 ἐγκατέλιπεν
3526 4788 3690 4842 αὐτὸν
3731 4791 3766 4858 ὴ

2124 4881 2312 4956 ἰσχὺέ
2334 4879 2520 4935 αὐτοῦ·
2575 4876 2757 4934 οὖκέτι
2802 4879 2907 4955 γὰρ
2957 4878 3072 4940 οἷός
3119 4897 3178 4932 τε
3227 4877 3294 4946 ἦν
3346 4874 3547 4952 λέγειν·
3589 4879 3770 4933 Πάντα

2118 5154 2388 5228 ponenda
2418 5153 2514 5218 sit,
2548 5149 2996 5228 Restituendum
3028 5147 3213 5228 igitur
3241 5149 3580 5228 censuimus
3612 5150 3769 5228 hunc

2117 5219 2310 5283 locum
2343 5242 2412 5282 ex
2443 5225 2716 5290 Eusebio,
2747 5223 2904 5296 apud
2937 5219 3109 5294 quem
3142 5219 3583 5292 ἀναπεμπάζεται
3642 5225 3762 5279 edi-

2115 5304 2243 5355 tum
2274 5298 2620 5355 invenimus.
2651 5302 2770 5352 Hoc
2801 5301 2909 5360 est,
2962 5297 3250 5365 praeterita
3304 5302 3548 5365 reputat.
3600 5300 3764 5352 Certe

2117 5371 2375 5427 nominis
2406 5370 2733 5426 similitudo
2758 5373 2823 5423 ut
2854 5366 3135 5441 fefellerat
3165 5366 3456 5441 librarios,
3479 5367 3767 5441 itaipsum

2116 5443 2489 5514 interpretem
2531 5442 2760 5498 Eusebii
2807 5438 3030 5505 fefellit,
3091 5438 3193 5514 qui
3233 5440 3357 5514 _sic_
3389 5438 3770 5514 vertitfiiluc

2114 5507 2431 5572 remittitur.
2464 5515 2682 5571 Ibidem
2714 5514 2830 5569 duo
2859 5507 3126 5581 mss.,-rat
3153 5507 3381 5581 παλαια.
3407 5512 3628 5567 Rursus
3658 5511 3768 5568 hoc

2112 5588 2241 5661 ipso
2261 5587 2487 5661 _in_loco
2520 5592 2657 5659 Reg.
2683 5585 3001 5661 secundus,
3015 5576 3513 5661 'énavalgpﬁva:

2185 5661 2204 5733 (
2247 5659 2300 5732 4)
2321 5658 2460 5734 Reg.
2493 5650 2814 5726 secundus,
2847 5650 3212 5726 ἐταπεινώθην
3239 5650 3345 5719 ἕως
3373 5651 3601 5730 σφόδρα.
