4154 6384
339 390 420 451 97
1442 383 1773 445 HOMILIA
1809 381 1891 443 IN
1935 379 2319 444 PSALMUM
2361 379 2658 442 XXXVII.
3678 375 3760 436 98

343 520 523 598 ἰσχύω
580 519 635 577 έν
689 524 771 592 τῷ
829 515 1211 591 ἐνδυναμοῦντί
1289 537 1357 590 με
1427 518 1694 588 Χριστῷ,
1748 513 1993 584 νικηθεὶς

2129 513 2330 569 riribus
2361 513 2699 569 destitutus.
2740 512 2971 568 Etenim
2997 511 3058 566 in
3097 511 3192 577 iis,
3244 511 3342 582 qui
3395 527 3465 567 ex
3519 509 3760 566 virtutis

351 612 453 668 ὑπὸ
495 614 592 665 τοῦ
631 608 831 671 πάθους
888 609 978 663 καὶ
1037 606 1378 678 έξατονήσας.
1411 604 1534 662 Ἐπὶ
1587 604 1682 678 μὶν
1734 604 1835 678 γὰρ
1888 607 1995 658 τῶν

348 698 756 776 κατορθούντων
794 717 806 731 ’
869 698 947 754 Τὸ
1025 701 1238 769 πνεῦμα
1293 696 1614 770 πρόθυμον,
1671 696 1706 763 ἡ
1761 692 1818 747 δὲ
1872 692 1998 768 σὰρξ

351 789 601 859 ἀσθενής·
631 786 717 843 ἐπὶ
775 784 833 842 δὲ
887 791 995 841 τῶν
1045 784 1358 858 νικωμένων
1413 786 1447 853 ἠ
1503 783 1630 860 σάρξ
1682 783 2000 856 κατεπαίρε-

350 900 438 934 ται
491 878 580 933 καὶ
635 876 934 952 κατισχύει,
966 875 1147 930 ἀτονεῖ
1205 872 1261 928 δὲ
1311 874 1400 928 καὶ
1459 872 1717 944 έξασθενεῖ
1747 875 1780 941 ἡ
1823 873 2000 946 ψυχή.

352 969 485 1022 Τότε
507 968 620 1034 οὗν,
655 967 840 1042 φησὶν,
875 967 963 1019 ὅτε
1013 963 1346 1039 ἡμάρτανον,
1380 965 1414 1031 ἡ
1463 959 1661 1038 καρδία
1721 981 1825 1033 μου
1880 959 2003 1014 έτα-

358 1059 560 1133 ράχθη,
593 1055 681 1110 καὶ
714 1052 1036 1128 έγκατέλιπέ
1074 1074 1138 1126 με
1167 1050 1396 1130 ἡ.ἴσχύς
1455 1073 1581 1125 μου,
1609 1051 1698 1105 καὶ
1755 1050 1896 1104 ἄλλο
1951 1070 2003 1102 τι

356 1145 598 1221 χαλεπὸν
661 1143 784 1217 περὶ
839 1141 936 1216 ἐμὲ
991 1142 1184 1218 γέγονε
1243 1145 1377 1214 (65).
1438 1142 1511 1195 Τὸ
1567 1141 1669 1215 γὰρ
1727 1144 1841 1217 φῶς
1897 1142 2005 1193 τῶν

357 1231 658 1312 ὀφθαλμῶν
692 1253 797 1306 μου
840 1235 1019 1305 (τοῦτο
1053 1229 1111 1285 δὶ
1139 1231 1205 1298 ἦν
1261 1231 1326 1285 τὸ
1372 1229 1710 1307 προφητικὸν
1766 1232 2004 1300 Πνεῦμα,

355 1323 419 1379 τὸ
451 1321 689 1401 φωτίζον
748 1320 914 1375 αὐτοῦ
969 1326 1070 1389 τῆς
1123 1322 1310 1396 ψυχῆς
1335 1319 1436 1388 τὴν
1480 1317 1712 1392 ὅρασιν),
1742 1314 1829 1371 καί
1877 1315 2008 1370 αὐτὸ

361 1411 460 1468 οὐκ
516 1411 583 1480 ἦν
641 1410 758 1483 μετ’
786 1407 946 1481 ἐμοῦ,
995 1405 1325 1482 καταλιῖψάν
1380 1428 1445 1480 με
1485 1406 1575 1462 καὶ
1621 1405 2006 1480 ἀναχωρῆσαν,

354 1500 507 1556 Ἐπεὶ
604 1498 680 1561 εἰς
768 1497 1098 1573 κακότεχνον
1187 1498 1372 1572 ψυχήν
1466 1495 1568 1550 οὐκ
1651 1493 2008 1548 εἰσελεύσεται

359 1588 560 1666 σοφία,
637 1585 766 1642 οὐδὲ
857 1588 1169 1655 κατοικήσει
1259 1584 1310 1640 έν
1415 1584 1630 1657 σώματι
1717 1581 2009 1657 κατάχρεῳ

363 1680 668 1752 ἁμαρτίας.
723 1679 915 1750 ’Ἃγιον
986 1674 1084 1751 γὸρ
1153 1676 1376 1747 Πνεῦμα
1447 1671 1695 1736 παιδείας
1768 1671 2010 1750 φεύξεται

364 1765 526 1822 δόλον
562 1812 576 1838 ,
641 1765 732 1821 καὶ
814 1765 1244 1834 ἀπαναστήσεται
1329 1765 1443 1836 (66)
1537 1763 1641 1816 ἀπὸ
1727 1761 2009 1836 λογισμῶν

364 1855 654 1912 ἀσυνέτων.
687 1855 1076 1930 ’Δναχωρῆσαν
1131 1852 1310 1907 τοίνυν
1357 1853 1445 1906 ἀπ’
1477 1850 1642 1906 αὐτοῦ
1687 1851 1750 1906 τὸ
1794 1853 2014 1923 Ηνεῦμα

360 1947 424 2001 τὸ
455 1946 633 2021 ἅγιον,
667 1940 872 2019 ἔρημον
902 1942 1062 1998 αὐτὸν
1107 1939 1393 1997 κατέλιπεν
1449 1941 1582 2013 μετᾶ
1623 1941 1685 1995 τὸ
1731 1942 2013 2016 ταραχθῆ-

362 2057 448 2090 ναι
512 2033 676 2088 αύτοῦ
721 2033 820 2100 τήν
872 2029 1118 2106 καρδίαν,
1174 2031 1264 2085 καὶ
1312 2030 1628 2100 έξατονῆσαι
1694 2029 1860 2084 αὐτοῦ
1913 2030 2012 2098 τὴν

365 2123 550 2200 ίσχύι.
583 2124 715 2178 Τότε
764 2122 868 2198 γὰρ
917 2120 1004 2175 καὶ
1048 2121 1110 2175 τὸ
1160 2124 1275 2196 φῶς
1324 2124 1430 2174 τῶν
1491 2118 1787 2198 ὀφθαλμῶν
1849 2119 2016 2173 αὐτοῦ

362 2211 568 2286 ἔρημον
629 2211 788 2265 αὐτὸν
840 2208 1032 2266 εἷάσεν.
1064 2207 1242 2264 Ἀλλὰ
1296 2208 1387 2262 καὶ
1447 2209 1498 2262 οἱ
1531 2207 1792 2282 πρότερον
1851 2208 2016 2262 αὐτοῦ

361 2301 535 2380 φίλοι,
565 2301 656 2357 καὶ
711 2302 763 2356 οἱ
809 2299 1047 2372 πλησίον
1107 2300 1294 2372 αὐτοῦ,
1349 2301 1400 2353 οἱ
1450 2304 1542 2354 τὸν
1592 2299 1766 2354 πάντα
1817 2299 2014 2374 χρόνον

362 2392 511 2464 αὐτῷ
569 2390 832 2461 συνόντες,
877 2389 1124 2452 ἐάσαντες
1187 2389 1368 2456 αὐτὸν,
1429 2388 1707 2463 Μακρόθεν
1766 2383 2012 2458 ἔστησαν,

364 2479 548 2536 οὐκέτι
602 2479 748 2551 αὐτῷ
798 2484 1031 2533 συνεῖναι
1113 2477 1466 2553 βουλόμενοι,
1516 2477 1796 2552 πόρρωθεν
1877 2478 2017 2531 ἀπο-

363 2564 727 2642 κλαιόμενοι,
787 2569 862 2631 ὡς
917 2561 1098 2636 ἔοικε,
1158 2566 1324 2644 φίλου
1382 2567 1692 2644 συμφοράν.
1753 2564 1908 2629 Τίνες
1960 2562 2018 2620 δὲ

367 2657 528 2726 ἦσαν,
563 2656 688 2712 ἀλλ’
721 2655 756 2724 ἢ
807 2657 860 2710 οἱ
910 2654 997 2710 ἐπὶ
1055 2661 1171 2717 τοῖς
1226 2655 1516 2730 προτέροις
1571 2656 1735 2710 αὐτοῦ
1793 2656 2014 2730 ἀγαθοῖς

368 2744 678 2822 χποίροντες,
738 2744 962 2821 ἄγγελοι
1023 2742 1239 2815 δηλαδή
1317 2745 1506 2821 ἀγαθοὶ
1563 2747 1652 2800 καὶ
1706 2743 2015 2819 λειτουργοὶ

365 2837 522 2899 Θεοῦ,
553 2836 622 2906 τῇ
653 2837 760 2887 τῶν
804 2831 1105 2906 ἀνθρώπων
1157 2832 1468 2909 συγχαίρειν
1525 2832 1776 2898 εἷωθότες
1837 2853 2016 2903 σωτη-

367 2921 492 2998 ρίᾳ;
522 2919 576 2976 εἷ’
599 2942 682 2996 γε,
715 2921 803 2976 έπὶ
836 2920 1152 2997 ἁμαρτωλῷ
1187 2926 1560 2994 μετανοοῦντι,
1592 2922 1643 2976 έν
1692 2927 1811 2987 τοῖς
1858 2922 2017 2999 ούρα-

361 3017 476 3073 νοῖς
517 3012 664 3087 χαρά
707 3011 906 3085 γίνεται
932 3029 944 3044 °
995 3010 1094 3066 Καὶ
1133 3007 1472 3087 περεμϐαλεῖ
1521 3011 1748 3088 ἄγγελος
1810 3011 2018 3086 Κυρίου

365 3097 558 3172 κύκλῳ
602 3104 710 3154 τῶν
765 3095 1122 3176 φοϐουμένων
1174 3100 1356 3156 αὐτόν.
1388 3099 1486 3153 Καὶ
1547 3101 1695 3153 οὗτοι
1755 3098 1846 3153 οὖν
1883 3098 2017 3152 πάν-

365 3208 453 3250 τες
481 3189 533 3242 οἱ
551 3191 650 3242 τοῦ
678 3183 846 3242 Δαϐἱδ
878 3186 1053 3264 φίλοι,
1087 3188 1222 3241 κατὰ
1262 3187 1356 3241 τὸν
1393 3190 1494 3252 τῆς
1543 3186 1807 3262 ἁμαρτίας
1856 3185 2018 3241 αὐτοῦ

2044 1897 2091 1961 Β

2109 603 2447 676 praescripto
2497 607 2700 673 agunt,
2757 603 3005 671 Spiritu:
3051 602 3273 673 quidem
3323 605 3610 672 promptus
3654 604 3758 665 est,

2109 709 2237 748 caro
2272 695 2458 747 tamen
2486 692 2719 762 inﬁrma
2750 692 2792 726 ¹³
2824 708 2837 759 ;
2872 691 2932 745 in
2963 690 3035 745 iis
3068 706 3223 758 vero,
3257 689 3357 760 qui
3415 690 3756 754 vincuntur,

2111 782 2347 837 effertur
2375 797 2531 848 caro,
2565 779 2967 846 etinvalescit,
3001 780 3197 835 anima
3226 794 3360 833 vero
3408 777 3650 850 languet
3692 793 3757 832 ac

2112 869 2473 925 debilitatur.
2508 870 2672 924 Tunc
2700 868 3149 940 igitur,ait,cum
3183 868 3541 938 peccavi,cor
3561 882 3757 921 meum

2113 960 2529 1016 conturbatum
2562 963 2669 1025 est,
2702 957 3132 1029 dereliquitque
3164 973 3256 1011 me
3286 957 3471 1011 virtus
3530 973 3681 1020 mea,
3705 961 3762 1010 et

2115 1048 2274 1104 aliud
2308 1048 2608 1119 quidpiam
2643 1063 2815 1119 grave
2863 1047 3007 1101 mihi
3068 1046 3297 1101 accidit.
3337 1047 3547 1101 Lumen
3601 1045 3759 1101 enim

2116 1139 2403 1193 oculorum
2434 1153 2679 1192 meorum
2701 1137 2835 1208 (hoc
2866 1141 3062 1191 autem
3094 1141 3218 1190 erat
3249 1137 3629 1207 propheticus
3660 1134 3761 1206 Spi

2117 1227 2290 1295 ritus,
2317 1227 2410 1297 qui
2435 1225 2623 1282 visum
2646 1225 2855 1281 animae
2887 1225 3074 1296 ipsius
3104 1224 3482 1294 illustrahat),
3501 1233 3554 1279 et
3583 1226 3764 1295 ipsum

2115 1333 2234 1371 non
2259 1320 2377 1371 erat
2397 1332 2607 1372 mecum
2625 1333 2642 1370 :
2673 1331 2765 1371 me
2795 1315 3012 1386 quippe
3041 1313 3433 1385 dereliquerat
3487 1330 3554 1368 ac
3576 1328 3765 1368 reces-

2119 1410 2298 1471 serat,
2330 1407 2479 1475 Quia
2507 1423 2570 1461 ιη
2596 1405 2924 1461 malevotam
2962 1406 3219 1459 animam
3237 1419 3357 1458 non
3395 1402 3650 1458 introibit
3679 1418 3766 1457 sa-

2117 1498 2346 1568 pientia,
2378 1511 2476 1550 nec
2517 1496 2796 1552 habitabit
2851 1496 2912 1550 in
2969 1509 3192 1565 corpore
3238 1493 3453 1548 subdito
3507 1493 3767 1563 peccatis.

2120 1584 2359 1656 Spiritus
2388 1587 2538 1640 enim
2563 1593 2786 1640 sanctus
2840 1584 3153 1654 disciplinae
3208 1585 3433 1654 eﬁugiet
3483 1583 3685 1649 dolum,
3719 1590 3771 1637 et

2119 1677 2340 1747 auferet
2358 1691 2414 1730 se
2443 1691 2478 1729 a
2497 1674 3079 1745 cogitationibusque?
3107 1677 3238 1728 sunt
3258 1675 3380 1728 sine
3396 1673 3678 1727 intellectu
3700 1673 3768 1727 1‘.

2121 1766 2318 1835 Itaque
2349 1762 2529 1819 simul
2561 1767 2626 1819 ut
2654 1762 2909 1834 Spiritus
2939 1765 3182 1818 sanctus
3231 1761 3304 1816 ab
3362 1760 3464 1815 illo
3501 1761 3768 1827 recessit,

2121 1852 2361 1924 reliquit
2391 1869 2526 1908 eum
2561 1851 2912 1919 desolatum,
2945 1857 3330 1924 posteaquam
3352 1850 3768 1906 conturbatum

2125 1942 2316 1998 fuerat
2345 1959 2444 1998 cor
2472 1942 2621 2012 ejus,
2657 1957 2723 1996 ac
2749 1942 2942 1996 fractas
2973 1941 3204 1995 fuerant
3224 1939 3385 1994 illius
3399 1939 3572 1994 vires.
3603 1939 3770 1994 Tunc

2124 2031 2281 2087 enim
2313 2036 2372 2087 et
2400 2030 2599 2086 lumen
2622 2029 2928 2086 oculorum
2959 2031 3087 2100 ejus
3116 2028 3313 2101 ipsum
3335 2027 3647 2100 dereliquit
3669 2029 3770 2083 de-

2125 2120 2531 2177 solatum.Imo
2561 2121 2736 2176 etiam
2772 2120 2870 2190 qui
2895 2124 3067 2175 antea
3096 2119 3268 2174 amici
3297 2125 3354 2174 et
3372 2118 3616 2189 proximi
3640 2118 3770 2188 ejus
3795 2173 3808 2184 ,

2126 2213 2314 2274 erant,
2347 2211 2447 2281 qui
2479 2226 2614 2264 cum
2643 2209 2774 2276 ipso
2832 2209 2994 2263 omni
3047 2213 3309 2278 tempore
3362 2207 3648 2277 vixerant,
3703 2223 3771 2262 eo

2126 2299 2350 2366 relicto,
2384 2299 2457 2354 De
2486 2300 2645 2368 longe
2671 2303 2961 2369 steterunt,
2993 2314 3127 2353 cum
3173 2297 3397 2352 nollent
3457 2296 3607 2352 ultra
3637 2312 3773 2351 cum

2127 2389 2255 2457 ipso
2276 2388 2509 2457 degere,
2536 2388 2637 2443 sed
2670 2386 2894 2458 procul,
2922 2395 2984 2441 ut
3029 2387 3278 2453 videtur,
3328 2385 3500 2440 amici
3538 2385 3774 2441 calami-

2127 2484 2306 2534 tatem
2349 2477 2752 2550 deplorabant.
2785 2479 3032 2544 Quinam
3060 2484 3256 2534 autem
3296 2477 3402 2544 illi,
3438 2477 3550 2531 nisi
3575 2476 3674 2548 qui
3705 2476 3776 2532 de

2128 2567 2423 2640 prioribus
2455 2569 2583 2640 ejus
2618 2567 2787 2623 bonis
2835 2567 3205 2638 laetabantur,
3266 2565 3537 2621 videlicet
3584 2565 3777 2637 angeli

2129 2657 2264 2713 boni
2296 2673 2363 2712 ac
2395 2657 2650 2713 ministri
2681 2656 2806 2725 Dei,
2837 2657 2938 2728 qui
2969 2657 3040 2712 de
3073 2656 3381 2712 hominum
3437 2655 3629 2710 salute
3659 2672 3779 2710 una

2127 2747 2378 2816 gaudere
2405 2745 2868 2817 solent?Quippe
2899 2747 2972 2801 ob
3004 2751 3366 2817 peccatorem
3399 2743 3778 2816 pmnitentem

2125 2835 2404 2906 gaudium
2435 2835 2496 2890 in
2545 2835 2707 2891 caalis
2762 2836 3024 2890 exoritur
3056 2836 3099 2870 ιδ
3132 2853 3144 2890 :
3171 2837 3236 2889 Et
3264 2843 3455 2889 castra
3481 2835 3782 2889 metabitur

2127 2924 2354 2994 angelus
2379 2925 2602 2979 Domini
2627 2926 2686 2978 in
2716 2926 2953 2979 rircuitu
2973 2925 3291 2980 timentium
3341 2939 3469 2978 eum
3501 2923 3564 2978 1⁸.
3617 2923 3688 2978 Et
3719 2921 3778 2977 hi

2125 3013 2310 3082 igitur
2338 3028 2543 3068 omnes
2573 3012 2812 3067 Davidis
2843 3012 3265 3083 amici,peccati
3297 3011 3486 3081 ipsius
3516 3017 3782 3082 tempore

2129 3105 2498 3155 recesserunt
2529 3105 2866 3156 aversantes
2901 3119 2914 3167 ;
2948 3117 3066 3156 non
3111 3106 3309 3155 tamen
3345 3100 3579 3170 penitus
3607 3099 3776 3154 illum

2131 3189 2539 3254 deseruerunt,
2573 3194 2633 3242 at
2663 3189 2833 3258 longe
2864 3194 3087 3243 stantes
3117 3187 3416 3260 lugebant.
3436 3188 3611 3243 Docet
3640 3204 3783 3243 sane

363 3277 554 3352 καιρὸν
607 3275 922 3350 ἀνεχώρουν
999 3275 1506 3351 ἀποστρεφόμενον
1558 3274 1618 3329 οὗ
1680 3277 1786 3349 μὴν
1842 3276 2015 3346 πάντη

2135 3276 2421 3347 idipsum,
2453 3276 2654 3330 dicens
2680 3293 2692 3331 :
2726 3276 2908 3330 Amici
2926 3277 3038 3330 mei
3066 3279 3118 3330 et
3163 3277 3410 3346 proximi
3439 3277 3551 3329 mei
3584 3274 3784 3330 adver-

368 3364 530 3420 αὐτὸν
588 3363 1016 3437 κατελίμπανον,
1053 3364 1261 3437 μακρὰν
1323 3361 1380 3419 δὲ
1442 3364 1668 3425 ἑστῶτες
1699 3363 1976 3418 έπέστενον
2005 3382 2018 3395 ⁶

371 3455 400 3509 ὃ
433 3452 500 3522 δὴ
533 3452 624 3507 καὶ
655 3453 790 3507 αὐτὸ
820 3455 935 3526 (67)
968 3450 1230 3523 διδάσκει,
1263 3451 1456 3528 λέγων·
1490 3455 1558 3509 Οἱ
1590 3451 1744 3519 φίλοι
1796 3474 1902 3524 μου
1933 3451 2024 3507 καὶ

371 3543 424 3598 οἳ
503 3541 739 3612 πλησίον
832 3563 938 3615 μου
996 3540 1046 3614 ἐξ
1102 3539 1341 3602 έναντίας
1419 3563 1523 3614 μου
1606 3539 1874 3616 ἤγγισαν,
1933 3541 2022 3596 καὶ

371 3630 624 3702 ἔστησαν.
676 3630 774 3686 Καὶ
825 3631 878 3686 οἱ
929 3628 1149 3706 ἔγγιστά
1201 3651 1328 3705 μου,
1379 3630 1486 3686 ἀπὸ
1543 3630 1806 3704 μακρόθεν
1865 3629 2024 3699 ἔστη-

370 3742 488 3777 σαν.
521 3724 614 3775 Ὧν
650 3719 857 3794 μακράν
913 3740 1018 3793 μου
1063 3723 1394 3793 γενομένων,
1431 3718 1594 3775 ἄλλοι
1640 3720 1783 3781 τινὲς
1824 3720 1874 3774 οἱ
1923 3720 2020 3788 τὴν

372 3807 638 3884 ἁμαρτίαν
713 3807 1056 3883 ἐνεργοῦντες
1121 3807 1355 3878 πλησίον
1417 3830 1521 3881 μου
1576 3808 1894 3883 γενόμενοι,
1939 3809 2024 3879 ἐξ·

375 3893 679 3966 εὸιάζοντο,
712 3897 803 3951 καὶ
834 3903 932 3966 τῆς
985 3895 1126 3970 έμῆς
1174 3900 1359 3972 ψυχῆς
1408 3898 1753 3966 κατέπαιζον.
1789 3897 1882 3951 Διὸ
1930 3896 2023 3952 έπ-

370 3987 512 4062 ἀγει,
549 3985 726 4061 λέγων
754 4004 766 4017 ’
811 3980 1184 4055 Ἐξεϐιάζοντο
1231 3987 1286 4039 οἱ
1333 3991 1634 4056 ζητοῦντες
1678 3987 1778 4056 τήν
1835 3987 2022 4061 ψυχήν

375 4095 499 4148 μου·
533 4075 625 4130 καὶ
685 4076 739 4128 οἱ
800 4077 1085 4144 ζητοῦντες
1143 4074 1210 4128 τὰ
1262 4086 1401 4128 κακά
1457 4096 1549 4147 μοι
1606 4077 1717 4147 (68)
1749 4073 2022 4145 ἐλάλησαν

374 4164 787 4238 ματαιότητας,
854 4163 945 4217 καὶ
1028 4159 1353 4230 δολιότητας
1441 4161 1578 4232 ὅλην
1631 4165 1730 4233 τήν
1816 4163 2022 4238 ἡμέραν

371 4252 731 4326 ἐμελέτησαν.
790 4249 965 4307 Πάλαι
1029 4253 1130 4328 γὰρ
1193 4253 1342 4308 οὗτοι
1403 4249 1663 4326 διψῶντες
1726 4257 1823 4307 τοῦ
1892 4252 2026 4326 ἐμοῦ

372 4339 627 4414 αἵματος,
657 4341 748 4395 καὶ
792 4341 851 4395 έκ
885 4346 1109 4416 μακρῶν
1140 4340 1358 4416 χρόνων
1406 4340 1697 4417 εὐχόμενοι
1742 4342 2027 4405 θεάσασθαί

375 4452 479 4503 μου
508 4432 608 4500 τήν
654 4434 883 4498 πτῶσιν,
912 4430 1109 4484 ὡσανεὶ
1156 4435 1348 4502 καιροῦ
1398 4427 1716 4504 λαϐόμενοι,
1749 4431 1838 4486 ὅτε
1886 4429 2026 4486 εἶδον

367 4518 768 4592 καταλείψασαν
805 4541 870 4592 με
903 4521 1014 4593 (69)
1039 4520 1139 4588 τὴν
1176 4517 1334 4593 ἷσχύν
1372 4541 1498 4593 μου,
1531 4520 1620 4575 καὶ
1663 4521 1725 4575 τὸ
1756 4525 1869 4598 φῶς
1917 4526 2026 4576 τῶν

2133 3381 2258 3420 sum
2287 3381 2372 3420 me
2401 3366 3001 3436 approoinquaverunt,
3023 3369 3076 3419 et
3102 3372 3385 3419 steterunt.
3417 3367 3480 3419 Et
3501 3366 3597 3435 qui
3613 3365 3785 3434 juxta

2132 3471 2219 3508 me
2247 3456 2427 3522 erant,
2458 3453 2526 3507 de
2558 3453 2721 3522 longe
2748 3458 3034 3509 steterunt.
3068 3453 3294 3518 Quibus
3341 3454 3542 3524 procul
3575 3470 3667 3508 me
3688 3469 3787 3525 po-

2134 3543 2288 3608 sitis,
2312 3541 2411 3596 alii
2443 3543 2686 3613 quidam
2719 3542 2938 3612 peccati
2969 3548 3238 3598 auctores
3259 3543 3432 3612 juxta
3479 3559 3572 3598 me
3631 3547 3789 3598 stan-

2134 3635 2246 3701 tes,
2277 3631 2396 3686 vim
2415 3631 2730 3700 faciebant,
2762 3638 2820 3686 et
2849 3632 3056 3686 animai
3088 3632 3240 3687 369
3267 3631 3594 3687 illudebant
3623 3648 3789 3687 meai.

2137 3721 2271 3776 Ideo
2299 3719 2536 3776 subdit:
2562 3720 2682 3775 Vim
2708 3721 2991 3791 faciebant
3010 3723 3110 3791 qui
3162 3723 3482 3792 quaerebant
3529 3726 3788 3778 animam

2133 3825 2315 3865 meam
2343 3826 2363 3864 :
2391 3819 2445 3864 et
2475 3812 2572 3881 qui
2600 3811 2959 3880 inquirebant
3009 3812 3157 3865 mala
3217 3809 3378 3877 mihi,
3438 3811 3607 3866 locuti
3660 3815 3790 3866 sunt

2134 3901 2431 3970 vanitates,
2465 3902 2518 3952 et
2573 3899 2720 3954 dolos
2768 3902 2881 3955 tota
2933 3898 3022 3955 die
3050 3899 3464 3954 mediabantur.
3525 3900 3587 3954 Hi
3621 3917 3787 3955 nam-

2136 4005 2251 4060 que
2280 3989 2420 4044 olim
2451 3987 2715 4043 sitientes
2746 3989 3088 4061 sanguinem
3123 3995 3523 4060 meum,atque
3545 4006 3578 4044 a
3601 3989 3790 4060 longis

2137 4083 2290 4134 retro
2320 4077 2690 4150 temporibus
2709 4083 3087 4150 peroptantes
3106 4077 3338 4133 ruinam
3357 4079 3551 4134 videre
3576 4095 3791 4147 meam,

2137 4167 2309 4238 quasi
2341 4168 2846 4238 opportunitatem
2879 4169 3054 4233 nacti,
3086 4168 3790 4223 cumviderentvirtutem

2137 4273 2329 4313 meam
2362 4273 2457 4311 me
2487 4255 2955 4327 dereliquisse,et
2978 4256 3174 4311 lumen
3199 4256 3500 4311 oculorum
3525 4273 3792 4312 meorum

2139 4363 2172 4400 a
2204 4362 2298 4401 me
2331 4344 2899 4412 recessisse,amicos
2929 4361 3162 4417 quoque
3183 4361 3344 4400 meos
3377 4351 3434 4400 et
3463 4362 3624 4401 meos
3655 4363 3794 4418 pro-

2135 4436 2329 4490 ximos
2363 4435 2562 4507 procul
2595 4451 2629 4489 a
2685 4450 2780 4489 me
2811 4441 3091 4502 remotos,
3139 4435 3444 4490 confestim
3504 4435 3797 4492 irruentes

2135 4526 2253 4580 vim
2287 4525 2582 4580 faciebant
2613 4523 2823 4580 animm
2857 4540 3035 4592 meas;
3070 4529 3476 4596 atque,utpote
3501 4524 3792 4592 malevoli,

369 4579 672 4686 ὀφθαλμῶν
711 4579 815 4682 μού
845 4579 1204 4684 ἀναχῶρησάν
1235 4579 1529 4681 gemmati}:
1575 4629 1633 4664 τε
1672 4579 1867 4687 φίλόυξ
1916 4632 2015 4683 μου

2138 4615 2328 4670 Locuti
2354 4617 2484 4668 sunt
2513 4613 2808 4678 vanitates,
2836 4613 2999 4668 intus
3026 4629 3330 4667 sermones
3361 4629 3541 4668 vanos
3581 4615 3787 4669 animas

367 4698 456 4752 καὶ
507 4697 638 4759 τοὺς
685 4695 925 4767 πλησίον
981 4717 1088 4769 μου
1141 4698 1346 4772 μακράν
1384 4718 1489 4770 μου
1532 4699 1890 4772 γενομένους’
1919 4720 2022 4754 πα-

372 4793 642 4862 ραχρῆμα
670 4783 1106 4857 ἐπιπηδήσαντες
1138 4781 1474 4856 ἐξεϐιάζοντο
1505 4790 1603 4857 τὴν
1645 4790 1838 4862 ψυχήν
1894 4809 2020 4860 μου,

369 4875 460 4932 καὶ
519 4876 594 4937 ὡς
651 4872 711 4929 ἂν
793 4873 1113 4929 έθελόκακοι
1148 4918 1162 4943 ,
1215 4874 1526 4945 Ἐλάλησαν
1606 4877 1973 4949 ματαιότητας
2006 4923 2021 4948 ,

369 4962 522 5020 ἔνδον
555 4958 963 5025 ὑποϐάλλοντές
1022 4984 1126 5036 μου
1155 4967 1223 5037 τῇ
1279 4967 1433 5039 ψυχῇ
1491 4963 1752 5038 ματαίους
1797 4963 2022 5039 λόγους.

2137 4719 2280 4758 mea
2311 4705 2718 4773 suggerentes,
2743 4704 2861 4757 imo
2917 4703 3094 4757 etiam
3126 4701 3326 4758 dolose
3363 4701 3790 4770 demulcentes,

2133 4807 2202 4847 ac
2223 4790 2603 4862 decipientes,
2635 4793 2805 4861 quasi
2839 4807 2933 4846 me
2961 4792 3031 4846 ad
3071 4791 3223 4846 bona
3248 4790 3614 4856 inescabant,
3649 4791 3790 4845 dum

2133 4879 2194 4934 in
2227 4885 2534 4951 peccatum
2563 4895 2656 4934 me
2675 4879 2999 4934 traherent.
3033 4880 3256 4935 Idcirco
3287 4878 3567 4947 subjicit:
3601 4882 3665 4935 Et
3691 4879 3794 4935 do-

2138 4970 2216 5024 los
2245 4978 2360 5025 tota
2387 4968 2476 5023 die
2503 4967 2938 5024 meditabantur.

370 5052 516 5110 ἀλλά
571 5054 661 5109 καὶ
711 5052 802 5108 σὺν
854 5050 1006 5126 δόλῳ
1055 5051 1337 5130 θέλγοντες
1382 5056 1472 5109 καὶ
1522 5055 1850 5126 ἀπατῶντες,
1883 5055 1958 5117 ὡς
2009 5054 2098 5110 ἰπὶ
2149 5055 2370 5130 ἀγαθοῖς
2407 5052 3094 5126 έδελέαζον,καθέλκοντές
3128 5078 3195 5130 με
3234 5054 3311 5117 είς
3353 5057 3452 5125 τὴν
3500 5055 3790 5130 ἁμαρτίαν.

373 5144 466 5198 Διὸ
495 5142 683 5218 ἐπάγει
712 5145 846 5216 (70)“
872 5142 977 5198 Καὶ
1010 5138 1340 5213 δολιύτητας
1374 5143 1510 5214 ὃλην
1543 5145 1640 5213 τήν
1669 5143 1879 5221 ἡμέραν
1905 5142 2260 5217 ἐμελέτησαν.

445 5251 489 5287 ¹³
519 5249 721 5308 Matth.
757 5268 907 5323 xxvr,
942 5251 1030 5307 41.
1063 5252 1109 5288 ¹⁴
1136 5255 1270 5325 Sap.
1307 5270 1345 5324 Ι,
1397 5254 1450 5324 4,
1481 5253 1534 5307 5.
1573 5254 1616 5290 ¹⁶
1676 5255 1808 5309 Luc.
1842 5269 1934 5325 xv,
1965 5253 2015 5310 7.

2136 5254 2292 5310 Psal.
2325 5268 2524 5320 xxxm,
2555 5253 2611 5307 8.

468 5357 557 5432 65)
574 5357 736 5432 Golh.
770 5353 1282 5432 primus,_i~{tvrro.

465 5430 558 5500 66)
587 5427 823 5484 Codices
853 5436 994 5498 tres,
1028 5427 1472 5500 ᾶπαναστήσεται.
1517 5436 1645 5490 Mox
1698 5432 1866 5498 editi,
1909 5430 2028 5485 τοί-

374 5517 466 5573 νυν
501 5499 686 5573 αὐτοῦ.
721 5502 860 5573 Reg.
891 5503 1211 5569 secundus,
1242 5499 1424 5573 τοίνυν
1470 5501 1562 5558 ἀπ’
1619 5503 1807 5568 αὐτοῦ,
1857 5505 2024 5560 bene.

373 5571 536 5648 Haud
575 5572 746 5648 longe
777 5571 898 5628 tres
931 5572 1512 5648 ωεξηκαταλέλοιπε.
1576 5578 1836 5633 Subinde
1887 5581 2027 5648 Reg.

377 5643 962 5722 tertius,_t5atovﬁcat
993 5643 1159 5722 αὐτοῦ
1187 5648 1286 5716 τὴν
1322 5649 1527 5722 ψυχήν.

449 5718 564 5789 (67)
589 5716 752 5774 Unus
783 5732 921 5787 ms.,
947 5713 1130 5779 αὐτός.

2207 5361 2321 5433 (68)
2353 5362 2439 5433 lla
2463 5358 2629 5414 multi
2660 5376 2806 5433 mss.
2840 5359 2906 5413 At
2931 5357 3092 5433 editi,
3127 5356 3212 5433 διὸ
3253 5356 3522 5433 ἐπιλέγει,
3579 5351 3791 5428 ἐξεϐιά-

2140 5429 2380 5500 ζωῆτοόἰ
2411 5435 2698 5500 ζητοῦντες
2725 5430 2792 5483 τὰ
2829 5429 2967 5482 κακά
3001 5451 3117 5500 μοι,
3153 5432 3306 5488 haud
3339 5429 3588 5502 integre.

2193 5505 2320 5592 ν(69)
2343 5505 2628 5592 Si‘olgolb.
2664 5503 2890 5574 primus
2921 5519 3054 5558 cum
3086 5510 3224 5578 Heg.
3268 5508 3543 5561 secundo.
3582 5503 3789 5557 Deerat

2144 5594 2327 5772 23;?)
2348 5577 2616 5772 12:51-33.
2649 5645 2802 5701 Editi
2831 5640 3078 5712 vero,8zb
3108 5645 3198 5700 καὶ
3229 5645 3314 5703 ἐπ.
3351 5633 3792 5718 Reg.secundus

2179 5738 2194 5772 ι
2287 5738 2347 5772 πι
2418 5737 2521 5772 γει.

2179 5737 2228 5772 ιο
2261 5737 2498 5793 επιΛεγει
2508 5759 2521 5775 .
