4154 6420
431 353 512 415 99
1375 349 1771 412 APPENDIX
1815 350 2142 414 OPERUM
2187 350 2256 413 S.
2301 349 2590 414 BASILII
2638 353 2916 420 MAGNI.

3737 353 3860 418 100

497 487 551 543 6.
587 486 763 542 Vsas.
790 486 880 558 14,
915 487 1004 544 15.
1038 492 1147 560 Ego
1176 494 1357 544 autem
1400 489 1668 558 tanquam
1718 485 1921 543 surdus
1975 502 2057 543 no:

2171 553 2174 560 _
2273 486 2326 541 6.
2380 485 2524 560 Ἐγὼ
2583 482 2641 541 δὲ
2700 485 2828 543 ὡσεὶ
2886 487 3072 567 κωφὸς
3129 487 3228 543 οὐκ
3281 483 3523 562 ἤκουον,
3581 487 3671 543 καὶ
3724 486 3852 544 ὡσεὶ

427 577 745 643 audiebam,
799 578 1024 632 etsieut
1071 580 1252 632 mutus
1324 591 1433 631 non
1495 578 1746 646 operiens
1802 593 1864 632 os
1912 593 2098 633 suum.

423 669 491 723 Et
515 670 695 739 factus
719 683 845 722 sum
881 668 1020 722 sicut
1049 667 1206 721 homo
1257 681 1368 720 non
1423 665 1680 736 audiens,
1735 670 1787 721 et
1838 683 1948 722 non
1988 666 2089 720 ha-

426 757 554 813 bens
587 759 649 813 in
685 773 782 812 ore
807 772 903 812 suo
935 756 1377 826 redargutiones.
1411 759 1732 826 Postquam
1795 756 1895 827 qui
1929 773 2088 828 quae-

2205 571 2410 638 ἄλαλος
2467 573 2564 630 οὐκ
2623 575 2851 651 ἀνοίγων
2902 577 2963 631 τὸ
3023 577 3196 650 στόμα
3260 575 3460 632 αὐτοῦ·
3512 577 3602 632 καὶ
3677 577 3854 653 έγενό-

2205 685 2311 735 μην
2346 663 2476 717 ὡσεὶ
2528 661 2815 738 ἄνθρωπος
2859 665 2957 720 οὐκ
3005 667 3237 738 ἀκούων,
3270 665 3359 720 καὶ
3408 666 3508 722 οὐχ
3559 665 3704 743 ἔχων
3738 668 3852 742 (71)

2198 749 2249 806 έν
2293 758 2374 824 τῷ
2421 752 2648 827 στόματι
2702 755 2869 810 αὐτοῦ
2917 753 3210 831 έλεγμοός.
3260 753 3479 825 Ἐπειδὴ
3535 757 3584 810 οἷ
3629 760 3850 827 ζητοῦν-

425 848 637 902 rebant
669 846 926 901 animam
959 861 1172 912 meam,
1208 845 1560 900 invenerunt
1590 845 1804 916 ipsam,
1827 849 1949 900 tum
1983 846 2057 900 de

2193 862 2280 904 τες
2306 843 2406 910 τὴν
2441 846 2625 918 ψυχήν
2677 866 2803 917 μου,
2857 846 3012 921 εὗρον
3063 845 3253 915 αὐτὴν,
3289 846 3384 910 εἶθ’
3435 847 3676 920 εὑρόντες
3727 868 3852 902 κατ-

427 954 590 992 mum
622 936 866 991 inventae
907 934 1318 1002 illuserunt,ac
1343 934 1491 990 meis
1523 933 1694 989 malis
1732 934 2050 990 insultante

2194 932 2436 1002 έπαιζον,
2457 928 2722 1003 ἐπέϐησαν
2750 932 2806 988 δὲ
2839 934 3268 1004 έπιτωθάζοντες
3297 941 3413 998 τοῖς
3447 935 3604 1009 έμοῖς
3637 942 3846 999 κακοῖς·

423 1027 741 1090 irruerunl;
774 1029 978 1096 postea
1007 1023 1298 1079 vanitates
1355 1027 1411 1078 et
1466 1021 1630 1078 dolos
1691 1027 1807 1077 tota
1857 1023 1949 1077 die
1996 1022 2082 1078 lo-

423 1116 774 1186 quebantur.
809 1114 892 1168 Ad
946 1113 1066 1168 haec
1099 1112 1267 1180 mihi,
1328 1111 1477 1167 meis
1535 1111 1741 1168 amicis
1793 1111 2078 1181 desolato,

421 1204 568 1259 nihil
602 1204 960 1276 suppetebat
988 1203 1144 1275 quod
1175 1202 1446 1272 dicerem,
1497 1201 1714 1273 quippe
1753 1201 1854 1272 qui
1886 1217 2078 1257 essem

419 1294 641 1367 pudore
659 1293 958 1366 repletus;
989 1296 1345 1364 quapropter
1374 1299 1652 1363 tanquam
1708 1291 1924 1346 surdus
1958 1308 2075 1347 non

416 1383 888 1440 audiebam.Imo
911 1381 1010 1437 illo
1040 1398 1145 1454 ego
1173 1381 1275 1452 qui
1294 1381 1588 1452 quondam
1613 1395 1771 1435 eram
1795 1379 2075 1452 eloquen-

415 1474 714 1540 tissimus,
747 1476 804 1528 et
837 1480 1119 1544 praesente
1149 1471 1442 1543 sapientia
1499 1471 1850 1540 instructus,
1882 1470 2075 1528 factus

415 1579 550 1619 sum
583 1569 870 1633 tanquam
904 1561 1120 1616 surdus
1144 1575 1517 1631 nequaquam
1542 1559 1810 1628 audiens,
1843 1563 1901 1614 et
1923 1559 2075 1615 sicut

416 1656 620 1708 mutus
652 1668 768 1707 non
796 1650 1061 1722 aperiens
1101 1667 1166 1706 os
1215 1666 1411 1705 suum.
1467 1648 1524 1703 Si
1577 1647 1817 1721 quidem
1872 1648 2073 1706 nullus

415 1742 563 1797 mihi
594 1757 786 1797 sermo
818 1741 889 1795 ad
923 1739 1325 1796 defensionem
1376 1738 1779 1806 succurrebat,
1815 1755 1920 1793 nec
1953 1737 2071 1794 ullo

413 1835 584 1904 pacto
616 1831 910 1895 inimicos,
934 1827 1114 1884 semel
1148 1828 1219 1883 ab
1252 1827 1399 1900 ipsis
1429 1828 1642 1894 victus,
1675 1825 1895 1898 alloqui
1919 1826 2068 1882 vale-

411 1921 588 1985 bam;
621 1920 722 1976 sed
754 1935 912 1975 eram
946 1920 1007 1976 Ut
1039 1919 1199 1973 homo
1229 1933 1340 1972 non
1399 1917 1654 1987 audiens,
1713 1919 1764 1972 et
1819 1931 1931 1972 non
1965 1916 2063 1971 ha-

412 2013 542 2067 ben:
573 2011 635 2065 in
662 2025 755 2065 ore
781 2024 878 2064 suo
909 2009 1346 2077 redargutiones.
1378 2007 1684 2079 Arguebar
1712 2007 1870 2061 enim
1917 2006 2065 2079 ipse,

409 2117 524 2157 non
558 2105 755 2156 autem
799 2099 1139 2170 arguebam,
1197 2113 1303 2152 nec
1354 2096 1502 2152 mihi
1558 2095 1913 2152 verecundia
1968 2112 2064 2151 co-

407 2194 608 2262 operto
637 2189 828 2244 inerat
856 2187 1132 2260 loquendi
1164 2187 1429 2242 libertas.
1461 2185 1638 2240 Vsas.
1674 2185 1763 2255 16,
1798 2186 1883 2241 17.
1919 2193 2062 2257 Quo-

404 2281 563 2335 niam
592 2280 653 2334 in
685 2286 755 2347 te,
787 2279 1037 2345 Domine,
1088 2277 1329 2348 speravi,
1377 2278 1436 2330 tu
1485 2273 1775 2344 exaudia,
1835 2276 2066 2331 Domine

405 2371 545 2426 Deus
601 2383 774 2422 meus.
835 2367 976 2434 Quia
1021 2365 1173 2420 dixi:
1215 2366 1289 2420 Ne
1347 2363 1566 2436 quando
1623 2364 2064 2437 supergaudeant

404 2459 546 2513 mihi
560 2456 781 2512 inimici
807 2458 917 2510 mei
947 2473 966 2509 :
996 2460 1049 2511 et
1071 2453 1204 2509 dum
1257 2458 1666 2510 commoventur
1719 2455 1878 2526 pedes
1929 2456 2060 2521 mei,

402 2562 566 2618 super
594 2563 680 2601 me
709 2562 916 2614 magna
953 2545 1120 2600 locuti
1148 2549 1300 2600 sunt.
1334 2543 1465 2599 Haac
1497 2543 1700 2614 utique
1731 2543 1876 2598 mihi
1909 2544 2058 2599 acci-

404 2637 636 2692 derunt.
673 2637 1040 2708 Quapropter
1092 2634 1283 2689 factus
1323 2650 1457 2689 sum
1508 2637 1795 2704 tanquam
1842 2634 2061 2688 surdus

405 2743 520 2782 non
549 2725 816 2791 audiens,
850 2728 907 2780 et
936 2724 1088 2779 sicut
1115 2727 1318 2778 mutus
1340 2739 1456 2778 non
1489 2722 1760 2794 aperiens
1777 2738 1842 2778 os
1859 2737 2058 2778 suum:

400 2819 458 2872 et
487 2816 640 2870 sicut
671 2815 852 2870 homo
885 2829 1001 2868 non
1027 2812 1251 2868 habens
1284 2812 1731 2883 redargutiones
1760 2829 1773 2879 ;
1799 2812 1954 2882 quod
1988 2811 2059 2866 ad

407 2904 702 2972 inimicos,
737 2907 1020 2974 tanquam
1077 2901 1151 2956 ab
1208 2901 1302 2956 his
1354 2900 1566 2971 victus,
1589 2900 1738 2956 nihil
1769 2901 2058 2956 dicebam.

404 2993 621 3049 Verum
646 3009 762 3048 non
797 2996 1100 3062 propterea
1131 2991 1202 3046 de
1228 2989 1452 3062 meipso
1477 2990 1804 3062 desperavi,
1836 2995 1898 3045 at
1947 2990 2057 3045 ite-

405 3099 536 3138 rum
570 3080 776 3153 collegi
801 3097 893 3135 me
915 3080 1079 3152 ipse:
1115 3079 1218 3151 qui
1251 3097 1284 3134 a
1326 3082 1560 3151 peccato
1617 3079 1859 3151 quidem
1900 3078 2058 3135 velut

399 3190 434 3228 a
456 3177 646 3228 morte
669 3168 1021 3240 resiluerim,
1050 3185 1115 3226 ac
1147 3168 1535 3226 confessionis
1575 3168 1854 3225 remediis
1883 3168 2053 3224 ulcus

2194 1022 2307 1075 εἶτα
2349 1020 2578 1076 έλάλουν
2636 1023 3001 1095 ματαιότητας
3049 1025 3140 1078 καὶ
3191 1022 3518 1096 δοιιιότητας
3567 1023 3704 1094 ὅλην
3747 1027 3846 1094 τήν

2190 1109 2424 1186 ἡμέραν.
2461 1113 2582 1169 Ἐπὶ
2613 1113 2829 1176 τούτοις
2861 1113 2966 1190 ἐγὼ
3001 1109 3208 1189 ἕρημος
3237 1115 3474 1190 γεγονὼς
3524 1120 3632 1170 τῶν
3679 1116 3848 1188 έμαυ-

2186 1205 2283 1254 τοῦ
2331 1200 2531 1278 φίλων,
2576 1201 2728 1257 οὐδὲν
2783 1203 2932 1279 εἶχον
2984 1201 3188 1279 λέγειν,
3237 1205 3501 1281 αἱσχῦνης
3543 1204 3848 1281 πεπληρω-

2190 1290 2370 1363 μένοςο
2419 1287 2503 1346 διὸ
2545 1291 2674 1346 ὡσεὶ
2730 1294 2913 1372 κωφὸς
2971 1294 3068 1348 οὐκ
3119 1291 3320 1364 ἤκουον
3359 1314 3370 1326 ⁸
3422 1294 3548 1350 ἀλλ’
3593 1296 3620 1349 ὁ
3673 1294 3846 1352 πάλαι

2187 1378 2555 1456 λογιώτατος,
2614 1382 2705 1437 καὶ
2771 1387 2840 1458 τῇ
2896 1383 3146 1459 παρούσῃ
3219 1385 3382 1464 σοφίᾳ
3456 1385 3844 1460 σεσοφισμένος

2184 1472 2381 1546 γέγονα
2412 1471 2540 1526 ὡσεὶ
2573 1474 2757 1551 κωφὸς
2790 1476 2902 1546 (72)
2946 1473 3044 1528 οὐκ
3096 1473 3331 1543 ἀκούων,
3363 1475 3452 1529 καὶ
3501 1476 3576 1537 ὡς
3636 1472 3844 1539 ἄλαλος

2185 1561 2287 1614 οὐκ
2327 1559 2557 1636 ἀνοίγων
2590 1562 2654 1616 τὸ
2703 1563 2878 1635 στόμα
2932 1561 3118 1621 αὐτοῦ.
3151 1561 3344 1626 Οὐδεὶς
3388 1563 3490 1639 γάρ
3539 1585 3633 1636 μοι
3678 1562 3846 1640 λόγος

2182 1649 2248 1717 ἧν
2307 1650 2445 1723 πρὸς
2497 1649 2846 1723 ἀπολογίανο
2891 1649 3013 1707 οὐδ’
3070 1652 3220 1727 εἶχόν
3275 1673 3395 1708 τινα
3450 1658 3566 1715 τοῖς
3618 1653 3845 1730 ἓχθροῖς

2180 1739 2666 1815 προσφθέγγεσθαι,
2700 1740 2834 1813 ἅπαξ
2899 1741 2988 1796 ὑπ’
3043 1741 3217 1796 αὐτῶν
3277 1741 3631 1814 νενικημένος
3669 1762 3680 1774 ·
3716 1741 3823 1797 ἀλλ

2179 1827 2331 1900 ἥμην
2379 1829 2467 1892 Ὡς
2521 1828 2803 1902 ἄνθρωπος
2859 1830 2957 1885 οὐκ
3010 1829 3243 1904 ἀκούων,
3275 1831 3364 1885 καὶ
3422 1830 3520 1885 οὐκ
3577 1827 3722 1906 ἔχων
3783 1831 3836 1888 έν

2174 1920 2254 1988 τῷ
2305 1917 2530 1990 στόματι
2582 1918 2746 1973 αὐτοῦ
2814 1918 3108 1994 έλεγμούς.
3161 1918 3515 1995 Ἠλεγχόμην
3571 1921 3677 1996 γὰρ
3734 1921 3837 1975 αὐ-

2172 2007 2290 2079 τὸς,
2321 2004 2445 2061 ἀλλ’
2480 2007 2578 2062 οὐκ
2601 2007 3009 2084 ἤλεγχον,οὐδὶ
3041 2011 3189 2085 εἶχον
3223 2009 3556 2085 παρρησίαν,
3587 2009 3825 2086 αἰσχύνῃ

2175 2094 2610 2170 κεκαλυμμένος.
2672 2101 2794 2156 ’Ὁτι
2865 2097 2952 2154 ἐπὶ
3031 2099 3154 2170 σοὶ,
3202 2099 3409 2174 Κύριε,
3469 2097 3719 2171 ἤλπισα,
3778 2098 3842 2153 σὺ

2176 2185 2680 2262 εἷσακούσῃ,Κε5ριε
2739 2189 2766 2243 ὁ
2826 2189 2957 2252 Θεός
3021 2210 3145 2262 μου.
3194 2191 3313 2244 ’Ὀτι
3379 2188 3556 2259 εἶπον,
3619 2190 3836 2262 μήποτε

2174 2274 2482 2352 έπιχαρῶσί
2533 2299 2624 2349 μοι
2682 2279 2793 2350 (73)
2829 2279 2880 2332 οἱ
2928 2277 3118 2353 έχθροί
3175 2295 3312 2350 μου⁶
3345 2279 3433 2332 καὶ
3492 2277 3544 2333 έν
3601 2283 3682 2350 τῷ
3738 2299 3830 2332 σα-

2174 2363 2432 2431 λευθῆναι
2493 2364 2662 2428 πόδας
2717 2388 2843 2439 μου,
2902 2367 2984 2422 ἐπ’
3039 2366 3136 2441 ἐμὲ
3203 2365 3825 2443 ἰμεγαλορῥημόνησαν.

2173 2454 2256 2510 Τὰ
2287 2452 2352 2523 δὴ
2385 2458 2497 2527 (74)
2531 2451 2918 2528 συμϐεϐηκότα
2951 2477 3043 2530 μοι
3096 2460 3284 2515 ταῦτα.
3318 2459 3410 2511 Διὸ
3453 2458 3650 2531 γέγονα
3694 2457 3822 2512 ὡσεὶ

2170 2545 2354 2620 κωφὸς
2385 2544 2486 2599 οὐκ
2519 2545 2755 2613 ἀκούων,
2788 2546 2876 2601 καὶ
2920 2546 2995 2610 ὡς
3047 2543 3256 2607 ἄλαλος
3307 2547 3408 2601 οὐκ
3465 2547 3702 2614 ἀνοίγων
3761 2548 3828 2602 τὸ

2170 2632 2344 2707 στόμα
2375 2633 2559 2705 αὐτοῦ,
2591 2634 2680 2689 καὶ
2713 2635 2840 2689 ὡσεὶ
2873 2634 3158 2711 ἅνθρωπος
3190 2634 3286 2690 οὐκ
3336 2631 3479 2710 ἔχων
3532 2635 3824 2711 έλεγμούς·

2173 2721 2257 2778 διὸ
2307 2721 2461 2777 οὐδὲν
2512 2725 2645 2798 πρὸς
2689 2724 2818 2789 τοὺς
2867 2723 3100 2801 ἐχθροὺς
3158 2721 3371 2800 ἔλεγον,
3405 2725 3478 2787 ὡς
3514 2724 3572 2780 ἂν
3608 2726 3696 2781 ὑπ’
3726 2725 3824 2781 αὖ·

2169 2816 2274 2866 τῶν
2325 2814 2698 2886 νενικημένοσ.
2731 2813 2806 2870 Οὐ
2857 2817 2964 2886 μὴν
3020 2812 3109 2870 διὰ
3154 2819 3314 2869 τοῦτο
3366 2813 3608 2891 ἆπέγνων
3653 2815 3825 2889 έμαυ-

2168 2906 2296 2956 τοῦ·
2330 2910 2559 2977 συνῆγον
2621 2900 2679 2958 δὲ
2734 2902 2897 2959 πάλιν
2948 2902 3203 2976 έμαυτὸν,
3254 2910 3354 2973 τῆς
3409 2905 3502 2976 μὲν
3553 2904 3823 2980 ἁμαρτίας

2171 2992 2244 3056 ὡς
2277 2993 2508 3047 θανάτου
2543 2990 2928 3063 ἀποπηδήσας,
2958 3000 3074 3055 τοῖς
3131 2991 3187 3048 δὲ
3229 3001 3327 3064 τῆς
3367 2993 3820 3070 ἰξομολογήσεως

2169 3082 2478 3157 φαρμάκοις
2507 3082 2568 3136 τὸ
2600 3081 2837 3154 ἐμαυτοῦ
2879 3084 2987 3154 (75)
3035 3079 3198 3144 ἕλκος
3249 3081 3510 3154 ῗώμενος.
3543 3083 3649 3139 Καὶ
3697 3083 3824 3146 τοὺς

2166 3168 2599 3244 προσοζέσαντάς
2661 3191 2752 3243 μοι
2807 3168 3088 3244 μώλωπας
3157 3171 3263 3226 ἀπὸ
3336 3178 3435 3241 τῆς
3515 3171 3824 3247 ἀφρόσύνης

401 3277 598 3317 meum
632 3258 980 3316 sanaverim.
1014 3257 1162 3324 Quin
1195 3262 1252 3313 et
1281 3274 1443 3314 meas
1473 3258 1777 3314 cicatrices
1797 3259 1870 3313 ab
1910 3257 2057 3314 insi-

2175 3280 2302 3332 μου,
2366 3260 2650 3336 θεραπείας
2708 3265 2892 3336 τυχεῖν
2953 3261 3106 3332 ἀξιῶ.
3135 3261 3230 3315 Διὸ
3290 3261 3412 3317 Ἐπὶ
3471 3260 3579 3333 σοὶ,
3631 3260 3823 3337 Κύριε,

406 3350 626 3423 pientis
658 3364 787 3405 mea
817 3349 1173 3420 putrefactas
1205 3347 1434 3419 postulo
1465 3349 1676 3403 curari.
1730 3349 1864 3404 Ideo
1894 3349 1957 3403 In
1987 3351 2058 3417 te,

408 3441 658 3507 Domine,
690 3440 947 3511 speravi:
983 3437 1131 3492 mibi
1162 3437 1382 3510 quippe
1440 3453 1555 3491 non
1613 3435 1824 3507 ﬁdens,
1871 3451 2061 3508 neque

401 3528 582 3585 ullam
606 3527 780 3584 aliam
806 3532 1014 3600 praeter
1034 3531 1090 3582 te
1111 3543 1277 3599 spem
1305 3542 1423 3598 prie
1443 3524 1630 3581 oculis
1646 3523 2059 3590 habens,hunc

396 3619 722 3676 curationis
753 3618 994 3674 modum
1027 3614 1688 3688 mihipraescripsiﬂum
1719 3614 1900 3686 igitur
1920 3630 2056 3686 spe-

395 3708 672 3775 raverim,
704 3707 974 3775 Domine,
1009 3722 1145 3778 spes
1203 3709 1402 3760 autem
1458 3721 1574 3759 non
1607 3703 1927 3759 confundat
1958 3705 2000 3738 ¹⁷
2035 3721 2048 3771 ;

390 3798 521 3855 ideo
549 3797 782 3864 exaudi,
817 3797 958 3869 quia
989 3795 1076 3851 vis
1107 3799 1169 3850 tu
1217 3793 1706 3860 misericordiam,
1741 3809 1931 3865 neque
1960 3794 2048 3850 vis

388 3893 637 3945 mortem
671 3887 1011 3960 peccatoris,
1044 3886 1146 3942 sed
1181 3885 1587 3957 paenitentiam
1610 3884 1802 3956 ipsius
1833 3883 2050 3948 ‘8.Quia

385 3978 618 4050 speravi
649 3977 708 4033 in
739 3982 816 4045 te,
849 3976 1094 4032 obsecro
1125 3975 1426 4030 obtineam
1483 3978 1652 4028 tuum
1706 3972 1988 4028 auxilium
2025 3990 2038 4028 :

383 4068 684 4140 Nequando
731 4065 1175 4139 supergaudeant
1227 4063 1372 4120 mihi
1427 4065 1650 4120 inimici
1694 4065 1822 4119 mei.
1887 4063 2041 4119 Non-

385 4160 527 4215 dum
569 4159 725 4214 enim
759 4158 1001 4213 omnino
1056 4155 1241 4228 gavisi
1301 4158 1442 4209 sunt
1476 4171 1488 4221 ;
1521 4153 2043 4225 supergaudebunt

383 4253 601 4317 autem,
635 4247 751 4303 nisi
806 4252 972 4301 tuam
1023 4260 1352 4316 consequar
1402 4243 1902 4299 misericordiam:
1937 4245 2036 4299 sed

381 4355 454 4395 ne
486 4338 966 4411 supergaudeant
996 4335 1143 4391 mihi
1174 4334 1401 4390 inimici
1435 4333 1570 4403 mei,
1604 4334 1759 4389 370
1780 4334 1880 4406 qui
1907 4335 2034 4405 jam

375 4433 546 4484 antea
576 4443 712 4484 cum
743 4428 1258 4482 commoverentur
1272 4423 1447 4496 pedes
1478 4421 2033 4495 mei,magnalocuti

377 4521 521 4573 sunt
552 4533 565 4571 :
600 4517 672 4572 ad
703 4521 760 4571 te
791 4515 1126 4586 confugi.ac
1148 4514 1276 4569 dico
1295 4529 1309 4569 :
1331 4515 1447 4570 Non
1465 4514 1774 4584 confundor
1794 4515 1852 4569 in
1869 4523 2034 4571 aeter-

372 4624 511 4663 num
544 4608 608 4678 ‘9,
638 4623 820 4679 neque
849 4605 1125 4661 irrideant
1152 4620 1239 4659 me
1267 4605 1486 4660 inimici
1509 4607 1622 4658 mei
1644 4604 1794 4660 ".Et
1824 4620 2033 4660 rursus

372 4697 507 4754 dico
543 4713 557 4753 :
589 4697 668 4752 Ad
691 4701 762 4764 te,
790 4697 1042 4765 Domine,
1075 4694 1342 4763 clamabo,
1374 4710 1446 4749 ne
1469 4694 1637 4749 sileas
1692 4710 1733 4750 a
1789 4709 1897 4760 me,
1930 4709 2032 4749 ne-

2170 3347 2421 3418 ἤλπισα·
2477 3349 2538 3404 οὐ
2590 3349 2692 3426 γὰρ
2747 3348 2966 3423 έμαυτῷ
3035 3349 3270 3426 θαρρῶν,
3316 3347 3442 3405 οὐδὲ
3487 3350 3663 3421 ἄλλην
3708 3354 3826 3407 τινὰ

2170 3434 2368 3492 ἐλπίδα
2425 3438 2646 3511 θέμενος
2703 3441 2818 3509 (76)
2875 3438 2982 3514 πρὸ
3042 3437 3340 3512 ὀφθαλμῶν
3400 3438 3435 3508 ἢ
3495 3439 3668 3512 σὲ,τά
3722 3447 3822 3510 τῆς

2168 3526 2364 3589 ΐάσεως
2428 3527 2733 3606 ὑπέγραφον
2816 3527 3055 3601 ἐμαυτῷ.
3117 3525 3339 3598 Ἐπειδή
3415 3527 3506 3584 οὖν
3582 3527 3812 3598 ἤλπισα,

2166 3616 2349 3692 Κύριε,
2381 3620 2414 3687 ἡ
2450 3615 2505 3672 δὲ
2537 3616 2694 3681 έλπὶς
2717 3617 2778 3672 οὐ
2808 3616 3181 3692 καταισχύνει,
3209 3615 3298 3672 διὰ
3347 3623 3508 3674 τοῦτο
3567 3617 3814 3674 οῗσάκου-

2165 3726 2279 3774 σον,
2312 3707 2395 3762 δτι
2431 3708 2668 3778 θελητὴς
2698 3705 2887 3768 ἐλέους
2919 3727 2962 3760 ει
2996 3705 3079 3775 σὺ,
3112 3708 3202 3761 καὶ
3235 3705 3296 3761 οὗ
3341 3705 3531 3782 βούλει
3581 3708 3672 3763 τὸν
3722 3708 3813 3763 θά-

2160 3817 2313 3851 νατον
2346 3801 2443 3852 τοῦ
2473 3795 2829 3872 ἁμαρτιι›λοῦ,
2873 3796 2948 3857 ὡς
2980 3797 3080 3865 τήν
3115 3797 3401 3868 μετάνοιαν
3444 3795 3630 3852 αὐτοῦ.
3667 3798 3813 3852 Διὸτι

2159 3885 2373 3955 ἤλπισα
2430 3885 2518 3941 ἐπὶ
2579 3887 2655 3955 σέ,
2720 3884 2942 3939 ἷκετεύω
3019 3887 3117 3954 τῆς
3193 3885 3341 3961 παρά
3398 3889 3498 3940 σοῦ
3557 3885 3813 3961 βοηθείας

2156 3974 2458 4052 έπιτυχεῖν,
2494 3977 2582 4044 Μή
2644 3995 2777 4029 ποτε
2831 3974 3137 4050 ἐπιχαρῶσί
3195 3997 3288 4048 μοι
3354 3975 3405 4029 οἱ
3444 3973 3636 4051 ἐχθροί
3687 3997 3813 4048 μου.

2154 4064 2322 4123 Οὔπω
2385 4068 2478 4138 μὲν
2535 4064 2637 4139 γὰρ
2696 4062 2977 4119 παντελῶς
3045 4064 3364 4139 ἐχάρησαν·
3428 4063 3815 4140 έπιχαροῦνται

2153 4152 2229 4224 δὲ,
2266 4155 2310 4209 εἷ
2346 4156 2422 4228 μὴ
2451 4153 2680 4230 τύχοιμι
2710 4158 2808 4208 τοῦ
2840 4157 2934 4208 σοῦ
2965 4151 3171 4214 ἐλέους·
3207 4150 3444 4207 ἀλλ”ίνα
3506 4155 3581 4226 μὴ
3616 4152 3812 4229 ἐπιχα-

2153 4245 2375 4320 ρείησάν
2414 4264 2506 4316 μοι
2540 4243 2591 4297 οἱ
2625 4242 2814 4318 ἐχθροί
2849 4264 2974 4315 μου,
3005 4244 3057 4296 ol
3088 4239 3196 4312 ἤδη
3229 4241 3318 4298 καὶ
3350 4242 3614 4318 πρότερον
3645 4241 3695 4297 έν
3733 4248 3812 4315 τῷ

2150 4332 2475 4403 σαλευθῆναι
2518 4329 2689 4394 πόδας
2748 4353 2852 4405 μου
2901 4330 3585 4408 μεγαλορῥημονήσαντες,
3619 4331 3706 4387 ἐπὶ
3755 4333 3812 4388 σὶ

2146 4425 2473 4502 γατέφυγον,
2523 4421 2613 4476 καί
2664 4440 2846 4498 φημι·
3067 4421 3517 4496 καταισχυνθείην
3583 4421 3657 4484 εἷς
3712 4421 3804 4476 τὸν

2148 4513 2339 4582 αἰῶνα,
2379 4509 2520 4585 μηδέ
2577 4509 3103 4587 καταγιλασάτωσάν
3170 4532 3274 4584 μου
3336 4514 3448 4585 (77)
3506 4513 3557 4567 οἱ
3615 4511 3807 4588 ἐχθροί

2150 4624 2278 4678 μου.
2331 4603 2429 4660 Καὶ
2481 4601 2646 4657 πάλιν
2710 4599 2891 4680 φημί·
2948 4601 3089 4675 Πρὸς
3148 4600 3244 4670 σὲ,
3301 4599 3499 4675 Κύριε,
3555 4601 3806 4676 κεκράξο-

2149 4715 2268 4767 μαι,
2322 4695 2398 4766 μή
2467 4693 2913 4768 παρασιωπήσῃς
2962 4690 3052 4746 ἀπ’
3102 4689 3260 4764 έμοῦ,
3314 4692 3388 4764 μή
3449 4711 3581 4746 ποτε
3637 4712 3808 4766 παρα-

373 4788 599 4860 quando
628 4792 808 4844 taceas
838 4804 873 4842 a
894 4801 1002 4854 me,
1046 4790 1096 4842 et
1127 4785 1482 4841 assimitabor
1502 4783 1948 4841 descendentibus
1971 4783 2032 4838 in

2171 4784 2430 4857 ιωπήσῃς
2489 4783 2579 4837 ἄπ’
2637 4781 2917 4854 έμοῦ,καὶ
2979 4780 3405 4855 ὁμοιωθήσομαι
3465 4785 3582 4842 τοῖς
3637 4802 3802 4836 κατα-

371 4877 556 4936 tocum
587 4878 658 4936 ²¹.
701 4881 772 4934 Et
804 4876 1033 4951 reliqua
1060 4892 1188 4948 quae
1220 4875 1279 4930 in
1306 4874 1441 4932 aliis
1471 4875 1718 4946 psalmis
1748 4891 1782 4930 a
1811 4890 1904 4930 me
1925 4889 2030 4929 va-

2171 4869 2418 4928 ῖαίνουσιν
2461 4870 2538 4933 εἷς
2591 4869 2810 4928 λάκκον.
2845 4868 2944 4924 Καὶ
2989 4871 3056 4924 τὰ
3104 4868 3274 4926 λοιπὰ
3322 4869 3374 4926 έν
3419 4875 3536 4935 τοῖς
3593 4869 3798 4946 ἑτέροις

445 5077 491 5116 ¹⁷
513 5077 682 5137 Rom.
715 5093 771 5149 ν,
799 5077 856 5136 5.
891 5076 933 5114 ¹⁸
963 5074 1166 5134 Ezech.
1198 5091 1359 5146 xvm,
1389 5074 1483 5145 23,
1514 5075 1608 5134 32.
1652 5074 1698 5111 ¹⁹
1727 5072 2019 5143 Psal.xxx,

2171 5072 2196 5110 1°
2226 5069 2382 5130 Psal.
2415 5087 2570 5141 xxxv,
2604 5073 2656 5127 3.
2737 5070 2782 5109 ²¹
2817 5068 2970 5127 Psal.
3002 5085 3157 5125 xxvu
3189 5070 3241 5125 1.

448 5277 505 5350 (7
546 5276 673 5350 )Ita
704 5275 864 5350 Colb.
901 5277 1100 5350 sextus
1121 5289 1259 5331 cum
1302 5272 1557 5350 editione
1589 5270 1762 5350 Basil:
1822 5272 1895 5327 At
1927 5287 2035 5327 no-

373 5343 706 5422 straeditio
738 5349 900 5407 Paris
936 5391 972 5418 .,
1005 5344 1142 5422 ἔχω.
1173 5345 1382 5402 Statim
1445 5345 1598 5400 idem
1654 5343 1854 5414 codex,
1902 5363 2026 5397 κατ-

377 5422 593 5478 έπαιὲαν
611 5464 623 5476 .

448 5441 496 5474 αι
532 5441 623 5476 αν.

448 5421 554 5566 (ἺΞ)
589 5493 738 5549 Editi
768 5497 825 5550 et
855 5510 1000 5549 mss.
1036 5487 1357 5566 nonnulli,_
1388 5482 1515 5566 ᾠσεί
1563 5485 1752 5566 κωφὸς,
1807 5485 1897 5566 καὶ
1930 5485 2026 5555 ὡς,

371 5560 488 5622 non
520 5560 765 5637 integre.
798 5571 870 5621 At
893 5566 1031 5633 Reg.
1057 5561 1268 5637 tertius
1304 5563 1363 5615 ut
1403 5560 1459 5615 in
1526 5563 1824 5626 contextu,
1859 5561 2024 5615 bene.

444 5640 558 5710 (73)
591 5633 685 5694 Sic
719 5655 863 5695 mss.
896 5643 1036 5710 tres.
1072 5633 1248 5703 Editi,
1282 5652 1367 5704 με.

445 5703 562 5784 (74)
589 5710 727 5768 Cod.
760 5711 888 5779 476,
921 5703 1070 5762 τάδε.

2241 5267 2335 5340 75)
2363 5268 2486 5324 Duo
2518 5283 2688 5331 mss.,
2723 5266 2936 5340 ἑαυτοῦ.

2241 5269 2335 5340 75)
2363 5269 2486 5324 Duo
2518 5283 2688 5331 mss.,
2723 5269 2936 5321 ἑαυτοῦ.

2213 5269 2326 5412 (76)
2361 5341 2500 5413 Reg.
2529 5341 2848 5408 secundus,
2879 5336 3188 5413 θεώμενος.-
3227 5336 3438 5392 Statim
3488 5335 3804 5413 Colbertini

2140 5407 2368 5486 primus
2391 5407 2679 5486 et'sextus
2718 5429 2863 5486 cum,
2885 5407 3029 5486 Reg
3054 5409 3250 5486 tertio,
3284 5407 3722 5486 καταισχύνεται.

2211 5486 2327 5556 (77)
2357 5485 2450 5539 Sic
2483 5484 2624 5556 Reg.
2651 5481 3140 5540 secundusEditi
3161 5487 3222 5556 et
3254 5481 3796 5556 mss.nounulli,pe.

2143 5554 2290 5628 illud
2348 5557 2499 5628 quod
2562 5554 2696 5612 {nox
2751 5554 3329 5628 sequiturttuﬁnore
3363 5555 3800 5628 παρασιωπῆσῃς

2139 5627 2229 5756 an:
2261 5626 2420 5698 ἐμοῦ,
2453 5629 2612 5685 deest
2643 5626 2882 5701 quidem
2927 5628 2984 5683 in
3009 5627 3204 5698 editis,
3236 5626 3335 5683 sed
3370 5626 3605 5683 in'mss.
3634 5643 3795 5698 repe-

2140 5716 2189 5756 ιιι
2222 5716 2311 5756 ur.

2140 5716 2311 5756 ritur.
