4154 6390
389 386 497 448 101

1459 377 1793 442 HOMILIA
1833 377 1918 438 IN
1957 371 2335 436 PSALMUM
2382 373 2690 436 XXXVII.

3687 369 3806 432 102

383 515 631 595 ψαλμοῖς
689 513 950 593 διαφόρος
992 536 1085 590 μοι
1116 511 1420 591 λελεγμένα
1449 513 1583 587 (78),
1616 511 1669 566 ἐν
1705 504 1775 584 τῇ
1805 508 1946 585 πρὸς
1975 507 2033 562 σὲ

2153 505 2253 562 riis
2282 506 2476 563 modis
2519 505 2702 562 relata
2747 507 2910 573 sunt,
2941 502 3001 558 in
3052 501 3156 558 hac
3186 499 3615 574 supplicatione
3643 503 3719 558 ad
3751 506 3810 558 te

384 609 632 684 ἱκετηρία
701 605 970 683 συνάγων,
1051 611 1152 675 τῆς
1213 601 1491 680 παρούσης
1548 599 1802 677 βοηθείας
1845 602 2034 684 τυχεῖν

383 682 548 772 ἀξιῶ.
590 697 652 752 Ei
698 698 798 772 γὰρ
847 682 1031 750 καὶτᾶ
1085 693 1320 768 μάλιστα
1345 690 1670 761 σαλευθῆναί
1701 710 1806 763 μου
1838 682 2035 758 συνέϐη

381 788 508 850 τοὺς
570 784 765 856 πόδας,
809 786 929 849 καθ’
979 785 1036 840 ὃν
1068 785 1257 860 καιρὸν
1285 786 1320 853 ἠ
1372 779 1567 858 καρδία
1601 802 1705 854 μου
1736 779 2036 856 ἐταράχθη,

382 880 470 934 καὶ
506 875 823 952 ἒγκατέλιπέ
881 896 946 947 με
991 876 1026 943 ἠ
1091 873 1249 948 ἰσχύς
1316 893 1440 946 μου,
1491 871 1580 926 καὶ
1638 870 1700 925 τὸ
1757 873 1871 946 φῶς
1927 870 2038 922 τῶν

353 961 355 964 ί
389 967 689 1043 ὀφθαλμῶν
721 986 824 1039 μου
857 965 956 1020 οὐκ
1000 965 1062 1034 ἣν
1097 964 1212 1037 μετ’
1243 961 1399 1036 ἐμοῦ,
1454 960 1581 1016 ἀλλ’
1612 959 1675 1015 οὐ
1725 958 1899 1028 πάντη
1951 976 2040 1010 πε-

385 1058 676 1133 ριετράπην
709 1097 722 1122 ,
784 1051 912 1109 οὐδὲ
963 1057 1164 1126 πτῶμα
1215 1052 1403 1107 ἔπεσον
1451 1054 1704 1106 τοιοῦτοο
1741 1094 1757 1118 ,
1811 1050 1926 1102 οἷον
1987 1045 2038 1099 οἱ

382 1144 676 1201 ἀποστάται
708 1145 823 1219 (79)
869 1145 1182 1219 γενόμονοι.
1245 1139 1468 1210 Ἐπειδὴ
1530 1139 1580 1194 ἐν
1643 1139 1791 1211 αὐτῷ
1849 1135 2039 1207 ἐκείνῳ

378 1240 459 1308 τῷ
499 1238 695 1310 καιρῷ,
755 1233 809 1288 ὲν
855 1232 935 1306 τῷ
979 1231 1305 1300 σαλευθῆναι
1359 1229 1488 1294 τοὺς
1541 1227 1712 1290 πόδας
1770 1248 1896 1300 μου,
1955 1225 2040 1280 ἐπ’

379 1325 476 1399 ἐμὲ
506 1320 1107 1400 ἐμεγαλοῤῥημόνησαν
1156 1323 1209 1376 οἱ
1258 1319 1450 1397 ἐχθροί
1512 1340 1637 1393 μου,
1687 1318 1772 1372 ἴνα
1807 1317 1880 1391 μή
1919 1335 2036 1389 μει-

383 1413 550 1484 ζόνως
601 1413 1008 1489 ἐπικροτήσωσι
1051 1412 1170 1466 κατ’
1219 1411 1378 1484 ἐμοῦ,
1424 1408 1512 1464 ἐπὶ
1544 1409 1602 1464 σὲ
1629 1407 1929 1482 κατέφυγον
1961 1405 2037 1467 ὡς

383 1504 472 1558 επὶ
499 1501 700 1574 λιμένα
730 1501 1029 1577 σωτηρίας,
1060 1500 1150 1555 τὸν
1181 1499 1362 1555 καὶτᾶ
1404 1497 1592 1554 ἀνίατα
1624 1497 1771 1574 παρὰ
1824 1493 2034 1570 ἀνθρώ-

381 1611 508 1654 ποις
536 1592 634 1662 τῆς
665 1593 850 1665 ψυχῆς
881 1588 1026 1660 πάθη
1063 1588 1316 1652 ἰάσασθαι
1343 1585 1664 1660 δυνάμενον.

451 1684 507 1738 7.
557 1681 682 1737 ’Ότι
733 1680 843 1755 ἐγὼ
901 1678 979 1743 εἴς
1037 1677 1303 1754 μάστιγας
1355 1673 1606 1751 ἵτοιμος,
1665 1675 1755 1731 καὶ
1785 1677 1820 1745 ἡ
1857 1672 2034 1749 ἀλγη-

381 1767 488 1824 δών
557 1790 666 1843 μοο
743 1768 982 1824 ἐνώπιόν
1055 1767 1162 1841 μού
1233 1766 1344 1822 ἐστι
1393 1763 1705 1827 διαπαντός.
1755 1765 1879 1821 "Oti
1938 1765 2039 1832 τὴν

381 1858 607 1932 ἀνομίαν
674 1879 779 1932 μου
847 1857 952 1935 ἐγὼ
1020 1853 1309 1932 ἁναγγελῶ
1365 1857 1456 1911 καὶ
1520 1855 1842 1929 μεριμνήσω
1903 1853 2034 1928 ὑπὲρ

376 1955 477 2018 τῆς
529 1948 802 2023 ἁμαρτίας
862 1968 991 2020 μου.
1052 1945 1342 2022 Καταρχὰς
1401 1943 1565 2000 εἰπὼν
1627 1945 1758 2018 (80),
1820 1944 1908 2012 Μή
1959 1947 2042 2014 τῷ

381 2039 542 2111 θυμῷ
597 2058 693 2092 σου
749 2034 964 2110 ἐλέγξῃς
1027 2056 1114 2106 με,
1147 2035 1233 2090 ἐπὶ
1259 2039 1358 2090 τοῦ
1408 2033 1676 2109 παρόντος
1704 2032 1887 2112 φησίν.
1913 2034 2040 2089 ’Ὁτι

379 2127 485 2201 ἐγὼ
517 2125 594 2188 εἷς
659 2128 926 2201 μάστιγας
983 2121 1231 2198 ἕτοιμος.
1287 2125 1498 2181 Οὐκοῦν
1546 2125 1648 2192 τήν
1705 2125 1811 2196 μὴν
1861 2121 2035 2198 ὀργὴν

376 2220 715 2292 παραιτεῖται
764 2215 854 2270 καὶ
912 2215 1002 2269 τὸν
1063 2215 1256 2288 θυμὸν,
1315 2211 1540 2288 ἕτοιμος
1584 2211 1642 2268 δὲ
1691 2212 2042 2286 μαστίζεσθαι

379 2304 514 2359 εἶναι
563 2303 728 2380 λέγει·
787 2301 900 2359 οἶδε
951 2304 1080 2380 γὰρ,
1149 2305 1234 2358 ὅτι
1291 2305 1390 2361 "Ov
1443 2304 1625 2378 ἀγαπᾷ
1671 2301 1865 2378 Κύριος
1920 2322 2047 2356 παι-

379 2391 566 2462 δεύει,
647 2399 904 2469 μαστιγοῖ
979 2392 1037 2448 δὲ
1114 2392 1288 2448 πάντα
1363 2395 1478 2448 υἱὸν
1539 2393 1598 2448 ’ὀν
1648 2389 2042 2468 παραδέχεται.

381 2484 473 2538 Διὸ
522 2484 612 2538 καὶ
659 2486 772 2558 (81)
820 2481 983 2560 ἔφερε
1035 2484 1300 2558 γενναίως
1348 2483 1445 2544 τὰς
1509 2482 1768 2556 μάστιγας
1811 2483 1906 2543 τας
1955 2478 2046 2534 διὰ

377 2577 484 2628 τῶν
518 2571 855 2643 ἰπαλλήλωτ
914 2576 1210 2650 συμφορῶν
1281 2573 1415 2646 μετὰ
1443 2572 1504 2626 τὸ
1558 2571 1860 2645 ἁμάρτημα
1908 2592 2048 2643 συμ,

379 2656 672 2732 ϐεϐηκυίας
701 2660 943 2733 αὐτῷ,ἃς
977 2663 1012 2730 ἠ
1044 2659 1258 2736 ἱστορία
1286 2665 1393 2716 τῶν
1428 2658 1731 2717 Βασιλειῶν
1763 2660 2042 2736 περιέχει.

379 2752 478 2805 Καὶ
529 2753 562 2821 ἡ
621 2748 882 2826 ἀλγηδών
944 2771 1048 2824 μου
1108 2749 1338 2805 ἐνώπιόν
1391 2749 1497 2824 μού
1561 2751 1670 2805 ἑστι
1725 2747 2045 2812 διαπαντός.

374 2841 442 2896 Οἱ
493 2841 587 2912 μὲν
639 2839 740 2916 γὰρ
773 2837 978 2896 πολλοὶ
1031 2837 1208 2910 λήθην
1256 2843 1538 2895 ποιοῦνται
1590 2843 1697 2894 τῶν
1756 2838 2035 2914 προτέρων

377 2930 814 3006 ἁμαρτημάτων,
876 2927 1298 3007 ἀδιαφοροῦντες
1357 2929 1441 2984 ἐπ’
1501 2929 1708 2998 αὐτοῖς,
1743 2930 1834 2984 καὶ
1879 2951 2039 2984 κατα-

378 3023 722 3094 φρονοῦντες,
784 3019 858 3082 ὡς
922 3017 1195 3091 μηδεμιᾶς
1265 3016 1592 3089 ἐκδικήσεως
1640 3019 2032 3093 γενησομένης·

379 3109 408 3164 ὁ
458 3105 514 3163 δὲ
557 3109 619 3163 τὸ
670 3105 1017 3183 δικαστήριον
1039 3112 1136 3163 τοῦ
1167 3112 1302 3162 Θεοῦ
1332 3108 1438 3182 πρὸ
1479 3105 1780 3186 ἀφθαλμῶν
1814 3105 2036 3162 διαπαν-

375 3197 469 3259 τὸς
528 3193 700 3272 ἔχων,
758 3197 848 3252 καὶ
907 3197 1309 3270 πεπεισμένος,
1372 3197 1454 3251 ὅτι
1512 3197 1702 3258 πάντες
1751 3216 2032 3270 παραστη-

379 3285 585 3359 σόμεθα
660 3289 741 3358 τῷ
813 3287 1020 3360 βήματι
1087 3289 1184 3340 τοῦ
1240 3287 1524 3361 Χριστοῦ,
1586 3282 1674 3340 *ίνα
1739 3283 2030 3358 κομίσηται

376 3372 601 3437 ἕκαστος
670 3376 738 3429 τὰ
778 3372 867 3428 διὰ
909 3379 1009 3429 τοῦ
1064 3375 1322 3448 σώματος
1371 3376 1507 3452 πρὸς
1556 3375 1584 3430 ’ὀ
1643 3370 2027 3449 (82)ἓπραξεν,

379 3462 488 3520 εἶ’τε
555 3462 780 3540 ἀγαθὸν,
844 3461 952 3520 εἴτε
1014 3463 1260 3540 φαῦλον·
1344 3465 1396 3520 ἒν
1465 3463 1667 3540 ἀγωνίᾳ
1735 3464 2032 3534 καθέστηκε

378 3554 634 3627 πάντοτε,
683 3553 774 3608 καὶ
823 3554 924 3622 τὴν
971 3551 1254 3629 ἀλγηδόνα
1281 3554 1379 3622 τήν
1431 3553 1480 3608 έν
1529 3557 1598 3628 τῇ
1631 3554 1820 3609 ἑαυτοῦ
1851 3557 2028 3630 ψυχῇ,

375 3643 578 3714 ταύτην
647 3641 892 3698 ἰάσασθαι
972 3642 1313 3720 φροντίζων,
1396 3643 1555 3707 αὐτὸς
1634 3644 1825 3700 ἑαυτοῦ
1902 3664 2031 3698 κατ-

378 3737 578 3808 ηγορεῖ
609 3729 697 3788 διὰ
723 3737 829 3788 τῶν
861 3734 999 3806 πρὸς
1028 3734 1119 3788 τὸν
1153 3733 1281 3789 Θεὸν
1312 3732 1781 3810 έξνμολογήσεων,
1818 3733 1910 3788 Διὸ
1933 3755 2034 3809 φη-

379 3841 482 3876 σιν’
553 3826 614 3877 Ἦ
684 3819 946 3896 ἀλγηδών
1007 3844 1111 3895 μου
1171 3820 1402 3877 ἐνώπιόν
1481 3822 1585 3896 μού
1644 3823 1754 3878 ἔστι
1806 3819 2029 3878 διαπαν-

377 3910 493 3980 τὸς,
544 3912 626 3966 ὅτι
685 3913 784 3980 τήν
847 3911 1073 3985 ἀνομίαν
1138 3933 1242 3985 μου
1300 3911 1404 3989 ἐγὼ
1464 3910 1764 3989 ἁναγγελῶ,
1812 3912 1902 3968 καὶ
1938 3933 2031 3986 με·

381 4002 634 4076 ριμνήσω
695 4000 826 4077 ὑπὶρ
867 4008 966 4070 τῆς
1007 4001 1273 4074 ἁμαρτίας
1337 4023 1462 4076 μου.
1518 4007 1722 4072 Ιῐιστῆς
1763 3999 1822 4057 δὲ
1851 4005 2035 4078 ψυχῆς

377 4091 470 4145 καὶ
521 4084 760 4167 ἀκριϐῶς
806 4090 1172 4164 πεπεισμένης
1202 4091 1325 4168 περὶ
1373 4093 1473 4160 τῆς
1515 4090 1746 4167 κρίσεως
1774 4089 1870 4146 τοῦ
1902 4095 2036 4148 Θεοῦ

379 4179 738 4254 τυγχάνουσιν
790 4181 845 4234 αἱ
897 4184 1143 4235 τοιαῦται
1199 4179 1392 4259 φωναί.
1450 4181 1518 4238 Οἱ
1578 4177 1635 4235 δὲ
1683 4180 1873 4257 ἐχθροί
1933 4201 2037 4255 μου

385 4271 540 4337 ζῶσι,
614 4269 703 4323 καὶ
786 4269 1211 4345 κεκραταίωνται
1285 4270 1418 4346 ὑπὲρ
1492 4270 1610 4344 έμέ·
1685 4271 1773 4326 καὶ
1862 4269 2037 4342 ὲπληο

385 4355 652 4426 θύνθησαν
721 4357 773 4412 οἱ
852 4357 1135 4431 μισοῦντές
1216 4381 1282 4434 με
1339 4357 1561 4422 ἀδίκως.
1618 4361 1685 4418 Οἱ
1751 4358 2038 4416 ἀνταποδι-

385 4439 568 4508 δόντες
647 4464 740 4518 μοι
817 4445 953 4501 κατᾶ
1028 4449 1140 4522 (83)
1219 4449 1336 4503 ἀντὶ
1391 4450 1629 4524 ἀγαθῶν,
1685 4444 2036 4506 ένδιέϐαλλόν

386 4555 454 4606 με
515 4533 629 4590 ἐπεὶ
705 4533 1033 4592 κατεδίωκον
1118 4537 1508 4614 ἁγαθωσύνην.
1587 4541 1681 4610 Μὴ
1757 4540 2038 4616 ἒγκαταλί-

2149 598 2372 653 directa
2395 597 2705 670 colligens,
2732 593 3016 651 auxilium
3061 609 3318 667 praesens
3349 593 3582 665 assequi
3612 596 3806 666 cupio.

2149 687 2294 743 Nam
2325 688 2560 743 tametsi
2592 685 2836 758 contigit
2885 690 2950 740 ut
2979 684 3233 739 maxime
3265 683 3540 739 commoti
3593 684 3812 740 fuerint

2151 778 2334 849 pedes'
2358 777 2472 833 mei
2505 793 2572 832 eo
2603 781 2869 847 tempore
2899 791 3016 846 quo
3047 791 3146 830 cor
3174 790 3371 829 meum
3395 774 3811 830 conturbatum

2149 870 2259 936 est,
2287 873 2345 923 et
2373 865 2690 939 dereliquit
2720 881 2814 920 me
2861 864 3046 920 virtus
3086 881 3238 930 mea,
3269 868 3326 919 et
3355 863 3556 920 lumen
3620 863 3814 919 oculo-

2148 973 2282 1012 rum
2313 972 2578 1012 meorum
2627 971 2744 1010 non
2792 959 2916 1010 erat
2964 970 3236 1022 mecum;
3270 970 3385 1008 non
3419 958 3616 1008 tamen
3649 952 3812 1025 peni-

2148 1050 2246 1101 tus
2276 1063 2516 1102 eversus
2546 1061 2701 1110 sum,
2737 1059 2926 1116 neque
2965 1043 3024 1098 in
3056 1042 3235 1098 talem
3267 1042 3499 1098 ruinam
3531 1042 3812 1115 delapsus

2151 1152 2305 1206 sum,
2338 1136 2395 1189 in
2429 1134 2664 1207 qualem
2696 1133 2758 1200 ii,
2793 1133 2896 1206 qui
2942 1133 3047 1188 abs
3080 1136 3134 1188 te
3177 1149 3421 1204 prorsus
3452 1133 3812 1189 defecerunt.

2149 1225 2297 1289 Quia
2326 1240 2391 1280 eo
2421 1224 2550 1297 ipso
2583 1228 2870 1296 tempore,
2914 1239 3048 1278 eum
3095 1227 3603 1278 commoverentur
3632 1223 3812 1295 pedes

2151 1315 2287 1385 mei,
2318 1315 2597 1370 adversus
2647 1330 2741 1370 me
2800 1329 3016 1386 magna
3065 1311 3239 1368 locuti
3270 1317 3410 1368 sunt
3439 1311 3662 1368 inimici
3697 1314 3815 1369 mei

2149 1419 2222 1460 ne
2255 1404 2534 1474 majorem
2559 1402 2619 1460 in
2653 1403 2894 1458 modum
2925 1404 3128 1458 contra
3157 1417 3252 1457 me
3281 1405 3629 1474 streperent,
3662 1403 3735 1458 ad
3758 1406 3815 1458 te

2147 1497 2434 1566 tanquam
2463 1494 2536 1550 ad
2575 1493 2788 1549 salutis
2840 1496 3076 1564 portum
3119 1490 3376 1562 confugi,
3407 1491 3596 1563 quiin
3629 1491 3816 1548 homi-

2150 1585 2326 1640 nibus
2357 1582 2448 1640 vel
2475 1582 2838 1640 insanabiles
2889 1582 3072 1638 animi
3133 1582 3372 1639 morbos
3397 1599 3600 1638 curare
3630 1582 3812 1640 vales.

2217 1676 2274 1729 7.
2304 1673 2480 1731 Vsus.
2516 1675 2604 1745 18,
2639 1674 2724 1729 19.
2777 1674 3061 1747 Quoniam
3103 1688 3200 1744 ego
3232 1674 3290 1728 in
3323 1671 3556 1742 ﬂagella
3581 1681 3816 1745 paratus

2147 1780 2296 1835 sum,
2327 1771 2380 1819 et
2405 1764 2560 1820 dolor
2611 1779 2764 1820 meus
2810 1766 2872 1819 in
2918 1767 3210 1834 conspectu
3258 1778 3374 1818 meo
3413 1779 3646 1834 semper.
3680 1764 3825 1832 Quo-

2151 1856 2305 1910 niam
2345 1855 2700 1926 iniquitatem
2741 1869 2922 1909 meam
2952 1868 3057 1926 ego
3086 1853 3453 1919 annuntiabo,
3487 1856 3539 1909 et
3568 1854 3818 1923 cogitabo

2149 1961 2255 2017 pro
2283 1954 2499 2018 peccato
2547 1962 2686 2002 meo.
2721 1945 3037 2016 Postquam
3095 1944 3263 2000 initio
3308 1943 3489 1999 dixit:
3519 1949 3597 2001 Ne
3623 1945 3682 2000 in
3727 1950 3818 2017 fu-

2154 2051 2278 2092 rore
2307 2045 2400 2092 tuo
2443 2053 2654 2108 arguas
2682 2052 2793 2105 me,
2841 2053 2997 2090 nunc
3031 2035 3152 2090 ait:
3191 2035 3461 2103 Quoniam
3507 2051 3601 2106 ego
3631 2036 3690 2090 in
3716 2037 3820 2105 ﬂa-

2152 2126 2298 2197 gella
2333 2131 2564 2198 paratus
2592 2143 2733 2180 sum.
2767 2129 2974 2197 Itaque
3005 2124 3153 2180 iram
3187 2124 3427 2196 quidem
3462 2139 3529 2179 ac
3561 2123 3818 2180 furorem

2154 2219 2524 2289 deprecatur,
2561 2220 2831 2288 paratum
2863 2232 2996 2270 vero
3027 2230 3089 2270 se
3112 2230 3241 2270 esse
3272 2214 3343 2269 ad
3384 2212 3613 2285 ﬂagella
3654 2213 3817 2270 dicit.

2155 2306 2326 2362 Novit
2354 2306 2512 2361 enim
2569 2305 2726 2376 quod
2778 2306 2947 2374 Quem
3001 2305 3193 2376 diligit
3247 2305 3532 2373 Dominus,
3564 2303 3816 2372 corripit,

2153 2395 2401 2466 ﬂagellat
2430 2399 2622 2450 autem
2641 2411 2855 2451 omnem
2875 2393 3065 2466 ﬁlium
3086 2410 3250 2466 quem
3277 2395 3482 2466 recipit
3508 2393 3575 2447 ⁹².
3601 2396 3819 2461 Quam-

2157 2486 2357 2540 obrem
2397 2484 2572 2540 etiam
2606 2488 2842 2540 strenue
2873 2483 3113 2557 pertulit
3142 2481 3395 2553 ﬂagella,
3430 2500 3556 2554 quae
3591 2498 3695 2555 per
3723 2499 3818 2539 ca-

2156 2574 2452 2630 lamitates
2481 2575 2627 2629 alias
2659 2573 2790 2629 aliis
2814 2575 3191 2630 succedentes
3210 2577 3342 2646 post
3371 2577 3678 2645 peccatum
3702 2572 3818 2644 ipsi

2157 2664 2514 2728 acciderunt,
2548 2679 2794 2736 quaeque
2826 2663 3241 2736 complectitur
3269 2667 3605 2734 Regnorum
3629 2661 3818 2718 histo-

2157 2755 2262 2811 ria.
2290 2758 2354 2810 Et
2371 2753 2527 2811 dolor
2552 2770 2705 2810 meus
2734 2755 2798 2810 in
2827 2762 3113 2826 conspectu
3149 2769 3272 2809 meo
3301 2757 3379 2810 est
3399 2769 3627 2825 semper.
3652 2751 3821 2807 Multi

2156 2845 2393 2917 quidem
2428 2845 2685 2917 priorum
2711 2849 3084 2916 peccatorum
3108 2843 3556 2913 obliviscuntur,
3590 2841 3818 2897 nullam

2155 2949 2359 2989 eorum
2416 2933 2702 2989 habentes
2764 2934 3078 2998 rationem,
3129 2949 3195 2987 ao
3235 2948 3303 2986 ea
3352 2935 3818 3000 contemnentes,

2155 3023 2324 3094 quasi
2379 3021 2544 3077 nulla
2594 3023 2792 3077 futura
2849 3022 2928 3077 sit
2987 3021 3168 3089 ultio;
3205 3021 3303 3092 qui
3337 3036 3470 3076 vero
3519 3020 3814 3091 judicium

2154 3112 2256 3166 Dei
2281 3112 2501 3182 jugiter
2540 3111 2717 3166 habet
2771 3111 2845 3165 ob
2902 3109 3125 3175 oculos,
3157 3110 3432 3181 credique
3489 3114 3644 3165 certo
3677 3110 3817 3179 fore,

2157 3204 2220 3254 ut
2269 3215 2474 3255 omnes
2534 3215 2730 3254 coram
2790 3197 3006 3254 Christi
3065 3197 3346 3252 tribunali
3405 3197 3707 3266 sistamur,
3753 3204 3821 3256 ut

2147 3292 2402 3359 reportet
2441 3287 2855 3360 unusquisque
2904 3303 2992 3352 ea,
3053 3303 3186 3358 quae
3240 3287 3396 3342 ﬁunt
3453 3302 3557 3358 per
3585 3303 3817 3360 corpus,

2134 3378 2306 3449 juxta
2340 3378 2397 3432 id
2433 3379 2584 3448 quod
2620 3377 2776 3442 fecit,
2808 3379 2927 3432 sive
2958 3378 3202 3446 bonum,
3242 3376 3361 3432 sive
3406 3375 3628 3432 malum
3662 3376 3732 3443 ³³,
3764 3378 3816 3434 is

2142 3468 2204 3523 in
2257 3466 2546 3522 anxietate
2603 3466 2880 3522 continuo
2939 3471 3232 3532 versatur,
3286 3470 3344 3522 et
3391 3466 3548 3521 hunc
3607 3466 3816 3522 animas

2144 3573 2264 3611 suis
2297 3554 2555 3612 dolorem
2605 3571 2815 3611 sanare
2875 3555 3146 3626 studens,
3202 3572 3305 3627 per
3334 3572 3473 3611 suas
3522 3556 3592 3611 ad
3630 3560 3812 3613 Deum

2144 3645 2547 3701 confessiones
2610 3661 2672 3701 se
2728 3644 2858 3717 ipse
2935 3648 3195 3700 accusat.
3259 3645 3393 3701 Ideo
3445 3645 3579 3701 ait:
3639 3646 3814 3702 Dolor

2145 3751 2304 3791 meus
2355 3736 2415 3790 in
2469 3739 2761 3806 conspectu
2811 3750 2932 3790 meo
2989 3745 3068 3790 est
3119 3751 3332 3807 semper
3387 3735 3646 3806 quoniam
3702 3737 3818 3792 ini-

2148 3826 2422 3897 quitatem
2452 3839 2632 3880 meam
2693 3839 2790 3894 ego
2825 3824 3172 3881 annuntiabo
3209 3834 3261 3880 et
3291 3825 3536 3894 cogitabo
3565 3841 3663 3897 pro
3690 3841 3818 3898 pec-

2147 3924 2268 3972 cato
2295 3931 2435 3971 meo.
2469 3913 2642 3970 'lales
2698 3931 2871 3986 porro
2930 3919 3071 3970 sunt
3117 3931 3290 3970 voces
3343 3915 3549 3970 animm
3585 3915 3730 3986 (idae,
3763 3919 3821 3971 et

2149 4022 2278 4077 qua
2309 4004 2420 4060 sibi
2451 4003 2783 4060 certissime
2814 4003 3179 4076 persuaserit
3204 4003 3499 4075 judicium
3534 4004 3634 4060 Dei
3669 4005 3822 4060 futu-

2148 4111 2302 4151 rum.
2327 4094 2502 4150 Vens.
2533 4094 2728 4149 20-23.
2752 4093 2979 4150 Inimici
3007 4101 3192 4150 autem
3225 4095 3335 4150 mei
3353 4095 3574 4160 vivunt,
3606 4101 3658 4149 et
3685 4109 3820 4150 con-

2147 4185 2360 4257 ﬁrmati
2385 4191 2513 4240 sunt
2559 4199 2726 4256 super
2748 4199 2870 4239 me:
2905 4187 2955 4238 et
2989 4183 3360 4254 multiplicati
3409 4191 3535 4238 sunt
3566 4185 3667 4254 qui
3688 4183 3819 4239 ode-

2148 4279 2287 4329 runt
2316 4289 2403 4329 me
2431 4275 2640 4346 inique.
2674 4275 2781 4342 Qui
2829 4274 3140 4328 retribuunt
3169 4271 3312 4328 mihi
3338 4274 3486 4328 mala
3514 4289 3612 4344 pro
3640 4273 3813 4329 bonis.

2152 4363 2516 4420 detrahebant
2544 4363 2707 4432 mihi,
2763 4363 3031 4434 quoniam
3080 4363 3348 4434 sequebar
3387 4362 3705 4418 bonitatem.
3741 4363 3818 4418 Ne

2152 4452 2502 4526 derelinquas
2529 4469 2637 4519 me,
2671 4453 2899 4508 Domine
2927 4453 3070 4508 Deus
3122 4467 3276 4507 meus
3300 4467 3370 4506 ne
3391 4469 3409 4505 :
3436 4452 3747 4507 discesseris
3775 4468 3815 4508 a

2151 4559 2258 4599 me.
2302 4542 2524 4599 Intende
2563 4543 2626 4598 in
2672 4543 3008 4614 adjutoriuw
3067 4558 3276 4612 meum,
3336 4542 3562 4598 Domine
3616 4543 3815 4599 salutis

380 4642 489 4698 πῃς
539 4645 630 4697 με,
665 4625 828 4702 Κύριε
884 4627 912 4681 ὁ
961 4627 1092 4690 Θεός
1153 4647 1278 4700 μου,
1340 4630 1415 4701 μή
1449 4630 1688 4704 ἀποστῇς
1735 4631 1825 4686 ἀπ’
1873 4633 2030 4704 ἐμοῦ.

2153 4647 2296 4690 meae.
2343 4631 2620 4689 Omnium
2666 4632 3042 4688 inimicorum
3093 4648 3336 4687 suorum
3388 4631 3812 4700 reminiscitur,

380 4714 629 4790 ΙΙρόσχες
699 4714 776 4779 είς
840 4716 939 4784 τὴν
1011 4717 1265 4791 βοήθειάν
1322 4739 1448 4790 μου,
1509 4719 1669 4794 Κύριε
1715 4727 1816 4790 τῆς
1865 4731 2042 4791 σωτη,

384 4800 502 4878 ρίας
530 4824 657 4876 μου.
722 4804 942 4859 Πάντων
997 4805 1104 4859 τῶν
1140 4805 1350 4882 ἐχθρῶν
1401 4806 1566 4863 αὐτοῦ
1601 4807 1898 4882 μέμνηται,
1929 4817 2036 4867 τῶν

383 4891 470 4946 ἐπὶ
533 4893 634 4962 τὴν
686 4892 954 4969 ἁμαρτίαν
1018 4893 1176 4950 αὐτὸν
1228 4898 1660 4974 κατασυράντων,
1715 4899 1939 4956 ἱκετεύει
1983 4924 2041 4958 τε

380 4982 472 5037 καὶ
502 4982 812 5060 παρακαλεῖ
857 4984 934 5058 μὴ
970 4985 1270 5056 ἀποστῆναι
1299 4985 1464 5042 αὐτοῦ
1491 4988 1582 5042 τὸν
1618 4986 1832 5065 Κύριον.
1865 4992 2044 5067 Ἐώρα

382 5071 485 5148 γὰρ
539 5071 668 5136 τοὺς
747 5072 984 5151 ἐχθροὺς
1046 5075 1136 5130 καὶ
1212 5079 1306 5130 νῦν
1383 5077 1508 5152 περὶ
1577 5076 1736 5134 αὐτὸν
1809 5080 2045 5148 ἑστῶτας

456 5217 503 5252 ”
528 5217 693 5275 Prov.
754 5236 842 5292 ιιι,
899 5221 1003 5290 12;
1066 5221 1237 5279 Hebr.
1295 5224 1480 5292 111,6,
1512 5223 1560 5260 ³³
1608 5223 1660 5280 II
1703 5224 1835 5282 Cor.
1865 5241 1923 5295 ν,
1955 5226 2048 5283 10.

599 5361 840 5420 Codices
861 5365 997 5438 duo,
1022 5361 1314 5440 λεγόμενα.
1347 5367 1558 5426 Statim
1583 5385 1740 5428 unus
1775 5387 1918 5428 mss.
1948 5391 2043 5446 μοι

602 5505 743 5588 ἱξθετ
789 5509 1085 5588 secundus
1133 5511 1342 5588 addit,_
1372 5513 1849 5588 poo._Aliquanto
1909 5519 2043 5588 post

385 5575 565 5660 editio
614 5575 1207 5660 Paris.,1tr58_ac_pou,
1256 5575 1465 5660 milia
1511 5575 1950 5658 iptioeestxat
1981 5590 2037 5643 in

383 5651 575 5705 tribus
607 5666 774 5717 mss.,
809 5669 914 5708 nec
947 5651 1201 5711 dubium
1224 5657 1367 5719 quin
1399 5651 1605 5719 abesse
1635 5662 1866 5718 debeat.

457 5721 565 5794 (80)
598 5721 739 5798 Reg.
773 5724 1006 5799 tertius,
1037 5723 1205 5783 εΐπὼν
1235 5721 1421 5805 Κύριε,

2150 4723 2250 4795 qui
2282 4739 2416 4779 eum
2445 4722 2515 4777 ad
2549 4726 2854 4794 peccatum
2879 4725 3284 4794 pertraxerunt
3309 4737 3322 4776 :
3357 4726 3415 4776 et
3444 4720 3812 4793 supplicibus

2148 4813 2344 4869 verbis
2398 4816 2527 4868 orat
2571 4829 2638 4868 ao
2689 4816 2963 4884 precatur
2993 4811 3330 4882 Dominum,
3365 4815 3429 4867 ut
3479 4827 3550 4866 ne
3581 4810 3651 4866 ab
3683 4811 3812 4884 ipso

2151 4903 2435 4960 discedat.
2469 4902 2716 4959 Videbat
2746 4903 2904 4958 enim
2956 4901 3228 4958 inimicos
3260 4901 3436 4957 etiam
3470 4917 3626 4956 nunc
3658 4901 3814 4958 circa

2153 5009 2216 5050 se
2244 4997 2489 5062 stantes,
2516 4991 3013 5064 imminentesque
3037 4991 3148 5048 sibi
3176 5008 3190 5059 ;
3224 5007 3329 5047 nec
3353 4989 3544 5063 priore
3576 4991 3722 5046 371
3751 4990 3812 5045 in

2155 5083 2353 5157 ipsum
2385 5081 2634 5140 audacia
2662 5086 2988 5140 contentos.
3023 5084 3389 5154 Quapropter
3417 5078 3708 5138 sollicitus
3738 5094 3812 5137 ne

2224 5372 2343 5446 (81)
2369 5371 2465 5428 Sic
2493 5373 2552 5428 in
2585 5373 2992 5446 duobusmss.
3023 5370 3233 5446 Deerat
3259 5366 3435 5446 xalin
3465 5367 3659 5446 editis.
3692 5365 3807 5446 Ibi:

2153 5437 2285 5519 dein
2319 5437 2459 5519 Reg.
2519 5446 2750 5519 tertius,
2805 5441 2959 5519 ἔφερε
3005 5440 3416 5519 γενναίωςήτήν
3473 5437 3680 5519 ἄμυναν
3711 5438 3802 5519 καὶ

2151 5515 2244 5577 τὰς
2277 5512 2558 5590 μάστῗγας·
2619 5512 2870 5590 Strenue
2897 5512 3114 5587 ferebat
3143 5517 3460 5590 uindictqm
3481 5522 3532 5590 et
3560 5512 3802 5590 /_l_agella.

2243 5581 2334 5660 82)
2366 5581 2622 5659 Ita'Reg.
2658 5581 2952 5644 secundus
2984 5604 3120 5660 cum
3153 5586 3328 5642 Coisl.
3364 5585 3537 5650 Editi,
3579 5581 3630 5642 ἃ.

2245 5658 2332 5732 83)
2359 5658 2597 5719 Codices
2629 5665 2770 5727 tres,
2803 5658 3038 5734 πονηρά,
