4154 6412
327 417 444 477 105

1475 408 1807 472 HOMlLIA
1846 407 1927 469 ΙΝ
1969 404 2356 468 PSALMUM
2397 405 2577 468 CXV.

3628 408 3748 470 106

324 547 421 609 τάς
480 545 652 622 ἀρχὰς
707 549 823 607 τοῖς
882 543 1262 617 μανθάνουσιν·
1317 539 1432 595 ἐπεὶ
1499 539 1788 613 ἀμήχανον
1843 535 1971 599 τοὺς

2094 541 2159 592 ut
2191 537 2361 608 ii,qui
2383 537 2536 592 circa
2559 535 2750 608 prima
2772 534 3060 608 principia
3081 534 3433 608 litigant,via
3453 541 3512 593 et
3541 538 3747 595 ordine

329 636 452 708 περὶ
512 636 579 690 τὰ
629 639 820 709 πρῶτα
879 632 1324 709 ζυγομαχοῦντας
1382 627 1676 698 δυνηθῆναι
1727 624 1839 698 ὁδῷ
1889 625 1976 680 καὶ

324 725 469 796 τάξει
529 721 818 800 προελθεῖν
880 723 957 785 εἷς
1010 723 1073 776 τὸ
1126 719 1303 783 τέλος.
1340 717 1444 775 Καὶ
1500 722 1662 772 τοῦτο
1694 714 1753 770 ἂν
1789 715 1980 789 μάθοις

324 815 450 888 παρ’
509 813 684 868 αὐτῶν
736 817 842 867 τῶν
894 806 1104 884 ἔξωθεν.
1140 809 1203 864 Εἰ
1259 809 1362 883 γὰρ
1429 809 1504 880 μὴ
1562 803 1981 882 συγχῶρήσειας

325 905 419 964 τὰς
472 905 692 978 πρώτας
747 900 923 976 ἀρχὰς
979 904 1060 971 τῷ
1112 897 1423 974 γεωμέτρῃ,
1483 897 1768 970 ἀμήχανον
1819 893 1976 947 αὐτὸν

326 993 393 1047 τὰ
422 991 612 1066 ἐφεξῆς
665 993 803 1063 (91⁸)
861 988 1322 1062 συμπεράνασθαι.
1379 987 1478 1042 Καὶ
1529 992 1630 1054 τῆς
1683 984 1979 1058 ἀριθμητιη

327 1088 431 1149 κῆς
463 1082 491 1135 ὁ
527 1085 645 1144 τοῖς
695 1079 938 1153 πρώτοις
986 1077 1076 1132 καὶ
1137 1073 1544 1151 στοιχειώδεσιν
1605 1074 1980 1144 ἐνιστάμενος,

324 1171 426 1238 τὴν
458 1169 532 1231 εἰς
559 1170 622 1224 τὸ
652 1168 842 1242 πρόσω
873 1165 997 1222 ὁδὸν
1033 1165 1335 1222 διακόπτει.
1387 1164 1628 1236 Ὁμοίως
1679 1159 1737 1216 δὲ
1775 1161 1863 1215 καὶ
1898 1159 1979 1215 ἰα-

323 1259 505 1335 τρικαὶ
565 1257 730 1333 ἀρχαὶ
790 1258 998 1328 ἰατροῖς
1069 1252 1472 1310 ἀναπόδεικτοι.
1533 1251 1637 1308 Καὶ
1697 1249 1866 1316 ὅλως,
1924 1248 1977 1304 ἐν

324 1344 709 1419 ὁποιῳδήποτε
761 1342 1154 1416 ἐπιτηδεύματι
1203 1348 1312 1398 τῶν
1364 1341 1475 1412 ὁδῷ
1516 1340 1607 1395 καὶ
1655 1340 1800 1411 τάξει
1841 1358 1978 1413 προ-

324 1433 518 1491 ἷ¹όντων
578 1434 664 1490 ἐπὶ
717 1435 781 1489 τὸ
831 1433 1011 1501 τέλος,
1072 1429 1333 1487 ἀδύνατον
1383 1435 1490 1485 τῶν
1545 1428 1777 1506 πρώτων
1840 1429 1980 1482 ὑπο-

326 1523 520 1590 θέσεων
581 1521 846 1596 ἀπδείξεις
903 1522 1198 1592 ἐπιζητεῖν·
1262 1518 1389 1575 ἀλλ’
1453 1520 1656 1593 ἀνάγκη
1719 1517 1816 1578 τὰς
1868 1520 1978 1571 τῶν

326 1613 568 1688 λογικῶν
617 1616 827 1688 τεχνῶν
888 1611 1060 1688 ἀρχὰς
1107 1609 1466 1680 ἀνεξετάστως
1515 1603 1976 1683 παραδεξάμενον,

327 1702 389 1757 τὸ
421 1701 480 1758 ἐκ
506 1706 614 1758 τῶν
653 1701 1018 1758 ὑποτεθέντων
1065 1701 1176 1771 (92)
1229 1697 1527 1754 ἀκόλουθον
1558 1695 1608 1751 ἐν
1639 1701 1757 1757 τοῖς
1791 1695 1981 1773 ἐφεξῆς

332 1787 668 1848 ἐπιϐλέπειν.
702 1791 856 1846 Οὕτω
917 1786 983 1860 δὴ
1044 1787 1136 1844 οῦν
1166 1789 1348 1844 καὶτὸ
1398 1793 1498 1856 τῆς
1555 1784 1841 1858 θεολογίας
1879 1805 1977 1855 μυ-

334 1883 580 1955 στήριον,
610 1881 710 1950 τὴν
773 1879 832 1935 ἐκ
876 1886 979 1949 τῆς
1026 1874 1386 1934 ἀϐασανίστου
1441 1876 1676 1936 πίστεως
1734 1873 1980 1943 ἐπιζητεῖ
2010 1909 2055 1974 Β

330 1970 732 2045 συγκατάθεσιν.
794 1974 1074 2025 Πιστεῦσαι
1151 1971 1253 2043 γὰρ
1323 1965 1422 2034 δεῖ,
1482 1965 1665 2043 φησὶν,
1725 1961 1808 2017 ὅτι
1866 1959 1976 2016 ἔστι

327 2061 479 2124 Θεὸς,
534 2059 664 2135 ούχὶ
699 2064 952 2129 ζητῆσαι,
1013 2056 1141 2112 οὐδὲ
1191 2061 1572 2132 ζυγομαχῆσαι
1631 2053 1692 2107 τὸ
1743 2051 1795 2106 τί
1843 2049 1976 2108 ἐστι.

328 2148 429 2204 Καὶ
458 2145 625 2218 ὅλως,
659 2148 704 2202 εἰ
752 2151 787 2216 ἠ
819 2148 998 2211 πίστις
1057 2146 1438 2217 ἐλπιζομένων
1486 2143 1626 2197 ἐστὶν
1687 2139 1978 2198 ὑπόστασις

323 2237 686 2312 πραγμάτων,
718 2237 804 2291 καὶ
854 2234 1084 2312 ἔλεγχος
1117 2237 1179 2290 ού
1215 2233 1586 2310 βλεπομένων,
1624 2232 1699 2303 μὴ
1731 2227 1978 2308 φιλονεί-

322 2347 403 2381 κει
437 2323 569 2381 ἰδεῖν
618 2323 728 2396 ἤδη
761 2329 827 2381 τὰ
888 2327 1094 2399 μακρὰν
1155 2323 1508 2396 ἀποκείμενα,
1549 2318 1689 2394 μηδὲ
1716 2320 1784 2374 τὰ
1811 2316 1977 2380 ἐλπς-

324 2416 522 2489 ζόμενα
568 2411 851 2492 ἀμφίϐολα
908 2416 1272 2488 καταστήσῃς,
1306 2411 1398 2468 διὰ
1453 2413 1516 2467 τὸ
1578 2412 1747 2484 μήπω
1798 2407 1974 2463 αὐτῶν

324 2501 578 2569 δύνασθαι
609 2504 746 2560 κατὰ
770 2506 870 2573 τὴν
899 2509 1096 2580 γνῶσιν
1124 2502 1477 2580 ἐφάπτεσθαι.
1939 2510 1946 2516 “

393 2686 448 2742 2.
477 2687 653 2738 Ταῦτα
699 2685 794 2756 μὶν
844 2681 937 2738 οῦν
985 2681 1225 2737 καθόλου
1281 2680 1406 2757 περὶ
1463 2680 1698 2740 πίστεως
1732 2673 1821 2732 διὰ
1849 2674 1976 2738 τοὺς

328 2771 784 2847 λογομαχοῦντας
841 2772 928 2826 καὶ
991 2769 1042 2825 ἐν
1096 2770 1302 2847 ῥήμασι
1358 2773 1536 2831 κενοῖς
1599 2761 1826 2842 ἔχοντας
1878 2765 1979 2834 τὴν

327 2859 546 2918 ἐλπίδα.
596 2868 756 2917 Δοκεῖ
779 2859 836 2917 δέ
870 2863 1015 2935 μοιὸ
1064 2861 1118 2916 έν
1148 2861 1307 2936 χερσὶ
1347 2859 1568 2934 ψαλμὸς
1602 2858 1678 2920 ὡς
1706 2857 1844 2931 πρὸς
1874 2855 1974 2923 τήν

323 2951 667 3026 προάγουσαν
701 2950 753 3005 ἐν
805 2955 885 3022 τῷ
926 2951 1152 3006 κατόπιν
1203 2948 1412 3024 ψαλμῷ
1455 2946 1696 3002 διάνοιαν
1743 2942 1977 3000 ἀκολου-

324 3040 439 3105 θίάν
481 3038 650 3116 ἔχειν.
709 3041 841 3096 Εῒπε
893 3040 994 3116 γὰρ
1053 3038 1181 3094 ἐκεῖ·
1243 3039 1609 3112 Εὐαρεστήσω
1659 3040 1739 3106 τῷ
1787 3032 1975 3108 Κυρίῳ

321 3130 371 3186 ἐν
427 3129 588 3205 χώρᾳ
642 3128 881 3195 ζώντων.
940 3129 1090 3183 Ἐπεὶ
1152 3126 1244 3182 οῦν
1299 3129 1423 3202 περὶ
1486 3126 1563 3198 μὴ
1617 3121 1975 3200 βλεπομένης

317 3219 508 3294 χώρας
536 3215 866 3292 διαλέγεται,
902 3217 976 3278 ὡς
1024 3219 1208 3291 σαφῶς
1259 3214 1636 3287 ἐπιστάμενος,
1667 3213 1768 3280 τὴν
1801 3208 1974 3264 αἰτίαν

318 3273 618 3362 ἀπύδῖδωσι
648 3273 744 3360 τοιῦ
804 3273 927 3378 πέρὶ
963 3273 1116 3359 ⁷τῶν⁸
1143 3273 1366 3375 ἀδήλων
1416 3273 1736 3376 δίορισμοῦ,
1763 3297 1968 3373 λέγων·
2006 3273 2049 3341 C

314 3396 653 3467 Ἐπίστευσα,
716 3393 798 3449 ὅτι
857 3393 966 3449 ἔστι
1042 3415 1126 3458 τις
1194 3394 1354 3468 χώρα
1413 3393 1648 3461 ζώντων·
1708 3387 1791 3443 διὸ
1851 3386 1973 3442 ἐλά-

316 3483 604 3554 λησα,ὅτι
665 3483 1027 3558 Εὐαρεστήσω
1085 3481 1137 3537 ἐν
1190 3483 1329 3556 αὐτῇ
1387 3485 1466 3552 τῷ
1525 3479 1727 3556 Κυρίῳ.
1785 3474 1970 3538 Ὄλως

321 3571 396 3643 δὲ,
431 3576 465 3643 ἡ
500 3570 623 3629 ἄνευ
658 3572 892 3635 πίστεως
923 3571 1007 3626 ἐπὶ
1039 3572 1102 3626 τὸ
1133 3569 1319 3627 λαλεῖν
1353 3568 1629 3646 ἐρχομένη
1665 3568 1818 3643 ψυχὴ
1853 3564 1967 3620 δια-

320 3669 479 3732 κενῆς
524 3661 776 3738 ληρήσει,
827 3662 943 3716 κατ’
982 3658 1200 3724 οὐδενὸς
1251 3659 1608 3733 ὑποκειμένου
1649 3659 1742 3712 τὸν
1801 3655 1966 3729 λόγον

321 3750 655 3827 προάγουσα.
716 3752 896 3826 Ἀρχὴ
963 3749 1147 3805 τοίνυν
1222 3748 1391 3825 λόγου
1445 3745 1734 3824 ἔμφρονος,
1791 3746 1971 3811 πίστις

312 3840 558 3916 ἰσχυρῶς
589 3843 656 3914 τῇ
681 3837 876 3914 καρδίᾳ
902 3844 1000 3894 τοῦ
1045 3837 1343 3900 λαλοῦντος
1393 3837 1738 3914 ἐνιδρυμέυη.
1774 3840 1969 3893 Ἔπει-

311 3949 399 3997 τα,
431 3927 594 3991 πόθεν
649 3930 785 4000 ἡμῖν
847 3925 1070 3982 δυνατὸν
1124 3927 1187 3982 τὸ
1242 3927 1365 4002 περὶ
1403 3928 1502 3996 τήν
1549 3927 1730 3981 πίστιν
1756 3926 1967 3981 τέλειον

313 4017 638 4092 κατορθοῦν,
670 4014 884 4094 ἐφεξῆς,
936 4015 1144 4092 ἐπάγει,
1201 4014 1398 4091 λέγων·
1452 4014 1595 4091 Ἐγὼ
1640 4013 1698 4071 δὲ
1754 4016 1966 4070 ἐταπει-

317 4107 499 4176 νώθην
559 4103 786 4184 σφόδρα,
845 4107 907 4162 Ὁ
951 4105 1054 4182 γὰρ
1111 4107 1188 4179 μὴ
1235 4107 1571 4168 ταπεινώσας
1619 4106 1811 4160 ἑαυτοῦ
1865 4105 1966 4174 τὴν

2090 626 2405 695 procedere
2435 624 2666 680 valeant
2697 625 2765 678 ad
2804 625 3001 679 ﬁnem.
3030 625 3210 696 quue
3244 625 3332 680 vel
3363 643 3430 681 ex
3461 626 3606 698 ipsis
3652 644 3749 684 ex-

2091 714 2271 768 ternis
2297 713 2627 784 disciplinis
2647 713 2752 768 tibi
2783 713 2916 769 licet
2947 715 3192 769 discere.
3237 715 3465 770 Etenim
3525 716 3573 771 si
3604 733 3748 789 geo-

2092 809 2287 859 metras
2311 805 2502 875 prima
2533 820 2648 858 non
2699 803 3057 860 concesseris
3119 805 3431 877 principia,
3491 823 3559 862 ea
3614 824 3745 878 quas

2092 898 2422 963 sequuntur
2480 891 2831 948 concludere
2888 897 3111 963 nequit.
3173 894 3241 948 Et
3304 895 3405 965 qui
3463 895 3744 952 arithme-

2091 982 2218 1036 ticae
2251 981 2560 1052 principiis
2590 981 2743 1036 872
2777 996 2841 1035 ac
2864 980 3169 1036 elementis
3201 999 3263 1037 se
3293 984 3555 1055 opponit,
3589 985 3740 1041 viam

2091 1072 2161 1126 ad
2193 1071 2474 1127 ulteriora
2511 1071 2830 1142 intercipit.
2891 1071 3176 1127 Similiter
3217 1079 3412 1128 autem
3464 1091 3652 1146 neque
3709 1092 3743 1130 a

2091 1162 2338 1216 medicis
2372 1161 2671 1216 medicinae
2695 1161 2984 1232 principia
3017 1168 3262 1232 possunt
3321 1163 3738 1220 demonstrari.

2090 1257 2155 1307 Et
2186 1254 2244 1308 in
2279 1253 2605 1321 summa,in
2626 1269 3004 1323 quacumque
3037 1254 3396 1324 professione
3426 1273 3553 1327 quae
3575 1258 3667 1312 via
3683 1261 3743 1313 et

2090 1343 2293 1397 ordine
2315 1343 2384 1398 ad
2417 1343 2592 1397 ﬁnem
2618 1343 2913 1414 procedat,
2931 1343 3258 1414 primarum
3273 1347 3742 1416 propositionum

2090 1431 2623 1486 demonstrationes
2654 1448 2769 1485 non
2802 1435 3028 1498 queunt
3061 1431 3280 1503 inquiri
3307 1451 3319 1501 ;
3353 1434 3455 1488 sed
3504 1451 3745 1492 necesse

2089 1525 2198 1588 est,
2227 1523 2292 1575 ut
2321 1519 2370 1574 is
2394 1520 2494 1591 qui
2560 1520 2776 1574 artium
2811 1521 3034 1576 ratione
3064 1520 3399 1576 innixarum
3432 1523 3743 1596 principia,

2091 1609 2220 1664 sine
2253 1609 2595 1680 probatione
2624 1609 2886 1675 admisit,
2942 1609 2999 1664 id
3033 1610 3186 1681 quod
3249 1627 3316 1666 ex
3363 1612 3490 1682 jam
3536 1615 3746 1684 positis

2090 1713 2458 1769 consequens
2489 1703 2598 1767 est,
2632 1699 2691 1752 in
2723 1697 2817 1753 his
2839 1714 2965 1769 quae
3008 1699 3216 1754 deinde
3274 1705 3606 1771 sequuntur
3659 1702 3746 1758 in-

2091 1787 2319 1858 spiciat.
2351 1788 2444 1842 Sic
2475 1804 2614 1842 sane
2643 1787 2817 1842 etiam
2834 1786 3139 1857 theologiaa
3171 1790 3516 1860 mysterium
3541 1807 3740 1847 assen-

2090 1893 2221 1931 sum
2255 1893 2322 1931 ex
2354 1876 2465 1931 ﬁde
2495 1875 2859 1947 probationis
2908 1882 3140 1947 experte
3179 1877 3446 1948 requirit.
3511 1879 3744 1943 Credere

2088 1968 2238 2022 enim
2258 1971 2488 2037 oportet,
2520 1965 2734 2036 inquit,
2760 1967 2892 2036 quia
2911 1970 2994 2021 est
3013 1966 3165 2022 Deus
3193 1968 3238 2002 ²⁸
3263 1984 3275 2022 :
3311 1984 3425 2023 non
3459 1985 3740 2040 quaerere,

2089 2072 2279 2126 neque
2323 2073 2458 2111 cum
2507 2057 2881 2112 contentione
2936 2058 3261 2128 expendere
3317 2058 3455 2129 quid
3507 2059 3602 2114 sit.
3663 2063 3742 2116 Ac

2088 2143 2352 2209 tandem,
2386 2144 2435 2198 si
2467 2145 2613 2199 ﬁdes
2642 2161 2838 2199 rerum
2871 2161 2998 2215 quae
3039 2150 3354 2216 sperantur
3408 2147 3742 2205 substantia

2087 2238 2197 2302 est,
2230 2239 2287 2288 et
2309 2249 2512 2288 earum
2546 2249 2673 2304 quae
2708 2249 2822 2288 non
2879 2233 3154 2290 videntur
3211 2240 3625 2307 argumentum
3653 2238 3737 2307 ’τε

2088 2340 2160 2378 ne
2191 2323 2474 2377 contende
2492 2324 2618 2393 jam
2651 2324 2845 2378 videre
2868 2340 2997 2394 qua:
3029 2324 3229 2394 procul
3265 2329 3405 2380 sunt
3446 2327 3738 2398 reposita:

2090 2430 2277 2485 neque
2299 2429 2366 2468 ea
2398 2431 2523 2486 qua:
2537 2419 2870 2484 sperantur,
2902 2415 3182 2486 ambigua
3211 2419 3460 2486 statuas,
3481 2422 3743 2490 propter-

2087 2520 2155 2558 ea
2202 2504 2362 2575 quod
2411 2505 2674 2560 nondum
2723 2519 2925 2559 eorum
3005 2503 3396 2576 cognitionem
3456 2507 3744 2579 attingere

2087 2593 2353 2664 potuisti.

2155 2685 2208 2739 2.
2245 2688 2311 2740 Et
2341 2683 2578 2756 quidem
2620 2683 2781 2739 istaec
2812 2685 2882 2739 de
2915 2684 3029 2739 ﬁde
3054 2689 3290 2756 propter
3318 2702 3417 2742 eos
3463 2687 3566 2759 qui
3612 2704 3743 2744 ver-

2087 2778 2232 2832 bosa
2263 2780 2316 2831 et
2347 2775 2711 2831 contentiosa
2739 2775 3160 2847 disceptatione
3189 2781 3741 2851 argutantur,atque

2087 2867 2143 2921 in
2175 2865 2368 2920 verbis
2398 2864 2676 2920 inanibus
2706 2881 2867 2935 spem
2897 2864 3204 2932 collocant,
3237 2867 3391 2922 dicta
3412 2869 3738 2940 generatim

2086 2955 2526 3011 sint.Caaterum
2553 2952 2813 3025 psalmus
2845 2954 2947 3025 qui
2979 2954 3036 3008 in
3073 2955 3348 3011 manibus
3381 2960 3490 3021 est,
3523 2973 3739 3029 cogna-

2085 3044 2302 3099 tionem
2335 3059 2468 3098 cum
2503 3043 2846 3113 praecedenti
2866 3043 3154 3098 sententia
3177 3043 3384 3114 psalmi
3419 3046 3739 3116 superioris

2084 3133 2301 3186 habere
2331 3131 2474 3185 mihi
2505 3131 2758 3185 videtur.
2792 3131 2950 3185 Dixit
2979 3131 3137 3186 enim
3163 3131 3283 3186 illic
3319 3150 3331 3186 :
3366 3132 3601 3189 Ptacebo
3630 3135 3735 3189 Do~

2086 3222 2238 3274 mino
2269 3221 2326 3274 in
2358 3220 2576 3289 regione
2609 3220 2857 3273 vivorum
2885 3219 2952 3274 ²⁸.
2986 3221 3130 3275 Cum
3164 3220 3344 3292 igitur
3382 3222 3454 3277 de
3500 3223 3737 3294 regione

2089 3323 2216 3378 quae
2250 3325 2364 3362 non
2397 3307 2934 3378 videtur,disserat,
2965 3313 3248 3381 tanquam
3279 3309 3464 3366 Tclare
3523 3311 3735 3384 sciens,

2081 3413 2199 3451 suis
2230 3397 2301 3451 de
2327 3392 2596 3452 obscuris
2641 3397 2987 3454 assertionis
3047 3399 3331 3455 rationem
3382 3399 3594 3470 reddit,
3650 3401 3737 3457 di-

2082 3502 2258 3540 cens:
2296 3485 2522 3541 Credidi
2551 3486 2866 3556 quamdam
2900 3503 3031 3542 esse
3054 3486 3373 3543 viventium
3408 3490 3734 3561 regionem:

2081 3576 2307 3646 propter
2334 3577 2479 3647 quod
2505 3575 2628 3630 dixi
2657 3592 2676 3628 :
2710 3575 2943 3632 Placebo
2972 3576 3032 3631 in
3064 3577 3193 3648 ipsa
3223 3578 3474 3633 Domino.
3511 3579 3572 3634 In
3605 3579 3736 3634 uni-

2079 3687 2315 3727 versum
2347 3669 2771 3738 autem,anima
2797 3687 2925 3742 qua:
2955 3671 3103 3726 citra
3132 3671 3306 3727 ﬁdem
3337 3671 3498 3744 loqui
3529 3689 3735 3746 aggre-

2081 3761 2261 3826 ditur,
2295 3759 2550 3815 inaniter
2569 3760 2806 3831 garriet,
2834 3761 3314 3832 quandoquidem
3365 3763 3436 3816 ad
3497 3763 3730 3818 nullum

2083 3851 2529 3905 fundamentum
2565 3850 2741 3904 refert
2761 3854 3326 3922 sermonem.Itaque
3350 3851 3584 3907 initium
3616 3870 3734 3908 ser-

2081 3939 2271 3995 monis
2292 3939 2599 4011 prudentis
2619 3943 2708 3994 est
2731 3939 2945 3994 ﬁdesin
2963 3941 3137 3995 corde
3175 3939 3471 4011 loquentis
3491 3941 3735 3998 ﬁrmiter

2078 4029 2593 4086 insidens.Deinde
2623 4029 2990 4085 continenter
3021 4029 3346 4100 subjungit,
3372 4045 3488 4101 qua
3512 4030 3737 4087 ratione

2079 4118 2492 4190 perfectionem
2520 4117 2651 4173 ﬁdei
2686 4118 2920 4189 assequi
2953 4117 3273 4190 possimus,
3307 4119 3449 4174 dum
3477 4118 3593 4174 ait:
3630 4120 3739 4190 Ego

321 4194 579 4266 διάνοιαν,
618 4193 760 4269 μηδὶ
806 4195 942 4250 κατὰ
991 4195 1228 4269 μίμησιν
1276 4199 1374 4250 τοῦ
1423 4194 1762 4252 Ἀποστόλου
1788 4192 1966 4270 λέγων

2088 4211 2267 4264 autem
2295 4207 2632 4263 humiliatus
2679 4223 2803 4262 sum
2847 4208 3039 4262 nimis.
3095 4208 3201 4272 Qui
3262 4207 3419 4262 enim
3479 4212 3738 4263 mentem

315 4287 406 4368 τὸ,
450 4282 726 4364 Ἀδελφοὶ,
785 4284 895 4360 ἐγὼ
950 4284 1184 4358 ἐμαυτὸν
1239 4282 1393 4340 οὔπω
1454 4285 1742 4361 λογίζομαι
1791 4305 1970 4340 κατει-

2088 4315 2252 4354 suam
2289 4313 2400 4354 non
2432 4296 2727 4360 humiliat,
2748 4313 2939 4368 neque
2960 4297 3033 4351 ad
3064 4295 3454 4352 imitationem
3476 4296 3742 4367 Apostoli

321 4374 575 4451 ληφέναι,
607 4373 752 4430 ἀλλὰ
780 4379 1049 4447 περινοῶν
1101 4375 1292 4438 οὐσίας
1335 4380 1468 4431 Θεοῦ
1515 4376 1851 4450 κατάληψιν,
1881 4379 1973 4432 καὶ

2088 4387 2260 4442 dicit:
2287 4388 2526 4453 Fratres,
2561 4401 2657 4454 ego
2688 4402 2776 4440 me
2803 4386 3052 4441 nondum
3098 4387 3350 4441 arbitror
3395 4385 3744 4457 comprehen-

317 4464 398 4535 τῷ
429 4460 555 4535 ἰδίῳ
586 4461 837 4539 λογισμῷ
866 4463 1141 4540 ἐκμετρῶν
1180 4465 1249 4519 τὰ
1287 4465 1562 4543 ἀνέφικτα,
1595 4470 1682 4523 καὶ
1715 4475 1972 4526 τοσοῦτον

2088 4477 2226 4533 disse
2256 4477 2332 4544 '9;
2358 4475 2624 4531 imovero
2648 4475 2748 4546 qui
2780 4476 2849 4530 de
2897 4475 3154 4531 essentia
3209 4475 3309 4530 Dei
3359 4473 3742 4547 comprehen-

318 4551 676 4628 λογιζόμενος
710 4553 842 4608 εἶναι
872 4555 965 4609 τὸν
1019 4555 1146 4610 Θεὸν
1193 4554 1318 4610 ὅσον
1374 4556 1534 4619 αὐτὸς
1581 4563 1662 4630 τῷ
1722 4558 1974 4635 λογισμῷ

2088 4566 2279 4620 denda
2307 4565 2542 4636 cogitat,
2578 4579 2643 4618 ac
2676 4563 2912 4635 propria
2940 4563 3382 4619 ratiocinatione
3411 4563 3744 4635 incompre-

323 4637 666 4716 περιέλαϐεν·
717 4643 807 4698 καί
868 4643 1038 4716 ὅλως,
1099 4644 1127 4699 ὁ
1183 4643 1276 4697 τὸν
1334 4645 1534 4700 οἰκεῖον
1591 4652 1715 4702 νοῦν
1779 4650 1976 4725 μέτρον

2089 4653 2404 4710 hensibilia
2433 4653 2694 4716 metitur,
2727 4657 2784 4709 et
2815 4657 2994 4708 Deum
3049 4653 3372 4708 arbitratur
3426 4667 3556 4708 esse
3612 4655 3744 4706 tan-

320 4735 430 4786 τῶν
464 4727 633 4786 ὅντων
666 4733 1016 4806 ποιούμενος,
1050 4732 1112 4786 οὗ
1167 4731 1543 4807 λογιζόμενος,
1581 4735 1665 4790 ὅτι
1696 4737 1822 4812 ῥᾷόν
1865 4740 1973 4796 ἐστι

2089 4750 2236 4806 tum.
2270 4746 2558 4814 quantum
2590 4741 2716 4812 ipse
2748 4741 2972 4796 ratione
3019 4746 3328 4798 assecutus
3357 4744 3485 4798 est:
3520 4745 3578 4796 et
3627 4755 3746 4796 uno

325 4819 538 4895 κοτύλῃ
602 4825 770 4896 μικρᾷ
819 4821 919 4889 τὴν
969 4826 1142 4875 πᾶσαν
1193 4819 1460 4878 θάλασσαν
1527 4823 1879 4901 ἐκμετρῆσαι,
1939 4827 1976 4900 ἤ

2088 4833 2282 4902 verbo,
2307 4833 2405 4903 qui
2442 4831 2735 4903 propriam
2771 4835 3046 4898 mentem,
3072 4830 3476 4887 universorum
3508 4846 3747 4885 mensu-

323 4915 404 4983 τῷ
463 4908 791 4984 ἀνθρωπίνῳ
847 4914 921 4981 νῷ
975 4913 1075 4975 τῆς
1139 4909 1342 4988 ἀφάτου
1405 4914 1826 4988 μεγαλειότητος
1882 4924 1976 4974 τοῦ

2090 4941 2216 4978 ram
2270 4921 2498 4987 statuit,
2523 4937 2635 4975 non
2661 4919 2998 4992 intelligens
3031 4920 3260 4975 facilius
3289 4935 3418 4975 esse
3458 4923 3523 4974 ut
3571 4935 3751 4990 parva

322 4997 457 5055 Θεοῦ
529 4995 974 5075 περιδράξασθαι,
1025 4998 1143 5070 εἰκῆ
1203 5002 1565 5079 φυσιούμενος
1622 5004 1708 5059 καὶ
1757 5004 1976 5083 ἐπαιρό-

2093 5012 2288 5068 cotula
2317 5015 2507 5067 totum
2537 5010 2900 5065 admetiatur
2929 5026 3111 5081 mare,
3143 5025 3322 5081 quam
3347 5013 3412 5064 ut
3426 5013 3622 5064 mente
3642 5009 3750 5064 hu-

332 5109 490 5161 μενος
518 5091 588 5160 τῇ
634 5088 958 5161 ματαιότητι
999 5093 1096 5143 τοῦ
1141 5089 1268 5152 νοὸς
1319 5091 1508 5159 αὐτοῦ,
1538 5093 1600 5148 οὐ
1646 5091 1862 5150 δύναται
1897 5095 1976 5153 λέ-

2097 5118 2270 5156 mana
2300 5098 2752 5155 inenarrabilem
2779 5097 2879 5153 Dei
2919 5099 3283 5169 majestatem
3305 5095 3749 5167 compleetatur,

333 5197 448 5250 γειν
495 5179 578 5232 τὸ.
635 5178 982 5249 Ἐπίστευσα,
1016 5175 1130 5262 ’διὸ
1187 5177 1452 5250 ἐλάλησα·
1506 5180 1694 5252 ἐπειδὴ
1750 5183 1880 5241 ούδὶ
1921 5189 1976 5243 τὸ

2095 5192 2315 5246 frustra
2348 5189 2585 5244 inﬂatus
2617 5192 2675 5243 et
2703 5188 2774 5243 ob
2807 5187 3020 5243 mentis
3044 5200 3162 5242 suis
3193 5185 3512 5241 vanitatem
3536 5185 3748 5254 elatus,

330 5264 519 5344 ἐφεξῆς
565 5266 781 5342 ἐπάγειν
843 5268 996 5339 αὐτῷ
1055 5264 1296 5338 δυνατὸν,
1350 5271 1436 5338 τὸ,
1496 5271 1634 5347 Ἐγὼ
1666 5270 1724 5328 δὲ
1771 5275 1976 5332 ἐταπει-

2098 5297 2212 5336 non
2245 5283 2436 5350 potest
2465 5278 2656 5334 dicere
2689 5276 2831 5332 illud
2870 5293 2882 5332 :
2919 5275 3149 5332 Credidi
3174 5281 3402 5346 propter
3421 5274 3562 5347 quod
3609 5276 3754 5331 tocu-

332 5355 514 5424 νώθην
567 5353 790 5432 σφόδρα·
850 5355 1004 5433 τύφῳ
1041 5356 1141 5433 γὰρ
1199 5356 1288 5412 καὶ
1348 5357 1638 5434 ἀλαζονείᾳ
1692 5368 1849 5440 συζῇ,
1894 5368 1976 5422 καί

2101 5381 2187 5427 tus
2217 5386 2337 5426 sum
2363 5388 2376 5436 ;
2403 5385 2537 5424 cum
2571 5384 2643 5424 ne
2663 5366 2720 5422 id
2754 5366 2990 5436 quidem
3026 5366 3178 5438 quod
3226 5365 3519 5437 sequitur,
3566 5364 3755 5438 possit

408 5501 453 5535 ²⁶
483 5499 656 5556 Hebr.
691 5517 770 5568 xx,
800 5501 855 5554 6.
933 5502 977 5536 ³⁷
1013 5501 1156 5559 ibid.
1194 5504 1243 5560 1.
1321 5505 1364 5540 ’⁸
1392 5507 1544 5563 Psal.
1579 5524 1730 5580 σειν,
1759 5512 1813 5566 9.
1892 5513 1976 5569 2’l

2096 5513 2173 5586 ip.
2211 5530 2292 5584 In,
2321 5513 2407 5568 13.

409 5633 842 5722 “Sicmss.
876 5639 1148 5722 quatuor.
1179 5636 1320 5722 ροιι)
1371 5646 1658 5715 .quartus,
1695 5643 1839 5716 ἑξῆς.
1868 5647 1974 5706 Edi

2088 5647 2137 5702 τὸ
2169 5644 2377 5722 ἐφεξῆς.

300 5775 302 5777 ν
413 5706 529 5780 (92)
561 5706 723 5763 Colb.
758 5712 1030 5779 quartus,
1063 5706 1388 5772 ὑποθέσεων.

659 5837 925 5898 ΡΑτιιοῐ..
973 5835 1083 5898 Gn.
1129 5837 1316 5900 XXX.

2283 5877 2290 5883 -
3400 5841 3439 5896 4
