4154 6414
407 380 528 442 107

1346 379 1744 441 ΛΡΡΕΝΒΙΧ
1789 379 2123 444 OPERUM
2169 381 2239 442 S.
2285 383 2571 446 BASILII
2617 385 2894 447 MAGNI.

3723 384 3849 450 £08

407 513 785 586 subjungere,
819 512 1130 584 Egoautem
1168 511 1499 568 humiliatus
1554 528 1676 567 sum
1741 511 1938 568 nimis.
1997 515 2059 566 In

2183 506 2458 578 διακένοις
2506 512 2748 590 ῥήμασιν
2801 513 3197 593 ἐπαγάλλεται,
3244 516 3306 572 τὸ
3354 516 3414 573 ἐκ
3461 522 3563 587 τῆς
3610 515 3855 578 πίστεως

409 604 563 659 fastu
595 603 751 658 enim
787 606 845 657 et
874 603 932 657 in
965 601 1238 674 superbia
1286 601 1464 656 vitam
1526 600 1714 673 degit,
1753 601 2066 671 verbisque

409 693 690 749 inanibus
727 692 1000 756 exsultat,
1032 691 1395 746 intereadum
1431 690 1562 746 ﬁdei
1605 691 1788 746 robur
1845 707 2066 762 nequa-

410 800 589 854 quam
624 782 902 854 possidet.
937 780 1153 835 Deinde
1185 797 1298 836 non
1335 779 1613 851 deprimit
1635 779 1827 835 solum
1862 784 2070 834 semet-

412 873 633 945 ipsum,
669 871 768 926 sed
797 870 971 925 etiam
1002 884 1176 925 omne
1207 868 1386 924 simul
1416 868 1724 924 hominum
1751 886 1938 941 genus
1954 867 2067 924 sibi

413 966 693 1034 agnatum
727 975 794 1014 ac
826 962 1048 1014 naturae
1070 959 1319 1014 socium.
1380 961 1559 1012 Vsas.
1603 958 1659 1012 2.
1716 959 1830 1031 Ego
1887 958 2065 1022 enim,

409 1049 624 1121 inquit,
656 1049 788 1104 dixi
810 1049 868 1102 in
896 1063 1119 1103 excessu
1149 1063 1306 1108 meo;
1349 1045 1540 1102 Omnis
1590 1046 1750 1102 homo
1805 1046 2064 1102 mendax.

409 1137 598 1202 Quare
626 1137 725 1209 qui
758 1136 872 1192 ﬁde
903 1153 1018 1192 non
1054 1135 1314 1206 adjutus,
1339 1137 1438 1191 sed
1493 1152 1562 1190 ex
1613 1152 1676 1189 se
1734 1151 2066 1190 sermonem

407 1244 728 1302 aggressus
757 1230 868 1298 est,
902 1229 1105 1298 utpote
1129 1225 1420 1282 industria
1446 1225 1706 1281 humana
1753 1227 1825 1281 ad
1863 1225 2067 1281 verita-

405 1322 528 1373 tem
577 1314 1192 1388 comprehendendam
1252 1315 1572 1383 conﬁdens,
1632 1315 1886 1370 mendax
1933 1316 2063 1381 est;

402 1406 625 1479 quippe
656 1405 756 1477 qui
777 1403 1033 1459 multum
1066 1421 1098 1457 a
1127 1403 1373 1460 veritate
1407 1404 1658 1459 aberret.

479 1494 638 1550 818
657 1492 1017 1564 3._Cieterum
1041 1491 1120 1547 ait
1148 1491 1364 1548 dixisse
1387 1509 1448 1546 se
1474 1492 1628 1546 hunc
1658 1509 1988 1548 sermonem
2007 1493 2063 1550 in

406 1599 675 1642 excessu.
711 1580 853 1646 Quis
883 1585 1080 1636 autem
1125 1586 1213 1636 est
1245 1581 1337 1636 hic
1373 1581 1698 1638 excessus?
1743 1582 1871 1637 Sive
1930 1582 2066 1654 quia

407 1675 806 1745 undecunque
835 1672 1156 1727 humanam
1189 1675 1460 1727 naturam
1499 1673 1959 1744 consideraram,
2010 1681 2066 1729 et

407 1764 674 1822 nuncubi
710 1763 865 1819 inter
904 1762 1171 1818 homines
1218 1761 1418 1834 aliqua
1468 1768 1624 1818 esset
1664 1763 1880 1819 veritas
1941 1781 2063 1836 per-

2179 599 2399 678 ίσχυον,
2457 604 2533 676 μὴ
2591 607 2951 679 κεκτημένος.
3015 607 3142 661 Εἶτα
3195 607 3302 682 οὐχ
3357 605 3543 662 ἑαυτὸν
3591 611 3850 661 ταπεινοῖ

2180 687 2368 765 μόνον,
2403 691 2550 749 ἀλλὰ
2577 695 2664 749 καὶ
2697 700 2871 750 πᾶσαν
2930 695 3073 769 ὁμοῦ
3119 697 3220 764 τὴν
3268 703 3494 772 συγγενῆ
3543 696 3720 768 ἑαυτῷ
3744 695 3841 750 καὶ

2175 784 2440 837 κοινωνὸν
2493 784 2593 852 τής
2643 783 2854 862 φύσεως
2905 785 3321 862 ἀνθρωπότητα.
3370 785 3514 860 Ἐγὼ
3552 785 3653 862 γὰρ
3689 785 3836 853 εἶπα,

2177 873 2365 948 φησὶν.
2399 873 2451 928 ἰν
2508 877 2576 947 τῇ
2625 873 2865 929 ἐκστάσει
2927 895 3054 948 μου.
3117 877 3228 937 Hi;
3251 872 3533 951 ἅνθρωπος
3565 873 3837 949 ψεύστης-

2175 962 2340 1016 ’Ώστε
2387 963 2414 1016 ὁ
2475 964 2550 1036 μὴ
2611 962 2672 1018 ἐκ
2701 965 2936 1028 πίστεως
2996 963 3397 1039 βοηθούμενος,
3454 964 3578 1020 ἀλλ’
3629 961 3844 1028 οἴκοθεν

2177 1049 2265 1105 ἐπὶ
2297 1052 2386 1106 τὸν
2421 1051 2587 1128 λόγον
2617 1051 2922 1128 ἐρχόμενος
2966 1056 3132 1125 (92⁸),
3165 1060 3282 1116 ταῖς
3336 1052 3700 1129 ἀνθρωπίναις
3733 1073 3842 1107 πα-

2178 1146 2465 1216 ρασκευαῖς
2497 1142 2634 1216 πρὸς
2663 1145 2761 1211 τὴν
2807 1142 3116 1218 κατάληψιν
3156 1150 3258 1212 τῆς
3311 1140 3570 1214 ἀληθείας
3601 1141 3847 1220 Θαῤῥῶν,

2177 1230 2413 1304 ψεύστης
2449 1229 2585 1303 ἐστὶ,
2618 1231 2910 1308 παραπολὺ
2941 1239 3040 1302 τῆς
3072 1232 3331 1304 ἀληθείας
3362 1231 3660 1288 ἐκπίπτων.

2249 1504 2302 1558 3.
2335 1496 2539 1556 Τοῦτον
2570 1495 2627 1553 δέ
2659 1519 2820 1576 φησιν
2855 1497 3132 1574 εἴρηκὲναι
3164 1501 3255 1556 τὸν
3279 1498 3446 1576 λόγον
3469 1498 3522 1555 ἂν
3550 1498 3618 1571 τῇ
3649 1497 3841 1556 ἐκστά-

2178 1589 2397 1650 σει.Τίς
2441 1585 2499 1644 δέ
2529 1586 2666 1643 ἐστιν
2725 1591 2759 1658 ἡ
2807 1586 3088 1659 ἔκστασις
3145 1596 3300 1645 Ἤτοι
3359 1587 3443 1644 ὅτι
3498 1585 3841 1665 περιϐλεψά-

2180 1698 2338 1752 μενος
2380 1677 2480 1745 τὴν
2532 1676 2878 1752 ἀνθρωπίνην
2938 1676 3122 1750 φύσιν,
3181 1677 3272 1732 καὶ
3323 1675 3834 1752 διερευνησάμενος,

2177 1765 2233 1821 εἷ’
2281 1766 2388 1822 πού
2443 1766 2528 1827 τίς
2583 1764 2728 1820 ἐστιν
2785 1766 2838 1821 ἰν
2892 1768 3200 1841 ἀνθρώποις
3261 1766 3516 1839 ἀλήθεια,
3571 1765 3842 1841 μηδαμοῦ

407 1857 711 1911 scrutatus
754 1868 938 1919 eram,
970 1867 1106 1906 cum
1165 1855 1363 1906 tamen
1423 1852 1569 1907 citra
1626 1852 1724 1908 Dei
1775 1852 2058 1908 auxilium

2174 1854 2375 1926 ταύτην
2438 1855 2620 1932 εὑφεῖν
2675 1851 2936 1948 δυνηθεὶς
2992 1853 3114 1911 ἄνευ
3185 1863 3284 1926 τῆς
3332 1857 3480 1930 παρὰ
3545 1860 3643 1910 τοῦ
3701 1862 3840 1912 Θεοῦ

407 1961 705 2015 nusquam
738 1942 1141 1999 eaminvenire
1172 1958 1431 2014 possem,
1459 1942 1746 1999 attonitus
1782 1944 1968 1999 factus
1990 1945 2061 2000 ob

406 2051 536 2091 rem
565 2030 1326 2106 inopinatam,cxclnmavi:
1362 2032 1551 2088 Omnis
1608 2031 1765 2087 homo
1804 2032 2060 2089 mendax.

405 2124 539 2180 Sive
568 2124 626 2178 in
660 2139 898 2178 excessu
931 2121 1032 2177 illo
1061 2137 1232 2194 quem
1267 2137 1461 2177 coram
1493 2121 1733 2177 Anchus
1786 2123 2060 2190 confinxi,

406 2210 768 2270 comitialem
801 2211 1073 2267 morbum
1102 2210 1516 2284 insaniamque
1540 2211 1831 2267 simulans
1859 2229 1871 2266 :
1901 2215 2058 2283 post-

403 2319 586 2376 quam
617 2299 874 2358 intellexi
907 2318 1001 2357 me
1019 2317 1086 2357 eo
1118 2301 1422 2358 devenisse
1447 2301 1752 2374 angustias,
1790 2305 1854 2356 ut
1885 2300 2059 2356 decli-

404 2391 589 2450 nandi
619 2389 860 2465 periculi
877 2391 946 2446 ab
961 2390 1637 2462 hostibusimpendentis
1656 2407 1834 2447 causa
1857 2395 2059 2446 contra

405 2497 603 2538 meam
634 2479 825 2552 ipsius
853 2479 1273 2536 conscientiam
1309 2480 1607 2547 mentirer,
1641 2484 1699 2535 et
1758 2496 1883 2551 quis
1941 2496 2057 2535 non

405 2574 607 2628 essent
637 2562 954 2643 fingerem:
990 2573 1133 2625 tunc
1165 2569 1320 2626 dixi:
1358 2568 1548 2625 Omnis
1588 2571 1750 2625 homo
1797 2568 2055 2640 mendax,

405 2661 521 2717 etsi
548 2663 741 2717 tamen
765 2676 882 2716 non
905 2675 973 2714 ex
1005 2659 1520 2732 proposito,neque
1544 2659 1602 2714 in
1636 2658 2060 2714 detrimentum

406 2749 834 2824 proximorum,
869 2749 967 2804 sed
1000 2748 1241 2804 omnino
1271 2747 1345 2804 ob
1368 2746 1740 2804 calamitosas
1773 2748 2059 2819 quaedam

408 2856 623 2897 causas
655 2839 725 2896 ad
751 2837 1124 2895 mendacium
1140 2837 1394 2908 confugi.
1417 2837 1582 2908 Atqui
1599 2835 1924 2909 pugnantia
1946 2853 2060 2892 non

407 2931 677 3004 loquitur
692 2927 1000 3000 Pr0pheta,
1035 2927 1117 2982 uti
1151 2926 1416 2982 nonnulli
1448 2926 1725 2999 sophistae
1749 2926 1942 2998 ipsum
1971 2942 2064 2982 co-

406 3035 655 3094 arguere
684 3022 992 3087 conantur,
1015 3018 1159 3072 dum
1188 3017 1390 3073 dicunt
1419 3017 1480 3072 in
1513 3014 1877 3072 circuitionis
1931 3032 2063 3087 pro-

405 3113 582 3168 brum
620 3108 964 3182 Prcphetam
989 3107 1289 3162 incidisse.
1333 3106 1392 3161 Si
1428 3106 1585 3160 enim
1636 3105 1830 3160 omnis
1888 3104 2063 3161 homo

408 3198 872 3268 mendax,David
904 3201 1098 3254 autem
1130 3197 1455 3270 sitquoque
1476 3195 1688 3264 homo;
1721 3194 2060 3266 eratutique

405 3291 611 3364 etipse
642 3287 930 3355 mendax;
976 3287 1020 3344 si
1071 3304 1203 3342 vero
1253 3287 1525 3356 mendax,
1573 3289 1630 3340 et
1669 3285 1726 3340 in
1787 3285 1880 3340 his
1931 3301 2060 3357 quis

407 3381 668 3437 afﬁrmat
694 3378 841 3432 ﬁdes
876 3375 1208 3432 adhibenda
1224 3392 1338 3430 non
1371 3375 1647 3439 est.Quod
1680 3374 1729 3430 si
1761 3373 2059 3430 hicsermo

408 3486 583 3528 verus
602 3484 717 3525 non
747 3469 857 3535 est,
889 3471 1067 3537 atque
1099 3464 1274 3520 homo
1305 3465 1499 3521 omnis
1531 3481 1644 3519 non
1671 3469 1760 3519 est
1789 3464 2060 3532 mendax,

411 3558 690 3616 Davidem
722 3557 898 3613 etiam
936 3554 1222 3610 mendacii
1255 3553 1498 3610 crimine
1529 3552 1899 3609 absolvemus
1959 3552 2062 3609 Ve-

412 3664 550 3707 rum
577 3647 628 3704 si
659 3662 774 3702 non
809 3643 1111 3712 mentitur,
1137 3643 1446 3700 credamus
1495 3642 1606 3714 ipsi
1653 3642 1709 3697 in
1763 3641 1882 3698 illis
1935 3660 2058 3715 quas

413 3736 1054 3798 enuntiat:credsntes
1083 3750 1215 3789 vero
1247 3749 1454 3789 rursus
1473 3748 1750 3804 cogemur
1795 3749 1909 3788 non
1942 3750 2063 3790 cre-

413 3833 576 3889 dere.
603 3831 793 3895 Quare
823 3826 872 3883 si
902 3841 1102 3882 verum
1126 3823 1278 3879 dicat
1311 3821 1699 3892 David,solvit
1727 3839 2059 3880 sermonem

413 3922 690 3988 suum,ut
719 3915 820 3990 qui
850 3921 906 3972 et
927 3914 1104 3971 homo
1133 3913 1291 3981 sit,et
1311 3929 1423 3968 non
1458 3911 1810 3968 mentiatur:
1837 3918 2060 3984 contra,

411 4011 461 4070 si
487 4009 796 4077 mentitur,
829 4023 897 4062 ex
927 4022 990 4062 se
1019 4003 1198 4060 habet
1227 4003 1382 4058 unde
1405 4001 1580 4057 ﬁdem
1614 4000 1839 4058 nullam
1900 4003 2058 4060 inve-

409 4101 557 4159 niat.
591 4098 731 4163 Quis
762 4097 918 4152 enim
979 4093 1240 4151 attendet
1274 4091 1628 4148 mentienti?
1682 4091 1868 4156 Quare
1926 4109 2059 4151 cum

406 4187 594 4249 semel
625 4186 1019 4260 pronuntiarit
1047 4200 1282 4240 omnem
1315 4182 1616 4238 hominem
1649 4198 1779 4237 esse
1819 4183 2059 4238 menda-

404 4275 886 4347 cem,mentiatur
902 4274 1079 4330 David
1105 4281 1164 4329 ut
1191 4289 1365 4328 suum
1380 4271 2056 4329 conﬁrmetsermonem:

403 4372 510 4426 aut
541 4366 593 4424 si
621 4382 826 4422 verum
858 4364 984 4436 ipse
1015 4362 1177 4428 dicit,
1211 4358 1479 4418 dissolvit
1525 4359 1938 4416 assertionem.
1988 4363 2061 4418 At

404 4458 531 4515 haec
566 4456 806 4528 quidem
837 4452 1271 4510 ludiﬁcantium
1305 4455 1466 4520 sunt,
1491 4455 1548 4506 et
1567 4449 1901 4521 eorum,qui
1933 4467 2060 4506 ver-

401 4548 618 4604 borum
650 4543 907 4615 strophis
939 4559 1004 4597 ac
1034 4540 1309 4596 versutiis
1338 4538 1706 4596 obiectantur
1735 4553 1930 4593 coram
1954 4538 2058 4594 im-

2177 1944 2458 2021 βοηθείας,
2490 1938 2767 2016 ἴκθαμϐος
2798 1945 3091 2018 γινόμενος
3149 1943 3235 1999 ἐπὶ
3287 1949 3368 2017 τῷ
3415 1941 3708 2018 παραδόξῳ
3737 1943 3839 2000 τοῖ’)

2172 2034 2515 2109 πράγματος,
2575 2027 2836 2103 ἰξεϐόησα
2897 2036 3026 2106 (93),
3059 2031 3141 2089 δτι
3203 2036 3344 2096 Ilico
3377 2031 3664 2110 ἄνθρωπος
3714 2034 3845 2108 ψεύ-

2173 2142 2328 2193 σνης·
2365 2129 2399 2192 ἤ
2433 2121 2482 2176 ἐν
2540 2125 2609 2196 τῇ
2667 2121 2907 2178 ἐκστάσει
2970 2122 3171 2198 ἐκείνῃ,
3230 2127 3298 2189 ἦν
3347 2125 3840 2199 κατεσχηματισά-

2174 2234 2285 2286 μην
2343 2211 2428 2267 ἐπὶ
2488 2215 2582 2266 τοῦ
2666 2212 2923 2288 Ἀγχοὺς,
2987 2212 3284 2287 ἐπιληψίαν
3357 2213 3446 2268 καὶ
3511 2214 3833 2290 παραφορὰν

2172 2301 2604 2377 ὑποκρινάμενος
2638 2304 2798 2375 (93"),
2832 2300 3169 2372 ἐπειδήεἶδον
3219 2301 3296 2364 εἷς
3330 2301 3565 2379 ἀνάγκην
3600 2298 3835 2360 ἂλθόντα

2168 2390 2404 2464 ἐμαυτὺν
2463 2395 2560 2446 τοῦ
2617 2392 3048 2464 καταψεύσαοθαι
3125 2391 3386 2465 ἰμαυτοῦ,
3444 2391 3534 2447 καὶ
3591 2390 3837 2447 ἀναπλά-

2167 2492 2360 2545 σασθαι
2418 2479 2485 2535 τὰ
2537 2481 2611 2554 μὴ
2675 2476 2825 2553 ὅντα,
2861 2481 2992 2557 ὑπέρ
3039 2485 3136 2536 τοῦ
3186 2481 3275 2536 τὸν
3335 2480 3442 2536 ἀπὸ
3498 2484 3610 2536 τῶν
3657 2480 3832 2537 πολε-

2171 2569 2312 2645 μίων
2343 2567 2586 2645 κίνδυνον
2620 2569 2889 2648 ἐκφυγεῖν,
2941 2569 3062 2626 τότε
3106 2570 3276 2641 εἶπον,
3328 2569 3410 2626 ὅτι
3459 2575 3570 2634 Πᾶς
3618 2568 3831 2648 ἄνθρω-

2167 2681 2273 2722 πος
2329 2659 2584 2734 ψεύστης·
2639 2659 2737 2714 κᾶν
2818 2661 2894 2734 μὴ
2952 2661 3089 2716 κατὰ
3144 2659 3482 2737 προαίρεσιν,
3545 2657 3677 2733 μηδ’
3737 2661 3827 2717 ἰπὶ

2169 2753 2323 2820 κακῷ
2351 2752 2458 2802 τῶν
2508 2745 2769 2818 πλησίον,
2802 2746 2947 2803 ἀλλᾶ
2978 2750 3193 2810 πάντως
3251 2745 3340 2803 διά
3389 2769 3536 2812 τινας
3564 2768 3832 2823 περιστα-

2168 2837 2325 2900 τικᾶς
2350 2836 2522 2899 αἰτίας
2581 2835 2928 2913 καταφεύγων
2985 2835 3070 2892 ἐπὶ
3101 2837 3164 2892 τὸ
3222 2834 3510 2911 ψεύδεσθαι
3558 2839 3692 2911 (94).
3745 2839 3829 2896 Οὐ

2176 2929 2286 3002 μὴν
2321 2927 2494 2998 ἑαυτῷ
2522 2925 2832 3000 περιπίπτει
2882 2927 3015 2981 κατᾶ
3070 2926 3163 2981 τὸν
3215 2923 3414 3001 λόγουν
3459 2927 3834 3004 ὁΠροφήτης,

2173 3017 2357 3090 ὥσπερ
2389 3016 2530 3080 τινὶς
2573 3019 2681 3070 τῶν
2740 3020 3066 3094 σοφιστικῶν
3123 3014 3495 3092 ἐπιχειροῦσιν
3528 3016 3693 3071 αὐτὸν
3746 3013 3836 3070 δι-

2173 3105 2450 3182 ελίγχειν,
2496 3109 2576 3178 τῷ
2625 3104 2761 3160 κατᾶ
2818 3105 3154 3182 περιτροπήν
3215 3103 3433 3180 ἐλέγχῳ
3477 3103 3835 3177 ἰμπεπτωκὲ-

2172 3217 2264 3251 ναι
2298 3197 2436 3268 (94⁸)
2467 3193 2714 3269 λέγοντες
2745 3195 2837 3250 τὸν
2889 3197 3207 3273 Προφήτην.
3259 3193 3322 3249 Εἰ
3353 3195 3454 3271 γὰρ
3487 3199 3591 3259 πᾶς
3620 3191 3837 3270 ἅνθρω-

2171 3306 2277 3348 πος
2310 3285 2564 3358 ψεύστης,
2615 3281 3010 3359 ἅνθρωπος-δε
3057 3283 3148 3339 καὶ
3182 3285 3210 3338 ὁ
3269 3278 3455 3338 Δαϐίδ·
3491 3283 3727 3358 ψεύστης
3761 3283 3833 3354 ἦν

2167 3374 2260 3430 καὶ
2287 3374 2448 3436 αὐτὸς
2482 3371 2762 3444 δηλονότι’
2798 3372 2846 3428 εἴ
2897 3372 2954 3428 δὲ
2999 3372 3261 3447 ψεύστης,
3296 3371 3361 3426 ού
3394 3372 3703 3428 πιστευτέον
3734 3372 3832 3428 αύ-

2167 3470 2250 3538 τῷ
2280 3463 2402 3539 περῖ
2435 3464 2507 3518 ὧν
2567 3461 2940 3536 ἀποφαίνεται.
2995 3463 3091 3531 Μὴ
3151 3457 3307 3525 ὄντος
3348 3460 3404 3518 δὲ
3463 3461 3698 3532 ἀληθοῦς
3726 3466 3830 3516 τοῦ

2169 3553 2341 3627 λόγου
2368 3551 2588 3624 τούτου,
2624 3548 2765 3624 μηδὲ
2812 3547 2964 3613 ὄντος
3010 3552 3212 3614 παντὸς
3255 3551 3540 3628 ἀνθρώπου
3569 3548 3823 3624 ψεύστου,

2169 3642 2454 3721 ἀφήσομεν
2482 3639 2571 3695 καὶ
2603 3639 2692 3694 τὸν
2737 3634 2901 3694 Δαϐὶδ
2953 3647 3056 3710 τῆς
3086 3644 3183 3694 τοῦ
3224 3637 3455 3714 ψεύδους
3482 3638 3654 3700 αἷτίας
3686 3640 3824 3713 (95).

2170 3731 2241 3791 Ei’
2273 3728 2330 3786 δὲ
2379 3731 2444 3785 ού
2494 3726 2768 3803 ψεύδεται,
2818 3729 3191 3802 πιστεύσωμεν
3242 3728 3389 3802 αύτῷ
3419 3729 3540 3805 περὶ
3581 3729 3657 3782 ὧν
3691 3727 3831 3784 ἀπο-

2171 3820 2436 3900 φαίνεται·
2472 3819 2812 3880 πιστεύοντες
2846 3815 2922 3889 δὲ,
2974 3816 3137 3873 πάλιν
3186 3817 3263 3881 εἷς
3311 3820 3412 3888 τὴν
3456 3822 3552 3872 τοῦ
3584 3819 3829 3872 ἀπιστεῖν

2171 3911 2414 3982 ἀνάγκην
2474 3908 2978 3984 περιαχθησόμεθα.
3061 3910 3224 3964 ’Ὥστε
3277 3908 3321 3964 εἰ
3409 3909 3503 3982 μὶν
3571 3905 3832 3979 ἀληθεύει

2171 3995 2365 4066 Δαϐὶδ,
2393 3996 2510 4054 λύει
2536 3998 2628 4052 τὸν
2663 3997 2852 4052 ἱαυτοῦ
2905 3996 3094 4072 λόγον,
3155 3997 3245 4052 καὶ
3301 3999 3587 4070 ἄνθρωπος
3619 3995 3713 4070 ὢν,
3741 3997 3835 4052 καὶ

2175 4091 2254 4165 μὴ
2289 4085 2639 4162 ψευδόμενος
2688 4086 2732 4142 εἶ
2785 4085 2840 4142 δὶ
2886 4084 3162 4162 ψεύδεται,
3222 4085 3442 4151 αὐτόθεν
3499 4081 3613 4163 ἔχει
3646 4087 3708 4141 τὸ
3754 4089 3832 4160 μὴ

2171 4177 2533 4242 πιστεύεσθαι·
2588 4175 2670 4238 τίς
2720 4176 2819 4253 γὰρ
2869 4178 3116 4254 προσέξει
3176 4173 3638 4252 ψευδολογοῦντις
3673 4177 3834 4233 Ὥστε

2170 4266 2361 4338 ἐπειδὴ
2413 4267 2550 4337 ἅπαξ
2602 4265 2908 4344 ἀπεφήνατο
2965 4269 3141 4322 πάντα
3188 4265 3474 4341 ἄνθρωπον
3529 4265 3662 4321 εἶναι
3701 4266 3833 4340 ψεύ-

2169 4380 2323 4429 στην,
2357 4353 2632 4432 ψευδέσθω
2676 4351 2864 4429 Δαϐἰδ,
2917 4355 3008 4412 ⁴’ἱνα
3037 4356 3127 4410 τὸν
3181 4355 3343 4430 λόγον
3395 4355 3758 4426 πιστώσηταιῖ
3793 4357 3830 4426 ἢ

2169 4445 2454 4518 ἀληθεύων
2483 4445 2660 4516 αὐτὸς,
2696 4445 2966 4522 παρέλυσε
2992 4448 3091 4516 τὴν
3125 4446 3416 4518 ἀπόφασιν.
3451 4443 3626 4503 Ἀλλὰ
3663 4448 3834 4501 ταῦτα

2174 4539 2269 4612 μὶν
2305 4537 2604 4606 παιζόντων
2659 4535 2790 4607 tor-ci,
2848 4536 2938 4592 καὶ
2997 4541 3117 4597 ταῖς
3174 4539 3283 4591 τῶν
3334 4535 3515 4611 λόγων
3566 4540 3829 4613 στροφαῖς

401 4634 613 4711 peritis
638 4651 650 4692 :
675 4634 885 4691 veritas
915 4649 1051 4690 vero
1083 4631 1212 4702 ipsa
1242 4644 1619 4702 nequaquam
1653 4628 1735 4683 sic
1766 4645 1829 4684 se
1859 4628 2054 4686 habet.

2174 4623 2630 4711 ἐπαγαλλομὲνων
2688 4626 2826 4700 πρὸς
2883 4625 3010 4687 τοὺς
3068 4623 3323 4700 ἀπείρους
3406 4624 3464 4680 τὸ
3515 4621 3572 4680 δὲ
3615 4621 3827 4694 ἀληθὲς

399 4728 691 4784 Dicuntur
721 4724 1016 4795 siquidem
1047 4720 1341 4786 homines,
1391 4718 1490 4790 qui
1537 4718 1816 4774 humanis
1868 4718 2060 4776 adhuc

398 4816 710 4875 affectibus
732 4813 1126 4870 distinentur:
1155 4811 1252 4866 sed
1271 4809 1370 4882 qui
1393 4807 1621 4864 carneis
1654 4808 2060 4866 affectionibus

389 4909 518 4980 jam
533 4903 848 4962 sublimior
859 4902 1099 4958 eii‘ectus
1113 4905 1282 4969 est,et
1298 4916 1397 4971 per
1413 4898 1629 4953 mentis
1645 4897 2054 4969 perfectionem

396 4999 468 5053 ad
502 4999 724 5051 statum
757 4990 992 5048 transiit
1021 4987 1388 5060 angelorum,
1423 4987 1520 5042 hic
1573 5003 1708 5042 cum
1759 4987 1831 5042 de
1879 4988 2056 5046 rebus

393 5083 679 5143 humanis
711 5081 992 5153 loquitur,
1013 5097 1046 5134 a
1068 5078 1290 5134 caeteris
1316 5077 1521 5149 utique
1540 5093 1601 5133 se
1630 5077 1757 5149 ipse
1779 5079 2050 5136 secernit.

467 5301 584 5377 (92)
609 5300 821 5377 Nostra
849 5299 1026 5377 editio
1045 5297 1232 5377 Raris.
1261 5312 1330 5377 ex
1360 5295 1861 5377 typographorum
1899 5299 2046 5353 osci-

393 5369 589 5433 tantis.
619 5389 721 5445 pro
745 5370 1038 5444 ἐρχόμενος
1069 5371 1243 5427 habet
1272 5369 1602 5445 ἀρχό-μενος.

441 5447 582 5536 “(93)
614 5433 700 5500 ita
730 5433 952 5514 septem
976 5461 1117 5499 mss.
1165 5446 1238 5498 At
1287 5433 1451 5512 editi,
1511 5433 1783 5510 ἆξεϐόησι,
1839 5440 2043 5497 clama-

391 5524 556 5660 mt('93
590 5591 604 5658 )
636 5586 730 5660 Sic
760 5583 937 5642 editio
963 5587 1138 5642 Basil.
1172 5602 1302 5660 cum
1345 5585 1610 5660 quinque
1641 5599 1785 5638 mss.
1819 5585 1892 5638 At
1920 5583 2041 5638 edi-

391 5654 479 5718 tio'
519 5654 707 5716 Paris.
741 5661 798 5714 et
839 5675 991 5729 unus
1047 5663 1145 5713 aut
1201 5654 1542 5729 alter'msg
1588 5654 2036 5729 ὑποκρινομενος.

391 5738 560 5792 Hunc
591 5732 788 5790 locum
819 5728 1059 5804 prolixis
1088 5731 1242 5788 notis
1271 5728 1639 5788 illustravere
1691 5729 1936 5786 Ducieus
1983 5733 2040 5786 et

2173 4716 2281 4792 ούχ
2313 4715 2484 4778 οὕτως
2512 4710 2649 4791 ἔχει.
2700 4715 3013 4770 ’Άνθθωποι
3067 4715 3170 4790 γὰρ
3204 4712 3460 4788 λὶγονται
3513 4714 3565 4768 οἱ
3593 4717 3710 4776 τοῖς
3741 4712 3833 4767 ἀν-

2169 4805 2465 4882 θρωπίνοις
2498 4803 2576 4860 ἔτι
2624 4805 2908 4878 παθήμασι
2957 4803 3344 4880 κατεχόμενοι·
3387 4803 3416 4858 ὁ
3468 4801 3524 4858 δὶ
3554 4799 3831 4877 ὑψηλότε-

2168 4919 2262 4973 ρος
2310 4893 2418 4966 ἤδη
2478 4900 2585 4950 τῶν
2639 4900 2910 4968 σαρκικῶν
2972 4893 3309 4965 παθημάτων
3365 4893 3684 4970 γενόμενος,
3736 4893 3827 4947 καὶ

2167 4986 2257 5043 διὰ
2284 4987 2383 5054 τὴν
2436 4989 2533 5041 τοῦ
2576 4989 2672 5039 νοῦ
2729 4983 3012 5039 τελείωσιν
3073 4983 3211 5058 πρὸς
3267 4985 3368 5053 τὴν
3421 5004 3530 5038 των
3581 4981 3831 5058 ἀγγέλων

2163 5077 2485 5134 κατάστασιν
2533 5072 2807 5148 μετελθὼν
2859 5075 3016 5147 (96'),
3063 5072 3221 5136 οὗτος
3255 5072 3380 5128 ὅταν
3440 5074 3566 5150 περὶ
3606 5075 3712 5127 τῶν
3746 5071 3831 5127 ἆν-

2163 5295 2589 5423 Οοαὲὶοοίίεἱυεε
2623 5310 2774 5368 quas
2805 5291 2906 5365 qui
2945 5291 3162 5347 curiosi
3223 5297 3382 5363 sunt,
3432 5291 3625 5365 legere
3671 5296 3831 5364 pote-

2163 5387 2319 5423 run.

2161 5387 2319 5426 runt.

2252 5441 2345 5511 94)
2375 5441 2514 5511 Reg.
2546 5438 2869 5511 secundus,
2893 5432 3213 5511 ψεύσασθαι.

2249 5480 2370 5584 94ί)
2402 5480 2644 5566 Οὲἀὶοθε
2672 5511 2808 5584 duo,
2852 5480 3254 5561 ἑκτπεπτωζιὲναι

2231 5574 2538 5656 (95)’Βοείἱ
2569 5583 2870 5638 secundus
2911 5586 2967 5635 et
3007 5584 3230 5646 sextus,
3283 5579 3383 5648 τὴν
3433 5580 3531 5632 τοῦ
3587 5574 3822 5650 ψεύδους

2125 5645 2128 5648 ί
2152 5645 2351 5710 αἰτίαν.

2220 5727 2361 5802 (95·)
2390 5725 2475 5783 lta
2504 5741 2650 5782 mss.
2685 5729 2832 5780 octo.
2867 5720 3042 5794 Editi,
3074 5719 3337 5786 ἀνελθών.
