4154 6390
242 403 361 466 109

1403 391 1738 457 HOMILIA
1781 391 1860 453 IN
1903 387 2288 454 PSALMUM
2332 391 2512 455 CXV.

3549 391 3670 454 110

241 533 532 611 θρωπίνων
565 527 912 607 διαλὲγηται,
959 527 1147 584 ἑαυτὸν
1197 524 1563 600 ὑπεξαιρεῖται
1611 527 1721 578 τῶν
1774 520 1896 578 λοι-

2028 521 2299 580 ldendacii
2331 524 2487 582 enim
2517 540 2722 596 expers
2751 528 2860 592 est,
2895 524 2996 597 qui
3020 524 3167 581 dixit
3193 541 3207 582 :
3239 525 3352 596 Ego
3370 524 3496 581 dixi
3523 540 3545 582 .·
3569 525 3670 581 Dii

241 629 354 680 πῶν
412 620 716 694 δηλονότι.
768 615 1036 693 Ἀψευδὴς
1079 618 1182 694 γὰρ
1231 617 1260 671 ὁ
1312 613 1500 670 είπώνο
1551 614 1696 688 Ἐγὼ
1750 613 1892 667 εἶπα·

243 715 366 770 Θεοί
436 711 575 780 ἐστε,
650 708 742 766 καὶ
807 708 918 762 υἱοὶ
989 705 1245 780 Ὑψίστου
1313 705 1526 768 πάντες·
1613 703 1768 775 ὑμεῖς
1847 699 1904 756 δὶ

251 803 325 866 ὠς
353 799 634 877 ἅνθρωποι
693 799 1080 868 ἀποθνήσκετε.
1139 794 1261 850 Θεοί
1317 794 1452 851 ἐστε.
1514 793 1737 854 Πάντως
1767 789 1824 846 δὶ
1855 789 1909 845 ei

240 914 348 949 τινι
395 887 552 963 ἄλλῳ
602 891 736 962 (96),
781 886 870 942 καὶ
917 889 998 958 τῷ
1038 880 1203 939 Δαϐὶδ
1234 887 1268 952 ἡ
1297 881 1523 952 τοιαύτη
1559 880 1904 956 προσηγορία

246 978 549 1055 πρέπουσα.
601 974 698 1030 Καὶ
745 974 848 1048 γάρ
897 973 986 1027 καὶ
1027 973 1144 1035 υἱὸς
1174 971 1447 1044 Ὑψίστου,
1478 972 1506 1025 ὁ
1540 969 1628 1026 διὰ
1653 978 1756 1040 τῆς
1786 972 1904 1044 ἀρε-

245 1074 345 1138 τῆς
381 1067 729 1138 ᾠκειωμένος
758 1067 900 1134 Θεῷ,
928 1061 1018 1116 καὶ
1050 1059 1148 1115 οὐκ
1177 1060 1534 1130 ἀποθνήσκων
1568 1059 1642 1120 ὠς
1688 1056 1902 1134 ἅνθρωο

248 1176 374 1227 πος,
406 1151 554 1208 ἀλλὰ
584 1156 759 1220 ζῶντα
789 1147 935 1226 ἔχων
966 1148 1018 1204 ἐν
1053 1149 1228 1220 ἑαυτῷ
1254 1150 1345 1203 τὸν
1379 1147 1506 1204 Θεόν
1540 1150 1702 1220 (96").

318 1246 370 1300 4.
425 1241 563 1318 Ἐγὼ
627 1240 718 1294 οὖν
769 1241 943 1306 εἶπον,
990 1230 1176 1315 φησὶν,
1249 1236 1301 1292 ἐν
1359 1240 1427 1311 τῇ
1485 1234 1724 1290 ἐκστάσει
1775 1253 1901 1308 μου’

246 1336 356 1395 Πᾶς
427 1328 714 1404 ἄνθρωπος
783 1326 1041 1402 ψεύστης.
1106 1325 1480 1381 Ἀκουίτωσαν
1559 1326 1612 1380 οἱ
1667 1328 1735 1398 τῇ
1808 1325 1903 1397 μὶν

246 1419 403 1495 σαρκὶ
464 1416 554 1473 διὰ
609 1421 717 1472 τῶν
779 1415 1117 1488 παθημάτων
1173 1414 1642 1492 συμπεφυρμένοι,
1699 1413 1790 1468 τὸν
1847 1411 1904 1467 δὲ

244 1513 370 1564 νοῦν
433 1507 636 1562 ἑαυτῶν
702 1503 1082 1580 ὑπεραίροντες
1143 1508 1252 1558 τῶν
1334 1502 1750 1579 ὑπερκοσμίων·
1829 1503 1904 1557 ὧν

247 1597 376 1660 τοὺς
409 1593 715 1671 λογισμοὺς
741 1599 1038 1668 καθαιρεῖν,
1070 1592 1160 1647 καὶ
1212 1593 1275 1646 τὸ
1323 1592 1525 1667 ὕψωμα
1550 1599 1650 1662 τῆς
1683 1588 1904 1666 καρδίας

249 1686 426 1741 αὐτῶν
466 1692 566 1755 τῆς
635 1683 1107 1757 κατεπαιρομὲνης
1163 1685 1259 1737 106
1312 1686 1468 1751 Θεοῦ,
1526 1682 1710 1743 κοινὸς
1765 1677 1903 1736 ἔστω

255 1775 456 1836 σκοπὸς
511 1779 644 1828 πᾶσι
693 1777 812 1834 τοῖς
865 1771 1340 1844 ἀντιποιουμένοις
1378 1779 1480 1840 τῆς
1512 1765 1800 1832 εὐσεϐείας.
1834 1768 1904 1826 Τί

2011 615 2165 680 estis,
2196 618 2246 669 ei
2294 614 2406 685 ﬁlii
2450 616 2722 670 Altissimi
2765 630 2951 671 omnes
3009 629 3099 670 vos
3153 617 3335 670 autem
3373 615 3516 670 sicut
3569 613 3668 669 ho-

2011 708 2190 760 mines
2209 704 2536 759 morie-mini
2553 704 2618 758 3°.
2651 704 2741 758 Dii
2779 706 2930 758 estis.
2957 703 3208 758 Omnino
3259 706 3457 759 autem
3488 703 3539 759 si
3569 702 3668 758 cui

2013 793 2201 858 alteri,
2233 794 2410 848 etiam
2431 793 2544 864 ipsi
2575 793 2776 848 Davidi
2798 792 3116 863 appellatio
3139 792 3481 863 hujusmodi
3505 809 3664 848 com-

2015 883 2176 954 petit.
2209 883 2353 937 Nam
2386 886 2443 937 et
2473 882 2630 936 ﬁlius
2661 881 2954 937 Altissimi
2984 887 3095 947 est,
3126 883 3223 951 qui
3259 898 3361 952 per
3386 881 3664 937 virtutem

2013 973 2394 1043 conjungitur
2424 971 2561 1040 Deo,
2597 987 2701 1026 nec
2733 972 2982 1025 moritur
3012 975 3076 1024 ut
3104 970 3300 1041 homo,
3337 971 3437 1026 sed
3467 970 3666 1026 viven-

2016 1068 2130 1118 tem
2165 1063 2220 1116 in
2255 1062 2572 1133 semetipso
2605 1061 2783 1116 habet
2818 1062 3019 1116 Deum.

2085 1241 2135 1294 4.
2171 1241 2281 1310 Ego
2313 1240 2513 1312 igitur,
2546 1238 2761 1310 inquit,
2791 1238 2918 1294 dixi
2945 1240 3006 1293 in
3037 1254 3259 1294 excessu
3287 1255 3443 1296 meo:
3478 1240 3668 1298 Omnis

2013 1331 2168 1386 homo
2197 1329 2457 1384 mendax.
2503 1328 2762 1384 Audiant
2803 1327 2866 1394 ii,
2909 1327 3011 1399 qui
3061 1327 3296 1383 etiamsi
3327 1331 3490 1386 carni
3534 1331 3672 1401 qui-

2013 1419 2144 1473 dem
2177 1434 2278 1488 per
2305 1417 2584 1472 libidines
2616 1433 2681 1471 ac
2714 1416 2852 1471 vitia
2883 1415 3181 1472 commisti
3225 1416 3346 1471 sint
3375 1422 3552 1490 atque
3580 1420 3667 1474 af-

2014 1507 2132 1574 ﬁxi,
2166 1512 2364 1562 tamen
2409 1511 2663 1561 mentem
2717 1521 2884 1562 suam
2933 1505 3005 1559 ad
3037 1505 3296 1561 cmlestia
3342 1506 3666 1564 extollunt:

2013 1611 2262 1666 quorum
2317 1594 2723 1667 cogitationes,
2776 1610 2842 1648 ac
2899 1594 3090 1649 cordis
3143 1598 3346 1650 contra
3384 1594 3569 1651 Deum
3603 1612 3668 1652 se

2012 1685 2307 1740 offerentis
2336 1683 2710 1738 altitudinem
2734 1681 3003 1738 demoliri
3035 1699 3100 1737 ac
3121 1683 3476 1754 subvertere,
3510 1700 3668 1740 com~

2015 1774 2213 1828 munis
2245 1788 2458 1843 scopus
2490 1773 2569 1827 sit
2597 1787 2800 1826 eorum
2831 1772 3522 1841 omnium,quivirtutem
3547 1790 3668 1830 am-

251 1861 624 1920 ἀνταποδώσω
679 1865 760 1934 τῷ
828 1861 1016 1937 Κυρίῳ
1072 1861 1196 1934 περὶ
1248 1861 1463 1915 πάντων
1533 1861 1606 1914 ὧν
1674 1860 1902 1914 ἀνταπε-

255 1951 280 1966 ο.
374 1953 384 1966 Ι
683 1956 722 1966 υς
814 1952 826 1966 Ι
1212 1948 1223 1966 1
1350 1947 1370 1966 \
1408 1951 1420 1966 Ι
1442 1952 1452 1966 Ι
1669 1947 1735 1966 nl
1857 1943 1881 1966 Ἰ

2028 1862 2368 1934 plectuntur.
2403 1861 2576 1916 Vsas.
2610 1861 2665 1926 3,
2697 1861 2750 1916 4.
2795 1859 2938 1928 Quid
2977 1860 3285 1917 retribuam
3307 1861 3536 1919 Domino
3564 1879 3664 1934 pro

252 1951 420 2010 δωκὲν
486 1966 625 2026 μοι;
681 1952 956 2024 ΙΙοτήριον
1017 1948 1288 2024 σωτηρίου
1350 1947 1622 2022 λήψομαι.
1669 1947 1763 2011 Εἲς
1817 1947 1904 2001 αἶ’-

252 2055 440 2114 σθησιν
491 2039 665 2106 ἐλθὼν
723 2044 832 2094 τῶν
900 2037 1109 2114 μυρίων
1166 2039 1313 2113 παρὰ
1368 2043 1463 2092 106
1494 2043 1628 2094 Θεοῦ
1660 2035 1902 2114 δωρεῶν,

255 2131 340 2186 ὅτι
387 2131 447 2186 ἐκ
492 2133 590 2185 106
642 2130 717 2202 μὴ
769 2123 924 2188 ὄντος
974 2127 1051 2189 εἷς
1080 2127 1143 2181 τὸ
1174 2128 1305 2181 εἶναι
1360 2129 1648 2203 παρήχθη·
1683 2125 1764 2181 δνι
1797 2125 1902 2180 ἀπὸ

251 2227 352 2290 τῆς
385 2222 490 2296 γῆς
539 2216 908 2288 διαπλασθεῖς,
958 2215 1111 2291 λόγῳ
1165 2217 1474 2289 τετίμηται,
1510 2217 1559 2271 ἐν
1589 2215 1634 2288 ᾧ
1683 2215 1772 2270 καὶ
1802 2217 1900 2284 τήν

254 2310 438 2365 εἰκόνα
486 2312 670 2386 φορεῖν
735 2304 953 2360 δύναται
1025 2310 1122 2360 τοῦ
1180 2304 1522 2379 ἐπουρανίου·
1584 2303 1770 2361 ἔπειτα
1814 2305 1906 2359 καὶ

252 2399 388 2474 πρὸς
439 2399 537 2468 τήν
592 2397 728 2470 ὑπὲρ
774 2399 872 2450 106
897 2393 1085 2472 γὲνους
1118 2398 1222 2449 τῶν
1258 2395 1554 2471 ἀνθρώπων
1587 2392 1907 2467 οἰκονομίαν

252 2485 482 2556 ἀπιδὼν,
550 2485 633 2541 ὅτι
719 2485 904 2540 ἑαυτὸν
973 2485 1002 2538 ὁ
1059 2483 1254 2560 Κύριος
1309 2479 1478 2539 ἔδωκε
1534 2481 1734 2558 λύτρον
1789 2483 1907 2538 ἀντὶ

257 2577 472 2632 πάντων
530 2577 643 2649 (97)
694 2577 881 2646 ἡμῶν,
931 2572 1213 2646 ἑπαπορεῖ,
1245 2572 1336 2627 καὶ
1378 2578 1524 2641 ζητεῖ
1553 2572 1607 2627 ἐν
1638 2578 1768 2627 πᾶσι
1793 2577 1908 2634 τοῖς

265 2667 600 2740 ὑπάρχουσιν
653 2663 824 2734 αὐτῷ,
857 2661 907 2716 τί
938 2658 1081 2732 ἄξιον
1111 2659 1294 2738 ἐξεύρῃ
1324 2659 1499 2737 δῶρον
1529 2666 1607 2734 τῷ
1638 2661 1902 2736 Δεσπότῃ.

257 2753 325 2812 Τί
376 2752 467 2808 οὖν
521 2751 705 2830 φησίν,
764 2748 1133 2805 ἀνταποδώσω
1182 2755 1260 2822 τῷ
1305 2750 1523 2826 Κυρίῳ;
1574 2751 1647 2806 Οὐ
1697 2750 1904 2820 θυσίας,

261 2839 386 2899 οὐδὶ
429 2840 852 2911 ὁλοκαυτώσεις,
903 2836 1028 2894 οὐδὲ
1054 2841 1154 2910 τὴν
1185 2839 1242 2894 ὲκ
1265 2846 1367 2909 τῆς
1393 2847 1627 2914 νομικῆς
1657 2838 1910 2915 λατρείας

257 2931 566 3008 θεραπείαν,
599 2928 732 2986 ἀλλ’
757 2927 924 2998 αὐτὴν
967 2935 1137 2984 πᾶσαν
1172 2931 1310 3004 (97')
1339 2929 1438 2998 τήν
1469 2931 1706 3003 ἐμαυτοῦ
1739 2923 1905 3000 ζωήν)

253 3018 465 3076 καὶδιά
509 3019 695 3090 τοῦτο,
757 3019 912 3096 φησὶ,
973 3020 1243 3093 Ποτήριον
1304 3020 1578 3093 σωτηρίου
1631 3016 1910 3091 λήψομαι,

258 3109 322 3164 τὸ
383 3107 434 3164 ἑν
491 3113 610 3171 τοῖς
669 3107 846 3183 ἀγῶσι
898 3113 1017 3169 τοῖς
1076 3107 1208 3180 ὑπὲρ
1259 3109 1360 3170 τῆς
1413 3101 1685 3167 εὐσεϐείας
1720 3106 1909 3178 πάθος,

2012 1953 2266 2009 omnibus
2297 1966 2423 2024 quae
2454 1953 2712 2007 retribuit
2738 1950 2924 2020 mihi?
2953 1951 3191 2007 Calicem
3217 1952 3485 2008 salutaris
3511 1955 3665 2010 acci-
3732 1955 3747 1970 '

2012 2045 2186 2113 piam.
2223 2042 2673 2097 Innumerorum
2725 2040 2823 2096 Dei
2864 2041 3020 2095 874
3071 2041 3362 2096 donorum
3393 2043 3668 2098 conscius

2016 2133 2224 2201 factus,
2257 2130 2413 2202 quod
2444 2147 2513 2184 ex
2561 2128 2745 2184 nihilo
2786 2135 2942 2185 esset
2972 2129 3031 2184 in
3081 2129 3269 2186 lucem
3303 2131 3667 2202 productus:

2016 2221 2170 2292 quod
2203 2237 2234 2275 e
2262 2226 2418 2275 terra
2450 2218 2758 2286 formatus,
2785 2219 3006 2274 ratione
3023 2219 3314 2287 excultus,
3349 2236 3466 2292 qua
3489 2221 3669 2276 etiam

2015 2313 2144 2382 ejus
2176 2309 2278 2381 qui
2307 2308 2558 2364 caelestis
2580 2313 2669 2364 est
2687 2309 3008 2381 imaginem
3030 2309 3177 2366 ferre
3199 2314 3434 2382 posset:
3461 2311 3674 2367 deinde

2017 2403 2089 2457 ad
2127 2401 2220 2455 Dei
2255 2416 2487 2472 quoque
2508 2399 3012 2470 dispensationem
3037 2416 3140 2471 pro
3169 2401 3431 2456 humano
3459 2417 3673 2473 genere

2018 2492 2230 2545 factam
2263 2487 2601 2560 respiciens,
2638 2489 2794 2560 quod
2833 2489 3110 2546 Dominus
3155 2490 3538 2562 semetipsum
3574 2492 3673 2546 de-

2017 2581 2169 2635 derit.
2182 2578 2599 2649 redemptionis
2613 2579 2866 2650 pretium
2894 2595 2996 2649 pro
3011 2579 3288 2635 omnibus
3303 2581 3674 2652 nobis,inops

2017 2675 2106 2726 est
2136 2668 2386 2735 consilii,
2411 2674 2467 2723 et
2488 2668 2546 2722 in
2571 2667 2665 2724 his
2687 2667 2963 2722 omnibus
2996 2685 3123 2739 quas
3145 2669 3258 2740 ipsi
3281 2670 3676 2742 suppetebant

2017 2758 2543 2831 quaeritquodnam
2575 2756 2794 2812 donum
2827 2756 3074 2813 Domino
3095 2757 3341 2830 dignum
3373 2759 3670 2831 reperiret.

2021 2847 2162 2917 Quid
2195 2847 2393 2919 igitur,
2431 2847 2642 2917 inquit,
2675 2846 2981 2902 retribuam
3011 2847 3241 2903 Domino
3265 2847 3293 2902 ?
3333 2851 3458 2904 Non
3492 2848 3674 2904 sacri-

2022 2939 2175 3003 ficia,
2209 2954 2325 2992 non
2356 2934 2726 2999 holocausta,
2759 2952 2875 2989 non
2919 2934 3130 3007 legalis
3178 2935 3372 2992 cultus
3402 2938 3678 2992 observa-

2022 3026 2262 3091 tionem,
2299 3025 2399 3080 sed
2447 3025 2638 3094 ipsam
2693 3039 2884 3079 meam
2934 3023 3112 3078 vitam
3161 3040 3416 3080 omnem.
3448 3029 3518 3080 Et
3546 3042 3678 3081 eam

2024 3116 2096 3170 ob
2144 3129 2414 3176 causam,
2473 3113 2728 3178 Calicem,
2788 3112 3007 3183 inquit,
3060 3113 3330 3168 salutaris
3381 3115 3680 3184 accipiam,

251 3195 317 3258 τὰ
378 3196 543 3272 μεχρι
595 3195 827 3260 θανάτου
897 3195 1036 3268 πρὸς
1110 3195 1211 3262 τὴν
1276 3193 1544 3268 ἁμαρτίαν
1625 3193 1911 3247 ἀντικατα-

2028 3202 2286 3257 laborem
2321 3215 2497 3272 quem
2531 3201 2590 3254 in
2619 3200 2856 3269 pietatis
2888 3201 3308 3257 certaminibus
3336 3201 3598 3272 pertulit,
3627 3206 3685 3257 et

260 3261 502 3356 nivali:
529 3285 800 3356 ποτήριον
857 3261 1054 3359 λὲνων.
1105 3287 1274 3336 Τοῦτο
1302 3279 1348 3336 δ’
1380 3261 1440 3335 ἀν
1473 3278 1558 3352 εἷή
1592 3281 1723 3358 ὅπερ
1755 3281 1914 3344 αὐτὸς

2028 3261 2422 3348 constantiam
2451 3305 2567 3359 qua
2595 3261 2666 3344 ad
2691 3293 2938 3343 mortem
2969 3305 3155 3360 usque
3179 3261 3410 3360 peccato
3442 3261 3683 3357 restitit,

255 3373 496 3445 ὀδίδαξεν
556 3375 584 3429 ὁ
645 3373 844 3447 Σωτὴρ
903 3371 956 3427 ἐν
1015 3377 1132 3434 τοῖς
1193 3370 1570 3447 Εὐαγγελίοις.
1627 3373 1822 3448 Πάτερ,
1867 3371 1912 3427 εί

2028 3379 2264 3436 calicem
2294 3377 2625 3450 appellans.
2675 3382 2797 3433 Hoc
2828 3377 3026 3449 ipsum
3060 3382 3256 3434 autem
3291 3379 3485 3446 fuerit,
3524 3381 3680 3451 quod

255 3463 512 3534 δυυατὸν,
573 3459 894 3536 παρελθέτω
948 3461 1012 3515 τὸ
1069 3462 1340 3534 ποτήριον
1380 3463 1562 3514 τοῦτο’
1612 3460 1701 3514 καὶ
1750 3459 1916 3515 πάλιν

2028 3468 2289 3524 Salvator
2317 3467 2442 3538 ipse
2474 3465 2532 3520 in
2567 3465 2896 3539 Evangeliis
2929 3467 3168 3522 docuit:
3205 3471 3389 3538 Pater,
3428 3471 3481 3524 si
3511 3471 3682 3541 possi-

251 3559 375 3618 τοῖς
423 3555 715 3626 μαθηταῖς·
777 3548 1012 3612 Δύνασθε
1071 3553 1213 3602 πιεῖν
1280 3548 1344 3602 τὸ
1403 3549 1691 3622 ποτήριον,
1741 3548 1771 3602 ’ὁ
1809 3547 1916 3624 ἐγὼ

2028 3557 2147 3613 bile
2175 3566 2273 3622 est,
2306 3563 2550 3611 transeat
2571 3555 2724 3610 calix
2753 3557 2856 3610 iste
2878 3556 2946 3610 3‘.
2978 3555 3048 3611 Et
3077 3573 3286 3613 rursus
3316 3557 3387 3612 ad
3415 3557 3679 3627 discipu‘

263 3641 459 3717 μὲλλω
489 3640 674 3696 πίνειν
708 3641 819 3712 (98)
855 3635 1097 3709 ;ἰδήΛου
1127 3635 1186 3692 δὶ
1212 3637 1304 3692 τὸν
1337 3638 1584 3706 Θάνατον,
1618 3636 1676 3691 ὃν
1707 3634 1917 3692 κατεδὲ-

2028 3647 2149 3702 los:
2197 3645 2433 3701 Potestis
2492 3645 2672 3699 bibere
2721 3645 2974 3714 calicem,
3032 3661 3192 3715 quem
3249 3660 3346 3713 ego
3401 3645 3680 3701 bibiturus

263 3752 397 3808 χετο
431 3730 564 3802 ὑπὲρ
596 3735 697 3798 τῆς
724 3732 821 3782 106
851 3728 1064 3800 κόσμου
1096 3727 1393 3802 σωτηρίας.
1445 3727 1544 3781 Διά
1565 3730 1730 3781 τοῦτο
1762 3727 1917 3804 φησὶ,

2029 3735 2209 3792 sum”
2230 3734 2253 3789 ?
2271 3734 2652 3807 Signiﬁcabat
2672 3739 2866 3790 autem
2881 3737 3128 3790 mortem
3153 3751 3329 3806 quam
3345 3752 3446 3806 pro
3469 3735 3678 3791 mundi

263 3820 544 3892 Ποτῆριον
594 3815 869 3891 σωτηρίου
929 3815 1214 3889 λήψομαι⁸
1273 3813 1538 3884 τουτέστι,
1599 3812 1769 3888 διψῶν
1831 3813 1917 3870 ἐπὶ

2033 3827 2224 3881 salute
2256 3841 2468 3895 passus
2497 3827 2607 3878 est.
2665 3824 2816 3892 Ideo,
2863 3823 3078 3895 inquit,
3132 3825 3378 3880 Calicem
3413 3825 3688 3886 salutaris

263 3911 364 3979 τήν
399 3904 488 3962 διά
517 3910 614 3962 τοῦ
679 3904 987 3982 μαρτυρίου
1023 3903 1306 3959 τελείωσιν
1336 3900 1596 3980 ἔρχομαι,
1631 3902 1917 3959 ἀνάπαυσιν

2034 3915 2351 3982 accipiam;
2409 3913 2518 3967 hoc
2548 3917 2658 3977 est,
2717 3912 2926 3967 sitiens
2970 3912 3044 3967 ad
3106 3913 3370 3986 martyrii
3399 3915 3688 3970 contendo

265 3999 452 4074 ψυχῆς
483 3993 575 4051 καὶ
607 3995 896 4068 σώματος,
928 3993 1026 4048 οόκ
1056 3990 1363 4068 ἀλγηδόνας
1387 3994 1524 4066 (98')
1554 3993 1835 4064 τιθέμενος
1862 3993 1917 4048 τᾶ

2038 4001 2633 4073 consummationem,
2663 4002 3143 4074 quandoquidem
3166 4001 3458 4074 supplicia
3485 4002 3545 4058 in
3577 4003 3696 4074 pie-

266 4086 319 4142 ἐν
350 4091 466 4148 τοῖς
517 4085 651 4160 ὑπὲρ
704 4089 805 4153 τῆς
859 4077 1133 4145 εὐσεϐείας
1191 4083 1359 4158 ἀγῶσι
1407 4081 1792 4158 προσαγόμενα
1837 4103 1917 4136 κο-

2041 4092 2179 4149 tatis
2210 4090 2632 4146 certaminibus
2685 4089 2867 4159 illata,
2920 4091 3132 4146 animas
3189 4097 3247 4147 et
3289 4092 3550 4163 corporis
3609 4107 3699 4146 re-

270 4177 561 4251 λαστήρια.
615 4172 881 4246 Ἐμαυτὸν
935 4171 1052 4241 οὗν,
1108 4171 1264 4249 φησὶ,
1323 4169 1506 4225 ουσίαν
1531 4171 1808 4245 προσοίσω
1838 4183 1917 4227 κα¹

2045 4181 2265 4252 quiem,
2298 4197 2413 4234 non
2441 4179 2701 4234 dolorem
2735 4179 2905 4234 duco.
2957 4181 3046 4234 Me
3080 4181 3207 4251 ipse
3251 4181 3452 4252 igitur,
3481 4182 3699 4252 inquit,

272 4263 588 4343 προσφορὰν
642 4266 722 4334 τῷ
780 4259 988 4337 Κυρίῳ,
1048 4257 1235 4328 ἐπειδή
1287 4261 1457 4314 πάντα
1522 4260 1819 4335 μικρότερα
1857 4262 1917 4317 τί·

2047 4270 2344 4324 victimam
2377 4274 2433 4322 et
2462 4267 2816 4323 oblationem
2845 4267 3083 4323 offeram
3110 4269 3391 4325 Domino:
3423 4269 3703 4340 quoniam

272 4367 432 4427 θεμαι
482 4355 580 4422 τῆς
629 4351 776 4422 ἀξίας
822 4348 920 4406 106
969 4349 1450 4425 εὐεργετήσαντος.
1495 4349 1590 4404 Καὶ
1621 4349 1917 4413 ταύταςτὰς

2049 4359 2249 4414 omnia
2278 4357 2698 4412 benefacientis
2749 4357 3032 4428 dignitate
3073 4363 3214 4429 puto
3245 4373 3375 4413 esse
3403 4358 3701 4414 interiora.

269 4441 594 4520 ἐπαγγελίας
631 4441 867 4515 ἑτοίμως
917 4438 1035 4517 ἔχω
1093 4441 1198 4496 ὑπὸ
1250 4442 1483 4516 μάρτυρι
1528 4439 1791 4512 παντὶτῷ
1823 4441 1917 4513 λαᾷ

2049 4450 2238 4518 Atque
2267 4445 2442 4502 hasce
2476 4445 2896 4518 promissiones
2929 4450 3078 4502 teste
3117 4447 3278 4501 omni
3326 4446 3544 4519 populo
3572 4463 3706 4519 per-

268 4533 546 4589 ἀποτῖσαι.
615 4531 717 4593 Τάς
777 4533 881 4606 γὰρ
948 4529 1114 4606 εὐχάς
1194 4549 1300 4602 μου
1375 4528 1648 4584 ἀποδώσω
1705 4528 1942 4586 ἐναντίον

2053 4536 2274 4593 solvere
2309 4539 2550 4606 paratus
2582 4550 2738 4589 sum.
2772 4537 2950 4589 Vens.
2980 4535 3036 4588 5.
3090 4535 3220 4589 Vota
3243 4536 3398 4592 enim
3431 4550 3553 4592 mea
3579 4535 3708 4591 red-

271 4623 472 4686 παντὸς
524 4625 621 4677 106
673 4619 810 4676 λαοῦ
859 4621 1045 4677 αὐτοῦ.
1107 4618 1240 4674 Εἶτα
1291 4619 1586 4694 προτροπή
1618 4620 1756 4693 πρὸς
1809 4619 1917 4676 τυὺι

2048 4626 2182 4682 dam
2211 4626 2272 4678 in
2299 4626 2592 4690 conspectu
2621 4624 2800 4678 omnis
2829 4623 3023 4694 populi
3053 4627 3197 4696 ejus.
3247 4623 3466 4680 Deinde
3495 4624 3708 4680 adhor—

274 4710 544 4786 ἀκροατὰς
607 4711 739 4787 ὑπὲρ
791 4713 890 4766 106
951 4710 1028 4781 μὴ
1091 4705 1512 4782 καταπλαγῆναι
1569 4709 1659 4763 τὸν
1692 4709 1934 4778 θάνατον,

270 4801 442 4875 Τίμος
477 4841 491 4867 ,
572 4801 736 4874 φησὶν
774 4841 787 4867 ,
849 4797 1088 4853 ἐναντίον
1152 4795 1349 4870 Κυρίου
1384 4840 1398 4866 ,
1461 4797 1489 4850 ὁ
1549 4795 1772 4860 Θάνατος
1828 4802 1936 4852 τῶν

278 4889 443 4947 ὁσίων
505 4886 690 4943 αὐτοῦ.
748 4887 838 4956 Μὴ
899 4886 1190 4958 ὀκνήσητε,
1253 4886 1409 4960 φησὶ,
1469 4886 1605 4959 πρὸς
1639 4886 1819 4960 ἀγῶνα
1844 4887 1936 4941 τὸν

278 4977 472 5047 καλὸν,
529 4978 581 5032 οἱ
637 4974 938 5052 ἅνθρωποι,
1001 4971 1143 5048 μηδὲ
1201 4971 1628 5044 ἀποδειλιάσητε
1658 4975 1938 5049 πρὸς

357 5097 403 5131 ⁸ο
435 5093 586 5151 Psal.
619 5110 801 5162 LXXXI,
834 5093 888 5162 6,
919 5093 974 5148 7.
1047 5092 1093 5130 ³⁸
1127 5091 1337 5148 Matth.
1378 5107 1534 5158 xxvx,
1564 5091 1656 5147 39.
1735 5092 1782 5127 ⁸³
1808 5093 2012 5151 Matth.

359 5209 592 5334 (9§))§ic
621 5208 762 5266 editi
783 5215 842 5265 et
871 5225 1016 5265 mss.
1041 5206 1334 5264 nonnulli.
1368 5205 1481 5262 Alii
1506 5207 1748 5278 quidam
1774 5225 1939 5279 mss.,

359 5301 398 5334 Ν
423 5301 456 5334 α
537 5301 632 5334 ων.

289 5301 398 5336 των
423 5301 632 5336 αΑΑων.

360 5353 501 5422 (96')
534 5352 696 5424 Regii
720 5352 1021 5408 secundus
1063 5354 1120 5406 et
1149 5353 1374 5420 sextus,
1423 5346 1684 5424 Χριστόν.
1719 5349 1942 5407 Ibidem

288 5419 408 5484 duo
444 5419 780 5488 mss.,'si1a.
966 5457 972 5462 -
993 5461 1000 5464 -

361 5497 478 5570 (97)
511 5494 641 5549 lIsac
673 5492 733 5549 in
763 5495 981 5570 Catena
1018 5493 1250 5570 Corder.
1287 5492 1528 5570 Origeni
1556 5493 1942 5570 tribuuntur;

289 5561 495 5638 in'qu'a
524 5571 723 5621 tamen
756 5583 860 5637 pro
889 5564 1102 5619 πάντων
1137 5565 1354 5638 legitur
1394 5561 1643 5631 πολλῶν,
1677 5566 1948 5638 promul-

287 5645 380 5699 tis.
401 5637 706 5706 Quomodo
731 5638 1042 5710 scripserit,
1056 5643 1280 5704 auctor,
1306 5655 1422 5693 non
1446 5639 1637 5710 dicam
1666 5637 1904 5710 quidem
1932 5655 1944 5694 :

290 5715 392 5771 sed
428 5713 722 5768 affirmare
754 5707 1000 5783 possum
1030 5709 1090 5766 in
1123 5709 1342 5767 nostris
1374 5726 1518 5766 mss.
1561 5707 1776 5764 πάντων
1809 5727 1950 5766 con-

2047 4720 2208 4771 tatur
2239 4713 2560 4782 auditores,
2594 4717 2660 4768 ut
2689 4727 2762 4767 ne
2795 4712 3112 4767 formident
3143 4717 3415 4769 mortem.
3447 4711 3622 4768 Vens.
3650 4715 3708 4768 6.

2049 4805 2330 4867 Pretiosa,
2363 4799 2578 4872 inquit,
2610 4802 2671 4856 in
2719 4803 3006 4870 conspectu
3050 4801 3274 4856 Domini
3319 4817 3469 4856 mors
3496 4810 3709 4856 sancto-

2047 4909 2174 4948 rum
2194 4893 2330 4962 ejus.
2355 4890 2564 4957 Nolite,
2592 4891 2695 4955 ait,
2712 4906 2923 4961 segnes
2943 4906 3072 4946 esse
3094 4891 3162 4945 ad
3189 4890 3346 4945 hunc
3360 4889 3711 4960 praeclarum

2049 4996 2319 5052 agonem,
2352 4995 2454 5034 vos
2486 4979 2776 5046 homines,
2802 4993 2992 5050 neque
3015 4979 3271 5035 timeatis
3303 4984 3710 5046 mortem,non

2049 5113 2144 5166 xx,
2173 5096 2264 5151 22.

2055 5214 2280 5269 stanter
2313 5210 2455 5282 legi.

2126 5284 2260 5354 (97‘)
2295 5282 2392 5338 Sic
2426 5281 2696 5354 quinque
2726 5283 2977 5354 mss._A_t
3005 5279 3167 5354 editi,
3198 5276 3344 5335 ἀλλὰ
3389 5281 3489 5350 τὴν
3519 5284 3717 5339 πᾶσαν.

2126 5349 2517 5440 (ἵζωῦοῴὁεε
2553 5349 2826 5426 quatuor,
2875 5351 2903 5405 ὃ
2935 5349 3038 5425 ἐγὼ
3069 5349 3229 5408 πίνω.
3279 5357 3416 5423 Reg.
3447 5349 3722 5427 quartus,

2062 5422 2253 5497 μέλλω
2282 5429 2449 5482 πιεῖν.
2569 5422 2586 5426 -
2973 5422 2981 5425 “
3375 5422 3384 5423 ί
3466 5422 3483 5427 ’
3708 5422 3716 5424 “

2076 5498 2268 5568 77(984')
2293 5499 2376 5553 Ita
2398 5497 2578 5554 editio
2603 5495 2778 5552 Basil.
2804 5499 2861 5550 et
2875 5510 3019 5550 mss.
3037 5499 3282 5568 septem.
3302 5496 3490 5552 Editio
3510 5496 3720 5565 Paris.,

2061 5566 2444 5714 ἀλῶηξῧόίῗέεὶἱ
2478 5638 2777 5696 secundus
2808 5641 2865 5693 et
2891 5642 3092 5695 sextus
3123 5639 3408 5694 omittunt
3430 5636 3589 5714 πρός.
