4154 6440
435 398 544 457 ili

1371 389 1766 450 APPENDIX
1817 385 2145 449 OPERUM
2192 387 2258 448 8.
2303 385 2580 448 BASILII
2627 386 2902 447 MAGNI.

427 530 586 586 enim
615 527 892 584 interitus
912 530 1021 597 est,
1053 526 1156 581 sed
1190 524 1316 578 vitae
1348 520 1608 586 occasio;
1645 536 1761 576 non
1804 522 1895 574 est
1924 517 2053 572 intel

2191 516 2285 571 τὸν
2340 513 2592 572 θάνατον·
2637 514 2700 570 οὐ
2753 515 2857 591 γὰρ
2901 517 3078 594 φθορά
3123 517 3289 586 ἐστιν,
3323 515 3471 574 ἀλλὰ
3499 523 3648 589 ζωῆς
3678 519 3852 598 ἀφορ-

427 636 534 692 gra
557 618 790 687 deletio,
833 615 934 672 sed
983 615 1267 670 transitus
1320 612 1391 666 ad
1443 610 1752 664 honorem.
1795 607 2080 662 Caeterum

426 709 582 778 apud
610 707 881 763 homines
909 721 1110 761 avaros
1137 703 1378 773 quidam
1405 699 1612 772 lapilli,
1639 695 1859 752 ﬂoridis
1882 693 2082 750 colori-

427 799 540 853 bus
573 796 883 869 fulgentes,
919 793 1103 848 vocari
1135 791 1325 848 solent
1365 787 1605 860 pretiosi
1637 804 1649 842 :
1699 790 1759 840 at
1787 801 1916 840 vere
1947 786 2078 838 Pre-

427 890 569 944 tiosa
596 902 681 942 res
710 890 787 941 est
815 901 958 940 mors
987 887 1302 938 sanctorum
1331 880 1471 948 ejus.
1505 876 1648 931 Cum
1681 876 1879 930 anima
1899 873 2076 927 vitam

428 993 634 1049 puram
655 991 854 1046 agens,
878 991 913 1028 a
933 972 1128 1028 carnis
1149 969 1423 1026 sordibus
1445 966 1649 1027 libera,
1677 962 1949 1019 masculae
1975 966 2078 1016 aut

427 1083 576 1136 ragaa
608 1081 834 1136 expers,
867 1079 936 1118 ex
992 1059 1294 1116 laboribus
1344 1071 1446 1128 pro
1506 1056 1720 1127 pietate
1763 1050 2074 1108 exantlatis

425 1155 672 1227 gloriam
721 1152 952 1222 adepta,
996 1147 1241 1220 justitiaa
1299 1161 1511 1200 corona
1551 1141 1842 1211 redimita,
1874 1157 1940 1196 ac
1971 1157 2074 1212 per

423 1244 544 1298 hinc
573 1241 772 1297 omnia
792 1239 1026 1294 virtutis
1050 1234 1489 1308 pulchritudine
1512 1231 1886 1305 praalulgess,
1913 1229 2073 1285 stite-

420 1333 498 1387 rit
527 1348 656 1388 sese
687 1327 934 1384 Domino
964 1330 1133 1396 atque
1186 1324 1591 1379 universorum
1614 1319 1825 1392 judici,
1871 1318 2069 1389 gratiae

418 1421 793 1492 splendorem
825 1414 1075 1488 pretioso
1109 1413 1269 1470 omni
1292 1412 1484 1484 lapide
1513 1410 1857 1466 lucidiorem
1883 1406 2070 1480 possi-

416 1509 582 1574 dens,
614 1505 906 1578 quomodo
941 1503 1119 1573 hujus
1143 1500 1396 1557 hominis
1421 1516 1577 1555 mors
1599 1514 1794 1553 coram
1828 1496 2069 1551 Domino

416 1613 534 1652 non
565 1596 740 1650 fuerit
771 1593 1071 1665 pretiosa?
1102 1591 1183 1646 Ne
1217 1591 1394 1662 igitur
1439 1593 1776 1644 sanctorum
1809 1585 2068 1640 virorum

414 1702 486 1741 ex
516 1685 624 1740 hac
655 1683 772 1739 vita
799 1683 1017 1737 exitum
1047 1681 1378 1751 lugeamus,
1411 1678 1510 1734 sed
1546 1677 1740 1749 potius
1772 1678 2070 1739 ortum,et

417 1791 622 1830 eorum
653 1773 712 1827 in
745 1772 894 1826 hanc
927 1770 1108 1824 vitam
1143 1768 1494 1839 ingressum.
1525 1766 1669 1824 Nam
1700 1764 1975 1819 introitus
2005 1762 2066 1817 in

2197 606 2296 677 μήο
2354 604 2453 660 οὐκ
2497 605 2799 680 ἀφανισμός
2849 603 2960 660 ἐστι
3010 605 3304 676 παντελὴς,
3349 606 3495 663 ἀλλά
3555 605 3851 681 μετάϐασις

2192 694 2328 766 πρὸς
2377 696 2566 768 τιμήν.
2615 695 2767 768 [ιαρὰ
2801 696 2894 768 μὲν
2929 693 3020 749 οὖν
3053 701 3168 757 τοῖς
3203 695 3510 772 ἀνθρώποις
3540 704 3656 761 τοῖς
3689 697 3850 778 φιλο-

2191 781 2452 847 πλούτοις
2485 781 2690 838 λιθίδιά
2735 805 2875 856 τινα,
2922 786 3179 860 ἀνθηροῖς
3236 788 3526 862 χρώμασιν
3591 788 3846 862 ὑπολάμ-

2188 893 2377 940 ποντα,
2429 872 2586 946 τίμια
2633 873 2863 951 πέφυκεν
2927 874 3306 948 ὀνομάζεσθαι·
3365 875 3555 948 Τίμιον
3597 880 3735 950 (99')
3788 875 3847 934 δὲ

2186 959 2409 1032 ἀληθῶς
2464 963 2492 1016 ὁ
2551 964 2780 1024 Θάνατος
2838 969 2946 1018 τῶν
3009 965 3172 1018 ὁσίων
3237 962 3422 1022 αὐτοῦ.
3481 967 3841 1043 ’Ὁτανῃψυχὴ

2183 1052 2560 1126 κακαθαρμένη
2592 1057 2672 1124 τῷ
2705 1052 2829 1127 βίῳ,
2883 1051 3139 1128 ἐλευθέρα
3196 1057 3303 1107 τῶν
3363 1056 3461 1122 τῆς
3512 1056 3707 1128 σαρκὸς
3743 1079 3842 1128 μο-

2184 1137 2495 1212 λυσμάτων⁴
2547 1142 2623 1212 μή
2670 1136 2872 1216 ἔχουσα
2921 1140 3117 1196 σπῖλον
3150 1142 3184 1210 ἢ
3221 1140 3428 1217 ῥυτίδα,
3477 1141 3536 1198 tu
3563 1149 3669 1199 τῶν
3708 1145 3842 1222 ὑπὲρ

2179 1235 2279 1297 τῆς
2347 1224 2618 1291 εὐσεϐείας
2691 1230 2912 1304 ἀγώνων
2995 1228 3380 1303 δεδοξασμένῃ,
3438 1231 3528 1287 καὶ
3592 1233 3684 1288 τὸν
3743 1238 3844 1300 τῆς

2181 1315 2526 1388 δικαιοσύνης
2573 1316 2954 1390 ἀναδησαμένη
3009 1321 3289 1397 στέφανον,
3344 1320 3405 1375 έκ
3447 1320 3661 1376 πάντων
3714 1323 3843 1376 τού-

2177 1427 2286 1460 των
2318 1405 2753 1483 ύπερλάμπουσα
2781 1413 2860 1480 τῷ
2917 1407 3114 1463 κάλλει
3161 1411 3260 1478 τῆς
3316 1411 3536 1485 ἀρετῆς,
3587 1416 3840 1486 παραστῇ

2177 1500 2258 1567 τῷ
2288 1495 2527 1570 Δεσπότῃ
2574 1497 2663 1551 καὶ
2713 1500 2873 1572 κριτῇ
2929 1501 3037 1552 τῶν
3088 1497 3258 1567 ὅλων,
3317 1500 3514 1562 παντὸς
3545 1498 3705 1564 λίθου
3735 1522 3835 1557 πο-

2180 1581 2444 1647 λυτελοῦς
2504 1583 2880 1662 διαυγεστέραν
2911 1587 3010 1654 τὴν
3064 1585 3123 1641 ἐκ
3160 1589 3258 1655 τῆς
3318 1587 3548 1663 χάριτος
3608 1587 3836 1668 φαιδρό-

2177 1693 2316 1742 τητα
2339 1676 2669 1747 κεκτημένη,
2701 1680 2817 1737 πῶς
2849 1675 2978 1750 οὐχὶ
3009 1675 3198 1747 τίμιος
3218 1680 3314 1730 τοῦ
3343 1677 3600 1732 τοιούτου
3626 1677 3836 1754 ἀνθρώ·

2177 1782 2276 1816 πον
2311 1761 2547 1818 ἐναντίον
2581 1763 2782 1838 Κυρίου
2810 1765 2837 1819 ὁ
2871 1764 3135 1833 θάνατος;
3170 1767 3262 1834 Μὴ
3293 1765 3473 1820 τοίνυν
3510 1764 3835 1840 ὁδυρώμεθα

415 1863 574 1919 hunc
602 1861 890 1918 mundum
922 1858 1262 1930 adjunctam
1304 1856 1479 1911 habet
1527 1853 1906 1927 ignominiam
1940 1867 2053 1906 sor-

2173 1851 2267 1912 τᾶς
2298 1850 2535 1916 ἐντεῦθεν
2569 1849 2786 1922 ἐξόδους
2813 1857 2921 1906 τῶν
2952 1853 3115 1907 ὁσίων
3149 1851 3382 1925 ἀνδρῶν,
3416 1854 3562 1910 ἀλλὰ
3614 1855 3826 1928 μᾶλλον

390 1953 580 2007 'dium
612 1950 927 2020 fetorisque
956 1951 1011 2003 et
1035 1963 1240 2002 earum
1272 1961 1489 2012 rerum,
1515 1958 1766 2015 quarum
1799 1957 1871 1996 ne
1901 1956 2063 2012 aspe-

413 2047 575 2098 ctum
606 2039 845 2112 quidem
879 2035 1046 2092 facile
1090 2036 1239 2090 ferre
1271 2039 1467 2106 posset
1515 2032 1671 2112 ullus
1701 2046 1936 2112 eorum,
1961 2028 2060 2099 qui

410 2122 542 2176 vitae
571 2108 739 2176 nobis
771 2122 1037 2174 auctores
1061 2119 1216 2172 sunt.
1241 2115 1347 2170 Per
1370 2114 1512 2169 talia
1535 2111 1687 2168 enim
1717 2108 2062 2165 necessitate

412 2215 635 2266 naturas
655 2209 1012 2264 constitutus
1033 2209 1122 2260 est
1143 2219 1362 2259 carnea:
1388 2200 1708 2257 nativitatis
1731 2200 2056 2272 ingressus.

409 2301 642 2368 Contra,
674 2296 862 2353 exitus
894 2300 950 2350 et
972 2295 1021 2349 is
1053 2293 1150 2366 qui
1175 2291 1313 2347 hinc
1335 2292 1400 2346 fit
1429 2292 1740 2346 abscessus
1764 2287 2058 2360 pretiosus

407 2393 500 2446 est
527 2393 584 2442 et
603 2385 851 2442 illustris
877 2402 890 2451 ;
914 2399 1030 2438 non
1051 2381 1318 2438 omnium
1343 2380 1674 2446 hominum,
1701 2378 1803 2433 sed
1827 2392 2053 2444 eorum,

405 2478 506 2549 qui
537 2480 737 2533 sancte
766 2480 823 2530 et
845 2474 1007 2544 juste
1038 2472 1190 2527 hanc
1237 2471 1412 2524 vitam
1445 2471 1870 2538 transegerunt.
1916 2469 2050 2520 Pre-

405 2566 556 2622 tiosa
576 2564 756 2637 igitur
776 2566 866 2618 est
887 2578 1065 2630 mors,
1091 2577 1207 2615 non
1222 2558 1514 2631 pretiosus
1535 2555 1842 2612 hominum
1865 2559 2051 2610 ortus.

403 2656 722 2712 Seminatur
744 2654 921 2716 enim,
980 2650 1194 2721 inquit,
1247 2650 1305 2703 in
1362 2647 1728 2718 ignobilitate,
1777 2651 1956 2713 surgit
1994 2644 2055 2699 in

405 2744 555 2801 815
615 2741 836 2814 gloria:
875 2741 1187 2795 seminatur
1235 2739 1299 2793 in
1343 2737 1712 2807 corruptione,
1762 2734 1938 2804 surgit
1989 2733 2054 2788 in

403 2833 816 2905 incorruptione
833 2831 897 2886 ⁸³.
923 2829 1210 2900 Compara
1230 2828 1428 2898 itaque
1449 2830 1699 2880 mortem
1723 2823 2009 2879 nativitati
2037 2841 2051 2892 ;

404 2923 474 2980 ad
508 2939 640 2979 eum
671 2921 771 2993 qui
793 2920 1077 2976 liberatus
1097 2922 1184 2973 est
1215 2913 1766 2988 ignominia,lugere
1794 2913 2049 2968 desinas.

403 3013 550 3068 Cum
592 3008 832 3067 Judaice
865 3007 1192 3073 interirent,
1241 3003 1638 3061 abominanda
1683 3006 1851 3056 erant
1880 3003 2050 3057 cada-

401 3117 572 3157 vera:
607 3100 706 3156 ubi
737 3097 985 3170 contigit
1016 3113 1176 3152 mors
1205 3112 1309 3167 pro
1341 3093 1598 3160 Christo,
1632 3091 1890 3163 reliquias
1921 3108 2052 3146 san-

399 3195 630 3247 ctorum
656 3189 784 3260 ejus
815 3192 956 3243 sunt
985 3184 1271 3257 pretiosae.
1306 3188 1493 3237 Antea
1522 3181 1826 3236 dicebatur
1856 3196 2048 3235 sacer-

399 3279 640 3336 dotibus
669 3250 725 3334 et
755 3250 1026 3332 Nazarei-s
1049 3274 1130 3329 3":
1164 3275 1280 3330 Non
1309 3270 1836 3328 contaminabimini
1878 3285 2046 3341 super
2077 3250 2120 3319 C

397 3368 519 3424 ulla
545 3369 803 3428 mortuo;
837 3370 929 3420 et:
963 3363 1025 3420 Si
1069 3364 1193 3434 quis
1247 3361 1487 3432 tetigerit
1518 3358 1768 3429 cadaver,
1800 3360 2049 3414 immun-

398 3457 498 3512 dus
523 3459 629 3512 erit
683 3471 853 3528 usque
883 3453 955 3509 ad
1012 3467 1331 3524 vesperam;
1391 3451 1551 3516 item,
1610 3448 1840 3504 Lavabit
1887 3450 2048 3504 vesti-

396 3555 585 3602 menta
609 3561 733 3600 sua.
766 3547 932 3598 Nunc
954 3549 1150 3597 autem
1185 3540 1288 3613 qui
1314 3539 1587 3611 martyris
1609 3555 1744 3594 ossa
1773 3538 2046 3609 tetigerit,

399 3651 468 3692 ex
498 3633 794 3690 insidente
816 3631 876 3688 in
905 3645 1146 3702 corpore
1167 3629 1355 3700 gratia
1379 3628 1694 3699 quamdam
1718 3626 2048 3683 sanctitatis

400 3723 902 3797 participationem
952 3719 1183 3791 accipit.
1217 3719 1469 3774 Pretiosa
1510 3722 1589 3772 est
1623 3717 1802 3789 igitur
1830 3719 1889 3772 in
1919 3733 2045 3773 con-

397 3812 840 3889 spectu_Domini
865 3825 1012 3866 mors
1051 3815 1361 3863 sanctorum
1408 3807 1546 3876 ejus.
1581 3809 1660 3862 Ne
1692 3806 2046 3878 pretiosissi-

399 3904 514 3959 mis
543 3901 833 3958 vilissima
875 3899 1159 3971 praeferto,
1211 3912 1400 3968 neque
1448 3894 1596 3952 male
1644 3896 2041 3966 commutatis,

394 3993 575 4050 vitam
601 3991 882 4047 caducam
910 3987 1091 4044 statui
1122 3985 1516 4058 corruptionis
1547 3985 1764 4057 experti
1793 4002 1858 4040 ac
1890 3984 2044 4040 felici

393 4085 816 4154 praeponentes.
852 4077 1152 4150 Siquidem
1184 4081 1392 4148 praeter
1421 4075 1754 4147 ignominiae
1789 4075 2044 4129 affectio-

392 4186 518 4239 nes,
539 4169 756 4243 quibus
776 4166 1086 4239 voluptarii
1111 4165 1375 4239 plerique
1398 4163 1650 4234 subjecti
1671 4169 1833 4232 sunt,
1848 4163 2040 4219 adhuc

389 4260 566 4315 etiam
614 4258 743 4314 vitae
795 4255 1196 4321 necessitates,
1249 4252 1800 4326 magnanimitatem
1831 4251 2039 4307 animae

388 4349 746 4420 frangentes,
777 4347 968 4418 ipsam
1015 4345 1195 4400 veluti
1245 4343 1522 4415 redigunt
1569 4341 1626 4396 in
1676 4341 2038 4409 servitutem,

385 4441 525 4494 dum
556 4437 628 4492 ad
659 4435 852 4492 carnis
875 4433 1226 4490 famulatum
1250 4433 1412 4488 illam
1437 4430 1773 4487 detrahunt.
1807 4430 1914 4486 Ubi
1939 4449 2038 4487 au-

385 4533 503 4583 tem
535 4527 808 4592 servitus,
843 4524 964 4580 illic
995 4541 1125 4580 esse
1161 4528 1218 4578 et
1248 4521 1635 4595 ignominiam
1684 4521 1888 4593 liquet.
1927 4523 2032 4576 Fu-

381 4615 596 4689 gienda
643 4615 822 4687 igitur
866 4619 956 4670 est
1013 4613 1150 4680 vita,
1208 4612 1302 4668 cui
1364 4609 1689 4683 ignominia
1720 4611 2034 4682 conjuncta

2166 4613 2202 4668 τὸ
2254 4612 2588 4690 μεγαλοφυὶς
2642 4613 3126 4685 κατακάμπτουσαι
3164 4655 3178 4680 ,

379 4709 488 4761 est.

2170 1941 2266 2001 τὰς
2293 1942 2523 2016 γενέσεις
2573 1941 2662 1995 καὶ
2709 1943 2805 2003 τὰς
2857 1940 2932 2002 εἷς
2987 1943 3083 2009 τήν
3133 1943 3276 2010 ζωὴν
3308 1941 3511 2014 ταύτην
3535 1942 3825 2018 παρόδους.

2171 2029 2233 2085 Ἦ
2268 2030 2361 2102 μὶν
2393 2030 2492 2106 γὰρ
2526 2029 2601 2092 εἲς
2660 2031 2751 2084 τὸν
2793 2029 2998 2102 κόσμον
3048 2034 3239 2085 τοῦτον
3293 2028 3527 2103 εἷ’σοδος,
3579 2031 3647 2087 δι’
3708 2033 3825 2089 ἀτι-

2172 2117 2299 2190 μίας
2329 2117 2439 2172 έστί
2491 2117 2661 2192 ρυπου
2708 2117 2797 2173 καὶ
2831 2115 3116 2188 δυσωδίας,
3175 2119 3264 2174 καὶ
3307 2121 3380 2174 ὧν
3442 2119 3556 2175 οὐδ’
3610 2121 3670 2176 ἂν
3726 2124 3825 2192 τήν

2169 2206 2290 2261 θέαν
2344 2205 2587 2270 εὐκόλως
2640 2207 2936 2284 ἀνάσχοιτό
2983 2231 3068 2270 τις
3117 2211 3266 2281 (100)
3318 2217 3420 2279 τῆς
3477 2215 3623 2280 ζωῆς
3667 2213 3825 2285 ἡμων

2167 2297 2613 2372 καθηγουμένων·
2664 2294 2753 2351 διὰ
2807 2299 2907 2373 γὰρ
2953 2303 3059 2352 τῶν
3100 2298 3359 2352 τοιούτων
3392 2301 3426 2367 ἡ
3458 2297 3696 2375 πάροδος
3725 2308 3827 2370 τῆς

2166 2384 2425 2460 σαρκίνης
2456 2387 2718 2461 γενέσεως
2764 2392 2842 2458 τῷ
2886 2391 2984 2451 τῆς
3018 2386 3228 2464 φύσεως
3261 2388 3542 2463 ἀναγκαίῳ
3601 2393 3677 2462 (1)
3737 2411 3826 2444 νε-

2165 2474 2552 2547 νομοθέτηται.
2586 2476 2650 2530 Ἡ
2676 2473 2733 2530 δὲ
2763 2473 2945 2546 ἔξοδος
2971 2477 3062 2530 καὶ
3165 2475 3459 2551 ἀπαλλαγὴ
3486 2479 3520 2546 ἡ
3554 2477 3821 2552 ἐντεῦθεν,

2165 2563 2321 2636 τιμία
2377 2563 2467 2617 καὶ
2525 2566 2861 2641 περιφανής’
2918 2564 2979 2618 οὐ
3033 2564 3247 2620 πάντων
3300 2565 3618 2640 ἀνθρώπων,
3675 2566 3823 2623 ἀλλὰ

2162 2657 2268 2706 τῶν
2302 2652 2466 2715 ὁσίως
2497 2653 2586 2708 καὶ
2618 2650 2843 2715 δικαίως
2868 2654 2959 2708 τὸν
2995 2654 3217 2710 ὶνταῦθα
3251 2653 3369 2730 βίον
3417 2652 3815 2732 διενεγκόντων.

2162 2741 2355 2813 Τίμιος
2410 2742 2500 2796 οὖν
2544 2741 2572 2796 ὁ
2614 2742 2858 2813 θάνατος,
2893 2742 3024 2818 οὐχὶ
3081 2742 3238 2814 τιμία
3296 2747 3403 2797 τῶν
3448 2745 3750 2819 ἀνθρώπων
3781 2747 3816 2815 ἡ

2164 2830 2388 2904 γένεσις.
2452 2829 2736 2902 Σπείρεται
2798 2831 2924 2905 γὰρ,
2983 2829 3168 2906 φησίν,
3238 2829 3291 2886 ἄν
3346 2831 3556 2904 ἀτιμίᾳ,
3614 2831 3816 2908 έγείρε-

2161 2925 2248 2972 ταί
2321 2917 2371 2972 έν
2445 2913 2608 2992 δόξῃο
2683 2918 2953 2993 σπείρεται
3034 2917 3085 2973 έν
3151 2922 3374 2998 φθορᾷ,
3447 2919 3707 2997 ἰγείρεται
3761 2922 3814 2976 ἓν

2163 3007 2448 3085 ἀφθαρσίᾳ.
2502 3009 2798 3084 Σύγκρινον
2848 3008 3026 3064 τοίνυν
3059 3013 3124 3082 τῇ
3201 3011 3403 3084 γενέσει
3434 3011 3524 3064 τὸν
3559 3012 3816 3081 θάνατον,

2160 3097 2250 3150 καὶ
2301 3101 2496 3151 παῦσαι
2570 3093 2901 3171 ὀδυρόμενος
2949 3097 3040 3152 τὸν
3096 3105 3198 3166 τῆς
3255 3096 3477 3170 ἀτιμίας
3531 3097 3814 3155 ἀπαλλασ-

2159 3183 2410 3258 σόμενον.
2469 3187 2598 3243 ’Ότε
2653 3183 2967 3249 Ἰουδαϊκῶς
3027 3186 3385 3257 ἀπέθνησκον,
3426 3184 3696 3261 βδελυκτά
3746 3192 3812 3258 ἦν

2156 3273 2224 3328 τὰ
2271 3280 2589 3348 θνησιμαῖα·
2650 3273 2737 3330 ὅτε
2795 3276 2926 3349 ὑπὲρ
2983 3277 3224 3350 Χρισταῦ
3285 3278 3313 3331 ὁ
3365 3277 3613 3338 θάνατος.
3657 3277 3815 3350 τίμια

2158 3361 2224 3418 τά
2255 3367 2330 3437 (2)
2382 3363 2609 3438 λείψανα
2637 3370 2745 3419 τῶν
2775 3366 2938 3419 ὁσίων
2975 3364 3154 3421 αὐτοῦ.
3212 3366 3323 3440 Πρὸ
3353 3364 3548 3420 τούτου
3598 3365 3813 3443 έλέγετο

2156 3457 2273 3515 τοῖς
2331 3454 2531 3526 ἱερεῦσι
2581 3453 2668 3508 καὶ
2725 3459 2842 3515 τοῖς
2903 3454 3246 3527 Ναζωραίοις
3297 3454 3381 3526 τὸ,
3441 3454 3514 3510 Οὐ
3576 3457 3811 3529 μιανθη-

2159 3553 2310 3606 σεσθε
2365 3543 2442 3615 (3)
2518 3540 2601 3595 ἐπ’
2675 3538 2850 3606 οὐδενὶ
2906 3541 3212 3612 τεθνηκότι·
3273 3544 3362 3597 καὶ
3413 3544 3497 3616 τὸ,
3559 3544 3675 3598 Ἐάν
3727 3564 3812 3606 τις

2157 3629 2360 3705 ἅψηται
2439 3633 2677 3705 νεκροῦ,
2766 3631 3063 3706 ἀκάθαρτος
3151 3626 3296 3686 ἔσται
3381 3629 3484 3695 ἕως
3561 3632 3800 3708 ἆσπέρας·

2155 3719 2244 3774 καὶ
2300 3720 2384 3785 τὸ,
2437 3718 2641 3774 Πλυνεῖ
2699 3720 2891 3774 ἑαυτοῦ
2949 3721 3013 3774 τὰ
3055 3721 3269 3792 ἱμάτια.
3329 3721 3460 3776 Νυνὶ
3511 3719 3569 3776 δὶ
3609 3722 3637 3776 ὁ
3668 3721 3809 3795 ἀψά-

2159 3829 2320 3882 μενος
2383 3806 2580 3863 ὀστέων
2641 3807 2953 3884 μάρτυρος,
3013 3805 3280 3882 λαμϐάνει
3336 3812 3456 3865 τινὰ
3526 3810 3813 3884 μετουσίαν

2154 3898 2425 3972 ἀγιασμοῢ
2484 3897 2535 3952 έν
2568 3905 2667 3968 τῆς
2697 3902 2776 3970 τῷ
2821 3899 3033 3971 σώματι
3063 3897 3501 3974 παρεδρευούσης
3553 3902 3810 3977 χάριτος.

2151 3987 2346 4060 Τίμιος
2406 3989 2495 4041 οὗν
2552 3987 2787 4042 ἐναντίον
2855 3988 3060 4062 Κυρίου
3119 3990 3148 4042 ὁ
3208 3990 3434 4053 θάνατος
3486 3995 3594 4044 τῶν
3642 3990 3805 4045 ὁσίων

2151 4076 2336 4132 αὑτοῦ.
2388 4078 2481 4146 Μὴ
2541 4083 2845 4153 προτιμᾶτε
2899 4082 3004 4131 τῶν
3057 4076 3453 4151 πολυτιμήτων
3494 4079 3561 4133 τὰ
3609 4078 3809 4153 ἀτιμό-

2148 4188 2300 4238 τατα,
2367 4163 2508 4240 μηδὶ
2572 4167 2729 4221 κακοὶ
2789 4165 3150 4222 συναλλάκται
3208 4167 3437 4244 γίνεσθε,
3497 4169 3598 4236 τὴν
3654 4179 3808 4246 φθει-

2149 4257 2389 4333 ρομένην
2458 4258 2601 4326 ζωὴν
2672 4256 2772 4325 τῆς
2836 4257 3107 4334 ἀφθάρτου
3163 4257 3252 4312 καὶ
3315 4257 3582 4333 μακαρίας
3643 4278 3809 4312 κατα-

2149 4345 2383 4408 στάσεως
2443 4350 2860 4419 προτιμῶντες.
2914 4347 3076 4399 Ἀνευ
3135 4347 3238 4421 γὰρ
3298 4350 3402 4400 τῶν
3459 4347 3805 4419 παθημάτων

2144 4441 2245 4503 τῆς
2305 4432 2541 4506 ἀτιμίας,
2605 4435 2687 4494 οἷς
2748 4435 2798 4486 οἱ
2848 4430 3102 4488 πλεῖστοι
3159 4438 3266 4488 τῶν
3314 4431 3632 4512 φιληδόνων
3669 4434 3808 4489 ὑπό-

2145 4544 2368 4591 κεινται,
2414 4519 2489 4578 ἔτι
2540 4521 2628 4576 καὶ
2664 4523 2717 4576 αἱ
2767 4523 2902 4576 κατὰ
2932 4524 3023 4576 τὸν
3075 4522 3191 4598 βίον
3226 4529 3431 4598 χρεῖαι,
3475 4531 3573 4592 τῆς
3615 4526 3806 4599 ψυχῆς

3251 4610 3420 4667 οἱονεὲ
3479 4610 3806 4668 δουλοῦνται

2140 4703 2306 4771 αὐτὴν
2344 4746 2357 4771 ,
2434 4703 2570 4777 πρὸς
2638 4703 2736 4770 τήν
2818 4702 3112 4776 ὑπηρεσίαν
3188 4708 3288 4771 τῆς
3365 4702 3562 4777 σαρκὸς
3633 4722 3803 4757 κατα-

378 4794 654 4868 σύρουσαι.
712 4795 886 4847 Ὅπου
945 4787 1002 4846 δὲ
1053 4787 1295 4857 δουλεία,
1357 4786 1468 4842 ἐκεῖ
1525 4784 1694 4858 δῆλον
1751 4788 1834 4844 ὅτι
1891 4791 1981 4845 καὶ
2033 4791 2242 4868 ἀτιμία.
2303 4791 2568 4847 Φευκτέον
2629 4789 2723 4846 οὖν
2780 4792 2878 4860 τὴν
2943 4793 3110 4863 ζωήν,
3258 4791 3320 4845 τὸ
3380 4789 3574 4865 ἄτιμον
3624 4812 3800 4867 παρα-

373 4884 627 4942 πέφυκεν.

440 4905 708 5043 χΙὲίδὶι,
735 4970 951 5043 inquit,
985 4984 1199 5040 perago
1226 4969 1444 5040 magni,
1468 4968 1610 5026 dum
1644 4969 1750 5026 tibi
1785 4970 2028 5028 Domino

371 5062 630 5120 retribuo
665 5078 758 5118 me
815 5061 1036 5132 ipsum.
1069 5062 1208 5113 Nam
1266 5073 1471 5115 servus
1520 5062 1658 5116 tuus
1708 5076 1844 5116 cum
1889 5061 2024 5131 sim,

439 5188 486 5225 ³³
519 5189 542 5244 Ι
570 5191 699 5243 Cor.
731 5201 828 5256 xv,
859 5185 948 5253 43,
983 5184 1070 5238 42.
1146 5183 1192 5217 ⁸⁸
1223 5183 1400 5238 Lavit.
1434 5199 1512 5253 χι,
1547 5185 1637 5255 39,
1669 5186 1756 5241 40.

405 5311 574 5435 ί
599 5311 740 5383 Reg.
761 5304 1203 5380 sextusﬁtpioq.
1226 5305 1416 5363 Editio
1441 5311 1641 5364 nostra
1661 5313 1717 5365 et
1729 5309 1826 5366 alii
1852 5325 2022 5383 mss.,

366 5402 574 5454 τιμιον.

460 5455 584 5508 10οὶ
621 5453 994 5508 Desideratur
1019 5452 1150 5506 τῶν,
1183 5451 1342 5505 Enrr.

460 5465 564 5508 lUU
621 5465 994 5508 Desideratur
1019 5471 1150 5506 των.
1184 5465 1342 5505 ωῡῐτ.

436 5465 511 5667 ΞΠ
546 5465 708 5606 (ίοίζ).
753 5530 1021 5594 quartus,
1056 5522 1316 5596 γενέσεως
1348 5519 1669 5596 ἀναγκαίως.

457 5599 510 5666 2)
543 5597 622 5650 Ex
654 5595 790 5662 illis,
823 5593 979 5667 τίμια
1009 5596 1094 5658 τά,
1148 5601 1281 5662 etc.,
1327 5597 1669 5667 occasionen

457 5599 510 5666 2)
543 5593 790 5668 Exillis’,
823 5593 979 5667 τίμια
1009 5593 1094 5658 τά,
1148 5601 1281 5662 etc.,
1327 5593 1691 5668 occasionem
1736 5597 1911 5668 cmpit
1940 5597 2014 5652 li-

360 5666 594 5739 brarius
628 5667 709 5724 ita
734 5669 1026 5739 scribendi
1078 5669 1136 5721 in
1181 5666 1442 5739 margine
1502 5669 1638 5739 Reg.
1672 5666 1857 5724 sexti“:
1889 5671 2012 5724 Ὅτι

363 5735 445 5792 δεῖ
481 5742 641 5812 τιμᾷν
687 5740 753 5794 τὰ
793 5738 1019 5813 λείψανα
1069 5741 1175 5794 τῶν
1229 5735 1414 5813 ἁγίων·
1465 5735 1743 5814 Πειὶἷῃιίαε
1797 5751 2014 5800 sancto-

2206 4974 2261 5030 5.
2295 4969 2467 5029 Οὖδὶν
2501 4972 2600 5045 (4),
2633 4971 2786 5050 φησὶ,
2841 4971 2977 5045 μέγα
3008 4974 3172 5040 ποιῶ,
3225 4969 3458 5044 ἐμαυτόν
3491 4990 3573 5025 σοι
3605 4966 3805 5025 ἀποδι-

2137 5057 2264 5124 δοὺς
2289 5065 2368 5134 τῷ
2397 5060 2663 5135 Δεσπότῃ.
2709 5057 2916 5123 Δοῦλος
2960 5061 3065 5134 γὰρ
3114 5058 3189 5114 ὢν
3247 5061 3362 5133 σὸς,
3425 5061 3476 5114 οἱ
3534 5057 3804 5134 προσάγω

2133 5328 2257 5366 rum
2291 5311 2563 5367 honorare
2590 5313 2818 5382 oportet.

2197 5383 2276 5455 (3)
2304 5378 2661 5468 Sicncpdice's
2692 5400 2845 5468 εει..
2870 5379 3371 5468 Editi_vero”cum
3415 5379 3572 5468 Colb.
3611 5378 3803 5468 septi-

2127 5448 2648 5537 {116"pt1v0ﬂ0£11t_.
2703 5454 2846 5508 Illud
2903 5451 3301 5537 quodnstatim
3357 5453 3644 5537 sequitur,
3678 5448 3794 5514 ἕως

2126 5523 2374 5601 έσπέρας,
2403 5523 2471 5611 ex
2502 5534 2755 5611 quatpor
2785 5523 2935 5580 mss.’
2980 5523 3339 5580 addidimus.
3383 5523 3607 5581 Ibidem
3637 5539 3793 5582 mss.

2127 5597 2467 5669 non'pauci,
2499 5597 2666 5652 αὐτοῦ
2696 5597 2781 5650 τά.

2198 5666 2289 5741 (4)’
2309 5673 2388 5741 lta
2420 5689 2562 5727 mss.
2597 5688 2697 5727 sex
2719 5684 2850 5725 cum
2874 5666 3128 5722 editione
3162 5666 3327 5724 Basil.
3361 5670 3434 5722 At
3463 5666 3642 5723 editio
3666 5670 3780 5722 Pa-

2126 5739 2225 5798 ris.
2238 5739 2263 5810 ,ν
2285 5739 2436 5796 οὐδὲν
2468 5743 2578 5800 οὗν.
