4154 6388
334 423 452 484 113

1494 425 1825 486 HOMlLlA
1872 423 1948 482 IN
1997 419 2378 482 PSALMUM
2427 421 2602 483 CXV.

3638 422 3754 480 114

327 551 394 607 τὸ
457 551 548 607 σὸν
603 559 810 626 κτῆμα.
869 551 1088 614 Πάντως
1141 554 1240 628 γὰρ
1297 573 1394 607 του
1450 574 1736 617 κτισειντος
1787 550 1962 608 δοῦλο·

2098 556 2259 607 tuam
2308 553 2413 609 tibi
2446 571 2880 626 possessnonem
2913 557 3110 612 offero.
3142 556 3392 611 Omnino
3451 553 3609 609 enim
3660 570 3752 609 res

334 641 568 717 ὑπάρχει
621 642 682 696 τὸ
741 639 1050 714 έκτισμένον
1104 644 1202 714 (5).
1232 643 1393 697 ’Ὡστε
1423 641 1484 696 οὐ
1515 641 1824 718 προαιρέσει
1860 639 1982 696 δοῦ-

333 729 432 792 λος
469 730 658 803 μόνον,
692 728 952 786 ἀλλάκαί
1000 729 1171 808 φύσει.
1223 730 1347 793 Υἶὸς
1397 730 1500 807 γάρ
1553 730 1664 804 εἶμι
1705 737 1806 800 τῆς
1862 751 1984 784 παι-

335 815 526 890 δίσκης
590 841 711 887 σου,
758 822 819 888 ἣν
867 820 1229 889 νηπιάζουσαν
1282 822 1358 894 (6)
1407 819 1496 875 καὶ
1545 818 1750 894 κομιδῇ
1817 816 1987 874 παῖδα

333 908 672 985 παραγαγὼν
710 907 738 963 ὐ
783 906 997 984 ἐχθρὸς,
1042 907 1130 963 καὶ
1185 909 1498 980 ἀποστήσας
1543 917 1642 980 τῆς
1703 917 1801 979 σῆς
1859 907 1983 964 δου-

334 995 510 1066 λείας,
571 995 775 1067 δούλην
833 1003 932 1066 τῆς
1001 996 1266 1074 ἁμαρτίας
1327 996 1598 1070 ἐποίησεν.
1660 996 1815 1056 Ἀλλ’
1872 998 1985 1053 ἐπι-

333 1085 547 1162 στρέφω
577 1084 666 1139 καὶ
695 1083 1048 1161 έπανατρέχω
1078 1087 1215 1162 πρὸς
1243 1087 1332 1141 τὸν
1367 1086 1416 1158 ἐξ
1446 1087 1628 1163 ἀρχῆς
1687 1087 1984 1160 Δεσπότην,

330 1174 421 1229 καὶ
482 1173 830 1250 ἐπιγινώσκω
890 1175 988 1244 τὴν
1056 1175 1285 1252 ἀρχαίαν
1357 1174 1645 1233 δουλείαν.
1690 1177 1980 1254 Διέρῤηξας

327 1261 454 1325 τοὺς
513 1259 745 1336 δεσμούς
806 1285 931 1336 μου.
990 1262 1212 1335 Ἐπειδή
1293 1287 1360 1339 με
1430 1270 1537 1321 τῶν
1608 1265 1820 1341 δεσμῶν
1879 1274 1978 1336 τῆς

326 1351 593 1424 ἁμαρτίας
625 1349 1027 1428 ἠλευθέρωσας,
1059 1356 1334 1409 κατελθὼν
1368 1355 1442 1417 εἰς
1486 1353 1636 1428 ᾅδου,
1669 1358 1758 1411 καὶ
1811 1355 1978 1418 λύσας

320 1443 426 1511 τὴν
489 1441 886 1518 ἀνθρωπότητα
913 1445 990 1516 (7)
1044 1440 1310 1515 δεσμῶτιν
1364 1442 1522 1499 οὖσαν
1577 1450 1674 1500 τοῦ
1732 1448 1978 1517 θανάτου,

322 1530 414 1584 καὶ
450 1529 502 1584 έν
534 1535 655 1594 ταῖς
683 1529 940 1606 ἀφύκτοις
973 1530 1208 1608 εἱρκταῖς
1246 1537 1344 1588 τοῦ
1397 1531 1528 1604 ᾇδου
1576 1537 1978 1612 κατεχομένην,

327 1615 421 1672 διὰ
444 1619 606 1674 τοῦτό
638 1640 721 1674 σοι
781 1619 947 1688 θύσω,
980 1619 1110 1696 οὐχὶ
1155 1622 1461 1697 τετράποδα
1509 1621 1849 1700 διχηλοῦντα
1888 1626 1976 1682 καὶ

327 1709 720 1783 μηρυκίζοντα,
751 1707 876 1764 οὐδὲ
919 1710 1100 1781 πτηνά
1141 1714 1369 1788 καθαρὰ,
1429 1715 1464 1785 ἢ
1515 1703 1800 1787 σεμίδαλιν
1845 1715 1974 1772 ἀνα-

325 1796 706 1871 πεποιημένην
766 1795 955 1873 ἐλαίῳ,
988 1798 1025 1869 ἢ
1083 1795 1304 1856 λίϐανον
1364 1799 1619 1879 διαφανῆ,
1669 1805 1704 1874 ἢ
1758 1804 1820 1860 τὸ
1877 1813 1976 1876 τῆς

323 1884 621 1951 συνθέσεως
667 1886 838 1943 έκεῖνο
883 1889 1134 1962 θυμίαμα
1182 1892 1368 1963 (ταῦτα
1415 1893 1518 1967 γάρ
1570 1913 1653 1947 σοι
1707 1896 1852 1970 παρά
1876 1903 1977 1965 τῆς

322 1977 428 2049 γῆς
487 1977 848 2054 προσφέρεται
905 1983 984 2050 τῷ
1042 1979 1346 2054 Δεσπότῃ)’
1387 1979 1516 2036 ἀλλ’
1573 1981 1604 2036 ὅ
1645 1983 1786 2038 ἐστιν
1841 1984 1970 2058 ἐμὸν

329 2059 469 2118 ἴδιον
499 2072 706 2138 κτῆμα,
735 2065 825 2120 καὶ
856 2063 1079 2142 καρδίας
1111 2070 1359 2143 γέννημα
1386 2077 1486 2140 τῆς
1521 2069 1678 2145 ἐμῆς,
1722 2074 1826 2146 τήν
1872 2077 1971 2143 σὴν

324 2148 642 2226 δοξολογίαν
691 2153 741 2225 ἐξ
800 2154 967 2224 αὐτῆς
1025 2155 1248 2229 ἀνοίσω,
1287 2156 1466 2234 ὥσπερ
1524 2160 1629 2215 ἀπὸ
1685 2163 1973 2235 θυσιαστη-

319 2240 442 2314 ρίου
497 2243 645 2304 τινὸς
699 2250 802 2314 τῆς
866 2245 1108 2318 έμαυτοῦ
1167 2244 1426 2311 διανοίας.
1478 2249 1576 2304 Καὶ
1633 2251 1972 2329 ὶερουργήσω

318 2351 403 2384 σοι
463 2331 564 2400 τήν
615 2339 716 2402 τῆς
775 2332 1029 2396 αἰνέσεως
1087 2335 1269 2393 θυσίαν
1304 2382 1321 2410 ,
1385 2339 1595 2414 μυρίων
1658 2338 1971 2397 ὁλοκαυτω-

319 2417 502 2492 μάτων
555 2423 952 2497 προτιμοτέραν
1010 2424 1096 2478 σοὶ
1149 2430 1231 2498 τῷ
1288 2425 1578 2502 ἀπροσδεεῖ
1621 2429 1711 2484 καὶ
1775 2429 1972 2504 τελείῳ

315 2507 464 2581 Θεῷ,
527 2511 586 2572 ὃς
645 2511 753 2565 οὐκ
803 2510 1046 2574 ἀπαιτεῖς
1106 2517 1422 2586 σωματικὰς
1499 2517 1716 2586 θυσίας,
1774 2519 1824 2574 ἐν
1883 2523 1971 2583 αἶς

320 2593 741 2651 πλεονεκτοῦσιν
772 2599 824 2652 οἱ
857 2598 1247 2676 εὐπορώτεροι,
1279 2600 1428 2658 ἀλλά
1466 2605 1565 2673 τὴν
1616 2606 1721 2661 ἀπὸ
1750 2609 1827 2682 (8)
1861 2605 1970 2664 δια-

245 2724 248 2726 η
321 2683 542 2754 θέσεως,
573 2684 665 2738 καὶ
697 2682 921 2759 καρδίας
966 2685 1233 2758 ἀληθινῆς
1279 2689 1696 2769 έξομολόγησιν,
1729 2698 1796 2765 ἧς
1841 2696 1970 2770 μέτ-

315 2792 427 2826 εστι
458 2778 620 2827 πᾶσιν
654 2773 705 2845 ἐξ
740 2776 860 2829 ἱσου
906 2781 1023 2839 τοῖς
1073 2778 1455 2853 βουλομένοις.
1489 2784 1601 2846 Τὰς
1648 2784 1814 2861 εὐχάς
1863 2809 1968 2860 μου

312 2863 397 2931 τῷ
478 2861 659 2935 Κυρίῳ
729 2861 1001 2919 ἀποδώσω
1071 2864 1309 2922 ἐναντίον
1390 2872 1590 2935 παντὸς
1654 2879 1752 2928 τοῦ
1831 2873 1966 2932 λαοῦ

315 2947 506 3008 αὐτοῦ.
546 2950 698 3006 Θύων
729 2949 786 3007 δέ
817 2973 900 3008 σοι
952 2956 1051 3024 νήν
1101 2953 1320 3027 αἶ’νεσιν,
1355 2958 1463 3035 οὐχ
1511 2962 1585 3023 ὡς
1638 2961 1966 3040 έπαισχυνό-

321 3058 478 3110 μενος
511 3042 610 3112 (9),
641 3039 814 3129 λάθρα
859 3063 964 3098 που
1012 3044 1102 3098 καὶ
1139 3045 1201 3129 έν
1260 3045 1590 3122 παραϐύστῳ
1639 3052 1805 3123 θύσω,
1830 3039 1964 3129 γφεύο

315 3146 430 3200 γων
457 3129 554 3192 τὰς
604 3128 838 3203 μέμψεις
886 3136 995 3186 τῶν
1025 3128 1263 3188 ἀσεϐῶν·
1314 3135 1460 3192 ἀλλά
1501 3135 1787 3212 πάνδημόν
1844 3128 1965 3197 τινα

309 3215 492 3270 θυσίαν
538 3214 857 3288 έπιτελέσω,
888 3221 981 3275 τὸν
1031 3218 1161 3275 λαὸν
1208 3221 1338 3277 ὅλον
1395 3224 1659 3281 κοινωνὸν
1706 3235 1807 3298 τῆς
1865 3227 1964 3283 λα-

2096 645 2304 696 creataa
2337 642 2631 700 Creatoris
2663 662 2844 701 servae
2874 652 3031 701 sunt.
3067 648 3258 712 Quare
3291 661 3405 700 non
3450 643 3751 700 voluntate

2097 729 2310 800 solum,
2362 733 2464 786 sed
2489 738 2701 789 natura
2724 735 2903 790 etiam
2936 752 3068 790 sum
3097 752 3324 790 servus.
3361 732 3540 788 Filius
3589 732 3748 787 enim

2097 835 2228 874 sum
2261 819 2484 875 ancillae
2518 826 2649 890 tum,
2672 840 2849 894 quam
2873 823 3172 895 parvulam
3199 841 3264 879 ac
3285 839 3526 896 prorsus
3556 819 3748 874 infan-

2093 911 2213 963 tem
2246 910 2810 982 seduxitinimicus;
2845 917 2901 968 et
2934 918 3247 986 postquam
3277 929 3406 968 eam
3439 929 3472 966 a
3501 915 3603 966 tua
3624 925 3748 966 ser-

2094 1000 2276 1056 vitute
2309 1003 2576 1072 removit,
2609 1003 2797 1077 ipsam
2830 1005 3007 1061 efficit
3054 1005 3275 1078 peccati
3333 1019 3582 1060 servam.
3631 1001 3745 1056 Ve-

2094 1106 2226 1145 rum
2260 1097 2517 1148 revertor
2563 1099 2620 1148 et
2668 1111 2902 1150 recurro
2961 1095 3032 1150 ad
3090 1095 3348 1168 primum
3405 1093 3742 1163 Dominum,

2092 1183 2465 1253 veteremque
2495 1200 2750 1257 agnosco
2781 1185 3147 1242 servitutem.
3177 1185 3352 1241 Vsas.
3390 1186 3425 1238 7
3477 1185 3748 1256 Dirupisti

2091 1269 2322 1326 vincula
2349 1287 2495 1328 mea.
2530 1275 3015 1346 Quandoquidem
3047 1280 3148 1331 tuo
3179 1275 3238 1330 in
3296 1275 3593 1331 infernum
3648 1274 3747 1333 de-

2093 1375 2302 1415 scensu
2334 1379 2366 1416 a
2400 1364 2620 1433 peccati
2649 1365 2898 1425 vinculis
2923 1383 3014 1421 me
3043 1366 3325 1434 liberasti,
3351 1371 3525 1436 atque
3542 1365 3745 1420 huma-

2092 1463 2229 1502 nam
2253 1453 2525 1506 naturam
2559 1454 2760 1508 mortis
2787 1454 3092 1510 astrictam
3125 1454 3398 1524 vinculis,
3445 1459 3503 1508 et
3532 1454 3591 1508 in
3651 1454 3740 1507 in-

2090 1535 2235 1590 ferni
2269 1539 2623 1609 carceribus,
2658 1544 2815 1598 unde
2844 1544 3086 1599 evadere
3142 1561 3256 1598 non
3308 1544 3502 1612 datur,
3535 1543 3742 1598 deten-

2089 1628 2233 1693 tam,
2265 1625 2587 1697 exsolvisti,
2621 1629 2840 1686 idcirco
2874 1631 2980 1686 tibi
3024 1631 3368 1688 sacriﬁcabo
3418 1647 3534 1686 non
3595 1646 3740 1702 qua-

2086 1711 2353 1783 drupeda
2383 1715 2634 1772 divisam
2659 1719 2941 1791 ungulam
2958 1719 3238 1776 habentia
3267 1725 3325 1775 et
3354 1717 3736 1786 ruminantia,

2086 1816 2278 1872 neque
2305 1803 2566 1862 volatilia
2598 1809 2840 1880 munda,
2873 1815 2978 1865 aut
3006 1809 3398 1882 similaginem
3423 1809 3548 1865 oleo
3598 1807 3737 1864 sub-

2003 1927 2053 1994 B
2086 1896 2298 1994 actam,
2333 1895 2602 1994 aut-thus
2633 1897 2918 1994 lucidum,
2981 1911 3084 1994 aut
3138 1900 3531 1994 compositum
3591 1897 3737 1994 illud

2080 1980 2406 2053 thymiama
2427 1985 2571 2056 (haec
2588 1987 2743 2042 enim
2759 1988 2863 2044 tibi
2884 1989 3176 2045 Dominoa
3197 1994 3352 2044 terra
3368 1988 3734 2060 offeruntur).

2083 2073 2183 2127 sed
2207 2089 2330 2143 quae
2353 2080 2442 2130 est
2471 2091 2603 2132 mea
2633 2078 2952 2149 pehuliaris
2987 2079 3304 2151 possessio,
3325 2079 3490 2151 etqui
3507 2083 3598 2134 est
3621 2095 3737 2134 mei

2084 2160 2278 2216 cordis
2307 2160 2480 2232 fetus,
2513 2164 2998 2233 glorificationem
3023 2171 3184 2222 tuam
3208 2183 3276 2222 ex
3302 2167 3429 2239 ipso
3449 2170 3737 2238 tanquam

2083 2263 2151 2301 ex
2183 2247 2380 2320 aliqua
2413 2267 2558 2307 meas
2588 2255 2805 2310 mentis
2854 2273 2955 2311 ara
3010 2256 3272 2312 oiferam.
3333 2259 3508 2311 Vens.
3569 2257 3621 2310 8.
3675 2255 3738 2310 Et

2082 2338 2408 2408 sacriﬁcabo
2430 2341 2533 2395 tibi
2559 2342 2753 2398 hostim
2780 2345 2984 2412 laudis,
3017 2344 3346 2402 innumeris
3375 2344 3735 2401 holocaustis

2084 2425 2513 2498 pretiosiorem,
2545 2431 2672 2499 tibi,
2707 2432 3219 2505 inquam,nullius
3277 2436 3358 2491 rei
3417 2435 3636 2506 indigo,
3679 2437 3736 2490 et

2082 2515 2335 2585 perfecto
2366 2521 2500 2584 Deo,
2535 2520 2635 2590 qui
2666 2523 2992 2594 corporalia
3037 2524 3326 2580 sacriﬁcia
3381 2524 3597 2596 quibus
3645 2523 3733 2578 di-

2080 2601 2258 2658 tiores
2288 2605 2611 2675 abundant,
2647 2612 2889 2667 minime
2937 2613 3208 2684 requiris,
3268 2614 3368 2668 sed
3411 2613 3731 2668 confessio-

2081 2707 2215 2746 nem
2246 2709 2312 2748 ex
2341 2696 2548 2751 aﬂ'ectu
2579 2703 2637 2753 et
2692 2716 2761 2755 ex
2818 2701 2992 2756 corde
3047 2719 3179 2758 vero
3237 2702 3729 2774 proficiscentem,

2080 2782 2249 2850 cujus
2280 2798 2486 2840 omnes
2517 2787 2614 2857 qui
2640 2789 2865 2858 volunt,
2910 2791 3230 2864 participe;
3263 2809 3330 2848 ex
3361 2809 3526 2864 aequo
3558 2793 3724 2847 ﬁunt.

2085 2871 2206 2926 Vota
2235 2888 2357 2928 mea
2381 2875 2610 2932 Domino
2637 2879 2861 2934 reddam
2896 2882 2959 2935 in
2987 2890 3276 2953 conspectu
3325 2884 3508 2937 omnis
3537 2882 3734 2953 pepuli

2075 2959 2214 3029 ejus.
2248 2961 2392 3017 Cum
2415 2965 2571 3020 enim
2593 2967 2702 3021 tibi
2731 2969 3072 3025 sacrificabo
3098 2971 3328 3025 laudcm
3355 2987 3368 3025 :
3406 2987 3519 3026 non
3572 2969 3733 3026 velut

2074 3050 2449 3120 erubescens,
2483 3053 2817 3112 clanculum
2849 3062 2906 3112 et
2933 3058 2994 3112 in
3024 3059 3366 3115 abscondito
3397 3059 3524 3114 loco
3552 3059 3732 3113 sacri-

2075 3135 2284 3205 ﬁcabo,
2317 3139 2634 3211 impiorum
2658 3145 3099 3216 objurgationes
3122 3147 3354 3218 fugiens
3378 3162 3391 3201 :
3417 3147 3517 3203 sed
3542 3145 3730 3218 publi-

2075 3238 2209 3279 cum
2229 3229 2525 3296 quoddam
2548 3231 2899 3288 sacriﬁcium
2917 3235 3147 3304 faciam,
3163 3235 3427 3291 adhibito
3444 3237 3514 3290 ad
3534 3235 3728 3292 cultus

305 3303 491 3396 τρείοις
548 3302 884 3381 παραλαϐών
940 3311 1074 3382 (10).
1115 3311 1289 3373 Τόπος
1345 3309 1404 3367 δὲ
1448 3315 1584 3388 ἡμῖν
1627 3323 1728 3386 τῆς
1763 3291 1962 3384 ⁷θυσίας

2077 3318 2435 3378 consortium
2470 3323 2624 3378 376
2657 3324 2872 3396 populo
2923 3327 3106 3381 omni.
3148 3326 3429 3381 Caeterum
3454 3325 3726 3382 sacriﬁcii

305 3389 769 3468 ἀποδειχθήσεται
831 3396 898 3450 τὰ
966 3399 1102 3468 μέσα
1173 3400 1265 3453 καὶ
1350 3402 1779 3480 περιφανέστατα
1855 3415 1955 3477 τῆς

302 3481 691 3556 Ἰερουσαλήμ.
743 3482 1070 3554 Ἀκούσατε,
1129 3487 1180 3540 οἱ
1252 3489 1350 3558 τὴν
1403 3490 1732 3562 Ἐκκλησίαν
1803 3516 1961 3551 κατα-

303 3569 693 3644 λιμπάνοντες,
723 3572 814 3628 καὶ
845 3572 901 3627 έΛ
929 3571 1105 3637 οἷ’κοις
1133 3582 1339 3640 κοινοῖς
1369 3580 1790 3658 συστρεφόμενοι
1820 3586 1955 3658 (11),

299 3658 368 3714 τὰ
399 3657 562 3723 ἄθλια
589 3665 686 3716 τοῦ
715 3661 907 3735 τιμίου
955 3663 1209 3737 σώματος
1252 3657 1670 3743 ἀποῤῥήγματα,
1705 3672 1788 3726 ὅτι
1832 3657 1952 3749 χρὴ

300 3747 398 3809 τάς
443 3748 617 3837 ἐὐχὰς
673 3749 990 3806 ἀποδιδόναι
1061 3753 1112 3808 έν
1178 3755 1326 3828 μέσῳ
1400 3760 1500 3827 τῆς
1549 3747 1951 3837 Ἰερουσαλήμο

300 3834 570 3907 τουτέστι,
617 3845 718 3908 τῆς
768 3838 1094 3912 Ἐκκλησίας
1141 3847 1243 3898 τοῦ
1291 3849 1441 3903 Θεοῦ.
1491 3845 1630 3905 Οὐδὲ
1673 3851 1774 3926 γὰρ
1819 3834 1957 3906 κατὰ

300 3925 402 3992 τήν
453 3922 692 3981 παλαιὰν
749 3926 998 4016 λατρείαν
1041 3927 1180 3986 ἴδιον
1231 3931 1350 4004 έξῆν
1397 3935 1606 4010 ἑκάστῳ
1653 3922 1954 4016 πήννυσθαι

303 4017 729 4090 θυσιαστήριον,
779 4014 906 4073 ἀλλ’
955 4019 1010 4074 ἓν
1081 4018 1434 4079 ἀποδέδεικτο
1501 4031 1620 4089 τοῖς
1685 4014 1951 4100 θυσιάζειν

300 4105 760 4178 προαιρουμένοις
809 4109 938 4180 (12).
975 4107 1049 4163 Σὺ
1100 4106 1158 4165 δὲ
1213 4111 1534 4189 ἀντεγείρεις
1571 4121 1650 4189 τῷ
1689 4116 1796 4173 τῶν
1849 4141 1951 4175 πα-

296 4192 472 4279 τέρων
521 4195 890 4271 θυσιαστηρίῳ
959 4199 1171 4274 βωμὸν,
1219 4201 1308 4256 καὶ
1366 4208 1472 4279 πῦρ
1534 4205 1787 4271 ἀνάπτεις
1852 4208 1952 4265 ἀλ-

300 4278 519 4356 λότριον
553 4281 636 4373 έπ⁹
658 4283 846 4352 αὐτοῦ,
882 4283 1023 4360 μηδὲ
1045 4291 1126 4360 τῷ
1148 4289 1371 4364 παλαιῷ
1402 4278 1515 4367 (13)
1545 4294 1948 4373 παραδείγματι

296 4372 808 4460 σωφρονιζόμενος,
873 4376 1189 4453 ἀνθρώπους
1291 4372 1800 4460 κατεφθαρμένουςγ
1855 4389 1946 4443 τὸν

293 4462 418 4513 νοῦν
480 4459 894 4536 ἐπισπώμενος,
944 4465 1034 4520 καὶ
1089 4468 1434 4542 συμμιαίνων
1493 4471 1678 4538 αὐτοῖς
1736 4477 1946 4534 ἑαυτόν.

2068 3403 2262 3461 locum
2286 3411 2714 3468 constituemus
2765 3415 3018 3470 mediam
3051 3420 3107 3470 et
3149 3431 3432 3488 perquam
3489 3415 3724 3487 conspi-

2069 3517 2238 3557 cuam
2263 3504 2712 3579 Jerosolymam.
2763 3509 2879 3566 Vos
2918 3511 3016 3582 qui
3064 3512 3473 3584 derelinquitis
3523 3511 3720 3568 Eccle-

2068 3591 2240 3660 siam,
2264 3597 2320 3647 et
2351 3593 2410 3649 in
2445 3597 2702 3667 profanis
2733 3599 3008 3656 domibus
3037 3606 3360 3657 conventus
3391 3601 3587 3675 agitis,
3618 3619 3722 3658 vos

2067 3681 2167 3752 qui
2192 3685 2404 3741 misera
2423 3688 2661 3758 pretiosi
2691 3689 2952 3761 corporis
2980 3692 3308 3764 fragmenta
3329 3693 3494 3761 estis,
3519 3693 3717 3748 audite

2067 3771 2221 3839 quod
2245 3789 2444 3843 preces
2476 3791 2542 3830 ac
2573 3781 2703 3832 vota
2742 3778 2989 3849 persolvi
3022 3785 3250 3852 opertat
3294 3781 3351 3835 in
3385 3781 3575 3837 medio
3623 3780 3719 3836 Je-

2065 3860 2322 3917 rusalem
2352 3880 2366 3930 ;
2399 3863 2511 3920 hoc
2533 3871 2642 3931 est,
2673 3865 2942 3922 Ecclesia:
2972 3867 3092 3924 Dei.
3128 3874 3328 3941 Neque
3357 3871 3512 3926 enim
3549 3870 3722 3940 juxta

2063 3951 2314 4004 veterem
2329 3949 2554 4005 cultum
2578 3951 2818 4008 cuilibet
2835 3953 3044 4010 licebat
3058 3957 3357 4028 propriam
3377 3963 3717 4012 construere

2063 4053 2256 4093 aram:
2292 4041 2392 4094 sed
2424 4041 2600 4096 unica
2629 4041 2701 4096 iis
2728 4042 2828 4114 qui
2860 4045 3188 4101 sacrificare
3216 4046 3422 4102 velunt
3440 4046 3719 4120 designa-

2060 4127 2121 4179 ta
2150 4130 2259 4180 est.
2289 4127 2374 4181 Tu
2410 4132 2608 4184 tamen
2657 4146 2820 4185 aram
2860 4136 3060 4188 contra
3109 4139 3341 4206 patrum
3399 4151 3562 4190 aram
3617 4150 3716 4190 ex-

2061 4213 2264 4280 struis,
2287 4219 2341 4270 et
2364 4231 2542 4287 super
2559 4216 2751 4289 ipsam
2776 4218 3031 4276 alienum
3057 4222 3322 4279 incendis
3352 4223 3570 4296 ignem.
3605 4223 3716 4279 Ne-

2060 4317 2170 4371 que
2207 4305 2383 4359 veteri
2413 4305 2678 4378 exemplo
2709 4308 2946 4379 sapiens
2975 4311 3188 4382 factus,
3222 4312 3410 4368 allicis
3444 4312 3715 4369 homines

2062 4396 2256 4448 mente
2285 4398 2583 4466 coruptos,
2614 4400 2790 4468 teque
2821 4415 2940 4455 una
2969 4416 3104 4456 cum
3137 4401 3284 4472 ipsis
3333 4401 3707 4473 coinquinas.

2060 4481 2320 4546 Quorum
2352 4484 2686 4556 exemplum
2721 4487 2922 4559 fugite,
2973 4505 3076 4545 vos
3136 4490 3369 4546 Domini
3418 4491 3710 4565 populus:

295 4548 389 4601 Ὧν
424 4547 650 4627 φύγοιτε
676 4553 778 4622 τήν
813 4552 1068 4627 μίμησιν,
1086 4557 1243 4630 ὑμεῖς
1266 4559 1293 4614 ό
1318 4558 1449 4626 λαὸς
1465 4567 1562 4617 τοῦ
1585 4565 1790 4641 Κυρίου
1813 4569 1947 4643 (14),

2077 4588 2166 4627 meo
2195 4588 2231 4627 a
2257 4577 2422 4644 parte
2452 4589 2655 4630 eorum
2687 4575 2788 4646 qui
2819 4576 2964 4633 salvi
2981 4578 3153 4649 fiunt,
3183 4582 3556 4654 separemini,
3581 4599 3712 4655 per-

363 4735 438 4807 (5)
459 4735 777 4824 Qolbertini
797 4741 1027 4824 primus
1048 4747 1106 4798 et
1127 4742 1370 4824 quintus
1389 4764 1525 4804 cum
1553 4748 1691 4824 Reg.
1716 4759 1944 4824 quarto,

363 4766 438 4807 (υ)
460 4766 777 4795 υυιυυτιιυι
797 4766 1027 4813 prunus
1048 4766 1106 4798 et
1127 4766 1370 4816 quintus
1389 4766 1525 4804 cum
1555 4766 1632 4806 ne
1679 4791 1691 4803 .
1716 4766 1944 4824 quarto,

290 4802 629 4888 έκτισμέχον,
687 4809 777 4888 καὶ
810 4811 926 4888 uio;
957 4818 1054 4882 τῆς
1113 4811 1408 4888 παιδίσλης
1460 4840 1576 4876 σου.
1636 4766 1753 4879 ged
1809 4844 1947 4882 cum

287 4878 800 4969 χεηεεείιιείκαε...
835 4882 975 4954 υἱός,
1007 4878 1140 4969 et_c._,
1205 4878 1407 4969 statim
1463 4878 1755 4969 legantur,
1817 4878 1948 4969 ξιξεὶὲ

287 4948 427 5042 huic
457 4948 765 5011 loco’male
791 4948 1017 5015 anneia
1049 4948 1226 5017 fuisse
1243 4979 1277 5018 a
1297 4948 1555 5021 librariis
1577 4948 1949 5042 credere-par

287 5025 439 5182 632.6)
469 5096 708 5182 deices
732 5103 988 5182 q_uatuo_r
1009 5118 1114 5174 pro
1134 5105 1489 5182 v-gnLo'zCovaw
1507 5107 1727 5182 habent
1747 5110 1942 5182 νηπίαν

293 5159 474 5222 οὖσαν.
507 5159 924 5254 Monere-hunc
944 5159 1137 5231 locum
1162 5159 1235 5234 de
1253 5159 1946 5254 Efaaccipiendum'esse

288 5251 424 5292 cum
456 5255 546 5296 res
567 5242 696 5313 ipsa
725 5242 1023 5316 loquatur,
1059 5265 1176 5305 non
1214 5249 1470 5308 multum
1501 5242 1741 5313 necesse
1771 5242 1942 5331 puta:-

291 5323 792 5477 Ἔῇἱὶὲἳίέκὲε-
815 5388 988 5477 99¹β¹⁵ι
1021 5393 1244 5477 "ﬂavit
1271 5395 1541 5465 Πυοωιιεν
1572 5414 1709 5477 νροε
1730 5397 1944 5477 ἀνθρω-

291 5449 506 5520 πότητα
527 5449 836 5514 οοηόιιιῐιο
853 5449 1040 5533 genus
1060 5449 1945 5544 hominumvcompre'h'evndi:lead

295 5527 588 5600 quosdam
615 5528 918 5587 duntaxat.
950 5534 1094 5600 Ejus
1127 5543 1326 5596 notam
1349 5540 1510 5600 legas
1541 5545 1782 5600 suadeo.

295 5539 588 5596 quosdam
615 5539 918 5587 duntaxat.
951 5539 1094 5606 Ejus
1127 5543 1326 5596 notam
1349 5539 1812 5614 legas‘suadeoﬂ

297 5596 564 5724 Pegasus
593 5616 695 5658 sex
725 5617 869 5659 mss.
903 5607 978 5661 At
1004 5611 1213 5668 vocula
1239 5610 1344 5666 ἀπό
1376 5614 1539 5670 deest
1568 5615 1630 5672 in
1689 5617 1946 5676 editione

374 5738 453 5815 (9)
482 5744 568 5801 Ita
599 5758 748 5804 mss.
793 5749 1043 5820 septem.
1102 5749 1257 5810 Editi
1312 5769 1471 5827 vero,
1520 5751 1940 5836 αἴσχυνόμενος.

2128 4755 2398 4883 (1ΟᾶΙΙῙᾶ,
2433 4755 2483 4812 ἐν
2519 4756 2713 4822 αὐλαῖς
2743 4758 2894 4815 οτίκου
2927 4763 3128 4838 Κυρίου
3161 4763 3212 4819 έν
3267 4764 3414 4839 μέσῴ
3471 4786 3567 4820 σου
3614 4766 3710 4820 Ἰε-

2128 4847 2226 4881 υσα
2267 4829 2371 4883 riu.
2406 4835 2538 4883 post
2584 4850 2780 4883 vocem
2810 4831 3164 4883 παραλαϐών-
3198 4839 3256 4883 in
3289 4840 3540 4883 nditinnn
3601 4839 3710 4883 Dn-

2059 4829 2371 4900 ρουσαλτςμ,
2404 4835 2538 4902 post
2584 4850 2781 4890 vocem
2810 4829 3167 4907 παραλαϐών,
3198 4829 3540 4896 ἱη’θάὶὶὶοῐιε
3601 4839 3711 4896 Pa-

2059 4901 2158 4966 ris,
2213 4906 2271 4957 et
2325 4903 2385 4957 in
2436 4903 2596 4960 Colb.
2653 4907 2860 4966 quinto
2917 4909 3234 4966 leguntur:
3296 4912 3397 4966 sed
3446 4929 3582 4966 cum
3642 4911 3704 4966 in

2058 4911 2158 4966 ris,
2213 4911 2271 4957 et
2325 4911 2385 4957 in
2436 4911 2596 4960 Colb.
2653 4911 2860 4977 quinto
2917 4911 3234 4982 leguntur:
3296 4912 3397 4967 sed
3446 4929 3582 4967 cum
3642 4911 3704 4967 in

2057 4972 2312 5029 editione
2341 4975 2516 5056 _Ba_sil.
2542 4981 2598 5032 et
2720 4979 2853 5056 aliis
2885 4987 3301 5056 septem_mss._
3346 4984 3578 5056 desint,_
3612 4982 3705 5056 ip-

2056 5062 2122 5100 sa
2155 5061 2256 5116 pro
2290 5047 2707 5106 additamentis
2727 5047 3105 5110 librariorum
3127 5054 3466 5124 habuimus,
3492 5047 3706 5112 delevi-

2056 5133 2358 5270 mlifiifgiq
2388 5191 2889 5270 Regiisecundus,
2913 5199 3140 5264 tertius,
3165 5203 3413 5270 quartus
3435 5202 3492 5255 et
3507 5201 3706 5256 sextus

2056 5276 2189 5344 cum
2223 5263 2454 5344 duobus
2479 5263 2829 5344 Colbertinis
2874 5263 2936 5324 'et
2967 5285 3098 5324 cum
3126 5263 3305 5326 cois].
3338 5271 3494 5328 Editi
3548 5288 3702 5344 vero,

2054 5329 2498 5410 ἀναπειθόμενοι,
2532 5343 2826 5395 versantes.

2127 5407 2237 5485 (ig)
2261 5407 2410 5485 Reg.
2444 5411 2760 5485 secundus,
2798 5407 3182 5485 βουλομένοις.

2125 5477 2240 5557 (13)
2271 5477 2606 5557 Auctorem,
2647 5477 3106 5557 dum'scrib'eret
3134 5484 3256 5551 illa,
3293 5480 3434 5557 μὴδὶ
3462 5489 3542 5557 τῷ
3597 5504 3701 5539 πα-

2054 5543 2389 5629 λαιῷ,’ᾐθιο.,
2423 5552 2493 5607 ad
2525 5543 2708 5629 caput
2733 5554 3026 5629 decimum
3086 5543 3322 5614 Levit'ici
3360 5543 3700 5629 respexisse

2051 5619 2252 5703 vident
2269 5627 2382 5703 qui
2412 5638 2527 5679 non
2552 5619 2790 5703 omnino
2812 5626 2989 5703 ru_des
3007 5636 3150 5687 sunt
3173 5619 3630 5703 Scripturarum.

2126 5692 2236 5765 (14)
2265 5692 2426 5752 Colb.
2458 5699 2730 5768 quartus,
2762 5698 2916 5753 Θεοῦ.
