4154 6440
347 402 464 463 115
1304 403 1708 463 ΑΡΡΕΝΠΙΧ
1753 401 2058 463 OPERUN

2170 435 2199 459 ι.
2251 401 2524 461 BASILII
2575 400 2849 461 MAGNI.
3678 401 3796 460 “6

345 535 683 589 severantes
715 532 774 586 in
806 532 942 597 fide,
975 533 1217 604 perfecti
1279 534 1335 587 in
1390 536 1699 606 praceptis
1758 531 2014 596 Domini,
2048 571 2058 600 Α

2170 530 2220 581 αἱ
2276 531 2350 601 μή
2404 530 2767 603 χωρισθείητε
2821 537 2922 599 τῆς
2997 527 3218 605 μερίδος
3287 535 3398 584 τῶν
3444 530 3796 602 σωζομενων,

349 622 446 677 cui
507 620 696 693 gloria
753 627 810 676 et
859 621 1172 693 imperium
1231 622 1290 678 in
1368 624 1584 679 saecula
1642 623 2018 679 saeculorum.

2172 617 2480 690 ιαμὲνοντες
2534 618 2585 672 ἐν
2633 623 2700 692 τῇ
2747 619 2944 686 πίστει,
2978 618 3351 691 τελειούμενοι
3397 618 3449 673 ἐν
3487 624 3607 680 ταῖς
3657 616 3801 673 ἐντο-

351 711 567 767 Amen.
2135 704 2261 768 λαῖς
2289 711 2388 762 τοῦ
2439 707 2660 782 Κυρίου,
2694 709 2740 780 ᾦ
2781 710 2816 777 ἡ
2870 705 2996 780 δόξα
3043 708 3134 763 καὶ
3181 709 3246 764 τὸ
3293 709 3518 785 κράτος,
3549 707 3624 771 εἰς
3668 705 3796 770 τοὺς

2134 795 2337 860 αἰῶνας
2364 802 2473 852 τῶν
2507 798 2740 854 αἲώνων.
2781 798 2977 871 Ἀμήν.

827 996 898 1053 IN
922 997 1265 1054 PSALMUM
1296 995 1554 1053 CXXXII.

430 1083 580 1140 Audi
611 1084 848 1141 beatum
881 1087 1186 1157 Davidem,
1223 1086 1324 1158 qui
1378 1087 1521 1143 dicit
1573 1102 1674 1158 per
1731 1083 2026 1158 psalmum

356 1173 546 1242 (VERS.
582 1173 670 1244 1):
706 1178 840 1230 Ecce
869 1191 1019 1230 nunc
1068 1176 1202 1247 quid
1245 1177 1469 1245 bonum,
1505 1177 1588 1232 vel
1646 1175 1778 1247 quid
1822 1175 2028 1246 jucun-

2471 999 2587 1048 ΕΙΣ
2626 999 2752 1049 ΤΟΝ
2795 1000 2938 1050 ΡΑΒ¹
2986 999 3282 1050 ΨΑΛΜΟΝ
3321 995 3453 1066 (15).

2210 1083 2412 1137 Ἀκουε
2435 1087 2532 1137 τοῦ
2567 1084 2834 1159 μακαρίου
2866 1079 3032 1139 Δαϐἱδ
3083 1082 3332 1158 λέγοντες
3381 1080 3469 1136 διὰ
3513 1086 3610 1137 τοῦ
3652 1079 3795 1156 ψαλ-

2143 1174 2249 1242 μοῦ
2283 1189 2296 1204 ’
2333 1167 2474 1226 Ἰδοὺ
2514 1169 2604 1241 δὴ,
2656 1172 2708 1226 τί
2754 1171 2946 1240 καλὸν,
2976 1172 3010 1241 ἢ
3061 1171 3114 1226 τί
3165 1173 3418 1248 τερπνὸν,
3457 1174 3569 1242 (16)
3613 1191 3797 1226 κατοι-

357 1262 517 1328 dum,
545 1263 660 1317 nisi
689 1262 951 1318 habitare
987 1267 1191 1334 fratres
1232 1267 1292 1318 in
1357 1268 1581 1319 unum?
1629 1265 1857 1320 Etenim
1920 1280 2032 1318 non

2170 1264 2253 1313 ,εῖν
2301 1257 2572 1337 ἀδελφοὺς
2624 1261 2709 1314 ἐπὶ
2758 1262 2821 1316 τὸ
2868 1261 3136 1330 αὖτόςΟὖ
3189 1261 3353 1333 μόνον
3404 1261 3508 1336 γάρ
3550 1259 3637 1315 ἰπὶ
3684 1264 3802 1321 τοῖς

360 1351 491 1405 suis
522 1349 715 1405 solum
751 1358 907 1406 recte
957 1354 1128 1407 factis
1160 1354 1493 1421 gaudebat;
1528 1355 1628 1407 sel
1661 1354 1838 1408 etiam
1891 1353 2031 1407 alio-

363 1455 499 1495 rum
557 1440 832 1509 tsquitate
876 1442 1304 1497 oblectabatur.
1363 1443 1553 1506 Quare
1600 1444 1727 1514 ipse
1779 1444 2032 1514 quedam

364 1529 426 1584 in
451 1528 598 1596 loco,
631 1527 1002 1585 alacritatem
1054 1548 1259 1586 eorum
1319 1534 1422 1604 qui
1487 1533 1559 1588 ad
1618 1534 1844 1588 cultum
1906 1533 2035 1587 red-

367 1615 631 1672 dendum
691 1617 996 1688 festinant,
1054 1620 1565 1692 circumspiciens,
1628 1639 1731 1693 per
1787 1621 2038 1676 Psalmi-

2143 1348 2373 1411 οἰκείοις
2404 1350 2823 1424 κατορθώμασιν
2858 1347 3100 1425 ἔχαιρεν,
3123 1349 3269 1405 ἀλλὰ
3293 1351 3382 1404 καὶ
3430 1353 3498 1423 τῇ
3550 1354 3658 1404 τῶν
3710 1347 3806 1404 ἄλ-

2147 1433 2262 1491 λων
2295 1435 2684 1515 ἐπευφραίνετο
2713 1439 2960 1512 εὐνομίᾳ·
2988 1440 3060 1500 ὥς
3090 1460 3197 1492 που
3229 1439 3524 1508 αὖτὸς,τὴν
3554 1436 3803 1506 σπουδὴν

2144 1531 2250 1578 τῶν
2285 1526 2372 1581 ἐπὶ
2404 1528 2500 1594 τὴν
2538 1527 2788 1603 λατρείαν
2820 1527 3160 1583 σπευδόντων
3190 1529 3544 1601 θεασάμενος,
3580 1525 3670 1582 διὰ
3709 1530 3808 1582 τοῦ

2148 1613 2471 1688 Ψαλμῳδοῦ
2519 1620 2632 1690 (17)
2681 1613 2866 1689 ἔλεγεν
2895 1638 2908 1651 ·
2957 1618 3277 1696 Εὐφράνθην
3340 1617 3427 1672 ἰπὶ
3485 1623 3602 1679 τοῖς
3651 1615 3807 1692 εἰρη-

371 1712 528 1761 stam
561 1705 828 1762 dicebat:
864 1709 1103 1764 Laetatus
1133 1725 1257 1764 sum
1282 1712 1342 1764 in
1359 1711 1432 1766 iis
1452 1713 1552 1782 qui
1577 1711 1840 1766 dixerunt
1863 1711 2034 1764 mihi:

2170 1703 2267 1758 ιόσι
2330 1725 2462 1776 μοι·
2517 1705 2612 1769 Εἲς
2674 1706 2823 1761 οἶκον
2884 1707 3092 1780 Κυρίου
3148 1707 3546 1782 πορευσόμεθα.
3603 1703 3808 1763 Ἑπῶ-

376 1799 441 1851 In
470 1794 694 1850 domum
725 1797 948 1852 Domini
977 1798 1201 1853 ibimus.
1237 1799 1452 1854 Stantes
1485 1805 1645 1855 erant
1669 1800 1831 1870 pedes
1861 1801 2042 1854 nostri

2170 1813 2234 1854 rec
2302 1793 2438 1861 ἦσαν
2515 1795 2568 1849 οἱ
2636 1792 2799 1857 πόδες
2876 1798 3038 1869 ἡμῶν
3109 1795 3160 1851 ἐν
3241 1801 3361 1858 ταῖς
3432 1795 3627 1858 αὐλαῖς
3685 1816 3804 1863 σου,

373 1885 436 1938 in
463 1885 647 1939 attriis
679 1887 790 1939 tuis
820 1887 1131 1942 Jerusalem
1161 1887 1225 1942 ³⁸.
1259 1888 1514 1943 Omnino
1547 1890 1724 1960 igitur
1751 1906 1880 1944 eam
1913 1906 2039 1960 quae

372 1973 434 2028 in
467 1990 655 2028 unum
688 1973 767 2029 sit
799 1976 1176 2047 praesentiam
1209 1994 1342 2033 eum
1376 1979 1605 2044 viderit,
1669 1981 2042 2048 fraterneque

375 2063 585 2117 affectu
620 2063 1034 2132 delectaretur,
1066 2066 1377 2137 clamabat,
1413 2068 1650 2123 dicens:
1703 2071 1842 2124 Ecce
1898 2084 2044 2122 nunc

376 2151 521 2222 quid
552 2153 783 2222 bonum,
816 2152 908 2212 vel
935 2155 1066 2226 quid
1077 2156 1410 2228 jucundum,
1435 2159 1548 2212 nisi
1563 2158 1822 2212 habitare
1843 2159 2046 2227 fratres

381 2243 441 2298 in
470 2248 688 2298 unum?
717 2244 905 2301 Causa
935 2263 1063 2317 qua
1095 2264 1162 2302 ex
1195 2247 1391 2303 divino
1424 2255 1709 2320 praecepto
1734 2251 1941 2304 fratres
1971 2249 2043 2303 ad

377 2347 738 2387 consensum
759 2337 937 2404 atque
960 2335 1332 2391 concerdlam
1355 2337 1616 2402 adducit,
1641 2334 2044 2392 incredibilem

380 2417 564 2474 habet
593 2417 950 2475 bonitatem:
983 2421 1056 2476 ab
1087 2422 1195 2477 hac
1225 2427 1422 2478 autem
1456 2423 1717 2479 bonitate
1737 2440 1808 2478 ne
1829 2424 2046 2492 jucun-

386 2508 542 2562 ditas
573 2507 814 2578 quidem
839 2508 1031 2566 divisa
1051 2515 1159 2566 est.
1182 2511 1411 2584 Singuli
1434 2513 1590 2567 enim
1617 2513 1715 2583 qui
1735 2513 2044 2578 adsumus,

387 2613 592 2654 amore
620 2599 872 2668 proximi
905 2599 1189 2667 fruentes,
1223 2603 1280 2656 in
1314 2601 1501 2658 multa
1517 2602 1813 2674 voluptate
1831 2603 2048 2658 consti-

388 2685 504 2741 tuti
535 2702 760 2742 sumus.
787 2687 975 2751 Quare
993 2695 1052 2744 et
1072 2690 1482 2745 convenienter
1506 2691 1736 2746 dicebat
1760 2708 1773 2747 :
1801 2691 1941 2760 Quid
1958 2692 2048 2747 bo-

391 2793 551 2842 num,
583 2777 666 2831 vel
695 2778 829 2848 quid
861 2781 1201 2851 jucundum,
1253 2783 1368 2836 nisi
1424 2781 1677 2837 habitare
1731 2786 1932 2851 fratres
1991 2782 2052 2836 in

393 2881 571 2919 unum
592 2869 618 2918 .9
643 2866 818 2922 Vrsas.
850 2868 904 2922 2.
936 2869 1092 2924 Sicut
1140 2878 1481 2940 unguentum
1509 2871 1566 2924 in
1589 2873 1768 2941 capite
1797 2870 1940 2942 quod
1960 2870 2051 2926 de-

391 2953 607 3010 scendit
631 2956 687 3010 in
723 2955 973 3022 barbam,
988 2957 1219 3012 barbum
1239 2960 1440 3014 Aaron.
1466 2959 1690 3030 Quippe
1708 2977 1841 3014 cum
1864 2960 2054 3030 gratia

395 3060 652 3114 superne
672 3047 856 3102 ecmlo
879 3064 913 3102 a
932 3045 1231 3103 Salvatore
1257 3047 1315 3102 in
1342 3047 1656 3104 Ecclesiam
1678 3048 2048 3118 diffunditur,

2149 1881 2532 1955 Ἰερουσαλήμ.
2567 1886 2788 1946 Πάντως
2819 1882 2909 1939 οὗν
2943 1884 3033 1939 ἐπὶ
3064 1885 3126 1939 τὸ
3165 1885 3300 1940 αὐτὸ
3348 1885 3448 1954 τήν
3505 1883 3803 1958 παρουσίαν

2152 1967 2306 2037 ἰδὼν,
2337 1970 2424 2025 καὶ
2455 1975 2524 2045 τῇ
2555 1969 2822 2050 άδελφικῇ
2857 1971 3088 2029 διαθέσει
3119 1973 3387 2052 τερφθεὶς,
3421 1967 3570 2043 ἐϐόα,
3606 1971 3803 2048 λὲγων⁸

2155 2057 2294 2113 Ἰδοὺ
2354 2058 2443 2127 δὴ,
2475 2059 2528 2115 τί
2570 2059 2762 2134 καλὸν⁹
2804 2063 2838 2131 ἢ
2896 2063 2948 2116 τί
3004 2064 3260 2135 τερπνὸν,
3310 2061 3432 2117 ἀλλ’
3472 2063 3506 2133 ἢ
3554 2063 3617 2117 τὸ
3673 2083 3806 2117 κατ-

2155 2155 2320 2204 οικεῖν
2384 2147 2652 2228 ἀδελφοὺς
2724 2150 2810 2207 ἕπὶ
2878 2150 2940 2207 τό
3015 2151 3185 2221 αὐτό;
3243 2153 3303 2206 Ἡ
3383 2153 3478 2225 μὲν
3556 2153 3810 2216 ὑπόθεσις

2151 2244 2258 2293 τῶν
2310 2236 2558 2316 ἀδελφῶν
2616 2243 3028 2317 συγκροτήσεως
3079 2240 3139 2296 ἐκ
3185 2240 3333 2306 θείου
3389 2243 3809 2318 προστάγματος

2153 2324 2562 2403 ἀνυπέρϐλητον
2617 2329 2733 2406 εἶχε
2780 2331 2842 2385 τὸ
2899 2328 3066 2385 καλόν
3097 2350 3109 2363 ο
3141 2331 3337 2386 τούτου
3372 2327 3430 2386 δὲ
3483 2335 3582 2385 τοῦ
3637 2328 3813 2385 καλοῦ

2155 2414 2373 2472 οὐδὲτὸ
2403 2419 2629 2492 τερπνὸν
2661 2421 3018 2495 κεχώρισται.
3059 2421 3313 2476 Ἕκαστοι
3365 2419 3470 2496 γὰρ
3513 2422 3624 2474 τῶν
3673 2439 3813 2493 παρ-

2155 2507 2328 2562 όντων
2381 2507 2748 2571 ἀπολαύοντες
2791 2516 2893 2578 τῆς
2939 2507 3000 2564 ἐκ
3047 2513 3144 2563 τοῦ
3199 2506 3437 2576 πλησίον
3500 2507 3710 2584 ἀγάπης
3761 2507 3814 2563 ἂν

2156 2595 2345 2669 πολλῇ
2377 2599 2800 2670 καθεστήκειμεν
2832 2601 2900 2672 τῇ
2947 2595 3210 2672 Θυμηδίᾳ.
3238 2601 3400 2653 Ὥστε
3440 2598 3531 2653 καὶ
3577 2595 3818 2652 ἀκολού-

2158 2686 2263 2747 θως
2331 2682 2553 2760 ἔλεγεν·
2605 2687 2671 2743 Τί
2734 2685 2943 2754 καλὸν,
2992 2688 3027 2754 ἢ
3079 2686 3133 2741 τί
3181 2687 3445 2762 τερπνὸν,
3495 2683 3621 2741 ἀλλ’
3657 2684 3696 2756 ἢ
3751 2685 3817 2743 τὸ

2159 2779 2431 2829 κατοικεῖν
2491 2771 2756 2852 ἀδελφοὺς
2808 2773 2897 2830 ἐπὶ
2975 2775 3038 2830 τὸ
3126 2775 3293 2845 ulmi;
3352 2779 3438 2837 Ὦς
3500 2775 3670 2850 μύρον
3726 2773 3816 2830 ἰπὶ

2161 2867 2406 2938 κεφαλῆς
2456 2865 2518 2918 τὸ
2569 2861 2891 2920 καταϐαῖνον
2951 2863 3038 2919 ἐπὶ
3093 2867 3370 2939 πώγωνα,
3427 2865 3520 2920 τὸν
3578 2866 3816 2940 πώγωνα

2161 2957 2252 3012 τὸν
2292 2955 2526 3031 ³Δαρών.
2560 2958 2674 3025 Τῆς
2733 2956 2961 3032 χάριτος
3022 2960 3222 3021 ἄνωθεν
3284 2957 3335 3028 ἐξ
3386 2957 3618 3033 οὐρανοῦ
3670 2958 3817 3033 παρὰ

2161 3044 2258 3101 τοῦ
2307 3052 2569 3120 Σωτῆρος
2623 3044 2710 3099 ἐπὶ
2759 3048 2857 3114 τὴν
2902 3043 3228 3115 Ἐκκλησίαν
3279 3045 3634 3121 ἐκχεομένης,
3669 3045 3815 3101 εἷ’κό-

400 3131 610 3187 animze
642 3138 978 3191 sanctorum
1012 3135 1252 3208 cheragi
1285 3153 1524 3207 munus,
1556 3135 1732 3208 idque
1783 3137 2049 3209 incorpo-

2170 3156 2272 3196 τως
2309 3129 2790 3207 μεταλαμϐάνουσι
2822 3141 2921 3204 τῆς
2961 3134 3256 3206 ἀσωμάτου
3304 3134 3395 3188 καὶ
3447 3142 3821 3207 πνευματικῆς

399 3237 567 3278 reum
599 3227 657 3278 et
687 3222 1129 3296 spiritale,jure
1187 3224 1538 3280 sortiuntur.
1590 3226 1760 3282 Vsus.
1794 3227 1844 3280 3.
1905 3227 2057 3282 Sicut

400 3327 490 3367 ros
518 3313 746 3368 {Ermon
779 3315 875 3385 qui
903 3313 1183 3370 descendit
1214 3331 1375 3386 super
1404 3323 1612 3371 montes
1641 3315 1792 3372 Sion.
1845 3317 2058 3380 Quem-

405 3401 726 3457 admodum
743 3403 899 3458 enim
915 3421 1010 3460 res
1025 3404 1123 3475 qui
1138 3405 1442 3461 descendit
1455 3405 1513 3461 in
1529 3423 1664 3461 men
1674 3412 1789 3462 tem
1803 3407 2062 3479 IErmen,

409 3490 670 3546 multum
699 3492 880 3548 efﬁcit
899 3492 1229 3565 splendoris
1259 3512 1272 3562 ;
1304 3494 1388 3550 ita
1411 3500 1467 3550 et
1497 3496 1825 3567 spiritualis
1859 3515 1951 3553 res
1974 3498 2064 3552 in-

407 3581 629 3638 visibili
667 3583 842 3639 mede
873 3600 1048 3655 super
1078 3589 1307 3641 montes
1338 3586 1478 3642 Sion
1513 3587 1899 3657 descendens,
1959 3589 2068 3644 hoc

423 3671 556 3726 dem
586 3671 744 3728 facit.
767 3673 870 3729 Hic
886 3673 1188 3730 undelibet
1213 3675 1388 3731 fiebat
1409 3693 1764 3750 congressus
1796 3678 2068 3748 fratrum,

415 3760 853 3833 utilitatemque
925 3765 1238 3819 animabus
1306 3781 1508 3821 earum
1565 3768 2070 3823 accommodatam

410 3848 712 3906 afferebat.
743 3851 926 3907 Dea?
945 3854 981 3907 7
1009 3854 1134 3919 hoc,
1162 3853 1386 3926 Opinor,
1414 3855 1608 3911 divine
1629 3873 1777 3922 rere,
1798 3857 1898 3929 qui
1932 3871 2086 3912 san-‘

412 3937 488 3992 cti
523 3937 784 4008 Spiritus
819 3941 1261 4011 operationibus
1319 3949 1716 4016 comparatur,
1772 3946 2074 4002 disserens

413 4025 620 4095 Isaias,
656 4027 773 4083 ait:
808 4030 908 4084 Res
946 4032 1100 4086 enim
1157 4037 1286 4086 tuus
1325 4033 1538 4088 medela
1582 4044 1661 4090 est
1693 4035 1826 4106 ipsis
1848 4034 1912 4088 ³⁸.
1973 4036 2074 4092 Res

410 4113 597 4187 igitur
627 4119 878 4186 .‘E‘rmon,
927 4121 1023 4191 qui
1077 4121 1359 4177 descendit
1406 4138 1572 4194 super
1627 4127 1836 4179 montes
1903 4122 2074 4180 Sion:

413 4207 680 4275 quoniam
731 4207 814 4262 ibi
867 4208 1155 4266 mandavit
1212 4212 1477 4267 Dominus
1502 4212 1955 4280 benedictionem,
1987 4215 2070 4270 vi-

411 4297 547 4349 tam.
585 4295 786 4350 Multis
815 4295 873 4352 in
902 4297 1044 4354 locis
1079 4300 1348 4370 promisit
1369 4299 1544 4368 Deus,
1577 4301 1891 4357 sicutdixit
1919 4301 2074 4372 Mey-

413 4398 546 4438 ses:
579 4386 752 4456 Atque
778 4387 1043 4443 custodiet
1071 4389 1334 4444 Dominus
1368 4393 1750 4458 testamentum
1801 4396 1855 4446 et
1906 4393 2072 4447 mise-

2170 3224 2452 3300 χωρηγίας
2503 3226 2617 3298 (18)
2661 3225 2715 3278 αἱ
2774 3228 2882 3279 τῶν
2936 3224 3102 3298 ἁγίων
3153 3224 3349 3299 ψυχαί.
3399 3224 3490 3286 Ὦς
3547 3221 3742 3299 δρόσος
3787 3226 3823 3294 ἡ

2171 3314 2443 3389 Ἀερμὼν,
2473 3315 2508 3382 ἡ
2539 3309 2937 3368 καταϐαίνουσα
2978 3312 3063 3367 ἐπὶ
3123 3314 3192 3367 τά
3250 3310 3352 3389 ὅρη
3415 3314 3580 3371 Σιών.
3621 3317 3825 3390 ’Ὠσπερ

2173 3403 2277 3479 γὰρ
2330 3405 2366 3472 ἡ
2425 3399 2617 3477 δρόσος
2678 3405 2714 3471 ἡ
2775 3402 2862 3456 ἐπὶ
2911 3403 3002 3456 τὸν
3065 3403 3311 3474 ’Λερμὼν
3367 3401 3626 3458 κατιοῦσα
3677 3400 3825 3478 ὅρος,

2175 3491 2394 3559 πολλὴν
2437 3490 2567 3545 αὐτὸ
2615 3493 2729 3563 (19)
2778 3495 3013 3544 ποιεῖται
3059 3491 3160 3558 τὴν
3207 3489 3607 3565 λαμπρότητα·
3654 3491 3828 3553 οὕτως

2178 3582 2267 3637 καὶ
2300 3583 2334 3650 ἡ
2377 3581 2547 3651 νοητὴ
2610 3577 2824 3655 δρόσος,
2859 3579 3105 3656 ἀοράτως
3157 3585 3414 3636 κατιοῦσα
3471 3579 3557 3636 ἐπὶ
3611 3581 3677 3634 τὰ
3727 3576 3829 3654 ὅρη

2182 3672 2349 3738 Σιὼν,
2401 3667 2523 3724 ἔνθα
2567 3671 2603 3739 ἡ
2664 3666 2977 3731 συνέλευσις
3023 3673 3131 3723 τῶν
3191 3670 3529 3746 πανταχόθεν
3587 3667 3835 3747 ἀδελφῶν

2182 3760 2450 3836 ἐγίγνετο,
2480 3760 2579 3827 τὴν
2614 3755 2884 3832 ἀνάλογον
2907 3763 3029 3822 ταῖς
3074 3761 3279 3833 ψυχαῖς
3309 3756 3484 3813 αὖτῶν
3536 3755 3838 3835 περιεποίει

2183 3849 2473 3928 ὠφέλειαν.
2505 3847 2634 3924 Περὶ
2674 3846 2876 3916 ταύτης
2934 3847 3090 3919 οἶμαι
3140 3854 3243 3916 τῆς
3295 3846 3440 3910 Θείας
3485 3845 3707 3924 δρόσου,
3738 3853 3838 3916 τῆς

2184 3936 2585 4009 άπεικασμένης
2633 3941 2750 3997 ταῖς
2802 3933 3087 4012 ἰνεργείαις
3143 3934 3240 3990 τοῦ
3290 3935 3447 4010 ἁγίου
3501 3937 3837 4009 Ιινεύματος,

2185 4031 2212 4086 ὁ
2258 4025 2476 4088 Ἡσαΐας
2537 4023 2923 4101 διαλεγόμενος
3002 4030 3214 4102 φάσκεν
3270 4026 3332 4082 Ἡ
3391 4026 3495 4101 γάρ
3555 4023 3749 4102 δρόσος
3801 4027 3836 4094 ἡ

2183 4117 2329 4192 παρὰ
2407 4120 2523 4189 σοῦ,
2585 4111 2720 4188 ἴαμα
2801 4113 2985 4176 αὐτοῖς
3070 4113 3252 4170 ἐστιν.
3309 4115 3377 4170 Ἡ
3463 4111 3657 4191 δρόσος
3744 4111 3838 4169 οὖν

2185 4207 2459 4282 Ἀερμὼν,
2520 4207 2554 4274 ἡ
2611 4199 3004 4259 καταϐαίνουσα
3060 4202 3146 4258 ἰπὶ
3227 4203 3295 4260 τὰ
3352 4200 3454 4279 ὅρη
3507 4205 3651 4259 Σιών
3686 4222 3702 4238 ⁶
3756 4204 3842 4258 δτι

2181 4297 2294 4354 ἐκεῖ
2333 4293 2639 4352 ἰνετείλατο
2689 4293 2895 4369 Κύριος
2936 4294 3038 4363 τὴν
3108 4292 3364 4369 εὐλογίαν
3393 4336 3407 4362 ,
3460 4296 3642 4364 ζωήν.
3700 4291 3848 4349 Πολ-

2187 4385 2367 4462 λαχοῦ
2417 4383 2783 4459 ἐπηγγείλατο
2842 4384 2870 4438 ὁ
2928 4382 3081 4451 Θεὸς,
3115 4383 3188 4446 ὡς
3246 4384 3362 4439 εἶπε
3415 4385 3700 4453 Μωυσῆς’
3744 4382 3844 4438 Καὶ

406 4473 758 4542 ricordiam,
789 4478 934 4532 sicut
951 4477 1174 4549 juravit
1204 4481 1461 4550 patribus
1493 4483 1620 4546 tuis,
1653 4485 1704 4535 et
1743 4480 1960 4550 diliget,
2019 4497 2058 4537 et

2180 4474 2493 4554 διαφυλάξει
2527 4473 2725 4549 Κύριος
2779 4473 2882 4542 τὴν
2941 4471 3211 4542 διαθήκην
3267 4472 3359 4527 καὶ
3418 4472 3482 4527 τὸ
3545 4471 3718 4544 ἔλεος,
3776 4473 3852 4534 ὡς

415 4560 691 4618 benedicet
721 4573 792 4632 te,
823 4569 874 4620 et
903 4567 1296 4638 multiplicabit
1349 4570 1664 4640 progeniem
1701 4571 1908 4625 ventris
1966 4571 2068 4637 tui,

412 4657 465 4705 et
490 4652 734 4720 fructum
763 4658 925 4710 terra:
952 4659 1080 4711 tuae.
1115 4657 1185 4711 Et
1206 4657 1530 4727 subjunxit,
1592 4658 1826 4714 dicens:
1897 4659 2072 4714 Vitam

412 4755 584 4811 usque
614 4741 672 4796 in
701 4744 973 4800 saeculum
993 4746 1055 4798 ³⁷.
1086 4747 1216 4801 Ecce
1246 4763 1392 4801 nunc
1423 4746 1558 4817 quid
1576 4748 1796 4817 bonum,
1830 4748 1913 4803 vel
1944 4747 2076 4818 quid

410 4831 740 4905 iucundum,
770 4835 885 4889 nisi
913 4835 1170 4890 habitare
1198 4836 1407 4905 fratres
1470 4839 1529 4891 in
1586 4853 1760 4892 unum
1782 4840 1809 4891 ?
1862 4853 2075 4909 quem-

414 4919 736 4978 admodum
765 4926 822 4977 et
849 4922 1036 4978 vocati
1085 4923 1247 4980 estis.
1277 4925 1424 4983 Unus
1457 4926 1746 4997 Dominus,
1777 4943 1889 4982 una
1918 4927 2074 4998 ﬁdes,

486 5045 535 5081 ³⁵
565 5046 718 5104 Psal.
778 5064 928 5115 cxxx,
962 5050 1099 5120 1,2.
1173 5051 1219 5086 ⁸⁸
1276 5051 1369 5108 Isa
1421 5069 1573 5124 xxvr,
1633 5053 1723 5108 19.

502 5172 774 5248 (15)}!th
805 5173 1207 5247 interpretatio
1228 5176 1751 5248 psalmicentisimi
1785 5177 2070 5234 tricesimi

420 5244 662 5319 secundi
695 5245 754 5319 in
795 5244 991 5302 codice
1011 5244 1429 5319 antiquissime
1464 5250 1580 5304 HR.
1611 5256 1847 5306 Patrum
1881 5251 1939 5304 S.
1963 5249 2074 5305 Ba-

420 5319 536 5376 silii
565 5317 846 5393 tribuitur
869 5319 1103 5375 Basilio.
1139 5317 1248 5376 Sed
1275 5327 1560 5392 quantum
1586 5324 1671 5376 fas
1692 5329 1781 5376 est
1805 5323 2072 5393 judicare

420 5394 492 5447 de
523 5389 804 5464 opusculo
837 5392 917 5446 ita
947 5393 1123 5464 brevi,
1151 5389 1374 5448 videtur
1408 5396 1600 5464 potius
1635 5396 1786 5447 fetus
1806 5389 1945 5448 vesse
1969 5395 2074 5448 h0-

421 5463 627 5538 minis,
657 5463 1230 5538 qui_eruditiene__et
1267 5463 1562 5538 facundia,
1592 5465 1804 5520 Basilio
1862 5467 2071 5538 Magno

419 5533 1021 5607 longeinteriergerat,
1057 5535 1164 5607 Alii
1197 5537 1407 5592 melius
1433 5536 1808 5607 judicabunt.

493 5603 606 5679 (f6)
639 5605 807 5676 Illud,
840 5603 964 5660 ἀλλ’
991 5603 1025 5673 ἢ
1047 5605 1130 5680 τό,
1163 5603 1840 5680 heclecosupplendum
1865 5613 1973 5679 est,
2008 5612 2076 5666 ut

417 5678 671 5754 patetex
687 5678 1203 5754 consequentibus.

492 5746 1008 5827 (17)Dubium'non
1031 5757 1120 5809 est
1147 5749 1290 5823 quin
1321 5767 1426 5823 pro
1449 5746 1778 5827 Ψαλμῳδοῦ
1801 5751 1917 5825 legi
1967 5751 2075 5808 de-

2184 4561 2387 4638 ὤμωσε
2445 4568 2562 4624 τοῖς
2620 4562 2853 4637 πατράσι
2906 4582 3003 4616 σου
3037 4605 3050 4631 ,
3110 4560 3199 4616 καὶ
3259 4562 3529 4637 ἀγαπήσει
3606 4582 3704 4629 σε,
3756 4562 3848 4617 καὶ

2185 4653 2482 4729 εὐλογήσει
2533 4672 2613 4723 σε,
2639 4650 2729 4705 καὶ
2785 4649 3056 4722 πληθυνεῖ
3112 4649 3179 4704 τὰ
3239 4645 3430 4726 ἔκγονα
3484 4653 3584 4720 τῆς
3631 4647 3847 4711 κοιλίας

2187 4765 2304 4812 σου,
2357 4742 2448 4798 καὶ
2529 4742 2622 4797 τὸν
2680 4741 2889 4816 καρπὸν
2944 4741 3044 4808 τῆς
3089 4745 3192 4816 γῆς
3247 4760 3366 4798 σου.
3417 4740 3530 4797 Καὶ
3583 4738 3850 4814 ἐπήνεγκε

2186 4831 2396 4909 λέγων·
2432 4831 2584 4900 Ζωὴν
2639 4827 2745 4894 ἕως
2790 4832 2888 4884 τοῦ
2947 4827 3165 4891 αἰῶνος.
3217 4826 3359 4887 Ἰδοὺ
3417 4827 3509 4900 δὴ,
3557 4827 3611 4886 τί
3649 4827 3842 4900 καλὸν,

2183 4923 2220 4992 ἢ
2276 4922 2329 4978 τί
2379 4921 2634 4997 τερπνὸν,
2694 4916 2820 4976 ἀλλ’
2875 4918 2910 4989 ἢ
2962 4918 3026 4974 τὸ
3082 4924 3354 4974 κατοικεῖν
3415 4915 3689 4998 ἀδελφοὺς
3753 4917 3844 4974 ἐπὶ

1825 5053 1868 5089 ³⁷
1900 5053 2072 5109 Deut.
2101 5069 2202 5124 vn,
2237 5051 2324 5121 12,
2360 5051 2444 5106 13.

2183 5179 2318 5260 beat
2342 5173 2568 5260 ψαλμοῦ
2597 5191 2695 5247 per
2713 5174 2992 5247 psalmum
3018 5189 3032 5230 :
3059 5177 3117 5230 et
3177 5174 3258 5231 ita
3319 5174 3594 5246 superius
3648 5189 3848 5230 emen-

2185 5251 2317 5305 date
2348 5250 2585 5319 legitur.

2256 5323 2365 5393 (18)
2402 5321 2506 5375 Pro
2538 5314 2824 5393 χωρηγίας
2856 5317 3194 5389 suspicatus
3216 5334 3346 5372 sum
3376 5315 3488 5389 legi
3513 5317 3722 5393 debere
3753 5333 3852 5389 χο-

2191 5390 2382 5468 ρηγίας
2417 5411 2516 5464 per
2543 5390 2795 5472 simple};
2827 5406 3242 5460 o,quanquam,
3275 5395 3589 5472 utnverum
3642 5390 3848 5472 fatear,

2186 5461 2253 5521 ea
2279 5461 2548 5548 ipsa—vox
2581 5461 2830 5538 χορηγία
2886 5478 2997 5516 non
3035 5478 3240 5542 parum
3274 5461 3418 5516 mihi
3452 5467 3726 5545 suspecta
3747 5461 3845 5516 sit.

2187 5537 2382 5592 Malim
2417 5537 2763 5592 simpliciter
2790 5537 3212 5592 unimammas
3227 5538 3546 5589 sanctorum
3585 5549 3844 5592 incorpo-

2188 5548 2382 5592 Malim
2417 5548 2763 5608 sumplicner
2790 5548 3212 5608 χαρας,αηι1ηᾶ²
3227 5548 3546 5589 sanctorum
3585 5549 3810 5605 tneor-po

2185 5607 2804 5694 reo‘a‘t‘queepiri't‘ual‘is
2832 5605 3180 5694 gqudtojure
3206 5608 3616 5694 perfruuntur.‘
3677 5693 3684 5694 γ
3764 5672 3778 5694 ι

2185 5751 2228 5810 Ε
2254 5672 2571 5754 (19)Ἀῦτό,
2632 5680 2798 5736 Forte
2835 5672 3012 5749 αὐτῷ,
3046 5672 3257 5751 nempe
3283 5672 3368 5736 τῶ
3399 5672 3513 5753 ὄρει
3570 5672 3844 5751 ’Δερμών.

2229 5769 2342 5812 Dﬂ'a
