4154 6396
338 387 457 448 M7
1081 386 1489 449 COMMENT.
1535 388 1612 448 IN
1663 386 1930 448 ISAIAM

2121 388 2484 450 DPHETAM.
2531 389 3014 451 PROGEMIUM.
3641 385 3761 445 118

333 519 399 573 τὸ
429 517 558 574 αὐτό
593 537 607 587 ;
640 517 822 580 καθὼς
853 517 943 573 καὶ
973 516 1266 588 ἐκλήθητε.
1287 519 1374 580 Εἷς
1407 518 1628 594 Κύριος,
1664 517 1759 591 μία
1783 516 1962 580 πίστις

2117 538 2282 576 unum
2311 522 2580 594 baptisma
2603 540 2622 578 :
2651 540 2797 578 unus
2825 529 2965 579 Deus
2994 524 3048 578 et
3095 522 3276 586 Pater,
3325 519 3422 590 qui
3461 522 3542 575 est
3587 533 3757 588 super

333 604 392 662 ’ἐν
449 609 749 684 βάπτισμα·
816 607 888 670 εἷς
947 607 1075 668 Θεὸς
1131 606 1220 661 καὶ
1282 607 1488 681 Πατὴρ,
1550 607 1578 660 ὁ
1633 606 1718 662 ἐπὶ
1776 606 1973 660 πάντωη

2114 627 2310 678 )mnes,
2345 620 2398 667 et
2425 629 2527 684 per
2556 615 2762 677 omnia,
2785 617 2837 667 et
2861 615 2921 666 in
2943 611 3196 668 omnibus
3217 610 3279 664 ³⁸.
3306 611 3437 664 Ecce
3452 625 3602 664 nunc
3622 607 3754 680 quid

333 695 426 750 καὶ
480 693 572 749 διὰ
619 696 836 749 πάντων
894 694 982 749 καὶ
1032 694 1083 748 ἐν
1136 699 1318 748 πᾶσιν.
1369 691 1512 751 Ἰδοὺ
1561 692 1652 762 δὴ,
1697 694 1749 748 τί
1798 693 1966 749 καλὸν

2111 701 2329 767 bonum,
2361 703 2444 757 vel
2474 702 2606 774 quid
2635 702 2970 773 jucundum,
2999 703 3120 757 nisi
3165 699 3422 754 habitare
3467 700 3666 768 fratres
3691 698 3751 752 in

334 783 371 854 ἢ
429 783 480 839 τί
535 784 786 858 τερπνὸν,
845 782 972 838 ἀλλ’
1035 782 1068 852 ἢ
1129 783 1191 838 τὸ
1243 790 1514 839 κατοικεῖν
1577 781 1848 862 ἀδελφοὺς
1901 784 1968 838 ἐπ

2111 807 2273 847 unum
2300 794 2322 846 P
2353 809 2466 846 non
2502 792 2560 845 in
2590 807 2872 863 corporea
2903 791 3124 858 solum,
3171 790 3270 845 sed
3323 789 3501 844 etiam
3550 788 3608 842 in
3641 787 3751 842 hac

329 875 394 930 τὸ
426 873 596 943 a616,
625 875 728 929 οὐκ
757 871 809 928 ἑν
851 870 991 946 οἷ’κῳ
1043 873 1209 945 μόνον
1254 878 1575 947 σωματικῷ,
1611 871 1756 930 ἀλλὰ
1799 874 1888 928 καὶ
1936 873 1969 928 ἰ·

2106 888 2309 938 sancta
2341 887 2517 952 atque
2548 881 2841 952 spirituali
2890 882 3086 936 domo.
3141 881 3347 934 Domus
3393 878 3552 934 enim
3603 893 3746 945 mea,

328 961 510 1036 τούτῳ
537 967 616 1035 τῷ
667 961 804 1037 ἁγίῳ
842 962 932 1017 καὶ
970 967 1347 1036 ωευματικῷ.
1397 965 1458 1020 Ὁ
1510 963 1616 1038 γὰρ
1658 963 1807 1026 οἶκός
1860 984 1966 1036 μου

2111 970 2317 1042 inquit,
2349 971 2541 1027 domus
2573 972 2850 1026 orationis
2880 970 3164 1026 vocabitur
3181 970 3247 1024 ³⁸.
3271 967 3420 1032 Quin
3444 973 3502 1024 et
3524 983 3630 1022 nos
3651 982 3751 1046 qui

329 1053 516 1131 φησὶν,
551 1051 701 1114 οἶκος
733 1059 1050 1128 προσευχῆς
1081 1052 1263 1125 κληθή
1276 1074 1441 1112 σεται.
1480 1051 1656 1110 Ἀλλὰ
1684 1054 1772 1108 καὶ
1820 1053 1969 1127 ἡμεῖι

2099 1059 2322 1116 fuimus
2359 1059 2662 1130 illustrati,
2693 1061 2898 1117 eodem
2933 1064 3234 1132 unguento
3286 1057 3488 1114 donati
3520 1071 3729 1112 sumus

326 1146 426 1196 τοῦ
483 1141 649 1196 αὐτοῦ
732 1141 906 1217 μύρου
981 1142 1402 1216 κατηξιώθημεν
1482 1143 1533 1197 o't
1608 1141 1960 1221 φωτισθέντες

2113 1153 2248 1206 Nam
2279 1152 2542 1206 Salvator
2571 1154 2776 1207 noster
2805 1148 3072 1205 Christus
3114 1164 3320 1204 omnes
3372 1163 3478 1202 nos
3517 1143 3753 1217 justitia

327 1231 588 1305 Ἐμύρισι
657 1232 762 1307 γὰρ
837 1232 1040 1294 πάντας
1097 1233 1246 1304 ἡμᾶς
1300 1237 1371 1306 τῇ
1447 1229 1760 1307 δικαιοσύνῃ
1819 1231 1967 1286 αὐτοί

2111 1255 2210 1295 sua
2251 1240 2451 1296 unxit:
2487 1256 2590 1312 per
2619 1255 2796 1312 quem
2829 1247 2888 1294 et
2915 1254 3051 1293 cum
3095 1254 3211 1308 quo
3257 1237 3412 1292 Patri
3461 1240 3518 1290 et
3546 1237 3751 1290 sancto

325 1320 557 1394 Χριστὸς
587 1321 617 1375 ὁ
645 1321 844 1396 Σωτὴρ
876 1320 1059 1393 ἡμῶν·
1087 1317 1156 1375 δι’
1189 1318 1252 1375 οὗ
1283 1322 1375 1376 καὶ
1428 1323 1544 1394 μεθ’
1585 1320 1647 1376 οὗ
1693 1326 1774 1394 τῷ
1814 1327 1961 1396 Πατρ

2109 1329 2344 1402 Spiritui
2379 1328 2569 1402 gloria
2597 1333 2655 1386 et
2681 1329 2961 1401 majestas
3009 1328 3067 1383 in
3121 1326 3334 1384 sacula
3379 1326 3749 1384 saeculorum.

322 1409 412 1462 καὶ
442 1413 522 1481 τῷ
581 1409 720 1484 ἁγίῳ
772 1407 1046 1480 Πνιύματι
1099 1405 1226 1479 δόξα
1267 1409 1362 1464 καὶ
1418 1408 1868 1486 μιγαλοπρὲπεια
1906 1408 1983 1472 εἰς
2093 1425 2304 1476 Amen,

320 1495 450 1560 τοὺς
479 1497 684 1560 αἰῶνας
709 1499 818 1551 τῶν
853 1495 1090 1554 αἰώνων.
1124 1497 1320 1570 ’Δμήν.

395 1613 442 1651 ³⁸
473 1612 686 1686 Ephes.
715 1629 793 1683 1v,
825 1613 882 1682 5,
914 1614 968 1671 6.
1004 1613 1050 1650 "
1081 1614 1292 1671 Matth.
1322 1631 1439 1683 xxx,
1474 1615 1562 1672 13.

1724 1814 2341 1914 MONITUM.

394 2079 866 2136 Commentaries
894 2079 1014 2148 ille,
1047 2080 1118 2135 de
1145 2095 1260 2153 quo
1294 2079 1461 2136 nobis
1485 2097 1639 2136 nunc
1661 2079 2148 2153 proloquendum,
2170 2077 2218 2134 si
2245 2093 2360 2133 non
2384 2075 2642 2143 aliunde,
2668 2077 2728 2130 at
2749 2074 2958 2131 merito
2979 2077 3174 2130 tamen
3199 2073 3550 2145 antiquitate
3572 2087 3737 2127 com-

324 2165 657 2224 mendatur.
693 2169 838 2226 Nam
869 2168 1022 2225 inter
1053 2170 1252 2226 doctos
1285 2170 1428 2226 satis
1461 2170 1729 2226 convenit
1771 2170 1830 2226 id
1862 2186 2012 2242 opus
2043 2172 2146 2225 aut
2177 2167 2246 2222 ad
2280 2169 2557 2238 quartum
2587 2164 2867 2220 saculum
2900 2163 3211 2236 pertinere,
3246 2167 3347 2219 aut
3376 2163 3447 2218 ad
3472 2162 3527 2218 id
3551 2161 3740 2216 atatis

319 2257 585 2328 proxime
619 2259 914 2314 accedere.
946 2257 1078 2314 Hac
1109 2263 1305 2314 autem
1340 2259 1742 2333 interpretatio
1775 2265 1840 2315 ut
1868 2260 1930 2314 in
1960 2257 2238 2330 vulgatis,
2271 2257 2352 2311 ita
2383 2257 2442 2310 in
2477 2272 2622 2310 mss.
2658 2270 2891 2326 quoque
2929 2253 3273 2324 imperfecta
3302 2256 3410 2320 est,
3456 2265 3650 2322 neque
3679 2250 3741 2304 in

317 2345 434 2414 his,
469 2363 658 2419 neque
691 2347 748 2402 in
779 2346 897 2402 illis
928 2346 1083 2404 ultra
1114 2353 1290 2420 caput
1319 2348 1615 2406 decimum
1642 2353 1873 2405 sextum
1909 2347 2071 2404 Isaia
2103 2346 2457 2402 extenditur.
2491 2344 2623 2399 Fuit
2651 2350 2844 2399 tamen
2870 2342 3188 2414 aliquando
3211 2346 3467 2413 tempus,
3491 2356 3618 2395 cum
3645 2355 3744 2394 ex-

319 2437 504 2490 staret
529 2435 780 2508 integra,
814 2437 861 2491 si
894 2436 1042 2493 ﬁdes
1072 2443 1163 2494 est
1197 2440 1510 2494 Possevino
1538 2455 1550 2493 :
1584 2439 1707 2510 qui,
1742 2455 1874 2494 cum
1904 2441 2130 2492 veteres
2162 2435 2342 2490 libros
2372 2433 2767 2489 Messanensis
2791 2432 3155 2488 bibliotheca
3178 2435 3462 2501 recenset,
3487 2429 3568 2484 ita
3589 2429 3740 2484 scri-

318 2523 404 2578 bit
434 2526 580 2596 App.
618 2541 750 2597 pag.
783 2525 874 2592 37,
909 2525 976 2581 ad
1013 2525 1228 2581 calcem
1261 2526 1456 2598 operis
1483 2544 1498 2594 ;
1535 2526 1919 2598 Copiosissima
1949 2527 2011 2581 in
2041 2527 2246 2581 Isaiam
2285 2524 2614 2595 prophetam
2647 2526 2718 2576 D.
2755 2521 2955 2577 Basilii
2985 2521 3388 2593 interpretatio.
3422 2518 3569 2590 Opus
3599 2519 3740 2572 inte-

318 2627 484 2679 grum
514 2616 566 2667 et
599 2629 794 2668 rarum
821 2615 884 2667 in
911 2615 1012 2685 fol.
1045 2615 1207 2678 Quod
1241 2614 1291 2670 si
1324 2615 1658 2687 explanatio
1686 2615 1743 2670 in
1776 2614 2004 2687 reliqua
2033 2616 2196 2670 Isaia
2247 2611 2441 2684 capita
2489 2612 2572 2667 ita
2619 2615 2742 2666 erat
2790 2611 3028 2683 copioa
3077 2610 3136 2665 in
3185 2611 3296 2666 hoc
3347 2609 3736 2664 Messamensi

319 2697 494 2769 libro,
527 2705 590 2755 ut
619 2707 707 2757 est
737 2717 872 2773 pars
904 2719 992 2773 ea,
1025 2719 1203 2774 quam
1237 2704 1296 2760 in
1330 2704 1521 2776 priora
1549 2704 1842 2778 sexdecim
1873 2706 2067 2778 capita
2092 2703 2414 2770 habemus;
2449 2718 2564 2757 non
2587 2702 2752 2757 video
2776 2701 2874 2772 qui
2899 2702 3025 2756 fieri
3054 2700 3329 2772 potuerit,
3352 2704 3416 2754 ut
3437 2697 3735 2753 volumine

320 2803 440 2843 uno
463 2792 627 2843 tanta
657 2790 1216 2846 commentariorum
1251 2791 1436 2848 moles
1462 2777 2076 2864 comprehenderetur.
2110 2791 2252 2848 Utut
2280 2791 2403 2847 hac
2435 2795 2596 2858 sunt,
2629 2807 2697 2846 ea
2725 2791 2797 2846 de
2829 2807 2887 2846 re
2911 2790 2982 2846 ad
3007 2794 3276 2846 nostrum
3299 2792 3736 2859 procuratorem

318 2875 652 2948 generalem
686 2877 744 2932 in
778 2878 942 2933 curia
971 2879 1232 2936 Romana
1266 2880 1650 2953 scripsimus:
1685 2882 1786 2937 sed
1818 2881 1966 2936 nihil
1999 2880 2140 2936 certi
2173 2879 2512 2934 didicimus.
2546 2879 2712 2934 Nunc
2742 2878 2922 2950 igitur
2951 2877 3206 2932 rumoris
3237 2876 3437 2932 nescio
3471 2875 3611 2947 quid
3635 2890 3736 2929 su-

323 2970 519 3036 perest
549 2966 828 3022 dantaxat
855 2967 1157 3034 Messana,
1192 2970 1626 3026 famosissimos
1656 2975 1776 3026 tres
1807 2971 2038 3026 codices
2069 2985 2246 3025 manu
2281 2973 2551 3024 exaratos
2595 2967 2735 3022 olim
2783 2983 2814 3022 e
2860 2965 3216 3022 bibliotheca
3263 2965 3738 3021 Reverendorum

314 3055 560 3109 Patrum
595 3054 820 3110 ordinis
845 3055 1043 3110 Sancti
1075 3055 1276 3112 Basilii
1309 3074 1342 3112 a
1371 3058 1628 3128 quodam
1659 3056 1868 3112 Sicilia
1901 3073 2145 3130 prcrege
2177 3055 2289 3112 alio
2323 3060 2660 3127 expcrtatos
2684 3055 2884 3123 fuisse,
2913 3056 2984 3110 ob
3005 3055 3184 3126 idque
3206 3053 3332 3108 ﬁeri
3357 3053 3646 3124 potuisse,
3674 3054 3741 3106 ut

321 3141 656 3198 Basilianus
686 3143 786 3198 ille
816 3144 997 3200 codex
1027 3160 1160 3199 cum
1195 3144 1329 3199 aliis
1355 3146 1588 3200 duobus
1620 3145 1854 3200 ablatus
1886 3145 1985 3200 sit.
2019 3145 2133 3200 Sed
2170 3160 2305 3199 eum
2337 3160 2528 3214 neque
2560 3144 2932 3199 Possevimus
2977 3159 3168 3215 neque
3216 3140 3530 3213 quisquam
3582 3138 3736 3196 alius

321 3229 478 3284 dicat
509 3230 666 3285 hunc
693 3247 755 3286 se
783 3229 1002 3286 librum
1038 3236 1138 3286 aut
1167 3231 1385 3287 vidisse
1415 3237 1519 3287 aut
1550 3230 1778 3303 legisse,
1812 3249 1929 3287 non
1961 3237 2053 3288 est
2083 3233 2240 3304 quod
2273 3232 2344 3286 de
2373 3247 2441 3287 eo
2472 3232 2782 3303 quarendc
2816 3230 3070 3286 multum
3102 3231 3477 3286 laboremus:
3510 3244 3576 3284 eo
3608 3244 3729 3283 ma-

319 3318 432 3390 gis,
465 3319 620 3389 quod
655 3319 1148 3376 verisimillimum
1185 3319 1262 3374 sit
1292 3319 1470 3376 talem
1497 3319 1716 3376 librum
1751 3337 2056 3394 nunquam
2088 3321 2404 3377 exstitisse.

381 3407 793 3479 Imperfectum
825 3407 992 3463 illum
1028 3409 1086 3463 in
1118 3407 1331 3464 Isaiam
1363 3409 1867 3465 Ccmmentarium
1891 3410 2016 3482 jam
2049 3427 2084 3465 a
2112 3410 2288 3482 longo
2314 3414 2574 3477 tempore
2594 3409 2809 3465 Basilio
2838 3409 3048 3482 Magno
3070 3409 3362 3464 tributum
3385 3407 3568 3462 fuisse
3589 3422 3725 3462 con-

307 3499 445 3552 stat.
482 3499 640 3550 Inter
671 3494 818 3550 alios
851 3496 1300 3552 numerabimus
1330 3497 1650 3552 Maximum
1684 3502 2020 3570 martyrem,
2068 3497 2360 3553 Joannem
2416 3499 2863 3563 Damascenum,
2919 3498 3267 3570 Symeonem
3317 3496 3723 3570 Logothetam,

305 3585 628 3640 Antonium
661 3583 980 3654 Melissam,
1006 3585 1318 3642 Tarasium
1342 3585 1741 3658 patriarcham
1765 3586 2502 3658 Constantinopolitanum,
2526 3591 2583 3642 et
2603 3593 2901 3643 auctorem
2925 3586 3286 3643 Scholiorum
3305 3589 3638 3641 Gracorum
3661 3584 3723 3639 in

310 3673 604 3745 Epistolas
631 3674 1004 3747 apostolicae.
1034 3675 1196 3739 Quod
1232 3675 1279 3731 si
1313 3675 1669 3732 recentiores
1702 3692 1958 3748 quoque,
1990 3675 2089 3747 qui
2119 3677 2246 3747 ejus
2278 3676 2470 3748 operis
2501 3676 2780 3732 Basilium
2813 3677 3092 3748 Magnum
3144 3680 3444 3732 auctorem
3481 3674 3730 3742 faciunt,

311 3778 618 3818 recensere
649 3763 1124 3834 aggrederemur,
1155 3763 1281 3819 dies
1312 3781 1418 3819 nos
1451 3763 1723 3820 deficeret
1753 3768 1807 3820 et
1840 3763 2067 3821 charta.
2101 3764 2367 3820 Celebres
2399 3770 2538 3820 sunt
2567 3765 2942 3832 Tilmannus,
2993 3765 3263 3831 Ducaus,
3315 3762 3727 3828 Combefisius,

311 3850 534 3906 Natalis
566 3851 1203 3924 Alexander,Dupinus,
1230 3851 1663 3921 Tillemontius,
1700 3853 2029 3924 Lequienus
2058 3857 2115 3910 et
2145 3853 2243 3909 alii
2275 3870 2454 3926 prope
2484 3853 2798 3909 innumeri.
2821 3854 3054 3919 Contra,
3080 3856 3248 3926 pauci
3274 3856 3414 3909 sunt
3439 3851 3538 3924 qui
3563 3851 3732 3906 aliter

313 3939 594 4010 sentiant,
628 3939 789 4012 iique
818 3941 877 3995 in
911 3940 1128 3996 litteris
1158 3958 1276 3996 non
1311 3942 1392 3997 ita
1421 3958 1649 4014 magna
1681 3941 2072 4012 auctoritatis,
2105 3949 2345 4015 excepto
2373 3944 2598 3999 Petavic
2622 3943 2744 3998 viro
2765 3943 2939 4016 longe
2965 3942 3307 3999 doctissimo
3334 3959 3346 3998 :
3370 3940 3471 4012 qui
3498 3939 3730 3995 nullum

312 4028 552 4102 quidem
581 4034 997 4102 argumentum
1030 4030 1101 4085 ad
1134 4046 1302 4086 suam
1337 4030 1674 4103 opinionem
1707 4031 2073 4104 probandam
2106 4031 2370 4103 protulit,
2404 4033 2506 4088 sed
2542 4037 2947 4089 asseveranter
2990 4037 3188 4088 tamen
3237 4029 3642 4104 pronuntiavit
3670 4028 3728 4083 id

309 4135 457 4189 Opus
489 4118 692 4175 Basilii
725 4136 841 4174 non
873 4135 1022 4175 esse.
1059 4119 1200 4190 Ejus
1234 4125 1431 4176 autem
1462 4121 1636 4178 verba
1671 4121 1794 4176 hac
1827 4125 1964 4177 sunt
1993 4125 2137 4178 tom.
2173 4121 2246 4177 lII
2279 4123 2454 4178 Theot.
2487 4122 2634 4192 dog.,
2666 4121 2768 4178 lib.
2803 4140 2842 4189 ι,
2875 4139 2925 4177 ο.
2956 4123 3012 4190 2,
3046 4139 3102 4177 n.
3153 4122 3185 4178 4
3214 4140 3227 4177 :
3279 4126 3489 4176 Rursus
3541 4121 3732 4174 auctor

309 4207 857 4264 Commentariorum
886 4208 958 4264 ad
986 4210 1217 4282 Isaiam,
1249 4211 1350 4283 qui
1381 4210 1590 4266 Basilio
1622 4211 1795 4267 solent
1823 4211 2078 4276 inscribi,
2110 4227 2209 4267 nec
2230 4220 2358 4267 sunt
2390 4219 2578 4268 tamen
2610 4213 2788 4281 illius,
2819 4211 3039 4268 videtur
3065 4213 3236 4268 etiam
3275 4215 3596 4282 corporatos
3624 4225 3728 4264 an-

311 4296 458 4366 gelos
487 4298 696 4367 facere.
729 4297 914 4363 Quam
947 4296 1186 4369 quidem
1219 4297 1578 4354 sententiam
1613 4297 1917 4370 amplexus
1951 4298 2086 4370 sim,
2120 4298 2266 4355 satis
2298 4298 2651 4370 intelligitur
2677 4298 2766 4354 vel
2798 4314 2866 4355 ex
2914 4315 2980 4354 eo
3027 4299 3173 4368 loco,
3224 4297 3324 4353 ubi
3371 4297 3530 4352 hunc
3559 4297 3730 4352 Com-

314 4385 673 4440 mentarium
704 4383 999 4442 edendum
1030 4386 1228 4442 curavi
1263 4387 1347 4460 (a)
1373 4403 1388 4444 :
1421 4387 1524 4444 sed
1556 4393 1906 4461 argumenta
1937 4388 2086 4460 ipsa,
2121 4405 2250 4460 qua
2282 4389 2354 4444 ad
2384 4403 2513 4444 eam
2545 4389 3042 4461 comprobandam
3075 4387 3310 4456 adduxi,
3363 4385 3525 4459 legas
3554 4384 3729 4440 velim

309 4471 370 4528 in
406 4474 746 4531 Prafaticne
775 4491 882 4532 suo
912 4475 1118 4532 ordine
1150 4476 1297 4532 loco.

375 4591 444 4651 (a)
460 4590 517 4658 Id
537 4594 619 4640 est
637 4591 778 4658 inter
795 4589 976 4658 dubia.
999 4591 1073 4640 Ex
1094 4591 1426 4658 argumentis
1449 4595 1684 4658 tamenpa
1711 4594 1770 4658 D7.
1805 4593 1961 4644 Prud.
1993 4591 2217 4644 Marano
2249 4593 2423 4644 allatis
2451 4594 2506 4644 in
2545 4595 2662 4644 Vita
2696 4592 2890 4653 Basilii,
2918 4595 3060 4658 inter
3094 4595 3329 4658 genuina
3367 4604 3730 4658 annumera_n_-_

312 4652 779 4767 ξιιὲῗὲἐθεῖἓωξῑ
802 4653 1054 4766 pidrinnem
1079 4668 1110 4704 a
1131 4652 1185 4704 II.
1215 4654 1323 4704 Jul.
1353 4655 1609 4706 Garnerio
1638 4656 1948 4708 institutum
1982 4671 2279 4722 servemus,
2307 4671 2469 4722 quem
2499 4659 2777 4709 inversum
2825 4652 3048 4708 meleste
3089 4652 3292 4708 ferrent
3340 4656 3555 4719 eruditi,
3598 4653 3733 4705 nihil

815 4881 1165 4977 ΕΡΜΗ
1172 4884 1256 4980 Ν
1261 4883 1469 4977 ΕΙΑ

2456 4889 2610 4948 ³⁷⁸
2650 4889 3352 4985 ΕΝΑΒΒΑΤΙΟ

607 5026 725 5083 ΕΙΣ
764 5025 905 5084 TON
943 5025 1329 5085 ΙΙΡΟΦΗΤΗΝ
1368 5026 1668 5085 ΗΣΑΙΑΝ.

2341 5033 2439 5090 ΙΝ
2505 5033 3063 5094 ΡΒΟΡΗΕΤΑΜ
3134 5032 3467 5090 ιιςΑιΑΜ

789 5132 1194 5192 npoonmca
1226 5133 1463 5208 (so-21).

2685 5139 3126 5201 PROOEMIUM.

385 5345 436 5400 1.
487 5341 723 5415 Εὕξαοθε
783 5347 859 5421 μὴ
920 5346 1163 5422 γενεσθαι
1218 5345 1319 5416 τὴν
1370 5348 1548 5426 φυγὴν
1610 5349 1763 5424 ὑμῶν
1824 5370 1913 5428 χιι
1945 5382 1969 5395 -

2151 5353 2202 5408 1.
2239 5353 2402 5410 Orate
2429 5370 2500 5412 ne
2529 5356 2631 5428 ﬁat
2658 5357 2796 5429 fuga
2823 5361 3005 5414 vestra
3045 5356 3225 5412 hieme
3271 5355 3355 5414 vet
3399 5355 3637 5414 Sabbato
3667 5353 3731 5414 ‘°.

388 5460 435 5495 ⁸ο
467 5459 676 5517 Matth.
706 5477 860 5530 XXIV,
888 5463 983 5518 20.

389 5575 486 5658 (29
515 5575 949 5658 21).}.Intiquus
997 5578 1180 5658 codex
1216 5576 1844 5658 COlpbef..E_Ba.O’tXIt'OD
1873 5583 1972 5658 τοῦ

2089 5579 2403 5658 προοίμιον.
2435 5583 2627 5641 Editi:
2662 5583 2840 5658 Λόγος
2892 5582 2939 5637 α’
2986 5585 3200 5658 inepte.
3253 5585 3381 5643 Non
3408 5584 3588 5658 enim
3635 5583 3729 5640 hic

325 5644 972 5739 μιγάλεηυζέξτὶηῖίεξέε
997 5648 1435 5739 ῑτῂεταπήξηγ
1486 5650 1749 5739 Tinam.
1779 5651 1965 5739 πρεξοί·

2089 5644 2436 5739 p'rimus‘est
2457 5644 2870 5739 sermo-eciam
2898 5673 3047 5739 quos
3069 5644 3300 5739 auctor,
3318 5657 3592 5739 quisgpis
3619 5660 3729 5739 est,

325 5716 474 5792 μιον.
509 5716 651 5795 Reg}
678 5716 1012 5779 secundus:
1047 5719 1163 5777 Τοῦ
1187 5716 1492 5777 ’Βασιλέιου
1522 5716 1965 5804 ἑρμηνέίαίθιρη

2092 5716 2151 5784 in
2176 5727 2524 5800 prophetam
2554 5727 2767 5786 Isaiam
2789 5716 3175 5801 conscripsit:
3202 5716 3304 5785 sed
3323 5716 3617 5801 quoddam
3642 5716 3732 5785 est
