4154 6388
392 343 509 406 H9

1338 359 1735 419 APPENDIX
1782 357 2107 420 OPERUM
2155 359 2220 418 S.
2267 357 2547 419 BASlLll
2594 359 2867 420 MAGNI.

3693 358 3810 419 120

391 476 830 562 ᾼάνθτιθοίίυω
855 483 1134 541 estDeum
1155 503 1266 541 non
1285 489 1490 543 fecisse
1513 490 1762 545 hiemem
1788 496 1888 544 aut
1907 491 2048 544 Sab-

2174 492 2351 555 μῶνος
2407 489 2440 555 ἢ
2504 482 2789 542 Σαϐϐάτου
2849 490 2984 559 (22).
3044 489 3391 559 Σημειωτέον
3421 485 3536 559 οὖν,
3569 486 3802 562 ὅτιχει·

395 561 594 620 batum
631 570 1134 640 reprehensibile;
1169 578 1449 648 scriptum
1475 585 1562 634 est
1585 579 1780 634 enim:
1819 582 2043 634 x'Etetem

396 656 449 708 et
479 670 572 709 ver
601 664 661 711 tu
689 660 913 727 [insisti
939 679 1006 717 ea
1029 663 1089 715 ⁴¹.
1117 664 1330 720 Verum
1355 666 1414 721 in
1439 667 1632 722 hieme
1655 685 1886 735 sumus,
1909 684 2042 722 cum

396 744 592 799 carnis
625 749 973 818 cupiditates
1005 753 1316 824 imperium
1341 756 1610 811 obtinent
1634 758 1689 811 in
1716 758 1906 812 nobis.
1937 760 2042 812 lta-

400 847 512 902 que
530 835 615 889 sic
633 835 1073 910 intelligendum
1095 848 1184 898 est
1200 844 1422 899 dictum
1447 845 1589 899 illud
1623 846 2044 918 evangelicum,

400 921 680 980 nimirum
712 931 772 981 ut
796 945 907 983 non
933 930 1036 984 ﬁat
1061 932 1194 1004 fuga
1223 939 1446 998 nostra,
1476 951 1609 990 cum
1633 935 1773 990 vitia
1796 937 1853 990 in
1878 937 2046 991 nobis

401 1010 801 1083 dominantur,
839 1023 939 1074 aut
969 1037 1103 1075 cum
1139 1039 1240 1093 per
1270 1022 1537 1079 inertiam
1571 1025 1747 1080 vitam
1782 1030 2045 1080 nostram

400 1099 786 1160 traducimus.
815 1106 958 1164 Nam
985 1109 1042 1162 id
1067 1110 1236 1166 nobis
1259 1111 1552 1183 signiﬁcat
1575 1130 1674 1184 per
1689 1114 2005 1169 Sabbatum
2031 1139 2044 1180 ;

405 1192 467 1242 ut
491 1188 956 1250 benedictionem
983 1195 1143 1252 illam
1163 1215 1372 1271 conseq
1385 1218 1594 1256 uamur
1612 1219 1624 1256 :
1644 1205 1845 1258 Beatus
1862 1219 2047 1258 servus

403 1275 522 1344 ille,
555 1296 717 1351 quem
747 1298 872 1338 cum
907 1289 1116 1341 venerit
1146 1292 1434 1358 Dominus,
1486 1293 1758 1346 invenerit
1807 1294 2047 1361 vigilan-

405 1369 514 1420 tem
541 1367 606 1420 “.
635 1372 825 1427 Estote
855 1374 1150 1444 prudentes
1178 1380 1318 1432 sicut
1357 1389 1631 1451 serpentes
1662 1383 1708 1415 ‘3
1738 1406 1752 1446 ;
1805 1383 2048 1436 forsitan

405 1454 478 1509 ob
509 1455 588 1525 id,
625 1461 781 1528 quod
817 1463 1138 1532 prudenter
1169 1483 1234 1521 ac
1266 1468 1564 1540 sapienter
1592 1471 1851 1525 delrahat
1885 1487 2050 1526 sene-

407 1549 650 1600 ctutem.
685 1549 912 1607 Etenim
945 1554 1042 1608 ubi
1067 1555 1192 1625 jam
1223 1559 1488 1612 exuenda
1518 1565 1608 1613 est
1653 1559 1847 1630 pellis,
1880 1561 1936 1614 in
1965 1559 2050 1614 lo-

409 1648 545 1688 cum
570 1645 911 1710 angustum,
939 1643 1157 1714 quique
1182 1647 1444 1718 undique
1463 1664 1676 1720 corpus
1696 1666 1939 1720 prorsus
1958 1649 2054 1704 ob-

410 1723 682 1795 stringat,
717 1729 985 1786 immittit
1015 1750 1075 1788 se
1105 1733 1322 1806 ipsum,
1355 1742 1528 1808 atque
1562 1739 1631 1792 ad
1655 1754 1789 1794 eum
1813 1740 2052 1794 modum

2161 581 2316 646 μῶνα
2373 576 2407 644 ἢ
2467 571 2744 630 Σάϐϐατον
2805 578 3000 650 ψεκτὸν
3061 576 3159 631 ούκ
3187 575 3439 646 ἐποίησεν
3471 577 3499 630 6
3532 577 3683 638 Θεός·
3717 577 3804 650 γέ-

2153 685 2387 739 γραπται
2446 667 2549 739 γάρ
2584 684 2595 697 ⁸
2660 669 2825 739 Θέρος
2891 665 2979 720 καὶ
3033 663 3126 739 ἓαρ
3205 665 3266 719 σὺ
3325 663 3565 728 ἔπλασας
3620 664 3755 720 αύτά
3789 709 3801 721 .

2158 756 2247 810 Ἐν
2306 759 2541 829 χειμῶνι
2602 751 2660 808 δέ
2708 754 2906 827 ἐσμεν,
2962 754 3086 808 ὅταν
3146 755 3211 808 τὰ
3266 753 3411 823 πάθη
3457 757 3555 822 τῆς
3608 755 3804 830 σαρκὸς

2158 841 2449 916 δυναστεύῃ
2500 841 2551 898 ἐν
2595 845 2752 916 ἡμῖν.
2803 843 2960 900 Οὕτω
3001 844 3180 898 τοίνυν
3233 845 3451 913 νοητὲον
3498 845 3561 898 τὸ
3593 845 3808 919 εὐαγγε-

2159 929 2313 986 λικὸν
2349 931 2537 1007 ῥητὸν,
2575 933 2649 1003 μὴ
2699 931 2939 1008 γενέσθαι
2992 936 3153 1006 ἡμῶν
3201 935 3300 1002 τήν
3353 934 3555 1010 φυγὴν,
3585 932 3711 987 ὅταν
3741 935 3806 987 τὰ

2157 1019 2380 1095 χείρονα
2406 1019 2457 1074 ἐν
2487 1023 2623 1093 ἡμῖν
2655 1025 2848 1096 κρατῇ,
2881 1022 2915 1089 ἢ
2950 1021 3073 1076 ὅταν
3107 1021 3271 1097 ἀργίᾳ
3317 1023 3418 1090 τὴν
3471 1023 3614 1090 ζωὴν
3645 1023 3808 1094 ἡμῶν

2157 1110 2634 1184 παραπεμπωμεν.
2667 1114 2841 1166 Τοῦτο
2892 1112 2993 1186 γὰρ
3045 1107 3348 1166 ὑποϐάλλει
3395 1117 3539 1166 νοεῖν
3591 1109 3679 1165 διὰ
3711 1115 3808 1166 τοῦ

2163 1193 2472 1265 Σαϐϐάτου,
2516 1196 2607 1254 ἵνα
2647 1198 2904 1274 τύχωμεν
2954 1206 3054 1268 τῆς
3107 1197 3366 1274 εὐλογίας
3416 1198 3648 1270 ἐκείνης’
3686 1202 3807 1256 Μα-

2157 1289 2348 1361 κάριος
2399 1289 2427 1342 6
2478 1285 2676 1352 δοῦλος
2726 1288 2957 1357 ἐκεῖνος,
3008 1290 3066 1343 ὃν
3117 1288 3289 1344 ἐλθὼν
3338 1290 3366 1343 6
3417 1289 3615 1363 Κύριος
3647 1288 3809 1362 εύρή-

2160 1398 2236 1431 σει
2270 1381 2669 1452 γρηγοροῦνταο
2722 1377 2931 1441 Γίνεσθε
2980 1378 3238 1452 φρόνιμοι
3289 1379 3363 1439 ὡς
3399 1379 3448 1432 οἱ
3494 1375 3644 1455 ὄφεις
3676 1380 3806 1445 (23)·

2159 1468 2302 1542 τάχα
2351 1464 2439 1520 διὰ
2479 1466 2541 1521 τὸ
2592 1467 2870 1544 φρονίμως
2912 1468 3000 1522 καὶ
3048 1472 3280 1528 συνετῶς
3339 1467 3660 1538 ἀποξύεσθαι
3699 1470 3811 1540 (24)

2160 1556 2223 1610 τὸ
2249 1562 2445 1630 γῆρας.
2495 1556 2597 1611 Καῗ
2644 1557 2746 1631 γὰρ
2800 1555 3012 1612 ἐπειδάν
3061 1554 3386 1620 ἀποδύεσθαι
3438 1554 3530 1630 δίῃ
3575 1557 3674 1624 τήν
3717 1554 3812 1611 λε-

2167 1640 2382 1718 δηρίδα,
2417 1649 2585 1715 στενῷ
2613 1644 2764 1717 τόπῳ
2807 1645 2896 1698 καὶ
2946 1640 3184 1718 ἀκριϐῶς
3225 1644 3617 1720 προσφίγγοντι
3649 1643 3812 1699 αὐτοῦ

2163 1733 2226 1786 τὸ
2272 1737 2429 1805 σῶμα
2462 1730 2680 1794 ἐπιδοὺς
2729 1734 2938 1800 ἑαυτὸν,
2988 1730 3131 1788 οὕτω
3181 1730 3394 1808 διείρων
3601 1734 3810 1800 ἑαυτὸν,

411 1815 820 1874 transmittens
843 1836 992 1886 sese,
1017 1829 1313 1879 senectam
1337 1825 1515 1880 exuit.
1542 1827 1756 1882 Forsan
1789 1828 1972 1899 igitur
2001 1833 2053 1883 et

419 1918 522 1928 -εΑι-
549 1903 888 1928 ..-].-LL1___
949 1927 1013 1928 ην
1279 1919 1288 1928 ι
1459 1919 1467 1928 .
1535 1926 1540 1928 ,
1587 1915 1598 1926 ι
1647 1922 1655 1928 .
1820 1916 1831 1927 ι
1971 1918 1980 1927 ο

2174 1819 2456 1876 ἀποδύεται
2502 1822 2565 1876 τὸ
2612 1829 2805 1898 γῆρας.
2850 1822 3000 1897 Τάχα
3051 1821 3141 1876 οὖν
3187 1823 3275 1876 καὶ
3307 1822 3452 1893 ἡμᾶς
3497 1822 3748 1897 βούλεται
3783 1823 3811 1876 6

2174 1909 2188 1928 \
2221 1911 2231 1928 Ι
2365 1907 2387 1928 ἢ
2427 1911 2440 1928 \
2503 1913 2609 1928 Invia
2702 1916 2727 1925 ο
2937 1915 2963 1926 ~
3102 1911 3116 1928 \
3217 1908 3266 1928 ‘\
3406 1911 3416 1928 Ι
3561 1909 3613 1928 εκ
3653 1910 3678 1920 ’ν

419 1918 524 1957 nos
549 1903 699 1961 velut
720 1906 813 1962 hic
836 1925 1026 1965 sermo
1053 1928 1156 1982 per
1176 1919 1393 1968 arctam
1422 1919 1476 1969 et
1499 1915 1759 1972 strictam
1783 1916 1933 1972 viam
1969 1918 2055 1972 in-

412 1992 745 2062 gredientes
767 2013 974 2054 exuere
995 2005 1242 2057 veterem
1265 2001 1586 2074 hominem,
1621 2022 1686 2060 ac
1718 2022 1931 2060 novum
1964 2007 2054 2060 in-

411 2080 610 2150 duere,
638 2089 698 2139 ut
719 2093 919 2143 nostra
935 2105 1188 2161 quoque,
1207 2091 1364 2146 velut
1380 2093 1869 2165 aquilaa,juventa
1886 2111 2052 2150 reno-

409 2174 589 2226 vetur.
616 2177 824 2246 Magna
847 2178 1079 2249 quidem
1099 2184 1274 2250 atque
1292 2181 1436 2236 adeo
1456 2182 1642 2253 prima
1661 2184 1786 2247 dos,
1813 2201 2057 2255 quaeque

404 2258 663 2316 animam
693 2279 925 2319 summe
956 2272 1266 2339 purgatam
1298 2269 1578 2340 requirat,
1607 2271 1784 2325 divini
1819 2273 2053 2327 afﬂatus

401 2361 531 2403 esse
557 2366 829 2422 capacem
855 2354 926 2409 ad
950 2355 1422 2426 prophetandum
1456 2361 1735 2430 mysteria
1759 2359 1878 2416 Dei.
1916 2360 2051 2415 Pro-

396 2436 552 2494 xima
574 2456 707 2496 vero
731 2443 1053 2498 secundum
1080 2444 1264 2516 illam,
1289 2451 1345 2501 et
1366 2447 1494 2518 ipsa
1515 2449 1754 2519 quidem
1787 2466 1900 2504 non
1931 2467 2047 2504 me-

401 2525 656 2584 diocrem
687 2535 789 2586 aut
817 2531 1116 2604 vulgarem
1151 2534 1518 2606 diligentiam
1552 2538 1919 2604 desiderans,
1953 2555 2050 2593 au-

402 2615 526 2672 dire
559 2617 700 2690 quid
733 2620 842 2676 sibi
880 2622 1060 2678 velint
1081 2641 1149 2679 ea
1171 2640 1297 2695 quae
1321 2625 1601 2681 dicuntur
1621 2644 1653 2681 a
1676 2627 1921 2698 Spiritu,
1949 2645 2053 2683 nec

407 2706 676 2764 aberrare
706 2727 739 2766 a
788 2710 1080 2767 dictorum
1124 2713 1438 2786 sententia,
1472 2716 1572 2771 sed
1609 2720 1766 2771 recta
1796 2717 1868 2772 ad
1894 2717 2054 2773 illam

407 2795 616 2852 deduci
640 2798 729 2854 via
751 2817 784 2855 a
803 2802 1044 2873 Spiritu,
1069 2819 1184 2875 quo
1209 2808 1443 2860 auctore
1466 2805 1683 2877 scripta
1707 2811 1793 2862 cst
1810 2806 2056 2878 prophe-

407 2885 510 2954 tia,
533 2888 1017 2963 gubernaturque
1043 2891 1374 2948 intellectus
1399 2910 1621 2963 eorum,
1649 2895 1747 2966 qui
1773 2895 2057 2967 cognitio-

409 2975 502 3031 nis
530 2978 746 3033 donum
781 2987 1154 3052 acceperunt.
1189 2981 1351 3038 Unde
1381 2987 1437 3038 et
1481 2983 1765 3040 Dominus
1810 2983 2054 3052 addidit,

409 3065 646 3122 dicens:
684 3069 792 3137 Qui
838 3069 1000 3126 habet
1047 3089 1212 3128 aures
1261 3072 1330 3127 ad
1371 3073 1732 3141 audiendum,
1782 3073 2052 3129 audiat“.

408 3153 692 3212 Praeterea
715 3159 999 3231 propheta
1024 3178 1257 3233 quoque
1276 3160 1400 3216 Joel
1434 3162 1644 3234 [Osce]:
1678 3163 1806 3231 Quis
1834 3166 2054 3235 sapiens

2169 1909 2330 1986 λόγος
2362 1907 2450 1964 διὰ
2500 1913 2613 1983 (26)
2662 1916 2762 1976 τῆς
2807 1915 2998 1976 στενῆς
3028 1911 3117 1965 καὶ
3149 1908 3522 1984 τεθλιμμένης
3553 1909 3682 1966 ὁδοῦ
3713 1931 3812 1966 πο-

2168 1998 2496 2075 ρευομένους
2545 1997 2868 2063 ἀποδύεσθαι
2928 2001 3020 2072 μὶν
3077 2001 3168 2054 τὸν
3220 1999 3453 2055 παλαιὸν
3505 1998 3808 2076 ἄνθρωπον,

2167 2086 2478 2144 ἐνδύσασθαι
2513 2086 2570 2143 δὲ
2616 2090 2708 2144 τὸν
2762 2090 2904 2161 νέον,
2953 2089 3090 2144 ὥστε
3135 2089 3225 2143 καὶ
3275 2091 3436 2161 ἡμῶν
3467 2089 3642 2144 αὐτῶν
3687 2091 3810 2144 ἀνα-

2165 2181 2526 2248 καινισθῆναι,
2579 2179 2651 2240 ὡς
2698 2179 2877 2249 ἀετοῦ,
2921 2180 3020 2247 τὴν
3067 2175 3329 2249 νεότητα.
3381 2182 3533 2252 Μέγα
3585 2181 3680 2251 μὲν
3724 2179 3813 2234 καὶ

2164 2273 2379 2342 πρῶτον
2431 2267 2677 2344 χάρισμα
2712 2311 2725 2336 ,
2779 2268 2870 2322 καὶ
2928 2271 3112 2344 ψυχῆς
3173 2265 3350 2342 ἄκρως
3406 2267 3812 2341 κεκαθαρμένης

2165 2353 2442 2428 δεόμενον,
2477 2359 2726 2432 χωρῆσαι
2758 2357 2856 2424 τήν
2890 2357 3030 2411 θείαν
3082 2357 3363 2412 ἐπίπνοιαν
3415 2359 3550 2433 πρὸς
3580 2359 3642 2412 τὸ
3675 2377 3813 2432 προ-

2163 2444 2412 2522 φητεύειν
2443 2445 2509 2498 τὰ
2549 2450 2646 2499 τοῦ
2695 2445 2848 2500 Θεοῦ.
2902 2446 3160 2522 Δεύτερον
3215 2443 3272 2500 δὲ
3324 2447 3438 2518 μετ’
3485 2446 3678 2514 ἐκεῖνο,
3722 2444 3810 2499 καὶ

2163 2530 2286 2588 ούδὶ
2343 2533 2476 2588 αὐτὸ
2557 2539 2753 2610 μικρᾶς
2817 2531 2942 2590 οὐδὲ
2996 2537 3096 2603 τῆς
3171 2535 3450 2611 τυχούσης
3498 2532 3814 2608 ἐπιμελείας

2165 2619 2443 2695 δεόμενον,
2475 2624 2537 2677 τὸ
2567 2624 2882 2678 κατακούειν
2914 2629 3010 2679 τοῦ
3046 2623 3402 2700 βουλήματος
3441 2628 3548 2679 τῶν
3582 2621 3813 2697 λεγομε-

2164 2733 2269 2765 νων
2328 2711 2432 2765 tua
2487 2715 2584 2764 τοῦ
2637 2712 2970 2785 Πνεύματος,
3027 2713 3117 2768 καὶ
3179 2715 3254 2786 μὴ
3307 2713 3812 2788 παραστοχάζεσθαι

2166 2803 2263 2864 τῆς
2296 2797 2534 2860 διανοίας
2565 2803 2670 2852 τῶν
2705 2799 3042 2874 λεγομὲνων,
3078 2799 3204 2855 ἀλλ’
3264 2796 3576 2862 εύθυϐόλως
3609 2798 3690 2854 ἐπ’
3722 2798 3815 2854 αύ-

2165 2890 2264 2958 τήν
2323 2885 2636 2964 ὁδηγεῖσθαι
2691 2888 2794 2942 ὑπὸ
2843 2893 2938 2942 τοῦ
2989 2889 3453 2960 οῗκονομήσαντος
3503 2889 3817 2961 Πνεύματος

2165 2984 2435 3056 γραφῆναι
2483 2978 2583 3045 τήν
2634 2978 2988 3053 προφητείαν,
3044 2975 3378 3052 δδηγοῦντος
3432 2977 3520 3032 καὶ
3569 2978 3670 3044 τὴν
3713 2974 3826 3030 διά-

2165 3088 2313 3121 νοιαν
2363 3071 2469 3121 τῶν
2529 3063 2938 3139 ὑποδεξαμένων
2983 3067 3044 3121 τὸ
3092 3073 3192 3135 τῆς
3245 3066 3500 3141 γνώσεως
3546 3067 3816 3141 χάρισμα.

2167 3157 2263 3210 Διά
2317 3160 2478 3212 τοῦτο
2536 3155 2624 3210 καὶ
2685 3157 2712 3210 6
2771 3155 2966 3224 Κύριος
3019 3155 3279 3233 ἐπέφερε,
3312 3154 3506 3232 λέγων·
3562 3157 3622 3211 Ὀ
3680 3151 3823 3230 ἔχων

407 3251 458 3299 et
484 3223 755 3318 intelliget
784 3223 902 3305 haec
922 3251 947 3301 .9
978 3223 1324 3320 intelligens,
1356 3255 1408 3307 et
1434 3223 1738 3322 ~cognoscat
1767 3269 1831 3308 ea
1863 3223 1909 3289 εί
1926 3254 1952 3308 ‘?
1985 3253 2051 3308 Et

2174 3247 2277 3302 ὦτα
2309 3247 2543 3316 ἀκούειν,
2603 3223 2867 3304 ἀκουέτω.
2928 3245 3032 3302 Καὶ
3084 3223 3137 3301 ὁ.
3162 3223 3450 3324 προνφήτῖης
3482 3245 3540 3300 δὶ
3566 3246 3594 3299 6
3625 3223 3816 3314 ’vaiﬁ.

404 3334 720 3404 Apostolus
751 3353 817 3392 eo
847 3337 971 3393 loco
1000 3356 1113 3409 quo
1144 3340 1214 3394 de
1258 3339 1716 3397 charismatibus
1767 3341 2047 3414 loquitur,

405 3424 707 3494 quoddam
741 3442 870 3481 esse
920 3427 1138 3482 donum
1188 3429 1268 3483 ait
1312 3429 1702 3501 prophetiam,
1755 3432 2052 3502 quoddam

409 3511 819 3570 discretionem
844 3516 1238 3588 spirituum“.
1258 3517 1402 3573 Nam
1426 3518 1524 3589 qui
1551 3536 1676 3575 sese
1696 3520 1940 3592 dignum
1960 3538 2055 3576 ex-

409 3600 567 3657 hibet
590 3604 1074 3674 instrumentum,
1107 3623 1208 3678 per
1237 3607 1388 3678 quod
1414 3607 1668 3678 Spiritus
1689 3613 1984 3680 opere-tur,
2008 3610 2058 3665 is

413 3691 698 3764 propheta
721 3699 827 3749 est.
857 3695 1032 3750 Porro
1062 3696 1157 3764 qui
1184 3695 1296 3750 vim
1323 3713 1522 3752 eorum
1548 3715 1674 3769 quae
1706 3700 2057 3754 denuntian-

415 3786 512 3834 tur
541 3783 861 3853 prudenter
892 3785 1159 3858 percipit,
1192 3786 1241 3840 is
1274 3787 1490 3842 donum
1521 3786 1698 3843 habet
1728 3789 2062 3844 discernen-

416 3870 624 3926 dorum
663 3872 1001 3944 spirituum.
1033 3877 1394 3946 Quapropler
1415 3880 1472 3932 et
1513 3875 1830 3933 Corinthiis
1877 3895 2061 3949 pries-

415 3959 682 4016 cribens:
712 3963 1001 4035 Propheta
1030 3967 1232 4030 autem,
1278 3964 1491 4036 inquit,
1542 3966 1647 4022 duo
1696 3976 1790 4022 aut
1837 3972 1946 4023 tres
1977 3967 2060 4022 di-

411 4053 558 4122 cant,
589 4058 645 4108 ετ
677 4055 864 4110 caeteri
891 4053 1196 4126 dijudicent
1229 4055 1292 4109 τ’.

476 4321 530 4373 2.
554 4321 654 4375 Est
675 4327 867 4377 autem
889 4321 1113 4378 donum
1136 4321 1246 4377 hoc
1271 4324 1414 4378 adeo
1439 4340 1742 4396 magnum,
1770 4328 1835 4380 ut
1855 4325 2059 4381 Domi-

410 4409 927 4466 nuscomminetur
939 4427 1066 4467 sese
1079 4411 1404 4466 ablatarum
1423 4429 1452 4468 e
1481 4413 1680 4468 Judaea
1694 4413 2057 4487 prophetam,

2167 4147 2314 4217 τρεῖς

2159 3340 2257 3401 Τίς
2319 3339 2483 3416 σοφὸς
2543 3341 2676 3411 (27),
2735 3338 2823 3392 καὶ
2883 3339 3101 3407 συνήσει
3155 3343 3370 3405 ταῦτας
3430 3337 3522 3390 καὶ
3584 3336 3816 3403 συνετὸς,

2165 3427 2254 3482 καὶ
2311 3425 2665 3501 ἐπιγνώσεται
2723 3425 2902 3494 αὐτάς
2965 3425 3064 3482 Καὶ
3125 3427 3153 3480 6
3213 3425 3549 3488 Ἀπόστολος
3621 3423 3672 3478 ἐν
3738 3429 3818 3496 τῷ

2166 3515 2288 3592 περὶ
2323 3515 2676 3592 χαρισμάτων
2725 3514 2902 3586 τόπῳ,
2952 3513 3013 3568 τὸ
3067 3515 3160 3586 μὶν
3209 3535 3262 3568 τι
3312 3515 3560 3589 χάρισμα
3599 3533 3813 3590 προφηο

2167 3605 2310 3660 τείαν
2342 3603 2494 3680 φησὶ,
2545 3603 2605 3657 τὸ
2656 3599 2713 3657 δι
2763 3599 3028 3679 διάκρισιν
3083 3604 3425 3676 πνευμάτων.
3475 3604 3536 3658 Ὀ
3588 3602 3682 3674 μὶν
3712 3601 3813 3678 γὰρ

2169 3695 2430 3770 παρέχων
2485 3693 2670 3747 ἑαυτὸν
2719 3690 2862 3762 ἄξιον
2917 3688 3144 3766 ὄργανον
3197 3695 3265 3766 τῇ
3308 3691 3546 3766 ἐνεργείᾳ
3578 3694 3691 3764 (28)
3721 3694 3820 3745 τοῦ

2170 3783 2505 3856 Ηνεύματος,
2561 3782 2848 3858 προφήτης
2902 3781 3061 3836 ἐστίν’
3113 3782 3141 3836 6
3192 3779 3249 3836 δὲ
3294 3781 3393 3850 τὴν
3451 3778 3676 3852 δύναμιν
3708 3784 3817 3834 τῶν

2172 3871 2671 3950 ἀπαγγελλομένων
2720 3875 2952 3933 συνετῶς
3007 3869 3395 3946 ἐκδεχόμενος,
3453 3871 3517 3925 τὸ
3568 3871 3819 3945 χάρισμα

2171 3961 2285 4039 ἔχει
2341 3970 2442 4032 τῆς
2502 3960 2820 4037 διακρίσεως
2875 3964 2980 4015 τῶν
3038 3960 3385 4034 πνευμάτων.
3443 3959 3535 4014 Διὸ
3585 3959 3675 4013 καὶ
3717 3965 3821 4013 Ko-

2172 4054 2400 4130 ρινθίοις
2469 4049 2767 4106 διατάσσων
2804 4092 2818 4119 ,
2877 4055 3162 4128 Προφῆται
3233 4047 3290 4104 δὲ
3327 4096 3341 4119 ,
3401 4048 3568 4124 φησὶ,
3627 4045 3725 4103 δύο
3781 4048 3818 4117 ἢ

2390 4139 2727 4197 λαλείτωσαν
2765 4184 2779 4210 ,
2874 4139 2964 4194 καὶ
3048 4140 3101 4194 οἱ
3185 4136 3348 4195 ἄλλοι
3439 4135 3815 4213 διακρινέτω-

2169 4253 2261 4286 σαν
2295 4233 2430 4305 (29).

2238 4325 2292 4379 2.
2322 4321 2422 4376 Καὶ
2470 4319 2612 4374 οὕτω
2670 4319 2827 4396 μέγα,
2879 4316 2961 4374 ὅτι
3017 4316 3070 4373 ἐν
3120 4318 3321 4392 ἀπειλῇ
3369 4322 3540 4374 κεῖται
3593 4313 3816 4394 ἀφελεῖν

2170 4411 2365 4486 Κύριον
2395 4409 2500 4464 ἀπὸ
2547 4414 2648 4478 τῆς
2696 4404 2964 4468 Ἰουδαίας
3006 4409 3320 4484 προφήτην,
3360 4405 3454 4462 καὶ
3487 4407 3820 4482 ποχαστήν,

484 4515 525 4548 ⁴¹
555 4515 938 4593 ΔιῖειιΙη-ηωῃιι,
975 4519 1059 4572 17.
1137 4518 1412 4593 ξ’ίΜοιιῇ.
1447 4537 1598 4589 xxxv,
1636 4521 1722 4575 46.
1801 4520 1846 4555 ⁴³
1875 4521 2053 4578 Matth

2174 4563 2183 4590 ,
2217 4521 2302 4574 16.
2381 4517 2427 4553 ⁸⁸
2454 4516 2656 4573 Matth.
2688 4533 2768 4584 xx,
2807 4516 2892 4571 15.
2971 4516 3014 4560 ⁸⁵
3045 4517 3177 4574 Ose.
3230 4533 3342 4586 xxv,
3398 4515 3483 4572 10.
3562 4516 3606 4552 ⁴⁶
3643 4514 3818 4571 iCor.

408 4600 512 4656 xxx,
547 4586 634 4640 10.
708 4588 751 4623 ⁸⁷
782 4588 956 4645 ICor.
987 4606 1103 4658 xxv,
1131 4591 1221 4646 29.

416 4695 684 4770 prooemii
713 4711 900 4769 genus
934 4715 1047 4753 non
1080 4699 1161 4753 ita
1192 4701 1336 4754 scite
1385 4699 1878 4755 consarcinatum.
1914 4701 2064 4756 Sunt
2093 4705 2140 4770 1)

417 4765 519 4842 qui
550 4765 886 4823 existiment
915 4774 1140 4842 partem
1176 4771 1441 4842 prooemii
1482 4772 1642 4826 illius
1673 4773 1743 4826 ad
1779 4773 2059 4828 Basiliam

417 4837 714 4916 Magnum
731 4857 846 4916 non
879 4837 1191 4916 pertinere:
1210 4844 1314 4916 Sed
1337 4848 1564 4898 tantum
1591 4845 1756 4898 abest
1779 4851 1842 4898 ut
1861 4861 1967 4916 ego
1991 4846 2063 4900 de

417 4925 484 4986 eo
516 4927 649 4967 cum
679 4912 798 4968 illis
823 4915 1173 4970 contendere
1195 4915 1388 4981 velim,
1415 4922 1476 4968 ut
1500 4916 1846 4986 prooemium
1872 4912 2061 4972 totum

415 4983 689 5058 ejusnon
725 5000 854 5058 esse
885 4986 1056 5058 tacile
1084 4988 1420 5041 concedam.
1451 4983 1530 5042 De
1582 4991 1708 5058 ipso
1758 5004 1950 5058 opere,
1987 5005 2061 5044 an

415 5053 616 5138 Basilii
640 5055 734 5138 sit,
755 5057 810 5111 in
834 5057 1174 5148 Praefa‘tirgne
1194 5059 1337 5148 satis
1355 5053 2058 5148 copiose'di‘sput'avimus.

412 5130 541 5196 ipso
575 5130 742 5182 initio
773 5135 1017 5199 uterque
1049 5130 1332 5187 Comhef..
1370 5131 1444 5199 μὴ
1488 5130 1756 5203 γενέσθαι.
1792 5131 1928 5201 Reg.
1966 5149 2058 5188 se-

411 5193 852 5320 gpzngx-seiﬁpﬂ
887 5198 1153 5274 γενέσθαι.
1189 5203 1335 5258 Editi
1368 5203 1640 5274 denique,
1686 5201 1931 5272 εὔξασθαι
1967 5205 2062 5276 μὶν

445 5271 493 5320 εἶ
522 5271 621 5337 μή,
654 5275 762 5325 etc.

807 5345 1124 5416 secundus,
1172 5337 1459 5415 Σακϐάτῳ.
1515 5346 1725 5400 Statim
1773 5348 1904 5416 post
1937 5345 2058 5416 illa,

414 5407 666 5480 ἐποίησεν
691 5407 917 5480 ὁηΘείός,
966 5407 1204 5470 additur
1236 5418 1293 5471 in
1348 5407 1522 5472 editis
1562 5422 1618 5472 et
1664 5418 1722 5472 in
1777 5407 1914 5480 Reg.
1970 5407 2059 5473 se;

414 5479 1000 5561 cundo,_968t_i:'xriqr
1037 5489 1136 5544 sed
1169 5489 1313 5561 quin
1346 5488 1468 5543 hinc
1502 5489 1755 5561 expungi
1789 5479 2057 5561 debeant,

419 5571 536 5636 pon
558 5556 725 5636 val_d_e
748 5558 1061 5636 admodum
1083 5556 1446 5636 dubitamus,
1471 5556 1605 5617 cum
1629 5556 1868 5636 prorsus
1892 5556 2058 5636 παρέὲ

419 5622 577 5706 {nisi
605 5629 928 5706 videantur.
964 5632 1201 5687 Accedit
1246 5622 1447 5702 etiam,
1499 5622 1654 5706 quod
1698 5633 1758 5689 in
1811 5622 2061 5706 utroque

415 5697 676 5760 Combet‘.
712 5702 916 5760 deesse
943 5707 1190 5762 constet.

2171 5420 2324 5490 apud
2359 5417 2616 5472 Joelem:
2652 5431 2711 5470 se

2245 4698 2356 4770 (23)
2388 4698 2534 4770 Reg:
2562 4695 2880 4770 secundus,
2913 4694 2941 4748 ὁ
2974 4688 3118 4768 ὄφις.

2244 4765 2354 4848 (24.)
2387 4765 2671 4848 ΒίοἯοβὶἱ
2705 4765 2951 4848 primus,
2987 4765 3285 4848 secundus
3311 4768 3614 4848 ettertixxs.

2174 4835 2517 4903 ἀποδύεσθαι.
2556 4835 2973 4896 Mox-codices
3028 4835 3581 4918 ιῐδθε,]ἀποδύεσθαι.
3642 4838 3818 4907 Editi,

2172 4913 2562 4970 ἀποδύσασθαι.

2243 4990 2351 5059 (25)
2386 4991 2521 5059 Reg.
2547 4983 2856 5059 _secun_d_u_s_
2873 4986 2940 5059 et
2955 4982 3187 5059 tertius,
3213 4979 3454 5056 διείρων,
3479 4987 3651 5039 recte.
3675 4981 3815 5052 Reg.

2171 5041 2435 5132 primus,
2455 5041 2676 5128 διείρας.
2705 5053 2896 5132 Εάἱίί,
2915 5041 3192 5132 διείργων.

2242 5133 2354 5202 (26)
2385 5118 2474 5202 έὶγο
2505 5118 2622 5202 tres
2654 5141 2800 5181 mss.
2835 5118 3098 5202 A't-edi'ti',
3145 5123 3397 5202 βούλεται
3448 5122 3682 5202 ὁμοίως-
3705 5118 3814 5202 διά,

2171 5191 2279 5259 etc.
2307 5191 2513 5257 Statim
2557 5200 2673 5254 duo
2719 5213 2862 5252 mss.
2914 5191 3261 5261 ἀποδύεσθαι.
3311 5191 3496 5265 Alter,
3547 5191 3815 5250 ἀποδύσε-

2171 5285 2292 5337 σθαι
2323 5273 2498 5339 Editi,
2529 5265 2918 5331 ἀποδύσασθαι.

2241 5348 2351 5416 (27)
2388 5344 2510 5414 Illa,
2540 5340 2622 5402 τίς
2652 5339 2841 5470 σοέός,
2873 5346 3006 5410 etc,,
3040 5358 3157 5397 non
3189 5341 3523 5398 invenimus
3571 5339 3811 5411 quidem

2241 5420 2324 5470 iud
2359 5417 2616 5470 Joelem:
2652 5431 2711 5470 se
2786 5414 2940 5470 anud
2982 5418 3191 5470 Oseam
3242 5413 3523 5470 leguntur
3565 5428 3688 5470 xxv.
3722 5410 3811 5464 10.

2240 5420 2324 5473 Iud
2359 5418 2616 5472 Joelem:
2652 5418 2751 5470 sed
2786 5418 2940 5485 apud
2982 5418 3191 5470 Oseam
3242 5418 3523 5542 legéxntur
3565 5428 3688 5482 xxv,
3722 5418 3812 5464 10.

2240 5490 2351 5561 (28)
2385 5490 2522 5561 Reg.
2549 5487 2867 5561 secundus,
2889 5489 2988 5561 τῆς
3013 5483 3298 5560 ἐνεργείας.
3368 5487 3472 5542 diti
3498 5500 3628 5541 cum
3653 5486 3813 5538 utro-

2169 5555 2283 5634 que
2314 5555 2594 5634 Celabat,
2623 5561 2691 5631 τῇ
2724 5555 2983 5634 ἐνεργείᾳ.

2263 5635 2352 5705 29)
2387 5633 2526 5763 Reg.
2558 5620 2875 5697 secundus;
2919 5620 3005 5684 καὶ
3057 5625 3222 5685 ἄλλοι
3274 5624 3642 5705 διακρίνοντες
3689 5620 3813 5678 δια-

2263 5724 2368 5763 σεις
2398 5724 2465 5761 κα
2493 5745 2507 5763 .

2239 5636 2352 5763 (29)
2387 5636 2465 5690 Re

2166 5721 2232 5782 κρ
2261 5724 2368 5770 σεις
2398 5724 2465 5761 κα
