4154 6396
307 395 412 452 121

1044 388 1452 451 COMMENT.
1496 385 1576 445 IN
1625 383 1888 444 lSAlAM
1939 375 2446 440 PROPHETAM.
2495 372 2978 435 PROCEMIUM.

3625 369 3742 428 122

303 524 496 579 καὶθαυ
510 523 713 596 μαστὸν
745 516 1085 594 σύμϐουλον,
1115 517 1204 572 καὶ
1227 516 1443 572 συνετόν
1467 515 1759 590 ἀκροατήν·
1784 514 1959 584 Ἦμᾶς

2077 531 2131 582 et
2145 527 2533 596 conjectorem
2545 528 2621 588 ,et
2643 526 2712 579 ad
2724 523 2951 578 mirand
2964 538 3060 576 um
3083 519 3474 576 consultorem
3488 519 3602 582 ,87
3613 519 3662 573 θ
3677 522 3736 572 et

307 612 364 668 δὲ
383 609 761 688 εύχεσθαεχρὴ
787 606 974 666 λαϐεῖν
995 610 1056 664 τὸ
1076 615 1178 678 τῆς
1203 606 1398 684 σοφίας
1419 605 1692 673 καὶτὸτῆς
1709 603 1965 677 γνώσεως

305 702 399 758 καὶ
428 703 492 757 τὸ
521 707 622 771 τῆς
645 697 998 761 διδασκαλίας
1027 698 1296 774 χάρισμα,
1332 693 1476 750 ὥστε
1504 693 1818 765 πάνταὸμοῦ
1849 712 1968 746 συν-

309 789 585 867 δρκμόντα
605 794 686 862 τῷ
706 791 1025 865 ἡγεμονικῷ
1045 791 1078 856 ἠ
1092 793 1207 860 μῶν
1233 785 1531 840 ἐντυπῶσαι
1556 785 1655 851 τὴν
1673 782 1851 850 πάσης
1868 787 1968 849 τῆς

309 881 802 958 προφητευομένης
825 877 1082 948 ἀληθείας
1125 875 1429 953 μόρφωσιν.
1465 875 1617 930 Ἔστι
1651 870 1709 926 δὶ
1737 875 1833 926 τοῦ
1871 871 1964 944 μὶν

312 969 483 1046 λόγου
510 976 610 1040 τῆς
633 969 882 1041 γνώσεως
906 966 1067 1042 χρεία
1087 967 1224 1038 πρὸς
1245 965 1306 1019 τὸ
1333 965 1554 1038 θεωρεῖν
1583 966 1680 1017 τοῦ
1712 960 1968 1032 Πνεύμα-

309 1081 402 1122 τος
435 1061 502 1114 τὰ
531 1057 836 1134 ἀπόῤῥητα·
863 1060 960 1112 τοῦ
1012 1053 1068 1110 δὶ
1121 1052 1289 1130 λόγου
1335 1059 1438 1123 τῆς
1483 1051 1693 1130 σοφίας,
1737 1050 1872 1124 πρὸς
1903 1049 1966 1103 τὸ

310 1147 696 1204 κατασκευάσαι
757 1145 847 1201 καὶ
907 1145 1285 1220 ἐξεργάσασθαι
1341 1143 1409 1197 τὰ
1477 1137 1965 1213 συνεστραμμὲνως

311 1239 362 1294 ἐν
423 1235 818 1314 βραχυλογίαις
870 1232 1216 1307 ἐκδεδομέναυ
1265 1229 1410 1286 ’ίδιον
1463 1231 1565 1307 γὰρ
1617 1236 1717 1298 τῆς
1775 1227 1965 1302 σοφίας

305 1328 368 1383 τὸ
390 1326 640 1382 ἐκτείνειν
670 1324 886 1400 λόγους.
946 1323 1213 1393 Ἐξὲτεινα
1260 1321 1386 1397 γὰρ,
1429 1317 1797 1394 φησὶ,λόγους
1829 1319 1962 1391 (30),

310 1416 402 1471 καὶ
435 1415 500 1469 ού
527 1414 869 1489 προσείχετε.
929 1413 1165 1467 Ἔπειτα
1212 1410 1274 1466 τὸ
1332 1416 1432 1481 τῆς
1484 1406 1836 1467 διδασκαλίας
1861 1406 1965 1460 χά-

314 1523 484 1579 ρισμα
515 1503 593 1566 εἷς
621 1500 924 1575 οἰκοδομὴν
971 1499 1079 1556 τῶν
1130 1500 1459 1554 ἀκουόντων.
1513 1497 1632 1571 Χρὴ
1684 1495 1864 1551 τοίνυν
1895 1496 1965 1567 τῇ

312 1595 470 1666 ψυχῇ
517 1595 615 1646 τοῦ
665 1589 969 1664 μέλλοντος
1006 1588 1366 1665 προφητεύειν
1399 1588 1498 1656 τήν
1547 1583 1969 1654 ἐπιτηδειότητα

313 1681 738 1757 προῦποκεῖσθαι
785 1678 844 1734 ἐκ
888 1677 984 1734 τοῦ
1033 1677 1114 1756 ἐφ’
1167 1679 1273 1748 (31)
1324 1679 1460 1748 ἡμῖν
1510 1677 1834 1747 κινήματος,
1877 1669 1971 1726 ἵνα

313 1771 340 1824 ό
371 1769 423 1824 ἐν
446 1775 563 1831 τοῖς
597 1767 752 1833 ὅλοις
800 1766 970 1843 λόγος
1011 1767 1107 1829 τὰς
1165 1766 1576 1842 ἁρμονιωτὲρας
1606 1763 1790 1838 ψυχὰς
1821 1758 1971 1816 ἐκλε-

310 1859 562 1932 γόμενος,
597 1858 648 1912 ἐν
683 1859 768 1922 αἷς
798 1856 924 1912 ούδὶ
977 1857 1170 1932 μικρόν
1202 1876 1254 1909 τι
1299 1854 1507 1927 κίνημα
1533 1857 1636 1950 τού
1661 1852 1968 1950 παθητικοῖξ
2002 1887 2047 1950 Β

308 1954 411 2017 τῆς
456 1950 642 2022 ψυχῆς
694 1946 1022 2021 ἀσύμφωνόν
1078 1944 1187 1999 ἐστι
1247 1943 1384 2016 πρὸς
1451 1944 1544 1998 τὸν
1619 1939 1782 2017 λόγον
1832 1938 1970 1994 κατὰ

309 2036 411 2104 τὴν
467 2033 754 2109 ἀναλογίαν
803 2041 904 2103 τῆς
964 2033 1380 2109 ἐνυπαρχούσης
1441 2029 1821 2107 εὐαρμοστίας,
1866 2029 1966 2096 τὴν

316 2124 377 2180 ἐκ
430 2128 526 2178 τοῦ
607 2123 754 2187 θείου
837 2123 1156 2195 Ηνεύματος
1228 2121 1493 2196 ἐνέργειαν
1575 2117 1836 2194 ἐπαγάγῃ.
1895 2116 1967 2171 Οὐ

319 2211 486 2284 μόνον
543 2209 600 2266 δὲ
653 2214 688 2281 ἡ
720 2216 827 2266 τῶν
884 2215 1072 2275 παθῶν
1121 2207 1431 2278 καταστολὴ
1488 2207 1742 2285 ἀναγκαία
1773 2207 1850 2271 είς
1875 2206 1965 2261 τὸν

314 2299 675 2374 εὗτρεπισμὸν
710 2307 810 2370 τῆς
842 2298 1128 2375 ύποδοχῆς
1173 2304 1271 2355 τοῦ
1313 2298 1646 2372 Πνεύματος,
1681 2296 1848 2364 ἀλλὰ,
1879 2296 1968 2349 καὶ

313 2389 378 2444 τὸ
416 2391 612 2463 μέτρον
670 2397 774 2460 τῆς
831 2390 955 2465 περὶ
1010 2391 1112 2459 τήν
1157 2389 1336 2444 πίστιν
1394 2385 1707 2454 διαθέσεως,
1763 2385 1969 2446 καὶτὸ

316 2479 590 2556 συμφέρον
623 2477 787 2534 αὐτοῦ
815 2499 874 2534 τε
902 2482 1002 2533 τοῦ
1034 2474 1448 2552 ὑποδεχομένου
1496 2478 1607 2550 (32)
1636 2477 1737 2544 τὴν
1781 2474 1966 2548 χάριν,

313 2567 406 2622 καὶ
461 2573 568 2622 τῶν
630 2568 769 2622 κατὰ
826 2567 1013 2642 καιρὸν
1048 2567 1378 2634 άκουοντων,
1411 2563 1448 2634 ἢ
1497 2565 1588 2619 καὶ
1635 2561 1714 2625 εἷς
1749 2562 1966 2638 ὕστερον

321 2656 654 2729 μεθτξόντων
686 2662 787 2726 τῆς
819 2655 880 2710 ἐκ
924 2658 1032 2710 τῶν
1073 2658 1370 2733 προφητῶν
1425 2651 1714 2730 ὠφελείας.
1753 2650 1966 2706 Δίδοται

313 2744 440 2821 γὰρ,
499 2744 688 2819 φησὶν,
750 2745 960 2817 ἑκάστῳ
1028 2746 1062 2813 ἠ
1118 2745 1419 2821 φανίρωσις
1497 2746 1594 2797 τοῦ
1652 2740 1966 2814 Ηνεύματος

312 2834 452 2907 πρὸς
504 2834 564 2888 τὸ
625 2835 922 2912 συμφιρον·
999 2833 1089 2887 καὶ
1161 2831 1352 2889 πάλιν
1416 2832 1559 2888 Κατὰ
1604 2833 1705 2901 τὴν
1768 2829 1965 2886 ἀναλο-

308 2921 430 2996 γίαν
462 2929 564 2992 τῆς
613 2923 866 2987 πίστεως.
925 2922 1240 3001 Ἀνίφικτον
1294 2922 1490 2995 μὲντον
1553 2923 1665 2994 (33)
1695 2920 1758 2975 τὸ
1787 2919 1856 2995 τῇ
1878 2921 1965 2975 ἀν-

313 3010 557 3086 θρωπίνῃ
606 3011 759 3089 φύσει
807 3019 1148 3086 παραστῆσαι
1197 3012 1291 3065 τὸν
1343 3008 1510 3084 λόγον
1551 3017 1653 3078 τῆς
1702 3007 1966 3084 διαφόρου

308 3099 581 3178 ἐνεργείας
611 3101 760 3175 παρὰ
786 3105 882 3156 τοῦ
914 3100 1062 3155 Θείου
1085 3099 1398 3172 Πνεύματος
1417 3104 1536 3162 τοῖς
1557 3097 1730 3167 ἀξίοις
1755 3097 1968 3171 ἐγγινο-

315 3191 501 3263 μὲνης*
591 3191 710 3244 καθ’
770 3188 830 3244 ὅν
900 3190 928 3243 ὁ
1017 3189 1110 3261 μὶν
1191 3186 1526 3264 προφητείαν
1607 3183 1962 3254 πιστεύεται,

2079 615 2410 672 auditorem
2444 613 2873 684 intelligentem
2899 612 2963 667 ‘3.
2990 611 3171 666 Nobis
3197 626 3332 665 vero
3365 609 3731 680 precandum

2079 709 2146 760 ut
2203 701 2561 774 accipiamus
2620 701 2940 772 sapientiae,
2984 718 3047 756 ac
3084 700 3364 768 scientiae,
3401 714 3586 766 neque
3619 714 3734 752 non

2081 795 2361 849 doctrinm
2396 792 2721 857 donum,ut
2750 791 2950 844 omnia
2973 789 3148 844 simul
3182 787 3592 844 concurrentia
3619 786 3731 840 for-

2079 899 2235 937 mam
2257 879 2452 936 omnia
2485 879 2744 933 veritatis
2779 896 2907 950 quaa
2940 877 3246 950 prophetia
3281 877 3637 942 continetur,
3673 876 3732 930 in

2078 970 2384 1044 principali
2419 968 2601 1024 animi
2634 969 2814 1023 nostri
2853 974 3011 1038 parte
3042 966 3408 1038 imprimant.
3442 970 3602 1037 Opus
3643 969 3733 1020 est

2078 1065 2272 1114 autem
2297 1073 2568 1114 sermone
2600 1057 2856 1112 scientias
2883 1057 2953 1110 ad
2987 1055 3441 1127 contemplanda
3478 1053 3733 1125 Spiritus

2077 1160 2324 1204 arcana:
2359 1163 2630 1202 sermone
2656 1162 2787 1201 vero
2836 1145 3251 1217 sapientiae,ad
3287 1144 3628 1216 apparanda
3675 1145 3734 1196 et

2079 1237 2396 1293 excolenda
2421 1253 2488 1291 ea
2511 1251 2640 1307 quae
2671 1239 2938 1289 contorto
2969 1251 3036 1289 ac
3069 1232 3270 1305 paucis
3294 1236 3436 1287 sunt
3483 1231 3729 1303 prolata.

2076 1325 2377 1396 Siquidem
2404 1323 2704 1393 sapientiae
2728 1322 3031 1394 proprium
3057 1326 3148 1376 est
3172 1321 3488 1392 producere
3509 1335 3730 1375 sermo-

2077 1429 2233 1469 nem.
2265 1412 2358 1468 Ait
2384 1413 2539 1467 enim
2577 1429 2590 1466 :
2623 1411 2868 1467 Produxi
2896 1427 3194 1475 sermones,
3221 1414 3276 1464 et
3315 1425 3426 1464 non
3482 1408 3731 1463 attendi-

2077 1504 2176 1559 stis
2199 1503 2262 1557 ιο.
2300 1502 2581 1556 Praeterea
2605 1503 2884 1556 doctrinis
2909 1503 3146 1556 domum
3175 1501 3428 1572 pertinet
3445 1500 3514 1554 ad
3549 1499 3731 1554 aediﬁ-

2080 1593 2366 1648 cationem
2390 1590 2992 1660 audientium.ltaque
3013 1607 3082 1645 ex
3111 1589 3279 1644 liberi
3304 1588 3528 1644 arbitrii
3564 1592 3729 1643 motu
3805 1610 3811 1617 -

2079 1681 2137 1736 in
2172 1680 2369 1735 anima
2399 1681 2528 1750 ejus
2562 1680 2661 1750 qui
2693 1679 2773 1733 sit
2804 1678 3610 1750 prophetaturus,praajaceat
3632 1693 3733 1732 ne-

2081 1786 2244 1825 cesse
2275 1774 2365 1824 est
2396 1769 2665 1839 quaedam
2701 1767 2996 1833 habilitas,
3023 1773 3089 1822 ut
3118 1768 3362 1822 verbum
3395 1766 3538 1821 illud
3574 1766 3729 1838 quod

2081 1863 2171 1914 est
2199 1860 2259 1913 in
2292 1858 2588 1927 omnibus,
2621 1858 2764 1911 dum
2790 1857 2976 1925 magis
3001 1856 3359 1927 compositos
3381 1855 3589 1926 deligit
3609 1854 3733 1910 ani-

2079 1964 2229 2014 mos,
2261 1947 2321 2002 in
2354 1947 2568 2019 quibus
2594 1963 2698 2001 nec
2721 1946 2966 2017 exiguus
2989 1945 3302 2000 affectuum
3328 1944 3510 1999 animi
3535 1950 3731 1999 motus

2079 2038 2347 2093 dissonat
2377 2052 2508 2092 cum
2537 2036 2759 2090 ratione
2783 2037 2953 2105 juxta
2983 2034 3308 2105 analogiam
3351 2033 3761 2106 praecedentis.

2079 2124 2640 2198 aptitudinis,divini
2674 2123 2931 2195 Spiritus
2963 2123 3205 2177 inducat
3248 2122 3591 2178 efﬁcaciam.
3625 2122 3735 2176 Ne-

2079 2231 2192 2287 que
2215 2231 2347 2270 vero
2370 2213 2561 2270 solum
2587 2213 2906 2284 requiritur
2927 2212 3237 2267 affectuum
3263 2210 3582 2277 sedatio,ut
3601 2209 3736 2281 quis

2080 2305 2151 2359 ad
2185 2302 2632 2374 suscipiendum
2656 2302 2938 2373 Spiritum
2973 2305 3211 2372 paratus
3243 2301 3320 2356 sit
3351 2306 3408 2355 et
3437 2305 3737 2371 aptus,ve-

2079 2409 2212 2448 rum
2235 2392 2410 2446 etiam
2446 2392 2688 2462 quidam
2716 2391 2775 2445 in
2809 2391 3006 2445 animo
3025 2406 3162 2462 erga
3186 2390 3358 2445 fidem
3379 2387 3735 2458 modus,uti-

2076 2482 2350 2551 litesque,
2388 2485 2511 2534 tum
2549 2479 2725 2549 hujus
2754 2479 2850 2551 qui
2875 2479 3127 2552 gratiam
3152 2479 3384 2550 accipit,
3415 2482 3545 2532 tum
3595 2477 3733 2533 illo-

2079 2587 2210 2626 rum
2241 2570 2336 2642 qui
2371 2571 2428 2624 in
2462 2573 2725 2640 tempore
2752 2569 3044 2624 audiunt:
3073 2573 3174 2623 aut
3204 2584 3406 2623 eorum
3431 2567 3602 2623 etiam
3630 2567 3732 2638 qui

2078 2659 2136 2714 in
2171 2663 2470 2731 posterum
2495 2674 2563 2713 ex
2596 2658 2896 2729 prophetis
2923 2659 3176 2712 fructum
3212 2656 3540 2728 percepturi
3571 2662 3736 2713 sunt.

2077 2750 2253 2804 Datur
2280 2748 2460 2814 enim,
2492 2747 2706 2818 inquit,
2739 2748 3040 2818 unicuz'quo
3069 2749 3451 2818 mani/estatio
3493 2745 3734 2818 Spiritus

2078 2839 2148 2893 ad
2177 2839 2488 2894 utilitatem
2518 2837 2564 2872 ⁸ο
2586 2861 2601 2904 ;
2626 2853 2692 2891 ac
2728 2853 2937 2891 rursus
2970 2852 2982 2891 :
3025 2837 3332 2890 Secundum
3365 2837 3640 2890 rationem
3670 2835 3733 2905 ﬁ-

2076 2927 2166 2983 dei
2185 2928 2252 2982 ⁸1.
2278 2928 2429 2982 Sane
2460 2942 2639 2997 supra
2679 2931 2902 2980 natura:
2959 2925 3112 2981 vires
3161 2928 3272 2993 est,
3304 2924 3576 2979 exhibere
3635 2940 3731 2979 ra-

2076 3015 2298 3070 tionem
2333 3017 2690 3084 modumque
2721 3015 2962 3068 diversa:
2989 3013 3504 3084 Operationis,quze
3537 3028 3570 3066 a
3597 3011 3731 3082 Spi-

2077 3102 2192 3158 ritu
2225 3102 2650 3157 divinoaccidit
2678 3101 2737 3155 in
2771 3101 2861 3156 his
2894 3101 2992 3173 qui
3028 3101 3530 3156 merentur.Juxta
3553 3117 3729 3170 quam

2077 3190 2215 3245 huic
2239 3190 2547 3261 prophetia
2569 3190 3046 3257 committitur,et
3065 3189 3122 3244 id
3146 3189 3385 3260 quidem
3410 3190 3480 3244 ad
3502 3194 3727 3244 certum

308 3249 399 3333 καὶ
418 3249 618 3349 ταύτην
644 3277 731 3332 ἐπὶ
761 3249 1096 3334 τοσόνδε..Ὀ
1120 3274 1178 3330 δὶ
1196 3249 1511 3351 χαρίσματα
1541 3272 1788 3346 ἰαμάτων
1820 3249 1963 3346 λαμ-ξ

2077 3249 2512 3334 ωοᾶύω.λὶὶιιε
2537 3279 2914 3348 accipitdona
2937 3249 3334 3344 sanatiohum,
3357 3284 3532 3348 atque
3554 3293 3621 3332 ea
3653 3277 3726 3332 ad

310 3361 480 3435 δάνει,
511 3366 602 3420 καὶ
631 3371 799 3420 ταῦτα
827 3363 1094 3436 τηλικοίδε
1121 3367 1254 3439 (34)’
1288 3365 1377 3419 καὶ
1428 3361 1600 3427 ἄλλος
1621 3363 1964 3437 ἐνεργήματα

311 3452 590 3528 δυνάμεων
628 3452 888 3526 μειζόνων
943 3453 978 3522 ἢ
1028 3451 1388 3528 μικροτέρων.
1432 3455 1615 3508 Ταῦτα
1661 3451 1763 3525 γὰρ
1801 3452 1965 3523 μόνος

311 3539 450 3597 οἶδεν
485 3542 512 3596 ὁ
560 3545 629 3616 τῇ
678 3541 906 3597 ἑκάστου
955 3544 1141 3616 ψυχῆς
1188 3541 1310 3612 ἀξίᾳ
1357 3539 1695 3609 ἐνατενίζων,
1725 3538 1962 3601 καὶτοῖς

312 3631 655 3707 ἆθεωρήτοις
683 3638 783 3700 τῆς
834 3628 1185 3700 δικαιοσύνης
1234 3629 1454 3706 μέτροις
1498 3625 1721 3703 διαιρῶν
1754 3628 1963 3701 ἒκάοτῳ

309 3719 377 3774 τὰ
403 3719 540 3795 πρὸς
571 3719 739 3792 ἀξίαν.

380 3811 430 3865 3.
466 3812 589 3870 Πῶς
640 3809 1009 3886 προεφήτευον
1040 3809 1107 3880 foll.
1163 3808 1392 3884 καθαραὶ
1438 3806 1528 3862 καὶ
1561 3803 1828 3881 διατυγεῖς
1857 3809 1963 3881 ψυ-

310 3897 446 3972 χαίς
479 3895 659 3955 Οίονεὶ
707 3896 985 3974 κάτοπτρα
1033 3897 1292 3974 γινόμενα
1340 3903 1439 3967 τῆς
1491 3896 1634 3958 θείας
1677 3895 1964 3971 ἂνεργείας,

307 3988 408 4056 τήν
457 3982 687 4066 ἔμφασιν
718 3988 919 4063 τρανὴν
971 3987 1060 4042 καὶ
1096 3987 1400 4062 ἆσύγχυτον
1458 3986 1547 4042 καὶ
1596 3983 1754 4041 οὐδὲν
1781 3984 1962 4041 ἐπιθο-

311 4075 582 4150 λουμενην
613 4075 672 4131 ἐκ
694 4080 802 4132 τῶν
836 4081 1020 4141 παθῶν
1070 4083 1171 4147 τῆς
1202 4077 1400 4153 σαρκὸς
1429 4073 1819 4132 ἐπεδείκνυντο.
1853 4079 1960 4130 Πᾶ-

310 4187 362 4220 σι
399 4166 494 4240 μὶν
530 4168 642 4241 (35)
671 4166 776 4242 γὰρ
807 4165 1032 4242 πάρεστι
1060 4167 1123 4221 τὸ
1167 4167 1320 4242 ἅγιον
1375 4167 1616 4239 Ηνεῢμασ
1672 4162 1817 4220 ἆλλᾶ
1842 4170 1960 4228 τοῖς

315 4255 409 4330 μὲν
436 4256 794 4330 καθαρεύουσι
836 4260 945 4310 τῶν
995 4261 1182 4321 παθῶν
1234 4257 1334 4326 τὴν
1379 4251 1518 4310 ἰδίαν
1569 4253 1818 4334 ἐμφαίνει
1869 4251 1961 4310 δύο

308 4362 494 4418 ναμιν*
525 4349 641 4406 τοῖς
694 4341 753 4400 δὲ
805 4345 868 4400 τὸ
898 4345 1227 4422 ἡγεμονικὸν
1288 4342 1692 4422 συγκεχυμένον
1739 4340 1958 4418 ἔχουσιν

309 4432 417 4488 ἀπὸ
444 4438 552 4489 τῶν
601 4440 701 4504 τῆς
751 4432 1017 4510 ἁμαρτίας
1061 4433 1296 4505 σπίλων,
1329 4432 1529 4490 ούκὲτι.
1592 4437 1682 4488 Δεῖ
1737 4429 1794 4487 δὲ
1823 4433 1960 4506 πρὸς

306 4526 376 4596 τῇ
408 4521 740 4600 καθαρότητι
763 4523 853 4578 καὶ
883 4523 946 4578 τὸ
990 4522 1200 4597 ὁμαλὸν
1249 4524 1348 4592 τῆς
1399 4523 1688 4584 εὐσταθοῦς
1723 4521 1836 4594 (36)
1864 4542 1958 4576 κα-

2074 3372 2293 3423 certam
2319 3367 2845 3434 mensuram;alius
2868 3383 2999 3422 vero
3017 3367 3388 3438 operationes
3410 3365 3694 3421 virtutum
3711 3409 3724 3434 ,

2075 3457 2367 3527 majorum
2399 3460 2501 3510 aut
2525 3455 2844 3511 minorum.
2869 3456 3035 3510 Enim
3067 3472 3201 3510 vero
3232 3455 3395 3511 solus
3422 3455 3536 3510 ista
3565 3456 3728 3510 novit

2073 3544 2175 3615 qui
2207 3545 2497 3617 cujusque
2525 3545 2735 3599 animae
2760 3545 3036 3600 meritum
3070 3546 3307 3616 penitus
3350 3545 3636 3610 intuetur,
3666 3549 3726 3598 et

2073 3632 2739 3704 invisibilibusjustitize
2773 3635 3069 3689 mensuris
3100 3651 3230 3705 quae
3252 3650 3320 3689 ex
3342 3633 3553 3688 merito
3583 3636 3727 3689 sunt

2075 3720 2394 3793 unicuique
2425 3721 2746 3779 distribuit.

2102 3831 2105 3834 '
2143 3814 2197 3868 3.
2243 3813 2546 3877 Quomodo
2605 3812 3037 3884 prophetabant
3084 3830 3245 3885 puras
3294 3829 3361 3868 ac
3419 3811 3721 3884 pellucidaa

2074 3902 2328 3957 animas?
2359 3901 2574 3973 Nempe
2600 3918 2678 3957 eae
2709 3901 2868 3958 velut
2903 3901 3142 3974 specula
3169 3903 3332 3957 facta:
3355 3901 3562 3957 divinae
3585 3917 3720 3973 ope-

2072 3990 2660 4063 rationis,imaginem
2677 3991 2967 4063 integram
2981 3991 3149 4046 incon
3160 3993 3471 4062 fusamque
3487 3996 3542 4045 et
3560 3989 3725 4046 nulla

2073 4095 2142 4136 ex
2172 4084 2337 4152 parte
2387 4079 2693 4136 affectibus
2742 4082 2938 4136 carnis
2983 4081 3284 4136 turbatam
3342 4083 3722 4151 repraesenta-

2071 4170 2388 4225 hant.Nam
2421 4169 2698 4249 omnibus
2731 4170 2968 4241 quidem
2994 4171 3162 4226 adest
3180 4169 3431 4242 Spiritus
3454 4173 3716 4224 sanctus:

2070 4259 2172 4314 sed
2200 4259 2273 4314 iis
2297 4259 2396 4330 qui
2427 4259 2558 4332 puri
2583 4263 2725 4314 sunt
2749 4259 3078 4326 affectibus,
3104 4259 3462 4331 peculiarem
3490 4259 3724 4314 exhibet

2068 4350 2382 4416 virtutem;
2418 4354 2478 4404 at
2505 4365 2638 4404 vero
2657 4347 2728 4403 iis
2753 4365 3003 4420 quorum
3038 4364 3205 4404 mens
3258 4347 3478 4421 peccati
3530 4348 3721 4404 sordi-

2068 4436 2183 4493 bus
2212 4438 2612 4508 perturbatur,
2648 4436 2911 4492 minime.
2959 4437 3199 4508 Oportet
3257 4441 3455 4493 autem
3512 4439 3723 4508 praeter

2070 4526 2407 4598 puritatem,
2461 4526 2788 4582 constantis
2846 4526 3028 4580 animi
3078 4525 3533 4598 aequabilitatem
3565 4525 3724 4580 exhi-

305 4611 611 4675 ταστάσεως
644 4609 1058 4669 ἐπιδείκνυσθαι.
1110 4613 1190 4670 Οὐ
1238 4613 1339 4688 γὰρ
1373 4612 1402 4666 ὁ
1453 4610 1764 4686 ἀνωμάλως
1813 4605 1958 4688 ἔχων

2077 4615 2228 4672 bere.
2263 4616 2464 4688 Neque
2494 4616 2650 4671 enim
2675 4615 2775 4686 qui
2807 4615 3116 4687 inaequalis
3135 4619 3225 4671 est
3255 4614 3434 4671 animi
3461 4616 3614 4670 circa
3629 4631 3723 4670 ca-

307 4701 428 4776 περὶ
459 4699 837 4780 σωφροσύνην,
897 4696 1156 4776 καθαρός’
1219 4698 1346 4756 ἀλλ’
1378 4702 1406 4755 ὁ
1460 4702 1523 4756 τὸ
1573 4699 1831 4780 φρόνημα
1858 4705 1958 4767 τῆς

309 4791 506 4866 σαρκὸς
535 4789 797 4861 ὑποτάξας
843 4794 922 4862 τῷ
975 4791 1272 4864 Πνεύματι.
1329 4792 1534 4867 Ὥσπερ
1589 4791 1692 4865 γὰρ
1746 4793 1800 4846 αἱ
1845 4796 1954 4846 τῶν

306 4877 618 4956 προσώπων
668 4877 930 4958 ἐμφάσεις
985 4878 1086 4934 οὐκ
1137 4877 1190 4934 ἐν
1245 4880 1440 4941 πάσαις
1489 4885 1608 4942 ταῖς
1658 4878 1817 4942 ὓλαις
1875 4880 1957 4955 γί-

305 4989 548 5045 γνογται,
583 4966 729 5024 ἀλλὰ
787 4966 838 5022 ἰν
885 4969 1006 5031 τάῖς
1058 4965 1318 5040 λειότητά
1361 4989 1482 5024 τινα
1523 4967 1613 5023 καὶ
1647 4967 1956 5048 διαφάνειαν

303 5059 683 5131 κεκτημέναιςο
748 5056 923 5120 οὕτως
983 5057 1082 5112 οὐκ
1134 5055 1186 5112 ἐν
1235 5060 1432 5121 πάσαις
1488 5063 1608 5121 ταῖς
1661 5061 1867 5134 ψυχαῖς
1915 5061 1951 5130 ἠ

2069 4705 2351 4774 stitatem,
2413 4722 2598 4777 purus
2630 4709 2738 4773 est,
2773 4705 2874 4760 sed
2935 4706 3033 4776 qui
3085 4705 3282 4760 carnis
3333 4704 3718 4777 petulantiam

2069 4794 2320 4865 subjecit
2379 4795 2644 4866 Spiritui.
2707 4794 3212 4859 Quemadmodum
3256 4793 3411 4850 enim
3443 4793 3718 4848 vultuum

2065 4883 2354 4955 imagines
2386 4900 2501 4940 non
2532 4883 2594 4938 in
2643 4882 2904 4955 qualibet
2959 4885 3206 4940 materia
3236 4884 3582 4952 redduntur,
3615 4884 3719 4938 sed

2065 4971 2125 5029 in
2184 4973 2276 5029 his
2328 4974 2612 5029 duntaxat
2641 4989 2768 5045 quas
2797 4972 3066 5029 laevorem
3127 4989 3194 5029 ac
3246 4971 3718 5044 perluciditatem

2067 5063 2388 5135 quamdam
2409 5063 2676 5120 obtinent
2692 5081 2706 5132 ;
2726 5064 2808 5118 ita
2821 5079 2938 5120 non
2961 5064 3020 5119 in
3041 5061 3404 5135 quibuslibet
3419 5061 3720 5117 mentibus

375 5227 418 5264 ⁸⁸
448 5227 558 5286 Isa.
591 5245 675 5300 In,
706 5231 762 5284 2.
839 5229 884 5264 ‘9
915 5229 1081 5286 Prov.
1118 5247 1158 5299 ι,
1187 5231 1278 5286 24.
1356 5231 1400 5266 ⁵ο
1428 5231 1451 5288 Ι
1480 5233 1607 5287 Cor.
1638 5247 1740 5299 xu,
1771 5232 1825 5287 '7.
1902 5231 1947 5268 ⁵ί

2077 5248 2145 5289 ιη.
2173 5249 2283 5311 xu,
2305 5234 2358 5290 6.

372 5398 1149 5490 defqpilaLSymmachus
1181 5405 1238 5457 et
1258 5401 1579 5460 Theodotio
1609 5421 1714 5476 pro
1747 5399 1948 5476 λόγους

299 5470 632 5545 ediderqnt,
663 5470 828 5545 χεῖρά
861 5490 988 5543 μου,
1020 5489 1252 5545 (nanum
1279 5490 1479 5532 meam.

392 5542 482 5649 ἔζη
514 5541 1008 5649 ῧοεζέροέιυάιέε,
1031 5541 1105 5600 ἐν.

391 5609 481 5691 ἓξ)
513 5609 674 5691 ξᾰεῖω
706 5615 905 5691 codex,
932 5609 1254 5691 δεχομένου,

389 5659 482 5760 555
513 5659 1354 5762 iiJEuiiEEE'nBE’E'Ki'Jditi,
1390 5687 1509 5765 μιν.

2154 5404 2247 5477 34)
2281 5404 2422 5477 Reg.
2458 5403 2777 5477 secundus,
2811 5399 2868 5456 δὶ
2894 5399 3220 5477 τηλικαῦτα.

2152 5475 2240 5547 35)
2273 5475 2536 5533 εἰοωεε.
2572 5481 2712 5530 tres.
2745 5475 2922 5531 Deest
2951 5475 3044 5547 μὲν
3078 5476 3138 5530 in
3169 5476 3368 5532 editis.

2152 5479 2220 5531 35
2273 5478 2367 5532 Sic
2392 5493 2536 5533 mss.
2572 5481 2712 5530 tres.
2745 5478 2922 5531 Deest
2951 5478 3044 5547 μέν
3078 5478 3138 5530 in
3169 5478 3368 5532 editis.

2152 5478 2416 5634 Soiﬁeg.
2444 5547 2741 5634 secundus
2771 5563 2906 5604 cum
2941 5552 3191 5621 utroque
3211 5547 3496 5618 Comhet‘.,
3528 5543 3714 5602 εὐστα-

2057 5617 2204 5682 θοῦς.
2225 5617 2418 5688 Ἐάίῐῖ,
2451 5619 2758 5681 εὐπειθοῦς.
