4154 6416
401 357 518 418 123

1353 359 1746 421 APPENDIX
1789 356 2118 419 OPERUM
2161 358 2228 416 S.
2276 355 2564 417 BASILII
2612 355 2888 418 MAGNI.

3711 357 3833 416 ηε

401 492 666 560 operatio
695 492 1086 562 Spiritus,sed
1109 493 1170 547 in
1195 494 1269 548 iis
1290 509 1418 564 quas
1443 494 1592 548 nihil
1652 493 1872 547 habent
1921 491 2052 546 obli-

2174 491 2270 541 τοῦ
2303 487 2613 560 υνεύματος
2675 487 2932 564 ἐνάργεια,
2967 485 3090 542 ἀλλ’
3135 486 3184 541 ἐν
3239 491 3356 548 ταῖς
3399 484 3568 559 μηδὲν
3602 484 3825 543 σκολιὸν

402 581 764 651 quum,nihil
797 581 1388 637 obtortum.Candida
1417 582 1656 654 quidem
1691 581 1810 648 nix,
1856 597 2052 634 verum

2172 575 2446 651 ἐχούσαις,
2510 575 2650 648 μηδὲ
2723 573 3176 652 πραγγαλιῶδες.
3234 577 3295 631 Ἦ
3368 577 3507 651 χιὼν
3573 575 3822 652 λαμπρὰ,

402 667 696 740 imagines
730 671 1088 724 intuentium
1123 689 1237 726 non
1289 677 1688 743 repraesentat,
1724 674 2055 742 propterea-

2169 662 2295 720 ἀλλ’
2322 664 2530 727 εἰκόνας
2577 669 2685 720 τῶν
2728 665 3104 742 ὶγκυπτόντων
3323 665 3386 720 ού
3438 663 3697 734 δείκνυσι,
3741 662 3821 720 δι-

403 759 560 828 quod
592 759 904 830 inaequalis
934 766 1080 830 est,e
1103 765 1374 816 concreta
1403 776 1615 832 spuma
1645 758 2052 815 constans.Lac

2169 754 2252 808 ότι
2285 756 2514 830 τραχεῖα
2563 755 2700 810 ἐστιν
2751 754 2810 811 ἐκ
2857 756 3183 832 πεπηγότων
3232 754 3415 833 ἀφρῶν
3469 756 3816 830 συγκειμένη.

406 846 630 915 album,
660 858 716 902 at
741 867 854 903 non
883 849 1091 920 recipit
1120 850 1431 922 imagines,
1491 867 1556 905 eo
1616 851 1769 920 quod
1829 853 1887 904 et
1945 847 2052 919 ipsi

2166 844 2236 898 Τὸ
2269 841 2412 918 γάλα
2471 844 2684 915 λευκὸν,
2737 843 2862 901 ἀλλ’
2917 845 2978 900 ού
3031 841 3395 922 παραδέχεται
3431 843 3529 906 τὰς
3588 843 3817 914 εἰκόνας,

405 935 628 1007 exigua:
653 938 945 1008 quaapiam
965 938 1152 993 insint
1168 937 1736 1003 bullula3.Coutra,in
1756 954 1909 1008 aqua
1927 936 2061 992 licet

405 1024 576 1097 nigra
608 1027 829 1081 relucet
861 1026 1017 1083 380
1041 1029 1231 1083 forma
1259 1029 1331 1083 ob
1364 1028 1648 1083 laavorem.
1678 1029 1764 1082 lta
1792 1025 2056 1082 videlicet

402 1114 533 1170 vita
566 1115 942 1187 inaequalitas
974 1133 1348 1188 nequaquam
1380 1116 1590 1172 idonea
1623 1122 1711 1172 est
1742 1116 1813 1171 ad
1864 1116 2052 1171 susci-

403 1203 678 1274 piendam
705 1204 966 1261 divinam
997 1206 1412 1276 operationem.
1465 1209 1614 1278 Ergo
1665 1224 1798 1262 cum
1858 1207 2057 1264 anima

404 1294 564 1348 omni
602 1292 835 1349 virtutis
865 1295 1064 1350 studio
1095 1295 1293 1352 dedita
1323 1312 1390 1351 ex
1421 1295 1749 1352 vehementi
1784 1296 1840 1350 in
1869 1296 2053 1352 Deum

404 1399 628 1452 amore,
656 1389 951 1455 .perpetuo
989 1385 1084 1440 Dei
1127 1385 1470 1441 memoriam
1530 1386 1644 1442 sibi
1703 1386 2053 1458 impressam

406 1477 637 1538 servat;
673 1475 850 1542 atque
880 1473 991 1528 hoc
1019 1475 1193 1529 modo
1226 1475 1410 1530 Deum
1443 1474 1600 1530 velut
1623 1477 1680 1530 in
1715 1494 1775 1530 se
1809 1476 1935 1547 ipsa
1966 1476 2053 1531 in-

403 1558 770 1616 habitantem
804 1561 1032 1629 reddit;
1081 1579 1150 1618 ex
1194 1563 1713 1620 vehementissima
1760 1564 1818 1620 in
1868 1564 2054 1621 Deum

404 1647 731 1706 intentione
763 1654 819 1705 et
845 1667 1057 1706 arcano
1079 1669 1299 1722 amore,
1334 1653 1574 1710 numine
1603 1654 1828 1721 alﬂata,
1875 1655 2056 1728 digna

405 1738 730 1810 prophetiae
760 1740 911 1795 dono
942 1741 1155 1811 evadit,
1179 1743 1296 1798 Deo
1327 1743 1585 1799 divinam
1632 1745 1906 1801 virtutem
1937 1745 2054 1800 im-

408 1828 720 1930 partiente,
755 1829 1058 1930 animique
1080 1831 1281 1888 oculos
1326 1833 1644 1904 aperiente,
1706 1835 1778 1890 ad
1837 1834 2051 1890 intelli-
2085 1864 2133 1930 Β

404 1917 630 1988 gendas
658 1935 806 1988 quas
837 1918 978 1974 velit
997 1921 1819 1996 speculationes.0uaproptor
1845 1927 1903 1980 et
1933 1941 2058 1996 pro-

406 2006 594 2078 phetae
627 2012 762 2063 ante
794 2009 1062 2065 videntes
1117 2012 1482 2067 vocabantur
1514 2031 1526 2068 :
1588 2015 2055 2085 proptereaquod

403 2096 604 2150 futura
635 2097 875 2167 perinde
906 2100 1074 2169 quasi
1108 2101 1418 2170 prasentia
1449 2101 1721 2172 fuissent,
1762 2103 2054 2175 prospice-

405 2190 555 2240 rent.
589 2187 698 2241 Sed
733 2187 922 2258 magis
954 2187 1304 2245 inducemur
1333 2192 1404 2246 ad
1441 2191 1886 2264 intelligendum
1921 2209 2051 2264 pro-

405 2274 703 2344 pheticum
727 2277 1074 2332 amatumex
1093 2279 1258 2344 visis,
1279 2296 1404 2352 quae
1427 2279 1485 2334 in
1509 2280 1734 2336 somnis
1756 2282 2051 2338 accidunt.

406 2364 916 2428 Quemadmodum
947 2367 1103 2422 enim
1126 2368 1267 2424 visis
1297 2369 1603 2441 principali
1668 2370 1849 2426 animi
1903 2372 2052 2444 parti

406 2451 734 2523 impressis,
769 2455 944 2510 urbes
974 2461 1077 2510 aut
1107 2457 1372 2528 regiones
1395 2459 1803 2531 magnitudine
1834 2461 2052 2532 acﬁpul-

402 2540 739 2597 c‘uritudine
763 2550 1241 2614 prastantes,aut
1271 2548 1555 2605 animalia
1585 2557 2051 2621 supranaturam

402 2631 844 2700 conspicimus:
878 2640 980 2688 aut
1009 2633 1185 2690 etiam
1217 2638 1527 2693 verborum
1560 2638 1894 2712 aliquorum
1928 2659 2053 2698 me-

404 2719 676 2784 moriam,
718 2738 846 2792 quae
887 2724 1132 2779 auribus
1192 2726 1404 2782 hausta
1453 2729 1592 2795 sint,
1653 2745 2054 2800 sapenumero

400 2807 776 2878 obtinemus;
807 2829 1057 2883 cumque
1082 2819 1199 2868 tam
1238 2816 1443 2881 multa,
1478 2822 1717 2887 tamque
1749 2836 1894 2874 nova
1920 2837 2050 2892 spe-

400 2902 628 2953 ctemus
656 2899 714 2953 in
750 2901 920 2956 nobis
949 2907 1006 2956 et
1034 2904 1533 2970 audiamus,haud
1558 2907 1685 2977 jam
1720 2925 1851 2962 vere
1880 2909 2052 2980 quid-

401 2999 577 3054 quam
601 3001 876 3056 corporeo
909 3005 1085 3042 sensu
1133 2988 1421 3056 videmus,
1477 3009 1664 3064 neque
1724 2995 2001 3050 audimus
2036 3012 2050 3051 :

401 3071 604 3128 itidem
635 3081 692 3129 et
716 3075 1049 3131 divinorum
1081 3094 1146 3132 ac
1173 3079 1489 3150 (beatorum
1547 3083 1810 3138 virorum
1864 3100 2048 3152 mens,

2169 929 2309 988 διότι
2337 934 2423 988 καὶ
2471 933 2618 1008 αύτῷ
2664 936 2851 1008 μικραὶ
2907 935 3048 997 τινες
3080 934 3180 989 εἱσι
3223 933 3600 1012 πομφόλυγες.
3633 931 3817 990 ’Ύδατι

2169 1018 2226 1076 δί
2256 1023 2342 1077 καὶ
2382 1021 2573 1097 μέλανι
2621 1027 2733 1097 (38)
2789 1025 2978 1102 μορφή
3039 1023 3350 1102 ἐμφαίνεται
3411 1019 3498 1078 διὰ
3537 1019 3818 1094 λειότητα.

2168 1111 2358 1173 Οὕτως
2411 1110 2512 1187 ἄρα
2566 1113 2628 1167 τὸ
2686 1111 2982 1186 ἀνώμαλον
3037 1118 3132 1168 τοῦ
3185 1112 3306 1188 βίου
3337 1112 3474 1188 πρὸς
3533 1109 3818 1190 ὑποδοχήν

2168 1200 2310 1264 θείας
2343 1200 2606 1276 ἐνεργείας
2667 1201 3062 1272 ἀνεπιτήδειον.
3123 1203 3288 1259 ’Όταν
3340 1199 3430 1256 οὗν
3481 1203 3637 1278 ψυχὴ
3679 1201 3823 1276 πάσῃ

2165 1288 2390 1360 ἀσκήσει
2443 1289 2640 1366 ἀρετῆς
2694 1291 2888 1359 ἑαυτὴν
2957 1289 3241 1362 ἐπιδοῦσα,
3297 1296 3379 1364 τῷ
3435 1288 3656 1369 σφοδρῷ
3705 1289 3826 1366 περῖ

2165 1379 2292 1434 Θεὸν
2349 1379 2564 1457 φίλτρῳ
2622 1377 2886 1451 διηνεκῶς
2947 1383 3176 1454 μνήμην
3231 1385 3366 1437 Θεοῦ
3426 1380 3821 1446 ἰντυπωθεῖσαν

2165 1467 2302 1542 αὐτῇ
2337 1465 2601 1544 διασῴζῃ,
2661 1471 2749 1524 καὶ
2790 1469 2970 1543 τούτῳ
3006 1474 3084 1542 τῷ
3140 1471 3333 1545 τρόπῳ
3392 1470 3558 1526 οἱονεὶ
3609 1465 3821 1525 ἔνοικον

2164 1557 2300 1632 αὐτῇ
2333 1560 2444 1632 (39)
2493 1558 2585 1613 τὸν
2637 1559 2764 1615 Θεὸν
2817 1558 2952 1614 εἶναι
3010 1561 3398 1634 κατασκευάσῃ·
3450 1558 3512 1616 ἐκ
3555 1563 3656 1624 τῆς
3684 1559 3822 1634 πρὸς

2161 1647 2252 1702 τὸν
2286 1648 2414 1703 Θεὸν
2462 1645 2834 1726 σφοδροτάτης
2894 1647 3256 1716 ὲνατενίσεως,
3295 1648 3385 1704 καὶ
3429 1645 3528 1704 τοῦ
3577 1647 3820 1725 ἀρρήτου

2162 1734 2396 1813 φίλτρου
2456 1737 2890 1813 θεοφορουμινη,
2941 1737 3061 1809 ἀξία
3114 1742 3212 1793 τοῦ
3260 1739 3397 1794 κατὰ
3451 1737 3549 1807 τὴν
3599 1758 3817 1816 προφη-

2162 1823 2305 1880 τείαν
2338 1824 2680 1901 χαρίσματος
2708 1826 2930 1903 γίνεται,
2967 1823 3210 1888 διδόντος
3268 1829 3412 1891 θείαν
3464 1823 3696 1900 δύναμιν
3719 1829 3818 1882 τοῦ

2167 1917 2321 1983 Θεοῦ,
2354 1913 2442 1969 καὶ
2468 1915 2596 1978 τοὺς
2627 1914 2947 1991 ὀφθαλμοὺς
2975 1918 3074 1985 τῆς
3119 1919 3306 1992 ψυχῆς
3337 1913 3709 1990 διανοίγοντος
3740 1915 3818 1978 εἰς

2164 2004 2491 2073 κατανόησιν
2523 2005 2595 2058 ὧν
2645 2002 2900 2081 βούλεται
2959 2005 3266 2078 θεαμάτων.
3319 2005 3433 2060 Διὸ.
3478 2004 3567 2059 καὶ
3601 2006 3655 2061 οἳ
3675 2024 3821 2081 προ-

2165 2099 2330 2170 φῆται
2353 2087 2654 2169 ἔμπροσθεν
2701 2096 2810 2166 (40)
2864 2092 3160 2169 βλὲποντες
3205 2091 3524 2162 ἐκαλοῦντο,
3568 2094 3715 2170 παρὰ
3755 2095 3819 2150 τὸ

2165 2182 2239 2243 ὡς
2269 2184 2509 2257 παρόντα
2554 2184 2622 2237 τὰ
2673 2181 2953 2255 μέλλοντα
3000 2188 3270 2256 πποορᾷν.
3306 2183 3819 2258 Προσαχθησόμεθα

2166 2267 2223 2325 δὶ
2256 2269 2468 2343 μᾶλλον
2502 2270 2577 2333 εἷς
2609 2273 2672 2326 τὸ
2722 2269 2853 2326 ἰδεῖν
2901 2272 2964 2327 τὸ
3014 2272 3354 2348 προφητικὸν
3391 2270 3599 2344 κίνημα
3631 2271 3688 2326 ἐκ
3711 2276 3820 2326 τῶν

2162 2361 2280 2415 κατ’
2329 2357 2458 2434 ὄναρ
2505 2363 2918 2437 φαντασμάτων.
2979 2365 3181 2435 Ὥσπερ
3237 2362 3336 2436 γὰρ
3404 2360 3458 2417 ιν
3524 2368 3643 2424 ταῖς
3698 2363 3815 2416 καθ’

2164 2448 2327 2504 ὕπνον
2354 2450 2670 2527 φαντασίαις
2717 2454 2814 2505 τοῦ
2868 2453 3201 2526 ἡγεμονικοῦ
3257 2457 3356 2518 τῆς
3414 2451 3598 2526 ψυχῆς
3652 2453 3815 2523 ἡμῶν

2158 2540 2528 2611 τυπουμένου,
2595 2539 2814 2595 πόλεων
2843 2540 2878 2609 ἤ
2925 2542 3108 2595 τόπων
3159 2542 3367 2616 μεγίθει
3416 2543 3528 2613 (41)
3555 2540 3643 2594 καὶ
3674 2537 3811 2594 κάλα

2165 2626 2248 2683 λει
2309 2627 2696 2706 διαφερόντων,
2747 2627 2782 2698 ἤ
2837 2631 2990 2698 ζώων
3053 2629 3186 2702 ύπὶρ
3230 2636 3328 2698 τῆν
3362 2630 3518 2703 φύσιν
3549 2629 3812 2705 γινόμεθα

2165 2717 2365 2780 θεαταί⁶
2417 2717 2451 2786 ἤ
2485 2719 2576 2772 καὶ
2633 2717 2812 2793 λόγων
2871 2716 3031 2772 τινῶν
3090 2721 3315 2791 μνήμην
3363 2715 3452 2773 διὰ
3495 2725 3595 2788 τῆς
3643 2717 3812 2786 ἀκοῆς

2165 2804 2538 2878 ἐμπεσόντων,
2591 2803 2865 2867 πολλάκις
2930 2807 3403 2882 παρακατέχομεν·
3476 2807 3566 2862 καὶ
3619 2804 3812 2861 τοσού-

2160 2915 2268 2949 των
2322 2894 2443 2970 περὶ
2503 2897 2652 2966 ἡμᾶς
2699 2895 2982 2967 θεαμάτων
3052 2916 3110 2950 τε
3177 2899 3291 2967 (42)
3347 2893 3666 2969 παραδόξων
3722 2893 3811 2948 καὶ

2163 2983 2518 3056 ἀκουσμάτων
2575 2979 2764 3048 ὄντων,
2826 2982 2946 3039 οὔτε
2992 3005 3045 3040 τι
3099 2981 3315 3057 εἴδομεν
3369 2986 3505 3039 κατά
3553 2983 3811 3054 ἀλήθειαν

2163 3076 2450 3146 σωματικῇ
2486 3072 2752 3142 αἰσθήσει,
2815 3070 2935 3128 οὔτε
2987 3075 3323 3147 ἠκούσαμεν*
3385 3073 3526 3128 οὕτω
3573 3073 3664 3129 καὶ
3720 3074 3811 3129 τὸν

401 3161 720 3234 aliquando
738 3165 976 3236 quidem
1001 3184 1102 3238 per
1131 3175 1390 3239 apertam
1415 3171 2048 3244 visionem,aliquando

2166 3166 2266 3216 τῶν
2321 3162 2481 3216 θείων
2537 3160 2626 3215 καὶ
2689 3163 2966 3236 μακαρίων
3023 3161 3232 3237 ἀνδρῶν
3315 3165 3428 3236 (43)
3478 3166 3626 3234 νυῦν,
3682 3162 3814 3218 ποτὶ

399 3267 533 3306 vero
565 3269 667 3324 per
699 3254 996 3310 somnium
1029 3256 1334 3328 impressis
1389 3260 1772 3331 imaginibus,
1834 3262 2046 3318 divinis

2166 3251 2257 3322 μὶν
2305 3249 2467 3322 ῦπαρ,
2528 3248 2730 3305 ἄλλοτε
2800 3234 2857 3305 δὸ
2909 3249 3037 3327 ὄναρ
3092 3234 3458 3324 τυπούμενον,
3515 3249 3697 3326 λόγων
3754 3272 3811 3307 τε

398 3342 773 3398 sermonibus
803 3361 870 3399 ac
891 3345 1034 3401 visis
1053 3345 1490 3417 impletur,cum
1507 3366 1697 3421 neque
1721 3367 1823 3422 per
1846 3351 2047 3408 oculos

400 3429 690 3499 imagines
725 3448 928 3487 eorum
960 3450 1088 3505 quis
1120 3435 1923 3511 videntur,revocarit,neque
1947 3459 2049 3513 per

399 3535 576 3575 aures
608 3520 759 3577 aeris
790 3522 995 3588 ictum,
1045 3541 1079 3578 a
1128 3525 1284 3579 vocis
1343 3527 1580 3582 edenda?
1639 3529 2049 3586 instrumentis

400 3608 1268 3684 profectum,acceperit.Neque
1298 3615 1455 3670 enim
1489 3616 1765 3673 sublimis
1787 3619 2051 3675 illethro-

403 3713 539 3764 nus,
569 3704 627 3753 et
658 3698 1170 3773 elevatus,aliquid
1204 3708 1329 3758 erat
1360 3704 1498 3759 foris
1519 3706 1854 3763 subsistens
1882 3751 1895 3775 ,
1945 3726 2041 3764 ue-

403 3802 516 3856 que
538 3804 748 3843 rursus
774 3789 832 3843 in
857 3807 922 3845 eo
945 3792 1179 3862 sedens,
1205 3809 1381 3864 quem
1413 3795 1557 3849 vidit
1593 3797 1774 3852 Isaias
1791 3798 2050 3870 l":neque

403 3875 502 3931 ille
533 3876 851 3934 electrinus
881 3880 955 3934 ab
988 3880 1165 3936 ilibus
1198 3883 1673 3954 rursum,igneus
1725 3893 1916 3943 autem
1977 3889 2049 3943 ab

400 3965 580 4022 ilibus
611 3967 910 4033 deorsum,
940 3969 1039 4040 qui
1063 3971 1219 4041 apud
1243 3971 1601 4028 Ezechielem
1628 3974 2047 4049 describitur",

402 4058 528 4110 erat
546 4055 738 4126 specie
767 4055 1189 4113 humama.Sed
1223 4058 1434 4114 horum
1468 4079 1633 4118 mens
1666 4066 1884 4135 majore
1907 4083 2048 4138 qua-

406 4143 543 4198 dam
574 4145 786 4200 virtute
819 4145 879 4200 in
911 4163 1115 4202 earum
1162 4165 1379 4216 rerum,
1409 4151 1894 4224 contemplatione
1925 4173 2050 4214 mo-

409 4232 673 4303 rabatur,
706 4233 931 4304 Spiritu
961 4235 1223 4292 divinam
1251 4243 1521 4296 naturam
1580 4258 1682 4314 per
1738 4246 2052 4318 aanigmata

406 4327 879 4394 repraesentante.

480 4413 532 4466 4.
569 4412 779 4468 Vident
817 4418 1015 4469 autem
1077 4415 1371 4487 prepbete
1429 4435 1540 4477 non
1606 4423 1803 4482 futura
1857 4427 2050 4485 solum

407 4517 611 4556 verum
629 4503 808 4558 etiam
831 4519 957 4574 quas
979 4503 1038 4558 in
1059 4506 1236 4561 rebus
1259 4510 1645 4578 praesentibus
1667 4520 1808 4570 sunt
1827 4518 2047 4575 abdita.

2158 3339 2313 3403 θείων
2347 3339 2435 3393 καὶ
2463 3338 2742 3412 θεαμάτων
2793 3339 3161 3414 πληροῦσθαι·
3204 3339 3329 3396 οὔτε
3384 3337 3454 3395 δι’
3507 3338 3809 3418 ὀφθαλμῶν

2155 3427 2250 3489 τὰς
2281 3426 2488 3489 εἰκόνας
2526 3432 2633 3482 τῶν
2689 3429 2985 3503 ὁρωμὲνων
3043 3418 3473 3501 ἀναμαῖάμενον,
3534 3427 3676 3485 ὀὔτε
3735 3426 3806 3484 δι’

2159 3511 2312 3572 ὤτων
2338 3519 2490 3592 αέρος
2519 3515 2744 3592 πληγὴν
2796 3517 2857 3572 ἐκ
2881 3521 2990 3572 τῶν
3040 3539 3366 3595 φωνητικων
3396 3519 3636 3594 ὸργάνων
3670 3539 3800 3593 προ-

2159 3603 2419 3669 ελθοῦσαν
2445 3603 2864 3680 ὑποδεξάμενον.
2917 3605 2994 3663 Οὗ
3032 3606 3135 3682 γὰρ
3185 3605 3373 3680 ἔξωθεν
3417 3629 3470 3663 τι
3515 3608 3801 3681 ὑποκείμε-

2157 3717 2244 3750 νον
2304 3696 2371 3764 ἦν
2425 3693 2638 3769 ὑψηλὸς
2698 3695 2890 3770 θρόνος
2936 3694 3026 3750 καὶ
3075 3694 3407 3772 ἐπηρμένος·
3464 3695 3588 3753 ούδὶ
3646 3698 3674 3752 6
3723 3697 3808 3752 ὶπ⁹

2157 3785 2321 3841 αὐτοῦ
2354 3789 2660 3858 καθήμενος
2707 3788 2842 3858 (44),
2894 3787 2952 3840 ’ὀν
3009 3783 3142 3841 εἶδεν
3204 3789 3232 3842 6
3289 3787 3532 3851 ἹΙσαίας·
3566 3787 3690 3844 οὐδὲ
3718 3789 3809 3843 ἆν-

2160 3868 2528 3943 θοωποειόὴς,
2560 3876 2588 3928 6
2641 3873 2961 3950 ἡλέκτρινος
3014 3876 3109 3948 μὶν
3165 3877 3234 3932 τὰ
3281 3878 3386 3932 ἀπὸ
3443 3879 3646 3954 ἆσφόος
3676 3879 3812 3945 ἂνω,

2157 3965 2382 4039 πύρινος
2416 3962 2473 4019 δὲ
2505 3964 2612 4018 ἀπὸ
2665 3963 2865 4041 ὀσφύος
2917 3964 3001 4019 ἐπὶ
3053 3966 3120 4020 τὰ
3167 3971 3336 4036 κάτω,
3367 3969 3396 4022 6
3433 3968 3580 4040 παρᾶ
3608 3972 3688 4040 τῷ
3717 3969 3816 4024 Ἰε-

2161 4053 2373 4124 ζεκιήλο
2430 4052 2557 4110 ἀλλ’
2616 4053 2644 4107 6
2708 4053 2801 4125 μὶν
2877 4058 3002 4116 νοῦς
3079 4054 3279 4124 αὐτῶν,
3359 4053 3584 4130 δυνάμει
3632 4057 3814 4128 κρείτ-

2155 4165 2272 4200 τονι
2301 4145 2442 4214 (45),
2491 4141 2542 4197 ἐν
2595 4142 2795 4218 θεωρίᾳ
2841 4141 3047 4198 τούτων
3099 4143 3328 4220 ἐγένετο,
3364 4142 3434 4199 δι’
3481 4144 3815 4221 αἰνιγμάτων

2156 4237 2254 4289 τοῦ
2283 4230 2599 4305 Πνεύματος
2626 4233 2724 4301 τὴν
2753 4231 2897 4295 θείαν
2927 4231 3082 4310 φύσιν
3115 4231 3586 4309 παραδεικνύντος.

2235 4415 2288 4470 4.
2318 4412 2521 4488 Ὀρῶσι
2552 4407 2610 4466 δὶ
2639 4411 2690 4466 οἱ
2748 4411 3024 4488 προφῆται
3073 4411 3134 4467 οὐ
3179 4411 3248 4467 τὰ
3307 4410 3583 4488 μέλλοντα
3631 4414 3818 4488 μόνον,

2164 4498 2311 4556 ἀλλᾶ
2341 4499 2561 4555 καὶτῶν
2595 4499 2880 4574 παρόντων
2928 4502 2998 4556 τὰ
3027 4499 3378 4575 λανθάνοντα,
3405 4501 3478 4564 ὥς
3509 4524 3642 4579 φησι
3674 4505 3820 4562 Ηαῦ·

404 4590 916 4656 Quemadmodum
951 4592 1033 4648 ait
1063 4595 1284 4650 Paulus
1310 4613 1324 4650 :
1355 4598 1416 4654 Si
1441 4616 1561 4657 vero
1587 4606 1938 4677 praphetetis,
1960 4610 2050 4663 in-

2166 4589 2280 4654 λος·
2343 4586 2600 4677 Ἐὰνηδὶ
2674 4589 3081 4668 προφητεύητε,
3143 4589 3360 4667 εἰσέλθῃ
3423 4589 3479 4647 δὲ
3541 4613 3622 4655 τις
3690 4589 3819 4648 ἄπι-

403 4682 692 4754 gradiatur
719 4690 914 4740 autem
939 4684 1144 4757 aliquis
1190 4687 1448 4759 inﬁdelis,
1494 4697 1589 4749 aut
1645 4696 1915 4769 indoctus,
1973 4715 2058 4756 oc-

407 4772 565 4868 ειιιια
588 4772 768 4829 cordis
798 4773 954 4829 illius
981 4775 1279 4849 manifesta
1310 4779 1532 4850 ﬁunt“.
1591 4787 1706 4842 Aut
1763 4789 2052 4859 quemad-

482 4897 529 4933 ⁸³
561 4896 673 4954 Isa.
705 4914 782 4963 v1,
820 4899 869 4954 1.
901 4897 948 4936 ⁸³
973 4899 1171 4957 Ezech.
1205 4918 1327 4976 vm,
1357 4905 1412 4962 2.
1446 4905 1491 4942 “
1519 4911 1544 4962 Ι
1601 4910 1730 4967 Cor.
1787 4928 1907 4984 xxv,
1959 4915 2051 4971 24.

742 5025 972 5110 codices
1000 5031 1137 5110 tres.
1171 5030 1504 5110 Editivero,
1537 5033 1937 5110 ὶγκοπτόντων.

482 5097 605 5184 (38)Δ
627 5098 715 5184 με
733 5098 1010 5184 εριὶᾳιιυξ
1033 5103 1361 5184 Combefisii
1387 5097 1657 5184 codex'et
1687 5109 1830 5184 Reg.
1851 5127 2057 5170 secun-

409 5168 737 5248 du'sh.‘_AAl~ter
768 5168 1020 5228 Combef'.
1051 5193 1180 5248 cum
1215 5177 1408 5243 editis,
1447 5175 1697 5248 μέλαινα.

478 5240 591 5316 (ἓξὲξ)
623 5245 760 5316 ilcg.
791 5248 1103 5316 secundus,
1137 5245 1345 5301 ἔνοικον
1379 5240 1622 5314 ε’νάὐτῇ.

453 5312 595 5392 “(4.0)
628 5313 899 5392 Basilius,
931 5318 979 5373 si
1014 5312 1209 5375 tamen
1239 5322 1368 5391 ejus
1396 5320 1519 5376 haec
1551 5312 1872 5387 s'unt,male
1902 5328 2054 5384 acci-

410 5385 496 5470 pit
527 5385 579 5470 id
615 5388 764 5470 quod
796 5387 1008 5470 legitur
1039 5395 1054 5447 Ι
1091 5395 1225 5470 Reg“.
1259 5385 1336 5470 fx,
1370 5393 1571 5470 9,__ut_
1601 5385 1752 5470 recte
1793 5414 1877 5470 ac__
1918 5417 2054 5470 pru-

411 5453 615 5546 denter
631 5453 713 5542 'ad
725 5453 941 5546 notavit
969 5464 1105 5520 Com
1117 5453 1377 5544 beiisiu's.
1413 5453 1636 5546 Etenim
1662 5466 1828 5546 illud,
1854 5453 2055 5546 ἔμπρο-

411 5525 553 5627 σιθεν,
593 5533 714 5588 voci
746 5529 1062 5619 ἐκαλοῦντο,
1094 5552 1212 5627 pou
1255 5535 1380 5627 νυξὶ
1432 5532 1760 5627 βλέποντες,
1795 5525 2053 5627 έμὸεὲη-

411 5597 932 5686 dumessennemo,
966 5597 1064 5686 qui
1097 5607 1293 5686 locum
1325 5597 1640 5686 Scriptum
1667 5597 1893 5686 legei'it,
1913 5597 2052 5672 inii-

408 5672 676 5734 ciabitur.
705 5676 893 5742 Quare
916 5672 1138 5751 optime
1158 5672 1581 5749 interpretatus
1637 5672 1758 5740 est"
1781 5672 2046 5760 Symma-

2164 4699 2290 4741 στος
2361 4679 2397 4748 ἢ
2491 4676 2741 4753 ἰδιώτης,
2796 4679 2864 4735 τὰ
2931 4680 3142 4756 κρυπτὰ
3198 4687 3298 4751 τῆς
3360 4679 3586 4755 καρδίας
3652 4682 3821 4739 αὐτοῦ

2165 4767 2369 4846 φανερᾶ
2420 4768 2642 4844 γίνεται·
2699 4767 2737 4840 ἢ
2789 4770 2867 4832 ὠς
2922 4770 2951 4826 6
3006 4769 3343 4833 Ἐλισσαῖος·
3401 4769 3548 4848 Ούχί
3596 4773 3632 4843 ἡ
3685 4792 3820 4848 καρ-

2165 5045 2336 5124 chus,
2367 5047 2509 5124 dum
2532 5049 2625 5124 ita
2648 5049 2908 5124 scripsit,
2939 5049 3030 5104 τὸν
3061 5067 3161 5122 γαρ
3195 5049 3488 5124 προφήτην
3513 5050 3639 5107 τότε
3692 5048 3818 5109 ἰδιά-

2166 5114 2470 5196 λουνβατᾶ
2492 5118 2554 5173 τὸ
2583 5114 2836 5196 ἀρχαῖον,
2883 5114 3142 5196 ἆρῶντα,’
3173 5114 3330 5179 Νὰπί
3531 5126 3632 5196 qui
3687 5129 3819 5182 tunc

2162 5189 2580 5266 prophetacrat,
2612 5189 2877 5250 vocabant
2895 5189 3223 5266 antiquitus,
3275 5189 3600 5266 ridentem.

2236 5262 2352 5339 (Iit)
2378 5263 2472 5339 Sic
2493 5270 2609 5320 tres
2641 5282 2787 5339 mss.
2823 5266 2972 5339 Editi
2992 5262 3148 5339 vero,
3185 5265 3416 5339 μεγέθη,
3444 5267 3614 5322 male.

2390 5338 2527 5409 Reg.
2563 5338 2877 5403 secundus,
2912 5333 3198 5409 θεαμάτων
3241 5333 3299 5389 τέ
3337 5337 3425 5390 καὶ
3479 5335 3818 5409 παραδόξων.

2233 5403 2348 5529 (ιιέξ)
2382 5403 2644 5479 ΒὶοἮεε.
2682 5403 3191 5465 Βοαυηᾶυε.Ἐάὶὶὶ
3214 5423 3346 5464 cum
3378 5403 3610 5468 duobus
3647 5403 3818 5485 mss.,

2165 5473 2224 5527 ἆν
2267 5494 2372 5534 ρων
2405 5477 2494 5529 καὶ
2531 5481 2832 5534 μακαρίων.

2199 5495 2372 5536 νορων
2405 5495 2494 5529 και
2531 5495 2832 5536 μακαρίων.

2235 5494 2872 5622 θῖῧνιίίὲέ.⁶ἒςέ³ἓῗῗιξίὲἷιέ,
2891 5548 3279 5622 καθεξόμενος.

2235 5557 2345 5690 (45)
2380 5621 2464 5677 Ita
2493 5622 2656 5690 Regii
2682 5625 2933 5690 primus,
2965 5621 3271 5681 secundus

2161 5621 2656 5765 κρῇἓζιὲξρῆθείἱ
2682 5621 2933 5698 primus,
2965 5621 3271 5681 secundus
3292 5628 3351 5681 et
3379 5626 3607 5684 tertius.
3638 5628 3818 5700 Editi,

2393 5711 2443 5748 ν.
