4154 6388
328 381 444 439 125

1065 380 1474 441 COMMENT.
1520 382 1601 441 IN
1649 380 1918 440 lSAIAM
1968 379 2476 440 PROPHETAM.
2525 379 3003 442 PBOCEMIUM.

3631 379 3747 440 126

327 508 414 566 δία
490 530 595 584 μου
665 508 952 587 ἐπορεύετο
1035 511 1170 584 μετὰ
1240 515 1336 566 σοῦ
1365 554 1379 578 ,
1439 510 1601 580 ἡνίκα
1657 511 1970 585 ἀνέστρεψεν

2099 512 2328 567 modum
2353 509 2820 568 ElisaauszNonne
2850 527 2940 567 cor
2967 526 3146 566 meum
3179 511 3507 566 ambulabat
3537 515 3726 566 tecum

328 600 357 654 6
414 599 576 676 ἀνὴρ,
640 599 776 674 μετὰ
829 599 928 654 τοῦ
986 597 1227 675 ἅρματος
1281 599 1468 670 αὐτοῦ,
1528 599 1602 662 εἷς
1663 599 1980 670 συνάντησιν

326 709 411 744 σοι
472 691 627 764 (46);
706 690 858 746 Ἐστι
919 685 975 744 δὶ
1030 687 1338 767 προφητεία
1391 688 1482 744 καὶ
1538 691 1572 760 ἡ
1634 686 1704 744 δι’
1761 688 1980 766 ὀνείρων

326 779 665 854 πρόγνωσις,
727 780 802 843 ὡς
847 783 927 851 τῷ
979 779 1176 855 Ἰωοήρ
1233 776 1286 834 ἐν
1319 777 1603 854 Αἰγύπτῳ,
1659 778 1858 851 καὶτῷ
1890 788 1986 832 Δα-

326 867 458 937 νιὴλ
508 867 596 923 ἐπὶ
653 871 752 937 τῆς
814 863 1188 938 Βαϐυλωνίας,
1234 866 1527 924 ἐδείκνυτο.
1587 872 1710 930 Πῶς
1753 868 1845 922 οὗν
1893 867 1984 923 καὶ

333 960 560 1033 Φαραὼ,
618 958 707 1012 καὶ
735 951 1274 1034 Ναϐουχοδονόσορς
1333 959 1456 1016 Ὅτι
1494 956 1619 1032 περὶ
1650 961 1758 1012 τῶν
1787 977 1985 1030 κοσμι-

330 1049 443 1102 κῶν
488 1044 864 1102 καταστάσεῶν
909 1045 1038 1108 τοὺς
1089 1051 1437 1120 κρατοῦντας,
1488 1044 1594 1102 ἔδει
1626 1040 1982 1120 προϐλὲπειν,

323 1133 417 1190 ’ίνα
446 1133 788 1206 πιστεύηται.
844 1137 968 1197 Πῶς
1017 1133 1076 1190 δὶ
1125 1136 1215 1191 καὶ
1269 1135 1506 1209 Βαλαὰμ
1533 1135 1866 1212 προφητεύει
1893 1133 1983 1188 καὶ

327 1225 614 1302 Καϊάφας;
653 1225 775 1282 “Oti
823 1230 1065 1279 κακεῖνοι
1111 1225 1241 1287 τοὺς
1296 1225 1658 1297 πειθομένους
1687 1225 1860 1300 εἶχονο
1893 1223 1984 1278 καὶ

328 1316 355 1370 6
391 1315 485 1387 μὲν
540 1314 614 1376 ὡς
663 1312 975 1389 ἀρχιερεὺς,
1008 1315 1037 1368 ὁ
1096 1311 1153 1368 δὲ
1185 1314 1258 1376 ὡς
1293 1313 1504 1388 μάντις.
1557 1313 1634 1371 Οὐ
1663 1315 1766 1389 γὰρ
1797 1316 1984 1387 ψυχῆς

325 1404 636 1475 καθαρότης
713 1402 958 1472 ἐνταῦθα,
1033 1401 1158 1458 οὐδὲ
1227 1402 1471 1478 διαύγεια
1535 1407 1631 1458 νοῦ
1689 1401 1985 1478 ἰνορῶντος

327 1492 483 1559 Θεὸν,
534 1494 626 1546 καὶ
674 1493 772 1560 τήν
824 1491 1020 1548 ἐκεῖθεν
1058 1491 1288 1566 δύναμιν
1319 1492 1659 1554 ἐπισπῶντος
1690 1495 1822 1565 (47)⁶
1857 1489 1985 1547 ἀλλ’

329 1580 698 1654 οἰκονομικῶς
748 1581 801 1636 ἰν
852 1582 1039 1644 αὐτοῖς
1097 1582 1125 1636 6
1179 1581 1366 1658 λόγος,
1399 1581 1462 1635 οὐ
1517 1583 1655 1637 κατά
1677 1582 1777 1651 τὴν
1809 1580 1982 1651 ἀξίαν,

229 1698 251 1716 ι
331 1668 477 1726 ἀλλὰ
504 1671 640 1746 πρὸς
683 1671 775 1726 τὸν
823 1670 1032 1745 καιρόν.
1075 1673 1337 1742 Ζητήσεις
1377 1669 1435 1726 δὲ
1482 1671 1530 1726 εἶ’
1560 1671 1626 1726 τὰ
1672 1672 1819 1747 παρά
1868 1673 1980 1745 (48)

327 1763 406 1830 τῷ
437 1757 633 1831 Ἡσαΐᾳ
663 1759 754 1814 καὶ
783 1764 862 1832 τῷ
901 1758 1162 1829 Ἱεζεκιήλ
1195 1759 1448 1816 ὁπτασίαι
1480 1759 1605 1832 εἰσὶ,
1639 1757 1729 1815 διὰ
1756 1756 1985 1814 τοιῶνδε

331 1853 636 1925 φαντασιῶν
670 1849 994 1923 ἕωραμὲναι,
1027 1849 1062 1918 ἣ
1099 1847 1487 1924 θεολογίαι,δι’
1519 1848 1852 1924 αἰνιγμάτων
1884 1851 1982 1903 106

331 1937 645 2010 Πνεύματος
669 1937 735 1993 τὰ
762 1945 863 2008 τῆς
895 1938 1150 2008 θεότητος
1179 1941 1315 2012 ἡμῖν
1366 1936 1640 2011 ΐδιώματα
1687 1935 1985 2013 καταγγελ-

331 2023 524 2080 λουσαι
553 2029 668 2100 (49)
689 2047 702 2096 ;

2093 618 2220 656 cum
2251 610 2617 658 reverteretur
2645 603 2731 657 vir
2758 618 2887 658 cum
2915 617 3084 656 curru
3131 616 3227 656 suo
3260 601 3362 655 tibi
3407 602 3626 656 obviam
3650 599 3694 634 ⁸⁸
3715 598 3742 653 ?

2094 691 2196 747 Est
2224 697 2422 746 autem
2456 696 2513 746 et
2542 691 3010 762 prophetia,cum
3044 689 3267 762 aliquid
3308 706 3410 762 per
3438 689 3740 745 somnium

2096 782 2424 852 praescitur,
2477 782 2981 852 quemadmodum
3020 780 3238 851 Joseph
3291 779 3348 833 in
3397 781 3641 851 [Egypto
3685 783 3743 832 et

2095 867 2298 924 Daniel
2334 869 2392 922 in
2425 867 2718 940 Babylone
2745 868 3020 923 revelatio
3054 870 3204 922 facta
3233 870 3420 923 est.At
3447 867 3740 937 quomodo

2093 957 2274 1029 igitur
2303 961 2362 1012 et
2391 957 2614 1013 Pharao
2635 957 3454 1012 etNabuchodonosorl‘utura
3485 955 3745 1028 praescie-

2096 1047 2272 1102 runt?
2302 1047 2521 1118 Nempe
2543 1047 2615 1102 de
2645 1048 3082 1102 mundanarum
3106 1062 3301 1101 rerum
3326 1050 3478 1101 statu
3512 1051 3744 1116 oporte-

2095 1137 2198 1191 bat
2226 1136 2497 1192 dominos
2521 1137 2861 1206 praevidere,
2914 1137 3001 1190 uti
3059 1135 3152 1190 his
3212 1135 3358 1190 ﬁdes
3407 1135 3740 1190 haberetur.

2095 1226 2393 1292 Quomodo
2416 1242 2550 1280 vero
2583 1225 2757 1280 etiam
2796 1223 3026 1279 Balaam
3053 1223 3358 1295 prophetat
3377 1230 3435 1278 et
3463 1222 3746 1294 Caiphae?

2093 1315 2385 1370 Nimirum
2417 1315 2571 1385 quod
2596 1313 2655 1368 hi
2687 1312 3228 1384 quoquehabebant
3248 1311 3461 1383 quibus
3492 1311 3748 1383 impera-

2095 1402 2358 1458 bantzhic
2387 1403 2622 1473 quidem
2649 1410 2930 1473 tanquam
2955 1403 3325 1456 sacerdotum
3351 1399 3750 1472 princeps,ille

2095 1492 2240 1548 88]
2282 1509 2438 1559 vero,
2475 1498 2758 1563 tanquam
2788 1497 2973 1546 vates.
3007 1491 3206 1562 Neque
3251 1490 3408 1545 enim
3436 1489 3532 1544 hic
3590 1490 3748 1562 puri-

2092 1586 2186 1638 tas
2219 1582 2402 1636 animi
2459 1581 2569 1636 fuit
2625 1583 2682 1635 in
2716 1598 2916 1647 causa,
2973 1597 3161 1652 neque
3194 1580 3404 1635 mentis
3435 1578 3749 1635 illustratio

2094 1672 2280 1727 Deum
2313 1669 2793 1742 contemplantis,
2817 1676 2992 1741 atque
3017 1669 3151 1724 inde
3177 1669 3451 1723 virtutem
3476 1666 3748 1722 haurien-

2093 1761 2215 1816 tis:
2252 1761 2353 1816 sed
2388 1765 2548 1815 certa
2604 1761 2862 1831 quadam
2905 1757 3344 1830 dispensatione
3390 1756 3508 1812 illis
3566 1755 3748 1812 conti-

2095 1849 2180 1921 git
2235 1863 2452 1918 sermo,
2517 1865 2631 1903 non
2687 1864 2790 1919 pro
2849 1847 3075 1914 merito,
3136 1847 3241 1902 sed
3301 1862 3403 1918 pro
3463 1845 3746 1918 temporis

2097 1939 2554 2010 opportunitate.
2590 1938 2823 2002 Quaeres
2856 1941 3076 2004 autem,
3111 1953 3184 1991 an
3215 1952 3283 1991 ea
3313 1952 3442 2006 qua:
3473 1933 3750 2006 leguntur

2097 2027 2252 2098 apud
2280 2028 2491 2082 Isaiam
2525 2031 2581 2081 et
2613 2025 2999 2092 Ezechielem,
3031 2026 3153 2080 sint
3181 2023 3435 2080 visiones
3485 2041 3589 2095 per
3636 2022 3748 2078 hu-

323 2115 589 2186 jusmodi
624 2117 966 2188 phantasias
1011 2123 1356 2190 conspectae,
1389 2134 1462 2173 an
1498 2118 1696 2190 potius
1729 2133 1926 2174 rerum
1959 2115 2293 2173 divinarum
2328 2115 2616 2182 doctrina,
2665 2132 2769 2187 per
2817 2115 3073 2187 Spiritus
3127 2114 3443 2186 aenigmata
3474 2113 3748 2168 divinita-

330 2205 410 2260 tis
440 2206 830 2277 proprietates
853 2207 1025 2262 nobis
1056 2207 1398 2278 signiﬁcans
1422 2207 1450 2262 Τ

397 2295 453 2350 5.
490 2298 628 2370 Φασξ
663 2291 720 2348 δέ
756 2314 900 2356 τινες
947 2294 1296 2365 ἰξεστηκότας
1347 2293 1542 2358 αὐτοὺς
1595 2293 1980 2372 προφητεύειν,

327 2381 841 2456 ἰπικαλυπτομὲνου
912 2387 1010 2438 106
1092 2383 1433 2459 ἀνθρωπείου
1507 2388 1604 2438 v06
1680 2384 1827 2458 παρὰ
1885 2386 1983 2437 106

326 2469 661 2545 Πνεύματος.
710 2476 880 2526 Τοῦτο
930 2469 987 2527 δὲ
1035 2473 1183 2548 παρὰ
1237 2475 1336 2542 τὴν
1387 2469 1706 2546 ἐπαγγελίαν
1744 2471 1855 2527 ὖστὶ
1884 2478 1986 2540 τῆς

330 2558 476 2622 θείας
519 2556 838 2632 ἐπιδημίας,
886 2556 1122 2637 ἔκφρονα
1175 2564 1351 2614 ποιεῖν
1382 2560 1475 2614 τὸν
1519 2556 1844 2631 θεόληπτον,
1894 2559 1984 2614 καὶ

333 2645 424 2702 ὅτε
450 2645 677 2721 πλήρης
728 2647 918 2724 γέγονε
944 2651 1053 2702 τῶν
1087 2647 1244 2712 θείων
1297 2646 1649 2723 διδαγμάτων
1680 2651 1815 2723 (50),
1864 2649 1987 2706 τότε

331 2733 420 2791 καὶ
469 2743 568 2804 τῆς
627 2736 833 2799 οἷ’κείας
889 2735 1190 2808 ἐξίστασθαι
1243 2735 1504 2811 διανοίας,
1535 2739 1624 2794 καὶ
1657 2737 1862 2802 ἄλλους
1893 2739 1987 2811 μὲν

333 2822 653 2903 ὠφελοῦντα
684 2824 754 2880 δι’
784 2826 998 2895 ἑαυτοῦ,
1047 2827 1206 2882 αὐτὸν
1241 2825 1299 2882 δὲ
1323 2835 1424 2898 τῆς
1455 2827 1516 2883 ἐκ
1543 2833 1648 2883 τῶν
1703 2825 1856 2883 ἰδίων
1886 2825 1986 2882 λό-

331 2935 442 2988 γων
498 2913 890 2970 ἀπολείπεσθαι
950 2915 1238 2990 ὠφελείας.
1296 2915 1482 2979 ’Ὁλως
1524 2915 1601 2985 δὲ,
1649 2919 1770 2973 τίνα
1817 2916 1984 2992 λόγον

338 3001 641 3068 ἀκόλουθον
694 3000 838 3079 ἔχει,
870 3004 932 3060 ἐκ
957 3011 1056 3060 106
1083 3013 1183 3076 τῆς
1231 3006 1425 3084 σοφίας
1457 3007 1768 3080 Πνεόματος
1803 3028 1987 3080 μεμη-

334 3092 453 3146 νότι
499 3092 886 3167 παραπλήσιον
947 3093 1213 3168 γίνεσθαι,
1272 3095 1362 3149 καὶ
1394 3095 1454 3149 ἐκ
1482 3099 1578 3149 106
1606 3102 1708 3164 τῆς
1735 3094 1986 3170 γνώσεως

332 3152 650 3253 Πνεόματος
711 3152 774 3236 16
830 3152 1373 3256 παρακολουθητικὸν
1442 3152 1777 3238 ἀποϐάλλειν
1841 3152 1982 3254 (51),
2017 3152 2061 3219 C

333 3267 490 3325 Ἀλλ’
532 3266 655 3324 οὔτε
705 3270 767 3324 τὸ
817 3275 933 3348 φῶς
987 3268 1304 3348 τυφλότητα
1350 3269 1589 3344 ιμποιεῖ,
1621 3270 1765 3326 ἀλλὰ
1801 3271 1899 3340 τήν
1931 3270 1992 3326 ἰκ

331 3356 542 3434 φύσεως
610 3357 1021 3434 ἐνυπάρχουσαν
1101 3359 1360 3435 ὁρατικὴν
1425 3357 1651 3432 δύναμιν
1715 3357 1986 3433 διεγείρει’

332 3444 456 3500 οὕτε
483 3447 546 3500 τὸ
597 3447 821 3518 Πνεῦμα
853 3446 1116 3502 σκότωσιν
1177 3447 1398 3520 ἐμποιεῖ
1441 3452 1560 3511 ταῖς
1588 3451 1816 3523 ψυχαῖς,
1845 3447 1990 3503 ἀλλὰ

328 3535 467 3610 πρὸς
517 3535 617 3604 τήν
669 3541 780 3590 τῶν
824 3540 1038 3607 νοητῶν
1111 3536 1339 3612 Θεωρίαν
1416 3535 1508 3591 τὸν
1559 3536 1665 3591 ἀπὸ
1717 3541 1828 3592 τῶν
1885 3540 1988 3602 τῆς

327 3623 596 3700 ἁμαρτίας
642 3621 891 3696 κηλίδων
947 3625 1313 3701 καθαρεύοντα
1368 3629 1497 3678 νοῦν
1526 3622 1849 3695 διανίστησι.
1877 3631 1984 3681 Πο-

326 3714 497 3784 νηρὰν
561 3715 655 3786 μὲν
713 3715 806 3768 οὗν
867 3711 1096 3787 δύναμιν
1157 3715 1493 3790 συγχυτικήν
1526 3713 1661 3769 εἶναι
1720 3711 1984 3786 διανοίας,

329 3796 790 3857 ἐπιϐουλεύουσαν
841 3806 910 3876 τῇ
960 3802 1275 3879 ἀνθρωπίνῃ
1324 3802 1500 3881 φύσει,
1556 3804 1658 3860 οὐκ
1703 3803 1982 3868 ἀπίθανον·

329 3888 477 3944 θείου
536 3886 593 3945 δὶ
653 3890 968 3963 Πνεόματος
1017 3891 1312 3966 παρουσίαν
1370 3893 1534 3947 ταυτὸ
1588 3897 1750 3947 τοῦτο
1801 3891 1982 3968 λεγειν

327 3976 590 4055 ἰνεργεῖν,
650 3975 856 4042 ἀσεϐὲς.
915 3983 1158 4050 Ἐπειτα,
1219 3980 1269 4035 εἴ
1323 3982 1482 4059 σοφοὶ
1542 3982 1594 4036 οἱ
1648 3983 1812 4058 ἁγιοι,
1861 3987 1979 4046 πῶς

326 4066 430 4122 οὐκ
457 4066 872 4139 ἰπηκολούθουν
905 4074 1025 4132 τοῖς
1070 4069 1612 4144 προφητευομὲνοις;
1648 4071 1825 4149 Σοφὸς
1854 4073 1979 4148 γὰρ,

325 4156 487 4232 φησὶ,
535 4160 722 4229 νοήσει
778 4159 847 4213 τὰ
905 4159 1011 4214 ἀπὸ
1060 4162 1159 4214 106
1218 4155 1361 4214 ἰδίου
1422 4159 1723 4233 στόματος·
1775 4160 1860 4216 ἐπὶ
1923 4159 1982 4217 δὶ

325 4245 544 4320 χείλεσι
595 4253 756 4324 φορεῖ
799 4245 1275 4322 ἰπιγνωμοσύνην.
1323 4247 1388 4305 Εἰ
1438 4245 1496 4303 δὶ
1539 4248 1620 4303 ὅτι
1653 4247 1835 4321 ἐξέστη
1867 4253 1980 4324 (52)

326 4333 503 4389 Ἰσαάν
553 4333 640 4390 ἰπὶ
669 4339 739 4410 τῇ
771 4331 966 4410 εἰσόδῳ
995 4342 1091 4391 τοῦ
1123 4337 1244 4391 υἱοῦ
1275 4337 1459 4405 σῦτοῦ,
1511 4337 1603 4393 καὶ
1635 4333 1802 4393 Δαϐὶδ
1833 4339 1975 4395 εἶπεν

326 4421 378 4477 ὲν
407 4427 474 4497 τῇ
528 4423 770 4480 ἐκστάσει
821 4425 1006 4494 αὐτοῦ,
1061 4423 1151 4481 διὰ
1197 4431 1359 4482 τοῦτο
1388 4428 1488 4497 τὴν
1517 4427 1834 4506 παραφορὰν
1881 4450 1977 4484 κα-

2161 2295 2219 2348 5.
2254 2293 2429 2350 Porro
2475 2297 2616 2348 sunt
2659 2294 2761 2365 qui
2805 2294 3003 2350 dicant
3053 2309 3152 2350 eos
3195 2294 3389 2348 furore
3416 2309 3480 2347 ac
3515 2290 3748 2348 insania

2093 2389 2391 2455 correptos
2434 2383 2806 2454 prophetare,
2860 2383 3125 2439 humana
3176 2389 3370 2438 mente
3419 2399 3454 2436 ε.
3520 2380 3742 2452 Spiritu

2096 2473 2390 2544 absorpta.
2423 2473 2639 2528 Verum
2671 2473 2727 2528 id
2761 2472 3036 2528 abhorret
3067 2490 3100 2528 a
3132 2470 3510 2543 professione,
3536 2470 3744 2525 divinis

2095 2562 2438 2632 praasentiaa,
2474 2568 2538 2617 ut
2564 2567 2858 2617 amentem
2891 2562 3116 2632 reddat,
3151 2561 3252 2633 qui
3282 2578 3316 2616 a
3341 2560 3584 2615 numine
3613 2574 3746 2614 cor-

2095 2649 2592 2723 ripitur,cumque
2614 2649 2822 2721 plenus
2867 2651 3198 2706 divinorum
3225 2653 3592 2705 decretorum
3615 2663 3745 2703 esse

2095 2742 2354 2812 cmperit,
2385 2745 2510 2797 tum
2543 2759 2577 2796 a
2607 2758 2715 2796 sua
2747 2742 2936 2813 ipsius
2969 2746 3162 2798 mente
3219 2740 3470 2808 excidat,
3530 2743 3588 2793 et
3643 2736 3746 2808 qui

2098 2830 2230 2886 aliis
2258 2847 2324 2886 ex
2379 2848 2506 2886 sese
2537 2831 2790 2902 praebeat
2821 2831 3162 2897 utilitatem,
3198 2832 3324 2902 ipse
3366 2846 3434 2884 ex
3493 2827 3746 2900 propriis

2097 2921 2470 2977 sermonibus
2491 2921 2636 2976 nihil
2659 2923 2852 2995 capiat
2875 2923 3346 2977 emolumenti.ln
3371 2933 3750 2987 summa,qua

2099 3011 2326 3065 ratione
2358 3017 2820 3066 consentaneum
2853 3017 2961 3076 est,
2997 3018 3062 3065 ut
3093 3012 3228 3081 quis
3286 3027 3388 3080 per
3445 3006 3745 3079 sapientia

2100 3098 2406 3168 Spiritum,
2437 3099 3009 3154 simillimusinsano
3041 3099 3267 3164 evadat,
3298 3115 3364 3153 ac
3425 3113 3494 3152 ex
3539 3093 3752 3150 intelli-

2101 3186 2312 3258 gentia:
2331 3186 2551 3257 Spiritu
2575 3185 2689 3241 vim
2713 3187 2951 3241 amittat
2980 3185 3526 3257 iutelligendi?0uin
3551 3183 3748 3255 potius

2103 3291 2294 3346 neque
2326 3274 2524 3332 lumen
2558 3274 2878 3330 caecitatem
2915 3277 3088 3346 parit,
3121 3293 3322 3330 verum
3369 3273 3602 3329 videndi
3663 3272 3744 3326 fa-

2101 3363 2378 3419 cultatem
2433 3381 2468 3418 a
2518 3369 2728 3418 natura
2785 3363 3026 3419 insitam
3074 3363 3512 3436 expergefacit;
3559 3378 3749 3433 neque

2101 3452 2358 3524 Spiritus
2388 3453 2662 3508 tenebras
2693 3452 2921 3508 inducit
2951 3453 3186 3518 animis,
3220 3455 3321 3509 sed
3355 3454 3425 3508 ad
3486 3456 3748 3507 contem-

2099 3541 2417 3614 plationem
2447 3558 2644 3597 rerum
2677 3541 3429 3613 intelligibilium,mentem
3463 3560 3496 3596 a
3527 3540 3747 3614 peccati

2098 3630 2349 3686 maculis
2379 3647 2588 3703 puram
2621 3632 2850 3686 excitat.
2884 3631 3007 3687 Non
3036 3633 3274 3703 quidem
3309 3631 3598 3686 dissimile
3629 3629 3746 3684 veri

2095 3722 2560 3792 est,improbam
2596 3727 2969 3792 potestatem,
3017 3725 3242 3776 naturas
3274 3722 3547 3776 humanae
3607 3717 3748 3774 insi-

2095 3809 2376 3876 diantem,
2430 3811 2788 3864 confundere
2829 3815 3082 3866 mentem
3121 3828 3133 3865 :
3183 3811 3283 3865 sed
3314 3809 3575 3881 idipsum
3643 3823 3748 3879 per

2095 3899 2354 3971 Spiritus
2383 3898 2566 3954 divini
2603 3899 2975 3970 praesentiam
3034 3900 3211 3967 efﬁci,
3240 3899 3432 3955 dicere
3491 3898 3744 3968 impium

2094 3993 2200 4044 est.
2236 3989 2317 4044 Ad
2373 3987 2516 4056 hac,
2567 3989 2614 4042 si
2677 3988 2974 4059 sapientes
3006 3994 3148 4044 sunt
3178 3989 3390 4054 sancti,
3449 3986 3743 4059 quomodo

2093 4094 2294 4134 eorum
2325 4093 2456 4149 quae
2484 4077 2758 4132 vaticinio
2791 4078 3062 4146 edebant,
3120 4077 3566 4148 intelligentiam
3627 4091 3740 4130 non

2093 4172 2236 4224 sunt
2266 4167 2566 4223 assecuti?
2597 4166 2827 4237 Sapiens
2858 4169 3039 4236 enim,
3074 4168 3288 4240 inquit,
3313 4169 3586 4238 intelliget
3617 4182 3744 4238 quae

2090 4258 2158 4313 ab
2188 4273 2280 4314 ore
2307 4257 2534 4327 proprio
2560 4256 2987 4326 proﬁciscuntur
3019 4273 3032 4312 :
3067 4258 3128 4312 in
3159 4257 3322 4312 labiis
3353 4261 3536 4312 autem
3561 4261 3746 4328 portat

2090 4344 2760 4416 intelligentiam“.0uod
2796 4346 2845 4400 si
2869 4346 3143 4416 quoniam
3174 4347 3334 4402 Isaac
3376 4346 3436 4399 in
3468 4345 3740 4417 ingressu

2089 4435 2194 4491 ﬁlii
2227 4435 2319 4490 sui
2372 4434 2679 4505 obstupuit
2707 4435 2853 4499 l57,et
2901 4434 3181 4505 quoniam
3241 4434 3422 4490 David
3479 4433 3625 4490 dixit
3680 4434 3742 4492 in

327 4511 687 4586 ταψεόδονται
738 4519 846 4569 τῶν
880 4515 1071 4590 ἁγίων,
1119 4515 1531 4590 γινωσκὲτωσαν
1573 4517 1673 4587 τήν
1722 4514 1981 4592 ἔκπληξιν

2099 4539 2334 4579 excessu
2368 4538 2473 4579 suo
2503 4522 2548 4557 ⁸⁸
2576 4538 2590 4576 :
2623 4523 2694 4576 ob
2725 4522 2784 4576 id
2825 4522 3059 4595 ﬁngunt
3089 4529 3324 4579 sanctos
3354 4524 3568 4579 mentis
3621 4540 3740 4578 suae

323 4597 575 4658 ἔκστασιν
627 4602 896 4680 εἰρῆσθαιο
957 4605 1034 4668 ὡς
1088 4604 1173 4674 τὸ,
1231 4604 1450 4676 Ἐξὲστη
1510 4606 1540 4661 6
1598 4605 1844 4683 οὐρανὸς,
1894 4609 1985 4664 καὶ

2097 4615 2398 4684 compotes
2430 4627 2544 4666 non
2574 4626 2726 4679 esse;
2749 4611 3017 4666 noverint
3046 4612 3498 4669 admirationem
3531 4628 3596 4669 ac
3619 4618 3743 4668 stu-

392 4800 436 4837 “
465 4798 540 4858 IV
570 4801 706 4876 Reg.
737 4818 793 4872 ν,
822 4803 916 4858 26.
993 4801 1038 4838 ⁸⁸
1067 4802 1231 4860 Prov.
1261 4819 1380 4874 xw,
1411 4803 1500 4859 23.
1579 4804 1626 4840 ⁸⁷
1656 4804 1800 4864 Gen.
1827 4823 1981 4867 xxvn

2100 4853 2113 4866 .
2190 4810 2234 4846 ⁸⁸
2267 4807 2428 4868 Psal.
2469 4825 2596 4877 cxv,
2628 4809 2683 4866 2.

365 5001 512 5130 ﬁt}?
543 5000 784 5060 Codices
815 5004 954 5092 dup,
989 5022 1108 5090 σου.
1139 5004 1271 5060 Mox
1301 5007 1551 5130 uterque
1581 5003 1868 5076 Combef.,
1898 5006 1974 5070 ὡς

365 5093 405 5130 ω
506 5071 759 5130 ωσήφ....
820 5095 910 5129 και
966 5093 1047 5130 τω
1103 5073 1332 5130 Δανιήλ.
1392 5075 1433 5130 Ε
1477 5079 1562 5130 lti.
1614 5077 1643 5130 6
1701 5077 1972 5130 Ἰωσῆω...

820 5073 910 5129 καὶ
966 5077 1047 5148 τῷ
1103 5073 1332 5146 Δανιήλ.
1392 5071 1562 5148 Editi,
1614 5077 1643 5131 6
1701 5071 1972 5156 Ἰωσῆφ...

329 5163 418 5199 και
449 5163 569 5198 Δανι
619 5163 674 5201 Α.

339 5285 353 5306 ι
401 5217 511 5306 (47)
537 5163 676 5306 R165:
709 5216 1297 5306 secundus,‘iv196tia,
1337 5218 1462 5306 οὐδὲ
1491 5218 1613 5284 νοῦς
1671 5219 1970 5289 ἀνθρώπων

333 5285 572 5368 δώντων
626 5285 786 5368 Θεὸν,
836 5289 927 5344 καὶ
982 5285 1082 5358 τὴν
1114 5288 1344 5368 ’ἐκεῖθεν
1395 5290 1624 5364 δύναμιν
1686 5285 1972 5368 σπιρντων,

330 5360 506 5438 Neque
562 5377 715 5438 mens
758 5362 1046 5438 hominum
1100 5364 1443 5438 intuentium
1490 5360 1681 5434 Deum,
1742 5360 1977 5438 indeque

330 5433 588 5514 virtutem
616 5432 1018 5514 haurientium.
1054 5435 1213 5514 Regii
1245 5437 1479 5514 primus
1508 5444 1568 5514 et
1598 5432 1805 5514 tertius
1856 5432 1973 5493 non

333 5502 499 5589 aliter
527 5507 707 5575 atque
735 5505 1016 5577 editi,nisi
1037 5502 1193 5578 quod
1218 5502 1321 5579 p-ro
1351 5505 1690 5570 ἐπισπῶντος
1716 5509 1965 5566 habeant

333 5593 600 5634 σπωντος.

333 5717 371 5727 _
394 5647 511 5727 μᾷ)
542 5645 658 5727 S_ic_
685 5645 843 5727 Roga
871 5648 1121 5721 primus.
1181 5654 1306 5707 Duo
1359 5649 1459 5709 alii
1503 5668 1674 5725 mss.,
1705 5649 1752 5706 εἰ
1805 5650 1970 5727 παρά.

331 5714 502 5794 Editi,
533 5714 586 5773 εἰ
608 5716 666 5773 αἱ
703 5714 869 5794 παρά.

2297 5007 2460 5082 Ηθείί
2493 5009 2721 5089 Ρῄωιιε
2761 5013 2818 5067 et
2868 5012 3191 5089 secundus,
3249 5007 3736 5089 καταγγέλλουσαι.

2285 5077 2774 5158 κβτᾶγγέλλοντος,
2813 5099 2928 5138 non
2962 5086 3042 5139 ita
3056 5077 3238 5158 recte.

2472 5153 3206 5228 ’Βθουῑιᾶιιε,χαρισμάτων.

2156 5223 2270 5297 (51)
2299 5223 2542 5300 Codices
2601 5223 3149 5300 ποθ-ἀποϐάλλειν.
3209 5228 3334 5284 Non
3387 5226 3558 5300 longe
3602 5228 3737 5285 hinc

2083 5295 2224 5375 Beg.
2249 5295 2568 5375 secundus,
2597 5295 2914 5375 τυφλότητα
2939 5302 3106 5353 ποιεῖ.
3141 5300 3400 5356 Subinde
3439 5295 3594 5355 idem
3636 5318 3735 5356 co-

2085 5367 2216 5444 dex,
2250 5371 2386 5444 Hvs6
2396 5389 2471 5444 μα
2498 5367 2560 5444 1d
2576 5367 2743 5444 Δόίγιόν
2755 5412 2767 5424 .

2156 5442 2266 5510 (52)
2302 5438 2474 5514 Illud,
2511 5438 2922 5514 tEéa‘rnpotest
2953 5458 3381 5514 nonnunquam
3415 5443 3496 5499 ita
3523 5443 3730 5514 accipi,

2085 5514 2151 5566 ut
2180 5513 2498 5587 quamdam
2524 5512 2744 5568 mentis
2765 5512 3170 5587 alienationem
3200 5512 3734 5587 signiticet.Vulga¥

2084 5587 2166 5659 ta,
2184 5585 2433 5659 Expavit
2460 5585 2626 5659 Isque
2651 5594 2886 5659 stupore
2902 5583 3234 5659 vehementi.
3250 5583 3576 5659 Aliquando
3598 5583 3732 5658 post

2084 5650 2226 5783 ἔιξὲ
2259 5650 2492 5726 tertius,
2528 5650 2616 5709 διὰ
2636 5650 2798 5709 τοῦτο
2828 5655 2929 5725 τὴν
2953 5656 3273 5733 περιφοράν,
3317 5650 3476 5716 haud
3524 5650 3728 5716 emen-

2127 5741 2242 5784 8ῐθο
2935 5743 2940 5747 ’
