4154 6422
404 356 518 414 127

1342 359 1738 420 APPENDIX
1781 358 2108 420 OPEBUM
2155 360 2222 418 S.
2269 357 2552 418 BASILII
2596 356 2874 419 MAGNI.

399 502 600 558 porem
632 487 990 558 appellatum
1024 505 1152 544 esse
1196 489 1408 544 mentis
1462 505 1790 545 excessum.
1843 488 2054 558 Cujus-

2169 487 2205 555 ὴ
2264 491 2336 560 γῆ
2391 483 2590 563 ἔφριξε.
2625 487 2749 561 Χρὴ
2785 483 2842 540 δὲ
2870 485 2976 540 ἀπὸ
3004 487 3111 538 τῶν
3143 487 3341 538 κοινῶν
3376 479 3592 536 ἐννοιῶν
3625 478 3828 550 ὡρμη-

399 576 557 630 modi
578 582 666 630 est
696 576 1184 649 illud:0bstupuit
1215 578 1510 647 cmlum,et
1546 578 1775 633 horruit
1804 583 1960 633 terra
1981 578 2046 631 5°.

397 666 572 720 Porro
606 667 905 721 fatendum
939 673 1028 721 est
1059 685 1090 721 a
1119 669 1535 723 communibus
1587 667 1896 738 principiis
1923 683 2048 736 pro-

396 755 580 810 fectos
606 772 786 809 nosea
805 772 929 824 quas
951 757 1274 810 secundum
1295 756 1552 812 litteram
1568 756 1863 812 contraria
1885 762 2048 821 sunt,

395 844 456 899 in
480 844 594 898 Deo
627 860 740 897 non
773 843 1111 914 intelligere.
1142 845 1322 908 Quale
1349 850 1438 900 est
1476 847 1648 915 juxta
1704 861 2049 900 communes

2165 576 2379 647 μένους,
2415 576 2541 649 περὶ
2573 578 2705 629 Θεοῦ
2736 575 2804 628 τὰ
2833 572 3238 646 ἐναντιούμενα,
3285 570 3409 625 ὅσον
3444 568 3531 624 ἐπὶ
3559 570 3628 640 τῇ
3657 563 3825 636 λέξει,

2161 661 2480 738 ὁμολογεῖν,
2547 666 2622 736 μὴ
2691 670 2855 720 νοεῖν.
2905 665 3055 732 Οἴον,
3110 661 3249 716 κατὰ
3309 660 3405 723 τὰς
3451 657 3634 718 κοινὰς
3685 674 3825 728 προ-

2161 751 2355 825 λήψεις
2386 752 2497 807 ἐστὶ
2529 755 2641 825 (53)
2669 755 2767 821 τήν
2801 751 2946 816 θείαν
2980 751 3135 828 φύσιν
3169 750 3394 825 ἀγαθὴν,
3426 747 3512 802 καὶ
3549 745 3821 818 ἀόργητον

2158 841 2247 895 καὶ
2281 839 2488 896 δικαίαν
2523 839 2845 916 ὁμολογεῖν.

397 931 784 1003 acceptiones,
817 933 1076 987 divinam
1105 938 1402 1003 naturam,
1437 934 1675 1001 bonam,
1701 935 1797 988 iraa
1822 940 2118 1004 expertem
2148 948 2216 988 ac
2242 934 2468 1002 justam
2501 948 2631 988 esse
2661 932 2950 988 conﬁteri.

467 1025 520 1076 6.
569 1021 744 1084 Quale
797 1022 845 1075 si
900 1022 1204 1093 Scriptura
1279 1024 1464 1078 Deum
1520 1024 1716 1084 irasci.
1803 1040 2050 1079 maerore

398 1111 572 1177 affici,
595 1117 697 1164 aut
730 1111 1026 1180 poenitere,
1059 1116 1161 1166 aut
1184 1119 1389 1182 praeter
1421 1113 1698 1168 meritum
1738 1112 1938 1184 aliquo
1963 1112 2048 1167 uti

397 1200 586 1254 dicat:
623 1200 765 1270 quid
800 1200 912 1253 sibi
937 1201 1117 1254 velint
1145 1203 1320 1256 verba
1352 1203 1732 1272 quaerendum
1791 1206 1881 1256 est
1913 1218 1927 1268 ;
1985 1216 2050 1255 ac

395 1288 646 1345 sollicite
678 1289 1057 1360 cogitandum
1090 1291 1385 1360 quomodo
1415 1307 1484 1346 ea
1524 1291 1830 1346 restituere
1864 1288 2047 1358 possi-

395 1395 551 1432 mus.
587 1377 711 1431 Non
745 1383 941 1431 autem
975 1379 1267 1448 oportebit
1299 1379 1608 1449 praeclaras
1641 1381 1712 1434 de
1751 1380 1866 1434 Deo
1923 1379 2048 1450 opi-

395 1467 603 1520 niones
635 1466 995 1522 subvertere.
1071 1470 1263 1538 Atque
1315 1470 1386 1523 ad
1443 1485 1577 1524 eum
1613 1470 1852 1524 modum
1903 1468 2052 1523 citra

397 1555 685 1609 oﬂensam
719 1559 779 1608 tn
811 1554 1128 1625 Scripturis
1157 1558 1545 1625 versabimur,
1575 1558 1716 1612 dum
1749 1562 1805 1612 et
1845 1573 1914 1611 ex
1953 1556 2048 1624 iis,

398 1661 526 1716 quas
562 1643 730 1697 facile
754 1645 971 1715 percipi
1007 1652 1278 1714 possunt,
1311 1647 1743 1715 adjuvabimur,
1779 1651 1836 1701 et
1866 1646 1938 1701 ab
1977 1646 2050 1699 iis

399 1749 527 1803 quas
585 1737 724 1786 sunt
781 1732 1078 1787 intellectu
1125 1734 1480 1801 difficiliora,
1516 1750 1632 1789 non
1664 1734 2048 1789 oﬂ'endemur.
2085 1770 2132 1835 Β

400 1821 562 1884 Quod
587 1821 635 1875 si
668 1821 799 1892 quis
833 1822 976 1876 illud
1031 1822 1240 1877 divinas
1272 1823 1586 1894 Scriptura:
1645 1823 1786 1877 vitio
1837 1829 2048 1887 vertat,

401 1910 558 1980 quod
592 1927 704 1964 non
740 1911 965 1975 doceat,
1005 1928 1193 1982 neque
1216 1913 1502 1982 producat
1532 1929 1600 1967 ea
1621 1929 1744 1982 quae
1778 1912 2055 1982 prodesse

402 1999 647 2069 possint,
673 1999 723 2054 is
755 2001 1080 2072 perpendat
1105 2001 1439 2056 universam
1482 2018 1680 2056 rerum
1714 2001 2053 2056 mortalium

403 2087 855 2155 ordinationem,
918 2106 1033 2143 non
1093 2089 1286 2144 solum
1318 2090 1375 2144 in
1436 2091 1590 2146 882
1623 2089 2052 2162 spiritualibus,

401 2193 603 2232 verum
637 2177 814 2232 etiam
847 2178 904 2232 in
940 2178 1522 2249 inferioribns,atque
1553 2180 1624 2234 ad
1666 2179 1843 2234 vitam
1877 2178 2055 2250 perti-

404 2267 684 2321 nantibus
717 2267 997 2338 negotiis;
1027 2268 1470 2338 consideretque
1497 2284 1624 2323 eam
1655 2268 1925 2336 vim,qua3
1948 2283 2054 2339 gu-

406 2355 608 2410 bernat
629 2355 1122 2420 universa,brutis
1139 2356 1495 2412 animalibus
1527 2356 1755 2411 facilem
1773 2358 1844 2411 ad
1873 2357 2055 2411 vitam

401 2444 682 2498 tuendam
716 2445 1081 2500 occasionem
1134 2447 1437 2510 tribuisse,
1493 2446 1842 2502 alimentum
1903 2445 2056 2500 ultro

402 2533 1124 2604 prmbenspperimentum
1149 2540 1355 2606 sponte
1384 2541 1686 2607 agnatum,
1729 2551 1758 2590 e
1791 2534 1925 2606 pilis
1957 2539 2059 2590 aut

404 2620 624 2692 plumis
649 2622 994 2678 indumenta
1020 2640 1031 2677 :
1055 2623 1355 2678 hominem
1380 2634 1575 2680 autem
1607 2624 2057 2692 solum,nudum

405 2712 775 2780 producens;
810 2712 1094 2768 rationem
1121 2713 1388 2769 omnium
1420 2713 1658 2768 illorum
1709 2714 1832 2769 vice
1874 2715 2054 2782 dedit,

407 2815 511 2870 per
540 2816 716 2870 quam
748 2807 904 2855 artes
934 2807 1172 2872 reperta
1205 2807 1363 2872 sunt,
1399 2803 1615 2873 quibus
1645 2803 1744 2858 illa
1774 2803 1885 2858 sibi
1913 2820 2059 2874 sup-

405 2888 646 2958 peditet,
698 2894 858 2960 puta,
893 2890 1304 2959 architectura,
1341 2891 1612 2957 textoria,
1675 2891 2055 2963 agricultura,

406 2977 610 3030 aeraria
641 2977 882 3044 fabrica;
911 2979 1391 3049 quandoquidem
1424 2980 1576 3051 quod
1632 2983 1830 3036 deerat
1859 2997 2058 3052 corpo-

406 3065 658 3131 ribus,id
692 3067 928 3122 animus
942 3085 1043 3138 per
1064 3069 1308 3124 rationis
1330 3070 1558 3140 copiam
1579 3069 2055 3140 supplet.Quem-

2229 1024 2283 1076 6.
2341 1021 2463 1076 Έὰν
2517 1019 2608 1076 οῦν
2638 1020 3013 1095 ὀργιζόμενον,
3045 1019 3080 1088 ἢ
3114 1015 3477 1090 λυπούμενον,
3509 1017 3544 1084 ἡ
3583 1033 3820 1086 μεταμε-

2159 1106 2413 1180 λόμενον,
2474 1111 2508 1179 ἢ
2573 1110 2648 1180 μή
2708 1115 2823 1163 κατ’
2881 1108 3025 1178 ἀξίαν
3069 1108 3175 1162 τινὶ
3211 1105 3503 1181 χρώμενον
3541 1105 3577 1172 ἡ
3630 1103 3820 1179 Γραφή

2159 1196 2330 1271 λέγει,
2366 1204 2544 1268 ζητεῖν
2605 1200 2870 1272 προσήκει
2924 1197 2986 1251 τὸ
3043 1203 3141 1265 τῆς
3175 1195 3371 1268 λέξεως
3418 1191 3699 1269 βούλημα,
3727 1190 3822 1244 καὶ

2163 1292 2448 1361 μεριμνᾷν,
2524 1287 2646 1341 τίνα
2719 1287 2922 1360 τρόπον
2980 1287 3421 1352 ἀποκαταστῆσαι
3476 1279 3819 1353 δυνηθῶμεν·

2160 1375 2288 1451 ούχί
2321 1373 2378 1430 δὲ
2409 1376 2722 1450 ἀνατρέπειν
2752 1377 2848 1438 τὰς
2883 1371 3204 1450 ἀξιολόγους
3252 1374 3373 1445 περὶ
3420 1375 3554 1427 Θεοῦ
3605 1367 3826 1438 ὑπολή-

2160 1467 2298 1536 ψεις.
2333 1465 2428 1518 Καὶ
2476 1465 2648 1527 οὕτως
2693 1464 3056 1538 ἁπροσκόπως
3117 1463 3468 1534 ἐντευξόμεθα
3521 1464 3641 1520 ταῖς
3690 1463 3829 1531 Γρα-

2162 1558 2308 1630 φαῖς,
2342 1554 2445 1607 ἀπὸ
2476 1554 2568 1625 μὲν
2613 1559 2720 1608 τῶν
2756 1552 3044 1622 εὐλήπτων
3099 1550 3501 1628 ὠφελούμενοι,
3533 1547 3592 1603 ἐκ
3623 1544 3682 1602 δὲ
3708 1550 3821 1600 τῶν

2164 1643 2536 1718 ἀσαφεστέρων
2593 1642 2654 1697 ού
2711 1636 3256 1717 παραϐλαπτόμενοι.
3316 1639 3438 1696 Ἐὰν
3495 1635 3552 1692 δέ
3595 1658 3678 1697 τις
3730 1634 3824 1710 ἐγ-

2163 1728 2308 1804 καλῇ
2337 1735 2406 1796 τῆ
2439 1731 2554 1802 Θείᾳ
2583 1735 2793 1806 Γραφῇ,
2827 1731 2901 1793 ὡς
2941 1734 3003 1784 ού
3054 1726 3415 1801 διδασκαλικῇ
3448 1724 3574 1782 οὐδὲ
3603 1724 3823 1799 ἐνεργηο

2162 1824 2290 1892 τικῇ
2365 1825 2472 1874 τῶν
2545 1820 2872 1897 ὠφελεῖσθαι
2946 1816 3255 1891 δυναμένων
3289 1861 3305 1886 ,
3367 1815 3819 1888 καταμανθανέτω

2163 1915 2334 1963 πᾶσαν
2361 1911 2458 1978 τήν
2488 1915 2591 1964 τῶν
2629 1909 2978 1982 ἀνθρωπίνων
3028 1907 3414 1980 διακόσμησιν,
3447 1905 3546 1959 οὐκ
3598 1901 3650 1958 ἐν
3699 1907 3816 1964 τοῖς

2163 2005 2549 2072 πνευματικοῖς
2605 2001 2790 2072 μόνον,
2820 1997 3081 2054 ἀλλὰκαὶ
3132 1996 3183 2052 ἐν
3237 2001 3354 2057 τοῖς
3414 1991 3820 2066 ὑποδεεστέροις

2164 2089 2254 2142 καὶ
2285 2094 2399 2150 τοῖς
2447 2090 2582 2144 κατά
2603 2091 2693 2144 τὸν
2733 2088 2849 2164 βίον
2881 2099 3215 2163 πράγμασιν·
3249 2087 3331 2142 ὅτι
3383 2090 3500 2147 τοῖς
3553 2084 3648 2157 μὶν
3683 2081 3817 2138 ἀλό-

2163 2198 2282 2252 γοις
2314 2176 2540 2234 εὔκολον
2594 2176 2764 2233 ἓδωκε
2811 2179 2908 2246 τὴν
2962 2179 3096 2253 πρὸς
3125 2178 3188 2232 τὸ
3222 2175 3311 2250 ζῇν
3363 2175 3637 2251 ἀφορμήν·
3697 2191 3820 2246 τρο-

2166 2268 2266 2344 φὰς
2339 2267 2697 2340 αὐτομάτους,
2754 2268 2842 2321 καὶ
2902 2267 3104 2336 σκέπην
3178 2266 3440 2341 αύτοφυᾶ·
3497 2263 3582 2318 καὶ
3641 2261 3708 2316 τά
3761 2260 3822 2314 ἐκ

2163 2362 2372 2432 τριχῶν
2406 2357 2494 2412 καὶ
2539 2362 2752 2432 πτερῶν
2799 2354 3069 2430 ἐνδύματη
3126 2358 3160 2424 ἡ
3217 2355 3284 2409 τὰ
3342 2352 3626 2425 σύμπαντα
3666 2349 3822 2405 οἷκο-

2164 2450 2409 2518 νομοῦσα
2465 2445 2692 2520 δύναμις
2753 2445 3063 2521 ἐχαρίσατο·
3124 2445 3216 2498 τὸν
3276 2440 3334 2497 δὶ
3389 2439 3674 2515 ἄνθρωπον
3723 2460 3823 2514 γυ-

2169 2534 2299 2607 μνὸν
2359 2535 2766 2611 παραγαγοῦσα,
2825 2534 2988 2610 λόγον
3038 2531 3235 2588 ἔδωκεν
3296 2530 3411 2585 ἀντὶ
3451 2531 3688 2597 πάντων,
3750 2523 3823 2581 δι’

2168 2622 2229 2678 οὗ
2283 2621 2338 2679 α⁹ί
2392 2646 2451 2680 τε
2508 2629 2618 2698 (54)
2651 2624 2962 2700 ποριστικαὶ
2997 2624 3318 2691 συνέστησαν
3367 2619 3576 2695 τέχναι,
3611 2613 3823 2672 οἰκοδο-

2173 2714 2330 2786 μικὴ,
2394 2714 2677 2790 ὑφαντικὴ,
2735 2712 2994 2789 γεωργίας
3057 2710 3416 2786 χαλκευτικὴ
3467 2709 3530 2763 τὸ
3559 2711 3677 2768 τοῖς
3707 2706 3824 2760 σώ-

2172 2824 2330 2875 μασιν
2378 2801 2550 2857 ἐνδέον
2604 2801 3028 2875 ἁναπληρούσης
3083 2803 3182 2864 τῆς
3215 2803 3407 2874 ψυχῆσ
3451 2800 3520 2870 τῇ
3551 2794 3821 2868 παρουσίᾳ

2165 2897 2262 2946 τοῦ
2295 2891 2482 2968 λόγου.
2539 2895 2742 2966 ’Ὠσπερ
2791 2889 2881 2945 οὖν
2923 2889 2976 2944 ἐν
3015 2888 3254 2960 τούτοις,
3315 2886 3448 2962 οὐχὶ
3510 2883 3815 2961 βασκαίνων

2167 2983 2302 3054 ἡμῖν
2345 2983 2480 3056 πρὸς
2530 2982 2592 3036 τὸ
2643 2986 2737 3054 ζῇν
2770 2982 3058 3056 ἀφορμῶν,
3107 2977 3506 3051 παραπλησίως
3535 2979 3650 3035 τοῖς
3685 2970 3819 3027 ἀλό-

2166 3091 2287 3146 γοις
2319 3072 2845 3145 συναπογεννηθῆναι
2893 3070 3066 3123 πάντα
3113 3069 3141 3121 ὁ
3191 3063 3525 3139 δημιουργὸς
3555 3066 3714 3136 ἡμῶν
3748 3061 3817 3116 οὗ

409 3156 728 3212 admodum
763 3157 942 3227 igitur
964 3158 1156 3228 cpifex
1178 3165 1376 3214 noster
1400 3159 1456 3212 in
1489 3158 1582 3213 bis
1607 3160 2051 3217 commoditates

2168 3144 2558 3236 συνεχώρησεν,
2609 3157 2754 3214 ἀλλὰ
2799 3159 2898 3227 τήν
2950 3155 3156 3212 ἔνδειαν
3201 3160 3308 3210 τῶν
3357 3152 3678 3229 ἀναγκαίων,
3722 3173 3817 3225 γυ-

408 3246 535 3300 vitae
567 3246 735 3299 nobis
767 3245 920 3301 haud
954 3247 1245 3313 invidens,
1268 3249 1467 3303 omnia
1489 3265 1606 3304 una
1637 3249 1944 3305 nobiscum
1977 3251 2053 3306 si-

410 3334 626 3388 militer
656 3335 844 3389 brutis
875 3337 1116 3406 produci
1151 3353 1218 3391 ac
1250 3339 1541 3409 procreari
1575 3355 1691 3393 non
1744 3339 2052 3409 permisit;

408 3424 509 3478 sed
543 3422 698 3478 velut
729 3424 948 3494 ingenii
978 3425 1316 3480 exercitium
1350 3443 1546 3482 rerum
1587 3429 2054 3483 necessariarum

408 3512 668 3584 inopiam
704 3513 872 3568 nobis
905 3515 1289 3586 excogitavit;
1325 3515 1527 3570 itidem
1561 3521 1616 3570 et
1645 3517 1704 3571 in
1736 3517 2057 3589 Scripturis

407 3602 544 3656 data
574 3618 750 3672 opera
808 3601 992 3656 voluit
1056 3619 1186 3658 esse
1235 3604 1653 3660 obscuritatem
1709 3607 1780 3660 ad
1842 3606 2057 3662 mentis

408 3695 621 3745 nostris
654 3689 992 3758 utilitatem,
1046 3691 1162 3746 vim
1222 3693 1410 3763 ipsius
1443 3710 1508 3748 ac
1562 3693 1842 3750 virtutem
1903 3696 2055 3750 exci-

407 3784 562 3835 tans.
596 3780 861 3834 Primum
888 3781 1152 3851 quidem,
1177 3787 1244 3836 ut
1275 3781 1367 3837 his
1398 3788 1705 3854 occupata,
1741 3800 1774 3838 a
1804 3785 2055 3841 deterio-

409 3868 573 3922 ribus
605 3873 898 3924 avocetur.
957 3869 1176 3925 Dcinde
1235 3871 1391 3941 quod
1445 3888 1572 3942 quis
1635 3871 1833 3928 labore
1892 3879 2060 3944 parta

412 3961 572 4026 sunt,
603 3973 689 4023 ea,
716 3960 911 4013 nescio
942 3975 1056 4029 quo
1089 3964 1276 4030 pacto,
1311 3960 1500 4032 magis
1559 3966 1857 4029 amantur,
1900 3979 2058 4034 qua:-

414 4063 528 4117 que
558 4046 732 4118 longo
777 4052 1039 4118 tempore
1098 4048 1471 4120 contingunt,
1527 4050 1898 4106 constantius
1930 4069 2061 4123 per-

416 4140 860 4191 manent.Porro
893 4153 1020 4207 quis
1048 4137 1216 4192 facile
1249 4139 1651 4209 parantur,his
1674 4157 1788 4196 non
1822 4142 2062 4211 perinde

415 4223 580 4280 avide
613 4223 884 4281 fruimur.
922 4225 1250 4297 Negligitur
1306 4227 1464 4282 enim
1515 4243 1713 4283 rerum
1756 4229 2062 4286 obviarum

415 4312 600 4384 copia,
633 4330 824 4384 neque
857 4313 978 4370 ulla
1009 4316 1276 4370 custodia
1299 4316 1509 4388 dignas
1543 4317 1834 4390 ducit,qui
1868 4319 2062 4390 possi-

416 4402 532 4456 det.
565 4401 930 4474 Quapropter
958 4407 1015 4458 et
1044 4395 1409 4460 somniorum
1435 4405 1688 4461 obscura
1713 4413 1772 4461 et
1801 4407 2064 4465 involuta

2167 3251 2390 3322 μνάσιον
2438 3253 2574 3322 ἡμῖν
2624 3256 2725 3318 τῆς
2777 3245 3014 3308 διανοίας
3060 3246 3486 3321 ἐμηχανήσατο·
3533 3241 3678 3296 οὕτω
3723 3237 3813 3294 καὶ

2163 3341 2262 3409 τὴν
2310 3339 2362 3394 ἐν
2409 3344 2529 3401 ταῖς
2579 3343 2818 3416 Γραφαῖς
2869 3335 3126 3408 ἀσάφειαν
3181 3334 3261 3389 ἐπ’
3313 3329 3552 3410 ὠφελείᾳ
3575 3334 3671 3386 τοῦ
3718 3332 3814 3382 νοῦ

2167 3426 2448 3504 διεγείρων
2511 3426 2674 3482 αὐτοῦ
2732 3429 2830 3495 τὴν
2884 3425 3190 3500 ἐνέργειαν,
3251 3419 3588 3492 ἐπετήδευσε.
3645 3421 3812 3492 ΙΙρῶ-

2163 3538 2256 3572 τον
2313 3518 2431 3590 μὶν,
2473 3515 2562 3571 *ίνα
2617 3515 2832 3579 τούτοις
2891 3511 3365 3588 ἐνασχολούμενοσ
3417 3515 3525 3564 τῶν
3549 3507 3810 3590 χειρόνων

2168 3589 2509 3684 ἀφέλκηται·
2566 3603 2755 3660 ἒπειτα
2814 3605 2895 3658 ὅτι
2947 3603 3017 3658 τὰ
3070 3602 3224 3673 πόνῳ
3287 3598 3551 3670 κτηθέντα
3607 3589 3814 3670 μᾶλλόν

2168 3717 2285 3757 πως
2342 3696 2610 3771 ἀγαπᾶται
2647 3739 2661 3763 ,
2716 3693 2804 3747 καὶ
2862 3693 2930 3747 τὰ
2977 3689 3067 3746 διὰ
3127 3694 3337 3765 μακροῦ
3394 3687 3600 3764 χρόνου
3651 3704 3819 3759 προσ-

2169 3804 2439 3859 γενομενα
2499 3783 2877 3857 μονιμώτερον
2932 3777 3270 3855 παραμένει·
3331 3779 3406 3832 ὧν
3461 3775 3518 3832 δὶ
3577 3771 3732 3850 ῥᾳδία
3783 3775 3820 3841 ἡ

2169 3880 2380 3942 κτῆσις,
2440 3872 2501 3926 ού
2559 3867 3024 3947 περισπούδαστος
3080 3872 3116 3938 ἡ
3177 3864 3518 3928 ἀπολαυσις.
3579 3862 3820 3918 Εύκατα-

2171 3983 2440 4040 φρονητος
2467 3962 2572 4037 γὰρ
2602 3961 2636 4030 ἠ
2663 3964 2771 4014 τῶν
2817 3957 3130 4034 προχείρων
3190 3955 3478 4030 παρουσία,
3527 3953 3616 4008 καὶ
3666 3949 3824 4040 οὐδεῖ

2175 4038 2302 4125 μιᾶς
2346 4049 2595 4128 φυλακῆς
2627 4047 2916 4122 ἀξιουμένη
2969 4052 3086 4108 τοῖς
3126 4042 3340 4120 ἓχουσι.
3394 4043 3490 4097 Διὰ
3516 4045 3681 4096 τοῦτο
3732 4038 3824 4128 καῖ

2170 4142 2205 4211 ἠ
2254 4126 2368 4195 τῶν
2408 4139 2629 4214 ὀνείρων
2664 4138 2820 4216 φύσις
2869 4137 3080 4213 ἀσαφὴς
3141 4134 3231 4189 καὶ
3280 4132 3492 4207 πλαγία
3524 4175 3539 4199 ,
3607 4129 3723 4216 καὶ,
3752 4126 3826 4216 ,ού

2177 4234 2373 4305 μικρᾶς
2414 4226 2644 4301 δεομένη
2678 4214 2777 4297 τῆς
2810 4225 2870 4282 ἐκ
2896 4229 2993 4282 τοῦ
3024 4228 3118 4279 νοῦ
3149 4223 3480 4298 ἐντρεχείας·
3513 4220 3603 4274 καὶ
3633 4214 3825 4285 πολλὴ

2176 4317 2454 4394 συγγένεια
2509 4318 2644 4390 πρὸς
2680 4317 2748 4372 τὰ
2805 4316 2864 4370 ἐκ
2922 4319 3028 4369 τῶν
3091 4311 3314 4387 ὀνείρων
3366 4309 3657 4386 αἰνίγματα
3709 4310 3831 4368 τοῖς

2174 4411 2310 4464 κατὰ
2339 4407 2622 4482 ἐπίκρυψιν
2675 4407 2728 4462 ἐν
2754 4410 2824 4480 τῇ
2858 4407 3045 4481 Γραφῇ
3098 4400 3483 4474 δηλουμένοις.
3532 4399 3686 4456 Ὀθεν
3735 4394 3826 4450 καὶ

418 4494 508 4546 est
523 4491 782 4558 ratio,ita
796 4497 857 4546 ut
879 4509 994 4547 non
1013 4494 1367 4548 mediocrem
1383 4494 1680 4550 desideret
1693 4495 1873 4551 animi
1895 4514 2055 4569 saga-

2177 4500 2376 4575 Ἰωσὴφ
2426 4497 2514 4551 καὶ
2577 4493 2783 4566 Δανιὴλ
2853 4499 2934 4566 τῷ
3003 4494 3332 4568 προφητικῷ
3407 4488 3708 4563 χαρίσματι
3761 4483 3830 4540 τὰ

419 4577 676 4646 citatem,
705 4581 1042 4654 habentque
1069 4583 1503 4638 insomniorum
1537 4583 1856 4657 aenigmata
1879 4586 2063 4658 pluri-

418 4685 581 4725 mum
606 4670 912 4727 afﬁnitatis
936 4688 1069 4727 cum
1096 4672 1167 4728 iis
1198 4689 1326 4744 qua:
1352 4672 1410 4726 in
1433 4673 1739 4744 Scriptura
1752 4674 2063 4748 allegorica

415 4763 470 4813 et
498 4775 900 4816 arcanosensu
928 4760 1529 4834 signiﬁcantur.Unde
1551 4763 1840 4835 etJoseph
1871 4770 1929 4820 et
1952 4766 2063 4822 Da-

415 4847 529 4904 niel
561 4866 663 4920 per
693 4851 1010 4922 prophetiae
1069 4852 1289 4905 donum
1314 4851 1567 4906 'somnia
1621 4853 2061 4924 dignoscebant,

413 4939 890 5010 quandoquidem
925 4941 1052 5010 ipsa
1085 4956 1187 5011 per
1216 4956 1278 4994 se
1311 4939 1685 5011 cogitationis
1708 4943 1797 4998 vis
1819 4959 1933 4998 non
1966 4961 2060 5000 sa-

412 5027 488 5082 tis
518 5025 672 5083 valet
702 5030 772 5084 ad
807 5028 930 5084 veri
961 5028 1332 5100 indaginem.
1378 5028 1637 5101 Denique
1670 5031 1896 5088 accedit
1947 5032 2060 5089 huc

411 5117 563 5187 quod
595 5117 724 5171 vitae
758 5133 993 5190 quoque
1025 5119 1251 5189 puritas
1277 5118 1617 5190 requiritur,
1644 5125 1709 5174 ut
1741 5121 1810 5176 ad
1847 5139 2060 5178 navan-

412 5205 548 5260 dam
579 5207 780 5261 virtuti
806 5207 1012 5262 morali
1031 5209 1355 5278 operam,id
1381 5210 1534 5278 quod
1557 5209 1612 5264 in
1628 5210 1944 5280 Scripturis
1966 5215 2063 5269 ob-

409 5295 678 5352 volutum
692 5297 1597 5370 est,dignoscamusliequiritur
1611 5304 1806 5357 autem
1830 5307 2053 5374 praeter.

483 5461 528 5496 "
562 5461 780 5518 Jerem.
809 5478 874 5532 ιι,
907 5462 992 5518 12.

632 5623 717 5705 ita
745 5623 907 5698 Regii
957 5623 1184 5705 primus
1233 5627 1571 5705 et_t_ertius.
1621 5627 1807 5705 peest
1843 5624 1956 5682 ἐστί
2006 5628 2068 5684 in

416 5693 610 5751 editis.
641 5693 780 5769 Reg.
815 5693 1135 5769 secundus,
1167 5697 1312 5753 τοῦτ’
1343 5693 1454 5753 ἔστι
1486 5697 1586 5767 τὴν
1618 5697 1784 5753 θείαν.

2176 4587 2422 4663 ὀνείρατα
2481 4583 2854 4660 διεγίνωσκον,
2916 4579 3105 4649 ἐπειδὴ
3161 4579 3259 4635 οὐκ
3317 4579 3552 4652 αύεάρκη
3595 4577 3662 4630 τὰ
3719 4579 3825 4628 τῶν

2173 4676 2392 4732 ἐννοιῶν
2451 4676 2590 4750 πρὸς
2617 4675 2715 4744 τήν
2749 4675 2916 4749 θήραν
2943 4674 3043 4740 τῆς
3083 4668 3364 4740 ἀληθείας.
3397 4668 3537 4742 Πρὸς
3569 4663 3636 4734 δὴ
3665 4668 3826 4719 τοῦτο

2173 4766 2336 4842 χρεία
2372 4767 2472 4835 τῆς
2527 4765 2582 4820 έν
2625 4767 2705 4834 τῷ
2758 4761 2865 4838 βίῳ
2911 4761 3311 4835 καθαρότητος,
3355 4755 3494 4811 ὥστε
3545 4755 3635 4810 καὶ
3688 4753 3824 4828 πρὸς

2171 4857 2270 4925 τήν
2302 4861 2401 4924 τῆς
2449 4855 2648 4924 ἠθικῆς
2695 4853 2889 4925 ἀρετῆς
2944 4846 3288 4920 ἐπιτήδευσιν
3339 4846 3401 4901 τὸ
3431 4847 3484 4900 ἐν
3541 4847 3649 4915 (55)
3704 4845 3825 4903 ταῖς

2172 4950 2412 5022 Γραφαῖς
2459 4939 2877 5013 κεκαλυμμένον
2934 4937 3352 5013 διαγνωσθῆναι.
3401 4933 3570 5009 Χρεία
3609 4929 3666 4987 δὶ
3690 4930 3826 5022 πρὸς

2170 5017 2239 5108 τῇ
2289 5017 2624 5107 καθαρότητι
2672 5032 2772 5083 τοῦ
2807 5028 2929 5101 βιου
2955 5027 3044 5082 καὶ
3075 5032 3173 5095 τῆς
3205 5025 3257 5079 δν
3288 5029 3410 5086 ταῖς
3438 5025 3674 5099 Γραφαῖς
3711 5017 3828 5074 δια-

2169 5117 2390 5198 τριϐῆς,
2436 5118 2529 5173 (ίνα
2585 5117 2646 5171 τὸ
2704 5115 3071 5191 σεμνοπρεπές
3118 5115 3207 5172 καὶ
3245 5115 3502 5187 μυστικὸν
3527 5114 3632 5164 τῶν
3669 5108 3828 5198 θείων

2171 5196 2378 5287 λογίων
2412 5209 2472 5262 ἐκ
2513 5213 2612 5276 τῆς
2663 5210 2927 5284 συνεχοῦς
2959 5204 3194 5280 μελέτης
3227 5203 3507 5275 ὶντυπωθῇ
3535 5203 3604 5273 τῇ
3637 5196 3800 5273 ψύχῇ
3812 5241 3824 5254 .

2172 5303 2292 5356 Ὅτι
2330 5295 2387 5352 δὲ
2417 5295 2537 5371 βίου
2564 5293 2698 5351 ὅλου
2715 5292 2884 5352 δεῖται
2907 5298 2942 5366 ἡ
2967 5299 3073 5350 τῶν
3098 5293 3255 5349 θείων
3278 5291 3461 5368 λόγων
3483 5287 3838 5364 μελέτη,συν-

2391 5621 2570 5700 ῥί-τε,
2602 5625 2791 5700 _Fo_rte.
2824 5620 2962 5700 αἵγε,
2984 5624 3144 5682 Ευιτ.

2251 5625 2366 5772 (54;
2392 5625 2464 5680 Αἵ
2491 5644 2570 5696 τε,
2602 5625 2791 5684 Forte.
2824 5625 2962 5700 αἵγε,
2984 5625 3144 5682 Ευιτ.

2251 5698 2345 5771 (55
2390 5697 2566 5771 Editi,
2599 5693 2709 5757 ἐπί.
2738 5701 2816 5755 At
2840 5712 2986 5756 mss.
3009 5701 3154 5769 tres,
3185 5690 3260 5751 ἰν.
