4154 6388
300 381 416 443 129

1041 375 1451 439 ΟΟΜΜΕΝΤ.
1495 377 1576 438 ΙΝ
1619 376 1892 439 ISAIAM
1940 377 1956 436 l

2071 376 2446 439 )PHETAM.
2495 377 2978 441 PROCEMIUM.

3601 384 3719 445 130

302 511 506 581 ίστησιν
539 511 650 582 (56)
683 509 712 564 ὁ
744 507 1022 569 Μωϋσίως
1055 506 1202 582 βίος·
1235 506 1295 568 ὃς
1352 505 1442 561 ἐπὶ
1495 506 1591 580 μὶν
1635 509 1705 580 τῇ
1757 508 1949 581 πρώτῃ

2071 509 2192 563 vitae
2224 509 2540 579 puritatem
2583 510 2822 565 assidua
2851 511 2910 565 in
2943 511 3258 584 Scripturis
3289 516 3720 584 exercitatio;ut

297 595 911 674 τεσσαρακονταετηρίδι
969 593 1259 665 ἐπαιδεύθη
1303 595 1386 664 ςτά
1455 594 1806 670 Αἰγυπτίων,
1868 593 1955 648 ἐπὶ

304 688 362 744 δὲ
415 693 485 764 τῇ
548 687 769 762 δευτέρᾳ
832 681 1444 759 τεσσαρακονταετηρίδι
1528 682 1613 738 ἐπὶ
1691 683 1958 761 προφάσει

300 783 398 834 τοῦ
446 777 754 851 ποιμαίνειν
820 774 907 830 ἐπὶ
974 775 1070 836 τὰς
1142 773 1374 848 ἐρημίας
1432 773 1836 847 ἀναχωρήσας,
1888 775 1955 845 τῇ

303 868 504 941 θεωρίᾳ
530 872 639 923 τῶν
675 862 842 919 ὄντων
875 862 1240 939 ἀπεσχόλασε.
1273 863 1377 919 Καὶ
1437 861 1579 916 οὕτω
1636 859 1828 916 λοιπὸν
1856 867 1956 930 τῆς

301 961 399 1013 τοῦ
459 961 592 1012 Θεοῦ
648 954 959 1032 ἐπιφανείας
1013 952 1261 1022 ἀξιωθεὶς
1324 952 1458 1024 μετὰ
1530 953 1628 1020 τὴν
1708 949 1954 1024 δευτέραν

302 1039 944 1121 τεσσαρακονταετηρίδα,
995 1038 1156 1111 ἅκῳν,
1225 1041 1328 1095 ὑπὸ
1385 1047 1488 1110 τῆς
1543 1037 1956 1114 φιλανθρωπίας

300 1141 398 1192 τοῦ
428 1139 582 1206 Θεοῦ,
612 1133 749 1206 πρὸς
803 1134 900 1200 τὴν
951 1135 1060 1186 τῶν
1111 1131 1414 1205 ἀνθρώπων
1463 1128 1781 1202 ἐπιμελειαν
1829 1150 1956 1184 κατ-

300 1223 536 1299 ηνέχθη.
571 1222 667 1277 Καὶ
702 1218 827 1276 οὐδὲ
881 1219 1005 1274 τότε
1049 1216 1315 1288 διηνεκῶς
1367 1222 1446 1290 τῷ
1488 1222 1773 1293 πρακτικῷ
1820 1237 1957 1290 παρ-

299 1315 454 1386 ἐμενε
515 1311 660 1388 βίῳ,
694 1308 839 1366 αλλὰ
894 1309 986 1364 καὶ
1043 1309 1180 1384 πρὸς
1238 1308 1330 1363 τὸν
1392 1306 1682 1362 ἐποπτικὸν
1734 1305 1958 1386 ἐπανῄει

297 1399 596 1463 πολλάκις.
629 1401 783 1454 Ὅθεν
814 1397 905 1453 καὶ
949 1396 1026 1459 εἷς
1069 1397 1168 1465 τὴν
1219 1395 1590 1472 Αἶγυπτιακὴν
1644 1392 1954 1468 είδωλομα·

296 1491 416 1546 νίαν
448 1488 552 1544 ὅλα
584 1488 870 1563 ὑπηνέχθη
902 1489 1020 1558 (57)
1047 1486 1115 1540 τὰ
1157 1484 1372 1556 πλήθη,
1397 1486 1478 1557 τῷ
1527 1489 1646 1557 Θεῷ
1703 1479 1954 1546 συνόντος

295 1584 395 1635 τοῦ
425 1577 579 1654 ἁγίου
609 1573 802 1652 ἀνδρὸς
835 1575 888 1630 ἐν
917 1579 999 1647 τῷ
1029 1569 1168 1646 ὅραι.

2070 597 2347 666 maiestas
2362 605 2537 670 atque
2555 615 2830 654 arcanum
2853 599 3183 655 divinorum
3207 601 3573 672 eloquiorum
3595 622 3720 676 per-

2069 692 2242 757 petua
2272 687 2651 742 meditatione
2683 689 2879 742 animo
2912 689 3619 759 imprimaturﬂaeterum,
3645 695 3715 749 ad

2069 775 2402 831 divinorum
2435 778 2744 831 verborum
2777 779 3277 844 exercitationem,
3311 784 3495 835 totam
3536 784 3716 838 vitam

2067 864 2325 934 impendi
2359 869 2627 936 oportere
2659 865 2867 936 Moysis
2901 867 3016 920 vita
3047 868 3440 923 demonstrat:
3463 871 3562 939 qui
3597 873 3722 941 qui-

2069 954 2199 1008 dem
2235 955 2441 1024 primis
2481 955 2873 1025 quadraginta
2891 957 3060 1010 annis
3086 959 3367 1028 Egyptiis
3389 959 3719 1030 disciplinis

2067 1042 2378 1097 institutus
2407 1048 2534 1110 est;
2559 1042 2758 1097 alteris
2786 1050 2976 1098 autem
2999 1047 3169 1100 annis
3188 1047 3578 1117 quadraginta
3610 1049 3718 1105 hoc

2067 1136 2342 1202 praetextu
2375 1137 2660 1202 tanquam
2696 1137 2972 1201 pasturus
2999 1135 3220 1197 oves,in
3241 1135 3591 1192 solitudines
3621 1155 3718 1194 se-

2068 1221 2506 1285 cedens,rerum
2540 1220 3021 1290 contemplationi
3046 1238 3279 1293 operam
3314 1225 3494 1280 dedit.
3528 1228 3718 1297 Atque

2066 1308 2146 1363 ita
2178 1308 2454 1381 deinceps
2486 1317 2616 1381 post
2647 1309 2754 1364 hos
2798 1311 3193 1381 quadraginta
3231 1327 3421 1368 annos
3479 1314 3576 1369 Dei
3628 1314 3718 1369 vi-

2069 1397 2232 1454 sione
2255 1399 2471 1470 dignus
2502 1399 2762 1465 habitus,
2794 1399 3037 1466 invitus;
3070 1415 3174 1470 per
3209 1401 3306 1455 Dei
3356 1402 3415 1455 in
3448 1402 3718 1460 homines

2067 1488 2355 1553 studium,
2390 1488 2461 1542 ad
2484 1487 2790 1542 hominum
2818 1503 3020 1542 curam
3041 1488 3717 1562 descendit.0uanquam

2067 1592 2138 1630 ne
2171 1580 2298 1630 tum
2331 1577 2570 1646 quidem
2601 1575 2838 1630 assidue
2869 1576 2925 1630 in
2973 1575 3250 1647 negotiali
3300 1577 3419 1633 vita
3449 1595 3720 1649 perseve-

299 1670 675 1739 ravit,verum
705 1665 958 1723 subinde
998 1666 1070 1721 ad
1115 1664 1634 1736 contemplativam
1666 1665 2090 1720 revertebatur.
2125 1665 2288 1720 Unde
2320 1671 2378 1720 et
2409 1665 2477 1720 ad
2517 1666 2782 1737 lEgyptia
2819 1681 2953 1720 cum
2987 1665 3279 1722 idolorum
3325 1666 3550 1722 cultum
3586 1669 3718 1724 uni-

300 1775 470 1816 versa
500 1758 742 1813 inducta
788 1760 880 1812 est
917 1754 1257 1824 multitudo,
1313 1755 1438 1809 viro
1494 1753 1594 1808 illo
1647 1757 1852 1810 sancto
1897 1754 1958 1808 in
1999 1758 2196 1810 monte
2227 1771 2361 1809 cum
2396 1755 2510 1810 Deo
2543 1754 2929 1826 colloquente.

371 1851 426 1904 7.
461 1849 727 1906 Τοιοῦτος
759 1842 816 1899 δέ
843 1865 926 1907 τις
955 1843 1046 1898 καὶ
1075 1844 1104 1898 ὁ
1138 1842 1353 1910 Ἠλίας,
1384 1843 1476 1897 τὸν
1503 1846 1611 1896 τῶν
1655 1841 1954 1914 ἀνθρώπων

2134 1845 2187 1898 7.
2222 1844 2574 1915 Hujusmodi
2606 1844 2715 1898 fuit
2735 1849 2794 1899 et
2841 1844 3016 1911 Elias,
3051 1845 3361 1902 hominum
3392 1847 3716 1904 tumultum

303 1933 479 2014 ὄχλον
517 1931 956 2007 ἀποδιδράσκων,
987 1932 1080 1987 καὶ
1122 1933 1248 2005 περὶ
1295 1932 1389 1994 τὰς
1439 1929 1670 2005 ἐρημίας
1709 1929 1958 2008 φιλοχω-

307 2031 435 2103 ρῶν.
485 2025 552 2082 Εἰ
611 2023 794 2079 τοίνυν
855 2027 976 2085 τοῖς
1021 2021 1196 2098 ἁγίοις
1250 2023 1385 2095 μετὰ
1426 2022 1604 2092 πάσης
1653 2021 1957 2085 εὐσταθείας

303 2121 399 2171 τοῦ
447 2117 780 2188 ἡγεμονικοῦ
832 2112 1078 2168 ἐπονεῖτο
1137 2119 1236 2181 τῆς
1293 2109 1552 2183 ἀληθείας
1610 2113 1645 2180 ἡ
1708 2113 1954 2183 ζήτησις,

301 2210 420 2266 πῶς
453 2203 552 2258 οὐκ
582 2200 782 2278 ἄλογον
809 2201 936 2264 τοὺς
986 2200 1230 2274 καρποὺς
1278 2205 1388 2255 τῶν
1439 2200 1650 2276 μυρίων
1697 2199 1953 2273 καμάτων

303 2295 426 2350 ἄνευ
473 2292 620 2353 τινὸς
680 2290 1056 2365 πραγματείας
1115 2289 1429 2360 ἐπιζητεῖνς
1481 2291 1649 2365 Τήρει
1706 2289 1808 2364 γὰρ
1865 2288 1956 2342 καὶ

300 2382 510 2450 Ἠλίαν,
549 2381 671 2458 μεφ’
701 2381 829 2441 ὅσας
862 2379 1242 2456 ἀναχωρήσεις
1299 2378 1389 2433 καὶ
1432 2378 1666 2453 ἡσυχίας
1713 2378 1804 2432 καὶ
1861 2397 1956 2432 κα-

304 2471 505 2545 μάτους
539 2468 672 2525 ἰδεῖν
703 2470 833 2524 Θεὸν
863 2468 1072 2538 ἠξιώθη
1105 2470 1243 2542 (58).
1275 2466 1551 2528 Ὑπόθεσις
1581 2470 1678 2520 τοῦ
1713 2461 1955 2542 βιϐλίου,

299 2564 336 2630 ἡ
367 2560 590 2637 φανερὰ,
622 2558 712 2613 καὶ
745 2556 966 2612 αὐτόθεν
998 2555 1212 2626 ληπτή.
1246 2553 1470 2624 Ἐπειδή
1530 2557 1666 2610 κατὰ
1723 2555 1956 2630 χρόνους

299 2649 520 2724 γέγονεν
572 2648 600 2702 ὑ
650 2648 966 2722 προφήτης,
1011 2643 1063 2699 ἐν
1111 2648 1194 2708 οἷς
1244 2643 1566 2700 ἐπλεόνασεν
1595 2647 1630 2714 ἡ
1680 2643 1861 2716 κακία,
1891 2644 1960 2698 τὰ

307 2738 506 2814 μεγέθη
564 2740 674 2792 τῶν
722 2735 1102 2807 ἀποκειμένων
1175 2733 1359 2795 αὐτοῖς
1427 2738 1608 2789 κακῶν
1659 2731 1955 2809 διηγεῖται,

303 2829 391 2882 καὶ
446 2827 546 2895 τήν
600 2824 775 2880 αἰτίαν
825 2831 927 2894 τῆς
979 2823 1149 2899 ὀργῆς
1196 2828 1296 2879 τοῦ
1347 2829 1480 2880 Θεοῦ
1529 2822 1959 2898 προτάσσει,⁹ίνα

305 2914 386 2976 εἲς
418 2915 702 2988 μετάνοιαν
746 2912 942 2976 αὐτοὺς
979 2912 1240 2988 ὲναγάγῃ.
1294 2917 1521 2988 Πρῶτον
1573 2913 1669 2985 μὲν
1730 2909 1957 2988 ἄρχεται

305 3009 415 3059 τῶν
469 3005 606 3059 κατὰ
660 3009 762 3072 τῆς
820 2999 1082 3062 Ἰουδαίας
1138 3000 1356 3076 λόγων·
1417 2999 1630 3071 ἐπειδὴ,
1679 3002 1820 3055 κατὰ
1867 3001 1961 3056 τὸν

306 3093 532 3167 Ηὲτρον,
561 3093 622 3148 Ὁ
670 3091 858 3165 καιρὸς
909 3090 977 3158 ἦν
1021 3093 1120 3144 τοῦ
1163 3087 1416 3162 ἄρξασθαι
1477 3091 1540 3144 τὸ
1615 3093 1789 3163 κρῖμα
1854 3088 1960 3142 ἀπὸ

300 3184 398 3234 τοῦ
456 3176 614 3234 o’t'xou
671 3182 774 3232 τοῦ
826 3181 1000 3233 Θεοῦ⁶
1061 3181 1300 3254 φυσικῶς
1355 3176 1456 3251 γὰρ
1515 3181 1630 3237 τοῖς
1688 3175 1953 3229 οἶκειοτά-
1986 3213 2029 3280 C

523 3266 561 3280 ,ε
831 3265 849 3280 κ
980 3265 989 3280 .
1219 3265 1244 3280 ..
1429 3265 1442 3280 .
1536 3267 1548 3280 .
1620 3269 1640 3279 ν
1727 3263 1770 3280 ν.

297 3289 416 3330 τοις
465 3266 702 3341 μάλιστα
750 3265 1182 3341 χαλεπαίνομεν,
1215 3265 1342 3320 ὅταν
1400 3265 1474 3326 εἰς
1525 3267 1674 3336 ἡμᾶς
1723 3263 1954 3339 ἐξαμαρ-

296 3358 523 3414 τάνωσι.
580 3356 684 3413 Καὶ
744 3355 797 3410 ἐν
865 3359 946 3426 τῷ
1007 3353 1295 3424 Ἰεζεκιὴλ,
1347 3355 1376 3409 ὁ
1426 3353 1621 3428 Κύριος
1681 3354 1960 3429 προστάσ-

301 3467 408 3502 σων
451 3447 568 3520 (59)
623 3443 950 3512 κολάζεσθαι
1007 3444 1135 3504 τοὺς
1189 3442 1600 3516 ἡμαρτηκότας.
1659 3443 1796 3496 ’Δπὸ
1846 3443 1954 3496 τῶν

297 3535 464 3609 ἁγίων
527 3552 630 3606 μου
671 3530 920 3604 ἅρξασθε,
953 3527 1108 3606 φησί.
1142 3529 1240 3583 Διά
1275 3533 1441 3583 τοῦτο
1491 3529 1596 3583 ἀπὸ
1642 3535 1743 3599 τῆς
1802 3527 1956 3584 ἐκλε-

299 3631 436 3692 κτῆς
475 3627 571 3678 τοῦ
601 3625 736 3678 Θεοῦ
774 3622 963 3697 χώρας
1009 3617 1238 3694 ἤρξατο,
1273 3619 1363 3674 καὶ
1417 3620 1524 3674 ἀπὸ
1578 3627 1680 3689 τῆς
1739 3618 1956 3681 πόλεως

298 3712 348 3767 ἐν
495 3712 557 3766 τὸ
615 3711 987 3784 ἀγιαστήριον,
1049 3708 1407 3785 ἀπαγγέλλων
1484 3709 1552 3764 τὰ
1624 3707 1954 3782 ἐπικείμενα,

301 3799 547 3875 δεύτερον
599 3795 945 3866 Βαϐυλῶνος,
983 3798 1099 3853 εἶτα
1132 3801 1232 3867 τῆς
1293 3793 1666 3867 Μωαϐίτιδος,
1696 3799 1809 3854 εἶτα
1855 3807 1956 3853 Δα-

303 3893 536 3963 μασκοῦ.
586 3889 836 3960 πέμπτον
895 3886 1196 3962 Αἷγύπτου,
1257 3888 1369 3943 εἶτα
1413 3890 1513 3956 τῆς
1563 3887 1796 3963 ἐρήμου,
1847 3889 1959 3942 εἶτα

293 3986 396 4048 τῆς
423 3974 761 4051 Ἰδουμαίας,
803 3975 918 4030 εἶτα
973 3982 1074 4045 τῆς
1127 3975 1398 4053 φάραγγος
1460 3976 1625 4045 Σιὼν,
1687 3978 1799 4032 εἶτα
1853 3975 1956 4030 Τύ-

297 4089 418 4144 ρου,
453 4068 566 4122 εἶτα
613 4069 729 4121 τῶν
775 4061 1146 4140 τετραπόδων.
1190 4065 1412 4142 Ἐφεξῆς
1466 4065 1684 4128 τούτοις
1743 4064 1855 4120 ἐστὶ
1892 4065 1957 4121 τὰ

295 4157 422 4232 περὶ
449 4157 513 4212 τὸ
542 4150 1122 4230 τεσσαρεσκαιδέκατον
1175 4151 1295 4216 ἔτος
1347 4157 1450 4219 τῆς
1495 4153 1776 4231 βασιλείας
1808 4155 1956 4224 Έζι-

296 4246 422 4301 κίου
451 4245 790 4322 γεγενημένα
813 4262 826 4274 °
866 4244 983 4315 μεθ’
1012 4243 1046 4298 ἃ
1085 4244 1415 4322 προφητεῖαί
1463 4243 1594 4298 εἰσιν
1647 4241 1770 4299 ἄνευ
1807 4245 1956 4306 τινὸς

298 4337 625 4409 προγραφῆς
658 4335 791 4407 (60),
824 4334 971 4403 πάθη
1001 4333 1104 4402 τῆς
1140 4331 1510 4408 Ἰερουσαλὴμ
1549 4335 1638 4389 καὶ
1690 4338 1788 4400 τῆς
1819 4339 1955 4390 Ἰου-

301 4421 454 4488 δαίας
495 4419 1002 4498 προαγγέλλουσαι,
1043 4422 1131 4476 καὶ
1181 4423 1249 4477 τὰ
1289 4422 1414 4496 περὶ
1461 4427 1572 4477 τῶν
1620 4421 1673 4477 ἐν
1719 4422 1788 4498 τῇ
1837 4419 1958 4478 δια-

301 4517 498 4588 σπορᾷ,
531 4512 622 4566 καί
676 4509 800 4586 περὶ
843 4517 944 4581 τῆς
993 4509 1202 4566 τούτων
1249 4508 1538 4580 ἐπανόδου,
1592 4511 1725 4585 μετὰ
1765 4511 1828 4566 τὸ
1869 4511 1954 4566 ἐκ·

2067 1933 2321 2004 fugiens,
2354 1941 2408 1988 et
2460 1934 2518 1988 in
2574 1933 2826 1990 desertis
2857 1935 3077 1990 versari
3109 1935 3400 2006 gaudens.
3448 1939 3636 2002 Quare
3667 1937 3719 1992 si

2066 2023 2253 2078 sancti
2279 2038 2412 2078 cum
2447 2023 2607 2078 omni
2640 2021 2822 2077 animi
2854 2025 3279 2089 constantia,ad
3316 2026 3718 2096 vestigandam

2064 2112 2367 2166 veritatem
2399 2110 2779 2166 elaborarunt
2811 2128 2824 2178 ;
2855 2129 2926 2166 an
2954 2128 3068 2166 non
3092 2113 3419 2168 absurdum
3440 2120 3530 2169 est
3551 2115 3721 2169 innu-

2067 2199 2440 2255 merabilium
2474 2200 2742 2256 laborum
2767 2201 2991 2255 fructus
3011 2201 3171 2256 nullo
3196 2202 3427 2273 negotio
3451 2203 3598 2257 velle
3623 2220 3717 2258 ac-

2066 2289 2338 2359 quirere?
2369 2288 2590 2343 Etenim
2625 2289 2809 2344 Etiam
2836 2290 2990 2345 388
3022 2290 3431 2360 observa,post
3465 2297 3718 2362 quantos

2067 2382 2582 2447 eecessus,quanta
2597 2377 2996 2448 otia,quantos
3013 2379 3609 2447 sudores,promeruit
3635 2380 3717 2434 vi-

2067 2467 2203 2521 dere
2236 2465 2443 2521 Deum.
2479 2469 2902 2537 Argumentum
2953 2467 3132 2538 hujus
3174 2467 3307 2522 libri
3329 2472 3508 2539 patet,
3541 2473 3719 2540 atque

2067 2571 2136 2611 ex
2167 2555 2366 2626 seipso
2391 2555 3020 2627 percipitur.0uoniam
3047 2557 3420 2628 prophetaiis
3439 2557 3716 2628 tempori-

2067 2644 2180 2700 bus
2209 2644 2678 2715 vivebat,quibus
2711 2646 3298 2716 exsuperabantvitia
3324 2664 3336 2703 :
3365 2647 3720 2718 magnitudi-

2070 2750 2204 2789 nem
2239 2733 2531 2789 malorum
2565 2751 2692 2804 quae
2716 2733 2851 2790 illos
2876 2739 3201 2797 manerent.
3249 2737 3507 2807 exponit,
3537 2753 3602 2791 ac
3631 2737 3720 2791 di-

2066 2824 2218 2878 vinae
2258 2823 2356 2877 iraa
2403 2839 2642 2878 causam
2701 2824 2991 2894 proponit,
3054 2830 3119 2878 ut
3173 2841 3273 2879 eos
3321 2830 3592 2896 provocet
3646 2825 3717 2879 ad

2069 2913 2498 2984 paenitentiam.
2531 2913 2847 2967 Exorditur
2877 2917 3070 2967 autem
3106 2913 3362 2983 primum
3397 2914 3573 2968 abhis
3593 2930 3718 2969 ser-

2069 3001 2366 3069 monibus,
2401 3002 2501 3071 qui
2531 3001 2601 3055 ad
2633 3000 2895 3055 Judzeam
2929 3001 3317 3070 pertinebant.
3347 3002 3722 3072 Quandoqui-

2071 3089 2418 3158 dem,juxta
2449 3089 2708 3152 Petrum,
2745 3091 2972 3160 Tempus
2992 3092 3111 3144 erat
3157 3100 3217 3144 ut
3265 3091 3532 3159 inciperet
3561 3090 3717 3158 judi-

2071 3177 2217 3230 cium
2240 3193 2274 3230 a
2303 3175 2459 3231 domo
2494 3177 2588 3230 Dei
2614 3177 2676 3228 ⁸ο.
2711 3176 2853 3231 Nam
2890 3182 3099 3231 natura
3156 3178 3228 3232 iis
3289 3179 3560 3244 maxime,
3616 3179 3717 3250 qui

2067 3264 2374 3320 nobiscum
2413 3266 2848 3321 necessitudine
2879 3270 3018 3320 sunt
3047 3267 3367 3336 conjuncti,
3402 3283 3716 3323 succense-

2071 3371 2228 3421 mus,
2259 3356 2494 3426 quando
2526 3355 2583 3408 in
2620 3371 2724 3409 nos
2758 3357 3137 3425 peccaverint.
3179 3357 3248 3410 Et
3303 3356 3363 3410 in
3420 3357 3718 3413 Ezechiele

2073 3443 2356 3499 Dominus
2376 3444 2596 3514 jubens
2634 3445 2841 3515 punire
2871 3444 2972 3515 qui
3003 3444 3392 3515 deliquerant,
3426 3445 3464 3499 Α
3493 3447 3714 3512 sanctis,

2068 3532 2422 3601 inquit,meis
2452 3533 2682 3601 incipite
2710 3532 2920 3586 “.Ideo
2954 3532 3026 3585 ab
3047 3533 3173 3586 loco
3211 3533 3320 3587 Deo
3353 3532 3579 3588 delecto
3602 3550 3714 3588 cce-

2068 3619 2176 3691 pit,
2206 3631 2379 3690 atque
2427 3619 2500 3676 ab
2527 3635 2595 3675 ea
2615 3621 2848 3676 civitate
2895 3619 2952 3674 in
2985 3637 3099 3690 qua
3142 3622 3544 3676 sanctuarium
3567 3628 3714 3688 erat,

2066 3708 2424 3764 denuntians
2439 3707 2723 3780 quaeipsis
2755 3708 3400 3778 impenderent,deinde
3431 3711 3500 3764 de
3533 3709 3720 3781 Baby-

2067 3802 2220 3864 lone,
2254 3803 2456 3868 postea
2507 3797 2578 3851 de
2637 3796 2972 3858 Moabitide.
3033 3798 3244 3852 deinde
3283 3799 3353 3853 de
3408 3799 3718 3865 Damasco,

2068 3888 2272 3958 quinto
2303 3886 2428 3941 loco
2458 3886 2529 3941 de
2545 3890 2812 3957 IEgypto.
2845 3886 3056 3941 deinde
3106 3887 3176 3941 de
3225 3887 3479 3952 deserto,
3505 3889 3719 3944 deinde

2067 3977 2138 4031 de
2162 3977 2433 4044 Idumaea,
2467 3975 2678 4030 deinde
2701 3975 2772 4029 de
2800 3973 2949 4030 valle
2997 3975 3158 4038 Sion,
3191 3976 3404 4030 deinde
3444 3977 3515 4031 de
3550 3976 3718 4048 Tyre,

2068 4063 2278 4120 deinde
2309 4064 2379 4118 de
2410 4064 2914 4135 quadrupedibus.
2965 4066 3083 4119 Sub
3139 4064 3262 4119 hinc
3322 4072 3612 4137 sequntur
3656 4083 3726 4122 ea

2069 4170 2199 4227 qua:
2228 4153 2566 4209 acciderunt
2595 4169 2749 4208 anno
2771 4152 2994 4207 decimo
3014 4157 3222 4224 quarto
3246 4155 3404 4227 regni
3438 4154 3715 4221 Ezechias;

2068 4247 2201 4314 post
2221 4259 2344 4313 quae
2377 4241 2693 4314 prophetiae
2713 4245 2855 4296 sunt
2867 4243 3092 4313 absque
3109 4241 3229 4297 ullo
3254 4243 3426 4298 titulo
3442 4260 3720 4314 praenun-

2066 4333 2280 4388 tiantes
2313 4331 2467 4386 mala
2489 4330 2877 4392 Hierusalem,
2910 4337 2968 4386 et
2995 4331 3210 4386 δυόωσι
3238 4349 3250 4386 :
3291 4332 3429 4386 item
3486 4349 3579 4387 res
3619 4349 3720 4388 eo-

2067 4438 2199 4477 rum
2233 4422 2334 4492 qui
2357 4425 2557 4475 essent
2579 4419 2638 4474 in
2671 4420 3058 4491 dispersione,
3091 4425 3147 4475 et
3168 4421 3238 4475 de
3267 4437 3471 4476 eorum
3505 4422 3719 4488 reditu,

2067 4514 2452 4583 posteaquam
2477 4509 2702 4580 expleta
2734 4512 2889 4564 esset
2919 4509 3208 4564 vindicta:
3244 4509 3381 4564 item
3431 4525 3558 4581 quae
3590 4526 3721 4581 spe-

301 4600 670 4678 πληρωθῆναι
697 4601 798 4669 τὴν
833 4597 1009 4672 δίκην,
1041 4599 1132 4654 καὶ
1161 4599 1228 4654 τὰ
1256 4599 1380 4675 περὶ
1412 4603 1650 4677 Χριστοῦ
1688 4599 1832 4676 πάσῃ
1882 4605 1952 4676 τῇ

2071 4604 2223 4656 stant
2249 4599 2318 4654 ad
2352 4597 2672 4662 Christum,
2700 4597 2758 4651 in
2784 4599 2942 4652 omni
2977 4597 3280 4670 prophetia
3305 4599 3594 4670 inspersa.
3625 4599 3720 4654 Ni—

298 4689 610 4768 προφητείᾳ
662 4687 1066 4765 ἐνεσπαρμὲναο
1099 4687 1324 4743 ἑκάστου
1379 4693 1488 4744 τῶν
1545 4691 1667 4754 καθ’
1714 4690 1953 4764 ἱστορίαν

297 4779 608 4856 λεγομενων
646 4825 660 4850 ,
717 4778 808 4833 καὶ
888 4776 984 4832 τοῦ
1063 4781 1326 4849 μυστικοῦ
1403 4777 1950 4855 συγκαταπεπλεγμέ-

295 4891 403 4926 νων
440 4869 578 4942 (61).

371 5043 464 5099 σοι
493 5044 650 5098 Petr.
681 5057 760 5111 ιν,
795 5039 884 5096 17.
916 5039 961 5077 ⁶¹
995 5037 1200 5096 Ezech.
1231 5055 1310 5108 ιχ,
1344 5040 1400 5096 6.

685 5212 1001 5282 secundus,
1035 5207 1326 5268 δείκνυσιν.
1363 5213 1586 5270 Ibidem
1635 5217 1754 5270 tres
1786 5227 1958 5282 mss.,

310 5281 667 5428 ἰπὲὅςξνῆτεξ.
705 5356 1002 5428 secundus
1038 5353 1286 5428 ὑπήχθη.
1325 5355 1633 5426 Aliquanto
1668 5360 1800 5428 post
1822 5355 1956 5427 Reg.

307 5424 834 5553 secugdpsfrotvuv
865 5424 992 5487 τοὺς
1023 5424 1388 5502 apo-sesein
1423 5424 1480 5484 et
1510 5431 1624 5484 duo
1657 5424 1753 5482 alii
1787 5424 1959 5500 mssi,

306 5517 658 5574 TOIQHYIAOIC.
905 5569 918 5574 _
1199 5571 1206 5574 _
1272 5570 1281 5574 _
1427 5571 1463 5574 ῃ
1495 5571 1506 5574 _
1532 5572 1544 5574 _
1688 5572 1696 5574 ξ
1725 5571 1737 5574 Α
1874 5571 1895 5574 Δ

381 5569 670 5644 (58)ίῌοςς.
699 5569 1388 5644 ἐθουῐιάυεηκατῃξιώθη.
1427 5571 1648 5644 Ibidem
1682 5571 1836 5644 idem
1863 5571 1966 5644 Cro-

1293 5640 1516 5718 φανερά,
1577 5643 1718 5718 recti
1724 5661 1756 5697 ι]
1767 5643 1961 5718 s._Alii

311 5711 433 5773 duo
459 5731 603 5773 mss.
629 5729 765 5772 eum
795 5711 968 5770 editis
998 5711 1065 5770 ut
1119 5714 1181 5771 in
1239 5711 1534 5773 contentu.
1579 5715 1785 5772 Statim
1819 5715 1960 5788 Reg.

310 5635 440 5712 (ἱρὴ,
478 5635 572 5698 ’Ἡ
609 5635 984 5715 ὑπόθεσις-τοῦ
1008 5635 1238 5715 βιϐλίου

2065 4691 2276 4747 mirum
2293 4688 2756 4760 unumquodque
2783 4689 3126 4759 quodjuxta
3150 4689 3455 4744 historiam
3481 4689 3723 4758 dicitur,

2064 4787 2120 4836 et
2140 4780 2197 4834 id
2231 4778 2385 4850 quod
2422 4777 2732 4849 mysticum
2757 4791 2999 4832 sensum
3023 4777 3226 4844 habet,
3245 4777 3399 4831 inter
3429 4794 3489 4832 se
3507 4792 3723 4832 conne-

2065 4871 2326 4925 ctuntur.

2071 5212 2391 5272 secundus.
2424 5207 2477 5262 ἐν
2511 5208 2595 5269 οἷς
2628 5205 2969 5280 ἐπλεόναξεν.

2161 5285 2253 5354 59)
2287 5285 2371 5338 Ita
2402 5297 2548 5336 mss.
2580 5286 2723 5336 tres.
2757 5279 2926 5344 Editi,
2954 5279 3297 5352 προτάσσων.

2163 5351 2255 5428 60)
2283 5356 2422 5428 Reg.
2455 5354 2774 5428 secundus,
2829 5357 3064 5424 γραφῆς.
3129 5357 3246 5409 Hoc
3295 5354 3424 5424 ipso
3485 5351 3541 5407 in
3592 5352 3720 5410 loco

2070 5421 2458 5488 idém'eodEX,
2493 5421 2633 5478 Ἰδου
2644 5423 2810 5495 μαίας
2839 5421 3071 5496 προαγγ.

2141 5500 2254 5582 (61)
2289 5499 2372 5554 Ita
2409 5497 2574 5567 Regii
2605 5493 2830 5582 primus
2863 5493 2920 5548 et
2949 5493 3178 5582 tertius.
3206 5493 3472 5582 Editi,xai
3504 5499 3584 5582 τῷ
3618 5514 3719 5580 μυ-

2073 5563 2912 5690 στίκῷσυγκαταπεπλεγμὲνων.
2947 5570 3084 5638 Reg.
3119 5568 3433 5632 secundus,
3479 5563 3566 5619 καῖ
3598 5563 3715 5625 τοῦ.

2075 5645 2338 5690 μυστικοῦ
2369 5656 2713 5690 συγκαταπεπ
2759 5635 3010 5690 εγμένου.

2075 5635 2350 5714 μυστικοῦ
2369 5635 2818 5712 συγκαταπεπλεγ
2828 5635 2920 5708 μὲν
2929 5655 3010 5691 ου.
