4154 6400
456 335 573 395 135
1391 330 1795 396 APPENDIX
1837 329 2168 393 OPERUM
2215 328 2285 389 S.
2327 328 2615 391 BASILII
2661 328 2934 392 MAGNI.
3754 328 3874 392 I36

525 466 611 522 10.
643 467 705 520 1η
735 465 926 521 diebus
980 465 1127 521 Ozia:
1153 467 1207 520 et
1259 465 1510 520 Jaatham
1544 472 1597 519 et
1643 463 1824 518 Achar.
1870 465 1923 519 et
1965 462 2066 516 Eu

2181 522 2184 529 ,
2288 459 2374 515 10.
2433 460 2520 516 Ἐν
2573 458 2808 531 ἡμέραις
2865 460 3044 528 Ὀζίου
3098 457 3188 514 xui
3256 457 3492 532 ’Ῑωάθαμ
3555 459 3646 515 καὶ
3695 459 3877 535 ’Δχὰζ

453 556 612 612 cilia.
634 557 891 626 Tempus
914 555 1218 610 observare
1243 569 1477 609 necesse
1502 553 1632 619 fuit,
1656 556 2066 622 utcompertur

2211 549 2300 602 xui
2360 548 2637 616 Ἐζεκίου.
2699 549 2762 606 Ἡ
2819 552 2928 603 τῶν
2989 547 3200 624 χρόνων
3261 549 3644 624 παρατήρησις
3701 549 3872 624 ἀναγ-

451 649 627 711 esset,
660 651 796 700 ante
827 651 1113 714 quantum
1144 643 1426 712 temporis
1455 643 1730 714 praedicta
1762 646 1894 711 post
1923 657 2066 710 quan

2209 637 2355 710 καία,
2415 637 2502 691 ἳνα
2565 641 2729 716 φανῇ,
2788 640 2854 692 τὰ
2906 639 3011 713 πρὸ
3043 639 3214 693 πόσου
3257 639 3464 714 χρόνου
3495 637 3872 714 προρρηθέντα

451 739 577 788 tum
612 735 891 804 temporis
937 733 1255 796 evenerint,
1304 737 1361 786 et
1412 732 1568 802 quod
1602 730 1698 784 Dei
1735 729 2058 801 providenti

2213 747 2346 798 μετα
2375 725 2542 781 πόσον
2599 727 2796 801 χρόνον
2825 725 3126 796 ἀπήντησε,
3172 728 3259 782 xui
3294 727 3400 798 ὃτι,
3434 725 3521 781 ὅτε
3545 725 3869 781 ἐπλεόνασεν

453 823 641 892 magis
680 822 1014 876 exuberavit
1070 827 1196 875 tum
1259 837 1392 875 cum
1453 819 1790 873 exuberavit
1834 819 2066 872 morbus

2217 817 2252 885 ἡ
2306 815 2572 885 ἀσθένεια,
2618 815 3122 891 ὑπερεπερίσσευσεν
3172 818 3206 886 ἡ
3239 816 3383 890 παρὰ
3423 818 3518 870 τοῦ
3567 820 3701 870 Θεοῦ
3746 815 3864 870 ἐπι-

449 912 688 965 Plurimi
721 913 874 965 enim
921 912 1123 965 eodem
1183 913 1298 964 l'ere
1350 915 1613 979 tempore
1665 909 1816 961 inter
1867 924 1929 961 se
1960 923 2095 960 con-

449 1007 790 1056 currerunt:
825 1001 967 1055 Osee
999 1000 1055 1053 in
1091 1000 1300 1053 diebus
1331 997 1478 1051 Ozias
1511 1004 1567 1050 et
1609 996 1665 1049 in
1699 996 1906 1049 diebus
1936 995 2094 1049 Jero-

445 1089 614 1144 boam
643 1106 655 1144 :
688 1089 956 1143 Michieas
987 1088 1046 1142 in
1080 1088 1291 1142 diebus
1322 1086 1592 1141 Joatham
1643 1091 1699 1139 et
1729 1084 1958 1138 Achaz:
1991 1090 2092 1137 So-

447 1178 695 1248 phonias
726 1178 783 1232 in
816 1177 1025 1232 diebus
1056 1175 1228 1230 Josiaa
1263 1174 1364 1229 ﬁlii
1396 1183 1596 1229 Amos.
1631 1176 1701 1226 At
1733 1172 2091 1243 reliquorum

443 1266 712 1322 nonnulli
763 1265 999 1336 quidem
1053 1263 1488 1335 prophetiarum
1539 1279 1780 1316 suarum
1826 1266 2094 1331 tempora

441 1356 685 1411 minime
717 1357 1132 1425 assignarunt:
1181 1354 1277 1408 alii
1316 1369 1449 1407 vero
1499 1353 1884 1406 Barbarorum
1916 1351 2092 1404 adno-

436 1449 641 1499 tarunt
668 1459 869 1514 regna,
908 1448 971 1496 ut
1000 1459 1126 1513 qua:
1151 1445 1348 1497 essent
1370 1440 1558 1511 magis
1583 1446 1741 1506 nota,
1772 1439 1925 1510 quod
1951 1452 2089 1492 tunc

438 1549 636 1588 rerum
671 1532 1016 1602 potirentur.
1043 1536 1281 1603 Aggaeus
1310 1535 1366 1585 et
1397 1528 1723 1595 Zacharias,
1755 1527 2089 1597 Abdiasque

437 1627 496 1678 et
514 1621 768 1690 Nabum,
805 1622 1144 1686 Ambacum,
1168 1621 1344 1674 Jonas
1363 1624 1420 1674 et
1442 1617 1756 1674 Maiachias
1778 1617 1848 1670 de
1873 1623 2088 1685 tempo-

437 1711 604 1766 ribus
628 1710 982 1765 mentionem
1013 1726 1126 1764 non
1153 1709 1335 1763 fecere
1361 1725 1373 1762 :
1401 1708 1516 1761 imo
1541 1706 1736 1778 plures
1760 1723 1830 1760 ne
1854 1713 2083 1776 patrum

437 1800 675 1870 quidem
708 1799 1048 1853 meminere.
1093 1798 1160 1852 Et
1194 1799 1438 1851 fortasse
1479 1795 1584 1864 illi,
1620 1800 1818 1866 utpote
1851 1810 1918 1848 ex
1949 1793 2082 1848 illu-

434 1889 656 1944 stribus
691 1887 954 1957 patribus
975 1886 1231 1951 oriundi,
1257 1891 1527 1956 poterant
1558 1901 1685 1939 esse
1707 1884 2079 1954 acceptiores.

432 1977 539 2044 Qui
570 1978 725 2032 enim
760 1976 1050 2046 sanguine
1083 1979 1222 2029 sunt
1251 1973 1548 2039 clariores,
1594 1974 1628 2026 ii
1663 1973 1944 2043 majorem
1978 1972 2082 2025 im-

429 2070 661 2136 petrant
694 2067 866 2120 Iidem
896 2081 908 2118 :
947 2065 1047 2135 qui
1080 2080 1211 2119 vero
1243 2080 1310 2118 ex
1341 2063 1609 2117 obscuris
1640 2068 1696 2116 et
1726 2060 2080 2130 ignobilibus

425 2155 767 2225 parentibus
817 2159 984 2207 erant
1025 2154 1168 2221 nati,
1221 2151 1596 2222 praetermissi
1651 2149 1886 2206 silentio
1919 2157 2074 2204 sunt.

425 2247 598 2299 Amos
629 2249 826 2298 tamen
860 2243 976 2309 ille,
1024 2242 1124 2314 qui
1169 2242 1320 2296 inter
1368 2240 1677 2295 duodecim
1711 2244 2074 2306 numeratur,

426 2349 802 2403 nequaquam
826 2332 988 2386 Isaia
1014 2336 1176 2402 pater
1199 2335 1304 2385 est.
1332 2330 1530 2400 Neque
1557 2328 1712 2384 enim
1738 2328 2077 2399 pronuntia-

427 2423 503 2476 tio
536 2422 738 2476 eadem
771 2426 882 2486 est,
932 2436 1123 2490 neque
1152 2421 1354 2474 eadem
1406 2419 1565 2473 notio
1597 2417 1733 2472 huic
1784 2417 1906 2472 voci
1939 2417 2075 2472 sub-

416 2511 568 2579 jecta
599 2515 710 2564 est.
745 2509 894 2564 Illud
927 2509 1082 2564 enim
1109 2508 1376 2564 densiore
1402 2507 1612 2579 spiritu
1637 2505 2070 2578 pronuntiatur,

421 2599 532 2654 hoc
563 2598 834 2654 tenuiori.
888 2597 1034 2662 Quin
1069 2598 1246 2652 etiam
1298 2597 1530 2652 diversa
1576 2602 1667 2652 est
1706 2595 2070 2664 signiﬁcatio.

420 2692 637 2742 Nomen
669 2687 824 2742 enim
855 2687 1040 2758 patris
1065 2685 1224 2741 Isaiae
1249 2691 1304 2741 et
1318 2685 1479 2740 vocis
1499 2684 1824 2756 proprietas
1852 2683 2073 2738 indicat

420 2777 887 2845 ﬁrmamentum,
938 2775 1214 2830 virtutem
1259 2780 1316 2829 et
1371 2775 1812 2828 fortitudinem:
1849 2778 1906 2827 at
1938 2788 2070 2827 vero

420 2867 713 2936 prophetae
764 2881 974 2919 nomen
1026 2879 1358 2918 sermonem
1409 2863 1623 2916 durum
1669 2867 1858 2917 sonat.
1893 2865 2068 2916 Porro

419 2952 724 3024 pr0phetia
755 2953 914 3008 Oseaa
947 2952 1096 3007 Isaia
1132 2953 1368 3006 videtur
1414 2967 1544 3006 esse
1575 2950 1907 3021 antiquior;
1945 2967 2068 3021 pro-

416 3048 613 3113 pterea
643 3043 793 3111 quod
826 3043 1046 3096 dictum
1081 3046 1206 3096 est:
1258 3042 1615 3110 Principium
1664 3041 1815 3095 verbi
1847 3040 2070 3095 Domini

413 3131 482 3185 ad
514 3131 726 3186 Osee".
787 3131 1104 3186 Sciendum
1164 3130 1400 3201 quidem
1461 3133 1551 3184 est
1584 3130 1735 3184 hunc
1789 3130 2061 3185 eumdem

2211 904 2420 977 μέλεια.
2468 902 2675 980 Σχεδὸν
2709 905 2809 980 γὰρ
2855 905 2905 958 οἱ
2937 903 3187 959 πλεῖστοι
3221 901 3554 980 συνέδραμον
3585 902 3864 974 ἀλλήλοις

2204 995 2340 1047 κατὰ
2387 994 2474 1048 τὸν
2528 995 2750 1068 χρόνον.
2821 995 2978 1062 ’Θσηὲ
3023 994 3074 1047 έν
3126 994 3355 1068 ἡμέραις
3405 993 3611 1062 Ὀζίου,
3662 993 3750 1047 καὶ
3805 993 3860 1048 έν

2204 1085 2436 1156 ἡμέραις
2481 1078 2767 1158 Ἰεροϐοάμ
2816 1087 2951 1156 (77).
3016 1085 3265 1158 Μιχαίας
3315 1084 3365 1137 έν
3423 1083 3656 1155 ἡμέραις
3706 1082 3864 1138 ’1ωά-

2204 1182 2315 1242 Θαμ
2361 1171 2448 1225 καὶ
2517 1173 2708 1247 Ἀχάζ·
2776 1176 3044 1250 Σοφονίας
3097 1171 3148 1226 ἐν
3194 1171 3427 1245 ἡμέραις
3480 1171 3693 1227 Ἰωσίου
3743 1171 3864 1225 υἱοῦ

2202 1259 2408 1331 Ἀμῶς.
2459 1265 2574 1314 Τῶν
2625 1258 2682 1314 δὲ
2727 1259 2938 1315 λοιπῶν
2991 1261 3048 1313 οἱ
3100 1260 3194 1333 μὲν
3249 1259 3502 1334 ἁχρόνως
3551 1259 3858 1334 ἀνέγραψαν

2199 1350 2292 1410 τὰς
2340 1349 2695 1423 προφητείας,
2745 1351 2797 1404 οἱ
2849 1347 2905 1404 δὲ
2935 1351 3030 1411 τὰς
3063 1354 3170 1403 τῶν
3214 1343 3502 1424 βαρϐάρων
3559 1346 3860 1424 βασιλείας,

2201 1437 2276 1500 ὡς
2334 1439 2762 1514 γνωριμωτέρας
2822 1436 2910 1493 διὰ
2963 1439 3024 1493 τὸ
3084 1443 3297 1513 κρατεῖν
3346 1441 3666 1506 τηνικαῦτα,
3727 1457 3865 1511 παρ-

2199 1529 2564 1599 εσημήναντο.
2627 1529 2876 1605 Ἀγγαῖος
2926 1529 3016 1584 xui
3066 1527 3363 1604 Ζαχαρίας,
3398 1523 3617 1590 Ἀϐδίας
3656 1549 3714 1582 τε
3744 1530 3861 1601 (78)

2195 1618 2284 1670 καὶ
2335 1617 2548 1689 Ναοὺμ,
2605 1617 2694 1672 xui
2758 1613 3118 1691 Ἀμὸακοὺμ,
3182 1619 3364 1680 ’Ῑωνᾶς
3411 1619 3502 1671 καὶ
3556 1615 3853 1692 Μαλαχίας

2194 1709 2302 1759 τῶν
2351 1706 2566 1781 χρόνων
2621 1706 2719 1761 οὐκ
2767 1705 3136 1778 ἐμνήσθησαν,
3191 1704 3319 1761 aM
3351 1703 3476 1761 οὐδὲ
3525 1707 3577 1760 οἱ
3623 1705 3852 1770 πλείους

2197 1796 2463 1870 πατέρων.
2540 1797 2637 1848 Καὶ
2694 1796 2839 1870 τάχα
2895 1797 2945 1850 οἱ
2997 1797 3090 1868 μὶν
3156 1795 3204 1868 ἐξ
3265 1795 3550 1867 ἐπισήμων
3603 1796 3855 1870 πατέρων

2192 1881 2457 1952 ἠδύναντο
2503 1881 2891 1956 εὐπαράδεκτοι
2958 1885 3217 1960 γενέσθαι.
3277 1883 3593 1958 Πιστότεροι
3643 1885 3745 1958 γὰρ
3796 1885 3853 1939 οἱ

2191 1971 2629 2046 γνωριμώτεροι·
2687 1972 2736 2026 ol
2788 1970 2845 2027 δὲ
2891 1974 3120 2044 ἀσήμων
3172 1972 3376 2046 γονέων
3424 1975 3852 2047 παρεσιωπήθη-

2193 2081 2305 2117 σαν.
2355 2062 2433 2117 Οὐ
2470 2063 2575 2133 μὴν
2632 2064 2743 2134 (79)
2798 2062 2955 2124 οὗτος
2991 2064 3197 2134 Ἀμὼς,
3244 2062 3300 2115 ὄν
3332 2067 3448 2123 τοῖς
3482 2059 3694 2116 δώδεκα
3725 2083 3850 2116 συν-

2187 2149 2512 2225 τεταγμένον
2581 2146 2824 2226 ἔχομεν,
2877 2153 3056 2225 πατήρ
3119 2150 3228 2204 έστι
3288 2154 3382 2204 τοῦ
3433 2151 3672 2205 Ἠσαίου·
3725 2148 3852 2206 οὕτε

2186 2239 2286 2314 γὰρ
2338 2242 2372 2308 ἡ
2418 2238 2721 2316 έκφώνησις
2751 2241 2784 2308 ἡ
2821 2238 2979 2311 αὐτὴ,
3011 2236 3133 2294 οὕτε
3164 2240 3225 2293 τὸ
3261 2239 3362 2293 ὑπὸ
3390 2246 3492 2308 τῆς
3526 2246 3711 2317 φωνῆς
3746 2261 3849 2311 ση-

2190 2327 2542 2400 μαινόμενον·
2595 2330 2656 2381 τὸ
2707 2330 2801 2400 μὲν
2850 2329 2950 2404 γὰρ
2985 2325 3260 2404 δασυτέρῳ
3289 2327 3367 2401 τῷ
3416 2329 3680 2402 πνεύματι
3715 2331 3851 2384 ἀνα-

2185 2422 2462 2494 φωνεῖται,
2512 2417 2574 2470 τὸ
2625 2413 2682 2471 δὲ
2735 2416 3035 2490 ψιλοτέρῳ.
3105 2417 3204 2471 Καὶ
3252 2418 3320 2472 τὰ
3367 2415 3680 2489 δηλούμενα
3726 2416 3842 2474 διά-

2183 2524 2340 2582 φορα·
2392 2506 2455 2560 τὸ
2508 2506 2604 2577 μὲν
2657 2506 2758 2580 γὰρ
2816 2509 2914 2560 τοῦ
2974 2506 3176 2580 πατρὸς
3239 2505 3462 2561 Ἠσαίου
3507 2503 3700 2578 ὄνομα,
3750 2508 3844 2562 καὶ

2181 2597 2293 2667 (80)
2336 2593 2399 2648 τὸ
2447 2600 2546 2663 τῆς
2603 2601 2789 2671 φωνῆς
2839 2592 3064 2667 ἰδίωμα,
3120 2596 3406 2671 στερέωσιν
3460 2594 3551 2649 xui
3611 2593 3840 2669 δύναμιν

2179 2681 2267 2736 καὶ
2316 2681 2476 2757 ἰσχὺν
2543 2682 2810 2760 ἀμφαίνω
2889 2689 2970 2756 τῷ
3033 2681 3089 2738 δὲ
3145 2688 3241 2738 τοῦ
3301 2686 3611 2761 προφήτου,
3672 2682 3840 2762 λόγος

2182 2772 2420 2844 σκΛηρὸς
2476 2769 2762 2841 δηλοῦται·
2823 2773 2929 2845 πρὸ
2984 2769 3041 2827 δὶ
3087 2777 3184 2827 τοῦ
3237 2773 3462 2830 Ἠσαίου
3495 2769 3668 2829 ἔοικεν
3702 2774 3837 2830 εἶναι

2178 2860 2212 2928 ἡ
2272 2859 2578 2936 προφητεία
2650 2865 2747 2914 τοῦ
2825 2861 3004 2930 Ὠσηὲ,
3069 2857 3157 2914 διὰ
3215 2860 3278 2914 τὸ
3339 2859 3606 2936 εἰρῆσθαι·
3659 2861 3838 2937 Ἀρχὴ

2180 2947 2350 3022 λόγου
2411 2947 2610 3024 Κυρίου
2667 2950 2803 3025 πρὸς
2866 2948 3045 3020 Ὠσηέ.
3107 2948 3382 3006 Γνωστέον
3442 2951 3650 3023 μέντοι,
3694 2946 3774 3005 ὅτι
3811 2952 3840 3006 6

2179 3037 2353 3107 Ὀξίας
2403 3038 2561 3100 οὗτος
2610 3039 2637 3092 6
2683 3039 2842 3101 αὐτὸς
2899 3037 2987 3093 xui
3035 3039 3284 3111 Ἀζαρίας
3316 3037 3548 3114 εἴρηταυ
3607 3037 3658 3094 έν
3721 3041 3837 3113 (81)

2175 3127 2276 3199 γὰρ
2319 3130 2387 3199 τῇ
2439 3127 2677 3202 προτέρᾳ
2728 3132 2834 3182 τῶν
2888 3127 3387 3202 Παραλειπομένων
3438 3127 3617 3196 Ὀζίας
3679 3127 3830 3204 εἷ’ρη-

412 3220 607 3276 Oziam
641 3220 865 3274 dictum
918 3220 1098 3274 fuisse
1145 3223 1202 3273 et
1229 3217 1516 3273 Azariam.
1578 3218 1639 3274 In
1681 3218 1872 3289 priore
1902 3219 2060 3275 enim

2181 3235 2279 3269 ται.
2335 3214 2387 3270 ἄν
2421 3213 2478 3269 δὲ
2524 3215 2593 3290 τῇ
2627 3213 2847 3291 δευτέρᾳ
2899 3221 3006 3271 τῶν
3040 3215 3341 3272 Βασιλείων
3377 3215 3648 3290 Ἀζαρίας.
3683 3215 3838 3286 Ηλῆν

412 3307 893 3378 Paralipomenon
928 3306 1076 3362 libro
1106 3306 1272 3361 Ozias
1311 3312 1400 3360 est
1430 3306 1622 3360 dictus
1651 3323 1663 3371 ;
1712 3305 1769 3358 in
1804 3308 2061 3361 secundo

410 3405 604 3451 autem
637 3399 994 3467 Regnorum,
1033 3395 1290 3459 Azarias,
1322 3411 1390 3449 ex
1433 3395 1637 3449 eodem
1671 3399 1866 3449 tamen
1901 3402 2062 3466 patre

408 3491 467 3540 et
499 3490 703 3539 matre.
739 3483 1031 3538 Nimirum
1078 3483 1206 3552 ejus
1241 3488 1427 3537 mater
1473 3489 1599 3538 erat
1629 3482 1867 3551 Chalia;
1902 3489 2064 3550 pater

408 3579 604 3628 autem
635 3573 926 3627 Amazias.
951 3573 1211 3642 Tempus
1235 3572 1410 3625 etiam
1447 3571 1607 3642 regni
1627 3576 1716 3626 est
1737 3572 2058 3637 idem,anni

407 3661 838 3732 quinquaginta
868 3663 1008 3724 duo,
1062 3659 1496 3731 Prophetarunt
1545 3666 1740 3714 autem
1791 3661 1900 3715 sub
1931 3661 2061 3717 Ozia

405 3750 609 3819 Isaias,
641 3754 786 3805 Osee
815 3753 872 3804 et
903 3755 1100 3804 Amos.
1130 3749 1236 3803 Sed
1273 3749 1413 3819 quia
1445 3747 1672 3817 legitur,
1712 3750 2057 3820 Principium

405 3841 559 3894 verbi
579 3839 802 3895 Domini
821 3839 890 3893 ad
915 3843 1070 3905 Osee,
1098 3856 1240 3892 num
1266 3837 1492 3910 primus
1515 3838 1814 3892 vaticinari
1839 3839 2056 3912 coepit?

396 3932 465 3982 Et
495 3927 638 4000 quia
668 3930 846 3983 Amos
867 3933 997 3982 ante
1019 3928 1166 3982 duos
1188 3944 1375 3982 annos
1398 3931 1567 3980 terra:
1589 3931 1785 3982 motus
1811 3929 2054 4000 prophe-

396 4017 542 4070 tavit
565 4016 884 4087 ;numquid
911 4017 1262 4071 vaticinatus
1289 4021 1379 4071 est
1404 4020 1534 4071 ante
1559 4015 1838 4072 visionem
1867 4019 2053 4088 Isaiae,

396 4104 456 4159 in
491 4121 606 4176 qua
636 4103 718 4158 ait
748 4122 760 4160 :
796 4106 858 4159 Et
887 4105 1158 4160 eleuatum
1187 4110 1268 4159 est
1292 4105 1732 4177 superliminare
1754 4105 1796 4141 ⁷⁸
1818 4109 1843 4159 .9

471 4234 515 4268 ⁷⁷
545 4237 676 4290 Ose.
711 4250 752 4302 ι,
788 4237 837 4290 1.
914 4234 957 4269 ⁷⁸
988 4239 1098 4289 Isa.
1129 4250 1210 4301 v1,
1241 4235 1332 4290 64.

2171 3305 2257 3360 καὶ
2292 3305 2495 3380 πατρὸς
2535 3311 2632 3360 τοῦ
2684 3307 2872 3374 αὐτοῦ,
2923 3307 3010 3360 καὶ
3067 3306 3297 3381 μητρός·
3352 3307 3385 3374 ἡ
3445 3305 3538 3379 μὶν
3571 3305 3670 3382 γὰρ
3719 3308 3833 3377 μή-

2169 3413 2272 3468 τηρ
2307 3394 2483 3450 ΧαΑία
2531 3398 2666 3466 (82),
2723 3395 2750 3449 6
2793 3392 2850 3448 δὲ
2894 3396 3076 3469 πατὴρ
3136 3394 3422 3466 Ἀμασίας.
3479 3395 3575 3450 Καὶ
3624 3394 3830 3469 χρόνος

2170 3489 2271 3552 τῆς
2331 3481 2604 3558 βασιλείας
2675 3484 2703 3538 6
2753 3482 2933 3546 αὐτός’
2985 3485 3326 3552 πεντήκοντα
3383 3480 3479 3536 δύο
3540 3480 3628 3550 ἔτη
3684 3485 3820 3556 (83).

2172 3573 2291 3627 Ἐπὶ
2361 3572 2543 3642 Ὀζίου
2617 3575 2987 3649 προφήτεῦσεν
3066 3571 3306 3643 Ἠσαίας,
3369 3573 3528 3642 Ὠσηὲ
3580 3569 3667 3625 xui
3723 3572 3819 3626 Ἀ-

2173 3662 2310 3736 μώς.
2389 3661 2549 3718 Ἀλλ’
2625 3659 2837 3731 ἐπειδὴ,
2899 3661 3078 3736 Ἀρχὴ
3160 3658 3331 3735 λόγου
3409 3659 3612 3735 Κυρίου
3686 3660 3821 3735 πρὸς

2165 3752 2349 3820 Ὠσηὲ,
2413 3753 2628 3823 μήποτε
2702 3754 2922 3824 πρῶτος
2998 3747 3198 3824 ἤρξατο
3255 3748 3655 3824 προφητεύειν;
3716 3750 3817 3804 Καὶ

2167 3838 2353 3908 ἐπειδὴ
2390 3841 2418 3894 6
2468 3840 2659 3912 Ἀμὼς
2700 3839 2806 3914 πρὸ
2857 3835 2951 3892 δύο
3000 3837 3131 3893 ἐτῶν
3185 3843 3430 3911 σεισμοῦ,
3469 3841 3683 3910 μήποτε
3713 3837 3822 3910 πρὸ

2162 3930 2264 3998 τὴς
2315 3928 2554 4004 ὁράσεως
2603 3932 2699 3983 τοῦ
2746 3925 2994 3998 Ἠσαίου,
3053 3927 3102 3983 έν
3153 3929 3191 3999 ἧ
3241 3948 3396 4003 φησι’
3455 3927 3551 3982 Καὶ
3603 3926 3819 4004 έπήρθη

2161 4017 2224 4072 τὸ
2257 4018 2555 4094 ὑπέρθυρον
2585 4036 2598 4087 ;

2159 4366 2430 4418 auctores
2457 4361 2659 4417 haberi
2679 4363 2948 4429 debeant,
2977 4361 3132 4418 malo
3156 4361 3389 4434 culpam
3416 4362 3474 4417 in
3503 4361 3828 4434 ipsumiau-

2161 4439 2403 4500 ctorem,
2438 4451 2614 4506 quam
2650 4435 2708 4488 in
2744 4435 3014 4491 librarios
3065 4433 3405 4491 transferre.
3457 4433 3822 4506 Fitiquidem

2162 4523 2277 4560 non
2312 4505 2470 4571 raro,
2524 4512 2588 4561 ut
2620 4506 2841 4562 librarii
2899 4523 3096 4562 vocem
3150 4524 3327 4562 unam
3392 4523 3494 4578 pro
3521 4505 3636 4560 alia
3667 4505 3818 4578 scri-

2081 4563 2126 4624 D
2159 4579 2340 4633 bant:
2378 4563 2476 4633 sed
2513 4579 2620 4632 hoc
2649 4579 2765 4634 fere
2795 4579 3085 4649 contingit
3113 4583 3261 4643 tum,
3294 4563 3427 4633 cum
3460 4593 3632 4649 voces
3663 4577 3820 4631 inter

2164 4667 2226 4704 se
2248 4650 2470 4704 similes
2493 4655 2633 4705 sunt
2655 4655 2710 4705 et
2732 4651 2937 4706 afﬁnes
2963 4669 2975 4716 ;
3004 4647 3058 4704 id
3084 4653 3238 4720 quod
3265 4651 3358 4704 hic
3378 4647 3821 4704 nullumlocum

2162 4722 2377 4776 habere
2407 4721 2627 4788 vident,
2659 4721 2884 4793 opinor,
2919 4738 3145 4778 omnes.
3181 4723 3398 4777 Ibidem
3433 4722 3662 4776 codices
3697 4726 3822 4793 tres

2160 4793 2301 4848 Duc.
2329 4799 2391 4865 et
2422 4793 2560 4865 Reg.
2598 4791 2806 4849 tertius
2837 4799 2893 4865 et
2923 4793 3086 4865 Colb.
3122 4795 3319 4850 itidem
3346 4794 3579 4862 tertius,
3611 4791 3819 4865 πατρὸς

2158 4863 2468 4939 monocoli.
2507 4863 2677 4939 Editi,
2706 4863 2912 4939 πατρὸς
2944 4863 3127 4939 αὐτοῦ.

2231 4937 2341 5017 (82)
2365 4937 2521 5017 Editi
2549 4943 2606 5017 et
2641 4928 2730 5017 Fr.
2781 4928 2836 5017 ei
2872 4936 3377 5017 :Anglic.__et_Reg.
3439 4932 3817 5017 t_ertius_,_Xu-

2160 5004 2271 5062 λία.
2306 5004 2382 5063 At
2413 5026 2548 5064 vero
2580 5009 2638 5062 in
2673 5009 2738 5063 Η.
2777 5015 2833 5064 et
2861 5009 2913 5064 J.
2941 5004 2996 5064 et
3019 5008 3178 5064 Colb.
3213 5004 3383 5063 tertio
3417 5011 3474 5060 et
3498 5007 3649 5074 apud
3681 5009 3822 5060 Pro-

2160 5080 2393 5151 copium
2429 5098 2532 5164 pro
2561 5078 2734 5135 Χαλία
2767 5081 2982 5151 legitur
3039 5078 3242 5146 Xuvaiu,
3276 5084 3378 5134 aut
3423 5077 3584 5132 Χανᾶ.
3616 5080 3662 5132 Α
3689 5077 3819 5149 qui-

2159 5151 2278 5223 bus
2307 5155 2584 5208 ommbus
2615 5153 2785 5223 longe
2834 5153 3125 5208 dissident
3176 5150 3712 5223 LXX,_apu_d_quos
3742 5149 3818 5204 IV

2161 5222 2300 5297 Reg.
2332 5241 2424 5292 xv,
2459 5226 2512 5288 2,
2563 5219 2784 5280 ρόίῐιιῖῐι
2838 5223 3150 5292 invenitur,
3198 5219 3436 5297 Ἰεχιλία
3462 5219 3514 5292 ἐξ
3543 5219 3814 5292 Ἰερουσα-

2160 5289 2231 5364 λή
2340 5289 2634 5352 Hiechelia
2664 5299 2731 5352 de
2753 5298 3080 5354 Jerusalem.

2229 5363 2346 5436 ('83)
2377 5368 2471 5423 Sic
2502 5369 2728 5424 codices
2766 5373 2830 5424 H.
2865 5375 2918 5424 et
2968 5369 3019 5424 J.
3050 5381 3185 5422 cum
3241 5363 3401 5421 Colb.
3435 5364 3627 5436 tertio.
3661 5363 3817 5436 Edili

2158 5431 2404 5522 et'A.;et
2453 5444 2538 5522 F.“
2563 5457 2719 5522 cum-
2750 5440 2889 5522 Reg.
2928 5440 3123 5522 tertio2
3183 5439 3534 5522 πεντηκοστῷ
3579 5431 3815 5508 δευτέρῳ

2157 5501 2284 5584 ἔτει.
2323 5511 2470 5584 Lege
2507 5513 2638 5567 Duc.
2675 5513 2793 5567 Hoc
2835 5501 2970 5584 ipso
3019 5501 3235 5584 inloco
3296 5501 3451 5584 m'ssr
3471 5501 3615 5575 tres,
3646 5501 3813 5582 προεῖ-

2157 5582 2447 5656 φήτευσαν.
2482 5584 2634 5640 Editi
2663 5601 2797 5640 cum
2832 5582 2963 5640 aliis
2995 5583 3209 5650 tribus,
3242 5582 3663 5658 προεφήτευσεν.

471 4359 582 4426 (77)
615 4359 704 4414 Sic
735 4366 982 4430 uterque
999 4360 1268 4430 βοωῦθῇ
1315 4363 1386 4416 At
1415 4360 1473 4414 in
1524 4359 1696 4430 editis
1727 4364 1778 4415 et
1813 4361 1871 4416 in
1905 4362 2049 4418 duo-

397 4424 510 4485 bus
540 4424 680 4485 mss.
719 4449 818 4500 pro
849 4424 1137 4505 Ἱέροϐοάμ
1195 4432 1407 4505 legitur
1437 4429 1681 4505 Ἰιυάθαν.
1737 4433 2049 4504 Aliquanto

401 4507 546 4628 gest,
566 4519 773 4559 rursus
805 4503 1060 4574 quatuor
1105 4503 1276 4574 mss.,
1325 4504 1446 4556 υἱοῦ
1480 4503 1684 4574 Ἀμώς.
1722 4503 1896 4570 Editi,
1929 4505 2048 4558 υἱοῦ

473 4593 611 4628 μων.

473 4593 794 4728 ἵῆ)Ἐόῂί,
844 4640 1182 4728 Ἀδρίας-ἒξ..
1226 4649 1297 4700 At
1329 4663 1470 4728 mss.
1528 4651 1800 4728 quatuor,
1829 4639 2047 4708 Ἀϐδίας

393 4711 668 4792 “(Alter
695 4717 980 4792 _Combef.,
1033 4711 1248 4771 Ἀϐδίου
1293 4737 1368 4773 τε.
1419 4711 1626 4773 Statim
1661 4711 1801 4792 Reg:
1839 4736 2050 4774 secun-

397 4791 527 4856 dus,
563 4787 660 4841 οὐκ
691 4785 1128 4859 ἐπεμνήσθησαν.

469 4860 578 4931 (79)
612 4856 801 4926 Editi,
837 4856 898 4913 οὗ
954 4860 1062 4931 μὴν
1115 4856 1259 4916 οὐδέ.
1311 4861 1483 4917 Deest
1529 4856 1656 4914 οὐδέ
1707 4863 1764 4917 in
1798 4865 2052 4934 quatuor

396 4948 548 4987 ωδε.

468 5002 580 5073 (80)
610 5003 705 5058 Sic
737 5007 982 5076 uterque
1031 5003 1288 5059 Combef.
1337 5007 1393 5058 et
1445 5003 1544 5059 alii
1576 5004 1712 5059 duo.
1746 5003 1920 5071 Editi,
1953 5023 2047 5056 xu-

392 5073 478 5130 τά.
519 5076 761 5130 rectius.

465 5115 1096 5229 18.130Iie‘gisecundus,
1129 5144 1202 5229 6v“
1228 5145 1349 5229 μένἶ
1403 5144 1511 5201 Ubi
1542 5146 1897 5227 notandum,_
1921 5163 2048 5229 qua

394 5217 655 5272 citantur
684 5217 714 5274 e
747 5219 934 5289 primo
963 5218 1114 5272 libro
1165 5217 1675 5288 Paralipomenon,
1712 5217 1952 5289 reperiri
1988 5219 2046 5272 in

394 5291 652 5343 secundo
684 5307 834 5353 xxvx,
871 5292 920 5344 1.
955 5291 1124 5355 Item,
1155 5307 1282 5360 qua:
1315 5291 1571 5344 citantur
1604 5306 1633 5344 e
1666 5289 1811 5344 libro
1845 5307 2051 5344 secun-

393 5362 466 5413 do
503 5362 860 5430 Regnorum,
893 5379 960 5416 ea
991 5363 1103 5432 legi
1139 5362 1197 5415 in
1231 5367 1439 5432 quarto
1483 5377 1598 5425 xw,
1640 5361 1729 5415 21.
1762 5363 2046 5417 Combeﬁ-

393 5433 520 5486 sius
553 5450 655 5502 pro
715 5451 781 5486 ea
813 5451 928 5504 qua
963 5431 1243 5504 Basilium
1294 5431 1521 5487 colebat
1553 5433 1943 5504 observantia,
1977 5449 2049 5488 ne

391 5501 705 5580 tanto’viro
754 5501 979 5560 tantum
1037 5501 1656 5580 oculpupmpovtxbv
1705 5506 2046 5580 ascriberet,

392 5576 667 5632 librarios
697 5593 846 5631 unos
876 5579 1005 5647 ejus
1038 5574 1253 5631 erroris
1286 5574 1610 5631 incusavit:
1645 5578 1744 5632 sed
1777 5594 2046 5647 ego,cum

393 5647 536 5704 satis
568 5650 644 5704 sit
681 5665 972 5714 errorum,
1022 5664 1274 5720 quorum
1323 5663 1440 5706 non
1499 5649 1790 5706 immerito
1819 5647 2047 5708 librarii
