4154 6430
284 422 404 483 137

1126 412 1534 476 COMMENT.
1580 413 1661 473 IN
1706 408 1992 473 ISAIAM
2036 409 2543 473 PROPHETAM.
2584 408 2755 471 CAP.
2804 412 2854 473 1.

3582 417 3701 480 138

353 554 439 609 11.
485 555 709 619 Ἄκουε,
777 546 994 624 οὖρανὲ,
1039 546 1129 600 καὶ
1198 543 1476 616 ἔνωτίζου,
1530 550 1631 620 γῆ,
1685 540 1769 598 δτι
1825 541 1930 596 K6-

2120 542 2207 598 11.
2267 541 2446 600 Vens.
2485 546 2540 598 2.
2600 543 2762 612 Audi,
2809 544 3024 616 caelum,
3081 551 3132 601 et
3176 546 3407 603 auribus
3459 550 3699 623 percipe,

283 661 400 718 ριος
474 635 766 708 ἐλάλησεν.
827 631 1050 704 Ἐπειδὴ
1135 634 1273 689 κατὰ
1355 632 1541 708 γενεὰν
1597 630 1840 706 πονηρὰν
1894 632 1929 700 ἡ

279 726 590 804 προφητεία
614 728 850 800 ἐγένετο,
882 723 981 780 οὐκ
1008 718 1155 800 ἔχων
1185 722 1239 777 ἐν
1282 726 1399 784 τοῖς
1449 720 1758 797 ἀνθρώποις
1807 718 1933 783 τοὺς

282 818 599 882 ἀκούοντας,
628 816 845 891 οὐρανῷ
885 813 975 868 καὶ
1023 817 1096 887 γῇ
1132 809 1455 885 διαλέγεται.
1487 810 1612 868 Ἐπὶ
1658 811 1759 885 γὰρ
1806 810 1932 863 τού-

280 926 389 962 των
420 910 529 961 τῶν
568 903 855 981 μαρτύρων
902 902 930 956 6
975 900 1150 974 νόμος
1198 898 1382 971 ἐδόθη,
1418 898 1695 960 Μωϋσέως
1750 899 1931 954 εἰπόν-

283 1017 377 1059 τος
407 1016 420 1029 ·
459 992 906 1069 Διαμαρτύρομαι
973 990 1101 1063 ὑμῖν
1160 991 1397 1065 σήμερον
1451 989 1542 1043 τόν
1591 1010 1650 1043 τε
1701 989 1931 1065 οὐρανὸν

284 1085 378 1141 καὶ
452 1085 551 1153 τὴν
616 1088 754 1157 γῆν·
816 1080 907 1136 καὶ
972 1076 1169 1134 πάλιν·
1236 1078 1518 1154 Πρόσεχε,
1566 1077 1795 1152 οὗρανὶ,
1840 1079 1928 1133 καὶ

286 1172 559 1245 λαλήσω·
610 1170 700 1227 καὶ
775 1170 1016 1225 ἀκουέτω
1073 1174 1146 1243 γῆ
1234 1166 1455 1244 ῥήματα
1527 1167 1587 1222 ἐκ
1661 1166 1929 1240 στόματός

289 1285 414 1337 μου.
443 1263 710 1336 Ἔπρεπεν
740 1257 830 1314 οὗν
858 1257 988 1320 τοὺς
1022 1257 1112 1312 ὅτε
1151 1254 1361 1311 ἐδίδοτο
1392 1258 1420 1312 6
1450 1255 1621 1329 νόμος
1675 1254 1931 1331 παραλη-

283 1351 509 1429 φθέντας
570 1350 868 1424 μάρτυρας,
916 1345 1046 1408 τοὺς
1114 1344 1309 1409 αὐτοὺς
1372 1344 1641 1416 κληθῆναι
1716 1344 1804 1400 ἐπὶ
1855 1350 1933 1416 τῷ

280 1439 500 1517 ἐλέγχῳ
554 1441 653 1508 τῆς
712 1431 1071 1511 παραϐάσεως
1123 1439 1221 1489 τοῦ
1271 1435 1462 1507 νόμου.
1507 1434 1935 1504 Ἐκκλησιάσατε

281 1530 410 1606 γὰρ,
469 1526 623 1602 φησὶ,
678 1526 818 1600 πρὸς
886 1526 955 1598 μὶ
1026 1522 1154 1586 τοὺς
1225 1520 1547 1601 φυλάρχους
1608 1524 1783 1596 ὑμῶν,
1842 1523 1933 1578 καὶ

282 1618 410 1680 τοὺς
464 1610 863 1692 πρεσϐυτέρους
937 1613 1133 1686 ὑμῶν,
1194 1613 1282 1667 καὶ
1347 1612 1476 1676 τυὺς
1551 1614 1783 1688 κριτὰς,
1843 1611 1932 1668 καὶ

284 1706 412 1770 τοὺς
492 1706 1150 1780 γραμματοεισαγωγεῖς,
1226 1698 1320 1756 ’ίνα
1403 1701 1637 1772 λαλήσω
1722 1701 1796 1764 εἰς
1868 1702 1938 1757 τὰ

286 1798 401 1852 ὦτα
458 1795 657 1861 αὐτῶν,
712 1792 803 1848 καὶ
889 1789 1334 1865 διαμαρτύρομαι
1409 1793 1523 1865 (84)
1601 1791 1784 1855 αὐτοῖς
1840 1792 1933 1847 τόν

283 1907 345 1943 τε
401 1884 659 1962 οὐρανὸν.
703 1880 795 1938 καὶ
861 1882 963 1950 τὴν
1024 1883 1127 1955 γῆν
1164 1921 1178 1935 .
1232 1886 1679 1957 Παρατετήρτ,ται
1738 1879 1795 1936 δὲ
1853 1881 1936 1937 ὅτι

288 1973 544 2035 ἰναντίως
574 1968 691 2047 ἔχει
734 1970 810 2032 ὡς
838 1969 977 2044 πρὸς
1000 1971 1103 2039 τὴν
1134 1965 1282 2041 ᾠδήν
1323 1970 1352 2023 6
1400 1967 1565 2046 λόγος
1612 1967 1816 2026 ἐνθάδε,
1851 1971 1938 2025 ’E-

287 2068 373 2120 κεῖ
433 2063 526 2137 μὶν
578 2061 680 2136 γάρ
716 2079 730 2093 ·
768 2058 1034 2135 Πρόσεχι,
1088 2057 1305 2133 οὐρανὶ,
1336 2057 1372 2127 ἢ
1411 2059 1548 2114 κατὰ
1603 2061 1697 2114 τὰς
1765 2057 1941 2124 ἄλλας

288 2149 551 2217 ικὸόσεις,
603 2148 918 2217 Ἐνωτίζου,
977 2146 1191 2223 οὖρανὶ,
1250 2148 1342 2202 καὶ
1398 2146 1640 2204 ἀκουέτω
1695 2155 1808 2226 γῆο
1860 2147 1940 2204 ἐν.

283 2241 456 2304 ταῦθα
516 2237 611 2293 δέ·
673 2238 893 2303 Ἄκουε,
939 2235 1153 2310 οὐρανὶ,
1202 2237 1289 2291 καὶ
1341 2235 1618 2307 ἐνωτίζου,
1675 2245 1771 2313 γῆ.
1820 2240 1939 2294 Ὅτι

287 2331 414 2388 ὅταν
450 2329 546 2402 μὲν
577 2327 644 2382 τὰ
677 2324 867 2401 ὑψηλὰ
913 2327 1088 2403 φρονῇ
1121 2325 1149 2380 6
1181 2322 1336 2395 λαὸς,
1368 2326 1457 2381 καὶ
1499 2332 1634 2382 Θεοῦ
1695 2329 1771 2401 μὴ
1802 2328 1937 2382 ἀπο-

286 2423 411 2494 στῇ,
445 2418 519 2480 ὡς
550 2416 611 2472 ἐκ
636 2420 733 2471 τοῦ
760 2412 1015 2490 σύνεγγυς
1054 2409 1183 2469 ὄντα
1213 2415 1326 2487 (85)
1356 2415 1447 2469 16v
1499 2414 1725 2492 οὐρανὸν
1769 2437 1937 2493 προσ-

287 2505 561 2577 καλεῖται,
592 2503 684 2561 καὶ
718 2503 1012 2560 ἰντίθεσθαι
1038 2501 1114 2563 εἷς
1141 2502 1209 2556 τὰ
1247 2500 1358 2557 ὦνα
1403 2502 1533 2565 τοὺς
1585 2503 1784 2580 λόγους
1834 2526 1940 2560 πα-

292 2595 557 2673 ρακαλεῖ·
610 2596 773 2649 τοῦτο
828 2590 930 2668 γάρ
985 2589 1097 2645 ἆστι
1155 2590 1241 2659 16,
1291 2590 1615 2661 Ἐνωτίζου.
1669 2594 1836 2650 Ὅταν
1887 2591 1944 2650 δὶ

297 2686 581 2762 μακρυνθῇ
610 2686 718 2738 τῶν
760 2678 1055 2752 οὐρανίων,
1086 2678 1160 2742 ὠς
1197 2678 1403 2756 μακρὰν
1453 2675 1567 2736 ὄντι
1624 2680 1771 2756 αὐτῷ
1830 2680 1943 2738 δια-

296 2773 537 2849 λὲγεται·
568 2773 795 2839 ΙἈκουε,
829 2768 1048 2840 οὐρανέ.

370 2865 458 2920 12.
490 2861 569 2918 Τὸ
597 2859 728 2914 αὐτὸ
756 2858 846 2914 καὶ
887 2856 975 2913 ἰπὶ
1027 2859 1125 2927 τῆς
1182 2864 1309 2933 γῆς.
1337 2857 1434 2913 Διὰ
1487 2864 1647 2915 τοῦτο
1702 2865 1942 2934 Μωυσῆς

300 2952 398 3027 μὶν
439 2951 515 3016 ὡς
561 2948 715 3027 ἐγγὺς
761 2946 905 3024 ἔχων
954 2946 1045 3002 τὸν
1091 2946 1340 3024 οὐρανὸν,
1373 2945 1464 3003 διὰ
1507 2950 1606 3018 τὴν
1654 2953 1939 3028 προκοπὴν

293 3045 396 3097 τοῦ
455 3043 612 3110 λαοῦ,
671 3036 935 3114 ΙΙρόσεχι,
994 3035 1211 3111 οὗρανὲ,
1269 3037 1330 3107 ἢ,
1387 3036 1700 3108 Ἐνωτίζου,
1752 3040 1834 3102 ’ὡς
1891 3042 1943 3096 οἱ

295 3129 489 3188 λοιποί
519 3130 652 3201 (86).
684 3123 906 3187 Ἠσαίας
938 3122 1014 3194 δὶ,
1050 3124 1102 3179 ἐν
1133 3125 1425 3197 ἁμαρτίαις
1474 3121 1629 3188 ὄντος
1657 3131 1754 3183 τοῦ
1785 3128 1944 3198 λαοῦ,

290 3220 387 3275 καὶ
438 3218 507 3273 τὰ
560 3217 723 3293 γήινα
787 3217 1141 3292 φρονοῦντος,
1174 3212 1249 3273 ὡς
1300 3212 1562 3287 σύνεγγυς
1607 3216 1708 3283 τὴν
1766 3214 1944 3285 οὖσαν,

2042 640 2210 701 terra,
2234 634 2367 705 quia
2398 633 2552 690 386
2577 634 2838 689 Dominus
2859 634 3067 691 locutus
3087 639 3188 691 est.
3212 635 3699 709 Quandoquidem

2044 722 2350 795 prophetia
2388 723 2508 777 haec
2540 722 2695 777 edita
2726 730 2815 778 est
2841 725 3106 795 tempore
3156 725 3414 797 reprobus
3458 742 3701 799 genera-

2041 812 2243 876 tionis,
2264 826 2369 866 nec
2403 811 2459 866 in
2484 810 2827 866 hominibus
2858 810 3100 867 haberet
3122 812 3446 881 auditores,
3478 815 3692 871 coelum

2042 905 2100 956 et
2128 903 2341 955 terram
2378 898 2714 972 alloquitur.
2749 900 2851 954 Est
2888 900 3041 955 enim
3075 900 3211 955 data
3252 899 3345 957 lex
3374 917 3571 958 coram
3604 902 3697 959 his

2042 990 2316 1056 testibus,
2341 987 2570 1043 dicente
2593 988 2787 1060 Moyse
2809 1005 2821 1043 :
2843 987 3121 1043 Contestor
3139 989 3287 1045 vobis
3305 990 3465 1046 hodie
3478 992 3691 1063 catum,

2040 1086 2090 1134 et
2116 1086 2340 1147 terram,
2369 1077 2450 1143 7°;
2486 1081 2541 1131 et
2590 1091 2829 1131 rursus:
2864 1077 3091 1131 Attende
3117 1085 3333 1147 catum,
3377 1081 3428 1134 et
3458 1079 3692 1152 loquar,-

2040 1176 2093 1223 et
2119 1166 2311 1221 audiat
2343 1174 2489 1221 terra
2530 1166 2690 1221 verba
2716 1181 2785 1220 ea:
2828 1181 2922 1221 ore
2947 1182 3068 1221 meo
3108 1167 3171 1221 ⁸ο.
3211 1168 3457 1224 Decebat
3486 1169 3691 1241 utique

2040 1260 2220 1311 testes
2237 1255 2472 1311 eosdem
2493 1254 2743 1325 quicum
2769 1253 2858 1310 lex
2871 1255 3109 1310 daretur
3125 1256 3418 1328 assumpti
3440 1256 3691 1325 fuerant,

2041 1349 2180 1400 tunc
2228 1344 2301 1399 ad
2350 1344 2816 1413 exprobrandam
2868 1343 3014 1416 legis
3055 1344 3430 1400 violationem
3495 1347 3692 1405 acciri.

2044 1435 2346 1490 Convocate
2380 1433 2559 1502 enim,
2603 1433 2816 1504 inquit,
2848 1433 2920 1489 ad
2958 1450 3045 1489 me
3095 1434 3340 1490 tribuum
3389 1439 3695 1492 vestrarum

2042 1524 2341 1597 principes,
2373 1530 2423 1577 et
2449 1523 2691 1577 seniores
2732 1526 3014 1590 vestros,et
3033 1523 3270 1595 judices.
3304 1531 3354 1579 et
3380 1525 3696 1596 magistros,

2043 1621 2104 1668 ut
2149 1613 2344 1683 loquar
2374 1613 2431 1666 in
2477 1626 2642 1665 aures
2669 1626 2881 1679 eorum,
2921 1616 2971 1666 et
2999 1615 3271 1668 contestor
3297 1614 3378 1669 eis
3397 1614 3595 1670 calum
3643 1621 3699 1671 et

2044 1710 2252 1758 terram
2298 1701 2367 1756 ⁸³.
2449 1699 2838 1755 Observatum
2883 1704 3075 1755 autem
3139 1706 3229 1756 est
3274 1700 3499 1757 cantico
3538 1702 3698 1759 hunc

2046 1805 2378 1846 sermonem
2437 1805 2566 1845 esse
2619 1789 3000 1845 contrarium.
3062 1788 3187 1844 Illic
3234 1789 3414 1859 enim,
3446 1792 3694 1861 Attende,
3785 1824 3798 1837 -

2045 1881 2266 1948 caelum,
2298 1882 2400 1934 aut
2435 1879 2603 1948 juxta
2641 1875 2785 1934 alias
2824 1877 3130 1948 editiones,
3190 1879 3428 1935 Auribus
3451 1883 3694 1955 percipe,

2047 1970 2243 2025 caelum
2279 1970 2331 2022 et
2380 1966 2578 2021 audiat
2632 1968 2802 2021 terra.
2865 1964 2968 2021 Hic
3012 1981 3168 2036 vero,
3215 1966 3368 2035 audi,
3399 1968 3596 2024 coetum
3644 1973 3700 2025 et

2047 2059 2282 2114 auribus
2335 2057 2574 2128 percipe,
2624 2058 2790 2110 terra.
2825 2054 2971 2110 Nam
3030 2070 3164 2110 cum
3218 2054 3496 2112 sublimia
3541 2057 3699 2130 sapit

2049 2145 2325 2220 populus,
2357 2160 2463 2200 nec
2506 2146 2763 2200 semotus
2796 2160 2830 2198 a
2872 2144 2982 2199 Deo
3024 2147 3133 2214 est,
3175 2143 3384 2200 ccelnm
3417 2153 3696 2217 tanquam

2050 2236 2448 2309 propinquum
2471 2236 2808 2299 attestatur,
2837 2236 2894 2287 et
2915 2236 2980 2286 ut.
2999 2249 3297 2289 sermones
3328 2234 3385 2289 in
3417 2251 3590 2290 aures
3612 2234 3699 2291 in-

2052 2326 2245 2389 ducat,
2272 2324 2636 2379 adhortatur.
2658 2321 2825 2377 Hunc
2842 2321 2998 2378 enim
3025 2337 3266 2378 sensum
3290 2322 3513 2379 indicat
3531 2322 3700 2380 illud:

2050 2414 2290 2471 Auribus
2319 2414 2558 2485 percipe.
2609 2411 2851 2476 Quando
2882 2427 3016 2467 vero
3069 2410 3241 2484 longe
3273 2413 3441 2469 abest
3472 2428 3505 2468 a
3533 2412 3701 2470 coele-

2052 2503 2267 2568 stibus,
2310 2501 2506 2572 ipsum
2561 2500 2881 2572 alloquitur
2909 2499 3089 2556 veluti
3136 2500 3343 2573 procul
3389 2505 3705 2559 remotum.

2055 2592 2231 2659 Audi,
2263 2591 2478 2646 acetum.

2127 2862 2220 2919 42.
2251 2860 2332 2917 De
2352 2863 2505 2915 terra
2527 2857 2704 2913 etiam
2732 2856 2885 2912 idem
2921 2857 3320 2915 sentiendum.
3344 2861 3713 2934 Quapropter

2057 2952 2287 3023 Moyses
2317 2948 2550 3019 quidem
2585 2947 2754 3018 quasi
2776 2947 2832 3001 in
2868 2946 3196 3019 propinquo
3220 2948 3443 3004 habens
3473 2950 3710 3022 cmlum,

2057 3040 2132 3095 ob
2172 3035 2375 3110 populi
2413 3036 2738 3108 profectum
2765 3035 2884 3090 ait:
2912 3035 3160 3104 Attende,
3206 3038 3422 3105 caelum,
3455 3039 3567 3103 vel,
3598 3039 3706 3094 Au-

2057 3129 2211 3183 ribus
2242 3127 2482 3198 percipe,
2518 3128 2582 3177 ut
2629 3122 2858 3194 reliqui.
2894 3123 3075 3179 Isaias
3124 3130 3341 3196 autem,
3389 3126 3603 3200 populo
3649 3129 3710 3183 in

2060 3214 2311 3288 peccatis
2332 3216 2691 3276 manente,et
2707 3212 2779 3266 ad
2802 3216 3033 3267 terrena
3056 3212 3320 3268 animum
3347 3214 3712 3288 intendente,

289 3311 390 3379 τήν
451 3288 586 3382 γῆν-
617 3306 734 3379 (87)
791 3288 870 3367 εἷς
920 3301 990 3357 τὰ
1043 3302 1158 3356 ὦτα
1221 3299 1348 3364 τοὺς
1422 3301 1622 3378 λόγους
1700 3301 1947 3380 δέχεσθαι

2064 3312 2276 3361 terram
2310 3302 2390 3356 uti
2443 3301 2767 3372 proximam
2823 3300 3066 3356 auribus
3110 3318 3410 3360 sermones
3449 3303 3714 3377 excipere

294 3397 572 3453 ἐπιτάσσει
604 3410 618 3424 ·
704 3394 867 3447 τοῦτο
967 3388 1067 3466 γάρ
1170 3388 1282 3444 ἔστι
1391 3391 1455 3446 τὸ
1556 3390 1899 3462 ὶνωτίζεσθαι
1935 3440 1947 3451 .

289 3489 359 3544 ’Ἡ
406 3484 803 3559 μετωνυμικῶς
863 3477 1091 3552 οὐρανὸν
1154 3478 1248 3551 μὲν
1308 3477 1436 3541 τοὺς
1491 3478 1545 3534 ἐν
1600 3486 1680 3553 τῷ
1739 3481 1953 3557 οὐρανῷ

294 3577 700 3634 κατοικοῦντας·
734 3569 810 3633 ὡς
865 3567 1030 3624 πόλιν
1082 3566 1317 3642 λέγομεν
1360 3567 1488 3631 τοὺς
1539 3569 1590 3624 ἰν
1643 3576 1712 3646 τῇ
1768 3571 1951 3643 πόλει,

299 3664 393 3720 καὶ
438 3669 542 3738 γῆν
584 3657 713 3720 τοὺς
763 3656 815 3712 ἐν
855 3655 993 3730 αὐτῇ
1047 3656 1293 3719 πάντας·
1348 3657 1487 3732 πρὸς
1534 3658 1596 3714 τὸ
1647 3661 1723 3733 μὴ
1775 3659 1949 3717 ιντεῦ.

306 3757 393 3809 θεν
462 3745 921 3825 περιελκυσθῆναι
1000 3747 1148 3819 ἡμᾶς
1231 3741 1452 3823 ῗμψυχα
1528 3748 1772 3822 νομίζειν
1860 3750 1950 3806 τὸν

310 3839 540 3916 οὗρανὸν
569 3835 661 3893 καὶ
683 3837 782 3905 τὴν
815 3841 944 3910 γῆν.
976 3833 1133 3891 Οὕτω
1161 3833 1262 3910 γὰρ
1301 3835 1389 3889 καὶ
1439 3837 1632 3911 θρόνος
1677 3842 1812 3893 Θεοῦ
1862 3838 1941 3894 λι.

305 3949 454 4008 γεται
498 3926 526 3982 ὁ
566 3924 812 4000 οὐρανὸς,
855 3923 916 3977 ἔκ
949 3925 1047 3977 τοῦ
1088 3922 1183 3984 τὰς
1230 3921 1581 4000 ἐπουρανίους
1632 3928 1747 4000 (88)
1796 3924 1952 3982 δυνά-

312 4039 432 4094 μιις
460 4012 672 4092 παγίως
699 4010 751 4068 ἰν
780 4010 971 4073 αὐταῖς
1017 4011 1118 4079 τὴν
1165 4008 1262 4065 τοῦ
1309 4016 1443 4067 Θεοῦ
1489 4018 1686 4089 γνῶσιν
1745 4013 1955 4093 ἐνιδρυ-

313 4107 479 4184 μινην
531 4099 701 4180 ἔχειν.
735 4098 838 4158 Καὶ
892 4102 928 4171 ἡ
975 4105 1070 4175 γῆ,
1105 4097 1426 4174 ὑποπόδιον,
1459 4099 1549 4157 διὰ
1569 4103 1633 4158 τὸ
1687 4103 1818 4167 τοὺς
1868 4106 1957 4161 ἰπὶ

308 4204 414 4274 γῆς
475 4192 794 4271 ἀνθρώπους
842 4189 912 4245 τὰ
954 4187 1239 4245 τελευταῖα
1286 4194 1393 4245 τῶν
1441 4191 1565 4267 περὶ
1600 4196 1734 4248 Θεοῦ
1793 4193 1956 4267 μόλις

309 4285 565 4362 χωρῆσαι
609 4277 887 4337 δύνασθαι.
938 4277 1089 4333 Κατὰ
1130 4281 1293 4332 τοῦτο
1347 4278 1580 4356 εἴρηται·
1616 4283 1781 4359 Ἀνὴρ
1830 4305 1961 4340 παν-

312 4378 512 4449 οὒργος
583 4370 735 4444 (89),
807 4362 994 4443 θρόνος
1057 4365 1394 4438 αἰσθήσεως·
1465 4370 1656 4444 θρόνος
1721 4369 1777 4427 δὲ
1846 4373 1960 4428 ἀτί.

2053 3395 2247 3466 jubet.
2289 3395 2436 3445 Nam
2476 3391 2707 3445 auribus
2753 3391 3034 3461 percipere
3062 3390 3118 3445 id
3171 3397 3361 3448 sonat.
3390 3397 3506 3449 Aut
3536 3398 3718 3450 meto-

2063 3481 2293 3554 nymice
2324 3479 2532 3535 caelum
2582 3477 2822 3548 quidem
2863 3477 3118 3534 dicimus
3150 3480 3278 3535 cceli
3318 3481 3714 3540 habitatores:

2062 3568 2562 3642 quemadmodum
2582 3566 2873 3621 civitatem
2892 3566 3146 3624 civitatis
3162 3568 3403 3639 incolas,
3422 3574 3480 3626 et
3497 3575 3715 3628 terram

2062 3674 2268 3717 omnes
2297 3656 2359 3714 in
2389 3658 2514 3729 ipsa
2534 3660 2966 3712 commorantes
2990 3674 3444 3731 nuncupamus:
3480 3677 3552 3717 ne
3577 3661 3716 3717 inde

2062 3750 2450 3815 adducamur,
2480 3750 2545 3799 ut
2570 3744 2779 3801 caalum
2835 3749 2891 3801 et
2917 3751 3135 3803 terram
3165 3748 3431 3806 animata
3459 3766 3589 3807 esse
3619 3768 3712 3808 ar-

2063 3835 2478 3893 bitremur.Sic
2509 3835 2664 3890 enim
2689 3839 2745 3889 et
2776 3834 2985 3891 caelum
3021 3835 3236 3893 dicitur
3256 3853 3386 3895 esse
3414 3839 3518 3894 Dei
3542 3841 3711 3896 thro-

2065 3944 2199 3995 nus,
2232 3926 2387 3999 quod
2428 3923 2692 3980 caelestes
2722 3923 2833 3979 illae
2873 3925 3118 3981 virtutes
3166 3928 3558 4000 cognitionem
3610 3929 3710 3985 Dei

2066 4015 2314 4073 ﬁrmiter
2342 4014 2400 4069 in
2433 4029 2493 4069 se
2540 4014 2686 4086 ipsis
2718 4012 3071 4069 insidentem
3103 4013 3377 4073 habeant.
3409 4018 3589 4074 Terra
3616 4017 3709 4074 iti-

2066 4109 2196 4162 dem
2222 4103 2439 4159 dicitur
2459 4101 2800 4167 scabellum,
2826 4108 3130 4174 propterea
3150 4106 3306 4176 quod
3325 4106 3618 4175 homines,
3650 4106 3711 4162 in

2066 4200 2221 4250 terra
2252 4193 2550 4264 degentes,
2586 4193 2845 4245 extrema
2892 4206 3020 4262 quae
3052 4193 3123 4248 de
3154 4192 3271 4249 Deo
3303 4194 3715 4265 praedicantur,

2068 4297 2275 4356 capere
2304 4281 2396 4336 vix
2423 4279 2674 4335 valeant.
2713 4279 2936 4334 Dictum
2965 4285 3056 4336 est
3078 4283 3244 4352 juxta
3275 4282 3418 4339 illud
3446 4299 3459 4339 :
3501 4285 3589 4339 Vir
3616 4301 3716 4342 as-

2071 4376 2242 4438 tutus,
2268 4371 2493 4425 thronus
2513 4385 2708 4424 sensus
2732 4369 2778 4402 ⁸²
2802 4385 2816 4435 ;
2838 4368 3088 4424 thronus
3137 4375 3335 4427 autem
3359 4371 3720 4445 ignominiae,

318 4461 471 4537 μίας,
520 4460 658 4536 γυνή
710 4460 945 4531 μισοῦσα
1008 4453 1211 4512 δίκαια.
1262 4458 1466 4533 Ὥσπερ
1513 4458 1602 4513 καὶ
1662 4460 1947 4532 αἷσθήσεω‹

2074 4460 2289 4518 mulier
2303 4459 2436 4515 odio
2470 4458 2695 4514 habens
2713 4459 3019 4530 quasjusta
3041 4463 3725 4525 sunt.Quemadmodum

316 4552 528 4628 θρόνος,
561 4550 590 4604 6
638 4546 956 4616 αἰσθητικὸς
1003 4545 1097 4600 καὶ
1146 4543 1399 4620 ἔμφρων·
1436 4546 1609 4611 οὕτως
1652 4554 1790 4605 Θεοῦ
1839 4551 1965 4629 θρό-

315 4661 432 4709 νος,
479 4640 508 4694 6
552 4637 815 4713 χωρήσας
856 4635 925 4690 τὰ
963 4631 1224 4688 ἀνωτάτω
1272 4634 1396 4709 περὶ
1448 4641 1581 4691 Θεοῦ
1635 4636 1965 4714 διηγήσεως.

315 4731 441 4787 ’Ότι
495 4725 694 4799 Κύριος
757 4721 1018 4793 ἐλάλησε.
1070 4715 1313 4796 Φοϐερὸν
1359 4723 1422 4778 τὸ
1472 4727 1796 4799 παρακούειν
1858 4730 1965 4784 τῶν

313 4821 413 4875 τοῦ
439 4815 574 4872 Θιοῦ
605 4811 786 4889 λόγων
799 4856 813 4870 .

2076 4552 2327 4606 thronus
2354 4564 2565 4603 sensus
2587 4551 2676 4603 est
2699 4546 2801 4613 vir,
2827 4547 2926 4619 qui
2951 4548 3226 4606 cordatus
3242 4556 3333 4606 est
3350 4556 3408 4607 et
3429 4553 3725 4625 prudens:

2076 4641 2159 4695 ita
2190 4639 2293 4694 Dei
2332 4637 2583 4693 thronus
2615 4640 2705 4692 est
2734 4635 2854 4704 ille,
2906 4637 3007 4708 qui
3034 4654 3373 4710 supremam
3405 4642 3729 4697 enarratio-

2079 4745 2214 4785 nem
2245 4728 2316 4783 de
2351 4731 2461 4782 Deo
2493 4726 2755 4783 habitam
2790 4723 3095 4783 intellexit.
3124 4730 3546 4801 QuiaDaminus
3576 4731 3735 4788 locu-

2080 4827 2167 4875 tus
2195 4820 2289 4873 est.
2323 4815 2698 4889 Negligenter
2753 4813 2852 4870 Dei
2909 4831 3213 4874 sermones
3263 4817 3488 4888 audire,
3517 4834 3611 4876 res
3641 4823 3735 4876 est

2082 4906 2478 4963 formidanda.

390 5008 437 5043 7’
466 5006 639 5062 Deut.
666 5003 747 5070 iv,
778 5001 869 5057 26.
945 5000 991 5035 ⁸ο
1020 4999 1187 5055 Deut.
1223 5016 1403 5069 xxxn,
1448 5002 1499 5057 1.
1576 5002 1625 5038 ει
1654 5002 1822 5063 Deut.
1847 5023 2003 5079 xxxx,
2033 5006 2125 5061 28.
2200 5006 2245 5040 δ’
2275 5009 2443 5061 Prov.
2482 5019 2581 5058 xu.
2622 5002 2713 5057 23.

394 5107 506 5179 (84)
547 5101 791 5159 Codices
819 5105 939 5179 tres
985 5114 1106 5154 una
1151 5099 1479 5179 cum_LXX,
1513 5096 1977 5179 διᾳμαρτρρομαι.

325 5170 557 5269 Εςῖὶιὶέιι
581 5182 727 5276 Rgg1
755 5174 982 5276 primgs
1013 5187 1143 5225 cum
1171 5170 1370 5276 Bibliis
1401 5170 1714 5276 Οριὲρξιιξ,
1743 5170 1977 5250 διἀμαρ-

323 5246 596 5322 τόρωμαξ.
629 5240 878 5302 εἱῐᾱῐίῐη
909 5244 1025 5322 duo
1048 5258 1219 5322 m‘sst‘.
1254 5240 1420 5322 λόγος
1444 5240 1669 5322 ἐνθένθε.

399 5314 511 5391 '(85)
544 5320 680 5390 Reg.
713 5317 1006 5377 secundus
1032 5320 1121 5391 _et
1174 5314 1347 5391 Colb.
1388 5319 1621 5391 tertius.
1656 5338 1813 5381 οντος
1844 5321 1981 5375 Tan-

331 5387 503 5465 quam
531 5387 675 5465 Deus
702 5391 774 5445 sit
793 5391 856 5445 in
873 5388 1210 5461 propinquo.
1249 5387 1399 5442 Editi
1427 5405 1561 5446 cum
1586 5394 1819 5448 duobus
1850 5393 1984 5448 aliis

336 5455 508 5527 inse...
533 5455 678 5514 ὄντα.

403 5534 518 5659 (86)
578 5529 755 5615 Editi,
812 5529 867 5582 οἱ
916 5526 1106 5583 λοιποὶ
1166 5528 1513 5602 ὲρμηνευταί.
1550 5534 1665 5591 Vox
1725 5534 1987 5609 ἑρμηνευ-

458 5606 622 5659 deest
646 5620 707 5658 1n
738 5617 883 5657 mss.

332 5626 402 5661 τα

458 5606 622 5661 deest
646 5603 707 5658 in
738 5617 883 5657 mss.

408 5677 523 5750 (87)
582 5674 864 5750 deswuq.
901 5672 999 5739 τὴν
1078 5666 1264 5750 οὖσαν,
1331 5674 1430 5750 τῂν
1505 5681 1628 5749 γῆν.
1686 5681 1853 5734 Forte
1910 5678 1990 5735 le-

338 5738 620 5824 gendum.
670 5738 777 5815 τῆν’
805 5738 1059 5816 σύνεγγυς
1116 5738 1296 5813 οὖσαν,
1326 5738 1427 5816 τήν
1666 5751 1753 5808 vel
1802 5750 1947 5808 delet

2100 5752 2272 5807 Homo
2310 5751 2579 5811 versutus.

666 5878 928 5940 Panos.
980 5873 1094 5936 Ga.
1140 5871 1333 5936 XXX.

2092 5104 2358 5169 articulo,
2392 5100 2650 5177 σύνεγγυς
2682 5096 2850 5177 οὖσαν
2876 5102 2975 5177 τῂν
3008 5108 3131 5177 γῆν.
3166 5109 3316 5161 EDI'r.

2163 5177 2272 5247 (88)
2305 5171 2544 5247 Codices
2568 5171 2715 5247 duo,
2740 5171 3046 5247 οὐρανίους.

2164 5245 2276 5319 (89)
2308 5248 2490 5323 Apud.
2510 5245 2647 5323 LXX
2678 5245 2841 5323 Prov.
2869 5262 2979 5323 xu,
3026 5246 3117 5323 2g,
3158 5263 3287 5323 pro
3330 5249 3636 5323 πανοῦργος
3660 5246 3745 5323 le:

2094 5315 2273 5445 gitur,
2308 5315 2547 5382 συνετός,
2577 5321 2665 5371 vir
2694 5318 3029 5387 intelligens.
3064 5315 3187 5374 Sed
3208 5315 3565 5376 scholiastes'
3588 5318 3746 5391 apud

2146 5392 2412 5445 obilium.
2446 5395 2550 5445 aut
2607 5390 2800 5445 potius
2830 5389 3117 5445 interpres
3148 5391 3411 5445 quidam.
3453 5396 3517 5445 ut
3544 5408 3613 5445 ex
3645 5391 3746 5445 He-

2146 5392 2412 5457 obilium,
2446 5395 2550 5445 aut
2607 5389 3117 5460 potiusinterpres
3148 5391 3411 5457 quidam,
3453 5396 3517 5446 ut
3544 5389 3753 5447 οκῊθ-

2095 5463 2286 5535 xaplis
2315 5459 2750 5536 rliscimus,_hac
2798 5459 2927 5532 ipsa
2953 5477 3096 5536 voce
3128 5461 3430 5536 πανοῦργος
3463 5480 3609 5519 usus
3638 5468 3751 5536 est.

2099 5531 2449 5607 Su'spiratur
2496 5531 2879 5607 doctissimus
2907 5534 2999 5586 vir
3044 5531 3536 5601 Montfau'conius,
3567 5534 3752 5606 Aqui-

2097 5604 2335 5679 lam'eth
2363 5604 2851 5679 Theodotionem‘
2877 5607 2963 5658 sic
3011 5606 3255 5663 vertisse
3306 5607 3587 5679 potuisse,
3620 5604 3757 5662 cum

2100 5692 2218 5753 non
2267 5677 2433 5733 aliter
2483 5674 2765 5753 verterint
2811 5672 2954 5732 Gen.
2990 5691 3077 5744 ιιι,
3138 5679 3186 5734 1.
3249 5672 3496 5753 vulgata
3528 5672 3762 5750 quoque
