4154 6426
369 419 487 480 I39

1310 415 1711 476 APPENDIX
1757 411 2084 474 OPERUM
2131 412 2196 473 S.
2242 413 2528 474 BASILII
2573 413 2846 475 MAGNI.

3681 417 3810 477 110

439 552 527 608 13.
559 551 727 607 Filios
765 551 934 622 genui
948 554 999 605 et
1025 547 1296 619 exultavi,
1315 550 1422 620 ipsi
1449 553 1633 604 autem
1687 554 2026 619 spreverunt

2209 547 2296 602 13.
2360 546 2518 608 Υἱοὺς
2575 544 2823 620 ἐγέννησα
2907 548 2995 602 καὶ
3072 545 3301 621 ὕψώσα,
3359 546 3514 602 αὐτοὶ
3594 545 3652 602 δέ
3739 569 3808 622 με

365 656 474 697 me.
507 640 551 696 Ο
577 641 840 696 studium
867 654 1003 711 erga
1026 639 1292 694 homines
1316 636 1328 692 l
1353 637 1579 709 Allegat
1599 638 1738 709 jura
1770 653 1879 691 sua
1910 635 2025 690 Do-

369 730 590 796 minus,
616 734 681 784 ut
698 734 829 800 post
850 728 1179 784 certissima
1199 731 1568 798 argumenta,
1598 728 1874 782 decernat
1897 740 2026 796 quis

363 820 530 890 justa
559 822 700 874 sunt
756 834 822 872 ac
878 818 1094 872 debita.
1128 818 1297 872 Filios
1351 818 1519 885 genui
1549 819 1600 871 et
1649 816 1912 872 exaltant.
1947 814 2028 867 Ex

373 907 571 964 anima
601 910 658 962 et
711 922 949 976 corpore
991 906 1357 978 compositus
1416 905 1592 960 homo
1624 911 1711 961 est
1743 921 1756 958 :
1792 919 1924 959 caro
1956 918 2027 961 ex

369 1001 547 1067 terra,
581 995 778 1051 anima
807 994 1058 1050 caelestis
1102 994 1352 1050 exsistit.
1383 995 1668 1058 Quoniam
1705 994 1884 1066 igitur
1913 998 2028 1068 ipsi

371 1101 506 1140 cum
538 1089 785 1156 utroque
816 1083 1074 1139 afﬁnitas
1118 1083 1274 1138 inest
1303 1087 1360 1137 et
1404 1083 1691 1154 cognatio,
1736 1100 1930 1140 coram
1955 1086 2028 1142 iis

371 1191 503 1247 quae
535 1173 586 1229 ei
621 1173 878 1228 maxime
923 1172 1161 1245 propria
1208 1175 1368 1242 sunt,
1403 1177 1703 1243 peccatum
1735 1177 2027 1246 coarguit.

367 1265 536 1320 Filios
582 1263 756 1334 genui
816 1271 868 1317 et
936 1262 1205 1316 exaltari.
1260 1261 1664 1318 Generationis
1714 1264 1844 1318 duis
1897 1281 2028 1336 spe-

368 1354 488 1409 cies
520 1356 680 1408 sunt.
711 1350 838 1406 Una
864 1350 1126 1422 quidem,
1151 1367 1278 1421 qua:
1310 1350 1466 1406 378
1491 1350 1663 1405 fuerit
1692 1354 2029 1409 secundum

371 1447 556 1498 Deum
588 1441 798 1507 forma,
856 1455 986 1511 qua:
1035 1455 1104 1494 ex
1154 1440 1455 1510 operibus,
1504 1456 1691 1511 exque
1738 1443 2028 1513 susceptis

373 1532 664 1603 dogmatis
700 1530 1036 1602 perficitur:
1081 1529 1236 1584 hunc
1297 1531 1366 1584 ad
1403 1531 1643 1586 modum
1677 1532 1894 1588 Paulus
1928 1549 2031 1605 per

373 1618 750 1689 Evangelium
769 1619 896 1690 jam
938 1619 1131 1690 lapsos
1181 1619 1433 1688 parturit
1461 1619 1524 1673 ⁸³.
1557 1622 2028 1692 conﬁguratque,

376 1707 623 1779 etipsos
671 1709 744 1764 ad
793 1707 1070 1779 pietatem
1130 1707 1428 1762 reformat.
1465 1709 1569 1763 Est
1619 1715 1815 1765 autem
1847 1711 2031 1766 altera

377 1798 669 1870 quadam,
723 1812 932 1867 nempe
980 1795 1255 1850 introitus
1306 1795 1363 1850 in
1414 1796 1566 1852 hanc
1599 1799 1804 1866 vitam,
1838 1804 1904 1854 ut
1942 1805 2031 1855 est

373 1887 519 1943 illud
544 1903 558 1943 :
589 1888 688 1942 Hic
703 1887 842 1942 liber
865 1885 1236 1956 generationis
1264 1886 1387 1940 caeli
1423 1894 1473 1941 et
1514 1889 1680 1944 terra?
1700 1888 1770 1943 9‘.
1799 1887 2027 1944 Utram-

376 1993 490 2049 que
520 1977 702 2049 igitur
719 1975 1152 2047 generationem
1187 1974 1332 2046 ipsis
1354 1976 1562 2046 objicit
1589 2002 1602 2044 ;
1633 1982 1690 2032 et
1722 1979 2033 2048 exprobrat

375 2067 528 2137 quod
590 2081 658 2120 ex
687 2063 874 2120 nihilo
922 2063 1162 2132 conditi,
1196 2067 1253 2118 et
1284 2065 1353 2118 ad
1390 2065 1486 2120 Dei
1546 2065 1862 2138 imaginem
1899 2068 2032 2122 facti

376 2156 509 2227 (hoc
539 2153 693 2210 enim
735 2158 825 2209 est
853 2154 1079 2225 genitos
1123 2169 1252 2208 esse
1281 2157 1337 2209 et
1384 2154 1711 2226 exaltatos),
1749 2173 1938 2228 neque
1968 2161 2034 2212 ut

375 2244 629 2300 Creatori
669 2258 838 2315 egere
859 2242 1101 2314 gratias,
1135 2258 1326 2314 neque
1357 2246 1421 2297 ut
1451 2244 1599 2314 patri
1643 2245 1872 2300 similes
1902 2261 2032 2301 sese

373 2333 744 2389 exhibuere:
816 2331 914 2386 sed
977 2330 1035 2384 in
1097 2329 1302 2385 vitium
1363 2332 1624 2387 conversi
1684 2339 2033 2404 spreverunt

374 2421 600 2478 Deum:
657 2419 958 2475 diabolum
1008 2435 1142 2474 vero
1203 2424 1424 2490 patrem
1468 2437 1643 2476 suum
1692 2422 2028 2479 effecerunt.

377 2511 579 2568 Omnis
606 2511 755 2565 enim
788 2510 884 2581 qui
926 2511 1062 2580 facit
1113 2518 1422 2580 peccatum,
1460 2514 1530 2564 ἕνα
1560 2511 1782 2566 diabolo
1813 2515 2031 2583 genitus

376 2606 458 2657 est
509 2601 574 2654 ⁸⁵.
627 2600 814 2670 Atque
872 2598 1156 2653 Dominus
1213 2597 1339 2669 ipse
1393 2598 1611 2670 iniquis
1645 2601 1762 2655 ait:
1825 2603 1916 2656 Vos
1963 2619 2034 2658 ea:

373 2697 532 2762 patre
559 2693 731 2746 vestro
779 2688 995 2743 diabolo
1024 2689 1151 2742 estis
1180 2687 1244 2741 ⁵⁸.
1280 2688 1432 2742 Sane
1474 2689 1694 2760 grande
1723 2690 1942 2746 crimen
1978 2698 2035 2747 ct

376 2777 765 2844 insimulatio,
797 2794 930 2833 eum
981 2776 1080 2848 qui
1112 2776 1271 2832 filius
1303 2781 1412 2842 est,
1441 2784 1497 2833 et
1549 2778 1907 2850 corporalem
1944 2797 2032 2836 or-

375 2874 502 2924 tum
533 2871 884 2924 consecutus
925 2869 1033 2932 est,
1064 2864 1358 2935 ingratum
1404 2881 1531 2921 esse
1561 2882 1698 2938 erga
1731 2885 1903 2924 suum
1927 2886 2032 2942 ge-

375 2957 645 3012 nitorem.
678 2957 964 3011 Caaterum
988 2955 1120 3011 odio
1151 2954 1505 3010 intolerabili
1535 2960 1625 3010 est
1657 2956 1892 3029 dignus,
1928 2960 2028 3030 qui

374 3061 563 3118 usque
593 3046 736 3102 adeo
768 3043 1079 3110 exaltatus,
1112 3048 1177 3100 ut
1203 3060 1445 3100 consors
1475 3043 1802 3101 cmlestium
1839 3048 2027 3115 ﬁeret,

371 3152 478 3193 nec
509 3135 594 3191 sic
624 3139 816 3190 tamen
851 3138 1182 3206 perseverat
1216 3134 1275 3188 in
1323 3133 1606 3190 oharitate
1636 3151 1774 3206 erga
1809 3137 2027 3193 beneﬁ-

373 3226 447 3282 cii
478 3225 656 3296 hujus
681 3228 999 3279 auctorem.

443 3314 532 3368 14.
567 3313 737 3368 Vens.
787 3313 842 3366 3.
890 3311 1158 3385 Cognovit
1206 3313 1297 3367 bos
1332 3328 1698 3380 possessorem
1743 3331 1928 3385 suum,
1975 3325 2026 3372 et

374 3403 566 3459 asinus
611 3415 854 3472 praesepe
899 3399 1115 3455 domini
1155 3401 1281 3456 sui:
1331 3402 1502 3456 Israel
1551 3411 1734 3458 autem
1783 3421 1869 3460 me
1915 3420 2028 3460 non

377 3491 648 3561 cognovit,
681 3497 731 3544 et
749 3489 980 3562 populus
1012 3505 1105 3543 me
1129 3505 1238 3544 non
1268 3490 1568 3545 intellexit.
1604 3491 1739 3546 Bovi
1771 3496 1822 3548 et
1858 3494 2027 3549 asino

381 3581 679 3637 confertur
709 3578 806 3633 Dei
858 3581 1242 3646 contemptor.
1278 3578 1765 3650 Quandoquidem
1799 3583 1938 3637 Dum
1968 3586 2027 3638 in

382 3671 584 3727 honore
609 3671 764 3738 esset,
787 3683 899 3723 non
945 3665 1250 3740 intellexit,
1283 3677 1635 3740 comparatus
1665 3675 1740 3725 est
1763 3671 2029 3743 jumentis

381 3758 791 3833 insipientibus,
831 3761 901 3826 et,
934 3757 1140 3812 similis
1169 3759 1350 3826 factus
1378 3767 1458 3813 est
1487 3759 1602 3814 illis
1630 3760 1694 3815 ⁸⁷.
1727 3759 1893 3817 Tales
1924 3778 2028 3817 au-

379 3857 498 3908 tem
531 3852 671 3906 sunt
691 3846 792 3918 qui
825 3862 937 3900 non
965 3845 1210 3914 ratione,
1241 3847 1341 3901 sed
1373 3845 1614 3902 libidine
1646 3849 1822 3903 vitam
1857 3849 2027 3905 insti-

377 3942 575 4006 tuunt,
601 3953 717 4009 pres
755 3933 1096 4006 insipientia
1127 3934 1197 3989 ad
1229 3933 1546 3991 belluinam
1566 3937 1748 3992 vitam
1781 3940 2025 4010 abrepti.

377 4031 508 4087 Jam
542 4043 674 4084 vero
707 4026 764 4080 in
792 4023 1172 4096 exprimenda
1205 4024 1616 4092 similitudine,
1650 4044 1716 4082 ea
1751 4028 2029 4084 animalia

377 4136 507 4192 qua:
537 4133 655 4172 una
676 4131 810 4170 cum
842 4113 1184 4170 hominibus
1211 4114 1577 4184 nutriuntur,
1612 4133 1858 4189 quaequo
1891 4121 2028 4174 nota

376 4213 518 4265 sunt
555 4205 900 4278 assumpsit,
936 4207 996 4258 ut
1027 4204 1251 4275 pudore
1293 4205 1643 4275 efficiamur,
1677 4207 1894 4278 quippe
1926 4207 2026 4278 qui

375 4296 727 4369 simusipsis
753 4299 809 4350 et
839 4293 1302 4365 insipientiorcs,
1326 4298 1382 4349 et
1413 4309 1540 4350 eam
1563 4311 1740 4365 quam
1773 4313 1806 4350 a
1836 4295 2026 4352 brutis

373 4385 773 4444 animantibus
822 4382 1147 4455 accipimus
1192 4381 1677 4452 benevolentiam,
1729 4385 2024 4441 Conditori

2137 632 2425 705 ἠθέτησαν.
2476 641 2537 690 Ὠ
2599 641 2700 704 τῆς
2765 633 3224 712 φιλανθρωπίαςί
3279 633 3720 711 Δικαιολογεῖται
3773 639 3801 692 ὁ

2139 724 2432 794 Δεσπότης,
2461 723 2551 779 ’ἱνα
2587 725 2718 796 μετά
2746 725 2840 786 τὰς
2893 723 3195 797 ἀποδείξεις
3251 726 3502 801 ἐπαγάγῃ
3551 726 3619 781 τὰ
3660 727 3800 800 πρὸς

2140 811 2306 883 ἀξίαν.
2358 812 2516 875 ἶ¹ἱοῦς
2569 813 2824 889 ἐγέννησα
2893 814 2980 869 καὶ
3037 815 3247 888 ὕψωσα.
3311 816 3572 877 Σύνθετος
3631 817 3658 870 ὁ
3707 814 3797 870 ἄν·

2141 913 2358 977 θρωπος
2388 901 2447 956 ἐκ
2485 906 2667 978 ψυχῆς
2696 903 2785 957 καὶ
2818 905 3097 976 σώματος·
3130 907 3164 974 ἡ
3217 905 3343 978 σὰρξ
3395 905 3500 961 ἀπὸ
3545 911 3644 973 τῆς
3694 912 3796 980 γῆς

2142 992 2274 1064 (90),
2305 993 2338 1059 ἡ
2389 992 2542 1066 ψυχὴ
2591 991 2838 1064 οὐρανία.
2873 994 3024 1049 Ἐπεὶ
3075 992 3166 1049 οὖν
3211 992 3347 1065 πρδς
3397 994 3680 1072 ἀμφότερα
3705 993 3799 1048 αὐ-

2137 1084 2217 1150 τῷ
2247 1082 2281 1148 ἡ
2316 1079 2593 1155 συγγένειά
2623 1080 2788 1152 ἐστιν,
2814 1080 2897 1136 ἐπὶ
2932 1088 3040 1137 τῶν
3083 1083 3431 1138 οἰκειοτάτων
3482 1083 3650 1138 αὐτοῦ
3695 1084 3795 1152 τήν

2139 1168 2405 1246 ἁμαρτίαν
2490 1168 2711 1246 ἐλέγχει
2745 1213 2758 1226 .
2836 1173 2994 1234 Υἱοὺς
3072 1171 3325 1248 ἐγέννησα
3399 1172 3487 1228 καὶ
3567 1171 3794 1246 ὕψωσα.

2141 1260 2407 1320 Γενὲσεως
2453 1256 2572 1330 εἷ’δη
2627 1257 2742 1314 δύο.
2777 1262 2838 1316 Ἠ
2893 1261 3011 1333 μὲν,
3049 1263 3082 1329 ἡ
3128 1263 3264 1316 κατᾶ
3303 1261 3432 1316 Θεὸν
3491 1263 3797 1340 μόρφωσις,

2140 1347 2191 1417 ἐξ
2249 1345 2424 1422 ἔργων
2485 1349 2572 1402 καὶ
2627 1346 2956 1424 παραδοχῆς
3007 1347 3301 1424 δογμάτων
3357 1349 3798 1421 έπιτελουμένη”

2141 1437 2217 1500 ὡς
2261 1441 2417 1511 γεννᾷ
2465 1435 2680 1499 Παῦλος
2723 1435 2810 1492 διὰ
2859 1442 2956 1492 τοῦ
2987 1437 3344 1515 Εὐαγγελίου,
3396 1439 3488 1494 καὶ
3533 1439 3664 1502 τοὺς
3715 1438 3802 1495 έκ-

2139 1527 2400 1587 πέσοντας
2440 1523 2646 1598 ὠδίνει,
2694 1527 2784 1581 καὶ
2838 1524 3138 1605 διαμορφοῖ
3182 1525 3544 1583 άναπλάσσων
3599 1527 3798 1590 αὐτοὺς

2140 1615 2217 1677 είς
2246 1609 2542 1670 εὐσέϐειαν·
2583 1617 2618 1684 ἡ
2653 1614 2708 1670 δέ
2737 1616 2820 1678 τίς
2850 1615 3014 1684 ἐστιν,
3051 1619 3086 1686 ἠ
3119 1615 3197 1679 εἷς
3241 1617 3333 1672 τὸν
3388 1617 3508 1692 βίον
3565 1614 3795 1684 εἷ’σοδος,

2142 1704 2216 1766 ὡς
2267 1705 2350 1773 τὸ,
2395 1704 2543 1774 Αὕτη
2600 1707 2634 1774 ἡ
2691 1700 2884 1778 βίϐλος
2925 1707 3184 1780 γενέσεως
3239 1703 3470 1782 οὐρανοῦ
3526 1711 3616 1760 καί
3673 1714 3796 1781 γῆς.

2141 1793 2482 1870 Ἀμφοτέρας
2543 1791 2634 1847 οὖν
2693 1795 2879 1856 αὐτοῖς
2932 1797 3188 1873 προφέρει
3223 1797 3355 1868 (91),
3389 1795 3478 1849 καὶ
3529 1792 3797 1865 ὀνειδίζει,

2141 1881 2226 1937 ὅτι
2275 1882 2334 1936 έκ
2379 1883 2474 1936 τοῦ
2530 1883 2605 1954 μὴ
2653 1879 2807 1944 ὄντος
2858 1882 2935 1947 εἷς
2981 1885 3187 1956 γένεσιν
3221 1883 3500 1959 ἀχθέντες,
3531 1883 3619 1938 καὶ
3678 1885 3798 1939 κατ’

2143 1971 2324 2026 εἷ’κόνα
2357 1975 2490 2025 Θεοῦ
2539 1971 2825 2046 γενόμενοι
2867 1977 3055 2040 (τοῦτο
3101 1972 3201 2048 γάρ
3261 1972 3372 2027 ἐστι
3431 1973 3492 2027 τὸ
3541 1973 3630 2027 καὶ
3677 1995 3795 2047 γεν-

2141 2063 2371 2131 νηθῆναι
2401 2060 2491 2114 καὶ
2553 2061 2884 2135 ὑψωθῆναι),
2919 2060 3040 2115 οὕτε
3072 2062 3146 2123 ὡς
3202 2061 3399 2133 Κτίστῃ
3451 2062 3798 2137 ηὐχαριστή-

2144 2172 2268 2205 σατε
2312 2151 2444 2223 (92),
2480 2146 2601 2204 οὔτε
2659 2151 2734 2212 ὡς
2775 2151 2938 2226 πατρὶ
2996 2150 3214 2212 ἑαυτοὺς
3275 2151 3618 2222 ὡμοιώσατε·
3655 2150 3802 2206 ἀλλὰ

2145 2237 2237 2294 διὸ.
2293 2246 2392 2308 τῆς
2448 2239 2583 2312 πρὸς
2640 2240 2701 2293 τὸ
2759 2245 2945 2314 χεῖρον
2982 2247 3192 2313 τροπῆς
3224 2240 3493 2310 ἠθέτησαν
3556 2241 3649 2312 μὶν
3706 2241 3799 2294 τὸν

2143 2328 2296 2397 Θεὸν,
2330 2328 2535 2402 πατέρα
2592 2325 2650 2382 δὲ
2705 2328 2906 2382 ἑαυτῶν
2965 2327 3226 2398 ἐποίησαν
3260 2331 3373 2401 (93)
3404 2329 3494 2383 τὸν
3539 2323 3800 2383 διάϐολον

2143 2420 2254 2480 Ilii:
2314 2417 2412 2492 γὰρ
2469 2418 2497 2471 ὁ
2556 2421 2730 2471 ποιῶν
2789 2419 2886 2487 τήν
2947 2417 3236 2493 ἁμαρτίαν,
3278 2417 3337 2472 ἐκ
3391 2423 3488 2472 τοῦ
3539 2413 3804 2474 διαϐόλου

2140 2505 2473 2583 γεγέννηται·
2507 2506 2598 2561 καὶ
2625 2507 2651 2561 ὁ
2685 2507 2880 2581 Κύριος
2930 2503 2986 2560 δὲ
3023 2511 3138 2568 τοῖς
3186 2507 3648 2578 πονηρευομένοις
3693 2527 3800 2585 φη-

2143 2617 2225 2650 σιν
2269 2615 2281 2628 ⁵
2339 2601 2518 2668 Ὑμεῖς
2593 2594 2652 2649 έκ
2725 2600 2822 2649 τοῦ
2895 2597 3100 2671 πατρὸς
3170 2596 3322 2668 ὑμῶν
3377 2599 3473 2650 τοῦ
3533 2590 3800 2651 διαϐόλου

2142 2684 2274 2742 ἐστέ.
2312 2684 2538 2760 Μεγάλη
2577 2685 2673 2757 μὶν
2705 2682 2794 2738 οὖν
2841 2685 3169 2759 κατηγορία,
3200 2684 3288 2739 καὶ
3344 2685 3436 2739 τὸν
3500 2685 3615 2739 υἱὸν
3671 2684 3799 2740 ὄντα

2140 2775 2230 2830 καὶ
2282 2781 2381 2843 τῆς
2439 2781 2756 2847 σωματικῆς
2806 2775 3068 2848 γενέσεως
3107 2773 3472 2850 τετυχηκότα,
3504 2773 3795 2847 ἀγνώμονα

2142 2865 2274 2918 εἶναι
2338 2863 2462 2938 περὶ
2526 2863 2618 2917 τὸν
2689 2867 3054 2936 γεννήσαντα·
3117 2862 3397 2939 ἀφορήτου
3470 2859 3527 2916 δὲ
3599 2864 3790 2934 μίσους

2141 2952 2287 3023 ἄξιος
2321 2952 2348 3005 ὁ
2377 2952 2467 3006 καὶ
2514 2950 2746 3024 ὑψωθεὶς
2791 2955 2870 3022 τῷ
2913 2955 3026 3025 (94)
3055 2951 3295 3028 γενέσθαι
3344 2957 3449 3006 τῶν
3521 2952 3789 3026 οὐρανίων

2141 3041 2400 3116 μέτοχος,
2432 3040 2522 3095 καὶ
2571 3039 2709 3114 μηδὲ
2739 3041 2908 3103 οὕτως
2941 3041 3215 3114 ἐπιμένων
3259 3044 3327 3115 τῇ
3373 3041 3508 3117 πρὸς
3557 3041 3650 3096 τὸν
3698 3040 3790 3096 εὐ-

2138 3129 2359 3208 εργέτην
2387 3129 2587 3205 ἀγάπῃ.

2056 3292 2099 3358 C
2210 3311 2294 3367 14.
2342 3310 2515 3383 Ἐγνω
2576 3308 2703 3385 βοῦς
2760 3309 2850 3364 τὸν
2910 3308 3292 3382 κτησάμενον,
3351 3305 3443 3362 καὶ
3511 3303 3636 3373 ὄνος
3688 3311 3789 3379 τήν

2138 3398 2339 3475 φάτνην
2415 3402 2512 3452 τοῦ
2585 3397 2776 3473 κυρίου
2855 3397 3018 3452 αὐτοῦ
3053 3417 3066 3430 ·
3126 3397 3348 3473 Ἰσραήλ
3425 3395 3483 3454 δέ
3560 3419 3624 3470 με
3691 3399 3795 3454 οὐκ

2139 3491 2250 3562 (95)
2284 3483 2442 3564 ἔγνω,
2481 3485 2571 3541 καὶ
2623 3487 2650 3539 ὁ
2698 3483 2832 3548 λαός
2891 3506 2958 3559 με
3015 3485 3075 3540 οὐ
3136 3493 3354 3556 συνῆκε.
3391 3488 3485 3545 Βοί
3537 3486 3622 3540 καὶ
3679 3483 3790 3557 ὄνῳ

2137 3575 2475 3652 συγκρίνεται
2539 3576 2567 3629 ὁ
2616 3574 2881 3644 ἀθετήσας
2929 3574 3081 3630 Θεόν.
3113 3572 3334 3644 Ἐπειδή
3383 3575 3483 3652 γὰρ
3518 3577 3604 3632 Ἐν
3654 3572 3786 3649 τιμῇ

2139 3666 2235 3736 ὣν,
2299 3666 2359 3722 οὐ
2419 3672 2632 3735 συνῆκε,
2693 3659 3154 3738 παρασυνεϐλήθη
3213 3671 3328 3728 τοῖς
3389 3668 3606 3738 κτήνεσι
3675 3670 3791 3726 τοῖς

2138 3758 2409 3828 ἀνοήτοις,
2469 3756 2556 3811 καὶ
2633 3755 2900 3829 ὡμοιώθη
2987 3753 3190 3818 αὐτοῖς.
3249 3759 3501 3810 Τοιοῦτοι
3734 3752 3794 3809 δέ

2141 3847 2272 3902 εἰσιν
2305 3848 2356 3901 οἱ
2394 3847 2468 3919 μὴ
2503 3845 2638 3900 κατὰ
2668 3843 2857 3918 λόγον,
2890 3842 3036 3898 ἀλλά
3078 3845 3216 3899 κατὰ
3260 3845 3428 3909 πάθος
3479 3850 3698 3914 ζῶντες,
3733 3842 3794 3899 ἐκ

2136 3944 2235 4007 τῆς
2283 3935 2509 4010 ἀλογίας
2565 3934 2699 4009 πρὸς
2741 3933 2833 3988 τὸν
2886 3931 3138 4004 κτηνώδη
3205 3935 3323 4009 βίον
3365 3935 3789 4013 ὑποφερόμενοι.

2137 4027 2215 4083 Τὰ
2269 4025 2544 4103 σύντροφα
2591 4021 2648 4078 δὲ
2695 4028 2811 4085 τοῖς
2845 4023 3152 4097 ἀνθρώποις
3207 4023 3294 4078 καὶ
3354 4023 3609 4098 γνώριμα
3652 4024 3794 4096 πρὸς

2134 4118 2232 4186 τὴν
2267 4115 2449 4170 εἰκόνα
2496 4108 2825 4188 παρέλαϐεν,
2853 4110 2944 4165 ’ἱνα
2991 4112 3402 4187 αἰσχυνώμεθα,
3432 4113 3519 4166 καὶ
3578 4113 3791 4167 τούτων

2136 4202 2285 4269 ὄντες
2327 4203 2737 4278 ἀσυνετώτεροι,
2781 4201 2870 4256 καὶ
2919 4199 3058 4273 μηδὲ
3107 4204 3174 4270 ἧς
3224 4202 3370 4276 παρὰ
3411 4206 3518 4255 τῶν
3570 4201 3788 4278 ἀλόγων

2136 4294 2341 4355 εὐνοίας
2397 4291 2757 4368 τυγχάνομεν,
2787 4290 2990 4360 ταύτης
3039 4290 3192 4345 αὐτοὶ
3249 4295 3329 4345 τῶ
3361 4292 3605 4346 κτίσαντι
3637 4293 3792 4364 ἡμᾶς

2140 4381 2534 4459 μεταδιδόντες.
2586 4385 2724 4442 Βοῦς
2788 4380 2881 4452 μὲν
2937 4381 3060 4454 γὰρ,
3113 4381 3140 4434 ὁ
3203 4381 3456 4455 συνεργὸς
3514 4383 3650 4454 ἡμῖν
3712 4381 3794 4443 είς

372 4483 574 4536 nostro
609 4476 722 4548 ipsi
755 4475 1001 4530 minime
1033 4474 1448 4545 rependamus.
1483 4475 1595 4530 Bos
1627 4475 1804 4544 enim,
1839 4477 1937 4548 qui
1964 4479 2022 4532 in

2141 4473 2405 4550 γεωργίαν
2465 4467 2834 4544 παραδοθεὶς,
2889 4470 2978 4523 καὶ
3049 4476 3236 4547 φωνῆς
3321 4473 3417 4524 τοῦ
3493 4470 3791 4548 τρέφοντος

372 4567 530 4642 agris
578 4563 836 4622 colendis
886 4563 1058 4618 nobis
1110 4563 1346 4634 adjutor
1377 4564 1631 4620 traditus
1683 4570 1790 4634 est,
1826 4582 2021 4621 vocem

2141 4561 2547 4627 ἐπαισθάνεται,
2595 4557 2684 4613 καί
2759 4558 2850 4612 τὸν
2913 4559 3158 4628 συνήθως
3211 4557 3354 4629 αὐτῷ
3410 4557 3796 4633 προσφέροντα

369 4656 674 4715 nutritoris
724 4655 815 4710 sui
859 4653 1038 4723 novit,
1091 4669 1346 4724 eumque
1405 4653 1504 4724 qui
1555 4653 1664 4709 sibi
1735 4655 2017 4726 pabulum

2141 4654 2227 4722 τὴν
2259 4652 2464 4727 τροφὴν
2499 4647 2863 4725 ἐπιγινώσκειο
2901 4643 3023 4711 ὄνος
3054 4644 3111 4701 δὶ
3142 4647 3462 4720 αὐτομάτως
3509 4647 3596 4702 ἐπὶ
3655 4647 3792 4710 τοὺς

369 4748 571 4805 afferre
600 4745 766 4815 solet,
795 4744 1080 4815 agnoscit.
1106 4742 1319 4797 Asinus
1343 4746 1539 4798 autem
1562 4751 1769 4816 sponte
1801 4750 2019 4802 natura:

2141 4745 2229 4812 τῆς
2253 4739 2599 4796 καταλύσεως
2632 4739 2878 4806 συνήθεις
2923 4736 3129 4798 τὸπσυς
3187 4737 3350 4812 ὁρμᾷ.
3386 4735 3446 4792 El
3516 4736 3605 4791 οὖν
3665 4742 3794 4800 τοῖς

367 4839 437 4896 ad
471 4839 755 4893 consueta
776 4833 992 4889 stabuli
1018 4831 1109 4887 sui
1133 4831 1260 4886 loca
1278 4831 1537 4889 festinat.
1562 4833 1725 4897 Quod
1758 4834 1807 4890 si
1832 4835 2022 4891 brutis

2141 4833 2357 4907 ΞιΛόγοις
2406 4828 2641 4898 τοσαύτη
2703 4827 2836 4904 πρὸς
2900 4827 2990 4881 τὸν
3071 4824 3510 4898 ἐπιμελούμενον
3563 4828 3597 4895 ἡ
3657 4847 3789 4880 συν-

366 4925 725 4984 animalibus
744 4927 905 4979 tanta
928 4922 1084 4977 inest
1102 4919 1383 4977 habitudo
1412 4938 1542 4977 cum
1573 4940 1680 4978 suo
1700 4924 2017 4996 provisore,

2141 4926 2308 4996 ήθεια,
2342 4919 2505 4976 πόσον
2539 4919 2574 4988 ἠ
2608 4916 2996 4994 λογικὴ⁶φύσις
3024 4921 3125 4984 τῆς
3157 4915 3292 4990 πρὸν
3324 4916 3415 4970 τὸν
3466 4917 3596 4971 Θεὸν
3640 4916 3794 4990 ἀγά-

433 5098 478 5134 ⁸³
505 5098 691 5155 Galat.
726 5113 802 5167 ιν,
836 5095 922 5150 19.
1027 5095 1072 5129 ⁸⁸
1101 5093 1244 5150 Gen.
1277 5110 1333 5163 v,
1367 5095 1390 5150 1
1430 5112 1443 5164 ;
1479 5112 1541 5162 ιι,
1575 5097 1627 5152 4.
1705 5097 1750 5132 ⁸⁵
1779 5103 1803 5152 Ι
1832 5098 2026 5166 ὖοοιι,

2144 5100 2197 5154 8.
2276 5098 2321 5134 ⁸⁵
2349 5101 2520 5152 Joan.
2547 5110 2673 5160 vm,
2696 5093 2786 5147 44.
2861 5092 2904 5127 ⁸⁷
2937 5090 3086 5147 Psal.
3121 5108 3315 5162 xnvm,
3347 5091 3433 5146 13.

433 5267 666 5360 (90)§io
709 5283 853 5322 mss.
880 5270 1152 5360 (ἔμμορε.
1195 5267 1368 5360 Peest
1414 5271 1512 5332 τῆς
1546 5266 1847 5360 immitis...
1880 5268 2010 5360 δέοι

2141 5284 2220 5354 ,ur
2266 5267 2462 5334 verba,
2514 5264 2855 5352 ¹ἠθέτησανᾮ.
2904 5260 3187 5360 έῐπξίηισαν.
3235 5261 3353 5350 H90
3386 5261 3514 5335 ipso
3563 5260 3623 5316 in
3655 5260 3790 5319 loco

359 5334 669 5414 mssfduo
702 5354 834 5414 cum
888 5334 1154 5414 Eusebio,
1189 5334 1470 5414 ἀμφότερα
1503 5337 1850 5414 αὐτὼνηΑΙίὶ
1893 5341 2007 5397 duo

2141 5341 2386 5414 [uirique
2426 5355 2595 5404 mss.,
2627 5341 2887 5409 στροφῆς.
3130 5339 3362 5414 τροπῇς.

358 5431 504 5471 mss.
528 5410 779 5486 perinde
802 5414 976 5486 atque
1006 5409 1182 5486 editi,
1203 5404 1369 5486 αὐτῷ.
1397 5404 1550 5486 Lege
1577 5413 2005 5486 Praefationem.
2137 5404 2157 5414 ⁶
2193 5404 2305 5486 (93)
2328 5412 2421 5486 Sic
2463 5427 2607 5465 mss.
2643 5404 2877 5481 quater.
2920 5407 3096 5477 Editi,
3127 5404 3474 5475 ἐποιήσαντο.
3500 5407 3630 5464 Mox
3656 5405 3781 5462 duo

431 5481 559 5565 (91)
576 5488 713 5565 Reg.
750 5485 978 5565 primus
1011 5490 1066 5537 et
1086 5481 1184 5537 alii
1235 5483 1350 5538 duo
1381 5481 1661 5559 προφέρει.
1696 5485 1846 5540 Editi
1871 5502 2004 5542 cum

2141 5481 2296 5565 negt
2309 5483 2612 5565 γεγένηται.

357 5551 500 5629 Βόεζ.
527 5551 1067 5629 ἰονῐὶὸ,προσφέρει.
1391 5551 1435 5629 _'
1506 5551 1515 5559 ’
1563 5551 1571 5556 ⁷

2188 5551 2301 5628 (94)
2322 5551 2412 5612 Ϊίὲι
2442 5551 2835 5629 mss._quat_or.
2874 5551 3052 5629 Editi,
3074 5552 3193 5629 τοῦ.

427 5622 537 5720 (92)
579 5622 810 5720 Editinet
856 5622 1121 5720 quatuor)
1141 5622 1814 5718 ιῖιεε.,,ηὐχριριστησατεε.
1866 5670 1877 5682 .
1913 5669 1940 5718 ν.
1985 5669 1998 5685 .

355 5697 689 5773 ήμοιώσατε.
717 5701 853 5773 Reg.
880 5697 1223 5773 'secundus,
1256 5697 1736 5773 ηὐχαρίστησαν...
1772 5698 2000 5772 ώμοίωτ

357 5769 469 5831 σαν.
509 5777 573 5830 Ει
605 5769 855 5830 Γοειοεέθ
885 5775 1121 5843 praestat
1152 5771 1234 5827 ita
1255 5769 1374 5843 legi
1395 5769 1467 5828 ob
1489 5788 1557 5829 ea
1579 5789 1706 5845 quae
1738 5769 1997 5844 sequun-

2185 5618 2296 5701 (95)
2333 5628 2510 5693 Editi,
2576 5618 2796 5695 Ἰσραὴλ
2853 5622 2928 5694 μή
2991 5619 3048 5675 δὲ
3105 5618 3261 5698 ἔγνω.
3304 5623 3375 5678 Αι
3423 5639 3569 5678 mss.
3603 5625 3670 5678 ut
3710 5622 3772 5678 in

2112 5706 2405 5757 contextu.

2183 5775 2296 5846 (96)
2327 5773 2418 5829 Sic
2451 5769 2677 5842 aliquot
2705 5784 2849 5824 mss.
2901 5767 2973 5823 At
3018 5767 3157 5822 editi
3178 5770 3423 5822 τοιοῦτο.
