4154 6412
272 439 381 497 Ml

1125 429 1540 493 COMMENT.
1578 429 1659 489 IN
1703 424 1979 488 ISAIAM
2021 423 2534 484 PROPHETAM.
2580 423 2753 484 CAP.
2801 424 2854 484 Ι.

3585 428 3706 491 142

266 589 378 639 πης
421 567 485 622 τὸ
541 566 740 639 μέτρον
789 564 1264 633 ἁπαιτηθήσεταις
1327 561 1636 636 Παρατήρει
1691 555 1784 625 δὲ,
1841 554 1927 610 ὅτι

2047 560 2265 629 quanta
2292 555 2624 611 dilectionis
2661 556 2718 610 in
2769 556 2956 611 Deum
2998 572 3276 612 mensura
3338 559 3703 628 reposcenda

272 659 300 712 6
351 658 478 733 βοῦς
512 653 741 711 πλείονα
781 655 882 722 τὴν
932 651 1136 706 σύνεσιν
1170 646 1318 726 ἔχειν
1367 650 1515 724 παρὰ
1553 648 1646 703 τὸν
1677 645 1801 700 ὅσον
1841 665 1929 718 μεο

277 745 639 821 μαρτύρηται.
689 745 750 801 Ὁ
785 743 880 815 μὲν
928 741 1030 817 γὰρ
1075 741 1235 795 αὐτὸν
1277 735 1414 815 ἔγνω
1445 738 1536 792 τὸν
1586 736 1928 807 κτησάμενον

273 839 406 910 (97),
456 836 484 889 6
539 833 596 888 δὲ
640 833 738 902 τήν
773 832 975 910 φάτνην
1030 829 1216 902 μόνον.
1251 825 1559 890 δεικνύντος
1604 830 1702 880 τοῖ’)
1733 823 1924 900 λόγου,

272 925 356 980 ὅτι
413 924 474 978 τὸ
544 920 944 999 γαστρίμαργον
1007 923 1144 988 ζῶον
1201 917 1292 972 τὸν
1351 923 1452 986 τῆς
1501 912 1706 984 ἡδονῆς
1759 911 1925 984 μόνον

267 1011 520 1090 γνωρίζει
570 1009 758 1081 τόπον,
808 1010 835 1063 6
883 1006 939 1063 δὲ
987 1001 1101 1084 ἔχει
1132 1007 1248 1062 τινὰ
1277 1007 1368 1059 κάὶ
1418 1003 1582 1058 αὐτοῦ
1628 1006 1724 1057 τοῦ
1753 999 1927 1055 καλοῦ

267 1102 357 1158 καὶ
392 1099 676 1179 ὠφελίμου
730 1098 962 1154 σύνεσιν.
998 1096 1193 1171 Διόπερ
1235 1096 1312 1158 ὡς
1361 1093 1638 1153 ἀνοικείως
1688 1090 1923 1165 ἐχόντων

266 1196 375 1247 τῶν
411 1190 562 1259 ζώων
612 1188 748 1260 πρὸς
779 1184 1026 1256 ἄλληλα,
1075 1185 1127 1240 ἑν
1163 1182 1572 1260 Δευτερονομίῳ
1623 1179 1928 1255 ἀπηγόρευ-

265 1301 353 1334 ται
384 1280 497 1352 (98)
540 1277 820 1355 ἀροτριᾷν.
857 1276 944 1332 Ἐν
1006 1275 1201 1348 μόσχῳ
1256 1272 1346 1327 καὶ
1406 1268 1516 1344 ὄνῳ
1548 1259 1637 1324 έπὶ
1680 1270 1742 1323 τὸ
1771 1266 1920 1322 αὐτὰ

262 1369 530 1436 τουτέστι,
588 1367 651 1422 τὸ
708 1369 906 1441 γαῦρον
961 1366 1070 1438 (99)
1117 1370 1216 1432 τῆς
1263 1366 1448 1437 ψυχῆς
1477 1360 1564 1414 καὶ
1598 1357 1922 1436 φιλόπονον,

259 1463 340 1531 τῷ
398 1454 685 1536 φιληδόνῳ
729 1453 820 1509 καί
869 1457 1159 1525 παθητικῷ
1221 1453 1296 1524 μή
1345 1449 1620 1522 συζεύξης.
1693 1447 1766 1502 Οὐ
1822 1445 1922 1520 γὰρ

261 1552 372 1603 τῶν
442 1547 585 1622 βοῶν
647 1543 800 1618 μέλει
846 1547 926 1615 τῷ
981 1547 1095 1614 Θεῷ
1146 1540 1292 1597 ἀλλὰ
1366 1538 1434 1594 δι’
1493 1541 1642 1611 ἡμᾶς
1706 1539 1923 1597 πάντως

265 1635 503 1712 ἐγράφη,
560 1632 854 1708 Ἀλλαχοῦ
913 1628 972 1686 δὲ
1030 1629 1196 1686 πάλιν
1243 1630 1608 1699 συνέζευκται.
1640 1627 1922 1700 Μακάριος

263 1727 368 1801 γὰρ
428 1725 456 1778 ὁ
515 1723 749 1796 σπείρων
805 1721 892 1776 ἐπὶ
943 1725 1047 1774 πᾶν
1107 1717 1280 1794 ὕδωρ,
1341 1716 1402 1773 οὗ
1465 1718 1596 1793 βοῦς
1649 1716 1739 1770 καὶ
1797 1714 1921 1776 ὅνος

264 1817 440 1869 πατεῖ’
502 1811 747 1868 τουτέστι
805 1811 832 1865 6
863 1814 940 1882 τῷ
989 1807 1287 1881 διδακτικῷ
1344 1807 1498 1882 λόγῳ
1548 1805 1610 1861 τό
1659 1826 1718 1859 τε
1769 1803 1925 1866 φιλό-

261 1923 428 1959 πονον
477 1904 577 1971 τῆς
625 1902 809 1977 ψυχῆς
842 1898 1154 1974 ἐπεγείρων,
1208 1898 1298 1952 καὶ
1329 1897 1391 1952 τὸ
1423 1892 1721 1974 φιλήδονον
1750 1894 1921 1963 αὐτῆς

2037 650 2188 701 este
2245 645 2515 700 rationali
2577 645 2838 700 natura?
2895 645 3156 702 Observa
3211 650 3431 713 autem,
3485 648 3695 704 bovem

2030 737 2194 805 juxta
2213 735 2613 790 testimonium
2631 735 2772 790 illud
2799 737 3080 804 majorem
3099 753 3213 807 prae
3244 737 3408 792 asino
3430 738 3696 794 obtinere

2035 824 2509 896 intelligentiam.
2545 823 2646 879 Ille
2675 841 2928 894 namque
2967 826 3161 896 ipsum
3195 826 3355 880 novit
3387 842 3693 897 possesso-

2037 931 2160 970 rem
2188 932 2199 968 :
2237 913 2327 968 hic
2359 930 2493 968 vero
2524 929 2783 984 praesepe
2807 913 3298 969 solum.Ostendit
3321 919 3516 970 autem
3539 915 3690 970 Scri-

2038 1009 2210 1077 ptura
2250 1002 2468 1057 animal
2503 1003 2687 1058 ventri
2734 1003 3069 1075 indulgens,
3130 1003 3322 1059 solum
3375 1020 3692 1076 agnoscere

2035 1092 2355 1164 voluptatis
2377 1091 2715 1147 locum.llos
2739 1107 2870 1146 vero
2893 1092 3211 1162 quamdam
3245 1093 3436 1164 ipsius
3460 1093 3688 1150 honesti

2036 1189 2211 1254 atque
2242 1181 2401 1236 utilis
2457 1180 2634 1235 habet
2687 1181 3101 1252 cognitionem.
3140 1182 3342 1253 Itaque
3408 1188 3689 1254 tanquam

2037 1271 2184 1326 nihil
2214 1271 2370 1325 inter
2399 1287 2456 1325 se
2479 1270 2781 1325 afﬁnitatis
2814 1269 3068 1325 habeant
3089 1271 3215 1325 haec
3238 1271 3686 1340 animalia,veti-

2035 1367 2162 1416 tum
2185 1365 2276 1415 est
2297 1361 2354 1414 in
2377 1359 2827 1415 Denteronomio
2850 1376 3014 1415 arare
3038 1361 3097 1416 In
3116 1362 3245 1415 bove
3269 1368 3320 1416 et
3342 1363 3500 1416 asino
3522 1363 3581 1417 in
3604 1363 3690 1418 id-

2034 1453 2213 1523 ipsum
2244 1450 2288 1485 ⁸⁸
2315 1475 2329 1517 ;
2361 1451 2419 1504 id
2454 1454 2696 1516 est,eam
2729 1449 2908 1503 animi
2933 1453 3176 1520 partem,
3216 1450 3309 1505 cui
3342 1449 3498 1506 inest
3526 1451 3694 1523 vigor

2036 1539 2494 1611 strenuitasque,
2528 1556 2664 1593 cum
2710 1555 2796 1608 ea,
2861 1556 2987 1609 quae
3029 1539 3436 1610 voluptatibus
3495 1543 3554 1595 et
3611 1541 3692 1595 af-

2035 1629 2288 1684 fectibus
2316 1630 2556 1700 gaudet,
2592 1645 2661 1682 ne
2694 1627 3078 1699 copulaveris.
3115 1628 3240 1683 Non
3271 1628 3428 1684 enim
3463 1630 3534 1684 de
3591 1628 3690 1684 bo-

2035 1719 2146 1772 bus
2181 1734 2321 1772 cura
2353 1721 2442 1772 est
2477 1718 2592 1772 Deo
2617 1717 2699 1772 ﬁ9:
2734 1717 2835 1772 sed
2872 1717 3129 1788 profecto
3164 1722 3363 1773 nostra
3396 1734 3574 1773 causa
3629 1717 3688 1772 id

2033 1807 2320 1877 scriptum
2354 1812 2460 1860 est.
2496 1805 2710 1860 Contra
2743 1811 2961 1872 tamen,
3012 1806 3124 1860 alio
3153 1805 3279 1861 loco
3313 1806 3688 1878 copulantur.

2033 1896 2185 1950 288
2210 1898 2405 1950 Beatus
2417 1895 2572 1949 enim
2591 1897 2690 1967 qui
2699 1911 2806 1950 sem
2817 1896 2935 1950 inet
2953 1911 3340 1966 superomnem
3353 1897 3688 1968 aquam,ubi

269 1952 420 1959 """
490 1952 574 1971 ’ἾἽ
636 1952 808 1977 Tib."
847 1952 960 1974 “⁷⁷“ι
1024 1952 1033 1974 ι
1142 1952 1154 1966 ⁷
1435 1952 1444 1974 Ι
1547 1952 1556 1966 l
1877 1952 1916 1963 σ-

263 1990 596 2068 θεραπεόων.
629 1993 833 2065 Ὥσπερ
886 1988 988 2062 γὰρ
1019 1987 1082 2042 τὸ
1134 1991 1271 2056 ζῶον
1322 1984 1718 2061 ἀχθοφορικὸν,
1779 1982 1922 2037 οὕτω

2047 1987 2124 2041 bos
2145 1987 2411 2040 etasinus
2441 1985 2614 2041 calcat
2634 1986 2699 2041 θοι
2731 1985 2840 2040 hoc
2870 1989 2980 2053 est,
3015 1985 3113 2055 qui
3145 2001 3416 2041 sermone
3446 1986 3519 2041 ad
3582 1986 3684 2040 do-

257 2082 353 2137 καὶ
383 2081 445 2134 τὸ
476 2079 869 2152 ἐπιθυμητικὸν
901 2080 1000 2142 τῆς
1030 2079 1216 2152 ψυχῆς
1247 2080 1326 2149 τῷ
1351 2077 1502 2151 βάρει
1525 2080 1624 2144 τῆς
1651 2071 1918 2149 ἁμαρτίας

259 2169 755 2246 καταπεφόρτισται
766 2209 778 2222 .

2031 2074 2280 2129 cendum
2313 2075 2580 2146 apposito
2612 2073 2728 2128 vim
2761 2073 2974 2130 animae
3003 2078 3305 2129 strenuam
3329 2091 3395 2129 ac
3415 2073 3683 2130 laborum

2033 2164 2351 2236 patientem
2384 2162 2725 2232 exsuscitat,
2750 2169 2926 2233 atque
2949 2179 3077 2218 eam
3103 2163 3292 2234 ipsius
3312 2167 3532 2234 partem
3559 2180 3684 2235 quas

264 2259 672 2332 voluptatibus
703 2257 1046 2324 delectatur,
1069 2256 1346 2312 emendat
1377 2271 1442 2310 ac
1473 2254 1725 2310 cohibet.
1759 2253 2266 2317 Quemadmodum
2299 2253 2456 2309 enim
2490 2253 2694 2308 asinus
2726 2251 2945 2308 animal
2971 2253 3384 2325 estgestandis
3408 2253 3686 2308 oneribus

263 2355 492 2416 natum,
529 2347 614 2405 sic
641 2352 697 2403 et
727 2347 811 2402 vis
841 2347 1054 2402 animae
1086 2347 1511 2417 concupiscens
1534 2343 1757 2416 peccati
1789 2342 2046 2414 pondere
2077 2341 2447 2413 deprimitur.

339 2440 422 2494 15.
475 2437 570 2490 Καὶ
627 2435 757 2510 βοῦς
816 2434 910 2507 μὲν
958 2434 1050 2488 τὸν
1099 2433 1440 2505 κτησάμενον
1486 2429 1646 2508 ἔγνω,
1705 2428 1926 2506 Ἰσραὴλ

267 2525 327 2582 δέ
377 2547 443 2599 με
499 2526 572 2599 (1)
646 2523 747 2578 οὐκ
800 2518 937 2600 ἔγνω
983 2523 1077 2577 τὸν
1134 2522 1426 2576 κτίσαντα·
1490 2521 1578 2576 καὶ
1651 2515 1776 2580 ὄνος
1824 2518 1924 2586 τὴν

269 2614 474 2693 φάτνην
527 2617 624 2668 τοῦ
666 2611 856 2688 κυρίου
886 2610 1050 2666 αὐτοῦ
1081 2609 1303 2686 ἐπέγνω,
1365 2607 1588 2685 Ἰσραὴλ
1647 2605 1704 2662 δέ
1755 2628 1825 2693 με
1860 2607 1924 2661 οὗ

271 2692 492 2774 συνῆκε.
551 2701 652 2756 Καὶ
711 2700 898 2778 φάτναι
952 2701 1045 2772 μὲν
1103 2697 1336 2769 πολλαὶ,
1388 2697 1514 2754 ἀλλ’
1555 2697 1766 2771 ὅμωςὸ
1799 2692 1924 2759 ὅνος

269 2799 371 2862 τῆς
409 2795 507 2846 τοῦ
552 2791 888 2862 κεκτημένου
937 2788 1096 2843 αὐτὸν
1126 2789 1330 2866 φάτνης
1364 2787 1462 2842 οὐκ
1490 2785 1921 2865 ἀποσφάλλεται,

269 2879 401 2944 Θεὸς
457 2877 514 2934 δὲ
566 2881 665 2950 εἷς,
723 2878 813 2932 καὶ
843 2878 870 2933 6
903 2877 1175 2951 ἀγνώμων
1211 2873 1344 2939 λαὸς
1386 2876 1473 2931 ἐπὶ
1502 2875 1630 2939 τοὺς
1665 2877 1739 2948 μὴ
1768 2872 1925 2939 ὄντας

267 2968 425 3033 θεοὺς
451 2965 856 3024 ἀποπλανᾶται.
918 2967 1053 3040 Ἐμὲ
1102 2965 1163 3021 οὐ
1220 2973 1436 3035 συνῆκε,
1471 2985 1562 3020 τον
1589 2964 1656 3019 δι’
1690 2964 1922 3040 οὐρανοῦ

262 3057 686 3135 γνωριζόμενον,
752 3055 845 3110 τόν
917 3053 1006 3109 διὰ
1074 3061 1181 3130 γῆς
1235 3055 1325 3108 καὶ
1381 3053 1658 3122 θαλάσσης
1718 3050 1924 3107 δεικνύ-

268 3166 428 3220 μενον
457 3151 554 3217 (2)·
612 3145 703 3200 τὸν
756 3142 845 3198 διὰ
887 3143 1074 3212 ἡλίου,
1124 3143 1214 3196 καὶ
1271 3139 1530 3211 σελήνης,
1567 3141 1657 3195 τὸν
1694 3138 1783 3194 διὰ
1808 3144 1916 3194 τῶν

269 3235 530 3310 ἀστέρων,
579 3233 667 3287 τὸν
721 3230 810 3287 διὰ
855 3230 1036 3301 πάσης
1091 3237 1191 3299 τῆς
1246 3229 1473 3291 κτίσεως
1499 3229 1919 3302 καταμηνυόμε-

269 3344 387 3382 νον.
428 3321 661 3385 Οἶκείως
709 3318 766 3375 δὲ
817 3321 888 3392 τῇ
941 3320 1038 3394 μὲν
1094 3322 1192 3374 τοῦ
1253 3319 1380 3394 βοὸς
1437 3317 1602 3372 εἰκόνι
1634 3319 1662 3372 6
1705 3318 1922 3393 Ἰσραὴλ

269 3409 619 3478 ἀποδέδοται,
652 3414 719 3484 τῇ
763 3407 819 3464 δὲ
864 3413 962 3464 τοῦ
992 3404 1119 3462 ὅνου
1150 3409 1178 3462 6
1209 3405 1400 3469 ἁπλῶς
1434 3405 1588 3469 λαός.
1632 3408 1764 3476 Ὃση
1819 3407 1924 3480 γὰρ

273 3500 366 3576 βοῒ
392 3500 529 3574 πρὸς
565 3494 684 3552 ὄνον
716 3499 750 3566 ἡ
786 3493 1043 3574 διαφορὰ,
1101 3499 1357 3550 τοσοῦτον
1416 3499 1517 3548 τοῦ
1570 3493 1816 3569 Ἰσραὴλ,
1869 3493 1926 3555 ὅς

268 3587 625 3667 ἑρμηνεύεται
658 3587 686 3641 6
716 3587 858 3662 ὁρῶν
891 3585 1041 3657 Θεὸν,
1071 3584 1208 3659 πρὸς
1237 3583 1328 3639 τὸν
1372 3581 1562 3646 ἁπλῶς
1612 3581 1741 3638 λαὸν
1777 3603 1924 3659 χρη-

274 3677 572 3752 ματίζοντα
597 3676 662 3731 τὸ
691 3672 970 3750 διάφορον.

346 3856 433 3910 16.
480 3851 612 3907 Οὗαὶ
666 3849 821 3916 ἔθνος
873 3848 1227 3926 ἁμαρτωλὸν,
1287 3849 1420 3915 λαὸς
1475 3850 1698 3928 πλήρης
1753 3851 1929 3927 ἆμαρ-

272 3947 431 4013 τιῶν,
501 3941 716 4016 σπέρμα
781 3941 1044 4014 πονηρὸν,
1118 3942 1226 3995 υἱοὶ
1304 3941 1540 4014 ἄνομοιί
1601 3944 1792 4004 Ἓθνος
1841 3942 1930 3996 καὶ

278 4031 410 4094 λαὸς
473 4028 767 4105 πολλαχοῦ
827 4027 1264 4104 συνεζευγμένως
1325 4028 1560 4105 λέγεται·
1613 4031 1687 4094 ὡς
1737 4032 1798 4085 τὸ
1834 4034 1931 4105 (3).

274 4123 362 4178 Ἐν
424 4119 624 4192 πολλῷ
681 4118 844 4191 ἔθνει,
902 4115 1029 4189 δόξα
1099 4117 1402 4196 βασιλέως·
1465 4118 1517 4174 ἐν
1579 4117 1636 4174 δὲ
1693 4119 1933 4194 ἐκλείψει

279 4208 441 4279 λαοῦ,
503 4204 762 4284 συντριϐἠ
823 4206 1101 4263 δυνάστου·
1160 4208 1251 4262 καὶ
1305 4208 1399 4279 τὸ,
1457 4211 1574 4263 Ἵνα
1625 4208 1678 4264 τί
1736 4208 1932 4284 ἐφρύα-

279 4299 368 4369 ξαν
446 4294 598 4368 ἔθνη,
673 4297 764 4352 καὶ
835 4294 960 4351 λαοὶ
1020 4295 1352 4370 ἐμελέτησαν
1431 4296 1594 4369 κενάς
1672 4299 1809 4353 Νυνὶ
1879 4297 1937 4354 δὶ

281 4387 388 4442 ἀπὸ
442 4391 538 4442 τοῦ
599 4381 748 4451 ἔθνος
807 4387 941 4442 εἶναι
992 4385 1319 4462 ἁμαρτωλὸν
1349 4386 1662 4463 ἀρξάμενοι,
1694 4387 1829 4443 κατᾶ
1861 4392 1934 4462 (4)

2111 2432 2196 2487 15.
2231 2432 2558 2504 thuidem
2590 2432 2696 2487 bos
2728 2449 2903 2487 suum
2945 2448 3341 2504 possessorem
3380 2432 3685 2504 cognovit;

2038 2520 2216 2576 Israel
2249 2527 2442 2576 autem
2475 2537 2590 2576 non
2623 2521 2896 2593 cognovit
2927 2538 3040 2591 me,
3087 2521 3186 2593 qui
3236 2523 3367 2593 ejus
3423 2521 3690 2577 conditor

2036 2617 2272 2679 sum;et
2303 2611 2505 2665 asinus
2538 2627 2796 2682 praesepe
2827 2611 3084 2681 agnovit,
3119 2611 3210 2666 sui
3231 2609 3455 2666 domini
3476 2629 3488 2679 ;
3509 2609 3687 2666 Israel

2035 2705 2229 2756 autem
2265 2716 2357 2755 me
2389 2716 2503 2755 non
2536 2699 2840 2755 intellexit.
2860 2703 3046 2772 Atque
3070 2700 3258 2756 multa
3283 2701 3518 2772 quidem
3547 2716 3689 2772 prai-

2036 2790 2200 2862 sepia
2232 2795 2389 2859 sunt,
2423 2807 2529 2844 nec
2554 2795 2749 2844 tamen
2809 2789 3012 2845 asinus
3069 2807 3102 2845 a
3162 2789 3253 2845 sui
3325 2789 3685 2861 possessoris

2036 2880 2280 2950 praesepi
2314 2879 2565 2933 aberrat.
2600 2879 2711 2933 Sed
2745 2878 2881 2932 licet
2905 2895 3059 2933 unus
3118 2878 3195 2933 sit
3257 2879 3426 2947 Deus,
3487 2886 3682 2934 tamen

2034 2967 2290 3039 populus
2316 2967 2738 3021 beneﬁciorum
2772 2967 3088 3022 immemor
3120 2974 3247 3038 post
3277 2983 3400 3035 eos,
3429 2967 3530 3038 qui
3564 2983 3682 3022 non

2033 3060 2173 3110 sunt
2203 3055 2306 3123 dii,
2331 3057 2580 3110 deerrat.
2615 3056 2696 3109 Ille
2727 3071 2836 3110 non
2867 3057 3170 3126 intellexit,
3233 3072 3407 3127 quem
3467 3055 3679 3110 ccelum

2033 3148 2473 3211 commonstrat,
2508 3160 2682 3214 quem
2715 3147 2870 3198 terra
2900 3149 2957 3198 et
2990 3161 3148 3200 mare
3179 3144 3682 3216 declarant,quem

2035 3231 2123 3288 sol
2149 3238 2207 3287 et
2234 3232 2393 3299 luna,
2423 3231 2606 3287 stellis
2629 3237 2684 3287 et
2734 3249 2938 3287 omnes
2997 3249 3089 3287 res
3133 3238 3340 3288 creatis
3397 3234 3684 3289 indicant.

2036 3325 2212 3376 Porro
2243 3321 2418 3377 Israel
2456 3325 2520 3375 ut
2549 3322 2963 3376 convenienter
2995 3339 3096 3393 per
3153 3323 3316 3378 bovis
3349 3322 3691 3378 similitudi-

2037 3427 2170 3466 nem
2191 3411 2555 3482 exprimitur,
2583 3410 2662 3465 ita
2680 3427 2782 3482 per
2802 3409 2952 3465 asini
2981 3411 3480 3482 comparationem
3543 3412 3686 3468 sim-

2039 3501 2169 3571 plex
2200 3500 2476 3572 populus.
2510 3501 2740 3564 Quanta
2772 3511 2909 3571 ergo
2943 3499 3095 3555 inter
3123 3500 3357 3557 asinum
3391 3507 3449 3556 et
3479 3501 3689 3557 bovem

2039 3589 2371 3644 dill'erentia
2391 3594 2503 3656 est,
2527 3593 2691 3643 tanta
2726 3589 3032 3644 intercedit
3062 3589 3488 3645 dissimilitudo
3542 3590 3698 3646 inter

2038 3677 2336 3745 Esraelem,
2373 3679 2472 3748 qui
2515 3678 2688 3732 Deum
2723 3679 2918 3733 videns
2945 3677 3385 3751 interpretatur,
3413 3685 3471 3735 et
3514 3695 3698 3752 popu-

2041 3768 2164 3823 lum
2199 3765 2548 3838 simpliciter
2579 3771 3013 3837 nuncupatum.

2113 3857 2199 3911 16.
2231 3855 2412 3910 Vens.
2446 3856 2498 3909 4.
2537 3859 2640 3913 μω
2691 3857 2846 3927 genti
2897 3858 3222 3928 peccatriei,
3277 3857 3480 3930 populo
3530 3859 3696 3931 pleno

2039 3946 2297 4016 peccatis,
2329 3946 2552 4011 semini,
2585 3961 2822 4016 nequam
2850 3946 2990 4015 ﬁliis
3032 3948 3320 4002 sceleratis
3355 3947 3367 4000 l
3427 3947 3582 4003 Gens
3640 3951 3699 4003 et

2045 4033 2297 4107 populus
2330 4033 2673 4104 plerumque
2703 4035 3066 4105 conjunctim
3103 4036 3403 4105 dicuntur,
3439 4041 3578 4108 puta
3612 4039 3695 4092 :ln

2042 4128 2202 4194 gente
2229 4125 2408 4178 multa
2460 4126 2641 4192 gloria
2673 4125 2854 4188 regis:
2890 4126 2950 4179 in
2983 4125 3194 4195 defectu
3235 4136 3422 4181 (uitem
3479 4127 3694 4198 populi,

2044 4214 2302 4268 contritio
2331 4213 2604 4284 principis
2626 4214 2691 4267 οι.
2729 4213 2872 4268 ltem
2907 4212 3051 4269 illud
3087 4231 3099 4269 :
3135 4215 3316 4282 Quare
3352 4217 3701 4286 fremuerunt

2046 4305 2234 4372 gentes
2265 4305 2316 4356 et
2340 4303 2536 4373 populi
2566 4302 2821 4356 meditati
2845 4307 2974 4357 sunt
2997 4303 3199 4358 inania
3220 4303 3297 4358 9"?
3319 4303 3483 4360 Nunc
3503 4308 3699 4360 autem

2052 4409 2183 4446 cum
2219 4391 2617 4462 cmperitgcns
2643 4407 2772 4446 esse
2803 4391 3115 4462 peccatrix,
3169 4397 3409 4463 propter
3466 4391 3704 4448 sceleris

279 4477 381 4544 τὴν
437 4474 488 4531 ἐν
548 4474 788 4548 πονηρίᾳ
841 4472 1065 4546 αὔξησιν
1121 4475 1360 4552 γίνονται
1403 4474 1535 4539 λαὸς
1567 4476 1789 4555 πλήρης
1821 4479 1929 4534 ἀνο-

2050 4496 2426 4554 progressum
2459 4479 2714 4552 populus
2735 4480 3117 4551 iniquitatum
3140 4481 3350 4554 plenus
3369 4487 3702 4550 evaserunt;

284 4570 449 4640 μιῶν,
507 4565 598 4620 καὶ
657 4565 764 4620 ἀπὸ
815 4569 910 4620 τοῦ
962 4565 1179 4642 σπέρμα
1238 4567 1479 4642 πονηρὸν
1533 4567 1688 4638 εἶναι,
1732 4567 1818 4623 ἰπὶ
1874 4570 1938 4624 τὸ

2048 4576 2105 4627 et
2134 4571 2234 4642 qui
2270 4574 2402 4624 ante
2436 4572 2666 4625 fuerant
2695 4586 2898 4625 semen
2926 4587 3203 4642 nequam,
3230 4571 3333 4626 ﬁlii
3365 4571 3553 4643 iniqui
3577 4573 3704 4644 jam

354 4740 399 4776 ⁸⁸
428 4739 599 4795 Dent.
632 4755 771 4804 xxu,
805 4740 891 4795 10.
923 4741 969 4774 ⁸ο
1001 4740 1022 4795 Ι
1052 4739 1180 4796 Cor.
1216 4756 1292 4809 1x,
1324 4741 1378 4794 9.
1412 4741 1456 4776 9°
1486 4741 1596 4796 Isa.
1627 4759 1802 4809 χχχιι,
1833 4744 1922 4798 20.

2047 4745 2199 4799 Prov.
2236 4760 2348 4813 xw,
2371 4744 2461 4798 28.
2494 4743 2540 4778 ⁹²
2577 4741 2726 4798 Psal.
2761 4759 2827 4808 II,
2856 4744 2906 4797 1.

353 4911 464 4982 (97)
497 4911 636 4983 Reg.
659 4911 976 4980 secundus,
998 4911 1290 4983 κτήσαντα.

356 4981 470 5074 (98)
501 4981 888 5074 ΞὶοῖωεεξμΑι
944 4983 1108 5050 editi,
1171 4981 1222 5035 έν
1280 4981 1664 5058 Δευτερονόμῳ
1723 4985 1941 5059 ἀπηγο-

288 5060 521 5129 ρεύεται,
555 5060 849 5129 corrupte.

357 5126 472 5199 (99)
504 5128 598 5182 Ait
626 5125 1068 5184 eruditissimus
1097 5125 1188 5199 vir
1219 5125 1462 5199 Duczeus
1496 5127 1711 5199 legisse
1772 5145 1833 5184 se
1882 5126 1942 5182 in

284 5195 593 5272 aliquibns
621 5217 764 5256 mss.
798 5203 856 5254 et
894 5199 1048 5269 apud
1101 5197 1475 5272 Procopium,
1534 5195 1768 5272 ἐνεργόν.
1829 5201 1940 5255 Sed

284 5217 589 5268 aliquibus
621 5217 764 5256 mss.
798 5217 856 5254 οι
894 5217 1048 5269 apud
1101 5217 1475 5271 rrocopium,
1534 5217 1612 5252 ενε
1651 5217 1768 5272 γον.
1829 5217 1940 5255 seu

283 5269 696 5340 Combeﬁsius,
731 5272 903 5326 homo
938 5286 1052 5325 non
1089 5271 1219 5340 plus
1244 5272 1408 5340 justo
1442 5217 1742 5340 creduius,
1775 5288 1842 5327 ea
1873 5273 1946 5328 de

283 5357 353 5428 re
379 5341 1070 5428 dubitarevideturﬁum
1097 5342 1205 5428 hoc
1230 5341 1355 5398 loco
1383 5344 1464 5428 ita
1493 5343 1945 5428 scripsith'vspT

285 5413 386 5486 γόν
423 5417 592 5484 putat
620 5414 762 5472 Duc.
793 5431 856 5470 se
887 5413 1122 5486 legisse,
1177 5414 1302 5470 loco
1354 5419 1474 5486 τοῦ,
1523 5413 1744 5490 γαῦρον.
1805 5413 1948 5472 Utut

286 5485 414 5539 haec
441 5491 605 5551 sunt,
638 5485 724 5540 illi
757 5486 869 5558 ipsi
902 5487 1130 5558 codices
1168 5487 1502 5558 Regii,quos
1535 5488 1782 5544 contulit
1830 5489 1943 5543 Du-

285 5573 732 5632 caeus,q_uorum
764 5557 993 5632 primus
1054 5557 1164 5612 fuit
1209 5557 1503 5616 Francisci
1545 5561 1742 5632 primi,
1801 5560 1948 5616 alter

289 5628 527 5685 Henrici
558 5628 824 5695 secundi,
857 5633 1196 5685 constanter
1226 5647 1360 5686 cum
1393 5632 1524 5689 aliis
1545 5628 1751 5688 tribus
1799 5649 1943 5688 mss.

291 5705 350 5778 et
376 5717 510 5759 cum
529 5703 703 5778 editis
726 5702 970 5778 habent,
990 5704 1210 5778 γοῷρον.
1227 5705 1364 5778 Seio
1395 5705 1634 5778 quidem
1658 5703 1772 5777 legi
1791 5705 1948 5778 apud

300 5721 350 5758 et
376 5721 510 5759 cum
529 5721 703 5760 cuius
726 5721 970 5770 nauem,
990 5721 1210 5830 ⁵ςιυρον.
1237 5721 1364 5760 Seio
1395 5721 1634 5778 quidem
1658 5721 1772 5777 legi
1791 5721 1947 5776 apud

300 5775 673 5850 Procopium,
702 5792 837 5849 pag.
861 5773 950 5844 10,
972 5793 1000 5828 τ
1065 5770 1279 5851 ἐνεργὸν
1310 5781 1411 5848 τῆς
1439 5779 1648 5854 ψυχῆς,
1682 5793 1787 5834 nec
1835 5777 1947 5833 dif-

2049 4917 2214 4972 ﬁteor
2246 4932 2374 4971 eam
2405 4915 2718 4972 lectionem
2751 4914 2934 4970 altera
2958 4915 3101 4971 mihi
3134 4915 3315 4972 videri
3340 4919 3702 4988 praestantio-

2054 5005 2174 5043 rem
2213 5005 2224 5043 :
2259 4988 2358 5043 sed
2391 4994 2595 5043 contra
2627 4988 3030 5043 auctoritatem
3070 4994 3403 5044 nostrorum
3438 5006 3581 5046 mss.
3642 4995 3701 5046 et

2053 5061 2343 5115 editorum
2372 5061 2700 5132 quidquam
2727 5061 3041 5132 immutare
3072 5077 3254 5118 ausus
3285 5079 3400 5117 non
3432 5078 3586 5117 sum.

2127 5133 2201 5202 (1)
2237 5133 2318 5187 [ta
2349 5131 2493 5187 mss.
2529 5131 2870 5204 nonpauci.
2900 5131 3176 5204 Deestpa
3225 5133 3282 5187 in
3315 5133 3506 5190 editis.
3571 5133 3705 5188 Mox

2055 5199 2192 5272 Reg;
2227 5205 2548 5269 secundus,
2581 5199 3042 5277 éaéifvm,6)ia6q
3220 5205 3488 5277 Subinde
3537 5206 3708 5277 quin-

2057 5291 2167 5347 que
2190 5293 2360 5341 mss.,
2391 5274 2749 5348 κεκτημένου.
2784 5275 2961 5342 Editi,
2989 5275 3353 5345 κτησαμένου.

2126 5348 2202 5418 (2)
2237 5348 2408 5414 Editi,
2445 5343 2840 5418 δεικνυόμενον.
2874 5350 3126 5420 ΑΙὶΗΠἸΒΒ.
3171 5343 3446 5420 quinque
3506 5343 3712 5401 δεικνύ-

2059 5415 2241 5489 μενον.
2278 5421 2410 5491 Mox
2438 5427 2558 5475 tres
2591 5415 2759 5486 mss,
2789 5421 2894 5470 τῶν
2954 5415 3180 5491 ἄστρων.
3202 5415 3217 5419 “
3246 5415 3366 5474 Alii
3408 5421 3525 5476 duo
3571 5437 3707 5476 cum

2056 5488 2250 5547 editis‘
2275 5488 2532 5565 ἀστέρων.

2151 5565 2205 5635 3)
2233 5565 2329 5620 Sic
2361 5560 2501 5619 mss.
2537 5563 2814 5635 quinque.
2848 5561 3025 5628 Editi,
3059 5560 3135 5622 ὡς
3167 5560 3216 5615 ἐν
3248 5565 3353 5632 τῷ.

2151 5566 2183 5617 3
2233 5565 2329 5620 Sic
2361 5581 2501 5619 mss.
2537 5565 2814 5635 quinque.
2848 5565 3025 5628 Editi,
3059 5565 3135 5622 ὡς
3167 5565 3216 5615 ἐν
3248 5565 3353 5632 τῷ.

2127 5565 2205 5708 illi
2239 5637 2376 5708 Reg.
2410 5635 2640 5708 tertius,
2679 5632 2835 5708 μετά,
2894 5637 3013 5706 post
3044 5636 3465 5704 incrementum,
3489 5633 3701 5692 Statim

2057 5703 2378 5776 tres'mss‘Z,
2413 5705 2636 5780 πλήρης
2668 5703 2914 5780 ἀνομίας.
