4154 6466
375 431 494 493 με

1313 423 1713 486 APPENDIX
1757 419 2093 484 OPEBUM
2136 420 2203 481 S.
2247 419 2533 482 BASIL"
2575 420 2856 484 MAGNI.

3673 417 3796 477 ηε

368 561 507 621 facti
529 564 688 618 sunt.
721 558 795 615 Ut
824 557 985 615 enim
1015 557 1117 629 qui
1143 555 1287 612 ﬁtin
1316 556 1532 611 virtute
1563 568 1942 627 progressus,
1992 569 2016 607 a

2136 548 2382 627 γενέσθαι
2431 552 2540 607 υἱοὶ
2597 548 2813 625 ἄνομοι.
2865 552 2954 615 Ὦς
3004 549 3108 627 γὰρ
3136 552 3170 621 η
3201 549 3321 605 κατ’
3351 547 3546 624 ἀρετὴν
3577 567 3789 623 προκο-

369 650 703 709 minoribus
732 649 805 704 ad
838 647 1066 718 majora
1094 645 1249 717 capit
1270 646 1698 701 incrementum
1718 659 1732 709 ;
1752 642 1832 698 ita
1856 640 2022 697 mali-

368 743 467 799 tia
495 738 728 805 eﬂ'usio,
762 741 999 809 sumpto
1031 753 1066 791 a
1095 734 1426 790 minoribus
1468 733 1658 801 initio,
1693 733 1763 787 ad
1798 730 2021 801 aliquid

369 826 804 887 immedicabile
825 824 1171 881 devolvitur.
1195 824 1373 879 Porro
1397 838 1599 878 semen
1617 822 1771 877 inter
1794 826 1851 875 et
1871 820 2023 875 ﬁlios

369 921 529 975 inest
556 916 733 973 etiam
765 914 1090 971 secundum
1121 913 1314 984 ipsam
1350 916 1622 967 naturam
1647 910 1916 981 cognatio
1937 910 2023 964 in-

375 1024 520 1082 gens
547 1010 607 1063 et
636 1002 1061 1061 convenientia.
1097 1006 1141 1054 A
1173 1002 1395 1057 semine
1414 1001 1570 1056 enim
1604 1000 1675 1054 ad
1737 1000 1845 1055 hoc
1890 1015 2018 1071 pro-

374 1097 639 1169 greditur
661 1097 897 1158 natura,
926 1096 995 1146 ut
1023 1095 1378 1162 generentur
1407 1089 1531 1143 filii.
1582 1089 1696 1144 Nec
1743 1088 1802 1143 id
1849 1089 2020 1144 modo

375 1185 703 1242 secundum
734 1180 1169 1255 "generationes
1218 1193 1571 1250 corporeae:
1622 1178 1722 1232 sed
1758 1182 1816 1232 et
1853 1178 2024 1247 juxta

375 1275 583 1331 animae
613 1286 978 1344 processum,
1011 1268 1113 1341 qui
1143 1284 1247 1340 per
1272 1267 1545 1323 doctrinae
1578 1267 1808 1322 semina
1836 1267 2022 1322 effici-

372 1367 472 1420 tur
502 1381 516 1431 ;
549 1359 1030 1432 quandoquidem
1052 1357 1153 1430 qui
1183 1357 1511 1412 doctrinam
1537 1372 1908 1427 excepere,eo
1929 1374 2023 1412 us-

374 1469 489 1526 que
518 1451 857 1524 proﬁciunt,
889 1452 956 1503 ut
985 1447 1326 1503 doctoribus
1345 1445 1472 1502 suis
1495 1445 1638 1499 ﬁant
1658 1445 2019 1502 consimiles.

372 1540 676 1597 Etidcirco
707 1537 807 1592 ﬁlii
860 1535 1250 1609 appellantur,
1311 1535 1432 1589 sive
1491 1534 1597 1588 ﬁlii
1645 1538 1830 1607 regni,
1884 1551 2018 1591 cum

372 1627 636 1701 suscepti
681 1625 1041 1683 salutaribus
1090 1624 1442 1690 seminibus,
1471 1640 1575 1695 per
1602 1640 1670 1679 ea
1700 1625 2021 1696 perficiun-

370 1723 505 1786 tur;
539 1720 642 1773 aut
669 1716 948 1788 gehennts
976 1712 1105 1782 filii,
1138 1712 1189 1768 si
1221 1712 1295 1767 ob
1327 1728 1658 1783 perversam
1691 1718 1747 1767 et
1801 1713 2021 1785 impro-

373 1809 511 1864 bam
542 1805 868 1862 doctrinam
897 1801 1209 1875 perditioni
1241 1801 1629 1857 destinantur.
1679 1802 1885 1875 Magna
1916 1820 2021 1860 au-

375 1901 497 1952 tem
522 1892 859 1966 objurgatio
888 1895 1001 1959 est,
1034 1894 1219 1991 totam
1246 1893 1481 1991 gentem
1511 1889 1704 1990 vocari
1739 1893 2018 1962 peccatri-
2052 1925 2099 1991 B

375 2001 527 2052 cem,
564 1998 631 2039 ac
660 1982 711 2038 ei
731 1997 806 2038 ne
844 1997 1001 2036 unus
1025 1980 1266 2051 quidem
1297 1979 1356 2035 in
1387 1978 1520 2050 ipsa
1546 1978 1847 2052 quidpiam
1882 1981 2021 2037 recti

376 2072 570 2145 operis
586 2074 878 2144 patraret:
904 2069 1071 2135 item,
1096 2084 1231 2123 cum
1250 2068 1507 2140 populus
1531 2068 1788 2139 peccatis
1815 2070 2023 2140 plenus

374 2161 611 2229 dicitur,
637 2158 809 2231 quasi
846 2157 1077 2213 nullum
1109 2173 1223 2211 non
1256 2172 1445 2229 genus
1475 2156 1809 2228 iniquitatis
1840 2162 1897 2213 et
1924 2160 2023 2214 ﬂa-

373 2250 501 2324 gitii
526 2250 599 2306 ab
629 2249 759 2322 ipso
791 2250 1148 2304 exerceatur.
1182 2246 1325 2301 adeo
1374 2250 1442 2300 ut
1491 2245 1667 2301 etiam
1715 2247 1845 2317 ipsa
1883 2248 2025 2305 vitia

372 2356 574 2397 secum
605 2337 930 2411 pugnantia
959 2340 1018 2392 et
1047 2333 1758 2398 contrariainveniantur,
1792 2353 1895 2392 ceu
1929 2338 2021 2393 di-

372 2433 535 2485 ctum
559 2432 653 2484 est
679 2443 692 2483 :
722 2427 971 2498 chletos
1028 2427 1185 2480 omni
1240 2425 1549 2496 iniquitate
1603 2424 1666 2479 9°.
1709 2426 1778 2479 Et
1829 2424 2017 2482 illud:

368 2517 625 2576 Nondum
700 2517 850 2573 enim
895 2515 1161 2586 completa
1205 2519 1335 2569 sunt
1372 2517 1603 2583 peccata
1668 2514 2020 2571 Amori-haza-

372 2623 502 2663 rum
529 2607 596 2662 ⁹⁴.
622 2604 771 2673 Quin
804 2604 982 2661 etiam
1014 2604 1085 2660 ab
1113 2604 1245 2675 ipso
1275 2602 1575 2658 Salvatore
1608 2603 1827 2659 dictum
1889 2610 2017 2660 est:

372 2697 438 2753 Et
464 2712 558 2753 vos
595 2695 816 2767 implete
842 2709 1162 2749 mensuram
1189 2700 1414 2763 patrum
1443 2695 1748 2747 vestrorum
1767 2693 1831 2749 9‘.

444 2785 599 2842 889
631 2785 718 2839 17.
750 2783 964 2841 Semini
990 2798 1247 2853 nsquam.
1278 2781 1601 2848 Zizanium,
1626 2783 1782 2853 quod
1814 2783 1886 2839 ab
1917 2784 2025 2839 ini-

373 2875 528 2931 mico
557 2873 797 2930 homine
827 2887 972 2944 puro
1018 2870 1311 2927 frumento
1342 2870 1684 2941 inspersum
1739 2876 1849 2942 est,
1892 2874 2020 2944 jam

371 2963 642 3020 adultum
674 2960 834 3017 ﬁlius
866 2960 1110 3032 iniquus
1130 2958 1336 3025 evasit,
1369 2974 1506 3014 cum
1538 2958 1696 3015 filius
1718 2960 1797 3015 sit
1828 2962 2020 3032 perdi-

370 3053 572 3123 tionis,
603 3051 879 3123 ﬂliusque
908 3048 1205 3120 gehennw.
1232 3050 1598 3120 Quapropter
1625 3053 1681 3104 et
1709 3050 2023 3107 commise-

371 3140 598 3196 ratione
629 3137 791 3211 digni
823 3140 986 3206 sunt,
1015 3134 1117 3207 qui
1145 3152 1279 3191 cum
1310 3141 1514 3192 essent
1550 3135 1655 3191 filii
1711 3138 2019 3209 Altissimi,

368 3228 507 3286 facti
539 3232 682 3284 sunt
711 3226 818 3281 filii
849 3224 1034 3296 iniqui
1068 3242 1082 3294 ;
1115 3226 1337 3297 quique
1366 3241 1499 3281 cum
1533 3225 1593 3281 in
1639 3229 2020 3299 generatione

368 3316 559 3390 magis
587 3315 785 3371 divina
814 3294 1054 3370 manere
1084 3294 1446 3383 debuissent,
1482 3314 1619 3370 facti
1642 3294 1789 3372 sunt
1816 3333 2017 3375 semen
2050 3294 2094 3363 (ἶ

366 3421 645 3478 nequam.
677 3403 963 3460 Ceterum
997 3404 1315 3458 inveterata
1344 3402 1572 3458 malitia
1617 3404 1690 3460 iis
1749 3406 1851 3478 qui
1908 3408 2023 3479 pri-

367 3510 533 3552 mum
563 3495 694 3565 ipsa
716 3491 919 3548 inferti
951 3495 1109 3558 sunt,
1151 3490 1457 3548 interitum
1516 3493 1691 3563 parit.
1751 3498 2024 3553 Extrema

369 3595 630 3653 namque
652 3578 881 3635 malitia
909 3594 1112 3634 secum
1154 3578 1285 3651 ipsa
1329 3584 1572 3651 pugnat.
1632 3581 2022 3654 Dereliquistz‘a

367 3672 670 3728 Dominum
725 3673 777 3725 et
830 3668 1100 3723 irritastis
1145 3677 1392 3723 sanctum
1446 3669 1645 3725 Israel.
1714 3672 2018 3736 Quodnam

369 3762 546 3817 datur
566 3761 761 3831 majus
792 3756 1026 3812 malitias
1046 3762 1671 3830 argumentum,quam
1703 3776 1736 3816 a
1758 3762 1908 3818 bono
1926 3764 2022 3819 de-

374 3852 547 3905 ﬁcere
566 3849 594 3903 ?
623 3863 750 3920 quae
769 3846 973 3902 itidem
1000 3845 1254 3917 pravitas
1285 3848 1476 3917 major
1503 3864 1677 3919 quam
1709 3850 1927 3908 bonum
1953 3870 2020 3909 ac

373 3938 578 3994 mitem
605 3952 952 4008 exasperare
978 3935 1006 3989 ‘I
1032 3934 1181 3999 Quin
1213 3940 1270 3991 et
1299 3935 1599 3992 deiisdem
1650 3941 1806 4009 apud
1864 3945 2020 3998 Jers-

363 4027 548 4084 miam
578 4028 998 4098 coarguuntur.
1034 4028 1119 4080 Me
1147 4025 1305 4079 enim
1344 4025 1757 4098 dereliquerunt
1808 4031 2017 4100 [antem

361 4130 528 4188 aqua:
551 4117 696 4172 vivae
724 4116 789 4168 οδ.
820 4113 1036 4169 Verum
1071 4128 1172 4184 pro
1203 4113 1433 4169 ratione
1473 4120 1529 4171 et
1562 4118 1735 4172 modo
1767 4118 2016 4191 hujusce

362 4203 707 4262 defectionis
732 4201 1144 4274 unusquisque
1164 4202 1277 4258 sibi
1296 4202 1583 4274 ipse,oum
1615 4211 2012 4268 remuneratio

344 4294 486 4363 .ﬁet,
513 4293 612 4349 iraa
643 4305 985 4349 mensuram
1016 4291 1302 4346 recondit.
1324 4292 1574 4349 Alienati
1607 4303 1742 4351 sunt
1803 4306 2007 4355 retror-

355 4399 501 4439 sum.
532 4383 652 4438 Hoc
681 4398 750 4437 ex
783 4380 1041 4437 editione
1072 4379 1491 4437 Theodotionis
1523 4386 1862 4456 appositum
1900 4393 2006 4457 est,

359 4472 532 4546 quasi
561 4488 597 4528 a
624 4472 740 4527 Deo
771 4468 1095 4526 abalienari
1127 4470 1384 4541 quodam
1414 4470 1474 4527 in
1506 4472 1713 4530 vitium
1739 4475 1933 4548 lapsu,
1956 4479 2008 4534 si

354 4561 782 4634 interpreteris,
813 4559 968 4614 idem
1026 4556 1103 4613 sit
1159 4563 1336 4630 atque
1392 4577 1525 4616 eum
1580 4563 2004 4637 derelinquere.

2132 640 2210 709 πη
2262 640 2368 695 ἀπὸ
2412 645 2521 696 τῶν
2571 639 2874 697 ἐλαττόνων
2905 639 2995 696 ἐπὶ
3025 639 3095 695 τὰ
3125 638 3296 712 μείζω
3329 640 3406 711 (5)
3429 644 3530 706 τήν
3561 633 3785 709 αὔξησιν

2134 727 2271 803 ἔχει·
2306 728 2477 792 οὕτως
2508 731 2542 799 ἡ
2590 736 2692 799 τῆς
2722 729 2910 791 κακίας
2939 728 3099 804 χύσις
3152 728 3257 783 ἀπὸ
3307 731 3416 781 τῶν
3476 723 3789 781 ὑποδεεστέ-

2134 838 2242 892 ρων
2271 823 2381 873 τῶν
2414 818 2464 888 ἐξ
2495 818 2676 893 ἀρχῆς
2708 817 2796 873 ἐπὶ
2841 819 2904 873 τὸ
2934 818 3225 888 ἀνήκεστον
3275 818 3516 892 φέρεται.
3558 815 3788 888 Σπέρμα

2135 905 2192 962 δὲ
2221 909 2360 983 πρὸς
2402 908 2553 971 υἱοὺς
2601 906 2747 963 πολὺ
2793 908 2857 963 τὸ
2888 906 3187 964 ἀκόλουθον
3219 907 3310 960 καὶ
3340 906 3456 961 κατ’
3486 903 3653 973 αὐτὴν
3683 905 3785 973 τὴν

2132 996 2293 1074 φύσιν
2339 995 2477 1073 ἔχει.
2530 998 2668 1054 Ἀπὸ
2714 996 2811 1052 τοῦ
2842 997 3154 1071 σπέρματος
3196 996 3298 1071 γὰρ
3326 994 3402 1057 είς
3433 994 3497 1049 τὸ
3528 993 3679 1057 υἱοὺς
3708 996 3784 1068 (6)

2131 1087 2373 1160 γενέσθαι
2418 1088 2737 1159 προκόπτει,
2799 1086 2861 1141 οὐ
2910 1085 3071 1158 μόνον
3121 1085 3257 1140 κατὰ
3309 1083 3405 1146 τὰς
3466 1084 3783 1156 σωματικὰς

2131 1176 2383 1248 γενέσεις,
2449 1172 2598 1229 ἀλλὰ
2653 1175 2741 1230 καὶ
2789 1176 2928 1230 κατᾶ
2966 1176 3065 1243 τὴν
3127 1174 3178 1229 έν
3221 1177 3376 1249 ψυχῇ
3430 1170 3673 1246 αὔξησιν,
3722 1172 3782 1228 ἐκ

2129 1269 2235 1318 τῶν
2282 1270 2383 1331 τῆς
2436 1260 2788 1326 διδασκαλίας
2844 1263 3167 1338 σπερμάτων
3219 1262 3295 1323 εἷς
3321 1264 3422 1330 τὴν
3476 1262 3609 1336 πρὸς
3655 1259 3783 1323 τοὺς

2132 1351 2447 1424 διδάξαντας
2486 1352 2807 1425 ἐξομοίωσιν
2861 1359 2967 1407 τῶν
3033 1349 3444 1425 ὑποδεξαμένων
3493 1351 3561 1407 τὰ
3608 1348 3785 1426 διδάγ-

2136 1464 2278 1515 ματα
2331 1442 2773 1518 προκοπτόντων,
2832 1442 2922 1497 καὶ
2977 1438 3065 1496 διὰ
3104 1446 3266 1497 τοῦτο
3298 1443 3428 1496 υἱῶν
3501 1460 3784 1517 χρηματι-

2133 1534 2356 1601 ζόντων,
2414 1530 2539 1600 ἤτοι
2597 1533 2730 1586 υἱῶν
2783 1538 2885 1602 τῆς
2954 1530 3258 1606 βασιλείας,
3291 1530 3417 1586 ὅταν
3445 1530 3512 1586 τὰ
3541 1532 3785 1605 σωτήρια

2131 1619 2410 1693 δεξάμενοι
2467 1623 2549 1695 (7)
2604 1617 2906 1694 σπέρματα,
2960 1622 3074 1676 κατ’
3137 1620 3275 1676 αὐτὰ
3328 1619 3686 1688 τελειοῦνται,
3745 1622 3781 1692 ἢ

2126 1718 2229 1780 τῆς
2257 1711 2477 1787 γεέννης
2529 1712 2685 1780 υἱῶν,
2770 1710 2857 1776 ἐὰν
2909 1709 2971 1765 ἐκ
3023 1715 3279 1784 πονηρῶν
3337 1706 3684 1785 διδαγμάτων
3712 1713 3783 1784 τῇ

2130 1798 2378 1872 ἀπωλείᾳ
2423 1803 2898 1876 προσοικειῶνται.
2931 1798 3158 1874 Μεγάλη
3188 1796 3246 1854 δὲ
3274 1799 3606 1875 κατηγορία,
3648 1797 3780 1853 ὅλον

2131 1886 2279 1953 ἔθνος
2334 1889 2662 1966 ἁμαρτωλὸν
2715 1888 3105 1965 χρηματίζειν,
3166 1891 3240 1952 ὡς
3296 1886 3505 1962 μηδένα
3534 1888 3586 1944 έν
3635 1889 3784 1962 αὐτῷ

2129 1980 2447 2057 κατορθοῦν
2492 1980 2581 2035 καὶ
2644 1976 2775 2034 λαὸν
2814 1978 3003 2053 πλήρη
3039 1980 3341 2052 ἁμαρτιῶν,
3388 1978 3464 2041 ὡς
3510 1982 3614 2032 πᾶν
3642 1975 3782 2041 εἶδος

2130 2068 2359 2143 ἀνομίας
2399 2070 2474 2143 (8)
2519 2065 2923 2138 ἐπιτηδεύεσθαι
2975 2069 3102 2144 παρ’
3152 2066 3353 2135 αὐτῶν,
3388 2064 3537 2123 ἀλλᾶ
3579 2067 3670 2122 καὶ
3717 2067 3786 2122 τὰ

2128 2166 2228 2229 τῆς
2288 2158 2477 2220 κακίας
2550 2159 2684 2232 πρὸς
2743 2158 2936 2226 ἑαυτὴν
2992 2155 3368 2230 έναντιώματα
3424 2156 3782 2231 εὖρίσκέσθαι,

2129 2247 2306 2310 καθὼς
2385 2243 2625 2321 εἴρηται*
2720 2243 3195 2321 Πεπληρωμένους
3279 2245 3459 2315 πάσης
3546 2242 3780 2307 ἀδικίαςο

2127 2337 2217 2391 καὶ
2272 2337 2356 2404 τὸ,
2418 2335 2589 2393 Οὔπω
2650 2334 2753 2411 γὰρ
2826 2334 3319 2407 ἁναπεπλήρωνται
3400 2335 3457 2387 αἱ
3521 2333 3783 2408 ἁμαρτίαι

2128 2430 2235 2481 τῶν
2323 2424 2702 2501 ’Δμορραίωνο
2788 2423 2878 2478 καὶ
2958 2423 3104 2495 ποιρά
3186 2420 3282 2477 τοῦ
3361 2429 3622 2498 Σωτῆρος
3702 2419 3780 2477 δέ’

2128 2512 2468 2589 Πληρώσατε
2543 2514 2634 2568 καὶ
2716 2513 2872 2585 ὑμεῖς
2946 2513 3011 2567 τὸ
3093 2512 3289 2586 μέτρον
3365 2515 3474 2566 τῶν
3532 2509 3779 2586 πατέρων

2131 2625 2305 2676 υμων.

2202 2784 2291 2838 17.
2350 2780 2579 2855 Σπέρμα
2623 2779 2885 2855 πονηρόν.
2944 2782 3015 2834 Τὸ
3078 2780 3226 2855 παρὰ
3283 2783 3381 2835 τοῦ
3439 2779 3639 2855 ἐχθροῦ
3694 2780 3785 2836 ἆν-

2132 2871 2355 2947 θρώπου
2407 2873 2489 2941 τῷ
2544 2870 2767 2944 καθαρῷ
2823 2868 2960 2942 σίτῳ
2989 2867 3281 2946 ἐπισπαρὶν
3345 2870 3608 2939 ζιζάνιον,
3641 2870 3671 2925 ὃ
3701 2868 3779 2933 είς

2128 2958 2412 3015 τελείωσιν
2458 2956 2613 3013 men
2662 2957 2777 3020 υἱὸς
2832 2958 3038 3033 ἐγένετο
3088 2958 3316 3031 ἄνομος,
3374 2958 3490 3022 υἱὸς
3549 2957 3623 3013 ὣν
3682 2958 3782 3014 ἀπ-

2131 3046 2332 3110 ωλείας
2380 3046 2470 3102 καὶ
2520 3046 2636 3108 υίὸς
2687 3049 2763 3119 (9)
2812 3045 3053 3122 γεέννης.
3105 3047 3202 3102 Διὰ
3246 3051 3410 3103 τοῦτο
3458 3047 3547 3103 καὶ
3578 3050 3779 3123 θρήνου

2132 3140 2401 3211 ἀξιοῦνται
2458 3137 2533 3205 οἱ,
2581 3136 2699 3191 ἀντὶ
2730 3140 2827 3191 τοῦ
2857 3135 2966 3190 υἱοὶ
2996 3135 3247 3210 Ὑψίστου
3297 3137 3452 3209 εἶναι,
3484 3137 3591 3192 υἱοῖ
3622 3136 3776 3212 γενό-

2134 3245 2287 3300 μενοι
2316 3220 2535 3297 ἄνομοι,
2583 3223 2673 3278 καὶ
2705 3223 2819 3279 ἀντὶ
2871 3227 2969 3279 τοῦ
3004 3229 3184 3298 μεῖναι
3213 3222 3266 3279 έν
3298 3226 3412 3299 (10)
3442 3228 3509 3300 τῇ
3538 3224 3782 3301 θειοτέρα

2128 3318 2393 3393 γεννήσει,
2454 3312 2670 3385 σπέρμα
2714 3314 2996 3390 γενόμενοι
3044 3312 3304 3390 πονηρόν⁶
3377 3312 3524 3385 πλὴν
3602 3315 3684 3371 ὅτι
3742 3317 3779 3385 ἡ

2129 3405 2181 3460 ἐν
2242 3403 2350 3459 ἔθει
2415 3402 2656 3475 πονηρία
2713 3402 2886 3457 αὐτῶν
2939 3407 3156 3475 πρῶτον
3203 3406 3311 3457 τῶν
3370 3402 3608 3479 ἐχόντων
3669 3402 3780 3458 toti

2130 3493 2427 3573 φθαρτική·
2497 3491 2559 3546 τὸ
2628 3490 2728 3567 γὰρ
2804 3489 3033 3566 ἔχαστον
3088 3489 3140 3546 ἂν
3199 3491 3433 3564 πονηρίᾳ
3499 3492 3590 3548 καὶ
3646 3494 3784 3569 πρὸς

2130 3583 2286 3638 έαυτό
2373 3581 2514 3636 ἔστιν
2588 3579 2937 3657 ἀσύμφωνον.
3015 3579 3431 3655 Ἐγκατελίπατε
3497 3584 3614 3657 (11)
3684 3582 3778 3638 τὸν

2129 3670 2348 3743 Κύριον,
2426 3667 2518 3724 καί
2589 3669 2938 3745 παρωξύνατε
3013 3669 3104 3723 τὸν
3164 3670 3314 3745 ἅγιον
3373 3674 3471 3725 τοῦ
3531 3669 3778 3745 Ἰσραήλ.

2128 3762 2218 3823 Τίς
2276 3759 2475 3833 μείζων
2502 3758 2691 3822 κακίας
2719 3755 3014 3831 ἀπόδειξις,
3046 3758 3081 3827 ἢ
3114 3760 3148 3828 ἠ
3181 3763 3277 3813 τοῦ
3318 3760 3524 3833 ἀγαθοῦ
3553 3758 3777 3833 ἔγκατά-

2128 3848 2348 3923 λειψις;
2405 3849 2493 3903 καὶ
2547 3848 2807 3920 πονηρίας
2868 3844 3173 3921 ὑπερϐολὴ,
3230 3847 3294 3903 τὸ
3351 3849 3642 3924 παροξῦναι
3685 3850 3779 3905 τὸν

2125 3939 2325 4015 ἀγαθὸν
2374 3938 2464 3993 καὶ
2517 3943 2689 4011 πρᾶον
2744 3940 2897 4009 (12);
2956 3937 3025 3992 Τὸ
3078 3936 3209 3991 αὐτὸ
3261 3934 3320 3991 δὲ
3375 3938 3466 3993 καὶ
3496 3938 3641 4014 παρὰ
3695 3943 3777 4012 τῷ

2121 4028 2354 4104 Ἱερεμίᾳ
2425 4029 2897 4100 κατηγοροῦνται.
2995 4025 3131 4098 Ἐμὶ
3232 4026 3333 4102 γὰρ
3417 4025 3769 4102 ἐγκατέλιπον

2121 4119 2304 4195 πηγὴν
2364 4114 2557 4178 ὕδατος
2619 4120 2842 4185 ζῶντος.
2894 4115 3040 4169 Κατά
3084 4112 3143 4169 δὶ
3185 4116 3287 4183 τὴν
3337 4116 3616 4185 ποσότητα
3670 4123 3773 4185 τῆς

2121 4206 2574 4286 ἑγκαταλείψεως,
2626 4207 2690 4262 τὸ
2749 4206 2941 4281 μέτρον
2999 4205 3224 4267 ’ἕκαστος
3256 4205 3429 4280 ἑαυτῷ
3460 4208 3773 4283 θησυαρίζει

2118 4301 2217 4367 τῆς
2285 4296 2337 4352 έν
2398 4299 2467 4370 τῇ
2535 4292 2887 4350 ἀνταποδόσει
2968 4293 3159 4369 ὀργῆς.
3217 4292 3768 4372 Ἀπελλοτριώθησαν

2118 4386 2196 4450 εἰς
2249 4386 2317 4441 τὰ
2376 4386 2575 4442 ὀπίσω.
2607 4388 2776 4439 Τοῦτο
2808 4383 2915 4438 ἀπὸ
2942 4387 3039 4437 τοῦ
3071 4384 3183 4457 (13)
3216 4380 3579 4448 Θεοδοτίωνος
3611 4406 3777 4462 προσ-

2117 4477 2295 4549 ετέθη,
2347 4474 2513 4530 οἱονεὶ
2564 4473 2830 4549 ἑρμηνεία
2873 4476 2972 4527 τοῦ
3023 4470 3424 4548 ἐγκαταλιπεῖν,
3478 4476 3541 4530 τὸ
3596 4474 3771 4531 ἁπαλ-

2118 4565 2466 4639 λοτριοῦσθαι
2495 4568 2592 4617 τοῦ
2623 4566 2758 4617 Θεοῦ
2790 4559 2878 4616 διὰ
2901 4568 3000 4631 τῆς
3031 4560 3119 4616 ἐπὶ
3175 4561 3237 4616 τὸ
3286 4567 3476 4637 χεῖρον
3506 4564 3767 4619 ἁποπτώ-

356 4651 864 4718 Quemadmodum
905 4647 1065 4703 enim
1095 4646 1147 4702 is
1177 4649 1274 4718 qui
1308 4650 1380 4704 ad
1414 4653 1828 4719 perfectionem
1870 4672 2008 4712 con-

2129 4675 2272 4716 τεως.
2340 4655 2542 4727 Ὥσπερ
2601 4652 2703 4727 γὰρ
2764 4653 2792 4706 ὁ
2848 4649 3231 4724 τελειούμενος
3288 4656 3407 4713 τοῖς
3466 4650 3769 4725 ἔμπροσθεν

349 4741 562 4811 tendit,
593 4739 653 4796 in
684 4738 977 4796 anteriora
1008 4737 1404 4808 progreditur,
1429 4738 1509 4795 ita
1531 4747 1802 4813 peccator
1848 4754 2000 4801 relro

2111 4741 2489 4811 ἐπεκτείνεται,
2566 4741 2738 4803 οὕτως
2816 4741 2844 4794 ὁ
2914 4741 3240 4813 ἁμαρτάνων
3290 4739 3368 4804 εἰς
3422 4741 3485 4795 τὸ
3539 4742 3769 4797 κατόπιν

423 4922 469 4962 οε
496 4927 732 4994 Rom.1,
754 4923 845 4979 25.
877 4924 924 4959 οι
950 4923 1095 4979 Gen.
1124 4901 1221 4991 iv,
1254 4923 1341 4977 16.
1373 4923 1417 4958 π
1448 4923 1654 4980 Matth.
1688 4943 1850 4993 χχιιι,
1883 4928 1971 4982 32.
2004 4928 2016 4962 ε

2129 4942 2291 4982 irem.
2322 4943 2385 4997 ιι,
2415 4927 2502 4982 13.

420 5101 493 5176 (5)
526 5102 681 5160 Editi
710 5107 768 5161 et
798 5104 914 5161 duo
936 5120 1106 5174 mss.,
1134 5102 1197 5157 τὸ
1233 5105 1440 5175 μεῖζον.
1474 5102 1585 5159 Alii
1620 5108 1761 5175 tres,
1792 5104 1858 5160 τὰ
1890 5105 2004 5179 μεί-

383 5193 450 5230 ω.

426 5245 500 5318 (6)
532 5243 853 5334 Colbertini
886 5247 1115 5334 primus
1147 5245 1633 5334 et‘ter.t_ius,_uir5¢.
1668 5249 1818 5334 Editi
1861 5267 1999 5334 cum

345 5317 483 5444 Rteg.
507 5321 786 5444 stecutndo,
817 5317 948 5380 τοὺς
983 5317 1157 5379 υἱούς.
1191 5318 1355 5389 Regii
1402 5320 1629 5390 primus
1676 5328 1733 5377 et
1790 5325 1999 5379 tertius

345 5406 383 5444 ιι
441 5406 499 5444 ιιι
559 5406 626 5444 ex
658 5408 715 5444 u.

345 5397 413 5445 ut
441 5397 499 5444 in
531 5397 715 5446 textu.

419 5463 496 5531 (7)
528 5461 668 5540 Reg.
697 5457 1379 5540 secundus,_8e£qpévwv.
1415 5462 1639 5518 Ibidem
1673 5464 2001 5536 mss.quin-

345 5529 485 5602 que,
514 5529 852 5605 τελειοῦντα.
887 5535 1061 5605 Editi,
1093 5529 1428 5589 τελειῶνται.

416 5605 490 5675 (8)
512 5603 603 5682 §i_c
628 5607 769 5662 editi
799 5623 930 5682 cum
964 5603 1216 5682 anbus.
1257 5622 1425 5682 mss._
1448 5603 1583 5682 Alii.
1613 5609 1753 5682 tres,
1822 5607 1999 5682 ἀμαρ-

340 5671 483 5737 dde.
517 5676 649 5749 Mox
679 5695 823 5735 mss.
857 5681 973 5735 duo
1005 5676 1376 5749 ἐναντιώματα
1407 5671 1826 5749 ἐνευρίσκεσθάι.

416 5749 491 5819 (9)
526 5748 610 5806 Ita
638 5750 782 5807 editi
812 5755 867 5807 et
900 5768 1047 5807 mss.
1077 5748 1364 5806 nonnulli.
1403 5748 1537 5805 Vox’
1568 5749 1683 5812 υἱός
1732 5752 1791 5808 in
1842 5756 1997 5808 utro-

2114 5120 2231 5177 que
2256 5104 2515 5183 pompeii
2545 5105 2730 5160 deest.
2762 5104 2888 5159 Non
2919 5101 3093 5176 longe
3120 5103 3259 5160 hinc
3281 5106 3396 5163 duo
3429 5123 3599 5177 mss.,
3631 5109 3763 5183 θρή-

2108 5174 2231 5239 νους
2259 5174 2555 5245 ἀξιοῦνται.

2182 5249 2295 5319 (10)
2325 5248 2481 5304 Editi
2510 5265 2643 5303 cum
2678 5247 2911 5304 duobus
2938 5264 3109 5315 mss.,
3141 5245 3249 5304 ἐπί.
3310 5248 3423 5303 Alii
3481 5254 3625 5317 tres,
3685 5248 3760 5306 tv.

2110 5320 2226 5411 Nec
2257 5322 2341 5375 ita
2363 5320 2549 5377 multo
2581 5326 2713 5393 post
2744 5338 2889 5376 mss.
2942 5321 3225 5393 quinque,
3284 5325 3526 5395 πρῶτον.
3585 5323 3761 5394 Editi,

2109 5411 2362 5445 ποωτων.

2153 5411 2564 5538 ρῖἷῖῗῖθείίυτ
2593 5463 2650 5519 in
2679 5482 2823 5538 mss.
2859 5462 3183 5538 nonnullis,
3218 5459 3612 5538 ἐγκρτελίπετε.

2210 5532 2296 5602 12)
2333 5532 2582 5592 [ta'editi
2614 5541 2670 5591 et
2690 5537 2805 5592 duo
2830 5552 2974 5591 mss.
3010 5535 3118 5589 Alii
3144 5532 3284 5605 tres,
3311 5532 3490 5605 ἅγιον.

2108 5609 2294 5736 D(13)
2328 5609 2422 5664 Sic
2484 5627 2627 5664 mss.
2676 5612 2749 5662 At
2804 5607 2945 5663 editi
2993 5608 3293 5674 omittunt,
3355 5607 3553 5665 Τοῦτο.
3619 5610 3765 5683 Lege

2161 5697 2251 5736 uc.

2161 5697 2251 5736 υο.
