4154 6390
351 396 468 455 145

344 522 658 594 ἀναποδίζει
713 527 850 597 (14),

347 612 438 669 διὰ
467 619 628 669 τοῦτο
680 611 1085 686 ἀπολλύμενος.
1124 611 1264 667 Ἰδοὺ
1313 613 1439 687 γὰρ,
1496 612 1653 687 φησὶ,
1689 613 1740 666 οἱ
1804 610 2010 686 μακρύ-

348 725 528 766 νοντες
590 702 814 765 ἑαυτοὺς
872 703 976 757 ἀπὸ
1040 708 1177 769 σοῦ,
1237 701 1617 757 ἀπολοῦνται.
1675 699 1857 762 Οὕτως
1913 697 2008 753 οῦν

1225 392 1633 454 COMMENT.
1682 393 1757 451 ΙΝ
1806 389 2079 452 lSAIAM
2127 391 2635 454 PROPHETAM.
2683 392 2855 454 CAP.
2901 393 2951 452 Ι.

909 523 1192 600 μακρύνων
1248 523 1434 578 ὶαυτὸν
1489 527 1585 578 τοῦ
1649 523 1871 596 Κυρίου,
1921 543 1989 576 κα

2131 526 2334 596 pedem
2358 525 2554 594 refert,
2587 526 2945 581 submovens
2972 541 3099 580 sese
3131 541 3164 579 a
3185 522 3452 588 Domino,
3476 526 3532 578 et
3594 522 3667 578 ob
3715 521 3773 576 id

3660 390 3776 449 116

2121 615 2388 685 disperit.
2424 617 2552 670 Ecce
2573 616 2752 683 enim,
2789 613 2996 684 inquit,
3029 616 3127 685 qui
3168 614 3431 682 elongant
3477 627 3535 667 se
3606 628 3642 666 a
3698 619 3772 680 te,

2117 704 2381 774 peribunt
2413 705 2475 757 97.
2509 705 2590 758 Ad
2628 705 2784 759 hunc
2811 704 2992 776 igitur
3024 705 3264 758 modum
3292 704 3471 757 vitam
3505 707 3770 756 nostram

356 793 685 869 βιώσωμεν,
749 793 821 853 ὡς
882 788 1158 864 μηδέποτε
1209 793 1278 846 τά
1331 789 1671 867 παρελθόντα
1727 790 1989 864 κρείττονε

2119 793 2529 858 instituamus,
2563 800 2769 863 utquaa
2810 793 3240 864 praeterierunt,
3283 807 3587 862 nunquam
3649 805 3769 844 me-

349 882 484 936 εἶναι
517 887 625 936 τῶν
659 881 977 955 μελλόντων
1009 879 1042 949 ἢ
1097 885 1205 935 τῶν
1264 879 1651 951 ἐνεστηκότων.
1687 882 1863 935 Τοῦτο
1907 879 2006 954 γὰρ

348 973 440 1026 καὶ
503 972 531 1025 ὁ
593 969 1030 1040 Ἐκκλησιαστὴν
1105 970 1460 1046 ἀπαγορεύει·
1524 971 1614 1037 Μὴ
1688 968 1858 1043 εἴπῃς,
1923 970 2004 1022 ὅτι

342 1059 546 1134 ἡμέραι
606 1059 658 1114 al
717 1061 977 1135 πρότεραι
1054 1060 1246 1135 ἀγαθαὶ
1321 1059 1458 1127 ἦσαν
1543 1059 1674 1132 ὑπὲρ
1755 1058 1953 1119 ταύτας
1989 1075 2000 1087 ·

345 1148 426 1204 ὄτι
486 1148 584 1204 οὐκ
641 1147 692 1203 ἐν
748 1149 910 1226 σοφίᾳ
978 1149 1342 1223 έπηρώτησας
1400 1148 1523 1224 περὶ
1601 1147 1818 1204 τούτου.
1884 1147 2005 1202 Ἐὰν

338 1238 438 1312 γὰρ
497 1238 551 1291 αἱ
603 1236 946 1313 προάγουσαι
1002 1236 1207 1311 ἡμέραι
1257 1235 1508 1310 βελτίους
1542 1235 1643 1290 ὦσι
1703 1241 1811 1291 τῶν
1871 1236 2004 1310 μετὰ

341 1330 534 1394 ταῦτα,
568 1325 900 1402 λεχθήσεται
933 1329 1070 1400 ἡμῖν
1097 1330 1242 1399 (I5)'
1275 1329 1525 1383 Τοσαῦτα
1582 1325 1804 1390 ἐπάθετε
1857 1324 1997 1395 εἰκῆ.

340 1415 778 1492 ἀμαυρουμένων
832 1420 940 1471 τῶν
965 1415 1150 1471 καλῶν
1203 1417 1307 1470 ὑπὸ
1363 1422 1466 1484 τῆς
1496 1415 1546 1469 έν
1603 1421 1720 1477 τοῖς
1779 1415 1996 1489 ὕστερον

337 1502 624 1576 ἀμελείας.
677 1505 738 1560 Ὀ
791 1504 891 1580 γὰρ
950 1503 1213 1574 Ἱεζεκιήλ
1246 1506 1548 1581 φησιν.Ἐν
1597 1509 1676 1576 τῷ
1733 1503 1996 1575 ἀποστρέ-

333 1595 436 1664 ψαι
495 1589 701 1647 δίκαιον
764 1593 823 1647 ἐκ
877 1601 978 1663 τῆς
1031 1591 1376 1664 δικαιοσύνης
1433 1593 1620 1662 αὐτοῦ,
1686 1592 1774 1648 κα)
1832 1601 1997 1662 ποιῆ⁶

335 1702 422 1736 σαι
479 1679 692 1736 ἀδικίαν
751 1683 889 1738 κατᾶ
943 1684 1118 1744 πάσας
1174 1685 1272 1745 τάς
1332 1683 1564 1756 ἀνομίας
1625 1682 1686 1745 ἃς
1745 1682 1994 1752 ἐποίησεν

333 1770 362 1824 ὁ
419 1767 662 1844 ἇίνομος⁶
716 1777 882 1826 πᾶσαι
939 1773 994 1826 αἱ
1052 1769 1384 1826 δικαιοσύναι
1451 1771 1513 1833 ἃς
1578 1771 1872 1841 ἐποίησεν,
1933 1771 1994 1826 οὐ

2118 880 2264 936 liora
2296 883 2508 937 futuris
2542 884 2830 937 exsistant
2860 889 2959 936 aut
2982 881 3391 952 praesentibus.
3447 881 3507 933 ld
3570 879 3769 950 ipsum

2117 970 2272 1024 enim
2307 971 3036 1026 interdicitEcclesiastes:
3071 974 3156 1025 Ne
3187 970 3428 1038 dixeris,
3460 971 3602 1040 quia
3655 967 3770 1023 dies

2113 1061 2334 1128 priores
2363 1070 2521 1115 erant
2551 1061 2681 1115 boni
2708 1075 2872 1129 super
2894 1059 2990 1113 hos
3012 1077 3030 1112 :
3063 1061 3195 1129 quia
3222 1075 3338 1112 non
3369 1060 3433 1114 in
3491 1059 3770 1130 sapientia

2111 1148 2476 1220 interrogasti
2505 1149 2577 1204 de
2611 1147 2708 1204 hoc
2736 1148 2800 1201 ⁸⁸.
2835 1148 2894 1202 Si
2927 1147 3084 1202 enim
3118 1149 3241 1202 dies
3301 1146 3522 1217 priores
3573 1153 3768 1218 poste-

2109 1237 2362 1292 rioribus
2387 1243 2526 1292 sunt
2568 1237 2858 1304 meliores,
2886 1236 3114 1292 dicetur
3144 1235 3314 1291 nobis
3344 1251 3357 1290 :
3394 1235 3578 1291 Tanto
3603 1236 3766 1307 passi

2110 1326 2253 1382 estis
2286 1327 2525 1390 frustra,
2557 1326 2853 1396 siquidem
2877 1330 3071 1380 vestra
3093 1325 3248 1380 bona
3275 1341 3451 1396 opera
3470 1341 3583 1394 prie
3616 1325 3768 1380 eub-

2109 1422 2388 1486 sequente
2419 1415 2774 1486 negligentia
2804 1415 2876 1469 ad
2908 1414 3162 1469 nihilum
3195 1414 3428 1468 redacta
3451 1419 3610 1469 sunt.
3671 1414 3767 1470 Ait

2107 1505 2263 1558 enim
2299 1503 2594 1559 Ezechiel:
2626 1506 2814 1560 Justus
2843 1506 2890 1558 si
2909 1504 3175 1560 averterit
3203 1519 3258 1558 se
3288 1520 3321 1558 a
3360 1503 3585 1574 justitia
3640 1519 3762 1574 suo,

2107 1603 2158 1648 et
2185 1595 2382 1665 fecerit
2411 1595 2766 1666 iniquitatem
2795 1594 2956 1660 iuxta
3002 1608 3187 1649 omnes
3241 1594 3580 1662 iniquitates
3631 1609 3766 1663 quas

2105 1687 2233 1755 fecit
2248 1687 2473 1756 iniquus
2495 1703 2513 1738 :
2545 1701 2732 1740 omnes
2749 1684 2991 1755 justitiae
3022 1699 3164 1755 quas
3190 1685 3461 1753 fecit,non
3490 1697 3762 1738 memora-

2107 1775 2318 1828 buntur
2346 1775 2406 1828 in
2427 1773 2620 1828 delicto
2644 1789 2740 1828 suo
2769 1775 2828 1827 in
2851 1775 3003 1843 quod
3032 1773 3324 1843 prolapsus
3343 1777 3442 1838 est,
3475 1779 3525 1826 et
3553 1773 3614 1825 in
3639 1786 3760 1842 pec-

336 1861 413 1933 μή
449 1864 805 1932 μνησθῶσιν·
870 1862 921 1915 ὲν
951 1865 1030 1933 τῷ
1089 1863 1201 1935 (16)
1265 1861 1665 1936 παραπτώματι
1720 1861 1884 1916 αὐτοῦ
1943 1861 1988 1931 ᾧ

2103 1866 2240 1919 catis
2267 1866 2384 1918 suis
2415 1880 2534 1936 qum
2562 1865 2828 1936 peccavit,
2852 1864 2914 1918 in
2943 1865 3077 1934 ipsis
3103 1864 3374 1917 morietur
3393 1861 3457 1915 ον.

335 1948 624 2025 παρέπεσε,
657 1949 748 2004 καὶ
782 1950 835 2004 ἓν
863 1954 982 2012 ταῖς
1013 1948 1305 2023 ἁμαρτίαις
1358 1951 1526 2005 αὐτοῦ
1575 1953 1660 2013 αῖς
1719 1949 1983 2026 ἥμαρτεν,

342 2038 394 2093 ἓν
429 2037 615 2102 αὐταῖς
644 2039 1013 2102 ἀποθανεῖται.

414 2146 499 2200 18.
550 2143 616 2201 Τί
672 2139 750 2198 ἔτι
801 2144 1074 2220 πληγῆτε,
1155 2143 1531 2218 προστιθέντες
1592 2146 1861 2220 ἀνομία-ις
1913 2149 1987 2204 Τὸ

341 2231 635 2307 λεγόμενον
666 2234 916 2289 τοιοῦτόν
976 2235 1110 2289 ἐστι*
1145 2235 1269 2290 Ἐπὶ
1318 2240 1436 2298 ταῖς
1483 2236 1770 2312 ἁμαρτίαις
1835 2238 1986 2311 ὑμῶν

337 2319 609 2377 παιδεύων
670 2323 830 2396 ὑμᾶς,
890 2323 1237 2399 ἒμαστίγουν.
1284 2326 1372 2394 Μὴ
1433 2330 1804 2398 μετανοοῦσιν,
1863 2324 1990 2380 ἀλλ’

334 2405 413 2465 ἔτι
468 2411 922 2487 ἐξαμαρτάνουσιν
985 2413 1193 2487 έπῆγον
1253 2412 1336 2467 ἀεὶ
1375 2417 1466 2467 καὶ
1497 2415 1848 2488 προσιτίθουν
1896 2416 1992 2479 τὰς

339 2497 621 2575 μάστιγας,
657 2501 730 2562 ὡς
789 2506 892 2555 πᾶν
948 2503 1113 2574 μέρος
1168 2505 1265 2555 τοῦ
1327 2502 1580 2574 σώματος
1627 2503 1731 2557 ἀπὸ
1781 2508 1887 2575 τῶν
1939 2505 1990 2558 έν

335 2573 583 2659 νουθεσίᾳ
651 2587 882 2664 πληγῶν
952 2573 1343 2661 κατειλῆφθαι.
1417 2573 1542 2652 Τοῖς
1628 2591 1722 2663 μὶν
1797 2573 1990 2666 ἷίίισιμα

337 2675 736 2752 ἁμαρτάνουσιν
817 2675 1034 2732 ἀπειλεῖ
1110 2678 1138 2731 ὁ
1193 2669 1393 2754 λόγος,
1451 2680 1860 2746 ἐπισκέπτεσθαι
1935 2682 1988 2738 ἰν

341 2760 527 2841 ῥάϐδῳ
557 2767 652 2828 τὰς
684 2766 914 2840 ἀνομίας
967 2768 1170 2838 αὐτῶν,
1201 2768 1288 2823 καὶ
1347 2769 1398 2823 ἓν
1461 2770 1672 2843 μάστιξι
1723 2773 1818 2836 τὰς
1867 2770 1988 2827 ἀδι-

336 2855 459 2918 κίας
506 2853 716 2910 αὐτῶν·
749 2861 867 2918 τοῖς
918 2854 974 2911 δὲ
1020 2856 1251 2920 ἀνιάτως
1302 2853 1491 2934 ἔχουσι
1554 2859 1736 2936 λέγει’
1783 2861 1853 2918 Τί
1909 2859 1986 2918 ἔτι

337 2941 632 3019 πληγῆτε;
677 2945 854 3009 Πάσας
907 2943 1350 3018 διεξεληλυθότες
1395 2948 1489 3010 τὰς
1527 2948 1768 3026 πληγὰς,
1801 2957 1985 3007 πασῶν

341 3035 779 3110 κατεφρονήσατε
834 3038 943 3088 τῶν
1007 3035 1432 3110 έπιστρεπτικῶν
1491 3038 1767 3112 μαστίγων
1800 3061 1812 3075 ο
1865 3061 1986 3094 συν-

338 3123 584 3195 τριμμὸς
638 3123 777 3195 ὑμᾶς
827 3121 997 3195 μένει.
1040 3123 1405 3198 Ἀποροῦντος
1453 3126 1487 3192 ἡ
1540 3126 1693 3202 φωνή
1725 3127 1814 3180 καὶ
1854 3128 1987 3182 ἀπο-

336 3210 735 3284 γιγνιῦσκοντος
765 3214 864 3278 τὴν
899 3208 1214 3284 διόρθωσιν,
1246 3211 1319 3272 ὡς
1361 3212 1413 3265 έν
1443 3216 1523 3283 τῷ
1549 3212 1810 3282 Ἰεζεκιήλ
1854 3217 1987 3288 (17)·

337 3298 398 3354 Ὁ
462 3297 629 3367 ζῆλός
691 3320 796 3371 μου
853 3299 1214 3369 ἀποστήσεται
1276 3297 1381 3352 ene
1442 3303 1558 3370 σοῦ,
1591 3301 1680 3356 καὶ
1713 3301 1772 3357 οὐ
1803 3305 1988 3376 θυμω-

337 3388 575 3460 θήσομαι
657 3388 746 3442 ἐπὶ
822 3387 926 3444 σοί.
982 3392 1099 3442 Τῶν
1175 3385 1232 3442 δὲ
1305 3395 1700 3463 περιστατικῶς
1759 3387 1990 3466 συμϐαι-

334 3475 538 3529 νόντων
588 3476 710 3530 τινὰ
772 3477 866 3549 μὲν
938 3477 1345 3547 ἁμαρτημάτων
1398 3473 1554 3532 ἕνεκα
1597 3478 1821 3554 γίνεται,
1869 3483 1992 3538 τινὰ

336 3560 395 3618 δὶ
425 3564 505 3626 εἷς
537 3561 824 3641 διόρθωσιν
854 3568 952 3620 τοῦ
997 3561 1167 3633 ἤθους
1217 3569 1326 3620 τῶν
1381 3567 1810 3641 πειραζομένων,
1845 3569 1990 3627 ἄλλα

337 3651 395 3708 δὲ
428 3653 559 3730 ὖπὶρ
605 3659 702 3709 τοῦ
747 3649 1059 3729 έκτριϐἦναι
1101 3653 1230 3716 τοὺς
1274 3657 1745 3731 ἀπεγνωσμένους,
1775 3660 1851 3723 ὡς
1897 3660 1986 3716 ἐπὶ

334 3747 432 3797 τοῦ
492 3744 715 3815 Φαραώ.
747 3744 972 3806 Τούτοις
1034 3741 1125 3798 οῦν
1181 3744 1254 3805 ὡς
1309 3745 1746 3819 ἀπεγνωσμένοις
1807 3749 1985 3805 οὐκέτι

336 3829 568 3908 πληγαὶ,
605 3830 730 3888 οὐδὲ
790 3833 1067 3908 μάστιγες,
1122 3833 1251 3888 ἀλλ’
1303 3834 1605 3910 ἀφανισμὸς
1659 3836 1982 3896 ἀπειλεῖται.

339 3925 491 3976 Πᾶσα
550 3921 761 4000 κεφαλὴ
824 3922 900 3983 εἴς
948 3921 1136 3987 πόνον,
1176 3923 1263 3977 καὶ
1319 3929 1462 3978 πᾶσα
1519 3922 1712 4000 καρδία
1778 3926 1854 3989 εἷς
1895 3926 1987 3982 λύ·

335 4030 468 4079 πην.
530 4010 589 4066 Τί
643 4007 721 4066 ἔτι
770 4010 1058 4086 πληγῆτε,
1115 4008 1190 4066 ὦν
1245 4011 1332 4066 καὶ
1387 4012 1455 4068 τὰ
1503 4014 1730 4087 σώματα
1783 4016 1872 4071 καὶ
1929 4019 1984 4072 αἱ

335 4099 509 4175 ψυχαὶ
545 4099 1117 4176 μεμαστίγωνται,καῖ
1153 4097 1401 4174 οὐδαμοῦ
1445 4104 1480 4171 ἡ
1536 4099 1843 4180 διόρθωσις,
1875 4107 1983 4160 πά-

333 4209 433 4260 σης
461 4187 706 4264 κεφαλῆς
734 4187 1073 4264 ὁδυνομένης
1101 4189 1191 4244 καὶ
1224 4191 1402 4262 πάσης
1457 4189 1681 4266 καρδίας
1741 4196 1982 4269 σκυθρω-

331 4277 616 4346 πάζούσης
649 4281 806 4352 (18);
840 4278 918 4336 Οὐ
975 4279 1192 4342 πάντως
1245 4281 1308 4335 τὸ
1369 4278 1535 4354 μέλος
1587 4285 1688 4335 τοῦ
1728 4285 1982 4356 σώματος

332 4364 476 4444 λέγει
506 4369 608 4438 τὴν
638 4365 904 4445 κεφαλήν,
933 4369 1008 4431 ὡς
1038 4368 1162 4444 περὶ
1193 4368 1360 4438 αὐτὴν
1416 4369 1586 4443 μόνην
1639 4375 1739 4437 τῆς
1785 4370 1983 4444 ὀδύνης

330 4455 750 4531 έστηριγμένης,
783 4457 928 4514 ἀλλά
957 4463 1106 4513 Πᾶσα
1135 4457 1371 4536 κεφαλὴ,
1405 4458 1520 4514 ἀντὶ
1578 4463 1673 4514 τοῦ
1721 4461 1812 4515 τὸν
1863 4463 1983 4516 καθ²

327 4541 420 4600 ἓνα
451 4543 757 4623 ἄνθρωπον,
788 4547 924 4602 κατά
963 4551 1062 4618 τήν
1113 4549 1393 4618 συνήθειαν
1437 4555 1540 4618 τῆς
1589 4555 1826 4625 Γραφῆς.
1877 4551 1984 4607 Λά-

2172 2155 2257 2209 18.
2290 2154 2459 2210 νειιε.
2492 2153 2545 2210 5.
2580 2153 2726 2222 Quid
2753 2153 2930 2208 adhuc
2954 2149 3376 2222 percutiamini,
3427 2147 3751 2219 adiicientes

2099 2246 2464 2316 iniquitatem
2489 2247 2516 2298 ?
2538 2244 2699 2309 Quod
2734 2243 3068 2308 dicitur,est
3089 2237 3427 2310 hujusmodi
3453 2237 3752 2310 :Flagellis

2097 2351 2198 2389 vos
2237 2334 2554 2400 caedebam,
2591 2348 2692 2404 pro
2726 2330 2974 2403 peccatis
3003 2328 3214 2384 vestris
3260 2327 3560 2399 castigans
3613 2343 3743 2386 vos.

2100 2422 2243 2476 Cum
2277 2437 2378 2475 vos
2399 2421 2549 2476 haud
2585 2419 3034 2492 pmniteretﬁmo
3065 2434 3198 2474 cum
3231 2417 3422 2489 magis
3450 2416 3756 2488 delinque-

2100 2511 2262 2577 retis;
2297 2510 2648 2566 inducebam
2676 2525 2908 2582 semper
2924 2513 2981 2565 et
3011 2505 3478 2580 multiplicabam
3503 2506 3757 2578 ﬂagella,

2100 2605 2165 2655 ut
2193 2599 2465 2673 quaelibet
2485 2599 2744 2672 corporis
2770 2615 2906 2670 pars
2951 2596 3141 2670 plagis
3199 2598 3269 2652 ad
3339 2595 3755 2667 corrigendum

2099 2690 2327 2746 idoneis
2361 2689 2704 2762 operiretur.
2751 2689 2935 2753 Certe,
2996 2687 3228 2758 quando
3281 2683 3753 2756 delinquentium

2097 2775 2356 2848 peccatis
2412 2774 2738 2831 remedium
2799 2773 2992 2828 afferri
3048 2777 3258 2844 potest,
3340 2770 3756 2826 interminatur

2096 2865 2398 2936 Scriptura
2426 2865 2546 2919 fore
2568 2869 2632 2918 ut
2659 2862 2856 2918 visitet
2879 2861 3164 2917 Dominus
3184 2875 3386 2916 eorum
3406 2859 3754 2930 iniquitates

2096 2953 2156 3008 in
2189 2954 2374 3024 virga,
2409 2958 2465 3007 et
2496 2968 2697 3008 eorum
2723 2951 3050 3023 injustitias
3080 2950 3140 3004 in
3171 2950 3514 3005 verberibus
3544 2949 3560 2982 ¹
3588 2973 3602 3016 ;
3649 2950 3752 3004 sed

2098 3041 2191 3096 his
2224 3041 2325 3111 qui
2358 3039 2768 3095 insanebiliter
2785 3042 3169 3110 peccaverunt
3190 3037 3334 3093 dicit
3357 3053 3369 3090 :
3395 3038 3541 3106 Quid
3569 3035 3752 3092 adhuc

2094 3129 2499 3199 percutiamini
2515 3127 2543 3182 ?
2564 3127 2796 3198 Experti
2839 3126 3040 3197 plagas
3063 3141 3286 3191 omnes,
3307 3126 3506 3180 omnia
3535 3125 3751 3196 quibus

2103 3216 2372 3287 castigati
2435 3217 2627 3271 fuistis
2681 3214 2910 3287 ﬂagella
2960 3214 3425 3284 contempsistis.
3467 3212 3750 3269 Contritio

2103 3322 2204 3359 vos
2229 3309 2446 3359 manet.
2481 3309 2611 3358 Haec
2652 3320 2761 3359 vox
2802 3308 2893 3358 est
2943 3302 3268 3358 deficientis
3326 3307 3383 3358 et
3441 3303 3513 3357 de
3559 3317 3751 3356 corre-

2101 3394 2292 3449 ctione
2318 3393 2708 3464 desperantis,
2741 3393 3244 3463 quemadmodum
3299 3392 3359 3446 in
3411 3391 3748 3448 Ezechiele:

2099 3484 2260 3538 Zelus
2277 3499 2434 3537 meus
2464 3482 2726 3537 recedeta
2786 3487 2860 3547 te,
2915 3490 2968 3537 et
3025 3497 3136 3536 non
3191 3483 3407 3536 irascar
3461 3481 3749 3536 adversum

2099 3581 2150 3628 te
2181 3572 2222 3628 ³.
2257 3576 2432 3627 Porro
2453 3587 2520 3626 ex
2545 3571 2618 3626 iis
2648 3571 3110 3637 calamitatibus,
3142 3587 3270 3642 quae
3297 3570 3591 3639 eveniunt,
3624 3567 3748 3624 alias

2099 3662 2337 3733 quidem
2370 3661 2643 3716 accidunt
2673 3661 2744 3715 ad
2778 3660 3078 3730 punienda
3107 3665 3364 3732 peccata,
3397 3658 3521 3714 alias
3545 3661 3614 3715 ad
3629 3675 3750 3714 m0-

2097 3767 2189 3805 res
2210 3766 2414 3805 eorum
2437 3750 2535 3820 qui
2567 3754 2870 3804 tentantur
2898 3749 3316 3816 emendandos,
3367 3749 3492 3803 aliis
3532 3748 3604 3803 ad
3645 3763 3774 3808 eos.

2096 3839 2194 3909 qui
2217 3839 2602 3909 desperantur
2625 3839 2985 3905 atterendos,
3007 3842 3074 3892 ut
3101 3837 3160 3891 in
3185 3835 3506 3892 Pharaone.
3540 3837 3746 3907 Itaque

2095 3930 2355 3986 hisa90
2384 3935 2669 4002 tanquam
2703 3929 3030 4001 desperatis
3069 3945 3182 3984 non
3206 3929 3334 4000 jam
3383 3927 3587 4000 plagas
3641 3931 3745 3984 aut

2096 4019 2345 4092 ﬂagella,
2379 4021 2479 4076 sed
2509 4019 2812 4074 interitum
2850 4018 3125 4073 minatur.
3161 4018 3330 4074 Omne
3359 4023 3524 4088 caput
3555 4019 3616 4072 in
3664 4019 3742 4073 la-

2096 4109 2237 4178 bore,
2270 4118 2323 4164 et
2345 4124 2502 4165 omne
2521 4124 2612 4163 cor
2640 4110 2702 4162 in
2729 4108 2980 4163 tristitia.
3005 4109 3166 4172 Quod
3200 4107 3392 4162 adhuc
3449 4107 3741 4178 percutia-

2093 4197 2237 4253 mini
2261 4215 2382 4267 vos,
2407 4213 2654 4268 quorum
2686 4202 2813 4251 tum
2849 4212 3089 4267 corpora
3118 4199 3244 4250 tum
3268 4195 3478 4250 animae
3539 4195 3741 4268 ﬂagris

2091 4290 2329 4346 concisa
2358 4292 2518 4356 sunt,
2551 4303 2655 4342 nec
2685 4292 2884 4342 tamen
2910 4285 3154 4342 correcti
3183 4287 3326 4342 estis
3346 4287 3374 4342 ‘I
3403 4287 3620 4359 quippe
3653 4304 3746 4344 ca-

2091 4382 2199 4451 put
2234 4393 2407 4432 omne
2427 4376 2625 4432 dolore
2657 4376 2972 4444 cruciatur,
3003 4379 3063 4430 et
3111 4391 3208 4430 cor
3263 4391 3438 4430 omne
3496 4392 3745 4432 mmrore

2093 4467 2368 4523 afﬁcitur.
2404 4465 2664 4521 Profecto
2709 4465 2968 4536 corporis
3017 4464 3348 4520 membrum
3407 4480 3512 4536 per
3567 4469 3745 4536 caput

2094 4573 2211 4613 non
2245 4555 2539 4628 intelligit,
2574 4560 2855 4625 tanquam
2887 4553 3001 4625 ipsi
3054 4553 3162 4609 soli
3203 4553 3485 4609 insideret
3535 4553 3738 4610 dolor:

329 4629 450 4690 ϐετε
510 4637 623 4710 (19)
675 4636 776 4712 γὰρ
837 4638 1094 4713 ἀπαρχὴν
1141 4641 1330 4730 πάσης
1380 4645 1695 4714 συναγωγῆς
1737 4639 1978 4715 Ἰσραὴλ,

2103 4646 2186 4700 sed
2216 4647 2387 4716 juxta
2417 4645 2730 4715 Scripturze
2758 4641 3269 4708 consuetudinem,
3304 4657 3406 4713 per
3434 4657 3594 4697 omne
3647 4658 3738 4698 ca-

328 4725 465 4779 κατά
539 4726 872 4801 συγγενείας,
930 4725 1067 4781 κατά
1138 4722 1373 4798 δήμους,
1425 4728 1542 4782 κατ’
1614 4727 1798 4791 οἷ’κους
1882 4750 1981 4784 πα-

327 4817 519 4890 τριῶν,
578 4815 715 4870 κατά
794 4813 1022 4891 ἀριθμὸν
1113 4814 1164 4884 ἑξ
1245 4815 1514 4888 ὀνόματος
1599 4816 1791 4886 αὐτῶν,
1846 4821 1982 4874 κατά

327 4902 570 4982 κεφαλὴν
629 4903 828 4961 αΰτῶν.
874 4901 1098 4973 Ἐπειδὴ
1151 4905 1253 4980 γὰρ
1314 4903 1442 4960 ὅλον
1491 4906 1553 4960 τὸ
1594 4903 1746 4969 ἔθνος
1804 4909 1979 4983 ἀμαρ-

323 4992 530 5068 τωλὸν,
560 4992 650 5049 καὶ
709 4999 813 5057 πᾶς
857 4994 885 5049 ὁ
945 4991 1078 5057 λαὸς
1123 4993 1350 5071 πλήρης
1392 4994 1656 5069 ἀνομιῶν,
1681 4993 1771 5051 διὸ.
1819 5001 1979 5052 τοῦτο

395 5207 436 5241 ⁸⁷
458 5207 614 5265 Psal.
645 5225 818 5277 Lxxn,
849 5210 940 5265 27.
1019 5209 1063 5246 9⁸
1082 5209 1271 5268 Eccle.
1303 5227 1405 5280 vn,
1439 5211 1525 5266 11.
1605 5212 1647 5255 θθ
1679 5210 1881 5268 Ezech.
1904 5228 2067 5281 xvm,
2099 5213 2190 5270 24.

541 5415 1030 5496 geg._secundus,
1064 5411 1462 5496 ἀγαποδίζεται.

394 5487 508 5562 (15)
543 5487 716 5562 Editi,
749 5487 996 5562 opiv._At
1025 5489 1284 5562 quinque
1301 5507 1471 5556 mss.,
1499 5489 1657 5560 ἡμῖν.

322 5559 512 5685 tog?
543 5559 718 5625 Editi,
750 5557 878 5615 ἀλλ’
909 5558 962 5614 έν
989 5557 1088 5632 τῷ.
1113 5557 1630 5635 At'mss.quinque
1662 5562 1796 5619 etin
1829 5579 1968 5618 con-

394 5702 508 5776 (17)
531 5701 772 5761 Codices
803 5707 945 5775 tres,
967 5700 1226 5775 Ἰιξεκιήλ
1259 5723 1443 5780 φησιν.

2085 4739 2208 4806 put,
2241 4731 2666 4804 homoquilibet
2694 4731 3076 4801 signiﬁcatur.
3107 4732 3348 4803 Accipite
3367 4732 3512 4787 enim
3534 4731 3738 4802 primi-

2090 4823 2200 4878 tias
2230 4823 2409 4877 omnis
2437 4835 2734 4893 synagoga
2764 4820 2959 4888 Israel,
3012 4820 3311 4875 secundum
3356 4821 3728 4889 cognationes,

2090 4910 2388 4966 secundum
2414 4907 2668 4982 populos,
2701 4908 2995 4964 secundum
3028 4909 3212 4965 domos
3263 4911 3594 4980 patriorum,
3646 4924 3739 4963 se-

2089 4999 2330 5056 cundum
2357 5014 2652 5054 numerum
2675 5014 2744 5054 ea:
2771 4999 2992 5054 nomine
3035 5013 3244 5065 corum,
3297 4997 3594 5054 secundum
3649 5013 3742 5054 ca-

2269 5213 2284 5247 ι
2317 5212 2475 5270 Peal.
2509 5213 2777 5287 Lxxxvlu,
2798 5215 2888 5270 23.
2965 5212 3212 5270 ’Eezch.
3271 5230 3388 5283 xw,
3434 5213 3524 5270 42.

2145 5419 2260 5491 (18)
2309 5417 2458 5492 Editi
2521 5423 2580 5474 et
2627 5420 2763 5492 Δ(Ιιιο
2822 5435 2966 5477 mss.
3029 5414 3545 5492 σκυθρωπευούσης.
3617 5420 3737 5477 Alii

2080 5487 2744 5566 tré_s,_'o'xuilpw1ral;060’nc
2755 5533 2768 5546 .

2154 5562 2266 5634 (19)
2296 5561 2396 5634 Si_c‘
2422 5579 2635 5634 omnes
2664 5561 2851 5634 nostri
2879 5577 3020 5617 mss.
3045 5567 3102 5619 et
3126 5561 3348 5634 Anglic.
3379 5577 3518 5620 'cum
3538 5563 3736 5634 editis,

2082 5631 2339 5708 ᾼιξιχχ,
2364 5631 2558 5688 λάοετε
2587 5633 2790 5708 ἀρχήν,
2825 5633 3035 5690 Sumite
3071 5631 3434 5707 principium.
3483 5631 3737 5706 Vulgata

2088 5705 2277 5762 Tollite
2303 5721 2598 5762 summam.
