4154 6390
418 352 533 415 “'1

1351 350 1751 412 APPENDIX
1795 350 2124 415 OPERUM
2168 351 2235 412 S.
2283 350 2569 413 BASILII
2615 351 2892 414 MAGNI.

3721 344 3843 407 “8

418 489 521 559 put
547 500 734 543 corum
757 486 801 541 ³.
832 488 978 540 Nam
1012 501 1143 540 cum
1186 487 1308 540 tota
1337 499 1482 556 gens
1516 484 1803 556 peccatrix
1842 484 1938 552 sit,
1968 501 2066 556 po-

2194 483 2275 537 καὶ
2307 484 2342 552 ἡ
2390 481 2616 543 κόλασις
2664 481 2752 538 ἐπὶ
2803 483 3007 543 πάντας
3056 476 3268 559 ἔφθασε,
3318 482 3405 536 καὶ
3461 483 3608 535 πᾶσα
3652 476 3855 553 καρδία

420 575 719 647 pulusque
752 575 948 629 omnis
981 573 1235 644 peccatis
1268 572 1496 645 plenus,
1532 573 1605 629 ob
1636 572 1692 627 id
1744 574 1816 628 ad
1877 589 2082 629 omnes

423 664 688 736 pervenit
716 661 1095 735 supplicium,
1129 662 1177 715 ei
1211 678 1382 718 omne
1414 679 1513 718 cor
1542 667 1768 733 mmret,
1801 663 2080 734 quoniam

423 755 486 811 in
517 753 913 826 captivitatem
934 754 1005 809 ob
1037 757 1273 825 peccata
1314 770 1422 808 sua
1480 753 1770 809 abductus
1824 753 2079 826 populus

425 847 535 899 est.
567 846 745 899 Vsus.
768 844 883 899 6.11
915 843 1142 914 pedibus
1182 858 1352 914 usque
1383 842 1453 898 ad
1500 847 1664 915 caput
1718 859 1830 899 non
1886 856 1963 899 est
2019 845 2079 897 in

423 948 486 989 eo
512 934 747 1002 sanitas,
779 948 955 1004 neque
991 932 1214 1000 vulnus,
1246 948 1419 1004 neque
1463 934 1623 999 livor,
1683 949 1858 1003 neque
1912 933 2081 1003 plaga

423 1031 662 1078 tumens.
691 1025 853 1077 Hanc
882 1037 1108 1087 vocem,
1139 1026 1322 1093 caput,
1367 1038 1471 1093 pro
1527 1025 1650 1077 toto
1704 1022 1927 1093 accepit
1975 1020 2078 1077 bo-

423 1110 602 1165 mine.
636 1110 677 1165 Α
708 1108 938 1180 pedibus
966 1126 1141 1181 usque
1173 1110 1243 1165 ad
1272 1120 1436 1181 caput
1483 1126 1595 1166 non
1625 1114 1703 1166 est
1752 1112 1814 1165 in
1867 1126 1932 1165 eo
1987 1126 2077 1165 sa-

421 1200 569 1255 nitas
590 1216 610 1255 :
632 1214 808 1270 neque
828 1198 1058 1268 vulnus,
1086 1214 1261 1270 neque
1285 1200 1442 1267 livor,
1460 1216 1634 1272 neque
1641 1198 1814 1271 plaga
1826 1208 2072 1267 tumens;

424 1293 731 1360 propterea
758 1288 914 1359 quod
940 1287 1013 1343 ob
1040 1289 1503 1360 unumquodque
1525 1293 1827 1360 peccatum
1854 1288 2078 1344 invecta

423 1381 568 1433 sunt
591 1375 823 1448 ﬂagella
853 1378 924 1433 ab
943 1394 1011 1433 eo
1043 1377 1142 1449 qui
1176 1377 1439 1449 ipsorum
1465 1394 1667 1434 curam
1694 1377 2073 1450 suscipiebat.

431 1465 672 1535 Deinde,
714 1482 846 1521 cum
878 1465 1114 1537 vulnus,
1148 1467 1552 1522 continuitatis
1584 1468 1842 1539 corporis
1872 1467 2078 1524 sitdis-

431 1552 929 1621 solutio,discissa
955 1556 1014 1611 in
1037 1556 1247 1626 exigua
1276 1556 1473 1627 aliqua
1503 1562 1666 1630 parte
1695 1557 2079 1628 connexione,

427 1643 625 1716 sitque
649 1643 795 1701 livor
824 1644 1008 1717 plagas
1040 1644 1352 1717 vestigium
1385 1646 1984 1713 subcruentum,cum
2010 1664 2078 1702 ex

428 1732 644 1789 duritie
675 1737 733 1789 et
764 1735 1079 1806 asperitate
1101 1734 1379 1791 caedentis
1410 1737 1795 1791 contunditur
1834 1753 2078 1808 .corpus,

426 1821 658 1894 hocque
683 1823 996 1895 vestigium
1021 1824 1079 1877 in
1114 1823 1312 1896 aliqua
1341 1829 1502 1895 parte
1531 1824 1895 1897 imprimitur
1918 1842 2077 1893 ;cum

424 1909 629 1967 itidem
661 1910 1011 1984 phlegmone
1038 1912 1479 1984 tumorignitus
1502 1913 1599 1979 sit,
1632 1915 1867 1985 quando
1916 1915 2071 1969 scili-

427 2005 517 2055 cet
538 2001 817 2057 humores
840 2000 900 2056 in
932 2001 1230 2057 infirmam
1264 2018 1331 2057 ac
1361 2002 1613 2058 debilem
1648 2008 1874 2075 partem
1934 2020 2075 2058 con-

427 2088 643 2156 ﬂuunt,
674 2093 733 2145 et
768 2089 917 2146 male
948 2091 1216 2147 atl'ectam
1277 2089 1469 2148 calore
1526 2097 1746 2147 naturze
1789 2094 2077 2148 contrarie

430 2179 789 2247 accendunt;
824 2178 965 2251 quid
997 2180 1067 2235 de
1088 2177 1184 2235 bis
1214 2179 1360 2234 dicit
1388 2179 1707 2252 Scriptura,
1731 2181 1831 2253 qui
1862 2180 1965 2236 toti
1988 2181 2075 2237 in-

432 2267 711 2325 ﬁrmitate
742 2287 985 2342 prorsus
1014 2270 1264 2343 correpti
1288 2274 1427 2327 sunt
1456 2270 1485 2325 ?
1513 2276 1636 2327 Non
1664 2272 2078 2341 utvulnus,in-

435 2357 584 2430 quit,
617 2375 734 2415 non
767 2363 834 2415 ut
864 2359 1033 2429 livor,
1064 2376 1179 2416 non
1205 2365 1272 2415 ut
1301 2360 1473 2434 plaga
1503 2366 1773 2418 tumens:
1798 2362 1880 2418 ita
1908 2363 2082 2437 aegri-

433 2448 579 2505 tudo
609 2453 803 2505 vestra
831 2466 933 2505 vos
966 2451 1307 2521 occupavit;
1341 2451 1439 2505 sed
1474 2450 1830 2522 conjunctim
1864 2451 2085 2523 ingruit

432 2537 599 2593 vobis
623 2536 870 2608 malum,
899 2538 979 2593 ita
1009 2543 1074 2594 ut
1103 2542 1347 2594 confusa
1380 2539 1500 2595 sint
1555 2541 1776 2609 omnia,
1826 2542 2087 2613 adeoque

431 2625 555 2681 sint
582 2625 822 2694 vulnus,
855 2626 1021 2699 livor,
1054 2632 1108 2682 et
1131 2627 1322 2700 plaga.
1354 2629 1472 2684 Non
1515 2638 1594 2684 est
1639 2630 1916 2701 malagma
1976 2631 2084 2685 im-

428 2731 650 2787 ponere,
682 2732 858 2789 neque
888 2718 1088 2783 oleum,
1120 2733 1295 2789 neque
1340 2718 1672 2789 ligamenta.
1707 2720 2088 2791 Quandoqui-

2192 569 2436 646 λυπηρὰ,
2468 572 2544 633 είς
2577 570 2965 647 αἰχμαλωσίαν
2998 569 3268 645 ἀγομένου
3299 571 3411 642 (20)
3440 572 3537 625 τοῦ
3575 567 3713 624 λαοῦ
3758 565 3851 623 διὰ

2188 663 2257 717 τὰ
2331 665 2746 739 ἁμαρτήματα.
2802 664 2933 720 Ἀπὸ
3000 659 3187 717 ποδῶν
3262 657 3368 723 ἓως
3445 660 3693 736 κεφαλῆς
3750 658 3853 714 οὐκ

2189 747 2330 807 ἔστιν
2385 751 2437 807 ἐν
2498 753 2645 825 αὐτῷ
2703 751 3034 826 ὁλοκληρία,
3093 750 3215 806 οὔτε
3269 755 3505 826 τραῦμα,
3543 747 3666 805 οὔτε
3725 750 3844 823 μώ-

2190 838 2335 914 λωψ,
2386 838 2510 896 οὔτε
2568 840 2756 917 πληγή
2819 839 3251 918 φλεγμαίνουσα.
3312 840 3413 907 Τὸ,
3466 836 3711 917 Κεφαλὴ,
3757 836 3849 892 ἐπὶ

2191 928 2328 983 ὅλου
2369 924 2534 984 ἔλαϐε
2560 934 2658 984 τοῦ
2690 931 3000 1005 ἀνθρώπου.
3032 930 3172 987 Ἀπὸ
3217 925 3400 983 ποδῶν
3444 926 3549 990 ἓως
3602 924 3850 1005 κεφαλῆς

2188 1017 2293 1074 οὐκ
2347 1017 2489 1073 ἔστιν
2548 1019 2602 1074 ἐν
2656 1019 2803 1092 αὐτῷ
2872 1017 3204 1092 ὁλοκληρία,
3256 1014 3380 1073 οὔτε
3430 1020 3667 1093 τραῦμα,
3720 1013 3850 1071 οὕτε

2191 1105 2449 1182 μώλωψ,
2506 1106 2628 1164 οὔτε
2702 1108 2894 1184 πληγὴ
2954 1106 3403 1187 φλεγμαίνουσα’
3458 1104 3548 1161 διὰ
3611 1104 3708 1168 τὰς
3765 1104 3851 1183 ἐφ’

2188 1196 2396 1270 ἑκάστῳ
2426 1198 2783 1274 ἁμαρτήματι
2833 1203 2980 1271 παρὰ
3035 1201 3133 1252 τοῦ
3198 1193 3605 1269 ἂπιμελομὲνου
3662 1194 3842 1250 αὐτῶν

2187 1286 2557 1364 ἐπενεχθείσας
2620 1292 2907 1361 μάστιγας.
2956 1286 3087 1343 Εἶτα
3142 1282 3335 1355 ἔπειδὴ
3407 1288 3622 1359 τραῦμα
3691 1282 3852 1348 λύσις

2185 1374 2299 1431 ἐστὶ
2355 1383 2455 1438 τοῖς
2504 1381 2601 1431 τοῦ
2660 1376 2916 1449 σώματος
2977 1374 3281 1450 συνεχείας,
3339 1374 3475 1428 κατᾶ
3535 1371 3732 1449 μικρόν
3792 1394 3846 1429 τι

2192 1464 2355 1542 μέρος
2401 1472 2502 1535 τῆς
2557 1465 2847 1540 συναφείας
2885 1463 3266 1535 διακοπείσης·
3297 1461 3387 1519 καὶ
3436 1463 3510 1525 ὡς
3562 1462 3592 1517 ὁ
3629 1460 3850 1537 μώλωψ

2192 1551 2347 1630 ἴχνος
2373 1554 2486 1610 ἐστὶ
2516 1554 2734 1629 πληγῆς
2765 1554 3025 1629 ὕφαιμον,
3059 1552 3383 1619 θλασθιντος
3439 1555 3539 1607 τοῦ
3591 1551 3850 1625 σώματος

2189 1642 2249 1699 ἐκ
2275 1651 2376 1714 τῆς
2402 1643 2714 1705 ἀντιτυπίας
2745 1648 2843 1699 τοῦ
2873 1641 3204 1713 πλήξαντος,
3238 1642 3329 1697 καὶ
3386 1645 3546 1696 τοῦτο
3607 1636 3666 1696 δὶ
3711 1642 3852 1696 κατά

2186 1753 2239 1786 τι
2292 1735 2456 1808 μέρος
2528 1732 2868 1788 συνίσταται·
2923 1733 3012 1788 καὶ
3065 1734 3100 1801 ἡ
3161 1729 3446 1808 φλεγμονή
3516 1725 3680 1804 ὄγκος
3732 1728 3847 1785 ἐστὶ

2186 1820 2471 1898 πυρώδης,
2515 1821 2852 1898 συρρεόντων
2899 1819 2986 1876 ἐπὶ
3033 1820 3098 1876 τὸ
3144 1819 3439 1889 ἆσθενῆσαν
3496 1818 3659 1894 μέρος
3731 1823 3844 1874 τῶν

2190 1912 2388 1987 ὑγρῶν,
2417 1912 2508 1965 καὶ
2555 1914 2623 1984 τῇ
2672 1912 2819 1984 παρὰ
2862 1910 3019 1986 φύσιν
3082 1908 3348 1985 θερμασίᾳ
3407 1905 3720 1987 φλεγόντων
3777 1908 3843 1964 τὸ

2185 2000 2476 2064 πεπονθός·
2511 2001 2539 2055 ὁ
2600 1999 2769 2075 λόγος
2821 1999 2874 2054 τί
2932 2020 3064 2077 φησι
3094 1998 3218 2073 περὶ
3247 2003 3356 2053 τῶν
3396 1994 3541 2053 ὅλων
3593 1995 3661 2053 δι’
3704 1995 3843 2053 ὅλου

2185 2089 2255 2165 τῇ
2302 2090 2545 2162 ἀσθενείᾳ
2589 2088 3089 2164 κπειλημμένωνς
3133 2092 3257 2147 ’Ὁτι
3318 2089 3427 2165 οὐχ
3475 2089 3550 2153 ὡς
3599 2091 3842 2165 τραῦμα,

2190 2180 2376 2259 φησὶν,
2410 2177 2537 2235 οὐδὲ
2567 2181 2640 2242 ὡς
2673 2179 2911 2254 μώλωψ,
2947 2177 3072 2236 οὐδὲ
3100 2179 3205 2242 ὡς’
3229 2178 3419 2256 πληγή
3471 2175 3843 2257 φλεγμαίνου-

2192 2291 2277 2339 σα,
2312 2270 2486 2333 οῧτως
2520 2271 2671 2344 ὑμῶν
2704 2272 2739 2341 ἡ
2784 2270 3057 2347 ἀρρωστία
3111 2269 3313 2344 ἥψατο,
3346 2266 3493 2325 ἀλλᾶ
3542 2267 3847 2342 ὖνωμόνως

2193 2359 2454 2417 ἐπίκειται
2516 2360 2643 2433 ὑμῖν
2689 2361 2753 2415 τὸ
2799 2361 2991 2431 κακὸν,
3031 2360 3104 2421 ὡς
3159 2360 3332 2414 πάντα
3389 2357 3523 2414 εἶναι
3578 2377 3850 2434 συγκεχυ-

2199 2451 2351 2525 μὲνα,
2385 2448 2476 2505 καὶ
2507 2453 2725 2524 τραῦμα
2756 2450 2890 2505 εἶναι
2924 2452 3056 2521 (21),
3089 2448 3179 2504 καὶ
3242 2445 3520 2521 μώλωπα,
3567 2445 3656 2502 καὶ
3705 2446 3853 2514 πλη-

2193 2542 2318 2617 γήν.
2381 2539 2492 2594 Οὐκ
2558 2538 2669 2594 ἔστι
2750 2538 3017 2615 μάλαγμα
3092 2538 3378 2607 ἐπιθεῖναι,
3435 2534 3558 2591 οὔτε
3640 2533 3852 2607 ἔλαιον,

2198 2626 2320 2685 οὔτε
2376 2626 2773 2702 καταδέσμους.
2835 2625 3058 2696 Ἐπειδή
3121 2628 3255 2703 ὑπὲρ
3312 2630 3530 2701 τραῦμα
3582 2624 3674 2679 καὶ
3728 2623 3854 2699 μώ-

2199 2716 2361 2773 λωπα
2388 2718 2479 2772 καὶ
2507 2718 2735 2793 πληγὴν
2772 2715 3211 2796 φλεγμαίνουσαν
3269 2717 3305 2785 ἡ
3354 2713 3627 2792 ἀρρωστία
3681 2714 3850 2788 εστὶν,

432 2806 566 2862 dem
589 2805 712 2861 haec
741 2805 1040 2877 aegritudo,
1059 2806 1513 2879 vulnere,livore
1528 2826 1592 2864 ac
1626 2808 1795 2880 plaga
1823 2814 2078 2866 tumente

2201 2806 2300 2862 οὐκ
2328 2800 2439 2862 ἔστι
2501 2805 2765 2882 μάλαγμα
2814 2805 3100 2874 ἐπιθεῖναι,
3143 2805 3216 2867 ὡς
3263 2803 3400 2880 πρὸς
3444 2804 3545 2873 τὴν
3599 2801 3848 2879 πληγὴν,

432 2896 597 2969 pejor
624 2899 742 2963 est;
776 2913 891 2951 non
932 2901 1022 2952 est
1052 2894 1349 2969 malagma
1371 2898 1675 2970 imponere
1707 2904 1989 2970 tanquam
2016 2898 2078 2953 ad

2201 2894 2324 2952 οὐδὲ
2356 2894 2538 2951 ἔλαιον
2569 2895 2643 2957 ὡς
2692 2895 2820 2971 τρὸς
2876 2895 2941 2950 τὰ
2996 2893 3300 2970 τραύματα.
3332 2892 3412 2951 Οὖ
3463 2892 3646 2970 χρεία,
3691 2894 3847 2972 φησὶ,

431 2984 689 3057 plagam,
720 3001 910 3056 neque
940 2985 1157 3058 oleum,
1191 2992 1255 3042 ut
1285 2986 1358 3042 ad
1386 2987 1647 3043 vulnera.
1684 2987 1807 3042 Non
1835 2989 2078 3059 jam,in-

2198 2994 2299 3058 τῆς
2331 2986 2436 3041 ἀπὸ
2464 2984 2672 3040 τούτων
2727 2984 2979 3060 βοηθείας
3006 3003 3019 3017 ·
3061 2984 3278 3058 μείζονα
3324 2982 3430 3060 γὰρ
3474 2983 3542 3039 τὰ
3588 2983 3850 3058 συμπτώ-

431 3076 582 3148 quit,
616 3092 765 3148 opus
797 3081 884 3132 est
917 3076 1078 3133 bisoe
1110 3077 1387 3134 remediis
1415 3096 1428 3134 :
1457 3079 1675 3151 quippe
1705 3079 1931 3151 majora
1951 3085 2078 3135 sunt

2204 3098 2345 3151 ματα
2374 3077 2410 3147 ἢ
2457 3076 2596 3131 ὥστε
2651 3076 2872 3138 τούτοις
2929 3072 3198 3131 ἐνδοῦναι.
3242 3074 3533 3151 Τραύματα
3588 3076 3699 3148 (22)
3749 3074 3846 3146 μὲν

434 3170 833 3239 symptomata
862 3182 1038 3240 quam
1074 3171 1139 3222 ut
1163 3167 1327 3223 hisce
1368 3168 1816 3225 medicamentis
1855 3169 2078 3226 cedant.

2203 3165 2293 3222 οὖν
2348 3164 2459 3222 ἐστι
2516 3165 2585 3221 τὰ
2641 3164 2693 3221 ἂν
2728 3164 3028 3237 Ἐκκλησία
3082 3164 3401 3241 σχίσματα·
3438 3161 3708 3238 μώλωπες
3767 3158 3849 3230 δὶ,

435 3255 639 3326 Itaque
670 3254 914 3311 vulnera
937 3261 1080 3312 sunt
1138 3257 1404 3312 Ecclesia:
1457 3257 1818 3314 schismata:
1868 3259 2078 3315 vibices

2200 3257 2255 3311 αἱ
2287 3255 2521 3313 ὕπουλοι
2554 3252 2776 3331 καρδίαι
2801 3275 2814 3288 ⁸
2850 3253 3132 3333 φλεγμονὴ
3191 3251 3271 3322 δὲ,
3301 3251 3523 3327 ἔπαρσις
3568 3254 3752 3329 ψυχῆς
3801 3250 3857 3322 ιε

434 3362 572 3402 vero
602 3346 931 3401 oordasunt
962 3347 1214 3403 subdola
1243 3353 1299 3403 et
1320 3348 1549 3405 fallacia
1574 3366 1587 3406 :
1615 3349 1965 3422 phlegmone
1986 3368 2078 3406 au-

2203 3341 2412 3422 ἀλόγου
2460 3344 2696 3416 οἰήσεως
2748 3343 3235 3421 όγκουμᾶνης,καὶ
3284 3339 3375 3398 διὰ
3427 3347 3590 3399 τοῦτο
3637 3340 3862 3416 ἐπαιρο-

435 3441 555 3491 tem
589 3435 770 3492 animi
801 3441 892 3492 est
920 3435 1115 3505 elatio,
1151 3454 1220 3493 ex
1248 3438 1480 3494 insulsa
1521 3440 1800 3511 opinione
1835 3439 2078 3496 intume-

2209 3434 2369 3509 μένης
2399 3434 2535 3489 κατὰ
2563 3441 2666 3504 τῆς
2694 3434 2949 3509 γνώσεως
2990 3437 3088 3487 τοῦ
3137 3436 3399 3507 Χριστοῦ.
3432 3430 3716 3507 Μάλαγμα
3763 3431 3859 3505 μὶν

438 3524 678 3595 scentis,
710 3529 885 3598 atque
915 3524 988 3581 ob
1019 3542 1147 3581 eam
1180 3543 1303 3582 rem
1331 3527 1623 3583 elierentis
1654 3545 1782 3585 sese
1814 3529 2078 3585 adversus

2207 3522 2297 3579 οὖν
2342 3522 2482 3579 ἐστιν
2515 3524 2543 3577 ὁ
2580 3521 2715 3596 μετᾶ
2760 3523 3070 3597 πραότητος
3118 3520 3208 3576 καὶ
3257 3520 3549 3583 ἰπιεικείας
3592 3540 3858 3575 ταπεινω-

438 3611 653 3669 Christi
682 3613 1015 3670 scientiam.
1049 3614 1229 3671 Porro
1259 3615 1553 3689 malagma
1575 3622 1664 3673 est
1694 3634 1887 3674 sermo
1921 3635 2078 3674 man.

2202 3613 2355 3676 τικὸς
2402 3617 2511 3667 τῶν
2566 3612 2810 3686 ματαίων
2865 3609 3179 3687 φυσιώσεων
3237 3609 3438 3687 λόγος’
3472 3607 3655 3665 ἔλαιον
3712 3606 3790 3678 δὲ,
3823 3608 3852 3664 ὁ

364 3768 371 3773 ,
439 3702 740 3757 euetudini
772 3702 1122 3774 lenitatique
1153 3705 1524 3776 conjunctus,
1558 3707 1662 3779 qui
1691 3724 1875 3763 vanas
1908 3708 2078 3779 depri

2209 3702 2344 3777 μετὰ
2372 3698 2559 3757 οἷ’κτου
2590 3700 2680 3756 καὶ
2713 3699 3049 3773 συμπαθείας
3075 3701 3141 3756 τὸ
3179 3697 3408 3777 δολερὸν
3466 3698 3555 3754 καὶ
3616 3696 3854 3754 ὕπουλον

440 3790 550 3846 mit
578 3790 857 3847 elationes
884 3809 897 3847 :
930 3792 1122 3848 oleum
1154 3810 1310 3863 vero,
1343 3810 1532 3850 sermo
1563 3799 1650 3850 est
1684 3812 1800 3867 quo
1850 3797 2078 3853 fraudu-

2205 3791 2295 3847 καὶ
2339 3788 2515 3866 τραχὺ
2570 3794 2678 3844 τῶν
2747 3788 2798 3844 ὲν
2834 3789 3110 3866 ὑποκρίσει
3154 3786 3509 3864 ψευδολόγων
3562 3785 3862 3844 καταλεαί-

439 3879 620 3950 lenta,
643 3880 894 3937 subdola
920 3885 979 3937 ct
1008 3898 1218 3953 aspera
1246 3881 1520 3939 simulate
1544 3883 1811 3956 falsoque
1845 3883 2078 3956 loquen-

2205 3900 2333 3936 νων·
2365 3876 2705 3954 καταὸεσμος
2736 3876 2814 3950 δὶ,
2847 3877 3010 3957 λόγος
3043 3879 3071 3935 ὁ
3108 3879 3178 3935 τὰ
3222 3878 3358 3955 πρὸς
3398 3875 3670 3934 διάστασιν
3704 3875 3860 3933 ἔπει-

440 3968 590 4027 tium
621 3969 799 4026 verba
819 3969 1123 4027 leniuntur
1144 3986 1277 4028 cum
1312 3972 1717 4029 misericordia
1746 3978 1803 4029 et
1840 3973 2078 4030 commi-

2205 3971 2412 4047 γόμενα
2443 3974 2785 4046 συγκρατῶν.

441 4058 755 4116 seratione.
782 4057 1188 4132 Ligamentum
1218 4062 1452 4118 tandem
1482 4078 1676 4119 sermo
1710 4067 1820 4131 est,
1880 4079 2030 4136 quos
2059 4061 2238 4119 simul
2269 4078 2337 4118 ea
2366 4076 2493 4132 quae
2524 4060 2599 4118 ad
2630 4058 3063 4118 dissensionem
3090 4057 3474 4127 festinabant,
3517 4060 3867 4116 coercentur

444 4151 505 4205 et
533 4148 881 4205 retinentur.

516 4238 601 4294 19.
643 4241 820 4296 Vens.
844 4242 899 4295 7.
934 4240 1101 4297 Terra
1128 4250 1307 4297 vestra
1339 4240 1576 4313 deserta,
1605 4243 1858 4298 civitates
1901 4250 2078 4299 vestra

2277 4239 2371 4299 19.
2437 4238 2501 4296 Ἡ
2552 4240 2625 4315 γῆ
2677 4238 2829 4314 ὑμῶν
2904 4234 3138 4313 ἔρημυς,
3197 4238 3255 4293 αἱ
3292 4235 3482 4300 πόλεις
3543 4235 3697 4311 ὑμῶν
3755 4255 3864 4290 πυ-

439 4343 712 4386 succensa
741 4329 904 4401 igni;
930 4331 1208 4402 regionem
1239 4335 1479 4387 vestram
1509 4347 1695 4388 coram
1720 4333 1871 4388 vobis
1918 4332 2078 4389 alien

2208 4327 2517 4402 ρίκαυστοι·
2562 4329 2663 4399 τὴν
2722 4328 2910 4406 χώραν
2973 4328 3128 4402 ὑμῶν
3186 4325 3416 4383 ὶνώπιον
3477 4326 3630 4401 ὑμῶν
3691 4321 3870 4381 ἄλλό-

441 4417 1091 4475 άιυοναηιεειάεδοιαια
1121 4422 1219 4487 θεέ,
1270 4437 1457 4477 eversa
1509 4437 1544 4476 a
1600 4422 1824 4493 populi:
1871 4421 2073 4477 alienis

2205 4436 2348 4492 τριοι
2432 4416 2801 4474 κατεσθίουσιν
2885 4414 3052 4486 αὐτὴν
3090 4462 3105 4490 ,
3176 4415 3266 4472 καὶ
3349 4416 3648 4490 ἠρήμωται
3731 4433 3870 4470 κατ-

442 4505 929 4577 Quandoquidem
956 4506 1285 4580 desperavit
1306 4508 1375 4564 de
1400 4508 2078 4577 correctione,interituu

2208 4508 2553 4583 εστραμμινη
2616 4507 2720 4563 ὑπὸ
2780 4505 2927 4563 λαῶν
2988 4503 3321 4580 ἀλλοτρίων.
3365 4502 3591 4574 Ἐπειδὴ
3649 4502 3869 4581 ἀπίγνω

443 4568 882 4651 interminatur.
915 4568 1197 4653 Caeterum
1230 4596 1431 4654 isthwc
1457 4604 1717 4669 tempore
1748 4568 1895 4654 ἁθι
1935 4599 2078 4654 Isaia

2204 4568 2309 4665 τῆς
2352 4568 2717 4673 διορθώσεως,
2771 4594 2991 4652 ἀπειλεῖ
3044 4595 3138 4651 τὸν
3168 4568 3524 4671 ’ἀφανισμόι
3574 4568 3871 4648 ίΓαῧτίδὶ

448 4701 565 4741 non
594 4683 967 4758 contigerunt
994 4702 1007 4741 :
1033 4686 1135 4742 scd
1169 4687 1366 4742 futura
1388 4689 1555 4759 quasi
1581 4688 1708 4759 jam
1741 4688 1897 4743 facta
1925 4703 2078 4743 enar-

2208 4684 2308 4742 οὐκ
2336 4684 2424 4741 ἐπί
2451 4691 2560 4742 τῶν
2602 4686 2819 4763 χρόνων
2861 4682 3085 4743 Ἠσαίου
3116 4683 3337 4761 γέγονεν
3363 4702 3377 4717 ⁸
3432 4680 3579 4739 ἀλλὰ
3638 4680 3869 4752 σύνηθες

447 4788 580 4830 rare
606 4772 909 4845 Scriptura
945 4772 1114 4841 solet,
1176 4774 1262 4829 uti
1317 4781 1407 4830 est
1460 4773 1649 4829 illud:
1708 4773 1992 4830 Dederunt
2038 4776 2078 4829 i1

2205 4778 2276 4849 τῇ
2306 4774 2615 4855 προφητείᾳ
2643 4773 2712 4829 τὰ
2744 4773 3022 4847 μέλλοντα
3050 4774 3293 4850 γίνεσθαι
3319 4773 3394 4835 ὡς
3426 4768 3536 4843 ἤδη
3595 4770 3869 4846 γενόμενα

449 4879 626 4919 ucam
647 4877 829 4919 meam
854 4863 953 4934 fel,
985 4867 1039 4919 et
1062 4864 1122 4918 in
1142 4864 1243 4919 siti
1271 4879 1393 4919 mea
1414 4866 1749 4936 potaveruut
1776 4879 1863 4918 me
1879 4872 2032 4919 arcto
2054 4864 2077 4897 ‘

2209 4863 2412 4940 λέγειν,
2446 4865 2521 4927 ὡς
2577 4864 2661 4932 τὸ,
2704 4860 2951 4920 ’Έὸωκαν
3002 4863 3078 4925 είς
3126 4862 3188 4917 τὸ
3246 4863 3445 4938 βρῶμά
3501 4881 3605 4934 μου
3655 4857 3865 4936 χολὴν,

449 4952 756 5010 Enimvero
787 4968 918 5008 cum
953 4957 1110 5009 esset
1131 4951 1244 5009 sibi
1282 4968 1656 5024 persuasum,
1689 4953 1810 5008 fore
1849 4957 1914 5008 ut
1970 4969 2078 5024 qua

2208 4953 2297 5008 καὶ
2362 4952 2437 5015 είς
2486 4954 2586 5022 τὴν
2640 4950 2795 5027 δίψαν
2847 4972 2950 5025 μου
2999 4950 3251 5006 ἐπότισάν
3310 4972 3376 5024 με
3428 4947 3572 5022 ὅξος.
3609 4951 3708 5005 Διά
3755 4948 3859 5025 γὰρ

448 5042 729 5116 praedicta
759 5040 1273 5115 sunt,contingant
1295 5059 1310 5113 ;
1336 5045 1615 5113 tanquam
1633 5057 1700 5099 ea
1723 5040 1843 5099 sint
1864 5041 2078 5100 indubia

2209 5042 2309 5111 τὴν
2343 5043 2432 5097 ἐπὶ
2460 5045 2531 5116 τῇ
2563 5036 2781 5097 ἐκϐάσει
2814 5045 2923 5097 τῶν
2975 5038 3484 5118 προαγορευθίντων
3519 5041 3635 5114 (23)
3674 5036 3873 5095 πεποί-

518 5197 541 5233 ³
568 5201 742 5254 Num.
776 5212 815 5267 ι,
845 5199 900 5255 2.
978 5198 999 5234 ‘
1028 5196 1182 5256 Psal.
1213 5212 1408 5266 vam,
1438 5198 1528 5253 22.

2212 5369 2379 5409 ωδε..
2414 5350 2821 5426 ὀγκουμένης...
2854 5348 3080 5424 ἰπαιρου
3092 5347 3280 5421 μένης.

2281 5426 2396 5506 (23)
2426 5417 3474 5506 σοιιλξριιῑξῃυε,προσαγορευθέντων,
3519 5423 3648 5506 μοι
3696 5417 3868 5506 ῼοιὺ.

2206 5485 2989 5568 tertius,éx6n§opévmr§lii
3047 5485 3170 5568 duo:
3230 5510 3402 5562 mss.,
3455 5485 3860 5568 ἐκϐῃσρμινηγ.

2204 5569 2354 5624 Editi
2384 5556 2638 5644 denique
2662 5556 2809 5625 eum'
2845 5566 2979 5626 aliis
3035 5565 3270 5624 duobus
3333 5556 3504 5635 mss.,
3549 5556 3861 5636 εκϐήσομζὲ-

2200 5659 2331 5714 νων,
2361 5647 2536 5700 recte.

521 5354 628 5426 (20)
659 5353 813 5432 Editi
841 5358 899 5411 et
928 5355 1043 5412 duo
1070 5372 1236 5428 mss.,
1267 5352 1553 5432 ἀγομένου.
1587 5355 1700 5413 Alii
1744 5360 1865 5413 tres
1922 5370 2098 5422 mss.,

448 5421 815 5499 ἀπαγομένου.
898 5496 933 5509 η
1043 5497 1054 5509 .
1218 5421 1232 5428 ’
1313 5421 1325 5432 ’
1373 5421 1384 5429 ’
2085 5421 2089 5422 ⁷

456 5498 743 5571 ῃ-(21)Ιῐα
772 5499 935 5571 Begu
968 5514 1196 5570 primus
1221 5502 1277 5555 et
1295 5499 1524 5557 tertius.
1562 5500 1738 5566 Editi,
1800 5497 1877 5570 μὴ
1937 5496 2092 5551 εἶναι.

454 5568 629 5625 Illud.
661 5569 737 5641 μή
770 5568 921 5641 εἶναι,
957 5568 1195 5627 omnino
1216 5571 1380 5628 deest
1410 5573 1468 5628 in
1497 5573 1628 5629 aliis
1657 5568 1851 5626 tribus
1873 5585 2018 5625 mss.

527 5642 641 5715 (22)
691 5642 840 5718 Βοὲς.
873 5644 1215 5718 _secundu_s.
1276 5647 1514 5718 τραῦμα.
1573 5644 1707 5718 Mox
1755 5642 1872 5718 duo
1920 5656 2088 5718 mss.,

455 5708 836 5790 ὀγκουμένηᾷ
868 5709 1256 5789 ἐπαιρουμένη.
1295 5708 1448 5773 Editi
1471 5731 1605 5772 cum
1657 5714 1890 5770 duobus
1954 5712 2089 5770 aliis
