4154 6390
373 358 491 419 149

1245 355 1656 417 COMMENT.
1704 353 1782 413 ΙΝ
1828 349 2099 412 ISAIAM
2149 349 2655 412 PROPHETAM.
2699 352 2873 412 CAP.
2920 351 2969 411 Ι.

3681 355 3800 416 150

369 498 549 557 θησιν,
601 488 676 550 ὡς
740 486 1146 562 ἀναυτιῤῥήτως
1207 481 1663 558 έκϐημσομένων,
1693 482 1756 537 τὸ
1812 477 2002 555 μέλλοι

2135 484 2330 536 tanter
2359 482 2926 544 eventura,futurum
2954 499 3087 538 cum
3123 481 3414 554 prmterito
3474 484 3792 540 connectit.

366 576 572 640 ἔσεσθαι
631 581 710 649 τῷ
766 575 1090 653 παρελθόντι
1173 573 1515 629 συνάπτεται.
1580 565 1907 644 Συμϐέῦηκε
1964 565 2022 622 δὶ

365 671 533 722 ταῦτα
574 665 664 722 ἐπὶ
693 674 793 736 τῆς
857 665 934 728 είς
993 660 1295 722 Βαϐυλῶνα
1343 661 1756 738 αἰχμαλωσίας,
1813 661 1912 730 την
1962 679 2021 713 τε

359 761 460 832 γῆν
515 758 816 820 κενωθῆναι
867 758 973 809 τῶν
1033 753 1362 828 οἷ’κητόρων,
1407 753 1497 806 καὶ
1549 752 1643 813 τὰς
1693 748 1884 810 πόλεις
1916 746 2019 821 έμ-

363 847 700 920 πρησθῆναι,
758 847 849 898 καὶ
911 844 1014 899 ὑπὸ
1061 848 1166 898 τῶν
1229 842 1288 897 ἐκ
1335 848 1437 912 τῆς
1484 838 1728 912 Μηδείας
1779 838 2019 894 ἀποστα-

368 932 571 990 λέντων
601 932 833 989 ἐποίκων
859 935 958 1003 τὴν
1010 934 1200 1008 χώραν
1242 930 1530 1002 ἐσθίεσθαι,
1566 929 1874 1006 βλεπόντων
1907 929 2013 982 τῶν

362 1022 825 1101 καταλειφθέντων
863 1025 997 1098 (24)·
1047 1024 1136 1077 ὅτε
1187 1022 1278 1076 καὶ
1329 1019 1540 1097 ἐγένετο
1588 1024 1734 1074 πᾶσα
1780 1021 1814 1088 ἡ
1857 1017 2018 1094 χώρα

361 1114 811 1189 κατεστραμμένη
869 1113 972 1167 ὑπὸ
1025 1109 1169 1167 λαῶν
1221 1109 1555 1187 ἀλλοτρίων.
1617 1109 1762 1163 Κατὰ
1810 1104 1867 1162 δὲ
1921 1107 2015 1168 τὰς

363 1201 702 1278 ὑφηλοτέρας
779 1201 1008 1270 ἐννοίας,
1075 1203 1171 1265 τὰς
1245 1203 1381 1274 ἡμῖν
1441 1197 1890 1275 προσοικειοόσας
1948 1196 2016 1250 τὰ

353 1289 584 1347 παλαιά·
632 1293 798 1349 Ὅταν
844 1293 1166 1366 ἀποστωμεν
1217 1290 1322 1346 ἀπὸ
1372 1293 1504 1346 Θεοῦ
1567 1293 1664 1344 τοῦ
1719 1286 2011 1362 ἡμετέρου,

351 1381 442 1435 καὶ
477 1378 885 1455 διαπετάσωμεν
918 1381 1013 1445 τὰς
1059 1382 1247 1458 χεῖρας
1295 1383 1454 1454 ἡμῶν
1505 1380 1639 1455 πρὸς
1687 1377 1804 1442 Θεὸν
1838 1373 2010 1432 ἀλλό-

350 1490 525 1545 τριον,
555 1469 968 1546 παραδιδόμεθα
999 1470 1316 1546 ἀλλοτρίοις
1355 1474 1470 1531 τοῖς
1518 1467 1817 1544 ἐρημοῦσιν
1861 1469 2010 1539 ἡμᾶς

351 1559 442 1614 καὶ
501 1561 984 1640 καταστρέφουσιν.
1049 1561 1256 1631 Ἔξεστι
1328 1559 1428 1636 γὰρ
1513 1560 1784 1634 θεωρῆσαι
1841 1555 2010 1611 πάντα

351 1645 422 1700 τὰ
477 1645 823 1721 ἀπειλημένα
881 1642 1252 1721 συμϐαίνοντα
1306 1651 1422 1709 τοῖς
1481 1644 1900 1721 ἁμαρτάνουσιν.
1948 1649 2008 1698 Ἦ

349 1741 417 1810 γῆ
454 1736 605 1810 ὑμῶν
639 1733 871 1812 ἔρημος.
922 1744 1029 1808 Γῆν
1063 1736 1363 1812 πολλαχοῦ
1406 1736 1506 1805 τὴν
1565 1735 1749 1810 ψυχὴν
1779 1735 1807 1788 ὁ
1839 1731 2006 1811 λόγος

355 1823 504 1900 λέγει
558 1827 657 1897 τὴν
714 1824 1136 1903 ὑποδεχομένην
1194 1827 1261 1881 τὰ
1327 1830 1422 1881 τοῦ
1477 1824 1642 1900 λόγου
1701 1826 2002 1900 σπέρματα,

347 1913 422 1978 ὡς
453 1913 504 1969 ἐν
535 1920 615 1988 τῷ
647 1915 969 1994 Εὐαγγελίῳ
1018 1913 1380 1992 δεδιδαγμεθα
1416 1912 1505 1970 διὰ
1548 1917 1650 1980 τῆς
1680 1909 2003 1984 παραϐολῆς

346 2008 442 2058 τοῦ
471 2004 693 2080 Κυρίου,
725 2005 810 2060 ὅτι
865 2007 936 2061 τὰ
967 2006 1065 2079 μὲν
1124 2004 1305 2060 ἔπεσεν
1359 2003 1447 2059 ἐπὶ
1486 2004 1587 2073 τήν
1633 2009 1735 2080 γῆν
1785 2010 1884 2072 τῆν
1908 2023 2002 2057 κα-

345 2090 473 2163 λὴν,
506 2094 605 2162 τήν
655 2091 905 2164 δεκτικὴν
970 2093 1308 2169 μαθημάτων
1361 2092 1540 2163 θείων,
1574 2093 1664 2148 καὶ
1703 2093 1841 2168 πρὸς
1869 2113 2000 2169 καρ-

339 2182 608 2260 ποφορίαν
655 2181 891 2248 εὔθετον.
940 2186 1190 2260 Ἐρημος
1249 2181 1326 2253 δὲ,
1357 2186 1392 2254 ἡ
1445 2181 1634 2261 σοφίαν
1665 2184 1741 2256 μὴ
1774 2175 1998 2258 ἔχουσα,

344 2269 485 2344 μηδὶ
516 2270 706 2348 λόγον,
743 2272 886 2347 μηδὲ
923 2275 1059 2329 κατά
1107 2272 1451 2346 δικαιοσύνην
1508 2275 1720 2349 βιοῦσα,
1774 2270 1913 2346 μηδέ
1943 2271 1996 2328 έν

334 2359 565 2434 ἀληθείᾳ
612 2364 982 2437 πορευομένη.
1041 2364 1110 2420 Αἱ
1164 2362 1357 2426 πόλεις
1416 2363 1566 2437 ὑμῶν
1617 2361 1994 2438 πυρίκαυστοι.

333 2447 508 2513 Πόλις
558 2449 670 2506 ἐστὶ
721 2450 976 2526 σύστημα
1023 2452 1324 2527 ἀνθρώπων
1378 2451 1437 2507 ἐκ
1488 2450 1763 2528 διαφόρων
1807 2450 1996 2523 ἐπιτη-

333 2535 616 2612 δευμάτων
664 2539 753 2596 ἐπὶ
793 2540 1054 2612 κοινωνίᾳ
1114 2538 1237 2616 βίου
1292 2541 1818 2615 συγκεκροτημένον
1862 2541 1993 2614 ὅπερ

333 2625 508 2683 διὰτὸ
537 2627 759 2698 πολλὴν
801 2627 948 2706 ἔχειν
1005 2630 1106 2699 τὴν
1140 2628 1190 2685 έν
1240 2634 1358 2692 τοῖς
1409 2625 1592 2705 ἔργοις
1632 2630 1991 2703 ματαιότητα,

335 2715 490 2786 ξύλα,
540 2716 744 2793 χόρτον
798 2721 910 2792 (25)
982 2719 1072 2773 καὶ
1125 2715 1404 2793 καλάμην,
1454 2718 1504 2774 ἐν
1549 2723 1619 2793 τῇ
1669 2719 1852 2795 ἡμέρᾳ
1898 2719 1990 2787 τῆς

336 2803 567 2879 κρίσεως
614 2806 1084 2883 καταπίμπραται,
1133 2809 1221 2862 καὶ
1280 2806 1487 2884 γίνεται
1553 2808 1619 2864 τὰ
1669 2811 1992 2883 συστήματα

338 2898 446 2948 τῶν
478 2890 687 2951 ἀσεϐῶ»
743 2896 1100 2973 πυρίκαυστα.
1133 2898 1246 2968 Τὴν
1300 2899 1487 2974 χώραν
1547 2899 1698 2972 ὑμῶν
1755 2898 1985 2955 ἐνώπιον

335 2981 488 3058 ὑμῶν
570 2982 883 3063 ἀλλότριοι
935 2988 1328 3059 κατεσθίουσιν,
1393 2985 1517 3043 ὅταν
1590 2985 1650 3042 ἐκ
1721 2987 1987 3063 προτέρου

336 3073 459 3150 βίου
490 3075 580 3130 καὶ
611 3075 892 3141 πολιτείας
937 3077 1143 3154 ἀγαθῆς
1171 3076 1616 3154 πεπληρωμένης
1656 3084 1756 3148 τῆς
1806 3085 1989 3155 φυχῆς

331 3168 441 3218 τῶν
474 3169 697 3242 καρπῶν
731 3171 828 3221 τοῦ
861 3165 1194 3240 Πνεόματος,
1246 3165 1477 3242 ἀγάπης,
1511 3170 1708 3240 χαρᾶς,
1742 3166 1985 3240 εἷ’ρήνης,

335 3254 738 3330 μακροθυμίας,
797 3254 1203 3331 χρηστότητος,
1281 3241 1626 3316 έπιπεσόντες
1701 3241 2065 3330 ἀλλότριοιῧ

333 3341 598 3418 λογισμοὶ
649 3344 1083 3401 καταναλίσκωσι
1136 3345 1204 3400 τὰ
1272 3343 1756 3420 προπεπονημένα.
1815 3342 1996 3399 Ἀλλὰ

329 3430 418 3486 ἐὰν
451 3431 543 3486 καὶ
576 3431 627 3487 ἐν
668 3436 736 3507 τῇ
785 3433 973 3508 πράξει
1001 3437 1110 3488 τῶν
1141 3433 1276 3489 κατὰ
1329 3435 1424 3488 τὸν
1487 3431 1605 3508 βίον
1654 3432 1717 3488 τὸ
1766 3454 1993 3508 πρακτι-

329 3521 421 3576 κὸν
471 3527 572 3590 τῆς
623 3523 810 3597 ψυχῆς
841 3517 1058 3577 ἔκδοτον
1095 3520 1272 3596 δῶμεν
1307 3520 1616 3596 δαιμονίοις
1645 3520 1996 3599 ἀκαθάρτοις,

327 3609 531 3686 γίνεται
589 3613 625 3682 ἡ
682 3617 752 3687 γῆ
805 3613 966 3684 ἡμῶν
1000 3612 1449 3686 κατεστραμμένη
1505 3612 1608 3666 ὑπὸ
1657 3609 1993 3687 ἀλλοτρίων.

332 3704 470 3755 Θεοῦ
529 3702 634 3778 γὰρ
689 3701 984 3778 γεώργιον,
1053 3705 1186 3756 Θεοῦ
1256 3699 1527 3774 οἰκοδομή
1605 3700 1789 3775 έσμεν.
1846 3703 1995 3764 Ἕως

332 3788 492 3862 ἐσμὲν
670 3789 931 3864 κλήματα
983 3788 1211 3864 μένοντα
1257 3789 1308 3845 ἐν
1363 3793 1432 3864 τῇ
1482 3787 1718 3863 ἀμπέλῳ
1760 3794 1839 3862 τῷ
1868 3793 1996 3865 Χρι-

333 3880 466 3952 στῷ,
500 3879 733 3956 φέροντα
760 3878 889 3942 τοὺς
939 3881 1181 3956 καρποὺς
1222 3879 1349 3943 τοὺς
1401 3875 1802 3942 ἐπιϐάλλοντας
1833 3883 1993 3953 ἡμῖν,

335 3970 464 4024 Θεὸν
520 3966 724 4044 ἔχομεν
772 3968 1043 4043 γεωργόν·
1103 3967 1192 4024 ἐὰν
1244 3967 1302 4024 δὲ
1353 3969 1676 4044 ἀποστῶμεν
1721 3976 1822 4038 τῆς
1858 3975 1994 4038 ζωο-

333 4063 502 4114 ποιοῦ
537 4057 716 4135 ῥίζης,
763 4060 864 4127 τῆς
912 4057 988 4120 είς
1038 4059 1268 4133 Χριστὸν
1322 4058 1578 4128 πίστεως,
1610 4059 1996 4133 ξηραινόμενοι

337 4145 662 4224 βαλλόμεθα
720 4141 843 4218 ἔξω,
885 4148 975 4202 καὶ
1032 4149 1319 4221 καιόμεθαο
1372 4147 1460 4203 καὶ
1509 4151 1544 4218 ἡ
1593 4148 1652 4203 ἐκ
1697 4155 1797 4218 τῆς
1845 4145 1994 4202 διδα-

333 4233 563 4298 σκαλίας
591 4233 861 4310 οἰκοδομή
894 4239 1079 4311 ἡμῶν,
1111 4237 1256 4314 παρά
1300 4238 1361 4293 τὸ
1413 4240 1650 4308 καθῆκον
1705 4237 1994 4313 βιούντων,

332 4325 932 4404 καταστρέφεται.²Εᾶν
981 4328 1086 4404 γὰρ
1140 4329 1217 4401 μὴ
1252 4325 1596 4402 ἐπιμένωμεν
1643 4331 1723 4400 τῷ
1754 4326 1995 4402 θεμελίῳ

332 4417 439 4467 τῶν
474 4413 820 4485 ἀποστόλων,
863 4413 1364 4489 ἀποικοδομοῢντες
1415 4416 1482 4471 τὰ
1540 4415 1718 4490 τίμια.
1779 4415 1856 4478 ὡς
1915 4414 1993 4489 μή

333 4499 552 4578 ἔχοντες
612 4502 868 4578 θεμέλιον
937 4503 1453 4582 καταῤῥηγνύμεθα,
1525 4505 1617 4560 καὶ
1673 4503 1874 4582 γίνεται
1933 4501 1994 4558 τό

335 4597 541 4666 πτῶμα
569 4595 729 4668 ἡμῶν
766 4593 926 4670 μέγα·
979 4593 1147 4649 οἱονεὶ
1195 4595 1300 4670 γὰρ
1331 4593 1597 4659 κατεσθίει
1637 4592 1993 4670 σωφροσύνην

343 4682 437 4755 μὲν
469 4684 504 4753 ἡ
558 4680 811 4752 ἀκολσία,
843 4683 933 4738 καὶ
982 4683 1042 4737 τὸ
1103 4681 1312 4738 ἁπλοῦν
1358 4686 1476 4756 (27)
1522 4682 1574 4738 ἐν
1625 4681 1907 4756 μεταδόσει
1955 4685 1990 4753 ἡ

335 4768 694 4849 φιλαργυρία,
724 4772 814 4828 καὶ
842 4772 905 4826 τὸ
937 4771 1276 4848 ἀγαπητικὸν
1307 4774 1343 4842 ἡ
1377 4769 1697 4849 φιλεχθρία.
1726 4770 1994 4830 Ἐλεεινὸν

334 4858 426 4915 οὖν
479 4862 580 4930 τήν
642 4860 968 4932 εὖθηνοῦσαν
1043 4864 1111 4936 τῇ
1191 4866 1299 4917 τῶν
1359 4862 1576 4937 ἀγαθῶν
1649 4860 1998 4939 καρποφορίᾳ

332 4953 516 5026 ψυχήν
575 4945 915 5027 κατάϐρωμα
967 4949 1209 5028 γίνεσθαι
1256 4957 1373 5014 τοῖς
1424 4949 1781 5020 ὑπεναντίοις,
1816 4953 1868 5007 οἳ
1901 4951 1999 5007 οὐκ

335 5039 622 5115 ἀρκοῦνται
654 5041 815 5116 ἡμῶν
872 5043 942 5115 τῇ
1001 5038 1304 5117 ἐρημώσει,
1357 5040 1446 5097 ἐὰν
1505 5042 1582 5116 μὴ
1633 5040 1722 5096 καὶ
1770 5041 1868 5112 τὴν
1898 5062 1994 5098 κα-

330 5130 645 5209 ταστροφὴν
697 5129 1067 5206 έπαγάγωσιν.
1129 5131 1194 5188 Ἡ
1246 5131 1341 5204 μὲν
1387 5130 1493 5208 γὰρ
1543 5132 1890 5210 καταστροφὴ
1939 5131 2000 5187 ἐκ

2133 571 2306 625 Porro
2339 571 2458 626 haec
2491 571 2866 644 contigerunt
2885 576 3012 627 tum
3046 573 3258 628 cumin
3289 571 3645 644 Babylonem
3699 574 3800 628 ab-

2129 659 2289 715 ducti
2320 665 2460 716 sunt
2483 661 3187 734 captivizsiquidemterra
3218 661 3342 718 suis
3375 661 3662 718 exhausta
3703 667 3794 718 est

2129 749 2593 807 habitatoribus:
2628 751 2896 807 civitates
2930 753 3167 807 fuerunt
3199 751 3321 824 igni
3352 768 3669 822 succensae,
3729 757 3787 808 et

2127 839 2199 893 ab
2231 839 2302 894 iis
2337 840 2437 913 qui
2470 858 2538 896 ex
2566 841 2754 896 Media
2771 841 2936 898 missi
2968 845 3134 896 erant
3156 839 3378 897 colonis
3401 841 3677 898 devorata
3697 857 3783 898 re-

2125 928 2218 999 gio
2249 929 2458 1000 est,his
2491 930 2638 1002 ipsis
2696 930 2798 1001 qui
2859 931 3095 986 fuerant
3134 916 3415 1001 derelicti,
3451 930 3507 984 id
3539 946 3782 987 cernen-

2125 1017 2322 1086 tibus;
2356 1019 2561 1075 itidem
2593 1037 2727 1075 cum
2787 1020 2944 1092 regio
3005 1019 3198 1076 omnis
3250 1020 3532 1075 subversa
3558 1024 3650 1077 est
3704 1021 3780 1077 ab

2125 1106 2332 1163 alienis
2360 1108 2614 1181 populis.
2650 1109 2761 1164 Sed
2784 1109 2957 1180 juxta
2987 1107 3390 1164 sublimiorem
3445 1107 3779 1180 intelligen-

2126 1197 2268 1252 tiam
2299 1215 2393 1253 res
2426 1199 2680 1271 antiquas
2705 1199 2877 1255 nobis
2910 1197 3538 1270 adaptantur.Quando
3570 1198 3776 1255 defici-

2124 1303 2256 1342 mus
2289 1303 2323 1342 a
2351 1287 2467 1344 Deo
2497 1292 2714 1356 nostro,
2751 1303 3083 1359 manusque
3106 1290 3340 1343 nostras
3383 1285 3775 1358 expendimus

2122 1377 2192 1430 ad
2222 1377 2398 1432 deum
2426 1377 2922 1448 alienum,alienis
2941 1377 3042 1449 qui
3076 1394 3182 1433 nos
3202 1377 3513 1432 devastant
3535 1394 3600 1432 ac
3617 1393 3772 1434 ever-

2122 1468 2275 1536 tunt,
2307 1467 2619 1524 tradimur.
2662 1468 2810 1524 Nam
2843 1468 3143 1523 advertere
3175 1466 3306 1522 licet
3331 1466 3522 1522 minas
3553 1483 3764 1523 omnes

2120 1554 2375 1612 intentas
2425 1557 2832 1628 peccatoribus
2887 1557 3168 1612 accidere.
3225 1557 3392 1612 Terra
3446 1565 3627 1612 vestra
3675 1555 3767 1611 de-

2115 1653 2285 1700 serta.
2319 1645 2618 1718 Plerisque
2649 1645 2790 1701 locis
2820 1646 3119 1718 Scriptura
3162 1650 3382 1701 terram
3426 1648 3593 1700 vocat
3649 1645 3771 1700 ani-

2118 1751 2276 1790 mam
2308 1735 2536 1792 semina
2559 1736 2715 1792 verbi
2749 1735 3198 1807 suscipientem,
3224 1735 3311 1791 uti
3343 1733 3624 1806 parabola
3660 1735 3764 1791 Do-

2117 1823 2263 1880 mini
2295 1842 2504 1882 sumus
2526 1825 2584 1880 in
2619 1824 2930 1897 Evangelio
2961 1824 3150 1880 edocti
3180 1825 3239 1880 ἰ
3273 1824 3429 1896 quod
3488 1823 3766 1881 videlicet

2115 1914 2230 1970 alia
2259 1915 2488 1970 semina
2513 1914 2848 1971 ceciderunt
2879 1914 2937 1970 in
2968 1919 3186 1970 terram
3215 1914 3455 1980 bonam,
3483 1913 3760 1970 doctrinae

2114 2001 2321 2058 divinae
2353 2020 2650 2076 capacem,
2683 2008 2858 2075 atque
2905 2003 2977 2058 ad
3011 2004 3267 2058 fructum
3300 2000 3758 2062 ierendumido-

2114 2108 2307 2148 neam.
2340 2094 2413 2149 At
2430 2110 2562 2150 vero
2583 2093 2807 2150 deserta
2839 2110 2907 2148 ea
2931 2098 3020 2148 est
3059 2111 3186 2165 quae
3235 2092 3585 2163 sapientiam
3642 2108 3760 2148 non

2110 2179 2289 2237 habet
2312 2199 2417 2238 nec
2448 2182 2801 2251 doctrinam,
2832 2199 2938 2238 nec
2965 2181 3142 2238 vitam
3170 2180 3428 2239 instituit
3463 2182 3635 2253 juxta
3658 2181 3758 2252 ju-

2108 2271 2354 2339 stitiam,
2390 2289 2580 2343 neque
2611 2271 2667 2326 in
2697 2273 2937 2328 veritate
2967 2271 3524 2328 ambulat.Civitates
3562 2273 3761 2328 vestrae

2107 2360 2237 2432 igni
2263 2377 2550 2416 succensae.
2583 2361 2798 2416 Civitas
2829 2360 3138 2416 hominum
3161 2364 3346 2418 ccetus
3364 2364 3548 2428 est,ex
3577 2359 3761 2416 diver-

2107 2450 2188 2505 sis
2221 2451 2482 2506 moribus
2495 2455 2553 2506 et
2579 2450 2868 2507 institutis
2891 2452 2963 2508 ad
2978 2467 3354 2508 communem
3373 2450 3500 2506 vitae
3523 2449 3762 2507 societa-

2107 2540 2224 2596 tem
2257 2540 2566 2611 contlatus,
2588 2539 3019 2614 quipropterea
3048 2541 3205 2613 quod
3237 2541 3298 2597 in
3325 2540 3604 2613 operibus
3627 2539 3755 2595 suis

2107 2630 2362 2685 multum
2395 2629 2609 2686 habeat
2630 2629 2929 2700 vanitatis,
2961 2630 3120 2702 ligna
3151 2629 3396 2699 scilicet,
3434 2631 3636 2686 renum
3694 2632 3752 2684 et

2101 2718 2406 2791 stipulam,
2439 2720 2498 2775 in
2519 2719 2732 2791 judicii
2761 2720 2854 2775 die
2886 2721 3272 2792 comburitur,
3302 2724 3478 2792 atque
3525 2719 3615 2775 hae
3641 2719 3755 2775 im-

2101 2808 2337 2881 piorum
2393 2810 2702 2867 societates
2761 2811 2894 2883 igne
2924 2810 3386 2867 succenduntur.
3445 2811 3751 2880 Hegionem

2097 2905 2334 2958 vestram
2357 2917 2538 2958 coram
2562 2901 2704 2957 vobis
2728 2901 2908 2956 alieni
2934 2901 3196 2958 devorant
3227 2905 3354 2956 tum
3386 2901 3749 2968 cum,anima

2098 3007 2204 3063 per
2233 2990 2485 3062 priorem
2513 2990 2689 3046 vitam
2721 2994 2777 3044 et
2797 2993 3014 3046 rectam
3074 2991 3284 3063 agendi
3337 2989 3622 3047 rationem
3659 3007 3745 3046 re-

2098 3080 2258 3152 pleta
2284 3080 2539 3151 Spiritus
2571 3079 2886 3146 fructibus,
2920 3079 3225 3148 charitate,
3288 3079 3526 3152 gaudio,
3581 3097 3746 3153 pace,

2099 3167 2401 3239 patientia,
2426 3167 2788 3241 benignitate
2808 3169 2851 3234 5,
2882 3167 3260 3224 advenientes
3292 3167 3493 3224 alienae
3525 3169 3750 3241 cogita-

2102 3255 2291 3313 tiones
2315 3257 2599 3329 pristinos
2630 3257 2860 3312 labores
2890 3256 3235 3312 absumunt.
3269 3257 3434 3324 Quod
3467 3257 3518 3313 si
3548 3256 3618 3327 ,in
3651 3273 3753 3329 ge-

2104 3344 2302 3402 rendis
2331 3345 2458 3400 vitae
2491 3344 2762 3417 negotiis,
2797 3348 3066 3417 agentem
3099 3344 3281 3400 animi
3325 3345 3446 3401 vim
3503 3345 3755 3418 impuris

2104 3436 2393 3492 dedamus
2424 3434 2755 3503 daemoniis,
2787 3438 2943 3490 terra
2977 3437 3179 3490 nostra
3210 3434 3282 3490 ab
3314 3433 3523 3492 alienis
3545 3435 3752 3492 everti-

2105 3528 2221 3594 tur,
2254 3524 2469 3597 quippe
2502 3524 2598 3580 Dei
2633 3523 3012 3596 agricultura,
3038 3523 3136 3579 Dei
3165 3523 3470 3580 aediﬁcatio
3501 3525 3755 3582 sumus".

2105 3613 2374 3681 Quandiu
2408 3629 2620 3670 sumus
2653 3612 2924 3685 palmites
2956 3612 3016 3668 in
3049 3612 3164 3669 vite
3197 3614 3756 3685 manentes,fructus

2106 3703 2206 3775 qui
2238 3721 2344 3759 nos
2374 3704 2640 3772 deceant,
2668 3703 2897 3759 Christo
2931 3702 3452 3760 ati'erentcszDeum
3471 3703 3760 3760 habemus

2105 3791 2439 3865 agricolam.
2476 3792 2536 3848 Si
2567 3809 2699 3848 vero
2733 3792 3154 3849 desciverimas
3208 3810 3241 3848 a
3269 3792 3598 3850 vivificante
3658 3810 3754 3849 ra-

2102 3882 2329 3952 dice,ab
2351 3899 2420 3938 ea
2443 3897 2653 3954 nempe
2684 3898 2810 3954 quas
2841 3880 2901 3936 in
2923 3881 3222 3938 Christum
3255 3885 3344 3938 est
3368 3881 3502 3950 ﬁde,
3521 3882 3762 3938 arefacti

2105 3970 2449 4043 projicimur
2479 3972 2654 4038 foras,
2679 3976 2738 4027 et
2767 3971 3401 4043 comburimur.Atque
3425 3971 3528 4027 illa
3559 3975 3762 4028 nostra

2104 4060 2384 4116 doctrinae
2414 4060 2740 4133 aediﬁcatio,
2775 4061 2825 4117 si
2857 4061 3126 4117 indecore
3158 4060 3432 4130 vivimus,
3466 4061 3761 4119 subverti-

2104 4150 2377 4206 tur.Nam
2413 4149 2527 4204 nisi
2563 4150 2622 4204 in
2659 4150 3039 4206 fundamento
3069 4150 3472 4222 apostolorum
3501 4167 3761 4222 perseve-

2105 4244 2677 4311 remus,sumptuosa
2702 4239 2947 4295 mdiﬁcia
2968 4241 3574 4312 construentes,quasi
3597 4239 3761 4296 nullo

2106 4328 2341 4384 subnixi
2365 4328 2756 4384 fundamento
2788 4328 3365 4400 ruimus,nosterque
3396 4345 3568 4384 casus
3599 4328 3758 4384 haud

2106 4418 2352 4490 exiguus
2384 4422 2494 4475 est.
2529 4416 2759 4473 Etenim
2807 4417 2979 4489 quasi
3020 4419 3260 4474 devorat
3308 4417 3764 4491 intemperantia

2107 4507 2836 4578 temperantiam,avaritia
2858 4506 3273 4564 liberalitatem
3300 4507 3360 4564 in
3392 4508 3567 4564 rebus
3599 4523 3767 4565 com-

2107 4597 2478 4653 municandis
2501 4596 2699 4664 sitam,
2723 4596 2842 4653 odii
2873 4596 3135 4653 studium
3171 4597 3286 4652 vim
3321 4614 3388 4654 ac
3419 4596 3764 4654 facultatem

2103 4684 2614 4758 diligendi.[taque
2647 4702 2740 4742 res
2769 4690 2860 4742 est
2891 4687 3250 4753 miseranda,
3281 4687 3544 4745 animam
3575 4687 3763 4743 bonos

2110 4777 2337 4831 fructus
2368 4775 2620 4831 ubertim
2645 4775 3474 4847 producentem,inimicorum
3506 4775 3630 4832 ﬁeri
3666 4793 3765 4848 pa-

2109 4864 2340 4936 bulum,
2373 4863 2592 4937 quibus
2623 4881 2739 4920 non
2772 4865 2917 4922 satis
2949 4869 3038 4921 est
3069 4868 3272 4922 nostra
3299 4863 3763 4937 vastitas,nisiet

2109 4954 2294 5010 ruinae
2325 4957 2538 5010 nostra)
2570 4953 2790 5010 fuerint
2818 4959 3106 5012 auctores.
3125 4954 3438 5012 Enimvero
3469 4970 3538 5011 ex
3566 4955 3766 5027 pravis

2109 5043 2479 5100 documentis
2498 5043 2764 5100 nascitur
2794 5043 3198 5110 ruina,eorum
3231 5043 3332 5116 qui
3364 5059 3558 5100 errore
3589 5044 3766 5100 sedu-

2111 5139 2326 5190 cuntur
2354 5134 2507 5190 392
2535 5133 2734 5190 anima
2782 5133 2902 5190 solo
2933 5133 3104 5206 quasi
3125 5133 3581 5190 allisa.Vastatio
3610 5149 3767 5205 vero,

414 5275 436 5310 ⁸
463 5275 672 5334 Matth.
701 5293 827 5346 xm,
859 5277 894 5334 3
922 5294 1091 5350 seqq.
1167 5279 1188 5315 ⁸
1219 5277 1407 5337 Galat.
1439 5295 1496 5348 ν,
1525 5279 1618 5336 22.
1693 5279 1716 5314 ⁷
1749 5280 1772 5336 Ι
1800 5283 1929 5337 Cor.
1952 5296 2040 5353 ιιι,
2071 5280 2127 5335 9.

550 5421 725 5493 Editi,
754 5419 1242 5498 καταληφθέντων.
1271 5427 1347 5480 At
1378 5439 1524 5481 mss.
1558 5423 1806 5498 aliquot,
1837 5444 1996 5480 κατα·

409 5420 523 5493 (24)
550 5421 693 5477 Editi

340 5490 693 5549 λειφθέντων.

412 5513 426 5545 ι
473 5511 693 5549 υεντων.

409 5511 520 5636 (Ξῦ)
553 5564 834 5621 Nonnulli
867 5583 1038 5634 mss.,
1068 5565 1206 5636 ξύλα
1234 5566 1325 5621 καὶ

554 5637 1052 5712 Beg._secu_ncl_us,
1082 5635 1188 5712 ἕως
1218 5638 1312 5712 μὲν
1339 5635 1646 5712 οὗνξέσμεν.

413 5704 526 5783 )27)
554 5704 676 5766 Voi
703 5704 912 5763 ἁπλοῦν
943 5704 1054 5767 hoc
1084 5704 1654 5768 loco'liberalita'tem
1693 5709 1997 5784 signiﬁca-

1359 5564 1560 5656 χόρτον
1572 5609 1584 5623 .

2105 5441 2170 5480 re
2208 5423 2456 5482 videtur.
2490 5428 2605 5480 Nec
2664 5425 2879 5480 desunt
2934 5423 3036 5496 qui
3094 5425 3299 5480 dicant
3324 5440 3524 5481 vocem
3587 5422 3761 5479 ἁπλό-

2102 5515 2209 5580 της
2237 5514 2337 5580 pro
2370 5496 2756 5580 beneﬁcentia
2781 5513 3012 5580 quoque
3032 5499 3209 5567 atque
3239 5496 3593 5580 liberalitate
3628 5499 3760 5580 poni

2081 5561 2370 5639 ~Epis'tola
2399 5570 2660 5625 secunda
2689 5569 2761 5623 ad
2793 5561 3058 5639 Cprinth.
3090 5561 3218 5636 vui,
3247 5569 3304 5637 2,
3335 5571 3392 5624 et
3430 5561 3642 5624 rursus
3696 5570 3757 5625 in

2107 5641 2310 5697 eadem
2336 5656 2416 5711 xx,
2451 5641 2512 5696 11
2547 5649 2604 5695 et
2632 5640 2719 5694 13.
