4154 6408
535 378 651 439 153
1398 347 1807 437 COMMENT.
1851 375 1930 436 IN
1977 374 2244 434 ISAIAM
2287 371 2794 434 PROPHETAM.
2843 370 3018 430 CAP.
3065 369 3115 430 1.
3835 366 3951 426 154

533 509 714 576 θηκῶν
751 554 766 579 ,
848 504 1149 582 παραμένει
1205 505 1296 560 καὶ
1361 503 1670 582 φυλάσσει,
1731 505 1824 559 καὶ
1909 503 2183 580 πόρρωθεν

2304 505 2528 576 ditque,
2563 509 2618 559 et
2648 501 2967 575 singularis
3003 502 3104 556 feri
3135 501 3155 534 ⁸
3187 499 3433 555 insidias
3484 497 3683 569 procul
3732 497 3951 570 abigit:

533 595 776 672 ἀπείργει
807 595 903 658 τὰς
938 599 1036 649 τοῦ
1075 598 1264 668 μονιοῦ
1298 598 1394 649 τοῦ
1439 594 1631 670 ἀγρίου
1681 589 2000 655 ἐπιϐουλάς.
2028 595 2186 648 Ὂταν

533 681 592 740 δὲ
645 683 926 760 σταφυλὴν
985 681 1166 758 χολῆς
1227 687 1441 760 γεωργῇ
1477 727 1490 752 ,
1551 683 1640 738 καὶ
1718 683 1910 759 βότρυν
1966 684 2186 757 πικρίας

532 772 728 852 ἰκφὲρῃ
759 816 774 842 ,
828 769 1290 847 ἐγκαταλιμπάνει
1344 773 1446 842 τὴν
1503 771 1740 848 ἄκαρπον
1803 773 1986 847 ψυχὴν
2025 815 2037 839 ,
2097 772 2188 826 καὶ

531 864 654 916 τότε
687 862 790 916 ὑπὸ
820 862 1018 923 παντὸς
1067 865 1345 934 Λογισμοῦ
1395 859 1704 935 θηριώδους
1734 862 1823 916 καὶ
1854 861 2030 932 πάσης
2057 859 2187 916 ἀλό-

533 972 632 1028 γου
691 949 976 1022 ἔπιθυμίας
1023 956 1407 1005 καταπατεῖται
1441 953 1575 1022 (37).
1635 950 1940 1026 Πολλαχοῦ
1985 948 2042 1004 δὲ
2069 970 2190 1025 τρο-

537 1044 714 1101 πικῶς
744 1037 1040 1112 ἀμπελῶνα
1068 1039 1158 1094 τὸν
1205 1038 1430 1116 Ἰσραὴλ
1487 1041 1514 1096 6
1567 1039 1728 1116 λόγος
1775 1038 2186 1114 προσαγορεύει,

540 1128 613 1190 ὡς
659 1129 740 1200 τὸ,
791 1126 1073 1200 Ἄμπελον
1123 1128 1174 1199 ἐξ
1233 1128 1516 1206 Αἰγύπτου
1573 1136 1833 1204 μετῆρας·
1884 1129 1996 1197 καὶ,
2053 1134 2189 1201 ’Δμ-

537 1215 718 1271 πελὼν
749 1215 984 1291 ἐγενήθη
1033 1222 1116 1290 τῷ
1165 1216 1530 1292 ἠγαπημένῳ
1593 1219 1706 1286 καὶ,
1761 1218 1904 1294 Ἐγὼ
1957 1215 2015 1272 δὲ
2057 1216 2190 1296 ἐφύ-

534 1306 696 1359 τευσά
757 1325 814 1359 σε
873 1306 1126 1378 ἄμπελον
1187 1307 1536 1384 καρποφόρον
1571 1355 1585 1379 ,
1646 1313 1817 1362 πᾶσαν
1880 1305 2187 1377 ἀληθινήν.

535 1393 598 1450 Εἰ
633 1391 690 1448 δὲ
721 1395 748 1448 6
782 1393 1002 1470 Ἰσραὴλ
1036 1394 1325 1469 ἀμπελὼν,
1359 1398 1532 1467 σκηνὴ
1567 1393 1624 1452 δὶ
1652 1403 1751 1465 τῆς
1783 1395 2032 1470 ἀμπέλου
2063 1394 2190 1450 ταύ-

529 1502 631 1551 της
663 1482 691 1536 6
723 1483 870 1544 οἶκος
930 1482 1074 1559 τάχα
1105 1486 1131 1538 6
1181 1487 1277 1540 τοῦ
1332 1489 1483 1540 ναοῖν
1545 1487 1812 1559 σκήνωμα
1866 1485 1969 1561 γὰρ
2031 1483 2192 1557 δόξης

533 1569 749 1648 ἐλὲγετο
783 1615 797 1640 ,
859 1571 950 1627 καὶ
1028 1576 1308 1648 Σκήνωμα
1385 1574 1449 1630 οὗ
1508 1578 1618 1648 (38)
1682 1576 2084 1645 κατεσκήνωσεν
2136 1573 2188 1629 ἐν

535 1659 866 1734 ἀνθρώποις,
919 1664 1062 1724 Ἕως
1115 1663 1207 1736 μὲν
1255 1662 1346 1718 οὖν
1394 1663 1483 1718 ὅτε
1532 1663 1702 1719 ἐποίει
1751 1665 1956 1738 καρπὸν
1989 1660 2188 1735 πολὺν,

532 1749 621 1802 καὶ
657 1751 691 1818 ἡ
725 1751 895 1820 σκηνή
948 1748 1037 1806 διὰ
1082 1753 1184 1822 τὴν
1211 1758 1316 1806 τῶν
1351 1758 1576 1829 καρπῶν
1629 1753 1880 1828 φυλακὴν
1911 1756 2189 1823 συνειστή-

533 1856 636 1892 κει·
669 1836 786 1893 ἐπεὶ
818 1836 876 1894 δὲ
903 1840 930 1893 6
962 1841 1071 1913 (39)
1106 1841 1371 1918 φυτεύσας
1413 1841 1582 1912 αὐτὴν
1629 1839 1812 1916 ἔμεινε
1839 1847 1938 1896 τοῦ
1963 1849 2191 1911 ποιῆσαι

534 1926 838 2003 σταφυλὴν,
891 1929 1114 1999 ἐποίησε
1158 1928 1217 1985 δὲ
1266 1931 1520 2003 ἀκάνθας,
1568 1933 1653 1993 αἷς
1685 1931 1776 1986 τὸν
1821 1929 2014 2007 Κύριον
2048 1930 2192 1986 ἐστε-

543 2014 809 2089 φάνωσαν,
855 2018 946 2071 καὶ
996 2017 1232 2095 ἐστράφη
1280 2026 1426 2073 πᾶσα
1478 2019 1552 2082 εἰς
1600 2021 1820 2096 πικρίαν
1863 2019 2058 2093 (ἰποίει
2087 2021 2190 2095 γὰρ

542 2104 821 2182 σταφυλὴ)
849 2104 1034 2181 ’χολῆς
1084 2108 1174 2162 καὶ
1223 2109 1420 2185 βότρυν
1465 2108 1709 2186 πικρίας,
1765 2107 1848 2164 διὸ
1900 2111 1988 2164 καὶ
2023 2110 2098 2172 εἰς
2127 2110 2191 2165 τὸ

545 2194 745 2269 βρῶμα
770 2189 980 2250 ἔδωκαν
1024 2201 1103 2269 τῷ
1155 2197 1336 2273 Κυρίῳ
1385 2198 1611 2274 χολὴν),
1667 2196 1755 2254 διὰ
1792 2203 1952 2254 τοῦτο
2002 2199 2192 2274 ἐγκατ-

540 2280 768 2360 ελείφθη
803 2285 837 2352 ἡ
890 2285 1064 2354 σκηνή
1104 2290 1201 2341 τοῦ
1255 2285 1605 2360 ἀμπελῶνος.
1659 2285 1800 2345 Ἰδοὺ
1847 2289 1972 2364 γὰρ,
2008 2289 2190 2365 φησὶν,

536 2370 745 2448 ἀφίεται
788 2372 914 2446 ὑμῖν
949 2373 977 2427 ὁ
1009 2373 1156 2436 οἶκος
1215 2374 1366 2447 ὑμῶν
1426 2370 1654 2452 ἔρημος.
1706 2374 1837 2431 Τότε
1887 2376 2186 2452 ὶπληρώθη

536 2460 798 2531 ήάπειλή
851 2461 1027 2533 αὕτη’
1090 2465 1513 2540 Ἐγκατελείφθη
1575 2465 1701 2541 γὰρ,
1761 2467 1852 2528 Ὡς
1908 2467 2081 2535 σκηνή
2134 2465 2188 2520 ἰν

534 2548 843 2621 ἀμπελῶνι·
906 2550 956 2623 ὶξ
1015 2550 1225 2607 ἐκείνου
1285 2554 1478 2608 Λοιπὸν
1537 2555 1626 2608 καὶ
1676 2559 1794 2616 ταῖς
1821 2552 2072 2630 νεφέλαις
2105 2553 2188 2609 ἐν·

535 2637 779 2694 ετιίλατο
808 2644 906 2694 τοῦ
945 2641 1020 2712 μὴ
1060 2641 1240 2716 βρέξαι
1293 2641 1380 2697 ἐπὶ
1410 2643 1502 2697 τὸν
1552 2642 1869 2715 ἀμπελῶνα.
1903 2645 1998 2698 Διὰ
2025 2648 2186 2698 τοῦτο

537 2726 716 2782 ούκέτι
767 2735 1046 2806 προφῆται
1100 2731 1229 2805 παρ’
1283 2731 1484 2803 αὐτοῖς,
1519 2731 1696 2786 οὐκέτι
1747 2732 1969 2807 οὐρανία
1998 2733 2184 2809 γάρις,

534 2813 682 2871 ἀλλὰ
707 2817 925 2893 γέγονεν
955 2817 1032 2880 εἷς
1080 2819 1278 2894 χίρσον
1330 2819 1420 2874 καὶ
1469 2824 1857 2895 καταπάτημα.
1903 2820 1972 2880 Οἳ
1999 2843 2057 2877 τε
2084 2821 2186 2899 γὰρ

535 2906 776 2982 φραγμοί
807 2910 904 2961 τοῦ
927 2904 1062 2962 λαοῦ
1106 2911 1218 2981 (40)
1249 2908 1454 2964 ἐκείνου
1496 2910 1896 2986 καθῃρέθησαν,
1946 2913 1974 2966 6
2027 2913 2186 2986 ὑπερ-

535 2991 808 3066 ασπισμὸς
854 2998 963 3049 τῶν
1019 2995 1183 3072 ἁγίων
1237 2993 1541 3070 δυνάμεων,
1592 3001 1687 3054 κᾶν
1740 3021 1792 3054 τι
1853 3000 2186 3074 ἐργάσωνται

537 3081 674 3134 κατὰ
701 3083 794 3136 τὸν
825 3083 1016 3156 νόμον,
1053 3083 1128 3146 εἰς
1159 3084 1435 3140 ἀπώλειάν
1469 3086 1601 3142 ἑστι.

607 3170 697 3226 21.
731 3171 829 3224 Διά
881 3175 1046 3226 τοῦτο
1103 3176 1193 3226 νῦν
1257 3175 1350 3246 μὲν
1412 3177 1524 3248 (41)
1582 3177 1869 3251 Τρυγῶσιν
1925 3177 1976 3230 ol
2016 3197 2187 3251 παρα-

2298 611 2427 648 cum
2464 610 2596 648 vero
2631 609 2801 648 uvam
2835 591 2981 646 fellis
3005 594 3061 645 et
3085 590 3320 644 botrum
3345 586 3757 642 amaritudinis
3779 586 3801 620 θ
3824 601 3953 657 pro-

2298 685 2481 751 ducit,
2516 684 2944 738 iul‘ructuosam
2976 680 3239 735 animam
3265 677 3502 746 deserit,
3526 680 3582 730 et
3605 681 3731 730 tum
3756 691 3789 729 a
3808 691 3947 745 qua-

2295 773 2385 828 vis
2415 771 2766 844 cogitatione
2801 768 3083 834 belluina,
3119 773 3174 824 et
3206 786 3238 822 a
3271 767 3474 839 quavis
3518 763 3743 818 insulsa
3787 763 3949 834 cupi-

2297 863 2476 917 ditate
2507 859 2889 915 conculcatur
2921 875 2984 912 ac
3015 856 3352 928 proteritur.
3377 854 3728 923 Plerumque
3753 858 3948 906 autem

2298 952 2600 1022 Scriptura
2631 948 2905 1004 Israelem
2937 948 3164 1002 vineam
3220 944 3440 1016 tropice
3486 946 3824 1013 nuncupat;
3863 944 3946 1009 ut,

2297 1042 2451 1096 393
2488 1041 2710 1095 Vineam
2737 1055 2806 1092 ex
2834 1040 3076 1108 Egyplo
3119 1033 3470 1090 transtulisti
3497 1032 3581 1099 ‘0;
3635 1034 3730 1086 et:
3783 1032 3950 1086 Vinea

2292 1134 2444 1202 facta
2459 1134 2535 1185 est
2555 1128 2752 1184 dilecto
2777 1129 2818 1163 “
2847 1132 2940 1195 ;et
2971 1142 2985 1181 :
3018 1127 3125 1196 Ego
3156 1133 3342 1179 autem
3367 1122 3619 1194 piantavi
3648 1129 3699 1176 te
3724 1121 3950 1175 vineam

2295 1220 2666 1294 fructuosam,
2700 1221 2871 1272 totam
2900 1232 3087 1270 veram
3121 1214 3178 1268 ι’.
3234 1212 3396 1276 Quod
3448 1211 3495 1265 si
3553 1208 3730 1266 Israel
3778 1210 3949 1264 vinea

2298 1309 2494 1376 fuerit,
2520 1306 2786 1363 fortassis
2811 1305 2992 1376 hujus
3014 1303 3192 1358 vineae
3215 1298 3659 1358 tabernaculum
3681 1298 3951 1353 erittem-

2299 1399 2376 1470 pli
2401 1399 2632 1453 domus.
2663 1395 2976 1450 Dicebatur
2998 1392 3155 1448 enim
3178 1391 3374 1464 gloriae
3401 1386 3866 1457 tabernaculum,
3895 1389 3954 1443 et

2300 1486 2735 1542 Tabernaculum
2765 1484 2862 1538 ubi
2892 1483 3160 1537 habitavit
3192 1483 3252 1535 in
3301 1479 3620 1536 hominibus
3650 1477 3718 1530 η.
3755 1476 3952 1532 Donec

2298 1576 2496 1646 itaque
2530 1573 2784 1628 multum
2819 1573 3071 1626 fructum
3102 1568 3362 1641 protulit,
3397 1563 3844 1622 tabernaculum
3877 1564 3950 1619 ad

2300 1667 2597 1720 fructuum
2621 1661 2946 1718 custodiam
2973 1657 3256 1715 substitit.
3282 1658 3416 1727 Sed,
3441 1660 3824 1728 posteaquam
3849 1653 3952 1726 qui

2301 1753 2581 1827 plantavit
2612 1769 2766 1817 eam,
2798 1750 3155 1821 exspectavit
3185 1753 3250 1803 ut
3293 1748 3504 1801 faceret
3555 1760 3723 1799 uvam
3751 1761 3764 1812 ;
3815 1741 3952 1798 fecit

2300 1849 2495 1899 autem
2529 1841 2732 1913 spinas
2764 1841 2830 1906 υ,
2862 1839 3080 1910 quibus
3130 1836 3444 1892 Dominum
3490 1836 3864 1900 coronarunt,
3895 1834 3953 1887 et

2305 1932 2402 1988 ubi
2424 1948 2702 1987 conversa
2714 1934 2803 1984 est
2814 1933 2938 1983 tota
2952 1927 3009 1982 in
3027 1924 3510 1981 amaritudinem:
3532 1919 3949 1977 faciebatenim

2304 2039 2474 2077 uvam
2508 2019 2659 2076 fellis
2691 2025 2747 2074 et
2777 2020 3011 2074 botrum
3044 2013 3478 2079 amaritudinis,
3514 2015 3869 2083 quaprOpter
3891 2011 3950 2065 et

2301 2112 2360 2166 in
2397 2127 2592 2167 escam
2626 2109 2872 2164 Domino
2910 2107 2982 2162 fel
3013 2106 3222 2175 dedere
3247 2104 3327 2171 ‘5;
3362 2103 3433 2158 ob
3465 2101 3574 2156 hoc
3601 2099 3946 2156 derelictum

2302 2207 2391 2258 est
2421 2198 2867 2255 tabernaculum
2901 2196 3099 2252 vineae.
3136 2200 3268 2251 Ecce
3297 2194 3479 2264 enim,
3521 2189 3734 2261 inquit,
3767 2190 3949 2244 rdin-

2300 2295 2499 2361 quet-ur
2530 2289 2677 2343 vobis
2707 2287 2897 2342 domus
2929 2290 3110 2340 vestra
3136 2284 3350 2339 deserta
3382 2282 3442 2336 1°.
3491 2281 3654 2335 Tunc
3703 2277 3948 2349 impleta

2300 2384 2388 2434 est
2414 2377 2514 2432 illa
2545 2375 2924 2432 comminatio
2950 2391 2963 2429 :
2998 2375 3215 2445 quippe
3247 2371 3522 2427 derelicta
3551 2374 3659 2436 est,
3692 2372 3845 2426 Sicut
3867 2372 3947 2423 la-

2301 2467 2657 2522 bernaculum
2689 2468 2745 2520 in
2776 2467 2974 2519 vinea:
3007 2463 3216 2518 exinde
3251 2478 3382 2516 vero
3411 2459 3667 2514 nubibus
3699 2457 3945 2513 manda-

2297 2556 2382 2610 vit
2410 2572 2478 2610 ne
2509 2555 2778 2626 pluerent
2807 2569 2985 2624 super
3014 2552 3243 2607 vineam
3277 2551 3341 2604 ιτ.
3393 2549 3610 2603 Idcirco
3641 2564 3756 2602 non
3790 2546 3947 2602 ultra

2298 2645 2594 2717 prephetaa
2625 2644 2780 2715 apud
2813 2642 2947 2698 illos
2979 2647 3134 2705 sunt,
3170 2657 3284 2695 non
3317 2638 3571 2694 ccelestis
3591 2637 3779 2708 gratia
3803 2653 3816 2703 ;
3842 2635 3944 2690 sed

2297 2751 2580 2790 conversa
2609 2738 2698 2789 est
2728 2734 2786 2787 in
2821 2737 3033 2787 terram
3070 2729 3372 2796 incultam,
3423 2732 3481 2782 et
3527 2727 3586 2781 in
3637 2725 3944 2781 conculca-

2299 2824 2538 2879 tionem.
2575 2823 2882 2878 Enimvero
2914 2819 3156 2876 sublatis
3187 2823 3329 2874 sunt
3358 2822 3416 2873 et
3461 2816 3693 2887 dejectae
3746 2811 3948 2886 populi

2297 2913 2461 2970 illius
2493 2928 2683 2983 sepes,
2718 2911 2998 2966 nimirum
3027 2914 3366 2965 sanctarum
3406 2905 3691 2962 virtutum
3722 2902 3904 2958 tutela
3931 2927 3946 2969 ;

2298 3019 2363 3056 ac
2394 3000 2624 3056 etiamsi
2653 3000 2958 3071 quidpiam
2990 2999 3318 3053 secundum
3351 2994 3537 3066 legem
3565 2996 3762 3065 agant,
3793 2991 3852 3045 id
3877 2988 3948 3044 il-

2298 3089 2371 3144 lis
2403 3089 2463 3143 in
2496 3088 2811 3160 perniciem
2846 3086 3109 3140 vertitur.

2367 3178 2457 3230 21.
2499 3176 2889 3240 Quamobrem
2952 3190 3108 3228 nunc
3164 3173 3402 3244 quidem
3458 3170 3798 3226 vindemiant
3855 3167 3952 3238 qui

536 3258 898 3331 πορευόμενοι
954 3261 1052 3329 τὴν
1111 3257 1276 3315 ὁδόν·
1335 3262 1425 3317 καὶ
1482 3261 1544 3324 ὗς
1601 3263 1660 3318 ἐκ
1719 3263 1928 3340 δρυμοῦ
1979 3265 2183 3339 ἐλυμή-

2299 3265 2834 3337 prwtergrediuntur
2862 3264 3009 3317 viam
3031 3279 3052 3323 ;
3081 3271 3132 3316 et
3162 3277 3297 3333 aper
3326 3261 3391 3316 de
3437 3261 3579 3314 silva
3624 3257 3946 3326 devastavit,

534 3365 684 3414 νατο,
743 3346 834 3400 καὶ
892 3348 1081 3419 μονιὸς
1139 3346 1328 3423 ἄγριος
1385 3355 1810 3424 κατενεμησατο·
1872 3358 1963 3408 νῦν
2022 3351 2080 3408 δὲ
2133 3355 2188 3408 αἱ

533 3433 755 3507 ἀόρατοι
831 3432 1087 3508 δυνάμεις
1163 3444 1563 3493 καταπατοῢσιν
1640 3440 1835 3504 αὐτούς
1877 3487 1892 3504 ,
1952 3444 2052 3498 Καὶ
2114 3444 2189 3507 ὡς

535 3521 992 3602 ὀπωροφυλάκιον
1058 3525 1109 3579 ἐν
1167 3525 1485 3600 σικυηλάτῳ
1519 3571 1533 3584 .
1593 3528 1690 3593 Εἲς
1759 3528 2005 3608 φυλακὴν
2078 3536 2184 3586 τῶν

531 3612 732 3667 σικύων
774 3612 843 3667 τὰ
899 3612 1248 3690 φυλακτήρια
1295 3623 1396 3684 τῆς
1445 3615 1665 3692 ὀπώρας
1713 3621 2184 3688 κατασκευάζεται.

535 3699 883 3771 Σικυήλατον
915 3701 1007 3758 οὖν
1031 3702 1143 3758 ἐστι
1173 3704 1341 3766 τόπος
1391 3706 1736 3783 προσκαίρων
1766 3707 1853 3762 καὶ
1887 3706 2185 3785 ὀλιγοχρο-

533 3787 660 3844 νίων
711 3795 934 3866 καρπῶν
986 3790 1224 3855 οἷστικὸς
1276 3796 1410 3867 (42),
1461 3793 1647 3870 τέρψιν
1702 3797 1826 3851 τινὰ
1886 3797 2098 3870 μᾶλλον
2148 3797 2183 3868 ἢ

535 3877 800 3956 ὠφέλειαν
855 3882 1275 3956 παρεχομένων.
1338 3886 1606 3946 Τοιοῦτος
1666 3883 1723 3940 δὲ
1770 3885 1860 3940 καὶ
1919 3889 1947 3942 ὁ
1990 3887 2184 3960 νόμος,

533 3965 916 4042 ὀλιγοχρόνιον
977 3966 1123 4044 ἔχων
1178 3969 1279 4038 τὴν
1340 3978 1563 4046 χρῆσιν.
1625 3975 1965 4050 Πρόσιιαιρος
2010 3978 2112 4052 γὰρ
2146 3978 2182 4048 ἠ

532 4055 774 4130 Αατρεία,
805 4057 898 4112 καὶ
927 4059 1064 4134 πρὸς
1114 4056 1302 4134 ὀλίγον
1347 4061 1642 4133 ἀνθήσασαι,
1692 4065 1803 4119 εἶτα
1843 4068 1913 4138 τῇ
1945 4065 2182 4140 ἀληθινῇ

2297 3365 2346 3410 et
2375 3355 2685 3424 singularis
2713 3353 2873 3426 ferus
2905 3352 3157 3422 depastus
3187 3360 3268 3405 est
3304 3351 3343 3384 ιθ
3371 3366 3383 3406 :
3417 3365 3574 3404 nunc
3625 3363 3758 3402 vero
3803 3344 3948 3399 invi-

2299 3444 2501 3499 sibiles
2535 3447 2848 3515 potestates
2880 3441 3037 3512 ipsos
3071 3438 3431 3496 conculcant.
3475 3440 3546 3492 lit
3592 3438 3736 3492 sicut
3764 3449 3950 3507 pomo-

2297 3548 2423 3586 rum
2451 3530 2698 3586 custodia
2728 3531 2786 3585 in
2816 3530 3220 3584 cucumerario.
3273 3527 3338 3582 In
3390 3530 3674 3582 autumno
3721 3528 3950 3580 exstru-

2301 3628 2480 3675 untur
2511 3619 2879 3676 munimenta
2910 3620 2980 3673 ad
3013 3617 3405 3673 asservandos
3437 3630 3802 3672 cucumeres.
3838 3613 3948 3668 Ita-

2296 3727 2410 3781 que
2441 3708 2913 3764 cucumerarium
2947 3707 3113 3762 locus
3146 3711 3234 3762 est
3265 3705 3574 3761 continens
3605 3705 3830 3758 fructus
3861 3703 3950 3756 fu-

2296 3815 2469 3872 gaces
2489 3802 2546 3853 et
2568 3813 2775 3869 parum
2797 3797 3130 3866 diuturnos,
3157 3795 3257 3867 qui
3283 3795 3475 3866 potius
3500 3792 3949 3848 delectationem

2296 3889 2612 3960 quamdam
2647 3887 2961 3958 praebeant,
2997 3902 3176 3957 quam
3211 3884 3546 3940 utilitatem.
3571 3881 3728 3938 Talis
3752 3884 3948 3935 autem

2295 3978 2388 4033 lex
2417 3981 2560 4046 erat,
2595 3977 2765 4045 cujus
2798 3991 2943 4030 usus
2972 3975 3132 4030 brevi
3172 3979 3434 4046 tempore
3481 3968 3823 4045 permansit.
3858 3969 3947 4024 Si-

2296 4067 2536 4140 quidem
2553 4065 2750 4121 cultus
2768 4065 2956 4136 ipsius
2977 4065 3091 4120 fuit
3105 4064 3520 4136 temporarias,
3538 4078 3603 4118 ac
3624 4076 3830 4133 parum
3849 4058 3948 4115 diu

600 4206 620 4241 θ
651 4199 805 4256 Psal.
840 4217 1028 4268 mut,
1062 4203 1148 4257 14.
1227 4204 1248 4239 ο
1276 4208 1426 4262 Deut
1457 4223 1631 4278 xxxn,
1663 4209 1753 4264 32.
1833 4209 1878 4244 ¹⁰
1911 4209 2059 4266 Psal.
2116 4227 2183 4266 1.x

530 4271 578 4308 ιι
606 4269 692 4308 Ian
751 4290 787 4308 π
844 4273 870 4308 l.
974 4273 1020 4308 tl
1049 4273 1232 4308 Mam.
1293 4293 1444 4308 νυν..
1501 4279 1565 4308 εει
1595 4296 1606 4308 .
1642 4279 1770 4308 1)-..]
1829 4297 2002 4308 ...-...-
2055 4283 2124 4308 rm

2297 4210 2380 4278 ,9.
2471 4210 2512 4244 “
2547 4208 2661 4264 Isa.
2693 4224 2749 4276 ν,
2784 4209 2834 4263 1.
2915 4206 3096 4278 “Jer.
3121 4224 3182 4272 ιι,
3207 4207 3299 4262 21.
3377 4207 3419 4242 ⁸⁸
3441 4205 3596 4262 Psal.
3620 4219 3828 4270 Lxxvn,
3850 4202 3942 4257 60.

2302 4279 2482 4308 λιηιιι.
2542 4297 2612 4308 ..υ
2668 4279 2736 4308 90
2837 4279 2877 4308 ιτ
2912 4280 2996 4308 τι...
3031 4297 3066 4308 ..
3117 4282 3151 4308 ιι
3253 4279 3296 4308 η
3328 4277 3453 4308 Πρωὶ
3514 4293 3678 4308 nn“,
3736 4275 3803 4308 Δρ
3849 4273 3910 4308 IL

605 4269 717 4330 Isa.
751 4290 808 4344 ν,
842 4273 896 4330 4.
974 4273 1020 4310 ¹¹
1049 4273 1258 4333 Matth.
1293 4293 1471 4347 xxvn,
1499 4279 1571 4333 54
1594 4269 1796 4350 ;Ῥεει1.
1828 4297 2023 4352 vam,
2055 4283 2146 4340 22.

2297 4269 2509 4337 Matth.
2542 4297 2635 4352 xx,
2668 4269 2758 4335 38'.
2837 4279 2877 4313 ¹’¹
2911 4280 3002 4335 Isa
3031 4273 3086 4351 v,
3117 4269 3179 4334 ϐξ
3253 4279 3296 4316 ¹⁸
3327 4277 3479 4335 Psal.
3513 4293 3703 4345 Lxxlx,
3736 4269 3938 4344 13,14.

599 4418 989 4503 (37_)_Rursus.
1004 4437 1108 4503 pro
1138 4420 1261 4490 illo,
1290 4429 1704 4503 καταπατεῖται,
1730 4433 2000 4503 corrupte
2031 4429 2183 4500 apud

528 4489 848 4571 Eusebium
877 4489 1120 4571 legitur,
1147 4489 1543 4571 καταπεσεῖται.
1580 4500 1645 4554 Et
1678 4489 1745 4555 in
1775 4489 2026 4571 quamvis
2053 4489 2182 4557 con-

526 4563 1675 4657 cupiscerutiqm.irrationabilemuflecidet.
1727 4563 1918 4627 Velim
1965 4571 2179 4628 iterum
2214 4593 2262 4657 υ

527 4633 686 4702 legas
718 4635 1146 4705 Praefationem,
1179 4655 1348 4695 num.
1389 4641 1480 4695 66.

733 4707 894 4829 Editi
921 4713 977 4764 et
1003 4710 1119 4765 duo
1152 4725 1294 4803 mss.
1329 4726 1464 4767 cum
1496 4711 1769 4783 Eusebio,
1803 4733 1885 4770 ου.
1917 4713 2028 4769 Alii
2062 4718 2179 4772 tres

529 4793 702 4842 mss.,
733 4793 781 4832 ο.
1258 4801 1261 4803 ·

600 4849 712 4919 (39)
745 4849 835 4902 b‘ic
865 4847 926 4936 in
952 4849 1197 4936 duobus.
1217 4854 1646 4936 mvss‘:_et‘apu.cl‘
1686 4853 2030 4936 Eusebium.
2053 4853 2174 4936 filii

526 4916 642 4993 duo
675 4916 838 4987 mss.,
868 4916 1056 4993 ἐπειδὴ
1091 4917 1226 4993 δέ-ὁ.
1261 4923 1436 4988 Editi,
1467 4916 1655 4993 ἐπειδὴ
1689 4925 1738 4980 6.
1771 4925 1900 4980 Mox
1921 4925 1981 4980 in
2002 4926 2176 4981 editis

527 4988 849 5074 legebatur,
884 4987 1010 5074 aet
1040 4987 1290 5074 ἐποίησεν
1326 4987 1578 5074 ὁι-κάνοαςς
1624 4987 1745 5074 sed,
1773 4997 2045 5074 codicum
2070 4997 2177 5074 ali-

530 5065 1168 5146 quorum__testirnonio
1224 5067 1566 5146 et__Eu_sebii
1619 5070 1968 5146 auctoritate
2022 5069 2174 5146 freti,

527 5134 699 5215 paulo
731 5135 897 5190 aliter
929 5137 1254 5215 edidimus,
1273 5139 1483 5215 Statim
1517 5157 1665 5198 mss.
1706 5134 2172 5215 quinque,r'uaca;

528 5208 690 5286 εἱλισ.
719 5224 954 5286 quoque
983 5209 1221 5286 editum,
1241 5208 1575 5268 invenimus
1625 5208 1782 5285 apud
1833 5208 2172 5270 Eusebium.

529 5277 699 5339 Editi,
731 5277 923 5342 πᾶσαν,
958 5297 1075 5334 non
1109 5285 1284 5335 recte.

596 5348 710 5431 (49)
737 5349 999 5431 Sicediti
1028 5353 1380 5431 etquinque
1431 5370 1574 5410 mss.
1616 5358 1700 5431 _At
1733 5354 2030 5431 _in_Regl°
2079 5371 2171 5431 39‘

521 5420 720 5500 cunde
743 5425 799 5475 et
845 5421 904 5500 in
953 5420 1186 5480 Eusebii
1232 5420 1685 5484 Commentariis
1733 5420 1968 5500 legitur",
2015 5430 2165 5486 ναοῦ.

519 5505 672 5559 scpes
703 5493 914 5562 templi.

588 5563 702 5646 (i1)
735 5565 820 5646 ita
848 5568 987 5646 _Reg.
1021 5567 1318 5646 secundus
1343 5583 1477 5625 cum
1511 5569 1862 5646 Qolbertinis
1891 5569 2080 5646 primo
2112 5575 2170 5646 et

516 5634 728 5718 tertio,
747 5636 863 5718 nisi
893 5634 1048 5718 quod
1079 5637 1208 5718 duae
1238 5639 1356 5718 illis
1381 5642 1624 5718 vocula,
1655 5645 1774 5718 VB)!”
1797 5634 1914 5716 μέν]
1947 5642 2008 5698 in
2039 5643 2166 5699 Col-

516 5703 764 5764 bertinis
796 5703 1242 5767 desiderentur:
1293 5715 1354 5768 at
1395 5713 1538 5771 editi
1575 5703 1634 5773 et
1675 5703 2164 5784 alii'tres.mss.,

2295 4423 2545 4480 ἀπώλειά
2601 4421 2766 4492 uicti,
2824 4423 2912 4478 καὶ
2971 4423 3049 4485 ὡς
3109 4423 3198 4481 ὀπ,
3256 4425 3494 4482 omissis
3550 4419 3937 4480 intermediis.

2366 4499 2470 4568 (42
2497 4501 2706 4564 )Monet
2733 4497 3141 4568 Combeﬁsius,
3175 4514 3237 4554 se
3269 4499 3328 4552 in
3379 4514 3492 4554 uno
3538 4513 3651 4552 ms.
3701 4511 3804 4567 pro
3857 4512 3885 4546 ο
3913 4523 3944 4535 -

2296 4568 2480 4628 στικός
2533 4570 2755 4642 legisse,
2803 4569 3088 4638 εἱστηκώς,
3151 4571 3203 4624 id
3265 4570 3422 4642 quod
3476 4569 3603 4641 ipse
3656 4568 3941 4642 interpre-

2295 4647 2474 4708 tatur,
2509 4638 2688 4697 erebla
2724 4641 3054 4697 domuncula
3079 4638 3300 4697 casula:
3327 4643 3458 4706 Sed,
3493 4638 3606 4696 nisi
3635 4640 3804 4696 valde
3831 4638 3942 4692 fal-

2298 4714 2401 4781 lor,
2435 4715 2656 4786 nodum
2691 4714 2772 4767 vir
2801 4715 3008 4786 doctus
3035 4715 3092 4768 in
3143 4717 3334 4784 scirpo
3384 4727 3639 4786 quaerere
3687 4711 3940 4786 videtur,

2292 4786 2431 4840 dum
2467 4785 2669 4840 multis
2703 4785 2947 4856 probare
2978 4791 3243 4853 conatur,
3265 4781 3379 4856 pro
3399 4781 3657 4842 ⁷οἲστικός
3687 4781 3801 4854 legi
3836 4797 3938 4851 po-

2291 4858 2411 4911 tius
2443 4858 2654 4913 debere
2683 4855 2944 4925 όὶκιστός,
2978 4865 3078 4912 aut
3108 4855 3396 4919 οικτιστόςσ
3445 4871 3702 4929 quarum
3729 4869 3938 4909 vocum

2290 4930 2544 5000 primam
2575 4929 2656 4984 sic
2688 4930 2813 5001 ipse
2840 4931 3116 4997 reddidit,
3153 4929 3306 4986 locus
3352 4927 3704 5001 tabernaculi
3731 4929 3783 5001 et
3814 4941 3938 4978 um-

2293 4996 2621 5057 braculum:
2653 4996 2917 5070 alterum,
2979 5001 3089 5057 hoc
3148 5005 3341 5068 modo,
3398 4999 3694 5056 misercula
3745 4996 3940 5052 domu:

2290 5088 2353 5155 ac
2383 5073 2884 5155 tugurium.hNatn,
2920 5079 2987 5155 ut
3010 5091 3082 5129 ne
3122 5073 3356 5128 interim
3407 5073 3596 5155 dicam
3647 5086 3746 5126 eas
3771 5085 3938 5155 lquas

2289 5140 2459 5199 tinxit
2487 5161 2654 5200 voces
2681 5140 2909 5200 Graecas
2940 5150 2998 5201 et
3027 5162 3226 5201 earum
3252 5161 3487 5216 quoque
3507 5140 3936 5214 interpretatio-

2289 5232 2420 5271 nem
2455 5216 2742 5288 absonum
2775 5218 3057 5288 quiddam
3088 5225 3145 5274 et
3185 5218 3442 5273 alienum
3494 5235 3608 5288 prae
3632 5231 3735 5288 ise
3765 5216 3936 5288 terre,

2283 5303 2391 5369 vos
2422 5285 2659 5369 οἷστικός
2694 5283 3046 5369 aen—tentiam
3081 5292 3224 5369 satis
3267 5283 3535 5344 idoneam
3587 5285 3788 5369 efticit.
3840 5283 3934 5369 Sic

2285 5359 2467 5430 igitur
2497 5360 2871 5432 interpretari
2921 5364 3091 5417 licet:
3147 5363 3600 5417 Cucumerarium
3648 5359 3797 5414 locus
3854 5360 3935 5412 est

2282 5433 2468 5500 ferens
2489 5431 2733 5500 fructus,
2764 5439 2897 5498 etc.,
2931 5441 3048 5499 aut,
3083 5434 3231 5488 locus
3262 5437 3340 5488 cst
3367 5434 3658 5489 continens
3695 5431 3930 5500 fructus,

2281 5498 2390 5558 etc.
2429 5505 2616 5570 Quare
2646 5498 2841 5560 vacem
2885 5498 3123 5564 οἰστικός
3172 5504 3421 5561 retinere
3472 5522 3586 5560 non
3639 5498 3930 5556 dubitavi-

2282 5591 2451 5631 mus:
2482 5591 2667 5648 eoque
2697 5576 2906 5647 magis,
2941 5576 3095 5648 quod
3126 5577 3390 5648 quinque
3421 5595 3564 5633 mss.
3589 5573 3930 5630 auctoritate

2277 5649 2522 5721 nitatur.
2556 5647 2660 5703 Hic
2693 5663 2926 5721 monere
2949 5647 3142 5721 juvat,
3174 5647 3348 5706 modo
3381 5649 3494 5721 legi
3525 5648 3595 5702 .in
3644 5660 3813 5709 mea,
3846 5659 3928 5692 σι-

2277 5663 2522 5703 nitatur.
2556 5663 2660 5703 me
2693 5663 2926 5702 monere
2985 5663 3142 5714 uvat,

2275 5719 2568 5792 κυήρατον,
2601 5719 2776 5775 modo
2807 5663 3157 5789 σικυτξλατον.
