4154 6430
380 341 529 399 ’155

1357 341 1752 403 APPENDIX
1793 339 2121 402 OPEBUM
2160 339 2226 398 S.
2274 337 2556 398 BASILII
2606 338 2880 399 MAGNI.

3715 342 3834 402 156

375 505 380 514 -
411 471 648 526 ﬂoruit:
683 471 894 526 deinde
926 477 1146 528 statum
1179 473 1342 527 illum
1379 489 1511 528 cum
1536 490 1669 528 vero
1697 491 1761 528 ac
1784 472 2057 528 solidiore

2171 468 2260 522 καὶ
2295 471 2626 544 στερεωτὲρᾳ
2671 471 2848 545 τροφῇ
2901 471 2969 542 τῇ
3022 468 3158 522 κατά
3207 469 3270 522 τὸ
3316 467 3643 544 Εὖαγγέλιον
3677 467 3830 526 διδα-

411 559 561 624 cibo,
596 560 878 616 nimirum
910 579 1042 616 cum
1076 561 1366 632 Evangelii
1416 562 1686 619 doctrina
1739 567 2063 617 commuta-

413 649 514 705 vit.
549 649 689 705 Sion
722 650 900 722 igitur
930 651 1388 722 derelinquetur,
1425 653 1652 724 eritque
1685 652 1839 708 sicut
1862 667 2061 722 pomo-

413 755 546 793 rum
577 740 863 808 custodia,
899 757 1001 795 ceu
1026 739 1198 794 locus
1248 759 1360 811 quo
1413 742 1788 797 autumnales
1839 741 2062 794 fructus

414 836 811 884 asservantur.
848 830 1023 884 Poma
1053 835 1248 885 autem
1283 847 1397 885 non
1432 831 1659 886 solidus
1696 836 1752 886 et
1784 837 2062 886 constans

412 917 582 974 cibus
613 923 773 986 sunt,
807 918 908 973 sed
944 918 1140 974 mollis
1170 924 1227 974 et
1276 921 1473 992 fugax.
1532 921 1693 976 Talis
1745 928 1939 976 autem
1973 921 2064 976 lex

413 1010 557 1073 erat,
592 1023 716 1076 quae
747 1006 940 1061 cultus
967 1009 1251 1079 speciem,
1285 1026 1398 1064 non
1424 1010 1612 1081 ipsam
1635 1010 1938 1066 veritatem
1960 1010 2062 1064 ha-

411 1094 604 1160 bebat,
637 1111 824 1166 eoque
871 1096 1170 1168 exemplar
1220 1103 1308 1154 est
1356 1104 1412 1152 et
1461 1100 1668 1154 umbra
1716 1099 2059 1155 caelestium.

413 1183 558 1248 Quia
586 1201 720 1240 vero
749 1186 927 1240 vineas
958 1193 1333 1258 comparatur
1357 1189 1822 1260 uniuscujusque
1844 1189 2059 1256 anima,

413 1279 476 1327 ut
505 1272 564 1328 in
599 1273 826 1345 psalmo
854 1291 867 1330 :
907 1277 1051 1332 Uxor
1080 1286 1172 1331 tua
1193 1279 1336 1333 sicut
1359 1279 1483 1333 vitis
1509 1278 1796 1334 abundans
1821 1280 1895 1334 ¹⁹ε
1921 1279 2059 1334 item

410 1362 695 1418 Dominus
730 1362 846 1418 ait:
879 1367 987 1436 Ego
1018 1365 1163 1433 vitis,
1201 1384 1294 1422 vos
1320 1369 1580 1437 palmites
1609 1369 1652 1402 ²⁰
1685 1385 1697 1435 ;
1740 1368 2059 1423 verendum

410 1458 502 1508 est
533 1470 604 1509 ne
633 1455 702 1508 :.d
737 1471 843 1509 nos
876 1455 1056 1510 etiam
1087 1456 1385 1526 perveniat
1426 1457 1626 1512 isthaec
1657 1457 2058 1524 comminatio,

411 1541 462 1596 si
495 1545 731 1614 quando
762 1561 874 1600 non
907 1545 1147 1600 idoneos
1193 1545 1424 1602 edimus
1475 1547 1722 1602 fructus.
1772 1546 2062 1602 Fortassis

409 1631 567 1686 enim
597 1649 809 1704 corpus
841 1633 1284 1690 tabernaculum
1317 1641 1424 1701 est,
1459 1641 1514 1691 et
1545 1636 1602 1690 in
1635 1635 2062 1708 quoinhabitat

408 1720 663 1790 Spiritus
694 1728 956 1778 sanctus.
999 1725 1079 1777 An
1127 1726 1368 1793 nescitis,
1417 1727 1562 1797 quod
1607 1741 1832 1797 corpora
1860 1729 2058 1782 .vestra

409 1811 673 1881 templum
701 1817 830 1866 sunt
858 1812 1169 1869 habitantis
1201 1816 1262 1869 in
1292 1815 1441 1870 vobis
1487 1815 1726 1886 Spiritus
1753 1819 1933 1871 sancti
1961 1817 2006 1852 ²¹
2030 1817 2057 1871 ?

406 1898 621 1955 Anima
651 1916 782 1955 vero
806 1900 972 1958 vinea
1002 1908 1090 1957 est
1118 1905 1186 1971 ”,
1216 1921 1250 1959 a
1270 1921 1387 1976 qua
1408 1905 1734 1978 reposcitur
1756 1905 2050 1961 fructuum

409 1988 666 2055 ubertas,
709 1989 1067 2061 plantatione
1118 1992 1469 2066 primigenia
1517 1999 1572 2050 et
1620 1994 1721 2050 Dei
1770 1995 2052 2067 agricola-

404 2077 564 2133 tione
587 2078 764 2150 digna
788 2096 799 2134 :
826 2080 1044 2152 quippe
1067 2081 1331 2152 plantata
1351 2089 1440 2139 est
1460 2101 1615 2152 vera,
1639 2085 1711 2139 ad
1735 2086 2053 2157 imaginem

405 2167 560 2222 394
591 2168 708 2224 veri
739 2168 840 2223 Dei
873 2170 1128 2226 condita.
1160 2171 1290 2227 Jam
1322 2190 1456 2228 vero
1503 2173 1786 2245 paulatim
1837 2174 2051 2231 excoli-

403 2261 500 2312 tur
524 2257 617 2313 sui
648 2258 968 2314 conditoris
999 2261 1385 2333 providentia,
1421 2263 1521 2334 qui
1574 2264 1879 2335 palmitem
1931 2265 2050 2319 fru-

405 2351 565 2402 ctum
598 2347 879 2404 ferentem
911 2355 1144 2421 purgat,
1179 2356 1243 2406 ut
1291 2351 1426 2423 plus
1479 2353 1684 2408 afferat
1730 2355 1956 2410 fructus
1987 2355 2047 2411 ²³.

402 2434 633 2491 Etenim
666 2436 715 2492 si
749 2453 856 2492 nos
888 2438 1288 2495 addixerimus
1320 2443 1589 2511 parandae
1633 2443 1760 2498 vitae
1789 2443 2052 2515 puritati,

403 2524 477 2580 ad
501 2527 912 2596 expurgandus
935 2527 1114 2582 animi
1139 2530 1605 2600 perturbationes
1627 2535 1778 2587 Deus
1798 2532 1925 2603 ipse
1947 2533 2056 2588 tert

401 2611 707 2683 suppetias
735 2629 748 2679 ;
784 2615 1048 2670 studium
1080 2624 1372 2685 nostrum,
1400 2625 1783 2690 nostramque
1803 2636 1940 2691 erga
1961 2621 2053 2676 bo-

401 2717 545 2755 num
573 2701 1007 2774 honestumque
1028 2707 1479 2777 propensionem
1498 2708 2056 2779 perﬁciens.iQuem-

405 2790 723 2846 admodum
756 2791 936 2864 igitur
965 2801 1209 2866 putatur
1241 2796 1398 2864 vitis,
1437 2796 1685 2852 nimium
1736 2797 2054 2853 eluxuriari

402 2879 700 2949 prohibita
724 2897 736 2936 :
771 2882 856 2936 sic
879 2888 934 2937 et
955 2883 1163 2938 animai
1186 2884 1451 2938 studium
1474 2901 1611 2956 erga
1629 2902 1720 2940 res
1744 2902 1922 2941 vanas
1943 2885 2054 2942 cir-

403 2968 820 3036 cumcidimus,
878 2988 1085 3026 omnes
1143 2973 1272 3042 ejus
1328 2972 1446 3027 vim
1501 2990 1566 3029 ac
1610 2973 1949 3030 facultatem
1981 2976 2053 3030 ad

401 3056 630 3112 fructus
664 3059 951 3114 bonorum
983 3078 1223 3132 operum
1248 3063 1656 3133 producendos
1680 3063 2012 3136 colligimus
2038 3083 2051 3134 ;

400 3150 466 3200 ut
496 3163 568 3202 ne
597 3146 914 3204 silvescens
944 3155 1001 3203 et
1030 3148 1370 3209 eluxurians
1400 3151 1460 3206 in
1492 3151 1600 3208 hoc
1639 3153 2051 3209 ostentationis

2173 555 2371 628 σκαλίᾳ
2397 558 2494 626 τὴν
2530 557 2810 612 πολιτείαν
2848 555 3316 634 μεταπαρέδωκεν.
3358 558 3826 635 Ἐγκαταλειφθή-

2173 669 2321 701 σεται
2377 645 2532 716 οὖν
2595 647 2756 715 Σιὼν,
2813 646 2902 700 καὶ
2963 647 3038 709 ὡς
3096 647 3584 725 ὀπωροφυλάκιον,
3638 649 3701 702 τὸ
3735 671 3830 725 φυ-

2173 735 2468 808 λακτήριον
2525 743 2626 805 τῆς
2681 737 2923 810 ὀπώρας.
2983 737 3046 791 Ἠ
3104 734 3161 791 δὲ
3225 737 3415 811 ὀπώρα
3463 736 3591 812 οὐχὶ
3639 739 3828 811 στερεά

2168 827 2338 900 τροσή
2373 825 2463 880 καὶ
2500 826 2753 899 μόνιμος,
2787 824 2912 881 ἀλλ’
2959 823 3145 895 ἀπαλὴ
3202 829 3315 900 (43)
3346 827 3434 880 καὶ
3467 826 3822 904 πρόσκαιρος.

2169 919 2429 979 Τοιοῦτος
2460 914 2515 970 δὲ
2547 916 2573 970 ὁ
2605 915 2797 988 νόμος,
2833 915 3062 989 μίμημα
3093 911 3236 992 ἔχων
3283 914 3556 989 λατρείας,
3593 916 3692 971 οὐκ
3720 917 3823 972 αὐ-

2168 1005 2268 1072 τὴν
2321 1005 2420 1073 τὴν
2481 1003 2759 1075 ἀλήθειαν·
2815 1001 2952 1060 διότι
3019 1003 3330 1080 ὑπόδειγμά
3384 1003 3494 1059 ἐστι
3549 1007 3637 1060 καὶ
3700 1005 3824 1061 σκιά

2168 1097 2275 1148 τῶν
2327 1092 2681 1170 ἐπουρανίων.
2741 1094 2890 1149 Ἐπεὶ
2953 1093 3010 1149 δὲ
3067 1094 3156 1150 καὶ
3214 1097 3248 1164 ἡ
3301 1095 3624 1159 καθὲκαστον
3666 1097 3820 1171 ψυχὴ

2170 1183 2406 1256 ἀμπέλῳ
2455 1185 2857 1258 παρεικάζεται,
2917 1184 2990 1246 ὡς
3050 1183 3100 1238 ἐν
3147 1181 3375 1257 ψαλμῷ·
3427 1189 3490 1239 Ἠ
3541 1187 3678 1260 γυνή
3727 1206 3822 1240 σου

2171 1274 2244 1334 ὡς
2306 1270 2555 1344 ἄμπελος
2616 1273 2932 1344 εὐθηνοῦσαο
2993 1274 3080 1328 καὶ
3134 1275 3160 1327 ὁ
3219 1273 3824 1352 Κύριος,Ἐγὼ,ιρησὶν,

2170 1363 2204 1431 ἡ
2267 1360 2513 1434 ἂμπελος
2557 1406 2570 1432 ,
2636 1363 2790 1434 ὑμεῖς
2860 1363 2926 1416 τά
2978 1361 3259 1436 κλήματα·
3326 1365 3542 1436 μήποτε
3597 1364 3689 1418 καὶ
3748 1363 3825 1426 εἷς

2170 1453 2318 1523 ἡμᾶς
2373 1453 2545 1528 φθάνῃ
2592 1452 2658 1506 τὰ
2709 1451 3059 1524 ἠπειλημένα
3092 1495 3106 1522 ,
3161 1453 3286 1507 ὅταν
3343 1454 3420 1525 μὴ
3471 1449 3826 1526 ἀποδίδωμεν

2167 1541 2296 1604 τοὺς
2355 1537 2750 1602 ἐπιϐάλλοντας
2799 1545 2932 1612 ἡμῖν
2985 1541 3245 1616 καρπούς.
3293 1541 3447 1616 Τάχα
3501 1543 3602 1616 γάρ
3651 1544 3822 1613 σκηνὴ

2173 1631 2266 1702 μὶν
2306 1628 2415 1685 ἔστι
2473 1631 2537 1686 τὸ
2594 1636 2774 1704 σῶμα,
2827 1629 3101 1704 ᾦένοικεῖ
3145 1631 3209 1686 τὸ
3262 1635 3482 1705 Πνεῦμα
3531 1631 3592 1686 τὸ
3642 1631 3820 1707 ἅγιον.

2167 1718 2279 1776 Οὐκ
2305 1717 2486 1774 οῗδατε
2541 1721 2667 1795 γὰρ,
2728 1720 2809 1775 δτι
2867 1720 2932 1776 τά
3000 1721 3226 1794 σώματα
3279 1720 3433 1794 ὑμῶν
3481 1721 3608 1783 ναὸς
3640 1725 3735 1776 τοῦ
3766 1719 3818 1775 ἐν

2168 1808 2294 1881 ὑμῖν
2349 1808 2506 1884 ἀγίου
2556 1808 2870 1883 Πνεῦματός
2925 1808 3068 1864 ἐστιν
3106 1829 3118 1880 ;
3153 1811 3448 1883 Ἀμπελὼν
3482 1807 3540 1865 δὲ
3570 1812 3604 1880 ἡ
3639 1811 3817 1885 ψυχὴ,

2159 1898 2260 1966 τήν
2292 1898 2662 1976 καρποφορίαν
2713 1898 2857 1969 ἀξίαν
2905 1906 3007 1968 τῆς
3059 1897 3110 1969 ἐξ
3141 1899 3321 1974 ἀρχῆς
3351 1897 3568 1970 φυτείας
3597 1899 3687 1954 καὶ
3715 1903 3818 1965 τῆς

2159 1991 2256 2040 τοῦ
2314 1991 2448 2042 Θεοῦ
2520 1987 2791 2064 γεωργίας
2855 1987 3227 2061 ἀπαιτουμὲνη
3265 2031 3278 2044 .
3337 1987 3633 2065 Ἐφυτεῦθη
3705 1988 3809 2064 γάρ

2163 2074 2399 2146 ἀληθινὴ
2455 2078 2572 2131 κατ’
2632 2076 2812 2131 εἰκόνα
2862 2081 2958 2131 τοῦ
3014 2075 3279 2146 ἀληθινοῦ
3338 2081 3471 2132 Θεοῦ
3522 2076 3806 2152 γενομὲνή’

2162 2171 2480 2242 γεωργεῖται
2533 2163 2590 2221 δὲ
2638 2172 2759 2228 ταῖς
2805 2165 2940 2221 κατά
2986 2168 3151 2240 μέρος
3207 2165 3546 2240 ἐπιμελείαις
3568 2171 3666 2222 τοῦ
3695 2166 3811 2222 κτί-

2163 2277 2374 2324 σαντος,
2409 2257 2469 2318 ὃς
2513 2255 2576 2310 τὸ
2633 2255 2728 2329 μὲν
2776 2260 3156 2332 καρποφοροῦν
3197 2256 3465 2330 καθαίρει,
3507 2253 3600 2310 ἵνα
3629 2254 3816 2312 πλείο-

2161 2366 2226 2400 να
2254 2345 2460 2421 καρπὸν
2490 2344 2651 2420 φέρῃ.
2698 2345 2819 2401 Ἐάν
2861 2346 2962 2421 γάρ
3012 2344 3233 2408 ἑαυτοὺς
3284 2344 3554 2419 ἐπιθῶμεν
3604 2350 3674 2420 τῇ
3725 2367 3818 2401 κα-

2163 2436 2421 2511 θαρότητι
2454 2439 2549 2490 τοῦ
2585 2435 2727 2510 βίου,
2763 2429 3205 2508 συλλαμϐάνεται
3237 2437 3375 2508 ἡμῖν
3405 2437 3544 2512 πρὸς
3573 2439 3673 2507 τήν
3709 2435 3815 2491 ἀπὸ

2159 2527 2268 2579 τῶν
2321 2525 2504 2579 παθῶν
2556 2526 2809 2601 κάθαρσιν
2863 2524 2891 2579 ὁ
2945 2525 3106 2596 Θεὸς,
3161 2523 3383 2580 τελειῶν
3433 2526 3534 2594 τήν
3585 2525 3707 2600 περὶ
3754 2525 3816 2580 τὸ

2161 2612 2361 2687 ἀγαθὸν
2424 2610 2670 2683 σπουδὴν
2727 2613 2816 2669 καὶ
2873 2615 3202 2689 προθυμίαν.
3257 2617 3462 2690 ’Ὠσπερ
3521 2614 3615 2669 οὖν
3677 2613 3810 2670 κλα-

2165 2699 2370 2756 δεύεται
2421 2700 2688 2775 ἄμπελος,
2741 2702 2846 2757 ἀπὸ
2894 2711 2996 2772 τῆς
3042 2703 3094 2758 ἐν
3137 2709 3253 2765 τοῖς
3320 2709 3594 2780 περιττοῖς
3643 2709 3814 2782 φορᾶς

2163 2789 2515 2863 κωλυομένη·
2576 2791 2718 2844 οὕτω
2775 2790 2863 2845 καὶ
2922 2794 3108 2866 ψυχῆς
3161 2795 3260 2862 τὴν
3311 2793 3435 2866 περὶ
3487 2793 3556 2848 τὰ
3616 2792 3816 2865 μάταια

2166 2877 2409 2948 σπουδὴν
2440 2879 2840 2954 περικόπτομεν
2869 2881 3006 2952 (44),
3037 2884 3209 2934 πᾶσαν
3245 2880 3416 2948 αὐτῆς
3463 2881 3561 2948 τήν
3587 2877 3816 2953 δύναμιν

2163 2969 2251 3023 ἐπὶ
2281 2969 2378 3038 τήν
2410 2973 2519 3024 τῶν
2544 2965 2851 3024 σπουδαίων
2903 2963 3079 3045 ἔργων
3129 2967 3503 3047 καρποφορίαν
3555 2970 3813 3041 ταμιευό-

2166 3079 2319 3132 μενοι
2350 3060 2549 3132 μήπως
2594 3057 2978 3131 ὑλομανήσασα
3030 3057 3081 3111 ἐν
3116 3063 3194 3131 τῷ
3226 3056 3572 3130 ἐπιδεικτικῷ
3596 3062 3811 3131 κοσμῷ,

2161 3149 2298 3225 πρὸς
2328 3150 2425 3218 τὴν
2457 3153 2565 3203 τῶν
2586 3148 2884 3222 ἀνθρώπων
2909 3146 3184 3216 ἀρέσκειαν
3213 3149 3311 3215 τὴν
3342 3147 3479 3218 ὅλην
3504 3148 3697 3212 ἑαυτῆς
3721 3145 3813 3200 δύ-

401 3237 626 3292 mundo
652 3237 724 3292 ad
758 3238 1008 3308 gratiam
1033 3239 1340 3296 hominum
1365 3244 1711 3313 captandam
1734 3261 1907 3300 suam
1929 3261 2052 3300 om-

2170 3223 2322 3312 ναμιν
2349 3236 2640 3312 ἐκκενώσῃ,
2666 3236 2831 3291 οἱονεὶ
2863 3236 2984 3305 περὶ
3011 3233 3196 3313 φύλλα
3216 3235 3305 3290 καὶ
3326 3233 3601 3307 ἓλικας,τὸ
3623 3242 3818 3310 σχῆμα

400 3338 535 3377 nem
558 3323 867 3380 exhauriat
887 3325 1246 3396 facultatem,
1272 3330 1414 3384 dum
1443 3331 1613 3400 quasi
1645 3330 1798 3387 circa
1828 3332 1966 3388 folia
1995 3337 2053 3388 et

399 3411 725 3482 capreolos,
759 3415 967 3470 mundi
1016 3415 1238 3472 scilicet
1285 3417 1557 3490 ﬁguram,
1604 3437 1733 3476 sese
1781 3428 2050 3492 occupat.

401 3500 551 3564 Quin
583 3507 641 3556 et
672 3501 1121 3559 circumfoditur
1152 3506 1369 3574 anima,
1403 3525 1470 3564 ac
1491 3514 1704 3563 cuncta
1725 3509 2056 3580 adjacentia

401 3589 474 3644 ad
508 3607 684 3645 suum
719 3592 1146 3650 nutrimentum
1177 3595 1289 3650 sibi
1324 3595 1601 3667 vindicat,
1633 3597 1837 3667 sicque
1867 3599 1938 3653 ad
1965 3615 2056 3653 ex-

402 3678 737 3750 cipiendam
787 3682 1042 3753 Spiritus
1091 3684 1417 3740 doctrinam
1463 3703 1524 3741 se
1572 3686 1703 3758 ipsa
1746 3692 2055 3759 przsparat.

399 3768 911 3833 Quemadmodum
934 3772 1092 3827 enim
1117 3773 1272 3844 vitis,
1298 3791 1425 3846 quae
1452 3792 1567 3830 non
1593 3776 1836 3846 foditur,
1861 3775 2060 3831 meati-

402 3858 514 3912 bus
545 3857 906 3928 destituitur,
943 3877 1130 3932 neque
1162 3879 1230 3917 ex
1259 3880 1414 3934 aqua
1445 3863 1759 3920 utilitatem
1790 3865 1864 3920 ob
1890 3871 2058 3920 terras

405 3945 732 4016 adjacentis
763 3948 1116 4005 densitatem
1167 3952 1360 4024 capit:
1417 3953 1542 4024 pari
1589 3953 1813 4009 ratione
1861 3954 2060 4010 anima

402 4051 532 4106 qua:
567 4052 683 4090 non
715 4037 875 4092 exuit
924 4056 988 4095 se
1033 4039 1128 4096 his
1177 4041 1600 4113 corporalibus,
1643 4059 1891 4115 quasque
1940 4061 2058 4115 prae

404 4140 608 4180 eorum
644 4126 899 4196 pondere
930 4127 1173 4184 minime
1197 4130 1466 4201 respirat,
1491 4130 1808 4187 infecunda
1828 4149 2055 4204 perma-

402 4217 524 4282 net,
559 4216 929 4270 terrenorum
956 4219 1213 4288 pondere
1235 4219 1546 4291 depressa;
1572 4224 1627 4276 et
1649 4221 1723 4275 ob
1745 4221 1824 4288 id,
1851 4238 2057 4293 super-

405 4318 550 4358 num
583 4303 867 4360 auxilium
901 4323 1018 4362 non
1065 4307 1374 4379 recipiens,
1425 4308 1791 4366 infructuosa
1839 4315 2055 4367 manet.

405 4391 584 4448 Porro
614 4393 687 4448 ab
735 4393 1102 4452 infructuosa
1150 4397 1348 4454 anima
1401 4398 1657 4470 Spiritus
1706 4405 1947 4456 sanctus
1997 4417 2058 4456 se

403 4481 743 4538 submovet:
762 4485 981 4541 cadunt
996 4485 1174 4542 etiam
1192 4503 1381 4559 sepes,
1402 4487 1741 4558 angelorum
1756 4489 2055 4559 subsidia;

2156 3331 2254 3382 τοῦ
2283 3327 2513 3398 κόσμου,
2548 3323 2943 3400 ἀσχοληθεῖσα.
2969 3322 3146 3381 Ἀλλά
3163 3324 3252 3379 καὶ
3285 3325 3575 3380 σκάπτεται
3599 3327 3634 3394 ἡ
3659 3325 3813 3401 ψυχὴ

2159 3417 2336 3470 πάντα
2366 3415 2439 3477 εἰς
2470 3416 2570 3483 τὴν
2602 3411 2739 3469 ἰδίαν
2771 3416 2974 3488 τροθὴν
3008 3413 3282 3468 οἰκειοῦσα
3309 3415 3376 3468 τά
3424 3413 3810 3488 παρακείμενα,

2163 3507 2252 3560 καὶ
2286 3504 2685 3576 οὕτωςξιὲαυτὴν
2706 3502 3091 3578 εὐτρεπίζουσα
3106 3502 3241 3578 πρὸς
3262 3504 3360 3571 τήν
3387 3500 3673 3578 ὑποδοχήν
3705 3508 3816 3558 τῶν

2167 3590 2515 3667 διδαγμάτων
2546 3595 2644 3645 τοῦ
2674 3590 3010 3664 Πνεῦματος.
3039 3594 3241 3666 Ὥσπερ
3283 3593 3387 3667 γάρ
3428 3593 3504 3665 μὴ
3553 3598 3815 3669 σκαφεῖπα

2165 3681 2414 3756 ἄμπελος
2465 3676 2849 3742 ἀδιάπνευστός
2899 3681 3032 3750 ἐστι,
3081 3681 3170 3735 καὶ
3219 3688 3320 3750 τῆς
3369 3680 3427 3736 ἐκ
3472 3685 3584 3768 τοῦ,
3624 3680 3817 3745 ὕδατος

2166 3771 2435 3850 ὡφελείας
2483 3768 2571 3825 διὰ
2615 3773 2714 3842 τήν
2765 3771 3076 3840 πυκνότητα
3128 3777 3228 3840 τῆς
3276 3769 3680 3845 παρακειμένης
3711 3778 3812 3847 γῆς

2166 3859 2532 3922 ἀνεπίδεκτος·
2585 3859 2756 3921 οὕτως
2808 3862 2843 3928 ἡ
2881 3860 2954 3932 μὴ
3007 3859 3490 3932 ἀποσκευασαμένη
3522 3861 3589 3914 τά
3619 3881 3816 3933 σωμα-

2163 3950 2288 4005 τικά
2317 3951 2494 4025 ψυχὴ,
2544 3948 2632 4004 καὶ
2685 3947 2745 4003 ἐκ
2790 3952 2887 4004 τοῦ
2940 3949 3137 4022 βάρους
3186 3946 3360 4003 αὐτῶν
3422 3947 3816 4018 ἀναπνεύσασα,

2167 4041 2361 4114 ἄγονος
2386 4037 2625 4112 διαμένει
2656 4039 2736 4112 τῷ
2772 4038 2922 4114 βάρει
2940 4042 3045 4092 τῶν
3077 4037 3280 4093 ὑλικῶν
3303 4035 3655 4110 πεπιλημένη
3679 4040 3818 4112 (45),

2165 4129 2257 4184 καὶ
2317 4126 2406 4183 διὰ
2460 4133 2620 4183 τοῦτο
2656 4172 2670 4197 ,
2730 4135 2830 4197 τῆς
2908 4127 3109 4192 ἄνωθεν
3173 4129 3248 4200 μή
3328 4122 3821 4201 μεταλαμϐάνουσα

2171 4216 2448 4294 βοηθείας,
2505 4214 2749 4293 ἄκαρπος
2805 4217 2993 4289 μὲνει.
3054 4219 3167 4286 Τῆς
3228 4213 3284 4271 δὲ
3337 4215 3580 4291 ἀκάρπου
3634 4219 3820 4292 ψυχῆς

2169 4306 2454 4382 ἀφίσταται
2515 4307 2608 4379 μὶν
2661 4305 2725 4360 τὸ
2772 4307 2996 4378 Πνεῦμα
3049 4304 3113 4360 τὸ
3144 4306 3318 4380 ἅγιον’
3355 4304 3611 4360 πίπτουσι
3663 4303 3721 4361 δὲ
3769 4307 3822 4360 οὶ

2170 4397 2445 4473 φραγμοὶ,
2499 4395 2554 4449 αἱ
2595 4399 2703 4448 τῶν
2756 4392 3009 4469 ἀγγέλων
3058 4394 3328 4470 βοήθειαι·
3379 4393 3722 4451 εἰσπίπτουσι
3767 4392 3825 4450 δὲ

2170 4486 2224 4538 οὶ
2253 4484 2393 4554 ξένοι
2427 4483 2478 4538 οἱ
2530 4479 2865 4546 διοδεύοντες
2897 4485 3066 4556 ἡμᾶς,
3099 4484 3155 4538 αἱ
3183 4487 3294 4538 τῶν
3325 4487 3450 4560 περὶ
3477 4486 3578 4554 τήν
3625 4489 3820 4560 γνῶσιν

405 4568 642 4625 irruunt
669 4576 863 4627 autem
889 4573 1182 4646 peregrini
1214 4576 1285 4630 ad
1317 4593 1424 4632 nos
1454 4577 1852 4648 pervadentes,
1885 4578 2057 4633 nimi-

2173 4573 2581 4650 ἁμαρτημάτων
2637 4571 2976 4648 ἐνεργητικαὶ
3061 4569 3471 4662 δυνάμειςοᾲτά
3545 4595 3604 4629 τε
3672 4575 3818 4645 πάθη

407 4674 542 4714 rum
589 4665 909 4730 potestates
954 4662 1071 4719 illa;
1121 4669 1494 4735 peccatorum
1539 4665 1693 4722 circa
1731 4667 2060 4723 doctrinam

402 4749 864 4805 commissorum
895 4751 1232 4809 effectrices.
1287 4754 1439 4818 Quin
1478 4755 1656 4812 etiam
1709 4757 2063 4828 cupiditates

402 4855 530 4910 quas
555 4855 686 4895 eam
711 4847 1281 4914 praeoccupaverant,
1305 4843 1494 4900 instar
1507 4845 1633 4901 suis
1649 4846 1820 4901 bruto
1837 4845 2062 4917 impetu

403 4926 706 4996 irruentis,
739 4945 923 5002 seque
954 4929 1012 4985 in
1047 4930 1223 4988 fetido
1257 4937 1463 5004 putore
1493 4933 1837 5006 voluntatis,
1869 4935 2063 5007 ipsam

2174 4657 2659 4739 προκαταλαϐόντα
2708 4665 2821 4736 (46)
2871 4661 3145 4736 λυμαίνει,
3201 4661 3296 4725 ὐὸς
3359 4660 3512 4734 δίκην
3563 4663 3825 4738 ἀλόγιστα

2174 4755 2480 4829 ὁρμῶντος,
2537 4751 2627 4806 καὶ
2681 4750 3110 4825 καλινδουμένου
3160 4758 3280 4816 ταῖς
3340 4748 3665 4816 δυσωδίαις.
3720 4753 3822 4810 Καὶ

2171 4843 2296 4898 τότε
2324 4839 2632 4915 πληροῦται
2664 4841 2753 4896 ἐπὶ
2800 4842 2899 4910 τήν
2949 4840 3215 4911 τοιαύτην
3263 4843 3448 4917 ψυχὴν
3498 4842 3584 4912 τὸ,
3631 4843 3822 4918 Ἐγκα-

2171 4931 2590 5010 ταλειφθήσεται
2671 4931 2706 5001 ἠ
2791 4931 3033 5006 θυγάτηρ
3102 4931 3268 5001 Σιὼν,
3357 4931 3432 4994 ὡς
3514 4932 3688 5001 σκηνὴ
3771 4929 3826 4987 ἐν

484 5082 530 5118 ¹⁰
558 5083 714 5140 Psal.
747 5101 958 5154 cxxvn,
990 5086 1045 5141 3.
1122 5087 1168 5123 ²⁰
1195 5087 1363 5144 Joan.
1397 5105 1492 5157 xv,
1521 5089 1575 5143 5.
1654 5089 1699 5127 ’ί
1733 5090 1757 5144 Ι
1789 5090 1915 5146 Cor.
1947 5107 2029 5158 v1,

2224 5088 2273 5124 ³³
2301 5090 2520 5144 Jerem.
2554 5103 2615 5159 ιι,
2646 5087 2736 5142 21.
2815 5085 2861 5121 ³³
2889 5085 3057 5142 Joan.
3087 5102 3182 5154 xv,
3212 5085 3268 5141 2.

477 5251 591 5331 (43)
623 5255 716 5331 §i_c
750 5275 894 5331 mss.
927 5263 1003 5316 At
1032 5261 1197 5326 editi,
1230 5256 1510 5331 ἁπατηλή,
1554 5265 1846 5331 corrupte.

484 5325 593 5399 (44)
622 5327 931 5406 Dissident
963 5333 1114 5388 inter
1153 5325 1217 5389 se
1247 5325 1683 5406 mss.'et:editi.
1732 5325 1900 5406 Regii
1948 5332 2069 5404 pri-

414 5414 549 5479 mus
582 5403 639 5454 et
669 5404 967 5459 secundus
998 5421 1132 5479 cum
1158 5405 1392 5460 duobus
1436 5402 1592 5474 aliis,
1624 5402 1880 5479 ψυχῆςξ.
1913 5402 2068 5479 πἐρι-

412 5467 786 5553 κόπτομεν...¹
843 5475 1278 5553 ταμιευόμενοι..
1337 5479 1476 5553 Reg.
1549 5467 1782 5548 tertius,

415 5541 931 5633 περικοπτομένη..ξ
984 5541 1378 5633 ταμιευομένη.
1414 5541 1625 5633 :Reg-_
1645 5541 1936 5633 ξψβῗίβεξ
1969 5541 2070 5622 ‘i‘u'

417 5615 568 5694 χή..ἔ
647 5615 1160 5694 περικοπτομένὴ...
1222 5615 1738 5694 ⁷τιιιμιεύιει.”Ει1ἶῒιί
1799 5615 2069 5694 denique.

419 5683 573 5760 ψυχὴ
585 5727 596 5740 .
608 5724 620 5739 .
632 5727 646 5743 .
676 5683 777 5760 περ
788 5683 1118 5764 ικοπτομὲνή
1151 5710 1220 5744 τα
1228 5683 1491 5764 μιέύεται.

2246 5259 2361 5332 (45)
2393 5258 2532 5332 Reg.
2565 5259 2865 5332 secundus
2895 5263 2953 5314 et
2995 5257 3114 5313 duo
3168 5254 3269 5312 alii
3327 5273 3498 5332 ms_s.,
3559 5255 3830 5332 ἐπειλημ-

2181 5329 2615 5404 μενη,’ᾀεεὲηια.
2645 5330 2757 5387 Alii
2801 5332 2917 5387 duo
2967 5346 3114 5404 mss.
3162 5345 3298 5404 cum
3347 5330 3543 5401 editis,
3590 5329 3829 5402 πεπιλὴ-

2179 5400 2649 5486 μίγῃλὶάξρνθδεα.
2681 5402 3141 5486 Sensqs_e_odem
3173 5401 3342 5486 redit.

2253 5465 2364 5546 (4⁷6)
2393 5465 2484 5530 Sic
2513 5492 2656 5538 mss,
2685 5491 2806 5531 sex.
2848 5473 3024 5547 Editi_
3052 5465 3664 5547 προκαταλαμϐάνοντα.
3699 5478 3828 5532 Sta-

2253 5493 2364 5546 (ιιο)
2393 5493 2484 5530 i516
2513 5493 2656 5538 mss,
2685 5493 2806 5531 sex.
2849 5493 3000 5530 nam
3052 5493 3370 5547 προκαταΑα
3419 5493 3664 5529 οανοντα.
3699 5493 3828 5532 bta-

2180 5546 2302 5627 tim.
2319 5562 2419 5627 sex
2442 5564 2616 5627 mss.,
2640 5544 3031 5627 opprimi-ocimi
3055 5493 3509 5627 καλιν-δρμμί-νρυ,
3533 5549 3647 5627 nisi
3671 5549 3828 5620 quod

2181 5617 2334 5674 desit
2363 5618 2423 5673 in
2456 5615 2648 5678 tribus
2675 5615 3010 5691 conjunctio
3035 5615 3145 5675 καί.
3191 5615 3364 5688 Editi,
3417 5615 3705 5691 ὁρμῶντος
3728 5639 3827 5673 κυ-

2182 5683 2528 5746 λινδομὲνου.

2226 5709 2528 5763 ινοομενου.
