4130 6382
273 397 383 457 161
1139 383 1548 445 COMMENT.
1592 380 1676 440 IN
1719 379 1974 440 ISAIAN

2090 378 2555 440 ROPHETAM.
2601 379 2772 442 CAP.
2821 381 2869 441 l.
3575 384 3694 443 £62

272 528 406 603 ὅπερ
456 525 532 587 ὡς
584 522 728 596 ζύμη
788 517 1082 596 γενόμενον
1137 519 1256 578 τοῖς
1309 510 1501 603 ἔθνεσι,
1533 512 1736 603 πάντας
1793 511 1974 603 πρὸς,

2090 511 2250 567 aucis
2268 512 2500 568 inventa
2521 512 2725 569 electio
2743 520 2831 570 est
2855 531 2867 569 :
2896 531 3018 586 quae
3037 514 3225 587 portio
3247 515 3401 570 velut
3425 515 3696 571 fermenti

271 598 386 685 τὴν
431 610 634 669 οἴκείαν
677 609 938 665 ,εἵλκυσεν
989 603 1326 678 ὁμοιότητα·
1364 600 1501 656 ὥστε
1549 601 1639 655 καὶ
1683 601 1776 654 ἀπ’
1805 598 1935 654 ἐκεί-

2090 602 2226 655 icem
2258 601 2410 656 inter
2434 607 2638 674 gentes
2668 603 2925 675 explens,
2962 620 3164 659 omnes
3195 603 3287 659 sui
3317 604 3505 676 ipsius
3529 605 3694 659 simi-

273 727 369 761 νου
425 702 517 758 καὶ
552 697 775 777 Ἰσραὴλ
834 693 1200 772 χρηματίζειν
1257 690 1348 746 καὶ
1409 689 1540 744 λαὸν
1592 688 1810 765 Κυρίου,
1843 687 1932 742 καὶ

2090 708 2129 745 :s
2159 690 2367 758 effecit,
2398 691 2482 747 ita
2514 696 2578 747 ut
2603 709 2670 748 ex
2710 693 2809 748 illa
2840 693 3097 766 populus
3143 694 3369 749 Domini
3400 693 3576 750 etiam
3612 696 3692 749 Is-

279 796 410 851 εἶναι
462 794 554 847 τὸν
612 789 663 846 ἐν
723 792 803 859 τῷ
865 788 1092 858 κρυπτῷ
1152 778 1419 838 Ἰουδαῖον
1480 780 1630 853 (61),
1679 777 1766 833 καὶ
1823 783 1932 832 τῶν

2090 779 2163 835 1el
2196 784 2451 848 vocetur,
2485 781 2676 852 sitque
2697 782 2889 853 quivis
2920 783 3019 855 qui
3047 798 3114 837 ex
3145 783 3417 854 gentibus
3440 783 3697 838 credide-

278 884 662 956 πνευματικῶν
722 873 1058 952 ἐπαγγελιῶν
1105 868 1481 946 κληρονόμον,
1513 869 1605 922 τὸν
1667 866 1717 938 ἐξ
1767 866 1933 956 it)va

2090 874 2142 934 it,
2176 870 2233 924 in
2275 871 2618 926 abscondito
2666 872 2928 937 Judaeus,
2980 889 3045 927 ac
3077 873 3474 944 spiritualium
3513 873 3695 928 hzeres

279 954 714 1030 πεπιστευκότα.
759 963 906 1020 Ἐπεὶ
985 959 1043 1016 δὲ
1116 957 1343 1033 Σόδομα
1408 957 1765 1034 ἑρμηνεύεται
1851 954 1936 1012 ἔκ-

2090 959 2530 1014 romissionum.
2564 961 2672 1015 Sed
2701 965 3092 1032 praeterquam
3117 963 3270 1034 quod
3303 967 3492 1030 sonat,
3527 962 3575 1017 si
3599 962 3697 1018 So-

284 1062 488 1131 κλισις,
520 1055 774 1133 Γόμορρα
828 1052 885 1108 δὲ
933 1053 1140 1118 στάσις,
1183 1051 1271 1104 καὶ
1332 1047 1579 1104 τοιοῦτόν
1637 1068 1756 1102 τινα
1811 1051 1937 1102 νοῦν

2090 1065 2222 1104 oma
2253 1049 2676 1121 interpreteris,
2718 1049 3159 1118 declinationem,
3207 1050 3530 1106 Gomorrha
3560 1067 3694 1105 vero

292 1146 597 1207 ὑποϐάλλει
627 1148 661 1216 ἠ
689 1143 953 1220 ἑρμηνεία
979 1145 1087 1195 τῶν
1120 1139 1426 1211 ὀνομάτων,
1461 1136 1544 1194 ὅτι
1579 1137 1625 1192 εἰ
1687 1137 1762 1210 μὴ
1803 1135 1940 1208 ἦλθε

2090 1138 2394 1206 zditionem,
2427 1139 2605 1194 etiam
2637 1139 2929 1210 ejusmodi
2970 1155 3211 1195 sensum
3263 1140 3432 1195 nobis
3463 1139 3700 1194 exhibet

288 1243 351 1297 τὸ
413 1239 629 1311 σπέρμα
685 1235 714 1289 ’ὸ
773 1229 1102 1308 ἐπήγγελτο,
1144 1225 1296 1282 οὐδὲν
1359 1224 1594 1281 ἐκώλυεν
1655 1229 1802 1299 ἡμᾶς
1865 1225 1939 1287 εἷς

2093 1244 2329 1284 orumce
2370 1227 2676 1283 nominum
2699 1227 3101 1299 interpretatio
3131 1245 3142 1283 :
3171 1230 3322 1300 quod
3359 1229 3467 1285 nisi
3501 1245 3697 1284 semen

287 1326 526 1396 παντελῆ
594 1321 871 1379 ἀπώλειαν
933 1319 1197 1385 ἐκπεσεῖν,
1259 1315 1604 1376 ἐκκλίναντας
1661 1315 1768 1369 ἀπὸ
1847 1318 1944 1369 τοῦ

2094 1319 2205 1373 uod
2222 1318 2580 1390 promissum
2599 1318 3245 1387 fuerat,venisset,nihil
3264 1318 3542 1374 vetuisset
3561 1335 3700 1389 quo-

291 1421 445 1474 Θεοῦ.
479 1415 578 1470 Καὶ
615 1413 661 1468 εί
698 1413 774 1486 μή
817 1411 1008 1486 εἰρήνη
1057 1409 1196 1480 ἡμῖν
1237 1405 1473 1481 ἐπεφάνη
1533 1404 1585 1476 ἐξ
1643 1404 1834 1479 ὕψους,
1882 1405 1942 1460 'H

2090 1407 2252 1462 minus
2275 1423 2381 1462 nos
2423 1406 2483 1462 in
2511 1406 2799 1478 integram
2835 1406 3251 1462 incidissemus
3285 1405 3698 1477 perditionem,

295 1503 641 1583 ὑπερέχουσα
668 1501 842 1557 πάντα
882 1503 1031 1568 νοῦν,
1094 1493 1316 1557 ἕκαστος
1364 1494 1425 1549 ἃν
1491 1494 1594 1550 ὑπὸ
1649 1499 1748 1561 τῆς
1805 1491 1942 1554 ἰδίας

2096 1496 2272 1568 uippe
2305 1495 2405 1568 qui
2459 1495 2926 1551 declinassemus
2957 1513 2990 1550 a
3044 1495 3306 1552 Domino.
3343 1495 3410 1550 Et
3447 1494 3559 1550 nisi
3591 1511 3702 1566 pax

291 1581 530 1655 στάσεως
585 1592 673 1647 καὶ
729 1593 827 1645 τοῦ
893 1587 1233 1647 ἐνοικοῦντος
1315 1585 1461 1656 αὑτῷ
1532 1581 1783 1657 πολέμου
1836 1583 1946 1656 (62)

2098 1587 2225 1641 obis
2256 1586 2328 1640 ab
2359 1585 2474 1640 alto
2497 1584 2836 1651 affulsisset,
2867 1590 3007 1656 Quae
3028 1589 3315 1658 exsuperat
3335 1601 3551 1641 omnem
3582 1601 3703 1640 sen-

289 1680 762 1754 ἐξανηλώθημεν.
820 1677 895 1731 Τὰ
965 1676 1070 1751 γὰρ
1141 1673 1288 1743 πάθη
1339 1673 1436 1745 τῇς
1495 1672 1798 1747 ἁμαρτίας,
1855 1671 1946 1726 καὶ

2090 1692 2175 1730 um
2194 1675 2260 1742 ⁸⁴,
2294 1674 2614 1730 fuissemus
2645 1673 2864 1747 singuli
2885 1692 2917 1729 a
2939 1675 3174 1747 propria
3203 1674 3520 1730 rebellione
3549 1679 3608 1729 et
3629 1674 3700 1729 ab

287 1776 458 1826 πᾶσαι
486 1769 540 1824 αὶ
589 1766 726 1823 κατὰ
773 1763 998 1842 ἀλογίαν
1049 1765 1314 1834 κινήσεις,
1341 1756 1607 1838 Θορύϐους
1659 1763 1948 1838 ἀσιγήτους

2090 1763 2426 1820 nhabitante
2455 1763 2513 1818 in
2546 1763 2716 1818 nobis
2739 1763 2889 1819 bello
2913 1762 3268 1836 consumpti.
3294 1763 3441 1819 Nam
3473 1761 3703 1834 cupidi-

291 1859 385 1915 καὶ
417 1856 598 1914 στάσιν
645 1852 1013 1911 ἀδιάλλακτον
1072 1852 1321 1927 ἐμποιεῖν
1373 1851 1640 1928 πεφύκασι
1684 1856 1802 1914 ταῖς
1852 1855 1948 1926 ψυ-

303 1967 454 2023 χαις.

368 2128 464 2182 23.
499 2123 810 2197 Αἰσθομένη
845 2123 960 2195 (63)
994 2118 1084 2175 οὖν
1143 2125 1243 2189 τῆς
1292 2117 1560 2197 ὠφελείας
1607 2118 1666 2175 ἐκ
1709 2126 1809 2190 τῆς
1859 2124 1956 2175 τοῦ

305 2221 567 2288 Σωτῆρος
597 2210 914 2286 παρουσίας,
947 2210 1006 2272 ὃς
1038 2209 1112 2272 ὡς
1139 2209 1354 2283 σπέρμα
1387 2209 1580 2285 μικρὸν
1627 2207 1719 2264 διὰ
1740 2216 1840 2279 τῆς
1869 2211 1956 2265 ἁν-

305 2303 574 2379 θρωπείας
633 2301 833 2376 σαρκὸς
910 2297 1148 2354 ἐνέπεσεν
1223 2301 1384 2371 ἡμῶν
1440 2304 1519 2372 τῷ
1582 2299 1685 2375 βίῳ
1719 2341 1733 2368 ,
1791 2303 1958 2353 ταῦτα

300 2394 448 2470 λέγει
514 2390 566 2446 ἐν
623 2387 966 2466 εὐχαριστίας
1021 2383 1152 2442 εἴδει
1197 2389 1232 2456 ἡ
1287 2386 1623 2458 Ἐκκλησίαο
1667 2387 1958 2444 Ἀκούσατε

310 2481 472 2558 λόγον
578 2477 777 2554 Κυρίου
810 2520 824 2547 ,
912 2474 1174 2552 ἄρχοντες
1280 2473 1547 2550 Σοδόμων
1579 2494 1592 2507 ⁸
1661 2477 1960 2552 προσέχετε

304 2572 471 2645 νόμον
523 2572 680 2639 Θεοῦ,
721 2565 854 2629 λαὸς
906 2564 1190 2642 Γομόρρας
1221 2585 1236 2600 ο
1277 2562 1368 2620 ’ίνα
1416 2563 1580 2639 δείξῃ,
1631 2567 1716 2621 ὅτι
1771 2568 1806 2636 ἡ
1863 2569 1959 2620 τοῦ

309 2661 620 2736 σπέρματος
649 2660 747 2712 τοῦ
795 2653 1307 2732 ἐγκαταλειφθέντος
1363 2653 1499 2729 αὖτῇ
1555 2657 1701 2732 παρὰ
1756 2655 1959 2731 Κυρίου

311 2745 543 2813 Σαϐαὼθ
601 2744 890 2823 παρουσία,
939 2742 1085 2799 αἰτία
1140 2744 1324 2807 αὐτοῖς
1378 2745 1568 2821 γέγονε
1620 2752 1721 2816 τῆς
1779 2766 1958 2816 σωτη-

314 2839 430 2914 ρίας
481 2839 615 2911 (64).
649 2833 822 2906 Ἐπεὶ,
854 2833 980 2890 ὅσον
1029 2834 1093 2888 τὸ
1151 2831 1236 2889 ἐπ’
1266 2833 1467 2903 αὐτοῖς,
1500 2839 1619 2897 τοῖς
1674 2836 1959 2909 παθήμασι

313 2931 415 2993 τῆς
459 2923 792 2998 Σοδομηνῆς
971 2920 1224 2979 ὑπόδικοι
1267 2923 1426 2994 ἦσαν,
1459 2921 1730 3000 ἄρχοντας
1769 2925 1964 2989 αὐτοὺς

312 3014 586 3088 Σοδόμων
614 3012 705 3068 καὶ
737 3012 868 3068 λαὸν
900 3009 1186 3088 Γομόρρας
1215 3014 1610 3088 προσαγορεύει
1671 3013 1804 3089 ὑπὲρ
1863 3014 1960 3082 τὴν

315 3103 504 3158 κακίαν
558 3103 658 3171 τὴν
709 3106 818 3156 τῶν
874 3099 1160 3175 ἀρχόντων
1195 3118 1207 3132 ⁸
1261 3097 1352 3154 διὰ
1406 3102 1468 3155 τὸ
1521 3099 1686 3156 οἱονεὶ
1757 3099 1964 3175 μητρό-

313 3193 478 3248 πολιν
516 3192 611 3265 μὶν
645 3191 778 3245 εἶναι
808 3192 906 3254 τῆς
936 3187 1204 3263 πονηρίας
1242 3189 1310 3243 τὰ
1358 3186 1602 3261 Σόδομα,
1651 3190 1852 3260 ταύτης
1910 3187 1967 3244 δὲ

2056 1857 2206 1910 tates
2236 1869 2304 1909 ex
2351 1856 2590 1926 peccato
2638 1856 2800 1921 ortae,
2849 1869 3173 1924 omnesque
3221 1852 3642 1908 commotiones
3674 1868 3708 1906 a

1979 1916 2028 1982 B
2060 1944 2286 2000 ratione
2299 1916 2927 2017 alienae,obstrepentes
2940 1916 3230 2000 tumultus
3243 1943 3711 2015 seditionemque

2061 2033 2495 2105 implacabilem
2527 2033 2718 2089 solent
2748 2034 3059 2090 animabus
3085 2050 3306 2102 parere.

2133 2125 2221 2179 23.
2257 2123 2514 2180 Ecclesia
2535 2124 2711 2193 igitur
2733 2124 3001 2180 utilitatis
3025 2140 3094 2179 ex
3114 2122 3429 2179 Salvatoris
3460 2122 3712 2178 adventu

2063 2216 2347 2286 perceptae
2377 2213 2634 2282 conscia,
2680 2213 2780 2284 qui
2829 2213 2988 2268 velut
3021 2213 3296 2283 exiguum
3352 2228 3552 2268 semen
3586 2210 3712 2265 vita:

2065 2306 2278 2357 nostrae
2311 2302 2558 2373 illapsus
2589 2306 2678 2357 est
2710 2319 2810 2372 per
2840 2301 3162 2357 humanam
3203 2317 3461 2366 carnem,
3498 2300 3558 2355 in
3593 2315 3712 2354 mo-

2067 2392 2210 2446 dum
2242 2391 2488 2446 actionis
2521 2390 2841 2463 gratiarum
2873 2391 2992 2446 htec
3038 2391 3215 2447 dicit:
3259 2390 3436 2464 (Vens
3489 2391 3576 2458 10)
3608 2389 3714 2444 Au-

2067 2480 2177 2536 dite
2208 2480 2427 2536 verbum
2477 2481 2716 2551 Domini,
2764 2482 3046 2553 principes
3088 2480 3487 2537 Sodomorum:
3535 2483 3718 2534 atten-

2067 2570 2180 2626 dite
2207 2570 2315 2642 legi
2345 2571 2471 2638 Dei,
2520 2572 2750 2643 populus
2798 2569 3146 2635 Gomorrhee;
3190 2575 3255 2625 ut
3301 2569 3591 2636 ostendat,
3627 2584 3717 2624 se-

2071 2659 2247 2716 minis
2270 2661 2419 2731 ejus,
2445 2660 2598 2732 quod
2625 2660 2672 2716 ei
2696 2677 2730 2715 a
2752 2661 2996 2716 Domino
3013 2660 3268 2717 Sabaoth
3284 2658 3550 2715 relictum
3573 2661 3720 2728 erat,

2070 2751 2386 2808 adventum
2417 2748 2500 2805 eis
2532 2748 2744 2806 salutis
2794 2750 2976 2807 fuisse
3005 2767 3242 2806 causam
3294 2748 3718 2820 originemque.

2069 2840 2379 2910 Quoniam,
2404 2844 2689 2909 quantum
2713 2839 2772 2894 in
2792 2840 2877 2895 eis
2900 2839 3084 2895 situm
3108 2843 3253 2908 erat,
3277 2837 3606 2893 Sodominaa
3633 2853 3725 2891 ur-

2071 2931 2164 2985 bis
2197 2928 2370 2985 malis
2400 2933 2567 2984 erant
2595 2930 2830 2984 obnoxii
2859 2947 2872 2998 ;
2903 2930 3086 3002 ipsos,
3120 2945 3252 2984 cum
3287 2931 3482 2983 essent
3513 2926 3727 2998 princi-

2072 3019 2246 3091 pibus
2279 3017 2526 3088 pejores,
2574 3017 2869 3088 principes
2914 3019 3301 3074 Sodomorum
3349 3024 3407 3072 et
3440 3016 3724 3088 populum

2075 3105 2406 3161 Gomorrhae
2439 3104 2712 3175 appellat,
2745 3106 2899 3176 quod
2933 3106 3186 3161 Sodoma
3225 3108 3382 3160 esset
3411 3103 3590 3158 veluti
3623 3118 3725 3158 ne-

2074 3194 2270 3266 quitiaa
2305 3193 2664 3264 metropolis,
2698 3194 2943 3265 ejusque
2971 3193 3263 3265 principes
3312 3191 3728 3262 exsuperantia

311 3279 481 3350 αὐτῆς
539 3280 676 3334 κατὰ
732 3275 925 3338 κακίας
989 3271 1302 3352 ὑπερϐολὴν
1355 3276 1638 3353 ὑπερέχειν
1695 3279 1820 3342 τοὺς
1870 3277 1969 3354 ἅρ-

2090 3281 2410 3355 iniquitatis
2441 3287 2803 3353 superarent.
2838 3282 3012 3337 Porro
3043 3281 3181 3353 quid
3217 3286 3305 3336 est
3335 3280 3489 3352 quod
3523 3296 3729 3334 vocen-

315 3387 538 3443 χοντας.
573 3367 672 3422 Διὰ
699 3367 752 3421 τί
795 3364 853 3420 δέ
897 3363 1158 3439 ἄρχοντες
1207 3363 1496 3439 Σοδόμων,
1527 3368 1561 3436 ἢ
1612 3366 1752 3422 διότι
1803 3370 1970 3423 καθά-

314 3476 414 3530 περ
449 3454 647 3510 ἐκεῖνοι
683 3457 1029 3530 παρῃτοῦντο
1059 3453 1150 3508 τὸν
1180 3455 1248 3508 τὰ
1295 3452 1479 3510 δίκαια
1523 3455 1776 3531 κρίνοντα
1821 3459 1967 3528 Λὼτ,

317 3545 408 3601 ὅτε
493 3543 815 3620 ἐξαιρεῖσθαι
901 3540 1027 3604 τοὺς
1125 3543 1253 3616 παρ’
1328 3544 1477 3616 αὐτῷ
1562 3543 1972 3615 ἐπιξενωθέντας

317 3630 638 3705 ἐσπούδαζε,
699 3630 989 3706 λέγοντες·
1044 3629 1314 3702 Εἰσῆλθες
1366 3639 1647 3709 παροικεῖν
1682 3680 1699 3707 ,
1751 3636 1826 3709 μὴ
1881 3638 1968 3691 καὶ

315 3722 490 3798 κρίσιν
549 3721 786 3797 κρίνεινο
816 3720 970 3780 οὕτω,
1017 3719 1108 3774 καὶ
1166 3721 1321 3776 οὗτοι
1370 3722 1458 3776 τὸν
1521 3719 1726 3778 δίκαιον
1779 3727 1970 3797 κριτὴν

317 3814 703 3886 παρῃτοῦντο,
760 3809 1048 3884 κράζοντες
1082 3829 1095 3843 ο
1159 3815 1441 3885 Σταυροῦ,
1511 3818 1742 3890 σταυροῦ
1813 3817 1923 3889 (66)
1957 3835 1968 3848 '

317 3903 440 3976 αἶρε
500 3900 606 3954 ἀπὸ
649 3902 750 3964 τῆς
793 3905 895 3973 γῆς
940 3898 1031 3952 τὸν
1074 3903 1368 3969 τοιοῦτονς
1419 3900 1626 3976 Πολλῷ
1675 3901 1731 3958 δὲ
1774 3905 1974 3977 μείζων

322 3988 551 4052 ἐνταῦθα
606 3990 642 4058 ἡ
708 3985 1011 4062 μοχθηρία.
1074 3987 1142 4043 Οἱ
1190 3988 1283 4061 μὲν
1344 3989 1444 4066 γὰρ
1501 3989 1578 4054 εἷς
1654 3991 1832 4063 ξένους
1887 3994 1976 4050 καὶ

323 4076 491 4152 μηδὲν
539 4074 877 4148 ἠδικηκότας
939 4074 1287 4152 ἠσέλγαινον,
1321 4081 1372 4134 οἱ
1418 4077 1476 4135 δὶ
1517 4080 1594 4146 εἰς
1637 4082 1728 4137 τὸν
1775 4085 1842 4138 τὰ
1882 4105 1977 4159 με-

323 4167 470 4244 γάλα
527 4165 723 4229 αὐτοὺς
780 4167 900 4220 καθ’
971 4160 1286 4240 ὑπερϐολὴν
1344 4171 1454 4242 (67)
1515 4171 1977 4248 εὐεργετήσαντα·

325 4258 570 4312 κάκεῖνοι
633 4255 729 4330 μὲν
779 4255 858 4317 εἰς
904 4255 1110 4328 ξᾶνους,
1143 4256 1290 4312 οὗτοι
1327 4255 1386 4313 δὲ
1430 4259 1521 4314 τὸν
1556 4259 1632 4323 είς
1657 4261 1723 4316 τὰ
1748 4259 1861 4317 ἷ¹δια
1889 4263 1981 4320 ἐλ-

2085 3378 2178 3427 tur
2203 3371 2584 3426 Sodomorum
2612 3369 2903 3442 principes
2924 3370 2950 3426 ?
2970 3375 3051 3425 An
3068 3370 3206 3442 quia
3229 3370 3732 3442 quemadmodum

2079 3461 2163 3515 illi
2198 3458 2558 3531 repellebant
2585 3477 2618 3515 a
2649 3476 2711 3515 se
2741 3465 2798 3516 et
2836 3460 3257 3516 aversabantur
3305 3459 3412 3515 Lot
3435 3459 3603 3529 justa
3630 3459 3730 3514 de-

2083 3552 2458 3614 cernentem,
2511 3565 2642 3603 cum
2717 3565 2816 3604 eos
2873 3565 3020 3620 quos
3099 3549 3352 3620 hospitio
3413 3553 3735 3619 receperat,

2083 3639 2345 3710 ipsorum
2407 3637 2682 3692 manibus
2757 3637 3010 3693 eximere
3074 3643 3388 3694 conaretur
3441 3636 3740 3708 (dicebant

2084 3727 2367 3782 nimirum
2393 3743 2404 3779 τ
2439 3730 2718 3797 Ingressus
2738 3744 2792 3782 es
2824 3735 2882 3782 ut
2912 3727 3140 3792 advena,
3174 3745 3308 3781 num
3339 3729 3516 3782 etiam
3556 3730 3614 3780 ut
3634 3727 3740 3797 ju—

2084 3815 2529 3888 diciumjudice:
2549 3816 2594 3850 ⁸⁵
2613 3816 2684 3887 ‘2),
2710 3816 2791 3870 ita
2812 3821 2867 3870 et
2889 3815 2948 3870 hi
2974 3816 3309 3886 rejiciebant
3331 3832 3563 3888 aequum
3581 3815 3742 3887 judi-

2088 3906 2392 3974 cem,897
2413 3905 2732 3961 clamantes
2758 3922 2769 3960 :
2799 3906 3357 3978 Cruciﬁge,cruciﬁge
3375 3905 3739 3976 3°,ejusmodi

2088 4000 2279 4056 virum
2310 3997 2452 4053 tolle
2483 4014 2512 4053 e
2542 3997 2743 4053 terra?
2783 3997 2901 4052 Hoc
2931 4002 3129 4053 autem
3181 3997 3374 4053 scelus
3407 3996 3588 4052 multo
3617 4014 3742 4052 ma-

2081 4089 2185 4160 jus
2215 4092 2324 4143 est.
2357 4085 2586 4142 Etenim
2618 4085 2705 4141 illi
2728 4085 2962 4155 quidem
2986 4085 3228 4140 libidine
3259 4084 3461 4153 acti,in
3480 4084 3744 4155 hospites

2092 4175 2238 4233 nihil
2269 4177 2340 4232 de
2360 4193 2422 4232 se
2446 4174 2597 4232 male
2620 4174 2860 4231 meritos
2887 4175 3161 4230 furebant
3185 4192 3198 4230 :
3225 4174 3284 4229 hi
3311 4191 3442 4230 vero
3476 4189 3608 4228 cum
3632 4171 3743 4226 im-

2093 4270 2324 4338 petunt,
2356 4283 2388 4320 a
2421 4281 2534 4338 quo
2564 4268 2730 4321 erant
2761 4263 3058 4320 beneﬁciis
3104 4263 3376 4319 maximis
3409 4262 3620 4319 allecti.
3657 4261 3745 4315 llli

395 4383 440 4418 3‘
465 4381 722 4454 Philipp.
758 4399 833 4452 ιν,
861 4381 919 4438 7.
995 4382 1040 4416 ³⁸
1071 4381 1214 4439 Gen.
1249 4402 1366 4454 xxx,
1401 4387 1456 4440 9.
1535 4389 1580 4423 ³⁸
1612 4391 1750 4446 Luc.
1783 4408 1944 4459 xxm,
1975 4393 2065 4448 21.

395 4508 629 4589 (6_1).Sio
688 4511 939 4589 quatuor
995 4514 1249 4589 memet
1304 4511 1466 4589 editi,
1523 4515 1632 4566 τῶν
1674 4514 1983 4589 εει-κρυπτῳ

326 4576 624 4651 Ἰουδαίων,
685 4576 990 4652 corrupte.
1046 4580 1279 4653 Statim_
1316 4576 1668 4653 duo_'mss.,
1729 4576 1843 4641 ἐπεὶ
1904 4576 1980 4643 δὲ’.

2095 4517 2248 4572 male
2278 4520 2447 4573 sonat
2477 4533 2582 4587 per.
2608 4531 2689 4581 se,
2724 4531 2826 4588 nec
2858 4515 2929 4569 ad
2963 4531 3082 4571 rem
3122 4516 3391 4588 perliuet.
3423 4514 3742 4588 Maluimus

2095 4591 2278 4661 igitur
2306 4585 2502 4644 vocem
2555 4585 2822 4660 παρουσία
2869 4585 3262 4661 addere,__non
3310 4590 3574 4661 codicum
3612 4585 3740 4661 qui:

324 4653 479 4731 Editi
509 4657 567 4708 et
596 4635 880 4731 ἀνεψιοί
899 4667 1068 4718 ωδε.»
1103 4649 1292 4731 ἐπειδὴ
1324 4635 1981 4731 ίέόδξξιῖιὶίηᾱέᾏάίιῖζ
2015 4635 2060 4698 D
2093 4635 2854 4731 et'e“e;aa“'sc;igiauiin
2871 4635 3740 4724 “ea:ait“inﬁmitate

325 4719 712 4804 ἐκκλησίᾳ-Αἰ
743 4723 1206 4804 ςιιιὶιιᾳυοιῐιεεη
1241 4719 1506 4799 ἔκκλισις,
1538 4734 1595 4784 et
1639 4730 1722 4785 ita
1751 4719 1985 4804 quoque

328 4797 481 4870 apud
500 4793 868 4870 Procopium
901 4793 1134 4870 legitur:

401 4868 514 4940 (62)
545 4863 784 4940 Codices
805 4867 944 4940 duo,
977 4863 1030 4940 ἐν
1077 4865 1247 4940 αὐτῷ.
1282 4872 1452 4924 Deest
1483 4866 1534 4922 tv
1585 4871 1644 4926 in
1676 4872 1808 4929 aliis
1838 4889 1981 4930 mss.

329 4937 477 5018 etin
499 4937 702 5018 editis:
737 4937 960 5018 Ibidem
1003 4938 1062 4993 in
1093 4939 1234 5011 Reg.
1284 4943 1565 5014 secundo,
1600 4959 1704 5016 pro
1731 4941 1985 5018 πολέμου

333 5012 571 5080 legitur,
601 5008 896 5080 πολεμίου.

383 5080 518 5203 é(63)
546 5084 724 5150 Editi,
757 5080 1138 5152 αἰσθανομενη.
1185 5086 1260 5138 At
1291 5083 1556 5157 quinque
1601 5103 1768 5157 mss.,
1801 5084 1984 5141 αἴσθο-

410 5173 498 5203 νη.

410 5173 498 5208 νη.

551 5229 688 5297 Reg.
740 5223 1057 5307 secundps,
1119 5218 1358 5307 Σαβαὼθ.
1411 5225 1556 5307 αἰτία
1612 5227 1749 5307 αὑτή
1801 5228 1986 5307 αὐτοῖς

339 5293 524 5376 γέγονε
553 5293 1134 5376 σωτηρίαςὺπόθεσιςε
1180 5303 1291 5353 etc.
1324 5299 1558 5376 Sed-,7ut
1606 5293 1796 5359 dicam
1829 5306 1986 5375 quod

339 5367 548 5448 sentio,
580 5367 1054 5448 emendatiohaae
1083 5368 1214 5448 ejus
1243 5367 1647 5448 esse_videtur,
1673 5378 1798 5448 qui,
1832 5367 1986 5448 quod

339 5439 697 5516 perspiceret
753 5439 974 5516 aliquid
1033 5438 1297 5516 ho_cl_oco
1358 5445 1578 5513 deesse,
1626 5438 1986 5516 'huic'nialo,

339 5517 631 5579 quantum
656 5512 714 5564 in
738 5527 800 5566 se
823 5511 948 5579 fuit,
985 5513 1200 5568 mederi
1225 5521 1469 5573 conatus
1489 5511 1596 5574 est.
1623 5524 1763 5576 Rem
1789 5511 1986 5577 autem

339 5581 392 5666 ei
426 5583 907 5666 malefecidisse,
934 5582 1026 5666 vel
1056 5601 1125 5666 ex
1163 5586 1821 5666 ipse_interpretatione
1849 5611 1987 5650 con-

340 5655 540 5710 stabit.
571 5655 663 5711 Sic
694 5655 850 5712 enim
882 5655 953 5712 ad
998 5655 1238 5714 verbufn
1286 5659 1422 5717 licet
1455 5655 1714 5722 vertere:
1748 5667 1988 5723 Seminis

339 5741 524 5796 causa,
557 5728 683 5800 ipsa
710 5729 787 5784 eis
813 5729 924 5801 fuit
952 5725 1156 5785 salutis
1182 5747 1372 5806 causa,
1405 5751 1509 5794 seu
1539 5737 1713 5811 origo,
1742 5739 1801 5796 id
1832 5739 1989 5812 quod

2095 4733 2441 4804 Combetisii
2462 4734 2857 4804 conjecturam
2889 4733 3098 4786 secuti.

2169 4805 2277 4876 {65)
2310 4803 2547 4860 Codices
2567 4798 2716 4859 tres.
2750 4798 3099 4876 Σοδομηνῆς.
3128 4804 3264 4876 Reg.
3291 4802 3606 4864 secundus,
3644 4805 3744 4876 Σο-

2097 4871 2352 4948 δομινῆς.
2386 4876 2559 4943 Editi,
2613 4871 3042 4948 παθήμασιτοῖς
3088 4871 3439 4947 Σοδᾶμικοῖς.
3477 4871 3738 4948 Mex‘ali-

2096 4941 2240 5020 qu'ot
2269 4941 2878 5021 ωεεηίπροσαγορεύει.
2904 4949 3166 5021 Subinde
3189 4941 3305 5005 tres
3336 4964 3504 5015 mss.,
3538 4941 3627 4997 διὰ
3653 4941 3740 5000 τό.

2094 5016 2246 5076 Editi
2275 5037 2406 5077 cum
2439 5016 2578 5091 Reg.
2611 5016 2803 5088 tertio,
2840 5016 2929 5073 διὰ
2955 5023 3072 5091 τοῦἶ

2167 5093 2279 5164 (66)
2311 5087 2552 5149 Codices
2606 5087 2886 5163 quinque,
2947 5089 3202 5165 σταύρου,
3256 5087 3527 5165 σταύρου..
3569 5087 3741 5157 Editi,

2098 5163 2326 5238 diverSo
2357 5168 2622 5238 accentu,
2657 5166 2928 5238 σταυροῦ,
2956 5163 3366 5238 creo'poBLquae
3418 5163 3743 5238 scriptura-

2095 5235 2252 5293 inter
2281 5237 2573 5292 variantes
2605 5232 2973 5299 lectiones'in
3005 5232 3158 5295 Novo
3189 5232 3561 5292 Testamento
3593 5232 3739 5288 Oxo-

2097 5308 2288 5381 niensi
2321 5309 2535 5381 legitur
2569 5309 2704 5381 Luc.
2749 5324 2910 5376 xxul,
2942 5310 3031 5363 21.
3084 5308 3233 5381 Illud
3265 5307 3419 5379 quod
3453 5305 3740 5377 sequitur,

2099 5380 2341 5461 ἀπὲέᾗὲ
2354 5380 2496 5461 ,Ῠπῖλςζ
2509 5381 2581 5461 _i_r_1
2615 5380 2802 5461 tribus
2833 5397 2978 5461 mss.
3013 5380 3405 5461 desideratur.
3520 5441 3544 5461 η

2169 5444 2401 5526 (67)’3ἱὸ
2427 5444 2702 5526 'editi._At
2749 5452 3006 5526 quinque
3039 5469 3208 5523 mss.,
3261 5449 3452 5510 αὐτοὺς
3485 5444 3743 5526 οῧμενουν

2098 5516 2668 5599 ἔχονταμὺπερβολῄν,
2703 5516 2928 5599 ⁸ιιεέεοὶό
2948 5541 3064 5599 quo
3124 5516 3322 5580 sensu.
3344 5529 3491 5599 _Mox
3517 5516 3745 5599 editi__et

2099 5591 2241 5654 diss.
2279 5591 2519 5652 οὖτοίδέ
2546 5591 2748 5667 τὸνεξς
2777 5593 2861 5667 τά·
2898 5591 2998 5651 sed
3031 5603 3234 5652 auctor
3261 5596 3618 5667 quicumque
3648 5591 3745 5645 ille

2099 5670 2244 5797 ﬁuit,t
2259 5675 2361 5727 aut
2391 5669 2647 5741 scripsit,
2680 5663 2758 5727 εἷς
2778 5665 2896 5736 τόν,
2929 5672 3025 5724 aut
3049 5663 3396 5741 particulam
3429 5663 3746 5726 etc’subau-

2142 5759 2215 5797 1V1
2250 5783 2263 5797 .

2142 5742 2263 5799 ivit.
