4130 6378
391 360 511 420 163

1327 355 1725 419 APPENDIX
1766 354 2096 417 OPERUM
2141 356 2209 416 S.
2250 354 2532 422 BASILII
2575 361 2856 428 MAGNI.

3688 377 3807 437 164

389 489 446 545 in
481 488 838 562 peregrinos,
872 489 931 544 hi
964 505 1096 545 vero
1128 489 1186 544 in
1219 505 1350 544 eum
1375 488 1476 560 qui
1507 488 1564 543 in
1598 485 1836 559 propria
1855 485 2009 541 venit

2153 483 2333 540 θόντα·
2364 487 2599 546 κάκεῖνοι
2661 495 2759 567 μὲν
2810 495 2887 558 είς
2944 496 3224 574 ἀγγέλους,
3259 501 3406 557 οὗτοι
3462 499 3523 558 δὶ
3578 505 3654 567 εἰς
3710 507 3804 562 τὸν

390 579 549 634 tuere
579 578 987 634 contumeliosi
1017 597 1029 634 :
1065 577 1147 632 illi
1181 578 1417 648 quidem
1447 577 1503 631 in
1538 575 1798 648 angelos,
1820 576 1877 630 bi
1901 591 2034 630 vero

389 668 448 722 in
485 669 687 723 Deum.
719 668 907 733 Quare
938 667 1263 740 principum
1295 666 1788 723 Sodomiticorum
1822 681 2030 720 nomen

374 759 513 830 jure
545 776 611 814 ac
652 760 856 814 merito
907 761 1204 814 consecuti
1253 764 1394 814 sunt
1465 763 1736 813 Attamen
1793 758 1941 812 Deus
1972 756 2030 810 in

382 847 544 918 ipsos
577 848 872 902 beneﬁcus
900 848 970 902 ad
1006 847 1178 904 utiles
1211 865 1349 903 suos
1378 863 1679 902 sermones
1711 846 2030 901 audiendos

383 937 747 1005 adhortatur,
775 936 1177 1008 populumque
1201 937 1293 992 bis
1315 937 1681 1008 principibus
1703 935 2026 1004 subditum,

378 1029 434 1080 et
484 1031 715 1097 propter
765 1026 1093 1096 improbam
1145 1027 1474 1081 doctrinam
1524 1024 1880 1097 appellatum
1914 1024 2025 1078 Go-

380 1115 625 1170 morrhaa
658 1113 970 1186 populum,
1000 1116 1070 1170 ad
1107 1115 1474 1186 praebendam
1500 1114 1609 1186 legi
1645 1115 2023 1170 attentionem

374 1202 622 1274 inducit,
647 1204 786 1259 dum
815 1203 1225 1259 solertioribus
1249 1204 1605 1276 praieipit,ut
1629 1204 1869 1258 audiant
1897 1221 1910 1270 ;
1937 1203 2026 1258 in-

373 1292 750 1364 sipientibus,
804 1297 870 1347 ut
919 1293 1264 1360 attendant;
1314 1292 1424 1360 vel,
1459 1297 1525 1348 ut
1565 1292 1808 1347 auribus
1839 1291 2023 1364 perci-

369 1383 555 1455 piant,
591 1382 747 1437 sicut
779 1381 970 1438 caateri
1003 1381 1368 1454 interpretati
1399 1385 1557 1437 sunt.
1591 1385 1767 1440 Porro
1803 1386 2024 1452 quanta

370 1477 461 1528 est
492 1489 823 1528 sermonem
855 1471 1009 1528 inter
1039 1477 1097 1527 et
1126 1471 1308 1542 legem
1343 1473 1688 1540 diil‘erentia,
1719 1478 1878 1528 tanto
1901 1471 2021 1527 dis-

371 1561 614 1618 crimine
647 1561 849 1642 audire
880 1566 937 1618 et
965 1563 1210 1618 auribus
1245 1563 1536 1634 percipere
1567 1563 1721 1619 inter
1755 1579 1816 1618 se
1847 1563 2020 1619 dissi-

370 1650 530 1706 dent.
567 1651 666 1706 Est
693 1651 848 1706 enim
887 1653 1290 1722 lexjustorum
1314 1653 1746 1724 etinjustorum
1780 1652 2017 1725 regula;

370 1756 499 1812 quas
534 1741 770 1812 quidem
804 1741 1029 1812 agenda
1074 1747 1233 1810 sunt,
1277 1742 1593 1812 imperans,
1629 1758 1697 1797 ea
1727 1758 1859 1797 vero
1892 1758 2017 1813 qum

2147 576 2298 672 Θεόν.
2334 579 2431 634 Διά
2457 585 2616 637 τοῦτο
2664 580 2887 648 δικαίως
2938 595 3040 657 τῆς
3093 590 3198 644 τῶν
3259 588 3640 664 Σοδομιτικών
3701 595 3800 672 ἀρ-

2145 665 2359 754 χόντων
2415 673 2786 748 προσηγορίας
2843 675 3118 746 ἠξίωνται.
3155 677 3316 736 Ἀλλ’
3361 680 3515 754 ὅμως
3566 665 3795 750 τούτους

2144 752 2438 831 εὐεργετῶν
2472 760 2500 816 6
2529 760 2680 834 Θεὸς,
2716 763 2794 825 εἰς
2843 779 2943 835 την
2980 771 3085 822 τῶν
3133 752 3432 846 ὠφελίμων
3484 771 3648 827 αὐτοῦ
3698 773 3793 828 λό-

2139 864 2248 919 γων
2304 846 2472 917 ἀκοὴν
2531 851 2887 927 προκαλεῖται
2945 859 3109 929 (68)·
3159 859 3250 912 τὸν
3313 856 3370 914 δὲ
3425 861 3528 915 ὑπὸ
3585 862 3790 918 τούτων

2139 933 2444 1026 ἀρχό-μενον
2495 937 2659 1026 (λαὸν,
2705 942 2794 996 καὶ
2847 943 2906 999 ἐκ
2954 946 3062 1001 τῶν
3128 953 3382 1024 πονηρῶν
3442 947 3789 1026 διδαγμάτων

2140 1024 2422 1101 Γομόρῥας
2493 1025 2621 1084 λαὸν
2691 1033 3127 1107 χρηματίζοντα,
3181 1036 3256 1099 εἷς
3314 1040 3413 1107 τὴν
3469 1024 3790 1114 τοῦ-νόμου

2136 1116 2423 1204 προσοχὴν
2481 1117 2830 1196 ἐπιστρέφει·
2880 1129 2998 1185 τοῖς
3059 1125 3153 1197 μὲν
3228 1125 3664 1204 ἐντρεχεστὲροις
3724 1132 3784 1186 τὸ

2137 1201 2357 1258 ἀκοῦσαι
2389 1207 2766 1280 προστάσσων,
2799 1217 2918 1276 τοῖς
2947 1210 3005 1268 δὲ
3044 1201 3329 1280 ἀσυνέτοιςγ
3472 1201 3788 1295 προσέχειν,

2133 1291 2262 1379 ᾒτὸ
2302 1291 2667 1368 ἐνωτίζεσθαί,
2705 1299 2836 1375 ὅπερ
2884 1299 3063 1379 ἕτεροι
3115 1291 3684 1378 ἐκδεδώκασινίὍση
3730 1307 3788 1364 δὶ

2134 1377 2302 1457 λόγου
2332 1384 2472 1460 πρὸς
2499 1387 2670 1460 νόμον
2699 1386 2950 1468 διαφορὰ,
2976 1377 3218 1465 τοσαύτη
3268 1395 3357 1449 καὶ
3414 1401 3515 1451 τοῦ
3574 1377 3786 1454 ἀκούειν

2131 1471 2269 1545 πρὸς
2319 1473 2383 1527 τὸ
2440 1474 2805 1546 ἐνωτίζεσθαι.
2839 1481 2900 1538 Ὁ
2960 1481 3054 1553 μὶν
3095 1483 3198 1557 γὰρ
3248 1483 3420 1557 νόμος
3468 1487 3644 1541 κανὼν
3705 1485 3786 1542 δι-

2129 1561 2299 1615 καίων
2335 1561 2445 1617 δστὶ
2504 1566 2594 1620 καὶ
2654 1565 2880 1639 ἀδίκων,
2913 1572 3273 1646 προστατικὸς
3336 1573 3430 1646 μὶν
3486 1575 3559 1630 ὧν
3619 1597 3784 1649 ποιη-

2127 1649 2271 1722 τέον,
2313 1651 2739 1728 ἀπαγορευτικὸς
2789 1655 2846 1714 δὶ
2897 1660 2970 1713 ὧν
3029 1661 3093 1715 ού
3143 1664 3434 1731 ποιητέον·
3495 1662 3556 1718 οὗ
3611 1665 3785 1740 φυλα-

2129 1741 2313 1829 κτικός
2363 1741 2502 1796 ἐστιν
2551 1746 2579 1798 6
2625 1743 2821 1816 πολὺς,
2855 1747 2950 1802 κᾶν
2995 1750 3057 1804 τὸ
3093 1749 3145 1804 iv
3178 1750 3323 1823 αύτῷ
3356 1754 3466 1825 (69)
3500 1752 3784 1829 ὠφέλιμον

368 1831 614 1888 minime
663 1837 802 1887 sunt
853 1832 1142 1902 facienda,
1195 1832 1552 1904 prohibens:
1605 1849 1779 1904 quam
1829 1839 2009 1888 servat

2129 1827 2315 1930 ἀγνοῇ.
2349 1831 2410 1888 Ὁ
2437 1829 2499 1930 ,δλὶ
2531 1831 2700 1930 λόγος
2727 1837 2813 1930 καὶ
2869 1845 2971 1906 τῆς
3025 1838 3197 1901 αἰτίας
3245 1838 3388 1896 ἐστὶν
3454 1827 3782 1908 ἀποήδοτικὸς

365 1919 598 1993 vulgus,
633 1920 869 1975 tametsi
901 1922 1027 1991 ejus
1059 1923 1290 1994 ignorat
1324 1921 1660 1977 utilitatem.
1695 1922 1896 1977 Sermo
1922 1939 2018 1976 au-

364 2011 482 2064 tem
516 2010 709 2065 reddit
739 2011 917 2066 etiam
952 2011 1259 2081 rationem,
1292 2027 1398 2066 cur
1436 2012 1700 2081 quaedam
1732 2011 1850 2067 sint
1879 2028 2016 2066 con-

363 2098 588 2154 stituta.
625 2100 695 2155 Et
727 2099 980 2155 maxime
1010 2116 1199 2155 sermo
1241 2104 1457 2167 noster,
1506 2100 1744 2156 sublimi
1779 2101 2014 2172 spirita-

367 2187 519 2258 lique
551 2205 727 2244 sensu
762 2188 948 2261 legem
982 2188 1300 2260 explicans,
1335 2191 1492 2244 nuda
1521 2195 1580 2245 et
1613 2190 1781 2261 legali
1813 2190 2013 2245 obser-

361 2278 594 2333 vatione
625 2277 877 2333 nobilior
905 2282 988 2334 est
1019 2294 1084 2333 uc
1127 2279 1512 2350 praestantior.
1565 2281 1786 2334 Audire
1816 2283 2009 2334 autem

365 2371 423 2423 et
451 2367 696 2423 auribus
729 2366 1042 2439 percipere,
1075 2368 1212 2438 quid
1245 2369 1396 2423 inter
1415 2385 1476 2424 se
1500 2368 1826 2424 differunt?
1848 2369 2008 2433 Quod

359 2457 563 2512 audire
588 2456 801 2512 mentis
824 2463 935 2524 est,
961 2457 1043 2514 uti
1071 2457 1354 2513 Dominus
1377 2458 1618 2525 indicat,
1643 2459 1783 2514 dum
1811 2476 1918 2514 nos
1938 2459 2007 2513 ad

357 2545 646 2601 dictorum
679 2547 1036 2602 sententiam
1065 2547 1242 2619 probe
1263 2547 1703 2620 intelligendam
1735 2549 2009 2605 exstimu-

355 2634 476 2691 lat:
510 2637 623 2705 Qui
671 2635 836 2690 habet
892 2652 1059 2691 aures
1105 2636 1376 2692 audiendi
1420 2639 1717 2694 audiat“:
1767 2643 1828 2694 at
1874 2655 2008 2694 vero

355 2724 597 2780 auribus
630 2725 926 2795 percipere
957 2729 1045 2780 est
1076 2726 1318 2780 auribus
1352 2727 1573 2782 nudum
1617 2727 1879 2800 ingerere
1911 2744 2002 2783 so-

355 2831 517 2868 num.
540 2816 905 2886 Quapropter
928 2813 1179 2886 populus
1202 2815 1260 2870 in
1285 2816 1474 2871 Exodo
1497 2816 1579 2871 ait
1602 2832 1615 2873 :
1642 2815 1840 2871 Omnia
1864 2833 2008 2886 qua:-

353 2920 569 2975 canquc
597 2903 806 2959 dixerit
857 2905 1013 2971 Deus,
1057 2906 1344 2976 faciemus,
1383 2909 1433 2961 et
1475 2905 1766 2961 audiemus
1790 2906 1871 2960 ³⁸ε
1917 2911 2003 2960 ta-

354 2992 526 3049 metsi
552 2997 1013 3049 consentaneum
1039 2993 1227 3066 magis
1250 2994 1458 3061 fuerat,
1485 2999 1548 3049 ut
1570 2995 1829 3050 dicerent
1853 3011 1866 3050 :
1896 3000 2006 3050 Au-

2125 1919 2243 1972 καθ’
2272 1920 2332 1988 ἢν
2387 1918 2514 1976 τάδε
2569 1924 2690 1978 τινὰ
2749 1922 3108 1986 διατέτακται.
3138 1930 3240 1985 Καὶ
3305 1929 3543 2002 μάλιστα
3593 1934 3620 1988 6
3669 1937 3781 2008 (70)

2124 2011 2244 2063 καθ’
2290 2012 2436 2083 ἡμᾶς
2470 2010 2654 2090 λόγος,
2692 2013 2919 2088 ὑψηλῶς
2950 2018 3041 2073 τὸν
3074 2018 3245 2092 νόμον
3277 2018 3365 2073 καὶ
3398 2028 3779 2094 πνευματικῶς

2124 2097 2504 2175 ἐξηγούμενος,
2562 2102 2891 2180 τιμιώτερός
2946 2105 3056 2161 ἐστι
3143 2113 3242 2177 τῆς
3302 2108 3474 2181 ψιλῆς
3525 2111 3660 2166 κατὰ
3715 2111 3778 2166 τὸ

2120 2188 2348 2264 γράμμα
2378 2195 2833 2268 παρατηρήσεως.
2874 2193 2935 2248 Τί
2969 2193 3026 2250 δὲ
3053 2196 3114 2250 τὸ
3167 2196 3380 2252 ἀκούειν
3429 2203 3527 2253 τοῦ
3588 2200 3774 2255 ἐνωτί-

2124 2282 2301 2346 ζεσθαι
2336 2276 2615 2358 διαφέρει;
2651 2284 2773 2338 ’Ότι
2804 2283 2866 2338 τὸ
2903 2284 2997 2356 μὶν
3044 2285 3261 2340 ἀκούειν
3310 2283 3553 2351 διανοίας
3609 2287 3776 2360 ἐστὶν,

2121 2367 2194 2428 ὡς
2226 2364 2386 2433 δηλοῖ
2418 2369 2446 2423 6
2478 2369 2674 2444 Κύριος
2707 2368 2988 2449 διεγείρων
3021 2372 3096 2435 εἰς
3133 2374 3196 2429 16
3227 2379 3459 2438 συνετῶς
3511 2378 3779 2434 κατακού-

2119 2477 2193 2511 ειν
2225 2461 2322 2512 τοῦ
2356 2457 2711 2534 βουλήματος
2771 2466 2878 2516 τῶν
2933 2460 3250 2538 λεγομένων
3286 2484 3298 2496 ·
3351 2467 3412 2524 Ὁ
3469 2460 3613 2542 ἔχων
3665 2466 3777 2524 ὦτα

2117 2545 2368 2616 ἀκούειν,
2421 2549 2660 2604 ἀκουέτω
2694 2568 2707 2583 ·
2765 2553 2829 2606 τὸ
2888 2548 2946 2607 δὲ
3013 2551 3397 2625 ἔνωτίζεσθαι,
3450 2555 3613 2629 ψιλὸν
3679 2558 3775 2612 τὸν

2113 2635 2256 2712 ἦχον
2281 2635 2571 2692 ἐντίθεσθαι
2600 2645 2717 2702 τοῖς
2749 2638 2880 2694 ὠσί·
2922 2641 3016 2696 Διὸ
3038 2643 3127 2697 καὶ
3175 2643 3202 2697 6
3245 2642 3376 2706 λαὸς
3425 2643 3476 2699 ἐν
3527 2649 3594 2719 τῇ
3658 2646 3774 2716 Ἒξ·’

2115 2723 2226 2796 ὁδῳ
2258 2725 2430 2802 φησί·
2481 2728 2679 2795 Πάντα,
2716 2727 2816 2782 ὅσα
2859 2729 2946 2783 ἐὰν
3000 2727 3125 2804 εἷ’πῃ
3184 2732 3212 2786 6
3266 2733 3394 2794 Θεὸς
3441 2736 3768 2808 ποιήσομεν,

2111 2813 2201 2868 καὶ
2233 2813 2574 2886 ἀκουσόμεθα
2615 2818 2750 2889 (71).
2787 2816 3043 2892 Καίτοιγε
3083 2816 3514 2895 ἀκολουθότερον
3567 2823 3634 2890 ἦν
3686 2823 3763 2878 εἲ-

2111 2908 2267 2957 πεῖν·
2329 2904 2719 2977 ’Λκουσώμεθα
2773 2905 2864 2960 καὶ
2931 2908 3289 2979 ποιήσωμεν·
3353 2905 3498 2963 ἀλλὰ
3551 2910 3614 2964 16
3668 2911 3762 2984 μὶν

2110 2999 2337 3061 ποιῆσαι
2369 2992 2569 3056 παντός
2600 2993 2707 3048 ἐστι
2739 2998 2836 3049 τοῦ
2867 2996 3186 3070 παχυτάτου
3217 2997 3318 3065 τήν
3353 2994 3614 3070 διάνοιαν,
3648 3000 3761 3054 οἷον

353 3081 586 3138 diamus
618 3086 675 3137 et
696 3081 999 3137 faciamus.
1033 3083 1294 3139 Profecto
1320 3083 1506 3139 facere
1527 3085 1656 3154 ejus
1677 3083 1890 3156 est,qui
1914 3081 2000 3138 vel

2126 3089 2344 3158 ςηρῆσαι
2371 3087 2698 3155 σωματικῶς
2743 3084 2805 3137 τὸ
2865 3079 3167 3152 Σάϐϐατον,
3200 3087 3290 3139 καὶ
3323 3087 3618 3161 ἀπέχεσθαι
3647 3091 3760 3161 (72)

352 3171 726 3228 crassissima
746 3171 822 3227 sit
849 3176 1040 3227 mente
1063 3172 1367 3244 praeditus,
1393 3177 1532 3244 puta
1553 3172 1875 3228 Sabbatum
1901 3175 1998 3229 ob-

2116 3171 2446 3248 βρωμάτων,
2475 3172 2563 3226 καὶ
2598 3178 2906 3248 περιτεμεῖν
2937 3172 3006 3247 τῇ
3036 3171 3225 3247 ὀγδόῃ,
3257 3175 3344 3228 καὶ
3387 3176 3449 3228 τὸ
3506 3175 3622 3250 τρὶς
3669 3180 3766 3229 τοῦ

350 3278 582 3318 servare
596 3262 767 3331 juxta
789 3260 1148 3334 corporalem
1165 3277 1339 3317 sensu
1351 3278 1402 3315 m
1414 3263 1507 3330 ,ab
1519 3263 1670 3318 escis
1681 3263 1996 3332 abstinere,

2126 3236 2359 3318 ivnoni)
2418 3236 2676 3337 ὀφθῆναι¹
2701 3260 2756 3316 iv
2790 3236 2892 3333 ’τῷ
2938 3236 3216 3334 ναῷ-’τοῖς
3257 3236 3767 3333 Sil'o'yoml1od1mv

353 3351 447 3407 die
477 3355 678 3406 octavo
708 3351 1072 3419 circumcidi,
1107 3355 1277 3422 atque
1308 3355 1396 3406 ter
1424 3351 1483 3405 in
1517 3368 1668 3406 anno
1695 3352 1753 3406 in
1784 3351 2002 3423 templo

352 3441 636 3496 interesse
661 3457 673 3495 :
708 3440 805 3495 sed
833 3440 1043 3495 horum
1071 3440 1328 3495 rationes
1351 3439 1608 3512 assequi,
1632 3440 1688 3494 id
1715 3457 1856 3495 sane
1879 3441 2001 3495 fue-

354 3529 430 3586 rit
458 3528 564 3584 viri
598 3529 835 3602 perfecti
863 3531 1012 3600 jam,
1045 3545 1110 3584 ac
1144 3527 1397 3583 multum
1448 3529 1696 3584 scientia
1727 3529 2002 3600 provecti.

354 3620 574 3675 Ferunt
597 3622 792 3673 autem
817 3617 970 3673 hanc
1000 3634 1177 3673 unam
1204 3617 1385 3672 fuisse
1408 3633 1803 3689 causam,qua3
1829 3616 2004 3688 hujus

350 3707 636 3778 temporis
669 3704 954 3778 populum
987 3706 1055 3760 ad
1092 3705 1340 3761 insidias
1372 3705 1663 3777 prophetis
1691 3707 2006 3762 struendae

349 3794 672 3867 impuleiit.
703 3794 830 3850 Jam
861 3811 994 3850 vero
1041 3794 1309 3866 nunquid
1342 3795 1472 3849 ideo
1512 3796 1698 3850 vocati
1732 3800 1871 3850 sunt
1901 3797 2004 3852 So-

350 3885 659 3939 domorum
695 3883 1012 3954 principes,
1049 3883 1203 3953 quod
1230 3882 1513 3954 improbis
1547 3885 2004 3957 imperarent,an

349 3971 615 4044 quiaipsi
635 3977 832 4028 essent
855 3971 1106 4042 improbi
1129 3971 1365 4027 ?Potest
1390 3973 1543 4027 enim
1568 3974 1698 4043 quis
1720 3973 2005 4044 improbis

348 4062 670 4133 imperans,
687 4061 810 4132 ipse
829 4061 1246 4116 asubditorum
1275 4062 1539 4133 nequitia
1552 4080 1680 4119 esse
1696 4063 2001 4118 immunis.

349 4150 513 4216 Quod
546 4151 595 4205 si
645 4151 716 4206 de
771 4150 984 4222 populo
1037 4151 1276 4222 quidem
1327 4151 1691 4221 obticuisset,
1735 4154 2004 4209 fortassis

347 4239 540 4295 locum
589 4239 843 4311 aliquem
889 4245 1092 4312 posset
1148 4241 1360 4295 habere
1407 4241 1787 4313 ambiguitas.
1838 4244 2003 4298 Nunc

347 4333 541 4385 autem
568 4329 702 4397 quia
725 4329 978 4401 populus
996 4335 1238 4384 vocatus
1261 4334 1350 4384 est
1369 4329 1703 4386 Gomorrhee
1727 4330 2000 4402 pepulus,

349 4418 601 4490 populus
623 4418 818 4472 minus
836 4435 1011 4489 quam
1031 4419 1218 4489 ipsius
1235 4417 1530 4489 principes
1549 4420 2000 4492 culpandusest:

348 4507 630 4563 nimirum
686 4509 937 4564 Sodoma
1011 4506 1302 4580 pentapoli
1384 4509 1687 4579 praai'uisse
1745 4511 2004 4565 ostendit

2112 3348 2414 3418 ἐπιϐαλεῖν,
2447 3354 2548 3404 τοῦ
2573 3349 2786 3405 τελείου
2812 3347 2922 3419 ἤδη
2963 3351 3054 3404 καὶ
3112 3349 3200 3405 ἐπὶ
3249 3349 3393 3407 πολὺ
3444 3346 3768 3423 διαϐεϐηκό-

2111 3459 2204 3501 τος
2235 3443 2303 3511 τῇ
2334 3438 2546 3512 γνώσει.
2582 3436 2722 3492 Φασὶ
2751 3435 2808 3492 δὲ
2843 3437 2969 3510 μίαν
2999 3438 3202 3509 ταύτην
3254 3439 3428 3493 αἰτίαν
3489 3441 3622 3496 εἶναι
3671 3442 3770 3509 τὴν

2113 3529 2408 3596 κινήσασαν
2468 3525 2545 3587 είς
2601 3526 2704 3593 τὴν
2763 3525 2898 3581 κατὰ
2961 3531 3058 3581 τοῦ
3130 3530 3418 3605 προφήτου
3475 3524 3776 3598 ἐπιϐουλὴν

2114 3615 2239 3676 τοὺς
2271 3615 2412 3671 τότε.
2445 3614 2510 3671 Οί
2545 3611 2601 3669 δὲ
2631 3615 2895 3689 ἄρχοντες
2948 3612 3216 3690 Σοδόμων
3275 3616 3504 3690 πότερον
3569 3615 3657 3673 διὰ
3709 3619 3773 3674 τὸ

2115 3709 2371 3780 πονηρῶν
2407 3701 2595 3780 ὄίρχειν
2627 3704 3179 3779 προσηγορεύθησαν,
3203 3708 3237 3775 ἢ
3273 3703 3361 3760 διὰ
3415 3706 3478 3761 16
3533 3707 3770 3784 πονηροὶ

2117 3795 2287 3863 εἶναι;
2321 3792 2548 3848 Δύναται
2603 3792 2705 3868 γὰρ
2758 3814 2840 3856 τις
2894 3799 3074 3848 κακῶν
3133 3793 3319 3871 ἅρχων
3385 3794 3546 3858 αὐτὸς
3594 3796 3776 3866 ἀπηλ-

2117 3882 2318 3958 λάχθαι
2345 3889 2445 3951 τῆς
2473 3880 2664 3943 κακίας
2699 3881 2810 3936 τῶν
2842 3881 3194 3958 ἀρχομένων,
3229 3882 3385 3940 Ἀλλ’
3419 3884 3463 3938 εἰ
3501 3885 3594 3957 μὲν
3644 3885 3770 3962 περὶ

2113 3977 2210 4026 τοῦ
2242 3974 2376 4025 λαοῦ
2399 3971 2758 4041 ἀπεσιωπήθη
2798 3974 2932 4045 (73),
2963 3973 3134 4048 τυχὸν
3164 3971 3222 4027 ἂν
3258 3971 3374 4049 εἶχὲ
3403 3995 3524 4028 τινα
3577 3974 3766 4050 χώραν

2114 4063 2148 4130 ἡ
2203 4056 2556 4140 ἀμφιϐολία·
2615 4065 2705 4114 νῦν
2777 4057 2835 4116 δὲ
2886 4062 2966 4134 τῷ
3027 4061 3158 4124 λαὸς
3212 4061 3494 4138 Γομόρῥιος
3553 4064 3582 4118 6
3637 4062 3769 4126 λαὸς

2115 4150 2430 4224 ὠνομάσθαι
2465 4152 2599 4223 (74),
2630 4151 2692 4205 τὸ
2716 4153 2879 4219 ἦττον
2914 4152 3109 4224 ψεκτὸν
3139 4156 3235 4206 τοῦ
3266 4151 3402 4208 λαοῦ
3451 4154 3598 4227 παρὰ
3643 4153 3769 4216 τοὺς

2115 4238 2385 4316 ἄρχοντας
2412 4239 2608 4308 αὐτῶν,
2639 4244 2736 4293 τοῦ
2768 4239 2941 4314 λόγου
2973 4238 3275 4310 δηλοῦντος
3307 4237 3395 4295 διὰ
3433 4242 3496 4296 τὸ
3539 4245 3775 4318 προκαθ-

2115 4329 2319 4398 έζεσθαι
2375 4328 2442 4382 τὰ
2505 4325 2730 4400 Σόδομα
2800 4335 2900 4397 τῆς
2964 4329 3392 4400 πενταπόλεως,
3453 4332 3543 4386 καὶ
3601 4331 3769 4402 αὐτὴν

2115 4417 2260 4495 ἔχειν
2291 4418 2359 4472 τὰ
2386 4416 2552 4471 οἱονεὶ
2584 4416 2782 4492 ἀρχεῖα
2811 4424 2910 4486 τῆς
2940 4417 3229 4494 πονηρίας,
3255 4420 3344 4474 καὶ
3384 4427 3486 4488 τῆς
3537 4419 3588 4475 iv
3643 4426 3754 4476 πᾶσ

2113 4513 2304 4568 κακοῖς
2337 4507 2616 4581 ὑπεροχῆς
2656 4505 2940 4575 ἠξιῶσθαι.
2973 4510 3281 4584 ’Ἀρχοντας
3332 4505 3388 4562 δὲ
3439 4506 3707 4584 Σοδόμων
3741 4512 3777 4580 ἡ

343 4597 992 4669 Scriptura,eamquein
1012 4597 1319 4668 iniquitate
1339 4596 1668 4654 obtinuisse
1683 4598 1998 4670 primatum

2126 4596 2326 4667 inopia
2383 4595 2444 4650 οὐ
2497 4591 2851 4671 παραδέδωκε
2901 4595 3047 4666 πλὴν
3091 4601 3197 4652 τῶν
3236 4597 3506 4673 βασιλὲων
3539 4604 3651 4655 τῶν
3679 4602 3778 4670 ἡτ-

343 4693 400 4744 et
427 4688 499 4743 de
532 4687 808 4742 omnibus
833 4686 1006 4743 malis
1037 4685 1208 4757 longe
1228 4691 1468 4762 caeteros
1501 4703 1833 4759 superasse.
1867 4689 1998 4746 His-

415 4805 460 4841 ³⁷
493 4804 696 4862 Matth.
731 4822 812 4873 χι,
845 4807 932 4862 15.
1011 4807 1056 4844 ³⁸
1085 4807 1263 4862 Exod.
1296 4822 1451 4876 xxxv,
1485 4807 1537 4861 3.

421 4922 533 4995 (68)
559 4923 708 4997 ξ)άίιὶ
761 4928 817 4980 et
871 4928 992 4980 tres
1041 4940 1212 4993 mss.,
1269 4921 1649 4996 προκαλεῖται.
1707 4925 1821 4983 Alii
1866 4929 2005 4997 duo,

351 4991 767 5069 προσκαλεῖται.

354 5065 539 5193 ξ’(69)
564 5071 700 5139 Reg.
736 5067 1033 5124 secundus
1064 5072 1121 5122 et
1165 5065 1324 5121 Colb.
1358 5067 1562 5123 itidem
1595 5070 1916 5139 secundus,
1941 5071 2002 5125 τὸ

381 5156 562 5193 αυτου.

381 5156 562 5194 αυτου.

422 5208 535 5281 (70)
563 5210 1151 5285 ,μοείιυιιῂιίᾷυοουε
1181 5207 1486 5285 mss.,f’yz.
1523 5211 1742 5269 Ibidem
1780 5213 2006 5285 aliquot

350 5279 523 5358 mss.,
556 5279 801 5353 ὑψηλῶς.
832 5282 1008 5350 Editi,
1063 5279 1308 5358 ὑψηλῶν.
1360 5279 1584 5358 Rursus
1627 5285 1736 5358 hoc
1767 5279 1896 5358 ipso
1941 5286 2001 5341 in

347 5352 783 5432 legoqu'at‘uor
829 5370 993 5432 mss.,
1051 5352 1222 5428 φιλῆς
1281 5353 1394 5406 κατ’
1456 5352 1584 5408 αὐτὸ
1636 5357 1698 5410 τὸ
1746 5352 2000 5432 γράμμα.

351 5429 530 5495 Editi,
552 5424 786 5499 κατὰτὸ
816 5424 1063 5499 γράμμα.

419 5501 533 5573 (71)
564 5498 717 5573 Editi
749 5503 806 5556 et
830 5497 994 5573 Colb.
1016 5497 1572 5573 _prim_us‘secunda
1603 5514 1777 5554 manu
1829 5503 1884 5556 et
1916 5517 1999 5555 re-

347 5567 525 5641 centi,
555 5571 859 5642 ποιήσομεν
887 5569 977 5624 καὶ
1005 5567 1366 5643 ἀκουσόμεθα,
1399 5575 1456 5625 et
1507 5570 1589 5624 ita
1620 5587 1850 5643 quoque
1879 5573 1999 5628 edi-

346 5650 474 5700 tum
489 5641 825 5716 invenimus
838 5644 993 5715 apud
1011 5642 1169 5698 LXX.
1185 5641 1367 5716 atalii
1387 5641 1824 5716 quatuor’mssq
1839 5646 1999 5716 ποιή-

348 5737 529 5790 σωμεν
557 5715 648 5769 καὶ
703 5715 1086 5788 ἀκουσώμεθα,
1124 5715 1409 5770 Faciamus
1438 5717 1489 5772 εἰ
1520 5715 1832 5773 audiamus.
1866 5719 1996 5776 Sta-

2108 4687 2404 4758 τηθίντων.
2439 4684 2536 4740 Διᾶ
2586 4683 2767 4759 μέντοι
2810 4686 2902 4742 τὸν
2954 4685 3502 4762 πεπαρῥησιασμὲνον
3549 4689 3771 4746 τούτων

2117 4927 2225 4983 tim
2257 4925 2400 4982 editi
2427 4929 2484 4980 et
2533 4924 2650 4996 duo
2682 4938 2872 4996 mss.,,
2903 4921 3260 4996 ἄγουσώμεθα
3306 4922 3396 4978 καὶ
3427 4923 3771 4996 ποιήσωμεν.

2117 5003 2256 5067 Reg.
2292 4998 2541 5071 primus,
2576 4994 2919 5071 ἀκουσόμεθα
2949 4993 3038 5048 καὶ
3061 4993 3398 5071 ποιήσομεν.

2187 5065 2309 5142 (72)
2334 5068 2578 5124 Codices
2610 5066 2841 5142 aliquot
2866 5065 3221 5142 ἀποσχέσθαι.
3261 5065 3488 5142 Ibidem
3515 5066 3780 5142 quinque

2117 5138 2293 5208 111.058.,
2320 5142 2658 5215 περιτεμεῖν.
2693 5139 2866 5208 Editi,
2897 5138 3278 5215 atsp'titipvgtv.
3311 5138 3778 5215 Nec_i_ta_ml_llt0

2156 5205 2426 5284 ost'mss.
2477 5205 2761 5284 quinque,
2813 5205 3021 5266 τούτων
3078 5205 3383 5268 ἐπιϐαλεῖν.
3439 5211 3611 5282 Editi,
3659 5209 3776 5265 im-

2115 5230 2364 5341 ἓὲἰὶἔὲῗ

2185 5358 2298 5426 (73)
2331 5354 2508 5424 Editi,
2541 5352 2850 5424 ἐσιωπήθη.
2897 5357 2970 5411 At
3027 5355 3289 5426 quinque
3338 5370 3503 5422 mss.,
3539 5354 3774 5408 ἀπεσιω-

2111 5430 2288 5483 «ean.

2340 5499 2577 5555 Codices
2625 5503 2899 5572 quatuor,
2947 5495 3010 5551 τό
3060 5493 3192 5558 λαὸς
3219 5495 3527 5572 ῌΓομόρῗρας
3565 5498 3604 5572 _6
3635 5496 3769 5572 λαᾷς

2111 5566 2445 5644 ὠνόμασται,
2479 5572 2595 5627 nisi
2625 5566 2781 5642 quod
2816 5571 2873 5625 in
2901 5587 3022 5644 uno
3054 5576 3187 5644 post
3215 5566 3443 5644 illud,"6'
3476 5566 3630 5644 λαός,
3667 5571 3764 5644 ad-

2111 5639 2303 5710 datur,
2339 5639 2664 5716 ὅλοςηΒεεξ
2698 5642 3016 5716 secundus,
3052 5639 3139 5716 διᾷι
3180 5646 3260 5716 τῷ
3309 5639 3484 5705 λαὸς..
3541 5640 3758 5713 ὠνομά-

2110 5719 2249 5774 σθαι.
2285 5717 2460 5787 Editi,
2496 5712 2587 5770 διὰ
2612 5712 2677 5770 τὸ
2705 5713 2908 5778 λαὸς...
2941 5712 3260 5789 ὠνομάσθη.
