4130 6400
294 407 406 466 165

1141 393 1545 458 COMMENT.
1591 392 1674 454 IN
1715 389 1991 453 ISAIAM
2032 389 2554 452 PROPHETAM.
2603 391 2778 452 CAP.
2827 394 2873 452 Ι.

3606 399 3722 458 166

285 541 393 592 τῶν
454 531 788 589 ἀδικούντων
819 527 1070 606 ἔλεγχον,
1102 529 1130 583 ὁ
1163 524 1501 587 ’Λπόστολός
1530 545 1664 602 φησι
1690 523 1814 598 περὶ
1842 525 1943 578 τοῦ

2087 523 2211 577 oria
2223 526 2418 578 autem
2436 525 2506 578 de
2522 524 3265 597 principibusSodomorum
3281 545 3393 584 non
3413 529 3550 586 facit
3564 547 3722 588 men-

285 622 534 684 Ἠσαίου·
612 618 941 693 ’Δποτολμᾷ
1005 618 1097 674 καὶ
1157 615 1324 691 λέγει.
1385 615 1656 690 Χρήσεται
1703 609 1760 667 δέ
1818 633 1953 668 ποτε

2079 613 2282 667 donem
2295 613 2588 678 ,398nisi
2607 616 2762 686 quod
2781 631 2985 688 regum
3001 617 3361 674 devictorum
3377 623 3721 676 commemi-

293 715 511 776 τούτοις
557 714 584 768 ὁ
645 710 696 766 ἰν
754 707 1018 784 δόγμασιν
1077 705 1246 782 ὖγιέσι
1303 704 1393 759 καὶ
1447 702 1800 774 ἀνεπιλήπτῳ
1851 701 1954 776 βίῳ

2079 703 2170 756 iit.
2204 701 2375 773 Atqui
2393 702 2966 774 propterlibertatcm
2981 705 3140 760 illam
3158 723 3274 778 qua
3287 708 3724 781 redarguuntur

291 804 572 879 τυγχάνων
643 799 780 876 πρὸς
857 795 1128 872 ἄρχοντας
1207 793 1546 865 Ἐκκλησιῶν
1620 791 1953 879 παρανόμως

2087 791 2159 846 sli
2190 791 2394 862 iniqui,
2432 793 2501 846 de
2525 792 2677 848 Isaia
2698 793 2780 848 ait
2809 794 3126 866 Apostolus
3152 797 3198 831 ³ο
3231 813 3243 851 :
3279 797 3449 853 Audet
3479 803 3531 854 ct
3561 801 3718 856 dicit.

300 878 546 970 βιοῦντας
581 893 717 963 (75),
770 886 857 943 καὶ
887 884 1017 940 λαὸν
1051 883 1369 940 ἐκκλίνοντα
1396 881 1758 958 καὶιάχρείως
1788 878 1950 936 πολι-

296 983 420 1039 τευό
433 1001 590 1054 μενον
603 1023 616 1035 .

2064 881 2349 936 Czetcrum
2378 881 2428 936 is
2448 884 2618 953 cujus
2634 899 2776 937 sana
2795 888 2882 938 est
2906 885 3172 940 doctrina
3194 890 3250 941 et
3265 890 3381 942 vita
3399 888 3720 962 inculpata,

2065 969 2278 1041 poterit
2301 987 2721 1042 nonnunquam
2744 972 2854 1027 hac
2874 975 3227 1045 coarguendi
3248 973 3487 1032 licentia
3522 978 3602 1032 uti
3624 981 3722 1034 ad-

296 1088 506 1129 versus
537 1066 922 1126 Ecclesiarum
950 1063 1245 1136 principes
1274 1061 1453 1117 vitam
1487 1059 1836 1132 ﬂagitiosam
1869 1059 2175 1126 ducentes,
2207 1075 2434 1114 necnon
2466 1060 2749 1116 adversus
2780 1061 3063 1133 populum
3097 1063 3464 1120 aberrantem
3507 1083 3571 1122 ac
3629 1067 3721 1122 in-

305 1161 527 1217 utiliter
555 1158 1015 1213 conversantem.

370 1251 458 1304 24.
518 1245 585 1303 Τί
666 1264 760 1317 μοι
834 1241 1053 1311 πλῆθος
1119 1243 1228 1296 τῶν
1309 1241 1507 1303 θυσιῶν
1563 1237 1746 1304 ὑμῶν;
1806 1233 1953 1310 λέγει

300 1337 514 1412 Κύριος.
578 1335 670 1390 Ἐν
727 1335 834 1386 τῶν
892 1328 1223 1408 ὀφειλόντων
1287 1330 1616 1397 ἀκουσθῆναι
1667 1323 1816 1399 παρὰ
1846 1329 1956 1379 τῶν

296 1425 599 1500 ἀρχόντων,
655 1422 744 1476 καὶ
806 1419 952 1494 παρὰ
1004 1423 1102 1474 τοῦ
1161 1417 1298 1474 λαοῦ
1352 1415 1728 1492 φυλαχθῆναι,
1768 1412 1948 1500 τὸ,ᾼ’ῐ“ί

301 1496 405 1586 μοι*
467 1510 684 1581 πλῆθος
758 1513 867 1564 τῶν
942 1511 1142 1572 θυσιῶν
1215 1503 1409 1580 {mihi};
1492 1505 1682 1560 Θυσίαι
1738 1496 1948 1558 ἀσεϐῶν

304 1601 621 1679 βδέλυγμα-
643 1598 834 1674 Κυρίῳ
875 1599 1012 1672 (76),
1073 1599 1199 1660 Ηῶς
1259 1593 1316 1650 δὲ
1374 1593 1464 1650 διὰ
1521 1596 1717 1648 θυσιῶν
1764 1596 1870 1648 τῶν
1905 1589 1958 1679 έν

300 1670 1110 1766 ίαλήθεί-πρὶσαγομένωννᾶνευ
1150 1684 1446 1760 ἀξιολόγου
1484 1683 1766 1758 μετανοίας
1799 1678 1960 1737 έλπίο

309 1787 423 1851 ζετε
475 1780 720 1855 εὑρήσειν
750 1776 873 1832 τινὰ
902 1775 1285 1850 ἀπολύτρωσιν
1344 1779 1464 1837 ταῖς
1506 1776 1709 1848 ψυχαῖς
1765 1772 1958 1855 ὑμῶν;

306 1871 387 1928 Ού
430 1853 546 1946 γὰρ
591 1867 641 1922 ἐν
697 1866 890 1940 αἷματι
941 1864 1115 1934 ζώων,
1177 1859 1302 1918 οὐδὲ
1358 1863 1408 1917 έν
1469 1866 1698 1940 σφαγαῖς
1760 1853 1962 1914 έπιϐωο

311 1959 480 2032 μὶοις,
541 1954 667 2011 ἀλλ’
717 1955 805 2010 ἐπὶ
848 1952 1049 2029 καρδίᾳ
1093 1953 1493 2028 συνετριμμένη
1564 1951 1692 2014 Θεὸς
1753 1947 1964 2003 ἱλάσκε-

305 2067 415 2102 ται’
478 2045 645 2101 Θυσία
719 2043 821 2120 γὰρ
897 2046 977 2114 τῷ
1043 2045 1160 2113 Θεῷ
1219 2045 1432 2113 πνεῦμα
1483 2038 1960 2115 σνντετριμμένον.

305 2139 374 2192 Τὸ
424 2135 556 2190 αὐτὸ
606 2131 663 2189 δὲ
709 2133 798 2188 καὶ
831 2132 969 2204 πρὸς
1007 2129 1135 2194 τοὺς
1170 2129 1221 2185 ἐν
1273 2128 1531 2191 δαπάναις
1570 2129 1662 2201 μὶν
1696 2124 1956 2206 ἀφειδεῖς,

312 2226 388 2300 μὴ
425 2227 819 2298 μετανοοῦντας
879 2219 938 2276 δὶ
994 2218 1083 2276 διὰ
1126 2225 1236 2275 τῶν
1283 2217 1472 2296 ἔργων,
1536 2217 1764 2292 ἀρμόσει
1813 2215 1963 2290 λέγε·

307 2317 450 2369 σθαι·
511 2312 606 2368 Διά
660 2314 821 2367 τοῦτο
882 2309 1009 2386 οὐχὶ
1067 2307 1308 2373 καθόλου
1341 2307 1526 2371 θυσίας
1558 2306 1960 2382 παραιτεῖταιὸ

307 2399 497 2480 λόγος,
552 2401 698 2457 ἀλλά
750 2402 846 2463 τὰς
879 2397 1202 2461 Ἰουδαῖκάς.
1235 2397 1300 2454 Τί
1329 2399 1430 2473 γὰρ
1468 2418 1561 2471 μοι
1592 2395 1827 2465 πλῆθος,
1861 2416 1963 2472 φη-

305 2492 378 2564 σὶ,
427 2493 536 2547 τῶν
589 2492 787 2546 θυσιῶν
865 2489 1064 2563 ὑμῶν;
1125 2487 1224 2542 Καὶ
1282 2487 1344 2541 τὸ
1403 2487 1494 2559 μὲν
1555 2485 1770 2555 πλῆθος
1827 2482 1962 2538 ἀπο-

306 2582 598 2657 πέμπεται,
658 2579 781 2654 μίαν
840 2575 898 2633 δῖε
945 2577 1128 2632 θυσίαν
1191 2575 1459 2646 ἐπιζητεῖ.
1517 2574 1694 2636 Αὐτὸς
1743 2569 1967 2633 ἕκαστος

311 2672 496 2727 ἑαυτὸν
555 2668 876 2745 προσαγέτω
925 2668 1038 2740 (77)
1066 2669 1148 2738 τῷ
1179 2669 1312 2737 Θεῷ,
1348 2667 1622 2738 παριστῶν
1657 2661 1842 2716 ἑαυτὸν
1877 2672 1968 2724 θυ-

315 2763 426 2817 σίαν
465 2765 662 2832 ζῶσαν,
705 2758 992 2834 εὐάρεστον
1038 2759 1119 2828 τῷ
1166 2759 1303 2827 Θεῷ,
1339 2751 1429 2808 διὰ
1456 2759 1556 2822 τῆς
1587 2749 1818 2826 λογικῆς
1867 2749 1967 2805 λα-

310 2851 492 2927 τρείας
521 2848 662 2914 θύων
719 2851 800 2920 τῷ
845 2847 960 2918 Θεῴ
987 2843 1170 2909 θυσίαν
1204 2841 1478 2905 αἰνέσεως.
1540 2839 1762 2910 Ἐπειδή
1809 2837 1968 2927 δὲᾳτὸ

311 2923 527 3008 πλῆθος
553 2941 661 2993 τῶν
702 2936 840 2992 κατά
868 2936 957 2990 τὸν
991 2935 1159 3008 νόμον
1193 2935 1390 2988 θυσιῶν
1441 2933 1515 2994 ὡς
1555 2933 1778 3006 ἀχρεῖον
1814 2923 1965 2984 ἐκϐέ-

317 3025 544 3098 ϐληται,
579 3025 677 3100 μία
705 3024 859 3080 θυσία
904 3021 1250 3100 προσεδέχθη
1297 3021 1381 3076 ἐπ’
1413 3020 1658 3095 ἐσχάτων
1689 3023 1798 3074 τῶν
1832 3017 1967 3072 αίώ-

311 3137 420 3171 νων
471 3117 548 3177 εἴς
609 3115 858 3184 ἀθέτησιν
907 3133 1008 3182 της
1060 3109 1330 3186 ἁμαρτίας
1382 3110 1747 3183 ἀνενεχθεῖσα.
1776 3107 1833 3159 Ὀ
1863 3105 1967 3181 γὰρ

313 3204 517 3278 Ἀμνὸς
546 3208 642 3257 τοῦ
674 3206 810 3258 Θεοῦ
855 3203 958 3274 ἦρε
1002 3200 1102 3268 τήν
1155 3197 1420 3273 ἁμαρτίαν
1447 3201 1542 3251 τοῦ
1572 3195 1805 3268 κόσμου,
1844 3195 1967 3248 ἑαυ-

308 3295 400 3348 τὸν
449 3289 742 3366 ἀνενεγκὼν
783 3288 1097 3366 προσφορὰν
1155 3286 1246 3341 καὶ
1300 3286 1481 3350 θυσίαν
1524 3285 1601 3349 είς
1649 3284 1828 3358 ὀσμὴν
1879 3283 1966 3337 εὐ-

310 3379 500 3444 ωδίας.

374 3560 467 3615 25.
526 3553 758 3631 Πλήρης
819 3551 934 3626 εῗμί
965 3553 1098 3626 (78).
1135 3552 1396 3608 Ἐνταῦθα
1423 3547 1610 3614 καλῶς
1660 3548 1778 3624 ἔχει
1809 3569 1964 3624 περι-

309 3649 589 3725 ορισθῆνκι
631 3646 732 3714 τὴν
793 3644 1122 3718 ἀνάγνωσιν,
1178 3639 1267 3696 καὶ
1303 3641 1411 3695 ἀπὸ
1442 3637 1623 3710 ἄλλης
1655 3638 1836 3714 ἀρχῆς
1870 3639 1964 3713 ἅρ-

304 3739 486 3809 ξασθαι
533 3739 639 3790 τῶν
691 3736 803 3806 (79)
863 3732 1008 3802 ἰξῆς.
1068 3730 1143 3788 Τὸ
1180 3731 1273 3804 μὶν
1305 3731 1407 3806 γὰρ
1439 3727 1836 3804 πεπληρῶσθαι
1866 3735 1966 3797 τῆς

307 3825 448 3889 ίδίας
483 3823 909 3901 μακαριότητος,
959 3821 1051 3876 καὶ
1103 3817 1364 3882 ἁνενδεῶς
1416 3814 1561 3896 ἔχειν
1596 3819 1812 3887 ἑαυτοῦ,
1843 3837 1968 3891 πρε-

306 3913 647 3972 πωδέστατον
697 3915 776 3985 τῷ
814 3915 951 3984 Θεῷ’
997 3911 1061 3964 τὸ
1112 3906 1168 3964 δὶ
1195 3915 1295 3979 τῆς
1344 3908 1450 3963 ἀπὸ
1497 3911 1602 3962 τῶν
1655 3907 1966 3961 ὁλοκαυτω-

311 4009 492 4080 μάτων
543 4002 767 4072 κνίσσης
814 4001 907 4056 καὶ
955 4003 1053 4055 τοῦ
1087 3998 1315 4073 α’ίματος
1347 4002 1452 4053 τῶν
1488 3997 1843 4076 σφαζομένων
1875 4016 1967 4050 πε-

305 4095 633 4171 πληρῶσθαι
697 4089 901 4167 λέγειν,
957 4088 1168 4163 ἀνάξιον
1219 4093 1316 4144 τοῦ
1370 4091 1525 4144 Θεοῦ.
1584 4084 1815 4160 Πλήρης
1871 4083 1962 4139 οῦν

305 4183 466 4239 ἔστιν·
523 4183 638 4261 ’Δφ’
698 4179 760 4236 οῦ
817 4185 914 4235 τοῦ
972 4179 1350 4256 πληρώματος
1400 4179 1512 4251 (80)
1560 4178 1726 4249 ἡμεῖς
1772 4175 1966 4237 πάντες

304 4269 604 4346 ἐλάϐομεν,
651 4269 742 4325 καὶ
785 4269 834 4324 ἐν
868 4271 914 4342 ᾦ
959 4273 1219 4325 Κατοικεῖ
1270 4273 1375 4323 πᾶν
1424 4267 1485 4322 τὸ
1535 4264 1822 4341 πλήρωμα
1868 4269 1966 4334 τῆς

304 4363 566 4433 θεότητος
625 4362 974 4433 σωματικῶς.
1026 4357 1254 4432 Δαίμοσι
1307 4357 1402 4431 μὲν
1449 4355 1552 4431 γὰρ
1605 4356 1716 4428 (81)
1769 4351 1858 4407 διὰ
1902 4353 1964 4407 τὸ

304 4449 605 4526 φιλήδονον
661 4448 753 4504 καὶ
785 4447 1019 4521 ἐμπαθὲς
1066 4452 1122 4502 αῖ
1156 4446 1331 4512 θυσίαι
1365 4444 1586 4522 φέρουσί
1613 4464 1734 4500 τινα
1765 4439 1966 4512 ἡδονὴν

301 4543 394 4597 καὶ
441 4539 656 4616 χρείαν,
707 4536 1136 4612 έκθυμιώμεναι,
1167 4534 1256 4591 διὰ
1301 4542 1402 4605 τῆς
1453 4535 1696 4596 καύσεως
1747 4533 1967 4606 ἐξατμι-

308 4631 537 4705 ζομένου
589 4633 687 4684 τοῦ
737 4625 990 4701 αἳματος,
1047 4627 1135 4682 καὶ
1197 4624 1339 4680 οὕτω
1409 4621 1499 4678 διὰ
1552 4631 1654 4694 τῆς
1708 4623 1966 4696 τοιαύτης

2135 1237 2226 1292 24.
2284 1236 2459 1292 Vsus.
2519 1239 2604 1294 11.
2670 1239 2809 1308 Quid
2865 1239 3010 1296 mihi
3060 1243 3361 1298 multitudo
3417 1246 3718 1316 sacriﬁcio-

2067 1344 2192 1382 rum
2220 1331 2569 1384 vcslrorum?
2600 1329 2741 1384 dicit
2773 1330 3052 1386 Dominus.
3090 1335 3167 1386 Ex
3191 1331 3282 1386 his
3316 1348 3441 1404 qua:
3465 1351 3498 1389 a
3555 1337 3722 1406 prin-

2069 1417 2296 1488 cipibus
2329 1417 2654 1473 debuerant
2686 1419 2897 1486 audiri,
2950 1424 3009 1474 et
3049 1437 3082 1474 a
3130 1419 3346 1492 populo
3405 1422 3718 1494 observari,

2070 1507 2179 1562 hoc
2213 1523 2400 1562 unum
2432 1512 2523 1563 est
2553 1524 2566 1562 :
2603 1508 2744 1577 Quid
2772 1509 2916 1564 mihi
2964 1510 3266 1566 mulliludo
3323 1513 3722 1582 sacriﬁciorum

2068 1605 2375 1652 vestrorum
2411 1595 2439 1651 ?
2497 1596 2796 1669 Sacriﬁcia
2849 1599 3151 1670 impiorum
3200 1602 3547 1658 abominatio
3593 1609 3723 1658 sunt

2070 1686 2302 1741 Domino
2330 1685 2395 1740 ‘°.
2429 1687 2734 1752 Quomodo
2767 1693 2962 1742 autem
3006 1704 3108 1760 per
3165 1689 3437 1746 victimas
3495 1692 3719 1748 altati'n

2072 1775 2299 1830 oblatas
2330 1775 2458 1830 sine
2489 1776 2780 1848 condigna
2812 1778 3152 1849 poenitentia
3185 1781 3436 1850 speratis
3465 1799 3566 1837 vos
3599 1781 3724 1853 fali-

2073 1880 2249 1936 quam
2305 1865 2638 1920 animarum
2695 1871 3020 1922 vestrarum
3082 1869 3540 1941 redemptionem
3597 1887 3728 1927 esse

2073 1958 2450 2010 assecuturos
2480 1955 2507 2010 ?
2537 1959 2662 2010 Non
2678 1956 2831 2010 enim
2852 1955 3194 2012 animalium
3222 1959 3727 2033 sanguino,nequc

2073 2043 2366 2116 impositis
2399 2061 2510 2099 aras
2543 2043 2870 2110 sacrificiis,
2905 2045 3005 2100 sed
3039 2045 3289 2100 contrito
3350 2047 3522 2102 corde
3579 2053 3728 2103 Deus

2071 2133 2338 2205 placatur
2369 2149 2382 2188 :
2414 2132 2708 2204 siquidem
2738 2133 3091 2204 Sacrificium
3124 2135 3227 2190 Dco
3254 2137 3482 2206 spiritus
3507 2139 3726 2204 jconlri-

2073 2223 2298 2278 balatus
2317 2223 2384 2276 ‘l.
2406 2222 2583 2277 Porro
2609 2221 2664 2276 id
2699 2222 2897 2292 ipsum
2929 2240 3041 2278 non
3068 2223 3265 2295 inepte
3283 2225 3511 2280 dicetur
3531 2227 3603 2281 ad
3626 2243 3725 2282 eos

2074 2328 2304 2383 quoque
2335 2311 2438 2382 qui
2460 2311 2729 2381 ingentes
2759 2310 3060 2382 impensas
3093 2312 3334 2380 faciunt,
3371 2331 3474 2369 nec
3529 2323 3723 2372 tamen

2073 2417 2178 2472 per
2218 2415 2394 2470 opera
2442 2404 2626 2470 agunt
2682 2400 3108 2472 paenitentiam.
3170 2403 3560 2468 Quamobrem
3608 2421 3723 2460 non

2073 2489 2316 2545 omnino
2340 2489 2642 2560 Scriptura
2673 2489 2864 2560 rejicit
2895 2490 3201 2554 sacrificia,
3235 2493 3333 2546 sed
3369 2495 3596 2547 tantum
3619 2493 3724 2550 Ju-

2078 2578 2261 2633 daica.
2297 2577 2438 2646 Quid
2467 2579 2645 2648 enim,
2679 2577 2909 2650 linquit,
2970 2580 3112 2634 mihi
3167 2579 3459 2636 multitudo
3509 2584 3724 2652 sacriﬁ-

2076 2670 2287 2723 ciorum
2303 2677 2616 2722 veslrorum
2633 2667 2660 2722 ?
2676 2668 2739 2723 Et
2753 2667 2992 2739 quidem
3019 2670 3368 2740 reprobatur
3384 2669 3722 2739 multitudo;

2077 2773 2256 2812 unam
2288 2771 2424 2810 vero
2457 2755 2704 2826 requirit
2745 2756 3023 2814 hostiam.
3058 2756 3475 2830 Unusquisque
3501 2758 3614 2814 Deo
3640 2761 3724 2815 of-

2080 2847 2226 2902 ferat
2255 2862 2317 2900 se
2352 2846 2496 2917 ipse,
2531 2845 2812 2901 exhibens
2840 2863 2970 2902 sese
3001 2846 3255 2902 hostiam
3286 2847 3598 2918 viventem,
3632 2865 3725 2905 ac-

2077 2940 2302 3008 ceptam
2337 2940 2470 3003 Deo,
2507 2951 2609 3006 per
2637 2935 2982 2991 rationalem
3007 2935 3230 2991 cultum
3255 2936 3370 2991 Dco
3404 2936 3595 2993 laudis
3628 2955 3726 2993 sa-

2077 3024 2360 3079 crificium
2394 3023 2713 3078 immolans
2745 3024 2815 3080 ⁸³.
2839 3025 2982 3079 Cum
3016 3030 3213 3080 autem
3247 3024 3530 3096 legalium
3561 3026 3729 3081 victi-

2078 3128 2311 3166 marum
2337 3111 2652 3166 multitudo
2687 3116 2971 3183 tanquam
2995 3129 3144 3168 vana
3166 3115 3380 3182 rejecta
3411 3113 3727 3186 sit,appro-

2077 3200 2214 3255 bata
2244 3203 2332 3254 est
2361 3204 2418 3253 et
2437 3199 2634 3254 oblata
2657 3198 2878 3254 ullimis
2910 3200 3274 3272 temporibus
3305 3203 3373 3257 ad
3409 3202 3724 3260 delendum

2077 3293 2383 3360 peccatum
2415 3287 2608 3343 hostia
2665 3305 2802 3344 una.
2835 3289 3062 3345 Etenim
3095 3290 3197 3345 Dei
3247 3295 3446 3364 Agnus
3479 3292 3728 3350 abstulit

2082 3377 2286 3432 mundi
2310 3381 2614 3448 peccatum
2635 3378 2696 3443 ιε’,
2725 3393 2787 3432 se
2817 3378 3014 3450 ipsum
3033 3379 3279 3436 offerens
3299 3380 3649 3438 oblationem
3669 3385 3727 3438 et

2082 3467 2334 3522 hostiam
2367 3466 2426 3520 in
2459 3466 2697 3521 odorem
2727 3467 3039 3523 suavitatis
3069 3469 3136 3524 “.

2145 3556 2234 3610 25.
2272 3556 2474 3611 Plenus
2502 3571 2643 3610 sum.
2680 3556 2781 3611 Hic
2832 3557 2936 3612 abs
2967 3573 3025 3613 re
3084 3574 3198 3612 non
3260 3559 3436 3615 fuerit
3491 3560 3730 3618 lectioni

2078 3645 2256 3700 ﬁnem
2295 3643 2621 3717 imponere,
2653 3661 2840 3717 exque
2897 3644 3010 3702 alio
3066 3646 3351 3720 principio
3403 3665 3528 3721 qua:
3589 3656 3731 3708 sunt

2079 3735 2357 3805 deinceps
2390 3734 2672 3790 discenda
2703 3734 2997 3791 inchoare.
3031 3736 3215 3791 Deum
3247 3737 3404 3792 enim
3439 3740 3604 3795 decet
3643 3741 3728 3797 vel

2080 3825 2354 3891 maxime,
2386 3841 2494 3879 sua
2525 3824 2765 3895 plenum
2798 3841 2926 3879 esse
2956 3825 3341 3896 beatitudine,
3388 3845 3492 3883 nec
3550 3829 3730 3887 ullius

2079 3916 2288 3985 praeter
2309 3929 2371 3968 se
2393 3928 2560 3982 egere
2586 3931 2599 3969 :
2625 3930 2887 3970 asserere
2912 3920 3108 3970 autem
3131 3915 3329 3987 ipsum
3357 3916 3730 3974 holocausto-
3769 3954 3776 3961 ι

2079 4019 2209 4057 rum
2243 4003 2444 4057 nidore
2476 4006 2529 4058 et
2561 4003 2888 4058 occisarum
2911 4003 3281 4061 victimarum
3307 4007 3594 4078 sanguine
3617 4007 3735 4080 ple-

2079 4109 2219 4148 num
2249 4107 2400 4157 esse,
2436 4097 2544 4147 Deo
2579 4092 2887 4164 indignum
2923 4099 3030 4150 est.
3093 4096 3192 4150 Est
3252 4097 3434 4167 igitur
3501 4097 3732 4170 plenus,

2075 4182 2151 4237 De
2179 4183 2336 4252 cujus
2367 4181 2714 4252 plenitudine
2741 4199 2836 4238 nos
2865 4199 3052 4239 omnes
3099 4187 3408 4257 accepimus
3441 4188 3508 4255 ³⁵,
3567 4193 3624 4242 et
3674 4187 3732 4243 in

2078 4287 2192 4342 quo
2223 4270 2510 4326 Inhabilal
2539 4271 2716 4327 omnis
2743 4272 3024 4342 plenitudo
3068 4273 3382 4330 divinitatis
3437 4264 3734 4346 corporali-

2078 4368 2160 4415 ter
2186 4360 2250 4414 ⁴⁶.
2288 4360 2460 4414 Porro
2493 4361 2808 4428 daemones,
2842 4365 3042 4433 utpote
3074 4363 3473 4433 voluptatibus
3505 4365 3732 4422 affecti-

2078 4448 2305 4520 busque
2337 4446 2730 4520 indulgentes,
2763 4465 2831 4504 ex
2861 4450 3116 4506 victimis
3139 4469 3253 4507 non
3287 4452 3432 4508 nihil
3491 4455 3735 4526 capiunt

2079 4535 2396 4608 voluptatis
2415 4552 2479 4591 ac
2493 4535 3129 4612 emolumenti.Quippe
3149 4541 3288 4595 dum
3316 4541 3732 4613 incenduntur,

2077 4626 2323 4698 sanguis
2347 4641 2448 4698 per
2471 4625 2538 4680 ad
2551 4626 2841 4682 ustionem
2865 4629 3216 4686 convertitur
3241 4630 3297 4686 in
3323 4634 3736 4705 vaporem,sic-

306 4703 756 4790 λεπτοποιήσεως
807 4716 884 4779 εἷς
933 4717 1032 4785 τὴν
1085 4713 1334 4770 σύστασιν
1382 4712 1557 4768 αὐτῶν
1583 4708 1962 4786 ἀναλαμϐανο-

2079 4732 2185 4786 que
2216 4717 2275 4770 in
2304 4713 2597 4785 ejusmodi
2625 4714 2883 4772 minutas
2907 4721 3099 4788 partes
3123 4703 3506 4790 resolutus,in
3530 4739 3734 4780 eorum

379 4841 424 4875 ³³
452 4842 620 4895 Rom.
653 4855 710 4904 x,
743 4836 832 4891 20.
938 4833 986 4869 ⁴⁰
1016 4833 1181 4887 Prov.
1221 4848 1318 4899 xv,
1347 4832 1401 4887 8.

310 4913 356 4948 “
388 4912 560 4970 Joan.
595 4926 636 4978 ι,
666 4909 753 4964 16.
776 4907 820 4948 ‘6
847 4904 1068 4960 Coloss.
1104 4921 1166 4972 ιι,
1198 4904 1254 4959 9.

380 5031 494 5103 (75)
521 5032 616 5103 με.
643 5030 900 5103 quatuor
930 5025 1167 5103 mss:At_
1171 5022 1316 5079 editi
1338 5037 1472 5103 cum
1496 5022 1857 5103 Bag.pri_mo,
1870 5041 1969 5076 πα-

312 5067 802 5174 ραδοέοῦνξαέυκαὶ
833 5100 1023 5174 κακῶς.
1047 5095 1320 5170 βιοῦντας.
1354 5095 1473 5152 Hoc
1532 5067 1677 5169 ἱρέον
1718 5095 1781 5151 in
1841 5067 1969 5152 loco

311 5165 458 5242 'Regf
483 5173 803 5238 secundus,
848 5165 1212 5242 ,ἐκκλίναντα

387 5236 496 5317 (76)
528 5245 698 5317 Editi,
724 5236 871 5317 παρὰ
901 5240 1106 5315 Κυρίῳ.
1132 5241 1306 5297 Deest
1323 5236 1470 5313 παρά
1501 5239 1560 5295 in
1591 5239 1784 5296 tribus
1820 5255 1965 5295 mss.

309 5318 367 5370 et
397 5315 456 5369 in
485 5316 739 5372 editione
770 5315 1054 5371 Romana.

379 5386 492 5458 (77)
524 5389 666 5443 Tres
696 5404 866 5455 11185.,
899 5383 1165 5454 ἐπιζητεῖ,
1215 5383 1306 5458 ἣν-
1336 5381 1523 5458 αὐτὸς-
1550 5377 1776 5443 ἕκαστος
1835 5380 1962 5458 ὲαυι-

311 5453 402 5510 τὸν
436 5459 718 5541 προσάγει.
751 5453 915 5541 Unus
949 5453 1082 5541 ms,
1134 5454 1418 5541 προσάγειο
1475 5455 1642 5541 aliter,
1691 5453 1970 5541 ,προσαγά-

312 5527 559 5658 γῃ.ῑ8’θι1
588 5527 797 5587 caetera
827 5529 886 5585 in
919 5527 1620 5603 utroque'ms.‘leguntur
1644 5531 1710 5583 ut
1736 5527 1796 5582 in
1830 5527 1966 5584 con-

346 5619 410 5658 es
445 5620 509 5658 u.

346 5619 480 5659 οδω
497 5645 509 5656 .

386 5676 498 5748 (78)
533 5673 704 5743 Illud,
740 5669 977 5748 ᾙλήρης
1006 5669 1142 5748 είμ-ί,
1170 5671 1268 5748 hic
1290 5677 1356 5748 et
1398 5673 1554 5748 apud
1613 5671 1968 5748 Procopium

316 5744 586 5806 absolute
616 5744 886 5820 ponitur,
907 5761 1014 5803 nec
1041 5744 1113 5802 ad
1147 5744 1304 5802 aliud
1333 5745 1660 5818 quidquam
1693 5744 1966 5801 refertur.

1509 4832 1550 4867 ⁴¹
1588 4831 1735 4888 Psal.
1775 4849 1825 4902 L,
1858 4833 1946 4889 19.

2053 4833 2100 4868 ⁴¹
2130 4833 2298 4889 Hom.
2332 4847 2435 4898 xu,
2469 4832 2520 4888 1.

2623 4832 2867 4890 “Joau.
2931 4852 2969 4905 ι,
3013 4835 3104 4890 29.
3208 4837 3253 4872 “
3297 4837 3511 4912 Ephes.
3566 4855 3622 4907 ν,
3677 4839 3733 4897 2.

2081 5025 2286 5099 Plenus
2316 5039 2459 5079 sum.
2493 5020 2778 5099 Similiter
2808 5029 2865 5080 et
2895 5024 2955 5099 in
2987 5025 3236 5099 Vulgata
3271 5044 3284 5084 :
3329 5029 3534 5086 Plenus
3587 5046 3732 5088 sum.

2081 5098 2407 5174 [Iolgcausla
2436 5097 2677 5174 arietum
2713 5135 2726 5149 .
2764 5134 2776 5148 .
2815 5137 2827 5149 .
2851 5098 3034 5174 nolui.
3103 5097 3233 5174 Sed_
3270 5117 3385 5174 non
3444 5101 3530 5156 ita
3576 5105 3733 5174 apud

2081 5169 2243 5236 LXX,
2281 5167 2380 5246 ubi
2421 5168 2506 5246 sic
2559 5168 2811 5238 legimus
2850 5186 2896 5246 :_
2920 5169 3144 5246 Hydgqc;
3192 5170 3304 5244 είμί
3339 5167 3736 5246 ὁλοκαυτωμά-

2078 5260 2186 5294 των
2218 5243 2410 5311 κριῶν·
2439 5241 2643 5294 Plenus
2697 5256 2822 5294 sum
2877 5240 3208 5300 holocaustis
3248 5240 3524 5302 'arielum.
3587 5240 3734 5304 Ulti-

2081 5330 2238 5368 mam
2273 5313 2422 5368 hanc
2456 5311 2765 5384 lectionem
2799 5316 2857 5384 ct
2887 5316 3042 5384 apud
3076 5317 3392 5374 Eusebium
3425 5323 3481 5374 et
3513 5319 3570 5374 in
3618 5320 3730 5376 ali-

2081 5390 2399 5467 quotmss.
2433 5383 2674 5467 reperiri
2709 5383 2908 5467 statim
2927 5383 3373 5467 :adnotabirnus.

2292 5458 2671 5539 ltahqui‘nque
2704 5471 2845 5510 mss.
2879 5458 2952 5539 At
2982 5459 3146 5539 editi,
3176 5460 3262 5517 τά.

2151 5524 2262 5608 (80)
2292 5524 2848 5608 Εάἰιῖ,πλῃρῴματος
2881 5525 3064 5584 αὐτοῦ.
3098 5524 3221 5588 Vox
3249 5533 3418 5588 αὐτοῦ
3479 5533 3538 5589 in
3598 5533 3730 5590 aliis

2079 5607 2333 5672 quatuor
2367 5617 2508 5672 mss.
2534 5600 2923 5672 desideratur.

2149 5675 2260 5745 (81)
2285 5670 2518 5744 Δαίμοσι
2549 5667 2642 5743 μὲν
2676 5667 2801 5742 γάρ.
2834 5670 2984 5745 Lege
3012 5673 3438 5732 Prmfationcm.
