4130 6378
428 361 544 443 Hd

1371 349 1765 424 APPENDIX
1812 339 2139 425 bPEaUM
2185 364 2249 425 s.
2296 347 2583 428 BASILII
2627 347 2876 430 MAGNI

3734 339 3850 428 iis

430 512 667 588 quando
696 519 830 566 vero
861 507 1085 577 absque
1127 500 1272 567 oleo,
1307 501 1371 553 ut
1397 497 1458 553 in
1501 496 1848 570 zelotypia'“
1886 511 1898 552 :
1935 512 2079 550 non-

2208 495 2490 588 χυθέντος,
2532 500 2664 588 ποτὶ
2712 495 2770 554 δὶ
2811 494 2935 554 ἄνευ
2986 497 3198 566 ἐλαίου,
3248 497 3322 561 ὡς
3353 495 3439 553 ἐπὶ
3467 503 3566 567 τῆς
3625 496 3854 568 ζηλοτυ-

431 587 737 675 nunquam
769 598 981 670 lagana
1011 619 1022 651 :
1059 604 1482 660 nonnunquam
1518 587 1702 659 azymi
1739 602 1922 658 panes
1955 604 1967 641 :
2003 587 2088 640 in-

430 693 666 750 terdum
701 688 825 745 ola
855 689 979 742 erat
1019 697 1236 745 massa,
1261 679 1508 733 subacta
1549 675 1677 732 oleo
1731 675 2084 745 similagine.

431 781 602 840 Nunc
630 793 766 836 vero
795 771 1176 844 similaginis:
1201 768 1362 822 illius
1411 783 1583 822 usum
1618 768 1932 838 abrogans,
1957 765 2087 836 plu-

435 871 648 928 rimam
682 862 1102 924 sacrificiorum
1155 862 1378 929 partem
1431 854 1695 910 abolevit.
1733 852 1880 917 Quid
1912 853 2091 922 igitur

435 963 557 1018 haec
587 960 712 1030 ejus
737 954 895 1010 dicta
916 950 1028 1006 sibi
1050 946 1299 1003 volunt?
1330 945 1492 1009 Quod
1525 943 1660 999 licet
1687 942 1801 998 alia
1825 941 1933 997 sub
1966 958 2087 995 ser-

436 1029 630 1106 monis
657 1042 959 1101 involucra
999 1037 1428 1110 significentur,
1461 1049 1582 1102 vos,
1617 1037 1811 1087 mente
1856 1029 2087 1102 legisla-

435 1137 580 1195 toris
625 1132 986 1208 posthabita,
1020 1128 1285 1184 studium
1319 1139 1492 1180 omne
1522 1137 1880 1194 operamque
1911 1121 1969 1174 in
2002 1135 2090 1174 re-

437 1243 570 1284 rum
602 1221 999 1296 corporalium
1029 1217 1288 1274 vanitate
1319 1213 1557 1286 ponitis.
1592 1212 1906 1283 Oportebat
1937 1209 2091 1265 enim

439 1321 506 1375 ut
559 1315 928 1372 trumentum
988 1325 1090 1381 pro
1144 1323 1210 1362 eo
1251 1319 1540 1369 sermone,
1576 1301 1677 1373 qui
1735 1301 1793 1354 in
1850 1299 2094 1356 seminis

442 1407 686 1463 modum
717 1399 1032 1459 animabus
1057 1395 1264 1452 vestris
1295 1392 1596 1456 inseritur,
1612 1390 1977 1462 acciperetis,
2000 1391 2094 1442 ut-

443 1511 560 1569 que
588 1510 658 1550 ex
685 1509 752 1549 eo
810 1489 1111 1545 mundana
1157 1483 1316 1540 omni
1370 1481 1724 1554 cogitatione
1754 1479 1974 1534 nudato
2006 1493 2095 1533 se-

445 1568 706 1644 cundum
738 1597 823 1648 se,
848 1580 906 1634 in
938 1577 1279 1648 incorporeo
1306 1588 1373 1628 ac
1405 1587 1548 1642 puro
1582 1569 1678 1625 Dei
1711 1568 1874 1625 cultu
1905 1573 2098 1623 utere-

449 1673 617 1730 mini.
640 1672 826 1742 Atque
851 1668 974 1724 haec
996 1669 1087 1722 est
1107 1659 1432 1734 spiritualis
1453 1655 2024 1731 similago,videlicet
2049 1656 2101 1711 is

450 1763 551 1836 qui
584 1761 654 1817 de
686 1765 798 1815 Deo
827 1757 1080 1813 habetur
1108 1767 1298 1810 sermo
1330 1767 1364 1806 a
1393 1748 1679 1821 corporali
1713 1744 2103 1818 intelligentia

451 1831 761 1908 discretus.
795 1847 995 1918 Itaque
1025 1844 1148 1898 haec
1180 1839 1376 1897 simila
1405 1836 1689 1909 corporali
1723 1851 1900 1890 sensu
1931 1831 2102 1888 intel-

452 1942 622 2004 lecta,
645 1943 820 2010 atque
849 1934 1096 1992 Judaico
1129 1946 1290 1986 more
1318 1928 1535 1994 oblata,
1569 1932 1659 1980 est
1687 1940 1900 1979 vanum
1935 1921 2103 1992 quid-

455 2033 590 2087 dam
626 2047 639 2085 :
672 2025 1001 2100 thymiama
1029 2037 1164 2078 vero
1197 2020 1325 2090 jam
1356 2033 1587 2089 quoque
1633 2013 1989 2070 abominatio
2018 2015 2109 2067 est

455 2115 894 2176 Domino.Nam
924 2127 1124 2169 revera
1163 2113 1254 2165 est
1299 2105 1601 2178 quidpiam
1649 2101 2021 2168 exsecrabile,
2055 2100 2103 2156 si

456 2226 490 2266 a
521 2210 634 2265 Deo
687 2201 1130 2279 permistionem
1179 2197 1494 2270 quamdam
1547 2192 1943 2266 thymiamatis
1989 2207 2104 2262 quo

455 2313 559 2370 per
587 2294 868 2352 olfactum
915 2289 1276 2361 voluptatem
1319 2287 1663 2355 aucupetur,
1695 2281 2116 2336 existimemus.

451 2369 712 2458 principi,
741 2397 851 2438 nec
888 2377 1286 2448 intelligamus
1336 2374 1597 2445 corporis
1645 2369 2100 2428 sanctimoniam

449 2491 577 2548 quae
608 2472 792 2530 animi
839 2465 1232 2541 temperantia
1278 2468 1338 2520 et
1383 2463 1655 2518 castitate
1702 2465 2102 2530 comparatur,

446 2561 696 2619 Domino
753 2575 883 2616 esse
938 2556 1305 2630 thymiama,
1365 2552 1491 2624 pari
1547 2551 1701 2605 inter
1758 2566 1819 2605 se
1873 2553 2100 2619 tempe-

443 2652 672 2709 ratione
738 2661 806 2706 ac
863 2647 1063 2704 sedate
1125 2641 1465 2716 compositis
1533 2641 1744 2696 animae
1811 2638 2098 2710 partibus.

443 2741 610 2798 Sume
661 2738 842 2809 enim,
893 2736 1110 2808 inquit,
1160 2733 1266 2790 tibi
1307 2733 1632 2794 suavitates,
1681 2734 1909 2795 stacten,
1959 2743 2098 2799 ony-

439 2831 570 2901 cha,
621 2828 927 2901 galbanum
978 2825 1107 2880 boni
1161 2822 1360 2888 odoris,
1393 2824 1445 2874 et
1504 2819 1628 2874 thus
1672 2816 2010 2887 pellucidum
2035 2815 2102 2870 ⁷².

446 2919 576 2976 Haec
617 2921 873 2990 quatuor
917 2930 1052 2971 eum
1103 2914 1358 2984 quatuor
1404 2905 1714 2964 elementis
1763 2921 1830 2960 ex
1883 2905 2101 2975 quibus

440 3007 686 3082 corpora
715 3007 1010 3070 constant,
1044 3002 1262 3056 habent
1290 2996 1722 3070 cognationem.
1743 2995 1937 3049 Stacte
1967 2992 2098 3063 qui-

444 3098 580 3153 dem
612 3095 684 3152 ad
717 3109 929 3166 aquam
985 3091 1236 3146 refertur
1267 3104 1281 3143 :
1315 3102 1465 3159 onyx
1495 3085 1563 3140 ad
1597 3089 1812 3139 terram
1865 3086 2101 3153 propter

442 3185 777 3243 ariditatem
805 3199 818 3237 :
852 3181 1170 3254 galbanum
1204 3177 1275 3232 ad
1308 3175 1504 3247 ignem
1538 3175 1773 3245 propter
1804 3171 2095 3226 calorem:

2197 583 2344 648 πίαςο
2407 585 2608 645 ἄλλοτε
2657 587 2886 665 λόἱγαναο
2943 585 3146 643 ἄλλοτε
3171 588 3371 662 ἄζυμα·
3433 584 3634 643 ἄλλοτε
3684 586 3847 661 μόνον

2199 673 2443 751 φύραμα,
2511 674 2994 751 ἀναπεποιημένης
3069 675 3241 750 ἐλαίῳ
3309 682 3410 747 τῆς
3489 673 3850 750 σεμιδάλεως.

2201 766 2310 822 Νῦν
2339 766 2542 838 ταύτης
2586 770 2685 836 τήν
2739 771 2938 845 χρῆσιν
2993 765 3328 841 ματαιώσας,
3379 767 3440 822 τὸ
3471 771 3723 822 πκεῖστον
3762 766 3855 840 μὲ-

2199 873 2293 929 po:
2343 860 2451 910 τῶν
2486 859 2682 920 θυσιῶν
2717 855 2990 932 διέγραψε.
3041 856 3107 914 Τί
3156 855 3247 911 οὖν
3283 856 3425 911 ἐστιν
3457 856 3485 911 ὃ
3519 854 3664 931 λέγει
3691 875 3704 926 ;
3728 857 3853 914 ’Ὁτι

2200 941 2348 998 ἄλλα
2375 950 2470 1000 τοῦ
2504 945 2670 1022 λόγου
2702 945 3111 1021 αἶ’νισσομὲνυυ,
3145 947 3362 1026 ἀφέντες
3378 946 3441 1002 τὸ
3477 944 3739 1022 βούλημα
3759 949 3858 1001 τοῦ

2199 1034 2498 1104 νομοθέτου
2537 1080 2553 1107 ,
2650 1037 2749 1105 τὴν
2845 1042 3016 1091 πᾶσαν
3102 1034 3474 1112 πραγματείαν
3558 1035 3680 1112 περὶ
3756 1036 3857 1106 τήν

2205 1124 2542 1196 ματαιότητα
2623 1131 2732 1181 τῶν
2819 1129 3146 1198 σωματικῶν
3225 1123 3634 1189 ἐπιδείκνυσθε.
3707 1121 3858 1182 Ἔδει

2200 1213 2300 1288 γὰρ
2330 1214 2422 1267 τὸν
2472 1219 2618 1268 σῖτον
2669 1215 2745 1276 εἷς
2772 1217 2863 1270 τὸν
2916 1213 3078 1291 λόγον
3134 1211 3570 1290 μεταλαμϐάνειν
3617 1235 3862 1289 σπερμα-

2201 1307 2368 1364 τικῶς
2429 1304 2583 1376 ὑμῶν
2610 1307 2718 1378 (13)
2772 1304 3082 1380 ἐγκείμενον
3137 1311 3255 1370 ταῖς
3293 1309 3521 1382 ψυχαῖς,
3562 1305 3648 1360 καὶ
3683 1303 3862 1374 πάσης

2204 1391 2366 1445 αὐτὸν
2417 1400 2692 1466 κοσμικῆς
2734 1392 2943 1457 ἐννοίας
2976 1394 3495 1471 ἄπογυμνώσαντας,
3537 1393 3688 1465 αὐτῷ
3719 1399 3864 1468 χρῆ-

2205 1480 2325 1533 σθαι
2373 1481 2493 1534 καθ’
2542 1481 2730 1536 ἑαυτὸν
2786 1481 2840 1537 ἐν
2899 1486 2968 1556 τῇ
3024 1480 3178 1556 ἀΰλῳ
3224 1484 3314 1538 καὶ
3371 1481 3580 1556 καθαρᾴ
3610 1480 3867 1558 θεραπείᾳ

2210 1565 2359 1624 Θεοῦ.
2408 1570 2508 1626 Καὶ
2557 1575 2718 1626 τοῦτο
2781 1570 2892 1626 ἐστι
2942 1573 3282 1646 πνευματική
3343 1569 3652 1645 σεμίδαλις,
3699 1569 3869 1644 λόγος

2209 1656 2334 1731 περί
2365 1660 2497 1714 Θεοῦ
2552 1667 2872 1732 σωματικῆς
2909 1660 3115 1726 ἐννοίας
3160 1660 3593 1737 κεχωρισμένος.
3642 1660 3704 1716 Ἣ
3769 1659 3865 1733 μὶν

2213 1748 2306 1802 οὗν
2357 1753 2686 1820 σωματικῶς
2735 1752 3004 1824 νοουμὲνη
3035 1751 3124 1806 καὶ
3156 1749 3574 1828 προσφερομένη
3607 1749 3742 1804 κατὰ
3771 1748 3863 1804 τὸν

2213 1833 2509 1891 Ἰουδαϊκὸν
2553 1838 2756 1910 τρόπον
2809 1838 3114 1912 σεμίδαλις,
3177 1839 3402 1912 μάταιον
3432 1859 3444 1872 ο
3506 1839 3569 1893 τὸ
3619 1839 3867 1911 θυμιάμα

2134 1883 2183 1948 Β
2218 1921 2275 1978 δὶ
2322 1923 2430 1994 ἤδη
2469 1925 2559 1980 καὶ
2590 1883 3126 2002 Ῑςδιδυγμῖέςξξζζῖζ,
3175 1883 3866 2002 ἓξρἷιρῗθδζὶυιξζδῖᾮὲξ

2214 2017 2292 2084 τῷ
2339 2010 2452 2068 ὄντι
2502 2015 2564 2069 τὸ
2615 2014 2819 2080 οἷέσθαι
2867 2020 2983 2086 (14)
3029 2018 3122 2078 τὰς
3168 2015 3256 2070 διὰ
3302 2017 3618 2094 ὀσφρήσεως
3667 2014 3869 2086 ἡδονὰς

2211 2103 2302 2157 τὸν
2353 2104 2484 2158 Θεὸν
2534 2105 2881 2179 θηρώμενον,
2937 2110 3035 2160 τοῦ
3082 2106 3460 2181 θυμιάρματος
3490 2108 3589 2176 τήν
3625 2106 3868 2170 σύνθεσιν

2212 2194 2664 2269 προστεταχέναι,
2721 2194 2811 2249 καὶ
2873 2196 2950 2268 μή
3011 2201 3152 2250 νοεῖν
3210 2195 3292 2249 δτι
3342 2194 3591 2268 θυμίαμα
3619 2195 3808 2270 Κυρίῳ
3841 2195 3870 2250 ὁ

2212 2281 2266 2336 ἕν
2300 2282 2513 2354 σώματι
2559 2281 2848 2358 ἁγιασμὸς,
2902 2285 3004 2339 ὑπὸ
3029 2291 3128 2353 τῆς
3157 2286 3294 2339 κατὰ
3342 2285 3528 2361 ψυχὴν
3582 2284 3876 2363 σωφροσύ-

2209 2393 2308 2441 νης
2337 2370 2784 2446 ἐπιτελούμενος·
2838 2375 3139 2450 ἱσοκρατῶς
3188 2373 3426 2450 ἑχόντων
3479 2375 3566 2430 καὶ
3618 2373 3873 2430 ἀστασιά-

2209 2483 2351 2523 στως
2389 2463 2526 2536 πρὸς
2578 2459 2805 2532 ἄλληλα
2835 2468 2941 2518 τῶν
2979 2467 3158 2538 μερῶν
3188 2469 3288 2534 τῆς
3323 2466 3529 2540 ψυχῆς.
3564 2459 3709 2519 Λάϐε
3738 2464 3866 2540 γὰρ,

2211 2552 2342 2627 φησί
2442 2553 2576 2625 (15),
2671 2557 2880 2624 σεαυτῷ
2958 2550 3265 2626 ἡδύσματα·
3343 2554 3598 2622 στακτὴν,
3671 2549 3863 2629 ὄνυχα,

2209 2633 2497 2714 χαλϐάνην
2581 2637 2836 2713 ἥδυσμοῦ
2870 2685 2884 2710 ,
2959 2641 3052 2696 καὶ
3124 2637 3343 2698 λίϐανον
3401 2640 3634 2720 διαφανῆ
3667 2686 3679 2698 .
3730 2643 3870 2700 Τέσ-

2211 2748 2346 2800 σαρα
2405 2732 2571 2783 ταῦτα
2635 2730 2772 2804 πρὸς
2828 2731 2897 2784 τὰ
2950 2729 3182 2805 τέσσαρα
3238 2737 3506 2807 στοιχεῖα,
3562 2731 3613 2802 ἐξ
3662 2733 3736 2785 ὦν
3791 2732 3861 2786 τὰ

2211 2815 2439 2889 σώματα
2513 2817 2806 2893 σύγκειται,
2885 2819 2984 2886 τὴν
3065 2819 3388 2891 ὁμοιότητα·
3467 2823 3503 2889 ἡ
3587 2821 3681 2893 μὶν
3734 2841 3863 2875 στα-

2209 2905 2309 2973 κτὴ
2358 2905 2497 2979 πρὸς
2554 2907 2614 2960 τὸ
2668 2904 2836 2980 ὕδωρ·
2899 2909 2927 2962 ὁ
2959 2905 3014 2962 δὲ
3045 2907 3166 2977 ὄνυξ
3195 2904 3284 2962 διὰ
3321 2908 3384 2962 τὸ
3412 2908 3574 2984 ξηρὸν
3601 2909 3738 2984 πρὸς
3763 2910 3867 2978 τὴν

2208 3000 2334 3068 γῆν·
2385 2997 2419 3062 ἡ
2483 2992 2540 3049 δὲ
2591 2991 2842 3070 χαλϐάνη
2879 2993 2968 3050 διά
2996 2997 3095 3064 τήν
3131 2997 3442 3070 θερμότητα
3471 2996 3610 3071 πρὸς
3640 2997 3703 3050 τὸ
3733 2999 3864 3070 πῦρ·

2208 3083 2236 3137 ὁ
2285 3080 2341 3138 δὲ
2394 3077 2641 3152 λίϐανος,
2695 3081 2785 3138 διὰ
2829 3085 2892 3138 τὸ
2945 3081 3194 3162 διαφανὲς
3243 3085 3380 3158 πρὸς
3413 3086 3498 3140 τὸν
3533 3085 3684 3160 ἀέρα.
3717 3086 3864 3142 Ἴσον

2209 3170 2310 3226 ἴσω
2364 3175 2475 3245 (16)
2518 3172 2685 3228 ἔσται’
2734 3173 3002 3243 τουτέστι,
3078 3174 3172 3234 τὰς
3234 3171 3294 3228 ἐκ
3342 3171 3665 3247 δυσκρασίας
3711 3193 3868 3248 γινο-

440 3275 582 3332 thus
639 3273 880 3330 tandem
938 3270 1009 3326 ad
1067 3281 1260 3323 aerem
1323 3266 1559 3336 propter
1614 3259 2092 3332 pelluciditatem.

2211 3263 2372 3335 μὲνας
2438 3262 2613 3336 ὁρμὰς
2664 3262 2744 3327 είς
2783 3263 3072 3336 ἐπιθυμίας
3118 3260 3352 3324 ἀτόπους
3397 3260 3647 3330 κολάζων
3702 3260 3867 3316 ἔπαν-

440 3363 692 3435 Αῗᾳιωισ,
723 3360 931 3433 aquati
958 3357 1126 3414 erit"
1158 3371 1171 3410 :
1206 3355 1314 3409 hoc
1346 3356 1454 3422 est,
1487 3351 1764 3422 impetus,
1787 3365 1855 3405 ex
1885 3349 2097 3404 intem-

439 3452 600 3526 perie
629 3450 860 3506 coortos
879 3451 937 3502 et
955 3445 1017 3500 in
1043 3443 1332 3500 absurdas
1355 3438 1703 3511 cupiditates
1725 3443 2098 3508 erumpentes

439 3541 767 3606 refrenans,
799 3537 869 3592 ad
904 3531 1250 3606 aequabilem
1285 3526 1747 3601 temperaturam
1777 3526 2095 3583 revocabis.

435 3635 508 3690 Et
538 3625 835 3686 cantanda:
885 3639 955 3681 ea:
1002 3623 1088 3678 his
1134 3621 1397 3675 minutim
1424 3619 1490 3687 7‘,
1527 3617 1632 3672 hoc
1680 3621 1790 3684 est,
1831 3615 1987 3688 quod
2036 3614 2095 3669 in

438 3721 641 3780 anima
668 3727 949 3773 carneum
974 3716 1087 3781 est,
1116 3723 1523 3778 crassumque,
1573 3710 1631 3762 et
1677 3705 1934 3761 materias
1985 3705 2096 3760 im-

437 3821 724 3872 mersum,
775 3806 1108 3867 deetruens,
1156 3799 1215 3854 id
1268 3798 1465 3870 ipsum
1517 3794 1823 3868 spirituale
1869 3795 2096 3850 efﬁcere

437 3897 729 3956 studebis.
762 3896 828 3950 Et
858 3895 939 3949 ita
962 3905 1128 3964 pones
1159 3897 1352 3945 contra
1382 3887 1759 3942 testimoni-um
1810 3886 1870 3939 in
1916 3885 2094 3940 taber-

437 3983 668 4056 naculo,
727 3975 883 4039 ‘08
943 3982 1089 4036 unde
1143 3979 1480 4034 innotescam
1539 3975 1640 4030 tibi
1693 3973 1821 4028 inde
1842 3972 1906 4027 ⁷⁵.
1947 3975 2092 4029 Cum

440 4075 599 4135 enim
631 4073 764 4147 quis
795 4073 868 4129 ad
911 4069 1224 4142 perfectam
1270 4064 1711 4137 permistionem
1744 4063 2092 4134 pervenerit,

438 4170 500 4223 et
530 4167 816 4221 contusus
847 4159 1052 4226 fuerit;
1089 4163 1214 4213 tum
1250 4155 1465 4227 dignus
1497 4153 1608 4208 erit
1637 4153 1737 4223 qui
1785 4152 1844 4206 in
1892 4157 2095 4207 sancta

437 4254 866 4319 introducatur,
899 4253 1076 4320 atque
1126 4247 1199 4301 ad
1248 4244 1346 4299 Dei
1395 4241 1787 4315 cognitionem
1837 4242 2091 4297 accedat.

435 4347 628 4401 Penes
651 4341 809 4399 enim
854 4356 946 4405 ea,
979 4335 1196 4408 inquit,
1230 4332 1430 4388 conira
1476 4330 1906 4396 testimonium,
1941 4333 2093 4387 unde

437 4432 804 4490 innotescem
834 4426 944 4484 tibi
984 4413 1139 4482 inde.
1181 4423 1299 4479 Hoc
1329 4425 1525 4476 autem
1563 4419 1926 4491 prohibitum
1961 4420 2091 4487 fuit,

2211 3351 2462 3412 ισώσεις.
2529 3350 2630 3404 Καὶ
2691 3350 2979 3426 συγκόψεις
3037 3351 3096 3406 ἐκ
3150 3349 3360 3406 τούτων
3419 3349 3639 3406 λεπτόν
3701 3370 3868 3406 τουτ-

2207 3439 2336 3510 ἑστι,
2386 3439 2748 3511 πνευματικὸν
2787 3446 3012 3507 ποιῆσαι
3064 3437 3482 3514 φιλοπονήσεις,
3535 3437 3862 3518 ἐξαφανίζων

2204 3533 2304 3596 τῆς
2335 3530 2521 3602 ψυχῆς
2550 3527 2613 3581 τὸ
2641 3534 2742 3596 τῆς
2773 3528 2978 3603 σαρχὸς
3008 3526 3159 3602 παχὺ
3189 3527 3279 3581 καὶ
3317 3525 3546 3590 ὑλῶδες.
3582 3529 3685 3585 Καὶ
3719 3528 3861 3586 οὕτω

2207 3615 2389 3686 θήσεις
2441 3614 2692 3670 ἀπέναντι
2767 3620 2864 3670 τοῦ
2922 3615 3222 3691 μαρτυρίου
3267 3613 3320 3671 ἐν
3377 3623 3444 3687 τῆ
3506 3617 3682 3692 σκηνῇ
3726 3619 3861 3692 (17),

2205 3705 2323 3760 ὅθεν
2359 3703 2748 3782 γνωσθήσομαί
2795 3723 2878 3759 σοι
2947 3703 3169 3761 ἐκεῖθεν.
3210 3707 3374 3763 Ὅταν
3428 3706 3529 3782 γὰρ
3579 3706 3858 3783 ἐγγένηται

2201 3796 2273 3866 τῇ
2319 3789 2534 3869 ἀκριϐεῖ
2595 3795 2870 3866 κοινωνίᾳ,
2921 3794 3011 3849 καί
3079 3791 3487 3864 ἀπολεπτυνθῆ,
3544 3797 3669 3851 τότε
3718 3795 3865 3870 ἄξιός

2203 3883 2314 3939 ἐστι
2364 3884 2699 3964 εἶσφέρεσθαι
2749 3882 2824 3946 εἷς
2869 3885 2935 3939 τὰ
2983 3885 3135 3960 ἅγια,
3183 3885 3270 3940 καὶ
3321 3887 3389 3958 τῇ
3418 3885 3607 3961 γνώσει
3636 3887 3706 3960 τῇ
3737 3887 3863 3963 περὶ

2203 3977 2338 4030 Θεοῦ
2408 3971 2809 4050 προσεγγίζειν.
2873 3975 3070 4044 Θήσεις
3119 3973 3220 4050 γὰρ
3291 3973 3448 4045 αὐτὰ,
3507 3973 3695 4050 φησὶν,
3754 3974 3860 4030 ἀπ-

2203 4061 2377 4118 έναντι
2451 4067 2550 4117 τοῦ
2653 4063 2956 4137 μαρτυρίου
2991 4106 3004 4131 ,
3099 4060 3216 4117 ὅθεν
3298 4061 3692 4137 γνωσθῆσομαί
3773 4083 3861 4118 σοι

2203 4154 2416 4209 ἐκεῖθεν.
2473 4153 2544 4207 Τὸ
2593 4149 2651 4206 δὲ
2694 4155 2945 4207 τοιοῦτον
2975 4151 3344 4226 ἀπηγόρευται
3379 4152 3550 4224 ἑαυτῷ
3575 4173 3694 4207 τινα
3733 4172 3861 4208 ποι-

2203 4247 2278 4297 εῖν
2327 4241 2401 4306 εἷς
2450 4240 2775 4297 ἀπόλαυσιν·
2833 4241 3130 4311 τουτέστιν,
3163 4241 3338 4312 ἑαυτῷ
3388 4243 3501 4314 (18)
3545 4239 3861 4320 ἐπιγράφειν

2201 4332 2268 4386 τὰ
2295 4331 2718 4406 κατορθώματα,
2750 4328 2876 4386 ἀλλ’
2910 4329 2997 4384 ἐπὶ
3026 4331 3117 4384 τὸν
3149 4331 3278 4385 Θεὸν
3310 4334 3419 4386 τῶν
3449 4329 3633 4387 καλῶν
3657 4332 3754 4399 τήν
3781 4331 3861 4385 αἱ-

2200 4421 2320 4477 τίαν
2344 4420 2578 4499 ἀνάγειν.
2602 4422 2946 4496 Τοιοῦτογῆν
2967 4419 3215 4495 θυμίαμα
3241 4418 3457 4482 Ηαῦλος
3475 4421 3503 4476 ὁ
3526 4419 3700 4497 λέγων
3723 4422 3861 4495 (19)·

504 4600 550 4639 ’¹¹
580 4595 758 4656 Num.
788 4611 846 4668 ν,
875 4593 964 4650 15.
1040 4591 1088 4628 ⁷³
1124 4591 1301 4647 Exod.
1333 4605 1458 4658 xm,
1491 4589 1581 4645 34.
1657 4588 1702 4624 ⁷³
1730 4587 1876 4644 ibid.
1951 4589 1998 4624 π
2025 4589 2096 4644 ibi

2208 4590 2292 4646 36.
2367 4589 2413 4626 ’⁷⁸
2442 4589 2584 4647 ibid.

508 4784 747 4864 (i3)__Ita
771 4781 925 4864 mss.
951 4785 1227 4864 quatuor.
1270 4783 1410 4864 lieg.
1444 4776 1888 4864 tertius,‘igpﬁiy.
1926 4778 2095 4864 Editi,

437 4851 740 4939 ἡμῖν.’Νθο
765 4856 853 4939 ita
884 4851 1074 4939 multo
1106 4858 1237 4939 post
1259 4851 1862 4939 uterqqupmbelisii
1895 4851 2095 4939 codex,

439 4923 589 5004 αὖτῷ
617 4932 944 5002 κεχρῆσθαι.
967 4924 1078 4980 Alii
1107 4923 1230 4980 tres
1263 4939 1430 4988 mss.,
1456 4923 1605 4993 αὐτῷ
1635 4927 1895 4996 χρῆσθαι.
1924 4923 2095 4991 Editi,

440 5004 591 5074 αὖτῖρ
620 4999 711 5075 καὶ
744 5003 1009 5075 χρῆφθαι.
1274 5067 1322 5075 ,,
1574 5063 1599 5075 .,
1746 5063 1766 5075 ..
1835 5065 1858 5075 λ
1972 5069 2020 5075 --

513 5063 626 5147 (14)
657 5063 1044 5144 Sic"quinque
1085 5083 1226 5122 mss.
1260 5067 1331 5121 At
1373 5064 1535 5129 editi,
1570 5063 1682 5117 δντι
1717 5063 1939 5120 οἳεσθαι.
1971 5069 2097 5121 Mox

442 5151 564 5203 tres
619 5162 767 5202 mss.
827 5141 1071 5198 σύνθεσιν
1133 5134 1524 5211 διατεταχέναι.
1583 5137 1691 5191 Alii
1750 5139 1865 5192 duo
1925 5155 2093 5205 mss.,

441 5213 890 5293 προστεταχέναι.

443 5362 479 5372 η
512 5289 624 5372 (1ῆ)
657 5289 742 5345 Ita
788 5303 932 5372 mest:
967 5283 1416 5372 aliquotvtzeest
1437 5277 1577 5372 ξρέλσί
1625 5280 1704 5372 ἰῇ,
1725 5281 1930 5372 ‘editis:
1965 5281 2093 5372 ξιιξέ

437 5346 547 5417 tim
579 5346 695 5417 duo
727 5373 871 5415 mss.
898 5357 1056 5429 Regii
1072 5346 1140 5411 ἐι
1171 5355 1331 5421 LXX,
1357 5346 1644 5427 χαλϐάνην
1678 5348 2093 5429 ἡδυσμοᾷλΑιίί

437 5434 554 5490 duo
586 5431 901 5490 Colbertini
937 5419 1196 5507 secunda
1229 5419 1408 5507 manu
1440 5429 1497 5480 et
1527 5419 1867 5507 recentiore,
1900 5419 2098 5507 ἡδυρσ-

439 5507 739 5587 μοῦχςυώ
769 5519 875 5587 yox
926 5501 976 5556 si
1013 5515 1146 5587 ‘non
1197 5499 1425 5565 melior,
1458 5502 1614 5587 certe
1666 5498 2098 5587 signiticantior

434 5567 543 5635 est.
578 5567 742 5634 H'aud
770 5575 944 5645 longe
977 5571 1200 5644 aliquot
1231 5587 1400 5641 mss.,
1425 5567 1492 5623 τὰ
1525 5567 1774 5640 σώματα.
1805 5567 1978 5622 Deest
2011 5583 2098 5622 ar-

433 5648 654 5707 ticulus
685 5651 746 5704 in
776 5645 974 5703 editis.
1181 5704 1186 5707 _

509 5704 744 5804 (16)⁷Βίο
775 5734 922 5777 mss.
955 5729 1077 5774 sex.
1112 5704 1285 5786 Editi,
1315 5709 1470 5774 ἴσως.
1501 5714 1632 5767 Mox
1665 5708 1844 5766 iidem
1875 5707 1966 5766 illi
1995 5725 2096 5766 sex

2211 4795 2379 4849 mss,
2410 4778 2722 4852 γινομενας,
2753 4779 2930 4846 Editi,
2957 4777 3273 4852 γενομίνας.

2280 4797 2379 4849 53.,
2410 4797 2722 4907 γένομενας,
2755 4797 2930 4846 nam,
2957 4797 3273 4852 γενομενας.

2280 4853 2415 4924 (17)
2468 4853 2572 4907 diti
2605 4858 2661 4908 el:
2713 4855 2852 4924 Reg.
2889 4853 3123 4916 tertius,
3152 4857 3260 4924 τῆς
3303 4855 3509 4920 σκηνῆς
3535 4855 3635 4920 τῆς
3663 4847 3867 4924 ἀληθι-

2205 4929 2327 4991 νῆς.
2363 4923 2469 4978 Alii
2504 4930 2622 4979 tres
2651 4923 2821 4991 mss.,
2845 4928 2948 4992 τῆς
2980 4928 3208 4993 σκηνῆς.
3233 4923 3496 4996 Denique
3525 4927 3643 4981 tres
3667 4923 3765 4980 alii
3796 4930 3864 4982 ut

2205 4996 2268 5050 in
2301 5001 2596 5050 contextu.

2277 5066 2389 5141 (18)
2421 5067 2662 5141 Codices
2707 5062 3254 5141 tres,_dnnydpcutgt
3299 5063 3482 5141 ἑαυτῷ,
3520 5086 3640 5120 τινα
3673 5071 3866 5141 -ποιεῖν

2207 5134 2292 5197 εἷς’
2346 5134 3022 5209 ἆπόλαυσιν,ίτουτέστιν’
3198 5134 3265 5205 δὴ
3325 5134 3518 5208 ἑαυτῷ.
3575 5138 3687 5194 Alli
3745 5145 3869 5196 tres

2208 5227 2375 5286 ms_s.,
2430 5208 2841 5286 ἆιπαγορεύεται,
2891 5217 3025 5279 etc.,
3064 5208 3380 5286 ρι’-θυμω
3431 5211 3623 5286 Editi,
3655 5209 3866 5286 ἀπαγο-

2208 5278 2426 5354 ρεύεται
2449 5278 2638 5336 ἑαυτοῦ
2679 5302 2797 5336 τινα
2827 5278 3020 5335 ⁷ποιεῖν
3048 5278 3379 5354 ἀπόλαυσιν,
3410 5278 3682 5334 τουτέστιν
3733 5278 3864 5336 ἔαυ-

2204 5350 2305 5422 τῷ.
2339 5353 2496 5409 Colb.
2525 5356 2747 5423 primus
2780 5357 2837 5409 in
2874 5353 3162 5424 margine.
3185 5371 3365 5409 manu
3399 5355 3636 5420 recenti,
3663 5354 3726 5408 οὐ
3760 5350 3867 5424 δεῖ,

2205 5441 2315 5554 gon
2353 5437 2559 5497 oportet
2589 5443 2914 5500 quemquam
2961 5427 3072 5482 sibi
3113 5428 3388 5499 praeclara
3433 5427 3689 5498 facinora
3737 5429 3864 5483 vin-

2252 5513 2422 5552 mare.

2252 5513 2422 5552 mare.

2205 5569 2508 5693 lésfitlt’igilta
2566 5587 2707 5627 mss.
2751 5569 3016 5643 plerique
3073 5586 3298 5629 omnes.
3330 5569 3507 5638 Editi,
3556 5567 3586 5623 ὁ
3634 5563 3860 5632 Παῦλος

2245 5659 2406 5715 εγων.
