4130 6386
270 423 381 506 m

1124 417 1534 481 COMMENT.
1583 417 1663 476 ΙΝ
1707 414 1985 477 ISAIAM
2027 413 2533 477 PROPHETAM.
2582 416 2752 478 CAP.
2799 417 2847 479 Ι.

3587 417 3703 480 178

271 553 510 634 Χριστοῦ
570 547 776 605 εὐωδία
834 546 1155 634 ἐσμέν·καὶ
1217 545 1423 603 πάλινο
1456 543 1624 621 Χάρις
1677 548 1755 617 τῷ
1810 546 1926 634 Θεῷ

2051 549 2106 599 ut
2136 560 2208 600 ne
2240 547 2374 618 quis
2399 546 2508 602 sibi
2540 547 2844 621 quidpiam
2877 547 3169 621 ejusmodi
3199 550 3272 606 ad
3312 565 3488 606 usum
3519 565 3698 609 suum

269 631 351 714 τῶ
431 639 664 694 πάντοτε
745 631 1132 713 θριαμϐεύοντι
1208 639 1380 710 ἡμᾶς,
1449 636 1536 691 καὶ
1595 635 1694 704 τὴν
1748 633 1924 705 ὀσμὴν

153 797 156 799 Α
268 731 368 795 τῆς
399 729 660 805 γνώσεως
693 727 864 782 αὐτοῦ
895 729 1212 802 φανεροῦντι
1249 724 1301 780 ἐν
1334 727 1469 799 ἡμῖν
1507 726 1641 798 (20).

2041 634 2390 692 conficeret:
2423 636 2531 692 hoc
2561 643 2670 707 est,
2705 654 2775 694 ne
2807 638 2920 694 sibi
2952 637 3063 711 ipsi
3115 637 3394 711 praeclara
3436 638 3699 696 facinora

2041 724 2386 782 adscribet:
2450 727 2549 781 sed
2620 744 2687 783 ea
2743 729 2814 783 ad
2877 733 3057 784 Deum
3105 729 3394 785 bonorum
3453 745 3696 785 causam

269 821 498 877 referat.
531 819 669 876 Tale
692 823 820 875 erat
848 819 1180 891 thymiama
1207 815 1442 888 Paulus,
1477 816 1578 888 qui
1610 813 1872 870 dicebat:
1929 812 2139 869 Christi
2197 815 2374 870 bonus
2397 816 2530 872 odor
2560 833 2747 873 sumus
2776 818 2837 874 ⁷⁸.
2874 818 2945 874 Et
2975 834 3222 875 rursus:
3271 819 3466 876 Gratia
3514 825 3699 876 autem

269 912 371 968 Deo
403 911 500 982 qui
527 925 750 978 semper
777 907 1085 978 triumphat
1117 923 1235 975 nos,
1269 911 1321 962 et
1353 907 1577 963 odorem
1603 905 1827 961 notitia
1853 919 1970 958 sua
1998 903 2325 974 manifestat
2356 908 2413 961 in
2445 907 2599 962 nobis
2624 907 2688 961 ⁷⁷.

341 1000 431 1055 30.
463 999 534 1052 Τὸ
567 995 624 1052 δὲ
655 996 960 1070 σωματικὸν
991 993 1258 1069 Θυμίαμα,
1285 995 1374 1049 καὶ
1431 999 1551 1056 τοῖς
1603 992 1743 1048 κατά
1797 989 1924 1052 τοὺς

285 1093 561 1162 μυκτῆρας
615 1085 807 1162 πόροις
866 1083 1163 1158 ἐμπῖπτον,
1199 1083 1290 1139 καὶ
1340 1085 1440 1152 τὴν
1491 1080 1739 1152 αἴσθησιν
1794 1100 1927 1154 συγ-

278 1180 484 1246 κινοῦν,
521 1172 810 1252 βδέλυγμα
843 1179 924 1243 τῷ
985 1174 1263 1247 ἀσωμάτῳ
1314 1172 1537 1234 εἰκότως
1594 1169 1924 1243 νενόμισται.

275 1263 590 1338 Νουμηνίας
653 1261 715 1319 δὶ
772 1262 1082 1340 πρεπούσας
1135 1261 1377 1324 αἶωνίοις
1435 1257 1574 1318 ἔτεσι
1623 1259 1769 1335 παρὰ
1818 1261 1926 1313 τῶν

278 1357 507 1410 συνετῶν
541 1358 782 1418 νοεῖσθαι
815 1354 844 1409 6
877 1351 1041 1428 λόγος
1077 1351 1369 1429 βούλεται·
1406 1351 1467 1406 ού
1524 1352 1625 1421 τὴν
1680 1347 1768 1404 διὰ
1822 1353 1928 1402 τῶν

275 1442 567 1516 τριάκοντα
596 1444 824 1518 ἡμερῶν
853 1448 954 1512 τῆς
1014 1439 1252 1514 σελήνης
1284 1439 1739 1507 ἀποκατάστασιν,
1773 1438 1932 1493 ἐπικα

271 1527 739 1606 ταλαμϐανούσης
801 1532 891 1587 τὸν
951 1529 1144 1604 ἥλιον,
1177 1531 1266 1586 καὶ
1318 1532 1487 1586 πάλιν
1535 1529 1929 1608 ἀφισταμένης.

273 1619 434 1677 Ἀλλ’
499 1618 688 1690 ἐπειδὴ
755 1621 817 1678 Ὁ
886 1619 1069 1696 ἄφρων
1141 1621 1215 1683 ὡς
1301 1619 1505 1691 σελήνη
1586 1617 1929 1685 ἀλλοιοῦται,

270 1711 372 1780 τὴν
420 1711 558 1784 πρὸς
611 1710 674 1766 τὸ
723 1714 838 1788 φῶς
890 1707 1173 1779 ἐπάνοδον,
1210 1711 1342 1786 ὅπερ
1401 1708 1640 1783 ἐξέλιπεν
1688 1708 1715 1762 6
1747 1705 1928 1784 ἄφρων

269 1801 362 1855 καὶ
395 1799 495 1868 τὴν
527 1796 616 1854 διὰ
651 1799 938 1873 μετανοίας
987 1801 1100 1873 (21)
1151 1798 1228 1861 εἷς
1273 1799 1335 1854 τὸ
1386 1799 1617 1874 ἀρχαῖον
1661 1795 1931 1852 ἀποκατά-

277 1910 461 1944 στασιν
498 1889 692 1965 ἑορτὴν
737 1890 986 1965 ἡγεῖσθαι
1017 1888 1109 1942 τὸν
1145 1885 1480 1966 φιλάδελφον
1529 1887 1619 1941 καὶ
1670 1892 1925 1959 συμπαθῆ

276 1976 304 2030 6
336 1973 503 2053 λόγος
539 1974 819 2050 βούλεταιο
855 1974 1024 2029 οἱονεὶ
1053 1974 1356 2046 νουμηνίαν
1387 1972 1533 2048 ἄγων
1589 1973 1688 2041 τῆν
1747 1970 1926 2046 ἀρχὴν

275 2068 372 2120 τοῖ’)
405 2064 457 2119 ἐν
491 2064 632 2144 φωτὶ
668 2065 810 2138 βίου·
844 2061 1034 2132 ἐπειδὴ
1069 2061 1280 2134 ἐξέλιπε
1312 2063 1404 2136 μὲν
1435 2062 1498 2117 τὸ
1546 2065 1661 2140 φῶς
1699 2058 1786 2116 διὰ
1828 2059 1925 2128 τὴν

281 2152 360 2216 εἲς
393 2153 454 2207 τὸ
485 2158 674 2229 χεῖρον
725 2153 934 2228 τροπὴν
983 2153 1119 2226 (22),
1153 2149 1598 2228 ὶπαλινδρόμησε
1652 2147 1710 2204 δὲ
1760 2146 1927 2204 πάλιν

278 2242 417 2318 πρὸς
476 2242 612 2296 αὑτὸ
662 2239 750 2296 διὰ
806 2248 908 2311 τῆς
968 2239 1322 2320 ἐπιστροφῆς.
1354 2243 1508 2314 Ἑξῆς
1555 2238 1614 2295 ἂν
1663 2235 1748 2311 εῗίη
1804 2237 1930 2311 περὶ

279 2335 387 2387 τῶν
421 2330 770 2406 μισουμένων
800 2325 1098 2386 Σαϐϐάτων
1135 2330 1303 2386 εἰπεῖν
1356 2330 1443 2401 τὸ,
1473 2331 1563 2399 Μὴ
1614 2327 1782 2405 αἶ’ρειν
1834 2325 1929 2403 βά-

281 2442 517 2497 σταγμα,
549 2420 639 2476 καὶ
703 2421 780 2495 μὴ
822 2420 1130 2497 ἐξέρχεσθαι
1187 2420 1294 2475 ἀπὸ
1350 2424 1447 2475 τοῦ
1501 2419 1674 2474 τόπου
1729 2416 1928 2472 αὐτοῦ’

277 2511 392 2580 καὶ,
452 2512 542 2581 Μὴ
603 2509 775 2566 καίειν
831 2513 938 2586 πῢρ
999 2508 1052 2564 ἐν
1104 2507 1248 2583 πάσῃ
1298 2509 1368 2584 τῇ
1425 2506 1676 2580 κατοικία
1730 2505 1928 2561 αὐτῶν·

276 2605 444 2657 ταῦτα
494 2600 557 2655 τὸ
615 2597 875 2655 ἀδύνατον
931 2599 1006 2661 εἷς
1061 2600 1294 2675 τήρησιν
1325 2596 1414 2654 καὶ
1448 2592 1646 2674 ἀκριϐῆ
1679 2593 1930 2672 φυλακὴν

281 2689 498 2746 αὐτόθεν
562 2688 910 2768 ἐμφαίνοντα,
971 2685 1228 2743 ὑπόδικον
1279 2693 1428 2744 ποιεῖ
1480 2690 1551 2761 τῇ
1593 2686 1798 2762 κατάρᾳ
1840 2685 1930 2740 τὸν

285 2783 616 2855 σωματικῶς
649 2778 936 2834 ἀκούοντα.
970 2779 1062 2848 Mi}
1094 2783 1355 2842 κινεῖσθαι
1402 2779 1504 2854 γὰρ
1553 2777 1658 2832 ἀπὸ
1696 2781 1793 2832 τοῦ
1841 2773 1932 2829 τό-

279 2891 386 2925 που
414 2869 729 2943 ἀμήχανον,
761 2868 852 2923 καὶ
883 2872 985 2924 πᾶν
1037 2869 1098 2924 τὸ
1145 2866 1504 2942 ἐπαιρόμενον
1553 2867 1648 2922 κᾶν
1696 2863 1933 2944 ἐλαφρό-

277 2979 442 3016 τατον
469 2957 506 3032 ᾖ
536 2960 676 3032 (23),
711 2958 1001 3034 βάσταγμα
1042 2956 1278 3033 λέγεται,
1313 2958 1424 3012 οἷον
1479 2955 1720 3030 ἱμάτιον,
1751 2954 1787 3024 ἢ
1836 2950 1932 3029 ἄρ-

278 3068 401 3116 τος,
427 3045 464 3116 ή
491 3069 544 3101 τι
573 3051 680 3102 τῶν
713 3046 1040 3122 ἀναγκαίων.
1068 3044 1242 3103 Ἀλλὰ
1267 3045 1356 3100 καὶ
1388 3049 1495 3120 πῦρ
1525 3045 1695 3099 καίειν
1743 3042 1806 3098 οὐ
1853 3063 1936 3096 κε-

281 3134 471 3190 λεύει·
529 3135 828 3209 τουτέστιν,
879 3136 983 3190 ὑπὸ
1038 3138 1146 3189 τῶν
1201 3136 1390 3188 παθῶν
1443 3136 1544 3198 τῆς
1600 3133 1795 3205 σαρκὸς
1856 3131 1933 3203 μὴ

2108 993 2197 1049 30.
2229 999 2302 1048 At
2331 1011 2468 1050 vero
2521 994 2852 1067 thymiama
2881 996 3202 1068 corporale,
3255 998 3533 1070 quodque
3590 1013 3695 1054 na-

2038 1081 2192 1137 rium
2253 1084 2544 1140 meatibus
2603 1085 2883 1154 illabitur,
2953 1089 3011 1141 et
3053 1103 3296 1142 sensum
3343 1091 3692 1158 commovet,

2039 1171 2414 1244 optimojure
2444 1174 2494 1230 ei
2545 1173 2645 1246 qui
2689 1174 3074 1247 incorporalis
3125 1180 3233 1247 est,
3285 1175 3554 1232 habitum
3603 1181 3696 1233 est

2041 1277 2143 1332 pro
2176 1261 2628 1320 abominatione.
2683 1263 2832 1330 Quin
2864 1269 2922 1320 et
2965 1265 3300 1321 neomenias
3349 1283 3475 1339 quas
3519 1265 3694 1322 annis

2040 1353 2270 1408 aeternis
2309 1353 2498 1424 digna:
2531 1353 2671 1421 sint,
2717 1353 2838 1409 vult
2883 1353 3187 1426 Scriptura
3217 1372 3251 1410 a
3302 1355 3694 1425 prudentibus

2041 1439 2311 1512 intelligi,
2335 1458 2447 1496 non
2481 1446 2674 1498 autem
2708 1442 2860 1497 lunae
2892 1443 3200 1499 circuitum
3223 1443 3466 1517 triginta
3483 1444 3692 1500 diebus

2043 1534 2365 1600 peractum,
2397 1546 2526 1584 cum
2576 1531 2910 1600 assequitur
2953 1531 3158 1601 solem’,
3189 1536 3247 1589 et
3275 1550 3484 1588 rursus
3531 1549 3593 1589 se
3619 1533 3691 1589 ab

2043 1635 2110 1674 eo
2141 1618 2468 1676 submovet.
2504 1619 2651 1684 Quia
2679 1637 2811 1677 vero
2854 1620 3068 1677 Stultus
3096 1627 3158 1677 ut
3189 1622 3323 1679 tuna
3352 1625 3606 1677 mutatur
3620 1621 3688 1689 τε,
3733 1680 3743 1690 ,

2043 1708 2337 1780 signiﬁcat
2364 1709 2661 1780 Scriptura
2706 1709 2864 1765 hunc
2913 1711 2983 1766 ad
3032 1710 3223 1766 lucem
3275 1710 3349 1766 ab
3381 1709 3694 1782 insipiente

2046 1799 2335 1853 desertam
2394 1797 2674 1867 reditum,
2719 1798 2989 1871 hancque
3037 1815 3140 1872 per
3187 1799 3589 1872 pmnitentiam
3621 1799 3695 1855 ad

2041 1887 2354 1960 pristinum
2388 1891 2606 1942 statum
2639 1889 3219 1960 redintegrationem,
3244 1889 3295 1946 ei
3319 1890 3421 1963 qui
3443 1890 3692 1945 fratrum

2041 1976 2116 2032 sit
2147 1980 2376 2032 amator
2403 1993 2726 2048 eorumque
2772 1977 3033 2033 dolorem
3083 1978 3297 2050 doleat,
3329 1995 3434 2035 ceu
3474 1979 3690 2035 festum

2040 2066 2195 2120 diem
2229 2082 2376 2136 esse,
2410 2065 2650 2139 perinde
2681 2083 2746 2122 ac
2777 2067 2828 2123 si
2876 2067 3242 2124 neomeniam
3288 2067 3560 2138 celebret,
3602 2068 3690 2124 ni-

2045 2156 2257 2211 mirum
2289 2156 2420 2211 vitae
2451 2156 2507 2210 in
2538 2154 2667 2213 luce
2715 2157 2950 2229 agendas
3000 2156 3377 2230 principium.
3430 2161 3504 2215 At
3528 2162 3693 2232 post-

2044 2261 2220 2317 quam
2251 2244 2471 2300 stultus
2492 2244 2684 2301 lucem
2704 2262 2806 2318 per
2827 2262 2997 2302 suam
3019 2247 3090 2303 ad
3115 2247 3282 2318 pejus
3304 2247 3690 2304 mutationem

2045 2333 2390 2405 dereliquit:
2426 2350 2633 2390 rursus
2662 2351 2766 2406 per
2804 2335 3242 2392 conversionem
3277 2337 3348 2392 ad
3379 2337 3569 2410 ipsam
3601 2352 3698 2394 re-

2047 2423 2248 2479 currit.
2281 2422 2498 2479 Deinde
2544 2422 2690 2478 illud
2739 2423 2809 2479 de
2851 2423 3120 2480 Sabbatis
3151 2425 3283 2481 odio
3313 2425 3533 2482 habitis
3563 2424 3700 2504 licet

2049 2513 2274 2568 dicere:
2317 2513 2398 2568 Ne
2429 2514 2562 2585 quis
2585 2517 2776 2585 portet
2805 2513 3196 2582 sarcinam,et
3225 2531 3296 2570 ne
3325 2519 3489 2572 exeat
3510 2532 3544 2572 a
3574 2514 3700 2572 loco

2043 2620 2150 2660 suo
2171 2603 2249 2658 7°:
2285 2609 2357 2670 et,
2400 2619 2472 2659 ne
2501 2601 2607 2657 ulli
2656 2603 2981 2659 accendant
3014 2605 3205 2676 ignem
3239 2603 3298 2658 in
3331 2604 3493 2659 omni
3525 2604 3699 2660 habi-

2048 2693 2264 2747 tatione
2302 2692 2512 2748 sua“:
2546 2691 2667 2748 haec
2698 2709 2831 2748 cum
2866 2709 2981 2748 non
3016 2691 3247 2765 possint
3292 2693 3613 2760 observari,
3641 2697 3701 2750 et

2043 2785 2238 2837 tamen
2273 2782 2598 2838 secundum
2630 2781 2816 2853 ipsam
2848 2781 3104 2838 litteram
3136 2780 3328 2854 palam
3351 2782 3429 2838 sit
3456 2798 3524 2838 ea
3571 2797 3702 2840 esse

2046 2875 2314 2927 accurate
2360 2871 2740 2938 observanda,
2772 2887 2905 2927 eum
2940 2870 3144 2942 utique
3170 2873 3266 2942 qui
3313 2887 3382 2927 ea
3405 2872 3699 2944 corporali

2046 2977 2223 3015 sensu
2265 2959 2562 3030 intelligit,
2607 2959 3003 3016 maledictioni
3049 2959 3365 3016 obnoxium
3418 2962 3693 3020 reddunt.

2047 3049 2272 3104 Etenim
2309 3048 2430 3103 fieri
2455 3048 2678 3119 nequit,
2713 3052 2778 3102 ut
2807 3049 2940 3121 quis
2970 3065 3001 3104 θ
3029 3047 3155 3103 loco
3185 3065 3292 3105 suo
3326 3065 3440 3106 non
3473 3066 3698 3110 movea-

2047 3141 2180 3193 tur:
2217 3136 2355 3190 item
2390 3152 2564 3192 omne
2592 3136 2649 3191 id
2681 3137 2834 3208 quod
2881 3139 3163 3208 portatur,
3215 3137 3454 3193 tametsi
3498 3141 3588 3196 est
3615 3138 3694 3195 le-

286 3223 683 3303 ἀναφλέγεσθαι
711 3226 863 3298 (24)’
901 3225 978 3298 μὴ
1024 3222 1265 3297 ἐπαίρειν
1315 3219 1373 3276 δὲ
1426 3223 1745 3298 βάσταγμα·
1791 3240 1932 3274 τουτ-

2051 3225 2385 3293 vissimum,
2419 3225 2650 3280 sarcina
2696 3224 2931 3295 dicitur,
2981 3226 3231 3298 exempli
3264 3243 3464 3293 causa,
3495 3227 3696 3300 vestis,

289 3313 424 3384 ἐστι,
475 3315 552 3387 μή
612 3318 690 3386 τῷ
751 3313 902 3390 βάρει
959 3317 1059 3384 τῆς
1114 3311 1382 3387 ἁμαρτίας
1432 3308 1935 3389 καταφορτίζεσθαι,

279 3402 372 3459 καὶ
424 3409 527 3473 τῆς
585 3401 638 3456 ἐν
691 3406 806 3474 Θεῷ
863 3399 1131 3475 διαμονῆς
1189 3401 1265 3473 μῆ
1311 3398 1682 3474 μεθίστασθαι,
1722 3396 1937 3474 ἐδραῖον

285 3478 518 3566 μένοντα
549 3491 637 3545 καὶ
670 3489 1066 3563 ἀμετακίνητον
1101 3487 1153 3543 ἐν
1191 3492 1261 3562 τῇ
1310 3487 1509 3545 πίστει.
1540 3487 1694 3543 Οὕτω
1744 3485 1800 3542 δὲ
1845 3509 1934 3542 τε-

282 3567 566 3642 λειοῦντας
595 3581 663 3634 τὰ
695 3573 969 3648 Σάϐϐατα,
995 3576 1093 3634 ούκ
1139 3577 1189 3632 ἐν
1233 3581 1302 3652 τῇ
1349 3581 1458 3632 τῶν
1516 3581 1695 3633 κακῶν
1755 3575 1933 3653 ἀργίᾳ,

282 3668 412 3730 ἀλλ’
444 3668 494 3724 ἐν
525 3673 594 3744 τῇ
629 3670 816 3746 ἀποχῇ
846 3669 954 3725 τῶν
992 3667 1366 3741 καθηκόντων,
1397 3667 1621 3730 εἰκότως
1668 3667 1936 3741 ἀποστρέ-

283 3780 460 3839 φεται,
492 3758 582 3814 καὶ
623 3758 723 3814 οὐκ
779 3759 1030 3834 ἀνέχεται
1089 3756 1263 3812 αὐτῶν
1319 3757 1393 3819 ὡς
1443 3755 1936 3830 ψευδῶν.Τοιαῢτα

281 3849 386 3925 γάρ
444 3847 547 3903 εἶσι
604 3849 715 3922 (25)
773 3849 842 3902 τὰ
896 3847 1046 3921 παρὰ
1096 3850 1175 3918 τῷ
1223 3848 1484 3922 προφήτῃ
1534 3845 1937 3921 ταλανιζόμενα

285 3933 539 3994 Σάϐϐατα
571 3956 583 3970 °
645 3936 778 3992 Ούαὶ
832 3936 883 3991 οἳ
931 3933 1224 4013 ἐγγίζοντες
1293 3937 1382 3990 καὶ
1459 3937 1512 3991 o't
1570 3935 1936 4014 ἐφαπτόμενοι

283 4024 496 4102 ψευδῶν
563 4021 884 4084 Σαϐϐάτων.
947 4020 1202 4081 Σάϐϐατα
1260 4023 1317 4080 δὲ
1375 4024 1580 4098 ἀληθῆ,
1633 4028 1670 4096 ἡ
1717 4025 1937 4080 ἀποκει-

287 4117 424 4192 μένη
457 4115 752 4178 ἀνάπαυσις
778 4120 859 4188 τῷ
889 4113 1010 4188 λαῷ
1037 4119 1135 4170 τοῦ
1162 4117 1296 4171 Θεοῦ
1324 4133 1336 4146 °
1371 4116 1504 4192 ἅπερ
1546 4112 1634 4170 διὰ
1677 4116 1740 4171 τὸ
1789 4115 1932 4187 ἀλη-

285 4207 409 4272 θινὰ
455 4206 590 4262 εἶναι
641 4207 892 4283 ἀνέχεται
925 4205 954 4260 6
1000 4205 1151 4267 Θεός.
1189 4204 1290 4262 Καὶ
1340 4203 1524 4284 φθάνει
1572 4226 1634 4282 γε
1685 4203 1770 4260 ἐπ’
1798 4204 1936 4260 ἐκεῖ·

281 4317 350 4351 να
407 4295 474 4351 τὰ
533 4290 790 4351 Σάϐϐατα
868 4302 968 4365 τῆς
1028 4293 1400 4366 ἀναπαύσεως,
1458 4295 1584 4370 παρ’
1635 4295 1681 4368 ᾦ
1740 4295 1768 4350 6
1826 4297 1939 4369 ('36)

283 4387 493 4459 κόσμος
523 4384 878 4460 ἐσταύρωται,
911 4383 1148 4447 ἀποστὰς
1182 4381 1441 4455 δηλονότι
1470 4388 1579 4439 τῶν
1635 4389 1935 4457 κοσμικῶν,

283 4477 376 4532 καὶ
431 4473 518 4530 ἐπὶ
575 4474 668 4529 τὸν
731 4470 871 4529 ἴδιον
931 4473 1096 4529 τόπον
1151 4479 1251 4543 τῆς
1279 4476 1649 4547 πνευματικῆς
1695 4472 1939 4528 ἀναπαύ-

2046 3314 2132 3370 vel
2163 3313 2360 3387 panis,
2392 3314 2478 3369 vel
2527 3313 2801 3385 qualibet
2830 3331 2922 3370 res
2953 3314 3304 3370 necessaria.
3338 3315 3488 3382 Quin
3518 3317 3699 3375 etiam

2044 3404 2227 3476 jubet,
2267 3408 2332 3458 ut
2360 3420 2433 3460 ne
2462 3402 2659 3476 ignem
2691 3405 3110 3460 accenderent:
3163 3404 3271 3460 hoc
3303 3409 3415 3474 est,
3467 3423 3540 3472 ne
3566 3407 3702 3480 quis

2045 3493 2202 3548 sinat
2232 3508 2294 3548 se
2325 3510 2356 3548 a
2401 3492 2595 3548 carnis
2635 3492 3058 3564 cupiditatibus
3107 3494 3309 3549 exuri:
3371 3511 3581 3552 rursus
3629 3513 3702 3554 ne

2044 3581 2179 3652 quis
2208 3582 2374 3638 tollat
2395 3581 2712 3653 sarcinam,
2741 3581 2800 3637 id
2845 3586 3031 3638 estut
3059 3598 3130 3639 ne
3178 3585 3434 3656 pondere
3479 3586 3704 3657 peccati

2045 3674 2416 3744 degravetur,
2477 3688 2581 3726 nec
2631 3670 2690 3725 in
2736 3671 2852 3726 Deo
2913 3687 3254 3743 permanere
3296 3675 3699 3748 supersedeat,

2044 3763 2143 3819 sed
2173 3759 2800 3831 ﬁrmusimmotusque
2827 3759 2886 3815 in
2918 3760 3033 3816 fide
3064 3766 3412 3833 perseveret.
3446 3763 3705 3830 Sabbata

2045 3857 2240 3908 autem
2271 3849 2370 3921 qui
2403 3849 2488 3904 sic
2518 3848 2852 3921 perﬁciunt,
2887 3866 3001 3905 non
3034 3854 3101 3906 ut
3133 3850 3204 3907 ab
3244 3851 3539 3924 improbis
3561 3868 3698 3931 cpe-

2043 3940 2209 3996 ribus
2258 3937 2564 4004 desistant,
2590 3937 2689 3993 sed
2725 3942 2790 3992 ut
2831 3937 3165 3995 abstineant
3195 3939 3622 4014 discedantque
3666 3958 3701 3998 a

2044 4045 2152 4086 suo
2183 4027 2397 4095 ofﬁcio,
2447 4027 2554 4082 hos
2605 4027 2812 4082 merito
2866 4031 3172 4084 aversatur
3220 4032 3392 4102 Deus,
3424 4047 3532 4100 nec
3570 4031 3703 4106 ipsa

2046 4119 2303 4176 Sabbata
2331 4116 2542 4172 tolerat
2571 4121 2853 4188 tanquam
2882 4117 3192 4174 mendacia
3225 4123 3283 4174 et
3309 4118 3476 4186 falsa.
3509 4119 3707 4196 Enim-

2047 4223 2183 4263 vero
2213 4206 2500 4262 deﬂentur
2531 4222 2564 4260 a
2602 4205 2890 4276 propheta
2935 4206 3227 4278 ejusmodi
3278 4208 3534 4266 Sabbata
3567 4227 3582 4267 :
3618 4211 3704 4269 Vss

2049 4298 2144 4370 qui
2174 4297 2621 4367 appropinquant
2650 4303 2706 4350 et
2731 4297 3017 4366 attingunt
3047 4295 3283 4353 Sabbata
3311 4297 3602 4356 mendacia
3618 4297 3661 4334 ⁸¹
3687 4299 3702 4355 l

2050 4383 2318 4458 Seposita
2352 4388 2542 4439 autem
2602 4382 2703 4437 Dei
2731 4383 2946 4455 populo
2991 4382 3226 4450 requies
3273 4385 3537 4448 Sabbata
3569 4401 3710 4446 vera

2050 4479 2211 4544 sunt,
2246 4490 2371 4545 quae
2420 4475 2576 4545 quod
2609 4489 2744 4528 vera
2795 4473 2936 4542 sint,
2987 4477 3154 4546 grata
3199 4473 3377 4532 habet
3422 4475 3601 4533 Deus.
3637 4477 3709 4549 Et

285 4585 422 4627 σεως
453 4565 812 4636 καταντήσας,
845 4561 896 4617 ἐν
950 4563 1030 4625 οἷς
1077 4563 1105 4618 6
1150 4560 1440 4638 γενόμενος
1487 4561 1665 4618 ούκέτι
1715 4565 1932 4634 κινηθή-

2051 4569 2207 4621 certe
2232 4563 2324 4618 cui
2344 4563 2604 4618 mundus
2626 4562 2938 4618 crucifixus
2959 4562 3122 4633 esl,is
3155 4564 3226 4618 ad
3251 4563 3352 4621 illa
3375 4565 3707 4643 spiritualis

287 4675 433 4710 σεται
482 4653 589 4708 ἀπὸ
627 4656 724 4708 τοῦ
772 4649 914 4707 ἲδίου
965 4649 1162 4722 τόπου,
1219 4649 1455 4726 ἡσυχίας
1507 4652 1596 4705 καὶ
1656 4651 1932 4728 ἀταραξίας

2053 4651 2333 4726 requietis
2362 4653 2612 4707 Sabbata
2644 4651 2928 4724 pervenit,
2954 4667 3088 4708 eum
3116 4670 3152 4707 a
3181 4653 3356 4711 rebus
3387 4655 3706 4726 mundanis

285 4741 410 4818 περὶ
462 4743 560 4812 τὴν
617 4740 941 4797 κατάστασιν
994 4737 1206 4807 ἐκείνην
1267 4738 1646 4814 ὑπαρχούσης.
1679 4742 1778 4794 Καὶ
1832 4745 1938 4817 πῦρ

361 4862 406 4897 τε
436 4861 488 4918 ΙΙ
517 4862 646 4919 Cor.
678 4878 743 4931 ιι,
779 4861 865 4917 15.
925 4859 987 4895 ·“¹’¹
1019 4857 1160 4914 ibid.
1188 4858 1274 4914 14.

2055 4742 2384 4809 recesserit,
2419 4746 2592 4814 atque
2623 4743 2691 4797 ad
2733 4740 3034 4814 proprium
3068 4743 3223 4798 404
3265 4743 3480 4816 quietis
3508 4745 3701 4802 locum

1353 4858 1395 4893 ⁷⁸
1435 4857 1611 4917 Eccli.
1643 4875 1820 4930 xxvu,
1856 4861 1940 4915 12.
2018 4861 2063 4896 ⁷ο
2100 4861 2278 4917 Exod.
2310 4877 2478 4931 xxxv,
2499 4860 2552 4915 3.
2613 4860 2660 4894 ⁸ο
2687 4859 2901 4916 Jercm.
2935 4877 3075 4928 xvu,
3115 4861 3204 4918 27.
3261 4861 3304 4898 ⁸¹
3336 4866 3518 4921 Amos
3545 4881 3626 4935 v1,
3646 4865 3702 4922 3.

359 4985 474 5056 (20)
509 4981 668 5056 Editi
717 4998 852 5040 cum
913 4979 1102 5037 tribus
1133 4996 1300 5049 mss.,
1337 4976 1389 5035 έν
1445 4980 1604 5051 ἡμῖν.
1664 4979 1776 5036 Alii
1824 4984 1932 5037 tre:

2053 4978 2632 5056 καὶ-μῆηέξέρχεσθαω
2652 4979 2824 5036 Deest
2969 4979 3028 5056 in
3044 4981 3252 5056 editis.

289 5052 575 5111 omittunt
603 5052 679 5110 ἐν.

361 5126 472 5198 (21)
502 5127 672 5200 Editi,
692 5119 1167 5200 6).}.otob'tar'cﬁv
1195 5121 1331 5195 πρὸς
1359 5121 1440 5200 τὸΔ
1459 5119 1562 5184 ῶςέ
1608 5118 1882 5200 φπάνοδον
1914 5121 1942 5175 6

291 5191 498 5270 ἄφρων,
527 5197 618 5254 καὶ
646 5191 745 5266 τὴν
782 5191 873 5250 διὰ
910 5191 1248 5270 μετάνοιαν-⁷
1287 5195 1442 5270 quod
1477 5191 1631 5251 cum.
1663 5195 1941 5251 vitiosum

289 5265 392 5344 sit,
426 5271 652 5338 putavit
677 5265 1069 5344 Combefisius
1098 5265 1269 5344 illud,
1303 5265 1569 5344 ὁΑ-αφρων,
1601 5283 1940 5344 expungen-

289 5341 431 5395 dum
464 5356 615 5413 esse,
644 5345 928 5413 tanquam
959 5339 1156 5413 inepte
1186 5339 1521 5413 repetitum,
1553 5344 1628 5413 et
1658 5339 1941 5413 explendo

289 5411 490 5469 sensui
524 5430 558 5468 a
585 5411 894 5469 Tilmafnno
924 5411 1215 5468 additum.
1264 5411 1374 5466 Sed
1404 5412 1495 5467 vir
1533 5411 1743 5468 doctus
1773 5411 1943 5467 aliter

292 5483 631 5555 iudicasset,
656 5484 706 5540 si
737 5484 966 5540 codices
987 5499 1127 5539 suos
1148 5482 1386 5555 legisset
1407 5483 1775 5549 altentius,in
1809 5483 1938 5555 qui-

316 5498 631 5552 ualcasset,
656 5502 706 5540 ει
737 5498 966 5540 comces
987 5499 1127 5539 suos
1148 5498 1201 5538 te
1245 5498 1386 5538 Isset
1407 5498 1775 5549 attentius,1n
1809 5501 1935 5555 qui-

279 5501 424 5625 lius,
461 5561 520 5612 et
549 5559 608 5612 in
642 5555 775 5612 aliis
808 5561 1079 5628 quatuor,
1112 5498 1458 5628 itaﬁegitur,
1492 5557 1578 5611 uti
1620 5556 1935 5628 edidimus.

361 5624 474 5700 (22)
506 5629 746 5702 Codices
766 5624 908 5702 tres,
926 5626 1020 5702 τὸΔ
1047 5624 1220 5702 χείρω
1261 5624 1457 5702 ῥοπήψ
1507 5628 1635 5700 lege
1674 5627 1785 5702 τά,Δ
1813 5632 1939 5702 Mpx

361 5646 474 5700 (zz;
506 5646 746 5686 uomces
766 5646 908 5695 tres,
937 5646 1000 5682 το
1092 5646 1220 5699 ειρω
1261 5646 1457 5702 ροπην’
1508 5646 1635 5700 lege
1674 5646 1760 5681 τα.
1813 5646 1936 5683 mox

291 5704 407 5756 tres
435 5718 602 5769 mss.,
637 5699 756 5771 ἑξῆς
791 5697 873 5756 ἄν.
919 5646 1238 5772 Εάἱῐέοιιιιι
1276 5703 1414 5770 Reg.
1445 5702 1638 5768 tertio,
1672 5698 1721 5772 ig
1751 5698 1820 5768 ἧς
1851 5694 1936 5756 ἄν.

293 5772 553 5833 Subinde
584 5770 704 5833 tres
734 5790 908 5844 mss.,
939 5771 1118 5852 φέρειν
1171 5770 1479 5850 βάσταγμα.
1513 5770 1735 5834 Ibidem
1765 5788 1939 5844 mss.,

2146 5053 2237 5125 23)
2259 5054 2351 5107 Sic
2373 5051 2525 5125 mss.
2559 5051 2804 5124 aliquot.
2835 5051 3014 5125 Editi,
3038 5051 3124 5120 ἦν.

2149 5121 2239 5212 illi)
2272 5125 2354 5212 ita
2384 5121 3515 5212 quinque—mss...Atpditiﬁyﬁpecpal,
3547 5127 3705 5212 haud

2053 5193 2230 5272 recte.
2260 5193 2573 5272 Aliquanto
2607 5201 2739 5272 post
2768 5194 2954 5270 aliqui
2972 5193 3148 5272 mss.,
3173 5193 3231 5272 _lv
3251 5193 3320 5272 τῇ
3352 5193 3532 5254 πίστει
3561 5197 3706 5257 οὕτω

2048 5265 2386 5328 τελοῦνταςῖ
2401 5269 2574 5325 Deest
2604 5265 2657 5321 ἐν
2691 5269 2748 5322 in
2787 5265 3020 5325 excusis
3051 5269 3241 5326 libris.

2123 5342 2235 5413 (25)
2266 5341 2501 5411 Aliquot
2529 5357 2714 5413 mss.,
2741 5338 2892 5413 ἐστι.
2937 5344 3066 5396 Mox
3113 5341 3358 5398 nonnuli
3411 5357 3583 5413 mss.,
3614 5344 3707 5413 καὶ

2051 5410 2103 5488 gi
2133 5409 2460 5488 teipeerat
2493 5411 2545 5488 et
2579 5415 2636 5488 in
2661 5411 2856 5468 editis.
2880 5413 3104 5488 _Statim
3138 5414 3322 5486 aliqui
3355 5431 3525 5485 mss.,
3559 5409 3703 5473 Σάϐ-

2050 5476 2540 5571 ϐατέηδὶῆάληθινὰ
2567 5483 2988 5571 ἡΙπροκειμένη,
3017 5476 3296 5571 proposita
3324 5476 3559 5571 requie}.

2123 5557 2236 5628 (26)
2265 5558 2357 5613 Sic
2402 5555 2669 5628 nonnulli
2719 5572 2863 5628 mss.
2909 5555 3089 5628 Abest
3118 5555 3165 5610 ’ὁ
3196 5558 3269 5614 ab
3312 5555 3506 5616 editis.
3543 5560 3706 5618 Alter

2046 5626 2331 5752 gomet,
2363 5627 2509 5702 παρὰ
2551 5628 2600 5682 ὁ.
2653 5631 2771 5684 Ηοο
2813 5627 2940 5699 ἱρεο
2991 5627 3052 5683 ἱιι
3103 5628 3230 5687 loco
3260 5631 3377 5688 duo
3408 5648 3576 5700 mss.,
3608 5633 3700 5688 καὶ

2083 5717 2305 5752 ποστας.

2083 5717 2305 5760 ποστας.
