4130 6376
435 432 552 494 1Ἷ9
1271 448 1279 457 ·
1368 429 1771 492 APPENDIX
1813 426 2145 491 OPERUM
2190 426 2255 489 8.
2302 426 2590 489 BASILII
2634 426 2911 490 MAGNI.
3752 435 3875 497 180

435 562 778 621 accesserit:
811 562 1100 637 quibusin
1135 561 1405 619 Sabbatis
1435 562 1540 635 qui
1571 566 1840 619 versatus
1890 560 2088 628 fuerit,
2120 606 2129 629 λ

2245 558 2271 612 ὖ
2303 557 2489 613 καύσει
2545 557 2596 614 ἐν
2655 562 2725 633 τῇ
2783 558 2979 632 αίωνίᾳ
3154 562 3487 635 κατοικήσει,
3517 559 3607 619 διὰ
3661 566 3724 621 τὸ
3786 566 3869 639 μὴ

435 670 554 712 non
590 652 845 725 amplius
879 652 1207 709 movebitur
1233 669 1266 708 a
1292 669 1400 709 suo
1430 652 1577 709 loco.
1612 651 2096 724 Quandoquidem

2245 647 2623 721 πικομίζεσθαι
2671 646 2812 719 ὕλην
2857 652 2964 724 πῦρ
3019 651 3381 725 άνάπτουσαν,
3432 650 3586 722 ξύλα,
3640 654 3873 729 χόρτον,

436 742 608 816 quies
636 741 1228 815 tranquillitasquein
1262 741 1363 798 illo
1394 747 1551 798 statu
1585 742 1875 798 consistit.
1898 745 2099 812 Neque

2245 734 2491 811 αλάμην.
2526 738 2622 792 Καὶ
2660 738 2948 814 βάσταγμα
2978 740 3081 794 οὐκ
3110 740 3231 816 ἀρεῖ
3260 742 3289 796 6
3323 743 3401 814 μὴ
3433 740 3577 819 ἔχων
3631 744 3694 798 τὸ
3735 743 3875 822 βαρὺ

431 832 631 905 ignem
677 830 953 886 accendet
993 829 1052 884 in
1094 832 1312 885 aeterna
1359 829 1743 896 habitatione,
1795 832 2101 902 propterea

2252 824 2433 901 ορτίον
2473 834 2572 897 τῆς
2632 827 2865 901 ἀνομίας
2922 828 3069 902 αύτῷ
3128 831 3493 905 ἐπικείμενον,
3545 828 3673 888 ἀλλ’
3703 828 3878 896 ὅντως

439 920 595 994 quod
629 918 935 975 materiam
987 934 1116 990 quae
1153 917 1347 990 ignem
1402 918 1690 988 accendit,
1723 934 1838 973 non
1871 916 2096 986 afferat,

2245 910 2472 970 Σάϐϐατα
2499 916 2739 995 τρυφερὰ
2769 916 3152 976 ἀναπαύσεται.

436 1009 621 1082 ligna,
680 1008 902 1075 fenum,
935 1006 1240 1079 stipulam.
1273 1007 1391 1063 Nec
1415 1007 1579 1063 tollet
1610 1007 1901 1063 sarcinam
1931 1005 2004 1076 is,
2038 1004 2140 1077 qui
2173 1005 2338 1063 nullo
2367 1008 2589 1081 peccati
2616 1010 2874 1080 pondere
2905 1008 3016 1065 sibi
3048 1009 3423 1083 impendente
3453 1018 3884 1086 praegravatur,

437 1097 553 1153 imo
582 1112 717 1152 vere
744 1095 803 1152 in
834 1096 1108 1152 Sabbatis
1139 1095 1483 1151 deliciarum
1517 1099 1759 1152 acturus
1787 1094 1973 1151 otium
2005 1098 2115 1150 est.

511 1186 645 1258 (31).
678 1188 859 1241 Porro
890 1201 995 1257 pro
1028 1201 1242 1255 magna
1269 1184 1365 1241 die
1386 1184 1736 1257 interpretes
1752 1184 1961 1256 reliqui
1985 1183 2110 1239 red-

2292 1185 2382 1239 31.
2413 1184 2559 1239 Ἀντὶ
2604 1179 2662 1239 δὲ
2690 1189 2791 1253 τῆς
2818 1182 3070 1261 μεγάλης
3108 1184 3321 1262 ἡμέρας
3369 1187 3426 1241 οἱ
3484 1185 3675 1244 λοιποὶ
3732 1188 3884 1248 ἔκδε-

444 1273 748 1341 diderunt,
800 1278 1078 1329 vocatam.
1141 1273 1465 1329 Theodotio
1523 1273 1797 1345 quidem,
1860 1273 2112 1329 i’ocatam

2245 1269 2451 1339 ῖώκασι,
2484 1270 2716 1343 κλητήν.
2749 1273 2811 1330 Ὁ
2875 1273 3060 1346 μέντοι
3287 1272 3618 1346 Θεοδοτίων,
3664 1276 3889 1351 Κλητὴν

443 1370 802 1421 convocata":
848 1378 960 1419 non
1006 1365 1125 1435 fero
1150 1380 1170 1418 :
1215 1363 1604 1435 Symmachus
1650 1379 1810 1429 vero,
1850 1363 2111 1419 Vocatam

2245 1358 2522 1431 ιπίκλητον
2584 1359 2683 1415 οὐκ
2739 1359 3009 1437 ἆνίχομαι
3046 1380 3059 1394 ⁸
3122 1363 3150 1417 6
3210 1360 3268 1418 δὲ
3328 1364 3671 1442 Σύμμαχος,
3721 1366 3888 1440 Κλη-

446 1454 895 1511 convocationem
923 1469 1034 1537 non
1086 1454 1286 1524 feram.
1340 1452 1505 1508 Unde
1553 1453 1963 1509 existimamus
1997 1469 2113 1507 non

2245 1450 2323 1517 τὴν
2384 1447 2674 1521 ἑπικλησιν
2734 1450 2838 1505 οὐκ
2893 1450 3354 1524 ἀνέξομαι.”Οθεν
3415 1452 3749 1530 λογιζόμεθα
3805 1460 3886 1531 μή

446 1558 633 1600 unam
687 1542 847 1598 diem
897 1540 1254 1614 peculiarem
1310 1541 1530 1597 dictam
1583 1541 1766 1596 fuisse
1815 1557 2113 1611 magnam,

2245 1538 2354 1591 ιίαν
2390 1538 2659 1615 ἑξαίρετον
2712 1537 2958 1614 μεγάλην
3008 1540 3294 1614 εἰρῆσθαι·
3352 1541 3498 1599 ἀλλὰ
3552 1550 3725 1601 πᾶσαν
3784 1549 3889 1618 τὴν

449 1633 555 1691 sed
584 1648 823 1689 omnem
847 1649 973 1706 qua:
993 1641 1184 1689 vocata
1207 1631 1563 1705 appellatur.
1582 1632 1681 1688 Ait
1709 1631 1866 1688 enim
1898 1633 1970 1687 de
1992 1649 2115 1704 azy-

2245 1633 2717 1703 τροαγορευθεῖσαν
2766 1631 2879 1703 (29)
2943 1627 3182 1701 κλητήν.
3244 1632 3377 1707 Περὶ
3433 1633 3535 1709 γὰρ
3591 1638 3698 1690 τῶν
3758 1636 3892 1707 ἀζύ-

453 1724 610 1782 mis:
646 1725 840 1780 Prima
868 1724 1119 1795 celebris,
1162 1725 1295 1794 quia
1342 1732 1534 1779 sancta
1564 1724 1676 1779 erit
1721 1722 1877 1778 vobis
1905 1723 1983 1791 ⁸²ς
2016 1727 2073 1777 et
2101 1740 2115 1779 :

2245 1737 2350 1771 ιων
2410 1716 2601 1793 φησὶν,
2657 1718 2720 1772 Ἡ
2771 1718 2963 1790 πρώτη
3024 1717 3342 1791 ὲπίκλητος,
3396 1720 3480 1776 δτι
3566 1723 3691 1798 ἁγία
3738 1723 3893 1782 ἔσται

457 1813 583 1870 Dies
610 1811 845 1886 septima
888 1813 1080 1868 vocata
1111 1815 1303 1868 sancta
1350 1813 1458 1867 erit
1507 1812 1657 1867 vobis
1677 1811 1759 1878 3’;
1802 1816 1860 1867 et
1894 1814 2000 1867 Die
2026 1826 2120 1866 se-

2245 1805 2390 1878 ὂμῖν·
2426 1807 2538 1875 καὶ,
2607 1807 2668 1861 Ἡ
2726 1805 2910 1883 ἡμίρα
2966 1810 3001 1877 ἡ
3050 1802 3265 1882 ἑϐδόμη
3320 1808 3501 1883 κλητὴ
3561 1813 3687 1890 ἁγία
3743 1809 3888 1872 ἔσται

459 1901 599 1958 timo
653 1916 943 1971 novorum,
994 1900 1213 1973 quando
1258 1901 1493 1973 oﬂeritis
1540 1899 1777 1957 hostiam
1819 1900 2117 1956 hebdoma-

2245 1894 2387 1966 ὂμῖν·
2429 1894 2561 2003 Ικαὶ,
2623 1897 2707 2003 Τῇ
2757 1897 2941 2003 by.th
2994 1899 3063 1971 τῇ
3124 1895 3334 2003 ὲξδβεὶμῃ
3382 1904 3489 2003 τῶν
3544 1900 3703 1973 νέων,
3764 1904 3888 1961 ὅταν

460 1990 615 2057 dum,
646 1989 877 2048 celebris
906 1993 1098 2046 sancta
1126 1992 1243 2046 erit
1262 1990 1412 2046 vobis
1427 1990 1505 2058 ⁸⁴;
1539 1994 1598 2045 et
1621 2005 1866 2046 rursus:
1900 1991 2128 2046 Decima

2245 1984 2584 2062 προσφέρητε
2666 1984 2849 2039 θυσίαν
2953 1989 3062 2041 τῶν
3167 1982 3528 2063 ἑϐδομάδων,
3597 1990 3897 2064 ἐπίκλητος

467 2081 689 2153 septimi
732 2081 940 2137 mensis
995 2079 1180 2151 hujus,
1233 2079 1464 2136 celebris
1507 2083 1699 2136 sancta
1747 2079 1852 2136 erit
1882 2079 2032 2136 vobis
2058 2079 2124 2133 ⁸⁸.

466 2173 671 2243 Itaque
702 2169 994 2243 plurimos
1023 2169 1148 2226 dies
1196 2169 1400 2226 eodem
1450 2168 1689 2224 nomine
1730 2171 2125 2241 nuncupatos,

464 2263 588 2320 imo
632 2278 841 2320 omnes
894 2263 1012 2319 fere
1062 2260 1321 2319 celebres
1379 2260 1537 2334 leges
1577 2260 1982 2318 solemnitates
2023 2277 2128 2332 per

461 2367 643 2409 unam
676 2356 733 2408 et
758 2353 1028 2409 eamdem
1051 2367 1251 2408 vocem
1274 2349 1530 2408 aversari
1548 2350 1795 2406 videtur.
1820 2349 1924 2406 His
1945 2350 2126 2424 igitur

461 2440 719 2513 rejectis,
754 2438 989 2513 qualem
1028 2439 1235 2513 recipit
1264 2443 1320 2497 et
1367 2440 1625 2513 probat?
1675 2439 1842 2495 Illam
1875 2440 1947 2494 de
1977 2456 2120 2511 qua-

460 2529 686 2586 dictum
741 2533 871 2584 est:
926 2529 1080 2585 Diem
1128 2530 1350 2585 Domini
1387 2545 1647 2600 magnam
1667 2529 1733 2593 ⁸⁸,
1779 2544 1957 2599 quam
2004 2544 2119 2583 non

460 2618 750 2692 producet
778 2618 875 2674 hic
906 2618 991 2674 sol
1020 2617 1342 2685 sensibilis,
1376 2619 1477 2675 sed
1512 2635 1690 2689 quam
1720 2616 1998 2673 exoriens
2019 2618 2119 2689 ju-

463 2706 640 2765 stitim
672 2706 759 2763 sol
803 2706 1165 2765 illustrabit:
1217 2723 1344 2779 quas
1393 2723 1512 2761 una
1569 2706 1682 2762 erit
1726 2711 1784 2761 et
1819 2706 2119 2773 continua,

466 2794 562 2854 cui
593 2812 708 2852 non
740 2795 1001 2853 succedit
1030 2813 1165 2863 nox,
1197 2796 1299 2852 scd
1330 2796 1401 2851 ad
1435 2812 1608 2852 omne
1639 2811 1827 2851 cavum
1866 2811 1996 2851 sese
2026 2811 2125 2851 ex-

465 2883 680 2941 tendit.
714 2884 863 2941 Vere
905 2883 1088 2956 igitur
1114 2890 1172 2941 et
1203 2884 1436 2958 proprie
1468 2900 1684 2957 magna
1728 2889 1818 2941 est
1846 2883 1972 2940 dies
2000 2883 2122 2940 illa.

467 2976 741 3030 Attanem
787 2973 989 3030 Judzes
1045 2973 1302 3031 carnalis
1352 2974 1410 3028 in
1444 2973 1538 3029 his
1585 2989 1859 3046 magnam
1893 2972 2123 3045 querit,

469 3077 621 3136 quas
651 3061 863 3118 beatus
908 3062 1089 3119 Jacob
1123 3078 1333 3135 parvas
1382 3077 1513 3119 esse
1542 3066 1599 3117 et
1646 3060 1832 3118 malas
1863 3061 2126 3117 afﬁrma-

464 3151 549 3207 vit
577 3151 642 3205 '7.
672 3153 955 3207 Czeterum
1009 3155 1263 3224 quatuor
1291 3156 1433 3208 sunt
1463 3168 1667 3208 eorum
1699 3169 1830 3224 quae
1862 3166 2124 3207 comme-

2237 2072 2367 2148 ἁγία
2421 2071 2567 2128 ἔσται
2630 2073 2794 2146 ὑμῖνο
2826 2074 2917 2129 καὶ
2958 2072 3148 2143 πάλιν,
3206 2080 3283 2152 Τῇ
3340 2075 3533 2155 δεκάτῃ
3580 2084 3678 2136 τοῦ
3737 2077 3896 2139 ἑϐδό-

2239 2183 2345 2235 μου
2406 2163 2581 2236 μηνὸς
2644 2161 2883 2237 τούτου,
2946 2163 3243 2235 ἐπίκλητος
3314 2167 3440 2243 ἁγία
3518 2167 3666 2225 ἔσται
3743 2172 3892 2246 ὑμῖν.

2235 2252 2448 2307 Ἔοικεν
2509 2249 2600 2307 οὖν
2663 2249 2754 2307 διὰ
2812 2258 2939 2326 μιᾶς
2996 2260 3185 2331 φωνῆς
3240 2254 3457 2319 πολλὰς
3515 2263 3893 2334 παραιτεῖσθαι

2210 2340 2446 2427 ,ἡμέρας
2486 2339 2582 2404 τὰς
2630 2346 2710 2414 τῷ
2759 2341 2906 2413 αὐτῷ
2955 2341 3187 2419 ὁνόμαρι
3237 2347 3609 2421 κεχρημένας,
3641 2350 3732 2404 καὶ
3769 2371 3892 2427 σχε-

2233 2426 2323 2484 δὸν
2353 2431 2525 2491 πάσας
2570 2431 2665 2493 τὰς
2726 2430 3032 2505 ἐπισήμους
3085 2433 3275 2507 ἑορτάς
3331 2434 3383 2491 ἐν
3424 2441 3506 2509 τῷ
3534 2439 3707 2513 νόμῳ,
3738 2426 3883 2495 Tagi-

2228 2541 2324 2581 τας
2356 2518 2449 2574 οὖν
2497 2518 2954 2595 παραιτούμενος,
2995 2522 3155 2576 ποίαν
3201 2525 3316 2596 (30)
3357 2520 3613 2601 δὲχεται;
3646 2527 3775 2605 Περὶ
3818 2532 3887 2600 ἧς

2231 2605 2445 2681 εἴρηται
2475 2626 2488 2639 ·
2533 2609 2647 2677 Τὴν
2707 2610 2920 2685 ἡμέραν
2966 2611 3166 2686 Κυρίου
3208 2614 3309 2683 τήν
3358 2613 3631 2690 μεγάλην,
3682 2619 3744 2687 ἣν
3790 2618 3884 2674 οὗ-

2230 2696 2294 2773 χὶ
2334 2697 2363 2752 6
2413 2697 2671 2768 αἰσθητὸς
2726 2699 2883 2760 οὗτος
2933 2695 3099 2769 ἣλιος
3152 2703 3397 2776 ποιήσει,
3454 2701 3583 2759 ἀλλ’
3638 2705 3881 2779 ἀνατολὴ

2230 2790 2328 2841 τοῦ
2377 2792 2478 2856 τῆς
2530 2783 2877 2857 δικαιοσύνης
2934 2786 3102 2857 ἡλίου
3160 2791 3544 2867 καταφωτίσει,
3604 2794 3727 2864 ἥτις
3789 2796 3887 2871 μία

2234 2872 2378 2932 ἔσται
2430 2875 2520 2931 καὶ
2584 2873 2879 2949 διηνεκὴς,
2935 2874 3199 2955 διάδοχον
3271 2878 3437 2935 νύκτα
3499 2882 3575 2955 μὴ
3637 2879 3885 2961 ἔχουσα,

2236 2962 2382 3022 ἀλλὰ
2423 2970 2505 3039 τῷ
2554 2964 2709 3020 αθῶνι
2761 2967 2918 3021 παντί
2976 2971 3570 3044 συμπαρεκτεινομένη.
3628 2971 3886 3045 ’Δληθῶς

2239 3056 2335 3129 μὶν
2386 3053 2477 3110 οὖν
2535 3056 2622 3111 καὶ
2664 3057 2866 3132 κυρίως
2920 3056 3133 3133 μεγάλη
3183 3060 3218 3129 ἡ
3260 3059 3443 3136 ἡμέρα
3483 3059 3680 3133 ἐκείνη.
3714 3064 3771 3117 Ὅ
3830 3060 3889 3119 δὲ

2236 3145 2546 3218 σωματικὸς
2579 3142 2840 3211 Ἰουδαῖος
2896 3147 2946 3202 ὲν
3005 3147 3226 3209 ταύταις
3281 3151 3434 3217 ζητεῖ
3494 3150 3606 3224 (31)
3645 3152 3746 3219 τὴν
3796 3172 3891 3226 με·

467 3247 705 3297 ωοιιαιω
753 3245 895 3297 sunt
937 3240 1317 3296 differentiis:
1351 3240 1469 3297 alia
1513 3258 1684 3313 vana,
1732 3258 1862 3314 quae
1905 3240 2128 3297 scilicet

2245 3233 2440 3309 γάλην,
2473 3235 2597 3310 περὶ
2642 3235 2716 3290 ὧν
2777 3236 2806 3289 6
2860 3237 3125 3312 μακάριος
3169 3231 3365 3293 Ἰακὼῦ
3418 3238 3754 3317 ἀπεφήνατο,
3809 3239 3895 3297 ὅτι

467 3330 587 3387 ritu
619 3329 864 3387 Judaico
908 3330 1335 3388 observantur:
1384 3331 1781 3387 abominanda
1829 3330 1979 3387 alia:
2013 3330 2129 3387 alia

2245 3304 2436 3400 μικραὶ
2466 3304 2557 3378 καί
2588 3323 2827 3399 πονηραί
2859 3304 2983 3379 εἰσι.
3009 3304 3286 3401 ’Τέσσαρες
3336 3323 3394 3381 δέ
3453 3304 3555 3383 εἶσι
3584 3304 3708 3384 ’τῶν
3739 3304 3894 3403 ,μνη-

466 3418 881 3476 intoleranda:
927 3423 1138 3491 quarto
1196 3419 1312 3476 alia
1341 3424 1484 3476 sunt
1538 3421 1765 3493 odiosa,
1815 3420 2035 3493 quibus
2072 3425 2132 3477 et

466 3508 664 3581 ipsum
686 3507 1025 3565 Judaaorum
1042 3510 1340 3581 jejunium
1360 3510 2130 3582 adjungitur.Quemadmo-

470 3599 615 3655 dum
645 3597 828 3671 igitur
875 3604 933 3655 et
980 3598 1040 3653 in
1083 3597 1309 3655 caeteris
1352 3597 1714 3656 declaratum
1760 3603 1851 3655 est
1906 3597 2128 3670 aliquid

469 3702 601 3744 esse
631 3687 1059 3759 rejectandum,
1091 3685 1314 3760 aliquid
1347 3704 1482 3744 vero
1513 3687 1629 3743 Deo
1669 3691 1975 3759 acceptum
2001 3703 2016 3743 :
2048 3687 2133 3743 ita

472 3775 688 3834 accidit
716 3778 773 3832 et
804 3775 863 3831 in
906 3776 1156 3849 jejunio.
1192 3778 1353 3833 Hanc
1383 3777 1622 3850 quidem
1653 3792 1921 3834 escarum
1951 3775 2133 3832 absti-

472 3864 736 3923 nentiam
766 3881 893 3938 quae
936 3866 1002 3922 ﬁt
1032 3867 1103 3922 ad
1152 3866 1629 3939 ostentationem,
1681 3865 1911 3923 Domini
1940 3867 2137 3922 anima
2166 3864 2171 3871 ’

475 3953 610 4012 odio
659 3954 1056 4027 prosequitur,
1119 3957 1584 4028 proptereaquod
1633 3955 1755 4012 hac
1804 3961 2133 4027 praecepta:

473 4043 552 4100 Ne
605 4044 855 4115 tetigeris
916 4060 1096 4117 neque
1149 4047 1457 4118 gustaveris
1481 4087 1496 4114 ,
1544 4061 1720 4118 neque
1773 4051 2138 4102 contrectatus—

471 4131 634 4200 ris”,
686 4131 863 4188 ﬁnem
916 4132 1171 4190 habent:
1226 4150 1355 4206 quae
1406 4150 1542 4191 vero
1593 4134 1665 4190 ad
1720 4132 1916 4189 carnis
1963 4137 2135 4205 petu-

469 4217 715 4278 lantiam
751 4222 1015 4278 servituti
1041 4223 1426 4280 addicendam
1458 4223 1792 4291 adhibetur,
1827 4222 1977 4278 hanc
2008 4221 2140 4277 dili-

468 4311 558 4383 git
590 4315 767 4384 Deus,
799 4313 1278 4385 quandoquidem
1322 4313 1780 4371 sanctimoniam
1814 4329 1917 4385 per
1941 4311 2137 4368 carnis

470 4402 854 4459 afﬂictionem
909 4403 1157 4474 perficit.
1203 4408 1321 4460 Nec
1347 4408 1545 4460 tamen
1597 4419 1702 4476 per
1747 4419 1810 4459 se
1857 4401 2007 4458 satis
2046 4406 2138 4457 est

470 4492 887 4549 alimentorum
919 4494 1277 4551 abstinentia
1309 4496 1380 4551 ad
1413 4494 1951 4551 commendandum
1985 4493 2132 4563 jeju-

473 4579 675 4637 nium:
731 4581 832 4636 sed
883 4582 1061 4637 etiam
1115 4584 1531 4656 conjungenda
1566 4587 1657 4639 est
1714 4582 1947 4655 reliqua
2001 4580 2134 4634 vita

2243 3413 2614 3485 μονωθέντων
2665 3409 2941 3488 διαφοραί·
2971 3414 3039 3468 τὰ
3091 3413 3186 3486 μὲν
3235 3414 3349 3467 ἔστι
3409 3417 3633 3488 μάταια,
3662 3422 3771 3473 τῶν
3812 3440 3896 3495 γι-

2240 3501 2484 3573 νομὲνων
2545 3497 2878 3562 Ἰουδαϊκῶςο
2937 3501 3003 3555 τὰ
3076 3498 3134 3556 δὲ
3190 3499 3497 3577 βδεΛυκτά·
3555 3527 3622 3562 τα
3679 3504 3737 3563 δὶ
3794 3508 3893 3564 οὐκ

2240 3587 2453 3644 ἀνεκτά·
2486 3588 2741 3662 τέταρτόν
2776 3591 2886 3661 (32)
2919 3589 3030 3643 ἔστι
3077 3590 3146 3644 τὰ
3197 3593 3432 3663 μισητά·
3467 3594 3520 3649 ἒν
3569 3597 3657 3659 οἷς
3716 3597 3803 3651 καὶ
3854 3599 3889 3666 ἡ

2241 3678 2459 3749 νηστεία
2488 3678 2599 3734 δστὶ
2648 3682 2758 3732 τῶν
2792 3674 3092 3736 Ἰουδαίων.
3123 3683 3325 3755 Ὥσπερ
3377 3681 3468 3737 οὖν
3512 3685 3601 3740 καὶ
3649 3685 3735 3741 ἐπὶ
3783 3688 3891 3742 τῶν

2244 3765 2432 3823 ἄλλων
2491 3768 2626 3824 εἶναι
2681 3766 2774 3841 μέν
2828 3789 2881 3823 τι
2926 3770 2989 3824 τὸ
3038 3764 3382 3843 ἀπόϐλητον,
3423 3773 3556 3830 εἶναι
3618 3773 3675 3830 δέ
3722 3796 3774 3831 τι
3828 3776 3894 3831 τὸ

2244 3855 2635 3934 εὖπρόσδεκτον
2680 3861 2758 3930 τῷ
2786 3862 2905 3931 Θεῷ
2954 3855 3289 3916 ἐκδείκνυτο⁸
3322 3860 3465 3917 οὕτω
3512 3864 3603 3919 καὶ
3660 3864 3747 3919 ιπὶ
3797 3868 3898 3934 τῆς

2242 3946 2508 4018 νηστείας.
2537 3947 2649 4015 Τὴν
2690 3948 2786 4020 μὶν
2830 3948 2968 4023 πρὸς
3023 3948 3277 4020 ἐπίδειξιν
3330 3952 3624 4027 γινομίνην
3674 3952 3897 4029 ἆποχὴν

2244 4041 2354 4093 τῶν
2414 4034 2737 4114 βρωμάνων,
2789 4036 2842 4093 ἐν
2891 4036 2992 4112 τῷ,
3044 4041 3131 4110 Μὴ
3184 4037 3320 4115 ἅψῃ,
3369 4038 3506 4114 μηδὲ
3551 4042 3713 4120 γεύσῃ
3760 4044 3897 4117 (33),

2251 4125 2393 4202 μηδὲ
2449 4127 2627 4203 θίγῃς,
2656 4128 2720 4184 τὸ
2762 4127 2923 4191 τέλος
2970 4125 3140 4206 ἔχειν,
3175 4135 3325 4205 μισεῖ
3366 4134 3400 4203 ὴ
3435 4133 3590 4208 ψυχὴ
3638 4137 3735 4189 τοῦ
3792 4139 3901 4190 Κυ-

2248 4216 2389 4292 ρίου·
2422 4216 2635 4288 τὴν’δὲ
2674 4217 2761 4273 ἐπὶ
2817 4221 2897 4291 τῷ
2951 4217 3372 4297 δουλαγωγῆσαι
3400 4223 3465 4278 τὸ
3496 4221 3756 4301 φρόνημα
3795 4228 3898 4294 τῆς

2246 4306 2446 4383 σαρκὸς
2493 4302 3070 4382 παραλαμϐανομὲνην
3120 4310 3324 4386 ἀγαπᾷ,
3372 4309 3462 4367 διά
3506 4315 3604 4367 τοῦ
3651 4312 3899 4367 ὑπωπια-

2245 4400 2388 4470 σμοῦ
2435 4403 2537 4467 τῆς
2603 4397 2800 4469 σαρκὸς
2866 4399 2955 4453 τὸν
3026 4401 3291 4475 ἁγιασμόν
3347 4405 3738 4477 κατορθοῦσαν.
3785 4400 3904 4460 Ούκ

2245 4485 2457 4563 ἐξαρκεῖ
2488 4483 2547 4541 δὶ
2576 4486 2699 4550 καθ’
2723 4486 2919 4556 ἑαυτὴν
2950 4490 2984 4558 ἡ
3016 4489 3206 4565 ἀποχῆ
3239 4493 3347 4544 τῶν
3396 4491 3705 4568 βρωμάτων
3762 4491 3903 4567 πρὸς

2242 4577 2305 4632 τὸ
2335 4575 2620 4645 ἐπαινετὴν
2647 4582 2873 4645 ποιῆσαι
2902 4578 3001 4646 τὴν
3032 4577 3305 4651 νηστείαν·
3339 4577 3489 4635 ἀλλᾶ
3530 4575 3614 4635 δεῖ
3660 4579 3750 4635 καὶ
3796 4580 3899 4650 τήν

472 4669 625 4726 ratio
672 4669 732 4724 in
764 4670 1163 4739 sermonibus,
1197 4672 1256 4727 in
1296 4671 1628 4744 colloquiis,
1690 4676 1747 4728 et
1778 4672 1836 4726 in
1893 4685 1960 4726 eo
1989 4684 2129 4724 con-

2245 4664 2448 4736 λοιπὴν
2479 4666 2700 4741 ἀγωγὴν
2734 4671 3011 4741 προσεῖναι
3044 4670 3180 4743 (34),
3213 4665 3268 4723 ἔτ
3298 4688 3357 4723 τε
3396 4666 3585 4746 λόγοις
3628 4667 3719 4724 καὶ
3771 4669 3901 4724 ἀνα-

541 4785 589 4821 ⁸²
622 4784 799 4842 Num.
848 4801 1052 4853 xxvm,
1096 4786 1184 4843 18.
1260 4787 1306 4823 ⁸³
1356 4787 1503 4843 ibid.
1553 4787 1645 4841 25.
1739 4786 1786 4821 ⁸⁴
1835 4785 1981 4842 ibid.
2012 4785 2102 4840 26.

2269 4784 2445 4841 Num.
2500 4800 2657 4852 xxxx,
2705 4784 2762 4840 7.
2840 4783 2885 4819 ⁸⁸
2928 4785 3055 4843 Joel
3106 4803 3172 4855 ιι,
3204 4785 3296 4841 31.
3376 4788 3420 4824 ³⁷
3452 4787 3599 4844 Gen.
3639 4802 3812 4856 xum,
3841 4786 3902 4843 9.

469 4857 516 4894 ⁸³
543 4856 768 4916 Coloss.
802 4872 865 4927 η,
892 4857 986 4913 21.

544 4968 1159 5047 (27),Βοε.ηεθουηᾶυε
1199 4978 1257 5031 et
1302 4974 1463 5033 Golb.
1515 4976 1764 5046 primus,
1813 4970 1865 5026 ἐν
1896 4976 1966 5047 τῇ
1997 4972 2132 5028 aim-

473 5042 562 5118 νίᾴ
588 5042 677 5100 καὶ
709 5042 902 5116 οἰκείᾳ,
937 5049 999 5103 in
1026 5055 1241 5103 eterna
1270 5056 1321 5104 et
1344 5042 1580 5118 propria
1609 5042 1977 5118 habitatione.

544 5116 654 5206 (28)
684 5118 1076 5206 ἣὶοριξίηᾳυθ
1118 5135 1273 5206 ιξιτεε..
1318 5116 1653 5206 Editi‘yer'q,
1704 5116 1802 5201 μὶν
1831 5118 1959 5206 γάρ;
2007 5122 2134 5206 μοι

469 5187 646 5264 mss,
670 5189 774 5243 οὐκ
798 5187 1092 5264 saxeam.
1138 5190 1350 5246 Nostra
1380 5190 1560 5247 editio
1593 5187 1915 5258 Paris.,obv'
1935 5189 2131 5264 ἀνέχο-

473 5278 590 5333 μαι.
623 5261 774 5333 Lege
803 5261 1103 5319 Dacicum.

681 5328 919 5408 Codices
976 5336 1237 5408 quatuor
1283 5336 1457 5385 πᾶσαν
1508 5328 1675 5400 αὐτὴν
1722 5351 1950 5408 προσαγ.
1987 5334 2127 5407 Reg.

471 5401 880 5477 tertiusLﬂla‘t
907 5401 1037 5459 πᾶσι
1066 5404 1169 5471 τὴν
1200 5421 1431 5477 πρᾼοσαγ.

541 5474 657 5549 (30)
688 5476 939 5549 Uterque
968 5474 1306 5549 Combefisii
1339 5474 1517 5549 codex
1543 5492 1676 5531 cum
1710 5476 1943 5549 duobus
1972 5476 2127 5545 aliis,

472 5547 652 5605 ποίαν.
685 5547 1004 5606 Εάἱιῖουω
1039 5548 1275 5606 duobus
1307 5548 1441 5603 aliis
1472 5564 1641 5614 mss.,
1682 5547 1863 5608 ποίας.

548 5619 662 5692 (31)
692 5620 930 5678 Codices
962 5639 1084 5691 sex,
1121 5624 1308 5692 ζητεῖΖΔ
1340 5620 1488 5676 Editi
1533 5636 1689 5686 vero,
1733 5619 1980 5688 ἐπιζητεῖ
2008 5620 2127 5677 Ibi-

475 5688 606 5764 dem
640 5688 895 5764 quatuor
920 5688 1239 5764 mss.'.1rspi
1271 5688 1342 5744 ὧν
1376 5692 1426 5749 ὁ.
1457 5692 1570 5748 Alii
1594 5692 1710 5748 duo
1741 5709 1889 5749 mss.
1919 5697 1977 5749 et
2003 5693 2126 5751 edi-

472 5762 540 5834 ti,
575 5760 695 5839 πιρι
727 5760 790 5818 οὗ
821 5764 870 5819 ὁ.
904 5765 1071 5822 Haud
1101 5760 1276 5834 longe
1296 5767 1542 5835 uterque
1568 5764 1749 5821 codex
1776 5765 2035 5823 Combef.
2068 5770 2127 5824 et

2243 4974 2343 5032 alii
2374 4978 2653 5047 quatuor,
2691 4976 2802 5026 τῶν
2855 4975 3357 5047 μνημόνευθέντων.
3407 4976 3583 5046 Editi,
3612 4978 3721 5030 τῶν
3765 4993 3907 5047 προ-

2246 5067 2349 5119 μνη
2362 5042 2753 5119 μῖονευθέντων)

2317 5113 2432 5190 (32)
2454 5118 2654 5190 JEditi,
2684 5115 2941 5190 τέταρτον
2987 5114 3072 5190 δέ,
3105 5121 3282 5190 Abest
3310 5113 3367 5173 δέ
3397 5137 3431 5176 a
3459 5135 3560 5176 sex
3598 5116 3911 5190 mss._‘Mox

2242 5186 2535 5267 iidemilli
2584 5207 2685 5247 sex
2732 5186 2904 5260 mss"
2955 5186 3137 5267 ὥσπερ
3194 5188 3287 5244 οὗν
3343 5190 3452 5248 καί.
3503 5191 3677 5261 Editi,
3728 5186 3912 5265 ὥσπερ

2241 5261 2353 5337 γὰρ,
2376 5260 2489 5337 καί..

2312 5327 2429 5407 (33)
2466 5330 2634 5407 illud,
2660 5327 2805 5404 μηδὲ
2833 5329 3015 5407 γεύσῃ,
3049 5335 3108 5389 in
3136 5332 3509 5407 priusﬂeditis
3540 5330 3912 5407 desideraba-

2241 5399 2359 5495 tur.
2394 5399 3035 5495 l'bidem’gmssgﬁx‘siv.
3071 5399 3448 5495 Editi,_é'xsi‘.‘
3462 5403 3910 5495 .Subinduc‘qua:

2240 5482 2376 5534 tuor
2417 5471 2713 5548 mss.,,8ui
2764 5472 2861 5526 τοῦ
2898 5471 3472 5548 ’ὗπῳπιασμοῦ.’”Α11ί
3504 5478 3624 5532 duo
3675 5471 3815 5531 mss.
3847 5478 3910 5530 et

2240 5551 2405 5613 editi,
2438 5545 2529 5602 διὰ
2555 5546 2648 5601 τὸν
2681 5546 3065 5613 ὑπωπιασμόν.

2310 5622 2424 5694 (34)
2459 5619 2702 5676 Codices
2735 5615 3027 5688 nonnulli,
3056 5618 3359 5694 προσιέναι,
3391 5618 3500 5675 Alii
3539 5633 3674 5674 cum
3707 5615 3906 5687 editis,

2214 5726 2225 5735 -
2238 5697 2550 5767 προσεῖναι.
