4130 6398
328 423 438 486 181

1197 420 1605 484 COMMENT.
1651 421 1730 482 IN
1777 421 2051 486 ISAIAM
2094 423 2603 487 PROPHETAM.
2649 423 2821 487 CAP.
2868 425 2919 486 Ι.

3648 429 3765 494 182

323 555 601 634 στροφαῖς,
634 551 725 609 καὶ
756 557 826 628 τῇ
860 552 998 628 πρὸς
1051 551 1178 615 τοὺς
1228 551 1460 628 ὠφελεῖν
1508 550 1839 627 δυναμένους
1871 575 1992 609 συν-

2110 571 2339 629 gressu,
2365 557 2466 629 qui
2499 574 2633 614 cum
2657 557 2750 614 his
2773 558 2872 632 qui
2895 559 3174 633 prodesse
3197 563 3448 632 possunt
3470 560 3760 619 habetur:

327 645 506 717 ουσίᾳ·
563 641 702 699 ὥστε
757 642 820 698 τὸ
876 640 1013 698 κατά
1066 643 1134 697 τὰ
1197 643 1464 718 βρώματα
1515 642 1992 716 παρακολοὺθημα

329 737 464 792 εἶναι
511 740 611 805 τῆς
660 734 964 804 ἀσκήσεως.
1021 733 1096 786 Τὰ
1151 730 1339 788 πολλὰ
1399 733 1494 807 μὲν
1551 731 1642 788 οὖν
1701 733 1837 788 κατὰ
1864 737 1988 789 νοῦν

331 826 672 902 ἱνεργοῦντος
727 827 824 878 τοῦ
884 819 1200 891 σπουδαίου,
1229 822 1320 877 καὶ
1370 824 1492 900 περὶ
1544 823 1646 892 τὴν
1692 826 1793 888 τῆς
1846 821 1990 894 ἀλη-

333 915 477 978 θείας
512 916 680 990 θήραν
733 911 1131 989 ἱσχολακότος,
1165 911 1411 988 ὀλιγάκις
1465 910 1522 967 δὲ
1570 910 1709 990 πρὸς
1738 913 1837 982 τὴν
1867 911 1989 968 ἐπι-

336 1003 558 1080 μέλειαν
586 1011 686 1074 τῆς
717 1002 908 1078 σαρκὸς
954 997 1398 1070 καταϐαίνοντος,
1448 1002 1568 1058 τίτα
1622 1003 1755 1076 μετά
1781 1003 1844 1058 τὸ
1877 1001 1989 1057 λει-

334 1100 629 1170 τουργῆσαι
677 1093 741 1146 τὰ
800 1092 1061 1169 ἀναγκαῖα
1111 1096 1189 1164 τῷ
1246 1091 1481 1166 σώματι,
1532 1092 1591 1148 έκ
1647 1096 1754 1148 τῶν
1805 1090 1988 1146 ἐπιτυ-

333 1183 546 1260 χόντων
635 1179 1104 1258 ἀπραγματεύτως
1176 1179 1559 1254 διαιτώμενον,
1615 1180 1774 1245 εὐθὺς
1853 1180 1990 1236 ἀπο-

327 1270 610 1343 πηδῶντος
654 1278 756 1341 τῆς
807 1269 1076 1347 ἀσχολίας
1109 1274 1218 1326 τῶν
1278 1269 1595 1350 ἀνωφελῶν,
1649 1269 1738 1325 καὶ
1772 1270 1847 1332 εἷς
1886 1272 1985 1341 τὴν

324 1360 744 1438 προηγουμένην
779 1361 970 1416 ἑαυτοῦ
1005 1361 1148 1430 ζωὴν
1182 1359 1598 1438 ἀνατρέχοντος.
1632 1361 1696 1417 Ἠ
1737 1360 1841 1434 γὰρ
1872 1381 1987 1414 τοι-

324 1449 461 1518 αύτη
495 1451 682 1528 ἀγωγὴ
715 1455 884 1505 πᾶσαν
918 1450 1200 1529 ἀφορμὴν,
1247 1447 1319 1504 δι’
1373 1453 1438 1519 ἧς
1483 1449 1732 1526 τρέφεται
1758 1450 1820 1504 τὸ
1851 1450 1986 1527 φρό-

320 1560 474 1612 νημα
530 1541 631 1608 τῆς
708 1540 925 1614 σαρκὸς,
992 1537 1211 1612 ἆξαίρει,
1270 1537 1344 1600 ὡς
1422 1538 1619 1612 μηκέτι
1692 1535 1988 1592 καταδυνα-

326 1627 529 1685 στεύειν
570 1633 666 1683 τοῦ
715 1628 1046 1702 πνεύματος,
1111 1625 1254 1701 μηδὲ
1301 1634 1478 1683 ποιεῖν
1539 1627 1604 1682 τὰ
1655 1627 1830 1682 οἰκεῖα
1859 1623 1990 1703 ἔργα

328 1719 430 1789 τήν
490 1716 680 1792 σάρκα,
712 1715 992 1794 πορνείαν,
1045 1716 1398 1792 ἀκαθαρσίαν,
1457 1717 1654 1787 πάθος,
1704 1717 1990 1790 ἐπιθυμίαν

327 1810 525 1880 κακήν.
551 1807 936 1886 Νεκρώσάντες
987 1810 1102 1884 (35)
1151 1806 1242 1862 οὖν
1276 1808 1479 1863 ἑαυτῶν
1518 1806 1585 1861 τὰ
1631 1804 1773 1881 μέλη
1805 1806 1872 1862 τὰ
1901 1807 1989 1862 έπὶ

328 1907 432 1972 τῆς
485 1905 610 1976 γῆς,
669 1902 756 1956 καὶ
813 1898 903 1955 διὰ
977 1898 1157 1975 λόγων
1226 1898 1639 1972 έπιπληκτικων
1696 1899 1990 1955 καταστελ-

331 1988 543 2046 λόντων
574 1989 640 2046 τὰ
668 1991 840 2061 πάθη,
871 1989 961 2044 καὶ
1016 1986 1109 2044 διὰ
1131 1995 1231 2058 τῆς
1279 1989 1500 2066 ἀποχῆς
1538 1993 1644 2043 τῶν
1683 1989 1988 2066 βρωμάτων

329 2079 714 2153 νηστεύσωμεν
773 2075 1023 2150 νηστείαν
1102 2075 1296 2149 δεκτήν
1376 2078 1659 2153 εὺάρεστον
1735 2082 1816 2150 τῷ
1887 2085 1990 2133 Κυ-

335 2167 436 2245 ρίῳ
637 2170 790 2225 Ἐστι
822 2169 917 2242 μὲν
951 2165 1042 2223 οὖν
1094 2167 1184 2222 καὶ
1234 2169 1270 2239 ἡ
1319 2167 1509 2243 ἀποχὴ
1539 2169 1647 2224 τῶν
1685 2168 1992 2244 βρωμάτων

333 2257 616 2327 κωλυτικὴ
662 2261 768 2313 τῶν
820 2256 956 2312 κατά
1003 2257 1236 2332 γαστέρα
1293 2256 1542 2331 ὀρέξεων,
1585 2257 1677 2312 καὶ
1727 2261 1833 2312 τῶν
1889 2257 1992 2312 ὑπὸ

333 2347 587 2424 γαστέρα.
612 2346 710 2404 Καὶ
739 2347 767 2401 ὁ
799 2345 1102 2424 φιλόπονος
1133 2343 1191 2402 δὲ
1239 2345 1538 2424 χρησίμως
1573 2345 1790 2410 τούτοις
1818 2344 1992 2402 ἐνδιαο

333 2436 532 2513 τρίψει,
565 2433 709 2514 ἔχων
759 2433 1068 2513 ὑπόδειγμα
1117 2439 1230 2510 (37)
1294 2437 1388 2492 τὸν
1448 2434 1643 2492 Ἠλίου
1703 2437 1847 2512 βίον,
1899 2436 1990 2491 τὸν

337 2526 604 2601 Μωσέως,
653 2527 748 2583 τὸν
822 2525 1051 2599 Δανιὴλ,
1115 2526 1206 2581 τὸν
1263 2524 1537 2596 Ἰωάννου,
1595 2525 1686 2581 καὶ
1738 2527 1829 2582 τὸν
1884 2529 1991 2581 τῶν

343 2620 553 2672 Αοιπῶν
600 2615 787 2692 ἁγίων,
818 2619 913 2670 Ὧν
950 2613 1050 2671 οὐκ
1103 2613 1171 2684 ἦν
1233 2613 1378 2685 ἄξιος
1438 2615 1466 2670 ὁ
1523 2613 1754 2688 κόσμος,
1812 2613 1866 2670 οἳ
1894 2636 1990 2670 πεο

340 2705 566 2784 ριῆλθον
629 2705 680 2762 ἰν
745 2704 1053 2780 μηλωταῖς,
1114 2703 1167 2760 ἐν
1225 2703 1450 2782 αἰγείοις
1507 2701 1790 2782 δέρμασιν,
1842 2706 1992 2760 ὑστε-

337 2796 622 2874 ρούμενοι,
695 2789 1040 2869 θλιϐόμενοι,
1099 2795 1563 2870 κακουχούμενοι.
1624 2791 1782 2852 Ἀλλ’
1839 2791 1992 2850 οὐπω

332 2888 396 2942 τὸ
428 2885 478 2942 έν
508 2885 698 2961 ἀποχῇ
752 2884 1059 2962 βρωμάτων
1097 2880 1336 2956 εὔτονον,
1371 2884 1552 2940 ἱκανὸν
1581 2883 1656 2947 εἷς
1684 2881 1990 2954 τελείωσιν,

334 2975 423 3032 ἰὰν
459 2976 536 3049 μὴ
567 2975 655 3029 καὶ
689 2976 723 3044 ἡ
757 2975 910 3050 ψυχή
945 2973 997 3029 ὲν
1026 2972 1278 3030 παντελεῖ
1325 2975 1513 3049 ἀποχῇ
1548 2978 1656 3028 τῶν
1684 2974 1989 3052 τρεφόντων

332 3063 521 3119 κακίαν
557 3064 804 3138 ὑπάρχῃ.
835 3064 1038 3138 Ὥσπερ
1085 3063 1188 3138 γὰρ
1240 3059 1469 3124 διπλοῦς
1525 3063 1553 3117 ὁ
1600 3063 1902 3136 ἅνθρωπος,
1935 3062 1994 3117 ἐκ

332 3155 477 3230 ψυχς
537 3151 801 3213 συνεστὼς
859 3151 952 3206 καὶ
1009 3151 1285 3224 σώματος’
1337 3149 1480 3205 οὕτω
1535 3150 1628 3204 καὶ
1684 3151 1739 3204 αἱ
1794 3150 1990 3226 τροφαὶ

333 3239 548 3310 διπλαὶ,
578 3238 925 3311 κατάλληλοι
973 3242 1043 3313 τῇ
1087 3239 1347 3313 ἑκατέρου
1397 3238 1646 3294 συστάσει
1691 3237 1988 3315 τυγχάνου-

330 3352 439 3400 σαι,
490 3328 846 3406 εὐτονώτερον
896 3329 1031 3405 πρὸς
1077 3327 1173 3390 τὰς
1224 3326 1427 3392 οίκείας
1471 3327 1739 3404 ἐνεργεὶας
1787 3328 1985 3384 ἀποτευ
2019 3297 2062 3365 C

328 3420 487 3477 λοῦσι
517 3418 580 3474 τὸ
614 3421 726 3493 (38)
753 3416 1107 3495 τρεφόμενον.
1159 3418 1360 3490 Ὥσπερ
1408 3415 1512 3492 γὰρ
1542 3415 1594 3471 ἐν
1645 3421 1758 3479 τοῖς
1793 3438 1992 3492 γυμνα-

331 3508 540 3570 στικοῖς
588 3507 644 3561 αἱ
675 3504 968 3577 ἀθλητικαὶ
1023 3506 1221 3582 τροφαὶ
1271 3504 1406 3579 μετά
1449 3509 1557 3560 τῶν
1616 3504 1986 3577 καταλλήλων

333 3596 651 3676 γυμνασίων
729 3601 846 3659 τοῖς
925 3596 1142 3670 σώμασι
1189 3595 1619 3671 προσαγόμεναι,
1671 3595 1792 3650 ὅσον
1835 3616 1990 3650 κατα-

335 3691 662 3766 κρατοῦνται
720 3684 825 3741 ὐπὸ
897 3692 1000 3756 τῆς
1071 3687 1180 3741 τῶν
1255 3685 1605 3764 τρεφομένων
1682 3683 1987 3758 δυνάμεως,

332 3780 593 3835 τοσοῦτον
645 3774 720 3838 είς
767 3773 970 3846 εὐεξίαν
1019 3772 1238 3848 μείζονα
1273 3774 1335 3828 τὸ
1384 3778 1544 3848 σῶμα
1575 3773 1867 3847 ἐξαίρουσι,
1897 3774 1989 3830 καὶ

341 3867 626 3944 μροσθήκη
661 3863 828 3920 αὐτοῦ
885 3864 1162 3938 γινόμεναι
1217 3859 1307 3917 διὰ
1358 3866 1456 3918 τοῦ
1503 3865 1619 3937 (39)
1654 3862 1728 3926 είς
1760 3864 1860 3934 τὴν
1887 3868 1988 3919 τοῦ

337 3956 596 4030 σώματος
628 3947 1104 4028 ἀναλαμϐάνεσθαι
1163 3950 1434 4008 σύστασιν.
1495 3949 1639 4007 οὕτω
1693 3952 1782 4007 καὶ
1833 3951 1884 4007 ἐν
1919 3956 1988 4027 τῇ

334 4053 436 4116 τῆς
467 4037 737 4105 εὐσεϐείας
784 4043 1009 4113 ἀσκήσει
1053 4039 1120 4096 τὰ
1164 4043 1266 4106 τῆς
1314 4039 1546 4103 πίστεως
1598 4037 1860 4118 δόγματα,
1900 4039 1989 4096 καὶ

337 4136 390 4192 οἱ
423 4133 771 4210 διορθωτικοὶ
805 4131 963 4208 λόγοι
986 4135 1092 4187 τῶν
1141 4133 1313 4203 ἠθῶν,
1348 4133 1592 4207 συνεχῶς
1639 4130 1990 4208 προσαγόμε-

339 4245 424 4281 νοι
453 4228 523 4299 τῇ
550 4226 728 4300 ψυχῇ,
759 4222 849 4278 καὶ
878 4226 999 4286 ταῖς
1045 4219 1182 4276 κατά
1231 4221 1428 4296 μικρὸν
1456 4220 1620 4291 αὐτὴν
1654 4221 1992 4298 προσθήκαις

339 4312 609 4387 αὔξοντες,
663 4310 1032 4388 δυνατωτέραν
1081 4309 1246 4380 αὐτὴν
1297 4310 1386 4366 καὶ
1437 4309 1878 4388 φιλοπονωτέραν
1913 4311 1990 4373 εἷς

335 4405 400 4462 τὸ
431 4405 696 4480 μειζόνων
747 4403 836 4458 καὶ
887 4399 1240 4476 τελειοτέρων
1294 4403 1403 4456 τῶν
1457 4399 1508 4456 ἰν
1564 4398 1802 4478 δόγμασι
1845 4398 1989 4456 διδα-

337 4497 563 4572 γμάτων
598 4491 946 4570 ἐπορέγεσθαι
974 4488 1490 4569 παρασκευάζουσιν.

2101 644 2184 700 ita
2217 651 2280 700 ut
2315 645 2435 702 haec
2467 647 2730 703 ciborum
2781 649 3137 706 abstinentia
3185 649 3347 722 pium
3398 650 3527 706 vitae
3572 667 3760 724 genus

2103 735 2436 791 comitetur.
2475 738 2677 808 Itaque
2732 737 2842 792 viri
2901 739 3066 810 probi
3113 742 3203 795 est
3253 739 3441 796 multa
3469 739 3530 795 in
3563 743 3760 797 mente

2100 841 2354 894 versare,
2403 830 2580 898 atque
2631 828 2860 882 veritati
2921 829 3267 901 indagandae
3317 845 3557 903 operam
3597 830 3756 898 dare,

2101 917 2157 970 et
2190 932 2319 970 raro
2353 916 2423 971 ad
2456 916 2650 972 carnis
2693 931 2895 972 curam
2938 919 3331 988 descendere;
3367 919 3576 976 deinde
3605 923 3762 992 post-

2103 1020 2280 1076 quam
2305 1005 2533 1077 corpori
2559 1006 3032 1062 subministravit
3054 1008 3384 1066 necessaria
3413 1008 3628 1065 vilibus
3650 1008 3757 1065 ali-

2104 1093 2318 1150 mentis
2373 1095 2534 1150 nullo
2585 1096 2816 1169 negotio
2875 1097 3154 1169 parandis
3213 1115 3492 1167 vescens;
3546 1113 3758 1172 repen—

2101 1183 2225 1238 tino
2259 1201 2292 1238 a
2337 1201 2533 1240 rerum
2581 1185 2883 1242 inutilium
2933 1187 3318 1259 occupatione
3365 1203 3494 1244 sese
3523 1190 3756 1246 subtra-

2103 1272 2210 1344 bit,
2244 1278 2300 1328 et
2333 1274 2404 1328 ad
2453 1273 2770 1345 pristinum
2825 1275 2955 1333 vitae
2989 1292 3176 1348 genus
3223 1277 3497 1334 occurrit.
3530 1277 3756 1334 Etenim

2101 1361 2212 1418 hoc
2241 1362 2372 1418 vitae
2402 1379 2590 1436 genus
2638 1365 3005 1421 occasionem
3057 1381 3290 1422 omnem
3344 1383 3374 1422 e
3407 1366 3601 1422 medio
3647 1368 3758 1424 tolv

2100 1451 2191 1523 lit,
2246 1469 2363 1524 qua
2417 1452 2610 1508 carnis
2653 1454 2811 1512 405
2869 1454 3162 1510 nutriatur
3208 1455 3574 1528 petulantia:
3613 1457 3758 1514 adeo

2101 1546 2168 1596 ut
2222 1558 2336 1598 non
2397 1541 2656 1614 amplius
2712 1543 2770 1598 in
2825 1543 3100 1616 spiritum
3159 1549 3426 1602 exerceat
3485 1546 3754 1619 tyranni-

2101 1631 2260 1699 dem,
2320 1648 2513 1703 neque
2568 1649 2702 1688 caro
2761 1649 2937 1704 opera
3004 1634 3118 1689 sibi
3176 1634 3415 1707 propria
3470 1636 3753 1707 perﬁciat,

2101 1719 2589 1787 fornicationem,
2643 1721 3107 1788 immunditiam,
3158 1721 3488 1792 libidinem,
3538 1741 3754 1781 concu-

2100 1808 2449 1881 piscentiam
2484 1808 2699 1866 malam
2720 1811 2784 1866 ⁸9.
2818 1811 3029 1868 Nostra
3061 1811 3243 1885 igitur
3271 1812 3534 1885 ipsorum
3566 1830 3755 1870 mem-

2106 1897 2212 1952 bra
2261 1915 2388 1970 quae
2445 1903 2584 1955 sunt
2640 1916 2818 1973 super
2863 1904 3104 1968 terram,
3156 1902 3754 1976 mortiﬁcantes,per-

2105 2001 2219 2058 que
2250 2003 2552 2043 sermones
2597 1989 3026 2061 objurgatorios
3075 1990 3174 2062 qui
3205 1991 3560 2064 cupiditates
3590 2008 3756 2050 coer-

2103 2080 2294 2144 ceant,
2339 2093 2404 2132 ac
2454 2094 2556 2148 per
2605 2077 2870 2134 ciborum
2919 2079 3360 2147 abstinentiam,
3411 2081 3756 2154 jejunemus

2096 2166 2392 2238 jejunium
2453 2167 2704 2223 Domino
2765 2172 3066 2242 acceptum
3125 2174 3498 2243 gratumque.
3553 2172 3754 2230 Enim-

2101 2271 2235 2311 vero
2285 2256 2506 2312 ventris
2561 2260 2619 2312 et
2665 2273 2858 2313 rerum
2919 2276 3300 2316 venerearum
3355 2261 3755 2334 appetentiam

2104 2343 2359 2400 refrenat
2406 2345 2677 2401 ciborum
2725 2347 3104 2405 abstinentia.
3139 2349 3315 2406 Porro
3365 2350 3466 2423 qui
3515 2350 3576 2406 in
3608 2350 3754 2407 tole-

2103 2433 2304 2489 randis
2336 2434 2639 2491 laboribus
2693 2439 2970 2494 strenuus
3016 2443 3129 2506 est,
3160 2438 3221 2494 in
3278 2438 3371 2496 bis
3419 2455 3483 2497 se
3535 2440 3758 2497 utiliter

2103 2523 2415 2592 exercebit,
2466 2525 2802 2599 exemplum
2840 2526 3066 2584 habens
3113 2529 3290 2584 vitam
3322 2529 3477 2598 Elite,
3513 2529 3754 2603 Moysis,

2103 2611 2382 2682 Danielis,
2405 2613 2676 2685 Joannis,
2697 2619 2755 2671 et
2779 2615 3136 2689 reliquorum
3165 2627 3524 2691 sanctorum,
3549 2619 3754 2688 Quibus

2102 2717 2210 2757 non
2251 2701 2453 2772 dignus
2483 2712 2602 2760 erat
2630 2705 2900 2774 mundus,
2932 2708 3036 2780 qui
3061 2709 3401 2766 circuierunt
3428 2709 3490 2764 in
3512 2708 3751 2777 metatis,

2101 2793 2162 2847 in
2213 2793 2457 2865 pellibus
2513 2796 2781 2868 caprinis,
2811 2803 3052 2869 egentes,
3080 2800 3410 2868 angustiati,
3441 2801 3644 2871 afﬂicti
3687 2799 3752 2856 °°.

2102 2882 2211 2937 Sed
2246 2886 2486 2939 strenua
2504 2882 2914 2943 alimentorum
2940 2887 3300 2944 abstinentia
3317 2887 3474 2944 haud
3500 2888 3645 2946 satis
3665 2892 3756 2946 est

2103 2971 2473 3042 acquirendts
2505 2975 2872 3046 perfectioni,
2904 2975 3018 3032 nisi
3039 2976 3240 3032 anima
3264 2977 3336 3032 ab
3357 2976 3452 3033 his
3482 2995 3611 3049 quae
3636 2994 3756 3034 ma-

2101 3059 2289 3114 litiam
2321 3059 2614 3130 nutriunt,
2637 3079 2880 3133 prorsus
2901 3063 3213 3120 abstineat.
3246 3065 3755 3130 Quemadmodum

2101 3147 2257 3203 enim
2291 3147 2507 3220 duplex
2528 3153 2618 3204 est
2638 3149 2836 3218 homo,
2860 3156 3141 3208 constans
3172 3151 3371 3208 anima
3390 3156 3449 3208 et
3478 3168 3753 3226 corpore:

2102 3236 2186 3292 ita
2214 3241 2272 3292 et
2295 3237 2561 3310 duplices
2611 3243 2753 3295 sunt
2804 3240 2939 3310 cibi,
2974 3240 3075 3314 qui
3113 3257 3245 3298 cum
3297 3241 3416 3298 sint
3446 3243 3757 3315 utriusque

2099 3326 2444 3382 substantiae
2475 3328 2695 3385 alenda:
2719 3331 3104 3397 accommodi,
3137 3330 3194 3386 id
3222 3332 3374 3403 quod
3399 3330 3494 3388 his
3525 3331 3755 3388 enutri-

2099 3419 2198 3471 tur
2227 3417 2296 3471 ad
2330 3417 2564 3490 propria
2607 3436 2716 3475 sua
2761 3437 2939 3492 opera
2979 3421 3304 3478 execranda
3347 3420 3604 3479 validius
3635 3421 3754 3479 for-

2098 3505 2339 3576 tiusque
2370 3505 2656 3565 efﬁciunt.
2677 3510 3187 3574 Quemadmodum
3209 3509 3366 3566 enim
3389 3510 3448 3566 in
3479 3510 3754 3568 exercita-

2096 3593 2362 3650 tionibus
2393 3597 2779 3668 gymnasticis
2806 3597 3120 3655 athleticus
3142 3598 3333 3655 victus
3364 3599 3517 3655 inter
3545 3599 3752 3657 idonea

2097 3681 2372 3738 exercitia
2402 3686 2744 3757 corporibus
2774 3687 3282 3756 subministratus,
3308 3691 3528 3760 quanto
3559 3688 3750 3762 magis

2099 3771 2413 3843 subigitur,
2450 3779 2605 3830 tanto
2636 3793 2848 3848 corpus
2879 3777 2952 3832 ad
2990 3776 3453 3850 praestantiorem
3485 3793 3552 3833 ac
3580 3795 3747 3851 vege-

2098 3861 2304 3918 tiorem
2337 3863 2530 3920 evehit
2561 3865 2991 3935 habitudinem,
3015 3868 3186 3940 eique
3210 3868 3275 3923 ﬁt
3304 3868 3584 3934 accessio,
3618 3885 3751 3940 pro-

2099 3953 2454 4024 ptereaquod
2482 3952 2538 4008 in
2562 3956 2824 4027 corporis
2846 3957 3240 4012 substantiam
3264 3960 3563 4012 transeat:
3592 3957 3676 4013 ita
3695 3960 3756 4014 et

2099 4040 2158 4096 in
2207 4039 2444 4111 pietatis
2495 4043 2905 4101 exercitatione
2955 4045 3088 4100 ﬁdei
3140 4047 3434 4117 dogmata,
3483 4062 3589 4102 nec
3638 4063 3752 4102 non

2099 4145 2403 4186 sermones
2436 4132 2508 4186 ad
2545 4149 2737 4188 mores
2783 4134 3187 4190 emendandos
3226 4133 3443 4203 idonei,
3475 4134 3758 4192 continuo

2097 4219 2309 4275 anima:
2341 4220 2606 4290 exbibiti,
2643 4227 2821 4294 atque
2852 4223 3137 4294 paulatim
3171 4224 3531 4296 quibusdam
3566 4224 3758 4280 incre-

2100 4307 2318 4365 mentis
2341 4309 2532 4382 ipsam
2557 4318 2861 4384 augentes,
2895 4311 3286 4368 robustiorem
3306 4329 3436 4369 eam
3457 4316 3516 4370 et
3533 4313 3595 4369 in
3617 4312 3760 4370 sub-

2099 4396 2312 4454 eundis
2343 4397 2644 4456 laboribus
2669 4401 2856 4474 magis
2889 4401 3143 4458 alacrem
3166 4402 3458 4471 reddunt;
3483 4405 3550 4459 ut
3578 4403 3761 4475 majo-

2100 4503 2222 4543 rem
2254 4488 2778 4563 perfectioremque
2799 4491 3139 4563 dogmatum
3170 4490 3497 4549 doctrinam
3528 4507 3760 4567 compa-

2105 4578 2210 4631 ret.

408 4692 500 4748 32.
534 4687 670 4746 Ἀπὸ
699 4692 802 4758 τῆς
829 4683 921 4741 οὐν
956 4687 1069 4760 (40)
1121 4682 1174 4739 ἐν
1224 4687 1304 4756 τῷ
1351 4689 1575 4760 κρυπτῷ
1624 4688 1873 4758 νηστείας
1898 4710 1992 4768 φυ-

2175 4685 2269 4744 32.
2304 4686 2508 4760 Itaque
2534 4705 2567 4743 a
2589 4687 2817 4760 jejunio
2845 4687 3002 4759 quod
3041 4687 3100 4742 in
3130 4687 3358 4745 occulto
3411 4692 3521 4760 est,
3552 4703 3763 4746 caven-

341 4777 568 4838 λακτέον
621 4779 785 4850 ἡμῖν,
830 4780 933 4845 τῆς
1007 4773 1146 4828 κατά
1206 4769 1416 4828 δικαίαν
1491 4773 1666 4849 κρίσιν
1723 4782 1992 4850 μισεῖσθαι

2107 4779 2248 4836 dum
2275 4777 2442 4835 nobis
2464 4781 2573 4842 est,
2598 4777 2754 4850 quod
2770 4778 2934 4848 justo
2957 4776 3184 4850 judicio
3206 4777 3424 4834 dicitur
3451 4795 3486 4836 ε
3513 4778 3764 4837 Domino

341 4865 648 4945 λιγομένης
683 4864 787 4920 ὑπὸ
815 4867 914 4920 τοῦ
966 4861 1195 4940 Κυρίου,
1242 4859 1366 4939 περὶ
1415 4865 1482 4933 ἧς
1527 4863 1617 4918 καὶ
1649 4865 1678 4919 ὁ
1708 4868 1992 4943 προφήτης

2110 4869 2243 4927 odio
2275 4866 2500 4934 haberi,
2535 4867 2688 4939 quod
2722 4870 2778 4922 et
2805 4866 3088 4940 propheta
3115 4867 3484 4940 deprecatur,
3519 4866 3760 4926 dicens:

343 4957 662 5037 ἀπεύχεται,
712 4952 914 5031 λέγων’
971 4952 1044 5008 Οὐ
1114 4952 1506 5027 λιμοκτονήσει
1567 4951 1770 5031 Κύριος
1819 4958 1992 5034 ψυχὰς

2107 4961 2227 5018 Non
2273 4958 2564 5031 interﬁciet
2618 4959 2768 5030 fame
2817 4957 3089 5014 Dominus
3134 4957 3356 5015 anima:
3392 4959 3673 5032 iustorum
3691 4959 3755 5016 ἰ.

411 5113 457 5149 ⁸⁸
487 5111 707 5170 Coloss.
747 5127 834 5181 ιιι,
864 5110 917 5164 5.
998 5108 1044 5144 ⁰⁰
1071 5108 1245 5164 Hebr.
1277 5125 1354 5177 xl,
1387 5109 1480 5180 37,
1509 5110 1600 5166 38.
1677 5109 1718 5147 οι
1753 5111 1918 5168 Prov.
1951 5131 2008 5180 x,
2041 5113 2095 5169 3.

419 5280 532 5352 (35)
561 5281 737 5350 Editi,
770 5278 1136 5356 νεκρώσαντα.
1169 5278 1238 5334 At
1284 5278 1546 5352 quinque
1595 5298 1762 5354 mss.,
1793 5282 1997 5359 νεκρώ-

349 5370 558 5413 σαντες.

416 5425 532 5501 (3β)
561 5422 671 5480 Ubi
701 5423 955 5501 legimus
984 5421 1045 5501 i‘n
1076 5419 1331 5478 editione
1352 5421 1561 5492 Paris.,
1591 5427 1672 5496 τῷ
1695 5429 1829 5498 Θεῷ.
1865 5427 2000 5501 legi.

345 5490 446 5554 tur
473 5490 533 5552 in
566 5511 735 5568 mss.,
760 5490 844 5568 ἱῷ
870 5490 1061 5568 Κυρίῳ

563 5535 739 5650 ἓῖίῖίζ
766 5535 1164 5650 ,ξῖεοᾯρἕξῖᾷάνπ
1199 5566 1265 5622 At
1285 5565 1427 5638 regii
1457 5566 1687 5638 primus
1707 5573 1765 5625 et
1792 5569 2002 5627 tertius
2098 5571 2180 5650 jei

347 5644 406 5697 et
427 5640 530 5697 alii
564 5644 688 5696 tres
719 5640 803 5696 uti
835 5640 904 5695 in
926 5640 1223 5694 contextu.

417 5714 528 5786 (38)
560 5711 646 5770 Ita
677 5717 934 5786 quatuor
963 5726 1109 5768 mss.
1142 5708 1299 5786 Editi
1324 5725 1460 5768 vero
1491 5715 1548 5767 et
1576 5711 1736 5786 ABeg.
1767 5713 2002 5786 tertius,

718 5730 934 5771 uatuor
963 5730 1109 5768 mss.
1143 5730 1296 5767 Ilia!“
1325 5730 1460 5768 νοι-ο
1491 5730 1548 5767 615
1596 5730 1736 5785 ηδε.
1767 5730 2001 5784 tertius,

677 5730 964 5849 hminem
1010 5783 1195 5856 magis
1241 5782 1484 5844 alacre":
1526 5784 1796 5859 efﬁciunt.
1827 5784 2001 5860 _Sori-

347 5782 441 5845 τόν
471 5782 638 5846 Illum

2107 5287 2282 5357 ptura
2311 5286 2560 5355 utraque
2591 5280 2838 5357 admitti
2863 5283 3074 5357 potest.

2179 5355 2291 5426 (39)
2325 5357 2410 5410 Ita
2436 5346 2538 5411 se:
2586 5371 2732 5410 mss.
2781 5346 3060 5422 At'editi,
3089 5346 3393 5426 18,_s_ensu
3441 5371 3558 5413 non
3588 5357 3763 5417 dissi-

2109 5422 2263 5502 mili.
2279 5427 2603 5502 Aliquanto
2635 5428 2765 5502 post
2796 5425 2912 5502 duo
2945 5441 3112 5502 mss...
3143 5423 3196 5478 ot
3229 5422 3540 5502 όρθωτικοί.

2181 5499 2295 5572 (40)
2326 5493 2462 5552 ’Δαῖτὸ
2512 5493 2813 5572 τῆςόὗν,
2845 5500 2956 5572 etc.
3015 5497 3134 5572 Hoc
3186 5493 3305 5572 est,
3367 5500 3680 5572 Cavendum
3728 5519 3764 5558 a

2173 5567 2317 5626 iunio
2349 5573 2637 5627 interiori:
2668 5567 2924 5638 hominis,
2957 5584 2991 5622 a
3030 5569 3242 5639 jejunio
3268 5571 3422 5626 verbi
3466 5574 3655 5630 divini
3679 5576 3762 5630 to-

2109 5639 2330 5718 tiusque
2356 5642 2595 5718 caelestis
2638 5639 2942 5697 doctrinae:
2998 5656 3113 5711 qua
3155 5641 3226 5696 de
3257 5641 3452 5699 inedia
3508 5646 3763 5718 scriptor

2109 5713 2248 5773 mox
2273 5713 2619 5772 disserebat.
