4130 6426
319 355 436 418 183

1263 357 1658 418 APPENDIX
1701 353 2030 419 OPERUM
2073 353 2140 414 S.
2187 354 2476 438 BASILII
2522 357 2796 450 ΜᾼΘΝΙ.

3634 326 3764 422 ιει

318 488 626 562 Siquidem
658 506 774 546 non
807 491 878 546 de
909 488 1195 562 corporali
1243 489 1397 544 fame
1447 487 1706 559 loquitur
1729 485 1976 558 (alioqui

2102 480 2315 538 Ξικαίων
2374 487 2508 559 (41).
2567 486 2646 544 Οὐ
2701 487 2803 562 γὰρ
2861 487 2986 562 περῖ
3037 490 3134 541 τοῦ
3192 491 3508 566 σωματικοῦ
3576 487 3748 563 λιμοῦ

321 579 1186 651 dixisset,corporajustorum),
1203 578 1304 634 sed
1318 579 1388 633 de
1401 577 1738 634 animarum
1761 575 1978 632 inedia.

319 670 437 725 Non
466 669 623 724 enim
681 667 975 738 interﬁciet
1019 670 1166 738 [ame
1213 669 1431 723 ani-mas
1482 669 1804 737 iustorum:
1839 664 1980 720 alio-

321 751 467 830 quin
495 758 604 813 hoc
635 762 802 829 pacto
836 759 894 811 in
928 758 1232 812 beatorum
1264 757 1383 812 vita
1425 758 1626 812 futura
1656 759 1811 811 esset
1849 771 1984 810 con-

319 847 619 914 trarietas,
650 845 1122 917 quandoquidem
1177 845 1395 902 Paulus
1429 846 1487 900 in
1538 846 1630 900 his
1662 847 1732 900 de
1765 844 1981 917 quibus

323 935 612 1009 gloriatur
641 936 698 990 id
755 940 1102 990 enumerat:
1163 937 1221 990 In
1265 937 1506 1006 jejuniis
1561 935 1802 1006 saepe”;
1841 935 1980 989 item

322 1025 470 1080 illud
503 1042 515 1079 :
549 1029 606 1079 In
635 1027 785 1096 fame
812 1028 863 1079 et
890 1025 990 1080 siti
1019 1024 1083 1080 θ’.
1120 1025 1356 1079 Famem
1395 1028 1592 1079 autem
1621 1041 1653 1078 a
1676 1023 1858 1094 justis
1890 1023 1983 1077 de-

325 1117 616 1187 precatur.
653 1118 873 1169 Verum
905 1113 1143 1185 singula
1176 1113 1297 1169 haec
1329 1117 1567 1185 praestat
1596 1114 1768 1183 juxta
1797 1111 1978 1167 subli-

323 1203 570 1260 miorem
587 1203 795 1258 inediae
809 1201 1263 1272 intelligentiam
1280 1201 1979 1274 interpretari.Ejusmodi

324 1297 412 1348 est
438 1297 495 1348 et
522 1291 671 1347 illud
699 1307 712 1346 :
748 1293 866 1346 Non
895 1291 1016 1346 vidi
1044 1293 1254 1359 iustum
1297 1291 1637 1358 derelictum,
1667 1307 1766 1346 nec
1794 1307 1982 1346 semen

321 1383 442 1454 ejus
472 1396 726 1454 quarens
751 1397 954 1452 panem
975 1382 1037 1435 9‘.
1075 1381 1450 1437 Meminimus
1492 1381 1650 1436 enim
1691 1379 1847 1442 Elian,
1882 1381 1979 1451 qui

326 1489 361 1529 a
388 1471 670 1528 Sidonide
698 1471 904 1541 petivit
934 1487 1145 1542 panem
1169 1471 1213 1506 ⁰⁸
1244 1489 1257 1526 :
1293 1471 1431 1542 quin
1463 1475 1521 1525 et
1549 1485 1746 1525 semen
1779 1469 1980 1524 Jacobi

323 1560 384 1616 in
415 1563 663 1632 Egypto
697 1575 880 1630 panes
929 1560 1244 1630 quaarebat.
1293 1559 1455 1624 Quod
1503 1558 1553 1614 si
1601 1557 1983 1614 vitaverimus

327 1651 616 1722 abjectam
647 1652 704 1704 et
725 1648 1008 1704 humilem
1029 1648 1645 1720 intelligentiam,jam
1676 1652 1984 1703 evanescat

326 1755 396 1794 ea
425 1754 554 1810 quas
587 1736 647 1792 in
677 1737 988 1792 verborum
1040 1737 1429 1809 repugnantia
1475 1737 1590 1792 sita
1618 1741 1707 1792 est
1737 1735 1980 1808 ineptia.

325 1825 633 1900 Ejusmodi
653 1826 1442 1928 igiturjejuuiajejunabant
1462 1825 1734 1894 Judrei,fa
1802 1841 1983 1927 eene-
2013 1863 2061 1928 Β

326 1921 528 1975 cautes
559 1916 896 1973 interiorem
929 1934 1104 1972 suum
1154 1917 1477 1987 hominem,
1530 1918 1685 1990 quod
1719 1918 1789 1972 ad
1822 1917 1984 1988 ipsos

326 2006 693 2080 pervenisset
712 2005 1092 2062 comminatio
1122 2006 1246 2074 illa,
1281 2024 1408 2079 quae
1455 2007 1633 2062 dicit:
1666 2008 1820 2063 406
1853 2008 1986 2065 Ecce

325 2096 443 2152 dies
473 2097 723 2163 veniunt,
742 2095 885 2150 dicit
907 2097 1188 2164 Dominus,
1215 2101 1270 2151 et
1301 2095 1561 2151 inducam
1589 2113 1756 2168 super
1776 2105 1986 2152 terram

325 2185 467 2241 hanc
501 2185 744 2257 famem:
775 2201 885 2240 non
907 2186 1114 2253 famem
1143 2186 1327 2256 panis,
1379 2201 1554 2257 neque
1597 2188 1749 2242 sitim
1787 2203 1983 2258 aqua;

325 2273 420 2330 sed
443 2275 649 2345 famem
677 2272 949 2329 audiendi
967 2274 1194 2329 verbum
1229 2275 1451 2330 Domini
1469 2275 1987 2348 9°.ltaquejejunia

331 2363 528 2419 odisse
557 2378 620 2417 se
641 2361 786 2418 dicit
811 2362 1117 2430 Dominus,
1142 2380 1365 2430 eorum,
1392 2363 1491 2435 qui
1516 2365 1781 2420 animum
1806 2383 1984 2422 suum

331 2451 653 2508 coniiciunt
673 2451 908 2523 quidem
933 2453 1065 2508 tabe
1097 2470 1210 2524 prae
1236 2453 1584 2509 salutarium
1609 2472 1673 2509 ac
1695 2455 1987 2510 vivifican-

328 2542 482 2597 tium
499 2541 990 2596 documentorum
1015 2541 1210 2597 inedia
1235 2560 1247 2598 :
1269 2543 1370 2597 sed
1389 2543 1830 2616 pinguefaciunt
1849 2563 1988 2617 prae-

333 2633 424 2685 ter
481 2630 723 2684 modum
803 2631 1192 2702 saginantque
1267 2632 1611 2688 exteriorem
1663 2635 1983 2690 hominem.

335 2718 846 2784 Quemadmodum
863 2719 954 2774 eni
967 2736 1022 2774 m
1037 2719 1095 2774 in
1111 2719 1270 2775 librae
1286 2724 1841 2795 momento,quando
1856 2723 1991 2779 lanx

337 2806 522 2863 altera
568 2808 847 2864 deorsum
893 2809 1100 2880 vergit,
1135 2827 1202 2864 ea
1249 2828 1376 2882 quae
1436 2811 1573 2867 huic
1602 2817 1847 2869 obversa
1879 2819 1987 2883 est,

338 2895 675 2955 attollitur:
711 2897 836 2969 pari
885 2899 1110 2954 ratione
1157 2898 1216 2954 in
1259 2900 1498 2957 homine
1539 2902 1594 2956 id
1638 2903 1834 2974 ipsum
1866 2903 1991 2960 ﬁeri

340 2985 532 3058 quivis
564 2987 865 3043 advertere
887 2992 1097 3060 potest.
1122 2990 1266 3045 Cum
1292 2991 1449 3046 enim
1483 2991 1815 3064 pinguescit
1834 3010 1988 3062 caro,

339 3073 628 3147 contingit
658 3080 913 3132 mentem
941 3077 1062 3132 fieri
1091 3080 1343 3149 quodam
1369 3082 1541 3137 modo
1565 3081 1946 3138 infirmiorem
1975 3100 1989 3150 ;

338 3164 639 3221 extenuari
692 3181 828 3221 vero
875 3182 1282 3238 saepenumero
1331 3185 1586 3239 carnem,
1641 3171 1785 3226 dum
1825 3189 1992 3228 mens

336 3252 552 3310 iterum
584 3253 739 3310 bona
786 3253 1133 3312 habitudine
1180 3258 1417 3328 gaudet.
1451 3259 1520 3314 Et
1568 3259 1624 3315 id
1674 3260 1868 3333 ipsum
1902 3269 1992 3319 est
2021 3243 2064 3308 α

337 3343 492 3416 quod
545 3343 628 3398 ait
671 3343 1008 3416 Apostolus,
1069 3347 1248 3416 quod,
1309 3350 1538 3403 tantum
1593 3353 1991 3424 corrumpitur

335 3430 588 3487 exterior
616 3431 813 3498 homo,
844 3437 1077 3488 tantum
1131 3443 1442 3492 renovatur
1485 3439 1730 3494 interior
1749 3440 1812 3496 ⁸⁷.
1847 3441 1989 3498 Item

334 3519 524 3576 illud:
574 3521 800 3588 Quando
855 3522 1133 3592 inﬁrmor,
1188 3529 1322 3579 tunc
1374 3530 1563 3596 potem
1607 3543 1728 3583 sum
1746 3530 1809 3585 9⁸.
1845 3530 1990 3588 Nam

336 3607 664 3678 fuliginosaa
688 3611 956 3681 quaedam
988 3610 1388 3669 exhalationes
1418 3630 1486 3668 ex
1511 3616 1746 3686 c0pioso
1775 3625 1832 3674 et
1863 3621 1992 3692 pin-

337 3695 436 3769 gui
473 3696 752 3755 alimento
785 3699 1036 3767 emissae,
1071 3701 1271 3756 densae
1319 3703 1492 3759 nubis
1524 3705 1710 3760 instar
1740 3707 1990 3764 infusam

340 3786 553 3842 animus
583 3803 617 3844 a
635 3787 858 3860 Spiritu
881 3793 1084 3845 sancto
1111 3789 1568 3848 illustrationem
1591 3794 1988 3868 intercipiunt.

337 3873 623 3938 Quocirca
655 3880 713 3931 et
739 3876 969 3946 Moyses
991 3878 1063 3933 ad
1089 3878 1192 3933 Dei
1224 3881 1772 3954 contemplationem
1798 3893 1995 3944 monte

339 3963 690 4032 ascendens,
740 3966 1139 4038 quadraginta
1187 3967 1314 4025 dies
1343 3985 1377 4024 a
1418 3971 1548 4026 cibo
1580 3982 1838 4046 potuque
1871 3993 1994 4047 per-

338 4057 677 4109 severanter
705 4054 996 4110 abstinuit
1020 4073 1033 4123 ;
1059 4057 1278 4129 quippe
1299 4059 1398 4129 qui
1420 4063 1729 4119 statuisset
1753 4069 1817 4120 ut
1841 4066 1994 4137 prin-

339 4157 480 4214 ceps
509 4141 718 4198 animae
752 4160 871 4199 sum
906 4145 1155 4202 facultas
1200 4149 1658 4216 perturbationis
1688 4156 1881 4209 omnis
1903 4173 1995 4210 ex-

337 4245 473 4301 pers
503 4232 862 4302 persisteret.
896 4234 1182 4290 Similiter
1206 4235 1383 4294 Elias.
1405 4237 1589 4294 Deum
1614 4243 1992 4312 quaesiturus,

339 4319 551 4391 aequali
581 4323 862 4393 temporis
895 4322 1202 4379 intervallo
1233 4341 1396 4382 escas
1435 4327 1742 4397 fastidivit,
1777 4349 1848 4387 ne
1880 4350 1997 4404 qua

340 4409 525 4464 menti
555 4427 589 4465 a
617 4410 767 4467 cibis
797 4413 1204 4468 effunderetur
1251 4415 1459 4487 caligo.
1511 4420 1582 4473 At
1629 4437 1660 4475 e
1704 4423 1995 4479 contrario

340 4497 628 4554 Dominus
649 4516 719 4555 ex
741 4501 990 4557 mortuis
1013 4517 1348 4574 resurgens,
1373 4511 1430 4561 et
1450 4508 1521 4562 ad
1549 4509 1723 4564 caelos
1743 4512 1998 4581 rediens,

2092 571 2235 649 λέγει
2294 575 2354 648 (ἧ
2408 575 2509 651 γὰρ
2567 573 2626 630 ἂν
2675 577 2809 648 εἶπε,
2844 578 3072 650 σώματα
3130 573 3401 650 δικαίων),
3446 576 3594 634 ἀλλὰ
3621 579 3747 656 περὶ

2088 668 2185 718 τοῦ
2229 667 2470 740 ψυχικοῦ
2516 666 2595 723 Οὐ
2641 669 2744 742 γὰρ
2805 665 3196 740 λιμοκτονήσει
3260 668 3443 742 ψυχὰς
3501 665 3745 725 δικαίων,

2093 748 2235 807 οὕτω
2269 750 2312 807 δ’
2345 749 2404 806 ἄν
2457 755 2544 808 καὶ
2609 753 2918 828 ἐναντίωμα
2975 756 3041 824 ἦν
3101 755 3237 830 πρὸς
3287 745 3409 827 ’(42)
3467 755 3583 812 τὸν.
3642 761 3751 812 τῶν

2095 843 2375 917 μακαρίων
2437 841 2574 918 βίον,
2627 841 2778 920 εἰπερ
2835 842 3051 906 Παῦλος
3114 845 3208 917 μὲν
3261 844 3312 899 ἐν
3373 850 3488 907 τοῖς
3536 849 3750 922 καυχή-

2095 952 2253 1003 μασιν
2295 931 2517 1006 ἀριθμεῖ
2570 932 2654 1003 τὸ,
2712 935 2799 988 Ἐν
2855 933 3128 1004 νηστείαις
3185 931 3479 1002 πολλάκις,
3531 936 3620 988 καὶ
3663 935 3749 1006 τὸ,

2093 1021 2178 1074 Ἐν
2219 1019 2370 1093 λιμῷ
2426 1023 2514 1076 καὶ
2575 1019 2740 1096 δίψει.
2793 1023 2892 1077 Τὸν
2953 1021 3009 1078 δὲ
3067 1018 3231 1096 λιμὸν
3285 1024 3578 1099 ἀπεύχεται
3631 1031 3748 1087 τοῖς

2092 1107 2345 1171 δικαίοις.
2410 1109 2588 1165 Ἀλλὰ
2649 1109 2878 1187 βέλτιων
2928 1112 3134 1166 τούτων
3195 1109 3418 1167 ἕκαστον
3464 1115 3600 1168 κατᾶ
3654 1114 3748 1170 τὸν

2093 1195 2434 1273 ὑψηλότερον
2492 1200 2616 1274 περὶ
2675 1198 2876 1262 ἐνδείας
2934 1203 3056 1254 νοῦν
3119 1199 3415 1272 ἐξακούειν.
3484 1203 3749 1260 Τοιοῦτόν

2091 1285 2203 1342 ἐστι
2260 1287 2349 1342 καὶ
2406 1289 2490 1360 τὸ,
2546 1286 2659 1345 Οὐκ
2718 1286 2858 1344 εἶδον
2917 1286 3122 1344 δίκαιον
3187 1287 3747 1365 ἐγκαταλελειμμὲον,

2092 1374 2217 1432 οὐδὲ
2263 1377 2325 1431 τὸ
2381 1377 2596 1451 σπέρμα
2651 1377 2816 1433 αὐτοῦ
2867 1383 3060 1447 ζητοῦν
3126 1375 3344 1453 ἄρτους.
3405 1381 3750 1454 Μιμνήμιθα

2091 1467 2193 1542 γὰρ
2252 1465 2446 1521 ’Πλίου
2498 1469 2830 1537 ζητήσαντος
2888 1465 3047 1542 ἄρτον
3097 1469 3244 1543 παρὰ
3298 1475 3398 1538 τῆς
3455 1466 3746 1538 Σιδωνίας,

2093 1554 2241 1610 ἀλλὰ
2297 1557 2385 1610 καὶ
2441 1557 2504 1610 τὸ
2558 1556 2776 1631 σπέρμα
2841 1552 3060 1624 Ἰακὼϐ,
3109 1562 3207 1612 τοῦ
3265 1555 3505 1628 δικαίου,
3553 1555 3748 1634 ἄρτους

2092 1645 2269 1716 ἐζήτει
2301 1647 2415 1720 (43)
2473 1646 2550 1708 είς
2607 1646 2904 1720 Αἴγυπτον.
2953 1647 3074 1702 Ἐὰν
3122 1643 3179 1701 δὲ
3238 1647 3498 1723 φὺγωμιν
3524 1649 3625 1716 τὴν
3658 1669 3753 1703 τα-

2092 1736 2282 1804 πεινὴν
2333 1734 2570 1808 ἔννοιαν,
2601 1736 2691 1789 καὶ
2741 1739 2774 1805 ἠ
2832 1734 2883 1791 ἐν
2942 1741 3057 1800 τοῖς
3115 1735 3510 1809 ἐναντιώμασιν
3551 1737 3749 1794 ἀτοπια

2093 1821 2601 1895 συνδιαλυθησεται.
2634 1825 2838 1887 Ταύτας
2896 1824 2985 1880 οῦν
3039 1823 3324 1897 ἓνήστευον
3356 1827 3452 1888 τὰς
3499 1826 3749 1898 νηστείας

2093 1916 2144 1970 οἱ
2176 1912 2454 1983 Ἰουδαῖοι,
2488 1913 2944 1987 λιμοκτονοῦντες
3005 1915 3207 1970 ἑαυτῶν
3257 1914 3350 1971 τὸν
3402 1909 3507 1970 ἔσω
3542 1914 3747 1992 ἄνθρω·

2092 2025 2216 2072 πον,
2250 2002 2338 2059 διὰ
2364 2005 2427 2059 τὸ
2454 2005 2650 2082 φθάσαι
2697 2003 2779 2059 in’
2808 2002 3004 2066 αὐτοὺς
3049 2006 3150 2074 τήν
3183 2002 3448 2079 λέγουσαν
3489 2005 3746 2079 ἀπειλὴν,

2094 2095 2176 2149 δτι
2263 2091 2404 2150 Ἰδοὺ
2488 2095 2693 2169 ἡμέραι
2773 2088 3048 2170 ἔρχονται,
3122 2092 3268 2168 λέγει
3357 2093 3575 2169 Κύριος,
3655 2095 3745 2149 καὶ

2094 2181 2271 2256 ἰπάξω
2326 2185 2438 2255 (44)
2483 2181 2571 2237 ἐπὶ
2628 2184 2727 2252 τὴν
2788 2190 2892 2258 γῆν
2940 2181 3142 2254 ταύτην
3205 2181 3394 2255 λιμὸν,
3456 2182 3518 2237 οὗ
3576 2181 3745 2256 λιμὸν

2095 2269 2282 2348 ἄρτου,
2344 2269 2468 2326 οὐδὲ
2525 2269 2683 2346 δίψαν
2735 2269 2954 2344 ὕδατος,
3004 2270 3150 2327 ἀλλὰ
3206 2270 3371 2345 λιμὸν
3428 2277 3524 2327 τοῦ
3583 2274 3749 2328 ἀκοῦ-

2096 2382 2182 2414 σαι
2239 2359 2399 2436 λόγον
2461 2361 2680 2434 Κυρίου.
2760 2360 2965 2424 Ταύτας
3037 2359 3129 2416 οῦν
3198 2360 3293 2423 τὰς
3357 2361 3605 2430 νηστείας
3666 2383 3750 2435 μι-

2097 2455 2206 2505 σεῖν
2237 2448 2382 2524 λέγει
2414 2451 2443 2504 6
2476 2449 2678 2524 Κύριος
2729 2451 2864 2524 (45),
2896 2453 3004 2505 τῶν
3045 2448 3384 2519 ἆκτηκόντων
3420 2450 3514 2524 μὶν
3548 2451 3748 2506 ὶαυτῶν

2094 2539 2185 2594 τὸν
2242 2543 2367 2594 νοῦν
2425 2537 2477 2594 ἐν
2535 2539 2763 2616 ἀτροφίᾳ
2818 2543 2928 2594 τῶν
2988 2539 3276 2615 σωτηρίων
3327 2541 3415 2594 καὶ
3463 2540 3748 2610 ζωοποιῶν

2099 2626 2468 2703 διδαγμάτων,
2523 2629 2984 2702 ὑπερπιαινόντων
3035 2625 3092 2683 δὲ
3144 2629 3232 2683 καὶ
3276 2629 3751 2706 κατὰσᾳρκούντων

2097 2719 2190 2772 τὸν
2222 2716 2322 2788 ἔξω
2370 2716 2672 2793 ἄνθρωπον.
2727 2718 2826 2772 Καὶ
2877 2719 2978 2794 γὰρ
3032 2716 3212 2791 ὥσπερ
3257 2718 3310 2772 ἐν
3366 2723 3528 2792 ζυγοῦ
3580 2719 3754 2795 ῥοπῇ-

2101 2807 2224 2863 δταν
2285 2808 2515 2883 βαρῆται
2569 2808 2630 2861 τὸ
2695 2804 2901 2883 ἕτερον,
2962 2807 3256 2880 ἀνυψοῦταί
3315 2828 3430 2869 πως
3484 2808 3546 2862 τὸ
3611 2807 3751 2864 ἂντιι

2102 2898 2369 2972 κείμενον
2432 2896 2574 2951 οὕτω
2625 2896 2714 2950 καὶ
2764 2896 2852 2950 ἐπὶ
2927 2895 3214 2972 ἀνθρώπου
3284 2898 3398 2968 (46)
3449 2891 3750 2968 συμϐαῖνον

2099 2987 2210 3044 ῒδοι
2239 3008 2320 3048 τις
2464 2987 2671 3062 Σαρκὸς
2707 2986 2799 3058 μὲν
2847 2985 2950 3061 γὰρ
2990 2982 3430 3058 πληθυνομένης,
3464 2977 3747 3056 συμϐαίνει

2099 3079 2189 3134 τὸν
2247 3080 2367 3132 νοῦν
2426 3096 2543 3137 πως
2604 3073 2978 3151 ἀσθενέστερον
3048 3072 3306 3148 γίνεσθαι⁸
3381 3076 3478 3127 τοῦ
3536 3076 3633 3126 νοῦ
3692 3069 3751 3126 δὲ

2100 3165 2265 3222 πάλιν
2327 3164 2689 3232 εὖεκτοῦνσος,
2756 3166 2855 3234 τὴν
2936 3161 3106 3238 σάρκα
3168 3159 3440 3226 πολλάκις
3521 3159 3752 3216 καταλε-

2101 3258 2407 3314 πτύνεσθαι.
2442 3258 2543 3312 Καὶ
2595 3255 2756 3310 τοῦτό
2815 3255 2958 3311 ἐστιν
3009 3255 3038 3310 6
3089 3275 3250 3332 φησιν
3306 3254 3336 3308 6
3390 3248 3753 3322 Ἀπόστολος,

2099 3347 2182 3404 ὅτι
2214 3347 2337 3403 ὅσον
2372 3349 2400 3402 6
2431 3343 2533 3416 ἔξω
2564 3346 2850 3420 ἄνθρωπος
2891 3341 3256 3422 διαφθείρεται
3305 3344 3442 3416 (47),
3481 3343 3752 3396 τπσοῦτον

2099 3440 2127 3492 ὁ
2185 3435 2292 3492 ἴσω
2348 3435 2749 3490 ἀνακαινοῦταιο
2807 3434 2898 3486 καὶ
2956 3432 3040 3498 1:6,
3117 3433 3286 3508 ’Όταν
3341 3430 3570 3497 ἀσθενῶ,
3628 3430 3753 3484 τότε

2101 3525 2326 3587 δυνατός
2374 3523 2506 3595 εἶμι.
2569 3527 2677 3590 Τῆς
2729 3522 2830 3595 γὰρ
2889 3517 3156 3592 δαψιλοῦς
3211 3518 3303 3572 καὶ
3355 3517 3590 3594 παχείας
3618 3537 3749 3592 τρο-

2102 3622 2210 3694 φῆς
2259 3608 2585 3676 αὶθαλώδεις
2634 3610 2778 3671 τινὲς
2832 3608 3215 3681 ἀναθυμιάσεις
3273 3607 3747 3682 ἀναπιμπόμεναι,

2101 3701 2335 3779 νεφέλης
2375 3699 2528 3770 δίκην
2559 3705 2768 3767 πυκνῆς
2824 3699 2919 3761 τὰς
2975 3697 3081 3752 ἀπὸ
3133 3700 3230 3751 τοῦ
3256 3696 3417 3772 ἁγίου
3448 3699 3561 3772 (48)
3594 3695 3758 3752 Ηνεύ-

2107 3813 2274 3866 ματος
2328 3787 2681 3865 ἐγγινομένας
2735 3784 3043 3860 ὲλλάμψεις
3099 3785 3175 3862 είς
3232 3787 3324 3840 τὸν
3384 3789 3506 3841 νοῦν
3568 3781 3754 3841 διακὸ-

2102 3903 2317 3937 πτουσι.
2381 3879 2472 3934 Διὸ
2521 3878 2614 3933 καὶ
2670 3877 2911 3946 Μωῦσῆς
2966 3875 3103 3949 πρὸς
3153 3873 3384 3954 θεωρίαν
3445 3879 3579 3950 Θεοῦ
3635 3875 3758 3930 ἀνα-

2104 3969 2302 4029 ϐαίνων
2359 3970 2449 4026 διὰ
2503 3973 2600 4025 τοῦ
2657 3971 2769 4039 νοῦ,
2825 3966 3009 4028 ἄσιτος
3090 3961 3180 4022 καὶ
3259 3967 3461 4028 ἄποτος
3532 3966 3757 4039 ἡμερῶν

2102 4064 2497 4136 τεσσαράκοντα
2581 4057 2873 4114 διετέλεσεν
2929 4054 3208 4121 ἀθόλωτον
3281 4053 3558 4128 ’διαμένειν
3614 4053 3759 4125 αὖτῷ

2102 4155 2166 4209 τὸ
2213 4150 2539 4228 ἡγεμονικὸν
2596 4146 2994 4220 διοικούμενος.
3051 4144 3242 4207 Ἦλίας
3297 4166 3356 4199 τε
3401 4143 3633 4218 ὁμοίως,
3669 4140 3760 4198 δτι

2105 4239 2335 4316 ἔμελλεν
2395 4239 2637 4308 ὲκζητεῖν
2709 4236 2801 4290 τὸν
2857 4237 3010 4316 Θεὸν,
3089 4235 3143 4290 ἰν
3220 4233 3322 4306 ἴσῳ
3396 4233 3584 4310 χρόνῳ
3648 4236 3754 4287 τῶν

2103 4335 2319 4410 τροφῶν
2374 4324 2672 4403 ὑπερεῖδεν,
2723 4324 2860 4380 ὥστε
2920 4322 3195 4398 μηδεμίαν
3248 4328 3328 4398 τῷ
3386 4327 3460 4395 νῷ
3517 4323 3757 4398 γενισθαι

2105 4422 2211 4476 ἀπὸ
2260 4423 2376 4491 (49)
2429 4422 2536 4472 τῶν
2592 4419 2808 4493 τροφῶν
2870 4415 3240 4482 ἐπισκότησιν.
3296 4414 3355 4470 Ὀ
3408 4411 3591 4484 μέντοι
3643 4410 3760 4466 Κύ-

2109 4532 2226 4585 ριος
2288 4507 2537 4567 ἐναντίως
2604 4505 2834 4567 ἀναστὰς
2891 4505 2984 4577 μὶν
3046 4503 3152 4558 ἄπο
3211 4506 3433 4577 νεκρῶν,
3487 4501 3576 4556 καὶ
3623 4500 3758 4576 πρὸς

339 4586 502 4643 cibos
534 4589 886 4660 degustavit,
915 4591 1186 4646 suscitati
1209 4596 1469 4665 corporis
1500 4603 1771 4654 naturam
1804 4605 1988 4656 astru-

2104 4599 2233 4661 τοὺς
2290 4595 2552 4673 οὐρανοὺς
2603 4595 2859 4662 ἐπανιὼν,
2910 4600 3120 4672 τροφῆς
3184 4592 3385 4666 ἥψατο,
3439 4592 3539 4659 τήν
3602 4589 3759 4666 φύσιν

338 4691 443 4733 ens
467 4689 481 4730 :
515 4691 650 4732 cum
675 4681 868 4733 autem
885 4695 953 4734 ex
977 4678 1341 4752 indulgentia
1363 4699 1491 4740 sese
1522 4690 1988 4746 accommodaret

2102 4694 2195 4745 τοῦ
2243 4689 2496 4761 σώματος
2551 4689 2649 4741 τοῦ
2700 4685 3059 4757 ἀνισταμένου
3118 4680 3505 4754 πιστούμενος·
3565 4699 3758 4754 συγκα-

409 4791 455 4827 ⁹²
484 4791 702 4881 ligor;
727 4811 806 4860 xi,
838 4795 928 4849 27.
966 4796 1052 4881 “3’
1083 4794 1223 4851 ibid.
1300 4800 1346 4834 οδ
1373 4799 1530 4856 Psal.
1582 4819 1769 4876 xxxvr,
1801 4806 1892 4862 25.
1971 4808 1988 4842 ⁸

2102 4807 2139 4864 [Ι
2195 4811 2332 4881 Reg.
2375 4821 2514 4874 xvu,
2577 4804 2664 4858 11.
2742 4803 2786 4838 ’⁸
2821 4805 2991 4858 Amos
3020 4818 3145 4871 vm,
3205 4801 3292 4855 11.
3369 4799 3412 4834 ⁸⁷
3445 4798 3492 4854 ΙΙ
3521 4799 3652 4854 Cor.
3683 4811 3761 4863 ιν,

342 4862 430 4920 16.
507 4865 550 4901 ³⁸
579 4865 630 4922 Π
661 4865 790 4922 Cor.
822 4883 926 4933 xu,
959 4867 1045 4921 10.

404 4978 518 5050 (41)
545 4981 640 5037 Sic
671 4982 810 5050 Reg.
849 4981 1147 5039 secundus
1176 4999 1311 5040 cum
1345 4986 1506 5044 Colb.
1551 4989 1753 5046 itidem
1789 5009 2001 5049 secun-

334 5049 716 5132 dggpterque
745 5049 1081 5132 Combelisii
1117 5057 1298 5132 codex
1328 5065 1382 5132 et
1408 5060 1547 5132 Reg.
1584 5068 1835 5132 quartus
1865 5083 1998 5122 cnm

335 5119 496 5211 DXX’,
526 5119 978 5211 qiu'i’ijv6ixaiav,
1026 5128 1282 5211 animam
1316 5119 1551 5200 justam.
1600 5119 1777 5211 Editi,

337 5187 583 5284 ξικαςων.
606 5187 838 5284 idcirco
870 5187 1066 5284 autem
1098 5199 1285 5280 edend
1311 5187 1407 5284 um
1432 5187 1788 5271 curavimus,

337 5259 559 5341 δικαίων
589 5271 745 5341 quod
777 5271 978 5326 statim
1011 5269 1180 5341 itariu
1213 5275 1491 5331 omnibus
1545 5259 1997 5338 ιηέέζῖόηὲἱέτῖἷ

339 5340 428 5425 ter
457 5337 686 5425 legat-ur
714 5357 726 5395 :
756 5341 974 5425 quippe
996 5340 1314 5425 verisimile
1339 5346 1508 5425 nobis
1533 5350 1615 5425 (lt,
1646 5337 1994 5425 scriptorem

340 5411 594 5480 utroque
625 5411 751 5480 loco
777 5411 954 5468 modo
987 5414 1191 5469 eodem
1229 5414 1490 5474 locutum
1527 5411 1729 5477 fuisse.

418 5481 650 5568 (lia-Sic
859 5489 932 5541 At
962 5484 1124 5568 editi,
1159 5483 1215 5539 δὲ
1244 5483 1304 5568 liv
1326 5489 1414 5541 καί
1473 5489 1774 5565 ἐναντίωμα
1830 5494 1996 5568 Πρός,

346 5555 458 5636 etc.
495 5551 625 5636 ilng
669 5556 830 5636 Qolb.
887 5557 1201 5636 secundus,
1246 5559 1563 5636 ἀπαριθμεῖ.
1617 5551 1754 5636 Reg.
1787 5551 1996 5624 securi:

345 5622 481 5705 diis,
514 5622 920 5705 a’inapttlpa‘itai.
952 5629 1210 5705 Conatur
1239 5622 1489 5705 scriptor
1515 5622 1757 5695 Paulu‘m
1801 5622 1863 5695 et
1891 5622 1996 5696 Sa-

347 5692 642 5756 Idmonem
677 5692 831 5757 inter
859 5717 920 5758 se
942 5700 1273 5775 conciliare,
1299 5692 1418 5779 qui,
1452 5707 1501 5765 si
1525 5692 1595 5768 de
1617 5692 1997 5771 eadem'iame

2111 5012 2442 5054 sermonem
2476 4993 2779 5058 baberetn,
2812 4987 3139 5062 pugnantia
3173 4988 3572 5062 loquerentur.

2204 5070 2290 5143 43)
2323 5069 2417 5143 Sic
2445 5065 2706 5143 quinque
2730 5057 2872 5118 mss.
2898 5057 3590 5143 ’γβνρξξζήτησενᾶ

2205 5130 2296 5208 44)
2335 5142 2416 5194 lta
2449 5130 2860 5212 quinquemss.
2895 5137 2969 5189 At
2997 5130 3444 5212 editi.__éj"°"7‘i".

2181 5198 2292 5282 (45)
2321 5198 2480 5268 Editi
2507 5198 2640 5265 cum
2674 5207 2863 5262 tribus
2897 5223 3068 5273 mss.,
3102 5204 3130 5257 6
3163 5198 3384 5276 Κύριός.
3417 5200 3528 5257 Alii
3561 5205 3702 5269 tres,
3735 5198 3763 5250 ὁ

2109 5284 2257 5345 Θεῦς.

2181 5343 2288 5426 (46)
2320 5355 2404 5411 Ita
2437 5354 2572 5426 Reg.
2625 5349 2943 5426 secundus.
3002 5347 3486 5426 _Supple,_zo‘uro.
3542 5343 3762 5426 ibidem

2109 5414 2247 5484 editi
2274 5414 2335 5483 et
2363 5414 2572 5496 reliqui
2602 5440 2766 5488 mss.,
2813 5414 3208 5496 ἀντικείμενον.
3232 5416 3466 5496 ,Σαρκὸς
3501 5414 3618 5489 μὲν,
3651 5420 3759 5469 etc.

2178 5502 2290 5570 (47)
2328 5502 2385 5554 ln
2416 5488 2646 5571 duobus
2679 5510 2821 5571 mss.
2856 5488 3093 5571 legitur,
3127 5488 3451 5571 coenam."
3481 5559 3492 5571 .

2177 5560 2291 5640 (/18)
2319 5574 2490 5640 Deest
2538 5566 2816 5640 q'z-{iou__i_n_
2857 5560 3154 5640 aliquibus
3187 5560 3350 5640 _mss.
3415 5560 3631 5640 Ibidem
3666 5573 3764 5613 sex

2107 5630 2252 5699 mss.
2265 5630 2285 5716 ,Ι
2312 5630 3013 5716 ἐγγινομένας-’ἐλλάμψὲι-ς.
3048 5634 3239 5716 ΕᾴἰιξἸ
3253 5630 3562 5716 γινομενας.

2176 5703 2287 5790 (49)
2318 5703 2411 5770 sic
2441 5703 2586 5802 mss.
2619 5703 2858 5805 aliquot.
2888 5703 3069 5786 Deest
3092 5704 3198 5763 ἀπό
3223 5703 3285 5764 in
3319 5703 3513 5802 editis.
