4130 6424
408 471 521 532 189

1253 462 1663 534 GOMMENT.
1711 464 1789 524 IN
1835 461 2109 524 lSAlAM
2165 415 2670 523 recensum.
2718 463 2886 524 οΑρ.
2933 463 2982 524 1.

3720 463 3837 523 190

409 603 736 677 μαθήκαμεν
790 597 1068 674 λέγοντος·
1133 596 1428 652 Διεπιτασα
1487 597 1624 670 πρὸς
1681 595 1740 650 σὲ
1777 579 1889 658 ⁴τᾶις
1938 598 2064 670 χεῖ-

2188 610 2329 650 mea:
2358 603 2378 639 ι
2410 613 2427 648 :
2451 597 2544 652 et:
2580 596 2822 654 Elevaiio
2872 612 3141 652 manuum
3179 612 3434 652 mearum
3487 595 3832 668 sacriﬁcium

410 691 503 768 ράς
574 710 698 764 μου·
780 689 891 757 καὶ,
972 688 1238 761 Ἔπαρσις
1313 690 1418 742 τῶν
1484 690 1686 762 χειρῶν
1748 706 1851 758 μου
1910 685 2068 748 θυσία

411 781 686 857 ισπερινή·
765 778 1042 838 Μωυσέως
1108 773 1186 848 δὶ,
1237 773 1660 848 πολεμουμένου
1701 779 1797 829 τοῦ
1844 772 2067 849 Ἰσραὴλ

417 872 612 946 μέχρις
652 865 818 938 ἡλίου
868 863 1109 938 δυσμῶνο
1153 863 1204 920 ἐν
1232 868 1300 938 τῇ
1328 863 1535 919 ἐκτάσει
1565 865 1660 928 τὰς
1690 869 1879 939 χεῖρας
1911 860 2066 938 ἔχον-

414 981 527 1022 τος.
563 957 667 1013 Καὶ
698 955 831 1032 πρὸς
861 958 1030 1009 ταῦτα
1058 950 1115 1008 δὶ
1143 954 1206 1008 τὸ
1240 955 1353 1026 (58)
1404 950 1790 1021 ἀποστολικὸν,
1822 950 1874 1006 ἐν
1908 951 2068 1006 παντὶ

412 1048 568 1120 τόπῳ
616 1045 1008 1121 προσεύχεσθαι
1057 1041 1184 1105 τοὺς
1232 1039 1450 1117 ἄνδρας,
1520 1041 1836 1118 ίπαίροντας
1888 1041 2069 1104 ὁσίους

417 1141 629 1212 χεῖρας.
660 1136 811 1210 Τάχα
864 1130 920 1188 δέ
969 1153 1021 1186 τι
1078 1131 1168 1186 καὶ
1233 1131 1524 1208 βαθύτερον
1584 1132 1612 1186 6
1673 1127 1836 1208 λὸγος
1890 1151 2068 1206 παρα-

414 1223 598 1296 δηλοῖ·
661 1224 805 1279 ὃτιὸ
859 1222 925 1277 τὰ
983 1221 1197 1297 μεγάλα
1252 1221 1342 1276 καὶ
1389 1220 1608 1296 οὐράνια
1639 1222 1724 1276 καὶ
1762 1219 1950 1295 ὑψηλὰ
1977 1219 2070 1291 ἆρ-

408 1313 730 1390 γαζόμενος,
809 1313 942 1366 οἱνεὶ
1014 1309 1319 1386 διηρμένην
1388 1305 1534 1386 ἔχων
1609 1312 1708 1380 τὴν
1765 1310 2066 1386 πρακτικὴν

411 1401 668 1476 δύναμιν,
703 1400 942 1474 ἐπαίρειν
995 1402 1089 1463 τὰς
1151 1404 1340 1477 χεῖρας
1389 1399 1622 1476 λέγετιιο
1686 1401 1714 1453 6
1774 1397 1832 1454 δὲ
1882 1420 2070 1455 ταπει-

408 1492 472 1546 νὰ
517 1490 606 1545 καὶ
675 1493 841 1565 γήινα
912 1488 1000 1545 καὶ
1069 1493 1138 1564 τῇ
1197 1491 1372 1567 φθορᾷ
1429 1489 1758 1563 ὑποκείμενα
1812 1488 2068 1564 ένεργῶν,

409 1579 559 1635 κάτω
588 1578 852 1656 ῥεπούσας
879 1579 968 1634 καὶ
1017 1572 1503 1653 καταϐεϐλημένας
1548 1580 1643 1640 τὰς
1703 1583 1894 1655 χεῖρας
1928 1572 2066 1654 ἔχει.

416 1672 599 1728 Τοῦτο
648 1670 736 1724 καὶ
788 1671 823 1739 ἡ
893 1667 1030 1723 κατὰ
1078 1667 1314 1725 Μωυσέα
1370 1668 1774 1746 παραινίσσεται
1834 1667 2068 1743 ἱστορία,

415 1757 500 1814 ὅτι
553 1756 642 1814 διὰ
687 1758 752 1814 τὸ
796 1758 924 1820 τοὺς
979 1754 1390 1832 προκόπτοντος
1451 1759 1528 1831 μὴ
1581 1758 1918 1831 ἐξομαλίζειν
1973 1759 2068 1820 τὰς

409 1846 653 1924 πράξεις,
704 1845 850 1904 ἀλλᾶ
900 1847 1033 1902 ποτὶ
1089 1848 1182 1921 μὲν
1229 1851 1474 1922 κρεῖττον
1538 1849 1710 1923 βιοῦν,
1757 1849 1888 1903 ποτὲ
1917 1845 1974 1902 δὲ
2000 1843 2070 1901 δι’

407 1937 625 1993 ἀτονίαν
699 1935 984 2001 ἐκλύεσθαι
1045 1935 1134 1991 καὶ
1207 1935 1584 2012 ἀσθενέστερον
1661 1936 1916 2014 ἐνεργεῖν,
1967 1943 2068 2007 τῆς
2099 1975 2148 2041 Β

417 2024 434 2041 l
477 2026 502 2041 Α
641 2022 654 2041 Ι
1017 2022 1028 2041 Ι
1274 2024 1286 2041 Ι
1344 2020 1373 2041 ρ
1414 2023 1434 2041 \
1547 2027 1577 2041 εν
1698 2026 1712 2041 \
1797 2025 1809 2041 Ι
2026 2025 2038 2041 Ι

409 2022 750 2099 ἀνθρωπίνης
798 2022 1170 2086 καταστάσεως
1228 2020 1484 2099 σύμϐολα
1539 2027 1603 2095 ἦν
1653 2026 1722 2080 τὰ
1748 2025 1872 2080 τότε
1919 2025 2069 2101 γινό-

413 2134 565 2189 μενα.
626 2113 691 2167 Εἴ
747 2114 843 2188 μὲν
897 2113 1001 2189 γὰρ
1061 2111 1230 2186 ἐπῆρε
1258 2114 1352 2176 τὰς
1403 2118 1616 2190 χεῖρας,
1662 2113 1904 2190 ἐνίσχυεν
1959 2117 2070 2189 (59)

411 2206 440 2260 6
497 2205 742 2277 Ἰσραήλ·
798 2205 886 2259 ὅτε
913 2201 970 2260 δὲ
998 2205 1204 2274 καθῆκα
1231 2203 1326 2268 τὰς
1360 2209 1570 2281 χεῖρας,
1603 2205 1924 2282 κατίσχυσεν
1959 2208 2076 2280 (60)

415 2292 694 2367 Ἀμαλήκ.
750 2294 1052 2366 Τουτέστι,
1107 2293 1557 2364 καταπιπτούσης
1620 2296 1713 2370 μὲν
1761 2298 1923 2368 ἡμῶν
1972 2302 2072 2364 τῆς

420 2381 716 2459 δραστικῆς
763 2381 1070 2457 δυνάμεως,
1133 2383 1316 2460 ῗσχύει
1345 2384 1412 2439 τὰ
1461 2383 1884 2440 ἀντιπαλαίοντα
1913 2387 2071 2457 ἡμῖν.

428 2472 741 2548 ὑψουμένης
773 2469 830 2527 δὲ
857 2473 944 2527 καὶ
980 2471 1356 2548 διαιρυμένης,
1410 2470 1774 2550 δυνατώτερον
1826 2476 1936 2547 (61)
1992 2473 2076 2548 γί-

425 2583 570 2618 νεται
614 2562 678 2617 τὸ
728 2559 1036 2634 διορατικὸν
1088 2562 1138 2617 ἐν
1188 2565 1348 2635 ἡμῖν,
1394 2561 1525 2637 ὅπερ
1580 2561 1802 2636 Ἰσραὴλ
1836 2561 2074 2638 λέγεται.

429 2653 592 2728 Τήρει
649 2648 727 2723 δὲ,
787 2650 870 2706 ὅτι
928 2649 1154 2715 ἐνταῦθα
1212 2651 1312 2706 οὐκ
1361 2651 1788 2728 εἷ’ρηται,“οταν
1821 2652 2079 2728 ἐπαίρητε

423 2743 520 2804 τὰς
580 2746 770 2817 χεῖρας
830 2742 963 2815 (62)”
1026 2739 1189 2811 ἀλλ’,
1247 2743 1410 2799 Ὃταν
1469 2740 1773 2813 ἐκτείνητε.
1835 2742 2076 2817 Ἐπαίρει

429 2831 524 2905 μὶν
581 2830 682 2908 γὰρ
742 2833 770 2886 6
827 2829 894 2885 τὰ
950 2831 1058 2885 ἄνω
1120 2835 1317 2902 ζητῶν,
1377 2830 1595 2887 ἐκτείνει
1639 2829 1882 2902 δὶὸτῆς
1910 2833 1983 2894 είς
2012 2832 2080 2888 τὰ

417 2919 712 2996 ,σωματικᾶ
754 2919 1008 2996 βοηθείας
1053 2917 1423 2993 ἐπιδεόμενος.
1454 2919 1680 2990 Ἐπειδὴ
1715 2918 1772 2977 δὶ
1801 2924 1836 2992 ἡ
1869 2917 2078 2986 ἕκτασις

421 3005 695 3070 πολλάκις
745 3007 880 3062 κατᾶ
935 3004 1168 3061 διάθεσιν
1215 3007 1362 3082 παρὰ
1413 3013 1521 3062 τῶν
1551 3007 1761 3079 νηπίων
1794 3010 1930 3084 πρὸς
1956 3029 2078 3081 τρο-

427 3093 560 3169 φοὺς
592 3095 626 3164 ἢ
665 3096 905 3170 μητέρας
937 3095 1164 3170 γίνεται,
1209 3092 1416 3157 δεικνὺς
1463 3100 1571 3150 τῶν
1626 3095 1939 3171 εὐχομένων
1987 3097 2079 3151 τὸν

416 3180 733 3252 ’ἀδιάθετον,
786 3182 885 3237 οὐκ
936 3183 1102 3252 εἶπεν,
1145 3185 1313 3240 ’Ὀταν
1360 3182 1630 3254 έκτείνητε
1659 3184 1795 3260 πρὸς
1832 3185 1918 3258 μέ⁹
1952 3185 2077 3240 ἀλλ’

429 3269 620 3333 ἁπλῶς
657 3314 671 3340 ,
723 3273 888 3328 ’Ὁταν
945 3270 1257 3340 έκτείνητε,
1312 3271 1482 3349 φησὶ,
1541 3273 1635 3334 τὰς
1699 3277 1891 3348 χεῖρας
1940 3275 2076 3348 (63),

2175 687 2550 757 vespertinum
2579 687 2618 742 ⁵.
2654 686 2802 754 Quin
2836 686 3011 742 etiam
3045 687 3293 758 Moyses,
3314 685 3525 741 lsraele
3548 687 3618 741 ad
3643 701 3832 757 usque

2177 774 2319 832 solis
2353 791 2627 830 occasum
2653 781 2972 847 pugnante,
2998 792 3212 832 manus
3242 774 3644 830 extendebat'.
3663 779 3832 830 Acce-

2178 864 2265 919 dit
2294 868 2351 920 et
2383 863 2526 919 illud
2564 864 2843 936 Apostoli,
2875 865 2974 936 qui
3006 864 3130 920 vult
3183 865 3339 920 viros
3397 863 3458 918 in
3514 862 3673 918 omni
3706 861 3832 918 loco

2178 969 2365 1023 orare,
2428 953 2805 1009 sustollentes
2854 971 3032 1025 puras
3090 971 3304 1009 manus
3331 953 3372 1006 θ.
3408 953 3577 1009 Forte
3635 955 3826 1006 autem

2179 1041 2470 1098 sententia
2499 1041 2703 1097 isthmo
2733 1042 3067 1097 abstrusius
3095 1041 3376 1113 quiddam
3438 1038 3659 1094 indicat
3688 1055 3702 1096 :
3735 1037 3828 1092 ni-

2179 1130 2396 1186 mirum
2425 1147 2558 1186 cum
2592 1130 2886 1203 quispiam
2919 1147 3134 1202 magna
3163 1130 3536 1199 ccelestiaque
3567 1131 3624 1183 et
3647 1126 3830 1182 subli-

2179 1219 2298 1276 mia
2330 1224 2688 1292 operatur,et
2719 1219 2887 1292 quasi
2912 1220 3027 1274 vim
3051 1219 3258 1291 agendi
3293 1218 3467 1274 habet
3489 1217 3544 1272 in
3578 1216 3832 1274 sublime

2179 1316 2453 1377 erectam,
2489 1310 2540 1366 is
2571 1308 2836 1366 attollere
2870 1327 3083 1366 manus
3100 1309 3349 1377 dicitur;
3382 1308 3482 1380 qui
3515 1311 3708 1364 autem
3728 1306 3828 1362 ab-

2170 1403 2331 1472 jecta
2361 1416 2425 1455 ac
2457 1400 2757 1456 terrestria
2788 1403 2889 1456 aut
2945 1398 3307 1471 eorruptioni
3352 1396 3601 1454 obnoxia
3630 1395 3828 1460 efﬁcit,

2178 1490 2272 1546 hic
2304 1505 2515 1545 manus
2546 1490 2709 1544 humi
2745 1495 3046 1562 reptantes
3077 1489 3250 1544 habet
3297 1504 3363 1543 ac
3405 1487 3678 1558 dejectas.
3713 1485 3830 1540 Hoc

2178 1579 2354 1636 etiam
2387 1578 2558 1634 nobis
2591 1579 2785 1635 innuit
2828 1579 3040 1652 Moysis
3102 1577 3382 1645 historia;
3443 1576 3658 1649 quippe
3702 1589 3830 1645 quis
3893 1605 3896 1609 -

2178 1673 2319 1726 tunc
2353 1667 2589 1736 fiebant,
2624 1667 2979 1724 conditionis
3019 1667 3290 1722 humanas
3344 1669 3514 1721 erant
3543 1662 3830 1737 symbola,

2179 1758 2333 1830 quod
2369 1757 2405 1811 ii
2441 1757 2538 1828 qui
2571 1757 2905 1829 proﬁciunt,
2938 1774 3054 1812 non
3087 1755 3210 1829 pari
3273 1755 3497 1811 ratione
3537 1771 3602 1810 ac
3632 1757 3833 1810 tenore

2180 1851 2536 1919 operantur:
2572 1847 2672 1902 sed
2703 1847 2873 1903 modo
2897 1845 3110 1902 melius
3139 1845 3363 1909 vivunt,
3399 1844 3571 1899 modo
3601 1859 3736 1898 vero
3758 1841 3832 1898 ob

2179 1936 2646 1993 imbecillitatem
2686 1936 3059 2008 franguntur,
3081 1951 3339 2007 suasque
3369 1932 3712 2006 languidius
3735 1947 3831 1987 ex-

2179 2030 2385 2083 serunt
2414 2025 2926 2082 actiones.Etenim
2953 2024 3002 2080 si
3034 2025 3263 2097 Moyses
3285 2022 3574 2078 attolleret
3599 2037 3833 2088 manus,

2177 2115 2448 2171 vincebat
2478 2115 2686 2170 Israel:
2727 2116 2963 2187 quando
2993 2129 3127 2170 vero
3159 2131 3257 2170 eas
3289 2112 3655 2178 demittebat,
3688 2128 3834 2184 pm-

2179 2205 2413 2261 valebat
2434 2207 2685 2264 Amalec.
2722 2207 2840 2262 Hoc
2871 2210 2978 2275 est,
3032 2210 3235 2262 nostra
3291 2204 3540 2261 facultas
3594 2208 3836 2260 actuosa

2185 2295 2233 2351 si
2266 2296 2501 2364 quando
2516 2295 2877 2351 faticescitac
2899 2295 3378 2367 prosternitur,in
3398 2310 3503 2348 nos
3520 2291 3836 2366 praevalent

2185 2385 2529 2441 adversaria;
2552 2389 2871 2458 potestates
2899 2402 2912 2440 :
2946 2401 2976 2441 e
3000 2383 3314 2452 contrario,
3335 2385 3383 2440 si
3414 2400 3481 2440 ea
3509 2381 3743 2439 sublata
3774 2381 3834 2437 in

2189 2473 2373 2529 altum
2407 2474 2484 2528 sit
2504 2478 2560 2530 et
2589 2479 2800 2541 erecta,
2836 2475 2922 2529 vis
2959 2479 3159 2529 nostra
3185 2474 3437 2539 vivendi,
3485 2489 3612 2544 quas
3658 2469 3834 2527 Israel

2188 2562 2426 2628 dicitur,
2449 2563 2602 2620 vires
2625 2564 2877 2634 majores
2908 2564 3178 2619 resumit.
3212 2563 3471 2620 Observa
3509 2565 3705 2617 autem
3738 2560 3835 2616 hic

2188 2669 2302 2706 non
2336 2668 2464 2708 esse
2487 2652 2879 2720 dictum,Cum
2912 2651 3270 2708 sustuleritis
3299 2667 3507 2706 manus
3535 2648 3835 2716 :sed,Cum

2186 2742 2566 2799 extenderitis.
2599 2742 2900 2816 Siquidem
2933 2741 3034 2814 qui
3065 2741 3275 2814 quaarit
3307 2737 3833 2810 sublimia,sustol-

2185 2832 2254 2888 lit
2284 2849 2296 2886 :
2334 2833 2596 2888 extendit
2618 2849 2768 2902 vero,
2805 2832 2902 2906 qui
2933 2833 3003 2888 ad
3038 2833 3464 2905 comparandas
3493 2847 3584 2885 res
3625 2845 3836 2900 oorpo-

2187 2921 2341 2978 rales
2371 2922 2653 2978 auxilium
2680 2928 2866 2995 rogat.
2898 2921 3045 2987 Quia
3074 2938 3209 2977 vero
3268 2921 3519 2976 infantes
3568 2935 3831 2991 saepenu-

2189 3027 2346 3066 mero
2377 3013 2445 3066 ad
2482 3011 2740 3066 nutrices
2771 3015 2828 3066 et
2863 3015 3079 3066 matres
3121 3027 3235 3081 prae
3258 3026 3364 3065 suo
3395 3025 3532 3077 erga
3563 3007 3722 3079 ipsas
3749 3007 3834 3062 af-

2188 3099 2338 3154 fectu
2371 3117 2583 3156 manus
2601 3099 3278 3170 extendunt,rogantium
3313 3106 3608 3168 stuporem
3642 3099 3839 3152 osten-

2189 3188 2356 3258 dens,
2381 3206 2494 3243 non
2521 3188 2686 3255 dixit,
2721 3187 2866 3242 Cum
2916 3186 3295 3242 extenderitis
3335 3187 3404 3241 ad
3441 3202 3534 3240 me
3566 3203 3580 3247 ;
3613 3184 3714 3240 sed
3756 3183 3842 3238 ait

2188 3276 2552 3348 simpliciter,
2591 3277 2724 3332 Cum
2757 3277 3605 3341 extenderiiismanu.s,averfam
3635 3275 3836 3345 oculos,

423 3359 749 3434 ἀποστρέψω
815 3359 943 3421 τοὺς
1018 3358 1338 3437 ὀφθαλμούς
1410 3379 1534 3433 μου’
1596 3362 1685 3414 καὶ
1741 3363 1840 3432 τήν
1900 3361 2075 3418 αἰτίαν

2192 3383 2340 3422 meo:
2371 3387 2385 3432 ;
2417 3371 2474 3422 et
2506 3366 2787 3421 rationem
2849 3365 3186 3438 subjungit:
3212 3367 3358 3437 Quia
3402 3379 3600 3419 manus
3634 3370 3838 3422 vestrae

427 3447 611 3522 ἐπάγει
647 3491 661 3518 ,
720 3449 839 3505 ’Ὁτι
910 3450 966 3502 αἱ
1033 3453 1216 3524 χεῖρες
1288 3449 1439 3521 ὑμῶν
1497 3454 1594 3504 τοῦ
1647 3448 1882 3524 αἵματος
1934 3452 2079 3523 πλή-

427 3557 562 3613 ρεις.
936 3567 938 3570 ν

493 3628 586 3684 36.
646 3627 747 3683 Καὶ
813 3625 899 3680 ἐὰν
974 3624 1295 3696 πληθύνητε
1366 3627 1466 3696 τὴν
1537 3624 1742 3700 δέησιν,
1817 3628 1920 3684 οὐκ
1971 3629 2079 3685 είσ-

426 3714 753 3790 ακούσομαι.
812 3716 874 3768 Οἱ
924 3714 977 3770 ἐν
1013 3715 1108 3788 μὶν
1139 3720 1218 3788 τῷ
1249 3716 1356 3790 βίῳ
1386 3714 1555 3789 μηδὲν
1587 3723 1993 3794 κατορθοῦντες,
2027 3719 2078 3774 έν

431 3804 488 3862 6‘s
534 3809 604 3880 τῇ
650 3805 944 3881 παρατάσιι
985 3812 1088 3875 τῆς
1134 3813 1450 3882 προσευχῆς
1498 3807 1814 3882 νομίζοντες
1847 3806 2082 3865 δικαιοῦ-

427 3898 588 3964 σθαι,
650 3894 858 3950 τούτων
917 3894 1256 3950 ἀκουέτωσαν
1311 3901 1416 3951 τῶν
1475 3897 1782 3972 ῥημάτων.
1847 3900 1928 3957 Οὐ
1977 3901 2080 3976 γὰρ

425 3982 618 4046 ἁπλῶς
675 3985 743 4039 τα
793 3983 1012 4060 ῥήματα
1058 3990 1160 4054 τῆς
1216 3993 1532 4062 προσεκχῆς
1592 3986 1814 4065 ὠφελεῖ,
1849 3987 1995 4044 ἀλλὰ
2019 3990 2082 4044 τὸ

427 4075 563 4149 μετᾶ
611 4076 727 4147 (64)
771 4071 1063 4136 σπουδαίας
1115 4071 1401 4138 διαθέσεως
1455 4077 1883 4150 ἀναπέμπεσθαι.
1932 4079 2082 4136 Ἑπεῖ

421 4165 512 4219 καὶ
543 4165 572 4218 6
605 4169 903 4237 Φαρισαῖος
936 4160 1111 4218 ἐδόκει
1170 4164 1470 4236 πληθύνειν
1520 4166 1620 4235 τήν
1664 4163 1869 4237 δέησιν·
1903 4165 2084 4224 Ἀλλὰ

421 4253 475 4309 τί
532 4274 694 4332 φησιν
745 4253 774 4307 6
823 4251 1027 4328 λόγος;
1088 4253 1311 4317 Σταθεὶς
1373 4251 1430 4310 δὶ
1488 4261 1516 4310 6
1567 4260 1886 4330 Φαρισαῖος,
1917 4257 2084 4312 ταῦτα

423 4342 560 4419 πρὸς
608 4342 793 4397 ἑαυτὸν
846 4342 1220 4419 προσηύχετο,
1273 4343 1402 4420 οὐχὶ
1436 4344 1570 4421 πρὸς
1596 4345 1687 4400 τὸν
1721 4345 1870 4401 Θεόν·
1922 4345 2082 4401 ἃπαν-

425 4434 632 4509 ήρχετο
685 4431 785 4508 γὰρ
844 4432 980 4506 πρὸς
1041 4432 1228 4488 ἑαυτὸν
1287 4435 1425 4507 (65),
1483 4432 1698 4508 ἐπείπερ
1760 4435 1811 4489 ἐν
1846 4434 2085 4511 ἁμαρτίᾳ

423 4528 526 4592 τῆς
587 4520 956 4600 ὑπερηφανίας
1018 4521 1244 4597 ἐγίνετο.
1311 4523 1408 4578 Διὰ
1464 4527 1624 4578 τοῦτο
1681 4523 1771 4578 καὶ
1807 4525 2080 4601 ὸΣωτὴρ,

427 4609 878 4687 Προσευχόμενοι
955 4607 1033 4679 δὶ,
1114 4611 1274 4685 φησὶ,
1326 4612 1402 4684 μή
1466 4611 1839 4688 βαττολογῆτε
1868 4614 1944 4676 ὡς
1990 4615 2080 4670 καὶ

2189 3457 2461 3527 sanguine
2487 3456 2666 3528 plena:
2685 3459 2836 3510 sunt.

2262 3635 2349 3690 36.
2382 3636 2446 3690 Et
2502 3635 2552 3690 si
2605 3633 3113 3706 multiplicaveritis
3170 3634 3669 3706 supplicationem,
3725 3649 3838 3690 non

2190 3724 2512 3781 exaudiam.
2549 3724 2656 3790 Qui
2692 3723 2856 3779 nulla
2884 3723 3098 3778 virtute
3128 3723 3304 3778 vitam
3339 3740 3506 3778 suam
3531 3727 3838 3794 ornarunt,

2190 3813 2576 3870 nihilominus
2597 3817 2794 3869 tamen
2828 3829 2958 3869 sese
2984 3813 3324 3868 existimant
3352 3812 3411 3868 in
3444 3829 3682 3884 precum
3707 3829 3842 3868 sua-

2191 3919 2324 3958 rum
2362 3902 2726 3974 longitudine
2747 3901 3270 3974 justificari,verba
3291 3902 3414 3956 hinc
3443 3901 3841 3958 audiant.Non

2191 3992 2350 4048 enim
2383 4009 2623 4064 precum
2654 3991 2830 4047 verba
2860 3990 3208 4064 simpliciter
3239 3990 3460 4062 prolata
3481 3991 3718 4062 juvant,
3739 3991 3839 4046 sed

2193 4080 2405 4137 sicum
2463 4080 2793 4137 vehementi
2853 4080 3064 4136 all‘ectu
3119 4081 3561 4153 depromantur.
3611 4080 3757 4136 Nam
3785 4083 3845 4135 et

2192 4170 2522 4226 Pbarisaaus
2552 4169 2944 4242 multiplicare
2995 4168 3303 4224 videbatur
3351 4168 3840 4240 deprecationem.

2191 4259 2298 4315 Sed
2336 4259 2477 4330 quid
2519 4259 2602 4313 ait
2661 4257 3008 4329 Scriptura?
3047 4257 3208 4312 Stans
3260 4263 3447 4312 autem
3507 4257 3841 4320 Pharisasus,

2192 4351 2310 4407 hazc
2335 4349 2488 4419 apud
2517 4365 2575 4404 se
2607 4349 2758 4405 409
2794 4349 2990 4405 orabat
3018 4348 3060 4417 ’⁷,
3124 4364 3237 4403 non
3295 4349 3450 4420 apud
3483 4353 3658 4402 Deum
3687 4365 3700 4402 :
3758 4362 3844 4401 re-

2193 4439 2482 4511 spiciebat
2503 4453 2756 4509 namque
2768 4438 2838 4494 ad
2855 4453 2917 4491 se
2937 4435 3456 4509 ipsum,siquidem
3478 4437 3538 4490 in
3553 4434 3844 4506 superbiae

2195 4531 2430 4600 peccato
2459 4527 2827 4583 versabatur.
2878 4529 3245 4597 Quapropter
3297 4530 3353 4580 et
3396 4523 3662 4580 Salvator
3719 4524 3837 4579 ait:

2191 4619 2426 4676 Orantes
2453 4621 2642 4671 autem
2696 4616 2866 4670 nolite
2894 4615 3133 4670 multum
3165 4615 3318 4686 loqui
3372 4616 3520 4670 sicut
3576 4613 3792 4668 ethnici
3823 4629 3837 4667 :

429 4701 481 4758 οἱ
535 4699 757 4765 ἐθνικοί·
820 4697 1040 4754 δοκοῦσι
1071 4700 1198 4775 γὰρ,
1259 4699 1342 4754 ὅτι
1401 4698 1453 4754 έν
1509 4705 1578 4775 τῇ
1636 4699 1948 4780 πολυλογίᾳ
1985 4705 2075 4759 αό-

2188 4709 2390 4780 putant
2418 4709 2566 4762 enim
2598 4705 2738 4776 quod
2778 4706 2838 4759 in
2880 4705 3232 4776 multiloquio
3291 4720 3389 4760 suo
3435 4703 3838 4759 exaudiantur.

425 4793 535 4844 τῶν
619 4788 1172 4858 εἰσακουσθήσονται.
1255 4789 1346 4859 Μὴ
1438 4789 1529 4843 οὗν
1601 4791 1915 4864 ὁμοιωθῆτε
1985 4795 2081 4850 a6-

426 4883 570 4942 τοῖς·
634 4877 722 4933 καὶ
793 4878 878 4947 16,
955 4878 1053 4934 Ἐκ
1125 4877 1462 4955 ποικυλογίαε
1520 4882 1635 4954 (66)
1693 4880 1798 4936 οὐκ
1853 4880 2078 4960 “(Pagan

2191 4796 2370 4853 Nolite
2394 4810 2522 4864 ergo
2550 4793 2860 4850 assimilari
2881 4795 2960 4848 eis
2986 4793 3027 4850 ⁸.
3061 4793 3129 4848 Et
3156 4791 3302 4848 illud
3338 4809 3349 4846 :
3383 4793 3468 4847 Ea:
3494 4791 3841 4862 multiloquio

2193 4901 2304 4942 non
2323 4884 2550 4957 eﬂugie:
2567 4888 2853 4955 peccatum
2881 4882 2921 4937 ’.
2954 4881 3196 4954 Oportet
3223 4881 3405 4953 igitur
3458 4895 3715 4952 quaerere
3748 4895 3837 4935 re-

501 5025 523 5059 ι
563 5020 994 5098 Psal._nxxxvn,
1029 5024 1116 5079 10.
1148 5023 1171 5058 ⁸
1199 5023 1350 5079 Psal.
1383 5038 1508 5092 cn,
1538 5024 1590 5078 2.
1626 5022 1672 5059 "
1701 5024 1880 5081 Exod.
1911 5041 2075 5098 xvm,

2188 5071 2196 5085 .
2227 5028 2249 5064 ⁸
2281 5028 2301 5082 Ι
2329 5024 2478 5081 Tim.
2511 5041 2572 5093 ιι,
2603 5024 2658 5078 8.
2688 5024 2710 5059 ’τ
2737 5023 2875 5080 Luo.
2907 5039 3068 5095 xvm,
3102 5024 3187 5080 11.
3219 5023 3241 5057 ⁸
3300 5021 3504 5078 Matth.
3537 5037 3614 5090 vr,
3644 5020 3700 5088 7,
3734 5020 3787 5074 8.
3821 5020 3842 5055 θ

425 5093 590 5152 Prov.
621 5112 682 5163 x,
715 5093 806 5148 19.

431 5236 615 5359 δὲ(58)
641 5240 727 5292 Ita
755 5252 857 5292 sex
888 5253 1033 5293 mss.
1092 5239 1166 5293 At
1213 5253 1350 5294 vero
1407 5238 1574 5310 editi,
1622 5235 1727 5295 Καὶ
1756 5238 2082 5316 πρόσταγμα

432 5347 613 5449 ".(59)
635 5378 729 5433 Sic
759 5395 903 5435 mss.
928 5377 1172 5450 aliQuot.
1208 5379 1350 5452 Reg.
1420 5381 1648 5454 Primu8
1706 5399 1840 5439 cum
1879 5383 2077 5454 editia'

427 5447 726 5506 ένίσγυσεν.

647 5521 787 5598 Mss.
815 5519 1104 5598 nonnulli,
1137 5518 1398 5598 ένίσχυεν.

501 5591 622 5664 (6|)
651 5593 744 5648 Sio
774 5592 1033 5664 quinque
1067 5610 1208 5651 mss.
1243 5591 1317 5651 Kt
1346 5595 1508 5662 editi,
1534 5591 1781 5654 δυνατόν.

504 5663 886 5751 (.62)'Editi:et
933 5663 1068 5736 Reg.
1130 5667 1378 5751 primus,
1404 5673 1621 5751 ’χεῖρας
1680 5669 1856 5741 ὑμῶν.
1905 5670 2081 5727 Deest

504 5685 614 5738 (οι)
644 5685 797 5721 nam
828 5685 886 5722 et
933 5685 1068 5736 ηδε.
1130 5685 1378 5738 primus,
1475 5687 1521 5721 ει
1560 5689 1621 5730 ας
1680 5685 1771 5741 ομ(

435 5735 687 5822 opilz‘in‘
709 5737 978 5822 quisque
1009 5753 1155 5795 mss.
1183 5744 1241 5796 et
1269 5685 1621 5822 apudxlilfg.
1689 5811 1728 5822 _
1765 5759 1771 5765 ·

507 5757 588 5790 ,ων
622 5755 680 5793 1n
757 5755 978 5810 umque
1009 5755 1155 5795 mss.
1183 5755 1241 5796 et.
1269 5755 1425 5814 apud
1458 5755 1621 5797 1.1m.
1765 5759 1771 5765 ·

507 5807 616 5882 (63)
645 5755 801 5870 Editi
818 5814 877 5870 et
905 5813 1024 5870 tres
1055 5826 1226 5886 mss.,
1252 5816 1445 5891 γεῖριις
1481 5812 1655 5890 ὑμῶν,
1689 5811 1916 5876 Rursus
1973 5813 2076 5873 de-

2189 5245 2280 5298 est
2315 5241 2467 5313 ὑμῶν
2501 5240 2560 5313 in
2594 5238 2727 5296 aliis
2757 5239 2948 5313 tribus
2979 5253 3123 5294 mss.

2261 5307 2372 5384 (64)
2393 5312 2541 5368 Editi
2567 5327 2702 5368 cum
2734 5311 2922 5367 tribus
2956 5325 3125 5376 mss.,
3159 5307 3312 5379 μετά.
3368 5308 3480 5384 Alii
3511 5310 3633 5384 tres
3664 5323 3836 5384 mss.,

2186 5375 2658 5469 {1116.‘Aliquanto
2689 5387 2824 5456 post
2881 5399 2981 5437 sex
3029 5375 3200 5451 mss.,
3263 5378 3476 5441 σταθεὶς
3527 5375 3603 5435 δέ.
3660 5375 3841 5435 Abest

2190 5453 2248 5512 δέ
2279 5457 2350 5512 ab
2383 5453 2577 5513 editis.
2690 5453 2709 5456 “

2190 5599 2201 5602 _
2259 5529 2371 5602 (65)
2403 5527 2553 5585 Editi
2584 5531 2642 5583 et
2672 5531 2790 5580 tres
2823 5541 2991 5592 mss.,
3025 5520 3211 5579 αὐτόν.
3291 5523 3402 5579 Alii
3463 5529 3582 5580 tres
3664 5539 3835 5588 mss.,

2187 5599 2642 5744 éanzgig)’.Codioes
2667 5666 2804 5744 duo,
2829 5664 2887 5719 ἐκ
2907 5662 3253 5744 ,πολυλογίας
3287 5663 3363 5723 δέ.
3398 5670 3526 5722 Mox
3553 5664 3714 5722 Colb.
3747 5679 3835 5720 86-

2188 5735 2446 5813 oundus,
2480 5735 2831 5808 δικαιοσύνην
2863 5735 3049 5795 αὐτοῦ.
