  <div class='ocr_page' id='page_1' title='image "/cluster/home/n/w/nwhite01/storage/ocr_20150623/30:no.2/coo.31924054873116/107.png"; bbox 0 0 4130 6406; ppageno 0'>
   <div class='ocr_carea' id='block_1_1' title="bbox 309 366 416 464">
    <p class='ocr_par' dir='ltr' id='par_1_1' title="bbox 309 366 416 464">
     <span class='ocr_line' id='line_1_1' title="bbox 309 366 416 464; baseline 0.037 -4"><span class='ocrx_word' id='word_1_1' title='bbox 309 366 416 464; x_wconf 56' lang='grc' dir='ltr'><strong>ιιι</strong></span> 
     </span>
    </p>
   </div>
   <div class='ocr_carea' id='block_1_2' title="bbox 1267 363 2798 428">
    <p class='ocr_par' dir='ltr' id='par_1_2' title="bbox 1267 363 2798 428">
     <span class='ocr_line' id='line_1_2' title="bbox 1267 363 2798 428; baseline -0.001 -1"><span class='ocrx_word' id='word_1_2' title='bbox 1267 363 1662 427; x_wconf 81' lang='lat' dir='ltr'><strong>APPENDIX</strong></span> <span class='ocrx_word' id='word_1_3' title='bbox 1703 363 2035 428; x_wconf 84' lang='lat' dir='ltr'><strong>OPERUM</strong></span> <span class='ocrx_word' id='word_1_4' title='bbox 2079 365 2147 426; x_wconf 92' lang='lat' dir='ltr'><strong>S.</strong></span> <span class='ocrx_word' id='word_1_5' title='bbox 2192 363 2478 428; x_wconf 83' lang='lat' dir='ltr'><strong>BASlLIl</strong></span> <span class='ocrx_word' id='word_1_6' title='bbox 2524 364 2798 428; x_wconf 80' lang='lat' dir='ltr'><strong>MAGNI.</strong></span> 
     </span>
    </p>
   </div>
   <div class='ocr_carea' id='block_1_3' title="bbox 3611 361 3726 421">
    <p class='ocr_par' dir='ltr' id='par_1_3' title="bbox 3611 361 3726 421">
     <span class='ocr_line' id='line_1_3' title="bbox 3611 361 3726 421; baseline -0.009 0"><span class='ocrx_word' id='word_1_7' title='bbox 3611 361 3726 421; x_wconf 70' lang='grc'><strong>192</strong></span> 
     </span>
    </p>
   </div>
   <div class='ocr_carea' id='block_1_4' title="bbox 306 489 1960 580">
    <p class='ocr_par' dir='ltr' id='par_1_4' title="bbox 306 496 1957 572">
     <span class='ocr_line' id='line_1_4' title="bbox 306 496 1957 572; baseline -0.001 -20"><span class='ocrx_word' id='word_1_8' title='bbox 306 512 492 572; x_wconf 86' lang='lat' dir='ltr'><strong>gnum</strong></span> <span class='ocrx_word' id='word_1_9' title='bbox 515 497 636 570; x_wconf 86' lang='lat' dir='ltr'><strong>Dei,</strong></span> <span class='ocrx_word' id='word_1_10' title='bbox 669 503 728 554; x_wconf 84' lang='lat' dir='ltr'><strong>et</strong></span> <span class='ocrx_word' id='word_1_11' title='bbox 743 497 1066 569; x_wconf 88' lang='lat' dir='ltr'><strong>justitiam,</strong></span> <span class='ocrx_word' id='word_1_12' title='bbox 1114 513 1228 552; x_wconf 89' lang='lat' dir='ltr'><strong>non</strong></span> <span class='ocrx_word' id='word_1_13' title='bbox 1259 500 1458 553; x_wconf 90' lang='lat' dir='ltr'><strong>autem</strong></span> <span class='ocrx_word' id='word_1_14' title='bbox 1516 496 1844 569; x_wconf 78' lang='lat' dir='ltr'><strong>corporalia</strong></span> <span class='ocrx_word' id='word_1_15' title='bbox 1899 499 1957 552; x_wconf 90' lang='lat' dir='ltr'><strong>et</strong></span> 
     </span>
    </p>
   </div>
   <div class='ocr_carea' id='block_1_5' title="bbox 2072 489 3725 580">
    <p class='ocr_par' dir='ltr' id='par_1_5' title="bbox 2072 489 3725 580">
     <span class='ocr_line' id='line_1_5' title="bbox 2072 489 3725 580; baseline -0.002 -30"><span class='ocrx_word' id='word_1_16' title='bbox 2072 493 2358 572; x_wconf 80' lang='grc' dir='ltr'>ἁμαρτίαν.</span> <span class='ocrx_word' id='word_1_17' title='bbox 2431 496 2549 573; x_wconf 84' lang='grc' dir='ltr'><strong>Χρὴ</strong></span> <span class='ocrx_word' id='word_1_18' title='bbox 2625 493 2718 551; x_wconf 83' lang='grc' dir='ltr'><strong>οῦν</strong></span> <span class='ocrx_word' id='word_1_19' title='bbox 2793 493 3054 560; x_wconf 82' lang='grc' dir='ltr'>αίτεῖσθαι</span> <span class='ocrx_word' id='word_1_20' title='bbox 3123 493 3223 562; x_wconf 83' lang='grc' dir='ltr'>τὴν</span> <span class='ocrx_word' id='word_1_21' title='bbox 3287 489 3586 580; x_wconf 18' lang='grc' dir='ltr'>βασιλείαν,</span> <span class='ocrx_word' id='word_1_22' title='bbox 3624 493 3725 547; x_wconf 86' lang='grc' dir='ltr'><strong>τοῦ</strong></span> 
     </span>
    </p>
   </div>
   <div class='ocr_carea' id='block_1_6' title="bbox 305 581 1961 659">
    <p class='ocr_par' dir='ltr' id='par_1_6' title="bbox 305 581 1961 659">
     <span class='ocr_line' id='line_1_6' title="bbox 305 581 1961 659; baseline 0 -18"><span class='ocrx_word' id='word_1_23' title='bbox 305 581 556 643; x_wconf 85' lang='lat' dir='ltr'><strong>terrena.</strong></span> <span class='ocrx_word' id='word_1_24' title='bbox 593 591 730 643; x_wconf 84' lang='lat' dir='ltr'><strong>Eam</strong></span> <span class='ocrx_word' id='word_1_25' title='bbox 759 587 832 643; x_wconf 91' lang='lat' dir='ltr'><strong>ob</strong></span> <span class='ocrx_word' id='word_1_26' title='bbox 887 603 1125 643; x_wconf 82' lang='lat' dir='ltr'><strong>causam</strong></span> <span class='ocrx_word' id='word_1_27' title='bbox 1186 586 1451 659; x_wconf 82' lang='lat' dir='ltr'><strong>psalmus</strong></span> <span class='ocrx_word' id='word_1_28' title='bbox 1483 604 1497 643; x_wconf 89' lang='lat'><strong>:</strong></span> <span class='ocrx_word' id='word_1_29' title='bbox 1535 587 1716 644; x_wconf 85' lang='lat' dir='ltr'><strong>Unam</strong></span> <span class='ocrx_word' id='word_1_30' title='bbox 1761 587 1899 659; x_wconf 85' lang='lat' dir='ltr'><strong>pelii</strong></span> <span class='ocrx_word' id='word_1_31' title='bbox 1925 602 1961 640; x_wconf 89' lang='lat' dir='ltr'><strong>a</strong></span> 
     </span>
    </p>
   </div>
   <div class='ocr_carea' id='block_1_7' title="bbox 306 674 1958 751">
    <p class='ocr_par' dir='ltr' id='par_1_7' title="bbox 306 674 1958 751">
     <span class='ocr_line' id='line_1_7' title="bbox 306 674 1958 751; baseline 0 -21"><span class='ocrx_word' id='word_1_32' title='bbox 306 676 559 744; x_wconf 89' lang='lat' dir='ltr'><strong>Domino,</strong></span> <span class='ocrx_word' id='word_1_33' title='bbox 582 678 724 733; x_wconf 86' lang='lat' dir='ltr'><strong>hanc</strong></span> <span class='ocrx_word' id='word_1_34' title='bbox 751 679 1033 751; x_wconf 81' lang='lat' dir='ltr'><strong>requiram</strong></span> <span class='ocrx_word' id='word_1_35' title='bbox 1062 693 1082 730; x_wconf 83' lang='lat'><strong><em>:</em></strong></span> <span class='ocrx_word' id='word_1_36' title='bbox 1106 683 1166 730; x_wconf 74' lang='lat' dir='ltr'><strong>ut</strong></span> <span class='ocrx_word' id='word_1_37' title='bbox 1194 674 1500 732; x_wconf 75' lang='lat' dir='ltr'><strong>inhabilem</strong></span> <span class='ocrx_word' id='word_1_38' title='bbox 1549 677 1610 731; x_wconf 89' lang='lat' dir='ltr'><strong>in</strong></span> <span class='ocrx_word' id='word_1_39' title='bbox 1665 676 1820 733; x_wconf 90' lang='lat' dir='ltr'><strong>domo</strong></span> <span class='ocrx_word' id='word_1_40' title='bbox 1852 675 1958 730; x_wconf 88' lang='lat' dir='ltr'><strong>Do-</strong></span> 
     </span>
    </p>
   </div>
   <div class='ocr_carea' id='block_1_8' title="bbox 309 767 572 824">
    <p class='ocr_par' dir='ltr' id='par_1_8' title="bbox 309 767 572 824">
     <span class='ocr_line' id='line_1_8' title="bbox 309 767 572 824; baseline 0.004 -3"><span class='ocrx_word' id='word_1_41' title='bbox 309 767 477 824; x_wconf 82' lang='lat' dir='ltr'><strong>mini.</strong></span> <span class='ocrx_word' id='word_1_42' title='bbox 505 767 572 822; x_wconf 70' lang='grc' dir='ltr'><strong>ιο.</strong></span> 
     </span>
    </p>
   </div>
   <div class='ocr_carea' id='block_1_9' title="bbox 380 945 1959 1018">
    <p class='ocr_par' dir='ltr' id='par_1_9' title="bbox 380 945 1959 1018">
     <span class='ocr_line' id='line_1_9' title="bbox 380 945 1959 1018; baseline -0.001 -17"><span class='ocrx_word' id='word_1_43' title='bbox 380 946 471 1001; x_wconf 81' lang='grc'><strong>37.</strong></span> <span class='ocrx_word' id='word_1_44' title='bbox 505 946 641 1001; x_wconf 86' lang='lat' dir='ltr'><strong>Nam</strong></span> <span class='ocrx_word' id='word_1_45' title='bbox 661 962 870 1002; x_wconf 85' lang='lat' dir='ltr'><strong>manus</strong></span> <span class='ocrx_word' id='word_1_46' title='bbox 896 954 1085 1002; x_wconf 71' lang='lat' dir='ltr'><strong>vestra:</strong></span> <span class='ocrx_word' id='word_1_47' title='bbox 1115 948 1396 1018; x_wconf 77' lang='lat' dir='ltr'><strong>sanguine</strong></span> <span class='ocrx_word' id='word_1_48' title='bbox 1439 948 1640 1018; x_wconf 49' lang='lat' dir='ltr'><strong>plene.</strong></span> <span class='ocrx_word' id='word_1_49' title='bbox 1705 945 1848 1018; x_wconf 48' lang='lat' dir='ltr'><strong>Hoc?</strong></span> <span class='ocrx_word' id='word_1_50' title='bbox 1868 949 1959 1000; x_wconf 88' lang='lat' dir='ltr'><strong>est</strong></span> 
     </span>
    </p>
   </div>
   <div class='ocr_carea' id='block_1_10' title="bbox 307 1037 1959 1109">
    <p class='ocr_par' dir='ltr' id='par_1_10' title="bbox 307 1037 1959 1109">
     <span class='ocr_line' id='line_1_10' title="bbox 307 1037 1959 1109; baseline -0.001 -16"><span class='ocrx_word' id='word_1_51' title='bbox 307 1053 518 1102; x_wconf 74' lang='lat' dir='ltr'><strong>causas,</strong></span> <span class='ocrx_word' id='word_1_52' title='bbox 553 1037 704 1109; x_wconf 92' lang='lat' dir='ltr'><strong>quod</strong></span> <span class='ocrx_word' id='word_1_53' title='bbox 738 1039 886 1092; x_wconf 89' lang='lat' dir='ltr'><strong>Deus</strong></span> <span class='ocrx_word' id='word_1_54' title='bbox 924 1037 1127 1093; x_wconf 91' lang='lat' dir='ltr'><strong>oculos</strong></span> <span class='ocrx_word' id='word_1_55' title='bbox 1158 1042 1401 1106; x_wconf 77' lang='lat' dir='ltr'><strong>avertat,</strong></span> <span class='ocrx_word' id='word_1_56' title='bbox 1435 1054 1568 1093; x_wconf 89' lang='lat' dir='ltr'><strong>cum</strong></span> <span class='ocrx_word' id='word_1_57' title='bbox 1592 1037 1959 1092; x_wconf 86' lang='lat' dir='ltr'><strong>extenderint</strong></span> 
     </span>
    </p>
   </div>
   <div class='ocr_carea' id='block_1_11' title="bbox 307 1126 1959 1200">
    <p class='ocr_par' dir='ltr' id='par_1_11' title="bbox 307 1126 1959 1200">
     <span class='ocr_line' id='line_1_11' title="bbox 307 1126 1959 1200; baseline -0.001 -18"><span class='ocrx_word' id='word_1_58' title='bbox 307 1143 540 1197; x_wconf 87' lang='lat' dir='ltr'><strong>manus,</strong></span> <span class='ocrx_word' id='word_1_59' title='bbox 575 1127 727 1199; x_wconf 89' lang='lat' dir='ltr'><strong>quod</strong></span> <span class='ocrx_word' id='word_1_60' title='bbox 755 1127 883 1198; x_wconf 85' lang='lat' dir='ltr'><strong>ipsa</strong></span> <span class='ocrx_word' id='word_1_61' title='bbox 913 1128 1367 1200; x_wconf 83' lang='lat' dir='ltr'><strong>supplicationis</strong></span> <span class='ocrx_word' id='word_1_62' title='bbox 1400 1126 1665 1199; x_wconf 78' lang='lat' dir='ltr'><strong>symbols</strong></span> <span class='ocrx_word' id='word_1_63' title='bbox 1711 1127 1781 1182; x_wconf 88' lang='lat' dir='ltr'><strong>ad</strong></span> <span class='ocrx_word' id='word_1_64' title='bbox 1824 1127 1959 1181; x_wconf 87' lang='lat' dir='ltr'><strong>irri-</strong></span> 
     </span>
    </p>
   </div>
   <div class='ocr_carea' id='block_1_12' title="bbox 304 1216 1959 1282">
    <p class='ocr_par' dir='ltr' id='par_1_12' title="bbox 304 1216 1959 1282">
     <span class='ocr_line' id='line_1_12' title="bbox 304 1216 1959 1282; baseline -0.001 -10"><span class='ocrx_word' id='word_1_65' title='bbox 304 1216 552 1272; x_wconf 89' lang='lat' dir='ltr'><strong>tandum</strong></span> <span class='ocrx_word' id='word_1_66' title='bbox 583 1216 753 1271; x_wconf 90' lang='lat' dir='ltr'><strong>illum</strong></span> <span class='ocrx_word' id='word_1_67' title='bbox 787 1217 908 1271; x_wconf 88' lang='lat' dir='ltr'><strong>sint</strong></span> <span class='ocrx_word' id='word_1_68' title='bbox 940 1217 1274 1273; x_wconf 86' lang='lat' dir='ltr'><strong>occasiones</strong></span> <span class='ocrx_word' id='word_1_69' title='bbox 1355 1217 1855 1282; x_wconf 79' lang='lat' dir='ltr'><strong>Quemadmodum</strong></span> <span class='ocrx_word' id='word_1_70' title='bbox 1907 1217 1959 1273; x_wconf 91' lang='lat' dir='ltr'><strong>si</strong></span> 
     </span>
    </p>
   </div>
   <div class='ocr_carea' id='block_1_13' title="bbox 309 1305 1958 1376">
    <p class='ocr_par' dir='ltr' id='par_1_13' title="bbox 309 1305 1958 1376">
     <span class='ocr_line' id='line_1_13' title="bbox 309 1305 1958 1376; baseline 0.001 -16"><span class='ocrx_word' id='word_1_71' title='bbox 309 1305 443 1376; x_wconf 88' lang='lat' dir='ltr'><strong>quis</strong></span> <span class='ocrx_word' id='word_1_72' title='bbox 474 1305 753 1360; x_wconf 88' lang='lat' dir='ltr'><strong>dilectum</strong></span> <span class='ocrx_word' id='word_1_73' title='bbox 788 1305 1032 1362; x_wconf 86' lang='lat' dir='ltr'><strong>alterius</strong></span> <span class='ocrx_word' id='word_1_74' title='bbox 1072 1307 1258 1362; x_wconf 86' lang='lat' dir='ltr'><strong>filium</strong></span> <span class='ocrx_word' id='word_1_75' title='bbox 1292 1307 1588 1369; x_wconf 79' lang='lat' dir='ltr'><strong>occiderit.</strong></span> <span class='ocrx_word' id='word_1_76' title='bbox 1623 1323 1687 1361; x_wconf 88' lang='lat' dir='ltr'><strong>ac</strong></span> <span class='ocrx_word' id='word_1_77' title='bbox 1747 1322 1958 1361; x_wconf 90' lang='lat' dir='ltr'><strong>manus</strong></span> 
     </span>
    </p>
   </div>
   <div class='ocr_carea' id='block_1_14' title="bbox 305 1393 1956 1458">
    <p class='ocr_par' dir='ltr' id='par_1_14' title="bbox 305 1393 1956 1458">
     <span class='ocr_line' id='line_1_14' title="bbox 305 1393 1956 1458; baseline -0.001 -7"><span class='ocrx_word' id='word_1_78' title='bbox 305 1409 446 1451; x_wconf 82' lang='lat' dir='ltr'><strong>suas</strong></span> <span class='ocrx_word' id='word_1_79' title='bbox 477 1393 672 1449; x_wconf 89' lang='lat' dir='ltr'><strong>adhuc</strong></span> <span class='ocrx_word' id='word_1_80' title='bbox 703 1409 771 1450; x_wconf 85' lang='lat' dir='ltr'><strong>ex</strong></span> <span class='ocrx_word' id='word_1_81' title='bbox 803 1395 958 1449; x_wconf 67' lang='lat' dir='ltr'><strong>caede</strong></span> <span class='ocrx_word' id='word_1_82' title='bbox 990 1399 1322 1450; x_wconf 84' lang='lat' dir='ltr'><strong>cruentatas</strong></span> <span class='ocrx_word' id='word_1_83' title='bbox 1355 1397 1424 1450; x_wconf 93' lang='lat' dir='ltr'><strong>ad</strong></span> <span class='ocrx_word' id='word_1_84' title='bbox 1491 1395 1786 1451; x_wconf 85' lang='lat' dir='ltr'><strong>infensum</strong></span> <span class='ocrx_word' id='word_1_85' title='bbox 1846 1393 1956 1458; x_wconf 88' lang='lat' dir='ltr'><strong>sibi</strong></span> 
     </span>
    </p>
   </div>
   <div class='ocr_carea' id='block_1_15' title="bbox 306 1473 1954 1559">
    <p class='ocr_par' dir='ltr' id='par_1_15' title="bbox 306 1473 1954 1559">
     <span class='ocr_line' id='line_1_15' title="bbox 306 1473 1954 1559; baseline -0.001 -20"><span class='ocrx_word' id='word_1_86' title='bbox 306 1473 536 1559; x_wconf 78' lang='lat' dir='ltr'><strong>patrem</strong></span> <span class='ocrx_word' id='word_1_87' title='bbox 569 1485 1346 1557; x_wconf 83' lang='lat' dir='ltr'><strong>exporrigat,dexteramque</strong></span> <span class='ocrx_word' id='word_1_88' title='bbox 1363 1485 1644 1557; x_wconf 78' lang='lat' dir='ltr'><strong>efﬂagitat</strong></span> <span class='ocrx_word' id='word_1_89' title='bbox 1664 1484 1954 1549; x_wconf 74' lang='lat' dir='ltr'><strong>amicitiae,</strong></span> 
     </span>
    </p>
   </div>
   <div class='ocr_carea' id='block_1_16' title="bbox 308 1573 1957 1646">
    <p class='ocr_par' dir='ltr' id='par_1_16' title="bbox 308 1573 1957 1646">
     <span class='ocr_line' id='line_1_16' title="bbox 308 1573 1957 1646; baseline -0.001 -17"><span class='ocrx_word' id='word_1_90' title='bbox 308 1577 705 1645; x_wconf 84' lang='lat' dir='ltr'><strong>exposcatque</strong></span> <span class='ocrx_word' id='word_1_91' title='bbox 735 1574 996 1641; x_wconf 88' lang='lat' dir='ltr'><strong>veniam;</strong></span> <span class='ocrx_word' id='word_1_92' title='bbox 1033 1589 1226 1630; x_wconf 88' lang='lat' dir='ltr'><strong>nonne</strong></span> <span class='ocrx_word' id='word_1_93' title='bbox 1259 1575 1499 1646; x_wconf 83' lang='lat' dir='ltr'><strong>sanguis</strong></span> <span class='ocrx_word' id='word_1_94' title='bbox 1543 1573 1646 1628; x_wconf 80' lang='lat' dir='ltr'><strong>lilii</strong></span> <span class='ocrx_word' id='word_1_95' title='bbox 1678 1573 1736 1627; x_wconf 90' lang='lat' dir='ltr'><strong>in</strong></span> <span class='ocrx_word' id='word_1_96' title='bbox 1770 1573 1957 1646; x_wconf 86' lang='lat' dir='ltr'><strong>ipsius</strong></span> 
     </span>
    </p>
   </div>
   <div class='ocr_carea' id='block_1_17' title="bbox 305 1653 1958 1734">
    <p class='ocr_par' dir='ltr' id='par_1_17' title="bbox 305 1653 1958 1734">
     <span class='ocr_line' id='line_1_17' title="bbox 305 1653 1958 1734; baseline 0.001 -19"><span class='ocrx_word' id='word_1_97' title='bbox 305 1653 697 1715; x_wconf 81' lang='lat' dir='ltr'><strong>interfectoris</strong></span> <span class='ocrx_word' id='word_1_98' title='bbox 731 1677 906 1715; x_wconf 88' lang='lat' dir='ltr'><strong>manu</strong></span> <span class='ocrx_word' id='word_1_99' title='bbox 941 1678 1232 1734; x_wconf 85' lang='lat' dir='ltr'><strong>apparens</strong></span> <span class='ocrx_word' id='word_1_100' title='bbox 1282 1667 1504 1733; x_wconf 90' lang='lat' dir='ltr'><strong>patrem</strong></span> <span class='ocrx_word' id='word_1_101' title='bbox 1556 1661 1774 1732; x_wconf 91' lang='lat' dir='ltr'><strong>injuria</strong></span> <span class='ocrx_word' id='word_1_102' title='bbox 1811 1661 1958 1716; x_wconf 83' lang='lat' dir='ltr'><strong>atl&#39;s-</strong></span> 
     </span>
    </p>
   </div>
   <div class='ocr_carea' id='block_1_18' title="bbox 307 1749 1959 1822">
    <p class='ocr_par' dir='ltr' id='par_1_18' title="bbox 307 1749 1959 1822">
     <span class='ocr_line' id='line_1_18' title="bbox 307 1749 1959 1822; baseline 0 -17"><span class='ocrx_word' id='word_1_103' title='bbox 307 1753 470 1805; x_wconf 89' lang='lat' dir='ltr'><strong>ctum</strong></span> <span class='ocrx_word' id='word_1_104' title='bbox 501 1749 696 1804; x_wconf 90' lang='lat' dir='ltr'><strong>acrius</strong></span> <span class='ocrx_word' id='word_1_105' title='bbox 727 1751 1081 1822; x_wconf 82' lang='lat' dir='ltr'><strong>exasperat?</strong></span> <span class='ocrx_word' id='word_1_106' title='bbox 1110 1751 1741 1822; x_wconf 89' lang='lat' dir='ltr'><strong>Nuncejusmodisunt</strong></span> <span class='ocrx_word' id='word_1_107' title='bbox 1770 1751 1959 1807; x_wconf 66' lang='lat' dir='ltr'><strong>Juda-</strong></span> 
     </span>
    </p>
   </div>
   <div class='ocr_carea' id='block_1_19' title="bbox 309 1840 1956 1912">
    <p class='ocr_par' dir='ltr' id='par_1_19' title="bbox 309 1840 1956 1912">
     <span class='ocr_line' id='line_1_19' title="bbox 309 1840 1956 1912; baseline -0.001 -17"><span class='ocrx_word' id='word_1_108' title='bbox 309 1855 477 1895; x_wconf 90' lang='lat' dir='ltr'><strong>orum</strong></span> <span class='ocrx_word' id='word_1_109' title='bbox 513 1855 752 1911; x_wconf 84' lang='lat' dir='ltr'><strong>preces;</strong></span> <span class='ocrx_word' id='word_1_110' title='bbox 788 1840 1080 1912; x_wconf 88' lang='lat' dir='ltr'><strong>siquidem</strong></span> <span class='ocrx_word' id='word_1_111' title='bbox 1101 1858 1234 1896; x_wconf 91' lang='lat' dir='ltr'><strong>cum</strong></span> <span class='ocrx_word' id='word_1_112' title='bbox 1267 1840 1956 1910; x_wconf 82' lang='lat' dir='ltr'><strong>extenduntmanus,ad-</strong></span> 
     </span>
    </p>
   </div>
   <div class='ocr_carea' id='block_1_20' title="bbox 310 1926 1958 2001">
    <p class='ocr_par' dir='ltr' id='par_1_20' title="bbox 310 1926 1958 2001">
     <span class='ocr_line' id='line_1_20' title="bbox 310 1926 1958 2001; baseline -0.001 -17"><span class='ocrx_word' id='word_1_113' title='bbox 310 1927 561 1984; x_wconf 88' lang='lat' dir='ltr'><strong>missum</strong></span> <span class='ocrx_word' id='word_1_114' title='bbox 584 1926 643 1983; x_wconf 90' lang='lat' dir='ltr'><strong>in</strong></span> <span class='ocrx_word' id='word_1_115' title='bbox 676 1927 1055 2001; x_wconf 83' lang='lat' dir='ltr'><strong>Unigenitum</strong></span> <span class='ocrx_word' id='word_1_116' title='bbox 1082 1928 1292 1985; x_wconf 91' lang='lat' dir='ltr'><strong>Filium</strong></span> <span class='ocrx_word' id='word_1_117' title='bbox 1327 1929 1520 1986; x_wconf 88' lang='lat' dir='ltr'><strong>scelus</strong></span> <span class='ocrx_word' id='word_1_118' title='bbox 1573 1934 1682 1986; x_wconf 88' lang='lat' dir='ltr'><strong>Deo</strong></span> <span class='ocrx_word' id='word_1_119' title='bbox 1715 1935 1772 1985; x_wconf 89' lang='lat' dir='ltr'><strong>et</strong></span> <span class='ocrx_word' id='word_1_120' title='bbox 1806 1928 1958 1984; x_wconf 83' lang='lat' dir='ltr'><strong>Patri</strong></span> 
     </span>
    </p>
   </div>
   <div class='ocr_carea' id='block_1_21' title="bbox 307 2015 1958 2090">
    <p class='ocr_par' dir='ltr' id='par_1_21' title="bbox 307 2015 1958 2090">
     <span class='ocr_line' id='line_1_21' title="bbox 307 2015 1958 2090; baseline -0.001 -19"><span class='ocrx_word' id='word_1_121' title='bbox 307 2019 582 2071; x_wconf 87' lang='lat' dir='ltr'><strong>revocant</strong></span> <span class='ocrx_word' id='word_1_122' title='bbox 612 2015 670 2070; x_wconf 89' lang='lat' dir='ltr'><strong>in</strong></span> <span class='ocrx_word' id='word_1_123' title='bbox 707 2017 1074 2083; x_wconf 84' lang='lat' dir='ltr'><strong>memoriam,</strong></span> <span class='ocrx_word' id='word_1_124' title='bbox 1106 2023 1284 2090; x_wconf 92' lang='lat' dir='ltr'><strong>atque</strong></span> <span class='ocrx_word' id='word_1_125' title='bbox 1317 2035 1421 2090; x_wconf 89' lang='lat' dir='ltr'><strong>per</strong></span> <span class='ocrx_word' id='word_1_126' title='bbox 1454 2017 1720 2090; x_wconf 83' lang='lat' dir='ltr'><strong>singulas</strong></span> <span class='ocrx_word' id='word_1_127' title='bbox 1760 2021 1958 2072; x_wconf 84' lang='lat' dir='ltr'><strong>exten-</strong></span> 
     </span>
    </p>
   </div>
   <div class='ocr_carea' id='block_1_22' title="bbox 307 2103 1959 2180">
    <p class='ocr_par' dir='ltr' id='par_1_22' title="bbox 307 2103 1959 2180">
     <span class='ocr_line' id='line_1_22' title="bbox 307 2103 1959 2180; baseline 0.001 -20"><span class='ocrx_word' id='word_1_128' title='bbox 307 2103 504 2160; x_wconf 89' lang='lat' dir='ltr'><strong>sioues</strong></span> <span class='ocrx_word' id='word_1_129' title='bbox 534 2106 954 2178; x_wconf 88' lang='lat' dir='ltr'><strong>suasipsorum</strong></span> <span class='ocrx_word' id='word_1_130' title='bbox 981 2123 1191 2162; x_wconf 83' lang='lat' dir='ltr'><strong>manus</strong></span> <span class='ocrx_word' id='word_1_131' title='bbox 1218 2107 1506 2180; x_wconf 80' lang='lat' dir='ltr'><strong>sanguine</strong></span> <span class='ocrx_word' id='word_1_132' title='bbox 1526 2107 1738 2164; x_wconf 87' lang='lat' dir='ltr'><strong>Christi</strong></span> <span class='ocrx_word' id='word_1_133' title='bbox 1756 2107 1959 2179; x_wconf 85' lang='lat' dir='ltr'><strong>plenas</strong></span> 
     </span>
    </p>
   </div>
   <div class='ocr_carea' id='block_1_23' title="bbox 309 2195 1958 2268">
    <p class='ocr_par' dir='ltr' id='par_1_23' title="bbox 309 2195 1958 2268">
     <span class='ocr_line' id='line_1_23' title="bbox 309 2195 1958 2268; baseline 0 -18"><span class='ocrx_word' id='word_1_134' title='bbox 309 2195 647 2250; x_wconf 86' lang='lat' dir='ltr'><strong>ostendunt.</strong></span> <span class='ocrx_word' id='word_1_135' title='bbox 675 2195 984 2252; x_wconf 87' lang='lat' dir='ltr'><strong>Enimvero</strong></span> <span class='ocrx_word' id='word_1_136' title='bbox 1011 2196 1109 2267; x_wconf 93' lang='lat' dir='ltr'><strong>qui</strong></span> <span class='ocrx_word' id='word_1_137' title='bbox 1143 2196 1204 2252; x_wconf 93' lang='lat' dir='ltr'><strong>in</strong></span> <span class='ocrx_word' id='word_1_138' title='bbox 1237 2214 1344 2253; x_wconf 87' lang='lat' dir='ltr'><strong>sua</strong></span> <span class='ocrx_word' id='word_1_139' title='bbox 1389 2197 1650 2253; x_wconf 68' lang='lat' dir='ltr'><strong>caecitate</strong></span> <span class='ocrx_word' id='word_1_140' title='bbox 1695 2211 1958 2268; x_wconf 83' lang='lat' dir='ltr'><strong>perseve-</strong></span> 
     </span>
    </p>
   </div>
   <div class='ocr_carea' id='block_1_24' title="bbox 309 2285 1959 2357">
    <p class='ocr_par' dir='ltr' id='par_1_24' title="bbox 309 2285 1959 2357">
     <span class='ocr_line' id='line_1_24' title="bbox 309 2285 1959 2357; baseline 0.001 -19"><span class='ocrx_word' id='word_1_141' title='bbox 309 2287 464 2350; x_wconf 89' lang='lat' dir='ltr'><strong>rant,</strong></span> <span class='ocrx_word' id='word_1_142' title='bbox 498 2285 674 2341; x_wconf 80' lang='lat' dir='ltr'><strong>caedis</strong></span> <span class='ocrx_word' id='word_1_143' title='bbox 712 2290 964 2357; x_wconf 68' lang='lat' dir='ltr'><strong>paternas</strong></span> <span class='ocrx_word' id='word_1_144' title='bbox 996 2290 1136 2342; x_wconf 87' lang='lat' dir='ltr'><strong>sunt</strong></span> <span class='ocrx_word' id='word_1_145' title='bbox 1191 2287 1464 2342; x_wconf 60' lang='lat' dir='ltr'><strong>heredes.</strong></span> <span class='ocrx_word' id='word_1_146' title='bbox 1517 2286 1754 2357; x_wconf 68' lang='lat' dir='ltr'><strong>Sanguis</strong></span> <span class='ocrx_word' id='word_1_147' title='bbox 1810 2287 1959 2342; x_wconf 77' lang='lat' dir='ltr'><strong>enim</strong></span> 
     </span>
    </p>
   </div>
   <div class='ocr_carea' id='block_1_25' title="bbox 311 2372 1957 2448">
    <p class='ocr_par' dir='ltr' id='par_1_25' title="bbox 311 2372 1957 2448">
     <span class='ocr_line' id='line_1_25' title="bbox 311 2372 1957 2448; baseline 0.001 -20"><span class='ocrx_word' id='word_1_148' title='bbox 311 2372 451 2438; x_wconf 80' lang='lat' dir='ltr'><strong>eius,</strong></span> <span class='ocrx_word' id='word_1_149' title='bbox 482 2373 780 2446; x_wconf 89' lang='lat' dir='ltr'><strong>inquiunt,</strong></span> <span class='ocrx_word' id='word_1_150' title='bbox 803 2391 970 2445; x_wconf 84' lang='lat' dir='ltr'><strong>super</strong></span> <span class='ocrx_word' id='word_1_151' title='bbox 996 2391 1116 2443; x_wconf 83' lang='lat' dir='ltr'><strong>nos,</strong></span> <span class='ocrx_word' id='word_1_152' title='bbox 1165 2379 1217 2431; x_wconf 83' lang='lat' dir='ltr'><strong>et</strong></span> <span class='ocrx_word' id='word_1_153' title='bbox 1271 2392 1436 2448; x_wconf 85' lang='lat' dir='ltr'><strong>super</strong></span> <span class='ocrx_word' id='word_1_154' title='bbox 1465 2375 1616 2446; x_wconf 82' lang='lat' dir='ltr'><strong>ﬁlios</strong></span> <span class='ocrx_word' id='word_1_155' title='bbox 1643 2380 1859 2432; x_wconf 83' lang='lat' dir='ltr'><strong>nostros</strong></span> <span class='ocrx_word' id='word_1_156' title='bbox 1889 2377 1957 2430; x_wconf 86' lang='lat'><strong>“.</strong></span> 
     </span>
    </p>
   </div>
   <div class='ocr_carea' id='block_1_26' title="bbox 383 2551 1962 2610">
    <p class='ocr_par' dir='ltr' id='par_1_26' title="bbox 383 2551 1962 2610">
     <span class='ocr_line' id='line_1_26' title="bbox 383 2551 1962 2610; baseline 0.001 -3"><span class='ocrx_word' id='word_1_157' title='bbox 383 2551 472 2607; x_wconf 91' lang='lat'><strong>38.</strong></span> <span class='ocrx_word' id='word_1_158' title='bbox 495 2552 672 2608; x_wconf 72' lang='lat' dir='ltr'><strong>Vens.</strong></span> <span class='ocrx_word' id='word_1_159' title='bbox 730 2554 821 2610; x_wconf 85' lang='grc'><strong>16.</strong></span> <span class='ocrx_word' id='word_1_160' title='bbox 888 2555 1187 2610; x_wconf 86' lang='lat' dir='ltr'><strong>Lavamini</strong></span> <span class='ocrx_word' id='word_1_161' title='bbox 1225 2554 1425 2610; x_wconf 84' lang='lat' dir='ltr'><strong>mundi</strong></span> <span class='ocrx_word' id='word_1_162' title='bbox 1469 2559 1660 2610; x_wconf 78' lang='lat' dir='ltr'><strong>estote.</strong></span> <span class='ocrx_word' id='word_1_163' title='bbox 1716 2553 1962 2610; x_wconf 87' lang='lat' dir='ltr'><strong>Videtur</strong></span> 
     </span>
    </p>
   </div>
   <div class='ocr_carea' id='block_1_27' title="bbox 309 2641 1958 2716">
    <p class='ocr_par' dir='ltr' id='par_1_27' title="bbox 309 2641 1958 2716">
     <span class='ocr_line' id='line_1_27' title="bbox 309 2641 1958 2716; baseline 0.002 -21"><span class='ocrx_word' id='word_1_164' title='bbox 309 2641 745 2713; x_wconf 88' lang='lat' dir='ltr'><strong>quodammodo</strong></span> <span class='ocrx_word' id='word_1_165' title='bbox 766 2642 1251 2716; x_wconf 89' lang='lat' dir='ltr'><strong>Scriptura,quod</strong></span> <span class='ocrx_word' id='word_1_166' title='bbox 1287 2645 1358 2698; x_wconf 89' lang='lat' dir='ltr'><strong>ad</strong></span> <span class='ocrx_word' id='word_1_167' title='bbox 1391 2644 1566 2700; x_wconf 86' lang='lat' dir='ltr'><strong>verba</strong></span> <span class='ocrx_word' id='word_1_168' title='bbox 1582 2645 1958 2711; x_wconf 87' lang='lat' dir='ltr'><strong>attinet,con-</strong></span> 
     </span>
    </p>
   </div>
   <div class='ocr_carea' id='block_1_28' title="bbox 308 2730 1960 2804">
    <p class='ocr_par' dir='ltr' id='par_1_28' title="bbox 308 2730 1960 2804">
     <span class='ocr_line' id='line_1_28' title="bbox 308 2730 1960 2804; baseline 0 -18"><span class='ocrx_word' id='word_1_169' title='bbox 308 2730 495 2786; x_wconf 88' lang='lat' dir='ltr'><strong>tinere</strong></span> <span class='ocrx_word' id='word_1_170' title='bbox 517 2733 1084 2798; x_wconf 89' lang='lat' dir='ltr'><strong>contrarietatem,ac</strong></span> <span class='ocrx_word' id='word_1_171' title='bbox 1112 2731 1294 2789; x_wconf 87' lang='lat' dir='ltr'><strong>veluti</strong></span> <span class='ocrx_word' id='word_1_172' title='bbox 1318 2733 1605 2788; x_wconf 81' lang='lat' dir='ltr'><strong>mendacii</strong></span> <span class='ocrx_word' id='word_1_173' title='bbox 1629 2733 1960 2804; x_wconf 69' lang='lat' dir='ltr'><strong>cujuapiam</strong></span> 
     </span>
    </p>
   </div>
   <div class='ocr_carea' id='block_1_29' title="bbox 311 2821 1964 2893">
    <p class='ocr_par' dir='ltr' id='par_1_29' title="bbox 311 2821 1964 2893">
     <span class='ocr_line' id='line_1_29' title="bbox 311 2821 1964 2893; baseline 0.001 -19"><span class='ocrx_word' id='word_1_174' title='bbox 311 2823 492 2875; x_wconf 90' lang='lat' dir='ltr'><strong>Deum</strong></span> <span class='ocrx_word' id='word_1_175' title='bbox 520 2821 921 2877; x_wconf 83' lang='lat' dir='ltr'><strong>accusare.Ait</strong></span> <span class='ocrx_word' id='word_1_176' title='bbox 973 2822 1128 2876; x_wconf 80' lang='lat' dir='ltr'><strong>enim</strong></span> <span class='ocrx_word' id='word_1_177' title='bbox 1165 2839 1178 2878; x_wconf 91' lang='lat'><strong>:</strong></span> <span class='ocrx_word' id='word_1_178' title='bbox 1219 2823 1337 2877; x_wconf 83' lang='lat' dir='ltr'><strong>Non</strong></span> <span class='ocrx_word' id='word_1_179' title='bbox 1385 2823 1626 2893; x_wconf 76' lang='lat' dir='ltr'><strong>amplius</strong></span> <span class='ocrx_word' id='word_1_180' title='bbox 1681 2823 1964 2877; x_wconf 77' lang='lat' dir='ltr'><strong>dimittam</strong></span> 
     </span>
    </p>
   </div>
   <div class='ocr_carea' id='block_1_30' title="bbox 307 2910 1962 2983">
    <p class='ocr_par' dir='ltr' id='par_1_30' title="bbox 307 2910 1962 2983">
     <span class='ocr_line' id='line_1_30' title="bbox 307 2910 1962 2983; baseline 0.001 -18"><span class='ocrx_word' id='word_1_181' title='bbox 307 2918 532 2982; x_wconf 78' lang='lat' dir='ltr'><strong>peccata</strong></span> <span class='ocrx_word' id='word_1_182' title='bbox 561 2919 760 2966; x_wconf 76' lang='lat' dir='ltr'><strong>vestra.</strong></span> <span class='ocrx_word' id='word_1_183' title='bbox 793 2911 936 2966; x_wconf 89' lang='lat' dir='ltr'><strong>ltem</strong></span> <span class='ocrx_word' id='word_1_184' title='bbox 999 2910 1180 2967; x_wconf 92' lang='lat' dir='ltr'><strong>illud:</strong></span> <span class='ocrx_word' id='word_1_185' title='bbox 1213 2911 1275 2966; x_wconf 88' lang='lat' dir='ltr'><strong>Si</strong></span> <span class='ocrx_word' id='word_1_186' title='bbox 1317 2913 1828 2983; x_wconf 79' lang='lat' dir='ltr'><strong>multiplicaveritis</strong></span> <span class='ocrx_word' id='word_1_187' title='bbox 1868 2910 1962 2966; x_wconf 80' lang='lat' dir='ltr'><strong>de-</strong></span> 
     </span>
    </p>
   </div>
   <div class='ocr_carea' id='block_1_31' title="bbox 306 3000 1962 3074">
    <p class='ocr_par' dir='ltr' id='par_1_31' title="bbox 306 3000 1962 3074">
     <span class='ocr_line' id='line_1_31' title="bbox 306 3000 1962 3074; baseline 0.001 -20"><span class='ocrx_word' id='word_1_188' title='bbox 306 3002 813 3071; x_wconf 79' lang='lat' dir='ltr'><strong>precationem,non</strong></span> <span class='ocrx_word' id='word_1_189' title='bbox 835 3001 1134 3057; x_wconf 73' lang='lat' dir='ltr'><strong>exaudiam</strong></span> <span class='ocrx_word' id='word_1_190' title='bbox 1153 3001 1438 3057; x_wconf 79' lang='lat' dir='ltr'><strong>vos.Nunc</strong></span> <span class='ocrx_word' id='word_1_191' title='bbox 1471 3001 1639 3074; x_wconf 89' lang='lat' dir='ltr'><strong>quasi</strong></span> <span class='ocrx_word' id='word_1_192' title='bbox 1660 3000 1745 3055; x_wconf 91' lang='lat' dir='ltr'><strong>illi</strong></span> <span class='ocrx_word' id='word_1_193' title='bbox 1764 3004 1962 3056; x_wconf 85' lang='lat' dir='ltr'><strong>essent</strong></span> 
     </span>
    </p>
   </div>
   <div class='ocr_carea' id='block_1_32' title="bbox 312 3087 1958 3157">
    <p class='ocr_par' dir='ltr' id='par_1_32' title="bbox 312 3087 1958 3157">
     <span class='ocr_line' id='line_1_32' title="bbox 312 3087 1958 3157; baseline 0.001 -13"><span class='ocrx_word' id='word_1_194' title='bbox 312 3087 630 3155; x_wconf 88' lang='lat' dir='ltr'><strong>sanabiles,</strong></span> <span class='ocrx_word' id='word_1_195' title='bbox 663 3090 973 3157; x_wconf 85' lang='lat' dir='ltr'><strong>Lavamini,</strong></span> <span class='ocrx_word' id='word_1_196' title='bbox 1006 3089 1089 3144; x_wconf 80' lang='lat' dir='ltr'><strong>ait</strong></span> <span class='ocrx_word' id='word_1_197' title='bbox 1107 3089 1306 3145; x_wconf 85' lang='lat' dir='ltr'><strong>mundi</strong></span> <span class='ocrx_word' id='word_1_198' title='bbox 1334 3094 1516 3146; x_wconf 79' lang='lat' dir='ltr'><strong>estote.</strong></span> <span class='ocrx_word' id='word_1_199' title='bbox 1567 3090 1856 3145; x_wconf 88' lang='lat' dir='ltr'><strong>Nimirum</strong></span> <span class='ocrx_word' id='word_1_200' title='bbox 1897 3089 1958 3145; x_wconf 92' lang='lat' dir='ltr'><strong>in</strong></span> 
     </span>
    </p>
   </div>
   <div class='ocr_carea' id='block_1_33' title="bbox 307 3175 1959 3252">
    <p class='ocr_par' dir='ltr' id='par_1_33' title="bbox 307 3175 1959 3252">
     <span class='ocr_line' id='line_1_33' title="bbox 307 3175 1959 3252; baseline 0.003 -22"><span class='ocrx_word' id='word_1_201' title='bbox 307 3175 706 3247; x_wconf 87' lang='lat' dir='ltr'><strong>superioribus</strong></span> <span class='ocrx_word' id='word_1_202' title='bbox 726 3177 961 3248; x_wconf 91' lang='lat' dir='ltr'><strong>quidem</strong></span> <span class='ocrx_word' id='word_1_203' title='bbox 981 3177 1622 3252; x_wconf 88' lang='lat' dir='ltr'><strong>demonstraturlegem</strong></span> <span class='ocrx_word' id='word_1_204' title='bbox 1648 3177 1849 3251; x_wconf 89' lang='lat' dir='ltr'><strong>iis,qui</strong></span> <span class='ocrx_word' id='word_1_205' title='bbox 1869 3195 1959 3235; x_wconf 89' lang='lat' dir='ltr'><strong>se-</strong></span> 
     </span>
    </p>
   </div>
   <div class='ocr_carea' id='block_1_34' title="bbox 2069 579 3725 656">
    <p class='ocr_par' dir='ltr' id='par_1_34' title="bbox 2069 579 3725 656">
     <span class='ocr_line' id='line_1_34' title="bbox 2069 579 3725 656; baseline -0.004 -16"><span class='ocrx_word' id='word_1_206' title='bbox 2069 585 2202 640; x_wconf 85' lang='grc' dir='ltr'>Θεοῦ</span> <span class='ocrx_word' id='word_1_207' title='bbox 2253 585 2343 641; x_wconf 81' lang='grc' dir='ltr'><strong>καὶ</strong></span> <span class='ocrx_word' id='word_1_208' title='bbox 2381 585 2480 655; x_wconf 79' lang='grc' dir='ltr'>τὴν</span> <span class='ocrx_word' id='word_1_209' title='bbox 2515 582 2883 656; x_wconf 83' lang='grc' dir='ltr'>δικαιοσύνην.</span> <span class='ocrx_word' id='word_1_210' title='bbox 2934 581 3079 639; x_wconf 89' lang='grc' dir='ltr'><strong>ἀλλά</strong></span> <span class='ocrx_word' id='word_1_211' title='bbox 3112 584 3188 656; x_wconf 85' lang='grc' dir='ltr'>μή</span> <span class='ocrx_word' id='word_1_212' title='bbox 3219 583 3287 637; x_wconf 79' lang='grc' dir='ltr'>τὰ</span> <span class='ocrx_word' id='word_1_213' title='bbox 3316 579 3604 654; x_wconf 76' lang='grc' dir='ltr'>σωματικὰ</span> <span class='ocrx_word' id='word_1_214' title='bbox 3631 580 3725 636; x_wconf 83' lang='grc' dir='ltr'><strong>καὶ</strong></span> 
     </span>
    </p>
   </div>
   <div class='ocr_carea' id='block_1_35' title="bbox 2069 670 3726 751">
    <p class='ocr_par' dir='ltr' id='par_1_35' title="bbox 2069 670 3726 751">
     <span class='ocr_line' id='line_1_35' title="bbox 2069 670 3726 751; baseline -0.002 -22"><span class='ocrx_word' id='word_1_215' title='bbox 2069 673 2301 751; x_wconf 72' lang='grc' dir='ltr'>ἐπίγεια.</span> <span class='ocrx_word' id='word_1_216' title='bbox 2336 677 2442 730; x_wconf 82' lang='grc' dir='ltr'>Λιά</span> <span class='ocrx_word' id='word_1_217' title='bbox 2486 676 2707 749; x_wconf 72' lang='grc' dir='ltr'>τοῦτοξὸ</span> <span class='ocrx_word' id='word_1_218' title='bbox 2750 672 2993 748; x_wconf 77' lang='grc' dir='ltr'>ψαλμός·</span> <span class='ocrx_word' id='word_1_219' title='bbox 3056 671 3201 729; x_wconf 90' lang='grc' dir='ltr'>Μίαν</span> <span class='ocrx_word' id='word_1_220' title='bbox 3252 670 3550 746; x_wconf 75' lang='grc' dir='ltr'><strong>ᾐτησάμην</strong></span> <span class='ocrx_word' id='word_1_221' title='bbox 3579 671 3726 744; x_wconf 81' lang='grc' dir='ltr'><strong>παρά</strong></span> 
     </span>
    </p>
   </div>
   <div class='ocr_carea' id='block_1_36' title="bbox 2070 758 3726 839">
    <p class='ocr_par' dir='ltr' id='par_1_36' title="bbox 2070 758 3726 839">
     <span class='ocr_line' id='line_1_36' title="bbox 2070 758 3726 839; baseline -0.004 -17"><span class='ocrx_word' id='word_1_222' title='bbox 2070 763 2296 839; x_wconf 79' lang='grc' dir='ltr'><strong>Κυρίου,</strong></span> <span class='ocrx_word' id='word_1_223' title='bbox 2351 763 2552 837; x_wconf 86' lang='grc' dir='ltr'>ταύτην</span> <span class='ocrx_word' id='word_1_224' title='bbox 2614 766 2872 837; x_wconf 76' lang='grc' dir='ltr'>ζητήσω,</span> <span class='ocrx_word' id='word_1_225' title='bbox 2930 763 2990 817; x_wconf 84' lang='grc' dir='ltr'>τὸ</span> <span class='ocrx_word' id='word_1_226' title='bbox 3047 766 3316 817; x_wconf 74' lang='grc' dir='ltr'>κατοικεῖν</span> <span class='ocrx_word' id='word_1_227' title='bbox 3380 782 3448 835; x_wconf 86' lang='grc' dir='ltr'><strong>με</strong></span> <span class='ocrx_word' id='word_1_228' title='bbox 3489 758 3543 816; x_wconf 74' lang='grc' dir='ltr'>ἐν</span> <span class='ocrx_word' id='word_1_229' title='bbox 3590 758 3726 835; x_wconf 69' lang='grc' dir='ltr'>οἴκῳ</span> 
     </span>
    </p>
   </div>
   <div class='ocr_carea' id='block_1_37' title="bbox 2067 854 2289 928">
    <p class='ocr_par' dir='ltr' id='par_1_37' title="bbox 2067 854 2289 928">
     <span class='ocr_line' id='line_1_37' title="bbox 2067 854 2289 928; baseline 0.014 -18"><span class='ocrx_word' id='word_1_230' title='bbox 2067 854 2289 928; x_wconf 78' lang='grc' dir='ltr'><strong>Κυρίου.</strong></span> 
     </span>
    </p>
   </div>
   <div class='ocr_carea' id='block_1_38' title="bbox 2138 937 3725 1020">
    <p class='ocr_par' dir='ltr' id='par_1_38' title="bbox 2138 937 3725 1020">
     <span class='ocr_line' id='line_1_38' title="bbox 2138 937 3725 1020; baseline -0.004 -20"><span class='ocrx_word' id='word_1_231' title='bbox 2138 946 2228 1000; x_wconf 87' lang='grc'><strong>37.</strong></span> <span class='ocrx_word' id='word_1_232' title='bbox 2288 942 2512 1020; x_wconf 44' lang='lat' dir='ltr'><strong>ij-{ap</strong></span> <span class='ocrx_word' id='word_1_233' title='bbox 2565 946 2748 1018; x_wconf 83' lang='grc' dir='ltr'>χεῖρες</span> <span class='ocrx_word' id='word_1_234' title='bbox 2805 942 2958 1014; x_wconf 77' lang='grc' dir='ltr'>ὑμῶν</span> <span class='ocrx_word' id='word_1_235' title='bbox 2991 939 3222 1013; x_wconf 72' lang='grc' dir='ltr'>αἵματος</span> <span class='ocrx_word' id='word_1_236' title='bbox 3266 937 3526 1014; x_wconf 77' lang='grc' dir='ltr'>πλήρεις.</span> <span class='ocrx_word' id='word_1_237' title='bbox 3555 939 3725 994; x_wconf 87' lang='grc' dir='ltr'>Τοῦτό</span> 
     </span>
    </p>
   </div>
   <div class='ocr_carea' id='block_1_39' title="bbox 2067 1027 3723 1108">
    <p class='ocr_par' dir='ltr' id='par_1_39' title="bbox 2067 1027 3723 1108">
     <span class='ocr_line' id='line_1_39' title="bbox 2067 1027 3723 1108; baseline -0.004 -20"><span class='ocrx_word' id='word_1_238' title='bbox 2067 1030 2175 1088; x_wconf 74' lang='grc' dir='ltr'>ἐστι</span> <span class='ocrx_word' id='word_1_239' title='bbox 2250 1034 2314 1088; x_wconf 86' lang='grc' dir='ltr'>τὸ</span> <span class='ocrx_word' id='word_1_240' title='bbox 2392 1030 2561 1087; x_wconf 75' lang='grc' dir='ltr'>αἶ’τιον</span> <span class='ocrx_word' id='word_1_241' title='bbox 2636 1036 2732 1086; x_wconf 93' lang='grc' dir='ltr'><strong>τοῦ</strong></span> <span class='ocrx_word' id='word_1_242' title='bbox 2794 1029 3220 1108; x_wconf 71' lang='grc' dir='ltr'><strong>ἀποστρέφεσθαι</strong></span> <span class='ocrx_word' id='word_1_243' title='bbox 3297 1030 3426 1092; x_wconf 86' lang='grc' dir='ltr'>τοὺς</span> <span class='ocrx_word' id='word_1_244' title='bbox 3510 1027 3723 1106; x_wconf 68' lang='grc' dir='ltr'>ὀφθαλυ</span> 
     </span>
    </p>
   </div>
   <div class='ocr_carea' id='block_1_40' title="bbox 2071 1114 3728 1195">
    <p class='ocr_par' dir='ltr' id='par_1_40' title="bbox 2071 1114 3728 1195">
     <span class='ocr_line' id='line_1_40' title="bbox 2071 1114 3728 1195; baseline -0.004 -18"><span class='ocrx_word' id='word_1_245' title='bbox 2071 1121 2209 1195; x_wconf 77' lang='grc' dir='ltr'>μοὺς</span> <span class='ocrx_word' id='word_1_246' title='bbox 2238 1124 2334 1176; x_wconf 85' lang='grc' dir='ltr'><strong>τοῦ</strong></span> <span class='ocrx_word' id='word_1_247' title='bbox 2386 1127 2541 1184; x_wconf 82' lang='grc' dir='ltr'>Θεοῦ.</span> <span class='ocrx_word' id='word_1_248' title='bbox 2595 1120 2724 1177; x_wconf 67' lang='grc' dir='ltr'>ὅταν</span> <span class='ocrx_word' id='word_1_249' title='bbox 2782 1119 3108 1183; x_wconf 74' lang='grc' dir='ltr'>ἒκτανθῶσιν</span> <span class='ocrx_word' id='word_1_250' title='bbox 3168 1118 3220 1172; x_wconf 76' lang='grc' dir='ltr'>αἱ</span> <span class='ocrx_word' id='word_1_251' title='bbox 3252 1122 3457 1194; x_wconf 83' lang='grc' dir='ltr'>χεῖρες,</span> <span class='ocrx_word' id='word_1_252' title='bbox 3491 1114 3728 1172; x_wconf 89' lang='grc' dir='ltr'>διότιτά</span> 
     </span>
    </p>
   </div>
   <div class='ocr_carea' id='block_1_41' title="bbox 2065 1205 3723 1286">
    <p class='ocr_par' dir='ltr' id='par_1_41' title="bbox 2065 1205 3723 1286">
     <span class='ocr_line' id='line_1_41' title="bbox 2065 1205 3723 1286; baseline -0.004 -19"><span class='ocrx_word' id='word_1_253' title='bbox 2065 1218 2166 1281; x_wconf 87' lang='grc' dir='ltr'><strong>τῆς</strong></span> <span class='ocrx_word' id='word_1_254' title='bbox 2228 1210 2504 1286; x_wconf 73' lang='grc' dir='ltr'>ἱκετηρίας</span> <span class='ocrx_word' id='word_1_255' title='bbox 2559 1205 2813 1284; x_wconf 71' lang='grc' dir='ltr'>σύμϐολα</span> <span class='ocrx_word' id='word_1_256' title='bbox 2868 1210 3220 1284; x_wconf 80' lang='grc' dir='ltr'>παροξυσμοῦ</span> <span class='ocrx_word' id='word_1_257' title='bbox 3274 1207 3407 1262; x_wconf 86' lang='grc' dir='ltr'>είσιν</span> <span class='ocrx_word' id='word_1_258' title='bbox 3455 1205 3723 1285; x_wconf 77' lang='grc' dir='ltr'>ἀφορμαί.</span> 
     </span>
    </p>
   </div>
   <div class='ocr_carea' id='block_1_42' title="bbox 2067 1291 3726 1378">
    <p class='ocr_par' dir='ltr' id='par_1_42' title="bbox 2067 1291 3726 1378">
     <span class='ocr_line' id='line_1_42' title="bbox 2067 1291 3726 1378; baseline -0.004 -21"><span class='ocrx_word' id='word_1_259' title='bbox 2067 1303 2269 1378; x_wconf 85' lang='grc' dir='ltr'>Ὥσπερ</span> <span class='ocrx_word' id='word_1_260' title='bbox 2326 1298 2384 1356; x_wconf 75' lang='grc' dir='ltr'>ἂν</span> <span class='ocrx_word' id='word_1_261' title='bbox 2445 1299 2501 1356; x_wconf 84' lang='grc' dir='ltr'><strong>εἷ’</strong></span> <span class='ocrx_word' id='word_1_262' title='bbox 2548 1321 2630 1363; x_wconf 87' lang='grc' dir='ltr'><strong>τις</strong></span> <span class='ocrx_word' id='word_1_263' title='bbox 2690 1300 2808 1355; x_wconf 69' lang='grc' dir='ltr'>υἱόν</span> <span class='ocrx_word' id='word_1_264' title='bbox 2839 1319 2987 1362; x_wconf 92' lang='grc' dir='ltr'>τινος</span> <span class='ocrx_word' id='word_1_265' title='bbox 3017 1298 3281 1376; x_wconf 76' lang='grc' dir='ltr'>φονεύσας</span> <span class='ocrx_word' id='word_1_266' title='bbox 3312 1297 3612 1373; x_wconf 87' lang='grc' dir='ltr'>ἀγαπητὸν,</span> <span class='ocrx_word' id='word_1_267' title='bbox 3646 1291 3726 1350; x_wconf 78' lang='grc' dir='ltr'>ἔτι</span> 
     </span>
    </p>
   </div>
   <div class='ocr_carea' id='block_1_43' title="bbox 2067 1379 3728 1467">
    <p class='ocr_par' dir='ltr' id='par_1_43' title="bbox 2067 1379 3728 1467">
     <span class='ocr_line' id='line_1_43' title="bbox 2067 1379 3728 1467; baseline -0.005 -21"><span class='ocrx_word' id='word_1_268' title='bbox 2067 1389 2387 1467; x_wconf 69' lang='grc' dir='ltr'>ᾖμαγμένας</span> <span class='ocrx_word' id='word_1_269' title='bbox 2440 1389 2491 1444; x_wconf 73' lang='grc' dir='ltr'>ἰν</span> <span class='ocrx_word' id='word_1_270' title='bbox 2537 1393 2634 1444; x_wconf 82' lang='grc' dir='ltr'><strong>τοῦ</strong></span> <span class='ocrx_word' id='word_1_271' title='bbox 2684 1388 2848 1465; x_wconf 78' lang='grc' dir='ltr'>φόνου</span> <span class='ocrx_word' id='word_1_272' title='bbox 2902 1387 2999 1449; x_wconf 88' lang='grc' dir='ltr'><strong>τάς</strong></span> <span class='ocrx_word' id='word_1_273' title='bbox 3042 1406 3232 1463; x_wconf 84' lang='grc' dir='ltr'>χειρας</span> <span class='ocrx_word' id='word_1_274' title='bbox 3287 1379 3457 1461; x_wconf 77' lang='grc' dir='ltr'>ἔχων,</span> <span class='ocrx_word' id='word_1_275' title='bbox 3513 1383 3728 1461; x_wconf 88' lang='grc' dir='ltr'>προτεί-</span> 
     </span>
    </p>
   </div>
   <div class='ocr_carea' id='block_1_44' title="bbox 2066 1471 3720 1555">
    <p class='ocr_par' dir='ltr' id='par_1_44' title="bbox 2066 1471 3720 1555">
     <span class='ocr_line' id='line_1_44' title="bbox 2066 1471 3720 1555; baseline -0.003 -23"><span class='ocrx_word' id='word_1_276' title='bbox 2066 1502 2150 1536; x_wconf 85' lang='lat' dir='ltr'><strong>vOt</strong></span> <span class='ocrx_word' id='word_1_277' title='bbox 2181 1484 2294 1555; x_wconf 87' lang='grc'><strong>(67)</strong></span> <span class='ocrx_word' id='word_1_278' title='bbox 2349 1479 2513 1542; x_wconf 80' lang='grc' dir='ltr'>αὐτὰς</span> <span class='ocrx_word' id='word_1_279' title='bbox 2571 1483 2651 1551; x_wconf 78' lang='grc' dir='ltr'><strong>τῶ</strong></span> <span class='ocrx_word' id='word_1_280' title='bbox 2679 1477 2841 1554; x_wconf 81' lang='grc' dir='ltr'>πατρῖ</span> <span class='ocrx_word' id='word_1_281' title='bbox 2876 1475 3290 1553; x_wconf 81' lang='grc' dir='ltr'>χαλεπαίνοντι,</span> <span class='ocrx_word' id='word_1_282' title='bbox 3324 1471 3498 1544; x_wconf 73' lang='grc' dir='ltr'>δεξιὰν</span> <span class='ocrx_word' id='word_1_283' title='bbox 3531 1471 3720 1551; x_wconf 74' lang='grc' dir='ltr'>φιλίας</span> 
     </span>
    </p>
   </div>
   <div class='ocr_carea' id='block_1_45' title="bbox 2067 1561 3725 1645">
    <p class='ocr_par' dir='ltr' id='par_1_45' title="bbox 2067 1561 3725 1645">
     <span class='ocr_line' id='line_1_45' title="bbox 2067 1561 3725 1645; baseline -0.005 -19"><span class='ocrx_word' id='word_1_284' title='bbox 2067 1570 2234 1626; x_wconf 85' lang='grc' dir='ltr'>αίτῶν</span> <span class='ocrx_word' id='word_1_285' title='bbox 2267 1615 2280 1640; x_wconf 93' lang='grc'><strong>,</strong></span> <span class='ocrx_word' id='word_1_286' title='bbox 2340 1569 2430 1624; x_wconf 85' lang='grc' dir='ltr'><strong>καὶ</strong></span> <span class='ocrx_word' id='word_1_287' title='bbox 2489 1569 2818 1645; x_wconf 75' lang='grc' dir='ltr'>συγγνώμην</span> <span class='ocrx_word' id='word_1_288' title='bbox 2890 1561 3038 1641; x_wconf 73' lang='grc' dir='ltr'>ἔχειν</span> <span class='ocrx_word' id='word_1_289' title='bbox 3095 1562 3533 1642; x_wconf 82' lang='grc' dir='ltr'>παραιτούμενος</span> <span class='ocrx_word' id='word_1_290' title='bbox 3568 1581 3582 1594; x_wconf 86' lang='grc'><strong><em>⁸</em></strong></span> <span class='ocrx_word' id='word_1_291' title='bbox 3640 1562 3725 1640; x_wconf 78' lang='grc' dir='ltr'><strong>ἄρ’</strong></span> 
     </span>
    </p>
   </div>
   <div class='ocr_carea' id='block_1_46' title="bbox 2069 1653 3728 1738">
    <p class='ocr_par' dir='ltr' id='par_1_46' title="bbox 2069 1653 3728 1738">
     <span class='ocr_line' id='line_1_46' title="bbox 2069 1653 3728 1738; baseline -0.005 -24"><span class='ocrx_word' id='word_1_292' title='bbox 2069 1659 2200 1735; x_wconf 77' lang='grc' dir='ltr'>οὗχῖ</span> <span class='ocrx_word' id='word_1_293' title='bbox 2264 1659 2423 1738; x_wconf 68' lang='grc' dir='ltr'>φανὲν</span> <span class='ocrx_word' id='word_1_294' title='bbox 2478 1662 2576 1714; x_wconf 90' lang='grc' dir='ltr'><strong>τοῦ</strong></span> <span class='ocrx_word' id='word_1_295' title='bbox 2631 1659 2823 1712; x_wconf 69' lang='grc' dir='ltr'>τικνου</span> <span class='ocrx_word' id='word_1_296' title='bbox 2851 1656 2913 1711; x_wconf 85' lang='grc' dir='ltr'>τὸ</span> <span class='ocrx_word' id='word_1_297' title='bbox 2944 1657 3081 1729; x_wconf 81' lang='grc' dir='ltr'>αἷμα</span> <span class='ocrx_word' id='word_1_298' title='bbox 3111 1653 3164 1710; x_wconf 71' lang='grc' dir='ltr'>ἰν</span> <span class='ocrx_word' id='word_1_299' title='bbox 3194 1656 3263 1727; x_wconf 84' lang='grc' dir='ltr'>τῇ</span> <span class='ocrx_word' id='word_1_300' title='bbox 3296 1653 3441 1730; x_wconf 82' lang='grc' dir='ltr'>χειρὶ</span> <span class='ocrx_word' id='word_1_301' title='bbox 3473 1656 3571 1708; x_wconf 91' lang='grc' dir='ltr'><strong>τοῦ</strong></span> <span class='ocrx_word' id='word_1_302' title='bbox 3599 1673 3728 1707; x_wconf 88' lang='grc' dir='ltr'>παι-</span> 
     </span>
    </p>
   </div>
   <div class='ocr_carea' id='block_1_47' title="bbox 2069 1740 3722 1824">
    <p class='ocr_par' dir='ltr' id='par_1_47' title="bbox 2069 1740 3722 1824">
     <span class='ocr_line' id='line_1_47' title="bbox 2069 1740 3722 1824; baseline -0.005 -20"><span class='ocrx_word' id='word_1_303' title='bbox 2069 1744 2304 1824; x_wconf 79' lang='grc' dir='ltr'>δοφόνου</span> <span class='ocrx_word' id='word_1_304' title='bbox 2351 1747 2564 1822; x_wconf 81' lang='grc' dir='ltr'>μᾶλλον</span> <span class='ocrx_word' id='word_1_305' title='bbox 2600 1747 2674 1809; x_wconf 86' lang='grc' dir='ltr'><strong>είς</strong></span> <span class='ocrx_word' id='word_1_306' title='bbox 2729 1744 2898 1822; x_wconf 70' lang='grc' dir='ltr'>ὀργὴν</span> <span class='ocrx_word' id='word_1_307' title='bbox 2958 1744 3049 1799; x_wconf 86' lang='grc' dir='ltr'>τὸν</span> <span class='ocrx_word' id='word_1_308' title='bbox 3099 1740 3436 1816; x_wconf 69' lang='grc' dir='ltr'>ἠδικημίνον</span> <span class='ocrx_word' id='word_1_309' title='bbox 3488 1740 3722 1818; x_wconf 75' lang='grc' dir='ltr'>ἐγείρει;</span> 
     </span>
    </p>
   </div>
   <div class='ocr_carea' id='block_1_48' title="bbox 2067 1831 3719 1908">
    <p class='ocr_par' dir='ltr' id='par_1_48' title="bbox 2067 1831 3719 1908">
     <span class='ocr_line' id='line_1_48' title="bbox 2067 1831 3719 1908; baseline -0.005 -13"><span class='ocrx_word' id='word_1_310' title='bbox 2067 1841 2325 1896; x_wconf 77' lang='grc' dir='ltr'>Τοιαῦται</span> <span class='ocrx_word' id='word_1_311' title='bbox 2378 1841 2469 1892; x_wconf 87' lang='grc' dir='ltr'><strong>νῦν</strong></span> <span class='ocrx_word' id='word_1_312' title='bbox 2529 1837 2660 1892; x_wconf 74' lang='grc' dir='ltr'>εἰσιν</span> <span class='ocrx_word' id='word_1_313' title='bbox 2715 1837 2769 1891; x_wconf 71' lang='grc' dir='ltr'>αἱ</span> <span class='ocrx_word' id='word_1_314' title='bbox 2826 1839 2934 1891; x_wconf 87' lang='grc' dir='ltr'><strong>τῶν</strong></span> <span class='ocrx_word' id='word_1_315' title='bbox 3004 1831 3286 1891; x_wconf 84' lang='grc' dir='ltr'>Ἰουδαίων</span> <span class='ocrx_word' id='word_1_316' title='bbox 3358 1831 3538 1908; x_wconf 79' lang='grc' dir='ltr'>εὐχαὶ,</span> <span class='ocrx_word' id='word_1_317' title='bbox 3593 1831 3719 1886; x_wconf 74' lang='grc' dir='ltr'>ὅταν</span> 
     </span>
    </p>
   </div>
   <div class='ocr_carea' id='block_1_49' title="bbox 2067 1922 3720 2004">
    <p class='ocr_par' dir='ltr' id='par_1_49' title="bbox 2067 1922 3720 2004">
     <span class='ocr_line' id='line_1_49' title="bbox 2067 1922 3720 2004; baseline -0.005 -20"><span class='ocrx_word' id='word_1_318' title='bbox 2067 1927 2340 1984; x_wconf 68' lang='grc' dir='ltr'>ἰκτείνωσι</span> <span class='ocrx_word' id='word_1_319' title='bbox 2400 1925 2494 1990; x_wconf 71' lang='grc' dir='ltr'>τὰς</span> <span class='ocrx_word' id='word_1_320' title='bbox 2550 1931 2764 2004; x_wconf 84' lang='grc' dir='ltr'>χεῖρας,</span> <span class='ocrx_word' id='word_1_321' title='bbox 2840 1930 2940 1995; x_wconf 88' lang='grc' dir='ltr'><strong>τῆς</strong></span> <span class='ocrx_word' id='word_1_322' title='bbox 2997 1923 3073 1986; x_wconf 83' lang='grc' dir='ltr'><strong>είς</strong></span> <span class='ocrx_word' id='word_1_323' title='bbox 3131 1923 3221 1979; x_wconf 87' lang='grc' dir='ltr'><strong>τὸν</strong></span> <span class='ocrx_word' id='word_1_324' title='bbox 3281 1927 3546 1998; x_wconf 77' lang='grc' dir='ltr'>μονογενῆ</span> <span class='ocrx_word' id='word_1_325' title='bbox 3595 1922 3720 1976; x_wconf 72' lang='lat' dir='ltr'><strong>nev</strong></span> 
     </span>
    </p>
   </div>
   <div class='ocr_carea' id='block_1_50' title="bbox 2068 2011 3716 2094">
    <p class='ocr_par' dir='ltr' id='par_1_50' title="bbox 2068 2011 3716 2094">
     <span class='ocr_line' id='line_1_50' title="bbox 2068 2011 3716 2094; baseline -0.005 -20"><span class='ocrx_word' id='word_1_326' title='bbox 2068 2019 2336 2094; x_wconf 82' lang='grc' dir='ltr'>ἁμαρτίας</span> <span class='ocrx_word' id='word_1_327' title='bbox 2389 2015 2915 2090; x_wconf 86' lang='grc' dir='ltr'>ἀναμιμνησκόντων</span> <span class='ocrx_word' id='word_1_328' title='bbox 2986 2013 3077 2068; x_wconf 87' lang='grc' dir='ltr'><strong>τὸν</strong></span> <span class='ocrx_word' id='word_1_329' title='bbox 3137 2011 3266 2068; x_wconf 88' lang='grc' dir='ltr'>Θεὸν</span> <span class='ocrx_word' id='word_1_330' title='bbox 3337 2012 3422 2066; x_wconf 80' lang='grc' dir='ltr'><strong>καὶ</strong></span> <span class='ocrx_word' id='word_1_331' title='bbox 3485 2011 3716 2084; x_wconf 71' lang='grc' dir='ltr'>Πατέρα,</span> 
     </span>
    </p>
   </div>
   <div class='ocr_carea' id='block_1_51' title="bbox 2067 2101 3720 2178">
    <p class='ocr_par' dir='ltr' id='par_1_51' title="bbox 2067 2101 3720 2178">
     <span class='ocr_line' id='line_1_51' title="bbox 2067 2101 3720 2178; baseline -0.005 -15"><span class='ocrx_word' id='word_1_332' title='bbox 2067 2107 2157 2163; x_wconf 83' lang='grc' dir='ltr'><strong>καὶ</strong></span> <span class='ocrx_word' id='word_1_333' title='bbox 2214 2108 2334 2172; x_wconf 83' lang='grc' dir='ltr'>καθ’</span> <span class='ocrx_word' id='word_1_334' title='bbox 2390 2105 2615 2178; x_wconf 64' lang='grc' dir='ltr'>εκάστην</span> <span class='ocrx_word' id='word_1_335' title='bbox 2671 2102 2887 2160; x_wconf 65' lang='grc' dir='ltr'>ἰκτασιν</span> <span class='ocrx_word' id='word_1_336' title='bbox 2946 2101 3042 2167; x_wconf 83' lang='grc' dir='ltr'>τὰς</span> <span class='ocrx_word' id='word_1_337' title='bbox 3110 2106 3303 2178; x_wconf 81' lang='grc' dir='ltr'>χεῖρας</span> <span class='ocrx_word' id='word_1_338' title='bbox 3370 2101 3576 2156; x_wconf 72' lang='grc' dir='ltr'>ἑαυτῶν</span> <span class='ocrx_word' id='word_1_339' title='bbox 3620 2103 3720 2156; x_wconf 83' lang='grc' dir='ltr'><strong>τοῦ</strong></span> 
     </span>
    </p>
   </div>
   <div class='ocr_carea' id='block_1_52' title="bbox 2067 2188 3721 2271">
    <p class='ocr_par' dir='ltr' id='par_1_52' title="bbox 2067 2188 3721 2271">
     <span class='ocr_line' id='line_1_52' title="bbox 2067 2188 3721 2271; baseline -0.005 -19"><span class='ocrx_word' id='word_1_340' title='bbox 2067 2195 2298 2271; x_wconf 71' lang='grc' dir='ltr'>αἵματος</span> <span class='ocrx_word' id='word_1_341' title='bbox 2373 2194 2470 2252; x_wconf 90' lang='grc' dir='ltr'><strong>τοῦ</strong></span> <span class='ocrx_word' id='word_1_342' title='bbox 2546 2196 2782 2270; x_wconf 78' lang='grc' dir='ltr'>Χριστοῦ</span> <span class='ocrx_word' id='word_1_343' title='bbox 2853 2191 3089 2268; x_wconf 76' lang='grc' dir='ltr'>πλήρεις</span> <span class='ocrx_word' id='word_1_344' title='bbox 3163 2188 3596 2248; x_wconf 73' lang='grc' dir='ltr'>ιπιδεικνύντων.</span> <span class='ocrx_word' id='word_1_345' title='bbox 3653 2190 3721 2247; x_wconf 74' lang='grc' dir='ltr'><strong>Οἱ</strong></span> 
     </span>
    </p>
   </div>
   <div class='ocr_carea' id='block_1_53' title="bbox 2067 2282 3726 2362">
    <p class='ocr_par' dir='ltr' id='par_1_53' title="bbox 2067 2282 3726 2362">
     <span class='ocr_line' id='line_1_53' title="bbox 2067 2282 3726 2362; baseline -0.005 -21"><span class='ocrx_word' id='word_1_346' title='bbox 2067 2287 2172 2362; x_wconf 73' lang='grc' dir='ltr'>γὰρ</span> <span class='ocrx_word' id='word_1_347' title='bbox 2230 2285 2578 2359; x_wconf 64' lang='grc' dir='ltr'>ἐπιμένοντες</span> <span class='ocrx_word' id='word_1_348' title='bbox 2629 2287 2699 2358; x_wconf 81' lang='grc' dir='ltr'>τῇ</span> <span class='ocrx_word' id='word_1_349' title='bbox 2757 2282 3034 2360; x_wconf 81' lang='grc' dir='ltr'>πωρώσει,</span> <span class='ocrx_word' id='word_1_350' title='bbox 3066 2287 3166 2350; x_wconf 87' lang='grc' dir='ltr'><strong>τῆς</strong></span> <span class='ocrx_word' id='word_1_351' title='bbox 3192 2285 3461 2353; x_wconf 84' lang='grc' dir='ltr'>πατρικῆς</span> <span class='ocrx_word' id='word_1_352' title='bbox 3505 2299 3726 2357; x_wconf 73' lang='grc' dir='ltr'>μιαιφο-</span> 
     </span>
    </p>
   </div>
   <div class='ocr_carea' id='block_1_54' title="bbox 2067 2368 3722 2450">
    <p class='ocr_par' dir='ltr' id='par_1_54' title="bbox 2067 2368 3722 2450">
     <span class='ocr_line' id='line_1_54' title="bbox 2067 2368 3722 2450; baseline -0.004 -20"><span class='ocrx_word' id='word_1_353' title='bbox 2067 2376 2188 2438; x_wconf 83' lang='grc' dir='ltr'>νίας</span> <span class='ocrx_word' id='word_1_354' title='bbox 2218 2373 2563 2450; x_wconf 76' lang='grc' dir='ltr'>κληρονόμοι</span> <span class='ocrx_word' id='word_1_355' title='bbox 2600 2374 2930 2450; x_wconf 84' lang='grc' dir='ltr'>ὑπάρχουσι.</span> <span class='ocrx_word' id='word_1_356' title='bbox 2951 2371 3023 2425; x_wconf 83' lang='grc' dir='ltr'><strong>Τὸ</strong></span> <span class='ocrx_word' id='word_1_357' title='bbox 3051 2369 3152 2446; x_wconf 77' lang='grc' dir='ltr'>γὰρ</span> <span class='ocrx_word' id='word_1_358' title='bbox 3183 2371 3320 2443; x_wconf 80' lang='grc' dir='ltr'>αἷμα</span> <span class='ocrx_word' id='word_1_359' title='bbox 3344 2368 3531 2440; x_wconf 79' lang='grc' dir='ltr'>αὐτοῦ,</span> <span class='ocrx_word' id='word_1_360' title='bbox 3563 2369 3722 2445; x_wconf 75' lang='grc' dir='ltr'>φασὶν</span> 
     </span>
    </p>
   </div>
   <div class='ocr_carea' id='block_1_55' title="bbox 2069 2462 3079 2543">
    <p class='ocr_par' dir='ltr' id='par_1_55' title="bbox 2069 2462 3079 2543">
     <span class='ocr_line' id='line_1_55' title="bbox 2069 2462 3079 2543; baseline -0.005 -23"><span class='ocrx_word' id='word_1_361' title='bbox 2069 2463 2151 2543; x_wconf 71' lang='grc' dir='ltr'><strong>ἐφ’</strong></span> <span class='ocrx_word' id='word_1_362' title='bbox 2181 2467 2348 2538; x_wconf 78' lang='grc' dir='ltr'>ἡμᾶς,</span> <span class='ocrx_word' id='word_1_363' title='bbox 2382 2465 2471 2518; x_wconf 62' lang='grc' dir='ltr'>λαὶ</span> <span class='ocrx_word' id='word_1_364' title='bbox 2502 2462 2589 2518; x_wconf 75' lang='grc' dir='ltr'><strong>ἐπὶ</strong></span> <span class='ocrx_word' id='word_1_365' title='bbox 2619 2462 2684 2517; x_wconf 84' lang='grc' dir='ltr'><strong>τά</strong></span> <span class='ocrx_word' id='word_1_366' title='bbox 2707 2463 2866 2516; x_wconf 78' lang='grc' dir='ltr'>τὲκνα</span> <span class='ocrx_word' id='word_1_367' title='bbox 2895 2463 2929 2530; x_wconf 76' lang='grc' dir='ltr'>ἡ</span> <span class='ocrx_word' id='word_1_368' title='bbox 2941 2463 3079 2532; x_wconf 87' lang='grc' dir='ltr'>μῶν.</span> 
     </span>
    </p>
   </div>
   <div class='ocr_carea' id='block_1_56' title="bbox 2139 2549 3726 2625">
    <p class='ocr_par' dir='ltr' id='par_1_56' title="bbox 2139 2549 3726 2625">
     <span class='ocr_line' id='line_1_56' title="bbox 2139 2549 3726 2625; baseline -0.006 -14"><span class='ocrx_word' id='word_1_369' title='bbox 2139 2556 2228 2611; x_wconf 89' lang='grc'><strong>38.</strong></span> <span class='ocrx_word' id='word_1_370' title='bbox 2279 2552 2555 2617; x_wconf 80' lang='grc' dir='ltr'>Λούσασθε</span> <span class='ocrx_word' id='word_1_371' title='bbox 2626 2551 2849 2625; x_wconf 83' lang='grc' dir='ltr'>καθαροὶ</span> <span class='ocrx_word' id='word_1_372' title='bbox 3096 2549 3330 2623; x_wconf 76' lang='grc' dir='ltr'>γένεσθε.</span> <span class='ocrx_word' id='word_1_373' title='bbox 3394 2552 3555 2603; x_wconf 83' lang='grc' dir='ltr'>Δοκεῖ</span> <span class='ocrx_word' id='word_1_374' title='bbox 3608 2567 3726 2608; x_wconf 90' lang='grc' dir='ltr'><strong>πως</strong></span> 
     </span>
    </p>
   </div>
   <div class='ocr_carea' id='block_1_57' title="bbox 2069 2635 3721 2717">
    <p class='ocr_par' dir='ltr' id='par_1_57' title="bbox 2069 2635 3721 2717">
     <span class='ocr_line' id='line_1_57' title="bbox 2069 2635 3721 2717; baseline -0.004 -19"><span class='ocrx_word' id='word_1_375' title='bbox 2069 2641 2380 2716; x_wconf 70' lang='grc' dir='ltr'>ἐναντίωμα</span> <span class='ocrx_word' id='word_1_376' title='bbox 2409 2641 2484 2704; x_wconf 85' lang='grc' dir='ltr'>ὡς</span> <span class='ocrx_word' id='word_1_377' title='bbox 2510 2641 2647 2717; x_wconf 82' lang='grc' dir='ltr'>πρὸς</span> <span class='ocrx_word' id='word_1_378' title='bbox 2692 2640 2756 2695; x_wconf 87' lang='grc' dir='ltr'><strong>τὸ</strong></span> <span class='ocrx_word' id='word_1_379' title='bbox 2803 2639 2965 2716; x_wconf 85' lang='grc' dir='ltr'>ῥητὸν</span> <span class='ocrx_word' id='word_1_380' title='bbox 3015 2638 3043 2692; x_wconf 84' lang='grc' dir='ltr'><strong>ὁ</strong></span> <span class='ocrx_word' id='word_1_381' title='bbox 3076 2635 3236 2712; x_wconf 86' lang='grc' dir='ltr'>λόγος</span> <span class='ocrx_word' id='word_1_382' title='bbox 3268 2635 3415 2713; x_wconf 66' lang='grc' dir='ltr'>ἔχειν</span> <span class='ocrx_word' id='word_1_383' title='bbox 3439 2637 3529 2692; x_wconf 87' lang='grc' dir='ltr'><strong>καὶ</strong></span> <span class='ocrx_word' id='word_1_384' title='bbox 3561 2635 3721 2692; x_wconf 70' lang='grc' dir='ltr'>οἱονεὶ</span> 
     </span>
    </p>
   </div>
   <div class='ocr_carea' id='block_1_58' title="bbox 2070 2726 3720 2808">
    <p class='ocr_par' dir='ltr' id='par_1_58' title="bbox 2070 2726 3720 2808">
     <span class='ocr_line' id='line_1_58' title="bbox 2070 2726 3720 2808; baseline -0.005 -20"><span class='ocrx_word' id='word_1_385' title='bbox 2070 2730 2428 2808; x_wconf 80' lang='grc' dir='ltr'>ψευδολογίαν</span> <span class='ocrx_word' id='word_1_386' title='bbox 2458 2730 2580 2786; x_wconf 78' lang='grc' dir='ltr'>τινὰ</span> <span class='ocrx_word' id='word_1_387' title='bbox 2606 2734 2701 2785; x_wconf 87' lang='grc' dir='ltr'><strong>τοῦ</strong></span> <span class='ocrx_word' id='word_1_388' title='bbox 2727 2733 2861 2785; x_wconf 87' lang='grc' dir='ltr'>Θεοῦ</span> <span class='ocrx_word' id='word_1_389' title='bbox 2894 2732 3240 2804; x_wconf 87' lang='grc' dir='ltr'>κατηγορεῖν.</span> <span class='ocrx_word' id='word_1_390' title='bbox 3295 2727 3426 2783; x_wconf 82' lang='grc' dir='ltr'>Εἶπε</span> <span class='ocrx_word' id='word_1_391' title='bbox 3455 2727 3586 2803; x_wconf 78' lang='grc' dir='ltr'>γὰρ,</span> <span class='ocrx_word' id='word_1_392' title='bbox 3638 2726 3720 2782; x_wconf 74' lang='grc' dir='ltr'>ὅτι</span> 
     </span>
    </p>
   </div>
   <div class='ocr_carea' id='block_1_59' title="bbox 2070 2816 3717 2893">
    <p class='ocr_par' dir='ltr' id='par_1_59' title="bbox 2070 2816 3717 2893">
     <span class='ocr_line' id='line_1_59' title="bbox 2070 2816 3717 2893; baseline -0.006 -13"><span class='ocrx_word' id='word_1_393' title='bbox 2070 2821 2265 2881; x_wconf 75' lang='grc' dir='ltr'>Οὐκέτι</span> <span class='ocrx_word' id='word_1_394' title='bbox 2321 2821 2508 2892; x_wconf 75' lang='grc' dir='ltr'>ἀνήσω</span> <span class='ocrx_word' id='word_1_395' title='bbox 2578 2819 2676 2882; x_wconf 79' lang='grc' dir='ltr'>τὰς</span> <span class='ocrx_word' id='word_1_396' title='bbox 2751 2817 3015 2893; x_wconf 82' lang='grc' dir='ltr'>ἁμαρτίας</span> <span class='ocrx_word' id='word_1_397' title='bbox 3075 2817 3250 2890; x_wconf 82' lang='grc' dir='ltr'>ὑμῶν·</span> <span class='ocrx_word' id='word_1_398' title='bbox 3307 2817 3394 2872; x_wconf 84' lang='grc' dir='ltr'><strong>καὶ</strong></span> <span class='ocrx_word' id='word_1_399' title='bbox 3451 2817 3537 2886; x_wconf 77' lang='grc' dir='ltr'>τὸ,</span> <span class='ocrx_word' id='word_1_400' title='bbox 3598 2816 3717 2871; x_wconf 75' lang='grc' dir='ltr'><strong>Ἐὰν</strong></span> 
     </span>
    </p>
   </div>
   <div class='ocr_carea' id='block_1_60' title="bbox 2069 2905 3716 2982">
    <p class='ocr_par' dir='ltr' id='par_1_60' title="bbox 2069 2905 3716 2982">
     <span class='ocr_line' id='line_1_60' title="bbox 2069 2905 3716 2982; baseline -0.002 -15"><span class='ocrx_word' id='word_1_401' title='bbox 2069 2909 2388 2982; x_wconf 81' lang='grc' dir='ltr'>πληθύνητε</span> <span class='ocrx_word' id='word_1_402' title='bbox 2451 2912 2551 2980; x_wconf 79' lang='grc' dir='ltr'>τὴν</span> <span class='ocrx_word' id='word_1_403' title='bbox 2611 2906 2835 2979; x_wconf 76' lang='grc' dir='ltr'>δέησιν,</span> <span class='ocrx_word' id='word_1_404' title='bbox 2909 2908 3009 2962; x_wconf 81' lang='grc' dir='ltr'><strong>οὐκ</strong></span> <span class='ocrx_word' id='word_1_405' title='bbox 3079 2905 3464 2979; x_wconf 81' lang='grc' dir='ltr'>είσακούσομαι</span> <span class='ocrx_word' id='word_1_406' title='bbox 3540 2905 3716 2979; x_wconf 85' lang='grc' dir='ltr'>ὑμῶν.</span> 
     </span>
    </p>
   </div>
   <div class='ocr_carea' id='block_1_61' title="bbox 2069 2993 3714 3074">
    <p class='ocr_par' dir='ltr' id='par_1_61' title="bbox 2069 2993 3714 3074">
     <span class='ocr_line' id='line_1_61' title="bbox 2069 2993 3714 3074; baseline -0.006 -16"><span class='ocrx_word' id='word_1_407' title='bbox 2069 3003 2181 3060; x_wconf 89' lang='grc' dir='ltr'><strong>Νῦν</strong></span> <span class='ocrx_word' id='word_1_408' title='bbox 2239 3002 2313 3064; x_wconf 84' lang='grc' dir='ltr'>ὡς</span> <span class='ocrx_word' id='word_1_409' title='bbox 2389 2999 2621 3074; x_wconf 79' lang='grc' dir='ltr'>ίασίμων</span> <span class='ocrx_word' id='word_1_410' title='bbox 2677 2993 2848 3054; x_wconf 70' lang='grc' dir='ltr'>όντων</span> <span class='ocrx_word' id='word_1_411' title='bbox 2901 2995 3140 3064; x_wconf 72' lang='grc' dir='ltr'>ικείνων,</span> <span class='ocrx_word' id='word_1_412' title='bbox 3195 2994 3488 3067; x_wconf 86' lang='grc' dir='ltr'>Λούσασθε,</span> <span class='ocrx_word' id='word_1_413' title='bbox 3550 3005 3714 3058; x_wconf 62' lang='grc' dir='ltr'>καθα-</span> 
     </span>
    </p>
   </div>
   <div class='ocr_carea' id='block_1_62' title="bbox 2070 3081 3718 3170">
    <p class='ocr_par' dir='ltr' id='par_1_62' title="bbox 2070 3081 3718 3170">
     <span class='ocr_line' id='line_1_62' title="bbox 2070 3081 3718 3170; baseline -0.005 -24"><span class='ocrx_word' id='word_1_414' title='bbox 2070 3089 2178 3168; x_wconf 77' lang='grc' dir='ltr'>ροί,</span> <span class='ocrx_word' id='word_1_415' title='bbox 2233 3089 2389 3170; x_wconf 75' lang='grc' dir='ltr'>φησὶ,</span> <span class='ocrx_word' id='word_1_416' title='bbox 2447 3088 2679 3166; x_wconf 72' lang='grc' dir='ltr'>γένεσθε.</span> <span class='ocrx_word' id='word_1_417' title='bbox 2737 3089 2860 3145; x_wconf 85' lang='grc' dir='ltr'>’Ὁτι</span> <span class='ocrx_word' id='word_1_418' title='bbox 2911 3085 2963 3141; x_wconf 70' lang='grc' dir='ltr'>ἐν</span> <span class='ocrx_word' id='word_1_419' title='bbox 3028 3085 3122 3160; x_wconf 78' lang='grc' dir='ltr'>μὶν</span> <span class='ocrx_word' id='word_1_420' title='bbox 3152 3089 3267 3146; x_wconf 87' lang='grc' dir='ltr'>τοῖς</span> <span class='ocrx_word' id='word_1_421' title='bbox 3299 3084 3407 3138; x_wconf 79' lang='grc' dir='ltr'>ἅνω</span> <span class='ocrx_word' id='word_1_422' title='bbox 3435 3085 3498 3139; x_wconf 88' lang='grc' dir='ltr'>τὸ</span> <span class='ocrx_word' id='word_1_423' title='bbox 3527 3081 3718 3138; x_wconf 82' lang='grc' dir='ltr'>ἀδύνα·</span> 
     </span>
    </p>
   </div>
   <div class='ocr_carea' id='block_1_63' title="bbox 2065 3172 3717 3253">
    <p class='ocr_par' dir='ltr' id='par_1_63' title="bbox 2065 3172 3717 3253">
     <span class='ocr_line' id='line_1_63' title="bbox 2065 3172 3717 3253; baseline -0.005 -18"><span class='ocrx_word' id='word_1_424' title='bbox 2065 3201 2157 3237; x_wconf 91' lang='grc' dir='ltr'><strong>τον</strong></span> <span class='ocrx_word' id='word_1_425' title='bbox 2198 3183 2296 3235; x_wconf 89' lang='grc' dir='ltr'><strong>τοῦ</strong></span> <span class='ocrx_word' id='word_1_426' title='bbox 2334 3179 2509 3253; x_wconf 88' lang='grc' dir='ltr'>νόμου</span> <span class='ocrx_word' id='word_1_427' title='bbox 2555 3177 2632 3240; x_wconf 80' lang='grc' dir='ltr'><strong>είς</strong></span> <span class='ocrx_word' id='word_1_428' title='bbox 2681 3175 2955 3253; x_wconf 88' lang='grc' dir='ltr'>σωτηρίαν</span> <span class='ocrx_word' id='word_1_429' title='bbox 3018 3179 3136 3237; x_wconf 86' lang='grc' dir='ltr'>τοῖς</span> <span class='ocrx_word' id='word_1_430' title='bbox 3195 3172 3554 3251; x_wconf 67' lang='grc' dir='ltr'>βουλομένοις</span> <span class='ocrx_word' id='word_1_431' title='bbox 3600 3173 3717 3227; x_wconf 84' lang='grc' dir='ltr'>κατ’</span> 
     </span>
    </p>
   </div>
   <div class='ocr_carea' id='block_1_64' title="bbox 306 3254 1960 3345">
    <p class='ocr_par' dir='ltr' id='par_1_64' title="bbox 306 3265 1955 3340">
     <span class='ocr_line' id='line_1_64' title="bbox 306 3265 1955 3340; baseline 0.002 -18"><span class='ocrx_word' id='word_1_432' title='bbox 306 3265 565 3322; x_wconf 90' lang='lat' dir='ltr'><strong>cundum</strong></span> <span class='ocrx_word' id='word_1_433' title='bbox 597 3266 787 3338; x_wconf 87' lang='lat' dir='ltr'><strong>ipsam</strong></span> <span class='ocrx_word' id='word_1_434' title='bbox 808 3266 998 3324; x_wconf 89' lang='lat' dir='ltr'><strong>vivere</strong></span> <span class='ocrx_word' id='word_1_435' title='bbox 1015 3265 1239 3338; x_wconf 88' lang='lat' dir='ltr'><strong>volunt,</strong></span> <span class='ocrx_word' id='word_1_436' title='bbox 1273 3267 1523 3323; x_wconf 88' lang='lat' dir='ltr'><strong>salutem</strong></span> <span class='ocrx_word' id='word_1_437' title='bbox 1541 3272 1818 3340; x_wconf 76' lang='lat' dir='ltr'><strong>praastare</strong></span> <span class='ocrx_word' id='word_1_438' title='bbox 1841 3286 1955 3326; x_wconf 89' lang='lat' dir='ltr'><strong>non</strong></span> 
     </span>
    </p>
   </div>
   <div class='ocr_carea' id='block_1_65' title="bbox 2072 3254 3721 3345">
    <p class='ocr_par' dir='ltr' id='par_1_65' title="bbox 2072 3258 3721 3345">
     <span class='ocr_line' id='line_1_65' title="bbox 2072 3258 3721 3345; baseline -0.006 -20"><span class='ocrx_word' id='word_1_439' title='bbox 2072 3269 2232 3325; x_wconf 79' lang='grc' dir='ltr'>αὐτὸν</span> <span class='ocrx_word' id='word_1_440' title='bbox 2267 3269 2420 3345; x_wconf 86' lang='grc' dir='ltr'>βιοῦν</span> <span class='ocrx_word' id='word_1_441' title='bbox 2454 3266 2837 3344; x_wconf 75' lang='grc' dir='ltr'>ἀπελέγχεταιο</span> <span class='ocrx_word' id='word_1_442' title='bbox 2883 3263 2936 3320; x_wconf 74' lang='grc' dir='ltr'>ἰν</span> <span class='ocrx_word' id='word_1_443' title='bbox 2968 3263 3185 3326; x_wconf 76' lang='grc' dir='ltr'>τούτοις</span> <span class='ocrx_word' id='word_1_444' title='bbox 3218 3261 3276 3318; x_wconf 71' lang='grc' dir='ltr'>δὲ</span> <span class='ocrx_word' id='word_1_445' title='bbox 3305 3263 3459 3339; x_wconf 69' lang='grc' dir='ltr'>ὶτὲρα</span> <span class='ocrx_word' id='word_1_446' title='bbox 3490 3258 3614 3324; x_wconf 81' lang='grc' dir='ltr'>ὁδὸς</span> <span class='ocrx_word' id='word_1_447' title='bbox 3647 3259 3721 3323; x_wconf 71' lang='grc' dir='ltr'><strong>είς</strong></span> 
     </span>
    </p>
   </div>
   <div class='ocr_carea' id='block_1_66' title="bbox 307 3354 1957 3428">
    <p class='ocr_par' dir='ltr' id='par_1_66' title="bbox 307 3354 1957 3428">
     <span class='ocr_line' id='line_1_66' title="bbox 307 3354 1957 3428; baseline 0.004 -19"><span class='ocrx_word' id='word_1_448' title='bbox 307 3370 481 3428; x_wconf 84' lang='lat' dir='ltr'><strong>posse</strong></span> <span class='ocrx_word' id='word_1_449' title='bbox 504 3371 518 3420; x_wconf 89' lang='grc'>;</span> <span class='ocrx_word' id='word_1_450' title='bbox 537 3355 596 3409; x_wconf 91' lang='lat' dir='ltr'><strong>in</strong></span> <span class='ocrx_word' id='word_1_451' title='bbox 630 3354 703 3411; x_wconf 91' lang='lat' dir='ltr'><strong>iis</strong></span> <span class='ocrx_word' id='word_1_452' title='bbox 723 3372 859 3412; x_wconf 90' lang='lat' dir='ltr'><strong>vero</strong></span> <span class='ocrx_word' id='word_1_453' title='bbox 878 3356 1070 3412; x_wconf 84' lang='lat' dir='ltr'><strong>verbis</strong></span> <span class='ocrx_word' id='word_1_454' title='bbox 1087 3356 1265 3412; x_wconf 83' lang='lat' dir='ltr'><strong>altera</strong></span> <span class='ocrx_word' id='word_1_455' title='bbox 1298 3357 1370 3412; x_wconf 89' lang='lat' dir='ltr'><strong>ad</strong></span> <span class='ocrx_word' id='word_1_456' title='bbox 1394 3356 1642 3413; x_wconf 86' lang='lat' dir='ltr'><strong>salutem</strong></span> <span class='ocrx_word' id='word_1_457' title='bbox 1660 3358 1752 3414; x_wconf 87' lang='lat' dir='ltr'><strong>via</strong></span> <span class='ocrx_word' id='word_1_458' title='bbox 1767 3364 1957 3415; x_wconf 88' lang='lat' dir='ltr'><strong>osten-</strong></span> 
     </span>
    </p>
   </div>
   <div class='ocr_carea' id='block_1_67' title="bbox 309 3443 1961 3517">
    <p class='ocr_par' dir='ltr' id='par_1_67' title="bbox 309 3443 1961 3517">
     <span class='ocr_line' id='line_1_67' title="bbox 309 3443 1961 3517; baseline 0.003 -18"><span class='ocrx_word' id='word_1_459' title='bbox 309 3443 489 3500; x_wconf 88' lang='lat' dir='ltr'><strong>ditur.</strong></span> <span class='ocrx_word' id='word_1_460' title='bbox 521 3443 711 3514; x_wconf 88' lang='lat' dir='ltr'><strong>Atque</strong></span> <span class='ocrx_word' id='word_1_461' title='bbox 740 3443 883 3500; x_wconf 86' lang='lat' dir='ltr'><strong>illud</strong></span> <span class='ocrx_word' id='word_1_462' title='bbox 918 3446 1156 3517; x_wconf 91' lang='lat' dir='ltr'><strong>quidem</strong></span> <span class='ocrx_word' id='word_1_463' title='bbox 1189 3445 1468 3502; x_wconf 87' lang='lat' dir='ltr'><strong>sensibile</strong></span> <span class='ocrx_word' id='word_1_464' title='bbox 1517 3445 1662 3517; x_wconf 82' lang='lat' dir='ltr'><strong>legis</strong></span> <span class='ocrx_word' id='word_1_465' title='bbox 1695 3447 1961 3504; x_wconf 61' lang='lat' dir='ltr'><strong>Mosaicae</strong></span> 
     </span>
    </p>
   </div>
   <div class='ocr_carea' id='block_1_68' title="bbox 307 3530 1958 3608">
    <p class='ocr_par' dir='ltr' id='par_1_68' title="bbox 307 3530 1958 3608">
     <span class='ocr_line' id='line_1_68' title="bbox 307 3530 1958 3608; baseline 0.004 -22"><span class='ocrx_word' id='word_1_466' title='bbox 307 3530 651 3587; x_wconf 86' lang='lat' dir='ltr'><strong>institutum</strong></span> <span class='ocrx_word' id='word_1_467' title='bbox 684 3533 925 3606; x_wconf 87' lang='lat' dir='ltr'><strong>abrogat</strong></span> <span class='ocrx_word' id='word_1_468' title='bbox 949 3551 961 3588; x_wconf 93' lang='lat'>:</span> <span class='ocrx_word' id='word_1_469' title='bbox 994 3533 1105 3588; x_wconf 91' lang='lat' dir='ltr'><strong>hoc</strong></span> <span class='ocrx_word' id='word_1_470' title='bbox 1132 3548 1268 3588; x_wconf 87' lang='lat' dir='ltr'><strong>vero</strong></span> <span class='ocrx_word' id='word_1_471' title='bbox 1290 3533 1418 3588; x_wconf 69' lang='lat' dir='ltr'><strong>vitas</strong></span> <span class='ocrx_word' id='word_1_472' title='bbox 1449 3533 1790 3605; x_wconf 74' lang='lat' dir='ltr'><strong>evangelicae</strong></span> <span class='ocrx_word' id='word_1_473' title='bbox 1812 3553 1958 3608; x_wconf 61' lang='lat' dir='ltr'><strong>prae-</strong></span> 
     </span>
    </p>
   </div>
   <div class='ocr_carea' id='block_1_69' title="bbox 311 3622 1959 3697">
    <p class='ocr_par' dir='ltr' id='par_1_69' title="bbox 311 3622 1959 3697">
     <span class='ocr_line' id='line_1_69' title="bbox 311 3622 1959 3697; baseline 0.002 -21"><span class='ocrx_word' id='word_1_474' title='bbox 311 3625 599 3676; x_wconf 88' lang='lat' dir='ltr'><strong>monstrat</strong></span> <span class='ocrx_word' id='word_1_475' title='bbox 628 3622 882 3678; x_wconf 84' lang='lat' dir='ltr'><strong>exordia.</strong></span> <span class='ocrx_word' id='word_1_476' title='bbox 913 3623 973 3678; x_wconf 93' lang='lat' dir='ltr'><strong>Si</strong></span> <span class='ocrx_word' id='word_1_477' title='bbox 1001 3624 1243 3678; x_wconf 75' lang='lat' dir='ltr'><strong>tuleritis</strong></span> <span class='ocrx_word' id='word_1_478' title='bbox 1271 3623 1537 3693; x_wconf 79' lang='lat' dir='ltr'><strong>similam,</strong></span> <span class='ocrx_word' id='word_1_479' title='bbox 1560 3640 1766 3679; x_wconf 83' lang='lat' dir='ltr'><strong>vanum</strong></span> <span class='ocrx_word' id='word_1_480' title='bbox 1794 3627 1959 3697; x_wconf 82' lang='lat' dir='ltr'><strong>;lhy-</strong></span> 
     </span>
    </p>
   </div>
   <div class='ocr_carea' id='block_1_70' title="bbox 307 3711 1962 3783">
    <p class='ocr_par' dir='ltr' id='par_1_70' title="bbox 307 3711 1962 3783">
     <span class='ocr_line' id='line_1_70' title="bbox 307 3711 1962 3783; baseline 0.004 -19"><span class='ocrx_word' id='word_1_481' title='bbox 307 3711 538 3778; x_wconf 90' lang='lat' dir='ltr'><strong>miama,</strong></span> <span class='ocrx_word' id='word_1_482' title='bbox 570 3711 912 3767; x_wconf 81' lang='lat' dir='ltr'><strong>abominatio</strong></span> <span class='ocrx_word' id='word_1_483' title='bbox 935 3729 954 3767; x_wconf 79' lang='lat'><strong>.&#39;</strong></span> <span class='ocrx_word' id='word_1_484' title='bbox 985 3711 1204 3782; x_wconf 83' lang='lat' dir='ltr'><strong>adipem</strong></span> <span class='ocrx_word' id='word_1_485' title='bbox 1252 3727 1524 3782; x_wconf 79' lang='lat' dir='ltr'><strong>agnorum</strong></span> <span class='ocrx_word' id='word_1_486' title='bbox 1552 3721 1604 3768; x_wconf 77' lang='grc' dir='ltr'><strong>ει</strong></span> <span class='ocrx_word' id='word_1_487' title='bbox 1633 3717 1962 3783; x_wconf 76' lang='lat' dir='ltr'><strong>sanguinem</strong></span> 
     </span>
    </p>
   </div>
   <div class='ocr_carea' id='block_1_71' title="bbox 308 3798 1961 3871">
    <p class='ocr_par' dir='ltr' id='par_1_71' title="bbox 308 3798 1961 3871">
     <span class='ocr_line' id='line_1_71' title="bbox 308 3798 1961 3871; baseline 0.003 -20"><span class='ocrx_word' id='word_1_488' title='bbox 308 3801 598 3852; x_wconf 83' lang='lat' dir='ltr'><strong>taurorum</strong></span> <span class='ocrx_word' id='word_1_489' title='bbox 627 3799 773 3854; x_wconf 82' lang='lat' dir='ltr'><strong>nolo.</strong></span> <span class='ocrx_word' id='word_1_490' title='bbox 806 3799 955 3862; x_wconf 87' lang='lat' dir='ltr'><strong>Quid</strong></span> <span class='ocrx_word' id='word_1_491' title='bbox 997 3813 1134 3871; x_wconf 88' lang='lat' dir='ltr'><strong>ergo</strong></span> <span class='ocrx_word' id='word_1_492' title='bbox 1186 3798 1544 3854; x_wconf 82' lang='lat' dir='ltr'><strong>fecerimus?</strong></span> <span class='ocrx_word' id='word_1_493' title='bbox 1587 3800 1728 3871; x_wconf 90' lang='lat' dir='ltr'><strong>quid</strong></span> <span class='ocrx_word' id='word_1_494' title='bbox 1751 3817 1961 3857; x_wconf 87' lang='lat' dir='ltr'><strong>sumus</strong></span> 
     </span>
    </p>
   </div>
   <div class='ocr_carea' id='block_1_72' title="bbox 310 3884 1961 3960">
    <p class='ocr_par' dir='ltr' id='par_1_72' title="bbox 310 3884 1961 3960">
     <span class='ocr_line' id='line_1_72' title="bbox 310 3884 1961 3960; baseline 0.002 -18"><span class='ocrx_word' id='word_1_495' title='bbox 310 3884 565 3942; x_wconf 88' lang='lat' dir='ltr'><strong>oblaturi</strong></span> <span class='ocrx_word' id='word_1_496' title='bbox 584 3887 613 3941; x_wconf 81' lang='lat' dir='ltr'><strong>‘l</strong></span> <span class='ocrx_word' id='word_1_497' title='bbox 634 3887 784 3942; x_wconf 90' lang='lat' dir='ltr'><strong>Num</strong></span> <span class='ocrx_word' id='word_1_498' title='bbox 819 3887 968 3944; x_wconf 76' lang='lat' dir='ltr'><strong>forte</strong></span> <span class='ocrx_word' id='word_1_499' title='bbox 997 3903 1086 3958; x_wconf 90' lang='lat' dir='ltr'><strong>eo,</strong></span> <span class='ocrx_word' id='word_1_500' title='bbox 1142 3888 1296 3958; x_wconf 88' lang='lat' dir='ltr'><strong>quod</strong></span> <span class='ocrx_word' id='word_1_501' title='bbox 1330 3887 1656 3960; x_wconf 86' lang='lat' dir='ltr'><strong>corporalia</strong></span> <span class='ocrx_word' id='word_1_502' title='bbox 1684 3890 1961 3960; x_wconf 86' lang='lat' dir='ltr'><strong>rejiciun-</strong></span> 
     </span>
    </p>
   </div>
   <div class='ocr_carea' id='block_1_73' title="bbox 309 3975 1962 4050">
    <p class='ocr_par' dir='ltr' id='par_1_73' title="bbox 309 3975 1962 4050">
     <span class='ocr_line' id='line_1_73' title="bbox 309 3975 1962 4050; baseline 0.004 -21"><span class='ocrx_word' id='word_1_503' title='bbox 309 3977 410 4029; x_wconf 91' lang='lat' dir='ltr'><strong>tur</strong></span> <span class='ocrx_word' id='word_1_504' title='bbox 433 3975 738 4046; x_wconf 89' lang='lat' dir='ltr'><strong>obsequia,</strong></span> <span class='ocrx_word' id='word_1_505' title='bbox 790 3977 858 4031; x_wconf 89' lang='lat' dir='ltr'><strong>ad</strong></span> <span class='ocrx_word' id='word_1_506' title='bbox 895 3977 1076 4031; x_wconf 84' lang='lat' dir='ltr'><strong>festos</strong></span> <span class='ocrx_word' id='word_1_507' title='bbox 1133 3977 1260 4032; x_wconf 84' lang='lat' dir='ltr'><strong>dies</strong></span> <span class='ocrx_word' id='word_1_508' title='bbox 1293 3993 1502 4033; x_wconf 90' lang='lat' dir='ltr'><strong>sumus</strong></span> <span class='ocrx_word' id='word_1_509' title='bbox 1532 3979 1863 4050; x_wconf 87' lang='lat' dir='ltr'><strong>transituri,</strong></span> <span class='ocrx_word' id='word_1_510' title='bbox 1896 3996 1962 4035; x_wconf 86' lang='lat' dir='ltr'><strong>a0</strong></span> 
     </span>
    </p>
   </div>
   <div class='ocr_carea' id='block_1_74' title="bbox 311 4064 1964 4139">
    <p class='ocr_par' dir='ltr' id='par_1_74' title="bbox 311 4064 1964 4139">
     <span class='ocr_line' id='line_1_74' title="bbox 311 4064 1964 4139; baseline 0.004 -21"><span class='ocrx_word' id='word_1_511' title='bbox 311 4077 416 4135; x_wconf 89' lang='lat' dir='ltr'><strong>per</strong></span> <span class='ocrx_word' id='word_1_512' title='bbox 444 4079 543 4119; x_wconf 89' lang='lat' dir='ltr'><strong>eos</strong></span> <span class='ocrx_word' id='word_1_513' title='bbox 573 4064 798 4120; x_wconf 90' lang='lat' dir='ltr'><strong>cultum</strong></span> <span class='ocrx_word' id='word_1_514' title='bbox 830 4065 1235 4121; x_wconf 82' lang='lat' dir='ltr'><strong>exhibebimus</strong></span> <span class='ocrx_word' id='word_1_515' title='bbox 1259 4065 1286 4120; x_wconf 86' lang='lat'><strong>?</strong></span> <span class='ocrx_word' id='word_1_516' title='bbox 1307 4067 1629 4122; x_wconf 78' lang='lat' dir='ltr'><strong>Ncomenias</strong></span> <span class='ocrx_word' id='word_1_517' title='bbox 1659 4078 1880 4139; x_wconf 74' lang='lat' dir='ltr'><strong>vestras,</strong></span> <span class='ocrx_word' id='word_1_518' title='bbox 1911 4073 1964 4124; x_wconf 85' lang='lat' dir='ltr'><strong>et</strong></span> 
     </span>
    </p>
   </div>
   <div class='ocr_carea' id='block_1_75' title="bbox 312 4153 1957 4229">
    <p class='ocr_par' dir='ltr' id='par_1_75' title="bbox 312 4153 1957 4229">
     <span class='ocr_line' id='line_1_75' title="bbox 312 4153 1957 4229; baseline 0.003 -20"><span class='ocrx_word' id='word_1_519' title='bbox 312 4153 572 4223; x_wconf 79' lang='lat' dir='ltr'><strong>Sabbata,</strong></span> <span class='ocrx_word' id='word_1_520' title='bbox 607 4158 658 4209; x_wconf 81' lang='lat' dir='ltr'><strong>et</strong></span> <span class='ocrx_word' id='word_1_521' title='bbox 713 4155 858 4210; x_wconf 84' lang='lat' dir='ltr'><strong>diem</strong></span> <span class='ocrx_word' id='word_1_522' title='bbox 885 4171 1148 4223; x_wconf 84' lang='lat' dir='ltr'><strong>magnam</strong></span> <span class='ocrx_word' id='word_1_523' title='bbox 1188 4171 1298 4211; x_wconf 77' lang='lat' dir='ltr'><strong>non</strong></span> <span class='ocrx_word' id='word_1_524' title='bbox 1327 4159 1464 4227; x_wconf 72' lang='lat' dir='ltr'><strong>fero.</strong></span> <span class='ocrx_word' id='word_1_525' title='bbox 1489 4158 1573 4211; x_wconf 88' lang='lat' dir='ltr'><strong>An</strong></span> <span class='ocrx_word' id='word_1_526' title='bbox 1596 4173 1710 4212; x_wconf 91' lang='lat' dir='ltr'><strong>non</strong></span> <span class='ocrx_word' id='word_1_527' title='bbox 1724 4159 1957 4229; x_wconf 86' lang='lat' dir='ltr'><strong>jejuna-</strong></span> 
     </span>
    </p>
   </div>
   <div class='ocr_carea' id='block_1_76' title="bbox 315 4241 1964 4316">
    <p class='ocr_par' dir='ltr' id='par_1_76' title="bbox 315 4241 1964 4316">
     <span class='ocr_line' id='line_1_76' title="bbox 315 4241 1964 4316; baseline 0.004 -19"><span class='ocrx_word' id='word_1_528' title='bbox 315 4241 514 4298; x_wconf 87' lang='lat' dir='ltr'><strong>bimus</strong></span> <span class='ocrx_word' id='word_1_529' title='bbox 541 4243 570 4298; x_wconf 77' lang='lat' dir='ltr'><strong>‘l</strong></span> <span class='ocrx_word' id='word_1_530' title='bbox 600 4244 708 4299; x_wconf 88' lang='lat' dir='ltr'><strong>Sed</strong></span> <span class='ocrx_word' id='word_1_531' title='bbox 731 4245 964 4316; x_wconf 81' lang='lat' dir='ltr'><strong>jejunis</strong></span> <span class='ocrx_word' id='word_1_532' title='bbox 1007 4249 1204 4300; x_wconf 89' lang='lat' dir='ltr'><strong>vestra</strong></span> <span class='ocrx_word' id='word_1_533' title='bbox 1233 4245 1356 4300; x_wconf 92' lang='lat' dir='ltr'><strong>odit</strong></span> <span class='ocrx_word' id='word_1_534' title='bbox 1377 4245 1576 4301; x_wconf 90' lang='lat' dir='ltr'><strong>anima</strong></span> <span class='ocrx_word' id='word_1_535' title='bbox 1607 4263 1756 4302; x_wconf 88' lang='lat' dir='ltr'><strong>mea.</strong></span> <span class='ocrx_word' id='word_1_536' title='bbox 1808 4248 1964 4303; x_wconf 84' lang='lat' dir='ltr'><strong>Reli-</strong></span> 
     </span>
    </p>
   </div>
   <div class='ocr_carea' id='block_1_77' title="bbox 314 4333 1964 4407">
    <p class='ocr_par' dir='ltr' id='par_1_77' title="bbox 314 4333 1964 4407">
     <span class='ocr_line' id='line_1_77' title="bbox 314 4333 1964 4407; baseline 0.004 -21"><span class='ocrx_word' id='word_1_537' title='bbox 314 4347 498 4403; x_wconf 91' lang='lat' dir='ltr'><strong>quum</strong></span> <span class='ocrx_word' id='word_1_538' title='bbox 530 4337 620 4388; x_wconf 89' lang='lat' dir='ltr'><strong>est</strong></span> <span class='ocrx_word' id='word_1_539' title='bbox 651 4334 850 4406; x_wconf 86' lang='lat' dir='ltr'><strong>igitur,</strong></span> <span class='ocrx_word' id='word_1_540' title='bbox 884 4338 948 4388; x_wconf 92' lang='lat' dir='ltr'><strong>ut</strong></span> <span class='ocrx_word' id='word_1_541' title='bbox 977 4349 1139 4389; x_wconf 90' lang='lat' dir='ltr'><strong>more</strong></span> <span class='ocrx_word' id='word_1_542' title='bbox 1169 4333 1416 4390; x_wconf 88' lang='lat' dir='ltr'><strong>Judaico</strong></span> <span class='ocrx_word' id='word_1_543' title='bbox 1449 4336 1874 4407; x_wconf 81' lang='lat' dir='ltr'><strong>supplicamus,</strong></span> <span class='ocrx_word' id='word_1_544' title='bbox 1899 4354 1964 4393; x_wconf 89' lang='lat' dir='ltr'><strong>ac</strong></span> 
     </span>
    </p>
   </div>
   <div class='ocr_carea' id='block_1_78' title="bbox 313 4421 1965 4496">
    <p class='ocr_par' dir='ltr' id='par_1_78' title="bbox 313 4421 1965 4496">
     <span class='ocr_line' id='line_1_78' title="bbox 313 4421 1965 4496; baseline 0.003 -20"><span class='ocrx_word' id='word_1_545' title='bbox 313 4422 639 4476; x_wconf 88' lang='lat' dir='ltr'><strong>secundum</strong></span> <span class='ocrx_word' id='word_1_546' title='bbox 658 4421 840 4494; x_wconf 84' lang='lat' dir='ltr'><strong>legem</strong></span> <span class='ocrx_word' id='word_1_547' title='bbox 864 4437 1064 4494; x_wconf 89' lang='lat' dir='ltr'><strong>preces</strong></span> <span class='ocrx_word' id='word_1_548' title='bbox 1085 4423 1461 4478; x_wconf 69' lang='lat' dir='ltr'><strong>etfundamus</strong></span> <span class='ocrx_word' id='word_1_549' title='bbox 1479 4423 1681 4490; x_wconf 76' lang='lat' dir='ltr'><strong>PSed,si</strong></span> <span class='ocrx_word' id='word_1_550' title='bbox 1699 4426 1965 4496; x_wconf 78' lang='lat' dir='ltr'><strong>multipli-</strong></span> 
     </span>
    </p>
   </div>
   <div class='ocr_carea' id='block_1_79' title="bbox 312 4511 1964 4582">
    <p class='ocr_par' dir='ltr' id='par_1_79' title="bbox 312 4511 1964 4582">
     <span class='ocr_line' id='line_1_79' title="bbox 312 4511 1964 4582; baseline 0.004 -18"><span class='ocrx_word' id='word_1_551' title='bbox 312 4511 564 4565; x_wconf 75' lang='lat' dir='ltr'><strong>caveritis</strong></span> <span class='ocrx_word' id='word_1_552' title='bbox 592 4513 1068 4582; x_wconf 78' lang='lat' dir='ltr'><strong>supplicationem,</strong></span> <span class='ocrx_word' id='word_1_553' title='bbox 1101 4527 1211 4567; x_wconf 81' lang='lat' dir='ltr'><strong>non</strong></span> <span class='ocrx_word' id='word_1_554' title='bbox 1232 4511 1534 4567; x_wconf 77' lang='lat' dir='ltr'><strong>exaudiam</strong></span> <span class='ocrx_word' id='word_1_555' title='bbox 1553 4529 1645 4569; x_wconf 86' lang='lat' dir='ltr'><strong>vos</strong></span> <span class='ocrx_word' id='word_1_556' title='bbox 1666 4531 1688 4577; x_wconf 89' lang='lat'><em>;</em></span> <span class='ocrx_word' id='word_1_557' title='bbox 1711 4518 1761 4569; x_wconf 80' lang='lat' dir='ltr'><strong>et</strong></span> <span class='ocrx_word' id='word_1_558' title='bbox 1791 4517 1844 4570; x_wconf 83' lang='lat' dir='ltr'><strong>si</strong></span> <span class='ocrx_word' id='word_1_559' title='bbox 1866 4531 1964 4570; x_wconf 76' lang='lat' dir='ltr'><strong>ca:-</strong></span> 
     </span>
    </p>
   </div>
   <div class='ocr_carea' id='block_1_80' title="bbox 2068 3351 3721 3434">
    <p class='ocr_par' dir='ltr' id='par_1_80' title="bbox 2068 3351 3721 3434">
     <span class='ocr_line' id='line_1_80' title="bbox 2068 3351 3721 3434; baseline -0.004 -22"><span class='ocrx_word' id='word_1_560' title='bbox 2068 3357 2340 3434; x_wconf 88' lang='grc' dir='ltr'>σωτηρίαν</span> <span class='ocrx_word' id='word_1_561' title='bbox 2375 3354 2670 3414; x_wconf 82' lang='grc' dir='ltr'>δείκνυται.</span> <span class='ocrx_word' id='word_1_562' title='bbox 2710 3356 2942 3412; x_wconf 58' lang='lat' dir='ltr'><strong>nam»</strong></span> <span class='ocrx_word' id='word_1_563' title='bbox 2973 3354 3068 3427; x_wconf 75' lang='grc' dir='ltr'>μὶν</span> <span class='ocrx_word' id='word_1_564' title='bbox 3117 3353 3294 3409; x_wconf 77' lang='grc' dir='ltr'>ἀθετεῖ</span> <span class='ocrx_word' id='word_1_565' title='bbox 3320 3353 3420 3421; x_wconf 82' lang='grc' dir='ltr'>τὴν</span> <span class='ocrx_word' id='word_1_566' title='bbox 3450 3351 3586 3407; x_wconf 85' lang='grc' dir='ltr'><strong>κατά</strong></span> <span class='ocrx_word' id='word_1_567' title='bbox 3629 3351 3721 3406; x_wconf 88' lang='grc' dir='ltr'>τὸν</span> 
     </span>
    </p>
   </div>
   <div class='ocr_carea' id='block_1_81' title="bbox 2070 3438 3722 3519">
    <p class='ocr_par' dir='ltr' id='par_1_81' title="bbox 2070 3438 3722 3519">
     <span class='ocr_line' id='line_1_81' title="bbox 2070 3438 3722 3519; baseline -0.008 -14"><span class='ocrx_word' id='word_1_568' title='bbox 2070 3448 2347 3508; x_wconf 80' lang='grc' dir='ltr'>Μωϋσέως</span> <span class='ocrx_word' id='word_1_569' title='bbox 2394 3442 2563 3519; x_wconf 82' lang='grc' dir='ltr'>νόμον</span> <span class='ocrx_word' id='word_1_570' title='bbox 2610 3444 2874 3516; x_wconf 71' lang='grc' dir='ltr'>αἰσθητὴν</span> <span class='ocrx_word' id='word_1_571' title='bbox 2932 3442 3235 3498; x_wconf 83' lang='grc' dir='ltr'>πολιτείαν·</span> <span class='ocrx_word' id='word_1_572' title='bbox 3301 3446 3464 3497; x_wconf 88' lang='grc' dir='ltr'>τοῦτο</span> <span class='ocrx_word' id='word_1_573' title='bbox 3519 3438 3578 3495; x_wconf 77' lang='grc' dir='ltr'>δὶ</span> <span class='ocrx_word' id='word_1_574' title='bbox 3622 3446 3722 3511; x_wconf 88' lang='grc' dir='ltr'><strong>τῆς</strong></span> 
     </span>
    </p>
   </div>
   <div class='ocr_carea' id='block_1_82' title="bbox 2071 3528 3721 3613">
    <p class='ocr_par' dir='ltr' id='par_1_82' title="bbox 2071 3528 3721 3613">
     <span class='ocr_line' id='line_1_82' title="bbox 2071 3528 3721 3613; baseline -0.005 -21"><span class='ocrx_word' id='word_1_575' title='bbox 2071 3534 2426 3613; x_wconf 81' lang='grc' dir='ltr'>εὐαγγελικῆς</span> <span class='ocrx_word' id='word_1_576' title='bbox 2478 3540 2621 3605; x_wconf 82' lang='grc' dir='ltr'>ζωῆς</span> <span class='ocrx_word' id='word_1_577' title='bbox 2653 3535 2746 3595; x_wconf 81' lang='grc' dir='ltr'>τὰς</span> <span class='ocrx_word' id='word_1_578' title='bbox 2794 3533 2972 3610; x_wconf 76' lang='grc' dir='ltr'>ἀρχὰς</span> <span class='ocrx_word' id='word_1_579' title='bbox 3013 3529 3406 3588; x_wconf 84' lang='grc' dir='ltr'>ὑποδείκνυσιν.</span> <span class='ocrx_word' id='word_1_580' title='bbox 3456 3528 3578 3585; x_wconf 74' lang='grc' dir='ltr'><strong>Ἐὰν</strong></span> <span class='ocrx_word' id='word_1_581' title='bbox 3629 3533 3721 3605; x_wconf 63' lang='grc' dir='ltr'><strong>φξ-</strong></span> 
     </span>
    </p>
   </div>
   <div class='ocr_carea' id='block_1_83' title="bbox 2072 3616 3722 3700">
    <p class='ocr_par' dir='ltr' id='par_1_83' title="bbox 2072 3616 3722 3700">
     <span class='ocr_line' id='line_1_83' title="bbox 2072 3616 3722 3700; baseline -0.005 -19"><span class='ocrx_word' id='word_1_582' title='bbox 2072 3645 2203 3700; x_wconf 86' lang='grc' dir='ltr'>ρητε</span> <span class='ocrx_word' id='word_1_583' title='bbox 2261 3621 2571 3697; x_wconf 77' lang='grc' dir='ltr'>σεμίδαλιν,</span> <span class='ocrx_word' id='word_1_584' title='bbox 2633 3622 2902 3696; x_wconf 79' lang='grc' dir='ltr'>μάταιον·</span> <span class='ocrx_word' id='word_1_585' title='bbox 2965 3620 3237 3694; x_wconf 87' lang='grc' dir='ltr'>θυμίαμα,</span> <span class='ocrx_word' id='word_1_586' title='bbox 3299 3616 3599 3696; x_wconf 66' lang='grc' dir='ltr'>βδᾶλυγμα*</span> <span class='ocrx_word' id='word_1_587' title='bbox 3659 3619 3722 3674; x_wconf 86' lang='grc' dir='ltr'>τὸ</span> 
     </span>
    </p>
   </div>
   <div class='ocr_carea' id='block_1_84' title="bbox 2073 3706 3719 3790">
    <p class='ocr_par' dir='ltr' id='par_1_84' title="bbox 2073 3706 3719 3790">
     <span class='ocr_line' id='line_1_84' title="bbox 2073 3706 3719 3790; baseline -0.005 -20"><span class='ocrx_word' id='word_1_588' title='bbox 2073 3716 2229 3790; x_wconf 68' lang='grc' dir='ltr'>στέαρ</span> <span class='ocrx_word' id='word_1_589' title='bbox 2280 3717 2388 3768; x_wconf 91' lang='grc' dir='ltr'><strong>τῶν</strong></span> <span class='ocrx_word' id='word_1_590' title='bbox 2445 3712 2663 3788; x_wconf 84' lang='grc' dir='ltr'>ἀρνῶν,</span> <span class='ocrx_word' id='word_1_591' title='bbox 2719 3712 2782 3766; x_wconf 88' lang='grc' dir='ltr'>τὸ</span> <span class='ocrx_word' id='word_1_592' title='bbox 2836 3713 2974 3784; x_wconf 78' lang='grc' dir='ltr'>αἷμα</span> <span class='ocrx_word' id='word_1_593' title='bbox 3023 3714 3132 3764; x_wconf 87' lang='grc' dir='ltr'><strong>τῶν</strong></span> <span class='ocrx_word' id='word_1_594' title='bbox 3191 3708 3404 3785; x_wconf 90' lang='grc' dir='ltr'>ταύρων</span> <span class='ocrx_word' id='word_1_595' title='bbox 3466 3707 3533 3763; x_wconf 75' lang='grc' dir='ltr'><strong>οὗ</strong></span> <span class='ocrx_word' id='word_1_596' title='bbox 3592 3706 3719 3782; x_wconf 82' lang='grc' dir='ltr'>βού-</span> 
     </span>
    </p>
   </div>
   <div class='ocr_carea' id='block_1_85' title="bbox 2072 3797 3721 3878">
    <p class='ocr_par' dir='ltr' id='par_1_85' title="bbox 2072 3797 3721 3878">
     <span class='ocr_line' id='line_1_85' title="bbox 2072 3797 3721 3878; baseline -0.003 -19"><span class='ocrx_word' id='word_1_597' title='bbox 2072 3803 2266 3878; x_wconf 83' lang='grc' dir='ltr'>λομαι.</span> <span class='ocrx_word' id='word_1_598' title='bbox 2296 3803 2356 3856; x_wconf 90' lang='grc' dir='ltr'>Τί</span> <span class='ocrx_word' id='word_1_599' title='bbox 2412 3801 2503 3858; x_wconf 81' lang='grc' dir='ltr'><strong>οῦν</strong></span> <span class='ocrx_word' id='word_1_600' title='bbox 2562 3802 2922 3874; x_wconf 68' lang='grc' dir='ltr'>ποιήσωμεν,</span> <span class='ocrx_word' id='word_1_601' title='bbox 2975 3797 3029 3854; x_wconf 86' lang='grc' dir='ltr'><strong>τί</strong></span> <span class='ocrx_word' id='word_1_602' title='bbox 3076 3799 3570 3874; x_wconf 73' lang='grc' dir='ltr'>προσενέγκωμενς</span> <span class='ocrx_word' id='word_1_603' title='bbox 3628 3798 3721 3866; x_wconf 78' lang='grc' dir='ltr'><strong>Μὴ</strong></span> 
     </span>
    </p>
   </div>
   <div class='ocr_carea' id='block_1_86' title="bbox 2069 3886 3721 3970">
    <p class='ocr_par' dir='ltr' id='par_1_86' title="bbox 2069 3886 3721 3970">
     <span class='ocr_line' id='line_1_86' title="bbox 2069 3886 3721 3970; baseline -0.005 -21"><span class='ocrx_word' id='word_1_604' title='bbox 2069 3894 2234 3970; x_wconf 85' lang='grc' dir='ltr'>τάχα,</span> <span class='ocrx_word' id='word_1_605' title='bbox 2295 3890 2383 3947; x_wconf 86' lang='grc' dir='ltr'><strong>διά</strong></span> <span class='ocrx_word' id='word_1_606' title='bbox 2409 3893 2472 3946; x_wconf 85' lang='grc' dir='ltr'>τὸ</span> <span class='ocrx_word' id='word_1_607' title='bbox 2501 3891 2598 3954; x_wconf 81' lang='grc' dir='ltr'>τὰς</span> <span class='ocrx_word' id='word_1_608' title='bbox 2630 3888 2820 3952; x_wconf 78' lang='grc' dir='ltr'>ὑλικὰς</span> <span class='ocrx_word' id='word_1_609' title='bbox 2848 3890 3215 3967; x_wconf 76' lang='grc' dir='ltr'>ἀπεστράφθαι</span> <span class='ocrx_word' id='word_1_610' title='bbox 3249 3891 3362 3961; x_wconf 82' lang='lat'><strong>(69)</strong></span> <span class='ocrx_word' id='word_1_611' title='bbox 3414 3886 3721 3964; x_wconf 82' lang='grc' dir='ltr'>θεραπείας,</span> 
     </span>
    </p>
   </div>
   <div class='ocr_carea' id='block_1_87' title="bbox 2071 3974 3721 4057">
    <p class='ocr_par' dir='ltr' id='par_1_87' title="bbox 2071 3974 3721 4057">
     <span class='ocr_line' id='line_1_87' title="bbox 2071 3974 3721 4057; baseline -0.004 -20"><span class='ocrx_word' id='word_1_612' title='bbox 2071 3983 2158 4037; x_wconf 71' lang='grc' dir='ltr'><strong>ἰπὶ</strong></span> <span class='ocrx_word' id='word_1_613' title='bbox 2213 3982 2307 4044; x_wconf 77' lang='grc' dir='ltr'>τὰς</span> <span class='ocrx_word' id='word_1_614' title='bbox 2363 3980 2551 4057; x_wconf 73' lang='grc' dir='ltr'>ἑορτὰς</span> <span class='ocrx_word' id='word_1_615' title='bbox 2611 3975 2956 4052; x_wconf 79' lang='grc' dir='ltr'>μεταϐῶμεν,</span> <span class='ocrx_word' id='word_1_616' title='bbox 3016 3975 3107 4033; x_wconf 80' lang='grc' dir='ltr'>διὰ</span> <span class='ocrx_word' id='word_1_617' title='bbox 3159 3977 3367 4032; x_wconf 82' lang='grc' dir='ltr'>τούτων</span> <span class='ocrx_word' id='word_1_618' title='bbox 3427 3974 3721 4052; x_wconf 83' lang='grc' dir='ltr'>λατρεύσο-</span> 
     </span>
    </p>
   </div>
   <div class='ocr_carea' id='block_1_88' title="bbox 2077 4060 3724 4147">
    <p class='ocr_par' dir='ltr' id='par_1_88' title="bbox 2077 4060 3724 4147">
     <span class='ocr_line' id='line_1_88' title="bbox 2077 4060 3724 4147; baseline -0.005 -20"><span class='ocrx_word' id='word_1_619' title='bbox 2077 4091 2208 4147; x_wconf 85' lang='grc' dir='ltr'>μεε;</span> <span class='ocrx_word' id='word_1_620' title='bbox 2262 4072 2366 4133; x_wconf 82' lang='grc' dir='ltr'><strong>Τὰς</strong></span> <span class='ocrx_word' id='word_1_621' title='bbox 2416 4068 2712 4142; x_wconf 85' lang='grc' dir='ltr'>νεομηνίας</span> <span class='ocrx_word' id='word_1_622' title='bbox 2767 4069 2921 4141; x_wconf 82' lang='grc' dir='ltr'>ὑμῶν</span> <span class='ocrx_word' id='word_1_623' title='bbox 2953 4114 2966 4140; x_wconf 96' lang='grc'><strong>,</strong></span> <span class='ocrx_word' id='word_1_624' title='bbox 3027 4069 3118 4123; x_wconf 81' lang='grc' dir='ltr'>καὶ</span> <span class='ocrx_word' id='word_1_625' title='bbox 3173 4066 3238 4121; x_wconf 73' lang='grc' dir='ltr'>τὰ</span> <span class='ocrx_word' id='word_1_626' title='bbox 3299 4060 3574 4132; x_wconf 75' lang='grc' dir='ltr'>Σάϐϐατα,</span> <span class='ocrx_word' id='word_1_627' title='bbox 3631 4063 3724 4120; x_wconf 83' lang='grc' dir='ltr'><strong>καὶ</strong></span> 
     </span>
    </p>
   </div>
   <div class='ocr_carea' id='block_1_89' title="bbox 2070 4154 3726 4236">
    <p class='ocr_par' dir='ltr' id='par_1_89' title="bbox 2070 4154 3726 4236">
     <span class='ocr_line' id='line_1_89' title="bbox 2070 4154 3726 4236; baseline -0.005 -19"><span class='ocrx_word' id='word_1_628' title='bbox 2070 4162 2281 4236; x_wconf 68' lang='grc' dir='ltr'>ἡμίραν</span> <span class='ocrx_word' id='word_1_629' title='bbox 2343 4155 2586 4235; x_wconf 82' lang='grc' dir='ltr'>μεγάλην</span> <span class='ocrx_word' id='word_1_630' title='bbox 2639 4157 2738 4213; x_wconf 81' lang='grc' dir='ltr'><strong>οὐκ</strong></span> <span class='ocrx_word' id='word_1_631' title='bbox 2794 4157 3088 4234; x_wconf 72' lang='grc' dir='ltr'>ἀνέχομαι.</span> <span class='ocrx_word' id='word_1_632' title='bbox 3148 4155 3360 4213; x_wconf 78' lang='grc' dir='ltr'>Οὐκοῦν</span> <span class='ocrx_word' id='word_1_633' title='bbox 3416 4154 3726 4226; x_wconf 79' lang='grc' dir='ltr'>νηστεύσωο</span> 
     </span>
    </p>
   </div>
   <div class='ocr_carea' id='block_1_90' title="bbox 2077 4245 3724 4324">
    <p class='ocr_par' dir='ltr' id='par_1_90' title="bbox 2077 4245 3724 4324">
     <span class='ocr_line' id='line_1_90' title="bbox 2077 4245 3724 4324; baseline -0.004 -18"><span class='ocrx_word' id='word_1_634' title='bbox 2077 4246 2417 4324; x_wconf 75' lang='grc' dir='ltr'>μενςἈλλὸ.</span> <span class='ocrx_word' id='word_1_635' title='bbox 2474 4247 2569 4311; x_wconf 81' lang='grc' dir='ltr'>τὰς</span> <span class='ocrx_word' id='word_1_636' title='bbox 2621 4246 2870 4317; x_wconf 85' lang='grc' dir='ltr'>νηστείας</span> <span class='ocrx_word' id='word_1_637' title='bbox 2936 4247 3090 4319; x_wconf 84' lang='grc' dir='ltr'>ὑμῶν</span> <span class='ocrx_word' id='word_1_638' title='bbox 3147 4247 3359 4318; x_wconf 83' lang='grc' dir='ltr'>μισεῖὴ</span> <span class='ocrx_word' id='word_1_639' title='bbox 3408 4245 3560 4320; x_wconf 73' lang='grc' dir='ltr'>ψυχή</span> <span class='ocrx_word' id='word_1_640' title='bbox 3599 4264 3724 4317; x_wconf 86' lang='grc' dir='ltr'>μου.</span> 
     </span>
    </p>
   </div>
   <div class='ocr_carea' id='block_1_91' title="bbox 2071 4332 3724 4411">
    <p class='ocr_par' dir='ltr' id='par_1_91' title="bbox 2071 4332 3724 4411">
     <span class='ocr_line' id='line_1_91' title="bbox 2071 4332 3724 4411; baseline -0.004 -17"><span class='ocrx_word' id='word_1_641' title='bbox 2071 4338 2400 4394; x_wconf 82' lang='grc' dir='ltr'>Ὑπόλοιπον</span> <span class='ocrx_word' id='word_1_642' title='bbox 2453 4338 2544 4392; x_wconf 86' lang='grc' dir='ltr'><strong>οὗν</strong></span> <span class='ocrx_word' id='word_1_643' title='bbox 2600 4335 2854 4391; x_wconf 80' lang='grc' dir='ltr'>ἱκετεύειν</span> <span class='ocrx_word' id='word_1_644' title='bbox 2913 4332 3247 4402; x_wconf 83' lang='grc' dir='ltr'>Ἰουδαϊκῶς,</span> <span class='ocrx_word' id='word_1_645' title='bbox 3302 4334 3391 4389; x_wconf 77' lang='grc' dir='ltr'><strong>καὶ</strong></span> <span class='ocrx_word' id='word_1_646' title='bbox 3423 4333 3724 4411; x_wconf 86' lang='grc' dir='ltr'>προσεύχε-</span> 
     </span>
    </p>
   </div>
   <div class='ocr_carea' id='block_1_92' title="bbox 2074 4419 3724 4496">
    <p class='ocr_par' dir='ltr' id='par_1_92' title="bbox 2074 4419 3724 4496">
     <span class='ocr_line' id='line_1_92' title="bbox 2074 4419 3724 4496; baseline -0.004 -15"><span class='ocrx_word' id='word_1_647' title='bbox 2074 4429 2194 4481; x_wconf 88' lang='grc' dir='ltr'>σθαι</span> <span class='ocrx_word' id='word_1_648' title='bbox 2247 4425 2384 4480; x_wconf 80' lang='grc' dir='ltr'><strong>κατά</strong></span> <span class='ocrx_word' id='word_1_649' title='bbox 2437 4425 2530 4479; x_wconf 88' lang='grc' dir='ltr'>τὸν</span> <span class='ocrx_word' id='word_1_650' title='bbox 2593 4424 2799 4496; x_wconf 84' lang='grc' dir='ltr'>νόμον;</span> <span class='ocrx_word' id='word_1_651' title='bbox 2886 4421 3043 4479; x_wconf 88' lang='grc' dir='ltr'>Ἀλλ’</span> <span class='ocrx_word' id='word_1_652' title='bbox 3102 4419 3190 4476; x_wconf 74' lang='grc' dir='ltr'><strong>ἐὰν</strong></span> <span class='ocrx_word' id='word_1_653' title='bbox 3246 4419 3567 4491; x_wconf 84' lang='grc' dir='ltr'>πληθύνητε</span> <span class='ocrx_word' id='word_1_654' title='bbox 3621 4422 3724 4490; x_wconf 79' lang='grc' dir='ltr'>τὴν</span> 
     </span>
    </p>
   </div>
   <div class='ocr_carea' id='block_1_93' title="bbox 2075 4509 3728 4586">
    <p class='ocr_par' dir='ltr' id='par_1_93' title="bbox 2075 4509 3728 4586">
     <span class='ocr_line' id='line_1_93' title="bbox 2075 4509 3728 4586; baseline -0.004 -16"><span class='ocrx_word' id='word_1_655' title='bbox 2075 4514 2282 4586; x_wconf 71' lang='grc' dir='ltr'>δέησιν,</span> <span class='ocrx_word' id='word_1_656' title='bbox 2350 4512 2450 4567; x_wconf 79' lang='grc' dir='ltr'><strong>οὐκ</strong></span> <span class='ocrx_word' id='word_1_657' title='bbox 2531 4511 2916 4584; x_wconf 81' lang='grc' dir='ltr'>είσακούσομαι</span> <span class='ocrx_word' id='word_1_658' title='bbox 3003 4511 3180 4584; x_wconf 82' lang='grc' dir='ltr'>ὑμῶν·</span> <span class='ocrx_word' id='word_1_659' title='bbox 3255 4510 3346 4564; x_wconf 86' lang='grc' dir='ltr'><strong>καὶ</strong></span> <span class='ocrx_word' id='word_1_660' title='bbox 3419 4509 3506 4566; x_wconf 67' lang='grc' dir='ltr'><strong>ἐὰν</strong></span> <span class='ocrx_word' id='word_1_661' title='bbox 3562 4509 3728 4565; x_wconf 63' lang='grc' dir='ltr'>εκτει-</span> 
     </span>
    </p>
   </div>
   <div class='ocr_carea' id='block_1_94' title="bbox 314 4597 1960 4698">
    <p class='ocr_par' dir='ltr' id='par_1_94' title="bbox 314 4597 1960 4674">
     <span class='ocr_line' id='line_1_94' title="bbox 314 4597 1960 4674; baseline 0.004 -19"><span class='ocrx_word' id='word_1_662' title='bbox 314 4597 603 4655; x_wconf 78' lang='lat' dir='ltr'><strong>lenderitis</strong></span> <span class='ocrx_word' id='word_1_663' title='bbox 632 4616 975 4672; x_wconf 82' lang='lat' dir='ltr'><strong>manus,non</strong></span> <span class='ocrx_word' id='word_1_664' title='bbox 1010 4617 1247 4656; x_wconf 91' lang='lat' dir='ltr'><strong>moveor</strong></span> <span class='ocrx_word' id='word_1_665' title='bbox 1275 4601 1704 4674; x_wconf 81' lang='lat' dir='ltr'><strong>supplicatione</strong></span> <span class='ocrx_word' id='word_1_666' title='bbox 1729 4605 1866 4672; x_wconf 89' lang='lat' dir='ltr'><strong>;sed</strong></span> <span class='ocrx_word' id='word_1_667' title='bbox 1891 4606 1960 4661; x_wconf 90' lang='lat' dir='ltr'><strong>ob</strong></span> 
     </span>
    </p>
   </div>
   <div class='ocr_carea' id='block_1_95' title="bbox 2072 4597 3728 4698">
    <p class='ocr_par' dir='ltr' id='par_1_95' title="bbox 2073 4597 3728 4678">
     <span class='ocr_line' id='line_1_95' title="bbox 2073 4597 3728 4678; baseline -0.002 -20"><span class='ocrx_word' id='word_1_668' title='bbox 2073 4624 2200 4675; x_wconf 87' lang='grc' dir='ltr'>νητε</span> <span class='ocrx_word' id='word_1_669' title='bbox 2253 4603 2350 4664; x_wconf 76' lang='grc' dir='ltr'>τὰς</span> <span class='ocrx_word' id='word_1_670' title='bbox 2407 4606 2620 4678; x_wconf 86' lang='grc' dir='ltr'>χεῖρας,</span> <span class='ocrx_word' id='word_1_671' title='bbox 2678 4600 2740 4656; x_wconf 83' lang='grc' dir='ltr'><strong>οὐ</strong></span> <span class='ocrx_word' id='word_1_672' title='bbox 2801 4597 3160 4673; x_wconf 86' lang='grc' dir='ltr'>δυσωποῦμαι</span> <span class='ocrx_word' id='word_1_673' title='bbox 3190 4599 3289 4667; x_wconf 82' lang='grc' dir='ltr'>τὴν</span> <span class='ocrx_word' id='word_1_674' title='bbox 3324 4599 3547 4671; x_wconf 69' lang='grc' dir='ltr'>ἱκεσίαν,</span> <span class='ocrx_word' id='word_1_675' title='bbox 3580 4597 3728 4655; x_wconf 88' lang='grc' dir='ltr'><strong>ἀλλά</strong></span> 
     </span>
    </p>
   </div>
   <div class='ocr_carea' id='block_1_96' title="bbox 315 4687 1966 4766">
    <p class='ocr_par' dir='ltr' id='par_1_96' title="bbox 315 4687 1966 4766">
     <span class='ocr_line' id='line_1_96' title="bbox 315 4687 1966 4766; baseline 0.004 -22"><span class='ocrx_word' id='word_1_676' title='bbox 315 4687 570 4744; x_wconf 76' lang='lat' dir='ltr'><strong>effusum</strong></span> <span class='ocrx_word' id='word_1_677' title='bbox 597 4691 946 4762; x_wconf 84' lang='lat' dir='ltr'><strong>sanguinem</strong></span> <span class='ocrx_word' id='word_1_678' title='bbox 980 4690 1051 4745; x_wconf 90' lang='lat' dir='ltr'><strong>ad</strong></span> <span class='ocrx_word' id='word_1_679' title='bbox 1093 4690 1241 4746; x_wconf 90' lang='lat' dir='ltr'><strong>iram</strong></span> <span class='ocrx_word' id='word_1_680' title='bbox 1275 4707 1571 4763; x_wconf 90' lang='lat' dir='ltr'><strong>provocor.</strong></span> <span class='ocrx_word' id='word_1_681' title='bbox 1606 4693 1754 4758; x_wconf 87' lang='lat' dir='ltr'><strong>Quid</strong></span> <span class='ocrx_word' id='word_1_682' title='bbox 1785 4693 1966 4766; x_wconf 78' lang='lat' dir='ltr'><strong>igitur</strong></span> 
     </span>
    </p>
   </div>
   <div class='ocr_carea' id='block_1_97' title="bbox 316 4777 1960 4854">
    <p class='ocr_par' dir='ltr' id='par_1_97' title="bbox 316 4777 1960 4854">
     <span class='ocr_line' id='line_1_97' title="bbox 316 4777 1960 4854; baseline 0.004 -22"><span class='ocrx_word' id='word_1_683' title='bbox 316 4779 479 4834; x_wconf 74' lang='lat'><strong>410</strong></span> <span class='ocrx_word' id='word_1_684' title='bbox 508 4778 680 4835; x_wconf 92' lang='lat' dir='ltr'><strong>nobis</strong></span> <span class='ocrx_word' id='word_1_685' title='bbox 705 4779 1035 4835; x_wconf 83' lang='lat' dir='ltr'><strong>faciendum</strong></span> <span class='ocrx_word' id='word_1_686' title='bbox 1059 4783 1148 4834; x_wconf 88' lang='lat' dir='ltr'><strong>est</strong></span> <span class='ocrx_word' id='word_1_687' title='bbox 1175 4777 1197 4832; x_wconf 70' lang='grc' dir='ltr'><strong><em>Ρ</em></strong></span> <span class='ocrx_word' id='word_1_688' title='bbox 1227 4778 1528 4843; x_wconf 85' lang='lat' dir='ltr'><strong>Quomodo</strong></span> <span class='ocrx_word' id='word_1_689' title='bbox 1553 4785 1610 4836; x_wconf 90' lang='lat' dir='ltr'><strong>te</strong></span> <span class='ocrx_word' id='word_1_690' title='bbox 1643 4781 1960 4854; x_wconf 87' lang='lat' dir='ltr'><strong>pr0pitium</strong></span> 
     </span>
    </p>
   </div>
   <div class='ocr_carea' id='block_1_98' title="bbox 317 4867 1961 4941">
    <p class='ocr_par' dir='ltr' id='par_1_98' title="bbox 317 4867 1961 4941">
     <span class='ocr_line' id='line_1_98' title="bbox 317 4867 1961 4941; baseline 0.004 -19"><span class='ocrx_word' id='word_1_691' title='bbox 317 4882 525 4924; x_wconf 87' lang='lat' dir='ltr'><strong>sumus</strong></span> <span class='ocrx_word' id='word_1_692' title='bbox 555 4868 843 4924; x_wconf 87' lang='lat' dir='ltr'><strong>reddituri</strong></span> <span class='ocrx_word' id='word_1_693' title='bbox 864 4867 1161 4939; x_wconf 84' lang='lat' dir='ltr'><strong>?quonam</strong></span> <span class='ocrx_word' id='word_1_694' title='bbox 1185 4873 1351 4940; x_wconf 85' lang='lat' dir='ltr'><strong>pacto</strong></span> <span class='ocrx_word' id='word_1_695' title='bbox 1366 4870 1714 4941; x_wconf 84' lang='lat' dir='ltr'><strong>sanguinem</strong></span> <span class='ocrx_word' id='word_1_696' title='bbox 1738 4871 1961 4928; x_wconf 86' lang='lat' dir='ltr'><strong>abster-</strong></span> 
     </span>
    </p>
   </div>
   <div class='ocr_carea' id='block_1_99' title="bbox 316 4956 1960 5030">
    <p class='ocr_par' dir='ltr' id='par_1_99' title="bbox 316 4956 1960 5030">
     <span class='ocr_line' id='line_1_99' title="bbox 316 4956 1960 5030; baseline 0.001 -16"><span class='ocrx_word' id='word_1_697' title='bbox 316 4956 566 5029; x_wconf 81' lang='lat' dir='ltr'><strong>gomus?</strong></span> <span class='ocrx_word' id='word_1_698' title='bbox 595 4959 912 5026; x_wconf 84' lang='lat' dir='ltr'><strong>Lavamini,</strong></span> <span class='ocrx_word' id='word_1_699' title='bbox 942 4957 1139 5014; x_wconf 88' lang='lat' dir='ltr'><strong>mundi</strong></span> <span class='ocrx_word' id='word_1_700' title='bbox 1165 4962 1345 5014; x_wconf 77' lang='lat' dir='ltr'><strong>estote.</strong></span> <span class='ocrx_word' id='word_1_701' title='bbox 1372 4959 1459 5016; x_wconf 85' lang='lat' dir='ltr'><strong>lta</strong></span> <span class='ocrx_word' id='word_1_702' title='bbox 1489 4964 1600 5029; x_wconf 89' lang='lat' dir='ltr'><strong>est,</strong></span> <span class='ocrx_word' id='word_1_703' title='bbox 1645 4959 1960 5030; x_wconf 86' lang='lat' dir='ltr'><strong>inquiunt:</strong></span> 
     </span>
    </p>
   </div>
   <div class='ocr_carea' id='block_1_100' title="bbox 313 5046 1962 5121">
    <p class='ocr_par' dir='ltr' id='par_1_100' title="bbox 313 5046 1962 5121">
     <span class='ocr_line' id='line_1_100' title="bbox 313 5046 1962 5121; baseline 0.003 -19"><span class='ocrx_word' id='word_1_704' title='bbox 313 5047 694 5104; x_wconf 88' lang='lat' dir='ltr'><strong>meminimus</strong></span> <span class='ocrx_word' id='word_1_705' title='bbox 723 5048 904 5114; x_wconf 87' lang='lat' dir='ltr'><strong>enim,</strong></span> <span class='ocrx_word' id='word_1_706' title='bbox 937 5047 1078 5120; x_wconf 90' lang='lat' dir='ltr'><strong>quid</strong></span> <span class='ocrx_word' id='word_1_707' title='bbox 1109 5047 1180 5102; x_wconf 89' lang='lat' dir='ltr'><strong>de</strong></span> <span class='ocrx_word' id='word_1_708' title='bbox 1211 5046 1438 5103; x_wconf 84' lang='lat' dir='ltr'><strong>lavacro</strong></span> <span class='ocrx_word' id='word_1_709' title='bbox 1471 5047 1683 5104; x_wconf 82' lang='lat' dir='ltr'><strong>dixerit</strong></span> <span class='ocrx_word' id='word_1_710' title='bbox 1713 5051 1962 5121; x_wconf 77' lang='lat' dir='ltr'><strong>Moyses.</strong></span> 
     </span>
    </p>
   </div>
   <div class='ocr_carea' id='block_1_101' title="bbox 392 5170 1530 5241">
    <p class='ocr_par' dir='ltr' id='par_1_101' title="bbox 392 5170 1530 5241">
     <span class='ocr_line' id='line_1_101' title="bbox 392 5170 1530 5241; baseline 0.002 -15"><span class='ocrx_word' id='word_1_711' title='bbox 392 5171 434 5208; x_wconf 69' lang='grc' dir='ltr'><strong>ὀ</strong></span> <span class='ocrx_word' id='word_1_712' title='bbox 462 5171 620 5229; x_wconf 89' lang='lat' dir='ltr'><strong>Psal.</strong></span> <span class='ocrx_word' id='word_1_713' title='bbox 648 5189 804 5239; x_wconf 78' lang='lat' dir='ltr'><strong>xxvr,</strong></span> <span class='ocrx_word' id='word_1_714' title='bbox 837 5173 890 5228; x_wconf 69' lang='grc'><strong>4.</strong></span> <span class='ocrx_word' id='word_1_715' title='bbox 925 5173 966 5208; x_wconf 74' lang='grc' dir='ltr'>ίι</span> <span class='ocrx_word' id='word_1_716' title='bbox 1002 5170 1209 5228; x_wconf 88' lang='lat' dir='ltr'><strong>Matth.</strong></span> <span class='ocrx_word' id='word_1_717' title='bbox 1242 5187 1417 5241; x_wconf 82' lang='lat' dir='ltr'><strong>xxvn,</strong></span> <span class='ocrx_word' id='word_1_718' title='bbox 1440 5172 1530 5228; x_wconf 88' lang='lat'><strong>25.</strong></span> 
     </span>
    </p>
   </div>
   <div class='ocr_carea' id='block_1_102' title="bbox 383 5292 1334 5370">
    <p class='ocr_par' dir='ltr' id='par_1_102' title="bbox 383 5292 1334 5370">
     <span class='ocr_line' id='line_1_102' title="bbox 383 5292 1334 5370; baseline -0.002 -18"><span class='ocrx_word' id='word_1_719' title='bbox 383 5297 496 5370; x_wconf 81' lang='grc'><strong>(67)</strong></span> <span class='ocrx_word' id='word_1_720' title='bbox 528 5297 764 5370; x_wconf 83' lang='lat' dir='ltr'><strong>Codices</strong></span> <span class='ocrx_word' id='word_1_721' title='bbox 793 5298 934 5370; x_wconf 71' lang='lat' dir='ltr'><strong>duo,</strong></span> <span class='ocrx_word' id='word_1_722' title='bbox 968 5292 1334 5370; x_wconf 77' lang='grc' dir='ltr'>προτείνοιτο.</span> 
     </span>
    </p>
   </div>
   <div class='ocr_carea' id='block_1_103' title="bbox 383 5365 1958 5451">
    <p class='ocr_par' dir='ltr' id='par_1_103' title="bbox 383 5365 1958 5451">
     <span class='ocr_line' id='line_1_103' title="bbox 383 5365 1958 5451; baseline 0.001 -27"><span class='ocrx_word' id='word_1_723' title='bbox 531 5368 761 5451; x_wconf 62' lang='lat' dir='ltr'><strong>Editiet</strong></span> <span class='ocrx_word' id='word_1_724' title='bbox 791 5369 925 5451; x_wconf 62' lang='lat' dir='ltr'><strong>Reg.</strong></span> <span class='ocrx_word' id='word_1_725' title='bbox 963 5365 1192 5451; x_wconf 71' lang='lat' dir='ltr'><strong>tertius,</strong></span> <span class='ocrx_word' id='word_1_726' title='bbox 1253 5365 1519 5451; x_wconf 72' lang='grc' dir='ltr'>λούσασθε</span> <span class='ocrx_word' id='word_1_727' title='bbox 1565 5365 1655 5451; x_wconf 70' lang='grc' dir='ltr'><strong>καὶ</strong></span> <span class='ocrx_word' id='word_1_728' title='bbox 1713 5368 1958 5451; x_wconf 76' lang='grc' dir='ltr'>καθαροί.</span> 
     </span>
    </p>
   </div>
   <div class='ocr_carea' id='block_1_104' title="bbox 309 5440 1852 5513">
    <p class='ocr_par' dir='ltr' id='par_1_104' title="bbox 309 5440 1852 5513">
     <span class='ocr_line' id='line_1_104' title="bbox 309 5440 1852 5513; baseline 0.001 -17"><span class='ocrx_word' id='word_1_729' title='bbox 309 5440 608 5497; x_wconf 76' lang='lat' dir='ltr'><strong>PartiCula</strong></span> <span class='ocrx_word' id='word_1_730' title='bbox 635 5459 704 5493; x_wconf 85' lang='grc' dir='ltr'><strong>κα</strong></span> <span class='ocrx_word' id='word_1_731' title='bbox 738 5442 792 5494; x_wconf 90' lang='lat' dir='ltr'><strong>in</strong></span> <span class='ocrx_word' id='word_1_732' title='bbox 821 5440 952 5513; x_wconf 85' lang='lat' dir='ltr'><strong>aliis</strong></span> <span class='ocrx_word' id='word_1_733' title='bbox 985 5441 1250 5513; x_wconf 83' lang='lat' dir='ltr'><strong>quinque</strong></span> <span class='ocrx_word' id='word_1_734' title='bbox 1284 5456 1426 5495; x_wconf 91' lang='lat' dir='ltr'><strong>mss.</strong></span> <span class='ocrx_word' id='word_1_735' title='bbox 1461 5441 1852 5498; x_wconf 81' lang='lat' dir='ltr'><strong>desideratur.</strong></span> 
     </span>
    </p>
   </div>
   <div class='ocr_carea' id='block_1_105' title="bbox 381 5511 1963 5584">
    <p class='ocr_par' dir='ltr' id='par_1_105' title="bbox 381 5511 1963 5584">
     <span class='ocr_line' id='line_1_105' title="bbox 381 5511 1963 5584; baseline 0.001 -16"><span class='ocrx_word' id='word_1_736' title='bbox 381 5515 494 5584; x_wconf 84' lang='lat'><strong>(69)</strong></span> <span class='ocrx_word' id='word_1_737' title='bbox 530 5515 613 5568; x_wconf 84' lang='lat' dir='ltr'><strong>ita</strong></span> <span class='ocrx_word' id='word_1_738' title='bbox 644 5513 802 5583; x_wconf 80' lang='lat' dir='ltr'><strong>Regii</strong></span> <span class='ocrx_word' id='word_1_739' title='bbox 829 5511 1076 5584; x_wconf 80' lang='lat' dir='ltr'><strong>primus,</strong></span> <span class='ocrx_word' id='word_1_740' title='bbox 1109 5511 1320 5584; x_wconf 82' lang='lat' dir='ltr'><strong>tertius</strong></span> <span class='ocrx_word' id='word_1_741' title='bbox 1342 5517 1398 5567; x_wconf 87' lang='lat' dir='ltr'><strong>et</strong></span> <span class='ocrx_word' id='word_1_742' title='bbox 1427 5515 1815 5583; x_wconf 83' lang='lat' dir='ltr'><strong>quartus.Alii</strong></span> <span class='ocrx_word' id='word_1_743' title='bbox 1847 5516 1963 5570; x_wconf 93' lang='lat' dir='ltr'><strong>duo</strong></span> 
     </span>
    </p>
   </div>
   <div class='ocr_carea' id='block_1_106' title="bbox 315 5583 1965 5661">
    <p class='ocr_par' dir='ltr' id='par_1_106' title="bbox 315 5583 1965 5661">
     <span class='ocr_line' id='line_1_106' title="bbox 315 5583 1965 5661; baseline -0.001 -21"><span class='ocrx_word' id='word_1_744' title='bbox 315 5583 593 5661; x_wconf 51' lang='lat' dir='ltr'><strong>nissum)</strong></span> <span class='ocrx_word' id='word_1_745' title='bbox 623 5585 773 5661; x_wconf 68' lang='grc' dir='ltr'>τάχα</span> <span class='ocrx_word' id='word_1_746' title='bbox 790 5583 911 5650; x_wconf 78' lang='grc' dir='ltr'>τάς,</span> <span class='ocrx_word' id='word_1_747' title='bbox 939 5590 1026 5639; x_wconf 88' lang='lat' dir='ltr'><strong>etc</strong></span> <span class='ocrx_word' id='word_1_748' title='bbox 1058 5583 1208 5640; x_wconf 85' lang='lat' dir='ltr'><strong>Editi</strong></span> <span class='ocrx_word' id='word_1_749' title='bbox 1241 5585 1515 5656; x_wconf 88' lang='lat' dir='ltr'><strong>denique,</strong></span> <span class='ocrx_word' id='word_1_750' title='bbox 1548 5586 1640 5654; x_wconf 77' lang='grc' dir='ltr'><strong>Μὴ</strong></span> <span class='ocrx_word' id='word_1_751' title='bbox 1669 5586 1842 5661; x_wconf 17' lang='grc' dir='ltr'>,τάχα</span> <span class='ocrx_word' id='word_1_752' title='bbox 1866 5584 1965 5661; x_wconf 22' lang='grc' dir='ltr'>,διὰ</span> 
     </span>
    </p>
   </div>
   <div class='ocr_carea' id='block_1_107' title="bbox 309 5653 1964 5731">
    <p class='ocr_par' dir='ltr' id='par_1_107' title="bbox 309 5653 1964 5731">
     <span class='ocr_line' id='line_1_107' title="bbox 309 5653 1964 5731; baseline 0.005 -22"><span class='ocrx_word' id='word_1_753' title='bbox 309 5656 403 5718; x_wconf 83' lang='grc' dir='ltr'>τὰς</span> <span class='ocrx_word' id='word_1_754' title='bbox 440 5657 630 5718; x_wconf 82' lang='grc' dir='ltr'>ὑλικὰς</span> <span class='ocrx_word' id='word_1_755' title='bbox 678 5653 1063 5731; x_wconf 50' lang='grc' dir='ltr'><strong>άίιὲστριππὲιιιἶ</strong></span> <span class='ocrx_word' id='word_1_756' title='bbox 1098 5661 1260 5731; x_wconf 78' lang='lat' dir='ltr'><strong>_Beg.</strong></span> <span class='ocrx_word' id='word_1_757' title='bbox 1323 5653 1637 5731; x_wconf 66' lang='lat' dir='ltr'><strong>corrupte.</strong></span> <span class='ocrx_word' id='word_1_758' title='bbox 1667 5653 1810 5731; x_wconf 64' lang='grc' dir='ltr'><em>Μοὶ</em></span> <span class='ocrx_word' id='word_1_759' title='bbox 1848 5659 1964 5717; x_wconf 92' lang='lat' dir='ltr'><strong>duo</strong></span> 
     </span>
    </p>
   </div>
   <div class='ocr_carea' id='block_1_108' title="bbox 315 5727 1963 5805">
    <p class='ocr_par' dir='ltr' id='par_1_108' title="bbox 315 5727 1963 5805">
     <span class='ocr_line' id='line_1_108' title="bbox 315 5727 1963 5805; baseline 0.001 -20"><span class='ocrx_word' id='word_1_760' title='bbox 315 5744 486 5802; x_wconf 85' lang='lat' dir='ltr'><strong>mss.,</strong></span> <span class='ocrx_word' id='word_1_761' title='bbox 510 5727 924 5804; x_wconf 76' lang='grc' dir='ltr'>Αατρεύσωμεν.</span> <span class='ocrx_word' id='word_1_762' title='bbox 959 5727 1115 5784; x_wconf 89' lang='lat' dir='ltr'><strong>Editi</strong></span> <span class='ocrx_word' id='word_1_763' title='bbox 1140 5727 1276 5785; x_wconf 85' lang='lat' dir='ltr'><strong>cum</strong></span> <span class='ocrx_word' id='word_1_764' title='bbox 1310 5727 1519 5800; x_wconf 58' lang='lat' dir='ltr'><strong>tertio;</strong></span> <span class='ocrx_word' id='word_1_765' title='bbox 1568 5727 1963 5805; x_wconf 85' lang='grc' dir='ltr'>λατρεύσομεν,</span> 
     </span>
    </p>
   </div>
   <div class='ocr_carea' id='block_1_109' title="bbox 2072 4687 3726 4769">
    <p class='ocr_par' dir='ltr' id='par_1_109' title="bbox 2072 4687 3726 4769">
     <span class='ocr_line' id='line_1_109' title="bbox 2072 4687 3726 4769; baseline -0.003 -20"><span class='ocrx_word' id='word_1_766' title='bbox 2072 4691 2446 4769; x_wconf 77' lang='grc' dir='ltr'>παροξύνομαι</span> <span class='ocrx_word' id='word_1_767' title='bbox 2495 4689 2581 4747; x_wconf 68' lang='grc' dir='ltr'><strong>ἐπὶ</strong></span> <span class='ocrx_word' id='word_1_768' title='bbox 2630 4695 2712 4764; x_wconf 80' lang='grc' dir='ltr'>τῷ</span> <span class='ocrx_word' id='word_1_769' title='bbox 2743 4688 2953 4764; x_wconf 70' lang='grc' dir='ltr'>α’ίματι.</span> <span class='ocrx_word' id='word_1_770' title='bbox 2985 4690 3046 4744; x_wconf 89' lang='grc' dir='ltr'>Τί</span> <span class='ocrx_word' id='word_1_771' title='bbox 3079 4687 3170 4744; x_wconf 82' lang='grc' dir='ltr'><strong>οὖν</strong></span> <span class='ocrx_word' id='word_1_772' title='bbox 3202 4691 3524 4762; x_wconf 73' lang='grc' dir='ltr'>ποιήσωμεν</span> <span class='ocrx_word' id='word_1_773' title='bbox 3550 4708 3566 4761; x_wconf 84' lang='lat'><strong>;</strong></span> <span class='ocrx_word' id='word_1_774' title='bbox 3597 4690 3726 4751; x_wconf 87' lang='grc' dir='ltr'>Πῶς</span> 
     </span>
    </p>
   </div>
   <div class='ocr_carea' id='block_1_110' title="bbox 2070 4777 3728 4854">
    <p class='ocr_par' dir='ltr' id='par_1_110' title="bbox 2070 4777 3728 4854">
     <span class='ocr_line' id='line_1_110' title="bbox 2070 4777 3728 4854; baseline -0.003 -17"><span class='ocrx_word' id='word_1_775' title='bbox 2070 4803 2130 4837; x_wconf 85' lang='grc' dir='ltr'><strong>σε</strong></span> <span class='ocrx_word' id='word_1_776' title='bbox 2158 4779 2501 4854; x_wconf 82' lang='grc' dir='ltr'>ίλεωσόμεθα</span> <span class='ocrx_word' id='word_1_777' title='bbox 2520 4801 2544 4835; x_wconf 86' lang='grc' dir='ltr'><strong>ε</strong></span> <span class='ocrx_word' id='word_1_778' title='bbox 2573 4784 2691 4842; x_wconf 88' lang='grc' dir='ltr'><strong>πῶς</strong></span> <span class='ocrx_word' id='word_1_779' title='bbox 2737 4801 2800 4835; x_wconf 87' lang='grc' dir='ltr'><strong>το</strong></span> <span class='ocrx_word' id='word_1_780' title='bbox 2830 4777 2966 4853; x_wconf 71' lang='grc' dir='ltr'>α’ίμα</span> <span class='ocrx_word' id='word_1_781' title='bbox 2994 4779 3370 4854; x_wconf 84' lang='grc' dir='ltr'>ἀπονιψόμεθα</span> <span class='ocrx_word' id='word_1_782' title='bbox 3400 4781 3550 4853; x_wconf 80' lang='lat'><strong>(70);</strong></span> <span class='ocrx_word' id='word_1_783' title='bbox 3586 4778 3728 4834; x_wconf 83' lang='grc' dir='ltr'>Λού-</span> 
     </span>
    </p>
   </div>
   <div class='ocr_carea' id='block_1_111' title="bbox 2072 4868 3726 4946">
    <p class='ocr_par' dir='ltr' id='par_1_111' title="bbox 2072 4868 3726 4946">
     <span class='ocr_line' id='line_1_111' title="bbox 2072 4868 3726 4946; baseline -0.002 -18"><span class='ocrx_word' id='word_1_784' title='bbox 2072 4873 2254 4941; x_wconf 86' lang='grc' dir='ltr'>σασθε,</span> <span class='ocrx_word' id='word_1_785' title='bbox 2311 4869 2539 4946; x_wconf 82' lang='grc' dir='ltr'>καθαροὶ</span> <span class='ocrx_word' id='word_1_786' title='bbox 2591 4869 2822 4946; x_wconf 74' lang='grc' dir='ltr'>γένεσθε.</span> <span class='ocrx_word' id='word_1_787' title='bbox 2883 4870 3007 4940; x_wconf 84' lang='grc' dir='ltr'>Ναὶ,</span> <span class='ocrx_word' id='word_1_788' title='bbox 3049 4868 3203 4946; x_wconf 75' lang='grc' dir='ltr'>φησί·</span> <span class='ocrx_word' id='word_1_789' title='bbox 3241 4871 3568 4943; x_wconf 76' lang='grc' dir='ltr'>μεμνήμεθα</span> <span class='ocrx_word' id='word_1_790' title='bbox 3623 4871 3726 4946; x_wconf 79' lang='grc' dir='ltr'>γὰρ</span> 
     </span>
    </p>
   </div>
   <div class='ocr_carea' id='block_1_112' title="bbox 2073 4957 3728 5040">
    <p class='ocr_par' dir='ltr' id='par_1_112' title="bbox 2073 4957 3728 5040">
     <span class='ocr_line' id='line_1_112' title="bbox 2073 4957 3728 5040; baseline -0.003 -23"><span class='ocrx_word' id='word_1_791' title='bbox 2073 4966 2312 5029; x_wconf 79' lang='grc' dir='ltr'>Μωϋσῆς</span> <span class='ocrx_word' id='word_1_792' title='bbox 2340 4958 2393 5015; x_wconf 85' lang='grc' dir='ltr'><strong>τί</strong></span> <span class='ocrx_word' id='word_1_793' title='bbox 2422 4959 2540 5014; x_wconf 70' lang='grc' dir='ltr'>εἷπε</span> <span class='ocrx_word' id='word_1_794' title='bbox 2568 4958 2692 5036; x_wconf 82' lang='grc' dir='ltr'>περὶ</span> <span class='ocrx_word' id='word_1_795' title='bbox 2726 4959 2982 5034; x_wconf 79' lang='grc' dir='ltr'>λουτροῦ.</span> <span class='ocrx_word' id='word_1_796' title='bbox 3014 4959 3070 5012; x_wconf 82' lang='lat'><strong>&#39;0</strong></span> <span class='ocrx_word' id='word_1_797' title='bbox 3099 4959 3200 5040; x_wconf 80' lang='grc' dir='ltr'>γὰρ</span> <span class='ocrx_word' id='word_1_798' title='bbox 3243 4957 3539 5040; x_wconf 66' lang='grc' dir='ltr'>ἁψάμενος,</span> <span class='ocrx_word' id='word_1_799' title='bbox 3570 4959 3728 5036; x_wconf 79' lang='grc' dir='ltr'>φησὶ,</span> 
     </span>
    </p>
   </div>
   <div class='ocr_carea' id='block_1_113' title="bbox 2073 5035 3730 5124">
    <p class='ocr_par' dir='ltr' id='par_1_113' title="bbox 2073 5035 3730 5124">
     <span class='ocr_line' id='line_1_113' title="bbox 2073 5035 3730 5124; baseline -0.002 -19"><span class='ocrx_word' id='word_1_800' title='bbox 2073 5051 2220 5112; x_wconf 85' lang='grc' dir='ltr'>τινὸς</span> <span class='ocrx_word' id='word_1_801' title='bbox 2245 5052 2354 5105; x_wconf 87' lang='grc' dir='ltr'><strong>τῶν</strong></span> <span class='ocrx_word' id='word_1_802' title='bbox 2415 5035 2754 5124; x_wconf 78' lang='grc' dir='ltr'>ἀκαθάρτων,</span> <span class='ocrx_word' id='word_1_803' title='bbox 2815 5047 2904 5102; x_wconf 85' lang='grc' dir='ltr'><strong>καὶ</strong></span> <span class='ocrx_word' id='word_1_804' title='bbox 2973 5035 3236 5122; x_wconf 74' lang='grc' dir='ltr'>μιανθεῗς,</span> <span class='ocrx_word' id='word_1_805' title='bbox 3285 5035 3482 5116; x_wconf 74' lang='grc' dir='ltr'>πλυνεῖ</span> <span class='ocrx_word' id='word_1_806' title='bbox 3529 5035 3599 5103; x_wconf 76' lang='grc' dir='ltr'><strong>τά</strong></span> <span class='ocrx_word' id='word_1_807' title='bbox 3627 5046 3730 5121; x_wconf 75' lang='grc' dir='ltr'><strong>ίμά</strong></span> 
     </span>
    </p>
   </div>
   <div class='ocr_carea' id='block_1_114' title="bbox 2071 5295 2841 5372">
    <p class='ocr_par' dir='ltr' id='par_1_114' title="bbox 2071 5295 2841 5372">
     <span class='ocr_line' id='line_1_114' title="bbox 2071 5295 2841 5372; baseline -0.003 -18"><span class='ocrx_word' id='word_1_808' title='bbox 2071 5298 2233 5354; x_wconf 82' lang='lat' dir='ltr'><strong>Alter</strong></span> <span class='ocrx_word' id='word_1_809' title='bbox 2263 5315 2439 5372; x_wconf 77' lang='lat' dir='ltr'><strong>mss.,</strong></span> <span class='ocrx_word' id='word_1_810' title='bbox 2469 5295 2817 5372; x_wconf 79' lang='grc' dir='ltr'>λατρεύωμεν</span> <span class='ocrx_word' id='word_1_811' title='bbox 2829 5340 2841 5352; x_wconf 94' lang='grc'><strong>.</strong></span> 
     </span>
    </p>
   </div>
   <div class='ocr_carea' id='block_1_115' title="bbox 2142 5368 2978 5443">
    <p class='ocr_par' dir='ltr' id='par_1_115' title="bbox 2142 5368 2978 5443">
     <span class='ocr_line' id='line_1_115' title="bbox 2142 5368 2978 5443; baseline -0.004 -18"><span class='ocrx_word' id='word_1_812' title='bbox 2142 5372 2257 5443; x_wconf 85' lang='lat'><strong>(70)</strong></span> <span class='ocrx_word' id='word_1_813' title='bbox 2290 5368 2465 5439; x_wconf 81' lang='lat' dir='ltr'><strong>Editi,</strong></span> <span class='ocrx_word' id='word_1_814' title='bbox 2497 5368 2860 5443; x_wconf 48' lang='lat' dir='ltr'><strong>amatae...</strong></span> <span class='ocrx_word' id='word_1_815' title='bbox 2908 5370 2978 5424; x_wconf 85' lang='lat' dir='ltr'><strong>At</strong></span> 
     </span>
    </p>
   </div>
   <div class='ocr_carea' id='block_1_116' title="bbox 2073 5440 2482 5514">
    <p class='ocr_par' dir='ltr' id='par_1_116' title="bbox 2073 5440 2482 5514">
     <span class='ocr_line' id='line_1_116' title="bbox 2073 5440 2482 5514; baseline 0.012 -20"><span class='ocrx_word' id='word_1_816' title='bbox 2073 5440 2304 5514; x_wconf 69' lang='grc' dir='ltr'>ψόμεοα.</span> <span class='ocrx_word' id='word_1_817' title='bbox 2342 5444 2482 5514; x_wconf 81' lang='lat' dir='ltr'><strong>Reg.</strong></span> 
     </span>
    </p>
   </div>
   <div class='ocr_carea' id='block_1_117' title="bbox 2073 5459 3726 5572">
    <p class='ocr_par' dir='ltr' id='par_1_117' title="bbox 2073 5459 3726 5572">
     <span class='ocr_line' id='line_1_117' title="bbox 2073 5459 3726 5514; baseline 0.002 -19"><span class='ocrx_word' id='word_1_818' title='bbox 2073 5459 2304 5514; x_wconf 76' lang='grc' dir='ltr'>ψομεοα.</span> <span class='ocrx_word' id='word_1_819' title='bbox 2345 5459 2422 5499; x_wconf 76' lang='lat' dir='ltr'><strong>tte</strong></span> <span class='ocrx_word' id='word_1_820' title='bbox 2471 5486 2482 5498; x_wconf 94' lang='lat'><strong>.</strong></span> <span class='ocrx_word' id='word_1_821' title='bbox 2557 5459 2765 5508; x_wconf 78' lang='lat' dir='ltr'><strong>rimus,</strong></span> <span class='ocrx_word' id='word_1_822' title='bbox 2823 5459 3236 5512; x_wconf 78' lang='grc' dir='ltr'>απονιψωμευα.</span> <span class='ocrx_word' id='word_1_823' title='bbox 3301 5459 3524 5500; x_wconf 77' lang='lat' dir='ltr'><strong>imaem</strong></span> <span class='ocrx_word' id='word_1_824' title='bbox 3561 5459 3726 5511; x_wconf 77' lang='lat' dir='ltr'><strong>eain,</strong></span> 
     </span>
     <span class='ocr_line' id='line_1_118' title="bbox 2073 5459 3726 5572; baseline 0.002 -3"><span class='ocrx_word' id='word_1_825' title='bbox 2073 5512 2339 5569; x_wconf 80' lang='grc' dir='ltr'>λούσασθε</span> <span class='ocrx_word' id='word_1_826' title='bbox 2367 5459 2479 5569; x_wconf 51' lang='lat' dir='ltr'><strong>xuii.</strong></span> <span class='ocrx_word' id='word_1_827' title='bbox 2510 5460 2793 5571; x_wconf 52' lang='lat' dir='ltr'><strong>Boculam</strong></span> <span class='ocrx_word' id='word_1_828' title='bbox 2824 5513 2914 5567; x_wconf 84' lang='grc' dir='ltr'><strong>καί</strong></span> <span class='ocrx_word' id='word_1_829' title='bbox 2945 5513 3150 5568; x_wconf 89' lang='lat' dir='ltr'><strong>deesse</strong></span> <span class='ocrx_word' id='word_1_830' title='bbox 3210 5513 3270 5569; x_wconf 89' lang='lat' dir='ltr'><strong>in</strong></span> <span class='ocrx_word' id='word_1_831' title='bbox 3329 5514 3536 5571; x_wconf 88' lang='lat' dir='ltr'><strong>multis</strong></span> <span class='ocrx_word' id='word_1_832' title='bbox 3581 5531 3726 5572; x_wconf 89' lang='lat' dir='ltr'><strong>mss.</strong></span> 
     </span>
    </p>
   </div>
   <div class='ocr_carea' id='block_1_118' title="bbox 3080 5367 3728 5440">
    <p class='ocr_par' dir='ltr' id='par_1_118' title="bbox 3080 5367 3728 5440">
     <span class='ocr_line' id='line_1_119' title="bbox 3080 5367 3728 5440; baseline 0.002 -18"><span class='ocrx_word' id='word_1_833' title='bbox 3080 5367 3294 5440; x_wconf 89' lang='lat' dir='ltr'><strong>uinqus</strong></span> <span class='ocrx_word' id='word_1_834' title='bbox 3325 5385 3496 5432; x_wconf 87' lang='lat' dir='ltr'><strong>mss..</strong></span> <span class='ocrx_word' id='word_1_835' title='bbox 3532 5369 3728 5425; x_wconf 74' lang='grc' dir='ltr'>ἀπονι-</span> 
     </span>
    </p>
   </div>
   <div class='ocr_carea' id='block_1_119' title="bbox 2557 5440 3729 5512">
    <p class='ocr_par' dir='ltr' id='par_1_119' title="bbox 2557 5440 3729 5512">
     <span class='ocr_line' id='line_1_120' title="bbox 2557 5440 3729 5512; baseline 0 -14"><span class='ocrx_word' id='word_1_836' title='bbox 2557 5440 2765 5508; x_wconf 87' lang='lat' dir='ltr'><strong>rimus,</strong></span> <span class='ocrx_word' id='word_1_837' title='bbox 2823 5440 3236 5512; x_wconf 79' lang='grc' dir='ltr'>ἀπονιψώμεθα.</span> <span class='ocrx_word' id='word_1_838' title='bbox 3300 5441 3524 5500; x_wconf 90' lang='lat' dir='ltr'><strong>Ibidem</strong></span> <span class='ocrx_word' id='word_1_839' title='bbox 3561 5443 3729 5511; x_wconf 89' lang='lat' dir='ltr'><strong>editi,</strong></span> 
     </span>
    </p>
   </div>
   <div class='ocr_carea' id='block_1_120' title="bbox 2067 5584 3732 5669">
    <p class='ocr_par' dir='ltr' id='par_1_120' title="bbox 2067 5584 3732 5669">
     <span class='ocr_line' id='line_1_121' title="bbox 2067 5584 3732 5669; baseline 0.001 -27"><span class='ocrx_word' id='word_1_840' title='bbox 2067 5588 2194 5658; x_wconf 78' lang='lat' dir='ltr'><strong>jam</strong></span> <span class='ocrx_word' id='word_1_841' title='bbox 2237 5588 2590 5669; x_wconf 73' lang='lat' dir='ltr'><strong>notavimus.</strong></span> <span class='ocrx_word' id='word_1_842' title='bbox 2627 5587 2986 5669; x_wconf 48' lang='lat' dir='ltr'><strong>Rursus&#39;hgc</strong></span> <span class='ocrx_word' id='word_1_843' title='bbox 3036 5584 3183 5669; x_wconf 43' lang='lat' dir='ltr'><strong>ipso,</strong></span> <span class='ocrx_word' id='word_1_844' title='bbox 3221 5585 3280 5669; x_wconf 73' lang='lat' dir='ltr'><strong>in</strong></span> <span class='ocrx_word' id='word_1_845' title='bbox 3313 5586 3732 5669; x_wconf 65' lang='lat' dir='ltr'><strong>loc9__quatuor</strong></span> 
     </span>
    </p>
   </div>
   <div class='ocr_carea' id='block_1_121' title="bbox 2075 5654 3728 5785">
    <p class='ocr_par' dir='ltr' id='par_1_121' title="bbox 2075 5654 3728 5785">
     <span class='ocr_line' id='line_1_122' title="bbox 2075 5654 3728 5785; baseline 0.004 -71"><span class='ocrx_word' id='word_1_846' title='bbox 2075 5654 2246 5728; x_wconf 66' lang='lat' dir='ltr'><strong>inss.,</strong></span> <span class='ocrx_word' id='word_1_847' title='bbox 2283 5660 2609 5732; x_wconf 81' lang='grc' dir='ltr'>μεμνήμεθα</span> <span class='ocrx_word' id='word_1_848' title='bbox 2640 5658 2743 5734; x_wconf 80' lang='grc' dir='ltr'>γὰρ</span> <span class='ocrx_word' id='word_1_849' title='bbox 2775 5658 2888 5713; x_wconf 86' lang='grc' dir='ltr'>καί.</span> <span class='ocrx_word' id='word_1_850' title='bbox 2920 5654 3094 5714; x_wconf 80' lang='lat' dir='ltr'><strong>Deest</strong></span> <span class='ocrx_word' id='word_1_851' title='bbox 3111 5655 3220 5785; x_wconf 41' lang='grc' dir='ltr'>,γάρ</span> <span class='ocrx_word' id='word_1_852' title='bbox 3252 5654 3313 5714; x_wconf 85' lang='lat' dir='ltr'><strong>in</strong></span> <span class='ocrx_word' id='word_1_853' title='bbox 3362 5654 3556 5718; x_wconf 76' lang='lat' dir='ltr'><strong>editis.</strong></span> <span class='ocrx_word' id='word_1_854' title='bbox 3591 5659 3728 5738; x_wconf 76' lang='lat' dir='ltr'><strong>MOI</strong></span> 
     </span>
     <span class='ocr_line' id='line_1_123' title="bbox 2075 5728 3330 5785; baseline 0 0"><span class='ocrx_word' id='word_1_855' title='bbox 2075 5747 2106 5785; x_wconf 88' lang='lat' dir='ltr'><strong>c</strong></span> <span class='ocrx_word' id='word_1_856' title='bbox 2135 5733 2368 5785; x_wconf 89' lang='lat' dir='ltr'><strong>duobus</strong></span> <span class='ocrx_word' id='word_1_857' title='bbox 2399 5749 2544 5785; x_wconf 89' lang='lat' dir='ltr'><strong>mss.</strong></span> <span class='ocrx_word' id='word_1_858' title='bbox 2575 5747 2776 5785; x_wconf 80' lang='lat' dir='ltr'><strong>vocem</strong></span> <span class='ocrx_word' id='word_1_859' title='bbox 2808 5728 2941 5785; x_wconf 72' lang='lat' dir='ltr'><strong>onst</strong></span> <span class='ocrx_word' id='word_1_860' title='bbox 2971 5729 3107 5785; x_wconf 81' lang='lat' dir='ltr'><strong>addi</strong></span> <span class='ocrx_word' id='word_1_861' title='bbox 3151 5729 3330 5785; x_wconf 85' lang='lat' dir='ltr'><strong>imus.</strong></span> 
     </span>
    </p>
   </div>
   <div class='ocr_carea' id='block_1_122' title="bbox 2075 5728 3330 5826">
    <p class='ocr_par' dir='ltr' id='par_1_122' title="bbox 2075 5728 3330 5826">
     <span class='ocr_line' id='line_1_124' title="bbox 2075 5728 3330 5826; baseline 0 -38"><span class='ocrx_word' id='word_1_862' title='bbox 2075 5747 2106 5814; x_wconf 86' lang='lat' dir='ltr'><strong>e</strong></span> <span class='ocrx_word' id='word_1_863' title='bbox 2135 5728 2368 5824; x_wconf 57' lang='lat' dir='ltr'><strong>duobus</strong></span> <span class='ocrx_word' id='word_1_864' title='bbox 2399 5728 2544 5826; x_wconf 75' lang='lat' dir='ltr'><strong>mss.</strong></span> <span class='ocrx_word' id='word_1_865' title='bbox 2575 5728 2776 5820; x_wconf 70' lang='lat' dir='ltr'><strong>vocem</strong></span> <span class='ocrx_word' id='word_1_866' title='bbox 2808 5728 2941 5816; x_wconf 57' lang='grc' dir='ltr'><strong>φησι</strong></span> <span class='ocrx_word' id='word_1_867' title='bbox 2971 5728 3330 5822; x_wconf 68' lang='lat' dir='ltr'><strong>addidimus.</strong></span> 
     </span>
    </p>
   </div>
  </div>
