4130 6382
387 373 505 459 493
1247 384 1658 454 COMMENT.
1703 384 1782 454 IN
1828 379 2049 454 iSAIAl

2168 385 2650 457 .3ROPHETAM.
2697 391 2844 458 cap
2912 397 2960 458 ι.
3696 371 3813 465 494‘

380 549 494 598 τια,
525 527 614 584 καὶ
659 524 914 582 λούσεται
961 525 1024 581 τὸ
1075 528 1234 598 σῶμα
1263 521 1546 596 ὕδατι,καί
1587 523 1822 600 καθαρὸς
1871 520 2040 581 ἔσται.

2168 526 2266 591 Qui
2301 527 2482 596 enim,
2514 529 2725 603 inquit,
2760 531 3016 601 tetigerit
3065 533 3367 604 quidpiam
3415 552 3617 592 eorum
3680 554 3810 610 quae

384 615 538 676 Ἀλλ’
570 614 672 672 οὐκ
701 615 836 670 εἷπε·
872 613 1153 677 Αοῦσασθε
1197 613 1277 692 ἐφ’
1311 613 1521 687 ἑκάστῳ
1565 610 1866 688 μολυσμῶ,
1899 612 2048 670 ἀλλὰ

387 707 658 770 Δοὺσασθε
691 705 857 778 μόνον
918 705 1052 776 (71).
1110 702 1204 758 Ἓν
1262 701 1562 778 βάπτισμα,
1613 702 1712 778 μία
1763 703 2044 777 κάθαρσις.

389 798 533 854 Ἐκεῖ
560 793 758 851 πλυνεῖ
786 793 854 847 τὰ
883 791 1098 866 ἱμάτια,
1136 792 1224 846 καὶ
1273 790 1525 847 λούσεται
1574 792 1636 848 τὸ
1680 795 1838 865 σῶμα
1871 788 2044 846 ὕδατιο

393 886 623 950 ἐνταῦθα
653 881 878 962 ἀφέλετε
919 882 1014 945 τὰς
1064 879 1357 957 πονηρίας,
1407 882 1536 958 οὐχὶ
1583 881 1674 937 τὸν
1717 879 1909 958 ῥύπον,
1943 880 2050 937 ἀπὸ

393 979 502 1032 τῶν
532 977 747 1048 ψυχῶν,
801 969 901 1026 οὐκ
959 969 1066 1025 ἀπὸ
1116 973 1224 1025 τῶν
1279 969 1534 1044 ἱματίων.
1571 969 1779 1040 Μηκέτι
1829 990 2052 1046 περιερ-

395 1065 563 1142 γάζου
592 1057 818 1132 λίϐάνην
843 1061 932 1116 καὶ
964 1055 1251 1137 χαλϐάνην
1286 1060 1376 1115 καὶ
1437 1058 1612 1137 ὄνυχα
1658 1061 1748 1116 καὶ
1794 1063 2049 1131 στακτὴν,

400 1153 592 1227 μηκέτι
648 1153 902 1222 ἀναζήτει
960 1147 1195 1224 δάμαλιν
1257 1144 1497 1226 ἀκριϐῶς
1551 1149 1778 1226 πυρῥάν,
1824 1151 1897 1214 ὡς
1943 1173 2051 1224 μη-

396 1239 581 1314 δεμίαν
637 1239 814 1312 ἄλλην
871 1239 994 1296 τινὰ
1049 1239 1222 1315 χρόαν
1284 1236 1454 1316 ἔχειν,
1488 1238 1550 1301 ἃς
1598 1245 1745 1315 τρεῖς
1799 1236 1965 1314 μόλις
2024 1241 2052 1294 ὁ

388 1330 602 1404 σύμπας
656 1329 860 1406 χρόνος
909 1336 1010 1400 τῆς
1066 1336 1302 1404 νομικῆς
1361 1330 1614 1403 Λατρείας
1687 1327 1900 1406 ἤνεγκε.
1957 1331 2048 1400 Μὴ

385 1421 612 1492 νήστευε
668 1417 1003 1481 Ἰουδαϊκῶς.
1079 1419 1168 1489 Μὴ
1252 1415 1552 1492 ἐμποδίζοι)
1627 1419 1741 1492 (72)
1826 1417 1878 1474 ἐν
1931 1420 2049 1483 ταῖς

385 1508 620 1586 ἀργίαις.
678 1509 832 1571 Ἑνός
883 1529 969 1563 σοι
1027 1507 1186 1585 χρεία
1245 1506 1422 1563 ἁπλοῦ
1473 1508 1561 1563 καὶ
1632 1507 1927 1582 συντόμου,
1987 1509 2050 1565 οὗ

387 1597 545 1654 αὐτοὶ
580 1600 736 1674 ὑμεῖς
789 1597 907 1654 ista
934 1597 1138 1672 κύριοι.
1189 1597 1256 1655 Τί
1303 1595 1394 1653 οῦν
1452 1595 1562 1653 ἐστι
1604 1602 1807 1669 τοῦτο;
1840 1597 2052 1656 Μάθετε

388 1690 559 1750 καλὸν
605 1696 808 1766 ποιεῖν,
866 1691 944 1749 Οῦ
991 1689 1271 1754 παντελῶς
1321 1695 1409 1747 νῦν
1471 1691 1709 1756 ἀπειθῶς
1764 1692 1854 1747 καὶ
1886 1692 2050 1746 ἀπαι-

394 1778 598 1845 δεύτως
630 1775 804 1858 ἔχετε.
839 1781 985 1837 Ἐπεὶ
1020 1778 1113 1836 οὖν
1145 1777 1396 1836 διδακτὸν
1419 1779 1484 1836 τὸ
1513 1778 1703 1852 καλὸν,
1737 1782 1765 1837 ὁ
1797 1779 1854 1836 δὲ
1881 1780 2050 1856 νόμος

398 1871 540 1944 ὑμᾶς
568 1873 683 1944 (73)
714 1870 813 1970 οὐκ
843 1867 1075 1941 ἐδίδαξεν
1137 1865 1486 1944 (ἐκϐεϐληται
1538 1870 1639 1946 γὰρ
1684 1869 1954 1970 αὖτοῦιὼς
1987 1870 2048 1926 οὐ
2082 1905 2129 1970 Β

392 1959 534 2015 καλά
587 1961 655 2015 τὰ
711 1957 1055 2034 διδάγματα),
1113 1965 1258 2014 πᾶσα
1309 1960 1510 2034 ἀνάγκη
1563 1960 1782 2031 λοιπὸν,
1845 1959 1932 2016 ἐπὶ
1988 1961 2050 2016 τὸ

395 2048 748 2126 εὐαγγελικὸν
801 2045 1179 2105 διδασκαλεῖον
1238 2051 1587 2128 καταφυγεῖν.
1676 2050 1892 2122 Νόησύν
1954 2073 2048 2124 μοι

391 2138 490 2208 τὴν
525 2134 756 2212 μέθοδον
804 2144 904 2208 τῆς
965 2137 1281 2212 οἰκονομίας
1340 2142 1438 2194 τοῦ
1479 2137 1650 2216 λόγου
1695 2139 1803 2196 ἀπὸ
1838 2137 2051 2196 ὑποδεί-

392 2248 605 2302 γματος
639 2227 911 2303 ιναργοῦς.
944 2230 1122 2284 Ἔστω
1150 2249 1234 2292 τις
1263 2233 1372 2284 τῶν
1403 2226 1729 2288 πολυτελῶν
1753 2230 1840 2286 καὶ
1875 2229 2050 2286 πλου-

395 2316 548 2386 σίων,
581 2316 673 2372 καὶ
701 2316 769 2372 τὰ
810 2318 1311 2394 παρασκευασθέντα
1359 2316 1506 2392 αὖτῷ
1553 2317 1785 2376 ποικίλα
1812 2320 1880 2376 τὰ
1915 2320 2052 2394 πρὸς

393 2407 494 2477 τὴν
529 2403 763 2462 δίαιτανο
796 2405 971 2482 ζχὲτω
1025 2403 1083 2462 δὶ
1129 2407 1288 2472 οὗτος
1317 2405 1454 2484 πρὸς
1506 2409 1599 2482 μὶν
1631 2409 1699 2464 τὰ
1728 2406 1898 2464 λοιπὰ.
1928 2405 2052 2464 δυσ-

392 2497 654 2572 αρέστως.
707 2497 846 2570 πρὸς
901 2495 956 2551 ἓν
1008 2493 1066 2552 δὲ
1133 2497 1301 2571 μόνον
1363 2493 1711 2568 ἐπιτηδείως·
1765 2499 1876 2554 εἶτα
1935 2498 2054 2562 καθ’

391 2580 616 2640 ἕκαστον
648 2584 796 2657 αὐτῷ
840 2588 950 2640 τῶν
1001 2580 1328 2657 ἀϐουλήτων
1391 2585 1871 2660 ἀποπεμπομενων
1916 2589 2054 2659 (74),

394 2672 469 2736 εἷς
521 2674 761 2747 ἀνάγκην
815 2673 990 2750 ἀγέτω
1061 2673 1190 2737 τοὺς
1265 2675 1657 2752 θεραπεύοντας
1719 2676 1794 2738 εἷς
1881 2675 2055 2732 ἐκεῖνο

395 2760 572 2819 ἐλθεῖν
631 2763 694 2817 τὸ
759 2764 896 2818 κατὰ
953 2763 1109 2839 φύσιν
1168 2762 1544 2829 λανθανόντως
1601 2764 2054 2840 ἐπιζητούμενον

395 2851 539 2907 οὕτω
569 2851 658 2908 καὶ
691 2856 782 2908 σῦν
814 2873 1028 2909 παντων
1063 2852 1252 2930 ἐφεξῆς
1303 2850 1728 2930 ἆκϐεϐλημὲνων
1755 2860 1863 2912 τῶν
1894 2877 2056 2930 νομι-

396 2945 529 3015 κῶν,
573 2942 869 3018 ἀναγκείως
919 2945 955 3014 ἡ
1004 2941 1300 3021 παραδοχή
1356 2949 1454 3001 τοῦ
1512 2943 1848 3022 Εὖαγγελίου
1885 2967 2056 3002 κατα-

396 3032 730 3101 σκευάζεται.
784 3031 1086 3098 Λούσασθε.
1145 3035 1242 3089 Καὶ
1290 3035 1342 3090 τί
1396 3037 1460 3091 τὸ
1513 3033 1746 3112 κὲρδοςς
1795 3038 1912 3093 Ἵνα
1958 3055 2053 3091 κα·

396 3118 550 3193 θαροὶ
598 3120 846 3197 γένησθε.
898 3120 993 3184 Εἷς
1047 3119 1101 3176 τί
1160 3119 1220 3176 δὲ
1268 3123 1432 3198 ’χρεία
1488 3123 1898 3196 καθαρότητος,
1943 3125 2057 3181 Ἵνα

392 3205 482 3262 τὸν
514 3209 642 3263 Θεὸν
680 3206 852 3280 ἴδητε.
907 3211 1031 3284 'Ap’
1059 3207 1150 3264 οὖν
1211 3209 1421 3287 ἐξαρκεῖ
1479 3210 1813 3285 λουσάμενόν
1867 3231 1934 3284 με
1963 3211 2052 3266 καὶ

2157 614 2467 674 immunda
2480 620 2978 693 sunt,etpollutus
2993 621 3422 694 fuerit,invabit
3443 625 3822 698 vestimenta,

2159 714 2214 764 et
2244 709 2756 784 lavabiturcorpus
2779 719 3018 785 aqua,et
3037 714 3321 770 mondum
3348 717 3663 789 erit.Atqui
3696 735 3814 774 non

2159 797 2304 854 dixit
2336 816 2349 854 :
2384 799 2679 856 Lavamini
2711 803 2784 856 ob
2817 819 3293 877 unamquamque
3344 805 3819 875 immunditiam,

2161 889 2261 943 sed
2296 893 2528 945 tantum
2559 891 2865 947 Lavamim'.
2901 893 3201 964 Baptisma
3233 911 3567 962 unum,una
3608 913 3820 969 purga-

2161 977 2264 1032 tio.
2320 978 2426 1032 Hic
2465 978 2682 1034 lavabit
2740 980 3110 1047 vestimenta,
3135 988 3192 1037 et
3250 981 3542 1039 lavabitur
3601 1001 3817 1056 corpus

2162 1081 2317 1136 aqua
2349 1067 2518 1121 ":hic
2534 1068 2758 1124 auferte
2784 1069 3226 1140 nequitias,non
3246 1071 3470 1137 sordes,
3503 1073 3575 1126 ab
3598 1071 3818 1128 anima-

2163 1153 2421 1220 bus,non
2444 1172 2476 1211 a
2507 1155 2888 1212 vestimentis.
2913 1157 3039 1212 Non
3070 1158 3327 1230 amplius
3357 1159 3574 1233 thuris,
3613 1160 3820 1233 galba-

2165 1243 2246 1312 ni,
2271 1244 2534 1317 onycbis,
2558 1250 2615 1301 et
2646 1249 2894 1302 stractes
2927 1251 3183 1318 satagas,
3209 1264 3324 1303 non
3355 1249 3474 1318 iam
3499 1250 3814 1319 juvencem

2163 1333 2432 1406 inquiras
2462 1352 2706 1406 prorsus
2733 1337 3100 1402 rufam,adco
3135 1342 3196 1390 ut
3229 1338 3459 1392 nullum
3493 1339 3676 1394 alium
3711 1340 3815 1394 ha-

2161 1423 2291 1478 beat
2321 1423 2597 1492 colorem,
2631 1424 2834 1496 quales
2865 1431 2981 1480 tres
3007 1431 3192 1480 totum
3226 1429 3420 1482 cultus
3447 1425 3654 1498 legalis
3677 1433 3823 1483 tem-

2163 1529 2274 1584 pus
2305 1514 2398 1568 vix
2429 1513 2674 1569 tulit.Ne
2696 1515 3200 1586 jejunesJudaico
3229 1515 3455 1571 ritu.Ne
3477 1523 3534 1572 te
3554 1515 3823 1590 implices

2162 1603 2222 1658 in
2254 1603 2394 1658 otio.
2420 1607 2498 1658 Re
2529 1620 2647 1659 una
2678 1602 2933 1675 simplici
2973 1621 3040 1660 ac
3071 1604 3492 1676 compendaria
3523 1622 3672 1677 opus
3715 1603 3826 1661 tibi

2161 1697 2408 1764 est,quae
2442 1709 2620 1764 penes
2651 1709 2752 1748 vos
2784 1692 3046 1756 est.Quid
3082 1694 3319 1748 tandem
3355 1697 3442 1750 est
3472 1693 3580 1748 hoc
3602 1693 3818 1763 ?(vaas.

2165 1783 2274 1855 17.)
2305 1784 2506 1840 Discite
2537 1783 2738 1839 bonum
2789 1785 2994 1854 facere.
3075 1783 3179 1837 Cui
3231 1790 3517 1856 praecepto
3577 1800 3822 1856 prorsus

2161 1890 2318 1929 nunc
2350 1872 2594 1928 rebelles
2621 1872 3098 1944 estis,ipsiusque
3127 1872 3271 1928 estis
3305 1873 3655 1939 rudes.Quia
3707 1873 3823 1946 igi-

2163 1967 2258 2018 tur
2283 1951 2505 2018 bonum
2535 1963 2801 2016 doctrina
2853 1968 3042 2033 potest
3087 1963 3442 2032 comparari,
3473 1979 3578 2018 nec
3619 1967 3822 2019 tamen

2161 2052 2256 2108 lox
2287 2069 2388 2108 vos
2428 2052 2628 2107 docuit
2656 2052 2816 2122 (nam
2839 2050 3185 2106 documenia
3215 2050 3344 2120 ejus
3374 2056 3660 2124 tauquam
3702 2069 3820 2107 non

2161 2143 2316 2200 bona
2341 2141 2646 2213 repudiata
2663 2158 2726 2196 su
2738 2141 2978 2211 nt),tum
3002 2143 3242 2196 demum
3261 2142 3331 2197 ad
3353 2139 3619 2197 scholam
3648 2158 3825 2197 evan-

2159 2232 2404 2303 gelicam
2464 2231 2776 2302 confugere
2825 2247 3061 2286 necesse
3089 2235 3180 2285 est
3215 2231 3481 2298 omnino.
3515 2229 3826 2288 Rationem

2162 2339 2280 2394 qua
2308 2320 2552 2376 verbum
2581 2319 2978 2392 dispensatur,
3034 2336 3105 2375 ex
3131 2319 3286 2374 claro
3315 2319 3608 2391 exemplo,
3637 2320 3816 2377 velim

2165 2409 2548 2467 advertas.Sit
2567 2409 2858 2480 quispiam
2882 2425 3085 2464 eorum
3099 2409 3198 2481 qui
3221 2409 3486 2481 ingentes
3519 2409 3824 2482 impensas

2165 2499 2410 2565 faciunt,
2434 2499 2800 2570 aflluuntque
2822 2497 3065 2564 divitiis,
3098 2498 3191 2552 cui
3225 2497 3414 2553 multa
3462 2514 3529 2553 ac
3559 2497 3720 2554 varia
3746 2499 3822 2554 ad

2163 2590 2380 2646 victum
2413 2587 2909 2660 apponauturzbic
2938 2591 3159 2655 autem,
3185 2592 3470 2658 quantum
3505 2587 3574 2642 ad
3607 2591 3816 2645 caetera

2163 2677 2706 2746 attinet,fastidioso
2730 2677 2809 2732 sit
2829 2677 3048 2743 animo,
3079 2680 3138 2732 et
3162 2692 3296 2732 essa
3327 2676 3500 2732 unica
3522 2677 3808 2734 duntaxat

2165 2767 2472 2825 commode
2507 2765 3018 2822 vescatustdeinde
3050 2765 3302 2838 singulis
3333 2782 3460 2838 quis
3492 2765 3543 2822 ei
3577 2783 3694 2822 non
3725 2783 3824 2823 sa-

2166 2859 2358 2930 piunt,
2393 2855 2648 2927 rejectis,
2682 2854 2935 2911 famulos
2966 2871 3032 2911 eo
3065 2855 3436 2912 necessitatis
3477 2855 3696 2927 adigat,
3755 2859 3823 2913 ut

2167 2947 2237 3002 ad
2253 2946 2397 3001 illud
2413 2953 2564 3018 quod
2589 2943 2934 3001 naturaliter
2952 2948 3010 2999 et
3030 2944 3256 3000 occulte
3277 2944 3596 3017 oxpeteban
3608 2945 3826 3013 t,deve-

2167 3035 2634 3090 niant:eumdem
2667 3034 2738 3088 ad
2770 3033 3008 3088 modum
3042 3033 3218 3088 etiam
3237 3049 3394 3088 nunc
3417 3032 3695 3089 omnibus
3745 3032 3825 3089 le-

2164 3122 2395 3196 galibus
2426 3120 2630 3176 ordine
2661 3120 3255 3190 rejectis,necessario
3287 3119 3583 3192 Evangelii
3627 3121 3824 3178 aditur

2166 3209 3032 3282 susceptio.Lavamini.Ecquid
3049 3207 3298 3266 lucri?Ut
3315 3209 3518 3264 mundi
3537 3211 3826 3282 evadatis,

390 3295 492 3364 τὴν
524 3294 602 3352 lvi
632 3275 767 3362 τοῖς-
802 3275 1092 3374 προτᾶροις
1151 3275 1390 3356 λαέόντα
1449 3275 1797 3378 συγχώρησιν
1843 3275 2049 3376 ἧσοχά-

2168 3299 2312 3366 Quid
2338 3275 2532 3356 autem
2567 3297 2860 3354 munditia
2887 3275 3038 3369 opus
3058 3306 3147 3353 est
3176 3297 3204 3352 ?
3236 3297 3308 3353 Ut
3329 3297 3515 3355 Deum
3540 3275 3813 3355 videatis.-

393 3387 500 3452 ζειν
525 3402 539 3456 ;
573 3386 608 3456 ἧ
639 3407 787 3451 τινος
818 3389 908 3443 καὶ
933 3387 1118 3464 ὲτὲροτ
1147 3389 1306 3465 χρεία
1331 3409 1346 3460 ;

466 3658 556 3712 39.
644 3655 901 3735 Ἀφέλετε
976 3656 1072 3721 τὰς
1148 3656 1405 3731 πονηρίας
1484 3659 1590 3716 ἀπὸ
1673 3664 1780 3719 τῶν
1853 3666 2047 3740 ψυχῶν

403 3742 556 3832 ι’)μῶν
605 3744 859 3800 ἀπέναντι
932 3750 1042 3802 τῶν
1122 3747 1424 3826 ὀφθαλμῶν
1489 3770 1614 3824 μου.
1669 3752 1733 3809 Ἡ
1795 3753 1889 3826 μὲν
1947 3755 2050 3832 γὰρ

399 3828 489 3888 διὰ
509 3831 748 3909 λουτροῦ
777 3833 1034 3910 κάθαρσις
1089 3843 1188 3908 τῆς
1237 3837 1639 3916 φιλανθρωτίας
1688 3838 1923 3916 ἤρτηται

397 3922 690 3978 Δεσπότου·
748 3925 776 3995 ἠ
834 3921 892 3980 δὲ
937 3931 1040 3996 τῆς
1115 3925 1383 4002 πονηρίας
1432 3927 1686 3994 ἀπὸθεσις
1732 3927 1891 4008 ἔργον
1949 3941 2050 4006 τῆς

395 4013 554 4084 ἡμῶν
584 4011 757 4067 αὐτῶν
817 4011 1134 4088 ἐπιμελείας
1191 4013 1356 4076 ἐστίν.
1401 4020 1518 4076 ’Ίνα
1570 4015 1628 4075 δὲ
1679 4022 1754 4092 μή
1811 4021 1949 4098 μόνῃ
1981 4026 2050 4098 τῇ

393 4100 501 4156 ἀπὸ
530 4105 629 4156 τοῦ
659 4099 894 4177 λουτροῦ
948 4102 1136 4180 χάριτι
1184 4103 1567 4176 ἐπελπίζοντες
1616 4111 1750 4183 (75),
1783 4107 2050 4186 ἄπρακτοι

397 4189 670 4264 μείνωμεν
721 4191 827 4246 ἀπὸ
885 4196 994 4247 τῶν
1056 4192 1316 4266 ἐντολῶν,
1351 4193 1441 4252 διὰ
1494 4201 1656 4253 τοῦτο
1705 4196 2051 4257 ἐπισυνάπτει

390 4282 562 4334 πᾶσαν
619 4284 717 4335 τοῦ
767 4279 887 4357 βίου
943 4283 1042 4351 τήν
1101 4287 1438 4362 συναγωγήν·
1503 4273 1764 4366 ’Ᾰφὲλετε
1816 4288 1911 4352 τὰς
1948 4311 2050 4346 πο-

389 4368 579 4441 νηρίας
628 4369 735 4425 ἀπὸ
781 4375 891 4426 τῶν
945 4371 1185 4450 καρδιῶν
1242 4378 1359 4449 (76)
1421 4375 1600 4450 ὖμῶο.
1661 4379 1845 4436 Οἱονεί
1903 4379 2048 4456 ἐκρι-

393 4456 595 4544 ζώσστε
625 4459 732 4514 ἀπὸ
759 4463 857 4514 τοῦ
904 4462 1236 4536 ἡγεμονικοῦ
1285 4465 1380 4528 τὰς
1419 4465 1670 4544 πονηρὰς
1709 4466 1939 4539 ἐννοίας,
1973 4470 2050 4534 ὡς

393 4545 534 4618 μήτε
555 4543 742 4622 λόγον,
780 4549 918 4622 μήτε
950 4571 1003 4605 τι
1043 4547 1208 4628 ἔργον
1255 4553 1652 4629 ἀπογεννᾶσθαι
1680 4561 1788 4614 τῶν
1833 4560 2048 4635 μοχθη-

2160 3389 2391 3446 Satisne
2422 3387 2602 3460 igitur
2624 3387 2798 3444 fuerit
2829 3385 3098 3444 ablutum
3123 3402 3217 3443 me
3273 3401 3403 3442 esse
3460 3390 3520 3443 et
3576 3390 3819 3460 accepta

2163 3478 2426 3551 priorum
2458 3476 2810 3533 delictorum
2846 3475 3017 3532 venia
3045 3474 3106 3530 in
3128 3475 3248 3532 otio
3280 3474 3519 3548 degere?
3549 3493 3622 3533 an
3657 3475 3818 3534 aliud

2163 3567 2479 3639 quicquam
2513 3565 2878 3640 requiritur?

2233 3657 2322 3712 39.
2357 3657 2578 3728 Auferte
2603 3657 2855 3712 malitias
2880 3671 2950 3711 ex
2969 3654 3266 3712 animabus
3293 3657 3484 3712 vestris
3531 3657 3598 3712 ab
3645 3645 3822 3717 oculis

2162 3749 2322 3803 meis.
2357 3745 2706 3818 Expurgatio
2740 3744 2976 3816 quidem
3010 3760 3139 3816 quas
3171 3761 3270 3816 per
3297 3744 3592 3802 lavacrum
3643 3748 3726 3818 ﬁt,
3786 3767 3820 3806 ι

2167 3836 2394 3893 Domini
2428 3852 2566 3907 erga
2593 3851 2700 3890 nos
2721 3833 3083 3906 benignitate
3103 3834 3520 3906 dependetzsed
3554 3852 3688 3892 cum
3716 3854 3817 3893 ne-

2165 3926 2356 4000 quitia
2383 3922 2779 3997 deponitur,id
2813 3925 3025 3978 nostris
3055 3921 3320 3995 ipsorum
3370 3922 3690 3996 diligentia
3751 3942 3818 3983 ac

2163 4033 2316 4072 curae
2347 4014 2588 4070 effectus
2619 4017 2728 4070 est.
2762 4011 3047 4070 Caeterum
3079 4029 3153 4067 ne
3191 4012 3252 4067 in
3284 4011 3411 4068 sola
3450 4014 3662 4070 lavacri
3687 4032 3816 4088 gra-
3846 4013 3852 4018 ’

2162 4105 2242 4160 tia
2274 4121 2438 4176 spem
2471 4106 2777 4176 ponentes,
2808 4101 3091 4157 mandata
3116 4117 3230 4157 non
3269 4101 3666 4175 perﬁciamus,
3726 4104 3816 4160 id-

2163 4194 2319 4259 circo
2348 4209 2582 4250 omnem
2614 4191 2737 4247 vitea
2772 4191 3056 4247 rationem
3089 4190 3273 4246 simui
3295 4191 3534 4264 jungit:
3595 4194 3822 4266 Auferte

2158 4283 2405 4340 malitias
2435 4298 2506 4338 ea:
2529 4280 2785 4338 cordibus
2814 4281 3029 4336 vestris.
3063 4277 3274 4335 Tollite
3320 4279 3480 4336 velut
3533 4281 3816 4342 radicitus

2162 4390 2196 4429 a
2226 4377 2419 4428 mente
2449 4369 2638 4427 malas
2667 4367 3072 4443 cogitationes,
3124 4372 3188 4423 ut
3219 4383 3406 4440 neque
3457 4385 3819 4444 sermonem,

2159 4477 2348 4534 neque
2380 4476 2620 4532 parvum
2643 4457 2828 4514 ullum
2850 4474 2999 4530 opus
3031 4457 3627 4530 ingeneret.Aboculis
3655 4465 3816 4529 meis.

2159 4550 2446 4618 Quoniam
2476 4547 2661 4605 multa
2691 4564 2818 4620 qua:
2845 4546 3027 4604 avisa
3055 4546 3235 4619 probe
3263 4545 3534 4606 instituta
3579 4551 3819 4623 profici-

389 4637 522 4709 ρῶν.
557 4635 836 4693 ’Λπίναντι
882 4643 994 4695 τῶν
1040 4640 1343 4719 ὀφθαλμῶν
1402 4664 1528 4717 μου.
1584 4645 1808 4717 Ἐπειδὴ
1857 4646 2046 4704 πολλὰ

2168 4646 2424 4708 scuntur,
2457 4639 2609 4694 ﬁunt
2637 4639 2708 4694 ab
2733 4637 2807 4693 iis
2843 4637 2940 4708 qui
2976 4653 3010 4692 a
3041 4636 3154 4692 ﬁde
3183 4635 3358 4692 alieni
3415 4643 3578 4709 sunt,
3623 4640 3816 4713 qualis

385 4725 496 4778 τῶν
554 4727 691 4780 κατὰ
747 4727 840 4782 τὸν
891 4725 1188 4784 σπουδαῖον
1252 4729 1368 4806 βίον
1423 4733 1570 4808 παρά
1625 4738 1735 4790 τῶν
1791 4734 1893 4809 ἔξω
1947 4744 2049 4808 τῆς

2168 4736 2255 4788 est
2275 4727 2623 4787 concubitus
2654 4732 2711 4782 et
2737 4725 3104 4798 voluptatum
3148 4725 3476 4798 epularium
3511 4729 3811 4786 abstinen-

386 4811 622 4876 πίστεως
651 4811 1048 4887 ιπιτηδεόεται,
1084 4818 1197 4873 οἷον
1251 4819 1438 4896 ἀπο·χή
1496 4826 1606 4877 τῶν
1659 4822 1712 4879 ἐν
1746 4826 2049 4886 συνουσίαις

2168 4823 2266 4891 tia,
2303 4833 2652 4890 morumque
2689 4815 3020 4872 constantia
3067 4820 3126 4872 et
3166 4816 3565 4889 tranquillitas
3598 4833 3612 4873 :
3653 4819 3815 4877 haud

384 4901 473 4957 καὶ
509 4901 817 4977 βρωμάτων
869 4901 1118 4984 ἡδοναῖς,
1174 4908 1264 4964 καὶ
1293 4911 1356 4966 τὸ
1413 4910 1464 4966 ἐν
1500 4908 1624 4982 ἤθει
1673 4913 1926 4981 εὐσταθὲς
1963 4911 2049 4970 καῖ

457 4991 502 5027 ¹²
533 4992 706 5048 Num.
740 5010 857 5052 xix.
880 4987 934 5052 7.

2169 4913 2479 4967 contentus
2511 4911 2598 4963 est
2621 4907 2715 4963 his
2744 4905 2958 4975 verbis,
2977 4905 3206 4996 Auferte
3232 4906 3480 4962 malitias
3511 4923 3526 4976 ;
3567 4908 3667 4966 sed
3719 4913 3815 4968 at-

481 4992 502 5027 ³
533 4992 706 5048 Num.
740 5010 857 5063 xix,
880 4992 934 5052 7.
2977 4992 2980 4996 ’

452 5079 571 5159 ,(71)
603 5079 690 5162 Ita
722 5099 866 5162 mss.
898 5087 1040 5162 tres.
1074 5085 1248 5162 Deest
1296 5087 1460 5160 μόνον
1523 5090 1584 5146 in
1631 5092 1807 5150 editis
1866 5100 1924 5152 et
1979 5097 2042 5151 in

389 5148 907 5238 aliis-Quibusdam
946 5155 1089 5238 mss.
1118 5159 1266 5238 _ll_la
1296 5148 1445 5238 quis
1493 5179 1627 5238 mox
1685 5148 2042 5238 sequuntur:

387 5215 886 5306 {geaﬁﬁ'aﬁcpilerg
918 5230 1054 5306 e_tc_.,
1081 5229 1167 5285 sic
1186 5215 1450 5306 intelligi
1482 5215 1711 5293 dSBSre'
1723 5215 2009 5296 viden-tu:

389 5293 748 5382 egerem
794 5293 1102 5382 ηςςιιίρέάε.
1161 5319 1278 5358 non
1326 5293 1512 5382 eomes
1538 5323 1638 5382 αρε
1665 5293 2043 5382 quassis:

389 5361 691 5442 bunturgex
734 5361 1020 5442 contractis
1075 5361 1266 5430 rerum
1319 5361 1786 5440 immaniterng
1820 5361 2044 5442 76c;de

383 5437 894 5520 masculus-foliati,
915 5458 1024 5520 pen
1059 5448 1530 5520 vestimentorum.

761 5508 1234 5598 emanasse;
1277 5526 1388 5589 est,
1441 5521 1581 5598 Cave
1610 5531 1662 5579 te
1691 5526 1938 5598 tmpliees
1981 5529 2043 5583 in

382 5580 664 5661 cumquod
701 5584 763 5638 in
784 5580 1156 5661 diebus—festis
1175 5580 1577 5652 observandum
1605 5580 2043 5661 opertui—Nec

379 5651 680 5743 eaeam)
708 5661 841 5727 post
868 5651 1122 5743 qqaéuor
1150 5651 1522 5743 esss-Licet!!!
1552 5651 1872 5743 esset

381 5718 498 5783 duo
527 5719 674 5787 mss.
705 5718 844 5791 cum
875 5718 1052 5795 editis
1073 5718 1522 5810 χρέῖᾶῖιὸὖωκαὶζ
1558 5718 1872 5807 3831M?"
1894 5718 2039 5816 qh?

2155 5091 2291 5143 tuor
2339 5102 2507 5149 mss.,
2563 5085 2747 5155 τοῦτο,
2813 5080 3027 5156 μάθετε,
3059 5081 3236 5153 Editi,
3263 5084 3465 5156 τοῦτο,
3491 5081 3555 5156 τὸ
3590 5085 3808 5156 μαθετε.

2227 5158 2348 5227 (73)
2377 5156 2473 5212 Sic
2503 5162 2622 5212 tres
2649 5153 2873 5212 mss.At
2889 5154 3026 5211 editi
3061 5169 3195 5210 cum
3227 5153 3358 5210 aliis
3388 5153 3621 5214 duobus
3639 5175 3811 5229 mss.,

2243 5265 2303 5306 ας

2370 5318 2461 5373 Sic
2488 5317 2635 5392 Reg.
2693 5317 2944 5392 primus,
2993 5313 3236 5392 optime.
3270 5315 3426 5372 Editi
3453 5320 3512 5373 et
3541 5319 3808 5392 quinque

2154 5385 2253 5446 alii
2283 5385 2452 5458 mss.,
2476 5385 2963 5460 ἀποπεμπόμενος,
2997 5385 3269 5460 pessime.

2225 5462 2342 5534 (75)
2365 5456 2470 5534 Ubi
2499 5460 2569 5534 ing
2592 5456 2824 5534 excusis
2856 5456 3109 5534 legitur,_
3123 5456 3464 5534 ἐλπίζοντες,
3521 5461 3810 5519 scribitur

2153 5531 2214 5587 in
2232 5525 2420 5607 imissz,
2454 5528 2835 5600 ἐπελπίζοντες
2868 5525 2978 5607 aut
2997 5525 3396 5607 ἐφελπίζοντες.

2225 5604 2346 5678 (76)
2378 5606 2466 5678 Ita
2495 5621 2641 5676 mss.
2697 5619 2818 5659 sex.
2878 5601 3053 5678 Editi,
3092 5603 3310 5677 ψυχῶν.
3344 5605 3493 5678 Bene
3522 5604 3806 5676 quidem:

2157 5673 2266 5735 sed
2315 5673 2642 5734 reclamant
2668 5681 2893 5732 veteres
2921 5673 3080 5742 libri,
3108 5673 3181 5733 ut
3194 5673 3554 5734 notavimus;

4017 844 4048 872 Ν
