4130 6384
316 351 429 414 197

1173 344 1579 408 COMMENT.
1626 344 1699 406 IN
1747 343 2017 405 lSAlAM
2068 340 2574 405 PROPHETAM.
2622 345 2793 406 CAP.
2843 346 2890 407 l.

3619 351 3734 414 198

318 479 576 542 ἀνωτάτω
627 481 814 557 χώραν
872 479 998 558 παρ’
1035 479 1172 552 ἡμῖν
1225 475 1492 554 λαχόντα,
1519 473 1717 531 ἕκαστα
1772 472 1973 550 κρίνειν

2121 482 2310 532 torum
2350 477 2639 546 iudicia”.
2696 479 2935 550 Oportet
3004 479 3202 552 itaque
3250 482 3559 552 rationem,
3613 500 3740 556 que

319 571 407 626 καὶ
469 569 755 641 έξετάζειν,
805 567 870 625 τά
921 589 980 624 τε
1036 566 1245 636 λεκτὲα,
1303 567 1394 621 καὶ
1449 565 1516 622 τὰ
1568 563 1827 642 πρακτέα,
1888 564 1978 620 καὶ

326 662 435 736 μὴν
487 661 575 716 καὶ
627 664 745 722 ταῖς
806 660 920 733 (83)
988 655 1398 734 συγκαταθέσεσι
1454 659 1560 710 τῶν
1619 653 1978 730 πραγμάτων,

323 750 412 806 καὶ
470 755 588 812 ταῖς
645 749 844 824 ὁρμαῖς
902 753 1003 817 τῆς
1062 750 1250 822 ψυχῆς
1314 744 1447 818 μετὰ
1476 738 1736 820 ἀκριϐοῦς
1767 741 1981 820 ἐπικρί-

328 862 462 904 σεως
518 839 823 916 ἒπιτρὲπειν
884 839 1020 912 (84).
1066 839 1240 892 Τοῦτο
1294 835 1395 912 γάρ
1456 834 1595 890 ἐστιν
1654 829 1684 886 6'
1729 853 1890 910 φησιν
1952 831 1981 886 ὁ

332 929 545 992 Παῦλος
579 949 591 962 ⁸
649 927 713 983 El
765 925 866 1004 γὰρ
926 925 1146 987 ἑαυτοὺς
1207 923 1510 999 έκρίνομεν,
1567 921 1666 977 οὐκ
1723 919 1782 976 ἂν
1842 919 1984 996 ἰκρι-

334 1019 556 1094 νόμεθα.
615 1017 864 1073 Ῥύσασθε
949 1012 1332 1088 ἀδικούμενον.
1385 1009 1607 1080 Ἐπειδὴ
1696 1007 1870 1065 διττὸν
1919 1010 1982 1064 τὸ

335 1107 653 1173 ἀδικεῖσθαι’
688 1106 723 1176 ἢ
754 1105 854 1182 γὰρ
886 1104 961 1168 εἰς
1002 1105 1072 1160 τὰ
1115 1103 1401 1178 σωματικὰ
1449 1099 1762 1156 ἀδικοῦνταί
1817 1119 1983 1170 τινες,

336 1198 499 1256 οἱονεὶ
531 1197 606 1259 εἷς
635 1197 903 1273 χρήματα
931 1193 1021 1250 καὶ
1050 1193 1119 1250 τὰ
1139 1191 1310 1248 λοιπᾶ
1329 1196 1435 1248 τῶν
1461 1189 1634 1264 ἐκτὸς,
1652 1189 1687 1260 ἢ
1713 1189 1788 1252 εἰς
1817 1188 1984 1258 αὐτὴν

333 1291 430 1359 τήν
463 1289 672 1364 ψυχήν·
707 1283 1031 1362 ἀδιορίστως
1063 1281 1120 1338 δὲ
1148 1283 1592 1360 προστετάγμεθα
1621 1280 1715 1335 τὸν
1768 1276 1988 1334 ἀδικού-

333 1398 490 1452 μενον
555 1375 806 1454 ῥύεσθαι·
843 1373 1014 1430 ἱστέον
1078 1372 1160 1428 ὅτι
1219 1370 1476 1435 πλείονός
1532 1369 1691 1444 ἐσμεν
1744 1365 1988 1438 σπουδῆς

331 1471 608 1544 χρεῶσται
640 1470 757 1528 τοῖς
789 1464 864 1528 είς
892 1465 959 1520 τὰ
1013 1462 1347 1540 καιριώτατα
1399 1459 1828 1536 βλαπτομένοις,
1865 1456 1991 1519 τοὺς

334 1552 927 1616 καταδυναπευθὲντας
978 1552 1125 1629 παρὰ
1164 1555 1262 1606 τοῦ
1312 1545 1598 1619 διαϐόλου,
1648 1548 1739 1604 καὶ
1785 1545 1992 1624 αἲχμαο

338 1645 552 1707 λώτους
587 1648 700 1718 (85)
731 1645 856 1719 παρ’
887 1642 1051 1698 αὐτοῦ
1082 1641 1486 1719 κατεχομένους
1542 1636 1992 1714 ἀνταιχμαλωτί-

343 1742 450 1805 ζειν
476 1736 621 1810 πάσῃ
656 1731 888 1809 σπουδῇο
922 1733 1011 1788 καὶ
1047 1729 1198 1808 ἄγειν
1257 1732 1432 1786 αὐτῶν
1492 1730 1559 1783 τὰ
1614 1731 1864 1802 νοήματα
1921 1725 1995 1788 εἷς

317 1821 439 1900 Δτήν
474 1828 717 1898 ὑπακοὴν
749 1831 847 1882 τοῦ
879 1829 1136 1904 Χριστοῦ.
1173 1825 1459 1900 Πειρατὲον
1494 1819 1551 1876 δὲ
1585 1820 1674 1876 καὶ
1726 1819 1833 1874 ἀπὸ
1888 1823 1994 1874 τῶν

343 1921 673 1992 σωματικῶν
705 1914 1060 1990 ἀδικημάτων
1121 1913 1445 1989 ἐξαιρεῖσθαι
1503 1910 1628 1973 τοὺς
1681 1906 2002 1965 καταδεστέ-

348 2028 501 2086 ρους,
562 2005 686 2062 ὅταν
770 2005 965 2082 ἅρπαξι
1023 2006 1134 2078 (86)
1192 2001 1284 2058 καὶ
1345 2000 1546 2077 βιαίοις
1603 1998 2001 2074 περιπεσόντες,

348 2096 530 2172 ὥσπερ
562 2095 665 2151 ὑπὸ
715 2092 1030 2172 χειμάρρου
1084 2095 1183 2162 τῆς
1241 2090 1358 2168 βίας
1415 2089 1591 2144 αὐτῶν
1649 2087 2003 2166 παρασύρων-

343 2207 455 2257 ται,
508 2182 602 2248 οὓς
655 2185 780 2262 ἆραι
838 2189 915 2256 μὴ
981 2180 1346 2258 ἐξαρκοῦντες,
1387 2184 1505 2242 τοῖς
1559 2185 1660 2249 τῆς
1717 2177 2004 2253 παρακλή-

343 2295 484 2338 σεως
544 2272 736 2349 λόγοις
794 2273 894 2342 τὴν
948 2271 1231 2346 ὑπομονὴν
1291 2268 1475 2332 αὐτοῖς
1546 2271 1654 2324 τῶν
1731 2267 2005 2324 ἐπιπόνων

343 2362 866 2439 παρασκευάζωμεν,
927 2358 1162 2436 μηδενὸς
1235 2359 1332 2434 μὶν
1389 2355 1704 2438 φειδόμενοι
1756 2361 1863 2411 τῶν
1923 2354 2005 2434 ἐφ’

345 2457 482 2528 ἡμῖν
547 2455 678 2528 (87)·
715 2453 1198 2528 ἀποτυγχάνοντεσ
1255 2446 1314 2504 δὲ
1366 2452 1475 2503 τῶν
1532 2447 1671 2503 κατὰ
1724 2447 2003 2522 πρόθεσιν,

345 2542 434 2600 διὰ
461 2549 590 2622 γοῦν
632 2550 733 2614 τῆς
785 2539 1151 2620 φιλαδελφίας
1192 2539 1255 2594 τὸ
1306 2537 1582 2612 συμπαθὲς
1641 2533 2010 2608 ἐπιδεικνύμε-

347 2656 455 2692 νοι.

2089 573 2367 638 tanquam
2387 568 2571 639 judex
2601 585 2944 639 supremum
2997 570 3056 625 in
3090 570 3259 626 nobis
3294 571 3487 628 locum
3537 575 3744 630 sortita

2091 660 2200 724 est,
2234 655 2468 728 singula
2488 657 2814 728 dijudicare
2836 663 2894 714 et
2924 660 3271 730 expendere,
3300 663 3426 716 tum
3459 678 3586 733 quas
3649 662 3741 718 di-

2089 745 2295 813 cenda,
2332 751 2452 800 tum
2487 763 2614 818 quae
2635 748 2859 819 agenda
2879 753 3232 821 sunt,atque
3261 749 3438 804 etiam
3471 751 3544 806 de
3564 752 3739 808 rebus

2092 834 2570 907 comprobandis,
2603 841 2660 890 et
2691 837 2760 891 de
2788 837 3324 893 vehementioribus
3342 839 3552 895 animis
3572 840 3742 896 moti-

2092 923 2202 979 bus
2235 923 2500 997 diligenti
2523 925 2748 996 judicio
2782 926 3051 998 regendis
3082 928 3393 983 arbitrium
3417 928 3528 984 sibi
3552 929 3742 985 vindi-

2094 1029 2244 1068 care.
2271 1013 2388 1069 Hoc
2409 1015 2567 1070 enim
2598 1019 2687 1070 est
2716 1016 2870 1085 quod
2895 1015 2976 1070 ait
3005 1016 3258 1072 Paulus:
3325 1017 3384 1072 Si
3441 1020 3592 1073 enim
3646 1034 3747 1075 nos

2096 1106 2655 1178 ipsosjudz'caremus,
2689 1122 2797 1162 non
2825 1107 2977 1163 412
3028 1109 3216 1179 utique
3262 1109 3650 1180 judicaremur
3676 1112 3744 1170 ³ο.

2096 1199 2348 1255 Liberale
2378 1215 2716 1272 Oppressum.
2749 1200 2896 1263 Quia
2915 1199 3128 1271 duplex
3157 1205 3246 1256 est
3274 1201 3522 1273 injuria:
3562 1204 3750 1277 aliqui

2097 1287 2254 1344 enim
2285 1287 2371 1342 vel
2404 1288 2461 1342 in
2494 1289 2670 1344 rebus
2693 1289 3009 1360 corporeis,
3045 1295 3184 1361 puta
3218 1291 3275 1344 in
3304 1293 3569 1362 pecuniis
3601 1299 3659 1350 et
3687 1294 3749 1349 in

2099 1377 2342 1449 reliquis
2374 1378 2544 1434 bonis
2575 1378 2830 1434 externis
2847 1378 3010 1433 velin
3035 1379 3162 1450 ipsa
3185 1380 3384 1435 anima
3411 1381 3754 1439 afﬁciuntur

2100 1468 2344 1538 injuria:
2380 1466 2720 1522 indistincte
2742 1468 3121 1538 sumusjussi
3146 1469 3390 1525 liberare
3411 1487 3752 1542 oppresum.

2101 1557 2416 1614 Sciendum
2447 1561 2538 1611 est
2583 1556 2850 1612 studium
2887 1557 3080 1627 majus
3107 1575 3211 1613 nos
3234 1558 3518 1615 adhibere
3541 1561 3755 1618 debere

2103 1649 2164 1702 in
2188 1645 2508 1701 liberandis
2535 1645 2606 1701 iis
2629 1644 2994 1717 quiletaliter
3017 1647 3314 1702 laeduntur
3340 1666 3352 1715 ;
3382 1649 3592 1704 debere
3614 1665 3757 1721 quo-

2105 1753 2218 1808 que
2248 1751 2346 1790 eos
2377 1735 2478 1805 qui
2507 1733 2815 1807 tyrannide
2848 1735 3065 1789 diaboli
3097 1736 3534 1809 opprimuntur,
3580 1743 3639 1794 et
3685 1738 3759 1795 ab

2107 1824 2207 1881 illo
2245 1823 2462 1896 captivi
2495 1824 2857 1893 detinentur,
2893 1831 3093 1880 nostra
3115 1827 3275 1880 omni
3299 1842 3480 1898 opera
3500 1828 3764 1886 vicissim

2108 1915 2170 1971 in
2199 1913 2588 1986 captivitatem
2620 1913 2902 1985 redigere,
2938 1930 3165 1970 necnon
3197 1915 3464 1986 ipsorum
3499 1923 3761 1975 mentem

2112 2002 2327 2060 Christi
2358 2001 2640 2074 obsequio
2680 2002 2989 2071 subjicere.
3020 2003 3394 2059 Tentandum
3423 2010 3618 2062 autem
3650 2010 3764 2079 est,

2115 2098 2179 2150 ut
2208 2092 2248 2147 ii
2277 2092 2378 2164 qui
2409 2091 2764 2147 inﬁrmiores
2796 2096 2957 2159 sunt,
2991 2111 3025 2147 a
3072 2093 3475 2164 corporalibus
3522 2095 3761 2166 injuriis

2114 2182 2470 2246 eximantur,
2498 2197 2632 2236 cum
2667 2181 2946 2236 nimirum
2981 2181 3249 2238 incidunt
3273 2182 3330 2238 in
3353 2200 3592 2255 rapaces
3623 2189 3682 2241 et
3700 2185 3762 2242 in

2115 2269 2419 2340 violentos,
2454 2273 2512 2325 et
2541 2270 2612 2324 ab
2645 2269 2907 2341 ipsorum
2941 2269 3196 2326 violenta
3237 2276 3521 2342 tanquam
3554 2289 3587 2328 a
3644 2280 3765 2330 tor-

2117 2364 2281 2416 rente
2311 2359 2664 2414 trahuntur:
2700 2375 2850 2430 quos
2881 2357 3130 2415 liberare
3157 2360 3206 2416 si
3243 2377 3357 2416 non
3418 2378 3764 2434 possumus,

2117 2447 2526 2504 consolatoriis
2556 2447 2749 2502 verbis
2774 2453 3042 2503 auctores
3070 2447 3217 2520 ipsis
3249 2449 3438 2505 simus
3460 2455 3525 2506 ut
3547 2451 3768 2522 patien-

2117 2539 2257 2596 tiam
2283 2537 2342 2593 in
2358 2538 2619 2593 adversis
2641 2545 2888 2605 servent,
2911 2537 3053 2592 nihil
3076 2554 3192 2592 non
3217 2537 3520 2595 molientes
3537 2556 3765 2610 eorum,

2119 2646 2248 2701 quas
2280 2631 2490 2683 nostrae
2517 2631 2656 2682 sunt
2685 2626 3012 2698 potestatis.
3053 2627 3215 2692 Quod
3249 2627 3300 2682 si
3357 2644 3463 2684 nec
3515 2628 3668 2685 istuc
3699 2646 3770 2685 ex

2118 2723 2250 2775 voto
2283 2717 2453 2773 nobis
2501 2717 2875 2786 successerit,
2906 2722 3063 2774 certe
3091 2733 3162 2772 ex
3219 2717 3478 2774 fraterna
3526 2719 3772 2775 caritate

2120 2806 2638 2863 commiserantem
2669 2805 2934 2862 animum
2967 2807 3374 2863 ostendamus.

429 2904 518 2959 42.
553 2901 778 2976 Κρίνατε
829 2898 1069 2978 ὀρφανῷ.
1132 2895 1230 2952 Διὰ
1275 2897 1338 2952 τὸ
1392 2893 1860 2972 εὐκαταφρόνητον
1914 2899 2006 2964 τῆς

2195 2895 2264 2950 42
2291 2895 2542 2952 Judz'cate
2594 2895 2838 2967 pupillo.
2898 2895 3190 2950 Nimirum
3253 2897 3395 2967 quia
3451 2896 3572 2952 haec
3633 2901 3774 2953 istas

355 2991 606 3062 ἡλικίας,
637 2985 764 3044 οὔτε
794 2987 870 3050 εἷς
915 2987 1090 3063 κρίσιν
1147 2986 1362 3061 ἀγαγεῖν
1409 2989 1527 3048 τοῖς
1579 2983 1836 3062 ὀρφανοῖς
1885 2981 2006 3044 τοὺς

2122 2986 2281 3041 haud
2314 2984 3074 3052 difﬁcultercontemnatur,
3102 3001 3206 3040 nec
3220 2985 3500 3057 orphanis
3518 2985 3683 3042 facile
3697 2987 3779 3044 sit

353 3075 677 3140 ἀδικοῦντας
737 3073 943 3154 ῥᾴδιον.
989 3074 1215 3153 Κρίνατε
1266 3071 1358 3129 οὗν
1415 3079 1530 3135 τοῖς
1588 3072 1845 3151 ὀρφανοῖς
1896 3075 2006 3132 τοῖς

2124 3091 2245 3143 eos,
2305 3073 2406 3144 qui
2463 3073 2522 3128 in
2584 3089 2646 3128 se
2691 3073 2892 3142 injurii
2943 3077 3082 3127 sunt
3135 3074 3404 3143 patronis
3467 3075 3772 3132 destituti:

355 3165 742 3242 έστερημένοις
795 3167 902 3219 τῶν
965 3161 1320 3238 συνηγόρων,
1377 3161 1504 3237 παρ’
1555 3161 1756 3216 ἑαυτῶν
1831 3159 2006 3219 αὑτοῖς

2127 3166 2253 3218 cate
2282 3178 2418 3231 ergo
2447 3161 2754 3232 orphanis,
2805 3161 2904 3231 qui
2962 3167 3103 3216 sunt
3158 3161 3422 3232 patronis
3469 3164 3779 3220 destituti:

350 3256 414 3310 τὸ
465 3252 527 3310 ἐκ
575 3257 674 3320 τῆς
729 3252 952 3324 ἡλικίας
1029 3248 1207 3306 ἐνδέον
1290 3248 1723 3326 ἀναπληρώσατε
1755 3266 1766 3281 '
1825 3246 2006 3322 ὥσπερ

2125 3251 2283 3322 quod
2312 3250 2460 3322 ipsis
2491 3249 2642 3306 desit
2671 3267 2774 3321 per
2801 3255 3052 3321 aetatem,
3088 3251 3146 3306 id
3195 3268 3294 3307 vos
3326 3251 3439 3323 ipsi
3492 3252 3786 3326 suppleta,

352 3341 498 3420 ἔχειν
531 3345 593 3398 τὸ
642 3341 909 3418 καύχημα
958 3338 1054 3396 τοῦ
1087 3334 1235 3396 Ἰώϐ’
1270 3339 1414 3415 Ἐγὼ
1462 3338 1615 3412 ἤμην
1662 3338 1844 3414 πατὴρ
1887 3333 2006 3391 ἀδυ-

2121 3341 2263 3397 adeo
2296 3344 2360 3396 ut
2381 3357 2514 3395 cum
2543 3339 2692 3396 Jobo
2720 3339 2790 3395 de
2821 3339 2929 3395 hoc
2951 3339 3189 3412 gloriari
3213 3341 3607 3414 possitiszEgo
3635 3359 3788 3399 eram

349 3432 543 3488 νάτων.
581 3433 812 3502 Μήποτε
862 3428 918 3485 δὶ
968 3428 1477 3504 πνευματικώτερόν
1527 3426 1605 3482 ἐσι
1663 3434 1764 3497 τῆς
1813 3424 2006 3496 λέξεως

2121 3439 2281 3503 pater
2301 3431 2688 3502 impotentium
2709 3429 2776 3482 9'.
2803 3432 2883 3484 Ne
2899 3429 3044 3484 forte
3067 3429 3341 3486 dictionis
3360 3447 3573 3487 sensus
3588 3435 3784 3505 potest

347 3521 441 3576 τὸν
475 3525 599 3576 νοῦν
653 3517 1036 3595 διηγήσασθαι.
1073 3514 1297 3586 Ἐπειδή
1346 3520 1458 3572 τῶτ
1506 3515 1584 3578 εἰς
1629 3515 1861 3590 Χριστὸν
1919 3535 2014 3570 πε·

347 3609 718 3665 πιστευκότων
752 3607 842 3663 καὶ
873 3609 972 3678 τὴν
1033 3606 1170 3662 κατά
1224 3605 1287 3661 τὸ
1343 3601 1679 3682 Εὐαγγέλιω
1733 3602 2013 3660 πολιτείαν

349 3697 744 3773 ἀσπαζομένων
779 3697 964 3772 πατὴρ
998 3695 1211 3773 λέγεται
1240 3695 1268 3749 ὁ
1300 3694 1454 3765 Θεὸς,
1486 3694 1576 3750 ἐάν
1633 3715 1718 3756 τις
1777 3691 1866 3748 διὰ
1915 3699 2016 3764 τῆς

349 3784 708 3866 παραϐάσεως
737 3790 836 3842 τοῦ
867 3786 1042 3860 νόμου
1073 3782 1473 3862 ἀλλοτριωθεὶς
1511 3788 1609 3839 τοῦ
1657 3787 1812 3857 Θεοῦ,
1846 3781 2016 3838 οἱονεὶ

351 3879 731 3956 ἀπορφανισθῇ
781 3878 891 3951 (88)
939 3877 1039 3944 τῆς
1085 3873 1346 3951 προνοίας
1395 3873 1582 3941 αὐτοῦ,
1609 3871 1783 3947 κρίσει
1836 3869 2019 3944 δικαίᾳ

352 3970 438 4024 καὶ
475 3967 879 4041 έπιστημονιγῇ
911 3963 991 4027 εἲς
1024 3965 1123 4034 τὴν
1159 3964 1296 4041 πρὸς
1325 3963 1453 4019 Θεὸν
1517 3961 1793 4018 οἱκείωσιν
1855 3962 2014 4018 αὐτὸν

355 4057 800 4126 ἀποκαταστῆσαι
857 4050 1186 4122 σπούδασον,
1223 4054 1363 4127 μήτε
1406 4049 1640 4126 ἀκρίτως
1689 4055 2016 4129 συγχωρῶν,

358 4148 498 4220 μήτε
531 4145 877 4223 ῃσυμπαθῶς
905 4146 974 4217 τῇ
1036 4143 1316 4217 ἀποτομία
1373 4147 1489 4197 κατ’
1517 4141 1682 4197 αὐτοῦ
1737 4141 2016 4218 κεχρημέ-

355 4257 461 4300 νος·
498 4234 643 4291 ἀλλὰ
672 4234 762 4290 καὶ
793 4233 1011 4311 κρίνατε
1041 4231 1188 4304 αὐτῷ
1234 4229 1361 4294 τοὺς
1409 4231 1725 4309 ὠφελίμους
1778 4231 2019 4308 τρόπους

355 4333 455 4395 τῆς
490 4323 779 4398 μετανοίας
841 4323 1223 4396 ὑποτιθέμενοι
1256 4323 1392 4396 (89).
1428 4321 1526 4376 Καὶ
1585 4319 1773 4392 ἐπειδὴ
1833 4325 1937 4384 «ne;
1987 4321 2016 4376 ὁ

357 4420 533 4471 ποιῶν
563 4415 662 4485 τὴν
708 4412 978 4491 ἁμαρτίαν
1029 4411 1082 4468 ἐν
1129 4416 1228 4467 τοῦ
1283 4406 1547 4469 διαϐόλου
1603 4413 1935 4488 γεγέννηται,
1970 4409 2018 4467 ε⁹ί

437 4590 483 4626 ¹⁰
511 4589 677 4646 Prov.
700 4603 804 4658 xu,
833 4587 888 4644 5.

994 4585 1086 4642 ²⁰Ι
1114 4585 1244 4642 Cor.
1279 4601 1362 4653 xx,
1396 4585 1489 4655 31,
1565 4585 1609 4622 ²¹
1644 4584 1756 4641 Job
1785 4601 1937 4655 xxxx,
1969 4586 2057 4643 16.

2126 3519 2300 3575 modo
2324 3518 2513 3590 magis
2536 3517 2789 3590 spiritali
2811 3517 3106 3590 explicari.
3129 3519 3612 3590 Quandoquidem
3633 3525 3784 3578 Deus

2126 3607 2342 3664 dicitur
2373 3623 2579 3664 eorum
2615 3611 2800 3678 pater,
2823 3607 2923 3678 qui
2957 3606 3014 3661 in
3049 3607 3348 3664 Christum
3382 3609 3779 3679 crediderunt,

2127 3695 2350 3770 quique
2379 3694 2784 3767 evangelicum
2815 3695 3133 3766 amplexati
3163 3702 3302 3752 sunt
3333 3697 3696 3768 institutum,
3730 3698 3782 3756 si

2129 3787 2230 3860 qui
2263 3801 2324 3842 se
2355 3785 2776 3842 abalienaverit
2807 3802 2841 3840 a
2873 3790 2986 3840 Deo
3018 3801 3122 3857 per
3169 3785 3316 3858 legis
3386 3787 3784 3856 violationem,

2127 3881 2409 3948 tanquam
2424 3875 2669 3931 orbatus
2691 3873 2769 3930 sit
2799 3873 2988 3946 ipsius
3013 3875 3787 3950 providentiajudiciojusto

2126 3971 2183 4022 et
2207 3964 2455 4021 scientia
2495 3981 2530 4037 p
2542 3963 2744 4020 rsadito
2759 3981 2906 4021 nava
2921 3981 3184 4037 operam,
3207 3971 3274 4022 ut
3287 3967 3784 4025 necessitudinem

2127 4072 2261 4112 cum
2295 4055 2412 4111 Deo
2443 4053 2762 4121 instauret;
2798 4071 2902 4110 nec
2934 4054 3083 4110 citra
3106 4054 3400 4126 judicium
3427 4057 3538 4129 ipsi
3589 4057 3784 4112 indul-

2127 4162 2286 4218 geas,
2305 4160 2492 4217 neque
2524 4144 2936 4216 contraipsum
2961 4143 3506 4202 immisericorditer
3530 4147 3778 4203 nimiam

2129 4235 2410 4292 adhibeas
2468 4233 2878 4290 severitatem:
2913 4235 3015 4290 sed
3048 4234 3226 4290 talem
3270 4235 3556 4306 judicate,
3607 4236 3780 4293 utiles

2129 4324 2476 4397 paenitentiae
2506 4323 2711 4379 modos
2744 4322 2854 4394 ipsi
2910 4327 3315 4395 suggerentes.
3376 4325 3446 4380 Et
3500 4327 3780 4398 quoniam

2129 4415 2401 4487 quisquis
2433 4413 2918 4486 lacitlpeccatum,
2959 4429 3029 4469 ex
3077 4413 3310 4472 diabolo
3367 4418 3542 4472 natus
3596 4420 3682 4473 est
3715 4416 3786 4486 ”,

2165 4585 2213 4619 ²²
2244 4583 2266 4640 Ι
2296 4584 2467 4641 Joan.
2502 4601 2585 4654 ιιι,
2615 4585 2670 4640 8.

444 4758 555 4830 (83)
585 4755 752 4813 Unus
781 4755 1060 4830 Anglicus
1089 4752 1272 4830 codex
1301 4756 1360 4830 et
1389 4753 1565 4830 Henr.
1587 4768 1735 4830 eum
1767 4757 2019 4826 utroque
2057 4759 2106 4822 ι)
2208 4753 2416 4830 ligor.
2445 4771 2507 4830 Διι,
2531 4754 2587 4810 5.

371 4822 707 4887 Colbertino
735 4823 801 4880 τά
825 4822 1122 4880 τέλεκτέα.
1144 4822 1234 4877 καὶ
1264 4825 1364 4897 μὴ,
1396 4824 1486 4878 καὶ
1514 4828 1658 4892 ταῖς,
1711 4830 1806 4897 Veto
1831 4843 1844 4893 ;
1904 4822 2024 4897 qua

370 4901 611 4959 dicenda
638 4902 752 4955 sint
779 4912 906 4969 qua
958 4914 1073 4954 non
1123 4897 1378 4953 dicenda.
1439 4897 1537 4953 Ait
1561 4896 2027 4969 eruditissimus

370 4975 460 5030 vir
489 4973 734 5029 Ducaaus
763 4965 941 5026 scribi
971 4969 1030 5024 in
1073 4969 1274 5025 codice
1306 4969 1400 5035 Fr,
1433 4969 1503 5036 1.,
1561 4965 1753 5023 λεκτέα
1793 4969 1854 5040 in
1911 4985 2029 5040 quo

375 5052 570 5116 tamen
623 5041 864 5116 perinde
895 5045 1066 5116 atque
1097 5041 1157 5095 in
1204 5039 1618 5116 aliis__duobus
1671 5039 1886 5116 Regiis,
1926 5036 2030 5094 ’δε-

371 5115 518 5185 κτέα,
553 5110 667 5172 non
699 5110 890 5168 λεκτέα
921 5110 1031 5185 legi
1064 5118 1318 5185 constat.
1343 5113 1490 5169 Hinc
1521 5117 1629 5180 est,
1664 5110 1818 5184 quod
1851 5112 2032 5169 inter-

376 5183 510 5259 pres
538 5194 728 5252 vetus,
761 5186 861 5259 qu_i
894 5201 961 5259 eo
982 5183 1311 5255 exemplari
1335 5201 1480 5241 usus
1504 5183 1714 5259 fuerat,
1737 5185 1821 5259 ita
1853 5185 2032 5259 inte_r-_

380 5256 642 5331 prstatus
673 5256 795 5315 sit:
821 5257 1258 5331 Exploretﬂuw
1312 5256 1644 5331 acceptanda
1691 5257 1827 5312 sint.
1880 5257 2031 5313 Editi

380 5326 437 5386 et
469 5346 624 5385 unus
658 5326 944 5386 duntaxat
972 5326 1253 5399 Anglicus
1282 5329 1366 5399 uti
1399 5326 1458 5383 in
1491 5333 1790 5384 contextu.

2206 4799 2788 4908 :sdiitis
2810 4828 2866 4881 et
2913 4826 2973 4908 in
3017 4844 3142 4908 uno
3193 4831 3458 4908 Gombef.
3514 4834 3789 4908 corrupte

2117 4895 2414 4972 legimus,
2445 4895 2723 4972 ἁρπάζειν,
2753 4899 3070 4972 οιῐιιιῐιάαιθ
3099 4902 3160 4958 in
3191 4903 3372 4960 altero
3419 4895 3709 4961 Combet.‘
3731 4910 3790 4961 et

2138 4967 2352 5109 in‘Eltis
2382 4967 2634 5042 quatuor
2666 4967 2971 5027 cedicibus
3011 4974 3298 5046 scriptum
3355 4977 3667 5048 reperitur,
3697 4972 3790 5051 ἅρ-

2141 5059 2213 5093 πα
2253 5061 2289 5095 ι.

2141 5059 2289 5095 παει.

2181 5112 2434 5197 ~(87:)lta
2456 5116 2701 5197 uterque
2731 5113 2990 5170 Combef.
3037 5120 3096 5171 et
3152 5116 3252 5173 alii
3310 5123 3581 5192 quatuor.
3639 5120 3792 5175 Editi

2139 5187 2248 5237 τῶν
2284 5183 2428 5260 ἐφ’-ἡ
2440 5187 2578 5254 μων.

2215 5254 2335 5334 (88)
2359 5256 2502 5334 Beg.
2538 5257 2852 5334 secundus,
2887 5254 2998 5309 οἷον
3031 5254 3468 5334 ἀπορφανισθείς.
3503 5263 3634 5319 Mox
3676 5263 3792 5319 duo

2143 5327 2459 5402 Colbc'rtini
2482 5345 2615 5383 cum
2649 5329 2787 5400 Reg.
2844 5327 3149 5402 secun_do,'
3185 5327 3371 5390 αὑτὸν,
3406 5333 3788 5402 ἀποκαταστῆ-

479 5400 570 5469 84)
623 5395 1419 5482 Postnverbum'ém-cpémiv
1469 5399 1748 5473 suppleas
1806 5403 2006 5472 oporte

2142 5420 2253 5482 ναι.
2289 5399 2438 5482 Editi
2469 5417 2604 5482 c_um
2633 5395 2919 5482 uno‘msu
2945 5395 3360 5482 _a6':o?3._l1aud
3411 5405 3578 5481 longe
3626 5395 3790 5477 editi,

455 5400 570 5525 (84)
623 5401 759 5458 Post
815 5400 1056 5456 verbum
1115 5400 1419 5482 ἐπιτρέπειν
1469 5400 1748 5473 suppleas
1806 5402 2035 5472 oportet

385 5491 448 5543 κρ
479 5492 585 5541 σιν,
617 5479 718 5529 aut
749 5469 977 5543 δίαιταν,
1009 5475 1127 5527 Has
1159 5488 1317 5527 enim
1356 5488 1527 5529 voces
1547 5489 1663 5528 non
1709 5487 1841 5527 raro
1894 5489 2035 5543 sup-

387 5518 635 5629 plendas
658 5561 788 5629 esse
805 5515 977 5599 docet)
990 5543 1274 5629 Henricus
1297 5544 1632 5629 stephanus
1652 5545 1713 5629 in
1737 5515 2033 5629 Ἱξὴεεαξιςτό.

2145 5469 2516 5548 ἀποτομία-τῇ
2548 5470 2664 5548 κατ’
2721 5468 2884 5523 αὐτοῦ
2908 5540 2921 5548 ⁸
2942 5475 3110 5548 Deest
3137 5477 3206 5548 τῇ
3242 5479 3299 5534 in
3333 5495 3475 5536 mss.

2360 5540 2518 5601 C015.
2553 5543 2802 5615 primus,
2864 5540 3472 5617 aé'tfphonotzeépevm.
3539 5549 3655 5604 Nec
3713 5547 3795 5602 ita

459 5618 572 5691 (85)
601 5620 836 5684 Auctor,
887 5631 1019 5672 cum
1077 5615 1361 5673 scriberet
1400 5609 1501 5672 illa
1579 5615 1671 5670 καὶ
1725 5610 2004 5690 αἶ’χμαλίο

459 5707 538 5744 υς.
579 5694 716 5744 eto..
775 5687 1106 5744 respexisse
1160 5689 1394 5744 videtur
1447 5662 1522 5744 ad
1580 5689 1806 5744 dictum
1850 5686 2006 5744 Pauli

2147 5609 2335 5672 multo
2351 5609 2636 5744 (posttres
2683 5609 2851 5682 mss.,
2903 5609 3166 5672 διαϐόλου
3193 5609 3625 5695 γεγένηται.ΑΙὶί
3677 5621 3796 5675 duo

2149 5704 2287 5744 cum
2315 5703 2346 5744 e
2393 5691 2495 5744 ms
2521 5685 2858 5744 γεγέννηται.

385 5662 1522 5765 τοὸξζ¹ἑίἆζ’”ἑὲειῖξῐίὶεᾶ“ὖῖςῑὲῐιίτ”ἒέί
1580 5662 2037 5770 ἆῖὁιιῖιιῒῖδῐᾶῐί,
2149 5662 2346 5748 sas;

2393 5687 2495 5748 itis
2521 5685 2858 5765 γεγέννηται.
