4130 6422
423 426 543 491 203

1372 416 1768 483 APPENDIX
1810 419 2135 482 OPEBUM
2182 414 2250 482 S.
2295 416 2579 483 BASILll
2624 416 2896 482 MAGNI.

3727 418 3853 481 εοε

420 564 522 615 tnr
549 559 763 615 rubore
792 574 805 614 :
839 555 942 612 illa
969 555 1208 627 quidem
1241 569 1375 609 cum
1397 553 1553 622 nive,
1582 552 1693 608 hoc
1741 567 1875 608 vero
1934 567 2068 606 cum

2194 545 2247 603 δὶ
2284 547 2532 605 κόκκινον
2587 545 2874 624 βαθύτερόν
2924 545 3036 603 έστι
3081 545 3172 602 καὶ
3233 546 3549 618 κατακόρως
3594 545 3848 624 ἐρυθρὸν,

418 647 559 704 lana
587 646 994 718 cognationem
1020 644 1233 699 habere
1263 646 1556 697 censetur.
1584 643 1786 712 Itaque
1807 656 1939 694 cum
1976 656 2073 694 ru-

423 739 527 793 bro
558 737 751 792 colore
777 739 978 790 nostra
1007 736 1418 803 comparantur
1458 734 1715 801 peccata,
1764 730 1919 800 quod
1948 728 2075 783 ani-

424 842 554 881 mas
576 825 885 897 perimant.
919 823 986 877 Et
1007 821 1508 892 quemadmodum
1538 818 1593 873 in
1617 818 2075 887 tincturis,quod

427 913 801 970 multotieset
830 928 964 967 cum
998 908 1183 965 multo
1213 908 1411 964 labore
1442 913 1689 962 tinctum
1719 912 1827 977 est,
1859 908 2076 961 tinctu-

427 1020 554 1059 ram
586 1003 816 1058 ﬁrmius
846 1000 1423 1063 inhrerescentem,et
1449 1014 1575 1069 quis
1606 996 1699 1051 vix
1729 996 1844 1051 elui
1878 999 2075 1067 queat,

427 1092 642 1164 excipit
670 1107 686 1146 :
721 1091 877 1162 quod
903 1094 1101 1145 autem
1120 1087 1430 1159 superﬁcie
1457 1092 1628 1141 tenus
1659 1090 1713 1141 et
1745 1085 2077 1157 perfuncto-

425 1180 511 1236 rie
540 1179 865 1237 coloratum
897 1182 1008 1242 est,
1040 1179 1355 1233 tincturam
1388 1192 1517 1247 qua;
1576 1174 1831 1231 amoveri
1879 1178 1937 1229 et
1974 1174 2077 1229 ab-

425 1270 606 1342 stergi
637 1269 808 1324 facile
838 1267 1025 1338 possit
1056 1266 1251 1332 habet,
1283 1267 1363 1320 ita
1382 1272 1437 1319 et
1459 1265 1657 1319 anima
1713 1264 1963 1331 imbuta,
2022 1268 2079 1318 et

424 1360 482 1413 in
508 1358 729 1432 peccati
768 1357 910 1412 mali
967 1354 1315 1410 habitudine
1366 1353 1707 1418 constituta,
1757 1352 2076 1424 quamdam

423 1448 648 1521 peccati
679 1446 974 1502 maculam
1005 1445 1098 1500 vix
1128 1443 1433 1498 delebilem
1458 1447 1516 1496 et
1546 1441 1713 1513 quasi
1732 1442 1992 1496 inustam
2017 1439 2078 1495 in

425 1554 490 1595 se
518 1535 828 1609 imprimit.
851 1535 983 1597 Sed,
1006 1534 1147 1588 dum
1179 1532 1376 1587 minus
1401 1536 1461 1586 et
1488 1530 1661 1601 quasi
1709 1530 1771 1584 in
1823 1530 2080 1586 tenuiori

429 1623 1014 1698 superﬁcieinbaaret
1065 1621 1241 1687 malo,
1290 1619 1482 1676 colore
1538 1618 1819 1674 debiliore
1867 1619 2083 1674 infecta

431 1719 544 1781 est,
579 1715 838 1785 itemque
879 1710 1091 1767 leviore
1128 1713 1366 1782 peccato
1418 1709 1766 1776 deformata,
1816 1708 2081 1780 quando-

434 1803 674 1876 quidem
731 1817 835 1874 pro
885 1804 1258 1873 peccatorum
1311 1798 1537 1854 ratione
1569 1797 1702 1869 plus
1743 1801 1847 1853 aut
1881 1797 2080 1853 minus

433 1892 661 1949 accedit
687 1889 918 1946 coloris.
953 1888 1235 1944 Caeterum
1258 1903 1365 1942 cur
1393 1887 1464 1942 ad
1504 1885 1947 1958 exprimendam
1996 1902 2084 1942 re-
2114 1929 2160 1994 Β

435 1997 568 2036 rum
599 1979 864 2036 albarum
897 1976 1346 2033 simili-tudinem
1379 1975 1478 2031 nix
1507 1979 1564 2031 et
1583 1974 1717 2030 lana
1764 1980 2081 2047 assumpta

433 2073 614 2126 sunt?
641 2069 803 2134 Quod
835 2067 971 2122 lana
998 2068 1207 2138 suapte
1236 2068 1450 2121 natura
1480 2063 1614 2121 alba
1639 2081 1772 2120 cum
1804 2064 1968 2131 sit,si
1992 2066 2079 2120 di-

430 2158 677 2231 ligenter
713 2159 1098 2231 praeparatur,
1134 2154 1321 2227 magis
1355 2153 1491 2210 alba
1521 2169 1700 2224 quam
1733 2170 1835 2225 per
1855 2171 1917 2209 se
1933 2161 2078 2222 erat,

427 2246 714 2304 redditur.
746 2247 878 2303 Jam
909 2261 1046 2303 vero
1076 2249 1136 2299 et
1156 2242 1415 2298 hominis
1444 2242 1562 2298 vita
1582 2258 1679 2313 per
1713 2257 1910 2298 rerum
1932 2242 2081 2297 divi-

428 2353 640 2393 narum
675 2335 1116 2391 meditationem
1158 2332 1465 2404 perliciens
1513 2337 1732 2386 naturae
1792 2332 2079 2402 subsidia,

431 2428 503 2485 ad
534 2426 857 2482 auctiorem
885 2441 953 2479 ac
973 2422 1162 2478 multo
1180 2422 1628 2478 cumulatiorem
1652 2421 1925 2476 virtutem
1954 2439 2082 2494 pro-

428 2516 594 2590 gredi
623 2517 835 2587 potest.
867 2516 939 2568 Et
967 2517 1124 2567 certe
1155 2510 1273 2577 nix,
1307 2527 1435 2582 quae
1468 2527 1571 2582 pro
1604 2511 1870 2581 subjecto
1903 2509 2081 2567 habet

431 2620 669 2676 aquam,
703 2603 855 2659 aeris
886 2601 1222 2657 accessione
1252 2598 1563 2655 inalbescit
1600 2603 1746 2664 tum,
1775 2615 1905 2655 cum
1966 2617 2080 2672 prae

430 2689 1034 2749 ventorumviolentia
1051 2689 1337 2745 bumorin
1367 2689 1625 2743 nubibus
1655 2693 1941 2744 contusus
1980 2706 2084 2762 per

432 2780 841 2836 vehementem
864 2782 1089 2832 motum
1114 2779 1169 2831 in
1195 2793 1468 2848 spumam
1502 2776 1929 2845 intumescit,et
1946 2795 2081 2835 cum

435 2886 540 2941 per
568 2869 720 2926 aeris
753 2866 1249 2939 refrigerationem
1284 2867 1645 2924 addensatus
1681 2875 1917 2940 accepta
1948 2886 2083 2925 con-

434 2959 693 3015 oratione
719 2961 777 3014 et
798 2956 1105 3028 gravitate,
1133 2955 1385 3011 naturali
1418 2956 1639 3028 impetu
1671 2959 1946 3015 deorsum
1979 2960 2087 3014 fer-

434 3051 551 3103 tur.
581 3047 749 3103 Hunc
780 3046 852 3101 ad
877 3046 1119 3100 modum
1151 3048 1209 3099 et
1241 3044 1459 3111 anima,
1485 3062 1612 3115 quas
1660 3049 1959 3104 naturales
2007 3050 2086 3105 fa-

432 3135 685 3193 cultates
712 3141 841 3191 tum
883 3151 992 3189 sua
1022 3133 1213 3205 ipsius
1236 3149 1433 3204 opera,
1460 3139 1583 3190 tum
1610 3138 1795 3191 sancti
1829 3137 2085 3208 Spiritus

2184 638 2246 693 τὸ
2282 639 2376 711 μὲν
2410 639 2546 714 πρὸς
2573 637 2757 715 χιόνα,
2789 638 2852 692 τὸ
2885 633 2942 691 δὲ
2986 637 3125 713 πρὸς
3171 632 3315 713 ἔριον
3349 634 3545 693 λευκὸν
3575 637 3676 706 τὴν
3710 634 3847 691 ἀνα-

2188 726 2382 804 λογίαν
2417 725 2564 806 ἔχειν
2595 728 2805 805 ἐκρίθη.
2861 730 3091 805 Ἐρυθρᾷ
3140 729 3236 802 μὲν
3288 726 3379 784 οὖν
3417 729 3563 805 χρόᾳ
3590 727 3845 803 παρεικά.

2189 824 2369 888 ζονται
2428 820 2482 874 αἱ
2526 817 2784 893 ἁμαρτίαι
2841 815 3143 892 ἡμῶν,διὰ
3195 819 3259 873 τὸ
3312 818 3530 894 φονικαὶ
3590 820 3669 892 (3)
3709 818 3847 873 εἶναι

2186 913 2295 964 τῶν
2326 911 2544 984 ψυχῶν.
2579 909 2678 963 Καὶ
2710 907 2893 983 ὥσπερ
2923 907 2974 962 έν
3023 913 3142 970 τοῖς
3191 909 3441 983 βάμμασι
3471 908 3534 963 τὸ
3570 908 3665 982 μὶν
3698 907 3847 964 πολ-

2188 995 2345 1060 λάκις
2390 998 2479 1052 καὶ
2530 996 2847 1076 φιλοπόνως
2899 991 3228 1074 καταϐαφὲν,
3293 995 3673 1073 μονιμωτέραν
3725 1018 3849 1060 πως

2185 1087 2275 1141 καὶ
2315 1085 2651 1142 ἀνέκπλυτον
2702 1088 2779 1160 (4)
2835 1086 2935 1155 τὴν
2993 1087 3172 1164 βαφὴν
3229 1082 3609 1163 καταδέχεται,
3667 1087 3732 1143 τὸ
3786 1084 3848 1142 δὶ

2187 1174 2530 1238 έπιπολαίως
2583 1178 2672 1231 καὶ
2745 1176 2803 1230 έκ
2866 1180 2963 1230 τοῦ
3019 1175 3434 1252 παρατυχόντος
3478 1173 3846 1253 έπιχρωσθὶν,

2187 1264 2465 1334 εὐκίνητον
2521 1259 2636 1339 ἔχει
2693 1263 2782 1318 καὶ
2841 1262 3219 1319 εὐαπόπλυτον
3267 1265 3369 1333 τήν
3429 1265 3631 1341 βαφήν⁹
3701 1264 3848 1321 οὕτω

2185 1355 2460 1430 καὶψυχὴ
2502 1358 2802 1417 ποιωθεῖσα
2853 1353 2958 1407 ὑπὸ
3010 1359 3110 1423 τῆς
3170 1353 3459 1431 ἁμαρτίας,
3489 1353 3580 1409 καὶ
3638 1353 3691 1410 ἂν
3739 1351 3846 1427 ἕξει

2185 1449 2284 1501 τοῦ
2340 1447 2511 1499 κακοῦ
2566 1444 2856 1519 γενομένη,
2904 1439 3262 1497 δυσέκνιπτον
3319 1444 3411 1497 καὶ
3471 1444 3639 1498 οἱονεὶ
3692 1444 3847 1520 ἔγκε-

2187 1534 2456 1607 καυμένον
2512 1533 2604 1587 τὸν
2638 1532 2697 1587 έκ
2750 1536 2858 1587 τῶν
2915 1532 3327 1607 ἁμαρτημάτων
3386 1531 3686 1606 ἀνεμάξατο
3717 1538 3849 1588 σπῖ-

2189 1623 2309 1680 λον.
2344 1624 2463 1681 Ἐπ’
2494 1618 2717 1679 ἔλαττον
2752 1619 2831 1694 δὲ,
2857 1619 2947 1676 καὶ
2990 1621 3157 1676 οἱονεὶ
3191 1618 3644 1697 έπιπολαιότερον
3676 1642 3848 1699 προσ-

2191 1711 2519 1790 διατρίψασα
2571 1715 2652 1783 τῷ
2700 1714 2881 1783 κακῷ,
2907 1708 3258 1787 ὑδαρέστερον
3316 1708 3573 1785 έχρώσθη
3626 1713 3707 1786 (5)
3751 1711 3846 1768 καὶ

2188 1801 2573 1871 κατεσπιλώθη
2622 1805 2703 1873 τῷ
2761 1802 3139 1875 ἁμαρτήματι,
3190 1800 3327 1854 κατὰ
3365 1799 3468 1869 τήν
3519 1803 3626 1855 τῶν
3674 1802 3850 1878 ἁμαρ-

2189 1891 2452 1966 τημάαων
2510 1888 2800 1964 ἀναλογίαν
2858 1889 2946 1944 hri
3002 1888 3172 1945 πλέον
3227 1888 3262 1958 ἢ
3321 1888 3406 1943 ἐπ’
3462 1886 3685 1945 ἔλαττον
3741 1897 3844 1961 τῆς

2189 1982 2363 2057 χρόας
2394 1978 2750 2048 ἐπελθούσης.
2802 1979 2901 2033 Διὰ
2942 1976 2996 2033 τί
3043 1975 3100 2033 δὲ
3147 1981 3254 2032 τῶν
3319 1975 3526 2033 λευκῶν
3561 1980 3702 2055 χιὼν
3751 1980 3843 2036 καὶ

2190 2070 2333 2145 ἔριον
2362 2066 2441 2132 εἵς
2469 2070 2569 2138 τὴν
2615 2067 2796 2123 είκόνα
2842 2065 3211 2143 παρελήφθης
3271 2068 3390 2121 Ὅτι
3435 2072 3676 2146 φυσικῶς
3719 2079 3845 2125 Λευ.

2190 2163 2283 2217 κὸν
2311 2160 2558 2235 ὑπάρχον
2588 2157 2651 2213 τὸ
2695 2155 2859 2233 ἔριον,
2909 2155 3102 2211 ἑαυτοῦ
3155 2154 3206 2226 έξ
3237 2154 3555 2228 ἐπιμελείας
3587 2156 3843 2215 λευκότε-

2192 2271 2283 2328 ρον
2315 2248 2536 2325 γίνεται.
2596 2248 2696 2303 Καὶ
2751 2246 3041 2319 ἀνθρώπου
3094 2244 3274 2300 τοίνυν
3323 2246 3353 2300 ὀ
3405 2244 3521 2309 Βίος
3564 2246 3661 2311 τὰς
3692 2267 3844 2325 φυσι-

2188 2341 2285 2401 κὰς
2314 2338 2564 2418 ἀφορμὰς
2589 2335 2641 2407 ἐξ
2672 2336 2959 2406 ἀσκήσεωσ
3009 2332 3257 2403 τελειῶν,
3306 2334 3394 2390 ἐπὶ
3443 2332 3590 2391 πολὺ
3636 2333 3843 2413 προελ-

2190 2433 2299 2492 θεῖν
2332 2433 2431 2496 τῆς
2481 2426 2676 2500 ἀρετῆς
2721 2421 2964 2479 δύναται.
3017 2424 3118 2479 Καὶ
3164 2424 3200 2491 ἠ
3260 2422 3403 2497 χιὼν
3455 2423 3662 2493 τοίνυν,
3695 2420 3839 2498 ὕδωρ

2191 2516 2323 2573 οὖσα
2346 2520 2425 2588 τῷ
2467 2512 2834 2585 ὑποκειμένῳ,
2884 2515 2954 2586 τῇ
3004 2515 3105 2566 τοῦ
3151 2511 3308 2587 ἀέρος
3354 2514 3643 2593 προσθήκῃ
3672 2510 3837 2584 λευκή

2188 2607 2409 2682 γίνεται,
2443 2603 2570 2659 ὅταν
2603 2601 2663 2657 ικ
2710 2608 2810 2671 τῆς
2860 2605 2958 2655 τοῦ
3006 2599 3314 2672 πνεύματος
3365 2598 3485 2676 βίας
3532 2601 3597 2657 τὸ
3636 2598 3689 2658 ἂν
3727 2608 3846 2667 ταῖς

2190 2692 2441 2772 νεφέλαις
2494 2692 2652 2768 ὑγρὸν
2699 2690 3143 2763 ἀνακοπτόμενον
3195 2689 3299 2744 ὑπὸ
3349 2690 3447 2763 μὶν
3473 2697 3577 2761 τῆς
3610 2689 3847 2769 σφοδρᾶς

2190 2786 2458 2853 κινήσεως
2485 2780 2561 2843 εἰς
2611 2779 2778 2855 ἀφρὸν
2823 2776 3127 2850 έξοιδαίνει,
3162 2777 3266 2832 ὑπὸ
3312 2777 3371 2833 δὲ
3406 2785 3507 2848 τῆς
3539 2778 3592 2835 ἐν
3618 2784 3700 2853 τῷ
3728 2782 3847 2858 ἀέρι

2193 2873 2400 2947 ψύξεως
2460 2867 2936 2944 συμπηγνύμενον,
3002 2866 3252 2921 σύστασιν
3330 2861 3496 2922 λαϐόν
3568 2888 3689 2925 τινα
3752 2869 3846 2927 καὶ

2199 2961 2388 3038 βάρος,
2417 2963 2486 3033 τῇ
2510 2961 2710 3036 φυσικῇ
2745 2956 2888 3032 ῥοπῇ
2948 2955 3163 3034 φέρεται
3212 2956 3348 3033 πρὸς
3392 2957 3455 3011 τὸ
3484 2957 3651 3012 κάτω.
3684 2957 3843 3015 Οὕτω

2193 3051 2492 3124 καὶψυχὴ,
2549 3048 2644 3108 τὰς
2699 3045 2925 3124 φυσικὰς
2975 3045 3225 3123 ἀφορμὰς
3265 3046 3344 3117 (6)
3389 3044 3561 3117 οἰκείᾳ
3587 3065 3646 3100 τε
3669 3045 3843 3118 ἅσκή-

2196 3160 2296 3210 σει,
2354 3139 2444 3193 καὶ
2499 3140 2567 3210 τῇ
2633 3134 2857 3211 βοηθείᾳ
2909 3138 3007 3189 τοῦ
3087 3131 3392 3207 ΙΙνεύματος
3449 3134 3841 3205 ωναυξήσασα,

431 3241 540 3296 ope
565 3223 729 3280 auxit
746 3228 803 3279 et
819 3223 1101 3294 provexit,
1125 3223 1184 3276 in
1208 3223 1372 3292 justo
1394 3222 1496 3278 Dei
1517 3224 1742 3294 judicio
1774 3225 2080 3298 splendore

2196 3229 2318 3300 ἀξία
2345 3225 2548 3303 γίνεται
2582 3225 2632 3279 έν
2663 3226 2735 3295 τῆ
2782 3221 2963 3294 δικαίᾳ
3009 3227 3105 3277 τοῦ
3145 3226 3278 3278 Θεοῦ
3308 3222 3480 3298 κρίσει
3526 3228 3627 3292 τῆς
3660 3221 3850 3298 χάριτι

431 3329 502 3370 ex
529 3313 633 3369 Dei
661 3311 851 3384 gratia
878 3310 1102 3367 sanctis
1126 3310 1386 3381 praestita
1415 3311 1597 3383 digna
1625 3314 1898 3369 efﬁcitur.

502 3403 590 3457 45.
624 3405 803 3457 Vens.
834 3401 1094 3468 49,203!
1121 3415 1169 3454 ει
1200 3400 1576 3468 υοὶαενὶῑὶεβι
1604 3404 2091 3460 exaudiet-immo

439 3493 581 3549 bona
601 3495 770 3548 terra
783 3489 1071 3545 comedetis
1100 3488 1174 3542 :a'i
1192 3492 1379 3544 autem
1394 3491 1887 3564 nolueritis,neque
1915 3510 2089 3549 exau-

439 3581 659 3638 dieritis
685 3595 791 3646 me,
814 3578 1035 3648 gladius
1046 3592 1138 3632 vos
1150 3576 1606 3634 devorabitﬂinc
1627 3582 1882 3636 maxime
1897 3586 2092 3638 osten-

442 3670 605 3727 ditur
618 3668 871 3725 liberum
893 3667 1166 3722 humanis
1187 3670 1411 3722 natura:
1431 3667 1937 3726 arbitrium.Enim
1957 3687 2092 3728 vero

444 3761 558 3816 hoc
584 3760 785 3830 ipsum
816 3756 972 3829 quod
999 3754 1095 3810 hic
1122 3755 1274 3811 415
1310 3755 1607 3825 subditur,
1633 3774 1767 3813 cum
1812 3761 2091 3817 omnibus

447 3846 760 3905 sententiis
774 3844 1068 3917 prioribus
1082 3859 1401 3916 congruere
1410 3846 1692 3902 arbitram
1702 3849 1836 3904 ur.E
1846 3849 2094 3920 tenim,si

447 3933 1064 4004 desciveritis,inquit,
1100 3932 1306 3989 aoultu
1328 3935 1428 4004 qui
1460 3944 1543 3991 est
1575 3938 1901 3993 secundum
1936 3939 2088 3995 litte-

443 4043 574 4083 ram
603 4025 982 4094 occidentem,
1013 4022 1065 4079 si
1093 4022 1199 4078 loti
1230 4023 1478 4091 fueritis,
1538 4030 1595 4080 et
1625 4027 1828 4082 mundi
1877 4028 2087 4101 effecti,

439 4116 714 4187 deinceps
742 4114 870 4170 vitae
902 4111 1188 4167 rationem
1221 4114 1385 4168 vobis
1410 4115 1769 4185 propositam
1824 4134 2087 4174 servave-

434 4205 588 4271 ritis,
620 4202 865 4260 venietis
896 4202 968 4258 ad
1001 4200 1317 4273 judicium,
1354 4201 1412 4255 in
1443 4208 1603 4259 tanta
1627 4209 1685 4259 et
1711 4210 1875 4261 tanta
1902 4207 2085 4264 bono-

432 4311 568 4352 rum
592 4293 761 4366 copia
790 4289 1255 4358 constituemini,
1282 4307 1347 4346 ac
1369 4292 1680 4362 promissis
1703 4296 2086 4365 perfruemini

433 4384 662 4441 deliciis
690 4400 702 4438 :
737 4383 867 4453 ejus
900 4379 1080 4454 gladii
1113 4379 1214 4452 qui
1248 4381 1315 4434 ad
1352 4382 1716 4452 puniendum
1740 4384 2082 4442 interimen-

433 4476 697 4546 dumque
729 4471 1162 4537 destinabatur,
1190 4470 1470 4539 pabulum
1500 4489 1615 4527 non
1647 4472 1829 4529 eritis.
1858 4475 1927 4529 Et
1956 4475 2081 4546 qui-

433 4563 568 4619 dem
599 4562 694 4628 iis,
728 4560 826 4632 qni
855 4558 1099 4629 indigno
1121 4562 1179 4613 et
1209 4559 1434 4628 abjecto
1468 4562 1638 4616 modo
1659 4563 2079 4628 audiunt,dan-

2114 3299 2158 3366 θ
2194 3299 2293 3373 τοῦ
2322 3299 2456 3373 Θ-εοῦ
2488 3312 2791 3388 δεδομένης
2821 3316 2901 3387 (7)
2926 3310 3319 3388 λαμπρότητος
3348 3316 3466 3374 τοῖς
3497 3312 3693 3386 ἁγίοις.

2269 3410 2359 3463 45.
2418 3404 2520 3459 Καὶ
2573 3402 2662 3458 ἐὰν
2743 3401 2960 3473 θέλητε,
3018 3402 3105 3457 καὶ
3191 3400 3509 3472 είσακούητέ
3585 3421 3713 3474 μου,
3784 3400 3855 3456 τὰ

2201 3495 2373 3572 ἀγαθᾶ
2427 3500 2528 3563 τῆς
2585 3499 2692 3567 γῆς
2748 3493 3002 3569 φὰγεσθε⁶
3052 3489 3140 3546 ἐὰν
3191 3487 3250 3545 δδ
3297 3492 3373 3565 μή
3433 3488 3652 3564 θέλητε,
3714 3488 3855 3564 μηδὶ

2201 3581 2553 3653 είσακούσητέ
2635 3601 2763 3654 μου,
2839 3581 3087 3657 μάχαιρα
3172 3579 3312 3652 ὑμᾶς
3386 3575 3689 3636 κατέδεται.
3773 3579 3849 3636 Τὸ

2202 3671 2547 3743 αὐτεξούσιον
2599 3668 2840 3733 ἐντεῦθεν
2882 3672 3157 3743 παριστῶν
3213 3667 3452 3741 μὰλιστα
3499 3674 3601 3737 τῆς
3628 3672 3737 3723 τῶν
3759 3668 3847 3723 ἀν-

2202 3764 2435 3838 θρώπων
2482 3760 2713 3839 φύσεως.
2748 3764 2884 3814 Πᾶσι
2931 3758 3036 3834 γὰρ
3083 3762 3202 3820 τοῖς
3244 3757 3630 3833 προκειμένοις
3677 3756 3853 3833 ἡγού-

2204 3864 2338 3926 μεθα
2398 3852 2505 3921 τὴν
2584 3849 2876 3926 ἐπαγωγὴν
2946 3845 3147 3917 ταύτην
3228 3846 3510 3921 ἁρμόζειν.
3565 3847 3686 3902 Ἐὰν
3745 3846 3849 3921 γὰρ

2199 3943 2490 4011 ἀποστῆτε,
2551 3937 2709 4014 φησὶ,
2767 3944 2869 4007 τῆς
2925 3936 3063 3992 κατὰ
3128 3936 3192 3991 τὸ
3242 3935 3564 3992 ἀποκτεῖνον
3621 3937 3853 4011 γράμμα

2198 4028 2473 4107 λατρείας,
2504 4028 2591 4083 ἐὰν
2654 4025 2927 4107 λούσησθε
2982 4027 3081 4098 (8),
3139 4025 3231 4080 καὶ
3281 4023 3510 4096 καθαροὶ
3540 4023 3850 4099 γενόμενοι,

2194 4102 2332 4196 πρὸς
2360 4120 2423 4174 τὸ
2469 4116 2657 4196 έφεξῆς
2710 4102 2961 4170 ἀποδῶτε
3000 4115 3101 4183 τὴν
3156 4113 3453 4169 έκτεθεῖσαν
3511 4114 3636 4188 ὑμῖν
3680 4111 3852 4171 πολι-

2193 4208 2360 4275 τείαν,
2392 4206 2546 4277 ἥξετε
2592 4204 2668 4267 εἰς
2713 4203 2913 4279 κρίσιν,
2972 4202 3026 4259 έν
3082 4200 3284 4277 τοσῇδε
3329 4201 3366 4272 ἢ
3412 4200 3615 4277 τοσῇδε
3662 4222 3851 4279 περισο

2194 4298 2315 4367 σείᾳ
2340 4295 2648 4372 γενήσεσθε,
2697 4292 2789 4348 καί
2840 4299 2943 4363 τῆς
3002 4292 3055 4347 έν
3102 4282 3401 4368 ἐπαγγελίᾳ
3449 4298 3656 4370 τρυφῆς
3711 4291 3851 4347 ἀπο-

2194 4383 2420 4439 λαύσετε
2445 4385 2543 4456 (9),
2572 4388 2673 4451 τῆς
2720 4378 3054 4451 κολαστικῆς
3096 4382 3189 4436 καὶ
3239 4386 3541 4458 φθαρτικῆς
3571 4381 3851 4457 μαχαίρας

2190 4468 2529 4549 κατάϐρωμα
2560 4470 2661 4526 οὑκ
2701 4466 2901 4526 ἔσεσθε.
2934 4473 3068 4531 Τοῖς
3124 4471 3218 4543 μὶν
3268 4473 3539 4532 ταπεινῶς
3588 4469 3850 4526 ἀκούουσι

2188 4564 2371 4637 γήιναι
2403 4559 2725 4637 έπαγγελίαι
2781 4566 2880 4629 τῆς
2938 4559 3183 4629 ὑπακοῆς
3236 4559 3426 4633 μισθὸς
3472 4556 3700 4615 δίδοται·
3726 4564 3847 4624 τοῖς

429 4658 530 4710 tur
550 4656 795 4707 terrente
821 4647 1245 4720 promissiones
1269 4647 1326 4701 in
1363 4649 1707 4705 obedientiae
1732 4654 2079 4709 mercedem:

2194 4649 2246 4707 δὲ
2303 4653 2677 4725 πνευματικῶς
2732 4653 2830 4704 τοῦ
2879 4648 3233 4722 αουλήματος
3289 4650 3389 4717 τῆς
3460 4654 3681 4727 Γραφῆς
3755 4647 3850 4704 έπ-

426 4745 653 4807 contra,
686 4739 782 4805 iis,
814 4737 916 4808 qui
935 4733 1278 4807 spiritaliter
1298 4736 1610 4807 Scriptum
1633 4755 1877 4796 sensum
1902 4757 2078 4797 exau-

496 4903 577 4977 (3)
618 4906 757 4977 Reg.
807 4902 1179 4977 quartue__et_
1213 4898 1373 4953 Colb.
1434 4902 1737 4977 secundus
1777 4920 1912 4977 cum
1968 4921 2084 4961 uno

424 4968 986 5049 Cohibef.:?piltxai.
1020 4970 1130 5049 Alii
1166 4975 1286 5025 tres
1317 4987 1460 5049 mss.
1497 4974 1842 5049 cum_editis,
1906 4996 2078 5049 φοινι-

423 5046 536 5121 καίο
564 5063 692 5119 quas
717 5042 908 5117 primo
932 5046 1169 5114 aspectu
1198 5042 1413 5121 pusilla
1440 5045 1692 5121 mutatio
1711 5042 1886 5117 quam
1910 5042 2080 5121 longe

424 5114 1071 5190 interpretemarsensu
1107 5114 1363 5190 auctoris
1415 5114 1744 5190 abduxerit,
1796 5137 1864 5175 ex
1916 5114 2079 5178 illius

425 5185 621 5246 verbis
650 5189 900 5261 perspici
936 5192 1125 5260 potest
1200 5186 1295 5240 Sic
1336 5185 1492 5240 enim
1551 5195 1838 5246 verterat:
1897 5194 2077 5249 Rubro

429 5263 651 5335 quidem
677 5262 850 5335 colori
866 5269 1089 5335 peccata
1109 5268 1297 5313 nostra
1325 5261 1731 5335 conferuntur,
1779 5264 1925 5335 quod
1967 5268 2082 5321 sint

425 5328 592 5389 rubri
610 5333 809 5388 colore:
837 5328 950 5401 ρ’νεε
971 5333 1287 5401 animarum
1317 5328 1465 5401 (sic).

521 5406 575 5475 4)
605 5405 796 5461 Codex
828 5399 920 5458 Fr.
953 5406 1005 5467 1,
1039 5399 1440 5475 ἀνέκπεμπτον,
1478 5418 1594 5456 non
1628 5403 1709 5458 ita
1740 5412 1912 5463 recte.

518 5477 574 5546 5)
596 5476 688 5531 Sic
711 5475 872 5548 Regii
914 5476 1163 5548 primus,
1224 5474 1432 5548 tertius
1485 5479 1842 5548 et‘qu‘artus.
1901 5486 1968 5536 At
2012 5480 2073 5535 in

422 5543 598 5626 editis
624 5550 759 5626 et_in
793 5543 1611 5626 Reglsecundoproﬁxpdietjﬁ
1645 5546 1861 5621 legitur
1881 5549 2063 5626 ἐχράνο

424 5619 514 5688 θη.
550 5620 810 5691 Denique
843 5613 1087 5690 uterque
1119 5613 1303 5682 Colb.,
1337 5613 1633 5691 ἐχροάνθη.

490 5691 571 5763 (6)
600 5692 691 5767 Sic
722 5690 922 5767 nostri
977 5704 1268 5767 saginas.
1330 5690 1622 5767 et_editi,
1651 5695 1768 5752 ταῖς
1821 5696 2069 5767 conixus;

417 5759 717 5849 ἀφορμαῖς.
749 5764 973 5821 Ibidem
1003 5759 1145 5819 editi
1176 5775 1312 5817 cum
1341 5761 1535 5820 tribus
1579 5779 1747 5838 mss.,
1801 5759 2067 5841 σὺναυεή-

2188 4741 2442 4797 ακούουσι
2472 4742 2586 4814 (10)
2617 4746 2721 4815 γῆς
2752 4737 2930 4803 ἀλαθὰ
2958 4745 3057 4809 τῆς
3099 4744 3476 4812 πνευματικῆς
3508 4734 3747 4813 λέγεται,
3779 4738 3844 4807 ἣν

2194 4924 2344 4960 σασα.
2373 4905 2481 4961 Alii
2517 4908 2636 4960 tres
2667 4920 2833 4971 mss.,
2865 4900 3273 4971 ωναυξηθεῖσα.

2260 4979 2337 5049 (7)
2373 4976 2752 5049 Reg.tertius,
2778 4968 2879 5043 τῆς
2905 4968 3133 5049 χάριτος
3157 4979 3261 5049 τῆς
3291 4970 3440 5041 παρᾶ
3463 4975 3561 5049 τοῦ
3593 4974 3729 5049 Θεοῦ
3760 4968 3843 5049 δι-

2189 5039 2594 5121 δομέ’νης.”Λ]ἱὶ
2629 5039 2747 5103 duo
2802 5039 2948 5115 ms:
2968 5039 3067 5121 τῆς
3125 5039 3376 5121 χάριτος
3415 5046 3706 5121 τοὺ-,Θεοῦ
3760 5039 3843 5121 δι-

2189 5114 2445 5204 δομένης.
2478 5119 2590 5204 Alii
2622 5124 2763 5190 tres,
2794 5123 2894 5204 τῆς
2924 5114 3474 5204 χάριτιΖδίδομένςης.
3505 5116 3843 5204 νξςξρεριθ-

2187 5186 2409 5248 οῐῖοηρὲ
2440 5196 2676 5248 notasse
2706 5186 2985 5260 contenti,
3010 5186 3170 5246 "nihil
3216 5186 3476 5263 in'prius
3520 5188 3695 5245 editis
3725 5186 3841 5245 im-

2186 5265 2567 5320 mutavimus.

2257 5339 2332 5409 (8)
2363 5336 2458 5391 Sic
2485 5352 2628 5391 mss.
2665 5334 2909 5406 aliquot.
2943 5333 3118 5409 Editi,
3149 5329 3438 5409 λούσασθε.

2253 5401 2327 5477 (9)
2360 5410 2451 5463 Sic
2481 5413 2601 5463 tres
2632 5401 2782 5477 mss:
2809 5411 2884 5477 At
2910 5405 3087 5462 editio
3104 5401 3308 5461 nostra
3329 5402 3513 5459 Paris.
3540 5418 3676 5458 cum
3700 5401 3838 5459 aliis

2182 5475 2375 5538 tribus
2408 5496 2576 5547 mss.,
2608 5475 2978 5546 ἁπολαύσητε.

2253 5553 2366 5623 (10)
2398 5552 2491 5608 Sic
2523 5543 2663 5622 Reg.
2688 5543 2987 5623 secundus
3045 5550 3121 5623 et_
3164 5550 3410 5623 uterque
3465 5543 3629 5623 Colb.
3676 5543 3839 5623 Editi

2181 5616 2318 5679 vero
2349 5616 2407 5678 et
2438 5623 2533 5679 alii
2562 5616 2679 5677 trés
2716 5638 2887 5686 mss.,
2918 5616 3269 5675 ὑπακούουσι.
3294 5617 3641 5688 “Aliquanto
3699 5621 3842 5688 post

2180 5694 2336 5780 1.193..
2355 5695 2654 5752 secundus
2679 5683 3019 5780 ﬁet-uterque
3045 5689 3238 5780 Colb.“,
3254 5683 3546 5780 ,ξμψιξχσς
3575 5683 3836 5780 Δνοεῗταις

2177 5758 2298 5826 Alii
2321 5771 2442 5828 tres
2473 5784 2646 5837 mes.,
2677 5758 2942 5844 ἔμψυχος
2959 5764 3149 5840 νοητή.
3196 5758 3390 5836 Εᾱὶῐίί
3422 5758 3681 5841 ἱμψοχος
3738 5758 3843 5821 καὶ
