4130 6418
306 414 428 476 205

1161 399 1566 463 COMMENT.
1612 398 1692 459 IN
1737 398 2010 463 ISAIAM
2054 400 2565 466 PROPHETAM.
2610 408 2783 470 CAP.
2832 411 2878 471 Ι.

3606 413 3728 477 206

311 547 366 603 οἱ
421 540 856 618 μακαριζόμενοι
934 540 1126 612 πραεῖς
1181 530 1632 608 κληρονομήσειν
1695 528 1969 619 λὸγονταγι.

2090 532 2278 603 diunt,
2310 543 2657 595 acervantur
2677 544 2843 598 terras
2885 543 3169 617 spiritalis
3191 545 3382 615 bona;
3414 561 3594 619 quam
3626 545 3731 618 qui

308 616 696 704 'Opoiwcvxai
740 628 989 701 μάχαιρα
1046 621 1297 696 ἔμψυχος
1353 622 1576 688 νοεῖται,
1609 617 1734 692 περὶ
1787 619 1852 686 ἧς
1896 616 1970 673 εἷ’-

309 740 494 799 ρηται,
540 715 624 772 ὅτι
682 713 958 789 ἆμεθύσθη
990 711 1097 767 ἀπὸ
1156 707 1387 799 αἶ’ματος
1439 710 1785 799 τραυματιῶν
1815 724 1829 738 ο
1882 705 1971 799 καὶ

312 795 365 866 ἒν
419 812 497 880 τῷ
559 805 774 881 οὐρανῷ
833 802 1057 877 φάγεται
1103 798 1254 875 κρέα.
1284 798 1363 855 Τὸ
1409 799 1511 873 γὰρ
1561 795 1738 869 στόμα
1767 795 1971 872 Κυρίου

320 896 562 969 ἰλάλησε
589 898 776 950 ταῦτα.
809 892 974 968 Τάχα
1018 890 1081 945 τὸ
1135 892 1350 962 Πνεῦμα
1404 884 1467 942 τὸ
1500 886 1678 962 ἅγιον,
1709 886 1772 941 τὸ
1829 886 1973 962 ἐνερ-

318 994 490 1064 γῆσαν
522 988 694 1040 ταῦτα
734 988 1030 1060 γραφῆναι,
1064 978 1239 1053 στόμα
1285 981 1374 1032 νῦν
1426 974 1661 1052 εἷ’ρηται,
1709 976 1857 1064 παρὰ
1909 974 1974 1030 τὸ

320 1062 413 1132 καὶ
444 1074 504 1130 ἐκ
554 1072 819 1146 στόματος
871 1074 969 1126 τοῦ
1028 1072 1161 1125 Θεοῦ
1209 1065 1461 1143 λέγεσθαι
1519 1062 1972 1141 προεληλυθὲναι.

332 1168 492 1221 Ὥστε
521 1183 577 1218 σε
610 1163 687 1235 μὴ
718 1162 1202 1239 καταφρονητικῶς
1260 1156 1486 1212 ἀκοῦσαι
1540 1151 1648 1209 τῶν
1708 1152 1976 1223 ἀπειλῶν,

329 1254 390 1308 τὸ
420 1249 644 1325 ἀψευδὲς
686 1248 861 1322 στόμα
916 1245 1326 1323 ἐπεμαρτύρατο
1382 1247 1518 1317 ἡμῖν
1577 1245 1604 1299 ὁ
1654 1241 1819 1318 λόγος
1873 1247 1976 1297 τοῦ

327 1340 544 1415 Κυρίου,
576 1341 640 1395 τὸ
667 1344 835 1394 ταῦτα
865 1337 1141 1406 λαλῆσαν.
1181 1334 1273 1397 Τίς
1303 1332 1361 1389 δὲ
1390 1333 1533 1388 οὕτω
1578 1332 1831 1393 ταπεινὸς
1883 1332 1973 1386 καὶ

320 1432 573 1508 σάρκινος
630 1430 732 1499 τὴν
782 1426 1047 1495 διάνοιαν,
1105 1425 1245 1480 ὥστε
1300 1423 1367 1478 τὰ
1414 1422 1490 1485 εἷς
1548 1418 1816 1476 ἀντίδοσιν
1876 1427 1975 1490 τῆς

322 1519 625 1585 εὐπειθείας
658 1519 772 1591 (11)
804 1516 951 1593 παρὰ
979 1520 1075 1571 τοῦ
1134 1515 1337 1591 ἀγαθοῦ
1395 1516 1529 1568 Θεοῦ
1584 1509 1979 1586 τεταμιευμὲνα

321 1614 441 1671 τοῖς
499 1609 833 1679 ἀνθρώποις,
893 1606 1161 1681 βρώματα
1207 1604 1342 1659 εἶναι
1396 1600 1677 1674 νομίζειν,
1735 1599 1976 1675 καρποὺς

317 1705 419 1769 τῆς
449 1705 553 1773 γῆς
584 1697 660 1760 εἰς
699 1698 898 1776 φθορὰν
932 1692 1264 1767 δεδομένους
1313 1695 1383 1766 τῇ
1430 1689 1773 1765 ἂποχρήσει;
1804 1686 1981 1746 Ἀλλὰ

324 1785 607 1859 δηλονότι,
636 1786 775 1842 κατὰ
800 1787 901 1855 τήν
935 1778 1260 1861 παραϐολὴν
1291 1786 1390 1837 τοῦ
1436 1778 1795 1856 Εὐαγγελίου,
1818 1779 1880 1833 τὸ
1927 1776 1980 1833 ἐν

319 1881 389 1952 τῇ
447 1874 598 1951 καλῇ
654 1877 731 1951 γῇ
788 1874 1005 1949 σπέρμα
1043 1869 1242 1949 καρδία
1296 1870 1409 1926 ἐστὶ
1463 1867 1608 1937 καλὴ
1640 1868 1730 1923 καὶ
1780 1868 1980 1943 ἀγαθὴ,

2080 623 2473 694 praedicantur
2503 629 2698 697 mites,
2754 632 3031 690 dicuntur
3058 650 3189 691 esse
3234 620 3570 692 haereditate
3600 651 3733 708 pos-

2081 715 2301 769 sessuri
2323 715 2389 770 ³⁷.
2412 717 2544 772 Pari
2568 719 2791 777 ratione
2813 720 3043 794 gladius
3066 740 3303 796 quoque
3322 724 3622 780 animatus
3643 723 3733 778 in-

2081 801 2382 874 telligitur,
2417 807 2489 862 de
2519 823 2635 881 quo
2668 809 2890 866 dictum
2933 817 3060 868 est:
3107 814 3436 870 Inebriatus
3479 816 3568 868 est
3595 828 3733 869 san-

2082 893 2258 964 guine
2288 893 2724 953 vulneratorum
2751 899 2795 933 ²⁸
2821 918 2834 968 ;
2868 907 2945 968 et,
2964 906 3027 957 In
3051 901 3196 958 c0310
3219 903 3490 959 comedet
3503 916 3729 958 carnes.

2086 981 2151 1038 03
2180 985 2332 1039 enim
2366 986 2585 1041 Domini
2625 988 2873 1045 loculum
2904 994 2983 1046 est
3010 992 3129 1049 haec
3151 991 3246 1058 ιε’,
3283 990 3573 1048 Fortassis
3604 990 3734 1062 ipse

2085 1071 2339 1144 Spiritus
2369 1080 2635 1144 sanctus,
2669 1094 2785 1149 quo
2817 1086 3054 1137 auctore
3091 1080 3294 1138 istbac
3322 1082 3541 1153 scripta
3569 1085 3734 1149 sunt,

2087 1178 2242 1217 nunc
2274 1179 2340 1218 os
2369 1164 2562 1220 dictus
2609 1170 2717 1235 est,
2773 1173 3086 1241 pr0pterea
3136 1172 3290 1242 quod
3323 1170 3497 1227 etiam
3529 1187 3601 1227 ex
3635 1169 3738 1226 Dei

2086 1268 2185 1307 ore
2222 1254 2578 1324 processisse
2608 1254 2843 1312 dicitur.
2894 1262 3118 1329 Itaque,
3153 1276 3223 1313 ns
3253 1264 3317 1313 tu
3349 1259 3453 1314 illa
3491 1258 3737 1315 commi-

2087 1341 2356 1398 nationes
2390 1346 2780 1417 contemptim
2821 1346 3053 1414 audias,
3087 1347 3293 1403 isthmc
3320 1348 3393 1404 ab
3424 1363 3523 1403 ore
3549 1347 3741 1405 veraci

2086 1431 2313 1500 prolata
2344 1433 2525 1488 fuisse
2555 1449 2747 1490 sermo
2761 1435 2991 1491 Domini
3016 1437 3185 1492 nobis
3208 1439 3459 1492 testatus
3483 1434 3743 1500 est.Quis

2087 1529 2283 1579 autem
2314 1522 2513 1577 animo
2538 1528 2628 1578 est
2657 1523 2737 1578 ita
2790 1525 3018 1594 abjecto
3066 1540 3419 1596 carneoque,
3468 1530 3534 1580 ut
3588 1525 3744 1581 bona

2088 1612 2189 1667 illa
2220 1628 2322 1683 pro
2355 1611 2696 1666 obedientiaa
2729 1614 2968 1683 praemio
3000 1612 3343 1669 hominibus
3365 1618 3619 1679 servata,
3648 1628 3742 1669 es-

2090 1717 2187 1756 cas
2217 1715 2346 1756 esse
2374 1698 2693 1768 existimet;
2720 1699 3000 1756 nimirum
3029 1705 3195 1757 terras
3212 1700 3463 1769 fructus,
3485 1699 3587 1772 qui
3608 1700 3741 1756 ideo

2091 1788 2212 1845 dati
2242 1792 2405 1856 sunt,
2440 1792 2505 1842 ut
2534 1803 2644 1843 usu
2676 1787 3304 1861 corrumpantur?,Sed
3335 1789 3616 1862 profecto,
3648 1804 3743 1845 se-

2011 1910 2060 1976 B
2092 1879 2310 1935 cudum
2360 1876 2702 1949 parabolam
2750 1878 3168 1950 evangelicum,
3219 1882 3413 1935 satum
3471 1877 3532 1933 in
3582 1878 3738 1934 bona

321 1965 599 2022 ἀκούουσα
624 1969 723 2021 τοῦ
754 1963 952 2039 λόγου,
982 1963 1073 2017 καὶ
1106 1962 1412 2036 κατέχουσα
1442 1958 1532 2014 καὶ
1561 1962 1977 2035 καρποφοροῦσα

2094 1973 2247 2025 terra
2285 1981 2510 2037 semen,
2560 1982 2660 2021 eor
2705 1972 2796 2022 est
2840 1969 3084 2038 probum
3117 1983 3183 2023 ac
3214 1968 3459 2045 bonum,
3492 1966 3744 2023 audiens

326 2055 379 2112 ἂν
414 2056 690 2129 ὑπομονῇ.
724 2053 907 2123 ’Ἄξιον
943 2049 1034 2106 οὖν
1067 2049 1395 2124 ἐπαγγελίας
1428 2051 1583 2120 Θεοῦ,
1616 2050 1651 2116 ἡ
1700 2051 1808 2102 τῶν
1856 2044 1981 2116 ἠδί-

322 2167 464 2202 στων
497 2147 721 2218 καρπῶν
753 2149 854 2212 τῆς
886 2139 1109 2215 καρδίας
1139 2138 1464 2199 ἀπόλαυσις.
1504 2136 1711 2213 Καρποὶ
1745 2135 1802 2191 δὶ
1855 2156 1982 2211 καρ-

323 2230 463 2301 δίας,
495 2232 558 2288 τὸ
591 2231 643 2287 ἐν
673 2230 876 2307 θεωρίᾳ
912 2234 1010 2286 τοῦ
1061 2230 1210 2284 θείου
1246 2226 1487 2289 κάλλους
1534 2225 1784 2302 τερπνόν.
1813 2225 1979 2281 Οῦτοι

322 2319 383 2378 δὲ
408 2323 460 2376 οἱ
487 2321 687 2397 γαρποὶ
725 2321 783 2376 ὲκ
810 2327 912 2389 τῆς
936 2319 1015 2382 είς
1056 2320 1120 2375 τὸ
1163 2322 1384 2390 Πνεῦμα
1430 2320 1634 2391 σπορᾶς
1672 2319 1979 2390 γεωργοῦν-

321 2431 435 2484 ται,
468 2410 810 2487 θεριζόμενοι
843 2410 919 2472 εὶς
954 2409 1099 2478 ζωὴν
1138 2405 1383 2474 αῒώνιον,
1417 2409 1490 2460 ῶν
1536 2406 1564 2460 ὁ
1617 2405 1862 2479 συνάγων
1924 2402 1979 2459 ὲν

323 2498 654 2576 ἀγαλλιάσει
736 2500 805 2555 τὰ
877 2496 1181 2574 δράγματα,
1238 2499 1551 2573 κατατρυφᾷ
1598 2497 1696 2549 τοῦ
1748 2490 1973 2569 Κυρίου,

323 2584 624 2663 λαμϐάνων
653 2589 782 2664 παρ’
811 2588 976 2643 αὐτοῦ
1013 2586 1082 2640 τὰ
1127 2583 1423 2658 αἲτήματα.
1457 2583 1729 2659 Πρότερον
1789 2581 1975 2656 μέντοι

325 2677 555 2749 θελῆσαι
619 2675 722 2746 δεῖ,
752 2676 844 2733 καὶ
900 2675 1024 2731 τότε
1078 2673 1410 2743 εἰσακοῦσαι,
1458 2668 1552 2726 ἵνα
1603 2672 1665 2726 τὸ
1715 2670 1797 2749 ἆφ’
1834 2674 1971 2745 ἡμῖν

324 2767 790 2842 ἀκατανάγκαστον
977 2763 1074 2820 Καὶ
1128 2761 1293 2818 πάλιν
1326 2783 1341 2797 ·
1402 2762 1525 2819 Ἐὰν
1599 2762 1676 2834 μὴ
1739 2759 1971 2833 θέλητε,

331 2855 473 2932 μηδὶ
511 2854 866 2926 εἷ’σακούσητὲ
927 2875 1052 2928 μου.
1088 2855 1183 2909 Ἐκ
1218 2855 1314 2907 τοῦ
1374 2852 1451 2924 μὴ
1503 2848 1749 2921 θελῆσαι,
1781 2851 1845 2906 τὸ
1896 2851 1971 2925 μή

326 2946 661 3003 εἰσακοῦσαι.
694 2944 853 3003 Οὕτω
884 2948 1028 2999 πᾶσα
1059 2940 1420 3019 μακαριότης,
1450 2940 1542 2997 καὶ
1572 2943 1607 3011 ἡ
1639 2940 1693 2996 ἐν
1751 2939 1974 2996 κολάσει

327 3034 381 3090 ιν
436 3040 554 3098 τοῖς
617 3033 900 3095 ἰπιπόνοις
953 3030 1195 3107 διαγωγὴ
1245 3030 1305 3085 ἐκ
1359 3034 1457 3084 τοῦ
1504 3028 1585 3107 ἐφ’
1614 3031 1752 3103 ἡμῖν
1808 3026 1979 3103 ἤρτη-

327 3142 438 3179 ται.

400 3390 490 3446 46.
524 3392 651 3450 Πῶς
712 3386 918 3462 ἐγένετο
977 3386 1154 3462 πόρνη
1213 3383 1379 3447 πόλις
1436 3384 1601 3453 πιστή
1638 3383 1805 3452 Σιὼν,
1838 3383 1984 3456 πλή-

327 3495 431 3551 ρης
480 3475 748 3549 κρίσεως,
784 3474 835 3529 ἐν
895 3472 932 3548 ᾖ
990 3471 1310 3543 δικαιοσύνη
1396 3472 1668 3545 ἐκοιμήθη
1720 3471 1772 3527 ἐν
1824 3472 1983 3547 αὐτῇ,

326 3570 417 3621 νῦν
472 3562 531 3619 δὲ
588 3562 861 3644 φονευταί.
920 3561 1272 3635 Θαυμαστική
1320 3563 1356 3631 ἡ
1416 3560 1785 3636 ἒπαπόρησις,
1839 3561 1984 3617 πολὺ

328 3653 394 3711 τὸ
451 3651 785 3724 ἐκπλητικὸν
841 3650 1175 3727 ἐμφαίνουσα
1231 3649 1319 3704 ἐπὶ
1366 3655 1446 3723 τῷ
1489 3647 1800 3727 παραδόξῳ,
1860 3650 1985 3725 περὶ

332 3748 434 3799 τοῦ
463 3742 585 3798 τίνα
613 3741 815 3819 τρόπον
843 3743 879 3812 ἡ
912 3742 1079 3810 πιστὴ
1113 3737 1277 3802 πόλις
1306 3739 1396 3794 καὶ
1454 3738 1679 3815 πλήρης
1733 3738 1983 3813 κρίσεως,

2091 2057 2359 2121 verbum,
2392 2054 2659 2126 illudque
2690 2054 2972 2122 retinens,
3006 2061 3065 2112 et
3113 2058 3370 2113 fructum
3401 2055 3653 2111 aﬂ'erens
3683 2055 3744 2109 in

2091 2144 2376 2220 patientia
2399 2145 2679 2216 ".Itaque
2709 2161 2801 2200 res
2831 2145 2933 2201 Dei
2957 2144 3346 2217 promissione
3375 2144 3576 2217 digna,
3599 2143 3747 2200 frui-

2092 2236 2172 2291 tio
2205 2238 2294 2291 est
2342 2232 2830 2290 suavissimorum
2880 2233 3182 2290 fructuum
3234 2233 3445 2290 cordis.
3495 2236 3746 2289 Fructus

2090 2331 2289 2381 autem
2317 2321 2509 2379 cordis
2540 2327 2683 2377 sunt
2710 2321 2840 2394 ipsa
2864 2322 3201 2388 oblectatio,
3237 2340 3364 2394 qua
3394 2322 3456 2378 in
3486 2327 3748 2378 contem-

2088 2413 2346 2486 platione
2389 2410 2598 2466 divinas
2631 2411 3049 2483 pulcritudinis
3100 2417 3391 2468 versatur.
3440 2416 3623 2467 Porro
3680 2410 3744 2466 hi

2088 2504 2316 2558 fructus
2345 2516 2415 2556 ex
2435 2499 2662 2555 satione
2705 2515 2833 2571 quas
2864 2501 2922 2555 in
2958 2500 3179 2572 Spiritu
3210 2504 3319 2570 est,
3355 2498 3738 2573 colliguntur,

2086 2590 2344 2648 demessi
2365 2588 2425 2643 in
2458 2588 2635 2643 vitam
2659 2599 2961 2660 sternam,
2994 2605 3245 2661 quorum
3273 2588 3610 2662 manipulos
3631 2588 3737 2660 qui

2087 2678 2350 2751 congerit
2390 2676 2452 2732 in
2496 2675 2907 2746 exsultatione,
2959 2693 3023 2734 se
3071 2677 3324 2734 oblectat
3370 2677 3430 2733 in
3461 2677 3734 2748 Domino,

2085 2778 2218 2819 cum
2252 2759 2435 2832 petita
2465 2757 2537 2813 ab
2573 2757 2701 2829 ipso
2724 2758 2992 2830 accipiat.
3026 2759 3270 2831 Oportet
3299 2758 3535 2830 quidem
3567 2757 3731 2831 prius

2083 2849 2252 2916 velle,
2285 2855 2342 2903 et
2364 2852 2489 2903 tum
2521 2847 2820 2916 exaudire,
2846 2853 2911 2903 ut
2949 2847 3007 2903 id
3041 2849 3198 2921 quod
3228 2848 3287 2904 in
3321 2852 3524 2904 nostra
3548 2849 3733 2904 situm

2085 2947 2175 2998 est
2223 2941 2535 3010 potestate,
2591 2936 2741 2992 nulli
2791 2937 2868 2992 sit
2915 2937 3233 2994 obnoxium
3274 2937 3631 2995 necessitati.
3663 2936 3738 2993 Et

2086 3032 2339 3087 iterum:
2376 3026 2436 3083 Si
2463 3028 2780 3094 nolueritis,
2827 3045 3007 3099 neque
3054 3030 3424 3086 exaudieritis
3464 3045 3570 3085 me.
3601 3029 3738 3085 Ideo

2089 3135 2204 3175 non
2243 3116 2650 3183 exaudierunt,
2706 3117 2861 3188 quod
2912 3116 3251 3174 noluerunt.
3304 3119 3397 3175 Sic
3438 3116 3743 3174 beatitudo

2090 3207 2307 3274 omnis,
2338 3211 2396 3263 et
2424 3223 2551 3279 quae
2583 3206 2644 3262 in
2689 3206 2953 3263 cruciatu
2981 3211 3042 3263 et
3086 3207 3377 3265 molestiis
3414 3207 3748 3264 traducitur

2009 3276 2053 3342 (ἶ
2089 3297 2301 3366 νὶια,,ο.
2330 3276 2532 3353 nostra
2562 3297 2778 3368 pendet
2816 3297 3138 3354 voluntate.

2166 3386 2254 3442 46.
2277 3386 2456 3441 Vens.
2488 3387 2578 3440 21.
2613 3385 2890 3454 Quomodo
2937 3390 3087 3460 facta
3132 3393 3215 3444 est
3258 3389 3526 3444 mretrix
3553 3387 3751 3442 civitas

2094 3476 2274 3547 ﬁdeli:
2305 3474 2463 3541 Sion,
2494 3474 2671 3547 plena
2710 3476 2953 3548 judicii?
3000 3478 3058 3533 in
3084 3494 3193 3549 qua
3205 3479 3434 3550 justitia
3462 3477 3747 3534 dormivit.

2092 3581 2245 3622 nunc
2311 3572 2494 3620 autem
2554 3565 2859 3621 homicidae.
2911 3566 3278 3623 Percontatio
3334 3565 3746 3623 admirationis

2095 3654 2288 3725 plena,
2319 3652 2619 3726 ingentem
2645 3658 2946 3726 stuporem
2978 3655 3332 3727 ingenerans
3362 3655 3639 3712 inauditis
3660 3655 3745 3712 rei

2096 3759 2312 3799 causa:
2341 3743 2634 3814 quomodo
2665 3743 2868 3800 civitas
2890 3744 3099 3809 ﬁdelis,
3134 3749 3188 3801 et
3209 3745 3423 3817 judicii
3453 3743 3648 3818 plena,
3681 3743 3743 3800 in

328 3829 386 3887 ἐν
438 3832 477 3905 ᾖ
536 3829 853 3899 δικαιοσύνη
917 3829 1322 3885 ἐπανεπαύσατο
1382 3830 1533 3901 (12),
1594 3828 1728 3900 αὕτη
1782 3827 1977 3903 ἐγένετο

2096 3849 2214 3905 qua
2236 3832 2469 3903 justitia
2507 3831 2812 3904 requievit,
2845 3835 3047 3890 eadem
3080 3834 3232 3891 facta
3261 3835 3339 3891 sit
3360 3833 3652 3902 meretrix,
3685 3837 3746 3890 et

330 3921 507 3997 πόρνη
544 3921 633 3977 καὶ
665 3922 939 3999 φονευτῶν
970 3919 1317 3993 οίκητήριον.
1353 3923 1475 3981 Πῶς
1504 3918 1607 3995 γὰρ
1665 3919 1727 3973 οὺ
1775 3918 1977 3992 θαύμα-

2095 3920 2528 3978 homicidarum
2574 3921 2965 3979 domicilium.
3021 3924 3145 3988 Quo
3195 3923 3352 3980 enim
3385 3929 3554 3997 pacto
3584 3922 3745 3979 tristi

326 4032 422 4076 τος
451 4008 600 4081 ἄξιον
632 4008 907 4082 λυπηροῦ,
934 4007 1099 4064 πόλιν
1133 4005 1271 4079 ὅλην
1302 4006 1408 4062 ἀπὸ
1432 4013 1533 4076 τῆς
1577 4006 1629 4062 ἐν
1661 4007 1836 4062 πίστει
1886 4028 1977 4062 κα-

2099 4029 2216 4067 non
2248 4016 2405 4067 esset
2427 4010 2820 4068 admiratione
2850 4012 3118 4085 dignum,
3169 4013 3464 4069 civitatem
3493 4017 3679 4069 totam
3713 4028 3750 4069 a

333 4098 634 4175 θαρότητος
684 4097 761 4163 εἷς
815 4098 916 4167 τήν
976 4095 1037 4152 ἐκ
1091 4094 1341 4168 πορνείας
1388 4094 1714 4169 ἀκαθαρσίαν
1759 4117 1977 4169 μεταπε·

2099 4101 2134 4155 ﬁ
2147 4100 2234 4156 dei
2251 4099 2503 4172 puritate
2523 4099 2582 4155 in
2604 4106 2697 4156 stu
2707 4101 2793 4172 pri
2812 4101 2892 4157 im
2900 4105 3211 4174 puritatem
3226 4102 3506 4159 incidisse
3521 4102 3548 4158 τ
3568 4117 3751 4175 quan-

327 4193 491 4258 σεῖν;
544 4189 682 4243 ὅπου
738 4207 798 4264 γε
874 4186 965 4241 καὶ
1048 4185 1174 4260 μίαν
1229 4186 1414 4261 ψυχὴν
1474 4186 1579 4240 ἀπὸ
1632 4190 1730 4241 τοῦ
1782 4186 1977 4262 παγίως

2103 4189 2418 4260 doquidem
2451 4206 2586 4244 cum
2616 4188 2703 4245 vel
2734 4208 2852 4247 una
2881 4190 3080 4248 anima
3107 4210 3140 4248 a
3189 4192 3464 4249 ﬁrmitate
3496 4191 3630 4247 ﬁdei
3675 4191 3750 4246 ad

329 4276 605 4334 πιστεύειν
658 4275 734 4338 εἰς
791 4275 893 4344 τὴν
953 4273 1003 4348 ἐξ
1062 4273 1313 4336 ἀπιστίας
1365 4275 1617 4351 πορνείαν
1655 4281 1977 4351 περιτραπῆ·

2100 4278 2473 4335 inﬁdelitatis
2494 4283 2768 4351 stuprum
2795 4281 3122 4352 invertitur,
3148 4280 3206 4336 id
3232 4283 3383 4338 inter
3399 4297 3490 4337 res
3510 4284 3754 4352 stupen-

329 4387 417 4422 ναι
449 4367 586 4440 (13),
624 4369 731 4421 τῶν
764 4360 1105 4440 παραδόξων.
1138 4362 1278 4419 Πότε
1334 4360 1392 4419 δὲ
1452 4368 1614 4419 ταῦτα
1666 4369 1977 4441 κατηγορεῖ-

2103 4369 2209 4423 das
2241 4368 2675 4423 numerandum
2699 4373 2809 4424 est.
2834 4369 3216 4434 Quandonam
3239 4385 3374 4425 vero
3394 4368 3516 4425 haec
3547 4367 3631 4423 illi
3654 4368 3754 4424 ob-

332 4476 447 4528 ται,
480 4454 516 4524 ἢ
549 4453 638 4509 ὅτε
669 4452 890 4528 πονηρὰ
915 4454 1070 4528 γενεὰ
1116 4452 1209 4508 καὶ
1272 4451 1539 4528 μοιχαλὶς
1578 4454 1866 4528 γενομένη,
1896 4454 1977 4522 τὴε

2095 4456 2407 4530 jiciuntu'r,
2441 4446 2554 4513 nisi
2587 4460 2715 4513 tum
2747 4474 2881 4514 cum
2940 4459 3237 4531 generatio
3290 4475 3468 4532 prava
3497 4462 3556 4514 et
3583 4455 3756 4514 adul-

338 4543 673 4620 διακύψασαν
727 4542 779 4614 ἑξ
830 4542 1064 4619 οὐρανοῦ
1106 4541 1197 4597 καὶ
1254 4541 1703 4615 ἀναπαυσαμένην
1744 4541 1804 4599 ἐκ
1856 4541 1977 4617 αὐτῇ

2103 4552 2232 4603 tera
2264 4546 2469 4601 eli‘ecta
2492 4544 2813 4616 justitiam,
2845 4546 2988 4603 ccelo
3017 4547 3328 4621 dilapsam,
3363 4551 3420 4603 et
3448 4548 3506 4603 in
3536 4563 3599 4603 se
3626 4547 3759 4619 ipsa

336 4633 692 4703 δικυιοσύνην
754 4632 1066 4712 ἐφόνευσαν,
1130 4633 1225 4687 τὸν
1304 4633 1541 4707 Χριστὸν
1625 4634 1713 4688 καὶ
1799 4632 1977 4709 Κύριοι

2104 4635 2854 4708 conquiescentem,nempe
2875 4636 3173 4693 Christum
3194 4641 3252 4693 et
3266 4635 3580 4693 Dominum
3598 4635 3754 4692 416

335 4727 543 4799 ἡμῶν;
601 4723 670 4780 ¹Ὸ
726 4721 818 4778 καὶ
879 4722 1134 4777 ἐπιτείνει
1218 4720 1282 4775 τὸ
1359 4722 1540 4793 θαῦμα
1571 4763 1587 4789 ,
1643 4724 1734 4776 καὶ
1811 4728 1977 4795 μεῖζοπ

2106 4729 2373 4781 nostrum
2398 4723 2742 4780 interemit?
2762 4728 2879 4781 Hoc
2895 4729 2952 4781 et
2974 4725 3421 4783 admirationem
3443 4730 3635 4799 auget,
3650 4740 3753 4797 pa-

334 4817 487 4868 ποιεῖ
516 4812 580 4866 τὸ
611 4807 940 4886 παράδοξον,
975 4809 1020 4864 εἰ
1048 4807 1138 4864 ὅτε
1170 4810 1204 4878 ἡ
1249 4805 1567 4879 δικαιοσύνη
1599 4817 1802 4885 παρῆν,
1836 4811 1977 4887 ὑπερ·

2106 4815 2506 4885 radoxumque
2523 4812 2717 4869 reddit
2748 4814 2965 4886 majus,
2993 4816 3151 4886 quod
3177 4832 3312 4872 cum
3335 4816 3566 4872 adesset
3577 4813 3759 4886 justi-

337 4898 660 4958 επλεόνασεν
692 4901 728 4969 ἡ
761 4897 1000 4955 ἀδικαία.
1032 4899 1133 4953 Καὶ
1177 4901 1348 4953 ταῦτα
1394 4896 1590 4969 ἐποίει,
1641 4896 1772 4960 τοὺς
1827 4898 1977 4973 ὑγιεῖς

2103 4905 2209 4973 tia,
2242 4908 2370 4958 tum
2398 4901 2583 4974 magis
2616 4902 2935 4960 abundavit
2963 4904 3278 4976 injustitia.
3314 4909 3502 4976 Atque
3524 4904 3647 4960 haec
3670 4902 3757 4959 fa-

338 4990 463 5068 περὶ
493 4990 723 5067 κρίσεως
755 4982 953 5065 λόγους
986 4988 1089 5043 οὐκ
1118 4988 1405 5065 ἀγνοοῦσα.
1436 4991 1607 5042 Τοῦτο
1647 4987 1751 5064 γάρ
1794 4987 1907 5044 ἐστι
1935 4992 1977 5046 τί

2110 4993 2319 5063 ciebat,
2353 5007 2715 5063 quamquam
2748 5008 2926 5049 sanos
2956 4993 3027 5048 de
3052 4994 3278 5065 judicio
3311 5008 3610 5050 sermones
3640 5007 3759 5048 non

340 5082 578 5154 (14-15),
612 5077 842 5155 Πληρης
875 5076 1130 5153 κρίσεως.
1165 5076 1519 5150 Σημειωτὲον
1563 5073 1641 5146 δὶ,
1676 5074 1759 5132 ὅτι
1813 5079 1977 5156 μήτηι

2114 5082 2444 5155 ignorabat.
2480 5082 2594 5137 Hoc
2623 5082 2781 5137 enim
2814 5089 3028 5140 sonant
3054 5084 3174 5139 haec
3219 5083 3417 5150 verba,
3466 5082 3637 5140 Plena
3667 5081 3763 5152 iu-

412 5188 457 5223 "
487 5187 688 5245 Matth.
721 5204 779 5257 ν,
810 5187 864 5243 4.
928 5186 975 5221 ’⁸
1004 5184 1123 5241 Jer.
1154 5202 1308 5254 XLVI,
1343 5186 1430 5241 10.
1508 5186 1579 5222 ’θ’
1621 5185 1735 5243 Isa.
1767 5204 1958 5257 xxx1v,

2120 5190 2165 5231 ’9
2200 5194 2335 5244 Luc.
2367 5205 2490 5256 VIII,
2526 5190 2611 5246 15.

346 5292 539 5368 vomis;
575 5293 675 5348 ubi
706 5292 1003 5368 credimus
1033 5290 1388 5368 particulam
1411 5289 1503 5345 καί
1524 5292 1786 5368 additam
1816 5295 1977 5353 fUlSSt

2115 5297 2248 5363 bus,
2284 5311 2387 5367 pro
2418 5292 2703 5358 εὐπαθείας
2730 5296 3028 5365 scribitur,
3052 5292 3351 5358 εὐπειθείας
3373 5313 3477 5368 pro
3509 5294 3773 5353 obedien-

346 5362 419 5418 ab
453 5363 672 5438 aliquo,
704 5364 805 5438 qui
837 5362 1463 5438 aptam‘idoneamque
1493 5366 1846 5423 sententiam
1873 5370 1999 5424 effl-
2115 5371 2212 5426 tiae
2236 5362 2500 5438 praemio.

350 5434 811 5511 cere‘ve‘lletfu
875 5434 895 5438 “
1108 5510 1114 5511 ί
1182 5504 1197 5511 _
1315 5434 1383 5511 μ’
1555 5504 1566 5511 ἢ
1664 5508 1676 5511 _
1728 5505 1737 5511 _

2191 5434 2299 5511 (12)
2330 5437 2583 5510 Uterque
2615 5438 2802 5505 Colb.,
2835 5434 3150 5507 δικαιοσύνη
3182 5437 3549 5511 κὰνεπαόσάτο.

420 5506 532 5582 (11)
570 5507 631 5562 In
674 5506 848 5582 editis
880 5510 1158 5578 corrupte
1182 5504 1490 5582 legebatur
1518 5504 1821 5582 εὐπαθείας
1853 5513 1970 5567 und

2193 5504 2303 5582 (i3)
2334 5504 2505 5566 Colbf
2530 5513 2847 5579 secundus,
2879 5504 3321 5582 παρατραπῆναι.

341 5576 730 5655 Tilmannus:
764 5579 827 5634 In
856 5576 1355 5650 compensationem
1379 5580 1727 5655 felicissimae
1750 5583 1908 5639 illius
1919 5586 2011 5654 ju-
2191 5576 2410 5655 (lli-l5)
2434 5583 2520 5637 Ita
2552 5583 2814 5655 quinque
2834 5576 2991 5639 'mss'.
3035 5576 3212 5640 Deest
3245 5580 3308 5639 τό
3339 5582 3398 5638 in
3429 5581 3603 5639 editis
3625 5584 3684 5639 et
3711 5578 3771 5642 in

344 5650 1330 5728 cunditqtts._At_sanam_veramque
1348 5650 1703 5728 scripturam
1733 5650 2013 5713 exhibent
2121 5650 2262 5728 Reg.
2305 5650 2518 5727 primo.

352 5739 508 5781 unus
537 5721 796 5782 Combef.
829 5729 888 5781 et
905 5722 1002 5781 alii
1031 5721 1289 5796 quatuor
1309 5721 1540 5782 mss.in
1576 5725 1796 5800 quibus
1821 5730 2011 5786 omni-
