4130 6396
328 377 452 453 ΨΩ

1182 369 1590 434 ΟΟΠΜΕΝΤ.
1637 369 1713 430 ΙΝ
1763 369 2031 431 ISAIAM
2082 371 2586 434 PBOPHETAM.
2632 373 2806 434 CAP.
2853 375 2903 435 Ῑ.

3639 381 3760 450 210

325 507 478 574 νοίας
511 505 790 584 λαθραίως
821 506 909 562 καὶ
945 502 1316 580 δυσφωράτως
1347 504 1460 577 (23)
1508 500 1966 578 παρακοπτόντων

2107 507 2258 575 quod
2295 507 2593 578 signatum
2650 509 2827 564 fuerit
2859 509 2930 565 ab
2961 509 3264 565 insidiosis
3297 509 3460 580 viris,
3502 512 3601 584 qui
3637 530 3753 585 pris

328 597 383 655 οἵ
411 598 478 664 τᾲ
509 595 778 673 ἀλλότρια
807 595 1250 669 νομίσματα,τὴν
1281 596 1378 648 τοῦ
1408 591 1608 669 ἐχθροῦ
1653 592 1868 670 μορφήν
1901 612 1990 647 πε-

333 689 636 766 ρικείμενα,
693 690 810 748 τοῖς
885 682 1195 760 βασιλικοῖς
1249 684 1543 756 θησαυροῖς
1597 680 1986 766 ἰπεισάγοντες,

327 777 416 834 τόν
477 797 537 832 τε
569 774 732 852 μὲγαν
765 773 1008 831 πλοῦτον
1038 769 1365 848 διέφθειραν,
1398 772 1488 826 καὶ
1517 765 1857 849 ρμφιϐολίαν
1889 777 1988 840 τῆς

327 866 568 942 ίκλογῆς
625 871 743 930 τοῖς
797 862 1040 925 πολλοῖς
1091 865 1203 938 (24)
1252 861 1590 933 ἐνεποίησαν.
1643 860 1850 936 Ὀλίγοι
1883 861 1987 935 γὰρ

328 959 380 1015 οἱ
412 957 633 1031 ὸόκιμοι
661 959 998 1030 τραπεζῖται.
1030 951 1241 1028 Ὀλίγοι
1272 954 1325 1007 ei
1355 951 1525 1008 πάντα
1556 949 1866 1023 δοκιμάζειν
1902 948 1990 1004 δυ-

332 1047 579 1120 νάμενοι,
632 1045 719 1100 καὶ
768 1044 836 1100 τά
887 1044 981 1117 μὲν
1030 1041 1174 1098 καλὰ
1219 1042 1494 1117 κατέχειν,
1537 1037 1731 1096 ἀπὸδὲ
1785 1039 1986 1100 παντὸς

332 1132 509 1198 εἷ’δους
540 1137 784 1208 πονηροῦ
818 1132 1136 1208 ἀπέχεσθαι.

397 1315 484 1370 48.
546 1313 614 1370 Οἱ
680 1309 927 1383 κάπηλοί
976 1331 1073 1366 σου
1140 1308 1391 1385 μίσγουσι
1446 1307 1537 1363 τὸν
1597 1309 1734 1363 οἶνον
1805 1305 1978 1364 ὕδατι.

323 1402 616 1460 Ἀκούσατε
645 1401 740 1475 μὲν
789 1403 877 1456 καὶ
936 1400 1104 1474 ψιλοῦ
1159 1403 1256 1454 τοῦ
1314 1398 1560 1475 ῥήματος
1617 1400 1752 1472 (25),
1811 1399 1863 1452 οἱ
1891 1398 1983 1452 τὸν

321 1490 463 1546 οἶνον
498 1488 834 1553 πωλοῦντες·
885 1491 979 1548 moi
1023 1491 1100 1562 μὴ
1148 1486 1378 1544 δολοῦτε
1404 1489 1507 1556 τὴν
1535 1485 1732 1543 κτίσιν.
1765 1487 1842 1544 Οὐ
1874 1487 1980 1563 γὰρ

321 1577 520 1638 παιδιὰ
544 1581 609 1636 τὸ
652 1584 896 1655 πρᾶγμα’
952 1577 1100 1634 ἀλλὰ
1147 1578 1312 1634 κακὸν
1359 1579 1457 1645 τῆς
1509 1575 1772 1651 μεγίστης
1811 1597 1980 1646 κατη-

319 1668 508 1745 γορίας
555 1669 884 1742 ἡξιωμάνον.
935 1667 1090 1737 ΙΙλήν
1140 1665 1266 1723 ἀλλ’
1327 1665 1415 1721 ἰπὶ
1465 1664 1558 1721 τὸν
1615 1665 1980 1738 πνευματικὸν

317 1756 441 1814 νοῦν
503 1759 532 1815 ὁ
589 1757 750 1834 λόγος
799 1756 1086 1833 ἐπείγεται.
1145 1755 1310 1819 Οἴνός
1342 1755 1481 1811 ἐστιν
1515 1754 1813 1832 εὐφραίνων
1846 1775 1976 1830 καρ-

2102 612 2210 651 sua
2241 599 2388 652 417
2425 597 2649 652 astutia
2678 600 2929 654 latenter
2956 603 3012 654 et
3069 599 3322 671 quodam
3369 600 3616 658 artiﬁcio
3648 603 3745 660 de-

2099 685 2393 758 prehensu
2429 687 2629 742 difﬁcli
2658 704 2934 743 nummos
2966 687 3332 744 adulterinos
3349 689 3608 748 cudunt:
3643 692 3747 762 qui

2101 771 2290 827 aliena
2321 773 2681 830 numismata
2729 775 2954 830 inimici
2995 776 3240 831 formam
3275 777 3748 836 circumferentia

2098 863 2157 917 in
2195 863 2419 933 regales
2435 863 2742 919 thesauros
2775 865 3464 939 exportant,acingentes
3479 883 3744 924 corrum-

2098 957 2247 1024 punt
2276 953 2532 1020 divitias,
2553 957 2610 1007 et
2640 953 2701 1007 in
2761 970 2938 1008 causa
2962 959 3101 1009 sunt
3129 971 3233 1010 cur
3294 955 3460 1010 multi
3496 955 3637 1027 quid
3670 957 3749 1013 sit

2097 1041 2455 1113 eligendum,
2481 1043 2770 1097 dubitent.
2832 1043 3006 1098 Pauci
3040 1043 3196 1098 enim
3229 1045 3399 1117 probi
3425 1046 3740 1117 trapezitae.

2097 1131 2268 1186 Pauci
2301 1137 2443 1187 sunt
2474 1131 2573 1203 qui
2595 1136 2808 1187 cuncta
2842 1132 3075 1203 possint
3119 1133 3442 1205 explorare,
3495 1135 3745 1192 retinere

2096 1221 2270 1288 bona,
2305 1225 2363 1276 et
2390 1222 2461 1277 ab
2493 1220 2652 1276 omni
2684 1224 2879 1293 specie
2909 1221 3066 1278 mala
3096 1222 3205 1278 sibi
3237 1227 3590 1294 temperare.

2166 1312 2254 1366 48.
2289 1310 2568 1382 ϐαιιροηεδ
2597 1313 2686 1367 tui
2713 1313 2903 1367 vinum
2931 1327 3075 1384 aqua
3103 1313 3354 1368 miscent.
3387 1314 3600 1370 Audite
3638 1331 3745 1372 nu-

2094 1401 2226 1455 dam
2257 1400 2446 1472 ipsam
2480 1402 2788 1455 verborum
2822 1401 3175 1456 sententiam
3237 1418 3302 1456 ac
3329 1400 3610 1470 litteram,
3639 1404 3740 1475 qui

2090 1489 2341 1545 venditis
2372 1490 2596 1556 vinum,
2629 1494 2686 1546 et
2715 1506 2787 1545 ne
2817 1489 2946 1546 dolo
2970 1490 3121 1546 hanc
3140 1490 3360 1546 vitietis
3386 1495 3736 1550 ereaturam.

2090 1582 2202 1635 Res
2223 1580 2381 1633 enim
2416 1578 2517 1633 illa
2542 1595 2655 1634 non
2677 1578 2856 1634 ludus
2887 1583 2997 1643 est,
3034 1580 3137 1634 sed
3173 1577 3396 1635 malum
3424 1581 3737 1652 reprehen-

2090 1669 2255 1723 sione
2281 1667 2534 1723 maxima
2565 1667 3125 1738 dignum.Caeterum
3156 1668 3458 1741 Scriptura
3482 1687 3589 1726 nos
3610 1687 3739 1743 pro-

2090 1761 2282 1812 movet
2311 1759 2377 1812 ad
2408 1756 2734 1829 spiritalem
2778 1773 3044 1813 sensum.
3080 1758 3180 1813 Est
3210 1757 3410 1814 vinum
3435 1758 3736 1818 laatiﬁcans

318 1844 437 1904 δίαν
497 1846 811 1925 ἀνθρώπου,
863 1849 1111 1903 τουτέστι
1163 1847 1254 1900 τὸν
1283 1849 1410 1901 νοῦν
1440 1845 1530 1900 καὶ
1558 1846 1621 1900 τὸ
1652 1844 1967 1919 ἡγεμονικὸι

2088 1863 2188 1902 cor
2207 1846 2463 1902 hominis
2491 1847 2556 1915 δι,
2589 1845 2645 1901 id
2679 1851 2789 1911 est,
2824 1850 3170 1918 mentem,et
3201 1847 3582 1919 principalem
3610 1849 3736 1906 ani-

312 1943 414 2006 τῆς
446 1938 655 2012 ψυχῆς,
686 1936 758 1992 τὰ
788 1933 1094 2012 διδάγματα
1115 1939 1222 1990 τῶν
1265 1939 1517 2012 Γραφῶν,
1546 1931 1636 1989 διὰ
1664 1932 1774 1988 τῶΛ
1803 1935 1967 2008 ἀγίων

2087 1954 2194 1992 σιω
2225 1941 2472 2007 partem,
2497 1953 2632 1992 cum
2665 1936 2891 1991 scilicet
2923 1953 3025 2006 per
3054 1941 3287 1992 sanctos
3345 1938 3642 2009 apostolos
3680 1944 3738 1996 et

316 2023 642 2082 ἀποστόλων
699 2024 791 2080 καὶ
847 2028 1145 2103 προφητῶν
1204 2022 1282 2088 εἷς
1348 2023 1680 2102 εὐφροσύνην
1752 2022 1972 2078 αἰώνιον

315 2115 702 2191 οἷνοχοοῦντος
754 2116 890 2187 ἡμῖν
943 2114 1041 2170 τοῦ
1095 2112 1431 2188 Ηνεύματος.
1472 2115 1646 2188 "Amp
1680 2114 1732 2167 οἱ
1763 2109 1971 2170 πολλοὶ

313 2203 738 2276 καπηλεύοντες,
769 2204 862 2260 τὸν
893 2202 1057 2280 λόγον
1103 2200 1445 2279 ἰξυδαροῦσιν
1481 2205 1616 2277 (26),
1650 2201 1971 2280 ίπιμιγνύν-

310 2313 398 2356 τες
419 2294 514 2349 τὸν
549 2293 750 2349 ἑαυτῶν
782 2296 904 2348 νοῦν
939 2287 1256 2354 ἐπιϐλαϐὦς
1309 2296 1430 2355 τοῖς
1459 2291 1740 2348 ἀκούουσι.
1793 2294 1969 2348 Κατα-

311 2382 668 2460 χαριζόμενοι
721 2383 826 2458 γὰρ
875 2380 1050 2438 αὐτῶν
1108 2386 1229 2446 ταῖς
1281 2378 1528 2451 ἡδοναῖς,
1587 2381 1678 2436 καὶ
1727 2378 1817 2435 διὰ
1867 2387 1968 2450 τῆς

311 2469 720 2548 χρηστολογίας
776 2469 1188 2540 κολοκεύοντες,
1249 2471 1426 2527 αύτῶν
1466 2473 1532 2526 τὰ
1562 2472 1708 2539 πάθη
1739 2471 1968 2548 τρεφου-

314 2581 394 2616 σιν
428 2559 505 2622 εἰς
536 2559 834 2618 ἀπώλειαν⁶
868 2561 930 2616 τὸ
989 2560 1262 2635 αὐστηρὸν
1314 2560 1404 2614 καὶ
1435 2556 1647 2616 εὔτονον
1674 2559 1765 2614 καὶ
1823 2558 1966 2638 ὠφε»

313 2649 500 2724 λίμως
559 2649 853 2728 ἐπιστῦφον
908 2653 1017 2706 τῶν
1074 2653 1299 2728 Γραφῶν
1357 2648 1738 2719 ὑπεκλύοντες,
1783 2649 1971 2727 φιλαν-

315 2738 558 2816 θρωπίας
614 2738 764 2802 τινὰς
822 2736 1203 2810 ἀπαιδεύτους,
1252 2739 1341 2794 καὶ
1380 2741 1756 2816 συγχωρήσεις
1788 2740 1965 2811 ἀμαρ-

313 2830 576 2903 τημάτων
637 2827 892 2904 ἀκρίτους
929 2876 944 2900 ,
1001 2827 1091 2884 καὶ
1139 2830 1365 2884 τοιαῦτά
1422 2849 1543 2884 τινα
1597 2829 1970 2905 κεχαρισμένα

315 2923 432 2980 τοῖς
489 2915 726 2980 πολλοῖς
784 2916 872 2973 ἐπὶ
915 2921 1264 2995 καταστροφῇ
1294 2921 1402 2972 τῶν
1437 2916 1743 2973 ἀκουόντων
1775 2914 1970 2988 δεξιόν-

311 3027 423 3077 τες,
485 3005 574 3063 ἰπὶ
622 3006 816 3064 πλεῖον
871 3011 980 3064 τῶν
1035 3005 1347 3085 φιληδόνων
1404 3007 1501 3070 τὰς
1529 3007 1712 3081 ψυχὰς
1740 3005 1971 3076 ἰκθηλύ-

314 3114 519 3152 νουσιν.

384 3362 472 3417 49.
535 3361 599 3415 Οἱ
658 3357 919 3435 ἄρχοντός
983 3379 1078 3414 σου
1136 3359 1469 3418 ἀπειθοῦσιν.
1527 3361 1719 3433 Ἡμεῖς
1764 3363 1816 3417 ei.
1871 3362 1963 3416 κά-

309 3447 509 3523 πηλοι,
540 3451 705 3521 ἡμεῖς
739 3450 855 3522 (27)
882 3449 972 3502 γαί
1022 3451 1075 3503 οἱ
1107 3446 1390 3524 ἄρχοντες,
1425 3451 1477 3504 οἱ
1510 3447 1601 3505 διὰ
1627 3450 1690 3505 τὸ
1721 3452 1960 3514 ἀπειθεῖν

302 3536 394 3594 καὶ
430 3538 506 3612 μή
558 3537 827 3593 πιστεύειν
886 3540 1097 3614 πρῶτοι
1153 3535 1435 3600 ποιοῦντες
1483 3539 1582 3601 τὰς
1624 3538 1814 3601 πόλεις
1867 3541 1962 3600 τὰς

305 3628 500 3691 πιστὰς
563 3625 917 3700 μεταπίπτειν
977 3624 1055 3689 εἷς
1111 3625 1206 3689 τὰς
1254 3620 1529 3704 πορνείας.
1587 3629 1730 3704 Πρὸς
1763 3629 1866 3706 γὰρ
1898 3629 1960 3684 τὸ

308 3721 416 3774 τῶν
466 3715 808 3793 κρατούντων
868 3715 1002 3786 ¹ἦθος
1060 3715 1392 3782 πλάττεσθαι
1444 3716 1702 3795 πέφυκεν,
1763 3718 1839 3782 ὡς
1894 3718 1962 3772 τὰ

306 3805 514 3875 πολλὰ,
572 3806 636 3862 τὸ
669 3805 999 3882 ἀρχόμενονο
1034 3803 1174 3862 ὥστε
1202 3805 1385 3862 ὁποῖοί
1413 3809 1535 3862 ποτ’
1565 3807 1625 3862 ἂν
1659 3809 1713 3863 οἱ
1743 3809 1960 3883 ἄγοντες

312 3897 435 3968 ὦσι,
518 3899 768 3955 τοιοῦτον
853 3894 1059 3971 ἀνάγκη
1143 3893 1233 3950 καὶ
1316 3895 1379 3951 τὸ
1462 3896 1728 3972 ἀγόμενον
1803 3899 1958 3956 εἶναι.

309 3982 534 4054 Ἐπειδὴ
719 3985 808 4039 οὗν
840 4005 975 4040 ποτε
1002 3990 1101 4055 τῆς
1135 3987 1333 4051 πιστῆς
1364 3984 1582 4049 πόλεως
1616 3988 1668 4042 οἱ
1699 3984 1961 4064 ἄρχοντες

304 4075 441 4146 ἦσαν
501 4074 868 4146 ἀπειθοῦντες,
926 4074 1416 4148 συνεξομοιωθεῖσα
1460 4075 1646 4138 αὐτοῖς
1676 4077 1766 4131 καὶ
1796 4079 1830 4148 ἠ
1859 4078 1960 4132 πό-

303 4163 415 4234 λις,
473 4163 785 4238 ἀποθεμένη
843 4164 906 4221 τὸ
967 4163 1096 4220 εἶναι
1153 4165 1345 4235 πιστὴ,
1409 4166 1692 4239 μετέπεσεν
1725 4166 1801 4230 εἰς
1829 4189 1961 4245 πορ-

299 4253 469 4311 νείαν.
522 4254 618 4324 Μὴ
676 4254 961 4330 γενώμεθα
1015 4254 1106 4310 καὶ
1165 4257 1277 4326 (29)
1331 4256 1500 4329 ἡμεῖς
1565 4257 1825 4327 ἀπειθεῖς,
1868 4258 1958 4313 καὶ

305 4341 527 4399 ἀπιστία
590 4344 752 4417 ἡμῶν
818 4341 880 4399 ού
962 4342 1253 4421 κυριεύσει.
1331 4345 1400 4402 Οἱ
1475 4344 1736 4422 ἄρχοντες
1805 4347 1956 4422 ὑμῶν

302 4431 607 4488 ἀπειθοῦσι.
690 4429 964 4502 Δηλονότι
1041 4437 1158 4504 Θεῷ
1227 4434 1564 4503 ἀπειθοῦσιν,
1622 4434 1957 4501 ἐκκλίνοντες

301 4521 394 4577 ἀπ’
451 4519 644 4591 αὐτοῦ,
702 4519 794 4576 καὶ
849 4525 968 4584 τοῖς
1024 4518 1466 4594 διατεταγμὲνοις
1527 4525 1618 4579 ὑπ’
1661 4525 1826 4581 αὐτοῦ
1880 4528 1955 4600 μὴ

2083 2026 2401 2099 prophetas
2427 2028 2866 2098 Scripturarum
2900 2027 3386 2094 documenta,ceu
3411 2027 3636 2097 vinum,
3661 2031 3734 2086 ad

2081 2114 2802 2185 mternamjucunditatem
2833 2114 3271 2185 percipiendam
3291 2115 3462 2172 nobis
3484 2117 3735 2188 Spiritus

2081 2203 2513 2269 infundit.0uaa
2545 2203 2686 2256 dum
2721 2207 3129 2273 cauponantur
3153 2203 3346 2268 multi,
3377 2204 3736 2275 Scripturam

2079 2309 2363 2365 aquosam
2388 2293 2642 2347 reddunt
2671 2291 3196 2359 aedilutam,suam
3230 2293 3732 2363 ipsorumintelli-

2079 2383 2340 2455 gentiam
2372 2382 2442 2437 ad
2477 2381 2811 2436 auditorum
2836 2381 3733 2452 perniciemimmiscentes.Ete-

2079 2471 2224 2538 nim,
2259 2472 2400 2526 dum
2439 2485 2639 2525 eorum
2674 2470 3084 2541 obsequuntur
3103 2470 3613 2542 voluptatibus,ac
3629 2488 3734 2542 per

2078 2559 2650 2632 blandiloquentiam
2697 2564 3094 2629 assentantur,
3142 2560 3381 2617 illorum
3439 2561 3583 2618 vitia
3624 2578 3730 2624 nu-

2078 2651 2267 2707 triunt
2298 2651 2369 2706 ad
2405 2650 2668 2723 ipsorum
2701 2649 2986 2706 exitium:
3036 2650 3329 2723 siquidem
3359 2651 3726 2716 severitatem

2076 2741 2456 2812 vigoremque
2475 2743 2533 2796 et
2556 2739 2783 2795 frenum
2814 2741 3251 2813 Scripturarum
3272 2739 3492 2802 utiliter
3510 2740 3728 2798 astrin-

2077 2846 2221 2903 gens
2244 2833 2576 2898 enervante,
2610 2833 2666 2883 ct
2723 2828 3058 2900 imperitam
3091 2830 3406 2901 quamdam
3456 2845 3594 2903 erga
3623 2829 3728 2889 ho-

2079 2918 2269 2974 mines
2300 2918 2753 2990 benignitatem,
2785 2921 2842 2974 et
2869 2918 3103 2974 veniam
3159 2924 3531 2990 peccatorum
3565 2918 3728 2975 nullo

2079 3008 2342 3062 adhibito
2363 3007 2582 3077 judicio
2614 3023 2975 3070 concessam.
3009 3011 3066 3062 et
3093 3005 3210 3062 alia
3239 3008 3295 3062 id
3329 3023 3517 3079 genus
3548 3009 3728 3064 bene-

2080 3095 2213 3151 ficia
2245 3094 2447 3152 multis
2478 3095 2692 3152 collata
2720 3095 3174 3152 adaudientium
3189 3096 3422 3152 ruinam
3441 3112 3729 3169 exponen-

2077 3185 2658 3257 tes,voluptariorum
2690 3183 2955 3240 animum
2970 3187 3160 3258 magis
3191 3203 3257 3243 ac
3287 3187 3476 3259 magis
3506 3187 3730 3244 effemi-

1997 3249 2042 3316 (δ
2082 3249 2244 3330 nant.

2146 3365 2234 3419 49.
2266 3363 2442 3420 Vsas.
2474 3364 2565 3419 23.
2598 3364 2887 3435 Principes
2916 3365 3003 3420 tui
3043 3364 3309 3436 inﬁdeles.
3334 3364 3451 3420 Nos
3481 3364 3542 3420 hi
3583 3381 3721 3422 cau-

2073 3469 2277 3524 pones,
2311 3471 2419 3509 nos
2450 3459 2508 3508 et
2538 3453 2595 3508 bi
2629 3453 2926 3526 principes
2955 3470 3191 3522 sumus,
3239 3454 3338 3525 qui
3372 3453 3597 3524 priores
3647 3455 3722 3510 ob

2071 3543 2474 3598 infidelitatem
2497 3542 2696 3597 incred
2706 3542 3154 3614 ulitatemquein
3170 3547 3440 3616 stuprum
3457 3544 3720 3602 civitates

2072 3629 2274 3686 ﬁdeles
2303 3628 3004 3701 impellimus.Enimvero
3034 3629 3283 3701 subjecti
3313 3631 3383 3686 ad
3408 3645 3602 3686 meres
3627 3646 3717 3687 eo-

2073 3735 2204 3774 rum
2238 3719 2338 3790 qui
2367 3734 2564 3773 rerum
2597 3717 2921 3790 potiuntur,
2947 3717 3270 3790 plurimum
3303 3735 3434 3776 sese
3482 3721 3714 3778 confor-

2073 3824 2235 3864 mare
2266 3807 2491 3864 solent:
2514 3807 2599 3862 ita
2630 3811 2692 3861 ut
2723 3806 2927 3878 quales
2961 3808 3199 3863 tandem
3262 3809 3478 3866 fuerint
3513 3811 3716 3873 duces,

2072 3915 2206 3956 eum
2235 3899 2412 3954 etiam
2445 3899 2545 3969 qui
2569 3897 3009 3965 ducitur,talem
3032 3915 3162 3954 esse
3191 3915 3428 3957 necesse
3458 3901 3718 3967 sit.Quo-

2073 3991 2232 4046 niam
2262 3989 2442 4062 igitur
2470 3987 2727 4044 civitatis
2761 3988 2950 4044 ﬁdelis
2972 3987 3265 4060 principes
3322 3996 3490 4048 erant
3536 4007 3722 4063 quan-

2071 4081 2262 4150 doque
2293 4077 2584 4141 infideles,
2610 4078 2738 4149 ipsa
2784 4079 2962 4134 etiam
2993 4077 3198 4133 civitas
3231 4079 3322 4135 his
3365 4080 3717 4151 assimilata,

2071 4170 2416 4228 ﬁdelitatem
2439 4185 2680 4236 exuens,
2731 4170 2786 4223 in
2821 4174 3094 4241 stuprum
3125 4169 3350 4226 incidit.
3387 4172 3467 4230 Ne
3497 4171 3715 4228 efﬁcia-

2071 4279 2208 4318 mur
2237 4277 2344 4316 nos
2376 4276 2611 4332 quoque
2641 4259 3122 4331 inobsequentes,
3156 4264 3213 4315 et
3261 4261 3316 4316 in
3352 4262 3526 4318 nobis
3556 4261 3712 4318 haud

2070 4349 2477 4407 dominabitur
2509 4347 2770 4418 perﬁdia.
2809 4349 3091 4418 Principes
3120 4349 3288 4403 vestri
3305 4364 3416 4404 non
3435 4349 3712 4420 obtempe-

2068 4443 2216 4496 rant.
2243 4437 2535 4493 Nimirum
2570 4453 2683 4491 non
2718 4436 3000 4491 obediunt
3023 4436 3160 4500 Deo,
3219 4436 3598 4493 deﬂectentes
3641 4439 3715 4496 ab

2068 4528 2218 4601 ipso,
2251 4531 2308 4583 et
2332 4527 2389 4580 in
2425 4525 2730 4597 praeceptis
2753 4526 2882 4596 ejus
2935 4542 3048 4580 non
3085 4529 3516 4597 permanentes.
3537 4527 3715 4589 Porro

302 4610 648 4686 ἰμμὲνοντες.
709 4611 798 4668 Ἐν
859 4608 917 4666 δὲ
965 4615 1086 4673 τοῖς
1137 4612 1544 4686 προστάγμασιν
1594 4613 1659 4682 ἦν
1695 4618 1804 4688 (30)
1861 4617 1958 4680 τὰς

2091 4623 2216 4674 nter
2241 4633 2308 4671 ea
2340 4623 2627 4688 praecepta
2661 4612 2802 4668 illud
2838 4617 2982 4681 erat,
3014 4617 3080 4668 ut
3110 4630 3324 4670 manus
3372 4631 3512 4670 suas
3544 4630 3714 4672 excu-

300 4703 494 4778 χεῖρας
554 4698 895 4755 ἀποσείεσθαι
927 4699 1034 4755 ἀπὸ
1095 4697 1310 4772 δώρων,
1374 4701 1450 4773 μή
1501 4701 1810 4778 συντρέχειν
1841 4711 1960 4768 τοῖς

299 4791 652 4846 κλεπτουσιψ
708 4790 762 4844 οἱ
815 4786 874 4844 δὲ
926 4789 1029 4844 ὑπὸ
1055 4788 1437 4864 φιλαργυρίας,
1473 4789 1706 4868 αἰσχροῦ
1733 4791 1956 4870 κέρδους

297 4875 486 4956 χάριν,
523 4877 782 4934 κοινωνοὶ
815 4893 1064 4934 κΑεπτων
1096 4876 1367 4954 ὶγὲνοντο.

367 5004 413 5042 ⁸¹
445 5003 599 5063 Psal.
633 5019 754 5079 cui,
790 5004 878 5061 15.

370 5127 484 5199 (23)
515 5129 767 5210 [iterque
788 5127 962 5210 ‘Colb.
996 5132 1054 5184 et
1082 5128 1222 5202 Reg.
1285 5131 1606 5210 secundus,
1667 5129 1949 5210 δυσφορω-

299 5193 492 5275 τάτως.
535 5193 756 5275 Ibidem
781 5204 902 5275 tres
936 5217 1102 5267 mss.,
1141 5193 1621 5275 π’ροσκοπτόντων.

519 5273 754 5350 ςοᾶὶοθε
780 5274 1021 5345 aliquot,
1035 5276 1161 5350 ,τοῖς
1186 5268 1445 5350 πολλοῖς,
1511 5277 1685 5350 Deest
1751 5279 1866 5338 τοῖς
1891 5277 1949 5333 in

302 5339 497 5423 editis.
526 5343 685 5423 Quod
717 5339 1166 5423 moxjsequitur.
1222 5342 1402 5420 ὀλίγοι
1463 5347 1588 5423 γάρ,
1647 5354 1783 5419 etc.,
1817 5350 1951 5406 illu-

303 5416 528 5469 stratur
559 5416 616 5468 in
649 5417 804 5472 netis
848 5416 1060 5472 Ducaei.

370 5484 487 5564 (255)
520 5486 670 5541 Editi
703 5493 761 5543 et
791 5504 934 5564 mss.
993 5487 1315 5564 nonnulli,_
1350 5493 1447 5564 τοῦ
1507 5488 1774 5564 ῥήματος.
1836 5493 1948 5548 Alii

301 5555 544 5644 quidam
581 5575 748 5629 mss.,
772 5559 866 5612 τοῦ
894 5557 1248 5636 ῥητοῦέΜοχ
1279 5561 1440 5618 Colb.
1477 5555 1791 5634 secundus,
1849 5567 1950 5634 τὴν

301 5647 516 5696 κτησιν,

375 5701 486 5775 (26)
519 5702 607 5759 Ita
629 5705 872 5776 uterque
914 5703 1172 5761 Cembef.
1231 5707 1290 5762 et
1335 5704 1434 5763 alii
1492 5711 1747 5780 quatuor
1804 5725 1950 5767 mss.

2071 4711 2259 4763 terant
2289 4703 2716 4772 amuneribus,
2740 4718 2811 4758 ne
2843 4718 2960 4758 una
2991 4719 3126 4758 cum
3182 4701 3413 4758 furibus
3445 4719 3715 4758 accurre-

2069 4800 2200 4853 rent
2232 4813 2244 4850 :
2271 4795 2330 4850 hi
2360 4810 2496 4850 vero
2527 4792 2601 4848 ob
2635 4791 2962 4859 avaritiam,
2995 4792 3185 4865 turpis
3217 4791 3366 4848 lucri
3396 4790 3606 4861 gratia,
3637 4792 3717 4848 fa-

2067 4887 2145 4943 eti
2175 4889 2317 4942 sunt
2347 4885 2541 4940 furum
2573 4880 2906 4954 participes.

2062 5133 2217 5208 Editi
2246 5149 2402 5208 vero,
2433 5127 2829 5208 ἐξυδραγοῦσιν.

2133 5207 2242 5287 (27)
2274 5199 2526 5287 Uterque
2558 5199 2824 5287 'Colb.-et
2883 5202 3022 5287 Reg.
3069 5201 3390 5267 secundus,
3444 5199 3606 5287 ὑμεῖς
3646 5199 3712 5287 ¹οἱ

2060 5273 2326 5346 κάπηλοι,
2362 5273 2539 5349 ὑμεῖς,
2573 5281 2684 5349 etc,
2743 5278 2839 5349 Ve:
2896 5273 3026 5349 estis
3080 5287 3376 5349 caupones,
3435 5287 3528 5349 vos
3584 5273 3712 5349 satis

2061 5343 2271 5424 quoque
2297 5343 2596 5424 principes:
2628 5347 2848 5424 Yocula
2868 5345 2957 5424 καί
2992 5346 3154 5400 deest
3211 5343 3271 5398 in
3329 5344 3706 5416 pervulgatis.

2134 5413 2939 5499 (ἑᾷ)ῌιθυςιυέξοουὲηὲπῆίε.
3045 5490 3055 5499 .
3156 5487 3220 5499 ,.

2132 5485 2243 5565 (29)
2277 5485 2566 5548 Particulo.
2595 5489 2682 5543 καί
2712 5485 2976 5565 {ineditis
3007 5490 3064 5543 et
3094 5504 3127 5541 a
3153 5487 3342 5542 tribus
3373 5485 3706 5543 mss.abest:

2060 5561 2161 5622 sed
2195 5582 2260 5620 ex
2292 5565 2426 5620 aliis
2455 5565 2643 5619 tribus
2661 5561 2861 5616 addita
2881 5563 2988 5614 est.

2132 5638 2244 5708 (30)
2275 5637 2370 5693 Sic
2399 5635 2472 5708 in
2490 5639 2736 5708 utroque
2765 5631 3083 5687 Combef.el
3103 5630 3162 5686 in
3193 5628 3327 5688 aliis
3352 5628 3540 5684 tribus
3557 5642 3704 5684 mss.

2059 5702 2293 5782 legitur.
2325 5707 2499 5777 Editi,
2531 5702 2648 5760 διον
2672 5703 2760 5772 ἦν.
