4130 6376
358 358 474 421 211

1305 353 1703 417 APPENDIX
1749 350 2078 417 OPEBUM
2124 349 2189 411 S.
2238 347 2528 410 BASILII
2574 349 2852 411 MAGNI.

3696 363 3819 427 212

432 490 524 547 50.
558 490 725 547 Haud
749 490 924 563 plane
977 490 1134 566 fures
1192 488 1584 559 intelligendi,
1648 488 1745 559 qui
1795 502 2021 541 marsu-

2204 483 2296 536 50.
2333 480 2412 536 Ού
2471 480 2690 543 πάντως
2722 478 2964 544 κλέπτας
3017 482 3241 554 νοητὲον
3282 487 3412 550 τοὺς
3448 488 3816 566 βαλαντιότό-

364 578 461 652 pia
491 580 983 651 exscindunt,aut
1004 564 1103 651 qui
1133 578 1193 632 in
1226 577 1457 633 balneis
1487 582 1679 632 vestes
1718 577 2020 643 furantur;

365 668 467 725 sed
500 668 699 740 potius
730 669 779 725 si
811 670 1063 740 quicum
1093 667 1349 739 praefecti
1398 666 1619 721 fuerint
1648 665 2022 730 exercitibus,

365 756 453 813 vel
485 774 620 813 cum
646 757 706 813 in
738 758 1003 813 civitates
1035 774 1101 811 ac
1133 757 1405 812 nationes
1436 754 1777 824 usurparint
1809 752 2024 824 princi-

365 849 591 918 patum,
621 845 737 901 alia
757 846 997 918 quidem
1020 844 1358 900 clanculum
1383 844 1727 914 surripiant,
1758 842 1871 898 alia
1893 858 2026 897 vero

362 933 420 988 vi
453 939 660 1007 aperta
688 934 1042 1005 publiceque
1073 933 1351 1005 eripiant,
1409 933 1447 985 ii
1501 933 1659 986 fures
1691 936 1849 985 sunt.
1882 931 2023 987 Cum

361 1027 561 1079 autem
590 1022 639 1078 is
671 1024 771 1095 qui
802 1023 1057 1079 habetur
1104 1021 1377 1077 Ecclesiae
1426 1037 1660 1092 presses,
1723 1037 1756 1073 a
1803 1020 2025 1075 talibus

359 1111 587 1184 aliquid
606 1111 970 1184 accipit,sive
1000 1113 1068 1166 ad
1107 1127 1249 1166 suos
1282 1111 1537 1181 privatos
1568 1125 1711 1163 usus
1759 1125 1864 1179 per
1894 1124 2027 1179 spe-

358 1201 511 1257 ciem
545 1200 794 1256 honoris
825 1201 898 1255 ad
931 1217 994 1256 se
1025 1200 1100 1256 ob
1125 1200 1526 1271 praefecturam
1561 1197 1712 1251 418
1734 1197 2030 1268 pertinen-

359 1291 459 1361 tis,
491 1289 616 1346 sive
637 1288 879 1345 nomine
906 1293 1086 1360 atque
1109 1287 1485 1343 simulatione
1517 1302 1709 1341 rerum
1739 1286 1798 1339 in
1837 1284 2029 1340 Eccle-

360 1379 451 1437 sia
476 1379 845 1452 pauperibus
875 1376 1588 1440 distribuendarum,furti
1610 1375 1866 1430 efﬁcitur
1897 1391 2027 1444 par-

360 1468 578 1540 ticeps.
612 1467 908 1523 Nimirum
942 1483 1076 1522 cum
1112 1468 1268 1521 fures
1291 1480 1625 1536 coarguere,
1684 1464 2026 1527 admonere,

362 1560 425 1614 et
453 1557 530 1614 ab
563 1571 632 1613 ea
652 1555 966 1628 iniquitate
998 1571 1239 1611 avocare
1268 1554 1597 1620 debuisset;
1630 1552 1755 1623 ipse
1784 1566 2027 1607 manum

2135 589 2274 641 μους
2333 568 2581 638 τούτους,
2643 569 2679 638 ἢ
2721 570 2771 623 ἂν
2821 576 2942 632 τοῖς
3003 570 3265 647 λουτροῖς
3329 574 3813 647 λωποδυτοῦνταςο

2133 655 2282 712 ἀλλά
2323 657 2423 712 κᾶν
2479 678 2622 720 τινες
2675 657 3056 735 στρατοπέδων
3110 664 3412 738 ἠγεμονίαν
3445 672 3561 744 (31)
3589 692 3813 729 mum.

2135 748 2341 814 θέντες,
2391 748 2427 816 ἢ
2482 746 2702 803 πόλεων
2757 747 2848 802 καὶ
2906 748 3073 805 ἐθνῶν
3134 752 3312 829 ἀρχὰς
3338 756 3813 834 παραλαμϐάνον-

2132 855 2241 903 τες,
2302 837 2369 890 τὰ
2429 836 2523 909 μὶν
2582 836 2758 926 λάθρα
2791 838 3150 926 ὑφαιρῶνται,
3208 844 3277 897 τὰ
3326 841 3385 899 δὲ
3414 843 3660 922 δημοσίᾳ
3695 850 3813 926 βιά-

2136 928 2335 993 ζωνται
2367 927 2501 996 (32).
2538 920 2843 997 Λαμϐάνων
2874 924 2932 981 δὲ
2982 930 3132 1004 παρὰ
3178 936 3287 987 τῶν
3327 935 3594 992 τοιούτων
3638 920 3812 996 cive-

2138 1010 2438 1085 μιζόμενος
2504 1014 2698 1089 ἄρχων
2766 1020 2868 1083 τῆς
2944 1016 3294 1090 Ἐκκλησίας,
3354 1019 3479 1091 ἤτοι
3539 1024 3616 1088 εἷς
3668 1024 3809 1083 ίδίαν

2134 1099 2335 1154 αὐτοῦ.
2378 1098 2683 1189 ἀπόλαυσιν
2752 1102 2840 1158 ἐπὶ
2899 1108 3165 1184 προφάσει
3234 1117 3335 1179 τῆς
3392 1108 3810 1189 ἆπιϐαλλούσης

2136 1189 2289 1260 αύτῷ
2347 1196 2517 1261 τιμῆς
2571 1188 2663 1246 διὰ
2690 1196 2791 1257 τῆς
2817 1195 3172 1268 προστασίας,
3206 1198 3241 1267 ἢ
3271 1198 3359 1254 ἐπὶ
3392 1202 3548 1277 Λόγῳ
3577 1211 3681 1274 τῆς
3702 1188 3814 1263 τῶν

2134 1279 2540 1352 πτωχευὸντων
2597 1278 2653 1334 ἐν
2711 1284 2781 1354 τῇ
2832 1281 3134 1356 Ἐκκλησία
3165 1285 3505 1362 οἰκονομίας,
3536 1296 3809 1359 κοινωνός

2135 1364 2249 1454 ἐστι
2302 1364 2542 1432 κλοπ-ἧς’
2601 1369 2722 1423 ἀντὶ
2766 1375 2862 1425 τοῦ
2904 1369 3177 1449 ίλέγχειν,
3225 1377 3317 1431 καὶ
3372 1382 3667 1454 νουθετεῖν,
3715 1387 3808 1441 καὶ

2136 1453 2367 1531 ἀφιστᾷν
2421 1462 2522 1525 τῆς
2585 1455 2806 1521 ἀδικίας
2852 1461 2979 1523 τοὺς
3038 1461 3393 1535 κλέπτοντας,
3447 1453 3658 1544 ῥᾳδίως
3705 1473 3808 1529 ὑπο

2136 1544 2287 1631 ξχων
2319 1544 2418 1612 τήν
2465 1551 2630 1621 χεῖρα
2662 1552 2740 1619 -ᾧ
2791 1545 3069 1621 λήμματι,
3127 1552 3216 1607 καὶ
3274 1557 3585 1631 μακαρίζων
3621 1560 3804 1618 αὐτόν’

362 1645 619 1719 porrigit
646 1645 818 1702 facile
846 1646 915 1701 ad
950 1647 1284 1711 munera,et
1315 1658 1446 1699 eum
1508 1642 1702 1714 ipsum
1746 1641 2024 1713 praedicat

2139 1628 2263 1723 δεον
2314 1633 2581 1723 μειζύνως
2632 1634 2798 1700 αὐτὸς
2849 1644 3044 1710 μισεῖν,
3093 1641 3204 1713 ὅσῳ
3239 1628 3462 1715 μείζονα
3494 1645 3744 1723 κλέπτει,
3778 1653 3807 1708 ὁ

363 1736 818 1807 beatum,quem
838 1734 1031 1807 magis
1045 1737 1385 1806 cportuerat
1401 1748 1465 1787 eo
1479 1730 1665 1801 magis
1682 1729 2026 1799 odisse,quc

2139 1717 2195 1774 δὲ
2241 1720 2494 1793 ἐπαινοίη
2550 1724 2714 1779 αὐτὸν
2770 1723 3087 1804 δορυφορῶν
3138 1732 3229 1785 καὶ
3278 1734 3682 1809 παραπέμπων,
3714 1717 3806 1797 καὶ

360 1826 593 1896 majora
622 1824 871 1878 furatur.
895 1823 1017 1877 Imo
1057 1822 1183 1892 ipse
1240 1819 1413 1875 illum
1451 1817 1671 1888 laudat,
1706 1818 2024 1872 comitatur

2139 1809 2263 1883 περὶ
2313 1811 2430 1907 τὰς-
2459 1811 2623 1907 Θύρας
2670 1816 3061 1907 στρειρόμενος,
3102 1820 3189 1874 καὶ
3233 1825 3343 1877 τῶν
3387 1830 3590 1902 χειρῶν
3632 1828 3804 1886 ἀπτό-

362 1912 742 1985 deducitque,
775 1916 832 1968 et
862 1911 933 1967 ad
970 1913 1125 1967 fores
1179 1926 1423 1966 versans
1478 1925 1576 1964 eas
1632 1906 2024 1980 apprehendit

2141 1920 2326 1991 μενος,
2378 1900 2464 1963 αἱς
2508 1904 2685 1957 πάντα
2710 1904 2921 1975 ὁμοίως
2975 1903 3083 1978 ἰδίᾳ
3111 1909 3201 1963 καὶ
3235 1900 3802 1991 δημοσίᾳήδιεκλάπη.

360 2018 602 2069 manus,
636 2001 853 2073 quibus
884 1998 1158 2056 similiter
1186 1998 1341 2054 clam
1375 2002 1432 2054 et
1473 1996 1703 2069 publice
1751 1998 2029 2065 surrepta

359 2093 509 2146 sunt
537 2089 756 2146 omnia.
791 2088 967 2144 Plane
997 2087 1046 2144 si
1073 2088 1195 2143 haec
1219 2085 1574 2159 peregimus,
1618 2085 1760 2141 socii
1824 2086 2024 2138 furum

357 2179 761 2236 nominamur.
821 2180 1175 2250 Quanquam
1234 2191 1476 2231 necesse
1539 2179 1629 2229 est
1675 2191 1784 2229 nos
1839 2172 2025 2227 totius

356 2268 592 2338 mundi,
621 2268 931 2341 ipsiusque
963 2268 1155 2323 fastus
1193 2263 1655 2336 inaequalitatem
1681 2267 1983 2335 proterere
2008 2277 2020 2315 :

355 2374 501 2415 cum
521 2362 720 2413 tamen
750 2356 810 2412 in
839 2354 1241 2412 tribunalibus
1272 2368 1482 2424 parvos
1512 2352 1671 2408 fures
1709 2368 1744 2406 a
1784 2348 2024 2420 magnis

355 2447 607 2520 punitos
634 2443 1190 2512 videmus,famulos
1220 2442 1458 2514 quidem
1478 2442 1611 2496 odio
1636 2440 1932 2495 habemus
1949 2436 2021 2491 ob

360 2537 666 2609 ejusmodi
690 2537 867 2603 furta,
902 2535 1016 2592 hos
1044 2550 1184 2590 vero
1214 2531 1749 2589 admiramur.lllos
1780 2530 2022 2601 quidem

358 2627 507 2699 quia
539 2626 695 2682 fures
725 2630 1266 2693 sunt,aversamur:
1301 2622 1411 2678 hos
1440 2621 1741 2693 vero,quia
1757 2634 1830 2674 ex
1852 2619 2025 2675 furtis

357 2718 689 2789 congerunt
730 2714 991 2782 divitias,
1049 2711 1286 2767 attoniti
1318 2709 1701 2781 suspicimus.
1753 2710 2023 2773 Quanam

356 2804 477 2860 alia
503 2820 687 2860 causa
715 2806 1121 2875 ccarguuntur
1148 2800 1446 2872 principes
1467 2798 1497 2854 ?

425 2897 524 2951 51.
560 2895 858 2967 Diligontes
885 2891 1431 2964 munera.Apposite
1461 2889 2022 2946 admodumdictum

355 2991 446 3042 est
480 2985 825 3055 :Dilt‘gentes
887 2998 1164 3039 munera:
1214 2998 1329 3037 non
1382 2986 1605 3049 autem,
1654 2978 2026 3051 Accipientes

356 3091 634 3132 munera.
666 3074 756 3130 Sic
777 3074 932 3131 enim
965 3090 1094 3146 quis
1125 3088 1194 3127 ex
1222 3071 1401 3128 ofﬁcii
1428 3070 1656 3126 ratione
1685 3070 1745 3124 in
1778 3069 1909 3123 vitae
1931 3085 2023 3124 so-

357 3165 574 3222 cietate
601 3162 966 3227 tribuuntur,
1017 3162 1270 3217 fuissent
1298 3160 1654 3231 vituperata.
1688 3157 1826 3223 Sed,
1886 3157 2022 3211 Dili-

356 3257 547 3324 gmm
577 3266 832 3320 munera,
866 3251 973 3306 hoc
1002 3253 1116 3317 est,
1147 3248 1469 3320 accipiendi
1514 3246 1845 3318 cupiditate
1876 3245 2023 3302 inla-

363 3342 698 3399 bescentes.
731 3342 1144 3412 Ccarguuntur
1174 3343 1374 3393 autem
1406 3336 1726 3409 principes,
1760 3335 1918 3405 quod
1942 3335 2025 3390 di-

360 3429 679 3487 lectionem
712 3432 975 3484 sanctam
1009 3427 1325 3483 effundunt
1354 3426 1510 3482 circa
1537 3424 1663 3480 haec
1694 3423 1941 3479 evanida
1969 3429 2028 3480 et

363 3516 997 3591 terrestriqSiquidem
1010 3516 1329 3572 Dominum
1344 3515 1529 3571 Deum
1542 3510 2027 3585 oportetdiligere

366 3623 436 3664 ea
458 3611 592 3664 tota
617 3605 852 3673 virtute,
874 3622 1004 3678 qua:
1023 3605 1196 3661 nobis
1228 3605 1381 3660 inest
1408 3604 1480 3658 ad
1504 3601 1896 3674 diligendum.
1932 3601 2026 3656 Di-

366 3694 649 3769 ligendus
669 3694 914 3766 insuper
933 3693 1240 3766 proximus
1264 3708 1277 3749 :
1303 3698 1443 3748 sunt
1472 3705 1709 3764 quoque
1727 3695 1786 3745 et
1805 3690 2027 3746 inimici

366 3783 753 3857 diligendi,ut
772 3783 961 3839 simus
991 3783 1258 3855 perfecti,
1278 3782 1586 3837 imitantes
1601 3779 2025 3848 benignitatem

362 3872 557 3931 Patris
589 3873 799 3940 nostri,
841 3872 941 3944 qui
998 3873 1058 3928 in
1090 3871 1254 3928 ccelis
1301 3877 1419 3937 est;
1479 3872 1582 3942 qui
1635 3868 1817 3925 solem
1851 3886 2024 3926 suum

359 3964 503 4020 oriri
530 3961 673 4019 facit
722 3977 900 4033 super
928 3962 1114 4019 bonos
1136 3965 1195 4017 et
1221 3961 1407 4016 malos
1428 3961 1491 4014 ⁵³.
1525 3964 1707 4015 Porro
1755 3957 1917 4013 nefas
1939 3964 2027 4015 est

334 4051 418 4109 ‘in
450 4053 571 4110 alia
591 4067 896 4124 perperam
923 4066 1277 4107 consumere
1306 4050 1420 4105 vim
1454 4047 1942 4120 diligendi.Quod
1976 4048 2024 4104 si

360 4143 592 4200 malum
620 4147 732 4213 est,
755 4147 961 4214 praeter
987 4158 1056 4197 ea
1086 4157 1218 4213 quas
1252 4144 1575 4196 memorata
1601 4142 1767 4206 sunt,
1787 4137 2027 4210 diligere

360 4230 520 4288 aliud
553 4229 827 4303 quidvis:
862 4229 963 4302 qui
996 4231 1313 4301 argentum
1364 4228 1567 4283 eodem
1600 4227 1779 4282 modo
1811 4225 2025 4298 diligit,

360 4335 478 4392 quo
504 4319 819 4377 Dominum
859 4320 1045 4375 Deum
1096 4317 1343 4389 diligere
1399 4318 1593 4385 debet,
1641 4315 1925 4373 nimirum
1959 4334 2027 4373 ex

360 4411 485 4468 toto
513 4410 689 4467 corde
718 4425 846 4475 suo,
877 4417 937 4466 et
964 4426 1036 4465 ex
1066 4413 1193 4465 tota
1224 4407 1423 4463 anima
1453 4425 1583 4479 sua,
1645 4413 1704 4463 et
1759 4424 1826 4462 ex
1875 4411 2025 4465 tota-

368 4503 566 4555 mente
596 4514 706 4554 sua
735 4498 818 4554 ³⁸ε
850 4497 951 4553 ille
994 4512 1134 4553 cum
1197 4496 1440 4551 Domino
1488 4496 1708 4552 servire
1766 4494 2026 4562 deberet,

2137 1990 2231 2060 Τῷ
2284 1985 2402 2043 ὄντι
2447 1995 2616 2046 ταῦτα
2662 1997 2968 2066 ποιοῦντες,
3010 1998 3267 2053 κοινωνοὶ
3316 1999 3564 2059 κλεπτῶν
3598 1985 3804 2082 ὄνομα-

2139 2075 2368 2165 ζύμεθα.
2430 2081 2561 2135 Δὲον
2608 2089 2936 2137 καταπατεῖν
2993 2087 3143 2158 ἡμᾶς
3194 2090 3295 2158 τὴν
3352 2075 3803 2165 ἀνωμαλίαντοῦ

2133 2162 2353 2240 κὸσμου
2410 2170 2611 2232 παντὸς
2668 2171 2761 2225 καὶ
2818 2176 2926 2227 τῶν
2984 2174 3036 2228 ἐν
3093 2175 3243 2250 αύτῷ
3298 2162 3627 2249 φαντασιῶν·
3674 2186 3800 2243 ὅταν

2134 2254 2345 2347 ἴδωμεν
2397 2256 2451 2313 ἐν
2509 2265 2625 2322 τοῖς
2680 2257 3056 2337 δικαστηρίοις
3108 2267 3237 2329 τοὺς
3291 2270 3519 2347 μικροὺς
3560 2272 3800 2341 κλιπτας

2135 2346 2238 2401 ὑπὸ
2295 2350 2407 2401 τῶν
2470 2348 2722 2425 μεγάλων
2774 2350 3196 2426 κολαζομένους,
3254 2358 3504 2423 καὶτοὺς
3533 2364 3629 2435 μὲν
3658 2364 3798 2421 olnt-

2287 2441 2558 2528 μισοῦμεν
2616 2436 2707 2493 διὰ
2760 2445 2947 2508 ταῦτα,
2994 2444 3228 2510 τούτους
3277 2444 3357 2515 at,
3421 2450 3789 2528 Θαυμάζομεν.

2132 2524 2277 2612 Τοὺς
2342 2526 2440 2598 μὶν
2497 2527 2619 2603 γὰρ,
2682 2530 2764 2583 δτι
2794 2528 3022 2586 κλᾶπται
3055 2533 3213 2601 εἰσὶν,
3244 2534 3637 2612 ἆκτρεπόμεθα·
3668 2524 3797 2607 τοὺς

2266 2613 2352 2669 δτι
2395 2614 2727 2672 πλουτοῦσιν
2761 2616 2821 2674 iv.
2846 2622 2946 2689 τῆς
2979 2618 3222 2693 κλοπῆς,
3250 2611 3695 2704 ἐκπλησσόμεθα.
3725 2633 3790 2688 Τί

2133 2701 2275 2759 ἄλλο
2307 2710 2737 2781 κατηγοροῦνται
2766 2710 2817 2763 οἱ
2844 2708 3107 2786 ἄρχοντες
3132 2730 3146 2783 ;

2202 2886 2294 2941 51.
2342 2888 2688 2959 Ἀγαπῶντες
2742 2884 2908 2963 δῶρα.
2968 2891 3114 2948 Πάνυ
3174 2889 3413 2968 ἀκριϐῶς
3457 2894 3668 2970 εἴρηται
3699 2903 3785 2971 τὸ,

2133 2974 2201 3030 Οἱ
2286 2974 2602 3049 ἀγαπῶντες
2673 2973 2842 3051 δῶρα,
2915 2979 3075 3055 οὐχὶ,
3161 2977 3538 3056 Λαμϐάνοντες
3613 2985 3782 3061 δῶρα.

2132 3061 2286 3117 Οὕτω
2339 3064 2443 3152 γὰρ
2502 3063 2563 3152 ἀν
2621 3066 2711 3119 καὶ
2767 3068 2834 3122 τὰ
2883 3070 3238 3140 καθηκόντως
3292 3073 3343 3127 ὲν
3379 3078 3496 3136 ταῖς
3524 3080 3622 3129 τοῦ
3659 3077 3780 3152 βίου

2132 3150 2447 3214 κοινωνίαις
2505 3150 2769 3227 διδόμενα
2824 3153 3172 3228 διεϐέϐλητο’
3233 3157 3377 3229 ἀλλ’,
3433 3150 3782 3238 Ἀγαπῶντες

2136 3239 2308 3326 δῶρα,
2360 3244 2607 3298 τουτέστι
2658 3246 3089 3319 προστετηκότες
3146 3252 3214 3324 τῇ
3274 3250 3654 3326 ὶπιθυμίᾳ,τῇ
3690 3254 3786 3309 τοῦ

2133 3325 2456 3403 λαμϐάνειν,
2512 3334 2823 3409 Κατηγορία
2874 3331 2932 3389 δὶ
2983 3341 3093 3391 τῶν
3153 3338 3437 3414 ἀρχόντων
3468 3383 3485 3411 ,
3540 3325 3665 3417 περὶ
3719 3344 3786 3398 τὰ

2134 3420 2342 3495 φθαρτά
2394 3421 2485 3507 καὶ
2541 3421 2612 3476 τὰ
2664 3423 2827 3497 γήινα
2851 3425 2952 3493 τήν
3010 3426 3158 3503 ἱερὰν
3202 3428 3420 3504 ἀγάπην
3481 3428 3781 3507 ἐκκεχυμέ-

2133 3529 2232 3597 νην
2259 3510 2370 3583 (33)
2401 3506 2567 3586 ἔχειν.
2627 3511 2826 3586 Κύριον
2873 3515 2975 3590 γὰρ
3005 3517 3096 3571 τὸν
3130 3518 3261 3573 Θεὸν
3289 3518 3496 3593 ἀγαπᾷν
3526 3516 3608 3575 δεῖ
3634 3506 3775 3597 πάσῃ

2132 3595 2203 3670 τῇ
2250 3597 2634 3675 ὶνυπαρχούσῃ
2666 3603 2801 3675 ἡμῖν
2843 3604 2980 3678 πρὸς
3028 3606 3090 3661 τὸ
3147 3606 3354 3682 ἀγαπᾷν
3388 3605 3636 3682 δυνάμει,
3692 3595 3779 3665 καὶ

2134 3685 2344 3760 ἀγαπᾷν
2415 3693 2507 3744 καὶ
2568 3691 2661 3745 τὸν
2735 3690 2995 3763 πλησίον,
3069 3696 3160 3751 καὶ
3236 3697 3443 3773 ἀγαπᾷν
3512 3699 3602 3754 καί
3660 3700 3785 3764 τοὺς

2135 3775 2391 3852 ἐχθροὺς,
2443 3776 2537 3833 ἵνα
2593 3778 2741 3852 ὦμεν
2772 3780 2999 3852 τίλειοι,
3055 3788 3389 3859 μιμούμενοι
3419 3789 3520 3858 τὴν
3550 3788 3785 3864 χρηστό-

2131 3885 2271 3936 τητα
2305 3872 2401 3922 τοῦ
2452 3869 2505 3923 ἑν
2546 3867 2796 3942 οὐρανοῖς
2852 3874 3083 3947 Πατρὸς,
3140 3879 3240 3931 τοῦ
3295 3876 3387 3931 τὸν
3443 3875 3608 3947 ἥλιον
3666 3879 3784 3933 εαυ-

2132 3958 2230 4010 τοῦ
2274 3958 2387 4029 (34)
2417 3956 2815 4022 ἀνατέλλοντος
2847 3961 2936 4016 ἐπὶ
2984 3965 3261 4039 πονηροὺς
3292 3966 3382 4021 καὶ
3411 3966 3663 4042 ἀγαθούς.
3698 3966 3789 4029 Εἲς

2135 4042 2279 4099 ἄλλα
2336 4044 2394 4100 δὲ
2446 4048 2547 4115 τὴν
2604 4052 2702 4101 τοῦ
2760 4048 2966 4125 ἀγαπᾷν
3013 4051 3242 4128 δύναμιν
3275 4055 3697 4128 παραναλίσκειν
3725 4056 3788 4111 ού

2135 4136 2574 4210 συγκεχώρηται.
2637 4136 2698 4191 Εἰ
2747 4135 2804 4194 δὲ
2828 4143 3070 4216 πονηρόν
3100 4145 3212 4200 ἑστι
3243 4144 3333 4199 καὶ
3365 4143 3546 4201 ὁτιοῦν
3573 4145 3781 4221 ἀγαπᾷν

2133 4223 2281 4298 παρά
2301 4223 2376 4311 ’τὰ
2404 4223 2687 4299 εἰρημένα·
2722 4228 2750 4281 ὁ
2777 4229 2999 4304 ἀγαπῶν
3030 4233 3290 4310 ἀργύριον
3324 4234 3521 4303 οὕτως,
3555 4236 3631 4298 ὠς
3661 4236 3788 4311 ἀγα-

2134 4316 2237 4382 πᾷν
2272 4308 2476 4389 ὤφειλε
2508 4315 2700 4387 Κύριον
2728 4317 2819 4372 τὸν
2838 4318 3048 4392 Θεὸν,ὲξ
3080 4308 3219 4394 ὅλης
3246 4330 3345 4395 τῆς
3374 4322 3598 4400 καρδίας
3630 4308 3792 4379 αὐτοῦ

2135 4401 2224 4456 καὶ
2247 4401 2297 4471 ἐξ
2328 4400 2466 4471 ὅλης
2494 4410 2593 4472 τῆς
2623 4408 2805 4480 ψυχῆς
2839 4407 3025 4479 αὐτοῦ,
3057 4413 3147 4467 καὶ
3180 4414 3230 4486 ἒξ
3258 4413 3398 4483 ὅλης
3427 4418 3527 4480 τῆς
3555 4411 3792 4475 διανοίας

2138 4491 2361 4559 αὐτοῦ,ὁ
2386 4496 2638 4558 τοιοῦτος
2667 4495 2780 4550 ἀντὶ
2810 4501 2907 4551 τοῦ
2936 4495 3211 4558 δουλεύειν
3234 4507 3316 4576 τῷ
3340 4500 3792 4579 Κυρίῳ,δουλεύει

368 4587 548 4642 servit
574 4601 947 4651 mammonae,
981 4599 1121 4641 cum
1156 4582 1486 4640 dilectionis
1537 4599 1880 4640 mensuram
1916 4583 2024 4641 Dec

2139 4585 2221 4654 τῷ
2254 4586 2559 4653 μαμμωνᾷ,
2598 4584 2661 4638 τὸ
2691 4589 2769 4655 τῷ
2794 4584 2910 4658 Θεῷ
2940 4587 3299 4665 ὀφειλόμενον
3331 4596 3432 4657 τῆς
3464 4593 3675 4668 ἀγάπης
3708 4592 3801 4665 μά-

369 4673 629 4731 debitam
660 4673 721 4729 in
752 4679 1068 4745 argentum
1090 4671 1427 4727 transferat.
1453 4673 1678 4727 Idcirco
1700 4670 1947 4726 avaritia
1968 4674 2024 4728 ﬁt

2139 4690 2265 4745 τρον
2299 4669 2388 4724 ἐπὶ
2441 4671 2503 4725 τὸ
2548 4671 2803 4747 ἀργύριον
2856 4678 3124 4747 μεταθείς.
3177 4683 3275 4736 Διὰ
3318 4685 3482 4738 τοῦτο
3512 4680 3709 4756 γίνεται
3758 4683 3797 4750 ἡ

366 4758 722 4833 idololatria,
757 4763 916 4835 quod
966 4776 1239 4829 munera,
1272 4777 1397 4830 quis
1457 4761 1706 4817 Domino
1737 4759 1854 4815 Deo
1886 4760 2024 4817 olfe-

2139 4758 2429 4830 πλεονεξία
2460 4756 2913 4847 εἷδωλολατρεία,
2945 4766 3161 4824 ὲπειδάν
3215 4771 3283 4826 τὰ
3338 4771 3525 4847 Κυρίῳ
3570 4774 3651 4842 τῷ
3675 4774 3794 4841 Θεῷ

366 4856 598 4919 runtur,
632 4852 701 4907 ad
734 4857 971 4908 terrena
999 4847 1346 4920 exportarit.
1378 4848 1544 4905 Jussi
1588 4847 1774 4921 igitur
1816 4864 2024 4906 sumus

2139 4848 2557 4927 προσφερόμενα
2614 4846 2767 4926 δῶρα
2823 4852 2911 4908 επὶ
2963 4856 3034 4912 τὰ
3084 4860 3253 4934 γήινα
3313 4857 3603 4936 μετενίγκῃ
3663 4860 3796 4932 (35).

434 5023 482 5059 ³³
500 5022 708 5083 Matth.
733 5042 789 5093 v,
821 5024 914 5082 45.
946 5023 994 5061 ³³
1026 5018 1240 5078 Matth.
1273 5037 1412 5093 xm,
1435 5021 1531 5079 37.

434 5193 545 5269 (31)
575 5197 727 5254 Editi
759 5213 897 5254 cum
932 5197 1136 5253 tribus
1161 5208 1331 5262 mss.,
1361 5190 1685 5267 ἡγεμονίας.
1740 5192 1848 5248 Alii
1881 5199 2024 5268 tres,

362 5263 680 5333 ἡγεμονίαν.
1234 5331 1265 5333 _
1464 5332 1467 5333 ν

440 5284 568 5325 εμον
579 5284 656 5321 ιαν
668 5312 680 5325 .

403 5286 720 5412 γῖὲῧνὲίῖἷῐὶ
750 5344 811 5394 et
836 5355 981 5393 mss.
1017 5331 1319 5412 nonnulli,
1369 5332 1708 5412 ﬁta'zcoigm;
1732 5336 1853 5412 Alii
1887 5340 2023 5407 duo,

367 5401 681 5478 βιάζωνται.
714 5415 1038 5478 Mox_mss._
1060 5412 1208 5478 tres,
1244 5401 1542 5478 λαμϐάνων
1570 5401 1645 5459 δέ.
1668 5406 1817 5463 Editi
1842 5416 1899 5467 et
1928 5401 2025 5469 alii

363 5474 489 5536 duo.
510 5500 680 5550 mss.,
712 5474 985 5554 λαμϐάνει
1020 5474 1392 5554 Bé._8ubinde
1425 5495 1527 5534 sex
1560 5494 1727 5554 ms_s_.,
1751 5480 1778 5533 ὁ
1809 5483 2024 5554 νομιζό-

366 5569 544 5621 μενος.
578 5547 828 5628 Editi,_6
886 5547 1320 5628 ὀνομαζόμενος,
1377 5556 1473 5624 qui
1496 5548 1822 5628 μηρϐιιᾳιαν
1862 5547 2024 5628 prin.

366 5570 544 5621 μενος.
579 5570 757 5621 manu,
799 5570 828 5603 ο
886 5570 981 5603 ovo

361 5636 503 5751 :23.
548 5625 724 5684 Haud
756 5624 935 5694 longe
981 5570 1033 5679 ἃ

426 5715 486 5752 αν
495 5737 510 5755 ο

1027 5617 1154 5677 01b.
1181 5617 1428 5695 primus,
1492 5617 1587 5673 διᾶ
1642 5620 1739 5689 τὴν
1798 5617 2028 5703 προστα-

2208 5200 2322 5271 (33)
2356 5198 2463 5281 U_bi
2497 5202 2775 5281 corrupte
2808 5199 2865 5255 in
2914 5206 3155 5281 excusis
3202 5225 3265 5266 ex
3316 5205 3633 5281 oscitantis
3660 5222 3798 5277 ope-

2134 5270 2336 5354 rarum
2402 5272 2619 5354 legitur
2675 5270 3058 5354 εκκαιομὲνηγ,
3114 5279 3244 5354 [δεῖν
3287 5285 3525 5354 oportet,
3574 5270 3806 5351 ἐκκεχυ-

2138 5343 2332 5417 μὲνην,
2369 5345 2455 5399 uti
2490 5343 2709 5399 habent
2738 5343 3266 5416 uterqueCombet‘.
3299 5343 3359 5409 et
3416 5351 3517 5407 alii
3548 5343 3806 5422 quatuor

2136 5435 2322 5560 (ﬂigi)
2357 5485 2455 5542 Sic
2485 5484 2675 5541 nostri
2707 5499 2807 5560 sex
2838 5500 2977 5541 mss.
3016 5494 3087 5543 At
3112 5492 3275 5559 editi,
3308 5493 3494 5549 αὐτοῦ.

2358 5560 2504 5630 Reg.
2541 5554 2843 5612 secundus
2897 5562 2955 5611 et
2983 5565 3221 5634 uterque
3249 5554 3439 5635 Colb.,
3489 5560 3809 5636 μετενέγκας

2132 5653 2237 5696 τις.
