4130 6384
335 361 454 424 213

1193 358 1601 421 COMMENT.
1646 360 1726 422 ΙΝ
1771 360 2040 423 ISAIAM
2089 360 2594 423 PROPHETAM.
2641 361 2813 422 CAP.
2860 362 2912 423 Ῑ.

3643 359 3764 423 2M

335 487 791 567 Προστετάγμεθα
833 484 925 544 οὗν
980 489 1057 562 μὴ
1108 489 1318 565 ἀγαπᾷν
1367 491 1436 545 τὰ
1488 487 1660 566 δῶρα,
1701 490 1838 546 ὥστε
1867 492 1962 546 τού

2107 511 2217 549 non
2253 494 2492 566 diligere
2529 512 2806 562 munera;
2842 493 2923 550 ita
2953 497 3017 550 ut
3046 493 3261 550 horum
3308 510 3489 551 causa
3537 493 3612 551 iis
3662 495 3761 566 qui

332 603 440 637 των
471 579 629 637 ἕνεκα
659 577 851 635 πολλὰ
878 583 985 635 τῶν
1030 580 1495 656 ἀπηγορευμένων
1543 587 1847 658 συγχωρεῖν
1877 589 1962 637 τοῑ

2106 601 2213 640 nos
2239 586 2476 651 adeunt,
2512 585 2729 641 multas
2763 602 2856 641 res
2889 583 3212 657 probibitas
3235 585 3667 656 permittamus.
3690 585 3756 640 In

331 674 640 747 προσιοῦσι.
700 667 950 724 Καθόλου
1005 666 1062 724 δὲ
1111 668 1238 725 οὑδὲ
1286 671 1352 724 τὰ
1402 675 1627 726 τοιαῦτα
1666 669 1814 746 δῶρα
1863 673 1993 747 ἀγα-

331 765 435 832 πᾷν
485 763 620 833 ἡμῖν
656 759 684 814 ὁ
716 754 887 833 λόγος
940 755 1182 830 δίδωσιν,
1231 756 1359 813 οὐδὲ
1388 758 1644 832 ἐμπαθῶς
1693 758 1988 824 διακεῖσθαι

329 850 454 924 περὶ
491 849 642 904 αὑτά·
679 845 808 903 ἀλλ’
838 849 915 909 ὡς
967 847 1252 923 ἀναγκαίαν
1308 848 1483 904 αὐτῶν
1518 850 1615 918 τὴν
1650 847 1987 925 λειτουργίαν

2105 690 2337 729 summa
2368 680 2563 730 autem
2598 690 2786 746 neque
2807 673 3098 746 ejusmodi
3119 674 3360 744 diligere
3385 674 3541 728 dona
3564 689 3754 745 neque

2105 767 2338 820 studere
2369 782 2476 820 nos
2505 765 2654 836 ipsis
2685 764 2826 819 sinit
2854 765 3190 834 Scriptura:
3226 764 3328 818 sed
3362 779 3564 818 eorum
3623 763 3753 817 ofﬂ-

2101 853 2254 908 cium
2283 855 2753 925 obsequiumque
2781 854 2865 908 uti
2895 851 3290 908 necessarium
3327 851 3748 923 suscipiamus.

333 936 735 1014 ὑποδεχόμενοι
785 937 937 1010 (36).
1002 937 1323 1013 Ἀμήχανον
1397 939 1496 1013 γὰρ
1555 940 1649 1011 τὸ,
1704 940 1790 1009 Ἐξ
1849 937 1954 1010 ὅλη

2099 943 2324 999 Etenim
2358 944 2524 1014 illud,
2549 945 2632 998 Ex
2658 947 2766 999 toto
2797 943 2979 1012 corde,
3015 945 3071 996 in
3097 941 3258 997 aliud
3299 941 3479 996 dividi
3523 941 3747 1012 nequit.

329 1025 594 1102 καρδίας,
653 1027 917 1102 μερισμόν
997 1047 1120 1080 τινα
1197 1026 1273 1088 εἷς
1346 1024 1529 1102 ἕτερον
1592 1026 1930 1098 ἐπιδέξασθαι
1971 1071 1984 1086 .

331 1120 534 1193 ’Ὠσπερ
594 1117 698 1192 γὰρ
755 1114 808 1170 ἐν
870 1114 1078 1191 ἀγγείῳ
1137 1115 1564 1192 πεπληρωμένῳ
1595 1118 1740 1180 τινὸς
1794 1119 1984 1192 ὑγροῦ,

330 1206 455 1262 ὅσον
508 1204 566 1260 ἃν
619 1206 785 1281 έκρυῇ
835 1206 971 1280 πρὸς
1015 1207 1083 1260 τὰ
1138 1209 1251 1279 (37)
1298 1204 1422 1278 ἔξω,
1473 1212 1729 1263 τοσοῦτον
1771 1209 1977 1284 ἀνάγκη

325 1302 424 1364 τῆς
476 1293 819 1371 πληρώσεως
869 1293 1111 1350 ἀποδεῖν’
1166 1294 1310 1350 οὕτω
1350 1297 1440 1351 καὶ
1492 1296 1580 1351 ἐπὶ
1628 1304 1726 1366 τῆς
1771 1301 1977 1373 ψυχῆς,

323 1383 448 1438 ὅσον
508 1382 568 1438 ἂν
630 1384 766 1458 αὐτῇ
843 1387 944 1452 τῆς
1021 1383 1235 1460 ἀγάπης
1312 1383 1394 1460 ἐφ’
1454 1385 1486 1439 ἃ
1548 1387 1622 1458 μὴ
1683 1393 1927 1458 προσῆκε
1961 1431 1977 1457 ,

318 1477 576 1528 τοσοῦτον
631 1471 824 1528 ἐνδέειν
873 1472 1078 1549 ἀνάγκη
1127 1474 1267 1550 πρὸς
1306 1475 1399 1529 τὸν
1450 1477 1601 1531 Θεόν.
1635 1475 1694 1532 Ὁ
1743 1473 1801 1529 δὶ
1840 1477 1976 1546 ἅπαξ

319 1563 573 1635 ὁρμήσας
601 1564 805 1637 ἀγαπᾷν
853 1561 1131 1638 ἀργύριον,
1183 1568 1354 1618 πᾶσαν
1403 1563 1513 1618 ἐκεῖ
1546 1570 1834 1637 μετακενοῖ
1862 1568 1977 1636 (38)

317 1651 423 1720 τήν
482 1649 717 1726 ἀγάπην.
779 1652 839 1708 Ὁ
896 1652 1000 1728 γὰρ
1059 1651 1286 1726 ἀγαπῶν
1345 1653 1640 1730 ἀργύριον,
1699 1653 1760 1708 οὐ
1820 1654 1972 1726 πλη-

320 1739 576 1810 σθήσεται
606 1739 890 1817 ἀργυρίου.

2096 1034 2601 1097 Quemadmodum
2622 1034 2777 1086 enim
2800 1032 2855 1085 in
2874 1031 3264 1103 vaseliquoris
3285 1030 3540 1100 alicujus
3554 1029 3748 1099 pleno,

2095 1129 2377 1194 quantum
2408 1140 2474 1177 ex
2507 1139 2572 1178 eo
2601 1123 2756 1176 foras
2787 1121 3117 1185 deﬂuxerit,
3144 1126 3373 1175 tantum
3396 1120 3468 1174 ad
3489 1120 3749 1190 comple-

2093 1217 2359 1267 mentum
2383 1214 2534 1267 desit
2557 1228 2798 1267 necesse
2819 1216 2909 1267 est
2932 1228 2943 1265 :
2970 1212 3051 1266 ita
3067 1216 3123 1265 et
3146 1211 3202 1264 in
3223 1209 3439 1276 anima,
3456 1213 3745 1280 quantum

2081 1302 2424 1356 dilectionis
2457 1318 2594 1372 erga
2625 1318 2691 1355 ea
2721 1318 2848 1372 qum
2873 1305 3068 1356 amata
3094 1316 3208 1354 non
3233 1299 3508 1370 oportuit,
3531 1298 3746 1354 exhau-

2090 1397 2249 1445 stum
2287 1391 2478 1454 fuerit,
2511 1397 2741 1445 tantum
2775 1392 2822 1445 ei
2846 1391 2917 1444 ad
2944 1391 3125 1445 Deum
3152 1389 3516 1460 diligendum
3538 1389 3742 1444 deesse

2088 1496 2328 1535 necesse
2357 1486 2463 1534 est.
2500 1480 2610 1544 Qui
2638 1480 2795 1534 enim
2829 1479 3011 1535 semel
3043 1479 3102 1533 in
3135 1479 3400 1532 animum
3434 1477 3735 1533 induxerit

2088 1569 2331 1641 diligere
2362 1575 2691 1640 argentum,
2725 1567 3096 1624 dilectionem
3133 1583 3365 1622 omnem
3411 1566 3530 1622 illio
3560 1568 3733 1622 absu-

2087 1659 2197 1713 mit
2252 1660 2358 1727 Qui
2387 1661 2535 1714 enim
2561 1659 2752 1727 diligit
2779 1667 3100 1729 argentum,
3130 1671 3239 1712 non
3269 1655 3594 1726 implebitur
3618 1657 3730 1728 lar-

2083 1753 2241 1819 gento
2255 1749 2318 1803 3‘.

386 1830 479 1885 52.
535 1829 836 1891 Διώκοντες
912 1827 1282 1903 ἀνταπόδομα.
1361 1831 1629 1906 Μέγιστον
1704 1833 1912 1907 κατηγό
1948 1865 1962 1876 -

2153 1838 2240 1893 52.
2277 1839 2660 1908 Persequentes
2689 1837 3124 1893 retributionem.
3156 1835 3408 1891 Maxima
3464 1835 3617 1890 419
3666 1834 3727 1890 in

319 1937 474 1995 ρημα
517 1915 810 1994 ἄρχοντος,
857 1919 1156 1994 πρόχειρον
1219 1919 1350 1974 εἶναι
1408 1921 1545 1996 πρὸς
1599 1919 1828 1994 ἄμυναν,
1880 1924 1968 1977 καὶ

312 2007 474 2062 παντὶ
504 2007 695 2083 τρόπῳ
725 2006 959 2063 ἐπινοεῖν
990 2008 1128 2062 κατά
1155 2012 1264 2064 τῶν
1297 2007 1691 2080 λελυπηκότων
1733 2012 1831 2080 τὴν
1861 2017 1969 2067 τῶν

314 2095 524 2169 ὁμοίων
585 2094 878 2154 ἀντίδοσιν.
934 2101 1058 2160 Πῶς
1118 2099 1222 2175 γὰρ
1278 2095 1478 2170 διδάξει
1534 2097 1718 2176 ἕτερον
1776 2099 1971 2174 μηδενὶ

312 2185 477 2240 κακὸν
511 2185 626 2240 ἀντὶ
659 2190 833 2240 κακοῦ
872 2183 1218 2256 ἀποδιδόναι,
1274 2189 1302 2242 ὁ
1347 2190 1518 2243 πάντα
1565 2194 1738 2244 ποιῶν
1789 2189 1866 2252 εἰς
1906 2192 1970 2246 τὸ

311 2274 617 2348 ἀμύνασθαι
668 2274 758 2330 καὶ
814 2274 1177 2346 ἀντιλυπῆσαι
1224 2275 1316 2330 τὸν
1377 2275 1658 2352 βλάψαντα
1693 2297 1706 2348 ;
1744 2281 1818 2352 μὴ
1878 2301 1969 2352 μι-

316 2363 589 2437 μούμενος
617 2365 716 2433 τὴν
765 2363 1050 2440 πραότητα
1094 2370 1192 2420 τοῦ
1241 2361 1407 2420 Δαϐὶδ
1441 2365 1714 2443 λέγοντος*
1754 2369 1814 2424 Εἰ
1843 2370 1968 2423 ἀντ-

311 2451 567 2508 απέδωκα
638 2459 755 2515 τοῖς
828 2452 1247 2509 ἀνταποδιδοῦσί
1327 2476 1420 2528 μοι
1478 2458 1637 2511 κακά·
1697 2460 1837 2530 μήτε
1911 2455 1969 2512 δὲ

309 2547 406 2598 τοῦ
454 2542 722 2617 Ἱερεμίου
769 2545 1136 2616 μεμνημένος,
1177 2543 1260 2599 ὅτι
1314 2545 1545 2620 Ἀγαθὸν
1603 2544 1779 2622 ἀνδρὶ,
1839 2546 1963 2602 ὅταν

311 2629 414 2707 ἄρῃ
481 2631 642 2706 ζυγὸν
699 2631 760 2686 έκ
837 2631 1088 2702 νεότητος
1169 2634 1358 2689 αὐτοῦ’
1434 2637 1727 2706 καθήσεται
1801 2657 1964 2691 κατα-

314 2721 502 2794 μόνας,
562 2720 652 2776 καὶ
712 2722 1072 2794 σιωπήσεται,
1131 2719 1215 2777 ὅτι
1272 2723 1401 2794 ἦρεν
1463 2723 1545 2802 ἐφ’
1603 2725 1777 2798 ἑαυτῴ
1828 2729 1960 2800 (39).

308 2811 480 2866 Δώσει
537 2814 618 2883 τῷ
693 2809 910 2865 παίοντι
984 2810 1142 2866 αὐτὸν
1221 2811 1466 2887 σιαγόνα,
1528 2817 1965 2889 χορτασθήσεται

309 2897 658 2973 ὀνειδισμῶν.
701 2900 770 2957 Τί
822 2897 880 2955 δὶ
924 2897 1006 2956 δεῖ
1054 2900 1233 2976 λέγειν
1285 2902 1410 2976 περὶ
1460 2907 1567 2957 τῶν
1618 2909 1714 2959 τοῦ
1766 2905 1961 2980 Κυρίου

309 2986 680 3064 διδαγμάτων,
731 2987 881 3052 ὅπως
929 2990 1108 3044 αὐτῶν
1164 2996 1592 3067 καταφρονοῦσιν
1641 2995 1692 3047 οἱ
1727 2991 1960 3049 διώκον-

306 3097 396 3139 τες
447 3075 803 3149 ἀνταπόδομα
835 3097 850 3147 ;
881 3083 978 3132 τοῦ
1028 3079 1230 3154 Κυρίου
1287 3079 1570 3154 λέγοντοςο
1627 3081 1748 3135 Ἐάν
1792 3081 1874 3145 τίς
1903 3103 1960 3137 σε

310 3165 510 3242 ῥαπίσῃ
584 3166 660 3228 εἶς
735 3168 834 3234 τὴν
919 3163 1092 3236 δεξιὰν
1172 3167 1442 3240 σιαγόνα,
1499 3167 1727 3241 στρέψον
1809 3171 1959 3242 αὑτῷ

303 3231 394 3310 καὶ
553 3254 754 3328 ἄλλην.
794 3231 1003 3312 -Παντὶν
1039 3259 1134 3331 μὶν
1191 3231 1288 3315 οὖν
1319 3231 1685 3335 κατηγόρημα
1731 3260 1794 3315 τὸ
1825 3231 1956 3314 Sub.-
1988 3231 2031 3297 Ο

300 3366 414 3400 κειν
446 3343 821 3420 ἀνταπόδομα·
860 3345 1095 3419 μάλιστα
1143 3344 1200 3401 δὲ
1247 3347 1370 3402 ὅταν
1420 3349 1527 3403 ἀπὸ
1568 3356 1668 3418 τῆς
1702 3351 1957 3426 ἄρχοντι-

297 3439 400 3504 κῆς
434 3433 679 3504 ἐξουσίας
722 3438 886 3489 τοῦτο
915 3439 1050 3508 ποιῇ
1098 3455 1203 3498 τις’
1235 3434 1358 3490 δέον
1391 3433 1536 3512 ἔργῳ
1566 3441 1678 3510 (40)
1706 3437 1958 3494 διδάσκα-

302 3520 398 3577 λον
431 3526 538 3576 τῶν
572 3522 678 3576 ἀπὸ
707 3529 808 3591 τῆς
864 3523 1150 3595 ὑπομονῆς
1195 3523 1378 3579 καλῶν
1421 3525 1660 3599 γίνεσθαι
1690 3532 1770 3599 τῷ
1802 3526 1946 3600 λαῷ,

298 3614 430 3670 Οῖον
463 3612 567 3687 γὰρ
600 3611 809 3685 θέαμαῖ
843 3615 961 3675 πῶς
1012 3613 1209 3686 σεμνὸν
1268 3614 1358 3668 καὶ
1409 3615 1705 3687 θαυμάσιον
1737 3617 1826 3670 καὶ
1863 3640 1954 3690 μι-

297 3705 436 3776 κροῦ
465 3701 564 3768 τὴν
598 3699 755 3778 φύσιν
801 3701 901 3770 τήν
946 3701 1293 3777 ἀνθρωπίνην
1326 3698 1572 3758 ἐκϐαῖνον
1603 3707 1736 3779 (41),
1767 3704 1957 3761 πολλά

300 3787 693 3866 λοιδορηθέντα
759 3789 852 3844 καί
920 3811 1027 3844 που
1085 3791 1173 3845 καὶ
1241 3790 1464 3868 πληγήν
1522 3789 1808 3866 δεξάμενον
1866 3794 1952 3849 ἐπι

295 3879 524 3956 κόρρης,
573 3879 664 3933 καὶ
713 3875 859 3934 ἄλλά
905 3878 1071 3954 μυρία
1118 3877 1382 3952 παθόντα,
1414 3883 1501 3936 καὶ
1537 3881 1686 3957 λόγῳ
1862 3883 1952 3938 καὶ

296 3963 443 4044 ἔργῳ
487 3968 626 4044 πρὸς
681 3968 781 4035 τὴν
834 3966 1071 4044 ἂσχάτην
1123 3971 1344 4042 ἀτιμίαν
1396 3970 1668 4048 φερόντων
1699 3975 1834 4046 (43)’
1874 3977 1948 4046 μή

296 4057 582 4133 ὑπερζέσαι
642 4058 804 4130 Θυμῷ
837 4099 852 4126 ,
909 4055 1051 4130 μηδὲ
1104 4055 1452 4125 διαναστῆναι
1503 4061 1640 4133 πρὸς
1698 4061 1905 4135 ἄμυναν
1935 4106 1950 4131 ,

296 4145 444 4203 ἀλλά
488 4149 676 4222 πράως
714 4147 806 4201 καὶ
857 4147 1146 4224 ἀοργήτως
1195 4149 1511 4221 ἀναστάντα,
1559 4151 1950 4226 προσεύξασθαι

2084 1927 2406 1999 principem
2439 1927 2735 1982 accusatio
2765 1932 2874 1993 est,
2897 1925 3231 1997 expeditum
3281 1941 3410 1980 esse
3462 1929 3520 1979 et
3563 1941 3730 1996 para-

2081 2020 2205 2071 tum
2233 2017 2302 2071 ad
2332 2016 2853 2087 vindictam,atque
2874 2015 3151 2070 omnibus
3174 2013 3366 2069 modis
3385 2029 3517 2068 esse
3538 2013 3728 2069 inten-

2079 2111 2231 2169 tum,
2265 2110 2328 2160 ut
2355 2104 2427 2160 iis
2459 2105 2557 2176 qui
2593 2105 2706 2175 ipsi
2742 2102 3074 2159 molestiam
3097 2103 3418 2172 coniecere,
3445 2118 3551 2173 par
3597 2102 3726 2172 pari

2081 2196 2310 2250 referat.
2345 2195 2649 2259 Quomodo
2681 2193 2833 2248 enim
2865 2192 3048 2248 alium
3080 2191 3349 2247 edooebit
3393 2195 3457 2246 ut
3505 2191 3729 2246 nemini

2081 2282 2304 2337 malum
2327 2299 2428 2354 pro
2453 2281 2606 2342 malo
2632 2282 2932 2353 rependat,
2966 2281 3108 2335 dum
3139 2280 3263 2352 ipse
3291 2296 3406 2335 non
3438 2279 3582 2334 nihil
3612 2297 3732 2336 mo-

2078 2371 2238 2436 litur,
2274 2378 2338 2426 ut
2365 2373 2681 2426 vindictam
2734 2375 2948 2435 sumat,
2990 2387 3057 2425 ac
3101 2387 3208 2425 sua
3252 2370 3374 2425 vice
3421 2369 3726 2424 laedentem

2079 2461 2296 2516 alliciat
2337 2460 2650 2515 molestia?
2681 2462 2831 2515 haud
2856 2461 3098 2515 imitans
3130 2458 3366 2514 Davidis
3389 2465 3729 2514 mansuetu-

2076 2550 2294 2619 dinem,
2357 2550 2458 2621 qui
2519 2550 2635 2604 ait:
2697 2550 2757 2604 Si
2805 2549 3024 2604 reddidi
3069 2549 3506 2603 retribueutibux
3576 2547 3728 2604 mihi

2073 2640 2222 2694 mala
2241 2639 2304 2695 ³⁵.
2329 2640 2528 2710 Neque
2549 2639 2728 2694 etiam
2753 2637 3162 2694 commeminit
3183 2636 3478 2692 Jeremiaa:
3504 2637 3716 2692 Bonum

2072 2731 2217 2794 viro,
2251 2746 2377 2785 cum
2405 2730 2705 2798 portaverit
2725 2728 2929 2798 jugum
2958 2743 2990 2781 a
3013 2727 3302 2798 juventute
3329 2742 3430 2780 sua
3457 2744 3469 2780 :
3515 2725 3725 2782 sedebit

2070 2819 2463 2890 singulariter,
2495 2827 2546 2873 et
2593 2817 2804 2886 silebit,
2854 2819 2984 2889 quia
3040 2817 3170 2871 tulit
3217 2832 3381 2886 super
3420 2831 3500 2870 se.
3566 2815 3726 2871 Dabit

2069 2911 2402 2979 percutienti
2430 2925 2486 2964 se
2543 2907 2867 2972 mamillam,
2916 2907 3268 2962 saturabitur
3314 2907 3627 2976 opprobrii:
3655 2905 3721 2960 ⁸⁸.

2070 2999 2216 3062 Quid
2251 3004 2447 3052 autem
2481 2999 2552 3052 de
2583 2995 2814 3051 Domini
2851 2995 3216 3052 documentis
3247 2995 3564 3049 dicendum
3607 2999 3724 3060 est,

2070 3088 2365 3159 quomodo
2394 3104 2459 3140 ea
2491 3089 2878 3155 aspernentur
2899 3084 2993 3150 qui
3018 3087 3457 3154 persequuntur
3476 3080 3728 3137 retribu-

2070 3177 2289 3230 tionem
2313 3173 2337 3229 ?
2360 3171 2833 3243 quandoquidem
2868 3172 3156 3226 Dominus
3187 3171 3303 3225 ait:
3330 3171 3390 3224 Si
3409 3172 3530 3242 quis
3550 3173 3726 3241 impe-

2067 3266 2209 3335 gerit
2238 3264 2461 3334 alapam
2491 3264 2550 3318 in
2607 3262 2895 3317 dexteram
2946 3260 3264 3322 maxillam.
3291 3260 3506 3314 obverte
3554 3260 3645 3314 illi
3673 3263 3730 3314 et

2071 3355 2306 3408 alterum
2334 3352 2398 3406 ³⁷.
2437 3353 2634 3421 Itaque
2661 3349 2934 3420 quisquis
2969 3348 3342 3419 persequitur
3384 3347 3720 3402 retributio-

2068 3459 2199 3497 nem
2234 3441 2610 3511 arguendus;
2639 3439 2891 3492 maxime
2910 3441 3105 3491 autem
3129 3452 3262 3491 cum
3287 3435 3419 3507 quis
3442 3436 3495 3489 id
3523 3437 3716 3505 ipsum

2067 3548 2170 3602 per
2203 3534 2550 3602 potestatem
2585 3527 2694 3582 sibi
2729 3532 2792 3580 ut
2839 3525 2972 3580 duci
3023 3525 3464 3579 convenientem
3515 3524 3713 3594 efficit,

2066 3619 2541 3692 quandoquidem
2565 3633 2748 3688 operae
2774 3615 3030 3687 pretium
3055 3614 3284 3678 fuisset,
3306 3619 3372 3668 ut
3394 3613 3490 3669 ille
3509 3630 3568 3668 re
3585 3613 3714 3685 ipsa

2065 3709 2348 3782 populum
2400 3722 2574 3761 suum
2625 3704 2917 3777 patientiae
2968 3704 3122 3758 bona
3166 3703 3480 3758 docuisset.
3533 3703 3712 3768 Quale

2064 3801 2220 3853 enim
2254 3794 2672 3867 spectaculum,
2707 3809 2883 3864 quam
2911 3791 3186 3863 praeclara
3209 3807 3302 3846 res
3332 3798 3423 3846 est
3447 3796 3505 3846 et
3528 3792 3716 3847 admi-

2062 3887 2288 3943 ratione
2317 3887 2516 3957 digna,
2549 3899 2800 3955 quisque
2832 3882 3259 3952 propemodum
3295 3885 3566 3936 naturam
3601 3880 3715 3936 hu-

2065 3993 2296 4032 manam
2332 3977 2591 4046 superat,
2627 3972 2676 4027 si
2711 3972 2758 4026 is
2791 3971 2886 4042 qui
2926 3969 3453 4040 multisimpetitus
3470 3974 3559 4026 est
3579 3986 3716 4026 con-

2059 4065 2246 4132 viciis,
2279 4070 2380 4120 aut
2414 4063 2558 4118 forte
2587 4063 2763 4117 etiam
2799 4062 2852 4114 in
2881 4059 3118 4114 maxilla
3139 4059 3369 4132 plagam
3393 4060 3637 4131 accepit,
3659 4064 3719 4116 et

2061 4157 2375 4211 innumera
2405 4152 2520 4206 alia
2550 4167 2864 4222 perpessus
2885 4156 2977 4205 est
3008 4148 3180 4214 mala,
3205 4164 3547 4221 quanquam
3571 4165 3717 4204 non-

365 4283 412 4318 “
455 4281 638 4340 Eccle.
665 4299 722 4351 v,
751 4282 806 4340 9.
883 4283 929 4318 ³⁵
957 4283 1114 4341 Psal.
1145 4302 1252 4355 vn,
1282 4286 1337 4340 5.
1414 4285 1460 4321 ⁸⁸
1488 4286 1702 4344 Thren.
1738 4304 1823 4356 ni,
1853 4289 1962 4344 27-:

2120 4289 2164 4323 ³⁷
2196 4286 2402 4342 Matth.
2433 4302 2487 4353 v,
2521 4285 2610 4340 39.

370 4418 483 4543 (36)
515 4417 769 4502 Uterque
798 4417 1058 4476 Combef.
1089 4424 1147 4476 et
1177 4420 1276 4476 alii
1303 4425 1424 4476 tres
1454 4437 1622 4489 mss.,
1667 4420 1742 4484 ὡς
1791 4420 1953 4506 ἀναγ-

396 4508 456 4543 αν
518 4488 683 4543 αὐτου
731 4489 831 4543 τῆν
885 4487 1226 4543 λειτουργίαν
1287 4487 1711 4543 ὑποδεγόιιενον.
1774 4495 1946 4543 Editi-

301 4487 474 4567 καίαν’
518 4487 691 4567 uinci";
731 4489 831 4567 τήν
863 4487 1226 4567 ,λειτουργίαν
1287 4487 1711 4567 ὑποδεχόμενον.
1749 4487 1948 4567 _Editi,

307 4564 382 4638 ᾡς
413 4561 704 4638 ἀναγκαίαν
751 4559 944 4638 αὐτιῖθνΔ
972 4559 1082 4631 τῆν’
1120 4559 1946 4638 ’λειτουργίανίὺποδεχόμενοςξ

299 4637 440 4707 Reg.
475 4627 774 4707 secundus
805 4635 903 4707 uti
927 4635 990 4707 in
1024 4627 1464 4707 contextuiNec
1496 4635 1576 4691 ita
1605 4627 1787 4693 multo
1822 4627 1955 4707 post

300 4702 584 4790 ediiiL’Eﬁ‘
609 4705 754 4790 ὅλης
777 4702 1000 4790 καρδίας
1030 4706 1243 4781 ἀγαπᾷν
1267 4706 1582 4790 ’τὸν-Θεόνζ
1624 4711 1732 4764 Sed
1759 4702 1956 4790 illud,

301 4780 510 4853 ἀγαπᾷν
532 4779 624 4832 τὸν
657 4777 810 4847 Θεόν,
844 4777 901 4834 in
934 4796 1035 4834 sex
1066 4777 1214 4836 mss.
1250 4780 1433 4853 deest.
1462 4780 1685 4853 Ibidem
1711 4786 1959 4853 uterque

295 4849 457 4909 Golb.
485 4857 550 4924 et
581 4855 721 4924 Reg.
750 4853 1068 4924 secundus,
1107 4849 1372 4924 μερισμόν
1400 4870 1541 4907 τινα.
1580 4852 1701 4908 Vox
1748 4849 1959 4910 ultima

305 4924 366 4980 in
401 4923 578 4979 editis
601 4922 1066 4979 desiderabatur.

381 4996 490 5066 (37)
523 4993 778 5066 Uterque
806 4994 989 5064 Colb.,
1029 4993 1090 5048 τό
1139 4997 1269 5052 Mox
1317 4994 1459 5050 editi
1512 5002 1568 5050 et
1617 4998 1736 5051 tres
1787 5011 1956 5062 mss.,

304 5061 427 5150 ξσον
459 5065 517 5150 ἓν
549 5061 740 5150 αὑτῆς.
775 5070 914 5150 Reg.
948 5061 1262 5150 secundus.
1285 5084 1421 5122 cum
1465 5073 1716 5150 utroque
1766 5061 1952 5150 C‘olhbl,

305 5133 980 5215 8eoy_bv_abrﬁ,_rectius.
1007 5140 1218 5215 Stat_ir_n_
1249 5143 1367 5215 tres
1389 5155 1557 5215 mss.,
1583 5133 1661 5215 ἐᾷ
1692 5137 1725 5192 ’ὰ
1751 5137 1826 5210 μή
1853 5133 1954 5215 δεῖς

379 5209 616 5283 (33)-8ἰο
644 5209 904 5283 quinque
938 5228 1080 5266 mss.
1115 5212 1264 5265 Editi
1297 5228 1453 5275 vero,
1499 5209 1632 5264 ἐκεῖ
1657 5209 1955 5282 μετακινεῖ,

309 5281 417 5360 etc:
451 5279 586 5334 Illuc
615 5279 880 5354 trans/ert
910 5283 1258 5360 dilectionem
1287 5298 1497 5360 omnem
1526 5301 1537 5337 :
1573 5279 1700 5355 qua:
1761 5283 1955 5350 lectio,

308 5351 358 5405 si
390 5351 647 5425 faverent
673 5351 839 5420 mss.,
871 5355 1040 5412 valde
1074 5355 1243 5410 nobis
1277 5351 1622 5425 probaretur

378 5423 679 5498 (39)_Regi_i
724 5427 936 5498 tertius
975 5433 1032 5482 et
1081 5423 1343 5498 quartus,
1395 5425 1476 5498 ἐφ’
1525 5426 1956 5498 ἑαυτῷηςοόβχ

302 5493 623 5574 Εῐξπριυίξηξ,
657 5493 757 5574 ξφέ
787 5497 1001 5574 ἑαυτοῦ.
1051 5493 1161 5554 Alii
1204 5504 1317 5554 tres
1377 5493 1544 5574 mss.,
1602 5493 1683 5574 ἐφἱ
1742 5496 1951 5552 ἑαυτόν.

301 5564 475 5632 Editi,
509 5564 771 5642 Emerita}
802 5569 937 5625 tulit
965 5588 1131 5642 super
1159 5588 1233 5636 se,
1265 5585 1473 5642 nempe
1503 5564 1751 5642 jugu'm:
1775 5587 1951 5642 quam

303 5654 506 5695 vocem
536 5639 703 5696 addit
721 5639 1072 5700 Ambrosius
1103 5645 1162 5700 in
1195 5641 1343 5700 Psal.
1379 5639 1768 5699 centesimum
1794 5639 1952 5698 deci-

303 5725 468 5768 mum
500 5715 798 5787 octavum,
830 5714 943 5776 hoc
975 5717 1184 5774 modo:
1220 5715 1436 5774 Sedebit
1461 5715 1850 5788 singulariter,
1902 5721 1956 5771 et

2059 4421 2440 4490 silebitzquia
2471 4420 2596 4474 tulit
2646 4417 2837 4490 indum
2890 4417 3063 4472 verbi.
3117 4415 3340 4490 lbidem
3381 4421 3498 4471 tres
3545 4433 3716 4490 mss.,

2059 4493 2274 4548 παίοντι
2316 4487 2478 4544 αὑτὸν
2544 4489 2788 4562 σιαγόνα,
2853 4487 3321 4562 χορτασθήσεται,
3376 4505 3479 4562 nec
3550 4487 3718 4545 aliter

2060 4567 2277 4639 legitur
2305 4564 2455 4639 apud
2495 4558 2678 4639 LXX.
2698 4561 2803 4639 Alii
2833 4558 2947 4615 ibes
2982 4558 3599 4639 IIIS-9.,“O’ta‘ﬂiz'luqt3‘tos‘
3646 4561 3718 4615 At

2063 4630 2401 4707 inureliquis
2419 4635 2795 4707 consentiunt
2820 4649 2951 4686 cum
2981 4630 3294 4707 prioribus.
3328 4630 3717 4707 Editigralov-ri

2071 4711 2219 4834 261%)
2251 4705 2472 4782 σιαγόνα
2501 4705 2686 4761 αὐτοῦ.
2724 4706 2862 4776 Reg.
2913 4706 3229 4771 secundus,
3284 4705 3716 4778 χορτασθήσεται

2102 4801 2177 4834 νει
2224 4800 2406 4834 ισιιου.

2069 4781 2406 4836 ὀνειδισμοῦ.

2140 4801 2554 4924 (λῖςμϐέὲτᾳυο
2607 4847 2777 4924 Colb._
2829 4865 2962 4924 cum
3022 4847 3488 4924 Regsecundo,
3539 4842 3706 4920 ἔργῳ.

2065 4913 2178 4980 Alii
2211 4913 2325 4980 duo
2359 4913 2502 4978 mss.
2537 4926 2594 4976 et
2641 4920 2804 4983 editi,
2859 4913 3054 4992 ἔργων.
3107 4913 3331 4974 ibidem
3381 4925 3498 4974 tres
3543 4913 3716 4986 mss.,

2065 5000 2172 5049 τῶν
2206 4996 2311 5050 ἀπὸ
2342 4997 2438 5062 τῆς
2483 4992 2762 5062 ὑπομονῆς
2810 4992 3020 5046 καλῶν.
3075 4992 3180 5047 Alii
3207 4997 3326 5048 tres
3381 5008 3524 5048 mss.
3579 5006 3714 5046 cum

2069 5069 2268 5134 editis,
2297 5071 2403 5121 τῶν
2435 5063 2488 5120 ἐν
2524 5065 2776 5136 ὑπομονῇ
2809 5063 3014 5120 καλῶν.

2163 5126 2265 5210 ti)’
2289 5141 2368 5195 [ta
2399 5156 2496 5193 sex
2527 5126 2668 5192 mss.
2704 5126 2779 5190 A't
2808 5137 2970 5202 editi,
3010 5126 3356 5210 bnspgaivov.

2163 5142 2252 5210 41)
2289 5142 2368 5195 [ta
2399 5156 2496 5193 sex
2527 5155 2668 5192 mss.
2704 5142 2779 5190 At
2808 5142 2970 5202 editi,
3010 5142 3356 5206 ὑπερὸαῐνον.

2138 5142 2248 5281 illi)
2279 5213 2445 5283 Lege,
2481 5216 2545 5264 ut
2575 5226 2667 5283 ap.
2702 5214 3043 5283 Symeonem
3083 5205 3713 5283 Logothetam,p.__56_/i.

2063 5277 2172 5336 τῶν
2207 5277 2494 5355 λόγῳ“’ρι“ο
2527 5277 2627 5334 καῖ
2649 5277 2822 5355 λόγῳ.
2858 5283 2920 5334 Et
2949 5282 3239 5355 innumera
3272 5279 3388 5355 alia
3417 5277 3719 5355 etudictis,

2065 5364 2114 5410 et
2143 5349 2416 5423 [actis'ad
2446 5349 2756 5408 extremam
2778 5352 3146 5420 ignominiam
3169 5350 3460 5423 tendentia
3490 5349 3719 5404 MARAN.

2139 5422 2250 5498 (43)
2282 5427 2441 5482 Colb.
2481 5426 2705 5496 primus
2731 5423 2992 5477 secunda
3014 5429 3070 5476 et
3115 5422 3546 5498 recenti_manu
3579 5436 3719 5498 cum

2064 5491 2259 5566 editis,
2295 5491 2540 5568 φέροντα.
2578 5499 2646 5550 At
2677 5511 2777 5548 sex
2811 5512 2973 5568 mss.,
3018 5491 3308 5567 φερόντων.
3342 5496 3559 5568 Neutra
3591 5491 3718 5563 qui-

2066 5570 2199 5624 dem
2233 5557 2402 5626 l'ecti'o
2436 5571 2686 5623 multum
2715 5567 2880 5648 nobis
2911 5557 3229 5648 probatur:
3264 5565 3367 5621 sed
3409 5581 3538 5647 eam
3585 5557 3714 5690 cauea

2066 5643 2383 5690 multorum
2413 5657 2557 5690 mss.
2592 5641 2938 5690 auctoritate
2969 5641 3262 5690 innititur-
3286 5651 3578 5690 senuinon
3643 5651 3712 5689 u-

2066 5643 2386 5698 multorum
2413 5657 2557 5697 mss.
2592 5635 2938 5694 auctoritate
2969 5636 3262 5704 innititur,
3286 5635 3445 5707 sequi
3463 5651 3578 5692 non
3601 5635 3712 5690 du-

2064 5713 2402 5772 bitavimus.
