4130 6382
306 393 419 454 221

1157 387 1570 449 COMMENT.
1617 389 1697 449 IN
1743 387 2012 449 lSAIAM
2062 387 2572 450 PROPHETAM.
2620 388 2796 449 CAP.
2842 388 2890 448 Ι.

3615 389 3734 449 232

308 529 488 600 αρχῆς
549 515 892 593 συμϐούλοις
942 520 1056 591 (63)
1115 518 1449 588 ἀναστήσειν,
1519 521 1815 595 εὐεργετῶν
1873 518 1964 572 τὸν

2093 523 2348 576 taturum
2381 538 2443 577 se
2490 520 2816 594 pollicetur,
2849 537 3057 594 nempe
3106 519 3403 593 apostolos
3456 524 3514 576 et
3561 535 3742 576 evan-

309 614 461 681 λαὸν,
515 613 542 665 6
592 609 788 686 Κύριος
845 607 1259 684 ἐπαγγέλλεται,
1318 607 1446 670 τοὺς
1513 607 1851 670 ἀποστόλους
1880 609 1970 663 καὶ

312 697 718 778 εὖαγγελιστὰς,
754 700 877 762 οἷος
906 696 971 764 ἦν
1006 697 1034 750 6
1094 695 1311 758 Ηαῦλος
1360 693 1698 770 σύμϐουλος,
1728 699 1756 752 6
1788 695 1972 752 6idxo~

311 813 402 853 νος
453 796 555 860 τῆς
612 794 824 856 Καινῆς
885 789 1181 856 Διαθήκης,
1242 784 1439 860 λέγων’
1495 788 1724 860 Γνώμην
1777 784 1835 841 δέ
1891 782 1968 840 δί-

311 879 479 954 δωμι,
534 879 607 940 ὡς
653 875 966 949 ἠλεημένος
1022 875 1113 929 ὑνὸ
1160 875 1384 950 Κυρίου.
1438 875 1663 952 Μεγάλη
1721 873 1778 930 δὴ
1823 875 1970 950 εὐερ-

309 969 460 1045 γεσία
488 962 808 1040 συμϐούλου
840 962 1114 1043 φρονίμου
1156 964 1246 1018 καὶ
1298 965 1562 1028 εὐνοϊκῶς
1609 961 1834 1041 ἔχοιτος
1867 987 1970 1018 πα-

316 1057 524 1134 ρουσία,
585 1054 1028 1127 ἀναπληροῦντος
1081 1054 1142 1108 τὸ
1215 1056 1315 1116 τῆς
1396 1052 1654 1117 συνέσεως
1713 1052 1970 1109 ἐλλεῖπον

315 1151 424 1202 τῶν
484 1142 923 1220 βουλευομένων.
990 1144 1156 1200 ’Ὁσον
1218 1140 1274 1197 δὲ
1334 1143 1438 1197 ἀπὸ
1493 1149 1593 1213 τῆς
1651 1138 1972 1216 συμϐουλῆς

317 1234 534 1312 ὄφελος,
597 1231 832 1288 δείκνυσι
916 1231 1153 1306 μάλιστα
1205 1231 1466 1302 Μωῧσῆς,
1527 1234 1554 1286 6
1613 1233 1754 1307 πάσῃ
1806 1233 1971 1308 Αἴγυ-

314 1321 485 1378 πτίων
521 1321 688 1400 σοφίᾳ
724 1319 1030 1383 παιδευθεὶς
1080 1323 1214 1395 (64),
1263 1321 1291 1375 6
1346 1326 1425 1392 τῷ
1473 1325 1589 1394 Θεῷ
1649 1318 1975 1396 διαλεγόμε-

312 1434 425 1479 νος,
460 1413 536 1474 ὡς
569 1409 627 1466 ἂν
659 1411 711 1466 εἷ’
745 1433 826 1474 τις
871 1409 1091 1485 λαλήσῃ
1140 1409 1301 1489 φιλος
1353 1410 1518 1489 φίλῳ.
1578 1411 1755 1472 Οὗτος
1814 1405 1977 1466 ἔλαϐε

311 1501 540 1578 γνώμην
592 1500 739 1576 παρᾶ
783 1505 882 1556 106
939 1502 1199 1576 πενθεροῦ
1253 1501 1416 1555 αὐτοῦ
1458 1501 1667 1576 Ἰοθὼρ,
1715 1499 1852 1555 ὥστε
1880 1521 1974 1554 κα-

307 1597 573 1660 ταστῆσαί
606 1592 720 1664 (65)
770 1589 1108 1665 χιλιάρχους
1155 1590 1245 1644 καὶ
1296 1590 1730 1664 ἑκατοντάρχους
1767 1589 1856 1644 καὶ
1885 1586 1975 1643 δε-

307 1681 557 1755 κάρχοκς
587 1679 675 1734 ἐπὶ
703 1683 784 1751 τῷ
813 1678 1013 1755 κρίνειν
1058 1679 1150 1734 τὸν
1206 1676 1361 1736 λαὸν.
1396 1680 1496 1733 Καὶ
1548 1673 1712 1733 Δαϐὶδ
1747 1676 1803 1733 δέ
1837 1699 1975 1752 συμ-

311 1763 503 1841 ϐούλῳ
534 1768 811 1844 ἐχρήσατο
841 1772 920 1839 τῷ
963 1768 1158 1833 Χουσὶ,
1195 1765 1264 1822 δι’
1312 1769 1372 1822 o6
1401 1765 1708 1822 διεσκέδασε
1740 1787 1974 1843 στρατη-

2081 607 2352 680 gelistas;
2414 609 2606 683 qualis
2664 609 3038 666 consiliarius
3086 613 3210 666 erat
3266 608 3506 681 Paulus,
3536 610 3740 664 Testa-

2081 699 2264 754 menti
2315 699 2455 755 Novi
2509 700 2878 765 administer,
2912 699 3116 755 dicens
3151 716 3162 753 :
3199 699 3502 754 Consilium
3550 703 3741 752 autem

2080 787 2166 857 do,
2219 792 2491 860 tanquam
2539 789 2979 844 misericordiam
3035 792 3362 844 consecutus
3417 788 3646 842 Domino
3666 786 3736 842 ⁸¹.

2083 877 2293 949 Ingens
2327 884 2521 933 autem
2568 878 2920 933 beneficium
2968 877 3282 949 praesentia
3313 881 3403 932 est
3433 873 3742 948 prudentis

2081 983 2147 1021 ac
2179 967 2437 1023 benevoli
2480 966 2825 1032 consiliarii,
2858 983 2992 1022 cum
3028 966 3428 1039 intelligentia:
3481 964 3746 1037 pruden-

2081 1054 2294 1128 tiaeque
2326 1057 2585 1129 inepiam
2633 1057 2690 1111 in
2743 1055 2815 1110 iis
2849 1055 2946 1126 qui
2979 1055 3294 1111 consilium
3327 1054 3569 1126 capiunt
3597 1069 3744 1125 sup-

2084 1144 2260 1218 pleat.
2297 1147 2524 1210 Quanta
2565 1151 2760 1201 autem
2813 1145 2892 1200 sit
2945 1143 3172 1200 consilii
3211 1143 3455 1215 utilitas,
3490 1142 3749 1198 ostendit

2084 1234 2172 1289 vel
2207 1235 2458 1290 maxime
2497 1235 2748 1306 Moyses,
2783 1234 2942 1291 omni
2995 1234 3400 1306 Egyptiorum
3452 1231 3746 1304 sapientia

2086 1324 2354 1380 eruditus
2375 1325 2447 1392 ⁶²;
2479 1325 2579 1396 qui
2625 1323 3038 1396 alloquebatur
3084 1327 3288 1391 Deum,
3323 1321 3565 1393 perinde
3596 1337 3663 1376 ac
3695 1320 3746 1376 si

2086 1413 2220 1484 quis
2268 1414 2493 1468 amicus
2542 1430 2676 1469 cum
2726 1413 2917 1468 amico
2967 1410 3390 1484 loqueretur”.
3428 1410 3530 1464 Hic
3573 1427 3605 1465 a
3651 1427 3746 1466 so-

2087 1517 2216 1557 cero
2248 1519 2356 1558 suo
2398 1502 2604 1558 Jotbor
2653 1501 2873 1573 accepit
2916 1500 3256 1571 consilium,
3290 1501 3370 1556 ita
3416 1505 3482 1554 ut
3528 1498 3746 1555 consti-

2085 1590 2266 1646 tuerit
2295 1591 2585 1661 tribunos,
2616 1591 2993 1647 centuriones
3025 1595 3082 1645 et
3115 1589 3483 1658 decuriones,
3514 1588 3612 1658 qui
3643 1605 3746 1661 po-

2088 1680 2291 1751 pulum
2317 1681 2737 1752 judicarent“.
2762 1679 2911 1744 Quin
2955 1685 3013 1736 et
3051 1679 3231 1735 David
3264 1677 3444 1734 Cbusi
3478 1693 3624 1733 usus
3655 1680 3748 1734 est

2087 1769 2444 1839 consiliario,
2469 1787 2571 1841 per
2599 1786 2772 1842 quem
2810 1769 3118 1841 dissipavit
3148 1767 3400 1824 militare
3427 1765 3745 1822 consilium

312 1859 476 1934 γικὴν
533 1858 761 1934 γνώμην
803 1862 919 1962 .106
980 1857 1302 1935 ³Λχιτόφελ.
1365 1859 1469 1913 Καὶ
1533 1855 1680 1918 ὅλως
1729 1858 1872 1932 ἱερόν
1921 1878 1973 1912 τι

2093 1858 2430 1932 AchitOphel
2456 1859 2520 1914 ⁵⁸.
2546 1861 2614 1914 Et
2656 1859 2714 1914 in
2749 1875 3005 1930 summa,
3031 1865 3198 1913 sacra
3230 1857 3497 1928 quaedam
3531 1873 3624 1911 res
3655 1859 3749 1912 est

314 1953 540 2024 πρᾶγμα
597 1949 632 2016 ἡ
687 1941 1003 2020 συμϐουλὴ,
1054 1946 1281 2021 γνώμης
1326 1943 1540 2016 ἓνωσις,
1588 1947 1800 2022 ἀγάπης
1848 1967 1978 2021 καρ-

316 2038 437 2108 πὸς,
514 2035 1014 2114 ταπεινοφροσύνης
1100 2033 1395 2106 ἀπόδειξις.
1479 2033 1792 2106 Ἀλαξονεία
1873 2037 1977 2112 γὰρ

319 2125 493 2197 δεινὴ,
523 2127 586 2181 τὸ
623 2123 856 2198 μηδενὸς
885 2124 1089 2189 οἴεσθαι
1140 2125 1392 2202 χρῄζειν,
1444 2125 1569 2182 ἀλλ’
1601 2126 1774 2200 ἑαυτῷ
1803 2147 1979 2202 προσ-

319 2217 464 2294 έχειν
499 2217 574 2278 ὡς
611 2216 760 2290 μόνῳ
809 2216 874 2270 τὰ
931 2216 1190 2292 κράτιστα
1242 2214 1632 2292 βουλεύσασθαι
1673 2214 1976 2290 δυναμένῳ.

317 2308 511 2379 Ἡμεῖς
544 2303 600 2360 δὲ
636 2305 900 2379 ὀκνοῦμεν
943 2304 1166 2368 έαυτοὺς
1217 2303 1497 2360 έπιδοῦναι
1547 2311 1665 2370 τοῖς
1693 2307 1760 2360 τὰ
1791 2304 1979 2361 δέοντα

321 2393 761 2470 εἶσηγουμένοις,
811 2394 901 2449 καὶ
960 2394 1332 2470 αἲσχυνόμεθα
1399 2394 1528 2456 τοὺς
1583 2397 1978 2468 συνετωτέρους

319 2486 484 2556 ἡμῶν
535 2485 671 2538 κατά
715 2483 808 2539 τὸν
863 2483 978 2559 βίον
1024 2482 1349 2560 ὁμολογεῖν.
1403 2485 1630 2540 Ἔπειτα
1656 2485 1684 2539 6
1724 2483 1818 2539 16v
1846 2483 1980 2558 σύμ-

320 2568 521 2628 ϐουλον
564 2571 866 2645 ἀναμένων,
926 2572 1015 2626 καὶ
1064 2577 1180 2633 τοῖς
1235 2569 1398 2634 ῐδίοις
1451 2570 1743 2648 λογισμοῖς
1788 2574 1978 2649 κάιρὸν

321 2659 560 2730 δίδωσιν,
595 2662 644 2717 έν
678 2660 868 2737 χρόνῳ
925 2659 1145 2716 πλείονι
1204 2661 1339 2735 μετὰ
1392 2661 1625 2738 βασάνου
1674 2661 1764 2718 καὶ
1804 2683 1978 2734 προσ-

318 2761 460 2832 οχῆς
491 2753 805 2829 ἀνιχνεῦσαι
837 2755 900 2808 τὸ
932 2750 1074 2810 δέον.

388 2936 479 2989 58.
514 2933 611 2986 Καὶ
663 2932 798 3004 μετὰ
849 2933 1016 2987 ταῧτα
1069 2934 1181 3006 (66)
1237 2931 1490 3006 κληθήσῃ
1549 2933 1712 2995 πόλις
1769 2931 1980 2989 δικαιο-

321 3020 510 3091 σύνης,
575 3020 920 3095 μητρόπολις
979 3021 1146 3089 πιστὴ
1206 3022 1371 3076 Σιών.
1432 3019 1666 3091 Ἕδειξεν
1715 3022 1789 3083 εἷς
1819 3028 1976 3078 ποῖον

322 3109 696 3186 καταλήγουσι
745 3108 906 3171 τέλος
958 3110 1013 3162 αἱ
1070 3109 1208 3162 κατὰ
1269 3109 1432 3182 μέρος
1481 3107 1799 3182 εὐεργεσίαι.
1833 3111 1981 3163 ’Δντὶ

321 3197 422 3272 γὰρ
454 3201 550 3252 106
579 3202 686 3252 τῶν
747 3199 1021 3272 φονευτῶν
1077 3196 1210 3250 εἶναι
1241 3191 1425 3267 πόλιν,
1473 3194 1638 3258 πόλις
1699 3193 1980 3252 δικαιοσύ-

2088 1948 2421 2019 consilium,
2455 1947 2818 2004 voluntatum
2879 1951 2968 2003 est
3015 1947 3349 2012 consensio,
3379 1945 3608 2001 fructus
3647 1945 3744 2000 di-

2085 2038 2381 2106 lectionis,
2452 2036 2807 2094 humilitatis
2874 2039 3310 2109 argumentum.
3374 2033 3748 2091 intoleranda

2090 2143 2345 2199 namque
2377 2127 2716 2199 arrogantia
2753 2130 2860 2196 est,
2894 2125 3234 2181 existimare
3263 2140 3324 2180 se
3356 2122 3576 2178 nullius
3607 2139 3742 2196 ege-

2089 2235 2149 2273 rc
2179 2236 2192 2273 :
2228 2217 2328 2272 sed
2363 2216 2473 2272 sibi
2507 2219 2798 2270 attentum
2831 2231 2961 2271 esse
2986 2214 3156 2286 quasi
3188 2213 3352 2270 solus
3383 2213 3496 2268 sibi
3518 2212 3745 2283 optima

2089 2321 2337 2378 quaeque
2386 2305 2573 2377 possit
2625 2304 2894 2359 suadere.
2930 2304 3056 2360 Non
3106 2307 3300 2358 autem
3352 2317 3624 2357 veremur
3671 2299 3746 2357 iis

2089 2396 2188 2468 qui
2221 2395 2291 2449 de
2339 2394 2533 2450 ofﬁcio
2579 2397 2876 2460 moneant,
2913 2410 3019 2448 nos
3067 2392 3229 2464 ipsos
3281 2391 3592 2462 subjicere,
3625 2389 3743 2446 imo

2087 2485 2268 2557 pudet
2299 2501 2405 2539 nos
2453 2483 2716 2538 conﬁteri
2764 2477 2898 2538 illos
2926 2481 2983 2536 in
3017 2482 3248 2537 vivendi
3298 2481 3524 2536 ratione
3573 2477 3745 2535 nobis

2089 2590 2219 2630 esse
2251 2573 2681 2645 prudentiores.
2719 2573 2800 2627 Ad
2843 2571 2966 2628 haec
2997 2571 3095 2644 qui
3138 2574 3437 2642 exspectat
3465 2566 3742 2624 consilia-

2089 2665 2268 2731 rium,
2300 2661 2853 2718 ratiocinationibus
2901 2661 3026 2717 suis
3075 2661 3268 2717 locum
3323 2661 3445 2724 dat,
3480 2662 3545 2712 ut
3590 2661 3747 2712 tem-

2089 2770 2228 2826 pore
2258 2751 2609 2807 diuturniori
2658 2767 2727 2806 ea
2776 2767 2902 2822 qua-
2948 2751 3175 2820 decent,
3209 2765 3342 2805 cum
3392 2749 3660 2804 examine
3690 2747 3752 2800 et

2089 2843 2414 2898 attentione
2442 2840 2770 2913 investiget.

2158 2933 2248 2986 58.
2283 2934 2356 2986 Et
2385 2938 2501 3002 post
2549 2929 2669 2986 haec
2715 2929 2994 2984 vocaberis
3023 2930 3218 2984 civitas
3241 2927 3502 2998 justitiae,
3534 2931 3749 2980 metro-

2086 3023 2227 3092 polis
2274 3020 2452 3087 ﬁdelis
2488 3019 2645 3073 Sian.
2679 3017 2888 3071 Docuit
2919 3017 2976 3071 in
3011 3033 3186 3088 quem
3235 3014 3456 3069 exitum
3512 3011 3750 3084 singula

2089 3107 2375 3164 beneﬁcia
2412 3108 2704 3163 desinant.
2735 3104 2880 3160 Nam
2929 3121 2998 3160 ex
3045 3103 3478 3158 homicidarum
3512 3100 3749 3156 civitate

2092 3195 2298 3250 civitas
2347 3195 2445 3250 fiet
2494 3194 2759 3266 justitiaa,
2790 3197 2847 3248 et
2885 3209 2954 3248 ex
3001 3193 3232 3247 civitate
3290 3189 3594 3246 meretrice
3650 3189 3752 3246 ﬂet

499 3285 589 3340 καὶ
646 3261 770 3340 ἀντὶ.
815 3289 912 3340 106
971 3283 1152 3361 πόρνη
1183 3284 1374 3352 πόλις,
1417 3283 1781 3361 μητρόπολις
1815 3306 1976 3341 τουτ-

2096 3283 2436 3358 metrOpolis
2461 3300 2473 3338 :
2499 3283 2608 3338 hoc
2640 3287 2747 3350 est,
2783 3283 2933 3338 viam
2965 3281 3099 3337 aliis
3133 3282 3309 3336 etiam
3345 3281 3414 3336 ad
3448 3278 3752 3334 continen-

321 3373 454 3441 ἐστι,
487 3375 576 3428 καὶ
609 3372 807 3435 ἄλλαις
842 3375 950 3444 (67)
981 3374 1368 3449 καθηγουμένη
1430 3374 1565 3448 πρὸς
1604 3374 1979 3450 σωφροσύνην.

319 3461 426 3517 Καὶ
460 3460 626 3517 πάλιν
657 3463 849 3528 πιστὴ,
902 3460 1034 3536 ὅπερ
1082 3461 1148 3529 ἧν
1203 3461 1310 3536 πρὸ
1365 3466 1464 3516 τοῦ
1518 3457 1868 3537 βεϐηλῶσθαι
1924 3464 1984 3520 έκ

315 3556 418 3620 τῆς
448 3551 724 3623 πορνείας.
777 3551 840 3606 Ἠ
891 3547 984 3604 οὖν
1031 3553 1151 3614 τοῖς
1196 3552 1494 3626 πρέπουσιν
1545 3550 1708 3626 ἑαυτῇ
1753 3553 1984 3626 κόσμοις

312 3639 730 3712 κεκοσμημένη,
785 3633 1125 3712 συμϐοόγοις
1174 3659 1232 3694 τε
1261 3639 1358 3693 καὶ
1409 3645 1642 3715 κριταῖς,
1677 3642 1712 3710 ἡ
1761 3639 1814 3695 ἐν
1848 3646 1981 3716 Χρι-

316 3732 427 3799 στῷ
475 3725 793 3798 Ἐκκλησία,
879 3725 1229 3803 μητρόπολις
1307 3725 1368 3782 ἂν
1443 3729 1805 3805 χρηματίζοι,
1863 3733 1978 3786 οἷον

319 3817 581 3872 ἀποικίασ
627 3817 779 3878 τινὰς
809 3819 907 3871 106
957 3817 1093 3872 κατὰ
1122 3818 1250 3872 Θεὸν
1305 3816 1426 3892 βίου
1455 3824 1580 3894 παρ’
1620 3819 1815 3889 ἑαυτῆς
1847 3819 1980 3875 ἀπο-

322 3905 648 3975 στέλλουσα,
683 3905 832 3960 Μετᾶ
874 3905 975 3982 γὰρ
1019 3906 1286 3980 κρίματος
1345 3909 1647 3978 σωθήσεται
1698 3911 1733 3979 ἡ
1773 3909 1980 3985 αίγμα-

320 3993 498 4050 λωσία
555 3995 750 4064 αὐτῆς,
832 3996 921 4049 καὶ
985 3995 1118 4067 μετὰ
1202 3994 1601 4069 ἐλεημοσύνης.

315 4089 433 4147 τοῖς
468 4082 576 4139 ἄνω
621 4083 748 4159 περὶ
788 4083 1074 4157 πολεμίων
1137 4084 1432 4156 αἰσθητῶν,
1467 4084 1593 4140 οὐδὲ
1629 4087 1753 4163 περὶ
1777 4088 1980 4164 αἰχμα-

319 4172 513 4228 λώτων
577 4171 768 4241 εἰπὼν,
817 4173 918 4242 τὴν
972 4173 1401 4229 ἀποαατάστασιν
1456 4174 1626 4245 αὐτῆς
1681 4176 1978 4252 αἰχμαλω-

316 4260 435 4325 σίας
465 4259 652 4340 ἄφεσιν
712 4259 912 4337 λέγων,
975 4257 1282 4320 ὀποϐάλλει
1327 4265 1463 4336 ἡμῖν
1516 4269 1681 4337 νοεῖν,
1739 4267 1814 4328 ὡς
1855 4265 1976 4322 ἐκά-

318 4370 447 4405 στου
500 4352 663 4422 ἡμῶν
724 4350 826 4405 ὑπὸ
873 4351 1140 4424 ἁμαρτίαν
1196 4355 1504 4427 γινομένου,
1568 4351 1692 4409 δταν
1744 4375 1978 4411 κατακυ-

320 4439 619 4516 ριευθῶμεν
665 4437 770 4493 ὐπὸ
818 4440 914 4494 τοῦ
969 4438 1192 4516 έχθροῦ.
1257 4441 1422 4497 οἷονεί
1484 4439 1698 4517 δέσμιοι
1737 4446 1980 4519 τῆς

320 4527 584 4600 ἁπαρτίας
617 4527 920 4603 γινόμενοι,
953 4529 1042 4583 καὶ
1091 4529 1428 4606 ἀπαγόμενοι
1467 4531 1571 4585 ὑπὸ
1601 4537 1698 4586 106
1729 4541 1977 4608 πονηροῦ

2091 3374 2233 3430 tiam
2266 3371 2771 3429 commonstrabit.
2808 3372 2876 3426 Et
2918 3387 3127 3426 rursus
3175 3368 3364 3425 fidelis
3401 3368 3609 3424 evadet
3641 3384 3654 3424 :
3693 3367 3751 3422 id

2092 3464 2246 3535 quod
2281 3464 2444 3533 prius
2485 3466 2610 3517 erat
2662 3477 2839 3532 quam
2875 3459 3207 3515 meretricio
3237 3474 3411 3530 opere
3459 3455 3750 3514 contami-

2093 3558 2352 3608 naretur.
2389 3554 2588 3624 Itaque
2649 3566 2714 3605 ea
2773 3566 2904 3622 quae
2948 3550 3008 3604 in
3056 3548 3287 3605 Christo
3343 3551 3434 3604 est
3487 3545 3752 3602 Ecclesia

2092 3642 2456 3699 convenienti
2484 3641 2594 3697 sibi
2627 3639 2784 3695 cultu
2819 3640 3131 3706 adornata;
3168 3638 3448 3693 nimirum
3472 3635 3744 3692 consilia-

2091 3733 2194 3788 riis
2233 3737 2290 3788 et
2331 3731 2658 3803 judicibus,
2683 3727 2966 3801 appellari
3017 3726 3358 3800 metropolis
3411 3725 3645 3799 poterit,
3678 3727 3747 3780 ut

2091 3839 2218 3894 quae
2257 3837 2325 3876 ex
2373 3837 2435 3875 se
2484 3818 2662 3875 veluti
2695 3817 2982 3890 quaedam
3034 3815 3136 3871 viae
3184 3815 3511 3870 secundum
3559 3817 3744 3867 Deum

2089 3911 2466 3967 instituendas
2516 3908 2776 3964 colonias
2821 3906 3071 3963 emittat.
3105 3905 3280 3960 Vens.
3311 3905 3403 3960 27.
3436 3905 3574 3960 Nam
3618 3917 3746 3958 cum

1699 3995 1868 4056 Οὐδὲν
1926 4001 1982 4055 ὲν
2081 4002 2296 4074 judicio
2337 3999 2648 4054 salvabilur
2702 3999 2991 4069 captivitas
3023 3997 3216 4068 ipsius,
3249 4004 3302 4051 et
3345 4011 3466 4050 cum
3524 3993 3750 4050 miseri-

2088 4091 2298 4146 cordia.
2330 4089 2469 4144 Cum
2522 4086 2745 4142 nullam
2804 4086 2862 4140 in
2924 4082 3328 4156 superioribus
3357 4084 3428 4138 de
3487 4083 3746 4144 inimicis

2090 4177 2496 4242 sensibilibus,
2528 4181 2630 4231 aut
2668 4177 2739 4231 de
2795 4173 3040 4246 captivis
3096 4173 3456 4228 mentionem
3518 4174 3738 4243 fecerit,

2089 4272 2146 4325 et
2173 4273 2366 4324 tamen
2401 4282 2533 4321 cum
2567 4265 2697 4333 ejus
2735 4263 3164 4319 restitutionem
3201 4277 3298 4316 ceu
3334 4261 3741 4321 liberationem

2088 4357 2447 4430 captivitatis
2495 4353 2745 4420 nuntiet,
2795 4352 3058 4425 suggerit
3107 4351 3276 4406 nobis
3327 4355 3392 4405 ut
3448 4351 3744 4424 intelliga-

2087 4464 2222 4503 mus
2271 4462 2398 4510 nos,
2434 4459 2791 4516 unoquoque
2837 4447 3104 4496 nostrum
3147 4439 3204 4494 in
3241 4443 3542 4512 peccatum
3591 4439 3744 4496 inci-

2087 4538 2286 4607 dente,
2337 4550 2471 4590 cum
2527 4531 2798 4588 videlicet
2828 4530 3169 4586 dominatur
3219 4529 3389 4584 nobis
3443 4529 3743 4599 inimicus,

324 4618 402 4679 εἷς
430 4619 494 4672 16
525 4621 869 4690 παραστῆσαι
917 4617 985 4673 τὰ
1037 4617 1179 4692 μέλη
1239 4620 1402 4690 ἡμῶν
1459 4617 1629 4675 δοῦλα
1653 4625 1722 4695 τῇ
1782 4624 1976 4698 ἀνομίᾳ

2093 4625 2308 4700 peccati
2365 4639 2495 4679 esse
2525 4621 2700 4678 veluti
2734 4636 2932 4676 servos
2963 4624 3138 4690 atque
3169 4635 3203 4674 a
3235 4617 3494 4690 maligno
3543 4618 3744 4675 induci

321 4705 399 4769 είς
429 4707 530 4775 τὴν
558 4706 808 4780 ἀνομίαν.
839 4708 940 4762 Διὰ
993 4711 1155 4762 τοῦτο
1209 4707 1391 4783 κριταὶ
1434 4709 1700 4778 σώζοντες
1732 4711 1867 4786 (69),
1901 4714 1976 4777 ὡς

2090 4721 2154 4772 ut
2185 4714 2552 4787 praebeamus
2593 4710 2856 4766 membra
2895 4713 3098 4765 nostra
3147 4724 3313 4764 serva
3343 4707 3638 4778 iniquitati
3669 4709 3744 4766 ad
3827 4726 3832 4730 '

398 4851 443 4888 δι
477 4850 501 4906 Ι
532 4849 662 4907 Cor.
694 4865 796 4916 vn,
828 4849 919 4905 25.
997 4851 1042 4886 ⁵³
1071 4854 1196 4907 Act.
1230 4867 1334 4920 vn,
1365 4851 1457 4906 22.
1534 4852 1579 4887 ⁵³
1608 4853 1784 4911 Exod.
1816 4871 1974 4914 xxxii

2093 4861 2139 4916 1.
2215 4859 2262 4894 “
2289 4857 2467 4914 Exod.
2500 4871 2661 4925 xvm,
2689 4854 2781 4921 21,
2812 4853 2903 4908 22.
2979 4852 3024 4888 ⁸⁸
3052 4847 3108 4908 ΙΙ¹
3131 4851 3272 4924 Reg.
3303 4865 3442 4921 xvu,
3481 4849 3563 4905 t4.

389 5007 504 5132 (63)
535 5008 750 5100 Nostra
795 5007 973 5065 editio
1006 5008 1190 5073 Paris,
1218 5026 1352 5066 cum
1398 5010 1591 5067 tribue
1624 5027 1768 5068 mes.
1801 5032 1976 5088 παρα-

389 5099 475 5132 λησ
501 5099 593 5132 ους
644 5099 735 5132 ουν
793 5084 910 5132 τοῖς
961 5079 1220 5132 ἀπαογῆς
1278 5075 1639 5132 συμϐούλοις.
1674 5083 1779 5132 Alii
1831 5091 1952 5132 tre:

319 5075 593 5149 διπλησίους
644 5077 735 5134 οὖν
793 5084 910 5141 τοῖς
961 5079 1220 5208 ἀποὲρχῆς
1278 5075 1639 5154 συμϐούλοις.
1673 5083 1782 5140 Alii
1831 5075 1973 5159 tres,

321 5149 715 5209 παραπλησίως
757 5149 873 5209 οὖν.
905 5157 1017 5208 etc.
1095 5157 1162 5208 ed
1219 5155 1606 5209 Combeflsius
1655 5173 1763 5209 suo
1813 5175 1973 5209 more

321 5169 715 5223 παραπΛηο-ιως
757 5169 873 5218 ουν,
905 5169 1017 5208 etc.
1052 5169 1162 5208 seu
1219 5169 1606 5212 uomnensius
1655 5173 1763 5211 suo
1813 5175 1976 5215 more

321 5224 614 5307 emendat,
658 5224 968 5307 legitque,“
985 5219 1357 5307 συμϐούλους
1386 5243 1564 5297 quam
1581 5229 1972 5307 _scripturam

2086 5018 2188 5074 sed
2220 5033 2327 5073 vox
2357 5013 2516 5070 αὐτόν
2546 5015 2604 5070 in
2638 5013 2858 5070 nostris
2879 5029 2992 5081 sex
3031 5028 3176 5068 mss.
3211 5011 3396 5066 deest.
3427 5007 3743 5081 Aliquanto

2086 5094 2394 5168 postules.
2428 5087 2720 5168 nonnulli,
2753 5078 3054 5156 συμϐούλῳ
3068 5081 3311 5168 ἐχρῆτο,

2154 5161 2268 5232 (66)
2301 5161 2362 5216 ln
2396 5160 2658 5231 quinque
2690 5152 2846 5232 mss.
2867 5175 2972 5230 pro
2999 5152 3167 5232 1961c}
3196 5152 3476 5232 scribitur
3503 5152 3686 5232 τοῖξτο.

2158 5223 2272 5304 (67)
2303 5223 2499 5288 υοὶ’ἱο
2535 5223 2710 5286 θ’άὶιίε
2742 5223 3224 5304 Ιθεζίίυ-[κᾶίλλαις.
3261 5223 3738 5304 scriptum-inv?

319 5293 505 5376 secuti
551 5293 838 5376 suntfqui
893 5293 1162 5376 ultima_m
1213 5293 1528 5354 editionem
1579 5293 1972 5376 Parisiensem
2086 5293 2284 5360 nimus
2316 5305 2374 5360 in
2407 5304 2670 5376 quinque
2705 5293 2871 5370 mss.,
2905 5293 3120 5376 ἄλλοις·
3156 5293 3487 5376 quaileo'tio
3519 5296 3564 5376 si
3602 5297 3741 5350 reci-

319 5367 723 5448 adornandam
756 5373 1060 5448 curarunt.
1085 5370 1291 5448 Etnos
1321 5386 1570 5441 quoque,
1595 5373 1709 5448 nisi
1742 5375 1975 5448 obesset
2086 5377 2266 5448 pitur,
2295 5367 2705 5448 subintelligas
2737 5367 3455 5448 οροιιῐᾳηλαοῖξεβῑδῐὶω
3494 5373 3741 5448 uterque

315 5440 580 5565 {letarum
615 5437 898 5494 librorum
930 5441 1270 5512 auctoritas,
1295 5437 1425 5497 eam
1455 5437 1625 5516 sequi
1659 5461 1774 5501 non
1807 5447 1975 5503 dubi-

345 5525 604 5563 aremus.

345 5525 604 5563 aremus.

384 5579 685 5660 (64)‘Edi_ti
727 5597 861 5637 cum
902 5583 1092 5638 tribus
1122 5599 1293 5656 mss.,
1325 5581 1656 5650 παιδευθείς.
1687 5587 1799 5644 Alii
1829 5593 1972 5660 tres,

319 5648 584 5725 11511011656
592 5650 686 5725 μέν
694 5671 723 5725 ο
729 5672 776 5714 ς.

389 5724 504 5799 (65)
538 5723 602 5782 lu
633 5724 890 5800 vulgatis
937 5723 1106 5784 libris
1152 5725 1362 5799 legitur
1413 5730 1744 5800 καταστῆσαι
1783 5731 1968 5789 αὐτόν·

2083 5447 2265 5511 Colb.,
2292 5449 2393 5502 6'11:
2456 5447 2545 5516 ἦς,

2153 5521 2268 5578 (68)
2300 5467 2541 5578 Coriioes

2570 5437 2719 5518 qitod
2748 5437 2890 5518 eras.
2917 5437 3064 5518 Editi
3089 5450 3146 5518 et
3165 5443 3262 5518 alii
3288 5457 3464 5518 mss.,
3489 5439 3620 5512 ὅπερ
3647 5437 3736 5506 ἧν.

2153 5521 2268 5592 (68)
2300 5514 2541 5578 Codices
2579 5514 2972 5592 'tres,_'o‘éep.iot
3005 5515 3129 5571 ὑπό.
3185 5515 3396 5570 Ibidem
3432 5528 3532 5566 sex
3566 5527 3733 5578 mss.,

2080 5587 2385 5664 γινόμενοι.
2420 5592 2595 5659 Editi,
2621 5587 2929 5662 γενόμενοι.

2151 5650 2266 5737 (6Ὠ)
2297 5666 2390 5722 Sic
2435 5669 2556 5720 tres
2584 5650 2855 5718 'msszt
2883 5658 3020 5716 editi
3052 5662 3111 5715 et
3142 5663 3259 5714 tres
3289 5653 3389 5710 alii
3421 5669 3596 5719 mss.,
3627 5650 3735 5704 σώ-

2084 5736 2283 5803 ζον-ται.
