4130 6408
409 354 524 413 297

1362 343 1758 406 APPENDIX
1805 338 2130 405 OPERUM
2177 339 2242 402 S.
2288 337 2569 401 BASlLlI
2614 339 2886 403 MAGNI.

413 485 661 557 piarunt.
695 485 923 537 Nomen
953 479 1105 536 horti
1138 475 1632 550 deprehendimus
1664 475 1724 530 in
1748 477 2062 544 utramque

2180 467 2212 522 ἃ
2289 467 2653 542 ιπεθύμησαν.
2716 471 3100 548 Ἐπαμφότερα
3184 471 3296 542 (83)
3384 469 3841 546 παραληφθεῖσαν

419 579 644 646 partem
679 575 1057 642 usurpatum,
1090 569 1238 623 sicut
1269 567 1324 620 in
1360 566 1569 621 Genesi
1629 564 1869 636 quidem
1895 563 2066 633 juxta

420 661 734 733 Aquilam:
777 662 839 714 Et
885 658 1158 729 plantavit
1202 657 1465 711 Dominus
1526 655 1664 708 Deus
1721 653 1938 707 hortum
2006 653 2066 704 in

419 750 583 805 Edam
612 750 676 804 7°.
708 748 819 803 Sed
853 764 882 803 e
912 745 1202 801 contrario
1235 749 1388 798 terra
1416 743 1670 814 Egypti,
1699 757 1830 796 cum
1860 739 2062 812 culpa-

417 843 601 904 retur,
631 836 921 908 appc-llata
968 839 1056 888 est
1088 833 1294 888 hortus
1344 831 1600 887 oleribus
1633 830 1915 886 consitus.
1952 829 2064 882 Ite-

418 943 552 983 rum
588 925 734 981 horti
769 925 831 978 {it
863 923 1081 978 mentio
1113 940 1246 977 curn
1281 919 1833 992 vituperatione,ubi
1869 916 2065 973 Achab

417 1017 490 1072 ad
523 1015 889 1069 efficiendum
925 1011 1150 1066 olerum
1186 1011 1420 1066 hortum
1445 1009 1843 1064 hzerelitatem
1869 1006 2062 1061 Nabu-

416 1105 532 1160 thae
571 1101 846 1159 Israelita
879 1101 1324 1173 concupisceret
1354 1101 1420 1153 τί.
1456 1097 1832 1153 Ecclesiastes
1863 1100 2067 1150 contra

413 1209 545 1247 cum
579 1192 754 1247 laude
786 1189 1059 1245 meminit
1090 1189 1262 1256 horti,
1290 1188 1492 1244 dicens
1519 1205 1531 1242 :
1558 1187 1834 1242 Fecimihi
1863 1186 2064 1250 horIOs,

412 1286 462 1337 et
491 1282 738 1354 pomaria
769 1281 837 1334 7’.
871 1280 1018 1344 Quin
1053 1280 1230 1335 etiam
1264 1277 1608 1334 benedictus
1641 1281 1729 1332 est
1751 1276 1980 1338 hortus,
2004 1273 2063 1327 in

412 1388 529 1444 quo
557 1371 668 1425 fuit
701 1373 1172 1433 monumentum,
1207 1368 1362 1438 quod
1423 1367 1478 1421 in
1543 1365 1766 1420 Domini
1826 1379 2066 1436 corpore

407 1459 827 1532 temporariam
857 1457 1063 1513 mortis
1121 1455 1620 1528 dispensationem
1669 1454 1916 1526 excepit.
1962 1453 2066 1508 Hic

413 1549 652 1622 quidem
705 1548 766 1603 in
799 1546 1011 1602 malam
1072 1551 1297 1618 partem
1359 1551 1630 1618 acceptus
1677 1549 1785 1615 est,
1842 1548 1906 1599 ut
1963 1542 2062 1615 qui

417 1637 826 1694 confusionem
862 1636 1263 1708 pudoremque
1293 1635 1541 1690 incutiat
1592 1631 2064 1706 concupiscenti-

412 1727 548 1783 bus.
583 1726 650 1780 Et
679 1740 819 1780 sane
843 1724 1074 1779 videtur
1106 1739 1260 1778 nunc
1290 1723 1361 1778 de
1393 1721 1544 1778 lucis
1591 1721 1772 1794 loqui,
1833 1721 1933 1794 qui
1991 1722 2063 1776 ad

409 1817 703 1914 idolorum
736 1820 1008 1872 ornatum
1033 1816 1106 1871 ab
1140 1815 1230 1871 his
1267 1815 1363 1888 qui
1397 1814 1622 1914 decepti
1657 1819 1816 1885 sunt,
1841 1813 2066 1914 undeli-
2098 1848 2145 1914 B

412 1907 512 1962 bet
539 1905 922 1978 plantantur:
957 1921 1060 1976 per
1092 1921 1240 1977 quos
1270 1903 1524 1976 intelligi
1583 1907 1814 1976 oportet
1858 1901 2068 1958 vitiosa

415 1997 615 2053 studia
659 1999 717 2050 et
775 1999 1043 2050 externas
1102 1993 1534 2062 simulationes,
1595 1992 1809 2064 quibus
1869 1996 2071 2047 nostra

414 2085 842 2140 obumbramus
870 2081 1549 2146 vitia.Quemadmodum
1573 2082 1620 2136 si
1659 2081 1789 2150 quis
1819 2098 1880 2136 se
1914 2081 2062 2138 425

409 2173 470 2230 in
501 2171 902 2244 voluptatibus
927 2171 1220 2240 volutans,
1247 2170 1553 2226 simularet
1583 2170 1913 2226 castitatem
1943 2187 1956 2240 ;
1984 2169 2066 2225 vel

412 2261 460 2317 si
495 2261 628 2334 quis
659 2259 1045 2331 pecuniarum
1080 2259 1340 2314 servituti
1395 2258 1791 2330 mancipatus.
1827 2275 2066 2331 magna-

412 2351 614 2407 nimus
646 2349 830 2404 videri
861 2348 1102 2403 studeat
1135 2363 1148 2404 :
1185 2348 1257 2403 ob
1302 2364 1430 2419 quae
1464 2349 2065 2404 confundenturcon-

413 2439 803 2513 cupiscentes,
837 2437 1073 2509 quando
1113 2436 1376 2493 cordium
1429 2442 1766 2494 nostrorum
1821 2437 2068 2494 consilia

414 2527 848 2585 revelabuntur.

485 2616 575 2672 63.
609 2615 788 2670 Vens.
816 2615 1090 2670 30.Erunt
1118 2616 1266 2669 enim
1296 2615 1455 2687 quasi
1475 2615 1813 2671 terebinthus
1837 2617 2068 2690 quaeb-

407 2706 546 2778 jecit
575 2703 736 2777 folia,
770 2707 822 2758 et
853 2703 1001 2757 velut
1035 2703 1221 2757 hortus
1250 2718 1359 2758 non
1413 2703 1615 2758 habens
1645 2721 1869 2775 aquam.
1905 2705 2067 2770 Quod

417 2795 627 2850 attinet
659 2793 730 2848 ad
764 2792 1020 2848 nativam
1053 2792 1360 2847 verborum
1387 2792 2057 2865 significationem,vide-

415 2888 516 2939 tur
543 2883 615 2937 de
647 2881 927 2936 iishortis
977 2881 1154 2944 verba
1200 2881 1409 2949 facere,
1471 2899 1722 2952 quorum
1783 2883 2070 2938 desiderio

416 2970 768 3026 tenebantur
797 2968 894 3023 isti
929 2967 1217 3023 idolorum
1251 2968 1536 3024 cultores:
1575 2969 1852 3026 nimirum
1889 2972 2069 3029 futuri

417 3063 585 3116 erant
613 3057 944 3114 terebintho
978 3058 1104 3112 suis
1133 3057 1282 3112 foliis
1313 3057 1564 3130 spoliata
1621 3064 1679 3115 et
1707 3059 1873 3116 horto
1905 3079 2069 3133 aqua

420 3145 666 3220 penuria
682 3145 970 3222 exsiccata
994 3146 1599 3212 inamcsniores.Quod
1626 3152 1818 3204 autem
1845 3155 2070 3221 spectat

2173 563 2270 613 τοῦ
2323 561 2502 628 κήπου
2573 562 2672 628 τὴν
2731 560 3104 634 προσηγορίαν
3155 559 3498 634 εὑρίσκομεν,
3531 560 3609 621 ὡς
3643 559 3697 615 ἐν
3749 563 3842 634 μὶν

2173 651 2242 721 τῇ
2285 649 2492 703 Γενὲσει
2540 651 2677 704 κατᾶ
2723 650 2812 704 τὸν
2851 646 3081 706 Ἀκύλαν
3115 671 3126 683 ·
3177 649 3273 704 Καὶ
3324 648 3584 728 ἐφύτευσε
3643 648 3843 726 Κύριος

2176 738 2363 799 ὁΘεὸς
2421 745 2596 808 κῆπον
2657 737 2709 793 ἐν
2771 736 2954 810 Ἐδέμη
2993 739 3163 793 Πάλιν
3223 737 3280 794 δὲ
3330 741 3364 808 ἡ
3423 746 3491 814 γῆ
3557 739 3841 814 Αἰγύπτου

2176 821 2585 900 διαϐαλλομὲνη
2621 835 2797 896 κῆπος
2843 825 3054 903 εἶ’ρηται
3111 826 3400 904 λαχανίας.
3440 827 3616 883 Πάλιν
3671 832 3838 902 ψεκτὴ

2179 918 2370 988 μντξμη
2431 919 2631 986 κήπου,
2682 915 2843 986 ἡνίκα
2888 911 3098 993 Ἀχααϐ
3160 916 3415 991 ἐπεθύμει
3472 918 3570 972 τὸν
3630 917 3836 995 κλῆρον

2175 999 2450 1069 Ναϐουθαὶ
2483 1009 2593 1079 (84)
2623 1011 2721 1061 τοῦ
2754 1006 3130 1082 Ἱεζραηλίτου
3161 1014 3342 1077 κῆπον
3375 1006 3642 1082 λαχάνων
3676 1017 3838 1080 ποιῆ-

2173 1115 2279 1150 σαι.
2331 1097 2655 1158 Ἐπαινετῶς
2709 1093 2766 1150 δὶ
2827 1095 3098 1169 μέμνηται
3161 1098 3188 1151 ὁ
3249 1094 3693 1168 Ἐκκλησιαστῆς
3744 1096 3836 1154 λι-

2405 1184 2670 1255 Ἐποίησά
2771 1206 2864 1258 μοι
2957 1188 3168 1256 κήπους
3275 1187 3364 1240 καὶ
3449 1183 3836 1261 παραδείσους.

2175 1270 2500 1347 Πύλόγηται
2533 1271 2589 1328 δὲ
2621 1275 2648 1328 ὁ
2679 1281 2878 1346 κῆπος,
2914 1273 2964 1328 ἓν
2998 1275 3044 1347 ᾦ
3073 1275 3136 1330 τὸ
3178 1282 3387 1348 μνῆμα,
3421 1275 3521 1344 τὴν
3571 1275 3834 1349 πρόσκαι-

2175 1382 2268 1436 ρον
2297 1367 2394 1416 τοῦ
2426 1365 2655 1427 θανάτου
2689 1363 3008 1436 οἰκονομίαν
3041 1361 3434 1437 ὑποδεξάμενον
3483 1364 3538 1418 ἐν
3592 1369 3674 1436 τῷ
3732 1367 3834 1420 σώ-

2173 1206 2279 1258 γων
2300 1203 2312 1216 ⁹

2178 1473 2305 1526 ματι
2364 1456 2459 1507 τοῦ
2521 1452 2743 1528 Κυρίου.
2791 1454 3046 1507 Ἐνταῦθα
3101 1454 3285 1524 μέντοι
3336 1447 3704 1524 διαϐέϐληται
3762 1455 3833 1517 ὡς

2174 1540 2444 1616 αἰσχύνην
2471 1545 2738 1617 προξενῶν
2793 1547 2908 1604 τοῖς
2963 1541 3382 1614 ἰπιΘυμ-οςσασιν.
3417 1543 3520 1600 Καὶ
3585 1540 3728 1597 ἔοικὲ
3777 1565 3836 1618 γε

2173 1633 2264 1684 νῦν
2297 1631 2363 1684 τὰ
2392 1627 2534 1701 ἄλση
2569 1629 2742 1706 Λίγειν
2774 1629 2841 1684 τὰ
2866 1635 2983 1692 τοῖς
3019 1627 3276 1693 εἷ’δώλοις
3304 1631 3379 1691 εἵς
3428 1629 3641 1703 κόσμον
3694 1632 3832 1706 παρὰ

2174 1723 2280 1772 τῶν
2358 1719 2727 1792 ἠπατημένων
2793 1718 3280 1797 περιφυτευόμενα,
3343 1720 3476 1793 ἅπερ
3723 1722 3827 1796 χρὴ

2173 1813 2412 1871 νοεῖσθαι
2462 1808 2557 1870 τὰς
2615 1805 3040 1881 πεπλανημένας
3102 1805 3495 1880 ἐπιτηδεύσεις,
3559 1809 3650 1864 καὶ
3707 1808 3829 1873 τοὺς

2177 1895 2367 1969 ἔξωθεν
2398 1896 2846 1972 σχηματισμοὺς,
2881 1899 2966 1958 οἷς
3006 1897 3075 1951 τὰ
3120 1898 3265 1967 πάθη
3305 1898 3468 1970 ἡμῶν
3521 1895 3828 1968 ἐπισκιάζο-

2181 2007 2298 2059 μεθ.
2331 1989 2462 2042 Οἴον
2495 1985 2548 2040 εἶ’
2578 2008 2661 2048 τις
2696 1985 2746 2040 ἐν
2782 1983 3004 2055 ἡδοναῖς
3045 1982 3497 2059 καλινδούμενος,
3528 1987 3827 2059 σεμνότητα

2177 2074 2602 2151 σχηματίζοιτο,
2635 2076 2725 2129 καὶ
2759 2074 2806 2129 εἷ
2835 2096 2916 2136 τις
2961 2071 3375 2147 δεδουλωμένος
3427 2077 3706 2150 χρήμασι,
3736 2097 3822 2148 με⁸

2175 2165 2496 2240 γαλόψυχος
2536 2165 2671 2218 εἶναι
2726 2162 2902 2218 δοκεῖν
2956 2161 3290 2233 ἐπιτηδεύοι,
3325 2165 3404 2225 οἷς
3464 2163 3822 2243 ἐπαισχυνθή-

2178 2272 2361 2307 σονται
2390 2255 2440 2306 οἱ
2472 2253 2923 2325 ἄπιθυμησαντες,
2956 2251 3083 2306 ὅταν
3115 2253 3169 2306 αἱ
3205 2250 3401 2328 βουλαὶ
3441 2258 3550 2307 τῶν
3597 2251 3818 2329 καρδιῶν

2178 2343 2337 2414 ἡμῶν
2367 2340 2885 2400 ἀποκαλύπτωνται.

2246 2615 2335 2668 63.
2396 2612 2648 2666 Ἔσονται
2715 2610 2816 2684 γὰρ
2887 2607 2964 2670 ὦς
3029 2603 3336 2683 τερέϐινθος
3411 2604 3817 2680 ἀποϐεϐληκυῖα

2175 2701 2243 2753 τὰ
2270 2702 2384 2771 (86)
2414 2698 2619 2777 φύλλα,
2652 2698 2740 2752 καὶ
2793 2697 2867 2758 ὠς
2929 2694 3253 2772 παράδεισος
3322 2693 3467 2772 ὕδωρ
3527 2701 3600 2770 μή
3657 2697 3818 2774 ἔχων.

2177 2789 2266 2850 Ὦς
2325 2789 2420 2861 μὶν
2479 2788 2615 2862 πρὸς
2676 2788 2736 2841 τὸ
2795 2786 2980 2862 ῥητὸν,
3017 2784 3167 2841 δοκεῖ
3205 2786 3328 2861 περὶ
3358 2792 3466 2841 τῶν
3498 2790 3685 2857 κήπων
3727 2787 3814 2844 λέ-

2179 2899 2292 2951 γειν
2348 2882 2455 2932 τῶν
2527 2876 2879 2948 ἐπιθυμητῶν
2953 2880 3071 2939 τοῖς
3151 2873 3688 2953 εἶδωλολατροῢσιν,
3735 2878 3815 2931 ὅτι

2179 2969 2555 3046 ἀτερπίστεροι
2642 2967 2849 3023 ἔσονται
2909 2962 3190 3042 τερϐίνθου
3268 2969 3660 3042 γυμνωθείσης,
3725 2967 3812 3022 καὶ

2178 3059 2504 3136 παραδείσου
2556 3060 3024 3136 ἀποξηρανθὲντος
3083 3059 3186 3113 ὑπὸ
3247 3061 3354 3132 (87)
3398 3059 3663 3132 ἀνυδρίας.
3721 3060 3806 3120 Ὠς

2181 3149 2238 3206 δὲ
2293 3151 2426 3226 πρὸς
2481 3150 2570 3204 τὸν
2631 3150 2824 3218 ἠθικὸν
2881 3152 3030 3219 νοῦν,
3090 3147 3172 3202 ὅτι
3225 3149 3275 3201 οἱ
3331 3151 3408 3218 τῷ
3450 3142 3630 3217 ἔξωθεν
3675 3166 3812 3220 σχη-

421 3237 490 3293 ad
522 3251 763 3292 sensum
790 3220 1094 3302 moralem,
1130 3240 1217 3290 est
1245 3235 1558 3307 ejusmodi.
1602 3237 1709 3302 Qui
1746 3255 1848 3310 per
1877 3220 2063 3295 exter-

2182 3220 2438 3315 ματισμῷ
2475 3240 2572 3308 τὴν
2605 3238 2750 3314 παρᾶ
2778 3243 2886 3293 τῶν
2938 3237 3242 3312 ἀνθρώπων
3290 3234 3444 3307 δόξαν
3493 3237 3817 3313 θηρώμενοι,

421 3343 563 3382 num
599 3326 794 3380 fucum
839 3324 1085 3397 gloriam
1142 3330 1514 3397 aucupentur
1571 3327 1643 3380 ab
1702 3327 2065 3402 hominibus,

422 3419 736 3487 postquam
772 3428 837 3466 ea
870 3428 994 3483 quae
1028 3412 1372 3468 abscondita
1402 3417 1560 3478 sunt,
1582 3421 1796 3471 retecta
1829 3418 2065 3487 fuerint,

422 3518 554 3559 cum
590 3501 807 3556 fuerint
837 3499 1034 3556 omnia
1053 3503 1210 3556 nuda
1233 3507 1288 3557 et
1323 3508 1524 3574 aperta
1547 3503 1612 3569 ⁷³,
1664 3522 1769 3561 nec
1793 3507 1918 3577 jam
1953 3507 2072 3564 ulla

422 3591 482 3646 in
517 3591 767 3647 obscuro
804 3589 1104 3645 delituerit
1157 3596 1444 3659 creatura,
1505 3597 1629 3648 tum
1689 3602 2070 3652 evanescente

425 3697 628 3738 eorum
659 3681 1140 3747 errore,deforme
1157 3682 1474 3737 admodum
1507 3685 2070 3759 spectaculumprzs-

419 3767 668 3833 bebunt,
700 3767 780 3822 ita
811 3771 875 3820 ut
905 3767 1015 3834 ipsi
1049 3774 1466 3840 comparentur
1496 3773 1758 3842 quercui.
1797 3776 1880 3828 lta
1913 3775 2066 3830 enim

416 3855 801 3912 reddiderunt
819 3855 916 3910 alii
941 3855 1287 3929 interpretes
1319 3858 1722 3915 terebinthum
1753 3862 2073 3936 :quippeet

409 3945 473 4000 in
507 3944 720 4000 Genesi
754 3960 1033 4015 quercum
1094 3951 1152 4001 et
1193 3946 1597 4002 terebinthum
1635 3951 1907 4006 eamdem
1941 3969 2071 4008 esse

411 4034 679 4089 arborem
714 4032 1030 4089 didicimus
1061 4034 1326 4090 “Erunt
1356 4035 1540 4107 igitur
1566 4037 1719 4092 foliis
1743 4040 1866 4108 jam
1889 4041 2070 4097 amis-

420 4123 506 4179 sis
527 4122 864 4178 terebintho
895 4123 979 4178 vel
1014 4124 1254 4196 quercui
1287 4125 1788 4200 consimiles,qua:
1820 4128 2066 4202 id,quod

421 4217 594 4268 antea
623 4210 844 4266 latebat
875 4212 984 4267 sub
1019 4212 1368 4277 foliis,sitob
1399 4214 1601 4270 oculos
1629 4217 2065 4287 positura.Nam

415 4302 705 4357 adornata
735 4308 821 4356 est
853 4301 1134 4372 spissiora
1167 4301 1435 4358 foliorum
1471 4319 1638 4359 coma
1669 4309 1842 4377 atque
1873 4327 2066 4365 ramo-

413 4407 547 4446 rum
579 4391 708 4459 ejus
734 4391 1022 4461 asperitas
1035 4391 1286 4462 eleganti
1302 4393 1642 4449 eorumdcm
1659 4394 1850 4452 colore
1871 4405 2067 4456 conte-

412 4476 591 4548 gitur.
619 4477 688 4531 Et
722 4477 984 4547 quidem,
1016 4477 1230 4550 inquit,
1274 4495 1491 4551 quercu
1545 4481 1836 4553 ejusmodi
1896 4493 2070 4544 erunt

2183 3331 2315 3404 μετα
2360 3331 2458 3398 τὴν
2514 3329 2812 3406 φανὲρωσιν
2885 3331 2992 3382 τῶν
3065 3329 3317 3401 κρυπτῶν
3349 3372 3364 3394 ,
3417 3325 3541 3380 ὅταν
3606 3326 3820 3400 γένηται

2177 3422 2351 3474 πάντα
2381 3419 2563 3493 γυμνὰ
2591 3417 2680 3470 καὶ
2723 3415 3221 3492 τετραχηλισμένα,
3254 3416 3342 3470 καὶ
3397 3416 3590 3488 μηκᾶτι
3637 3413 3670 3488 ᾖ
3719 3434 3820 3486 μη-

2181 3505 2343 3580 δεμία
2391 3506 2564 3568 κτίσις
2619 3507 2847 3579 ἀφανης,
2882 3505 3182 3580 ἀωρότερον
3244 3503 3454 3558 ἔσονται
3511 3505 3698 3576 θέαμα,
3727 3508 3816 3570 τῆς

2177 3601 2268 3650 νῦν
2314 3595 2435 3672 περὶ
2484 3594 2676 3655 αὐτούς
2724 3594 2932 3664 ἀπάτης
2986 3594 3388 3672 ἀφανισθείσης,
3424 3593 3558 3648 ὥστε
3603 3590 3721 3668 δρυῒ
3759 3591 3813 3644 τὸ

2179 3686 2296 3740 κατ’
2328 3682 2523 3746 αὐτοὺς
2573 3684 3007 3759 παρεικάζεσθαι.
3061 3682 3213 3738 Οὕτω
3256 3684 3357 3758 γὰρ
3407 3683 3458 3736 οἱ
3509 3680 3671 3736 ἄλλοι
3725 3683 3813 3747 τήν

2178 3768 2484 3849 τερέϐινθον
2545 3770 2925 3844 ἐκδεδώκασιν,
2960 3771 3072 3827 ἐπεὶ
3117 3772 3205 3827 καὶ
3258 3772 3309 3827 ἐν
3357 3775 3427 3846 τῇ
3473 3770 3677 3826 Γενὲσει
3726 3770 3816 3838 τὴν

2180 3863 2347 3934 αὐτὴν
2388 3863 2477 3918 καὶ
2529 3860 2654 3938 δρῦν
2695 3862 2786 3918 καὶ
2831 3857 3138 3936 τερέϐινθον
3192 3863 3610 3935 μεμαθήκαμεν.
3644 3861 3821 3914 Ἔσον-

2175 3975 2263 4009 ται
2295 3951 2385 4007 οὖν
2448 3951 2634 4025 ὅμοιοι
2692 3946 2988 4024 τερεϐίνθῳ
3020 3948 3143 4020 ἤτοι
3205 3947 3352 4024 δρυῒ,
3385 3951 3522 4024 μετὰ
3576 3951 3674 4018 τὴν
3732 3952 3824 4016 τῆς

2177 4037 2358 4115 κόμης
2392 4042 2666 4108 ἀπόθεσιν,
2699 4039 2765 4094 τὲι
2797 4039 2900 4094 ὑπὸ
2933 4044 3038 4092 τῶν
3087 4037 3315 4117 φύλλων
3365 4040 3499 4100 τὲως
3559 4035 3824 4093 καλυπτό-

2183 4153 2317 4205 μενα
2345 4128 2730 4204 προδεικνύσῃ.
2767 4127 3074 4202 Πυκνοτέρᾳ
3102 4131 3214 4202 (88)
3244 4130 3348 4205 γὰρ
3408 4132 3475 4203 τῇ
3524 4128 3672 4202 κόμῃ
3723 4128 3825 4180 τῶν

2180 4219 2406 4298 φύλλων
2451 4219 2809 4292 κεκόσμηται,
2858 4217 2947 4272 καὶ
3003 4221 3072 4292 τῇ
3126 4217 3186 4272 ἐκ
3233 4217 3442 4272 τούτων
3491 4215 3720 4293 εὐχροίᾳ
3771 4211 3828 4268 τὸ

2178 4310 2355 4385 τραχὺ
2408 4313 2512 4362 τῶν
2573 4305 2792 4362 κλάδων
2827 4306 2996 4376 αὐτῆς
3057 4306 3418 4376 συσκιάζεται.
3473 4308 3574 4362 Καὶ
3631 4303 3825 4372 ταύτης

2180 4396 2271 4454 οὖν
2311 4396 2542 4465 ἔσονται,
2602 4395 2788 4469 φησὶν,
2838 4397 3242 4472 ἀτερπίστεροι,
3299 4397 3435 4469 μετὰ
3482 4401 3590 4450 τῶν
3637 4388 3827 4470 βεϐιω-

2183 4488 2358 4560 μένων
2411 4487 2500 4541 τὸν
2571 4483 2824 4561 ἔλεγχον.
2885 4487 2980 4540 Καὶ
3061 4486 3136 4549 ὡς
3206 4482 3534 4561 παράδεισος
3612 4483 3669 4539 δὶ
3727 4480 3831 4555 (89)

411 4564 830 4620 inamceniores
861 4569 1152 4633 tum,cum
1173 4572 1472 4639 comperta
1491 4569 1703 4625 fuerint
1721 4588 1846 4643 qua
1866 4591 1969 4646 per
1987 4577 2066 4632 vi.

2180 4574 2325 4652 ὕδωρ
2379 4577 2454 4650 μή
2509 4571 2675 4651 ἔχων.
2711 4577 2979 4636 Τοιοῦτος
3033 4571 3080 4629 δ’
3111 4574 3169 4629 ἂν
3227 4573 3310 4644 εἷή
3368 4576 3459 4629 καὶ
3511 4574 3539 4628 ὁ
3590 4568 3830 4648 Ἰσραὴλ,

414 4657 535 4708 tam
550 4668 788 4726 gesseru
801 4656 864 4707 nt
875 4655 956 4708 .Et
977 4670 1108 4709 vero
1125 4656 1271 4711 sicut
1293 4656 1483 4711 hortus
1497 4674 1696 4727 aquam
1711 4676 1819 4716 non
1844 4661 2069 4722 habens.

411 4741 570 4798 Talis
599 4747 656 4798 et
677 4741 883 4813 utique
913 4743 1090 4798 etiam
1125 4745 1299 4800 fuerit
1329 4745 1674 4814 lsrael,folia
1705 4750 1941 4820 quidem
1967 4753 2070 4811 ha-

412 4833 557 4888 bens
591 4847 857 4904 peraeque
883 4848 949 4887 ac
996 4848 1272 4904 quercus,
1305 4833 1454 4907 legis
1481 4835 1752 4893 videlicet
1775 4841 2070 4916 umbram,

2185 4665 2367 4743 φύλλα
2399 4665 2492 4738 μὲν
2529 4661 2673 4740 ἔχων
2708 4663 3114 4740 παραπλησίως
3145 4661 3288 4740 δρυῒ,
3319 4665 3418 4734 τήν
3452 4663 3510 4718 ἐκ
3538 4667 3638 4718 τοῦ
3668 4660 3832 4733 νόμου

2184 4756 2360 4821 σκιὰν,
2415 4755 2477 4823 ἣν
2531 4747 2800 4808 ἀπὲϐαλεν
2858 4750 2949 4827 ἀφ’
3006 4753 3197 4809 ἑαυτοῦ
3255 4751 3307 4807 ἰν
3367 4758 3445 4825 τῷ
3500 4751 3830 4828 πληρώματι

2181 4849 2289 4901 τῶν
2336 4847 2562 4919 καιρῶν.
2597 4843 2695 4899 Καὶ
2741 4841 2815 4904 ὠς
2863 4839 3190 4917 παράδεισος
3236 4844 3638 4919 πεφυτευμένος
3693 4835 3833 4912 παρὰ

483 4993 531 5029 ⁷ο
559 4997 701 5049 Gen.
727 5011 788 5065 ιι,
819 4993 875 5048 8.
908 4995 949 5030 τί
976 4993 1053 5049 IlI
1086 4998 1223 5066 Reg.
1255 5011 1368 5051 xxx.
1400 4996 1454 5051 2.
1487 4997 1532 5030 τ’
1563 4997 1748 5054 Eccle.
1786 5017 1848 5071 ιι,
1879 5003 1932 5058 5.
1967 5005 2012 5040 ⁷³
2044 5006 2066 5063 ἱ

2180 5024 2217 5062 r.
2252 5022 2328 5075 ιν,
2366 5005 2450 5060 13.
2483 5005 2530 5040 ⁷⁸
2559 5003 2704 5059 Gen.
2736 5020 2904 5072 xxxv,
2926 5003 3047 5058 4-9.

489 5152 601 5232 (_83)
634 5150 1034 5232 Ἐπαμφότερα,
1086 5156 1148 5232 in
1197 5160 1495 5232 utrgmque
1543 5163 1782 5227 partem,
1815 5161 1924 5219 hoc
1954 5169 2064 5232 est,

415 5225 698 5310 ἐξερρηιιπι
727 5225 1037 5310 structum.
1092 5228 1240 5300 Lege
1290 5225 1586 5283 Ducaeum.
1648 5225 1776 5287 Mox
1821 5225 2067 5310 uterque

420 5296 698 5370 Colbert.,
721 5297 1047 5370 εὑρήκαμεν.

489 5369 606 5511 (86)
637 5369 730 5424 Sic
762 5363 903 5425 mss.
931 5363 1229 5426 nonnulli.
1265 5370 1443 5442 Editi,
1475 5363 1738 5434 Ναϐουθὲ.

511 5441 602 5511 85)
633 5441 727 5495 Sic
759 5458 901 5497 mss.
936 5447 1204 5511 quatuor.
1242 5443 1414 5506 Editi,
1448 5443 1499 5498 ἅ.
1534 5447 1658 5499 Mox
1688 5448 1738 5500 Ri

511 5441 602 5511 85)
633 5441 727 5495 Sic
759 5458 901 5497 mss.
936 5447 1204 5514 quatuor.
1237 5441 1499 5514 Editi,,éi.
1534 5447 1658 5499 Mox
1688 5448 1826 5514 Reg.
1852 5464 2065 5506 secun-

489 5461 602 5511 (συ)
633 5461 727 5495 me
759 5461 901 5497 mss.
936 5461 1204 5514 quatuor.
1242 5461 1414 5506 multi,
1448 5461 1499 5498 α.
1534 5461 1658 5499 mox
1688 5461 1764 5501 ne
1813 5488 1826 5501 .
1852 5464 2064 5506 secun-

423 5512 536 5568 dus
556 5517 922 5594 _e_t'_l_1te_rque
957 5515 1137 5594 ϐολὴ,
1194 5513 1287 5575 τὰς
1337 5513 1717 5594 πεπλασμένας
1768 5461 2064 5590 ἵπιτηδεύ-

414 5584 705 5644 σεις.Εάἰιί
738 5590 794 5639 et
823 5590 941 5639 tres
967 5585 1062 5639 alii
1097 5602 1238 5642 mss.
1288 5594 1351 5642 ut
1390 5588 1446 5642 in
1479 5584 1772 5646 contextu.

489 5655 604 5732 (86)
635 5657 807 5727 Editi,
853 5656 1020 5710 αὐτοῦ
1083 5656 1170 5713 τά.
1220 5662 1432 5718 Vocem
1492 5659 1658 5715 αὐτοῦ
1716 5661 2060 5742 delevimus,

2177 5165 2464 5221 librorum
2498 5180 2643 5220 mss.
2677 5164 2854 5218 fidem
2889 5165 3098 5220 secuti.

2248 5237 2537 5307 (87)7Editi
2571 5236 2964 5307 cumrduobus
2997 5253 3165 5302 mss.,
3229 5235 3356 5307 ὑπό,
3416 5235 3538 5307 Alii
3581 5236 3833 5307 quatuor

2179 5299 2323 5364 mss.
2346 5299 2484 5361 ’ἀπό.
2519 5309 2683 5363 Haud
2714 5306 2885 5378 longe
2907 5314 3026 5378 tres
3084 5299 3252 5374 mss.,
3309 5306 3459 5360 οὗτοι
3494 5305 3545 5359 οἱ
3592 5299 3692 5375 τῷ.
3730 5299 3831 5358 Alii

2175 5397 2324 5436 mss.
2357 5397 2492 5435 cum
2521 5380 2720 5446 editis,
2755 5377 2842 5432 ὅτι
2871 5377 2921 5432 oi
2943 5382 3045 5450 τῷ.

2247 5453 2360 5523 (88)
2395 5451 2670 5509 Nonnulli
2695 5467 2867 5521 3188.,
2901 5453 3089 5523 Ηυκνῇ
3119 5468 3197 5506 τε.

2175 5521 2360 5647 δι(89)
2381 5524 2678 5597 Scriptum
2702 5524 2992 5596 reperitur
3021 5521 3080 5578 in
3109 5521 3831 5581 duobusveltribusmss.,

2264 5613 2419 5647 εισιν.

2264 5613 2419 5652 εισιν.
