4130 6380
318 376 438 437 229

1138 366 1542 431 COMMENT.
1577 365 1672 452 ⁶ΙΝ
1718 361 1996 425 ISAIAM
2039 360 2546 423 PROPHETAM.
2592 363 2762 423 CAP.
2811 360 2889 424 ΙΙ.

3627 371 3747 432 930

323 506 548 583 Κυρίου,
610 501 700 558 διὰ
753 503 854 571 τὴν
914 500 964 574 ἐξ
1011 499 1192 576 ἀρχῆς
1237 497 1432 554 κτίσιν⁶
1467 494 1858 572 ἆποξηρανθεὶς
1906 489 1982 583 δὲ,

2121 510 2275 566 luam
2305 511 2339 550 a
2368 509 2430 550 se
2481 494 2741 551 excussit
2772 496 2830 550 in
2881 495 3246 569 plenitudine
3292 505 3642 574 temporum.
3677 507 3747 562 Et

324 581 415 652 διὰ
469 595 534 650 τὸ
593 590 1006 648 ἀπολωλεκέναι
1064 589 1124 644 τὸ
1180 588 1232 644 έν
1283 593 1399 650 τοῖς
1446 583 1680 662 δόγμασι
1732 581 1981 653 ζωτικόν.

327 684 740 758 Φιλοτιμητέον
771 681 950 736 τοίνυν
979 677 1252 736 πιστεύειν
1308 676 1586 748 ἀληθινῶς
1629 673 1706 737 εἷς
1729 671 1983 748 Χριστὸν,

324 777 418 831 ἳνα
446 772 690 848 ποταμοὶ
721 769 1082 844 πνευματικοὶ
1115 767 1174 824 έκ
1201 775 1300 838 τῆς
1343 766 1560 830 κοιλίας
1606 766 1766 838 ἡμῶν
1823 762 1984 838 ῥέωσι

325 869 465 939 (90),
499 865 636 938 μήτε
663 861 934 938 ἀτερπεῖς,
967 861 1107 934 μήτε
1130 859 1419 934 ,ἀκάρπους
1450 859 1598 928 ἡμᾶς
1631 855 1985 930 συγχωροῦν-

334 976 424 1019 τες
453 952 719 1031 γενέσθαι.

409 1139 500 1194 64.
528 1133 630 1192 Καὶ
659 1130 805 1188 ἔσται
863 1132 899 1200 ἠ
957 1128 1117 1204 ἷσχὺς
1173 1125 1349 1182 αὐτῶν
1407 1125 1481 1186 ὡς
1529 1120 1754 1196 καλάμη
1816 1141 1987 1175 στυπ-

339 1223 512 1294 πείου,
568 1223 658 1278 καὶ
727 1221 783 1275 αἱ
840 1216 1080 1296 ἐργασίαι
1138 1214 1339 1288 αὒτῶν,
1400 1213 1474 1276 ὡς
1535 1213 1824 1286 σπινθῆρες
1882 1230 1986 1264 πυ-

339 1313 453 1389 ρός.
506 1313 779 1374 Ἐντεῦθεν
841 1295 1040 1379 δῆλον,
1073 1305 1155 1362 ὅτι
1189 1307 1301 1379 (91)
1332 1304 1538 1375 ἑκάστῳ
1565 1303 1632 1356 τὰ
1679 1297 1811 1375 ἔργα
1841 1295 1990 1353 αἶ’τια

333 1406 442 1457 τῶν
489 1399 543 1456 ἐν
596 1399 818 1456 κολάσει
868 1398 1047 1453 πόνων
1080 1391 1362 1471 γενήσεται
1419 1389 1642 1453 ἑαυτοὺς
1677 1387 1838 1464 ἡμῶν
1896 1387 1986 1442 καὶ

337 1487 679 1561 έπιτηδείους
721 1487 909 1544 καύσει
955 1484 1511 1561 παρασκευαζόντων,
1566 1479 1655 1535 καὶ
1710 1480 1778 1534 τὰ
1841 1478 1988 1548 πάθη

335 1586 437 1650 τῆς
495 1582 681 1654 ψυχῆς
738 1576 918 1654 ὣσπερ
977 1581 1276 1649 σπινθῆρας
1330 1572 1502 1646 πυρὸς
1562 1570 1638 1632 εἷς
1683 1564 1863 1642 ἔξαψιν
1894 1569 1994 1632 τῆς

339 1668 394 1725 έν
426 1669 616 1744 γεέννῃ
650 1664 857 1744 φλογὸς
888 1663 1260 1739 έπαγομένωνο
1297 1663 1373 1724 ὡς
1405 1662 1494 1716 καὶ
1536 1661 1564 1715 ὁ
1595 1656 1996 1733 καταξηραινό-

344 1777 505 1831 μενος
537 1757 589 1812 έν
653 1758 720 1830 τῇ
776 1751 946 1833 φλογὶ
1005 1751 1272 1814 πλούσιος
1321 1750 1424 1806 ὑπὸ
1452 1753 1558 1804 τῶν
1591 1745 1746 1802 ῗδίων
1777 1744 1991 1815 ἡδονῶν

335 1845 756 1924 κατεφρύσσετο.
815 1843 962 1899 Κατὰ
988 1843 1089 1919 γὰρ
1120 1843 1220 1911 τὴν
1277 1838 1572 1914 ἀναλογίαν
1610 1838 1682 1891 ὧν
1719 1833 1995 1924 δεχόμεθα

345 1921 524 2011 βελῶν
575 1935 678 1990 ὑπὸ
711 1937 807 1988 τοῦ
854 1935 1101 2005 πονηροῦ
1127 1933 1264 2004 (92),
1311 1936 1411 1999 τῆς
1456 1928 1531 1989 εἰς
1560 1924 1725 1982 πλέον
1758 1923 1794 1994 ἢ
1838 1921 1993 1979 ἔλατ-

341 2045 435 2080 τον
492 2023 734 2085 καύσεως
797 2022 1090 2095 μεθέξομεν
1131 2063 1142 2076 .
1227 2018 1324 2073 Καὶ
1386 2016 1886 2086 κατακαυθήσονται
1945 2012 1998 2066 οἱ

346 2115 544 2188 ἄνομοι
603 2113 693 2168 καὶ
764 2112 816 2166 οἱ
877 2106 1201 2185 ἁμαρτωλοὶ
1268 2108 1400 2180 ἅμα,
1461 2106 1550 2162 καὶ
1611 2104 1714 2160 οὐκ
1763 2099 1909 2159 ἔσται
1969 2101 1998 2156 ὁ

349 2198 578 2260 σϐέσων.
631 2200 722 2266 Δὶς
770 2198 879 2271 ἤδη
914 2199 1260 2276 συνήφθησαν
1295 2194 1574 2266 ἀλλήλοις
1605 2195 1708 2250 ὑπὸ
1731 2200 1833 2264 τῆς
1861 2212 1998 2268 προ-

352 2292 577 2371 φητείας
605 2291 658 2346 οἳ
710 2291 908 2364 ἄνομοι
959 2288 1048 2343 καὶ
1079 2288 1132 2342 οὶ
1167 2282 1489 2363 ἁμαρτωλοί
1527 2286 1664 2357 (93)°
1716 2279 1828 2337 ἅνω
1880 2280 1996 2354 μέν’

351 2367 455 2438 Καὶ
522 2376 970 2456 συντριϐήσονται
1029 2378 1083 2431 o't
1141 2377 1337 2448 ἄνομοι
1395 2373 1485 2429 καὶ
1545 2374 1598 2428 οὶ
1656 2367 1999 2446 ἁμαρτωλοί·

353 2469 576 2526 ἐνταῦθα
644 2466 720 2524 δέ·
794 2468 896 2526 Καὶ
971 2466 1472 2535 κατακαυθήσονται
1531 2458 1737 2532 Μηδεὶς
1812 2457 1998 2514 ἑαυτὸν

353 2559 666 2631 έξαπατάτω
719 2555 1065 2617 ἀπαιδεύτοις
1099 2554 1308 2630 λόγοιςο
1343 2552 1427 2607 ὅτι
1452 2551 1500 2607 εἲ
1524 2551 1616 2606 καὶ
1646 2546 1999 2622 ἁμαρτωλὸς,

351 2648 498 2706 ἀλλὰ
529 2647 871 2725 Χριστιανός.
936 2645 1050 2704 Οὐκ
1105 2643 1446 2717 ἐμπεσοῦμαι
1498 2639 1591 2695 οὖν
1645 2639 1720 2702 εἰς
1769 2639 2000 2725 γέενναν,

349 2738 489 2794 ὅπου
547 2723 599 2792 oi.
653 2735 1078 2811 εἰδωλολάτραι.
1142 2734 1414 2804 Βοηθήσει
1451 2751 1544 2804 μοι
1576 2729 1707 2785 αὐτὸ
1735 2727 1796 2782 τὸ
1827 2723 2006 2800 ὄνομα

348 2829 445 2885 τοῦ
476 2831 822 2904 Χριστιανοῦ,
884 2825 930 2879 εἰ
987 2823 1078 2880 καὶ
1135 2823 1231 2884 τὰς
1287 2820 1510 2885 ἐντολὰς
1536 2819 1704 2874 αὐτοῦ
1734 2811 1999 2891 παρέϐην.

354 2918 551 2974 1Ἄκουε
605 2918 709 2991 γὰρ
744 2959 758 2984 ,
832 2916 916 2970 ὅτι
972 2915 1486 2982 Κατακαυθήσονται
1546 2911 1598 2964 οἱ
1657 2906 1854 2980 ἄνομοι
1913 2905 2004 2961 καὶ

359 3007 410 3060 οἱ
464 3003 787 3083 ἁμαρτωλοὶ
845 3005 959 3076 ἅμα
991 3046 1005 3060 .
1069 3001 1432 3080 Ἀμφοτέροις
1495 2999 1564 3052 τὰ
1616 3001 1714 3063 τῆς
1763 2996 2005 3056 καύσεως

362 3091 528 3150 atina.
591 3091 898 3148 Στυππείου
952 3089 1179 3163 καλάμη
1234 3087 1286 3143 ἐν
1324 3089 1680 3165 ἀμφοτέροις,
1731 3085 2006 3139 τουτέστιν

2093 585 2260 655 quasi
2289 584 2497 641 hortus
2520 586 2827 642 arboribus
2850 604 2884 642 a
2913 588 3155 644 Domino
3173 593 3437 649 consitus
3469 611 3572 666 per
3592 614 3747 654 crea.

2092 673 2315 730 tionem
2375 675 2665 748 primam:
2729 678 2829 732 sed
2890 678 3182 733 arefactus
3237 685 3347 743 est,
3398 684 3554 752 quod
3592 686 3744 740 vita-

2093 764 2207 821 lem
2238 767 2581 838 dogmatum
2613 783 2855 823 sensum
2885 768 3322 840 disperdiderit.
3355 775 3560 844 Itaque
3591 780 3654 830 ut
3682 776 3743 832 in

2093 855 2394 911 Christum
2424 873 2556 912 vere
2587 857 2918 924 credamus,
2955 859 3150 914 danda
3165 876 3342 931 opera
3370 865 3498 918 est:
3531 868 3596 919 ut
3625 866 3745 937 spi-

2093 944 2332 1001 ritualia
2361 944 2610 1001 ﬂumina
2654 944 2724 999 de
2771 950 2970 1000 ventre
3009 952 3208 1004 nostro
3254 949 3443 1007 ﬂuant
3461 952 3527 1019 ⁷⁸,
3557 971 3747 1026 neque

2094 1035 2443 1100 inammnos,
2477 1051 2666 1106 neque
2696 1035 3094 1092 infructuosos
3123 1057 3230 1095 nos
3270 1043 3421 1098 efﬁci
3453 1044 3744 1104 sinamus.

2165 1126 2258 1180 64.
2289 1125 2457 1182 Vsas.
2489 1124 2580 1180 3i.
2608 1127 2673 1180 Et
2701 1127 2805 1181 erit
2834 1127 3104 1197 fortitudo
3140 1131 3374 1187 illorum
3402 1140 3463 1188 ut
3491 1134 3748 1193 calamus

2097 1217 2405 1287 διαρρέεβί
2462 1231 2640 1286 opera
2697 1231 2910 1283 eorum,
2961 1224 3018 1271 ut
3070 1219 3333 1275 scintillas
3380 1224 3553 1295 ignis.
3599 1225 3747 1282 Hinc

2099 1309 2463 1375 compertum
2488 1308 2576 1358 est
2598 1303 2861 1359 futurum
2893 1320 3022 1360 esse
3046 1313 3111 1360 ut
3140 1323 3316 1379 opera
3340 1311 3394 1366 in
3428 1329 3606 1371 causa
3629 1315 3749 1371 sint

2099 1410 2204 1449 cur
2232 1392 2508 1465 supplicii
2555 1410 2736 1465 paenae
2797 1394 2867 1448 ab
2931 1411 3283 1466 unoquoque
3338 1401 3744 1470 perferantur:

2101 1481 2579 1555 quandoquidem
2602 1499 2708 1537 nos
2733 1483 2891 1554 ipsos
2923 1484 3136 1540 ustioni
3159 1488 3462 1546 reddimus
3484 1491 3749 1566 idoneos,

2101 1577 2276 1642 atque
2306 1571 2519 1626 anima:
2547 1571 2688 1626 vitia
2715 1580 2992 1644 tanquam
3027 1573 3182 1644 ignis
3231 1576 3522 1636 scintillas
3550 1582 3623 1637 ad
3655 1599 3749 1638 ao-

2103 1661 2463 1716 cendendam
2479 1661 2760 1732 gehennae
2775 1660 2911 1716 ﬂam
2922 1679 3076 1716 mam
3093 1667 3753 1742 exsuscitamuszquem-

2105 1751 2424 1806 admodum
2457 1755 2514 1805 et
2544 1749 2705 1804 dives
2737 1749 2833 1804 ille
2865 1751 2923 1804 in
2950 1751 3188 1807 ﬁainma
3217 1757 3528 1826 arefactus,
3562 1776 3598 1816 a
3622 1777 3755 1832 pro-

2107 1839 2251 1911 priis
2280 1838 2679 1910 voluptatibus
2728 1840 3082 1894 torrebatur.
3117 1844 3344 1899 Etenim
3394 1863 3497 1917 pro
3529 1849 3754 1905 ratione

2098 1929 2433 2000 jaculorum
2466 1945 2596 1998 qua:
2649 1945 2682 1982 a
2725 1928 2984 2000 maligno
3031 1934 3455 2003 exceperimus,
3490 1937 3622 2007 plus
3653 1944 3756 1996 aut

2106 2019 2303 2074 minus
2333 2034 2662 2072 exuremur.
2699 2018 2761 2071 Et
2791 2019 3178 2074 comburantur
3219 2023 3407 2093 iniqui
3435 2034 3485 2080 et
3508 2037 3755 2097 peccato-

2107 2125 2194 2164 res
2222 2108 2412 2172 simul,
2444 2116 2496 2162 ct
2525 2123 2634 2161 non
2658 2108 2768 2162 erit
2795 2109 2892 2178 qui
2915 2111 3253 2179 exstinguat.
3283 2112 3542 2184 Jamjam
3573 2117 3757 2174 semel

2109 2203 2167 2254 et
2192 2198 2400 2252 iterum
2436 2195 2613 2251 simul
2635 2195 2934 2266 conjuncti
2965 2203 3104 2252 sunt
3126 2199 3306 2270 iniqui
3338 2206 3395 2256 et
3426 2211 3758 2273 peccatores

2111 2305 2142 2343 a
2174 2285 2517 2358 prophetia:
2543 2285 2814 2354 superius
2837 2285 3098 2355 quidem,
3125 2289 3187 2342 Et
3205 2295 3558 2348 conterentur
3577 2296 3762 2366 iniqui

2109 2381 2160 2433 et
2187 2378 2529 2447 peccatores:
2583 2372 2676 2427 hic
2724 2390 2878 2440 vero,
2929 2375 2994 2429 Et
3041 2377 3451 2434 comburantur.
3484 2382 3666 2440 Nemo
3697 2401 3761 2442 se

2109 2466 2236 2537 ipse
2267 2464 2510 2519 seducet
2536 2461 2781 2518 insulsis
2812 2463 2904 2518 his
2941 2466 3170 2522 verbis:
3206 2468 3463 2526 Tametsi
3493 2479 3764 2542 peccator

2113 2571 2270 2620 sum,
2303 2559 2363 2608 at
2391 2557 2546 2608 certe
2573 2567 2706 2606 sum
2732 2550 3124 2610 Christianus.
3148 2555 3270 2611 Non
3293 2558 3475 2630 igitur
3502 2561 3760 2619 incidam

2112 2644 2170 2699 in
2204 2643 2552 2715 gehennam,
2595 2640 2654 2695 in
2705 2657 2879 2712 quam
2935 2643 3372 2714 praecipitantur
3417 2649 3760 2708 idololatria.

2110 2733 2311 2804 Ipsum
2333 2730 2649 2784 Christiani
2677 2746 2889 2786 nomen
2904 2732 3015 2786 erit
3030 2734 3173 2788 mihi
3189 2735 3766 2806 adjumento,etiam-

2114 2822 2165 2878 si
2198 2825 2483 2892 precepts
2530 2818 2744 2874 Christi
2787 2819 3146 2876 violaverim.
3202 2825 3346 2878 Audi
3377 2827 3574 2883 enim:
3609 2829 3767 2886 Com-

2118 2912 2386 2966 burmtur
2414 2910 2598 2979 iniqui
2644 2912 2696 2963 et
2740 2917 3053 2978 peccatores
3090 2913 3278 2967 simul.
3327 2917 3489 2981 Quod
3523 2918 3768 2976 ultionis

2117 3015 2298 3054 causa
2325 3001 2436 3061 est,
2467 2995 2730 3067 idipsum
2774 2997 3041 3067 utrisque
3076 3002 3366 3058 convenit.
3399 3005 3554 3061 426
3587 3007 3769 3080 Repe-

2119 3086 2270 3141 ritur
2299 3085 2357 3138 in
2393 3084 2657 3152 utrisque
2679 3090 2905 3154 stuppae
2929 3085 3215 3153 calamus,
3241 3089 3348 3145 hoc
3376 3098 3466 3148 est
3493 3095 3612 3150 vita
3639 3113 3768 3168 quas

365 3181 804 3256 εύκατάπρηστος
866 3180 979 3248 ζωὴ
1038 3178 1131 3233 καὶ
1191 3177 1399 3255 φλογὸς
1460 3173 1700 3244 δεκτική.
1764 3173 2006 3246 Σπινθὴρ

2121 3173 2289 3230 facile
2305 3172 2588 3238 exuritur,
2615 3171 3036 3244 ﬂammamque
3060 3177 3330 3248 suscipit.
3353 3180 3495 3237 Jure
3515 3188 3573 3238 et
3593 3185 3773 3255 hujus

365 3239 802 3346 δικαίως
862 3239 979 3342 (-94)
1030 3239 1386 3341 tpuupsdsiau
1417 3264 1508 3319 καὶ
1544 3239 1724 3335 τούτῳ
1752 3239 2006 3332 κάκείνω·

2124 3267 2181 3318 et
2207 3260 2367 3315 illius
2415 3259 2675 3314 animam
2726 3239 2987 3316 incendit
3033 3239 3314 3334 scintilla,
3357 3285 3486 3340 quis
3535 3239 3774 3342 quidem

363 3364 454 3414 νῦν
490 3360 585 3432 μὶν
635 3360 710 3422 ὡς
766 3357 818 3414 ἐν
878 3354 1078 3427 σποδιᾷ
1113 3353 1548 3428 κεκαλυμμένος,
1608 3351 1844 3406 καθόσον
1904 3349 2006 3404 ὑπὸ

359 3453 469 3503 τῶν
547 3455 648 3518 τῆς
747 3447 944 3523 σαρκὸς
1015 3445 1410 3516 σκεπασμάτων
1495 3439 1954 3518 περικαλύπτεται
1989 3458 2003 3472 ⁸

361 3537 729 3613 ἀναφθήσεται
786 3534 843 3591 δὲ
903 3534 1006 3590 ὑπὸ
1034 3540 1136 3603 τῆς
1174 3533 1319 3594 θείας
1348 3532 1603 3608 κρίσεως,
1643 3530 1695 3584 έν
1725 3534 1794 3604 τῇ
1829 3529 2012 3605 ἡμέρᾳ

359 3633 460 3696 τῆς
491 3622 824 3697 ἐκδικήσεως
854 3623 913 3679 ἐκ
939 3624 1047 3680 τῶν
1082 3620 1332 3698 ἐλέγχων
1385 3617 1872 3697 ἀναῤῥιπιζόμενος
1921 3617 2012 3674 καὶ

363 3714 744 3790 ἐξαπτόμενος.

847 3938 1269 3997 ΚΕΦΑΛΑΙΟΝ
1309 3943 1360 3991 B'
1406 3938 1536 4010 (95).

449 4055 538 4108 65.
598 4051 659 4107 Ὁ
734 4045 899 4124 λόγος
977 4047 1006 4101 ὁ
1081 4044 1369 4122 γενόμενος
1446 4043 1582 4118 πρὸς
1633 4042 1854 4099 Ἠσαίαν
1910 4040 2027 4098 υἱὸν

378 4142 587 4214 Ἀμὼς,
646 4139 770 4214 περὶ
827 4144 926 4208 τῆς
993 4133 1254 4198 Ἰουδαίας
1309 4134 1399 4189 καὶ
1456 4133 1581 4210 περὶ
1639 4129 2026 4208 Ἰερουσαλήμ.

381 4231 533 4290 Μετᾶ
586 4231 687 4298 τήν
743 4227 1082 4304 περιγραφὴν
1108 4231 1208 4295 τῆς
1255 4222 1523 4300 προτέρας
1556 4223 1792 4298 ὁράσεως
1820 4220 2028 4297 ἐγένετο

378 4321 534 4381 οὗτος
565 4319 593 4373 ὁ
642 4317 805 4393 λόγος
860 4316 994 4392 πρὸς
1041 4310 1259 4370 Ἡσαΐαν
1309 4312 1425 4367 υἱὸν
1473 4312 1684 4385 ’Δμώς.
1738 4312 1835 4365 Διὰ
1871 4309 1925 4365 τί
1973 4305 2029 4364 δὶ

2117 3366 2276 3407 nunc
2308 3353 2594 3420 tanquam
2647 3349 2706 3402 in
2735 3348 2930 3405 cinere
2979 3351 3204 3408 oblecta
3243 3361 3352 3426 est,
3409 3359 3546 3415 dum
3582 3363 3776 3419 carnis

2119 3437 2475 3512 tegumentis
2489 3436 2716 3492 velatur
2741 3455 2754 3494 z
2774 3439 3118 3494 incendetur
3137 3446 3756 3520 veroadivinojudicio

2121 3545 2257 3585 cum
2290 3527 2350 3581 in
2376 3526 2470 3582 die
2489 3525 2762 3584 vindictae
2785 3527 3302 3590 criminationibus
3318 3503 3786 3598 excitabitur-ac:

2123 3618 2549 3690 condeturque.

2792 3934 3023 3994 CAPUT
3059 3939 3132 3994 ll.

2208 4043 2294 4097 65.
2335 4041 2502 4097 Vens.
2540 4041 2590 4098 1.
2658 4042 2884 4098 Verbum
2935 4046 3077 4117 quod
3126 4049 3334 4118 factum
3380 4061 3456 4108 est
3489 4053 3560 4110 ad
3588 4055 3794 4112 Isaiam

2137 4132 2320 4202 filium
2349 4131 2529 4197 Amos,
2561 4129 2628 4185 de
2673 4131 2865 4189 Judzra
2894 4145 2943 4189 et
2997 4135 3064 4191 de
3111 4137 3440 4196 Jerusalem.
3477 4143 3792 4216 Postquam

2139 4220 2434 4292 descripta
2463 4225 2552 4275 est
2583 4220 2740 4291 prior
2772 4221 2938 4289 visio,
2967 4225 3184 4281 factum
3207 4231 3295 4284 est
3327 4229 3436 4285 hoc
3464 4232 3700 4288 verbum
3721 4234 3794 4290 ad

2139 4309 2349 4365 Isaiam
2380 4307 2565 4364 ﬁlium
2590 4311 2790 4364 Amos.
2815 4311 2943 4366 Jnm
2975 4330 3106 4369 vero
3135 4331 3392 4386 quanam
3429 4321 3654 4376 ratione
3675 4321 3797 4380 illic

377 4409 488 4465 έκεῖ
537 4409 631 4483 μὶν
681 4409 910 4481 ’Όρασις
935 4449 956 4498 ,
1016 4403 1238 4459 ἐνταῦθα
1297 4399 1355 4456 δὲ
1405 4401 1616 4478 Λόγος;
1673 4402 1791 4456 Ὃτι
1843 4401 1877 4470 ἡ
1931 4399 2006 4473 μὲε

2139 4399 2382 4498 quidem.
2410 4398 2621 4470 legitur
2648 4401 2811 4471 Visio,
2847 4401 2938 4457 hic
2965 4408 3157 4458 autem
3190 4407 3428 4462 Verbum
3448 4412 3474 4462 γ
3502 4411 3791 4476 Quoniam
3825 4465 3836 4475 ,

373 4497 520 4574 παρᾶ
572 4501 671 4553 τοῦ
729 4498 862 4550 Θεοῦ
931 4489 1161 4565 δύναμις
1219 4489 1356 4545 κατὰ
1407 4491 1508 4559 τὴν
1562 4493 1661 4544 τοῦ
1711 4487 2006 4562 Ηνεύματοη

2140 4507 2256 4545 una
2289 4489 2526 4560 quidem
2557 4493 2646 4544 est
2669 4490 3010 4562 virtus,quae
3043 4509 3076 4547 a
3105 4493 3220 4550 Deo
3243 4513 3346 4568 per
3372 4497 3628 4570 Spiritus
3652 4517 3788 4572 gra-

375 4587 536 4665 χάριν
596 4591 716 4648 τοῖς
776 4583 948 4660 ἁγίοις
1001 4581 1167 4636 αὐτοῦ
1221 4575 1478 4651 διδομένη
1518 4577 1633 4650 μία.
1669 4582 1872 4640 Γνῶσις
1921 4578 2027 4653 γάρ

373 4677 486 4732 ἐστι
513 4681 623 4732 τῶν
681 4671 1091 4750 ἀγνοουμένων,
1151 4666 1221 4722 δι’
1278 4665 1673 4741 ἀποκαλύψεως
1720 4666 1809 4720 καὶ
1860 4687 2028 4746 φωτι-

446 4797 490 4830 ’¹⁸
517 4796 690 4852 Joan.
722 4809 821 4862 vn,
852 4792 942 4846 38.

450 4922 564 4995 (90)
622 4918 864 4977 Codices
921 4915 1202 4987 quinque,
1257 4910 1441 4988 ῥέωσι.
1502 4911 1658 4967 Editi
1705 4927 1862 4980 vero,
1911 4908 2030 4985 ῥεύ-

379 5014 532 5048 σωσι.

450 5067 559 5137 (91)
593 5064 700 5137 Pro
732 5057 928 5137 δῆλον,
961 5056 1067 5137 ὅτι,
1099 5057 1320 5112 habent
1341 5055 1566 5127 aliquot
1595 5071 1740 5137 mss.
1769 5049 2031 5137 δηλονότι

585 5125 924 5209 _Edit_i_cum
965 5131 1154 5185 tribus
1205 5145 1372 5195 mss.,
1405 5125 1700 5209 frameae:
1751 5125 1864 5209 Alii
1912 5129 2032 5183 tres

380 5197 555 5272 mss;
581 5203 864 5259 διαοόλου’
898 5218 1079 5274 quam
1110 5216 1310 5256 vocem
1333 5198 1546 5271 prioris
1578 5197 2031 5255 declarationem

379 5293 508 5333 esse
537 5273 1258 5345 arbitramurJAliquanto
1281 5275 1413 5342 post
1429 5287 1573 5326 mss.
1607 5285 1838 5338 omnes,
1866 5287 2032 5324 κατα-

374 5349 756 5417 καυθήσονται.
791 5347 964 5412 Editi,
995 5345 1384 5417 καυθήσοντιπιιἶ

448 5410 827 5502 (θελοοάίεεε
878 5410 1018 5502 duo,
1065 5410 1393 5502 αμαρτωλοὶ
1425 5411 1576 5502 γᾶμα.
1633 5410 2026 5502 ιδξάθιρεεε.

448 5431 827 5493 (93)Uodicee
878 5431 1018 5482 duo,
1071 5431 1393 5502 ἁμαρτωλοί
1445 5431 1576 5484 αμα.
1633 5431 1854 5468 minem
1887 5431 1965 5470 ne
2013 5457 2024 5469 .

374 5493 672 5548 secundus
695 5560 701 5561 ί
727 5487 860 5561 ἅνω-
887 5487 1003 5561 μὲν.
1065 5493 1271 5561 Statim
1332 5487 1448 5561 duo
1483 5502 1656 5561 mss.,
1696 5481 1918 5550 ἐνταῦθα
1949 5431 2024 5542 δῖξ.

372 5564 606 5621 Voculae
642 5560 737 5636 μέν
756 5568 814 5618 et
841 5557 898 5636 δέ
923 5561 1190 5636 ineditis
1223 5558 1733 5636 desiderabantur.

445 5638 554 5708 (94)
586 5628 833 5708 Ducasus
856 5634 916 5708 in
941 5633 1130 5688 tribus
1156 5631 1462 5708 codicibus
1483 5628 2027 5708 scriptum_reperit,

375 5700 598 5767 δικαιῶν
620 5707 828 5787 ψυχήν,
847 5706 1135 5780 justorum
1161 5705 1414 5763 animam
1432 5719 1453 5761 :
1477 5700 1655 5774 quam
1673 5700 2029 5775 scripturam

2137 4579 2280 4634 tiam
2313 4579 2534 4634 sanctis
2563 4578 2752 4650 ipsius
2803 4580 3104 4637 tribuitur.
3139 4584 3241 4639 Est
3271 4586 3427 4642 enim
3459 4604 3661 4645 earum
3695 4607 3789 4646 re-

2140 4685 2268 4724 rum
2301 4684 2428 4740 quae
2459 4667 2883 4740 ignorabantur
2925 4672 3201 4745 cognitio,
3229 4690 3334 4745 per
3371 4679 3789 4736 revelationem

2141 4916 2199 4968 et
2229 4928 2334 4995 nos
2363 4928 2597 4995 quoque
2625 4911 2684 4995 in
2715 4913 2908 4995 Regiis
2938 4915 3127 4995 primo
3148 4921 3206 4995 et
3233 4924 3443 4995 quarto
3473 4921 3792 4995 etinrutro-

2142 5000 2255 5054 que
2285 4984 2440 5039 Colb.
2474 4984 2826 5065 invenimus.
2858 4984 2970 5065 Sed
2998 4984 3290 5065 existimat
3328 4993 3415 5047 vir
3461 4994 3792 5051 eruditissi-

2143 5071 2298 5142 mus,
2330 5072 2361 5110 e
2391 5056 2586 5142 codice
2610 5056 2829 5142 Anglic;
2864 5060 2945 5114 ita
2961 5062 3390 5142 emendandum
3415 5079 3566 5142 esse,
3601 5074 3665 5142 ut
3687 5083 3792 5139 pro

2143 5123 2364 5208 δικαίων
2399 5126 2644 5209 legatur,
2677 5123 2919 5209 δῖκαίως,
2963 5134 3179 5188 merito.
3216 5133 3354 5209 Ejus
3401 5123 3598 5193 autem
3623 5123 3790 5209 judi-

2141 5201 2297 5282 cium
2329 5215 2395 5255 eo
2421 5199 2702 5282 libentius
2734 5203 3058 5282 sequimur:
3104 5199 3446 5282 quod—banc
3482 5199 3672 5280 ipsam
3705 5211 3790 5267 le-

2141 5276 2388 5354 ctionem
2420 5276 2709 5354 in_nostr_o
2759 5290 2995 5354 quoque
3023 5277 3201 5354 Regio
3233 5278 3401 5354 tertio
3431 5276 3786 5339 invenimus.

2141 5344 2363 5425 Ibidem
2398 5344 2725 5425 codﬁicesﬂﬂ.
2761 5350 2818 5425 et
2862 5344 2916 5400 JZ
2947 5352 3005 5425 et
3032 5344 3169 5425 tres
3198 5348 3318 5425 alii,
3370 5347 3786 5425 έμπυρσεύεται.

2141 5415 2464 5498 Ed'inti‘cpm‘
2489 5414 2686 5498 Regiis
2718 5416 2907 5486 primo
2939 5424 2997 5498 et
3015 5421 3216 5498 tertio,
3252 5414 3630 5498 ἐμπορεύεται.

2211 5487 2336 5570 (95).
2356 5487 2418 5568 In
2453 5487 2645 5568 tribus
2675 5503 2955 5572 mss.hpro
2985 5487 3422 5572 titulo_legitur',
3453 5495 3790 5572 "Opagctcpt.

2323 5558 2380 5612 in
2404 5558 2552 5640 ipsis
2597 5558 2774 5640 verba
2805 5559 3134 5640 ‘Scr‘iptura
3167 5558 3790 5640 inﬁmod’um'alteri'us

2142 5629 2296 5711 tituli
2332 5633 2649 5711 ponuntur.
2680 5627 2858 5711 Paulo
2878 5627 3050 5688 aliter
3067 5633 3127 5711 in
3159 5635 3300 5711 aliis
3324 5639 3626 5711 codicibus
3647 5640 3788 5696 scri-

2137 5705 2309 5774 ptum
2334 5698 2573 5759 titulum
2600 5698 2976 5777 invenimus;
3009 5705 3114 5763 sed
3144 5705 3218 5765 de
3245 5708 3339 5767 his
3369 5709 3502 5782 plus
3533 5711 3701 5772 satis.
