4130 6442
262 488 376 551 23Ἶ

1111 485 1512 550 COMMENT.
1560 486 1640 547 IN
1685 486 1952 548 ISAIAM
2000 468 2507 549 morsuum;
2554 487 2727 549 CAP.
2776 489 2852 549 ιι.

3572 486 3695 549 238

263 626 345 695 τῷ
394 617 550 695 νόμῳ
608 618 832 694 Κυρίου·
890 618 953 674 οὗ
1014 619 1122 693 μὴν
1179 619 1295 674 καθ’
1317 614 1543 674 ἕκαστον
1600 615 1751 683 ἔθνος
1804 619 1932 684 τοὺς

2048 623 2147 675 tur
2176 623 2397 691 gentes,
2431 637 2559 693 qua
2594 621 2652 677 in
2686 618 2919 677 Domini
2952 620 3077 692 lege
3098 615 3405 677 ambulent
3439 634 3452 676 :
3506 633 3698 693 neque

263 709 776 787 ἐμπεριεχομένους
823 707 1148 780 ἀνθρώπους
1202 709 1511 785 συμφώνως
1558 708 1649 764 τὸν
1700 716 1799 779 τῆς
1828 730 1929 764 πο-

267 799 473 863 λιτείας
519 797 723 854 σκοπὸν
779 794 1200 872 καταδέχεσθαι.
1258 797 1347 860 Ὡς
1404 798 1498 870 μὲν
1556 796 1645 853 οῦν
1704 798 1933 874 πρὸςτᾶ

264 884 651 963 ἐϐδομήκοντα
694 882 790 941 δύο
848 882 998 957 ἔθνη,
1045 887 1079 955 ἢ
1139 884 1314 940 ὁπόσα
1375 883 1582 957 δήποτε
1638 886 1773 942 κατὰ
1828 887 1927 956 τὴν

266 976 595 1051 οἰκουμένην
658 976 863 1031 ἅπασαν
914 973 1318 1049 ἀριθμούμενα,
1376 974 1564 1031 πολλά
1608 977 1676 1031 τὰ
1707 975 1932 1052 πορευό-

272 1088 406 1142 μενα
434 1068 531 1136 τήν
577 1065 631 1121 ἐν
686 1068 755 1139 τῇ
789 1067 905 1137 ζωῇ
963 1062 1205 1141 πορείαν’
1241 1064 1316 1128 ὥς
1369 1061 1427 1119 δὲ
1476 1064 1613 1141 πρὸς
1667 1066 1758 1121 τὸν
1797 1064 1927 1121 ὅλον

265 1161 374 1213 τῶν
408 1155 495 1211 ἐπὶ
543 1161 642 1230 γῆς
674 1153 977 1229 ἀνθρώπων
1036 1153 1292 1228 ἀριθμὸν,
1344 1152 1528 1229 ὀλίγοι
1587 1154 1639 1209 οἱ
1680 1155 1928 1228 σωζόμε-

267 1266 368 1302 νοι·
403 1244 543 1301 οὕτω
599 1244 688 1298 καὶ
744 1246 860 1318 (18)
915 1243 978 1297 τὸ
1034 1241 1364 1319 Εὐαγγὲλιον
1426 1242 1707 1314 ἀληθεύει,
1760 1244 1927 1314 καὶὴ

267 1332 572 1412 προφητεία
622 1331 685 1387 οὐ
740 1332 995 1407 μάχεται.
1052 1332 1233 1386 Πάντα
1286 1331 1354 1386 τὰ
1422 1326 1545 1402 ἔθνη
1603 1329 1933 1388 δουλεύσου-

266 1444 346 1477 σιν
379 1422 548 1494 αὐτῷ,
599 1422 1038 1497 προσκυνήσουσι
1103 1418 1161 1476 δὲ
1217 1420 1323 1475 ἀπὸ
1379 1423 1494 1495 (19)
1551 1422 1660 1478 τῶν
1703 1420 1933 1478 πολλῶν

270 1510 474 1590 ὀλίγοι·
526 1512 752 1580 Πάντες,
799 1512 985 1590 φησὶν.
1048 1511 1100 1566 οἱ
1163 1508 1406 1586 βασιλεῖς
1464 1518 1565 1581 τῆς
1619 1518 1743 1586 γῆς.
1779 1512 1930 1567 Καὶὸ

270 1602 561 1680 Σοφονίας·
592 1601 814 1673 “Ηξουσι
843 1604 940 1655 τοῦ
972 1598 1249 1657 δουλεύειν
1282 1599 1428 1674 αὖτῷ
1459 1600 1607 1674 αὐτῷ
1638 1601 1741 1656 ὑπὸ
1775 1602 1929 1679 ζυγὸν

267 1688 382 1748 ἕνα.

343 1783 435 1837 69.
471 1781 570 1836 Καὶ
604 1779 807 1857 ἱροῦσι’
862 1783 1021 1835 Δεῦτε
1069 1779 1160 1834 καὶ
1210 1774 1498 1853 ἀναδῶμεν
1558 1779 1633 1843 εἰς
1685 1781 1747 1836 τὸ
1804 1777 1930 1857 ὅρος

270 1873 370 1925 τοῦ
427 1868 647 1943 Κυρίου,
705 1868 796 1924 καὶ
855 1869 933 1931 εἷς
981 1868 1073 1923 τὸν
1152 1869 1297 1923 οἷκον
1368 1872 1466 1924 τοῦ
1522 1872 1657 1923 Θεοῦ
1716 1865 1929 1927 Ἰακώϐ.

271 1956 340 2015 Οἱ
370 1956 774 2032 προκόπτοντες
814 1958 884 2030 τῇ
945 1956 1167 2031 γνώσει,
1204 1955 1371 2010 οἱονεὶ
1425 1952 1932 2033 προκαταλαϐόντες

266 2045 337 2101 τὰ
365 2043 501 2115 ἄνω,
558 2043 971 2122 προκαλοῦνται
1030 2044 1107 2107 εἷς
1138 2045 1240 2114 τήν
1292 2044 1484 2119 ὁμοίαν
1540 2046 1750 2110 ἑαυτοῖς
1806 2048 1931 2104 ἀνά-

274 2129 427 2190 ϐασιν
459 2132 588 2198 τοὺς
622 2129 701 2190 ἔτι
756 2132 1287 2209 ἐμφιλοχωροῦντας
1338 2138 1445 2208 (20)
1494 2135 1618 2212 περὶ
1666 2137 1733 2192 τά
1760 2139 1929 2210 κάτω,

268 2224 361 2279 καὶ
408 2229 528 2287 ταῖς
575 2228 855 2286 ταπειναῖς
910 2227 1008 2279 τοῦ
1059 2222 1181 2300 βίου
1238 2225 1525 2300 μερίμναις
1578 2224 1931 2305 προσδιατρί-

271 2308 487 2376 ϐοντας.
520 2315 581 2371 Ὁ
631 2311 970 2390 συνεγερθεὶς
1024 2318 1104 2385 τῷ
1148 2318 1382 2388 Χριστῷ,
1431 2316 1520 2368 καὶ
1561 2316 1630 2370 τὰ
1687 2317 1797 2370 ἄνω
1832 2322 1929 2387 ζη-

265 2400 401 2474 τῶν,
440 2399 677 2457 καλείτω
719 2400 848 2465 τοὺς
894 2403 963 2457 τὰ
1013 2401 1221 2477 ἐπίγεια
1280 2409 1632 2481 φρονοῦντας,
1664 2406 1751 2460 καὶ
1812 2427 1931 2482 χει-

273 2490 592 2568 ραγωγείτω
636 2490 813 2546 αὐτῶν
860 2491 929 2546 τὰ
978 2493 1230 2565 νοήματα
1285 2493 1424 2569 πρὸς
1481 2493 1548 2549 τὰ
1603 2490 1736 2553 ἄνω,
1779 2496 1929 2552 Ἐπεὶ

275 2579 447 2651 διπλῆ
476 2581 561 2643 τίς
590 2578 729 2638 ἐστιν
759 2583 796 2651 ἡ
828 2582 1116 2655 σωματική
1165 2581 1300 2655 πρὸς
1327 2581 1390 2637 τὸ
1436 2579 1565 2657 ὄρος
1597 2582 1810 2660 σχέσιςο
1836 2589 1926 2641 νῦν

280 2671 375 2745 μὶν
407 2669 459 2741 ἐξ
495 2670 777 2747 ὑπωρειῶν
836 2667 923 2725 ἐπὶ
983 2675 1227 2748 κορυφὴν
1282 2670 1563 2727 ἀνιόντωνο
1613 2676 1704 2729 νῦν
1765 2671 1823 2730 δὲ
1871 2673 1930 2730 ἐκ

274 2767 376 2831 τῆς
429 2759 728 2836 ἀκρωρείας
792 2754 1226 2816 καταϐαινόντων
1300 2758 1385 2816 ἐπὶ
1435 2761 1565 2825 τοὺς
1622 2761 1927 2840 πρόποδας,

271 2849 409 2906 κατὰ
462 2850 562 2918 τήν
617 2847 877 2929 διάφορον
932 2854 1031 2905 τοῦ
1088 2851 1343 2924 σώματος
1425 2852 1634 2928 σχέσιν,
1693 2852 1781 2908 καὶ
1828 2860 1929 2924 τῆς

268 2939 397 3012 παρ’
437 2939 597 3011 ἡμῶν
662 2937 933 3014 ἐνεργείας
987 2936 1262 3017 διαφόρως
1320 2939 1740 3015 ἐκτελουμὲνης,
1806 2944 1929 3013 Μὴ-

270 3047 408 3082 ποτε
433 3023 491 3081 δὲ
519 3027 583 3081 τὸ
640 3024 871 3083 διπλοῦν
923 3031 1087 3083 τοῦτο
1140 3031 1250 3102 (21)
1305 3035 1407 3098 τῆς
1465 3027 1703 3092 ἐπινοίας
1742 3031 1929 3105 καὶτῇ

274 3113 564 3187 οῗκονομίᾳ
616 3118 721 3190 τῇς
776 3111 1202 3190 ἀνθρωπότητος
1258 3115 1577 3194 ἐφαρμόσει,
1620 3118 1758 3173 ὥστε
1786 3125 1929 3173 νοεῖν

271 3203 422 3274 ⁴ἡμᾶς
451 3198 577 3277 ὅρος
605 3205 706 3273 τήν
734 3203 1164 3277 ἐνανθρώπησινο
1193 3208 1281 3259 νῦν
1328 3204 1422 3277 μὶν
1454 3209 1553 3275 τῆς
1611 3208 1811 3280 σαρκὸς
1843 3204 1931 3262 διὰ

269 3293 374 3356 τῆς
421 3291 558 3368 πρὸς
618 3292 746 3347 Θεὸν
808 3291 1092 3369 συναφείας
1165 3290 1241 3355 εἷς
1299 3291 1519 3369 οὐρανὸν
1593 3294 1928 3371 ὑψουμένης,

2044 712 2396 767 429tamen
2416 710 2690 766 concordi
2713 711 2910 767 animo
2928 710 3002 766 ab
3021 709 3365 765 hominibus
3387 724 3536 781 quos
3561 726 3699 767 una-

2042 814 2287 872 quaeque
2318 815 2465 872 gens
2496 798 2926 870 complectitur,
2950 798 3113 855 illam
3145 797 3376 854 vivendi
3411 797 3701 854 rationem

2042 888 2274 945 admitti
2302 888 2617 945 dixeris.Et
2648 904 2780 944 vero
2813 883 2967 958 quod
3000 889 3209 945 attinet
3231 887 3304 944 ad
3324 887 3701 960 septuaginta

2040 977 2189 1033 duas
2209 982 2545 1049 gentes,aut
2575 981 2864 1048 quotquot
2885 979 3275 1031 numerantur
3322 991 3425 1048 per
3462 974 3699 1031 univer-

2042 1083 2174 1122 sum
2198 1067 2420 1134 orbem,
2456 1067 2653 1122 multae
2685 1070 2846 1132 sunt,
2892 1081 3020 1137 quae
3064 1063 3123 1119 in
3182 1064 3363 1136 hujus
3419 1063 3549 1120 vitae
3604 1062 3699 1121 via

2040 1155 2395 1228 gradiuntur
2422 1172 2434 1210 :
2460 1154 2612 1226 quod
2645 1158 2843 1209 autem
2874 1157 3101 1224 spectat
3132 1153 3205 1209 ad
3237 1154 3534 1226 integrum
3585 1152 3695 1209 bo-

2042 1245 2269 1299 minum
2294 1245 2352 1299 in
2373 1248 2526 1299 terra
2547 1242 2864 1299 viventium
2888 1242 3404 1315 numerum,pauci
3428 1247 3568 1299 sunt
3591 1240 3693 1314 qui

2041 1332 2292 1389 salutem
2321 1341 2755 1404 consequantur
2773 1356 2786 1400 ;
2802 1331 2946 1387 adeo
2959 1347 3159 1386 verum
3183 1336 3272 1387 est
3295 1330 3693 1404 Evangelium,

2043 1439 2146 1478 nec
2180 1426 2401 1495 pugnat
2433 1422 2763 1495 prephetia.
2799 1425 3007 1478 Omnes
3044 1422 3228 1493 gentes
3256 1421 3495 1478 servient
3523 1422 3579 1477 ei
3630 1420 3696 1492 π,

2042 1512 2376 1568 adorabunt
2404 1528 2539 1567 vero
2570 1527 2600 1567 ο
2622 1508 2826 1566 multis
2850 1509 3023 1583 pauci
3053 1526 3064 1566 :
3091 1510 3306 1579 Omnes,
3328 1508 3698 1583 inquit,reges

2043 1604 2204 1657 terrae
2226 1601 2290 1657 95.
2328 1601 2393 1656 Et
2430 1599 2791 1673 Sophonias:
2854 1600 3073 1656 Venient
3111 1610 3170 1655 ut
3221 1600 3468 1656 serviant
3494 1598 3547 1655 ei
3600 1599 3700 1655 sub

2031 1692 2179 1763 jugo
2201 1707 2310 1747 uno
2343 1691 2407 1744 9°.

2111 1779 2202 1835 69.
2236 1781 2300 1836 Et
2328 1779 2507 1836 dicent
2540 1795 2553 1835 :
2586 1780 2774 1836 Venite
2797 1780 2869 1847 {et
2923 1777 3281 1834 accendamus
3338 1777 3409 1834 ad
3463 1785 3702 1835 montem

2044 1868 2291 1936 Domini,
2324 1872 2376 1924 et
2408 1868 2477 1924 ad
2507 1866 2727 1923 domum
2757 1867 2857 1923 Dei
2881 1867 3067 1924 Jacob.
3101 1866 3210 1933 Qui
3253 1866 3313 1923 in
3364 1866 3703 1939 cognitione

2047 1974 2427 2031 progressum
2463 1955 3014 2028 faciunt,quasijam
3041 1972 3299 2028 superna
3323 1960 3701 2030 occupantes,

2044 2062 2140 2103 eos
2165 2047 2267 2119 qui
2298 2046 2491 2103 adhuc
2514 2046 2688 2101 rebus
2712 2045 2931 2101 intimis
2960 2045 3274 2115 inhaerent,
3306 2049 3483 2118 atque
3503 2045 3700 2102 humi-

2040 2136 2197 2193 libus
2209 2137 2337 2192 vitae
2351 2134 2851 2192 sollicitudinibus
2874 2134 3364 2207 immorantur,ad
3386 2150 3699 2191 ascensum

2042 2242 2149 2281 suo
2180 2224 2446 2298 ipsorum
2479 2225 2751 2281 ascensui
2782 2223 3036 2280 similem
3058 2224 3341 2295 invitant.
3399 2225 3508 2289 Qui
3565 2241 3700 2283 cum

2042 2313 2272 2369 Christo
2303 2313 2643 2381 resurrexit,
2675 2317 2732 2368 et
2781 2330 2910 2385 qua:
2933 2330 3170 2369 sursum
3203 2316 3344 2369 sunt
3400 2314 3697 2405 quaerit‘",

2042 2407 2315 2475 provocet
2339 2420 2437 2458 eos
2465 2402 2566 2474 qui
2598 2407 2814 2459 terram
2847 2403 3436 2475 sapiunt,corumquo
3469 2402 3702 2460 animos

2042 2493 2113 2548 ad
2147 2509 2407 2564 superna
2437 2491 2594 2547 velut
2625 2508 2803 2547 manu
2838 2493 3035 2548 ducat.
3059 2494 3203 2548 Cum
3236 2492 3450 2565 duplex
3498 2492 3577 2548 sit
3625 2493 3697 2549 ad

2041 2587 2302 2638 montem
2331 2580 2616 2638 habitudo
2639 2580 2959 2654 corporalis
2983 2598 2997 2636 :
3021 2598 3176 2637 nunc
3202 2581 3443 2654 quidem
3469 2598 3504 2639 a
3524 2597 3697 2638 mon-

2040 2670 2449 2728 tis‘radicibus
2482 2671 2551 2727 ad
2586 2670 2862 2727 verticem
2879 2671 3240 2740 ascenditur,
3273 2687 3431 2728 nunc
3460 2687 3594 2728 vero
3620 2671 3694 2728 ab

2044 2761 2173 2832 ejus
2196 2760 2411 2817 vertice
2433 2761 2504 2816 ad
2528 2760 2707 2816 imam
2733 2764 2959 2832 partem
2981 2759 3551 2833 descenditurJuxta
3569 2776 3696 2819 cor-

2041 2849 2201 2922 poris
2233 2856 2291 2905 et
2320 2848 2591 2917 actionis,
2625 2865 2803 2922 quam
2837 2865 2944 2904 nos
2993 2849 3153 2905 varie
3181 2849 3568 2917 absolvimus,
3600 2850 3696 2908 di-

2042 2955 2272 2995 versam
2302 2936 3012 2994 habitudinem.Fortasse
3037 2942 3232 2993 autem
3255 2937 3469 3011 duplex
3492 2938 3696 2997 istbaao

2042 3026 2322 3099 allegoria
2350 3043 2417 3082 ac
2445 3025 2839 3081 consideratio
2873 3025 3178 3081 conveniet
3205 3026 3385 3082 etiam
3417 3027 3692 3084 humanm

2042 3120 2267 3171 naturae
2299 3113 2727 3186 dispensationi
2765 3132 2778 3182 ;
2804 3114 2886 3169 ita
2908 3117 2971 3169 ut
3001 3114 3430 3170 humanitatem
3458 3132 3691 3173 assum-

2022 3209 2201 3277 ptam
2224 3207 2479 3259 montem
2500 3219 2631 3259 esse
2650 3201 3212 3274 intelligamus,cum
3229 3219 3362 3259 caro
3392 3220 3497 3276 per
3516 3221 3688 3262 suam

2042 3309 2178 3349 cum
2196 3291 2309 3348 Deo
2332 3291 2808 3363 conjunctionem
2833 3292 3005 3347 modo
3025 3292 3096 3347 ad
3120 3291 3332 3348 coelum
3353 3310 3537 3365 usque
3557 3309 3687 3352 eve-

272 3382 367 3433 νῦν
425 3376 483 3434 δὲ
532 3385 633 3450 τῆς
690 3379 948 3450 θεότητος
999 3378 1088 3436 διὰ
1132 3387 1234 3451 τῆς
1291 3382 1426 3457 πρὸς
1479 3383 1543 3439 τὸ
1595 3385 1931 3461 ἀνθρώπινον

2047 3381 2221 3439 batur
2253 3398 2267 3437 :
2296 3382 2471 3437 modo
2500 3398 2632 3437 vero
2663 3380 2942 3437 divinitas
2966 3384 3166 3453 utpote
3212 3381 3283 3438 ad
3316 3388 3544 3440 natura
3572 3382 3685 3441 hu-

273 3467 565 3531 κοινωνίας
595 3464 1117 3541 ἐπικαταϐαινούσης
1147 3475 1265 3534 τοῖς
1298 3468 1406 3527 ὧδε
1437 3474 1571 3548 (22).

343 3650 437 3704 70.
464 3644 625 3703 Δεῦτε
652 3647 745 3702 καὶ
802 3641 1112 3721 ἀναδῶμεν.
1148 3646 1481 3725 Προσϐῶμεν
1536 3656 1615 3724 τῷ
1664 3651 1785 3728 ὕψει
1828 3662 1929 3727 τῆς

273 3734 586 3812 θεολογίας,
630 3734 862 3791 ἀπὸτοῦ
912 3737 1114 3800 πάθους
1160 3737 1464 3816 ἀρχόμενοι
1709 3745 1804 3799 Καὶ
1857 3744 1934 3811 εἷς

272 3826 368 3881 τὸν
402 3825 553 3881 οἶκον
607 3828 706 3880 τοῦ
753 3829 887 3881 Θεοῦ
940 3822 1158 3884 Ἰακώϐ.
1208 3828 1498 3906 ’Δνωτὲρω
1552 3831 1646 3905 μὲν
1707 3833 1735 3888 ὁ
1785 3833 1934 3899 οἶκος

272 3913 467 3977 ἁπλῶς
525 3910 737 3989 εἷ’ρηται
791 3918 889 3970 τοῦ
965 3914 1120 3985 Θεοῦ,
1194 3916 1420 3983 ἐνταῦθα
1477 3917 1553 3989 δὲ,
1625 3921 1774 3985 οἶκος
1836 3928 1934 3979 τοῦ

265 4006 405 4059 Θεοῦ
436 3999 656 4059 Ἰακώϐ.
706 4002 808 4066 Τίς
866 4002 957 4059 οὗν
1012 4008 1047 4075 ἡ
1081 4005 1264 4077 αἰτία;
1299 4007 1365 4062 Ἢ
1411 4008 1511 4085 γὰρ
1573 4007 1684 4065 ἐκεῖ
1731 4010 1932 4082 λείπει,

268 4090 311 4161 ἢ
369 4092 594 4149 ἐνταῦθα
651 4092 935 4169 παρέλκει.
998 4093 1158 4151 Ἀλλ’
1233 4093 1388 4152 οὐδὲν
1452 4097 1613 4175 ἀργὸν
1671 4104 1780 4155 τῶν
1837 4107 1935 4157 τοῦ

272 4181 618 4255 Πνεύματος·
654 4180 894 4237 Δείκνυσι
926 4182 1031 4259 γὰρ
1062 4184 1090 4237 ὁ
1148 4180 1332 4260 λόγος,
1367 4183 1450 4242 ὅτι
1499 4187 1554 4242 αἱ
1598 4189 1692 4262 μὲν
1722 4195 1936 4263 πρῶται

271 4266 691 4342 συγκαταθέσεις
741 4270 879 4325 κατὰ
923 4270 1023 4334 τὰς
1078 4272 1264 4335 κοινάς
1336 4273 1461 4349 περὶ
1533 4280 1667 4331 Θεοῦ
1719 4279 1936 4356 προλή-

269 4360 396 4431 ψεις
423 4358 684 4434 γίνονται*
714 4358 777 4414 τὸ
827 4356 885 4414 δὲ
912 4355 1131 4435 ἀκριϐὲς
1186 4364 1288 4436 τῇς
1339 4363 1575 4429 πίστεως
1606 4355 1935 4441 τελειοῦται,

263 4445 650 4521 τρανουμένης
699 4443 809 4517 ἤδη
858 4446 909 4502 ἐν
968 4454 1087 4513 ταῖς
1143 4448 1394 4527 καρδίαις
1433 4456 1541 4509 τῶν
1596 4457 1939 4530 προκοπτόν-

263 4540 380 4592 τῶν
410 4535 500 4592 ἐπὶ
536 4536 629 4606 τὴν
662 4540 859 4611 γνῶσιν
891 4544 993 4608 τῆς
1042 4536 1318 4611 ἰδιότητος
1367 4544 1478 4616 (24)
1524 4547 1621 4598 τοῦ
1653 4550 1806 4605 Θεοῦ.
1842 4549 1941 4605 Διά

264 4629 437 4682 τοῦτο
464 4629 584 4688 τοῖς
619 4625 714 4699 μὶν
760 4624 1139 4705 εἰσαγομένοις
1190 4626 1269 4691 είς
1318 4632 1520 4704 γνῶσιν
1553 4630 1745 4698 ἁπλῶς
1786 4632 1939 4715 εἷ’ρη-

2040 3488 2226 3527 manas
2259 3469 2764 3543 participationem
2789 3486 2918 3526 sese
2963 3471 3303 3543 demittens,
3363 3473 3436 3529 ad
3487 3477 3690 3532 nostra

2038 3560 2373 3616 descendat.

2109 3650 2200 3705 70.
2239 3649 2421 3705 Venite
2444 3655 2494 3704 et
2521 3646 2894 3703 accendamus.
2931 3649 3297 3705 Accedamus
3338 3650 3408 3706 ad
3463 3650 3691 3708 theolo-

2041 3739 2148 3811 gite
2181 3736 2503 3811 fastigium,
2548 3740 2784 3809 sumpto
2817 3754 2851 3793 a
2882 3737 3152 3809 passione
3183 3738 3368 3795 initio.
3391 3744 3464 3796 Et
3493 3740 3572 3814 ad
3598 3740 3697 3798 do-

2043 3845 2195 3884 mum
2226 3829 2326 3884 Dei
2351 3826 2532 3884 Jacob.
2564 3826 2847 3898 Superius
2868 3826 3109 3899 quidem
3141 3828 3353 3884 domus
3406 3829 3694 3902 simplici-

2045 3923 2131 3974 ter
2187 3917 2343 3973 dicta
2399 3920 2510 3987 est,
2541 3917 2679 3972 Dei:
2714 3914 2807 3971 hic
2839 3923 3058 3988 autem,
3111 3916 3308 3974 domus
3357 3919 3456 3974 Dei
3507 3919 3695 3977 Iacob.

2045 4006 2190 4072 Quid
2226 4007 2406 4078 igitur
2437 4021 2629 4061 causae
2659 4002 2684 4059 ?
2714 4006 2831 4059 Aut
2863 4005 3021 4061 enim
3051 4004 3171 4062 illic
3198 4024 3304 4062 vox
3335 4006 3455 4063 haec
3513 4008 3657 4065 deﬁt
3687 4025 3701 4065 :

2046 4102 2149 4153 aut
2178 4095 2273 4150 hic
2296 4095 2606 4151 redundat.
2627 4092 2845 4149 Verum
2870 4093 3020 4149 nihil
3052 4095 3309 4152 otiosum
3342 4103 3433 4153 est
3457 4097 3518 4154 in
3578 4098 3709 4171 Spi-

2048 4186 2198 4242 ritus
2227 4183 2417 4241 sancti
2449 4181 2939 4239 verbis.Ostendit
2959 4183 3114 4239 enim
3143 4182 3460 4256 Scriptura,
3478 4185 3704 4257 primas

2047 4273 2421 4332 assensiones
2450 4271 2576 4329 ﬁeri
2600 4289 2702 4345 per
2731 4288 3075 4328 communes
3122 4272 3221 4328 Dei
3268 4273 3700 4345 prenotiones:

2048 4364 2246 4438 perﬁci
2279 4380 2410 4420 vero
2425 4362 2660 4435 plenam
2693 4366 2751 4418 et
2778 4361 3070 4434 integram
3098 4362 3298 4431 tidem,
3322 4380 3457 4419 cum
3479 4364 3606 4436 jam
3637 4363 3699 4420 in

2048 4472 2252 4514 eorum
2284 4455 2384 4528 qui
2415 4452 2748 4526 cognitione
2779 4452 3095 4525 proficiunt
3118 4454 3394 4511 cordibus
3437 4457 3702 4530 proprie-

2049 4554 2142 4604 tas
2172 4545 2272 4602 Dei
2304 4542 2619 4617 detegitur.
2644 4542 3009 4615 Quapropter
3037 4542 3111 4601 iis
3162 4543 3401 4617 quidem
3449 4547 3551 4619 qui
3607 4548 3706 4606 in-

2048 4637 2447 4694 troducuutur
2475 4632 2547 4688 ad
2581 4631 2733 4688 hanc
2764 4631 3410 4705 cognitionem,dictum
3442 4640 3533 4693 est
3559 4636 3706 4696 sim-

347 4761 394 4797 9‘
422 4760 576 4818 Psal.
608 4777 758 4832 Lm,
788 4761 876 4818 11.
903 4762 948 4798 9⁵
978 4762 1124 4818 ibid.
1159 4763 1204 4798 9“
1222 4762 1401 4836 Soph.
1434 4781 1522 4834 III,
1554 4767 1610 4823 9.
1642 4768 1685 4804 ’7
1716 4769 1932 4832 Coloss.

2047 4774 2217 4848 ,1,2.

348 4881 463 4964 (_
487 4882 573 4938 Ita
592 4881 1042 4964 emendavimus
1063 4898 1093 4939 e
1115 4884 1478 4964 quibusdam
1512 4890 1730 4947 mss.ln
1765 4893 1932 4964 prius

274 4953 453 5027 editis
485 4955 763 5027 mendose
787 4953 1022 5027 legitur,

352 5026 463 5097 (19)
496 5026 656 5082 Inter
677 5024 917 5082 voculas
941 5024 1158 5095 illas,8é
1182 5033 1239 5085 et
1268 5026 1747 5098 &n6,adverbium
1770 5034 1936 5091 πάλιν

285 5098 342 5166 in
372 5098 563 5154 tribus
593 5114 713 5154 mss
760 5099 1211 5156 invenitur.Mox
1228 5102 1369 5158 editi
1390 5119 1524 5159 cum
1559 5104 1751 5163 tribus
1771 5126 1911 5166 mss.

282 5165 680 5247 ﬁEOBft,__cp‘qat.
710 5170 896 5247 Degs-b
913 5154 1532 5247 φησέίη-ἇηίξὼᾘῇΔ
1772 5154 1938 5237 --....7.,

496 5238 750 5330 ρἰοιςιχιιο
782 5238 1007 5330 (Ξοιὴῖοίι
1038 5243 1179 5316 Reg.
1215 5243 1934 5330 ιοτιὶυε,φιλοχωροῢντας.

358 5308 475 5380 (21)
496 5308 678 5413 tussi
732 5314 924 5397 tribus
970 5308 1155 5413 mss."
1177 5308 1941 5413 em'endavimu§._'Legitur

285 5385 568 5457 οοςςιιρῐο
591 5385 648 5437 in
686 5387 938 5454 excusis,
972 5385 1320 5457 Μήποτεοοῦν
1372 5388 1445 5457 τὸν
1467 5386 1697 5448 διπλοῦν
1718 5385 1936 5452 τοῦτου.

356 5450 1114 5530 (22)-ίΑἘΞι-ικαταοαινούσης
1192 5463 1309 5522 τοῖς
1381 5456 1510 5530 ὧδε,
1594 5466 1674 5521 Ad
1754 5450 1942 5525 nostra

285 5522 743 5608 descendit-Ejus
764 5522 1290 5608 verbi_e;emplum
1322 5550 1357 5590 a
1385 5522 1671 5593 Thesauri
1702 5522 1940 5598 auctore

286 5598 469 5669 quaeri
501 5602 665 5669 notat
694 5598 1102 5669 Combeﬂsius.

355 5668 471 5738 (23)
501 5667 624 5755 Pro
640 5668 943 5755 ἀρχόμενοι
974 5673 1186 5755 legitur
1216 5675 1275 5755 in
1308 5675 1818 5755 ali_quibus_mss._,
1842 5679 1937 5755 ἆρ-

289 5735 529 5811 ξάμενήοι.
561 5735 833 5813 Ejus'l'oci
863 5744 988 5802 haec
1017 5735 1109 5803 é'st
1137 5735 1465 5806 sententia:
1500 5735 1823 5809 Exhuﬁm‘il'i
1850 5735 1937 5811 "ad

289 5810 570 5871 sublimia
597 5817 1140 5871 ascendamus.Hoc
1168 5825 1259 5871 est
1290 5836 1304 5871 ζ
1335 5821 1382 5871 Α
1410 5827 1625 5871 natura
1655 5823 1929 5871 hnmnnn,

287 5817 570 5871 sublimia
597 5817 1140 5877 ascendamus.Hoc
1168 5825 1259 5877 est
1290 5836 1304 5877 :
1335 5821 1382 5876 A
1410 5827 1625 5881 natura
1653 5823 1937 5901 humana,

2045 4911 2174 4967 qua
2207 4905 2384 4967 passa
2413 4892 2523 4957 est,
2557 4886 2951 4967 ascendamus
2982 4886 3054 4943 ad
3087 4891 3362 4967 naturam
3417 4887 3704 4967 divinam,

2053 4960 2180 5039 quis
2205 4960 2324 5038 pati
2355 4978 2487 5039 non
2498 4965 2715 5039 potest.
2745 4963 2996 5039 Mentem
3037 4960 3362 5039 scriptoris
3395 4960 3704 5039 assecutus

2053 5031 2171 5094 non
2203 5031 2393 5092 fuerat
2425 5031 2797 5099 Tilmannus‘,
2829 5032 2971 5086 dum
3005 5033 3089 5087 sic
3123 5031 3372 5089 verterat
3395 5050 3408 5088 :
3432 5032 3510 5088 Ad
3526 5033 3703 5090 subli-

2050 5111 2297 5165 mitatem
2327 5104 2608 5173 theologia:
2646 5102 3091 5175 pregrediamnr,
3139 5108 3352 5175 sumpto
3395 5105 3618 5163 exordio
3666 5123 3703 5163 a

2051 5197 2263 5254 repress
2274 5182 2399 5235 ione
2417 5175 2895 5254 penturbatiouam
2923 5176 3118 5231 animi.

2123 5246 2451 5323 (24)‘Codek
2482 5248 2659 5323 Er_.__1,
2694 5247 2938 5323 et_iteg.
2999 5249 3248 5323 quartus
3306 5261 3441 5323 cum
3497 5246 3696 5323 editis,

2048 5316 2148 5389 τῆς
2181 5316 2512 5391 ἀιδιότητος.
2547 5318 2695 5391 Hinc
2751 5316 3124 5391 Tilniannus,
3168 5318 3565 5391 ‘b'empiternae
3601 5320 3700 5379 Dei

2048 5400 2289 5454 naturae.
2326 5388 2499 5450 Paulo
2524 5390 2736 5463 melius
2767 5389 2913 5445 alter
2943 5388 3264 5463 Corubefet
3291 5388 3699 5463 apographum

2049 5470 2358 5540 Anglicum
2408 5467 2466 5520 in
2515 5462 2803 5540 margine,
2853 5465 2953 5540 τῆς
3014 5458 3348 5540 ἁγιότητοςξ
3383 5458 3700 5540 sanctitati;

2046 5531 2170 5614 Dei:
2199 5540 2279 5596 At
2308 5531 2696 5614 veteres-libri
2727 5536 2795 5614 ῌ.
2831 5537 2888 5614 et
2918 5531 2971 5587 J.
3023 5531 3083 5613 et
3141 5531 3398 5614 uterque.
3441 5533 3600 5591 Colb.
3643 5538 3702 5592 et

2047 5612 2245 5685 ipsum
2280 5602 3028 5735 apogsraphumﬁ‘nglicum
3062 5602 3123 5657 in
3173 5602 3449 5661 contextu
3493 5622 3701 5689 veram

2050 5684 2358 5741 lectionem
2388 5681 2405 5734 l
2446 5676 2664 5744 ιότητος
2693 5674 2981 5730 Illibatam
3012 5680 3339 5731 servarunt.
3357 5675 3572 5732 Addita
3601 5677 3700 5733 lit-

2047 5755 2238 5812 terula
2296 5772 2437 5820 una,
2467 5749 2625 5826 quod
2668 5763 2797 5826 non
2823 5763 2955 5802 raro
2984 5746 3196 5818 evenit,
3226 5746 3582 5805 sententiam
3612 5752 3700 5826 to-~

2045 5831 2166 5886 tam
2198 5818 2557 5900 corruperat.
2584 5818 2735 5894 Lege
2763 5823 3060 5877 Ducseum.
