4130 6416
430 426 551 492 239

1371 420 1771 487 ΛΡΡΕΝΒΙΧ
1816 422 2139 487 OPERUM
2187 426 2253 486 8.
2300 419 2577 488 BASlLlI
2623 424 2899 492 MAGNI.

3733 429 3854 493 240

425 576 679 650 pliciter,
709 576 902 631 domus
923 575 1024 630 Dei
1054 590 1067 629 :
1096 578 1297 629 contra
1326 572 1399 629 iis
1431 573 1531 645 qui
1555 574 1809 644 jamjam
1858 574 2075 629 instru-

2193 574 2300 626 ται,
2353 557 2501 620 οἶκος
2556 563 2712 629 Θεοῦ,
2759 560 2875 622 τοὶς
2930 558 2986 614 δὲ
3046 563 3441 637 στοιχειωθεῖσι
3506 560 3699 617 λοιπὸν
3732 564 3846 631 καὶ,

426 665 506 721 oti
541 665 933 737 sunt,dictum
956 662 1383 730 est,cuiusnam
1405 661 1504 718 Dei
1525 663 1602 717 sit
1632 663 2085 734 domus,nempo

428 755 530 811 Dei
582 754 766 821 Iacob,
838 751 930 808 cui
980 767 1041 806 se
1089 752 1217 823 ipse
1256 751 1608 806 familiarem
1663 752 1930 823 praebuit.
1975 755 2084 820 Ego

429 840 615 907 enim,
646 838 859 911 inquit,
888 854 1013 893 sum
1071 839 1210 892 Deus
1268 838 1569 905 Abraham,
1599 848 1658 892 et
1712 839 1847 894 Deus
1903 840 2081 905 Isaac,

427 933 480 987 et
500 932 646 985 Deus
662 926 842 985 Iacob.
874 927 981 982 Hoc
1007 927 1150 982 mihi
1202 934 1281 982 est
1336 943 1542 983 nomen
1598 936 1874 983 wrernum
1904 927 1967 982 9'.
2016 925 2085 980 Et

427 1021 684 1085 enim,ut
711 1017 817 1074 hos
847 1024 1085 1073 sanctos
1108 1017 1327 1074 honore
1350 1018 1497 1073 nulli
1522 1035 1786 1089 unquam
1808 1017 2082 1075 oblivioni

423 1108 712 1167 tradendo
741 1108 1019 1178 afﬁceret,
1081 1109 1426 1164 eorumdem
1487 1126 1787 1165 servorum
1837 1126 2082 1165 suorum

426 1199 675 1257 nomina
704 1200 816 1255 sibi
851 1200 1249 1272 aptavit,adeo
1280 1206 1345 1255 ut
1367 1200 1595 1270 quoties
1616 1200 1713 1257 Dei
1741 1202 1903 1257 ﬁeret
1929 1218 2083 1257 men-

424 1289 533 1356 tio,
564 1288 742 1346 toties
773 1291 831 1344 et
859 1286 1096 1344 illorum
1130 1289 1350 1344 mentio
1393 1291 1867 1361 conjungeretur.
1929 1291 2083 1346 480

425 1377 823 1444 Quamobrem
869 1377 966 1447 iis,
1015 1378 1112 1448 qui
1160 1378 1285 1447 jam
1326 1394 1642 1439 accessere.
1704 1378 1813 1434 hoc
1842 1380 2083 1452 signum

426 1465 610 1522 veluti
642 1465 734 1520 Dei
754 1465 1049 1537 peculiare
1070 1465 1303 1535 adjecit,
1352 1466 1593 1521 dicens:
1631 1468 1693 1522 Et
1742 1467 1815 1521 ad
1859 1468 2084 1523 domum

432 1558 538 1613 Dei
565 1556 746 1613 Jacob.
778 1556 911 1619 Sed,
966 1556 1245 1627 quoniam
1294 1558 1468 1611 Jacob
1516 1563 1607 1611 est
1654 1558 1897 1631 insuper
1944 1577 2083 1632 sup-

431 1644 784 1719 plantatoris
814 1650 871 1700 et
892 1645 1122 1701 athleta
1155 1661 1365 1701 nomen
1392 1647 1584 1716 (Jacob
1617 1647 1909 1719 siquidem
1945 1666 2084 1721 sup-

429 1733 731 1807 plantator
758 1731 1087 1805 appellatur
1115 1734 1187 1789 ob
1228 1751 1395 1790 suam
1431 1735 1707 1792 adversus
1762 1737 2088 1794 obnitenlia

431 1822 656 1879 luotam
699 1822 780 1879 ὀε
847 1825 1052 1895 postea
1106 1839 1240 1879 vero
1299 1824 1535 1880 obtenta
1589 1823 1831 1881 victoria
1861 1825 2086 1898 praemii

428 1910 789 1968 looonomen
820 1910 996 1967 Israel
1046 1911 1270 1984 accepit
1305 1913 1367 1984 ί),
1428 1912 1528 1984 qui
1578 1914 1773 1970 adhuc
1832 1916 2086 1988 proficit,
2118 1931 2166 1996 Β

430 2005 580 2057 tunc
610 2001 819 2058 ediscit
844 2002 1087 2058 domum
1118 2002 1220 2059 Dei
1264 2002 1467 2072 Jacob,
1525 2003 1807 2061 nimirum
1852 2024 1920 2061 ea
1960 2023 2090 2079 quae

430 2090 716 2147 inferiora
746 2096 904 2162 sunt,
941 2107 1186 2164 quisque
1228 2097 1463 2165 captum
1507 2094 1698 2166 ipsius
1752 2112 1865 2151 non
1922 2113 2089 2169 supe-

427 2184 572 2238 rant
602 2197 616 2236 :
650 2176 751 2237 sed
782 2181 1019 2237 tandem
1051 2181 1371 2254 aliquando
1414 2182 1599 2239 Deum
1624 2184 1802 2240 etiam
1857 2184 2088 2242 Israelis

429 2269 760 2335 docebitur,
794 2286 931 2326 cum
961 2269 1057 2326 via
1086 2274 1145 2325 et
1164 2271 1369 2328 ordine
1398 2272 1522 2327 sint
1559 2273 1609 2329 ei
1671 2274 2086 2345 dispensandae

425 2357 777 2414 traditiones
796 2359 1190 2431 perfectiores.

499 2447 594 2503 7l.
628 2448 1077 2503 Etannuntiabit
1103 2449 1261 2504 nobis
1290 2450 1440 2506 viam
1468 2460 1717 2524 suam,et
1766 2452 2083 2509 ambulabi-

421 2552 552 2593 ηεαδ
579 2537 641 2593 in
660 2552 761 2592 ea.
796 2537 859 2593 In
906 2542 1166 2595 montem
1222 2538 1337 2595 nisi
1386 2542 1799 2613 ascendamus,
1861 2559 2082 2614 nequa-

418 2640 604 2698 quam
635 2625 1013 2682 annuntiabit
1042 2626 1212 2682 nobis
1241 2629 1396 2682 viam
1429 2645 1623 2683 suam.
1657 2631 1820 2695 Quod
1854 2631 1903 2686 si
1965 2648 2080 2686 non

414 2713 735 2769 annuntiat
765 2714 957 2785 nobis,
982 2731 1239 2788 quonam
1272 2722 1439 2787 pacto
1471 2718 1911 2775 ambulabimus
1938 2721 2078 2776 ?lloo

413 2806 528 2871 est,
557 2802 604 2857 si
627 2802 1009 2875 Evangelium
1045 2819 1158 2859 non
1202 2806 1627 2875 exceperimus,
1661 2810 1954 2879 quomodo
2011 2826 2080 2866 ex

414 2890 612 2963 ipsius
644 2894 984 2963 praescripto
1015 2892 1279 2948 vivemus
1307 2892 1334 2947 7
1373 2894 1481 2959 Qui
1529 2901 1724 2950 autem
1748 2898 2079 2955 desiderant

412 2979 574 3035 viam
597 2979 844 3047 discere,
869 2980 1073 3052 utique
1114 2983 1373 3036 nondum
1427 2983 1617 3053 ipsam
1679 3001 1905 3041 novere.
1953 2990 2079 3053 Qua

417 3067 604 3143 igitur
633 3067 858 3125 ratione
888 3070 1329 3125 ascenderitnus
1352 3071 1411 3125 in
1446 3077 1729 3137 montem,
1761 3076 1865 3129 vita
1911 3077 2073 3146 igna-

415 3156 466 3212 ri
488 3155 519 3210 τ
556 3156 848 3213 Nimirum
870 3156 957 3211 hae
991 3173 1181 3223 voces,
1210 3159 1394 3213 Venite
1423 3164 1477 3214 et
1532 3162 1914 3233 accendamus,
1950 3181 2076 3235 pro-

417 3247 679 3319 positum
696 3248 1356 3316 studiumqueindicant
1376 3251 2074 3319 festinantium;atosten-

416 3338 572 3392 dunt
609 3337 923 3408 concupita
954 3338 1215 3391 nondum
1250 3339 1321 3392 ab
1370 3339 1517 3411 ipsis
1562 3340 1830 3398 obtineri.
1854 3344 2071 3402 Verum

416 3424 719 3482 enimvero
742 3425 1031 3496 quosdam
1065 3442 1267 3481 eorum
1297 3428 1395 3499 qui
1428 3445 1586 3484 nunc
1618 3431 1687 3484 ad
1723 3431 1894 3487 ﬁdem
1940 3452 2074 3506 pro-

418 3517 654 3585 perant,
688 3529 819 3569 esse
852 3513 1099 3569 invicem
1133 3516 1349 3586 alloqui
1373 3520 1551 3587 atque
1573 3518 1870 3574 adhortari
1897 3524 2074 3577 credi-

414 3600 705 3658 derimus.
735 3603 999 3673 Agedum
1023 3618 1333 3659 avocemus
1364 3606 1628 3660 animum
1663 3623 1695 3661 a
1720 3610 1895 3663 rebus
1913 3610 2075 3666 humi

424 3690 773 3762 repentibus
803 3707 817 3757 ;
852 3690 1001 3758 agite
1033 3707 1100 3746 ea
1130 3708 1257 3762 quas
1280 3693 1537 3749 caelestia
1569 3701 1728 3759 sunt,
1752 3698 2076 3769 sapiamus:

414 3777 901 3851 ingrediamurin
935 3779 1177 3835 domum
1203 3779 1321 3836 Dei.
1360 3780 1481 3837 Illic
1511 3783 1856 3840 docebimur
1893 3787 2075 3856 viam,

415 3882 533 3939 qua
553 3883 659 3939 per
681 3867 1095 3939 perfectionem
1119 3869 1191 3924 ad
1214 3869 1385 3925 ﬁnem
1411 3872 1693 3927 omnibus
1749 3877 2073 3945 generatim

417 3957 787 4029 propositum
819 3957 1008 4012 simus
1030 3959 1385 4028 perventuri.

492 4045 588 4100 72.
619 4045 705 4100 Ea:
734 4046 863 4101 Sion
897 4047 1051 4101 enim
1078 4046 1252 4103 exibit
1311 4047 1427 4118 (ex,
1475 4058 1528 4106 et
1581 4052 1805 4107 verbum
1852 4053 2077 4112 Domini

416 4134 827 4191 exlermalem.
855 4133 2069 4208 Interrogaoonoisumbominem,Judeum

414 4222 690 4279 videlicet
708 4223 1037 4279 secundum
1067 4240 1326 4294 carnem,
1360 4227 1433 4283 de
1473 4244 1593 4300 qua
1621 4228 1746 4300 lege
1775 4231 2072 4304 loquatur,

415 4312 487 4370 de
518 4328 637 4384 quo
662 4313 855 4368 verbo.
890 4311 1043 4368 Num
1071 4315 1143 4369 de
1174 4329 1243 4369 ea
1263 4314 1386 4386 lege
1411 4333 1537 4389 quas
1562 4334 1667 4389 per
1684 4323 1914 4392 Moysen
1938 4323 2073 4382 data

412 4401 552 4459 est?
583 4401 696 4457 Sed
727 4402 1208 4473 quomodoillam
1240 4420 1308 4459 ex
1343 4405 1477 4460 Sion
1533 4407 1822 4479 prodiisse
1869 4416 2072 4470 osten-

412 4491 556 4546 dent
570 4490 802 4562 ?Neque
824 4491 981 4547 enim
1007 4491 1239 4565 Moyses
1261 4497 1476 4548 terram
1503 4496 1805 4566 promissae
1830 4499 2071 4558 haeredi-

410 4578 551 4635 tatis
584 4580 885 4651 ingressus
916 4585 1043 4635 est:
1072 4581 1223 4637 situs
1248 4588 1443 4637 autem
1476 4589 1565 4639 est
1595 4584 1654 4640 in
1670 4586 1876 4644 Judea
1905 4590 2064 4648 Sion.

2191 643 2341 708 τίνος
2370 650 2525 715 Θεοῦ,
2579 647 2661 701 ὃτι
2714 653 2810 702 τοῦ
2869 643 3158 723 Ἰακὼ6,ᾦ
3216 648 3506 726 ἐχαρίσατο
3554 652 3656 721 τήν
3710 651 3848 728 πρὸς

2195 731 2355 788 αὐτὸν
2385 735 2713 806 οἲκειότητα.
2744 738 2891 813 Ἐγὼ
2946 739 3072 815 γὰρ,
3125 760 3311 815 φησιν,
3341 741 3368 795 ὁ
3412 740 3543 803 Θεὸς
3575 735 3847 816 Ἀϐραὰμ,

2192 823 2283 876 καὶ
2318 823 2345 876 ὁ
2404 826 2534 888 Θεὸς
2590 825 2787 896 Ἰσαὰκ,
2846 827 2935 882 καὶ
2985 829 3013 882 ὁ
3065 829 3194 890 Θεὸς
3248 823 3462 885 Ἰακώϐ.
3520 829 3691 885 Τοῦτό
3752 830 3849 903 μοί

2195 912 2337 968 ἐστιν
2390 911 2568 989 ὄνομα
2783 918 3026 975 αἰώνιον.
3084 921 3199 975 Ἵνα
3239 919 3342 996 γὰρ
3394 919 3474 975 ἀεὶ
3534 922 3851 994 μνημόνευε-

2192 1025 2284 1058 τον
2317 1007 2524 1080 ποιήσῃ
2554 1006 2652 1074 τὴν
2681 1009 2850 1080 τιμὴν
2881 1013 2999 1073 τοῖς
3053 1010 3249 1085 ἁγίοις,
3300 1013 3534 1084 συνῆψεν
3581 1009 3755 1085 ἐαυτῷ
3780 1011 3851 1066 τὰ

2192 1097 2301 1147 τῶν
2333 1091 2544 1148 δούλων
2582 1094 2845 1169 ὀνόματα’
2880 1097 3017 1154 ὥστε
3063 1100 3250 1163 ὁσάκις
3298 1099 3358 1154 ἂν
3390 1100 3606 1176 γίνηται
3652 1103 3847 1174 μνήμη

2194 1189 2350 1253 Θεοῦ,
2408 1185 2726 1250 τοσαυτάκις
2778 1189 3039 1245 κάκείνων
3105 1191 3206 1260 τὴν
3266 1192 3491 1264 μνήμην
3557 1194 3850 1271 συναναφε-

2197 1276 2398 1347 ρεσθαι.
2458 1277 2590 1339 Τοῖς
2650 1276 2741 1332 οὖν
2795 1278 3187 1355 προσελθοῦσιν
3219 1278 3328 1350 ἤδη
3385 1281 3449 1337 τὸ
3508 1281 3675 1338 οἱονεὶ
3706 1282 3850 1358 γνώ-

2196 1385 2366 1440 ρισμα
2415 1368 2513 1419 τοῦ
2588 1371 2721 1421 Θεοῦ
2775 1370 3107 1444 προσέθηκεν
3190 1369 3378 1425 εἰπών’
3458 1370 3556 1426 Καὶ
3623 1371 3703 1434 εἷς
3758 1372 3850 1428 τὸν

2196 1453 2345 1507 οἶκον
2366 1459 2463 1508 τοῦ
2494 1457 2630 1509 Θεοῦ
2678 1453 2892 1513 Ἰακώϐ.
2943 1457 3100 1515 Ἀλλ’
3158 1457 3346 1530 ἐπειδὴ
3399 1459 3490 1515 καὶ
3547 1456 3740 1517 Ἰακὼϐ
3773 1457 3850 1517 ἔτι

2193 1548 2292 1597 τοῦ
2345 1552 2665 1619 πτερνιστοῦ
2746 1551 2862 1620 (26)
2923 1550 3009 1603 καὶ
3072 1550 3378 1624 ἀγωνιστοῦ
3450 1548 3591 1604 ἐστιν
3676 1548 3852 1622 ὄνομα

2198 1630 2415 1701 (Ἰακὼϐ
2495 1636 2598 1709 γὰρ
2669 1640 2991 1713 πτερνιστὴς
3068 1638 3529 1714 προσαγορεύεται
3609 1636 3698 1695 διὰ
3750 1642 3847 1708 τὴν

2196 1724 2335 1794 πρὸς
2389 1724 2455 1778 τὰ
2512 1724 2857 1799 ἀντικείμενα
2903 1729 3100 1793 πάληνθ
3162 1728 3379 1803 ὕστερον
3435 1725 3494 1783 δὲ
3554 1728 3689 1802 μετά
3750 1730 3850 1798 τὴν

2196 1812 2350 1882 νίκην
2399 1811 2565 1878 ἆθλόν
2624 1811 2787 1870 ἔλαϐε
2837 1817 2899 1871 τὸ
2958 1816 3179 1893 Ἰσραήλ
3234 1819 3638 1893 ὀνομάζεσθαι),
3693 1820 3723 1875 ὁ
3773 1817 3852 1874 ἔτι

2196 1901 2545 1975 προκόπτων,
2572 1906 2719 1967 τάως
2753 1907 3007 1979 μανθάνει
3030 1908 3124 1962 τὸν
3156 1910 3308 1963 οἷκον
3336 1912 3436 1964 τοῦ
3467 1912 3601 1965 Θεοῦ
3628 1902 3851 1978 Ἰακὼϐ,

2202 1991 2266 2046 τὰ
2315 1990 2672 2070 ὑποδεέστερα
2717 1996 2808 2049 καὶ
2867 1993 3040 2068 ἑαυτῷ
3087 1994 3295 2074 ἐφικτά·
3347 1995 3568 2073 ὕστερον
3608 1995 3667 2053 δὲ
3721 2019 3854 2055 ποτε

2198 2081 2287 2136 καὶ
2335 2082 2425 2136 τὸν
2487 2084 2615 2137 Θεὸν
2668 2088 2766 2138 τοῦ
2823 2082 3044 2160 Ἰσραὴλ
3104 2082 3515 2161 διδαχθήσεται,
3586 2084 3700 2160 ὁδῷ
3761 2089 3849 2144 καὶ
3960 2078 3965 2083 ’

2196 2169 2339 2241 τάξει
2392 2175 2499 2226 τῶν
2551 2170 2903 2247 τελειοτὲρων
2953 2172 3302 2249 παραδόσεων
3371 2175 3852 2251 οἰκονομουμένων

2196 2259 2321 2334 περὶ
2354 2261 2511 2317 αὐτόν
2522 2304 2535 2318 .

2266 2445 2354 2498 71.
2417 2443 2513 2496 Καὶ
2572 2440 2857 2517 ἀναγγελεῖ
2919 2444 3056 2514 ἡμῖν
3141 2444 3241 2513 τὴν
3301 2441 3429 2500 ὁδὸν
3512 2446 3703 2516 αὐτοῦ,
3757 2450 3838 2505 καὶ

2190 2530 2571 2606 πορευσόμεθα
2626 2529 2682 2587 ἐν
2740 2531 2898 2605 αὐτῇ.
2960 2532 3082 2589 Ἐὰν
3163 2534 3239 2605 μὴ
3316 2529 3606 2609 ἀναδῶμεν
3657 2535 3730 2600 είς
3782 2538 3844 2593 τὸ

2191 2623 2340 2697 ὅρος,
2376 2621 2475 2676 οὐκ
2496 2621 2783 2698 ἀναγγελεῖ
2838 2623 2973 2694 ἡμῖν
3031 2623 3133 2689 τὴν
3191 2620 3316 2678 ὁδὸν
3377 2623 3565 2682 αὐτοῦ.
3612 2627 3734 2683 Ἐὰν
3772 2627 3847 2700 μὴ

2187 2711 2488 2787 ἀναγγείλῃ
2544 2713 2701 2783 ἡμῖν,
2760 2715 2879 2773 πῶς
2935 2712 3353 2785 πορευσόμεθας
3409 2714 3725 2789 Τουτὲστιν,
3759 2715 3847 2771 ἐὰν

2190 2802 2268 2874 μή
2334 2796 2612 2872 δεξώμεθα
2665 2800 2729 2855 τὸ
2771 2800 3136 2876 Εὐαγγάλιον,
3190 2806 3308 2867 πῶς
3369 2802 3683 2879 βιωσόμεθα
3730 2821 3851 2861 κατ’

2185 2888 2318 2944 αὐτό
2350 2892 2498 2963 (27);
2533 2890 2600 2947 Οἱ
2633 2886 2690 2944 δὲ
2742 2889 3122 2958 ὶπιζητοῦντες
3186 2896 3376 2962 μαθεῖν
3424 2892 3525 2960 τήν
3567 2889 3715 2961 ὁδὸν,
3751 2891 3849 2965 δη-

2186 2977 2372 3035 λονότι
2402 2978 2502 3033 οὐκ
2530 2975 2772 3052 ᾔδεισαν.
2808 2984 2932 3042 Πῶς
2960 2978 3052 3033 οὗν
3081 2975 3454 3054 ἀναϐαίνωμεν
3482 2981 3559 3045 είς
3597 2983 3660 3037 τὸ
3691 2979 3843 3056 ὅρος,

2181 3070 2285 3136 τήν
2326 3065 2450 3123 ὁδὸν
2508 3068 2871 3143 ἀγνοοῦντες;
2927 3070 2989 3123 Ἡ
3038 3070 3121 3139 τὸ,
3182 3072 3340 3124 Δεῦτε
3389 3069 3477 3123 καὶ
3527 3064 3839 3142 ἀναδῶμεν,

2180 3160 2281 3226 τήν
2341 3157 2598 3233 πρόθεσιν
2681 3157 2770 3212 καὶ
2827 3158 2929 3225 τὴν
3005 3154 3245 3225 σπουδήν
3314 3162 3422 3212 τῶν
3473 3156 3842 3233 ἑπειγομὲνων

2187 3246 2459 3320 ἐμφαίνει·
2512 3243 2668 3299 οὔπω
2733 3245 2921 3317 μέντοι
2972 3244 3267 3319 παρίστησι
3309 3248 3420 3299 τῶν
3462 3242 3844 3318 ἔπειθυμητῶν

2183 3337 2286 3403 ιιήν
2348 3333 2633 3404 ἐπίτευξιν.
2691 3334 3057 3409 Ἡγησώμεθα
3258 3335 3365 3408 γάρ
3416 3353 3562 3395 τινας
3611 3337 3721 3389 τῶν
3751 3337 3844 3389 νῦν

2184 3423 2271 3478 ἐπὶ
2304 3424 2401 3491 τήν
2435 3424 2615 3478 πίστιν
2674 3421 3039 3498 ἐπειγομένων
3097 3421 3387 3492 ἀλλήλους
3442 3424 3554 3495 (29)
3595 3442 3849 3500 προσφωο

2184 3519 2294 3568 νεῖν
2348 3512 2438 3567 καὶ
2488 3516 2798 3586 παρορμᾷν·
2890 3509 3039 3565 δεῦτε
3119 3512 3610 3584 ἀποπῶμενπῶρ
3663 3531 3841 3587 χαμερ

2185 3607 2326 3658 πῶν·
2362 3598 2513 3656 δεῦτε
2559 3602 2920 3676 φρονήσωμεν
2972 3600 3041 3655 τὶ
3098 3601 3346 3676 οὐράνια,
3396 3598 3726 3673 εἰσέλθωμεν
3767 3599 3844 3663 εἷς

2183 3692 2278 3745 τὸν
2314 3692 2460 3745 οἷκον
2488 3694 2587 3743 τοῦ
2617 3694 2769 3745 Θεοῦ.
2833 3692 2977 3744 Ἐκεῖ
3034 3688 3396 3762 μαθησόμεθα
3441 3691 3544 3759 τήν
3583 3686 3728 3757 ὁδὸν,
3770 3685 3837 3742 δι’

2184 3783 2253 3850 ἧς
2283 3779 2369 3834 ἐπὶ
2398 3780 2460 3835 τὸ
2496 3783 2695 3843 κοινῶς
2750 3778 3108 3851 προκείμενον
3165 3779 3329 3833 ἅπασι
3381 3780 3552 3856 περας
3605 3776 3693 3834 διὰ
3741 3784 3842 3847 τῆς

2183 3868 2531 3940 τελειότητος
2561 3870 2985 3940 καταντήσομεν.

2256 4052 2347 4107 72.
2380 4051 2479 4105 Ἕκ
2526 4050 2627 4124 γὰρ
2688 4048 2831 4102 Σιὼν
2891 4045 3222 4118 ἐξελεῦεεται
3277 4047 3470 4121 νόμος,
3529 4049 3616 4103 καὶ
3678 4046 3842 4123 λόγος

2184 4139 2390 4213 Κυρίου
2447 4137 2499 4207 ἐξ
2553 4134 2938 4213 Ἰερουσαλήμ.
2998 4136 3309 4211 Ἐρώτησον
3362 4136 3455 4191 τὸν
3519 4143 3621 4207 τῆς
3678 4156 3842 4191 κατα-

2178 4233 2365 4300 τομῆς
2423 4224 2729 4301 ἄνθρωπον,
2784 4224 2878 4279 τὸν
2934 4222 3070 4278 κατά
3139 4225 3311 4299 σᾶίρκα
3367 4220 3656 4294 Ἰουδαῖον,
3712 4224 3841 4299 περὶ

2180 4316 2350 4371 ποίου
2380 4316 2550 4387 νόμου
2579 4314 2744 4389 λέγει,
2766 4311 2857 4367 καὶ
2886 4312 3050 4366 ποίου
3072 4309 3263 4386 λόγου.
3297 4314 3411 4368 Τοῦ
3441 4309 3532 4367 διὰ
3564 4313 3841 4375 Μωυσέως

2182 4404 2433 4468 δοθέντος
2461 4402 2636 4475 νόμου
2662 4421 2676 4472 ;
2708 4398 2885 4458 Ἀλλά
2913 4403 3030 4462 πῶς
3077 4400 3237 4463 οὗτος
3267 4400 3376 4456 ἀπὸ
3435 4400 3604 4473 Σιὼν,
3638 4400 3849 4456 δεικνύ⁹

2177 4515 2384 4551 τωσαν,
2444 4498 2681 4560 Μωυσῆς
2728 4491 2830 4565 γὰρ
2880 4491 2983 4546 οὐκ
3035 4488 3283 4559 εἰσῆλθεν
3340 4491 3417 4553 είς
3462 4493 3565 4561 τήν
3613 4498 3717 4567 γῆν
3740 4496 3844 4559 τῆς

2182 4584 2582 4659 κατασχέσεως·
2614 4585 2678 4637 τὸ
2707 4578 2765 4636 δὲ
2824 4580 2967 4635 Σιὼν
3020 4578 3072 4634 ἂν
3123 4582 3193 4653 τῇ
3246 4577 3501 4650 Ἰουδαίᾳ.
3534 4576 3838 4659 Ἔσφαλται

410 4668 616 4741 Itaque
664 4669 836 4739 juxta
893 4670 1054 4740 ipsos
1111 4676 1268 4725 errat
1296 4670 1618 4743 Scriptura,
1652 4681 1716 4730 ut
1746 4692 1874 4747 qum
1907 4678 2064 4737 aliud

2193 4674 2271 4731 >ὖν
2299 4674 2416 4728 κατ’
2444 4671 2639 4734 αὐτοὺς
2672 4673 2707 4740 ἡ
2742 4670 2949 4744 Γραφή,
2996 4669 3109 4724 ἀντὶ
3163 4667 3341 4725 ἄλλου
3391 4669 3657 4743 ὀνόματος
3698 4667 3841 4725 ἄλλο

410 4773 628 4813 nomen
661 4756 787 4813 loco
818 4757 1060 4813 alterius
1083 4759 1298 4813 referat
1330 4776 1343 4814 :
1380 4762 1596 4817 etenim
1626 4779 1730 4834 pro
1780 4766 1920 4822 Sina
1975 4776 2077 4829 aut

411 4847 638 4903 Cboreb
671 4845 917 4919 protulit
944 4847 1287 4918 Sion.Atqui
1318 4851 1388 4904 de
1414 4856 1620 4908 sancta
1671 4851 1798 4926 lege
1854 4873 2076 4917 sermo-

414 4952 554 4993 nem
598 4934 793 4991 babet.
837 4936 913 4990 De
944 4936 1250 5005 quanam?
1299 4939 1536 5009 quando
1570 4941 1735 4998 lata?
1784 4945 1882 5001 ubi
1939 4965 2075 5005 con-

2187 4766 2439 4841 λὶγουσα·
2476 4761 2591 4818 ἀντὶ
2622 4761 2727 4836 γὰρ
2773 4757 2870 4813 τοῦ
2917 4759 3052 4813 Σινὰ
3099 4757 3135 4828 ἢ
3192 4763 3291 4813 τοῦ
3321 4754 3556 4833 Χωρὴϐ,
3586 4761 3651 4815 τὸ
3699 4759 3844 4814 Σιὼν

2187 4854 2425 4930 εἴρηκεν.
2460 4848 2637 4909 Ἀλλὰ
2690 4849 2816 4924 περὶ
2848 4848 3004 4923 ἁγίου
3051 4846 3222 4922 νόμου
3275 4845 3441 4925 λέγει.
3499 4849 3667 4906 Ποίου
3697 4867 3711 4919 ;
3743 4853 3844 4903 τοῦ

2184 4946 2321 5001 πότε
2348 4939 2714 5015 (3Ο)δοθέντος
2740 4965 2754 5009 ;
2778 4943 2872 4992 τοῦ
2902 4941 3008 4992 ποῦ
3054 4936 3438 5014 γεγραμμινου
3466 4956 3481 5008 ;
3533 4938 3637 4995 Καὶ
3671 4932 3841 5013 λόγος

488 5098 533 5134 9⁸
562 5096 741 5152 Exod.
776 5112 861 5163 ιιι,
897 5099 950 5162 6,
985 5097 1070 5152 15.
1106 5097 1149 5133 ⁸⁸
1180 5097 1323 5153 Gen.
1355 5116 1484 5167 xxv,
1516 5102 1607 5157 25.
1640 5104 1654 5138 ¹
1684 5105 1827 5162 Gen.
1853 5125 2023 5183 xxxn,
2055 5113 2236 5169 24-28.

626 5256 873 5339 Eogices
901 5259 1042 5339 tres,
1091 5256 1261 5339 Τοῦτό
1324 5279 1438 5331 μοι,
1499 5261 1686 5338 φησὶν,
1740 5260 1935 5339 ὄνομα,
1993 5272 2065 5327 At

415 5323 590 5397 LXX,
626 5326 801 5383 Τοῦτό
836 5326 941 5400 μού
965 5323 1104 5383 ἔστιν
1138 5323 1337 5401 ὄνομα.

485 5402 603 5485 (ξϐ)
634 5399 1027 5485 βυοῐοξχριιη]
1068 5399 1353 5485 scriberet
1400 5403 1521 5485 illa,
1546 5399 1654 5485 in
1706 5411 1801 5485 τοῦ
1826 5429 2065 5485 Απτερνι·

412 5472 564 5539 ατοῦ,
597 5475 743 5546 οιοηΔ
763 5473 835 5528 ad
868 5472 1075 5529 Oscam
1110 5476 1440 5546 respexisse
1470 5477 1876 5545 videtur.12,3,
1908 5472 2062 5546 apud

410 5559 601 5621 quem
620 5542 702 5621 ita
731 5543 953 5621 legitur
992 5560 1004 5598 :
1041 5546 1128 5601 Ἐν
1152 5542 1228 5621 τῇ
1253 5545 1437 5618 κοιλίᾳ
1466 5547 1740 5621 ὲπτέρνισε
1774 5542 1875 5605 τὸν
1898 5542 2062 5611 ἀδελ-

410 5612 726 5691 obierint)?
762 5612 823 5691 ιῆ
855 5624 1005 5671 utero
1034 5612 1667 5691 supplantavit/mtrem
1700 5640 1883 5681 suum.

481 5687 879 5773 (27)NEditi.et
915 5702 1072 5773 ’ωε-δε.
1102 5687 1353 5773 aliquot
1397 5687 1513 5773 κατ’
1569 5692 1719 5751 αὐτό.
1772 5697 1879 5753 Alii
1932 5698 2062 5770 qui-

412 5754 551 5818 dam
578 5754 753 5830 ωδε,
786 5757 839 5813 ὲν
870 5754 1038 5835 αὐτῷ,
1074 5778 1192 5818 non
1218 5754 1299 5820 ita
1319 5769 1492 5821 recte.

2243 5271 2357 5342 (28)
2391 5269 2500 5342 pro
2530 5263 2856 5342 ἡγησόμεθα
2884 5260 3183 5319 edendum
3231 5262 3573 5322 curavimus
3600 5282 3633 5323 ο
3688 5282 3837 5324 mss.

2174 5335 2503 5410 nonnullis,
2534 5335 2893 5411 ἡγησώμεθα.

2241 5414 2361 5486 (29)
2398 5405 2948 5486 Ιῑεύιέζιιοᾳμιοιςριὺ.
2982 5410 3039 5461 et
3070 5405 3187 5477 Reg

2172 5476 2320 5542 mss.
2344 5476 2970 5549 ἠουηυιιὶ,’ἀλλήλοις.

2245 5558 2359 5627 (30)
2388 5560 2498 5610 Pro
2519 5544 2644 5627 τότε
2672 5544 3044 5627 scripsimus,
3076 5544 3247 5627 πότε,
3271 5549 3445 5627 fidem
3506 5551 3834 5627 multorum

2173 5619 2565 5685 mssfsecuti.
2600 5619 2823 5681 Ibidem
2866 5620 3092 5685 antiqui
3116 5619 3247 5675 libri
3285 5623 3348 5678 Η.
3391 5627 3449 5678 et
3495 5622 3547 5677 J.
3608 5628 3666 5680 et
3711 5624 3834 5681 duo

2171 5698 2514 5771 Colbertini,
2547 5696 2583 5767 ἢ
2615 5697 2721 5752 ποῦ
2749 5696 3156 5769 γεγραμμένου.

3194 5450 3205 5461 .
3235 5407 3556 5465 secundus.
3590 5408 3740 5465 Editi
3770 5414 3836 5467 et
