4130 6390
303 411 413 470 241

1178 411 1586 473 COMMENT.
1633 413 1707 472 IN
1756 414 2026 474 lSAlAM
2071 413 2576 476 PltOPllETAM.
2625 417 2793 475 CAP.
2843 414 2920 474 II.

3609 414 3727 472 242

306 543 365 598 ἐκ
413 550 514 613 τῆς
572 543 960 618 Ἰερουσαλήμ.
1024 545 1122 598 Τὸν
1204 544 1544 621 προφητικὸν
1613 544 1764 619 λέγει
1821 548 1953 619 (31).

2070 547 2340 617 scripta?
2399 553 2463 605 Et
2518 550 2744 604 verbum
2799 566 2869 604 ea:
2921 548 3244 604 Jerusalem.
3313 547 3723 618 Prophstioum

307 631 480 690 ’Δλλςὶ
531 637 818 708 πανταχοῦ
874 640 974 702 τῆς
1032 630 1292 695 Ἰουδαίας
1348 632 1653 709 γεγένηται,
1688 633 1785 688 οὐκ
1816 634 1866 689 ἓν
1894 639 1961 708 τῇ

306 720 675 798 Ἰερουσαλὴμ
707 720 766 776 δὲ
800 721 988 794 μόνον,
1042 724 1132 777 καὶ
1181 723 1316 778 κατὰ
1376 723 1465 776 τὸν
1522 723 1765 798 Ἰσραήλ·
1820 722 1965 779 ἀλλὰ

307 812 397 866 καὶ
456 809 510 866 έν
563 815 631 885 τῇ
684 810 1064 886 αἶ’χμαλωσίᾳο
1100 813 1188 866 καὶ
1217 812 1267 866 ἐν
1303 815 1515 885 Νινευῇ,
1549 813 1636 866 καὶ
1669 811 1963 888 πολλαχοῦ

308 904 406 969 τῆς
437 904 561 975 γῆς.
620 899 999 976 ’Δγχέσθωσαν
1056 901 1150 954 οὖν
1211 902 1314 956 ὑπο
1368 909 1468 970 τῆς
1529 901 1811 972 ἀληθείας,
1873 903 1963 956 καὶ

310 987 790 1065 καταδεχέσθωσαν
821 989 919 1056 τὴν
952 993 1048 1044 τοῦ
1079 989 1277 1065 Κυρίου
1335 991 1670 1062 νομοθεσίαν,
1731 989 1836 1044 άπὸ
1869 996 1964 1045 τοῦ

317 1079 712 1152 σκοπευτηρίου
771 1077 1060 1152 γινομένην
1123 1081 1234 1151 (32)
1287 1078 1392 1133 ἀπὸ
1449 1086 1548 1147 τῆς
1611 1079 1808 1152 σαρκὸς
1861 1087 1961 1148 τῆς

318 1169 604 1242 θεοφόρου,
660 1166 748 1243 ἀφ’
808 1167 875 1235 ἧς
908 1166 1191 1221 ἐπεσκόπει
1224 1170 1289 1220 τὰ
1320 1167 1454 1222 κατὰ
1483 1167 1802 1242 ἀνθρώπους
1835 1168 1966 1241 πρά-

313 1277 508 1331 γματα.
561 1254 659 1309 Καὶ
727 1254 890 1331 λόγος
925 1255 1128 1329 Κυρίου
1197 1257 1303 1310 ἀπὸ
1347 1254 1732 1330 Ἰερουσαλήμ.
1792 1259 1962 1312 Ἐκεῖ-

313 1355 396 1407 θεν
448 1345 550 1419 γᾶρ
585 1345 881 1418 ἀρξάμενον
915 1345 992 1406 εἷς
1026 1345 1199 1400 πάντα
1228 1347 1320 1400 τὸν
1352 1347 1559 1419 κόσμον
1595 1346 1868 1423 ἐπεσπάρη
1901 1348 1963 1402 τὸ

307 1435 583 1509 κήρυγμαο
927 1521 934 1526 ν

378 1553 472 1606 73.
526 1550 629 1606 Καὶ
676 1555 848 1627 κρινεῖ
901 1549 1003 1605 ἀνὰ
1063 1552 1224 1624 μέσον
1273 1557 1378 1607 τῶν
1435 1551 1625 1616 ἐθνῶν.
1655 1555 1714 1610 Ὀ
1747 1556 1875 1616 Θεὸς
1909 1554 1960 1608 ἐν

313 1639 409 1712 μὲν
442 1643 726 1716 συναγωγῇ
763 1644 898 1703 θεῶν
928 1641 1076 1709 στὰς,
1138 1641 1291 1704 θεοὺς
1346 1639 1630 1718 διακρινεῖ’
1663 1642 1714 1698 έν
1749 1641 1806 1698 δὲ
1843 1650 1962 1706 τοῖς

309 1725 483 1784 ἔθνεσι
531 1734 714 1802 Κρινεῖ
769 1728 867 1782 ἀνὰ
915 1730 1076 1802 μέσον
1137 1735 1242 1784 τῶν
1308 1730 1494 1794 ἐθνῶν.
1541 1735 1670 1794 Τοῖς
1725 1734 1817 1804 μὲν
1859 1734 1960 1809 γὰρ

307 1817 482 1892 ἁγίοις
510 1817 573 1872 τὸ
627 1815 991 1894 διακρίνεσθαι
1041 1819 1233 1894 πρέπει
1282 1819 1358 1881 εἰς
1404 1820 1502 1887 τήν
1540 1827 1639 1890 τῆς
1673 1821 1820 1890 ἀξίας
1873 1821 1963 1875 αὖ·

2073 638 2315 692 verbum
2351 639 2510 692 dicit.
2546 640 2617 692 At
2647 639 2868 710 ubique
2898 639 2953 692 in
2985 638 3189 692 Judma
3221 638 3440 692 factum
3471 640 3582 701 est,
3608 651 3725 690 non

2076 730 2269 782 autem
2300 728 2490 782 solum
2525 727 2582 781 in
2628 728 2983 788 Jerusalem.
3035 732 3092 781 et
3139 727 3196 780 in
3248 724 3462 781 Israel:
3514 725 3614 779 sed
3664 724 3725 779 in

2074 816 2415 886 captivitate
2447 817 2644 881 etiam,
2701 817 2878 886 inque
2934 816 3138 870 Ninive
3197 819 3255 870 et
3308 815 3365 868 in
3429 812 3726 885 plerisque

2073 909 2237 959 terra;
2269 903 2434 959 locis.
2468 905 2920 976 Strangulentur
2948 904 3128 975 igitur
3159 920 3190 959 a
3233 903 3496 965 veritate,
3529 901 3725 956 sanci-

2073 997 2314 1064 tamque
2346 1011 2379 1049 a
2408 995 2649 1049 Domino
2681 994 2867 1064 legem
2904 994 3206 1064 recipiant,
3239 1009 3369 1063 quae
3410 1008 3442 1047 θ
3485 989 3725 1061 specula

2072 1089 2273 1137 exorta
2301 1089 2410 1152 cst,
2446 1098 2653 1153 nempe
2685 1099 2718 1137 a
2749 1099 2924 1137 carne
2972 1083 3154 1136 Deum
3208 1083 3495 1152 gestante,
3545 1095 3574 1132 e
3607 1094 3724 1150 qua

2074 1172 2242 1242 quasi
2275 1189 2304 1227 e
2335 1171 2572 1241 specula
2595 1187 2685 1226 res
2708 1171 3001 1226 humanas
3023 1170 3386 1225 observabat.
3413 1170 3476 1223 Et
3495 1169 3724 1223 verbum

2072 1262 2298 1316 Domini
2325 1277 2394 1315 ea:
2421 1262 2761 1318 Jerusalem.
2797 1259 3134 1315 Praedicatio
3167 1259 3321 1314 enim
3354 1259 3528 1313 ducto
3557 1255 3722 1312 illinc

2073 1349 2239 1404 initio
2269 1349 2330 1403 in
2363 1366 2596 1405 omnem
2633 1350 2923 1404 mundum
2964 1349 3232 1420 dispersa
3256 1350 3364 1402 est.

2140 1555 2230 1609 73.
2264 1555 2434 1610 Vens.
2485 1556 2535 1609 4.
2588 1555 2648 1609 El
2697 1554 2968 1623 iudicabit
3011 1553 3157 1608 inter
3202 1555 3408 1620 gentes.
3460 1549 3612 1606 Deus
3660 1550 3718 1606 in

2071 1645 2312 1699 deorum
2345 1644 2581 1716 quidem
2608 1659 2906 1715 synagoga
2928 1647 3114 1712 stans,
3137 1643 3276 1697 deos
3299 1638 3719 1710 diiudicabit’;

2073 1734 2172 1788 sed
2207 1734 2264 1787 in
2298 1732 2876 1805 gentibusjudicabil
2908 1734 3056 1787 inter
3081 1739 3285 1803 gentes.
3313 1729 3542 1786 Sanctis
3564 1728 3721 1784 enim

2073 1822 2343 1878 convenit
2373 1823 2430 1876 in
2483 1821 2671 1893 ipsius
2720 1821 3025 1892 dignitatis
3075 1820 3374 1892 agnitione
3426 1816 3720 1873 discerni:

304 1911 402 1962 τοῦ
450 1907 764 1982 ἐπίγνωσιν·
813 1913 932 1970 τοῖς
991 1905 1047 1962 δὲ
1108 1907 1283 1979 μάτην
1336 1904 1627 1983 βεϐιωκόσι
1673 1909 1734 1963 τὸ
1783 1907 1953 1985 κρίνε-

2070 1911 2110 1965 ii
2141 1927 2273 1967 vero
2307 1911 2406 1982 qui
2439 1927 2649 1966 vanam
2681 1911 2860 1965 vitam
2893 1908 3190 1976 duxerint,
3234 1907 3511 1979 judicari.
3563 1907 3709 1961 431

306 1999 447 2053 σθαι.
501 1998 729 2067 Μήποτε
763 1994 821 2051 δέ
869 1995 1108 2060 ἐντεῦθεν
1149 1995 1415 2051 δείκνυται
1445 1999 1506 2051 τὸ
1539 1995 1794 2072 διάφορον
1825 2000 1952 2052 εἶναι

302 2090 410 2140 τῶν
462 2083 563 2156 ἔξω
613 2087 726 2158 (33)
771 2091 874 2155 τῆς
907 2079 1180 2148 εὐσεϐείας
1212 2085 1376 2140 ἐθνῶν
1408 2087 1507 2156 τήν
1535 2084 1782 2156 κόλασιν,
1813 2086 1958 2142 ἀλλὰ

307 2175 384 2249 μὴ
422 2173 546 2248 μίαν
592 2175 683 2229 καὶ
740 2175 838 2244 τήν
889 2175 1079 2246 αὐτήν.
1130 2177 1256 2230 Καθ’
1297 2176 1325 2230 ὃ
1377 2177 1473 2250 μὶν
1521 2177 1621 2253 γὰρ
1672 2176 1956 2232 ἐκπεπτώ-

301 2285 422 2319 κασι
453 2270 554 2333 τῆς
585 2264 930 2338 ἐπιγνώσεως
975 2269 1071 2319 τοῦ
1127 2269 1280 2332 Θεοῦ,
1335 2265 1527 2328 πάντες
1574 2265 1816 2340 βασάνων
1865 2266 1955 2320 καὶ

301 2351 576 2408 κολάσεων
629 2351 795 2423 ἄξιοι⁹
853 2353 970 2408 καθ’
1015 2354 1044 2408 ὃ
1095 2351 1151 2408 δέ
1203 2350 1435 2431 διάφορα
1483 2354 1657 2409 αὐτῶν
1711 2354 1777 2408 τὰ
1823 2354 1958 2408 κατὰ

299 2441 390 2496 τὸν
446 2442 562 2517 βίον
620 2439 1046 2514 ἐπιτηδεύματα,
1108 2441 1159 2496 ἕν
1218 2463 1276 2497 τε
1331 2449 1448 2507 τοῖς
1477 2442 1665 2498 πάθεσι
1708 2451 1810 2512 τῆς
1843 2445 1956 2498 ἀτι-

305 2529 454 2605 μίας,
499 2531 589 2586 καὶ
639 2530 690 2586 ἐν
745 2536 864 2595 ταῖς
910 2530 988 2594 είς
1015 2530 1142 2594 τοὺς
1171 2530 1405 2602 πλησίον
1439 2532 1750 2607 πονηρίαις,
1787 2531 1955 2588 δεῖται

301 2619 533 2690 κρίσεως
573 2621 710 2674 κατὰ
754 2624 863 2674 τῶν
923 2618 1089 2674 ἐθνῶν
1149 2623 1248 2689 τῆς
1295 2617 1780 2694 διαλαμϐανούσης
1832 2623 1953 2697 περὶ

299 2713 408 2764 τῶν
440 2707 516 2770 εἷς
564 2707 694 2772 τοὺς
741 2707 910 2770 πέλας
945 2707 1537 2782 πεπλημμελημένων.
1601 2711 1697 2766 Καὶ
1750 2711 1954 2786 ἐλέγξει

303 2797 434 2855 λαὸν
477 2796 674 2856 πολύν.
702 2801 818 2855 Ἵνα
849 2796 992 2874 δείξῃ
1043 2802 1180 2874 ἡμῖν
1224 2801 1285 2854 τὸ
1333 2798 1543 2856 δίκαιον
1586 2802 1673 2857 καὶ
1708 2802 1955 2880 ἀναντίρ-

303 2887 470 2964 ῥητον
522 2895 622 2958 τῆς
703 2885 910 2950 δικαίας
972 2889 1198 2964 κρίσεως
1253 2887 1489 2966 ἐπήγαγε
1547 2893 1659 2965 (34)
1713 2891 1798 2964 τό,
1856 2892 1954 2947 Καὶ

300 2975 502 3052 ἰλέγξει
561 2975 693 3032 λαὸν
745 2977 920 3034 πολύν
952 3021 964 3034 .
1024 2977 1257 3054 Ἐλέγξω
1313 2981 1415 3055 γάρ
1475 3001 1570 3050 σε,
1631 2980 1805 3055 φησὶ,
1863 2981 1952 3035 καὶ

302 3067 637 3140 παραστήσω
694 3067 831 3121 κατὰ
881 3066 942 3121 τὸ
998 3066 1293 3140 πρόσωπόν
1345 3088 1476 3124 σου.
1540 3069 1800 3124 Ἐνταῦθα
1859 3069 1954 3140 μὲν

303 3151 396 3206 οὖν
453 3154 722 3229 μάρτυρας
763 3159 999 3230 παριστᾷ
1047 3155 1074 3208 ὁ
1118 3158 1424 3229 κατήγορος
1457 3156 1532 3217 εἷς
1582 3151 1814 3231 ἔλεγχον
1846 3160 1954 3210 τῶν

307 3239 668 3316 ἐγκλημάτων
701 3247 795 3296 τοῦ
838 3242 1340 3319 κατηγορουμένου,
1393 3243 1443 3298 έν
1489 3241 1546 3298 δὲ
1573 3250 1653 3316 τῷ
1691 3249 1795 3298 τῶν
1828 3265 1954 3318 κρυ-

302 3335 452 3384 πτῶν
507 3328 845 3406 δικαστηρίῳ
875 3331 1008 3386 αὐτὰ
1038 3331 1104 3386 τὰ
1133 3333 1428 3408 πράγματα
1457 3336 1592 3406 ἡμῖν
1634 3333 1953 3408 παρίσταται

298 3418 352 3474 έν
384 3424 464 3491 τῷ
507 3418 630 3491 ἰδίῳ
683 3422 953 3494 σχήματι,
1015 3421 1242 3491 ἑκάστης
1302 3423 1564 3496 ἁμαρτίας
1621 3424 1955 3497 παρισταμέο

299 3528 398 3578 νης
450 3513 567 3572 τοῖς
622 3508 1025 3582 ἡμαρτηκόσιν.
1091 3510 1238 3566 Ἐκεῖ
1298 3511 1392 3582 μὶν
1440 3513 1529 3565 οὗν
1593 3510 1822 3586 ἔλεγχος
1879 3512 1955 3574 εἷς

300 3595 553 3651 σύστασιν
605 3603 706 3667 τῆς
765 3595 1158 3673 δικαιοκρισίας
1190 3595 1696 3673 παραλαμϐάνεται,
1733 3599 1954 3665 ἐνταῦθα

305 3683 364 3741 δὶ
422 3684 496 3748 είς
557 3683 846 3762 διόρθωσιν
874 3691 982 3742 τῶν
1043 3685 1124 3765 ἐφ’
1157 3690 1238 3750 οἷς
1277 3687 1586 3764 ἐλέγχεται.
1640 3691 1754 3766 Ἐφ’
1787 3692 1832 3762 ᾧ
1861 3691 1953 3744 τὸν

294 3774 569 3848 Τιμόθεον
600 3778 839 3850 χρῆσθαι
867 3777 894 3831 ὁ
948 3775 1288 3841 Ἀπόστολος
1315 3785 1585 3854 παραινεῖ.
1624 3786 1732 3841 Πᾶς
1765 3781 1949 3852 μέντοι

293 3861 552 3941 ἔλεγχος,
611 3865 848 3940 ἐναργῶς
901 3866 1316 3940 καθαπτόμενος
1398 3872 1495 3922 τοῦ
1549 3866 1948 3943 έλεγχομένου,

290 3953 539 4029 ἴσχυρῶς
613 3953 770 4008 αὐτὸν
837 3953 1128 4028 βασανίζει,
1187 3957 1452 4028 παριστὰς
1498 3958 1560 4012 τὸ
1614 3957 1805 4033 αἶσχος
1853 3963 1950 4012 τοῦ

293 4044 714 4118 ἁμαρτήματος,
775 4042 914 4099 ὥστε
971 4042 1188 4120 μεγάλα
1249 4045 1541 4122 εὐεργετεῖν
1572 4048 1663 4102 τὸν
1696 4049 1946 4114 ἀναισθη-

290 4137 495 4188 τοῦντα
524 4136 631 4187 τῶν
668 4130 818 4188 ἰδίων
853 4133 1212 4207 πταισμάτων
1247 4137 1358 4208 (35)
1392 4134 1468 4197 εἷς
1521 4137 1622 4204 τήν
1666 4149 1950 4209 συναισθη-

288 4243 372 4278 σιν
402 4219 549 4298 ἄγων
569 4223 657 4277 καὶ
698 4221 1056 4296 μεταμέλειαν
1086 4221 1376 4296 ἀληθινήν.
1411 4231 1575 4280 Ποῖον
1607 4227 1711 4302 γὰρ
1733 4232 1948 4304 τραῦμα

287 4315 604 4387 σωματικὸν
635 4313 782 4370 οὕτω
828 4312 1076 4392 δριμεῖαν
1108 4316 1329 4391 ἰμποιεῖ
1355 4319 1454 4387 τήν
1489 4315 1708 4390 όδόνην,
1756 4319 1943 4375 ὁποίαν

293 4403 527 4479 βάσανον
582 4403 804 4478 ἐμποιεῖ
847 4409 916 4480 τῇ
977 4409 1131 4482 ψυχῇ
1191 4405 1359 4482 λόγος
1419 4406 1766 4481 πληκτικὸς,
1819 4412 1946 4464 καθ-

293 4492 609 4567 ικνούμενος
638 4497 736 4550 τοῦ
768 4491 1075 4559 συνειδότος
1101 4499 1209 4551 τῶν
1243 4494 1586 4572 ἐνεχομένων
1616 4503 1683 4573 τῇ
1714 4499 1946 4576 αἰσχύνῃ

295 4585 402 4639 τῶν
435 4588 617 4646 κακῶς
643 4585 1035 4662 πεπραγμένων
1072 4587 1183 4657 (36)
1209 4605 1221 4654 ;

2069 2002 2176 2057 Sed
2219 2003 2359 2056 forte
2388 2001 2523 2055 hinc
2554 2004 2711 2072 patet
2742 1999 3036 2054 diversum
3073 2014 3223 2068 esse,
3278 2014 3394 2052 non
3445 2012 3630 2050 unum
3664 1998 3723 2050 et

2065 2091 2247 2161 idem,
2281 2091 2584 2144 nationum
2618 2107 2651 2144 a
2701 2089 2912 2161 pietate
2956 2086 3283 2142 alienarum
3332 2083 3712 2158 supplicium.

2065 2181 2364 2246 Quatenus
2396 2179 2552 2233 enim
2585 2196 2618 2233 a
2661 2177 2757 2232 Dei
2806 2176 3140 2248 cognitione
3185 2174 3546 2244 exciderunt,
3596 2177 3714 2227 tor-

2068 2268 2283 2324 mentis
2314 2267 2474 2338 digni
2509 2270 2647 2321 sunt
2680 2282 2746 2320 ac
2778 2266 2966 2338 poenis
2998 2280 3205 2320 omnes
3232 2282 3244 2318 :
3269 2267 3560 2335 quatenus
3583 2276 3719 2316 vero

2065 2357 2303 2413 illorum
2337 2356 2562 2410 vivendi
2597 2354 2745 2410 ratio
2789 2353 3146 2426 comperitur
3192 2353 3440 2419 diversa,
3491 2351 3612 2405 sive
3661 2351 3718 2405 in

2065 2445 2404 2516 ignominiae
2435 2443 2884 2515 cupiditatibus,
2909 2443 3032 2498 sive
3054 2441 3111 2496 in
3136 2440 3417 2496 admissis
3440 2441 3722 2495 adversus

2067 2535 2362 2608 proximos
2396 2532 2652 2606 ﬂagitiis,
2688 2549 2837 2604 opus
2872 2537 2962 2587 est
3003 2536 3205 2586 contra
3255 2535 3454 2600 gentes
3501 2527 3720 2599 judicio

2071 2625 2204 2681 Dei:
2257 2625 2314 2678 in
2367 2639 2483 2696 quo
2531 2622 2746 2678 delicta
2795 2625 2996 2677 contra
3049 2620 3346 2692 proximos
3399 2621 3602 2689 parata
3632 2633 3724 2671 ex-

2068 2715 2420 2785 pendentur.
2450 2713 2513 2767 Et
2543 2719 2735 2782 arguet
2763 2711 3032 2782 populum
3077 2709 3337 2763 multum.
3369 2706 3523 2762 Justi
3559 2704 3720 2762 illius

2063 2801 2269 2874 judicii
2292 2801 2630 2873 aequitatem
2654 2799 3128 2869 evidentiamque
3152 2797 3321 2852 nobis
3347 2800 3410 2850 ut
3431 2795 3720 2864 ostendat,

2068 2891 2410 2963 subjunxit:
2459 2891 2522 2945 Et
2573 2894 2777 2962 arguet
2836 2888 3101 2959 populum
3159 2886 3416 2940 multum.
3478 2885 3721 2954 Arguam

2068 2984 2216 3037 enim
2249 2984 2316 3047 te,
2352 2979 2564 3050 inquit,
2597 2983 2649 3034 ιι
2695 2981 2939 3033 statuam
2992 2980 3181 3032 contra
3237 2975 3441 3046 faciem
3497 2979 3652 3030 tuam
3675 2973 3716 3028 ³.

2068 3071 2170 3125 llic
2199 3069 2381 3140 igitur
2415 3071 2592 3122 testes
2626 3066 2894 3137 producit
2923 3068 3226 3120 accusator
3255 3067 3320 3118 ut
3364 3079 3524 3117 reum
3557 3062 3719 3132 obje-

2067 3157 2175 3212 ctis
2209 3155 2558 3210 criminibus
2601 3153 2924 3218 convincat,
2977 3156 3036 3206 at
3082 3167 3215 3206 vero
3263 3151 3322 3205 in
3372 3150 3471 3205 illo
3521 3166 3718 3205 rerum

2069 3244 2545 3301 ahsconditarum
2564 3243 2792 3313 judicio
2817 3258 2908 3296 res
2927 3240 3067 3311 ipsa;
3089 3239 3261 3296 nobis
3283 3256 3478 3294 coram
3502 3240 3719 3295 sisten-

2069 3340 2167 3391 tur
2204 3335 2264 3389 in
2299 3333 2531 3406 propria
2564 3331 2778 3404 specie,
2815 3329 3294 3404 quandoquidem
3329 3329 3563 3400 singula
3597 3345 3723 3400 pec-

2067 3430 2197 3480 cata
2228 3424 2301 3478 iis
2334 3422 2430 3494 qui
2462 3420 2849 3493 peccaverint,
2883 3419 3152 3491 ponenda
3193 3419 3265 3472 ob
3311 3418 3512 3473 oculos
3562 3421 3718 3472 sunt.

2068 3513 2191 3568 Illic
2223 3512 2402 3584 igitur
2435 3509 2806 3581 reprehensio
2836 3510 2907 3563 ad
2962 3507 3460 3579 comprobandum
3506 3506 3717 3576 judicii

2064 3603 2378 3672 aquitatem
2415 3599 2761 3665 adhibetur;
2796 3599 2890 3653 hic
2921 3613 3053 3652 vcro
3094 3597 3164 3651 ad
3210 3596 3580 3651 emendanda
3630 3611 3717 3665 ea,

2065 3707 2316 3762 quorum
2351 3689 2542 3761 quivis
2581 3689 2870 3760 arguitur.
2906 3686 3298 3753 Quamobrem
3332 3684 3710 3739 Timotheum

2062 3781 2337 3835 admonet
2373 3777 2680 3850 Apostolus
2709 3779 2750 3842 ‘,
2785 3780 2850 3832 ut
2880 3776 2989 3831 hac
3013 3774 3293 3847 arguendi
3341 3774 3565 3828 ratione
3597 3777 3720 3828 uta-

2061 3874 2176 3925 tur.
2211 3871 2280 3923 Et
2310 3868 2542 3938 quidem
2577 3866 2953 3938 reprehensio
2985 3865 3178 3919 omnis
3224 3863 3415 3936 palam
3448 3878 3580 3917 eum
3614 3862 3716 3934 qui

2063 3959 2512 4032 reprehenditur
2542 3956 2960 4030 perstringens,
2987 3954 3181 4026 ipsum
3207 3952 3578 4007 vehementer
3597 3956 3716 4006 tor-

2061 4055 2222 4121 quet,
2271 4066 2402 4103 cum
2455 4048 2674 4118 peccati
2726 4047 2955 4117 detegat.
3004 4041 3471 4114 turpitudinem:
3524 4041 3605 4096 ita
3652 4044 3718 4096 ut

2059 4158 2192 4198 eum
2231 4141 2330 4212 qui
2373 4139 2532 4194 nullo
2567 4138 2910 4193 delictorum
2949 4151 3190 4191 suorum
3226 4149 3403 4188 sensu
3435 4132 3716 4204 tangeba-

2059 4237 2175 4297 tur,
2210 4247 2324 4285 non
2359 4227 2637 4283 mediocri
2671 4226 2884 4281 alliciat
2918 4223 3245 4291 beneﬁcio;
3281 4221 3498 4294 quippe
3521 4221 3590 4276 ad
3627 4236 3717 4277 so-

2059 4339 2187 4377 rum
2224 4319 2642 4376 conscientiam
2680 4322 2737 4372 et
2769 4317 2836 4372 ad
2867 4331 3059 4370 veram
3084 4312 3486 4386 paenitentiam
3510 4311 3714 4383 ipsum

2058 4413 2329 4468 deducat.
2364 4409 2542 4476 Quale
2575 4408 2726 4462 enim
2762 4405 3022 4476 corporis
3061 4403 3276 4458 vulnus
3329 4406 3484 4458 creat
3517 4417 3712 4457 acrem

2059 4501 2319 4558 dolorem
2375 4497 2692 4571 ejusmodi,
2744 4493 3078 4566 cujusmodi
3129 4492 3455 4548 cruciatum
3504 4490 3714 4548 animo

2059 4591 2209 4664 parit
2243 4606 2435 4646 sermo
2459 4585 2922 4659 objurgatorius,
2947 4600 3080 4639 cum
3105 4599 3309 4639 eorum
3333 4580 3434 4656 qui
3457 4580 3710 4654 turpitu-

285 4676 427 4734 dine
457 4679 514 4732 et
544 4675 855 4748 opprobrio
885 4693 1083 4734 rerum
1115 4675 1270 4732 male
1294 4679 1593 4748 gestarum
1627 4683 2000 4752 premuntur,
2033 4678 2452 4738 conscientiam
2486 4673 2872 4750 perstringit"?

366 4854 387 4888 ³
419 4851 574 4909 Psal.
610 4868 796 4922 LXXXI,
827 4853 879 4924 1,
911 4853 965 4910 2.
1042 4855 1064 4888 ³
1093 4852 1246 4910 Psal.
1277 4871 1428 4924 χιιι,
1459 4855 1549 4910 21.
1629 4857 1651 4890 ⁴
1679 4856 1725 4912 II
1752 4857 1903 4915 Tim.
1939 4876 2017 4932 1v,
2045 4861 2100 4914 2.

362 5031 476 5102 (31)
525 5030 632 5088 Τὸν
683 5031 1026 5110 προφητικὸν
1073 5029 1242 5110 λέγει.
1295 5032 1493 5088 Monet
1537 5034 1946 5106 Combeﬁsius,

295 5103 448 5186 hanc
479 5120 610 5186 esse
643 5103 1087 5186 responsionem
1115 5103 1476 5186 Judzeorum,
1520 5123 1692 5186 quam
1729 5103 1949 5164 σοι]ίίηὲ

295 5175 681 5249 ςὶῐίΔὶξαδίίίυει,
713 5175 826 5233 η’οη
860 5177 1048 5249 ipsius
1081 5177 1280 5232 Basilii
1323 5179 1733 5234 assertionem.

353 5244 480 5332 l3?)
508 5247 766 5332 Sic-tuas.
801 5244 1088 5332 .p’l‘erique
1137 5265 1360 5332 omnes.
1627 5249 1945 5332 χενομένην,

297 5315 402 5397 llic
432 5315 698 5397 imitatus
730 5315 1267 5397 est'gommentar‘ii
1291 5325 1495 5397 auctor
1517 5315 1820 5390 Basiliam,
1846 5315 1945 5396 qui

296 5388 355 5442 in
388 5387 683 5470 psglmum
720 5409 806 5446 ux
827 5393 972 5447 dixit
993 5400 1048 5448 et
1068 5392 1194 5470 ipse
1221 5392 1446 5470 D_omini
1472 5410 1729 5470 carnem,
1757 5387 1946 5470 θεοῲό-

297 5459 714 5540 pownsubinde
746 5481 889 5540 mss.
922 5459 1210 5534 nonnulli,
1245 5462 1543 5520 έπισκοπεῖ.
1571 5467 1680 5521 Alii
1703 5459 1940 5540 quidam

291 5527 350 5588 et
379 5531 542 5599 editi,
580 5527 885 5591 ἰπεσκὸπει.

366 5602 479 5744 (33)
517 5604 731 5688 ηαεθχ
764 5624 907 5664 mss.
944 5607 1164 5663 Vocula
1191 5601 1291 5676 ἔξω
1323 5607 1395 5662 ab
1427 5607 1601 5664 editis
1632 5610 1852 5667 aberat.

393 5675 483 5744 34)
515 5677 687 5744 Edlti,
721 5676 950 5744 ἐπήγετο
980 5678 1092 5735 καί.
1145 5681 1216 5734 At
1267 5696 1410 5744 mss,
1463 5680 1686 5744 aliquot
1743 5685 1827 5738 uti

393 5675 483 5746 34)
515 5677 687 5753 Editj,
721 5676 1092 5753 έπήγετοκαί.
1145 5681 1216 5734 At
1267 5696 1410 5753 mss,
1442 5680 1686 5753 aliquot
1721 5685 1827 5753 uti
1883 5685 1940 5738 in

299 5751 598 5806 contextu.
633 5749 851 5812 Statim
880 5752 981 5812 ubi
1003 5752 1066 5812 in
1088 5751 1319 5810 excusis
1341 5749 1576 5826 legitur,
1597 5751 1942 5830 παρίστησιν,

2062 5038 2120 5092 in
2157 5038 2447 5092 veteribus
2480 5033 2699 5091 nostris
2729 5030 2897 5088 libris
2927 5028 3226 5097 scribitur,
3253 5027 3506 5100 παριστᾷ,
3538 5026 3596 5079 et
3623 5024 3710 5082 sic

2063 5110 2434 5180 scripsimus.

2134 5166 2246 5248 (3'5)
2310 5181 2476 5235 l’iditi.
2538 5175 2675 5229 ὥστε
2736 5171 2883 5248 μάλα
2943 5170 3245 5248 εὐεργετεῖνΔ
3290 5168 3385 5248 τὸν
3445 5166 3709 5248 ἀναισθητ

2057 5239 2254 5307 τοῦντα
2270 5257 2376 5306 τῶν
2399 5248 2550 5305 ἰδίων
2570 5239 3001 5320 ἁμαρτημάτων.
3028 5239 3093 5296 Al
3123 5239 3429 5320 nostrisa);
3454 5257 3596 5320 mss:
3622 5240 3709 5295 uti

2057 5327 2115 5382 in
2151 5331 2446 5381 contextu.
2479 5311 2754 5392 Hociip'so
2773 5311 2842 5392 in
2875 5315 3014 5392 loco
3034 5328 3279 5392 uterque
3299 5313 3459 5368 Colb.
3481 5317 3538 5367 et
3561 5311 3704 5384 Reg.

2058 5398 2374 5462 secundus,
2404 5383 2758 5466 μεταμέλει-αν
2785 5386 3069 5466 ἀληθινήν.
3098 5383 3208 5466 Alii
3230 5389 3348 5466 tres
3392 5400 3536 5440 mss.
3566 5383 3703 5439 cum

2057 5471 2252 5534 editis,
2277 5457 2634 5540 μεταμέλειαν
2655 5462 2831 5540 sive“
2844 5461 2930 5528 ἤν.
2952 5459 3020 5512 ad
3035 5457 3414 5539 paenitentiam
3429 5471 3703 5540 asperam.

2127 5526 2250 5609 (36),
2275 5526 2357 5596 lta
2387 5526 3198 5609 e'mendandum‘chsuimus
3249 5543 3317 5582 ex
3336 5526 3576 5609 _nostris
3605 5543 3706 5582 sex

2053 5596 2198 5668 mss.
2225 5596 2293 5668 [in
2326 5611 2499 5668 editis
2534 5609 2768 5679 legitur,
2824 5596 3198 5679 βεϐιωμένων,
3249 5600 3452 5655 eodem
3497 5613 3697 5679 sensu.

2054 5663 2498 5741 ιῖἕέίιεῖᾱιῖίιῖὸ
2532 5663 2660 5751 post
2685 5663 2864 5751 iidem
2897 5663 3082 5730 nostri
3113 5663 3213 5727 sex
3241 5687 3410 5742 mss.,
3463 5663 3696 5742 μεταϐα-

2055 5754 2192 5812 λεῖν.
2227 5756 2402 5825 Editi,
2437 5745 2819 5828 μεταϐάλλειν.
