4130 6380
384 330 508 390 243

1331 331 1727 392 ΑΡΡΕΝΒΙΧ
1775 332 2098 393 οιιιςιιυΜ
2148 332 2213 393 8.
2260 332 2543 394 BASILll
2591 331 2861 393 MAGNI.

3690 331 3810 392 2M

459 465 551 519 74.
584 466 658 520 Et
687 464 1043 539 con/i'ingent
1063 444 1274 536 gladios
1303 479 1426 519 suos
1464 466 1525 519 in
1571 468 1783 536 aratra,
1835 475 1887 521 et
1922 465 2043 521 lan-

2224 468 2317 523 74.
2407 466 2504 520 Καὶ
2573 466 2905 541 συγκόψουσι
2980 463 3077 528 τὰς
3145 462 3420 539 μαχαίρας
3486 461 3661 518 αὐτῶν
3730 462 3809 525 εἰς

392 570 516 612 aea:
545 571 676 612 suas
733 557 794 613 in
848 554 1043 626 falces.
1109 555 1209 611 llic
1263 559 1354 610 est
1403 555 1879 627 objurgationum
1914 555 2047 611 finis

397 646 695 719 perutilis,
727 647 795 702 ad
824 645 1133 718 paciﬁcum
1167 649 1226 701 et
1248 644 1629 715 tranquillum
1660 648 1877 701 statum
1911 645 2049 702 belli

397 739 690 792 amatores
722 752 787 791 ac
821 734 1182 791 tumultuum
1230 739 1497 790 auctores
1543 735 1881 791 transferre.
1916 736 2045 791 Gui-

399 826 489 881 vis
520 833 714 881 autem
747 827 1111 895 compertum
1143 828 1234 880 est
1276 840 1343 879 ac
1389 828 1783 895 perspectum,
1832 824 2046 880 Christi

397 913 584 986 legem
618 930 684 969 ac
711 929 1064 983 sermonem,
1095 930 1231 969 cum
1255 912 1416 986 pacis
1439 929 1506 970 ac
1527 913 1848 969 concordia:
1870 929 2050 969 causa

400 1004 478 1058 sit
507 1005 563 1057 et
591 1002 775 1074 origo,
808 1001 883 1058 iis
909 1001 1010 1073 qui
1064 1004 1235 1073 longe
1281 1006 1338 1057 et
1394 1018 1573 1074 prope
1628 1007 1796 1059 erant
1851 1002 2047 1075 positi,

397 1107 599 1164 pacem
631 1089 1038 1147 annuntiasse.
1074 1092 1277 1162 Itaque
1306 1095 1363 1147 et
1390 1091 1576 1147 Judaei
1609 1096 1667 1147 et
1687 1096 1890 1164 gentes
1912 1092 2049 1148 belli

397 1182 721 1253 deposuere
753 1180 1194 1237 instrumenta:
1228 1185 1353 1236 tum
1388 1198 1516 1254 qua:
1556 1181 1616 1237 in
1648 1197 1964 1254 congressu
1993 1186 2051 1238 et

398 1269 457 1325 in
492 1270 707 1342 pugnis
738 1270 1011 1326 cominus
1042 1270 1379 1325 commissis
1409 1287 1474 1327 ac
1505 1269 1767 1327 statariis
1785 1271 2049 1327 adhiberi

398 1357 616 1428 solent,
647 1375 777 1430 quae
808 1357 1033 1413 vocavit
1081 1359 1365 1430 propheta
1413 1357 1676 1429 gladium
1705 1375 1719 1413 :
1768 1362 1895 1413 tum
1925 1375 2052 1430 quae

402 1451 472 1506 ad
496 1449 814 1507 vindictam
838 1450 1073 1506 eminus
1096 1450 1445 1506 sumendam
1466 1450 1797 1519 cuduntur;
1824 1467 1953 1522 quas
1973 1450 2055 1506 ait

398 1535 532 1596 esse
561 1538 766 1595 hastas
794 1542 853 1595 et
878 1540 1132 1596 lanceas.
1165 1539 1289 1594 Imo
1320 1538 1439 1594 haec
1469 1539 1824 1596 ferramenta
1843 1539 1903 1595 in
1924 1540 2054 1595 ins-

401 1632 703 1685 trumenta
720 1627 1123 1701 agricolationi
1146 1629 1529 1685 accommoda
1554 1645 1587 1684 a
1606 1629 1782 1685 verbo
1804 1630 1959 1702 quod
1982 1629 2055 1684 de

401 1716 728 1774 Jerusalem
759 1733 1060 1790 egressum
1094 1721 1204 1785 est,
1235 1717 1419 1774 voluit
1462 1718 1789 1774 immutari.
1836 1719 2055 1783 Quam-

402 1804 606 1863 obrem
636 1805 916 1863 exitiosus
944 1805 1041 1863 ille
1070 1805 1301 1879 gladius
1333 1806 1582 1864 idoneus
1611 1811 1721 1878 est,
1774 1809 1869 1878 qui
1903 1809 2052 1863 vita-

408 1893 490 1952 lia
517 1895 745 1952 semina
772 1895 1084 1952 animabus
1116 1896 1336 1953 ratione
1366 1897 1626 1968 praeditis
1676 1912 1779 1969 per
1822 1897 2056 1966 sapien-

412 1983 559 2039 tiam
590 1983 767 2041 insita
796 1990 1117 2056 praeparet:
1153 1986 1371 2058 quippe
1402 1986 1503 2058 qui
1534 1986 1611 2042 sit
1653 2003 1969 2043 conversus
1998 1986 2058 2042 in

2156 551 2379 631 ἄροτρα,
2438 555 2526 610 καὶ
2587 555 2684 617 τὰς
2719 548 2934 624 ζιϐύνας
2978 552 3153 608 αὐτῶν
3203 552 3278 615 εἷς
3333 550 3589 628 δρέπανα.
3635 551 3809 609 Τοῦτό

2156 641 2266 699 ἐστι
2306 644 2369 699 τὸ
2427 642 2729 720 εὔγρτρτον
2782 641 2944 705 τέλος
3000 647 3108 697 τῶν
3151 640 3422 718 ἐλέγχων,
3477 635 3805 714 μεταϐαλεῖν

2156 735 2290 812 πρὸς
2363 734 2643 808 εἰρηνικὴν
2709 734 3029 788 κατάστασιν
3075 732 3203 795 τοὺς
3253 730 3668 810 φιλοπτολέμους
3714 733 3806 787 καὶ

2154 820 2512 901 ταραχώδεις.
2549 819 2727 892 Δῆλον
2780 820 2837 877 δὲ
2892 822 3073 890 παντὶ,
3133 820 3216 877 ὅτι
3278 823 3306 877 ὁ
3364 823 3601 897 Χριστοῦ
3630 822 3808 895 νόμος

2156 914 2388 988 καὶ
2446 910 2629 988 λόγος,
2674 911 2737 966 τὸ
2788 909 3059 986 εἰρηνικὸν
3109 911 3200 966 καὶ
3247 906 3579 984 συμϐατικὸν
3633 906 3805 986 ἔχωνο

2158 1003 2376 1077 εἰρήνην
2437 1000 2661 1075 ἐκήρυξε
2689 1006 2806 1063 τοῖς
2862 1001 3069 1073 μακράν
3122 1001 3208 1054 καὶ
3258 1004 3377 1061 τοῖς
3432 999 3613 1075 ἐγγύς·
3672 999 3812 1055 ὥστε

2157 1090 2248 1146 καὶ
2289 1088 2415 1151 τοὺς
2462 1086 2755 1151 Ἰουδαίους
2805 1090 2891 1143 καὶ
2943 1087 3069 1149 τοὺς
3115 1087 3164 1161 ἐξ
3214 1087 3380 1143 ἐθνῶν
3417 1088 3813 1161 καταθεμένους

2156 1179 2224 1235 τὰ
2275 1176 2703 1253 πολεμιστήρια,
2765 1179 2833 1233 τά
2877 1198 2935 1232 τε
2973 1178 3107 1253 πρὸς
3161 1177 3261 1245 τὴν
3309 1176 3370 1233 ἐκ
3410 1181 3506 1231 τοῦ
3554 1178 3811 1253 σύνεγγυς

2160 1267 2213 1325 ἐν
2259 1273 2375 1330 τοῖς
2423 1268 2691 1337 συστάδην
2741 1266 3055 1343 γινομένοις
3103 1268 3217 1339 (38)
3262 1266 3433 1342 ἀγῶσι
3483 1264 3813 1340 συμπλοκὴν

2161 1360 2315 1414 ἅτινα
2363 1359 2478 1413 εἶπε
2541 1357 2837 1434 μάχαιραν,
2887 1356 2977 1412 καὶ
3024 1355 3089 1411 τά
3129 1356 3266 1431 πρὸς
3313 1354 3518 1429 ἄμυναν
3574 1357 3674 1425 τήν
3728 1353 3819 1412 διὰ

2166 1452 2379 1521 μακροῦ
2434 1445 2911 1523 παρεσκευασμένα
2944 1492 2960 1517 ,
3023 1447 3174 1501 ἅτινα
3257 1445 3390 1500 εἶναι
3460 1442 3662 1521 δόρατα
3722 1446 3814 1501 γαὶ

2166 1533 2383 1608 ζιϐύνας
2453 1555 2605 1616 φησιο
2656 1541 2825 1591 ταῦτα
2876 1538 2988 1609 (39)
3038 1533 3095 1589 δὲ
3161 1534 3237 1597 εἰς
3281 1534 3349 1589 τὰ
3402 1541 3503 1605 τῆς
3552 1534 3819 1612 γεωργίας

2165 1624 2425 1704 ἐργαλεῖα
2470 1626 2877 1700 μετασκευάζειν
2918 1624 3011 1681 τὸν
3058 1623 3220 1701 λόγον
3260 1624 3353 1679 τὸν
3404 1623 3456 1679 ἐν
3483 1631 3583 1695 τῆς
3614 1625 3816 1700 Ἰερου-

2165 1713 2377 1789 σαλὴμ,
2438 1715 2577 1771 ὥστε
2639 1716 2740 1785 τὴν
2801 1715 3100 1792 φθαρτικὴν
3161 1712 3435 1789 μάχαιραν
3486 1715 3817 1789 σπερμάτων

2169 1809 2475 1877 ζωοποιῶν,
2528 1808 2636 1860 τῶν
2670 1803 2729 1859 έκ
2755 1810 2857 1873 τῆς
2907 1803 3096 1877 σοφίας
3145 1801 3510 1879 έγγινομένων
3560 1808 3683 1866 ταῖς
3713 1801 3821 1860 λο-

2166 1899 2347 1971 γικαῖς
2395 1896 2624 1969 ψυχαῖς,
2673 1893 2802 1947 εἶναι
2856 1894 3381 1966 παρασκευαστικήν·
3442 1890 3673 1968 ἄροτρον
3723 1914 3820 1971 γε-

2168 1985 2402 2057 νομένην
2479 1982 2753 2039 ἀπαλῦνον
2824 1981 2890 2037 τὰ
2960 1980 3345 2057 πεπωρωμένα
3397 1985 3528 2057 (40),
3587 1982 3820 2047 ἀκάνθας

415 2076 694 2140 aratrum,
727 2073 880 2146 quod
908 2089 972 2131 es
998 2090 1127 2145 quis
1150 2074 1572 2143 obduruerant,
1595 2076 1840 2145 emollit,
1866 2074 2052 2131 avellit

2170 2071 2486 2147 ἀνατρέπον,
2544 2071 2795 2147 οὐρανίας
2825 2072 3054 2147 χάριτος
3083 2069 3472 2147 φυλακτηρίων
3508 2073 3620 2145 (41)
3649 2093 3818 2142 ποιη-

412 2161 637 2233 spinas,
695 2167 761 2219 et’
808 2178 877 2218 ea
932 2161 1150 2234 quibus
1193 2163 1383 2236 gratia
1437 2164 1688 2220 ccclestis
1744 2165 2062 2221 incolumis

411 2254 698 2321 servetur,
731 2255 985 2321 praestat.
1023 2251 1245 2307 Lancea
1272 2255 1492 2320 autem,
1525 2253 1698 2324 cujus
1717 2256 1806 2308 est
1828 2252 2062 2308 eminus

408 2338 696 2411 impetere
726 2355 792 2395 ac
823 2337 1175 2411 propellere,
1206 2338 1264 2394 in
1297 2338 1355 2394 id
1386 2341 1662 2396 vertenda
1709 2346 1854 2411 erat,
1905 2342 2059 2399 482

407 2428 502 2483 cui
533 2426 690 2484 inest
716 2427 964 2484 facultas
994 2428 1264 2484 cominus
1306 2427 1640 2501 colligendi,
1692 2432 2056 2487 societatem-

409 2532 527 2589 que
556 2515 934 2573 conciliandi.
986 2517 1132 2573 Nam
1183 2517 1474 2589 ejusmodi
1525 2519 1704 2575 falces
1752 2525 1970 2593 cogunt
1998 2521 2060 2578 in

406 2623 595 2663 unum
614 2606 902 2678 dispersa,
922 2610 977 2663 et
995 2607 1053 2661 in
1075 2623 1256 2661 unum
1278 2607 1672 2680 eumdemque
1692 2609 2057 2682 manipulum

408 2695 606 2768 spicas
662 2696 1020 2768 astringunt.
1054 2696 1157 2751 Est
1200 2696 1384 2768 igitur
1439 2697 1743 2753 rationalis
1790 2700 2060 2770 quaedam

408 2784 646 2857 messis,
677 2786 748 2841 ad
782 2801 961 2858 quam
995 2784 1388 2857 colligendam
1422 2801 1571 2858 Opus
1604 2787 1683 2841 sit
1710 2788 1939 2845 idoneis
1968 2789 2060 2844 in-

408 2873 781 2941 strumentis,
816 2875 887 2930 de
917 2890 1033 2946 qua
1063 2873 1288 2929 dictum
1339 2878 1463 2930 est.
1514 2876 1713 2931 Levate
1757 2880 1939 2932 oculos
1966 2895 2058 2933 vc-

405 2968 568 3032 stros,
600 2967 654 3019 et
684 2962 859 3020 videte
887 2965 1019 3036 quia
1048 2965 1300 3035 regiones
1327 2964 1469 3019 alba
1496 2969 1621 3020 sunt
1646 2966 1686 3020 ⁵.
1738 2966 1919 3022 Nemo
1949 2967 2056 3039 igi-

404 3056 504 3108 tur
528 3051 681 3108 bella
719 3052 935 3120 sciens,
977 3053 1048 3108 ad
1104 3051 1257 3108 hanc
1305 3068 1559 3108 messem
1603 3058 1777 3125 aptus
1803 3060 1910 3111 est.
1944 3057 2053 3112 Sed

399 3157 539 3199 suos
570 3141 891 3214 dissipulos
921 3142 991 3198 ad
1026 3141 1176 3198 hanc
1207 3146 1461 3215 segetem
1484 3142 1891 3199 demetendam
1915 3144 2056 3200 emi-

2167 2164 2341 2219 τικόν.
2401 2163 2464 2219 Ἠ
2497 2158 2555 2217 δὶ
2605 2157 2822 2231 ζιϐύνη,
2850 2160 2913 2215 τὸ
2937 2160 3217 2236 πόῤῥωθεν
3268 2159 3678 2232 κατακοντίζον,
3726 2162 3817 2217 καὶ

2170 2249 2559 2323 ἀπωθούμενον
2605 2248 2684 2313 εἷς
2728 2250 2791 2304 τὸ
2840 2249 3153 2304 συνακτικὸν
3211 2248 3274 2304 έκ
3295 2254 3392 2304 τοῦ
3418 2250 3694 2326 σύνεγγυς,
3725 2252 3815 2307 καὶ

2169 2340 2457 2402 κοινωνίας
2514 2336 2821 2395 συνδετικόν
2860 2383 2873 2398 .
2932 2341 3193 2396 Τοιαῦται
3251 2340 3356 2414 γὰρ
3416 2340 3472 2394 αἱ
3538 2337 3816 2414 δρεπάναι,

2169 2432 2490 2505 συνάγουσαι
2546 2431 2614 2484 τὰ
2667 2426 3122 2504 διεσκορπισμένα
3157 2471 3170 2497 ,
3247 2429 3338 2483 καὶ
3397 2427 3475 2491 εἰς
3524 2430 3811 2485 κοινωνίαν

2169 2516 2481 2595 δράγματος
2544 2515 2856 2573 συνδέουσαι
2887 2517 3014 2581 τοὺς
3070 2519 3368 2594 ἀστάχυας.
3409 2520 3593 2573 Ἔστιν
3625 2517 3716 2574 οὗν
3763 2540 3817 2574 τι

2167 2608 2257 2663 καὶ
2310 2606 2533 2683 λογικὸν
2566 2607 2739 2684 Θέρος,
2791 2606 2867 2670 εἰς
2899 2609 2928 2686 ὃ
2958 2606 3118 2683 χρεία
3146 2612 3253 2662 τῶν
3304 2605 3630 2679 έπιτηδείων
3663 2608 3823 2686 δργάο

2167 2718 2295 2766 νων,
2340 2698 2462 2771 περὶ
2515 2698 2577 2751 οὗ
2626 2696 2837 2773 εἴρηται
2887 2684 2992 2766 ὅτι,
3026 2695 3291 2769 Ἐπάρατε
3317 2696 3448 2759 τοὺς
3498 2684 3820 2776 ὀφθαλμοὺς

2173 2788 2348 2859 ὑμῶν,
2407 2787 2497 2841 καὶ
2541 2782 2687 2841 ’ἴδετε
2735 2784 2817 2840 ὅτι
2864 2786 2919 2840 αἱ
2973 2791 3154 2861 χῶραι
3212 2783 3402 2841 λευκαί
3434 2787 3589 2843 εἰσιν.
3624 2784 3820 2850 Οὐδεὶς

2169 2876 2260 2929 οὗν
2295 2874 2672 2948 πολεμοποιὸς
2699 2875 2836 2948 πρὸς
2863 2875 2955 2929 τὸν
2990 2875 3245 2948 θερισμὸν
3276 2873 3609 2946 ἐπιτήδειος.
3645 2874 3826 2933 Ἀλλᾶ

2166 2962 2294 3026 τοὺς
2328 2960 2498 3026 ἰδίους
2554 2964 2799 3037 μαθητὰς
2857 2964 2994 3037 πρὸς
3033 2964 3127 3019 τὸν
3179 2966 3435 3039 θερισμὸν
3477 2969 3669 3020 τοῦτον
3714 2965 3821 3021 ἀπ-

2167 3052 2396 3125 έστειλε,
2449 3053 2573 3126 περὶ
2619 3054 2694 3107 ὧν
2736 3052 2824 3107 καὶ
2866 3055 3033 3111 εἷπεν.
3067 3054 3128 3111 Ὀ
3189 3054 3284 3128 μὲν
3310 3055 3564 3129 θερισμὸς
3614 3050 3816 3123 πολὺς,

2164 3143 2216 3197 οἱ
2261 3139 2320 3198 δὲ
2363 3141 2581 3219 ἐργάται
2634 3142 2833 3218 ὀλίγοι.
2907 3142 3136 3207 Τούτοις
3207 3143 3299 3198 οὖν
3345 3148 3460 3206 τοῖς
3521 3144 3816 3219 θερισταῖς,

398 3228 498 3301 sit,
531 3230 603 3287 de
632 3231 851 3301 quibus
891 3230 1014 3286 ait:
1060 3230 1255 3287 Messi:
1297 3231 1517 3303 quidem
1563 3233 1762 3303 multa,
1812 3235 2052 3305 operarii

2169 3228 2255 3287 διὰ
2280 3232 2345 3287 τὸ
2379 3232 2455 3306 μή
2489 3230 2633 3309 ἔχειν
2688 3231 2939 3305 πολέμου
2998 3229 3233 3310 ὄργανον
3288 3230 3341 3288 ἐν
3387 3236 3506 3295 ταῖς
3545 3230 3825 3309 καρδίαις,

397 3323 586 3376 autem
621 3320 855 3391 pauci‘.
910 3319 1108 3391 Itaque
1156 3320 1499 3391 liujusmodi
1547 3322 1936 3395 messoribus,
1989 3328 2056 3381 ut

396 3412 531 3480 pote
560 3408 1029 3465 instrumentum
1062 3408 1199 3465 belli
1229 3409 1288 3464 in
1324 3410 1599 3466 cordibus
1631 3412 1758 3467 suis
1804 3429 1920 3469 non
1954 3429 2053 3486 ge-

400 3497 717 3568 stantibus,
751 3501 1100 3570 potestatem
1133 3498 1294 3555 dedit
1322 3499 1601 3555 afferendi
1632 3516 1833 3573 pacem
1865 3503 2054 3558 domi-

399 3587 536 3653 bus,
564 3602 714 3658 ques
743 3592 944 3643 essent
973 3587 1301 3659 ingressuri
1334 3589 1373 3644 ⁷.

472 3676 563 3731 75.
594 3677 661 3732 Et
689 3691 799 3732 non
830 3678 1059 3749 accipiet
1103 3693 1234 3748 gens
1283 3686 1472 3734 contra
1522 3681 1762 3751 gentem:
1778 3681 2051 3752 gladium.

403 3764 671 3830 Quandiu
705 3764 944 3837 quidem
975 3765 1166 3820 instar
1199 3766 1351 3839 ignis
1388 3767 1689 3824 desmviret
1741 3773 2055 3827 mundanas

404 3852 705 3925 sapientiae
735 3869 949 3920 sermo,
982 3859 1185 3927 gentes
1210 3855 1266 3910 in
1291 3873 1354 3911 se
1375 3855 1619 3913 invicem
1644 3857 2052 3932 insurgebant,

406 3940 625 4013 quippe
676 3958 807 4014 quae
856 3946 1148 4001 sermonis
1198 3944 1458 4016 gladium
1508 3946 1674 4002 valde
1721 3953 2054 4015 exacutum,

404 4045 661 4103 eumque
692 4032 1071 4088 meditatione
1100 4049 1166 4089 ac
1200 4051 1391 4090 rerum
1425 4035 1816 4107 probabilium
1863 4039 2057 4110 specie

403 4118 727 4192 fulgentem
753 4120 812 4176 in
833 4122 1157 4178 seinvicem
1191 4122 1629 4196 distringerent.
1659 4126 1768 4181 Sed
1802 4127 1901 4182 ubi
1937 4128 2054 4200 pri-

409 4224 573 4265 mum
606 4210 843 4266 advenit
872 4228 981 4284 pax
1011 4215 1211 4267 nostra
1238 4212 1279 4280 ⁸,
1313 4212 1550 4285 Deoque
1587 4213 1774 4285 gloria
1802 4215 1858 4272 in
1892 4217 2054 4274 altis-

402 4296 596 4366 simis,
629 4304 688 4354 et
717 4299 775 4354 in
808 4305 965 4355 terra
987 4317 1097 4371 pax
1120 4301 1457 4357 annuntiari
1478 4302 1653 4374 coepit
1672 4304 1858 4374 °,;tum
1883 4321 2057 4362 omne

403 4385 583 4442 simul
603 4388 974 4445 mendacium
994 4390 1206 4446 veritas
1224 4391 1291 4446 ad
1312 4389 1614 4447 silentium
1640 4392 1882 4464 redegit.
1906 4395 2054 4460 Que-

402 4476 785 4533 madmodum
818 4478 1000 4545 enim,
1031 4479 1229 4549 aquila
1257 4479 1530 4536 alicunde
1568 4481 1628 4536 in
1673 4488 2051 4555 conspectum

403 4563 660 4636 desuper
688 4566 975 4639 veniente,
1007 4567 1199 4623 avium
1232 4566 1565 4641 loquacium
1610 4569 1925 4641 garrulitas
1951 4573 2048 4628 de-

387 4657 639 4726 repente
688 4656 990 4722 conticuit,
1046 4656 1128 4712 ita
1182 4673 1295 4712 non
1348 4655 1609 4729 amplius
1660 4656 1758 4713 alii
1799 4657 2049 4716 aliorum

2163 3319 2331 3377 ἔδωκε
2358 3318 2587 3395 δύναμιν
2617 3326 2715 3377 τοῦ
2746 3321 3025 3397 ἐναφιάναι
3059 3325 3173 3397 (42)
3222 3321 3441 3397 εἰρήνην
3470 3326 3591 3387 τοῖς
3619 3318 3817 3403 οἴκοις,

2162 3409 2238 3474 εἰς
2271 3410 2363 3473 οὕς
2395 3408 2455 3465 ἃν
2484 3407 2822 3467 εἰσέλθωσιν.

2233 3681 2324 3737 75.
2386 3680 2485 3734 Καὶ
2560 3678 2623 3734 οὗ
2675 3676 2908 3754 λήψεται
2965 3678 3113 3744 ἔθνος
3171 3680 3254 3737 ἐπ’
3307 3676 3454 3745 ἔθνος
3509 3682 3813 3758 μάχαιραν.

2161 3769 2308 3831 Ἕως
2359 3769 2454 3842 μὶν
2504 3768 2784 3845 ἐνηργεῖτο
2825 3767 3102 3846 διαπύρως
3150 3771 3179 3826 ὁ
3232 3777 3334 3841 τῆς
3359 3768 3458 3826 τοῦ
3488 3770 3699 3845 κόσμου
3731 3792 3821 3827 σο-

2164 3859 2291 3936 φίας
2343 3857 2525 3932 λόγος,
2560 3855 2827 3930 ἀλλήλων
2883 3860 2952 3915 τά
3005 3858 3133 3931 ἓθνη
3164 3861 3642 3931 κατεπανίσταντο,
3676 3883 3815 3937 σφο-

2165 3945 2307 4023 δρῶς
2385 3946 2736 4020 ἡκονημένην
2817 3952 2885 4022 τῇ
2962 3947 3162 4024 μελέτῃ
3212 3949 3303 4004 καὶ
3362 3954 3431 4023 τῇ
3488 3949 3814 4021 πιθανότητι

2164 4030 2490 4092 στίλϐουσαν
2538 4040 2637 4091 τοῦ
2694 4033 2866 4112 λόγου
2909 4038 3008 4107 τὴν
3066 4040 3344 4114 μάχαιραν
3390 4037 3664 4111 ἀλλήλοις
3695 4040 3815 4095 ἀντ-

2164 4124 2531 4201 επιφέροντες.
2592 4123 2814 4195 Ἐπειδὴ
2849 4123 2906 4182 δὲ
2935 4124 3102 4196 ἦλθεν
3132 4131 3166 4197 ἡ
3227 4131 3344 4199 (43)
3375 4128 3566 4203 εἰρήνη
3625 4131 3820 4202 ἡμων,

2163 4215 2255 4270 καὶ
2283 4213 2595 4289 κατηγγέλη
2660 4212 2787 4287 δόξα
2837 4214 2889 4270 ἐν
2926 4215 3170 4291 ὑψίστοις
3216 4222 3355 4291 Θεῷ,
3413 4217 3503 4273 καὶ
3565 4216 3653 4273 έπὶ
3710 4219 3821 4293 γῆς

2165 4304 2377 4379 εἰρήνη,
2410 4306 2547 4358 ἅπαν
2582 4304 2725 4377 ὁμοῦ
2766 4303 2829 4359 τὸ
2868 4302 3065 4378 ψεῦδος
3096 4308 3163 4380 τῇ
3205 4304 3436 4379 ἀληθείᾳ
3497 4307 3817 4378 ὑπεσιώπη-

2165 4413 2275 4449 σεν.
2326 4394 2526 4466 Ὥσπερ
2559 4392 2759 4467 ὀρνέων
2808 4389 2996 4448 λάλων
3049 4392 3395 4472 πολυφωνίαο
3441 4395 3655 4473 ἀθρόως
3684 4417 3816 4452 κατ-

2164 4482 2421 4556 εσιγάσοη
2459 4527 2473 4551 ,
2534 4481 2691 4536 ἀετοῦ
2738 4491 2900 4545 ποθεν
2948 4480 3133 4546 αὐτοῖς
3188 4482 3534 4563 ἐπιφανέντος
3588 4484 3812 4551 ἄνωθεν

2083 4593 2130 4658 D
2164 4570 2346 4624 οὐκέτι
2375 4568 2501 4631 τοὺς
2532 4568 2797 4641 ἀλλήλων
2826 4565 3232 4628 καταϐάλλουσι
3267 4571 3492 4650 λόγους·
3526 4576 3555 4630 ὁ
3589 4575 3705 4649 μὲν,
3734 4577 3813 4649 μὴ

2163 4660 2295 4715 εἶναι
2338 4660 2593 4735 πρόνοιαν
2618 4660 2682 4715 τὸ
2712 4661 2986 4737 παράπαν,
3020 4662 3049 4716 ὁ
3098 4658 3157 4717 δὲ
3207 4662 3370 4740 μέχρι
3407 4664 3643 4737 σελήνης
3675 4685 3821 4742 προσ

471 4804 492 4841 σ
519 4795 689 4854 Joan.
724 4814 798 4866 1v,
831 4797 921 4853 35.
998 4797 1020 4834 ⁸
1052 4797 1189 4853 Luc.
1223 4816 1282 4867 χ,
1313 4799 1367 4854 2.
1446 4799 1465 4834 τ
1507 4798 1715 4857 Matth.
1742 4817 1798 4870 x,
1841 4801 1927 4857 12.
2004 4803 2025 4837 ⁸

2169 4818 2267 4860 les.
2301 4803 2371 4871 Il,
2408 4804 2494 4860 14.
2573 4804 2594 4838 ⁹
2623 4807 2762 4859 Luc.
2798 4819 2862 4875 ιι,
2897 4803 2983 4864 14.

491 4955 581 5029 37)
611 4956 707 5029 Sic
739 4974 883 5013 mss.
913 4962 1182 5029 quatuor.
1217 4958 1368 5015 Editi
1412 4963 1468 5015 et
1514 4976 1669 5015 unus
1702 4976 1847 5016 mss.
1878 4957 1968 5014 καὶ
2002 4960 2048 5017 ὁ.

493 5028 767 5117 38)Ἐόὶιὶ
802 5034 859 5085 et
889 5028 1005 5084 dno
1045 5045 1186 5086 mss.
1234 5028 1567 5106 γενομένοις.
1619 5029 1729 5087 Alii
1777 5041 2051 5104 quatuor,

397 5118 728 5174 γινομενοις.

397 5243 432 5256 η
460 5172 584 5256 ’(39)
618 5173 710 5256 (με.
743 5170 925 5226 nostri
976 5189 1077 5227 sex
1132 5190 1273 5230 mss.
1326 5175 1399 5229 At
1445 5174 1620 5256 editi,
1652 5172 1888 5256 ξαότας.
1922 5175 2053 5232 Mox

394 5242 576 5319 iidem
627 5242 713 5297 illi
770 5259 869 5298 sex
928 5261 1096 5315 11189.,
1163 5247 1592 5318 μετασκευάζειν.
1652 5246 1827 5318 Editi,
1888 5267 2050 5319 μετα-

399 5313 675 5368 σκευάσειν
685 5356 698 5370 .

470 5387 584 5459 (40)
614 5385 873 5510 Uterque
903 5387 1061 5443 Colb.
1106 5392 1157 5443 ct
1204 5404 1325 5459 reg.
1377 5393 1624 5460 quartus
1656 5404 1789 5443 cum
1817 5389 2051 5446 duobus

470 5474 728 5510 lcaaanls.
799 5462 1071 5510 ποπΛῦνον
1124 5460 1188 5510 τὰ
1218 5461 1616 5510 πεπωοωιιένα.
1660 5460 1824 5510 Unus
1871 5463 2047 5510 codex

403 5458 728 5532 Ducaéanis,
761 5458 1071 5532 ἀπο-πλῦνον
1124 5460 1188 5513 τὰ
1218 5458 1616 5532 πέπωρωμένα.
1646 5460 1824 5532 Unus
1871 5463 2049 5517 codex

401 5531 754 5607 Uom_bet'._ct
783 5530 1008 5607 Anglic.
1032 5549 1159 5607 una
1190 5550 1325 5589 cum
1354 5530 1549 5604 editis,
1599 5531 1666 5607 τᾷ
1716 5534 2045 5607 πεπυρωμέ-

406 5619 487 5672 να,
537 5601 913 5675 ὺδυοᾉτοοίᾱ.
964 5603 1179 5660 Ibidem
1229 5611 1370 5662 tres.
1425 5601 1591 5675 mss.,
1640 5601 1874 5668 ἀκάνθας
1920 5601 2046 5658 ἀνα-

411 5691 579 5731 σπων.
607 5673 720 5730 Alii
755 5677 875 5731 tres
904 5691 1038 5731 cum
1069 5675 1262 5748 editis,
1291 5675 1494 5743 ἀκάνθα
1537 5673 1852 5753 ἀνατρεπον,
1886 5676 2044 5735 haud

2164 4961 2436 5019 dissimili
2466 4978 2668 5017 sensu.

2232 5035 2348 5105 (41)
2383 5033 2527 5113 Editi
2562 5039 2621 5113 et
2649 5032 3037 5113 vetereslibri
3084 5035 3149 5113 H_.
3194 5040 3250 5092 et
3298 5040 3351 5092 J.
3396 5042 3453 5113 e_t_
3500 5038 3660 5097 Colb.
3691 5042 3815 5113 pri-

2163 5102 2298 5186 mus
2333 5102 2749 5186 φυλακτήριον.
2782 5109 2854 5161 At
2881 5107 3161 5186 Codgx__F‘.
3194 5114 3251 5164 et
3282 5109 3511 5186 Anglic.
3558 5118 3617 5186 et
3646 5102 3813 5186 Regii

2160 5177 2377 5260 tertius
2404 5182 2463 5260 et
2512 5177 2757 5260 quartus
2802 5195 2936 5260 cum
2988 5177 3812 5260 Colb.”.secundotpelasci;-

2162 5248 2318 5321 ρίων,
2352 5248 2870 5329 recte—Aliquanto
2902 5256 3035 5329 post
3063 5252 3202 5329 editi
3245 5270 3377 5311 cum
3411 5248 3602 5313 tribus
3637 5248 3815 5329 mssl,

2161 5320 2499 5377 συνακτικόν.
2531 5322 2643 5378 Alii
2666 5320 2803 5389 tres,
2833 5320 3164 5378 συνεκτικόν.

2229 5393 2344 5465 (42)
2374 5393 2535 5470 C_0]_l_i.
2585 5395 2978 5470 primus,_ftci3
3031 5392 3332 5469 ἐπαφιέναι.
3382 5400 3510 5470 310x
3557 5403 3819 5470 quatuor

2161 5462 2334 5536 mea;
2384 5462 2717 5527 εἰσέλθωσιν.
2774 5465 2877 5520 Alii
2929 5468 3045 5523 duo
3094 5462 3158 5523 et'
3196 5469 3359 5536 editi,
3401 5462 3655 5531 ἔλθωσιν.
3698 5473 3817 5528 Nec

2156 5534 2239 5592 ita
2264 5537 2457 5610 multo
2489 5545 2621 5610 post
2653 5540 2769 5593 duo
2803 5537 3143 5609 Golbcrtini,
3177 5534 3626 5599 anmdvictato.

2232 5608 2343 5677 (43)
2374 5609 2457 5666 Ita
2490 5608 2752 5683 quinque
2782 5626 2925 5666 mss.
2961 5608 3135 5669 Deest
3183 5614 3470 5672 articulus
3519 5615 3578 5672 in
3614 5615 3811 5673 editis.
