4130 6378
304 353 424 413 245

1154 358 1564 422 COMMENT.
1606 361 1682 421 ΙΝ
1733 361 2003 423 lSAlAM
2045 361 2556 422 PROPHETAM.
2605 362 2775 422 CAP.
2822 361 2900 422 ll.
3612 364 3733 425 246

308 480 522 555 διήκειν
551 483 721 557 αύτὴν
756 486 953 563 λὲγων·
1012 489 1196 545 οὐκέτι
1233 490 1357 566 περὶ
1404 494 1611 568 ψυχῆς·
1641 494 1670 547 6
1704 492 1799 566 μὶν
1830 493 1954 563 θνη-

2081 510 2383 552 sermones
2415 500 2481 550 ac
2525 494 2850 552 sententias
2896 493 3251 551 convellunt.
3282 494 3447 551 Alter
3488 494 3730 568 quidem

302 573 425 646 τήν,
488 574 515 629 6
575 572 634 631 δὲ
687 578 805 650 (44)
863 576 1123 641 ἀθάνστον
1183 580 1634 658 ἀποφαινόμενοι.
1708 583 1791 639 Τὰ
1841 592 1954 658 περ]

2077 584 2260 639 ullam
2311 583 2553 640 omnino
2594 585 2847 657 negabat
2895 599 3026 639 esse
3074 583 3531 655 providentiam;
3584 584 3732 642 alter

305 662 666 738 εἱμαρμένης,
702 666 731 721 6
764 666 861 739 μὲν
909 666 1121 723 πάντων
1173 668 1339 739 αὐτὴν
1389 674 1622 746 κρατεῖν·
1658 671 1687 725 6
1736 667 1794 725 δὶ
1828 668 1954 744 μηδῐ

2076 690 2209 729 vero
2241 674 2431 746 ipsam
2473 674 2863 729 contendebat
2887 673 2957 728 ad
2989 672 3191 729 lunam
3246 688 3433 745 usque
3481 689 3609 730 sese
3638 689 3733 730 ex-

305 752 438 806 εῒναι
470 751 637 823 αὐτὴν
686 755 751 809 τὸ
795 754 1065 829 παράπαν.
1125 756 1344 827 Ἐπειδή
1379 756 1438 813 δὲ
1488 756 1652 827 ἦλθεν
1706 762 1742 829 ἡ
1787 760 1954 836 μωρίο

2075 764 2330 819 tondere.
2367 763 2482 818 Nec
2527 762 2681 818 ultra
2712 764 3075 835 disceptatur
3105 762 3175 817 de
3213 761 3429 818 anima.
3463 761 3566 818 Hic
3594 762 3732 834 qui-

301 843 397 895 τοῦ
428 840 812 917 κηρύγματος,
860 843 950 898 καὶ
1001 845 1029 899 6
1081 844 1491 922 ἐσταυρωμένος
1540 845 1842 918 δοξάζεται,
1874 848 1954 903 καῖ

2076 853 2208 908 dem
2270 852 2605 908 afﬁrmabat
2659 868 2785 907 eam
2848 852 3021 907 morti
3076 851 3409 920 obnoxiam,
3442 849 3542 907 ille
3596 867 3732 908 vero

305 928 592 994 ἀνάστασις
653 932 960 988 πιστεύεται
1037 936 1173 1008 (45),
1246 936 1333 990 καὶ
1424 936 1596 1013 κρίσις
1665 936 1961 1006 ἐλπίζεται·

302 1019 396 1073 τὸν
424 1019 561 1093 πρὸς
609 1018 896 1092 ἀλλήλους
946 1020 1192 1097 πόλεμον
1252 1026 1320 1080 τὰ
1376 1024 1501 1095 ἔθνη
1563 1024 1960 1095 καταλύσαντα,

305 1108 403 1177 τήν
436 1107 666 1185 ἡσυχίαν
709 1109 848 1186 ἄγει.
901 1107 1189 1186 Φοϐοῦμαι
1217 1110 1275 1169 δὲ
1306 1116 1384 1186 μὴ
1417 1115 1599 1169 θεαταὶ
1640 1111 1833 1170 λοιπὸν
1864 1120 1962 1169 τοῦ

304 1199 572 1273 ἡμετέρου
619 1197 871 1273 πολέμου
895 1201 1170 1276 γίνωνται.
1222 1203 1323 1265 Καὶ
1379 1201 1567 1273 ἐπειδὴ
1628 1204 1733 1279 πρὸ
1761 1204 1959 1259 τούτου

301 1286 438 1347 ἅπας
468 1287 496 1340 6
531 1284 649 1363 βίος
673 1287 856 1352 αὐτοῖς
891 1287 942 1344 ἐν
986 1294 1055 1365 τῇ
1084 1296 1192 1346 τῶν
1251 1292 1491 1366 ματαίων
1542 1292 1724 1367 λόγων
1779 1295 1958 1365 μαθή-

300 1394 377 1428 σει
406 1375 829 1433 καταναλίσκετο
881 1380 997 1452 (46)
1044 1381 1118 1442 ὡς
1163 1388 1263 1451 τῆς
1316 1379 1667 1451 διαλεκτικῆς
1718 1381 1958 1454 πολεμι-

295 1469 399 1533 κῆς
454 1460 622 1537 οὔσης
676 1464 941 1542 διαλόγου
1001 1472 1135 1544 (47)·
1170 1470 1248 1528 Ού
1313 1471 1411 1544 μή,
1470 1470 1658 1548 φησὶν,
1713 1472 1952 1543 μάθωσιν

295 1549 375 1608 ἔτι
406 1551 695 1629 πολεμεῖν*
747 1557 865 1613 ἀντὶ
907 1562 1027 1628 τοῦ,
1086 1558 1282 1616 Ούκὲτι
1324 1564 1441 1623 τοῖς
1476 1557 1829 1625 διδασκάλοις
1854 1568 1956 1631 τῆς

296 1643 649 1720 Αογομαχίας
678 1643 1217 1724 προσδιατρίψουσιν.

2074 941 2469 997 immortalem
2498 957 2626 997 esse
2670 941 2986 996 statuebat.
3020 941 3118 996 Hae
3148 942 3220 996 de
3262 941 3382 996 fato
3413 940 3730 996 moveban-

2073 1035 2174 1086 tur
2202 1031 2557 1101 quaestiones
2594 1047 2606 1086 :
2642 1028 2795 1085 alius
2837 1030 3076 1101 quidem
3107 1030 3166 1085 id
3216 1046 3412 1086 rerum
3462 1028 3728 1086 omnium

2074 1120 2267 1191 potiri,
2292 1119 2445 1175 alius
2476 1120 2674 1191 ipsum
2708 1118 2870 1174 nullo
2894 1120 3066 1174 modo
3095 1120 3379 1175 exsistere
3408 1118 3724 1177 asserebat.

2072 1205 2370 1277 Sed,quia
2410 1196 2646 1261 advenit
2696 1205 3128 1278 praedicationis
3178 1205 3430 1262 stultitia
3453 1206 3515 1275 ιο,
3546 1210 3727 1278 atque

2070 1296 2345 1350 crucifixo
2394 1296 2570 1350 datur
2615 1294 2820 1365 gloria,
2850 1294 2990 1367 quia
3040 1294 3389 1351 resurrectio
3443 1294 3724 1365 creditur,

2068 1389 2456 1455 speraturque
2490 1384 2805 1454 judicium,
2834 1388 3061 1457 gentes,
3086 1384 3311 1440 mutuis
3353 1382 3525 1440 bellis
3555 1384 3726 1440 seda-

2067 1474 2164 1543 tis,
2187 1474 2372 1527 otium
2406 1478 2612 1545 agunt.
2635 1473 2854 1529 Vereor
2874 1478 3075 1528 autem
3106 1488 3180 1529 ne
3207 1474 3446 1528 tandem
3477 1471 3728 1545 gentiles

2066 1563 2177 1635 ipsi
2212 1561 2348 1618 belli
2380 1562 2566 1618 nostri
2616 1562 2762 1617 fiant
2814 1566 3197 1634 spectatores.
3230 1564 3363 1617 Jam
3412 1576 3547 1617 vero
3589 1578 3725 1618 cum

2066 1651 2261 1707 omnis
2291 1667 2493 1706 eorum
2525 1652 2645 1706 vita
2683 1655 2854 1707 antea
2885 1652 2945 1705 in
2975 1666 3262 1707 vanorum
3312 1654 3372 1707 et
3421 1649 3727 1706 inutilium

292 1748 634 1792 sermonum
665 1736 979 1810 disciplina
1026 1744 1382 1813 consumpta
1414 1742 1589 1797 fuerit
1622 1742 1941 1815 (siquidem
1991 1741 2438 1798 sermocinatrix
2470 1740 2773 1798 dialectica
2801 1741 3019 1814 pugnis
3048 1745 3107 1797 et
3137 1741 3279 1797 rixis
3316 1741 3577 1813 gaudet),
3607 1742 3726 1798 Non

294 1820 475 1891 ultra,
507 1826 610 1898 ait,
642 1826 853 1885 discent
903 1828 1117 1886 bellum
1166 1846 1398 1902 gerere;
1428 1848 1495 1887 ac
1527 1831 1578 1887 si
1607 1832 1824 1889 diceret
1855 1850 1868 1887 :
1905 1831 2203 1905 Magistris
2231 1830 2623 1887 contentionis
2654 1832 2962 1887 verborum
3012 1846 3129 1888 non
3178 1829 3434 1904 amplius
3482 1846 3722 1903 operam

300 1910 544 1969 dabunt.

373 2002 463 2056 76.
500 2002 603 2059 Καὶ
633 2008 750 2077 νῦν,
810 2006 957 2068 οἶκος
1013 2011 1111 2061 τοῦ
1170 2002 1387 2077 Ἰακὼϐ,
1428 2005 1577 2064 δεῦτε
1627 2010 1716 2065 καὶ
1765 2030 1954 2084 πορευ-

2132 2012 2225 2066 76.
2258 2014 2436 2067 Vens.
2475 2012 2529 2066 5.
2578 2013 2643 2067 Et
2697 2027 2870 2080 nune,
2922 2013 3115 2068 domus
3169 2012 3352 2077 Iacob,
3412 2010 3611 2080 venite,
3667 2016 3723 2066 el

308 2092 488 2163 θῶμεν
541 2090 622 2165 τῷ
677 2093 818 2171 φωτὶ
846 2094 1079 2171 Κυρίου.
1147 2098 1378 2171 Δευτέρα
1431 2096 1629 2168 κλῆσις
1687 2101 1822 2174 (48),
1871 2098 1961 2155 ἐπὶ

302 2178 373 2233 τὰ
415 2179 726 2259 τελειότερα
780 2184 1206 2260 προκαλουμένη
1265 2186 1393 2250 τοὺς
1452 2188 1957 2264 εὐεργετουμὲνους.

302 2267 449 2324 Μετὰ
473 2269 577 2346 γὰρ
606 2271 669 2326 τὸ
699 2267 965 2344 ἀναϐῆναι
1016 2275 1094 2338 εἰς
1144 2277 1205 2331 τὸ
1238 2275 1365 2352 ὅρος
1410 2277 1639 2351 Κυρίου,
1669 2277 1759 2333 καὶ
1796 2279 1957 2353 ὑπερ-

300 2357 468 2433 κύψαι
516 2360 583 2416 τὰ
625 2363 808 2437 γήινον
863 2364 977 2419 οἷον
1021 2366 1403 2443 καθαρωτέρας
1452 2362 1829 2441 μεταλαϐόντα
1860 2366 1958 2422 αύ-

298 2450 402 2524 γῆς
433 2451 563 2520 (49),
597 2451 737 2527 φωτί
780 2451 922 2508 ἐστιν
972 2452 1217 2531 ἐντυχεῖν
1262 2455 1413 2528 θείῳ,
1453 2457 1743 2534 φωτίζοντι
1774 2460 1960 2532 ψυχῆς

300 2535 623 2615 ὀφθαλμοὺς
676 2540 754 2604 εἷς
801 2542 1130 2613 κατανόησιν
1178 2549 1288 2600 τῶν
1344 2544 1622 2621 μακαρίων
1679 2543 1770 2600 καὶ
1821 2566 1956 2616 νοη-

297 2630 405 2681 τῶν
441 2629 724 2701 θεαμάτων
771 2631 861 2685 καὶ
911 2631 1068 2696 θείων
1128 2635 1236 2707 (50)
1295 2636 1686 2711 θεωρημάτων.
1719 2636 1952 2709 Ὅμοιον

297 2714 477 2790 τούτῳ
505 2718 687 2774 καὶτὸ
737 2720 882 2794 παρὰ
909 2726 990 2795 τῷ
1046 2720 1376 2797 Ψαλμῳδῷ·
1423 2724 1762 2800 Ηροσὲλθετε
1817 2725 1954 2802 πρὸς

299 2803 484 2877 αὐτὸν,
544 2805 635 2863 καί
693 2811 1022 2887 φωτίσθητε·
1082 2811 1171 2867 καὶ
1235 2814 1304 2869 τὰ
1356 2815 1625 2891 πρόσωπα
1685 2816 1836 2888 ὑμῶν
1892 2813 1954 2869 οὐ

306 2895 383 2967 μὴ
415 2899 808 2973 καταισχυνθῇ.
859 2899 937 2958 Ού
989 2902 1405 2978 καταισχύνεται
1460 2905 1563 2979 γὰρ
1615 2904 1695 2979 ἐφ’
1745 2903 1837 2968 οὓς
1892 2901 1952 2959 ἂν

301 2988 591 3059 σημειωθῇ
642 2986 705 3041 τὸ
763 2993 875 3065 φῶν
903 2994 1000 3045 τοῦ
1057 2991 1357 3066 προσώπου
1415 2992 1632 3066 Κυρίου.
1694 2994 1751 3046 Ὁ
1804 2991 1861 3047 δὲ
1890 2994 1956 3047 τὰ

304 3070 486 3145 φαῦλα
538 3075 816 3148 πράσσων,
879 3083 1029 3150 μισεῖ
1083 3080 1144 3133 τὸ
1201 3084 1332 3156 φῶς.
1397 3078 1619 3149 Ἐπειδή
1670 3083 1784 3154 (51)
1837 3079 1895 3135 δὲ
1925 3083 1952 3136 6

304 3156 452 3244 οἶκος
496 3165 595 3216 τοῦ
647 3159 842 3220 Ἰακὼὸ
901 3171 1017 3244 φῶς
1065 3165 1323 3242 αὔταρκες
1380 3169 1479 3237 τήν
1529 3167 1589 3223 ἐκ
1636 3173 1734 3223 τοῦ
1780 3170 1955 3241 νόμου

303 3242 656 3335 διδασκαλίαν
704 3253 794 3308 καὶ
843 3242 1028 3309 ἑαυτὸν
1089 3253 1384 3335 ὑπείληφεν
1439 3258 1809 3330 ἧπατημίνως
1841 3260 1955 3333 (52)

300 3332 505 3412 ὁδηγὸν
540 3340 668 3395 εἶναι
697 3340 939 3421 τυφλῶν,
968 3348 1082 3422 φῶς
1127 3349 1236 3400 τῶν
1282 3332 1334 3400 ἐν
1390 3345 1589 3418 σκότει,
1630 3332 1953 3423 διορθούμεὲ

295 3444 388 3486 νος
418 3424 595 3482 αὐτῶν
643 3430 741 3499 τήν
792 3428 1012 3506 ἄγνοιαν
1062 3435 1091 3488 6
1140 3431 1303 3508 λόγος
1339 3434 1492 3510 φησί·
1527 3439 1686 3490 Δεῦτε
1730 3435 1819 3490 καὶ
1850 3457 1952 3490 πο-

297 3518 599 3589 ρεύθῶμεν,
638 3519 714 3590 μὴ
748 3517 827 3591 τῷ
883 3525 1231 3599 προφητικῷ,
1269 3524 1344 3596 μὴ
1398 3527 1481 3595 τῷ
1526 3528 1742 3596 νομικῷ
1791 3523 1952 3599 φωτὶ,

294 3601 462 3673 ἀλλὰ,
515 3609 605 3678 Τῷ
660 3610 799 3686 φωτὶ
853 3614 956 3665 τοῦ
1014 3611 1237 3686 Κυρίου.
1300 3612 1403 3669 Καὶ
1458 3612 1560 3689 γὰρ
1611 3613 1702 3668 καὶ
1756 3612 1954 3689 λύχνοι

294 3695 594 3770 χρήσιμοι,
651 3696 797 3754 ἀλλὰ
850 3700 957 3774 πρὸ
1013 3699 1202 3770 ἡλίου·
1274 3702 1491 3779 ἀστέρες
1535 3702 1774 3778 τερπνοὶ,
1830 3696 1955 3758 ἀλλ’

294 3781 349 3837 ἐν
381 3784 554 3841 νυκτί.
605 3784 669 3842 El
723 3783 781 3842 δὲ
832 3786 1079 3862 γελοῖος,
1144 3788 1310 3861 ἡλίου
1367 3790 1708 3865 λάμποντος,
1769 3792 1798 3845 6
1856 3790 1952 3847 λύ-

294 3891 431 3948 χνον
466 3872 641 3947 ἐαυτῷ
697 3878 1050 3954 παραφαίνων
1105 3882 1243 3954 (53),
1282 3880 1482 3953 πολλῷ
1525 3881 1868 3957 γελοιότερος
1900 3883 1951 3951 ὁ,

292 3964 635 4043 Εύαγγελίου
681 3968 1118 4044 κηρυσσομὲνου,
1150 3974 1218 4045 τῇ
1269 3977 1392 4043 σκιᾷ
1435 3975 1505 4047 τῇ
1536 3975 1740 4046 νομικῇ
1778 3992 1952 4048 παρα-

297 4051 393 4127 μιν
401 4074 496 4112 ων.

363 4145 455 4199 77.
503 4145 702 4216 Ἀνῆκε
752 4148 857 4224 γὰρ
913 4149 1004 4203 τὸν
1066 4148 1197 4205 λαὸν
1255 4149 1441 4224 αὐτοῦ,
1496 4150 1590 4206 τὸν
1651 4151 1797 4206 οἶκον
1854 4154 1952 4206 τοῦ

292 4232 541 4310 Ἰσραήλ.
572 4233 945 4309 Χαλεπωτάτη
1006 4238 1179 4312 ζημία
1233 4241 1269 4309 ἡ
1312 4240 1417 4295 ἀπὸ
1475 4245 1610 4295 Θεοῦ
1641 4238 1950 4316 ἐγκατάλει-

291 4324 405 4396 ψις.
438 4324 619 4382 Οἱονεὶ
671 4325 777 4381 ἀπὸ
827 4326 1056 4403 ἰσχυρᾶς
1107 4335 1354 4404 κατοχῆς
1405 4334 1633 4405 χειρῶν,
1684 4334 1753 4402 τῇ
1781 4329 1949 4385 ἀνέσει

290 4416 400 4469 τῶν
453 4410 755 4488 δακτύλων,
814 4417 897 4481 οἷς
950 4418 1086 4481 τὲως
1140 4415 1524 4494 περιεδὲρακτό
1582 4421 1695 4493 (54)
1725 4439 1807 4482 τις
1853 4423 1951 4474 τοῦ

2068 2100 2413 2156 ambulemus
2470 2101 2682 2156 lumine
2742 2101 2980 2157 Domini.
3029 2101 3295 2156 Secunda
3348 2102 3439 2156 est
3492 2098 3719 2156 vocatio

2070 2205 2198 2260 quas
2231 2190 2533 2245 beneficiis
2577 2189 2817 2246 affectos
2847 2192 2919 2246 ad
2952 2188 3298 2263 perfectiora
3326 2188 3555 2244 invitat.
3581 2191 3720 2243 Post

2070 2294 2246 2349 quam
2277 2279 2434 2334 enim
2467 2280 2732 2335 ascendit
2761 2280 2897 2351 quis
2927 2280 2987 2336 in
3015 2283 3278 2336 montem
3308 2277 3563 2343 Domini,
3593 2292 3723 2333 eva-

2069 2368 2266 2439 sitque
2305 2367 2556 2424 terrenis
2602 2369 2890 2440 superior,
2921 2369 3060 2426 huic
3089 2368 3226 2425 licet
3252 2366 3412 2424 velut
3453 2368 3579 2437 jam
3613 2382 3721 2437 pu-

2069 2457 2236 2513 rioris
2267 2456 2416 2513 lucis
2447 2458 2742 2529 participi,
2773 2458 3039 2515 divinum
3084 2458 3284 2514 lumen
3318 2455 3578 2527 assequi,
3606 2472 3722 2527 quo

2066 2545 2348 2602 illustrati
2377 2548 2582 2603 animae
2614 2547 2767 2603 oculi
2806 2548 2980 2604 beata
3020 2546 3464 2620 spiritualiaque
3494 2548 3723 2616 speeta-

2068 2636 2199 2691 cula
2228 2653 2296 2693 ao
2338 2636 2569 2693 divinas
2613 2636 3139 2709 contemplationes
3187 2635 3538 2707 percipiunt.
3574 2631 3722 2689 Huic

2065 2728 2371 2782 sententiae
2402 2730 2460 2781 et
2483 2727 2639 2798 apud
2662 2725 2916 2782 Psaltem
2949 2725 3171 2798 aliquid
3196 2723 3389 2780 simile
3420 2722 3678 2795 reperias
3703 2738 3718 2777 :

2063 2816 2310 2873 Accedite
2336 2815 2407 2872 ad
2452 2832 2599 2884 eum,
2633 2820 2685 2873 et
2730 2816 3149 2872 illuminamini
3176 2833 3195 2869 :
3226 2819 3277 2870 et
3302 2815 3477 2885 facies
3522 2819 3718 2868 vestrae

2061 2924 2179 2960 non
2204 2904 2613 2977 confundentur
2632 2907 2697 2961 “.
2732 2905 2855 2961 Non
2885 2904 3331 2960 confunduntur
3351 2904 3507 2957 enim
3539 2917 3719 2972 super

2064 3011 2213 3066 quos
2242 2995 2545 3066 signatum
2583 2993 2757 3048 fuerit
2801 2993 3001 3048 lumen
3040 2991 3237 3047 vultus
3262 2990 3490 3046 Domini
3515 2991 3578 3045 ¹².
3611 2991 3717 3057 Qui

2064 3092 2250 3137 autem
2278 3084 2430 3137 mala
2460 3083 2614 3137 433
2660 3083 2799 3151 agit,
2830 3083 2946 3137 odit
2973 3083 3149 3136 lucem
3171 3081 3233 3134 ³³.
3259 3078 3546 3143 Quoniam
3578 3093 3713 3134 vero

2063 3172 2275 3227 domus
2302 3171 2481 3228 Jacob
2503 3170 2831 3226 doctrinam
2864 3168 3012 3241 legis
3039 3168 3341 3225 sufﬁciens
3368 3168 3480 3223 sibi
3513 3165 3715 3223 lumen

2065 3275 2214 3326 esse,
2247 3275 2426 3331 seque
2466 3260 2672 3314 ducem
2724 3274 3009 3314 caecorum
3056 3274 3186 3314 esse
3234 3256 3380 3312 falso
3431 3256 3718 3312 arbitrata

2067 3354 2175 3417 est,
2210 3349 2396 3404 lucem
2432 3347 2702 3404 videlicet
2742 3364 2943 3405 eorum
2977 3347 3078 3419 qui
3106 3347 3166 3403 in
3196 3346 3455 3403 tenebris
3501 3345 3717 3401 ambu-

2065 3437 2211 3503 lant,
2243 3438 2545 3508 Scriptura
2584 3453 2787 3492 eorum
2829 3436 3223 3509 ignorantiam
3256 3436 3555 3506 corrigens
3584 3434 3666 3490 ait
3699 3450 3714 3490 :

2070 3529 2263 3582 Venite
2304 3536 2356 3582 et
2404 3527 2767 3594 ambulemus,
2800 3542 2914 3581 non
2971 3524 3333 3597 prophetico,
3366 3541 3481 3580 non
3540 3522 3718 3595 legali

2064 3614 2309 3683 lumine,
2362 3616 2461 3671 sed
2517 3616 2729 3671 lumine
2782 3615 3029 3671 Domini.
3059 3613 3287 3670 Etenim
3342 3617 3486 3668 sunt
3533 3612 3713 3669 etiam

2064 3705 2200 3760 usui
2229 3704 2499 3774 lucernae,
2527 3705 2629 3760 sed
2662 3708 2797 3760 ante
2825 3702 3039 3771 solem;
3073 3701 3255 3759 stellis
3278 3703 3578 3774 jucunda,
3605 3702 3709 3758 sed

2064 3795 2121 3849 in
2165 3799 2353 3850 nocte.
2383 3794 2546 3858 Quod
2587 3794 2636 3849 si
2678 3793 2731 3849 is
2774 3792 3060 3848 ridiculus
3110 3795 3402 3859 censetur,
3436 3791 3560 3863 qui,
3587 3789 3711 3848 sole

2061 3884 2599 3956 exsplendesceute,
2626 3882 2927 3939 lucernam
2958 3881 3072 3937 sibi
3102 3882 3518 3953 praelucentem
3547 3884 3710 3937 tene~

2062 3978 2171 4039 ret,
2229 3973 2416 4029 multo
2476 3973 2665 4044 magis
2721 3970 3006 4028 ridiculus
3060 3975 3172 4041 est,
3216 3970 3338 4042 qui,
3399 3969 3711 4043 predioato

2061 4062 2391 4135 Evangelia,
2425 4062 2487 4117 in
2518 4061 2689 4133 legali
2724 4061 2934 4116 umbra
2960 4064 3378 4139 commoratur.

2132 4154 2220 4207 77.
2245 4152 2424 4208 Vens.
2448 4153 2502 4206 6.
2532 4152 2763 4206 Dimisit
2791 4152 2945 4206 enim
2971 4149 3239 4221 populum
3265 4165 3452 4217 suum,
3482 4150 3714 4205 domum

2062 4242 2260 4297 Israel.
2293 4241 2491 4297 Deseri
2535 4258 2570 4295 a
2617 4240 2732 4295 Deo
2792 4240 3076 4294 damnum
3131 4242 3221 4295 est
3275 4237 3709 4310 gravissimum.

2063 4330 2306 4387 Perinde
2337 4346 2403 4386 ac
2433 4330 2484 4385 si
2514 4345 2728 4385 manus
2759 4328 2962 4384 validas
2992 4344 3059 4383 ao
3090 4329 3266 4383 fortes
3309 4325 3533 4399 aliquid
3563 4327 3715 4383 deti-

2065 4425 2290 4486 nerent,
2325 4436 2389 4475 ac
2437 4419 2640 4491 digitis
2681 4418 2895 4489 quibus
2925 4416 3224 4489 quispiam
3255 4433 3379 4473 rem
3427 4416 3716 4475 hactenus

368 4589 413 4624 ¹⁰
443 4587 465 4643 Ι
495 4588 623 4646 Cor.
658 4606 699 4660 ι,
726 4590 819 4646 21.
899 4593 940 4627 ί¹
975 4584 1128 4649 Psal.
1155 4608 1357 4662 xmu,
1387 4595 1444 4648 6.
1524 4595 1569 4630 ³³
1599 4592 1754 4651 Psal.
1787 4610 1865 4663 ιν,
1894 4596 1949 4649 7.

2072 4614 2073 4617 η
2100 4591 2271 4648 Joan.
2304 4608 2389 4660 ιιι,
2420 4591 2513 4647 20.

369 4775 612 4847 (44)8ἱο
668 4776 932 4850 quinque
987 4794 1134 4835 mss.
1167 4782 1242 4836 At
1299 4780 1438 4850 Reg.

1561 4779 1740 4853 imus,
1774 4797 1949 4853 quem

2072 4796 2199 4853 mss.
2211 4820 2230 4853 ,_
2259 4776 2707 4853 προκαλουμένη.
2744 4780 2894 4836 Editi
2925 4782 2984 4835 et
3014 4780 3155 4852 Reg.
3188 4779 3441 4851 primus,
3469 4795 3709 4852 προσκα-

369 4797 490 4847 (qq;
518 4797 612 4831 mo
668 4797 932 4861 quinque
987 4797 1134 4835 mss.
1167 4797 1242 4836 At
1297 4797 1438 4864 μσς.
1485 4797 1740 4905 primus,
1774 4797 1949 4853 quem
1981 4797 2029 4852 υ
2062 4797 2225 4846 mss.,
2259 4798 2329 4853 πρ

296 4864 531 4920 semper
559 4851 936 4924 secutihsunt
957 4851 1333 4924 typographi,
1367 4851 1419 4905 oi
1453 4847 1480 4905 ’δ
1517 4893 1530 4907 .
1564 4851 1727 4907 llaud
1778 4851 1952 4921 longe
2063 4849 2329 4924 λουμένῃ.

297 4915 445 5046 gressi
465 4936 635 4993 11188.,
667 4918 722 4974 οἱ
761 4915 819 4973 δὲ
869 4915 1355 4991 μηδῖεἷῖαιίΑΙίἱ
1407 4928 1525 4980 tres
1575 4940 1709 4979 cum
1757 4915 1950 4993 editis,

516 5061 667 5140 Editi
711 5066 771 5120 et
800 5066 937 5140 tres
967 5081 1134 5140 ms_s.,
1165 5064 1465 5140 ἀνάστασις-
1499 5064 1589 5121 καὶ
1639 5065 1815 5140 κρίσις
1864 5086 1954 5120 πι-

298 5132 537 5187 στεύεται
566 5133 681 5189 τόν·
716 5136 818 5192 sed
863 5136 1022 5193 hunc
1051 5132 1247 5195 locum
1297 5155 1368 5194 ex
1416 5137 1550 5196 aliis
1582 5132 1772 5196 tribus
1803 5156 1950 5196 mss.

298 5206 765 5265 emendavimus.

370 5276 475 5347 (46)
504 5277 655 5334 Editi
686 5295 718 5335 e
742 5279 880 5404 Reg.
915 5279 1129 5352 primo,
1158 5279 1612 5353 κατηναλίσκέτο.
1644 5281 1758 5338 Alii
1779 5283 1949 5355 quin-

370 5365 413 5404 ιθ
443 5364 587 5404 mss.
617 5368 821 5404 κατανα
867 5349 1064 5404 ίσκετο.

298 5365 413 5420 que
443 5364 587 5404 mss.
617 5349 1064 5408 καταναλίσκετο.

368 5420 486 5492 (47)
515 5420 768 5497 Uterque
810 5423 1069 5497 Combel'.
1098 5428 1162 5481 et
1206 5423 1304 5479 alii
1351 5427 1471 5481 tres
1519 5442 1663 5481 mss.
1697 5427 1950 5497 conjun-

295 5488 433 5567 t_im,_
458 5488 557 5560 τῆς
613 5488 895 5567 διαλόγου.
932 5496 1100 5567 1ιῖάὶιί
1156 5513 1291 5552 vero
1347 5502 1407 5553 et
1460 5496 1615 5554 Colb.
1652 5488 1949 5555 secundus

298 5563 826 5639 duabuqvocibus,
861 5563 951 5620 διὰ
982 5565 1169 5639 λόγου.

368 5638 484 5713 (48)
518 5636 669 5713 Editi
712 5643 771 5696 et
811 5636 1010 5713 Codex
1058 5636 1146 5695 Fr.
1182 5641 1234 5709 1,
1266 5640 1301 5708 ἡ
1333 5637 1508 5707 λύσις,
1555 5644 1846 5713 corrupte.
1878 5643 1951 5697 At

298 5708 473 5767 multi
498 5708 597 5767 alii
628 5727 797 5781 mss.,
818 5709 1041 5783 κλῆσις,
1068 5713 1394 5770 emendate.
1429 5713 1652 5772 Ibidem
1684 5708 1947 5786 quinque

2136 4890 2248 4992 (lii?)
2278 4890 2388 4979 Il’ro
2428 4920 2595 4996 αὐγῆς
2638 4922 2857 4995 legitur
2886 4923 2945 4977 in
2976 4890 3228 4993 excusis,
3262 4919 3449 4988 αὐτῆς,
3483 4919 3712 4977 incuria

2062 5011 2393 5067 operarum.

2134 5066 2247 5139 (50)
2278 5065 2430 5139 Editi
2461 5064 2816 5139 cumtribus
2846 5081 3017 5139 mss.,
3038 5066 3251 5139 νοητῶν
3279 5061 3368 5117 καὶ
3398 5059 3576 5139 θείων.
3597 5061 3715 5119 Alii

2062 5137 2181 5195 tres
2214 5137 2357 5195 mss.
2381 5138 2483 5209 ita,
2505 5147 2567 5194 ut
2596 5138 2657 5195 in
2679 5142 2948 5195 contextu
2979 5137 3213 5209 legitur.
3236 5138 3364 5193 Mox
3392 5138 3514 5192 tres
3543 5151 3713 5206 mss.,

2059 5208 2207 5275 παρᾶ
2231 5214 2312 5282 τῷ
2337 5206 2567 5282 ψκλμῷ.

2061 5232 2207 5275 παρα
2231 5232 2261 5265 τ
2337 5232 2567 5282 ψκΛμῳ.

2061 5284 2246 5408 éﬁgit)
2267 5232 2371 5339 qS’ic
2402 5283 2665 5355 quinque
2696 5298 2841 5338 mss.
2873 5282 2946 5336 At
2988 5278 3132 5336 editi
3163 5294 3297 5336 cum
3328 5278 3469 5350 Reg.
3501 5277 3715 5351 primo,

2089 5374 2197 5409 πει.

2131 5428 2244 5546 (52)
2276 5426 2424 5507 Reg._
2447 5429 2718 5507 quartus,
2749 5421 3125 5492 ἠπατημένος.

2153 5500 2245 5546 53)
2274 5498 2427 5546 Editi
2460 5514 2594 5546 cum
2627 5497 2818 5546 tribus
2848 5512 3019 5546 mss.-
3050 5514 3124 5546 πα

2136 5491 2245 5569 [53)
2274 5491 2428 5554 Editi
2460 5491 2595 5570 cum
2627 5497 2818 5552 tribus
2848 5491 3019 5563 mss,
3050 5491 3423 5570 παραφαίνων.
3456 5492 3564 5549 Alii
3593 5496 3715 5551 tres

2060 5587 2243 5665 mss,
2264 5568 2673 5653 παρεμφαίνων.
3134 5568 3137 5569 ⁷
3212 5568 3220 5570 θ
3307 5637 3341 5650 η

2275 5643 2516 5723 Codices
2571 5644 2715 5708 tres,
2764 5633 3201 5715 περιεδὲδρακτο.
3232 5637 3344 5694 ΑΙιι
3401 5642 3515 5694 [res
3570 5651 3706 5693 eum

2058 5708 2253 5783 editis,
2285 5708 2694 5786 περιδεδρακτο.
2835 5708 2844 5711 “
3018 5708 3027 5715 ’
3546 5734 3549 5735 ν
