4130 6382
343 400 457 458 249

1213 395 1618 457 COMMENT.
1666 397 1742 456 IN
1789 394 2060 455 lSAIAM
2109 393 2613 456 PROPHETAM.
2660 393 2830 455 CAP.
2875 393 2952 454 Il.

3644 393 3766 454 250

345 527 556 602 λύψατο
588 525 863 590 πολλάκις
892 525 1022 592 τοὺς
1048 524 1389 606 ὀφθαλμούς.
1421 527 1481 582 Τί
1511 525 1870 600 ἐλεεινότερον
1904 531 1996 582 τοῦ

2115 528 2370 600 obteget.
2391 527 2538 592 Quid
2564 527 2751 599 magis
2776 526 3182 582 miserandum
3204 542 3380 599 quam
3399 526 3510 583 hoc
3531 526 3763 582 vivendi

343 617 599 672 τοιούτου
652 617 795 692 βίου,
846 618 1016 672 πάντα
1064 616 1402 690 ὑποπτεύειν,
1456 618 1557 672 ὑπὸ
1626 615 1840 671 πάντων
1902 617 1998 690 έμ-

344 705 682 776 ποδίζεσθαι,
719 705 836 760 δέον
870 706 1205 780 πανταχόθεν
1257 707 1421 761 αὑτοῦ
1467 708 1565 776 τὴν
1627 707 1810 781 ψυχὴν
1865 705 2002 780 πρὸς

345 797 474 852 Θεὸν
509 794 788 870 έπανάγειν
840 798 992 867 (62);
1027 797 1192 852 ’Όταν
1247 793 1363 868 ἴδῃς
1413 791 1625 868 ὄρνιθας
1675 792 2000 867 διαπετομέ-

345 906 471 947 νους
503 884 596 938 τὸν
639 884 790 956 ἀέρα,
837 885 912 956 μὴ
962 885 1029 937 τὰ
1082 885 1342 958 σχήματα
1390 889 1496 938 τῶν
1544 886 1796 954 πτήσεων
1847 905 2001 958 περι-

350 973 600 1050 εργάζου,
644 972 689 1027 εί
735 971 971 1034 κύκλους
1021 973 1151 1043 ὑπὲρ
1212 971 1460 1048 κεφαλῆς
1517 977 1678 1046 ἡμῶν
1737 972 1998 1049 περιγρά‹

353 1083 566 1141 φουσιν,
598 1061 632 1130 ἢ
665 1062 1074 1133 ἀντιπρόσωποι
1123 1062 1397 1138 φέρονται,
1430 1061 1464 1131 ἢ
1510 1061 1569 1117 ἐκ
1606 1067 1714 1117 τῶν
1773 1062 1997 1118 κατόπιν

353 1150 690 1228 έφίπτανται,
723 1149 758 1218 ἢ
801 1151 935 1225 πρὸς
983 1152 1050 1206 τά
1098 1149 1310 1226 πλάγια
1363 1147 1767 1224 μεταϐαίνουσι.
1824 1157 2002 1208 Ταῦτα

353 1238 817 1308 καταλιπὼν,τοῦ
878 1245 1228 1316 Δημιουργοῦ
1284 1241 1382 1309 τὴν
1442 1241 1522 1296 ἐπ’
1564 1243 1749 1304 αὐτοῖς
1810 1243 1998 1320 σοφίαν

349 1327 438 1383 καὶ
473 1325 834 1401 διακόσμησιν
870 1330 1145 1402 θαύμασον
1178 1350 1189 1362 ’
1218 1335 1335 1394 πῶς
1392 1331 1556 1406 βάρος
1613 1335 1869 1386 τοσοῦτον
1932 1328 2003 1386 δι’

346 1414 504 1491 ἀέρος
539 1416 774 1493 φέρεται·
810 1421 927 1479 πῶς
959 1420 994 1487 ἡ
1027 1418 1211 1488 ἀπαλή
1269 1423 1365 1473 τοῦ
1423 1419 1579 1493 ἀέρος
1618 1419 1776 1494 φύσις
1807 1416 2002 1496 ὄχημα

351 1505 670 1580 γίνεταιτῷ
697 1511 895 1580 πτερῷ·
929 1510 1046 1569 πῶς
1087 1511 1154 1581 τῇ
1215 1508 1309 1581 μὶν
1372 1506 1580 1564 ἐκτάσει
1625 1513 1734 1563 τῶν
1787 1515 1998 1586 πτερῶν

350 1593 712 1669 ἐπινήχονται
755 1599 834 1666 τῷ
877 1594 1014 1670 ἀέρι,
1045 1600 1114 1670 τῇ
1166 1593 1223 1652 δέ
1261 1596 1395 1671 οὐρᾷ
1451 1599 1564 1652 οἷον
1597 1595 1854 1671 πηδαλίῳ
1900 1599 1998 1669 τήν

350 1688 552 1752 πτῆσιν
586 1683 790 1737 έαυτῶν
826 1684 1214 1740 ἀπευθύνουσι·
1249 1691 1368 1748 πῶς
1419 1688 1518 1740 ὅσα
1569 1684 1804 1762 βαδίζειν
1861 1687 2000 1743 έστὶν

346 1769 717 1842 ἀνεπιτήδεια,
751 1776 828 1845 τῷ
855 1778 1038 1848 πτερῷ
1065 1775 1164 1844 τὴν
1201 1775 1389 1850 χρείαν
1419 1779 1527 1830 τῶν
1559 1773 1745 1831 ποδῶν
1787 1776 2001 1848 ἐκπλη-

2110 634 2318 691 genus,
2352 635 2465 688 quo
2497 616 2644 672 nihil
2676 634 2790 673 non
2832 621 3173 688 suspectum
3205 615 3477 683 habetur,
3509 620 3766 688 suntque

2110 709 2311 762 omnia
2369 707 2815 778 impedimento,
2866 723 3000 761 cum
3053 706 3249 776 potius
3299 706 3558 760 animam
3592 723 3761 762 suam

2111 797 2413 853 undelibet
2441 796 2511 850 ad
2547 802 2725 851 Deum
2755 796 3031 850 reducere
3061 795 3344 850 deberet?
3373 795 3518 851 Cum
3548 795 3762 852 videris

2110 903 2245 943 aves
2277 902 2376 956 per
2408 901 2598 941 aerem
2633 885 2914 952 volantes,
2949 901 3019 939 ne
3053 884 3344 940 curiosius
3377 884 3605 940 volatus
3636 901 3759 939 mo-

2111 977 2251 1032 dum
2286 977 2691 1046 rationemque
2723 973 3026 1046 explores:
3063 990 3203 1028 num
3239 972 3464 1029 scilicet
3509 972 3761 1029 circulos

2111 1082 2290 1136 super
2321 1069 2496 1135 caput
2527 1068 2795 1118 nostrum
2849 1062 3222 1118 describant:
3259 1079 3330 1116 an
3364 1062 3420 1116 in
3452 1061 3760 1118 obversam

2110 1155 2318 1209 faciem
2353 1154 2648 1220 ferantur;
2679 1156 2877 1206 utrum
2929 1169 2963 1206 a
3019 1160 3177 1221 tergo
3234 1149 3526 1219 advolent,
3582 1167 3656 1204 an
3703 1150 3762 1204 in

2111 1243 2417 1314 obliquum
2467 1242 2793 1297 deﬂectant.
2850 1241 2950 1295 His
3003 1238 3265 1307 omissis,
3317 1239 3666 1294 renitentem
3700 1239 3756 1294 in

2110 1333 2256 1405 ipsis
2277 1331 2608 1388 Conditoris
2631 1328 2980 1401 sapientiam
3004 1328 3550 1399 ordinationemque
3581 1327 3759 1383 admi-

2110 1438 2275 1478 rare:
2311 1421 2412 1492 qui
2443 1422 2544 1475 ﬁat
2575 1425 2640 1474 ut
2671 1419 2856 1474 moles
2902 1421 3069 1473 tanta
3118 1433 3220 1488 per
3275 1432 3461 1472 aerem
3497 1419 3752 1473 feratur:

2111 1511 2401 1581 quomodo
2434 1509 2663 1580 liquida
2711 1508 2863 1564 aeris
2909 1514 3120 1562 natura
3149 1505 3356 1578 pennis
3389 1506 3491 1561 fiat
3522 1505 3757 1561 vehicu-

2111 1600 2272 1656 lum:
2307 1601 2602 1672 quomodo
2631 1614 2823 1654 aerem
2856 1602 3092 1652 tranent
3138 1595 3328 1668 passis
3376 1595 3486 1650 alis
3515 1613 3528 1663 ;
3570 1597 3759 1651 cauda

2109 1707 2243 1747 vero
2275 1691 2441 1762 quasi
2500 1687 2896 1759 gubernaculo
2929 1687 3188 1741 volatum
3243 1701 3419 1740 suum
3462 1684 3756 1757 dirigant;

2111 1797 2228 1852 qua
2257 1780 2482 1836 ratione
2513 1793 2876 1850 quaecunque
2933 1784 3004 1831 ad
3056 1775 3445 1830 incedendum
3473 1791 3587 1829 non
3620 1780 3761 1830 sunt

347 1865 458 1936 ροῖ.
488 1862 628 1918 ’Ὀσα
685 1864 913 1932 νηκτικά
969 1865 1104 1936 (63),
1159 1866 1256 1918 ὅσα
1314 1865 1636 1940 ἁρπακτικά,
1690 1866 1996 1942 πρέπουσαν

385 1954 412 1964 ..
469 1949 524 1966 ,υ
658 1950 673 1966 .
1041 1954 1054 1966 .
1129 1950 1152 1966 υ
1280 1957 1379 1966 η..
1497 1959 1522 1966 -
1634 1955 1645 1966 .
1879 1962 1916 1966 _
1953 1962 1975 1966 _

2112 1869 2354 1936 idoneae,
2384 1870 2568 1925 vicem
2596 1868 2812 1940 pedum
2834 1864 2942 1921 alis
2965 1867 3090 1921 suis
3113 1862 3447 1936 suppleant.
3474 1863 3757 1927 Quaecun-

344 1954 424 2022 τῷ
469 1949 572 2024 βίῳ
611 1950 710 2018 τὴν
761 1954 1094 2022 κατασκευὴν
1128 1950 1241 2028 ἔχει
1275 1957 1387 2027 (64)
1429 1959 1526 2008 τοῦ
1579 1955 1852 2028 σώματος.
1879 1962 2002 2022 Τοῖς

351 2039 446 2112 μὲν
479 2039 578 2114 γὰρ
631 2036 836 2116 ὄργανα
887 2042 1023 2116 πρὸς
1077 2044 1175 2111 τήν
1224 2044 1490 2118 ἁρπαγήν,
1525 2045 1577 2099 οἱ
1634 2041 1849 2120 ὄνυχες·
1881 2053 1997 2111 τοῖς

349 2124 408 2182 δὲ
439 2127 603 2183 οἱονεὶ
633 2134 813 2184 κῶπαι
847 2131 900 2184 ol.
945 2131 1134 2204 ὑμένες
1183 2132 1285 2186 εἰσί
1332 2137 1441 2188 τῶν
1492 2131 1700 2188 ποδῶν
1735 2134 1872 2190 ὥστε
1919 2142 2000 2210 τῷ

345 2216 540 2272 πλάτει
571 2225 672 2287 τῆς
707 2219 916 2294 βάσεως
947 2219 1074 2296 ῥᾷον
1109 2219 1194 2277 διο
1215 2223 1419 2286 θεῖσθαι
1466 2223 1528 2278 τὸ
1559 2221 1704 2298 ὕδωρ
1735 2225 1871 2279 κατὰ
1897 2225 1996 2294 τήν

344 2305 572 2376 κίνησιν.
602 2308 779 2364 Πάντα
808 2310 961 2383 γέμει
992 2317 1094 2380 τῆς
1119 2311 1308 2390 σοφίας
1349 2317 1445 2366 τοῦ
1490 2317 1623 2368 Θεοῦ
1651 2335 1664 2347 ι
1699 2314 1870 2368 πάντα
1896 2316 1996 2390 γὰρ

347 2395 398 2451 έν
455 2395 616 2471 σοφίᾳ
673 2396 948 2469 ἐποίησεν.
983 2401 1043 2457 Ὁ
1104 2398 1160 2455 δὶ
1211 2402 1580 2478 μικρόψυχος,
1635 2403 1723 2457 καὶ
1774 2406 1998 2459 ταπεινά

351 2489 563 2561 φρονῶν
598 2487 726 2559 (65),
760 2487 853 2549 τάς
885 2493 990 2542 τῶν
1023 2487 1236 2564 ἀλόγων
1269 2493 1512 2559 κινήσεις
1543 2495 1622 2562 τῷ
1656 2489 1780 2565 ἰδίῳ
1810 2498 1998 2564 σκοπῷ

355 2574 711 2649 συναρμόζειν
771 2575 1100 2651 ἐπιχειρῶν,
1156 2577 1472 2634 καταλιπὼν
1533 2581 1685 2650 Θεὸν,
1747 2578 1998 2654 δαίμοσιν

354 2657 674 2725 ἰπιϐούλοις
721 2662 938 2720 ἔκδοτον
987 2663 1188 2722 ἔδωκεν
1218 2671 1330 2742 (66)
1353 2669 1539 2724 ἑαυτὸν
1561 2715 1574 2741 ,
1609 2671 1660 2724 οἳ
1683 2674 1760 2742 τῷ
1778 2677 1992 2746 κρατεῖν

347 2757 445 2806 τοῦ
501 2752 660 2825 ἀέρος
703 2751 810 2808 ὧδε
855 2756 941 2810 καὶ
996 2753 1101 2811 ὦδε
1170 2755 1412 2836 στρέφειν
1477 2757 1813 2822 ἐπινοοῦντες
1865 2759 1992 2824 τοὺς

344 2835 577 2917 ὄρνιθας,
611 2841 972 2919 ἀθεράπευτον
1013 2847 1111 2914 τὴν
1155 2846 1364 2914 ἀπάτην
1405 2851 1514 2902 τῶν
1560 2849 1806 2920 ἀνοήτων
1865 2872 1993 2906 συν-

345 2930 556 3005 έχουσι.
619 2929 799 2987 Ταῦτα
858 2931 907 2986 εἴ
977 2935 1066 2988 καὶ
1140 2931 1678 3013 παρεκϐατικώτερον
1757 2938 1992 3013 εἷ’ρηται,

349 3017 474 3073 ἀλλ’
505 3018 603 3073 οὐκ
633 3020 926 3095 ἀχρήστως
957 3023 985 3076 ὁ
1017 3021 1185 3098 λόγος
1211 3028 1280 3098 τῇ
1312 3023 1370 3080 ἐκ
1393 3031 1488 3080 τοῦ
1541 3027 1710 3101 ῥητοῦ
1766 3028 1990 3104 ἀφορμῆ

349 3105 426 3168 είς
456 3107 738 3180 θεραπείαν
769 3114 875 3164 τῶν
908 3111 1152 3180 ἀνοήτων
1193 3111 1486 3186 ἰχρήσατο.
1523 3113 1876 3187 Σημειωτέον
1936 3115 1994 3172 δὲ

345 3193 428 3248 ὅτι
455 3195 545 3248 τὸν
574 3193 947 3270 κληδονισμὸν
985 3196 1119 3253 ἴδιον
1142 3198 1479 3274 ἐπιτήδευμα
1497 3207 1604 3257 τῶν
1623 3201 1988 3260 Φυλιστιαίων

2109 1977 2224 2033 que
2255 1976 2387 2016 aves
2418 1963 2559 2015 sunt
2590 1955 2887 2024 natatiles,
2921 1971 3287 2027 quacunque
3319 1958 3459 2008 sunt
3490 1969 3755 2024 rapaces,

2109 2050 2327 2108 sortitae
2359 2053 2500 2104 sunt
2527 2047 2786 2119 corporis
2815 2044 3293 2101 constitutionem
3329 2041 3456 2097 vitae
3489 2059 3606 2098 suae
3639 2043 3758 2098 ido-

2108 2154 2278 2194 neam
2308 2142 2483 2208 atque
2513 2134 2974 2191 convenientem.
3009 2131 3148 2187 Aliis
3179 2131 3417 2203 quidem
3449 2131 3588 2186 data
3619 2136 3760 2186 sunt

2108 2228 2503 2283 instrumenta
2538 2223 2750 2294 rapinas
2799 2223 3197 2287 accommoda,
3231 2237 3459 2292 ungues
3491 2219 3755 2276 scilicet:

2108 2317 2166 2372 in
2201 2316 2331 2372 aliis
2374 2331 2508 2370 vero
2541 2313 2714 2368 veluti
2750 2328 3045 2367 remorum
3080 2309 3204 2366 loco
3235 2310 3606 2380 reperiuntur
3655 2326 3755 2381 pe-

2109 2409 2250 2462 dum
2282 2405 2673 2472 membranae;
2710 2407 2772 2458 ut
2831 2418 2932 2473 per
2989 2401 3319 2472 plantarum
3381 2398 3753 2455 latitudinem

2099 2497 2270 2566 juxta
2294 2495 2532 2549 modum
2558 2492 2911 2564 impressum
2937 2507 3090 2562 aqua
3113 2489 3340 2545 facilius
3360 2487 3751 2560 propulsetur.

2105 2583 2262 2638 Nihil
2314 2600 2430 2637 non
2486 2585 2574 2637 est
2627 2580 2863 2652 plenum
2923 2579 3024 2634 Dei
3084 2577 3410 2650 sapientia:
3458 2575 3751 2648 siquidem

2105 2672 2302 2729 omnia
2333 2671 2390 2726 in
2424 2671 2710 2743 sapientia
2741 2671 2874 2725 fecit
2898 2670 2960 2724 ¹⁸.
2985 2667 3091 2736 Qui
3115 2674 3309 2723 tamen
3337 2666 3494 2739 parvi
3517 2671 3606 2722 est
3628 2666 3754 2721 ani-

2105 2762 2206 2832 mi,
2241 2761 2456 2834 quique
2487 2761 2712 2830 abjecta
2745 2765 2802 2815 et
2851 2757 3098 2813 humilia
3151 2757 3323 2827 sapit,
3357 2755 3750 2810 animantium

2103 2857 2301 2906 motus
2331 2851 2401 2904 ad
2426 2865 2599 2905 suum
2626 2847 2991 2920 propositum
3016 2845 3458 2900 accommodare
3492 2843 3751 2912 molitur,

2102 2958 2170 2997 ac
2193 2947 2304 2996 Deo
2324 2939 2600 2996 derelicto
2631 2937 2933 2994 insidiosis
2953 2935 3319 2992 daemonibus
3351 2934 3749 3006 mancipatum

2102 3046 2165 3085 se
2215 3036 2450 3100 praestat
2495 3033 2554 3082 et
2601 3028 2940 3082 addictum:
2990 3025 3090 3096 qui
3141 3041 3274 3078 cum
3304 3024 3363 3078 in
3395 3040 3526 3078 aere
3557 3023 3750 3078 domi-

2101 3123 2340 3183 nentur,
2379 3117 2714 3171 volucribus
2758 3120 2822 3169 ut
2851 3115 2967 3168 huc
2996 3120 3054 3168 et
3081 3112 3222 3167 illuc
3253 3129 3314 3167 se
3346 3112 3753 3182 circumagant

2103 3211 2370 3260 auctores
2401 3209 2564 3268 sunt,
2597 3203 2936 3272 faciuntque
2959 3206 3021 3255 ut
3042 3216 3204 3255 error
3233 3199 3639 3270 insipientium
3663 3217 3756 3254 sa-

343 3285 378 3351 ἡ
443 3285 627 3360 Γίγιφή
683 3283 1046 3360 παραδίδωσι,
1101 3289 1346 3344 τουτέστι
1403 3295 1508 3346 τῶν
1566 3292 1942 3349 Παλαιστινῶν
1977 3313 1990 3327 ⁸

2110 3294 2234 3350 nari
2257 3310 2372 3349 non
2398 3293 2955 3364 possit.Quanquam
2982 3289 3114 3360 plus
3131 3305 3296 3360 aequo
3312 3289 3615 3359 digressus
3638 3288 3760 3344 haec

343 3371 576 3436 τούτους
605 3375 711 3449 γὰρ
741 3376 828 3430 καὶ
868 3377 1068 3448 μόνους
1098 3375 1452 3456 ἀλλοφύλους
1509 3375 1629 3444 ἔθος
1683 3381 1821 3456 αὐτῇ
1882 3381 1999 3437 ὀνο-

350 3459 556 3534 μάζειν.
616 3464 820 3540 Ὥσπερ
892 3463 996 3540 γὰρ
1053 3463 1320 3522 Χαλδαῖοι
1386 3468 1849 3544 γενεθλιαλογίαν,
1908 3472 1999 3526 καὶ

345 3548 637 3626 Αἰγύπτιοι
698 3552 1032 3628 φαρμακείας
1103 3556 1190 3609 καὶ
1264 3554 1555 3626 ἐπαοιδὰς,
1610 3558 1700 3613 καὶ
1786 3566 1997 3634 Κρῆτες

344 3636 714 3709 οἶωνιστικήν·
753 3640 875 3696 οὕτε
905 3641 994 3696 καὶ
1028 3645 1078 3698 o't
1111 3643 1421 3723 ἀλλόφυλοι
1477 3647 1566 3702 τὸν
1621 3645 1996 3722 κληδονισμὸν

356 3725 665 3784 ίδιώσαντο.
700 3730 842 3806 Πρὸς
873 3729 964 3786 οὗν
995 3732 1064 3786 αά
1087 3730 1206 3787 ⁹ίδια
1253 3734 1449 3804 ἑαυτῆς
1506 3736 1645 3790 κακά
1700 3737 1998 3808 ἐπανῆλθεν

345 3818 380 3886 ἡ
416 3817 599 3892 χώρα,
637 3817 900 3893 γενομένη
935 3821 1008 3883 ὡς
1041 3823 1101 3877 τὸ
1133 3823 1411 3899 ἀπαρχῆς.

2111 3383 2304 3451 retuli,
2348 3399 2415 3438 ea
2445 3387 2665 3446 tamen,
2710 3379 3014 3436 occasione
3060 3397 3126 3433 ex
3171 3377 3367 3432 allatis
3398 3384 3651 3448 arrepta,
3685 3379 3756 3432 ad

2111 3469 2401 3528 medelam
2438 3469 2852 3540 insipientibus
2897 3468 3291 3523 adhibendam
3325 3482 3438 3520 non
3470 3465 3762 3521 inutiliter

2111 3560 2371 3616 oratione
2401 3557 2684 3630 complexi
2713 3574 2944 3612 sumus.
2979 3555 3408 3610 Advortendum
3443 3558 3639 3609 autem
3670 3561 3758 3610 est

2113 3648 2268 3722 quod
2319 3647 2622 3719 Scriptura
2665 3648 2859 3702 tradat
2915 3643 3333 3700 divinationem
3381 3641 3757 3708 Philisthaeis,

2115 3739 2222 3794 hoc
2273 3742 2381 3805 est,
2429 3735 2777 3803 Palaestinis,
2831 3733 3123 3808 peculiare
3182 3732 3527 3788 exercitium
3587 3749 3756 3800 esse;

2112 3828 2262 3885 solet
2283 3827 2437 3883 enim
2463 3826 2640 3882 hosce
2661 3825 2816 3882 solos
2841 3828 3145 3881 nominare
3167 3823 3761 3894 alienigenas.Qucm-

346 3909 668 3963 admodum
699 3910 856 3965 enim
897 3911 1152 3968 Chaldaei
1202 3915 1633 3986 praedictionem
1683 3920 1740 3972 et
1780 3919 2140 3975 notationem
2184 3917 2471 3988 cujusque
2518 3915 2644 3971 vita:
2689 3932 2757 3970 ex
2807 3914 2986 3970 natali
3037 3914 3150 3984 die,
3197 3912 3445 3986 Egyptii
3483 3911 3761 3968 veneficia

344 4000 402 4051 et
429 3995 888 4069 incantamenta,
921 4002 1119 4057 Cretes
1149 4003 1496 4076 auspicandi
1529 4011 1752 4064 artem:
1787 4007 1870 4063 ita
1916 4011 1973 4063 et
2023 4005 2303 4080 alIOphyli
2352 4005 2773 4062 divinationem
2819 4003 2930 4060 sibi
2977 4001 3349 4075 peculiariter
3371 4000 3758 4056 vindicarunt.

348 4086 550 4158 Itaque
581 4088 651 4142 ad
682 4087 836 4144 mala
867 4087 978 4144 sibi
1011 4093 1248 4163 propria
1279 4093 1428 4148 redit
1457 4095 1616 4167 regio
1648 4096 1769 4167 illa,
1802 4097 1872 4152 ad
1907 4100 2128 4153 statum
2159 4095 2476 4169 pristinum
2510 4095 2760 4152 redacta.

415 4176 504 4230 79.
543 4175 645 4229 Καὶ
705 4174 864 4231 τέκνα
908 4176 1095 4234 πολλὰ
1149 4177 1440 4260 ἀλλόφυλα
1499 4182 1730 4258 ἐγενήθη
1785 4187 1896 4258 (67)
1949 4182 2000 4239 ἐν

343 4261 518 4337 αὐτῇ.
577 4265 745 4321 Ὅταν
796 4263 962 4329 πόλις
999 4310 1012 4336 ,
1073 4264 1165 4340 ἔθη
1220 4272 1482 4347 μοχθηρά
1539 4270 1948 4348 παραδεξαμένη
1983 4321 1999 4348 ,

341 4351 460 4405 κατ’
487 4352 624 4406 αὐτά
687 4355 838 4428 βιοῦν
895 4350 1108 4428 ἕληται,
1169 4364 1285 4422 τοῖς
1340 4359 1740 4436 ἐπιγινομένοις
1795 4363 1996 4419 λοιπὸν

347 4437 530 4515 ὥσπερ
563 4440 734 4515 νόμος
765 4445 970 4521 γίνεται
999 4448 1062 4502 τὸ
1103 4451 1210 4503 τῶν
1261 4449 1508 4525 πατέρων
1555 4450 1875 4526 ἁμάρτημα,
1907 4453 1997 4508 καὶ

341 4529 503 4593 εὐθὺς
535 4529 594 4586 ἐκ
626 4531 884 4608 γενέσεως
915 4533 1207 4610 ἀλλόφυλά
1248 4537 1357 4594 ἔστι
1414 4539 1482 4595 τά
1532 4541 1709 4614 τέκνα,
1740 4542 1842 4598 ὑπὸ
1899 4549 1999 4614 τῆς

2184 4186 2336 4243 485
2373 4185 2464 4240 79.
2497 4186 2572 4240 Et
2601 4185 2713 4247 ﬁlii
2755 4181 2928 4238 multi
2980 4182 3317 4252 alienigena:
3361 4181 3502 4250 facti
3541 4180 3759 4234 suntin

2111 4291 2198 4333 ea.
2260 4275 2404 4330 Cum
2464 4273 2777 4330 sceleratos
2828 4287 3020 4327 mores
3069 4269 3272 4324 civitas
3329 4274 3418 4324 est
3469 4266 3760 4338 amplexa,

2108 4363 2351 4436 vultque
2382 4364 2706 4420 secundum
2751 4377 2850 4416 eos
2892 4360 3072 4415 vitam
3117 4356 3464 4423 instituere;
3499 4361 3758 4426 postmo-

2109 4455 2248 4511 dum
2280 4459 2590 4528 parentum
2622 4451 2912 4524 ﬂagitium
2933 4455 3208 4520 tanquam
3258 4447 3348 4502 lex
3379 4447 3449 4502 ad
3485 4449 3754 4518 posteros

2107 4544 2341 4611 transit,
2371 4545 2691 4616 statimque
2724 4542 2795 4598 ab
2826 4541 2953 4612 ipso
2987 4537 3163 4595 natali
3190 4538 3292 4593 ﬁlii
3317 4539 3466 4592 fiunt
3487 4531 3758 4608 alienige-

339 4626 582 4696 πονηρᾶς
615 4622 841 4698 ἀγωγῆς
868 4623 1309 4701 ἀλλοτριούμενα
1353 4633 1451 4684 τοῦ
1509 4628 1645 4686 λαοῦ
1691 4635 1788 4687 τοῦ
1836 4636 1990 4692 Θεοῦ.

2110 4651 2210 4704 nea,
2242 4634 2315 4690 ob
2346 4633 2677 4706 improbam
2706 4631 2838 4686 vita:
2869 4629 3157 4685 rationem
3208 4626 3443 4683 alienati
3475 4642 3510 4680 a
3541 4622 3756 4696 populo

341 4709 489 4764 Ἐπεὶ
550 4708 607 4766 δέ
661 4713 752 4767 καὶ
811 4715 864 4768 ot
921 4717 1123 4790 καρποὶ
1180 4719 1280 4783 τῆς
1322 4720 1508 4792 ψυχῆς
1532 4719 1693 4775 τέκνα
1719 4719 1995 4787 πολλάκις

341 4797 614 4874 λέγονται,
648 4797 792 4855 εἶ’ποι
819 4798 880 4856 ἄν
901 4823 985 4865 τις
1011 4805 1104 4897 τὸν
1135 4805 1282 4882 παρὰ
1309 4805 1371 4861 τὸ
1407 4803 1670 4882 βούλημα
1698 4815 1800 4879 τῆς
1851 4810 1992 4874 θείας

410 4993 459 5030 1⁵
491 4994 648 5052 Psal.
681 5012 802 5067 cm,
824 4998 915 5054 24.

767 5213 1142 5308 ξπαὲιγαγεῖγ.
1193 5220 1267 5308 at
1305 5236 1463 5308 ,I'nss.
1518 5239 1639 5294 sex,
1690 5223 1990 5298 ἐπανάγειν.

342 5277 742 5366 ειειξφῄαριιρζ
775 5277 1034 5366 ρπὶω-ὑεξ
1061 5286 1136 5349 εἷς
1169 5289 1443 5366 τδχάέρα.

415 5349 526 5422 (63)
562 5353 710 5409 Editi
743 5349 875 5444 cum
910 5349 1049 5432 Reg.
1095 5358 1287 5427 tertio:
1328 5349 1518 5434 vigxta'z.
1568 5365 1680 5422 Alii
1732 5368 1996 5442 quinque

341 5437 510 5478 mss--
544 5445 795 5478 νηκτικα.

405 5445 510 5492 $8.,
544 5445 795 5508 νηκτικα.
1204 5505 1236 5516 η

554 5498 674 5583 ξιιμ.
699 5516 866 5583 mss.,
899 5500 1106 5578 έπέχεν
1141 5504 1238 5560 alu
1270 5523 1414 5583 cum,
1437 5507 1630 5580 editis,
1665 5502 1804 5583 ἔχει.

753 5568 1490 5655 ριιίὼυβξςταπεινοφρονῶν.

411 5638 524 5711 (66)
739 5638 892 5726 Δἶῑιιω
911 5714 925 5726 ι
947 5638 1138 5726 ῐιλξδιξρ
1195 5638 1405 5726 mss.,__
1425 5643 1743 5715 ἐπιϐούλοις
1771 5648 1994 5708 ἔκδοτον

334 5701 554 5770 ἔδωκεν.
591 5713 701 5773 Alii
737 5701 874 5789 tres,
907 5701 1578 5796 ἐτέιεὸῦλοιῖῐέἑςὶδῴὲὲώζ
1595 5701 1993 5786 sanetae.

2104 4723 2226 4780 Dei.
2259 4724 2404 4780 Cum
2435 4727 2631 4779 autem
2681 4725 2740 4777 et
2797 4719 3025 4775 fructus
3083 4717 3292 4774 animae
3341 4715 3760 4785 nuncupentur

2105 4813 2310 4870 multis
2352 4814 2406 4869 in
2438 4813 2584 4869 locis
2616 4811 2760 4880 ﬁlii;
2823 4810 3014 4866 dicere
3071 4807 3170 4882 qui
3240 4806 3428 4880 possit
3466 4819 3623 4872 eum,
3657 4801 3758 4872 qui

2103 5221 2349 5292 ἔκδοτον,
2374 5243 2501 5298 quae
2525 5225 2741 5298 alioqui
2767 5224 2986 5298 nonita
3007 5219 3336 5298 necessaria
3357 5215 3755 5298 esse_videtur.

2179 5299 2289 5372 (67)
2333 5285 2485 5354 Editi
2517 5303 2573 5354 et
2602 5285 2738 5368 Reg.
2771 5297 2981 5372 tertius
3012 5300 3069 5350 et
3097 5289 3608 5372 Coma-secundus,
3639 5285 3754 5372 έγε-

2103 5360 2433 5497 νήθηξίασιι
2462 5379 2632 5430 sunt;
2667 5360 2724 5425 et
2779 5369 2860 5425 ita
2913 5383 3147 5440 quoque
3205 5364 3428 5421 editum
3463 5360 3757 5417 invenitur

2104 5443 2260 5497 apud
2343 5442 2464 5497 ΧΧ.
2504 5445 2577 5497 At
2607 5439 2703 5497 alii
2739 5444 2990 5497 quatuor
3019 5455 3162 5494 mss.
3192 5454 3223 5492 e
3251 5434 3466 5492 nostris
3518 5431 3757 5497 perinde

2104 5431 2263 5513 apud
2297 5431 2464 5500 LXX.
2504 5445 2577 5514 At
2607 5439 2718 5514 alii
2739 5431 2990 5514 quatuor
3019 5431 3162 5514 mss.
3192 5454 3223 5492 e
3251 5434 3466 5514 nostris
3489 5431 3760 5514 perinde

2103 5505 2281 5584 atque
2313 5513 2579 5569 nonnulli
2637 5505 2959 5567 Bibl—iorum
3015 5510 3266 5584 codices,
3313 5505 3600 5584 Etsvvjon‘,
3636 5505 3756 5560 nati

2102 5573 2246 5658 εειὴι.
2280 5586 2597 5658 Aliquanto
2637 5588 2772 5658 post
2816 5581 3082 5658 nonnulli
3135 5573 3309 5658 mss,
3353 5573 3509 5658 ’βιοῦν
3545 5573 3750 5658 ἕλοιτο.

2103 5657 2220 5716 Ηοο
2254 5642 2472 5783 ἂρεοὲὶη
2507 5642 2818 5714 ΙοοοὮοΙὺ.
2853 5653 3172 5722 secundus,
3217 5642 3338 5715 τοῖς
3360 5642 3751 5724 ’ἐπιγεννωμέ-

2105 5749 2222 5783 νοις
2295 5748 2389 5783 οιπ
2423 5749 2472 5783 ν.

2105 5749 2222 5792 νοις
2256 5748 2472 5784 Λοιπον.
