4130 6450
289 363 402 423 251

1235 370 1629 432 API’ENDlX
1677 368 2000 430 Ol’liRUM
2048 369 2112 428 S.
2161 367 2438 427 BASILII
2483 367 2756 428 MAGNI.

3587 369 3706 428 252

293 501 505 569 printer
536 499 743 554 divinae
775 501 1089 572 Scripturaa
1141 517 1382 558 sensum
1431 519 1733 558 sermones
1781 501 1936 556 haud

2066 501 2274 574 Γραφῆς
2307 497 2707 571 συλλεξάμενον
2742 497 2847 552 ἀπὸ
2874 501 2981 553 τῶν
3015 495 3206 568 έεωθεν
3242 503 3342 566 τῆς
3401 492 3703 561 θεοσεϐείας

295 602 472 643 sanos
505 588 823 660 collegerit,
849 593 1255 663 exceperitque
1277 611 1308 648 a
1331 591 1634 664 quibusvis
1666 609 1698 646 a
1727 591 1943 663 pietate

295 674 521 742 alienis,
559 677 710 732 filios
743 677 1101 751 alienigenas
1132 684 1427 752 genuisse.

365 766 436 820 80
463 766 640 821 Vsns.
674 770 727 820 7.
759 769 978 840 Replela
1026 774 1102 825 est
1147 773 1298 826 (nim
1345 773 1501 842 regio
1527 787 1714 826 eorum
1747 787 1944 840 argen-

296 857 347 910 to
378 862 429 911 ει
458 871 614 925 auro,
643 863 692 912 et
720 873 826 911 non
862 867 975 914 erat
996 876 1258 914 numerus
1280 861 1662 915 thesaurorum
1696 861 1940 915 illorum.

296 943 638 1000 Divitiarum
672 947 932 1001 studium
965 965 1139 1018 quam
1191 965 1365 1020 grave
1417 950 1493 1004 sit
1521 954 1845 1021 peccatum,
1878 966 1946 1002 ex

294 1050 361 1089 eo
391 1033 592 1104 liquet,
625 1036 778 1106 quod
811 1035 867 1089 in
905 1040 1204 1091 tantorum
1238 1037 1520 1094 scelerum
1551 1037 1809 1107 catalogo
1835 1054 1942 1092 nu-

295 1129 571 1178 meretur.
601 1123 740 1180 Nam
766 1141 881 1179 una
907 1142 1039 1179 cum
1064 1127 1326 1198 auguriis
1348 1132 1404 1181 et
1423 1127 1558 1181 ﬁliis
1576 1126 1942 1198 alienigenis,

295 1212 392 1284 qui
423 1213 568 1269 forte
599 1213 657 1268 in
695 1213 866 1268 Israel
899 1215 971 1269 ob
1004 1215 1391 1287 multiplicata
1423 1221 1628 1288 stupra
1661 1214 1944 1287 procreati

294 1304 546 1371 fuerant,
579 1303 689 1359 hoc
722 1303 894 1357 etiam
932 1311 1306 1360 numeratum
1340 1311 1450 1373 est,
1484 1322 1693 1376 nempe
1738 1305 1944 1376 imple-

291 1397 408 1446 tam
443 1391 624 1447 fuisse
655 1392 946 1464 regionem
983 1398 1225 1465 argento
1256 1400 1312 1450 et
1341 1411 1500 1451 auro.
1535 1395 1945 1450 Verumenim-

295 1499 428 1539 vero
462 1483 558 1555 pia
589 1500 655 1538 ac
687 1482 959 1556 religiosa
991 1485 1185 1540 anima
1215 1503 1282 1541 ex
1313 1486 1530 1541 divitiis
1562 1503 1766 1542 ansam
1799 1486 1945 1542 arri-

295 1571 383 1644 pit
413 1572 836 1640 benefaciendi,
870 1580 1158 1646 quatenus
1189 1593 1286 1631 eas
1317 1575 1654 1649 impertitur
1683 1592 1748 1630 ac
1781 1593 1946 1630 com-

295 1661 580 1728 municat;
605 1660 812 1716 anima:
837 1678 970 1717 vero
993 1663 1318 1719 libidinosa:
1340 1670 1397 1720 et
1418 1664 1678 1737 corporis
1701 1664 1945 1732 amanti,

293 1750 616 1823 voluptatis
648 1749 1124 1823 impuritatisque
1155 1754 1381 1809 occasio
1431 1759 1591 1808 sunt.
1625 1754 1945 1824 Paupertas

295 1856 552 1910 namque
593 1840 709 1895 dux
739 1845 828 1896 est
858 1850 908 1896 et
943 1843 1227 1914 magistra
1256 1844 1326 1898 ad
1370 1844 1642 1914 pietatem
1671 1861 1684 1910 ;
1719 1847 1944 1910 contra,

295 1928 509 1984 divitizs
543 1929 694 1984 ﬁunt
723 1929 1056 2001 petulantiaa
1103 1933 1592 2004 procacitatisque
1630 1932 1857 1988 occasio
1888 1936 1946 1988 et

297 2034 498 2073 causa.
531 2018 692 2082 Quod
725 2019 771 2074 si
805 2035 949 2091 gens
982 2020 1209 2092 integra
1256 2022 1326 2076 de
1367 2038 1544 2093 opum
1575 2022 1744 2094 copia
1775 2038 1946 2077 accu—

296 2111 482 2175 satur,
513 2124 710 2163 secum
744 2107 912 2163 velim
947 2115 1217 2181 reputent
1258 2111 1484 2179 divites,
1518 2112 1812 2183 quomodo
1844 2126 1948 2183 pro

298 2195 423 2253 suis
453 2196 572 2252 sint
603 2198 887 2254 rationem
913 2199 1220 2256 reddituri.
1245 2199 1300 2254 Si
1325 2200 1457 2272 quis
1487 2216 1622 2256 vero
1653 2200 1951 2256 existimet

299 2285 370 2343 ob
399 2285 653 2358 aliquem
687 2292 1028 2359 praetextum
1089 2289 1184 2360 qui
1245 2289 1514 2344 videatur
1571 2289 1778 2346 rationi
1821 2306 1951 2345 esse

302 2380 753 2448 consentaneus,
787 2393 913 2433 sese
964 2395 1077 2434 non
1128 2379 1258 2434 ideo
1311 2395 1568 2450 peccare,
1605 2380 1758 2451 quod
1790 2380 1952 2437 dives

2054 585 2256 663 λόγους
2316 586 2424 662 οὐχ
2472 588 2670 662 ὑγιεῖς,
2731 586 2816 642 καὶ
2874 584 3308 662 παραδεξάμενον
3365 585 3583 656 αὐτοὺς,
3638 587 3704 642 τὰ

2050 677 2209 730 τέκνα
2241 674 2532 755 ἀλλόφυλα
2560 681 2853 740 ποιεῖσθαι.

2125 768 2213 822 80.
2275 763 2616 836 Ἐνεπλήσθη
2699 768 2800 840 γὰρ
2858 767 2894 835 ἡ
2970 765 3130 840 χώρα
3206 764 3380 821 αὐτῶν
3449 765 3705 843 ἀργυρίου

2052 855 2138 909 καὶ
2203 856 2458 930 χρυσίου,
2517 855 2605 909 καὶ
2667 853 2763 909 οὐκ
2811 854 2877 922 ἦν
2937 854 3167 929 ἀριθμὸς
3225 858 3331 908 τῶν
3417 856 3703 931 θησαυρῶν

2054 943 2254 999 αὐτῶν.
2305 943 2529 998 Ἡλίκον
2582 945 2884 1019 ἁμάρτημα
2931 944 2992 998 τὸ
3041 941 3470 1021 φιλοπλουτεῖν,
3517 943 3599 998 ὅτι
3652 944 3704 1000 έν

2053 1037 2130 1104 τῷ
2158 1030 2451 1108 καταλόγῳ
2477 1037 2585 1088 τῶν
2616 1031 2961 1102 τηλικούτων
3021 1031 3428 1104 ἁμαρτημάτων
3473 1031 3702 1108 ἐτάχθη.

2056 1122 2202 1178 Μετὰ
2230 1122 2330 1198 γὰρ
2363 1121 2754 1196 κληδονισμῶν
2793 1122 2884 1177 καὶ
2932 1123 3130 1176 τέκνων
3186 1119 3542 1198 ἀλλοφύλων,
3599 1127 3706 1178 τῶν

2055 1211 2115 1266 έκ
2171 1217 2267 1267 τοῦ
2319 1211 2699 1283 πληθυνθῆναι
2758 1213 2855 1281 τήν
2907 1211 3156 1285 πορνείαν
3206 1213 3706 1288 γεννωμένων

2052 1303 2202 1378 τάχα
2226 1302 2276 1356 ἐν
2308 1307 2385 1374 τῷ
2414 1300 2666 1378 Ἰσραὴλ,
2702 1301 3211 1378 συγκατηρίθμηται
3253 1302 3343 1356 καὶ
3385 1302 3448 1356 τὸ
3492 1300 3708 1376 ἐμπλη-

2057 1392 2245 1460 σθῆναι
2303 1392 2400 1459 τήν
2459 1391 2644 1467 χώραν
2705 1391 2968 1467 ἀργυρίου
3013 1391 3102 1445 καὶ
3165 1391 3414 1466 χρυσίου.
3459 1387 3710 1447 Θεοσεϐεῖ

2061 1481 2155 1548 μὶν
2187 1483 2288 1557 γὰρ
2316 1479 2469 1557 ψυχῇ
2504 1481 2727 1560 ἀφορμή
2760 1481 2895 1556 πρὸς
2926 1479 3168 1535 εὐποιίαν
3207 1482 3343 1534 κατὰ
3394 1482 3493 1549 τήν
3547 1503 3707 1553 μετα-

2056 1567 2278 1640 δοτικήν
2311 1572 2598 1625 κοινωνίαν
2633 1573 2660 1626 ὁ
2691 1568 2930 1632 πλοῦτος
2959 1570 3182 1646 γίνεται·
3217 1568 3504 1647 φιληδόνῳ
3535 1567 3593 1625 δὲ
3618 1571 3706 1626 καὶ

2056 1659 2434 1738 φιλοσωμὰτῳ
2462 1658 2677 1738 ἐφόδιον
2717 1667 2927 1736 τρυφῆς
2985 1659 3076 1714 καὶ
3131 1657 3427 1724 ἀκολασίας
3480 1660 3707 1736 γίνεται.

2055 1750 2222 1804 Πενία
2257 1750 2351 1824 μὶν
2385 1751 2488 1826 γὰρ
2519 1747 2865 1825 παιδαγωγός
2896 1749 3035 1804 ἐστιν
3061 1749 3136 1811 εἰς
3155 1744 3707 1822 εὐσέϐειαν,πλοῢτος

2054 1836 2111 1894 δὲ
2141 1834 2348 1915 ὕϐρεώς
2381 1838 2520 1894 ἐστιν
2554 1839 2802 1918 ἀφορμή.
2835 1839 2898 1894 Εἰ
2952 1836 3010 1893 δὶ
3066 1837 3196 1894 ὅλον
3253 1836 3404 1901 ἔθνος
3455 1837 3706 1913 ἐγκαλεῖ-

2051 1949 2139 1984 ται
2180 1929 2490 2005 περιουσίαν
2539 1929 2864 2005 χρημάτων,
2899 1927 3264 1984 σκοπείτωσαν
3308 1929 3360 1982 οἱ
3409 1927 3704 1984 πλουτοῦν-

2053 2039 2162 2086 τες,
2193 2022 2310 2081 πῶς
2365 2019 2497 2094 ὑπὲρ
2543 2022 2652 2073 τῶν
2704 2017 2917 2073 οἰκείων
2967 2018 3430 2093 ἀπολογήσονται.
3466 2017 3589 2074 Ἐὰν
3645 2016 3704 2074 δέ

2055 2129 2140 2173 τις
2172 2105 2354 2179 οἷήται
2382 2106 2441 2163 ἔκ
2467 2129 2615 2170 τινος
2663 2107 2898 2184 εὐλόγου
2956 2105 3279 2186 προφάσεως
3335 2106 3708 2180 νομιζομένης

2059 2197 2314 2255 πλουτῶν
2381 2200 2456 2272 μὴ
2517 2197 2866 2275 ἁμαρτάνειν,
2900 2197 3300 2271 ἀναμνησθήτω
3351 2201 3450 2251 τοῦ
3480 2195 3706 2274 εὐαγγε-

2063 2287 2219 2344 λικοῦ
2266 2287 2712 2364 προστάγματος,
2765 2291 2947 2365 σαφῶς
2994 2285 3425 2362 ἀπαγορεύοντος
3485 2287 3560 2360 μή
3609 2299 3707 2358 θη-

2064 2379 2330 2452 σαυρίζειν
2366 2379 2576 2442 ἕαυτοῖς
2605 2377 2689 2432 ἐπὶ
2722 2384 2823 2447 τῆς
2852 2384 2980 2452 γῆς.

305 2465 423 2534 sit;
457 2465 795 2521 meminerit
830 2467 880 2522 is
911 2467 1227 2540 evangelici
1287 2469 1583 2542 praecepti,
1643 2486 1758 2541 quo
1817 2468 1968 2524 clare
2025 2468 2440 2541 evidenterque
2497 2467 2880 2541 prohibemur
2934 2466 3327 2523 thesaurosin
3358 2471 3514 2523 terra
3542 2467 3714 2524 nobis

302 2569 615 2627 congerere
648 2555 708 2610 ιθ.

373 2645 464 2699 81.
498 2647 676 2699 Vsns.
709 2645 763 2699 8.
795 2646 861 2700 Et
885 2645 1093 2718 repleta
1113 2653 1191 2703 est
1223 2651 1373 2703 terra
1405 2650 1578 2720 equis,
1612 2654 1664 2702 et
1693 2663 1803 2701 non
1832 2649 1950 2702 erat

303 2749 565 2789 numerus
593 2749 857 2789 curruum
886 2751 1096 2790 eorum.
1141 2737 1389 2792 Sanctos
1430 2736 1648 2808 ubique
1678 2735 1948 2792 observa-

304 2823 520 2892 vimus,
553 2839 686 2878 cum
712 2823 770 2878 in
794 2823 1018 2881 bellicis
1041 2825 1429 2895 conflictibus,
1453 2830 1580 2881 tum
1616 2826 1674 2880 in
1708 2825 1952 2896 reliquis

302 2913 435 2968 vita:
459 2913 912 2971 necessitatibus
934 2932 1219 2987 equorum
1237 2933 1344 2970 usu
1356 2933 1407 2970 m
1425 2916 1609 2971 fuisse
1629 2920 1949 2972 aversatos.

306 3003 695 3068 Quamobrem
729 3003 824 3059 hic
847 3005 1022 3059 etiam
1054 3022 1338 3077 equorum
1373 3022 1515 3061 usus
1537 3023 1656 3060 una
1685 3022 1816 3060 cum
1849 3022 1952 3061 oze-

2133 2649 2221 2704 81.
2283 2648 2385 2702 Καὶ
2454 2643 2756 2715 ἐνεπλήσθη
2818 2647 2852 2715 ἡ
2906 2651 2978 2720 γῆ
3034 2641 3243 2712 ἵππων,
3303 2642 3391 2698 καὶ
3477 2643 3576 2699 οὐκ
3643 2644 3709 2713 ἦν

2062 2735 2294 2809 ἀριθμὸς
2343 2741 2454 2791 τῶν
2509 2736 2767 2810 ἁρμάτων
2834 2736 3034 2791 αὐτῶν.
3097 2736 3388 2808 Πανταχοῦ
3443 2754 3712 2810 παραιτη-

2065 2827 2330 2899 σαμένους
2371 2824 2500 2890 τοὺς
2561 2825 2744 2902 ἁγίους
2785 2827 3160 2901 τετηρήκαμεν
3209 2826 3308 2893 τὴν
3367 2828 3471 2878 τῶν
3521 2821 3708 2878 ’ίππων

2064 2919 2288 2992 χρῆσιν,
2321 2915 2408 2970 έπί
2462 2936 2521 2970 τε
2572 2919 2681 2970 τῶν
2731 2912 3051 2988 πολεμικῶν
3110 2914 3477 2990 παρατάξεων,
3508 2911 3599 2967 καί
3655 2913 3708 2968 iv

2061 3010 2179 3067 ταῖς
2212 3004 2434 3068 λοιπαῖς
2469 3003 2602 3060 κατὰ
2629 3003 2724 3060 τὺν
2759 3005 2874 3079 βίον
2904 3003 3134 3079 χρείαις.
3169 3004 3247 3058 Δι’
3279 3004 3307 3057 ὃ
3336 3004 3422 3057 καὶ
3484 3001 3707 3065 ἐνταῦθα

305 3094 448 3150 teris
478 3094 988 3152 criminationibus
1055 3097 1376 3152 recensitus
1432 3102 1542 3153 est.
1603 3097 1748 3152 Cum
1798 3096 1952 3152 enim

2066 3101 2182 3158 τοῖς
2214 3094 2440 3158 λοιποῖς
2469 3096 2886 3172 κατηγορήμασι
2916 3093 3004 3149 καὶ
3043 3096 3077 3164 ἡ
3103 3098 3211 3149 τῶν
3233 3091 3418 3147 ἵππων
3477 3111 3705 3166 συγκατ-

298 3182 437 3239 velit
467 3183 616 3240 Deus
675 3202 708 3240 ει
765 3201 872 3241 suo
905 3185 1094 3257 ipsius
1144 3185 1414 3258 praesidio
1458 3203 1558 3244 eos
1598 3187 1950 3260 dependere,

295 3273 539 3344 illosque
569 3273 725 3329 inter
757 3273 975 3330 bellum
1007 3276 1329 3348 gerendum
1379 3292 1750 3350 nequaquam
1783 3293 1948 3347 spem

295 3378 578 3435 reponere
621 3363 680 3418 in
733 3364 857 3419 suis
905 3363 1170 3437 ipsorum
1216 3366 1429 3422 armis:
1487 3371 1545 3422 et
1575 3383 1640 3422 ea
1671 3367 1742 3421 de
1770 3383 1950 3421 causa

295 3451 404 3508 hoc
460 3455 638 3519 vetat,
690 3453 930 3508 dicens:
984 3454 1066 3510 Ne
1118 3472 1377 3527 unquam
1427 3455 1534 3510 tibi
1595 3453 1950 3526 multiplices

296 3557 515 3614 equum
552 3543 632 3596 ¹¹¹ε
668 3542 766 3612 qui
799 3546 923 3597 tum
977 3543 1430 3611 accusabantur,
1462 3549 1631 3600 tanta
1660 3561 1948 3615 equorum

299 3630 690 3704 cingebantur
719 3631 1124 3704 multitudine,
1150 3637 1214 3689 ut
1236 3650 1546 3690 numerum
1572 3633 1750 3690 etiam
1775 3651 1948 3706 supe-

300 3725 473 3777 raret.
507 3722 684 3777 Porro
744 3727 846 3777 aut
902 3722 957 3776 id
1019 3723 1394 3796 hyperbolice
1448 3723 1824 3796 accipiamus,
1852 3728 1952 3779 aut

299 3810 702 3866 existimemus
731 3809 861 3867 ideo
893 3811 1116 3869 dictum
1152 3811 1330 3868 fuisse
1362 3830 1477 3870 non
1511 3829 1638 3870 esse
1670 3830 1950 3870 curruum

299 3917 637 3968 numerum,
673 3901 826 3971 quod
882 3901 1020 3956 vilia
1063 3906 1120 3957 et
1150 3903 1473 3974 praesertim
1506 3901 1758 3975 ingloria
1789 3903 1951 3959 nullo

301 4005 548 4045 numero
580 3988 640 4044 in
669 3989 968 4061 Scriptura
1019 3990 1366 4046 habeantur.
1420 3991 1677 4048 Observa
1704 3992 1859 4047 enim
1892 3991 1950 4046 in

302 4077 578 4134 Numeris
614 4079 655 4113 ¹⁸
689 4096 801 4134 non
852 4079 1141 4136 reccnseri
1193 4079 1522 4151 mulierem,
1572 4080 1746 4136 veluti
1789 4081 1952 4135 inﬁr-

305 4183 503 4224 mam:
538 4185 651 4224 non
703 4185 973 4242 puerum,
1025 4174 1308 4242 tanquam
1359 4170 1814 4242 aspernabilem,
1854 4188 1953 4227 ex-

304 4257 488 4330 ceptis
521 4257 926 4330 primogenitis
954 4265 1011 4315 et
1044 4261 1369 4316 Levitarum
1411 4260 1651 4331 liberis;
1686 4278 1801 4318 non
1832 4278 1952 4318 ser-

303 4363 462 4415 vum,
496 4353 734 4420 propter
764 4350 1020 4406 inustam
1061 4350 1172 4406 sibi
1207 4349 1590 4423 ignominiam
1621 4368 1635 4420 ;
1670 4368 1784 4407 non
1818 4368 1953 4407 eum

2059 3185 2384 3262 ηρίθμηται.
2429 3187 2540 3242 Τοῦ
2589 3185 2693 3260 γὰρ
2745 3187 2878 3240 Θεοῦ
2927 3182 3264 3260 βουλομένου
3313 3187 3412 3250 τῆς
3455 3180 3581 3253 παρ’
3612 3181 3704 3232 αύ-

2055 3281 2154 3332 τοῦ
2189 3274 2443 3350 βοηθείας
2476 3275 2670 3337 αὐτοὺς
2700 3274 3046 3350 ἐξηρτῆσθαι,
3079 3273 3169 3328 καὶ
3206 3273 3282 3346 μὴ
3330 3275 3450 3332 ταῖς
3485 3266 3707 3328 οἰκείαις

2058 3369 2424 3440 παρασκευαῖς
2483 3362 2680 3426 αὐτοὺς
2737 3361 3044 3431 έπελπίζειν
3105 3360 3157 3414 ἐν
3232 3364 3350 3422 τοῖς
3413 3355 3706 3428 πολέμοις,

2056 3454 2149 3509 καὶ
2207 3451 2296 3508 διὰ
2339 3457 2500 3509 τοῦτο
2554 3449 3044 3526 ἀπαγορεύσαντος.
3091 3449 3184 3516 Μή
3238 3466 3370 3500 ποτε
3424 3443 3711 3517 πληθύνῃς

2060 3549 2266 3616 σεαυτῷ
2319 3540 2492 3597 ’ίππον
2527 3559 2540 3573 ·
2601 3541 2652 3594 οἱ
2710 3538 2832 3593 τότε
2885 3533 3280 3612 ἐγκαλούμενοι
3345 3527 3602 3588 τοσοῦτόν
3656 3553 3708 3586 τι

2058 3631 2272 3703 πλῆθος
2298 3629 2484 3686 ’ίππων
2518 3622 2970 3702 περιεϐάλλοντο,
3002 3623 3141 3678 ὥστε
3169 3623 3259 3678 καὶ
3286 3622 3512 3698 ἀριθμὸν
3545 3622 3707 3696 ὑπερ-

2060 3717 2282 3776 ϐαίνειν.
2317 3723 2496 3778 Τοῦτο
2537 3715 2595 3772 δὲ
2637 3712 2761 3785 ἤτοι
2798 3709 3176 3790 ὑπερϐολικῶς
3205 3709 3544 3784 έκδεξώμεθα
3573 3712 3706 3781 (69),

2059 3809 2269 3886 ἤπαρᾶ
2297 3810 2358 3863 τὸ
2387 3808 2452 3862 τὰ
2483 3803 2664 3884 φαῦλα
2719 3805 2808 3859 καὶ
2865 3802 3051 3865 ἄλλως
3107 3803 3275 3874 ἄτιμα
3335 3802 3410 3874 μὴ
3466 3797 3710 3874 ἀριθμεῖ.

2060 3912 2182 3964 σθαι
2223 3898 2272 3954 έν
2323 3897 2391 3972 τῇ
2443 3899 2655 3974 Γραφῇ,
2686 3893 2996 3967 νομίσωμεν
3032 3891 3275 3968 εἰρῆσθαι
3321 3891 3383 3945 τὸ
3440 3890 3518 3963 μὴ
3577 3888 3709 3942 εἶναι

2062 3988 2292 4066 ἀριθμὸν
2345 3990 2451 4042 τῶν
2495 3984 2773 4058 ἁρμάτων.
2807 3985 2972 4057 Τήρει
3018 3981 3142 4058 γὰρ,
3192 3979 3276 4035 ὅτι
3325 3979 3376 4033 έν
3424 3980 3707 4066 Ἀριθμοῖς

2062 4065 2128 4134 οὗ
2172 4079 2307 4156 γυνὴ
2354 4077 2686 4151 ἀριθμεῖται,
2719 4073 2794 4135 ὡς
2842 4073 3088 4142 ἀσθενής·
3116 4071 3177 4126 οὗ
3223 4067 3468 4141 παιδίον,
3503 4069 3577 4130 ὡς
3624 4065 3708 4123 εὖ·

2062 4168 2492 4246 καταφρόνητον,
2526 4167 2673 4234 πλὴν
2702 4164 3070 4240 πρωτοτόκων
3102 4160 3192 4216 καὶ
3243 4163 3540 4246 Λευϊτικῶν
3576 4161 3707 4232 (7Ο)’

2066 4259 2126 4314 οὗ
2161 4257 2377 4328 δοῦλος,
2405 4253 2494 4311 διὰ
2540 4256 2601 4310 τὸ
2652 4250 2869 4327 ἄτιμον·
2903 4251 3012 4327 οὐχ
3060 4252 3088 4305 ὁ
3148 4250 3455 4322 έπίμικτος,
3515 4245 3604 4303 διὰ
3649 4247 3712 4302 τὸ

2065 4346 2380 4423 ἀλλότριον.
2406 4346 2596 4407 Οὕτως
2630 4341 2721 4398 οὖν
2755 4343 2845 4398 καὶ
2875 4343 2941 4397 τὰ
2969 4344 3150 4403 κακῶς
3181 4338 3442 4410 κτηθέντα
3500 4339 3714 4415 ἅρματα

303 4436 402 4508 qui
461 4438 756 4494 commisti
805 4444 896 4495 est
943 4440 1196 4513 generis,
1256 4443 1492 4514 propter
1534 4441 1952 4498 diversitatem.

2067 4437 2167 4511 ἔξω
2201 4439 2332 4493 εἶναι
2361 4441 2458 4491 τοῦ
2489 4435 2726 4510 ἀριθμοῦ
2759 4431 3107 4506 λογιζόμεθα.

306 4527 507 4598 Itaque
539 4527 646 4583 hac
675 4528 898 4585 ratione
928 4546 1136 4586 currus
1169 4530 1319 4586 male
1339 4535 1709 4602 comparatos
1736 4549 1802 4588 ac
1824 4547 1954 4604 pos-

309 4631 507 4672 sesscs
538 4633 654 4673 non
687 4618 987 4675 numerari
1025 4618 1320 4675 ducimus.

379 4706 467 4761 82.
501 4709 576 4762 Et
623 4708 827 4779 repleta
858 4710 936 4764 est
965 4711 1117 4764 terra
1169 4709 1678 4766 abominationibus
1734 4726 1958 4783 operum

310 4812 581 4853 manuum
609 4813 822 4854 eorum.
858 4797 1178 4854 Gentilium
1229 4815 1443 4869 mores,
1479 4804 1716 4872 sumpta
1746 4817 1779 4856 a
1809 4799 1956 4854 divi-

309 4885 650 4944 nationibus
681 4887 922 4960 origine,
957 4905 1060 4961 per
1092 4888 1395 4944 avaritiam
1419 4893 1474 4946 et
1495 4890 1770 4945 insanum
1803 4890 1958 4945 486

307 4991 597 5048 equorum
630 4977 894 5033 studium
925 4976 983 5031 in
1027 4975 1420 5034 idclolatriam
1453 4978 1767 5051 impegere.
1811 4979 1958 5034 Nam

311 5066 462 5134 quod
495 5083 528 5121 a
578 5065 682 5122 Dei
740 5065 984 5122 consilio
1043 5067 1380 5137 defecerint,
1414 5084 1480 5124 ac
1511 5067 1802 5123 vaticiniis
1835 5085 1962 5124 sese

309 5154 668 5226 praebuerint
716 5159 1009 5212 attentos:
1058 5157 1212 5228 quod
1246 5173 1360 5212 non
1394 5156 1530 5225 Deo,
1563 5157 1666 5212 sed
1715 5157 1960 5212 instabi-

2137 4710 2242 4763 82.
2293 4704 2396 4764 Καὶ
2473 4700 2784 4773 ἐνεπλήσθη
2844 4703 2879 4772 ἡ
2957 4708 3026 4777 γῆ
3117 4695 3515 4774 βδελυγμάτων
3609 4699 3716 4749 τῶν

2068 4793 2237 4873 ἔργων
2286 4800 2394 4850 τῶν
2437 4798 2639 4870 χειρῶν
2681 4791 2886 4850 αὐτῶὸ.
2945 4791 3025 4848 Τὰ
3077 4788 3262 4853 ἐθνικὰ
3313 4783 3718 4858 ἐπιτηδεύματα

2068 4887 2173 4942 ἀπὸ
2203 4883 2591 4958 κληδονισμῶν
2620 4883 2718 4952 τὴν
2772 4883 2950 4957 ἀρχὴν
3005 4874 3265 4946 λαϐόντα,
3299 4875 3388 4932 διὰ
3446 4873 3714 4953 φιλαργυ-

2071 4975 2189 5053 ρίας
2220 4975 2309 5030 καὶ
2341 4975 2682 5047 ἱππομανίας
2723 4972 3093 5047 προκόψαντα,
3128 4968 3205 5032 εἷς
3257 4963 3716 5040 εἶδωλολατρείαν

2070 5065 2345 5137 ἐξώκειλε.
2383 5063 2481 5119 Διὰ
2527 5065 2628 5140 γὰρ
2676 5063 2739 5118 τὸ
2799 5063 3100 5130 ἀποστῆναι
3160 5053 3504 5131 συμϐουλίας
3561 5058 3718 5122 Θεοῦ,

2070 5155 2160 5211 καὶ
2186 5152 2419 5226 κληδόσι
2453 5154 2769 5230 προσέχειν,
2804 5149 2894 5206 διὰ
2922 5150 2985 5206 τὸ
3038 5150 3114 5224 μὴ
3150 5147 3237 5203 έπὶ
3286 5148 3414 5203 Θεὸν
3460 5143 3720 5202 πεποιθέ-

385 5330 429 5366 ¹⁶
453 5329 661 5385 Matth.
696 5347 774 5403 v1,
806 5331 894 5387 49.
931 5331 974 5367 ¹⁷
1005 5330 1171 5386 Deut.
1199 5347 1337 5399 xvu,
1377 5331 1444 5385 16
1476 5331 1517 5367 ¹⁸
1548 5331 1721 5387 Num.
1755 5347 1840 5400 In,
1868 5332 1954 5400 15,
1989 5333 2077 5388 40.

383 5506 497 5598 $98)
529 5505 612 5560 Ita
643 5505 800 5598 Golb.
830 5506 1126 5598 secundus
1156 5508 1214 5598 et
1236 5505 1394 5598 Reg.
1414 5503 1956 5598 itidemsecundus.

313 5577 628 5635 Editi’vero
668 5585 723 5634 et
770 5583 887 5661 tres
937 5577 1476 5661 ΠιεεἈχενομένων.
1529 5577 1661 5661 Mox
1685 5583 1962 5661 -quatucr

313 5667 489 5726 mss,
518 5650 1043 5726 συγκατηριθμηται.
1078 5648 1258 5726 Εᾱὶῐὶ,
1281 5648 1816 5726 συγκαταρίθμεῖτίαιι.

385 5723 496 5796 (69)
529 5719 685 5780 Colb.
722 5719 1020 5780 secundus
1052 5739 1186 5779 cum
1229 5719 1371 5796 Reg;
1413 5719 1693 5788 secundo,
1727 5719 1957 5792 ἐκλεξώ-

2073 5503 2522 5577 μεοαλιῆίιιυο
2557 5495 3098 5577 φββυέκδξξόμεθασ
3215 5571 3242 5577 _
3665 5563 3677 5576 .

2144 5577 2256 5647 (70)
2289 5575 2394 5630 Ubi
2427 5576 2487 5629 in
2531 5566 2712 5629 editis,
2758 5566 2992 5643 legitur,
3044 5571 3308 5639 Λευϊτῶν,
3355 5566 3634 5624 scribitur
3663 5566 3723 5619 in

2075 5647 2378 5721 aliquibus
2409 5663 2579 5716 mss.,
2605 5647 2923 5700 Λευῖτικῶν.
