4130 6378
373 337 491 396 253

1237 333 1644 394 COMMEN'I‘.
1692 333 1768 390 IN
1814 329 2094 391 ISAIAM
2141 329 2644 390 PROPHETAM.
2686 328 2852 390 CAP.
2903 328 2978 388 ll.

3670 335 3788 395 254

373 487 482 540 ναι,
515 465 642 522 ἀλλ’
675 466 763 521 ἐπὶ
792 471 862 542 τῇ
892 469 989 521 τοῦ
1036 463 1278 521 πλούτου
1327 461 1651 533 ἀδηλότητι·
1688 459 1776 516 διὰ
1818 462 1882 516 τὸ
1909 465 2028 523 τοῖς

2150 460 2289 517 litati
2329 460 2665 517 divitiarum
2699 460 3084 517 confiderint:
3119 463 3272 533 quod
3304 461 3364 518 in
3395 463 3559 536 equis
3589 465 3662 523 ad
3692 482 3782 522 sa-

377 553 623 631 ψευδέσιν
676 557 752 619 εἷς
807 555 1079 631 σωτηρίαν
1121 551 1339 622 ἵπποις,
1388 550 1534 608 ἀλλά
1587 552 1661 626 μή
1711 555 1788 623 τῷ
1820 548 2030 622 δυνατῷ

379 640 682 721 συντρίϐειν
729 645 1034 718 πολέμους,
1083 642 1538 718 ἐπιστηρίζεσθαι·
1573 641 1632 697 ἐκ
1660 646 1756 696 τοῦ
1796 639 2029 695 ἀκολού-

380 747 474 800 θου
505 733 790 811 προῆλθον
824 734 901 795 εἷς
946 734 1008 787 τὸ
1057 730 1337 805 ἐμπλῆσαι
1385 734 1483 801 τήν
1536 737 1638 805 γῆν
1691 729 1865 785 αὐτῶν
1905 725 2032 804 βδε-

381 825 695 900 λυγμάτων.
735 829 884 878 Πᾶσα
939 823 1033 895 μὲν
1074 820 1162 876 οὖν
1213 822 1429 896 πρᾶξις,
1550 820 1694 895 παρά
1738 821 1828 875 τὸν
1872 820 2030 894 ὀρθὸν

382 913 549 988 λόγον
582 911 972 987 ἐνεργουμένη,
1030 908 1315 986 βδελυγμά
1366 908 1478 964 ἐστι
1521 915 1599 982 τῷ
1630 909 1766 982 Θεῷ.
1801 911 1888 972 Ὠς
1921 910 2036 982 (71)

386 1005 440 1057 οἱ
500 1005 885 1075 πομαχῶντες
940 1000 1030 1053 καὶ
1089 999 1470 1075 εὐανάτρεπτοι
1527 1000 1596 1054 τὰ
1656 999 1871 1073 μυσαρά
1925 1002 2034 1053 τῶν

390 1091 671 1164 θεαμάτων
717 1087 1086 1164 ἐκτρέπονταιο
1140 1088 1277 1155 οἷον,
1317 1087 1746 1164 περιττωμάτων
1779 1083 2036 1155 ἐκϐολὰς,

389 1181 478 1236 καὶ
507 1177 640 1248 ἕλκη
677 1175 917 1248 δυσώδη,
951 1179 1038 1233 καὶ
1085 1177 1150 1231 τὰ
1187 1181 1429 1231 τοιαῦτα·
1478 1177 1620 1231 οὕτω
1668 1177 1759 1231 καὶ
1810 1179 1862 1230 αἱ
1901 1177 2038 1230 κατά

389 1267 710 1343 ἀκαθαρσίαν
743 1265 1006 1342 ἐνέργειαι
1063 1263 1348 1341 βδελυγμά
1379 1266 1479 1320 εἰσι
1520 1271 1597 1338 τῷ
1622 1266 1782 1340 ἁγίῳ.
1813 1262 2032 1334 Ἐπειδὴ

382 1356 586 1431 κυρίως
633 1355 702 1411 τὰ
748 1352 954 1410 εἶ’δωλα
1015 1354 1371 1432 βδελύγματα
1413 1358 1522 1426 (72)
1577 1353 1750 1430 λέγειν
1803 1355 1919 1416 εθος
1965 1357 2035 1427 τῇ

385 1450 594 1524 Γραφῇ,
657 1451 819 1500 πᾶσαι
879 1445 932 1499 αἱ
994 1444 1274 1520 μοχθηραὶ
1330 1444 1612 1522 φαντασίαι
1661 1443 1796 1499 κατά
1835 1444 2040 1512 ἀναζω-

381 1536 653 1614 γράφησιν
731 1533 1234 1606 ἐναποτυπούμεναι
1299 1537 1368 1607 τῇ
1441 1536 1638 1608 ψυχῇ,
1691 1530 2040 1608 βδελύγματά

387 1623 491 1678 εἶσι
544 1622 863 1699 πληροῦντα
903 1624 1002 1691 τήν
1058 1624 1270 1698 χώραν·
1329 1624 1595 1691 τουτέστι,
1644 1623 1744 1691 τήν
1791 1622 2038 1698 εὐρυχω-

389 1713 509 1789 ρίαν
565 1718 738 1766 πᾶσαν
795 1716 892 1767 τοῦ
948 1709 1262 1787 λογιστικοῦ
1318 1719 1419 1782 τῆς
1465 1715 1670 1788 ψυχῆς.
1713 1711 1818 1767 Καὶ
1866 1731 2040 1787 προσ-

389 1800 654 1872 εκύνησαν
719 1804 806 1863 οἷς
885 1799 1144 1871 ἐποίησαν
1223 1803 1274 1855 οἱ
1349 1798 1607 1856 δάκτυλοι
1689 1801 1867 1855 αὐτῶν
1905 1843 1918 1857 .

394 1887 706 1966 ὑπερϐολῆς
752 1895 869 1966 (73)
919 1891 1140 1965 μανίαςῐ
1171 1893 1298 1946 Θεὸν
1349 1893 1592 1966 νομίζειν
1637 1892 1698 1946 τὸ
1747 1893 1834 1947 ὑπ’
1877 1891 2044 1947 αὐτοῦ

390 1981 702 2058 γενόμενον,
754 1982 842 2037 καὶ
895 1983 972 2054 μὴ
1024 1986 1248 2057 συνορᾷν
1297 1983 1396 2052 τὴν
1449 1980 1670 2036 ἀτοπίαν
1706 1979 1801 2036 τοῦ
1827 1983 2048 2056 γινομε-

389 2092 506 2128 νου.
540 2070 606 2125 Ei
641 2071 732 2143 μὲν
763 2072 865 2147 γὰρ
894 2072 994 2141 τὴν
1045 2069 1182 2138 ὕλην
1239 2072 1554 2144 θαυμάζεις,
1595 2070 1648 2126 τί
1699 2069 1904 2142 δήποτε
1953 2071 2044 2126 καὶ

387 2160 481 2214 τὸν
529 2158 814 2215 ἀτύπωτον
861 2160 1070 2235 χαλκὸν
1101 2160 1135 2228 ἦ
1176 2158 1327 2215 λίθον
1379 2160 1441 2214 οὐ
1490 2165 1812 2235 προσκυνεῖς
1845 2181 1858 2229 ;
1893 2160 1956 2215 Εἰ
1989 2157 2046 2215 δὲ

388 2246 478 2303 8ιά
532 2269 632 2317 την
682 2247 908 2324 τέχνην,
965 2247 1059 2310 τὰς
1106 2254 1298 2325 χεῖρας
1351 2253 1546 2304 σαυτοῦ
1577 2250 1870 2322 προσκύνει
1904 2251 2042 2323 (74),

382 2338 479 2402 τὰς
499 2333 866 2401 ἐπιϐαλούσας
899 2337 1046 2411 αὐτῴ
1075 2339 1176 2408 τήν
1210 2341 1448 2417 μορφήν,
1475 2338 1510 2408 ἢ
1541 2341 1608 2393 τὰ
1638 2334 1840 2414 ὄργανα
1873 2337 1942 2393 δι’
1969 2341 2041 2393 ὧν

383 2428 705 2502 ἀπήρτισας.
731 2429 914 2499 Πόσην
945 2426 1001 2483 δὲ
1026 2427 1116 2483 καὶ
1147 2430 1244 2498 τὴν
1278 2430 1458 2483 ἄνοιαν
1491 2423 1609 2506 ἔχει
1633 2429 1696 2484 τὸ
1726 2429 1777 2484 ἐν
1811 2426 2044 2503 τοσαύτῃ

381 2515 583 2592 χρόνου
605 2511 790 2591 τριϐῇ,
815 2520 935 2581 καθ’
956 2518 1018 2586 ἣν
1043 2515 1333 2595 ἐγλύφετο,
1359 2518 1393 2587 ἣ
1414 2515 1716 2593 ἐχωνεύετο
1737 2517 1799 2570 τὸ
1818 2514 2042 2595 ἀφίδρυο

385 2627 480 2679 μα,
549 2607 624 2679 μὴ
688 2601 876 2662 λαϐεῖν
928 2603 1135 2660 ἔννοιαν
1193 2609 1292 2661 τοῦ
1347 2605 1638 2682 γινομένου
1671 2625 1686 2675 ;
1717 2610 1886 2661 Τοῦτο
1937 2607 2039 2682 γὰρ

382 2693 631 2772 ἐμφαίνει
687 2697 751 2750 τὸ
809 2697 959 2768 (75),
1014 2696 1112 2750 Καὶ
1172 2695 1580 2771 προσεκύνησαν
1640 2697 1719 2759 οἷς
1777 2694 2038 2767 ἐποίησαν

382 2784 434 2839 οἱ
463 2781 722 2840 δάκτυλοι
780 2783 976 2839 αὐτῶν.
1031 2787 1260 2841 "Errata
1311 2783 1494 2858 μέντοι
1553 2786 1642 2840 καὶ
1692 2790 1800 2840 τῶν
1851 2782 1945 2840 δύο
1975 2785 2039 2840 τὸ

379 2870 566 2949 ἕτερον
625 2872 838 2928 ἑλέσθαι
887 2873 1400 2949 ἀναγκασθήσεται,
1460 2876 1495 2944 ἢ
1561 2875 1636 2948 μή
1699 2871 1845 2950 ἔχειν
1907 2877 2035 2930 Θεὸν

381 2963 510 3036 πρὶν
545 2968 832 3041 μορφῶσαι
887 2961 956 3017 δι’
1007 2965 1220 3032 ἑαυτοῦ,
1273 2963 1568 3040 ἢγηράσαι
1617 2965 1709 3019 τὸν
1751 2963 2036 3040 προϋπάρ-

382 3071 578 3126 χοντα,
642 3049 732 3106 διὰ
787 3053 850 3105 τὸ
909 3055 1018 3125 (76)
1080 3049 1426 3122 ἐπιδεηθῆναι
1486 3053 1668 3125 ἐτέρου
1705 3095 1718 3109 .
1780 3054 2037 3106 Ἐπικατ-

381 3138 578 3214 άρατος
633 3137 689 3195 δὲ
765 3145 869 3204 πᾶς
939 3137 1245 3212 ἅνθρωπος,
1305 3139 1451 3202 ὅστις
1518 3141 1736 3210 ποιήσει
1794 3139 2035 3214 γλυπτὸν

377 3227 415 3296 ἢ
449 3228 748 3302 χωνευτὸν,
782 3223 939 3302 ἔργον
968 3232 1169 3303 χειρῶν
1192 3227 1463 3303 τεχνίτου.

446 3515 536 3570 83.
620 3513 726 3568 Καὶ
812 3508 1002 3587 ἔκυψεν
1102 3509 1446 3587 ἅνθρωπος,
1531 3515 1622 3570 καὶ
1705 3515 2037 3590 ἐταπεινώθη

373 3601 532 3677 ἀνήρ.
595 3599 1042 3678 Σχετλιαστικῶς
1093 3600 1336 3678 ἡγοῦμαι
1394 3607 1562 3658 ταῦτα
1620 3602 1865 3680 εἰρῆσθαι
1900 3650 1915 3676 ,
1976 3606 2038 3661 οὗ

376 3691 634 3770 φέροντος
674 3695 782 3745 τῶν
833 3689 1134 3766 ἀνθρώπων
1182 3693 1280 3761 τήν
1325 3698 1425 3762 τῆς
1471 3692 1618 3762 ἀξίας
1669 3695 2036 3754 κατάπτωσιν.

394 3782 662 3854 Υπέκυψε,
714 3779 886 3855 φησὶ,
945 3784 1022 3852 τῷ
1081 3777 1299 3854 εἲδώλῳ
1359 3783 1468 3855 (77)
1531 3783 1559 3836 ὁ
1618 3780 1901 3857 ἄνθρωπυς
1960 3785 2038 3849 εἷς

378 3870 764 3945 προσκύνησιν,
813 3873 920 3924 τῶν
974 3869 1061 3925 ἐπὶ
1111 3877 1213 3946 γῆς
1266 3872 1418 3940 ζώων
1467 3871 1530 3926 τὸ
1575 3874 1931 3945 τιμιώτατον,
1974 3875 2037 3931 τὸ

383 3961 517 4032 μετά
569 3957 840 4035 ἀγγέλους
901 3959 951 4014 ἐν
1017 3957 1264 4035 λογικοῖς
1305 3961 1658 4036 τεταγμένον,
1693 3965 1720 4017 ὁ
1751 3967 1820 4037 τῇ
1865 3963 2034 4020 εἷ’κόνι

374 4054 472 4104 τοῦ
504 4053 638 4104 θεοῦ
667 4049 1054 4122 τετιμημένος,
1091 4050 1118 4104 ὁ
1147 4053 1214 4124 τῇ
1246 4047 1344 4105 τοῦ
1376 4047 1545 4127 λόγου
1573 4049 1796 4126 δυνάμει
1835 4055 2032 4130 τέχνας

377 4137 628 4215 ἐξευρών.
661 4140 737 4192 Τά
766 4141 878 4212 (78)
914 4138 964 4193 ἐν
993 4142 1063 4212 τῇ
1095 4142 1168 4213 γῇ
1202 4138 1475 4215 ἐπιγνοὺς,
1509 4146 1688 4219 φυτῶν
1719 4142 1814 4218 χαὶ
1865 4149 2030 4220 ριζῶν

371 4229 462 4284 καὶ
534 4232 757 4305 καρπῶν
841 4225 1138 4302 δυνάμεις,
1227 4228 1501 4302 θαλάσσης
1582 4231 2026 4306 κατατολμήσας,

372 4318 528 4394 ἀέρος
581 4316 758 4396 φύσιν,
820 4317 1032 4391 ἀνέμων
1093 4317 1318 4393 γένεσιν,
1371 4319 1605 4396 ἀστέρων
1667 4321 1828 4390 θέσιν,
1877 4325 2028 4395 κινή-

372 4429 481 4470 σεις
531 4406 763 4479 τούτων,
823 4406 1204 4480 ἀποστήματα,
1255 4405 1581 4483 συνδρομὰς,
1628 4411 1730 4480 τὴν
1777 4409 1866 4466 ἐπὶ
1923 4419 2026 4490 γῆς

374 4495 752 4571 διακόσμησιν,
811 4495 906 4558 τὰς
967 4495 1177 4568 πόλεις,
1233 4497 1360 4560 τοὺς
1416 4497 1640 4572 νόμους,
1681 4502 1778 4565 τὰς
1829 4523 2020 4578 στρατ-

449 4653 494 4689 ¹⁹
523 4650 677 4707 Psal.
710 4667 888 4721 χχιιι,
923 4649 1010 4704 17.
1087 4649 1132 4684 ²⁰
1153 4649 1322 4706 Deut.
1355 4667 1536 4722 xxvn,
1567 4653 1656 4708 13.

1975 1801 2122 1909 "EB

2141 551 2320 606 lutem
2359 549 2661 608 fallacibus
2684 552 2750 616 ’9,
2774 567 2890 606 non
2914 551 2972 605 in
3001 567 3067 606 eo
3094 551 3191 623 qui
3221 551 3373 606 bella
3407 558 3597 624 potest
3653 571 3791 610 con-

2141 643 2345 708 terere,
2382 640 2828 707 fuerintinnixi;
2888 641 3023 697 inde
3072 658 3439 713 consequens
3498 643 3607 698 fuit
3657 642 3791 700 illos

2142 747 2209 786 eo
2239 730 2561 797 devenisse,
2587 736 2651 786 ut
2672 735 2888 787 terram
2921 731 3044 786 suis
3072 731 3613 788 abominationibus
3634 749 3793 789 com-

2143 820 2389 892 plerent.
2437 820 2643 876 Omnis
2689 819 2868 892 igitur
2905 820 3055 876 actio
3088 827 3295 892 praeter
3353 826 3570 877 rectam
3623 822 3800 878 ratio-

2146 926 2277 964 nem
2303 915 2550 981 patrata,
2591 914 2698 966 Deo
2725 913 2814 965 est
2856 910 3232 966 abominatio.
3292 911 3797 974 Quemadmodum

2143 999 2300 1054 enim
2333 999 2431 1069 qui
2465 999 3052 1070 stomacho,ejusque
3085 999 3240 1054 facili
3271 1000 3657 1056 dissolutione
3710 999 3796 1056 la-

2148 1089 2376 1153 borant,
2424 1089 2662 1144 sordida
2708 1087 3044 1159 spectacula
3102 1093 3482 1145 aversantur:
3542 1090 3795 1162 exempli

2147 1195 2344 1244 causa,
2405 1183 2904 1233 excrementorum
2955 1179 3362 1250 ejectamenta,
3413 1178 3605 1236 ulcera
3661 1197 3794 1251 gra-

2146 1266 2454 1332 vcolentia,
2487 1283 2592 1322 nec
2624 1285 2737 1322 non
2761 1267 2877 1322 alia
2915 1267 2971 1321 id
3030 1284 3253 1338 genus:
3306 1268 3390 1324 sic
3447 1272 3503 1324 et
3546 1268 3794 1341 impurae

2147 1357 2531 1428 obscenaeque
2589 1356 2849 1412 actiones
2924 1362 3125 1412 sancto
3202 1361 3342 1414 sunt
3414 1358 3794 1414 abominatio.

2148 1446 2635 1517 Quandoquidem
2667 1446 2979 1518 Scripturae
3035 1463 3164 1502 mos
3216 1451 3307 1502 est
3362 1446 3517 1502 idola
3570 1448 3803 1520 proprie

2149 1535 2616 1591 abominationes
2647 1535 2962 1608 appellare,
2995 1535 3218 1591 vitiosze
3255 1552 3461 1592 omnes
3491 1536 3804 1608 T-imagina-

2149 1625 2340 1682 tiones
2371 1626 2559 1681 instar
2591 1625 2829 1697 picturis
2861 1625 3172 1694 cujusdam
3223 1626 3418 1682 animo
3476 1626 3800 1698 impressas,

2151 1714 2615 1771 abominationes
2638 1719 2776 1769 sunt
2807 1715 3102 1785 regionem
3139 1714 3495 1786 implentes;
3529 1715 3639 1770 hoc
3687 1720 3807 1785 est,

2149 1821 2386 1862 omnem
2417 1803 2674 1877 amplam
2718 1803 3098 1876 capacitatem
3140 1803 3384 1860 rationis
3439 1805 3668 1860 animm.
3728 1807 3806 1860 Et

2153 1895 2528 1952 adordverunt
2577 1909 2696 1966 qua:
2747 1895 2996 1964 fecerunt
3049 1893 3216 1964 digiti
3260 1909 3473 1950 eorum.
3524 1898 3564 1946 Ο
3621 1911 3802 1966 quam

2156 2001 2392 2039 summa
2411 1983 2667 2038 stultitia
2697 1981 2893 2050 fuerit,
2927 1981 2983 2036 id
3017 1983 3170 2056 quod
3196 1982 3332 2055 quis
3365 1983 3584 2050 fecerit,
3621 1985 3803 2040 Deum

2154 2074 2511 2144 existimare,
2566 2087 2671 2126 nec
2729 2072 2812 2126 rei
2873 2072 3039 2127 facta
3096 2071 3422 2146 intelligere
3478 2073 3809 2146 ineptiam?

2155 2163 2401 2229 Etenim,
2436 2163 2485 2219 si
2518 2162 2826 2218 mateciam
2860 2162 3187 2229 demiraris,
3221 2178 3324 2217 cur
3366 2162 3544 2218 etiam
3595 2179 3672 2218 ωε
3723 2163 3810 2219 in-

2155 2254 2338 2309 forme
2371 2257 2471 2308 aut
2501 2252 2756 2324 lapidem
2781 2270 2894 2308 non
2947 2252 3200 2308 adoras?
3256 2253 3416 2318 Quod
3467 2251 3514 2307 si
3549 2251 3606 2306 id
3661 2251 3807 2308 facis

2155 2347 2391 2414 prepter
2421 2347 2630 2406 artem,
2662 2348 2796 2399 tuas
2829 2342 3017 2414 ipsius
3050 2359 3261 2397 manus
3284 2341 3524 2412 quassari
3553 2341 3804 2398 formam

2153 2431 2436 2499 indidere,
2470 2435 2571 2487 aut
2599 2436 2752 2488 certe
2793 2433 3191 2486 instrumenta
3242 2430 3451 2502 quibus
3500 2447 3627 2486 eam
3679 2433 3800 2486 for-

2151 2539 2309 2577 mam
2339 2520 2668 2591 absolvisti,
2701 2522 2898 2576 adora.
2949 2519 3232 2575 Craterum
3291 2525 3515 2592 quanta
3570 2535 3804 2592 quoque

2151 2610 2494 2682 insipientia
2523 2616 2612 2666 est
2643 2611 2700 2666 in
2720 2615 2882 2665 tanto
2925 2609 3208 2682 temporis
3267 2609 3477 2682 spatio,
3531 2625 3647 2681 quo
3701 2625 3802 2665 ex-

2151 2701 2536 2772 sculperetur,
2561 2706 2662 2754 aut
2691 2705 3060 2755 constaretur
3109 2703 3324 2765 statua,
3376 2698 3446 2753 ad
3505 2698 3587 2753 rei
3645 2698 3808 2753 factas
3875 2753 3878 2755 λ

2149 2789 2541 2860 cognitionem
2566 2788 2722 2844 haud
2783 2788 3164 2860 pervenisse?
3221 2788 3368 2843 Nam
3412 2787 3629 2843 indicat
3684 2803 3814 2842 sen-

2148 2895 2282 2934 sum
2314 2878 2471 2933 hunc
2505 2878 2759 2934 illudzEt
2813 2878 3183 2934 adoraverunt
3249 2893 3369 2948 quae
3423 2881 3676 2949 fecerunt
3732 2876 3813 2932 di-

2145 2969 2260 3036 giti
2287 2984 2499 3022 eorum.
2545 2968 2804 3038 Denique
2842 2984 2908 3022 eo
2967 2966 3337 3022 necessitatis
3388 2965 3677 3037 adigetur,
3739 2970 3806 3022 ut

2146 3056 2396 3110 alterum
2428 3073 2459 3110 e
2487 3057 2719 3112 duobus
2748 3055 2962 3127 eligat:
2998 3055 3085 3111 vel
3156 3061 3218 3109 ut
3259 3061 3436 3110 Deum
3495 3059 3631 3108 ante
3690 3071 3803 3110 non

2147 3141 2442 3209 habuerit,
2477 3159 2650 3213 quam
2687 3142 2849 3197 illum
2883 3142 3007 3212 ipse
3037 3143 3383 3197 formasset:
3419 3140 3506 3196 vel
3561 3146 3625 3195 ut
3673 3140 3806 3198 ideo

2069 3215 2112 3282 C
2150 3230 2391 3286 alterius
2421 3231 2761 3304 indiguerit,
2793 3231 2943 3302 quod
2972 3232 3132 3303 prior
3177 3230 3570 3286 consenuerit.
3622 3231 3806 3285 Male-

2149 3322 2333 3377 dictus
2364 3325 2558 3376 autem
2594 3320 2751 3376 homo
2775 3322 2972 3389 omnis,
3033 3319 3279 3393 quisquis
3327 3320 3490 3391 faciet
3555 3319 3812 3391 sculptile

2150 3420 2249 3468 aut
2273 3412 2466 3483 lusite,
2497 3427 2632 3482 Opus
2662 3426 2935 3466 manuum
2964 3411 3195 3481 artiﬁcis
3215 3410 3278 3464 ²⁰.

2219 3518 2306 3572 83.
2337 3522 2511 3573 Vens.
2545 3519 2598 3572 9.
2632 3519 2698 3572 Et
2725 3516 3036 3572 incurvavil
3060 3532 3119 3572 se
3147 3515 3327 3586 homo,
3377 3521 3430 3570 et
3480 3513 3810 3570 humiliatus

2149 3615 2228 3664 eu
2254 3609 2360 3664 vir.
2393 3607 2523 3662 Haec
2555 3623 2657 3679 per
2685 3605 3258 3662 commiserationem
3291 3622 3326 3659 a
3383 3603 3668 3675 propheta
3724 3602 3809 3658 di-

2150 3702 2243 3753 cta
2276 3697 2460 3753 fuisse
2493 3701 2654 3768 puto,
2675 3696 2828 3768 quod
2862 3694 3132 3750 homines
3163 3711 3197 3750 a
3226 3710 3336 3749 sua
3381 3691 3667 3765 dignitate
3713 3691 3798 3748 la-

2149 3804 2288 3860 psos
2311 3803 2440 3842 esse
2472 3787 2620 3842 ferre
2653 3803 2767 3841 non
2801 3789 3022 3858 posset.
3065 3782 3394 3840 Incurvavit
3451 3798 3534 3852 se,
3583 3780 3803 3853 inquit,

2147 3877 2323 3932 homo
2353 3877 2424 3933 ad
2459 3876 2826 3932 adorandum
2856 3874 3102 3942 idolum,
3137 3889 3471 3945 quanquam
3506 3876 3632 3927 erat
3660 3871 3796 3926 ani-

2148 3966 2390 4021 malium
2423 3965 2481 4020 in
2513 3969 2669 4020 terra
2699 3963 3277 4036 praestantissimum,
3326 3962 3654 4018 secundum
3697 3977 3804 4016 an-

2145 4055 2307 4128 gelos
2334 4055 2392 4109 in
2421 4054 2810 4109 rationaiibus
2839 4051 3353 4123 collocatum:qui
3400 4049 3492 4106 Dei
3538 4049 3801 4123 imagine

2147 4145 2592 4214 cohonestatus,
2652 4143 2705 4198 vi
2760 4142 3007 4198 rationis
3063 4145 3218 4197 artes
3267 4140 3633 4213 excogitavit.
3693 4139 3802 4204 Qui

2139 4239 2372 4291 terrena
2405 4233 2584 4301 novit,
2637 4233 2966 4304 plantarum
3028 4231 3248 4286 scilicet
3306 4230 3689 4301 radicumque
3744 4233 3803 4284 et

2138 4327 2438 4382 fructuum
2488 4323 2778 4390 virtutes;
2832 4323 2933 4393 qui
2990 4337 3153 4377 mare
3220 4335 3592 4391 nequaquam
3651 4316 3797 4372 exti-

2136 4416 2326 4483 muit;
2368 4413 2466 4486 qui
2499 4413 2653 4470 aeris
2683 4411 2956 4483 cognovit
2986 4415 3284 4477 naturam,
3330 4413 3636 4464 ventorum
3687 4402 3799 4461 ori-

2130 4505 2350 4578 ginem,
2381 4503 2682 4561 stellarum
2719 4501 2922 4567 situm,
2955 4501 3167 4557 harum
3202 4503 3419 4566 motus,
3461 4497 3803 4555 intervalla,

449 4822 560 4895 (71)
590 4821 685 4877 Sic
709 4820 981 4902 quinque
1009 4835 1162 4902 mss.
1195 4821 1264 4876 At
1306 4821 1473 4902 editi,
1499 4819 1688 4902 ᾤσπερ
1736 4824 1862 4900 γάρ.
1915 4828 2032 4886 Μο]

2223 4828 2541 4902 (76)}13diti,
2576 4823 2664 4881 διὰ
2690 4828 2872 4902 τοῦτο,
2904 4842 3021 4902 non
3073 4831 3256 4902 _recte.
3315 4825 3536 4880 Partim
3583 4824 3803 4879 habent

377 4891 822 4980 Regggulartus,
855 4891 1256 4980 στομαχοῶτες
1306 4891 1432 4980 ’.καὶ
1463 4891 1898 4980 εύανάιστρεπτοξ

443 4961 692 5059 (‘72)‘A‘1ili
721 4981 896 5059 mss.3
920 4961 1220 5059 βδέλυγμα
1253 4964 1366 5020 ΑΙίἱ
1399 4983 1530 5022 cum
1550 4961 1758 5059 ne‘d'itis,
1825 4967 2032 5059 βδελύ-

371 5037 573 5115 γματα.
606 5037 945 5115 Aliquando
984 5037 1280 5115 pqs‘tr‘tres
1313 5055 1483 5115 mss._.
1549 5037 1837 5115 βλέλυγμοί
1906 5041 2029 5100 είσι.

370 5104 620 5184 Kliiduo
643 5104 777 5166 cum
809 5104 1002 5179 editis;
1040 5104 1412 5184 βδελύγματα.
1448 5104 1597 5184 Lege
1627 5104 1921 5184 Ducaaum.

447 5181 678 5264 (73L1ta
725 5188 970 5264 uterque
1028 5179 1427 5264 Col‘bertinus.
1457 5179 1665 5264 _Editi,
1727 5179 2028 5264 ὑπερϐολή.

378 5250 512 5306 Mox
542 5250 697 5308 Colb.
732 5250 1049 5321 secundus,
1081 5253 1172 5306 τὸν
1207 5254 1294 5307 ὑπ’
1324 5254 1509 5312 αὐτοῦ.

451 5323 767 5399 (74)_1§diti,
800 5329 1143 5399 πρυσκυνεῖς,
1176 5325 1420 5399 adoras.
1447 5327 1700 5399 Uterque
1756 5329 2033 5388 Colberti-

381 5409 490 5475 nus
523 5397 577 5449 et
608 5396 1068 5475 ﬁeg.se_cundus_
1091 5413 1226 5475 cum
1260 5396 1685 5475 unoACombef,
1715 5401 2030 5475 προσκύνει,

377 5465 565 5541 odora.
608 5467 754 5541 Vere
784 5471 842 5522 et
871 5472 1023 5522 recte
1045 5469 1333 5541 judicavit
1361 5465 1773 5541 Combeﬁsius;
1807 5475 1862 5530 id
1910 5465 2030 5532 em;

379 5537 610 5613 phasim
652 5539 887 5613 habere,
913 5537 1087 5611 atque
1118 5540 1489 5613 perironiam
1537 5543 1671 5600 dici.

446 5610 558 5688 (7§)
588 5615 674 5688 Ita
699 5611 960 5688 quinque
980 5610 1232 5688 mssI‘At
1251 5614 1389 5670 editi
1421 5619 1644 5688 et_Reg.
1677 5616 2029 5688 primuspmi

376 5677 461 5736 τόζ
494 5677 610 5740 Nec
642 5677 730 5742 ita
745 5677 932 5742 multa
963 5689 1096 5757 post
1120 5686 1236 5744 duo
1259 5703 1427 5755 mss.,
1473 5677 1892 5762 dvzfxaironvui.

2155 4894 2330 4966 mss,
2358 4896 2446 4954 διὰ
2473 4894 2590 4953 τοῦ·
2626 4899 2864 4966 partim,
2908 4894 2996 4952 διὰ
3023 4896 3106 4954 τό.

2225 4975 2339 5046 (77)
2371 4973 2499 5029 Hine
2531 4967 2725 5037 verba,
2762 4969 3050 5046 ξΥπέκυψε,
3076 4975 3212 5034 etc.,
3251 4967 3408 5046 edita
3425 4970 3577 5046 sunt
3615 4980 3798 5046 a_no-

2142 5039 2329 5116 his'eo'
2355 5046 2579 5116 ordine,
2613 5061 2729 5116 quo
2758 5042 2818 5098 in
2842 5039 3074 5116 duobus
3097 5039 3801 5116 mss.inve_ni_untur.gau-

2139 5115 2196 5173 lo
2219 5117 2386 5174 aliter
2408 5109 2834 5189 disponuntur,
2863 5117 2920 5171 in
2969 5113 3224 5189 editione
3266 5109 3630 5189 Parisiensia
3656 5110 3797 5184 Reg.

2142 5190 2442 5260 secundus
2471 5179 2527 5246 et
2556 5189 2718 5246 Colb.
2753 5188 3000 5260 primus,
3053 5183 3240 5260 φησὶν,
3289 5183 3364 5244 εἱς
3425 5179 3794 5256 προσκύνησῖν

2138 5259 2246 5314 τῶν
2276 5258 2673 5318 εἲδώλων.ΗΟΟ
2705 5257 2832 5328 ipso
2861 5257 3227 5316 inloco'editi
3255 5259 3312 5310 et
3341 5261 3598 5328 quatuor
3619 5271 3792 5322 mss.,

2139 5281 2246 5314 των
2276 5278 2673 5318 εῖΟωΛων.ΠΟΟ
2705 5279 2716 5315 1
2768 5278 2832 5318 80
2861 5278 3060 5316 ῙΠΙΟΟΟ
3083 5278 3227 5314 eum
3255 5278 3312 5310 CL
3341 5278 3598 5328 quatuor
3619 5278 3792 5322 11188.,

2139 5330 2229 5462 Sui
2262 5333 2346 5388 ἐπὶ
2377 5341 2481 5409 γῆς
2516 5336 2655 5403 ζῶον
2684 5278 2768 5388 “cf.
2802 5336 2879 5388 At
2899 5332 3040 5404 Reg.
3094 5329 3324 5404 primus
3381 5331 3446 5382 ut
3493 5327 3554 5382 in
3611 5330 3798 5396 textu,

2181 5423 2306 5462 ene.

2181 5423 2306 5462 606.

2213 5478 2327 5549 (78)
2357 5477 2594 5549 Editi‘et
2625 5472 3058 5549 tresgmss..frat.
3095 5472 3207 5526 Alii
3248 5475 3388 5549 tres,
3445 5466 3564 5530 τάς.
3613 5465 3794 5549 Paulo

2140 5539 2267 5621 post
2301 5539 2461 5621 editi,
2493 5545 2700 5620 ἄστρων
2738 5547 3006 5621 θὲσινηΑζ.
3039 5563 3191 5621 mss_._
3225 5543 3436 5621 partim
3472 5559 3604 5621 cum
3647 5539 3792 5621 ipsis

2139 5611 2513 5690 conveniunt,
2543 5611 2754 5692 partim
2780 5618 2851 5674 ab
2880 5615 3104 5692 eisdem
3126 5611 3447 5692 dissident.
3481 5613 3594 5670 Alii
3630 5611 3788 5669 enim

2139 5692 2377 5764 habent,
2410 5684 2618 5766 ἄστρων
2643 5689 2830 5753 θέσεις·
2863 5687 2986 5762 alii,
3018 5684 3254 5762 ἀστέρων
3288 5684 3456 5748 θέσιν.
