4130 6440
288 400 404 459 255

1238 412 1633 473 APPENDIX
1679 413 2007 474 OPEltUM
2054 415 2120 474 S.
2166 412 2451 473 BASlLll
2497 410 2774 472 MAGNI.

3593 408 3712 468 256

297 549 642 603 concursus,
676 541 842 593 terra
871 545 1140 597 ornatum
1201 547 1256 597 et
1311 544 1600 614 ordinem,
1661 545 1942 615 civitates,

2075 542 2249 618 ηγίας,
2269 546 2374 598 τῶν
2406 546 2613 618 τεχνῶν
2645 542 2740 603 τάς
2769 560 2827 595 τε
2857 540 2991 613 πρὸς
3019 540 3081 594 τὸ
3133 543 3228 612 ζῇν
3277 537 3585 615 ἀναγκαίας,
3621 533 3710 593 καὶ

296 620 474 694 leges,
509 627 866 683 exercituum
892 632 1288 701 praefecturas,
1324 639 1504 705 artes,
1527 640 1651 690 tum
1687 653 1815 707 quas
1873 635 1946 691 ad

293 711 471 767 vitam
485 716 768 784 agendam
787 720 1123 773 necessariae
1140 721 1285 776 437
1316 727 1607 790 sunt,tum
1633 741 1759 796 quae
1777 741 1948 780 orna-

295 808 494 857 mento
525 809 578 857 et
603 806 977 860 ostentationi
1025 809 1433 866 subserviunt:
1498 813 1594 868 ille
1652 815 1776 885 ipse
1817 819 1949 868 ante

295 889 519 946 idolum
553 894 1110 966 procidit,tanquam
1135 899 1205 954 ab
1240 917 1305 956 eo
1337 901 1588 956 salutem
1611 908 1945 974 rogaturus,

298 978 440 1035 adeo
466 985 528 1035 ut
554 982 850 1038 animatus
883 984 952 1039 ab
981 985 1325 1056 inanimato,
1351 996 1408 1044 et
1458 991 1681 1046 ratione
1742 991 1946 1062 praedi-

295 1072 392 1124 tus
422 1087 455 1124 a
486 1086 697 1126 sensus
727 1075 951 1143 experti
986 1080 1164 1146 petat.
1202 1084 1254 1133 ls
1279 1096 1312 1133 a
1345 1081 1514 1148 cujus
1570 1097 1743 1134 manu
1806 1083 1947 1134 sub-

300 1156 520 1212 duntur
580 1158 906 1216 animalia:
963 1164 1034 1218 ad
1098 1166 1268 1236 cujus
1315 1167 1653 1222 servitutem
1716 1169 1950 1223 redacta

295 1251 436 1302 sunt
464 1253 675 1303 cuncta
702 1250 1027 1307 animantia
1058 1271 1161 1324 per
1197 1257 1371 1309 Deum
1413 1257 1532 1311 haec
1565 1256 1733 1311 nobis
1766 1257 1948 1325 subji-

293 1336 566 1402 cientem,
598 1338 700 1408 qui
733 1337 789 1393 in
820 1339 928 1396 hoc
961 1359 1068 1398 nos
1096 1344 1165 1397 ad
1219 1361 1385 1399 suam
1440 1345 1757 1417 imaginem
1808 1361 1947 1400 con-

294 1423 465 1494 didit,
497 1426 654 1496 quod
689 1429 1048 1499 aquatilibus
1079 1431 1454 1488 dominemur
1486 1433 1665 1488 simul
1719 1439 1775 1489 et
1833 1444 1947 1488 ter-

295 1513 624 1570 restribus:
662 1515 758 1570 ille
791 1517 915 1589 ipse
947 1519 1267 1576 animantis
1301 1522 1476 1578 unius
1507 1521 1730 1578 ratione
1768 1523 1951 1578 desti-

293 1602 435 1666 tuti,
469 1606 572 1656 aut
600 1603 879 1660 deformis
905 1606 1154 1677 alicujus
1188 1608 1473 1682 mulieris,
1508 1617 1609 1665 aut
1659 1610 1762 1664 viri
1823 1616 1946 1665 tur-

292 1689 526 1762 pissimi
570 1691 886 1748 simulacro
928 1712 997 1750 ne
1020 1703 1212 1752 astare
1245 1698 1482 1768 quidem
1529 1698 1653 1769 pari
1698 1700 1834 1770 jure
1886 1716 1952 1754 ac

294 1781 630 1836 conditione
657 1783 853 1855 audet,
885 1786 1098 1840 nedum
1127 1787 1227 1840 uni
1261 1787 1568 1843 brutorum
1602 1786 1949 1843 animalium

2056 632 2151 694 τάς
2201 631 2337 708 πρὸς
2384 630 2784 703 καλλωπισμὸν
2834 629 2923 684 καὶ
2979 625 3249 700 ἐπίδειξιν-
3311 625 3468 689 οὗτος
3513 626 3710 683 ὑπέπε-

2057 742 2144 776 σεν
2173 719 2412 793 εἰδώλῳ,
2464 720 2538 783 ὡς
2581 727 2679 788 τῆς
2732 721 2857 793 παρ’
2906 717 3071 773 αὐτοῦ
3123 715 3378 790 δεόμενος
3415 716 3709 790 σωτηρίας·

2059 811 2088 865 ὁ
2119 806 2507 885 ἔμψυχος,τοῦ
2538 809 2811 884 ἀψύγου·ὁ
2844 808 3185 885 λογικὸς,τοῦ
3218 808 3542 878 ἁναισθήτου
3576 810 3710 881 (79).

2058 900 2114 952 Ὀ
2147 899 2313 972 θηρία
2368 899 2471 952 ὑπὸ
2529 903 2692 972 χεῖρα
2751 893 2958 966 λαϐὼν,
3018 898 3063 970 ᾧ
3117 903 3289 951 πάντα
3352 898 3712 952 ὑποτέτακται

2061 988 2134 1050 εἷς
2191 985 2440 1042 δουλείαν
2497 988 2565 1042 τά
2621 985 2832 1060 ἄλογα,
2894 985 2982 1041 διδ.
3035 984 3126 1040 τὸν
3183 986 3516 1056 ὑποτάξαντα
3575 989 3711 1058 ἡμῖν

2059 1078 2212 1148 Θεὸν,
2245 1078 2302 1140 ὃς
2333 1077 2383 1130 ἐν
2415 1075 2594 1148 τούτῳ
2638 1074 2833 1131 ἔδωκεν
2884 1079 3017 1148 ἡμῖν
3067 1076 3129 1130 τὸ
3159 1081 3273 1129 κατ’
3318 1074 3520 1146 εἰκόνα,
3553 1075 3604 1130 ἰν
3636 1081 3718 1150 τῷ

2058 1165 2462 1242 κατακυριεύειν
2509 1171 2618 1219 τῶν
2675 1187 2733 1220 τε
2787 1162 3022 1240 ἐνύδρων
3081 1164 3222 1236 ὁμοῦ
3271 1164 3363 1217 καὶ
3417 1168 3525 1218 τῶν
3579 1184 3716 1240 χερο

2060 1255 2242 1309 σαίων·
2279 1253 2438 1317 οὕτος
2484 1255 2592 1329 οὐχ
2639 1253 2715 1307 ἐνὶ
2747 1259 2852 1308 τῶν
2898 1251 3116 1327 ἀλόγων
3156 1257 3265 1307 τῶν
3317 1251 3367 1306 ἐν
3414 1251 3569 1327 ἰσχύϊ
3600 1250 3717 1307 δια-

2060 1345 2356 1419 φερόντων,
2387 1340 2534 1398 ἀλλά
2569 1345 2849 1416 μιμήματι
2876 1345 2986 1415 (80)
3023 1341 3165 1410 ζώου
3196 1341 3312 1402 ἑνὸς
3340 1345 3448 1395 τῶν
3473 1339 3714 1418 ἀλόγων,

2063 1431 2210 1503 ἤπου
2263 1433 2354 1488 καὶ
2413 1431 2670 1507 γυναικός
2727 1453 2872 1493 τινος
2931 1432 3276 1506 ἀσχήμονος,
3331 1429 3365 1498 ἢ
3417 1427 3606 1505 ἀνδρὸς
3642 1430 3724 1484 αἱ.

2061 1523 2290 1597 σχίστου
2339 1519 2465 1576 οὐδὲ
2512 1521 2832 1596 παριστάναι
2879 1519 3062 1592 τολμᾷ
3109 1519 3215 1573 ἀπὸ
3261 1523 3357 1573 τοῦ
3398 1515 3537 1573 ἴσουο
3573 1517 3722 1574 ἀλλά

2061 1606 2432 1690 φοϐούμενος,
2465 1611 2554 1664 καὶ
2587 1609 2664 1672 εἷς
2708 1611 2806 1678 τήν
2855 1617 2954 1684 γῆν
2988 1609 3258 1684 κεκυφὼς,
3292 1604 3438 1678 ἄξιος
3469 1605 3541 1661 ὢν
3579 1603 3722 1680 μηδὲ

2061 1699 2330 1754 ἀνανεύειν
2367 1703 2473 1774 (81)
2505 1700 2640 1774 πρὸς
2678 1700 2769 1753 τὸν
2823 1697 3068 1773 οὐρανὸν,
3104 1694 3192 1750 διὰ
3236 1698 3336 1764 τὴν
3389 1695 3467 1758 εἷς
3496 1697 3588 1751 τὸν
3622 1695 3719 1750 οὗ·

2063 1789 2248 1864 ράνιον
2270 1788 2559 1862 ἁμαρτίαν.

289 1868 514 1924 viribus
546 1873 952 1941 praestantium
984 1892 1046 1930 se
1079 1876 1300 1931 sistat:
1344 1877 1445 1931 sed
1479 1894 1614 1932 cum
1675 1877 1884 1932 timore
1944 1861 2222 1952 vultuque
2303 1861 2630 1934 interram
2685 1878 2943 1933 demisso
2992 1893 3190 1932 coram
3239 1876 3431 1946 adest,
3481 1881 3549 1932 ut
3610 1861 3722 1948 qui

296 1958 368 2016 ob
391 1960 716 2017 admissum
751 1963 808 2018 in
842 1964 1052 2020 cmlum
1087 1965 1282 2022 scelus
1315 1967 1595 2040 indignus
1627 1967 1707 2023 sit
1738 1967 1838 2039 qui
1871 1969 2072 2026 oculos
2103 1971 2173 2026 ad
2207 1969 2501 2026 ecslestem
2535 1969 2786 2024 attollat.

369 2050 459 2104 84.
492 2051 558 2106 Et
590 2054 904 2108 incurvavit
932 2071 989 2110 ,τε
1021 2055 1199 2122 homo,
1231 2064 1282 2112 et
1325 2057 1661 2112 humiliatus
1717 2066 1798 2112 est
1846 2060 1956 2113 vir.
1988 2063 2036 2126 B
2136 2061 2224 2114 84.

299 2137 439 2194 Mali
470 2141 728 2197 accessio
749 2148 859 2213 est,
889 2143 1081 2198 virum
1116 2145 1212 2216 qui
1235 2146 1305 2200 ad
1347 2146 1741 2218 principatum
1766 2147 1958 2218 aptior

294 2232 405 2296 est,
429 2229 527 2300 qui
561 2231 871 2301 perfectior
901 2237 992 2288 est
1021 2232 1432 2305 intelligentia,
1468 2235 1567 2306 qui
1610 2234 1814 2290 fortius
1859 2252 1955 2291 va-

294 2315 594 2389 lidiusque
613 2319 753 2391 agit,
782 2319 1223 2377 bunceumdem
1276 2323 1585 2395 dignitatis
1624 2341 1743 2378 sua:
1803 2323 1955 2379 obli-

295 2409 446 2475 tum,
475 2406 629 2463 idolo
663 2425 790 2465 sese
817 2409 1189 2466 submisisse.
1225 2416 1368 2466 Cum
1403 2412 1596 2485 imago
1627 2413 1705 2468 sit
1744 2411 1845 2468 Dei
1902 2417 1959 2468 et

297 2494 504 2568 gloria,
533 2501 825 2569 caputque
856 2497 948 2553 sui
981 2499 1172 2569 ipsius
1194 2499 1411 2555 habent
1439 2500 1760 2569 Christum,
1813 2501 1956 2557 sub-

303 2585 512 2642 stravit
543 2603 605 2642 se
639 2586 788 2643 infra
819 2587 1063 2655 idolum,
1098 2605 1435 2661 quanquam
1467 2590 1644 2645 homo
1685 2595 1793 2646 est.
1828 2591 1959 2646 Hmc

300 2679 391 2732 est
421 2675 725 2734 calamitas
747 2679 1116 2750 gravissima.
1151 2680 1380 2735 Etenim
1407 2681 1452 2735 si
1490 2697 1635 2753 puer
1683 2686 1857 2752 esset,
1909 2681 1959 2736 si

301 2765 514 2822 mulier
535 2773 729 2835 esset;
766 2768 902 2824 huic
943 2769 1182 2840 quidem
1231 2776 1466 2842 propter
1517 2775 1771 2838 aetatem,
1826 2788 1959 2826 mu-

300 2852 427 2909 lieri
461 2872 592 2911 vero
619 2857 691 2912 ob
717 2858 1042 2913 naturalem
1077 2858 1480 2914 inﬁrmitatem
1535 2859 1705 2913 venia
1763 2859 1962 2931 aliqua

299 2943 539 2998 concedi
597 2949 813 3017 posset.
865 2945 1029 3001 Nunc
1091 2963 1222 3002 vero
1273 2946 1626 3002 humiliatus
1700 2952 1790 3003 est
1851 2947 1957 3016 vir,

299 3032 456 3103 quod
481 3049 710 3088 omnem
742 3033 1080 3106 ignominiaa
1107 3037 1347 3091 modum
1376 3053 1834 3108 mensuramque
1857 3053 1956 3092 su-

303 3125 487 3192 perat.
531 3123 592 3178 Et
639 3139 747 3178 non
807 3123 1087 3179 dimittam
1135 3141 1244 3182 eos.
1305 3129 1344 3176 Ο
1396 3123 1956 3181 comminationem!

296 3207 568 3280 Nunquid
606 3210 831 3279 isthicc,
856 3228 966 3267 non
997 3213 1282 3268 dimittam
1338 3230 1445 3283 eos,
1507 3219 1750 3285 propter
1789 3218 1956 3268 mter-

300 3313 441 3353 num
474 3299 830 3372 supplicium
886 3301 1041 3357 dicta
1073 3302 1259 3358 sunt?
1310 3302 1456 3356 Nam
1499 3301 1639 3357 dum
1679 3301 1956 3357 vaticina-

300 3393 524 3461 rentur,
557 3390 698 3445 dum
733 3391 888 3463 apud
917 3391 1160 3464 seipsos
1188 3391 1341 3446 filios
1393 3392 1617 3447 alienos
1675 3391 1951 3464 multipli.

297 3482 518 3546 carent,
569 3479 710 3534 dum
741 3479 965 3552 argenti
1019 3480 1369 3553 congerendi
1433 3495 1631 3536 amore
1681 3481 1953 3552 percelle-

297 3571 522 3635 rentur,
567 3567 709 3622 dum
771 3571 1103 3640 equestrem
1163 3572 1513 3640 apparatum
1573 3569 1958 3636 instruerent,

302 3657 596 3728 speranda
626 3661 682 3712 et
712 3658 1104 3730 exspectanda
1149 3659 1316 3714 venia
1349 3663 1510 3714 erat:
1572 3675 1705 3714 cum
1766 3665 1963 3716 autem

304 3745 364 3801 in
390 3744 785 3802 idololatriam
821 3746 1107 3802 malorum
1137 3748 1458 3803 maximum
1500 3747 1964 3818 incidunt,oum-

305 3852 418 3907 que
441 3835 692 3907 propriis
738 3836 1010 3909 dignitati
1068 3854 1181 3892 non
1239 3839 1630 3904 attendentes,
1681 3838 1964 3894 honorem

311 3924 519 3980 honori
555 3924 652 3980 Dei
686 3941 802 3979 non
836 3925 1119 3996 imparem
1154 3925 1472 3982 simulacro
1511 3928 1810 3994 tribuunt,
1856 3944 1966 3982 non

307 4019 596 4076 dimittam
623 4035 731 4075 eos.
757 4020 1067 4091 Atquehoc
1098 4019 1290 4090 ipsum
1326 4021 1593 4076 beneficii
1625 4021 1750 4076 loco
1788 4019 1966 4076 efficit

308 4109 501 4165 bonus
533 4107 650 4164 ille.
683 4113 823 4164 Cum
856 4108 1011 4164 enim
1041 4109 1209 4165 venia
1240 4110 1574 4182 petulantiae
1613 4110 1842 4166 occasio
1890 4111 1969 4165 sit

310 4206 484 4270 atque
514 4196 800 4270 libidinis,
832 4215 941 4254 non
974 4199 1256 4255 dimittam
1285 4215 1412 4268 eos;
1460 4207 1524 4255 ut
1571 4199 1805 4257 afﬂictio
1854 4198 1967 4255 sal-

312 4298 430 4348 tem
462 4291 626 4364 ipsos
661 4291 765 4348 Dei
789 4292 1131 4349 meminisse
1163 4298 1352 4365 cogat.
1374 4292 1762 4349 Comminatio
1794 4293 1972 4363 igitur

314 4380 557 4437 minime
581 4385 669 4437 est
699 4382 918 4438 noxia:
966 4384 1084 4438 imo
1126 4399 1258 4438 vero
1318 4399 1429 4438 non
1491 4381 1734 4449 dimitti,
1792 4383 1966 4438 docu-

318 4475 584 4526 mentum
618 4475 707 4527 est
746 4470 1023 4528 salutare.
1052 4475 1179 4527 Non
1221 4469 1377 4527 enim
1412 4475 1486 4538 te,
1524 4470 1738 4543 inquit,
1780 4470 1973 4527 dimit-

310 4566 456 4628 tam,
491 4577 681 4633 neque
711 4565 766 4618 te
795 4561 1200 4634 derelinquam
1227 4563 1293 4614 ²¹.

384 4647 474 4703 85.
507 4647 676 4704 Vsas.
711 4649 797 4705 10.
829 4653 897 4706 Et
927 4665 1076 4705 nunc
1119 4649 1489 4721 ingredimini
1540 4649 1601 4704 in
1656 4655 1861 4722 petras,
1919 4656 1971 4705 et

383 4764 572 4821 “Jos.
604 4781 644 4831 ι,
673 4765 734 4823 5.

384 4878 495 4952 (79)
527 4879 623 4952 Ita
645 4880 828 4952 nostri
863 4895 1138 4952 sexmss.
1173 4881 1245 4952 At
1300 4879 1467 4948 editi,
1503 4879 1530 4932 ὁ
1589 4875 1842 4952 υμψυχος
1895 4881 1973 4949 τῷ

315 4949 579 5027 Δὁ
611 4949 834 5027 λογικὸς
866 4951 944 5027 τῷ
966 4950 1294 5027 ἀναισθήτῳ,

387 4969 518 5079 ιιέχοῳ
551 4969 579 5004 ο
612 4969 834 5027 Αογικος
866 4971 944 5022 τῳ
966 4969 1329 5034 ἀναισθήτῳ...
1740 5023 1750 5033 ⁸
1788 5024 1797 5034 Ι

387 5025 404 5095 (
483 5024 613 5105 )_lta
629 5024 1634 5105 uterqueCombet.et‘ahiﬁuatuor,‘
1651 5023 1973 5105 Εόιιεημλιής

321 5091 721 5168 ματιίΝθοηὶιθ.
742 5091 928 5152 multo
960 5100 1093 5168 post
1117 5091 1582 5168 editigta'xtcrou
1614 5094 1671 5154 ὃς
1706 5091 1970 5150 οὐδέζὸθεί

313 5166 581 5224 voculam
609 5167 668 5230 ὃς
699 5169 836 5224 inde
867 5167 1244 5238 sustulimus,
1267 5166 1551 5222 librorum
1585 5170 1845 5223 veterum
1869 5184 1970 5223 au-

320 5239 589 5297 ctoritate
617 5240 826 5295 innixi.

389 5312 502 5384 (81)
531 5313 614 5367 Ita
644 5329 740 5368 sex
772 5327 910 5384 mss.
933 5311 1015 5384 _At
1063 5309 1224 5384 editi,
1285 5307 1614 5384 ἀνανεῦσαι..
1645 5310 1774 5364 Mox
1832 5310 1971 5384 editi

319 5379 524 5509 etquo
556 5400 718 5452 mss.,
755 5381 998 5458 οὐρανόν.
1032 5382 1144 5438 Alii
1173 5386 1448 5452 quatuor,
1485 5379 1758 5455 οὐράνιον,
1799 5383 1974 5454 paulo

325 5472 418 5509 me
447 5471 553 5509 ius.

325 5471 553 5511 [11611113.

393 5527 512 5653 (82)
546 5526 792 5582 Additur
816 5523 1105 5608 particula
1135 5521 1178 5577 ὦ
1211 5527 1348 5579 ante
1391 5538 1587 5606 vocem
1645 5521 1883 5584 tit-51am;
1918 5525 1974 5578 in

321 5601 394 5654 Co
424 5597 480 5654 b.
516 5598 725 5670 primo.
761 5599 981 5670 Ibidem
1015 5597 1073 5651 in
1111 5597 1252 5668 Reg.
1287 5600 1480 5670 tertio,
1518 5613 1617 5666 pro
1648 5595 1834 5664 νοήσει
1895 5595 1974 5651 le-

323 5671 380 5744 gi
389 5675 505 5746 tur,
519 5669 808 5746 φρονήσει,
836 5669 1136 5746 prudentie
1151 5669 1628 5746 praestantiorem.

400 5741 514 5814 (83)
541 5735 606 5799 Tn
638 5735 769 5801 aliis
797 5735 951 5802 mss.
991 5735 1287 5811 scribitur,
1321 5737 1560 5795 αἰωνίαν·
1592 5738 1651 5796 id
1680 5735 1976 5808 aliis,ata';-

2314 2058 2412 2112 Καὶ
2491 2055 2678 2130 ἔκυψεν
2777 2054 3060 2131 ἄνθρωπος
3094 2099 3109 2127 ,
3196 2055 3286 2110 καὶ
3385 2053 3720 2125 ἐταπεινώθη

2065 2147 2226 2220 ἀνήρ.
2261 2146 2532 2208 Ἐπίτασις
2564 2149 2798 2217 (82)10i3
2845 2149 3035 2215 κακοῦ,
3069 2141 3234 2219 ἄνδρα
3288 2144 3381 2199 τὸν
3415 2142 3721 2219 ἀρχικώτε-

2067 2257 2186 2312 ρον,
2243 2237 2334 2291 τὸν
2393 2235 2730 2310 τελειότερον
2781 2234 2832 2289 ἐν
2891 2237 2960 2308 τῇ
3017 2235 3226 2304 νοήσει,
3261 2231 3632 2308 δυνατώτερον
3668 2232 3720 2288 ἐν

2063 2331 2184 2389 ταῖς
2217 2324 2457 2400 πράξεσι,
2488 2329 2676 2379 τοῦτον
2708 2328 2806 2378 τοῦ
2841 2321 2979 2378 ἰδίου
3029 2322 3338 2396 ἀξιώματος
3384 2321 3720 2396 ἐπιΑαΘόμε-

2065 2436 2155 2469 νον
2187 2421 2589 2484 ταπεινωθῆναι
2641 2414 2744 2468 ὑπὸ
2773 2414 2833 2468 τὸ
2887 2410 3141 2468 εἴδωλον.
3172 2413 3232 2468 Ὀ
3265 2411 3422 2466 εἰκὼν
3469 2411 3561 2466 καὶ
3596 2408 3720 2482 δόξα

2067 2504 2200 2559 Θεοῦ
2236 2505 2522 2579 ὑπάρχων,
2556 2504 2583 2556 ὁ
2615 2501 2855 2580 κεφαλήν
2901 2496 3044 2577 ἔχων
3095 2501 3286 2556 ἑαυτοῦ
3331 2502 3423 2556 τὸν
3467 2501 3722 2577 Χριστὸν,

2067 2593 2402 2662 ἐταπεινώθη
2438 2593 2540 2647 ὑπὸ
2586 2592 2649 2647 τὸ
2703 2589 2956 2646 εἷ’δωλονο
3006 2589 3097 2645 καὶ
3149 2593 3316 2645 ταῦτα
3355 2590 3516 2666 ἀνήρ.
3547 2588 3722 2648 Τοῦτό

2068 2682 2177 2738 ἐστι
2206 2690 2306 2753 τῆς
2355 2687 2636 2757 συμωορᾶς
2687 2682 2750 2735 τὸ
2800 2679 3218 2755 χαλεπώτατον.
3255 2678 3315 2735 Ei
3346 2681 3447 2755 γάρ
3477 2677 3721 2748 παιδίον,

2069 2773 2114 2828 εἷ
2172 2773 2275 2847 γάρ
2333 2773 2490 2846 γυνὴ,
2548 2770 2616 2839 ἦν
2668 2767 2726 2825 ἄν
2785 2790 2867 2831 τις
2922 2774 3001 2841 τῷ
3061 2769 3154 2841 μὶν
3210 2768 3270 2824 ἐκ
3324 2770 3423 2836 τῆς
3477 2768 3721 2839 ἡλικίας,

2067 2865 2135 2935 τῇ
2191 2858 2248 2916 δὲ
2305 2861 2365 2916 ἐκ
2419 2867 2520 2930 τῆς
2590 2859 2727 2914 κατὰ
2799 2858 2954 2936 φύσιν
3031 2857 3300 2920 ἀσθενείας
3372 2858 3669 2933 συγγνώμη
3709 2900 3723 2914 .

2069 2955 2175 3005 Νῦν
2209 2947 2266 3004 δὲ
2308 2949 2446 3025 ἀνὴρ
2490 2947 2846 3018 ἐταπεινώθη,
2903 2948 2932 3002 ’ὁ
2981 2954 3152 3002 πᾶσαν
3207 2947 3481 3022 ὑπεραίρει
3522 2946 3722 3022 αἰσχύ-

2067 3060 2164 3109 νης
2225 3034 2557 3109 ὑπερϐολήν.
2621 3037 2717 3092 Καὶ
2777 3036 2839 3091 οὐ
2893 3038 2968 3110 μὴ
3013 3038 3199 3106 ἀνήσω
3249 3036 3465 3097 αὐτούς.
3496 3041 3558 3090 Ὠ
3607 3038 3716 3090 τῶν

2067 3126 2475 3201 ἀπειλουμένων
2501 3129 2513 3183 l
2542 3128 2680 3201 Ἃρα
2715 3126 2789 3199 μή
2824 3122 2913 3179 διὰ
2942 3125 3040 3193 τήν
3074 3124 3293 3178 αἰωνίαν
3323 3126 3435 3196 (83)
3486 3121 3710 3178 κόλασιν

2064 3221 2252 3288 ταῦτα,
2310 3217 2386 3273 Oi)
2441 3217 2515 3289 μὴ
2578 3216 2762 3285 ἀνήσω
2813 3213 3007 3275 αὐτούς
3043 3235 3057 3283 ;
3088 3215 3233 3275 Ἕως
3279 3213 3379 3287 γὰρ
3429 3209 3716 3282 ἔκληδονί-

2071 3311 2248 3375 ζοντο,
2277 3301 2381 3368 ἕως
2426 3301 2695 3378 ἀλλότρια
2739 3304 2898 3357 τέκνα
2951 3301 3258 3372 ἐπλήθυναν
3295 3303 3406 3374 (84)
3438 3301 3564 3376 παρ’
3596 3300 3722 3353 ἒαυ-

2065 3400 2204 3462 τοῖς,
2233 3391 2339 3457 ἳως
2367 3392 2633 3463 ἐπτόηντο
2693 3392 2768 3455 εἰς
2815 3391 3098 3467 ἀργύριον,
3143 3387 3248 3454 ἕως
3295 3389 3516 3444 ἱππικὸν
3567 3387 3723 3462 ἐξηρ-

2065 3484 2280 3552 τύοντο,
2335 3483 2402 3551 ἦν
2447 3479 2604 3544 ἐλπὶς
2649 3481 2739 3535 καὶ
2791 3480 3018 3544 ἀνέσεως
3069 3477 3392 3556 προσδοκία’
3441 3475 3630 3546 ἐπειδή
3667 3474 3726 3532 δὲ

2072 3573 2147 3635 εἷς
2195 3572 2294 3640 τήν
2347 3569 2800 3645 εἷ’δωλολατρείαν
2842 3571 2902 3625 τὸ
2954 3568 3183 3645 ἔσχατον
3215 3573 3322 3624 τῶν
3359 3573 3539 3623 κακῶν
3573 3566 3723 3622 ἐκπε-

2073 3662 2342 3732 πτώκασι⁹
2395 3661 2611 3714 καὶτοῦ
2653 3656 2798 3714 ἱδίου
2850 3659 3154 3732 ἀξιώματος
3204 3660 3280 3732 μὴ
3315 3658 3720 3731 αἰσθανόμενοι,

2073 3756 2152 3823 τῷ
2182 3748 2398 3823 εἰδώλῳ
2427 3751 2522 3813 τὰς
2566 3749 2813 3814 ίσοθὲους
2859 3749 3022 3821 τιμὰς
3074 3749 3462 3820 ἀπονέμουσιν,
3511 3749 3590 3806 Οὐ
3646 3747 3722 3820 μή

2075 3843 2260 3911 ἀνήσω
2290 3838 2504 3903 αὐτούς.
2539 3839 2644 3895 Καὶ
2691 3842 2852 3893 τοῦτο
3036 3837 3118 3893 ἐπ’
3159 3837 3439 3913 εὐεργεσίᾳ
3470 3838 3497 3892 ὁ
3529 3836 3727 3912 ἀγαθὸς

2075 3929 2296 4006 ἐνεργεῖ.
2331 3931 2481 3986 Ἐπεὶ
2529 3931 2630 4004 γάρ
2684 3930 2717 3998 ἡ
2769 3928 2944 3989 ἄνεσις
3001 3925 3297 3989 ἀκολασίας
3354 3926 3495 3982 ἐστὶν
3559 3927 3727 4003 ἀφορ-

2081 4022 2156 4093 μὴ
2204 4023 2333 4093 (86),
2367 4017 2444 4076 Οὐ
2497 4020 2572 4091 μὴ
2624 4019 2808 4088 ἀνήσω
2849 4016 3064 4079 αὐτούς’
3111 4015 3202 4071 ’ἱνα
3258 4018 3293 4086 ἡ
3356 4013 3543 4089 Θλίψις
3599 4019 3726 4089 γοῦν

2077 4109 2312 4184 ἀνάγκην
2345 4107 2527 4170 αὐτοῖς
2559 4113 2658 4176 τῆς
2687 4111 2784 4161 τοῦ
2815 4110 2947 4161 Θεοῦ
2983 4107 3209 4179 μνήμης
3239 4103 3523 4180 παράσχῃ.
3571 4105 3733 4158 ’Ὼστε

2079 4197 2178 4253 οὐκ
2206 4195 2408 4265 ἀπειλή
2445 4191 2706 4272 βλαϐερὰ,
2761 4195 2909 4252 ἀλλά
2956 4193 3298 4271 παιδαγωγία
3346 4196 3619 4268 σωτήριος
3663 4192 3726 4246 τὸ

2083 4288 2158 4362 μὴ
2190 4289 2462 4352 ἀνεθῆναι.
2499 4284 2575 4342 Οὐ
2628 4286 2703 4358 μὴ
2749 4284 2849 4361 γάρ
2900 4306 2957 4340 σε
2986 4287 3120 4358 ἀνῶ,
3153 4285 3338 4356 φησὶν,
3374 4281 3486 4338 οὐδ’
3527 4280 3587 4338 οὗ
3618 4284 3734 4355 (87)

2081 4378 2156 4451 μή
2191 4397 2248 4430 σε
2279 4374 2643 4450 ἐγκαταλίπω.

2149 4469 2239 4523 85.
2300 4464 2398 4520 Καὶ
2456 4468 2549 4519 νῦν
2599 4461 2865 4528 εἰσέλθετε
2914 4463 2990 4525 εἷς
3039 4463 3136 4525 τὰς
3181 4461 3401 4539 πὲτρας,
3451 4461 3541 4517 καὶ
3599 4458 3729 4517 κού-

2081 4895 2221 4932 νιον.
2255 4876 2420 4932 Haud
2465 4876 2636 4948 longe
2665 4880 2787 4948 tres
2818 4891 2989 4944 mss.,
3017 4873 3223 4944 ἀνήσει,
3258 4873 3432 4931 male.
3467 4873 3577 4930 Alii
3621 4879 3740 4932 tres

2085 4966 2230 5006 mss.
2272 4965 2402 5004 cum
2437 4945 2632 5014 editis,
2663 4945 2870 5016 ἀνήσω,
2902 4951 3076 5004 recte.

2152 5022 2264 5090 (84)
2288 5021 2396 5076 Ubi
2429 5021 2487 5075 in
2520 5020 2694 5076 editis
2726 5016 3318 5091 legiturJﬂrﬁOwov,
3339 5017 3630 5091 scriptum
3657 5019 3741 5073 in-

2083 5093 2352 5149 venimus
2379 5093 2727 5163 ingquatuor
2766 5089 2933 5159 mss.,
2971 5089 3297 5160 ἓπλήθυναν·
3333 5090 3391 5144 in
3427 5089 3559 5146 aliis
3602 5107 3739 5148 vero

2086 5167 2339 5234 duobus,
2376 5161 2768 5231 ὲπληθῦνοντο.

2155 5231 2392 5363 (ὃὸἒεὶο
2425 5253 2572 5291 mss.
2614 5237 2892 5307 quinque.
2938 5238 3008 5288 At
3065 5237 3266 5289 nostra
3320 5231 3498 5288 editio
3556 5233 3741 5290 Paris.

2163 5326 2217 5363 m
2306 5325 2395 5363 ea.
2424 5307 2632 5363 orimo.
2674 5311 2888 5363 τοῦτον.
2918 5323 3032 5362 non
3067 5305 3213 5362 satis
3246 5305 3572 5362 emendate.

2086 5305 2217 5364 cum
2254 5305 2395 5379 Reg.
2424 5305 2647 5380 primo,
2674 5311 2888 5376 τοῦτον,
2918 5323 3032 5380 non
3067 5305 3213 5362 satis
3246 5305 3572 5380 emendate.

2158 5381 2272 5451 (86)
2307 5375 2371 5435 In
2402 5375 2657 5452 quatuor
2689 5397 2831 5435 mss.
2876 5375 3170 5452 scriptum
3225 5375 3534 5452 reperitur,
3568 5375 3742 5452 ἀρχή,

2086 5448 2263 5524 mque
2293 5448 2544 5508 libidini:
2563 5453 2927 5524 principium.
2959 5448 3074 5506 Nec
3105 5451 3185 5506 ita
3217 5448 3397 5504 multo
3457 5448 3612 5522 post'
3644 5448 3748 5506 ali-

2088 5522 2232 5597 quot
2259 5541 2428 5591 mss.,
2463 5522 2688 5596 μνήμης
2719 5522 3017 5597 παράσχοι.

2090 5591 2382 5720 8"(87)Ita
2412 5591 2510 5653 sex
2546 5591 2725 5654 nostri
2767 5591 3173 5651 libriVeteres.
3235 5593 3383 5650 Edili
3442 5609 3595 5665 vero,
3648 5591 3743 5646 οὐ-
