4130 6380
355 369 471 430 257

1203 359 1610 423 COMMENT.
1658 357 1737 419 IN
1785 357 2055 419 ISAIAM
2101 352 2611 416 PROPHETAM.
2659 355 2824 416 CAP.
2878 355 2954 418 ll.

3664 358 3783 425 258

357 511 551 563 πτισθε
600 497 677 562 είς
735 497 834 565 τήν
888 501 991 571 γῆν
1050 495 1156 549 ἀπὸ
1185 493 1483 566 προσώπου
1540 494 1636 544 τοῦ
1686 485 1858 567 φόϐου
1915 495 2018 543 Κυ-

2160 489 2542 544 lbscondimini
2570 492 2626 544 in
2661 494 2808 545 terra
2857 509 2890 546 a
2936 490 3084 564 [acie
3125 493 3340 549 timoris
3388 494 3628 566 Domini,
3675 505 3782 550 era

362 590 500 668 piou,
535 588 624 643 καὶ
657 587 765 642 ἀπὸ
814 588 913 654 τῆς
975 583 1136 656 δόξης
1193 581 1385 656 ἰσχύος
1433 579 1768 648 αὐτοῦ,ὅταν
1822 578 2023 650 ἀναστῇ

2160 579 2320 634 ιιονία
2345 578 2697 650 fortitudinis
2748 581 2905 650 ejus:
2954 597 3075 635 cum
3126 583 3432 638 surrexerit
3482 583 3553 639 ad
3598 592 3778 639 conte-

366 682 591 755 θραῦσαι
621 677 720 744 τὴν
777 681 902 751 713v.
937 673 1121 742 Ἀλλη
1183 669 1529 746 παράκλησις
1561 669 1695 739 αὕτη
1750 669 1887 742 πρὸς
1932 667 2022 721 τὸν

369 770 514 824 οἶκον
537 765 636 821 τοῦ
679 758 876 821 Ἰακὼὸ
924 761 1011 817 ἐπὶ
1063 763 1125 816 τὸ
1172 762 1445 836 συμφέρον
1495 756 1904 835 παρακαλοῦσα.
1938 757 2026 818 Ὧς

369 860 492 936 γὰρ,
527 859 685 911 Δεῦτε
732 853 823 908 καὶ
874 847 1186 924 ἀναδῶμεν·
1224 851 1300 912 εἰς
1350 851 1411 904 τὸ
1462 846 1590 925 ὅρος
1634 852 1730 902 τοῦ
1791 845 2026 919 Κυρίου·

377 933 534 1002 Δεῦτε
581 942 671 998 καί
725 945 1084 1016 πορευθῶμεν
1138 943 1218 1011 τῷ
1248 940 1386 1016 φωτὶ
1458 937 1660 1015 Κυφίου
1694 957 1706 969 ο
1768 934 1908 989 οὕτω
1939 933 2026 988 καὶ

374 1037 437 1091 τὸ
493 1038 580 1088 νῦν
617 1052 630 1067 ·
682 1027 970 1094 Εἶσέλθετε
1018 1027 1094 1090 εἲς
1149 1029 1247 1089 τὰς
1306 1029 1526 1102 πέτρας,
1587 1026 1676 1080 καὶ
1733 1023 2033 1098 κρύπτεσθε

382 1124 459 1188 είς
500 1124 597 1191 τὴν
642 1126 743 1195 γῆν
798 1119 903 1173 ἀπὸ
961 1118 1260 1192 προσώπου
1307 1121 1402 1172 τοῦ
1434 1111 1608 1190 φόϐου
1637 1113 1863 1190 Κυρίου.
1894 1109 2034 1186 Ἀρά

377 1213 457 1275 τίς
509 1211 648 1266 ἐστιν
711 1208 854 1264 οὕτω
911 1207 1254 1282 συκοφάντης
1304 1210 1402 1272 τῆς
1460 1211 1698 1280 Γραφῆς,
1733 1201 1870 1256 ὥστε
1923 1199 2032 1253 οἴε-

377 1303 496 1356 σθαι
534 1294 926 1372 συμϐουλεύειν
974 1295 1186 1374 φεύγειν
1227 1296 1375 1357 τινὰς
1428 1295 1534 1350 ἀπὸ
1580 1293 1878 1368 προσώπου
1936 1293 2032 1343 τοῦ

377 1383 548 1466 φόϐου
581 1385 808 1461 Κυρίου,
835 1383 888 1439 ἐν
921 1389 1041 1445 ταῖς
1064 1381 1354 1454 κοιλότησι
1383 1388 1489 1438 τῶν
1540 1385 1749 1457 πετρῶν
1810 1379 2032 1440 ἑαυτοὺς

376 1477 863 1552 κατακρύψαντας;
915 1473 1113 1546 Ἀλλὰ,
1169 1477 1280 1530 11οῦ
1343 1478 1632 1548 πορευθῶ,
1693 1472 1880 1546 φησὶν,
1929 1469 2034 1523 ἀπὸ

383 1574 480 1624 τοῦ
537 1566 847 1641 πνεύματός
908 1586 1023 1631 σου,
1079 1565 1169 1619 καὶ
1227 1565 1333 1619 ἀπὸ
1391 1568 1488 1617 τοῦ
1560 1561 1862 1637 προσώπου
1940 1580 2034 1613 σου

385 1662 493 1714 ποῦ
547 1656 734 1734 φύγως
793 1655 915 1712 Ἐὰν
972 1649 1152 1709 ἀναϐῶ
1226 1654 1300 1715 εἰς
1356 1654 1447 1707 τὸν
1509 1652 1762 1728 οὐρανὸν,
1814 1649 1874 1704 σὺ
1928 1649 2038 1703 ἐκεῖ

385 1746 466 1802 εἴ·
513 1745 603 1802 καὶ
677 1744 842 1800 πάλιν
883 1744 911 1799 6
971 1743 1208 1818 Κύριοςο
1266 1744 1389 1800 Ἐὰν
1467 1735 1888 1818 πατακρυϐῶσιν
1959 1737 2035 1800 εἷς

2136 667 2365 722 rendam
2393 671 2620 724 terram.
2654 667 2849 723 Altera
2894 667 3015 724 haec
3061 674 3148 726 est
3199 671 3268 726 ad
3312 671 3554 727 domum
3600 671 3784 727 Jacob

2139 757 2492 824 adhortatio,
2526 774 2654 828 quas
2685 757 2876 828 ipsam
2909 759 2977 812 ad
3014 757 3070 813 id
3106 761 3254 828 quod
3294 759 3661 814 conducibile
3694 763 3785 816 est

2140 847 2368 900 invitat.
2417 847 2920 912 Quemadmodum
2969 847 3124 902 enim
3176 848 3400 904 dixerat
3450 851 3653 919 (Vnus.
3729 848 3784 918 3,

2139 937 2229 1006 5):
2257 936 2440 992 Venite
2470 949 2520 990 et
2568 935 2924 990 ascendamus
2980 938 3040 990 in
3087 941 3330 993 montem
3377 939 3637 994 Domini:
3691 937 3790 994 Ve-

2139 1027 2274 1094 nite,
2311 1026 2363 1079 et
2381 1024 2725 1078 ambulemus
2749 1024 2962 1078 lumine
2993 1025 3256 1080 Domini:
3286 1025 3368 1081 ita
3398 1025 3573 1081 etiam
3609 1041 3788 1092 nunc,

2142 1113 2508 1183 lngredimini
2563 1114 2623 1167 in
2668 1116 2869 1183 petras,
2932 1116 2982 1167 et
3027 1114 3428 1169 abscondimini
3471 1114 3530 1169 in
3578 1122 3728 1170 terra
3756 1130 3792 1170 α

2142 1204 2290 1277 faeie
2317 1203 2537 1257 timoris
2585 1202 2833 1257 Domini.
2891 1200 3042 1257 Num
3099 1202 3232 1273 quis
3288 1203 3373 1277 ita
3427 1203 3792 1276 Scripturam

2144 1290 2563 1357 calumniatur,
2596 1289 2749 1344 488
2808 1293 2873 1344 ut
2920 1291 2993 1344 ab
3042 1306 3109 1345 ea
3153 1289 3452 1362 aliquibus
3501 1291 3796 1347 existimet

2145 1380 2271 1436 dari
2301 1378 2611 1436 consilium
2646 1381 2718 1434 de
2748 1378 3032 1451 capienda
3055 1380 3191 1452 fuga
3214 1397 3245 1433 a
3267 1380 3411 1436 facie
3432 1380 3663 1436 timoris
3683 1379 3794 1436 Do-

2149 1469 2314 1539 mini,
2347 1473 2412 1523 ut
2443 1485 2571 1524 sese
2604 1468 2661 1522 in
2707 1471 3006 1539 petrarum
3059 1469 3328 1524 concavis
3378 1468 3795 1526 abscondant?

2144 1559 2250 1613 Sed
2289 1558 2499 1630 inquit,
2525 1562 2638 1626 Quo
2673 1557 2758 1612 ibo
2789 1575 2820 1611 α
2851 1558 3050 1628 spiritu
3077 1562 3190 1622 tuo,
3222 1563 3272 1612 et
3304 1575 3408 1628 quo
3455 1575 3488 1613 a
3514 1557 3665 1631 facie
3695 1567 3796 1614 tua

2144 1650 2362 1721 fugiam
2385 1648 2412 1702 ?
2444 1648 2504 1702 Si
2533 1647 2830 1703 ascendero
2851 1648 2911 1701 in
2931 1648 3154 1714 caalum,
3183 1652 3242 1702 tu
3261 1649 3381 1704 illic
3405 1664 3460 1703 es
3485 1649 3552 1702 ²².
3581 1653 3650 1703 Et
3667 1665 3796 1703 rur-

2149 1756 2250 1794 sus
2277 1735 2586 1805 Dominus,
2618 1737 2680 1790 Si
2709 1736 3015 1792 abscondili
3060 1737 3278 1806 fuerint
3329 1739 3394 1792 in
3433 1736 3701 1807 Carmelo,
3726 1737 3800 1791 il-

382 1835 474 1891 τὸν
543 1835 658 1909 (88)
715 1831 1040 1908 Κάρμηλον,
1075 1831 1271 1888 ἐκεῖθεν
1329 1830 1600 1923 λήψομαιΔ
1641 1829 1857 1923 αὐτούς.
1912 1827 2034 1884 Ἐὰν

2160 1829 2264 1883 lino
2291 1842 2568 1883 assumam
2599 1826 2742 1881 illos.
2777 1824 2836 1880 Si
2861 1826 3117 1898 fugerint
3146 1827 3212 1880 in
3239 1841 3416 1894 mare,
3457 1827 3579 1882 illic
3634 1841 3799 1880 man-

386 1924 626 2003 φύγωσιν
702 1923 778 1985 εἷς
850 1924 949 1992 τὴν
1028 1919 1298 1976 Θάλασσαν
1328 1965 1341 1987 ,
1405 1920 1516 1974 ἐκεῖ
1583 1917 1907 1991 έντελοῦμαι
1959 1920 2039 1987 τῷ

387 2013 664 2089 δράκοντι,
694 2011 785 2066 καὶ
819 2009 1034 2081 δήξεται
1091 2012 1202 2083 (89)
1256 2009 1474 2070 αὐτούς.
1509 2013 1631 2070 Πῶς
1692 2008 1783 2062 οῦν
1838 2006 2039 2076 σκέπην

385 2103 490 2158 ἀπὸ
519 2102 821 2178 προσώπου
850 2097 947 2156 τοῦ
980 2094 1155 2174 φόϐου
1211 2098 1416 2171 Κυρίου
1469 2093 1860 2152 συνεϐούλευσε
1907 2115 2041 2168 προ-

385 2187 646 2249 ϐαλέσθαι
675 2191 774 2259 τὴν
806 2190 1007 2264 πέτραν
1029 2209 1042 2258 ;
1068 2188 1246 2244 Ἀλλά
1281 2190 1498 2262 μήποτε
1556 2186 1680 2260 μίαν
1741 2183 1892 2261 λέγει
1926 2187 2040 2258 (90)

384 2285 493 2336 τῶν
523 2283 707 2335 κακῶν
738 2277 1089 2352 ἀπαλλαγὴν,
1117 2275 1214 2331 ὅσα
1244 2275 1297 2331 έν
1326 2282 1442 2339 τοῖς
1473 2275 1700 2331 κατόπιν
1729 2274 2044 2350 ἀπηριθμή-

393 2391 544 2438 σατο,
571 2369 635 2424 τὸ
667 2366 931 2432 εἰσελθεῖν
964 2366 1038 2429 εἷς
1085 2367 1183 2436 τὴν
1236 2367 1438 2436 σκέπην
1485 2372 1582 2434 τῆς
1630 2362 1849 2438 πέτρας,
1880 2383 2040 2416 τουτ-

391 2461 559 2529 έστιν,
611 2458 686 2520 είς
745 2458 807 2512 τὸ
866 2455 1148 2532 στερέωμα
1201 2463 1302 2526 τῆς
1358 2455 1433 2516 εἷς
1493 2454 1724 2528 Χριστὸν
1786 2452 2040 2512 πίστεως.

388 2551 567 2606 ’Όπου
596 2547 686 2602 καὶ
717 2548 952 2613 Μωυσῆς
987 2543 1165 2614 ἐτέθη,
1202 2543 1422 2618 μέλλων
1461 2543 1552 2598 τὸν
1598 2542 1725 2596 Θεὸν
1782 2539 1998 2616 βλέπειν
2026 2559 2039 2572 ο

392 2637 523 2707 ἐκεῖ,
584 2635 773 2712 φησὶν,
833 2631 1141 2701 Είσέλθετε,
1178 2633 1266 2687 καὶ
1325 2631 1763 2707 κατακρύπτεσθε
1814 2629 1888 2691 εἰς
1941 2631 2041 2698 τήν

393 2734 498 2803 γῆν
525 2744 537 2758 ·
571 2725 836 2793 τουτέστι,
871 2724 1075 2796 Θάψατε
1122 2721 1362 2784 ἑαυτούς.
1395 2725 1507 2778 Ἵνα
1556 2720 1641 2789 τί;
1673 2723 1792 2776 Ἵνα
1850 2739 2044 2774 συντα-

395 2818 582 2895 φέντες
613 2812 760 2886 αὖτῷ
802 2810 892 2867 διὰ
917 2815 1016 2867 τοῦ
1077 2811 1468 2886 βαπτίσματος,
1502 2811 1592 2864 καὶ
1650 2808 2044 2864 συναποθανόν-

393 2927 503 2975 τις,
555 2903 606 2959 έν
659 2901 939 2972 καινότητι
1002 2906 1146 2971 ζωῆς
1207 2902 1635 2976 περιπανήσητε,
1689 2898 2044 2963 ἀποθανόντες

394 2997 462 3069 τῇ
497 2991 754 3068 ἁμαρτίᾳ.
791 2990 1068 3066 Συνάγαγε
1097 2992 1211 3064 (91)
1243 2988 1300 3044 δὲ
1328 2991 1396 3044 τὰ
1441 2989 1566 3064 περὶ
1616 2989 1816 3061 πέτρας
1872 2987 1924 3042 έν
1975 2990 2046 3060 τῇ

396 3085 607 3160 Γραφῇ,
636 3080 776 3135 ὥστε
817 3101 902 3134 σοι
955 3081 1296 3154 τρανωθῆναι
1349 3079 1442 3131 τὸν
1491 3076 1682 3132 τόπον.
1732 3078 1820 3132 Ἐν
1881 3076 2051 3149 πέτρᾳ

402 3169 618 3244 ὕψωσάς
678 3189 762 3241 με,
798 3168 896 3221 Καὶ
951 3165 1010 3220 ἐκ
1055 3166 1252 3238 πέτρας
1309 3160 1454 3220 ἔπιεν
1507 3165 1535 3218 6
1567 3162 1734 3226 λαός·
1768 3163 1914 3218 ἀλλᾶ
1956 3163 2044 3218 καὶ

2151 1915 2288 1972 dabo
2312 1915 2561 1980 draconi,
2593 1922 2645 1970 el
2670 1915 2939 1970 mordebit
2979 1930 3068 1969 eos
3105 1915 3152 1949 ³³
3190 1914 3314 1978 Qua
3341 1914 3524 1986 igitur
3571 1915 3802 1971 ratione

2152 2004 2465 2062 consilium
2495 2003 2672 2071 dedit,
2727 2009 2792 2059 ut
2839 2007 3062 2075 petram
3115 2019 3216 2058 ceu
3268 2007 3534 2059 tutamen
3585 2021 3618 2060 a
3658 2003 3804 2060 facie

2151 2094 2381 2150 timoris
2411 2092 2646 2149 Domini
2700 2090 3104 2163 objectarent?
3154 2092 3266 2148 Sed
3317 2093 3567 2150 fortasse
3614 2109 3802 2150 unum

2152 2185 2308 2239 hunc
2340 2199 2469 2238 esse
2501 2182 2744 2237 modum
2795 2180 3163 2237 liberationis
3221 2181 3514 2238 malorum
3564 2199 3693 2255 quae
3742 2182 3804 2238 in

2152 2271 2556 2344 superioribus
2588 2274 2932 2325 enumerata
2962 2274 3122 2336 sunt,
3172 2274 3236 2324 ut
3288 2271 3698 2343 ingrediantur
3745 2271 3806 2327 in

2153 2363 2623 2433 integumentum
2645 2363 2842 2430 petrae,
2866 2359 2976 2414 hoc
2997 2360 3186 2425 est,in
3227 2359 3361 2415 fidei
3395 2377 3522 2433 quae
3555 2361 3612 2417 in
3646 2362 3806 2417 Chri-

2154 2457 2242 2506 sto
2275 2454 2364 2506 est
2395 2449 2753 2505 soliditatem
2785 2449 2849 2502 2‘.
2903 2448 3010 2504 Ubi
3069 2448 3390 2505 collocatus
3440 2457 3529 2506 est
3578 2451 3809 2524 Moyses

2157 2543 2337 2596 Deum
2358 2539 2595 2594 visurus
2615 2539 2660 2572 ²⁶
2686 2556 2698 2604 ;
2719 2537 2840 2607 illo,
2865 2538 3080 2608 inquit,
3105 2539 3476 2608 lngredimini
3495 2545 3549 2594 et
3581 2542 3812 2596 abscon-

2153 2631 2358 2686 dimini
2387 2630 2447 2684 in
2479 2632 2648 2696 terra,
2679 2627 2790 2683 hoc
2825 2631 2936 2696 est,
2969 2627 3213 2698 sepelite
3242 2627 3480 2700 vosipsi.
3506 2629 3654 2693 Quid
3678 2630 3759 2686 ita
3779 2630 3808 2685 ?

2154 2719 2227 2775 Ut
2260 2735 2358 2790 per
2389 2719 2686 2790 baptisma
2719 2734 2836 2772 una
2868 2733 3002 2772 cum
3037 2718 3167 2790 ipsa
3199 2717 3411 2790 sepulti
3445 2719 3511 2786 ³⁸,
3546 2736 3611 2774 ac
3643 2735 3809 2774 com-

2157 2807 2396 2875 mortui,
2425 2808 2481 2861 in
2513 2807 2772 2862 novitate
2792 2805 2921 2860 vitas
2941 2805 3273 2873 ambuletis,
3310 2807 3525 2862 mortui
3551 2816 3805 2878 peccato.

2159 2899 2333 2954 Porro
2360 2913 2488 2969 quae
2519 2897 2592 2952 de
2652 2899 2818 2967 petra
2875 2895 2935 2948 in
2995 2895 3299 2966 Scriptura
3353 2901 3698 2964 occurrunt,
3745 2899 3806 2952 in

2159 3003 2342 3043 unum
2375 2985 2601 3057 collige,
2635 3001 2751 3056 quo
2785 2983 2888 3038 tibi
2919 2983 3083 3038 locus
3114 2982 3208 3038 hic
3239 2984 3342 3039 ﬁat
3371 2984 3583 3042 clarior
3621 2995 3674 3041 et
3713 3003 3810 3042 ex-

2159 3075 2470 3148 planatior.
2503 3076 2566 3129 In
2592 3077 2744 3144 petra
2773 3072 3040 3127 exaltain
3066 3088 3153 3128 me
3181 3071 3246 3126 ’⁷.
3289 3076 3357 3126 Et
3388 3073 3458 3128 de
3507 3079 3672 3146 petra
3722 3075 3809 3130 bi-

2160 3166 2334 3220 behat
2353 3162 2607 3234 populus
2621 3162 2665 3196 ²⁸
2686 3178 2700 3229 ;
2725 3159 2859 3231 quia
2871 3159 3047 3215 etiam
3071 3160 3141 3214 de
3155 3164 3319 3231 petra
3331 3160 3585 3216 habebat
3607 3163 3718 3219 mel
3742 3164 3811 3221 π.

406 3225 532 3332 μέλι
563 3225 711 3333 είχέν
744 3254 804 3310 έκ
829 3254 1044 3330 πέτρας.
1080 3225 1176 3308 Καὶ
1307 3249 1626 3326 Ψαλμῳὸός
1686 3271 1838 3330 φησι⁶
1874 3252 2046 3327 Πέτρα

2165 3225 2604 3323 ΔίᾳιιθῬειιΙῐθε
2635 3225 2758 3304 ait:-
2787 3251 2952 3304 Petra
2981 3225 3261 3320 refugium
3293 3250 3569 3322 leporibus
3596 3253 3660 3306 ³ο.
3697 3253 3807 3307 Pu-

401 3347 685 3420 καταφυγὴ
757 3349 877 3405 τοῖς
965 3341 1224 3418 λαγωοῖς.
1277 3342 1348 3396 Τὸ
1425 3341 1660 3415 καθαρὸν
1735 3341 1871 3414 πρὸς
1955 3340 2049 3395 κό-

404 3457 495 3510 ρον
531 3437 662 3508 (92)”
697 3433 786 3487 καὶ
821 3430 1004 3486 ἔλαιον
1039 3429 1118 3499 δὲ,
1151 3431 1196 3502 ᾧ
1255 3429 1529 3505 ἐχρίοντο,
1562 3433 1598 3500 ἡ
1658 3429 1845 3504 στερεά
1885 3430 2056 3504 πέτρα

401 3527 657 3598 παρεῖχε,
693 3520 832 3575 κατὰ
857 3521 956 3588 τὴν
998 3517 1146 3591 ᾠδὴν
1179 3521 1277 3588 τὴν
1312 3518 1608 3580 Μωϋσέως.
1643 3518 1764 3573 Ἐὰν
1811 3517 1902 3574 οῦν
1951 3517 2056 3572 εἷσ-

405 3611 601 3681 έλθητε
651 3610 725 3672 εἷς
782 3610 880 3678 τήν
920 3608 1138 3684 πέτραν,
1173 3605 1464 3678 δυνήσεσθε
1495 3606 1738 3663 ἐκκλῖναι
1798 3608 1902 3662 ἀπὸ
1957 3611 2054 3662 τοῦ

407 3695 582 3777 φόϐου
632 3697 836 3775 Κυρίου
881 3698 1162 3770 (93),ὅταν
1225 3697 1427 3771 ἀναστῇ
1479 3697 1704 3771 θραῦσαι
1774 3697 1873 3766 τὴν
1931 3697 2053 3771 γῆν,

404 3789 530 3845 ὅταν
585 3786 765 3863 μέλλῃ
817 3786 1084 3864 ἀφανίζειν
1135 3787 1202 3840 τὰ
1244 3787 1426 3862 γήινα,
1485 3785 1576 3840 καὶ
1629 3786 1901 3861 ἀφανίζειν
1962 3787 2052 3841 τὸν

405 3879 599 3955 χοϊκὸν
635 3877 722 3932 ἐπὶ
751 3879 831 3948 τῷ
861 3873 1258 3949 ἀνεμπόδιστον
1311 3876 1571 3950 παρέχειν
1606 3877 1713 3948 (94)
1761 3880 1840 3947 τῷ
1895 3896 2056 3930 πνευ-

405 3971 622 4042 ματικῷ
648 3967 748 4036 τὴν
780 3966 947 4036 ζωήν.
982 3965 1185 4027 Πθάσαι
1218 3961 1308 4018 οῦν
1341 3963 1423 4019 δεῖ
1449 3965 1550 4031 τήν
1587 3965 1720 4037 μετὰ
1758 3961 1918 4034 δόξης
1965 3965 2054 4019 καὶ

405 4056 599 4132 ἴσχύος
633 4055 796 4111 αὐτοῦ
825 4052 1136 4125 ἀνάστασιν,
1173 4050 1262 4108 διὰ
1286 4057 1384 4108 τοῦ
1412 4051 1667 4108 τοιούτου
1693 4048 1900 4129 τρόπου
1933 4054 2051 4109 ἑπι-

406 4145 547 4220 μελη
556 4145 742 4210 θέντας
773 4144 976 4198 ἑαυτῶν
988 4185 1000 4199 .

468 4327 558 4380 86.
605 4323 673 4380 O't
729 4321 829 4398 γὰρ
893 4320 1171 4400 ὀφθαλμοὶ
1234 4321 1435 4398 Κυρίου
1495 4321 1724 4396 ὑψηλοὶ,
1778 4323 1806 4377 6
1867 4319 1923 4378 δὲ
1965 4320 2054 4378 ἅν-

401 4426 621 4490 θρωπος
650 4409 925 4474 ταπεινός.
971 4413 1087 4467 Ἵνα
1138 4412 1214 4483 μὴ
1274 4410 1502 4485 νομίσῃς
1563 4414 1879 4485 σωματικήν
1938 4433 2060 4468 τινα

472 4512 519 4546 ²²
555 4510 705 4566 Psal.
737 4525 987 4580 cxxxvn,
1017 4509 1073 4575 7,
1109 4513 1163 4563 8.
1263 4510 1308 4543 ²³
1337 4511 1513 4565 Amos
1548 4527 1627 4580 IX,
1653 4510 1706 4566 3.

1805 4511 1850 4546 "
1879 4512 2070 4569 Colos.
2106 4530 2168 4580 ιι,
2201 4513 2255 4565 5.

2161 3360 2226 3397 ra
2255 3357 2408 3413 aqua
2439 3340 2508 3394 ad
2544 3338 2876 3394 satietatem
2908 3354 3097 3409 usque
3126 3338 3211 3394 eis
3242 3339 3379 3394 data
3409 3345 3497 3395 est
3525 3356 3538 3395 :
3600 3341 3700 3396 sed
3755 3345 3813 3396 et

2163 3436 2326 3503 petra
2347 3431 2498 3484 dura
2518 3426 2732 3493 oleum,
2757 3443 2873 3498 quo
2903 3426 3365 3498 inungebantur,
3392 3429 3564 3500 juxta
3592 3429 3812 3502 Moysis

2163 3519 2460 3576 canticum
2491 3518 2558 3585 εί,
2590 3515 2992 3571 ministrabat.
3033 3517 3260 3588 Itaque,
3285 3517 3334 3574 si
3369 3517 3714 3575 introieritis
3745 3519 3805 3574 in

2166 3615 2411 3682 petram,
2445 3605 2710 3677 poteritis
2741 3622 2775 3660 a
2805 3603 3014 3660 timore
3044 3604 3274 3660 Domini
3308 3605 3628 3673 declinare,
3676 3625 3810 3663 cum

2164 3701 2366 3770 surget
2395 3697 2466 3752 ad
2501 3695 2918 3751 conterendam
2951 3698 3170 3749 terram
3197 3712 3210 3750 :
3244 3711 3377 3751 cum
3411 3700 3644 3753 terrena
3665 3702 3754 3754 est
3783 3713 3814 3753 e

2165 3787 2356 3843 medio
2389 3785 2754 3850 sublaturus,
2788 3799 3043 3856 eumque
3073 3783 3422 3855 aboliturus,
3456 3786 3554 3854 qui
3585 3803 3654 3842 ex
3682 3787 3816 3859 pul-

2163 3893 2294 3932 vere
2325 3893 2392 3931 ac
2421 3875 2545 3931 luto
2576 3879 2687 3944 est,
2722 3877 2786 3929 ut
2814 3873 2865 3929 ei
2899 3872 2998 3944 qui
3029 3873 3356 3946 spiritualis
3379 3879 3489 3946 est,
3517 3876 3696 3932 vitam
3725 3893 3819 3933 ex-

2165 3966 2424 4038 peditam
2457 3969 2514 4020 et
2570 3963 2733 4020 omni
2779 3962 3204 4035 impedimento
3253 3965 3507 4021 solutam
3560 3970 3814 4038 praestet.

2165 4055 2326 4127 Opus
2358 4058 2446 4109 est
2466 4053 2647 4126 igitur
2667 4056 2732 4106 ut
2753 4051 2940 4124 ipsius
2962 4052 3451 4110 resurrectionem
3474 4071 3606 4111 cum
3632 4054 3819 4128 gloria

2166 4150 2222 4200 et
2255 4142 2595 4199 fortitudine
2625 4142 3013 4213 ounjunctum
3045 4157 3458 4215 assequamur,
3491 4149 3666 4216 atque
3704 4143 3818 4200 hoc

2167 4234 2342 4289 modo
2373 4247 2574 4288 curam
2606 4229 2792 4287 nostri
2819 4229 3082 4302 ipsorum
3116 4230 3530 4304 suscipiamus.

2237 4323 2328 4377 86.
2360 4320 2535 4376 Vens.
2574 4321 2662 4374 11.
2695 4321 2843 4374 Nam
2871 4319 3020 4374 oculi
3071 4319 3298 4375 Domini
3339 4321 3623 4394 sublimes,
3670 4321 3822 4379 homo

2169 4417 2355 4468 autem
2367 4410 2613 4465 humilis.
2634 4413 2715 4464 Ne
2732 4424 3076 4480 corporeum
3103 4410 3419 4480 quemdam
3443 4429 3477 4466 a
3497 4411 3614 4469 Deo
3630 4427 3822 4469 seces-

2351 4509 2398 4543 ²⁶
2427 4506 2605 4563 Exod.
2638 4523 2838 4574 xxx'u,
2871 4506 2962 4560 22.
3054 4506 3098 4540 ²⁶
3127 4509 3296 4562 Rom.
3329 4524 3404 4575 v1,
3434 4509 3486 4565 4.
3588 4510 3632 4546 ’⁷
3661 4511 3820 4572 Psal.

399 4600 487 4648 ιι,
519 4584 574 4638 3.
651 4582 695 4616 ³³
727 4582 899 4636 Num.
935 4577 1025 4646 xx,
1061 4582 1149 4635 11.
1225 4581 1270 4615 ²⁹
1301 4581 1451 4636 Deut
1503 4577 1685 4649 xxxii,
1721 4583 1788 4637 13
1819 4601 1832 4652 ;
1871 4584 2023 4641 Psal.

2160 4601 2222 4651 .x,
2259 4583 2344 4636 17.
2424 4579 2469 4615 ³ο
2501 4577 2657 4634 Psal.
2689 4594 2809 4640 cm,
2841 4577 2930 4632 48.
3007 4577 3050 4612 ³¹
3084 4577 3254 4634 Deut.
3287 4597 3464 4650 xxxn,
3499 4582 3586 4639 13.

474 4680 586 4752 (89)
616 4681 699 4735 Ita
730 4681 996 4752 quinque
1029 4694 1155 4752 mss
1203 4696 1216 4744 ;
1251 4695 1356 4752 nec
1391 4679 1559 4733 aliter
1589 4680 1879 4752 scripsere
1903 4686 2050 4737 LXX
2086 4687 2132 4750 Ι)
2168 4689 2265 4736 tur
2296 4675 2738 4752 uterqueColb._
2759 4679 2816 4752 et
2846 4675 2982 4730 Duc.
3018 4674 3155 4752 libri
3183 4677 3253 4752 H._
3310 4682 3374 4752 et
3406 4679 3501 4752 H.,
3549 4681 3612 4735 τὸ
3657 4693 3821 4745 καθα-

403 4751 774 4821 interpretes.
808 4751 961 4806 Editi
993 4755 1051 4804 et
1085 4751 1504 4822 Regprimus,
1536 4751 1662 4819 τήν.

476 4818 590 4895 (89)
623 4823 768 4877 Editi
803 4828 861 4895 et
892 4837 1038 4876 mss.
1075 4818 1271 4895 multi;
1299 4818 1536 4895 δ-ήξεται.
1565 4818 1877 4895 Exemplar
1921 4842 2056 4881 vero

401 4891 709 4967 Anglicum
744 4899 796 4947 el
829 4893 967 4964 Reg.
1006 4891 1259 4967 primus,
1320 4891 1544 4967 δέξεται,
1594 4891 1879 4967 suscipiet,
1925 4913 2054 4952 σοι-ο

388 4961 594 5038 rupto.
627 4967 818 5038 Codex
846 4961 1042 5038 autem
1090 4964 1180 5038 Fr.
1215 4966 1309 5038 -1,
1334 4961 1582 5034 setae-um,
1632 4961 1898 5032 ostendet,
1945 4984 2059 5022 non

406 5035 642 5094 rectius.
680 5036 968 5110 Librarios
989 5035 1146 5110 vocis
1179 5035 1574 5094 similitudine
1604 5038 1877 5109 deceptos
1910 5055 2059 5110 esse,

416 5126 611 5173 nemo,
642 5109 870 5179 opinor,
901 5124 1016 5162 non
1049 5106 1228 5162 videt.

622 5177 796 5254 Editi,
831 5177 987 5254 λέγῃ.
1016 5185 1097 5254 _At
1125 5196 1226 5254 spx
1249 5196 1416 5254 mea},
1451 5177 1617 5254 λέγει.

481 5250 594 5322 (91)
625 5251 713 5307 Ita
741 5250 1108 5307 unus'codex
1136 5251 1395 5308 Combef.
1429 5257 1486 5306 et
1516 5250 1775 5323 quatuor
1803 5250 1919 5307 alii.
1948 5252 2062 5308 No-

413 5323 778 5402 stra'editio
825 5323 1010 5379 Paris.
1062 5327 1119 5379 et
1176 5326 1316 5395 Reg.
1369 5322 1618 5395 primas,
1681 5322 2060 5399 συναγάγεται,

410 5395 584 5465 gravi
607 5395 841 5465 mendo.

482 5463 594 5536 (92)
625 5463 747 5519 Viri
779 5463 1128 5535 doctissimi,
1158 5465 1406 5522 Ducxsus
1436 5471 1493 5522 et
1513 5466 1924 5533 Combefisius,
1948 5483 2064 5522 non

409 5551 619 5611 parum
651 5543 877 5611 ponunt
905 5553 1092 5611 Operae
1121 5554 1189 5593 ac
1217 5539 1400 5594 studii
1451 5538 1510 5593 in
1559 5539 1668 5611 hoc
1712 5538 1838 5594 loco
1882 5538 2065 5611 expli-

410 5609 596 5663 cando
621 5624 634 5662 :
661 5610 762 5664 sed
785 5626 919 5665 cum
945 5625 1051 5665 nos
1075 5609 1232 5666 hunc
1253 5610 1755 5666 Commentarium
1779 5611 1923 5667 tanti
1949 5609 2066 5666 non

411 5679 722 5750 faciamus,
753 5680 1035 5738 lectiones
1063 5682 1254 5740 varias
1287 5685 1604 5739 adnotasse
1634 5683 1779 5738 satis
1822 5682 2065 5738 habebi-

414 5767 572 5810 mus.
607 5751 714 5822 Qui
746 5753 962 5824 volsnt,
996 5769 1201 5810 eorum
1234 5753 1420 5813 libros
1439 5753 1603 5812 adire
1632 5758 1926 5829 poterunt.
1951 5753 2067 5826 lgi-

2169 4753 2260 4826 ρὸν
2294 4746 2649 4826 πρὸςνκόρᾲον.
2683 4747 2783 4826 ubi
2816 4753 2982 4802 notes
3007 4747 3184 4826 velim
3241 4750 3323 4826 in
3348 4751 3510 4808 Colb.
3561 4757 3821 4811 secundo

2169 4818 2412 4893 insnum
2435 4818 2674 4892 quidem
2699 4818 2900 4893 altera,
2923 4819 3026 4874 sed
3049 4821 3295 4893 antiqua
3309 4825 3530 4891 tamen,
3553 4825 3821 4884 additum

2169 4914 2298 4952 esse
2317 4889 2469 4966 υδωρ
2492 4898 2625 4964 post
2669 4889 2925 4966 καθαρόν·
2961 4907 3137 4966 quam
3178 4889 3374 4966 vocem
3405 4895 3465 4950 in
3496 4889 3699 4953 nostra
3725 4899 3820 4955 in-

2170 4962 2587 5036 terpretatione
2615 4962 3035 5040 expressimus.
3069 4963 3379 5040 Exemplar
3405 4970 3714 5040 Anglicum
3767 4978 3826 5028 et

2172 5034 2314 5122 Reg.
2352 5034 2754 5122 q‘uanrtus,nrdl
2792 5034 3011 5122 καθαριξ)
3058 5034 3386 5122 πίροσκρρόν2
3437 5034 3821 5122 υῑῖὶεοχοςα-

2172 5107 2332 5166 bule.
2369 5107 2504 5183 Reg.
2539 5107 2772 5183 tertius,
2799 5110 2878 5178 τῷ
2903 5107 3122 5183 καθαρῷ
3149 5107 3286 5182 πρὸς
3316 5108 3501 5183 κόρον.
3537 5112 3691 5171 Editi
3719 5115 3823 5172 de-

2173 5185 2357 5261 nique
2382 5186 2438 5236 et
2463 5179 2613 5261 Reg.
2642 5179 3001 5261 primusLEEp
3026 5179 3249 5252 καθαρῷ
3275 5179 3625 5261 πρόσκαιρον·
3664 5189 3820 5260 quod

2172 5251 2696 5332 ita—interpretatus
2727 5255 2820 5306 est
2876 5251 3264 5332 Til‘mannus:
3316 5251 3386 5310 Ei
3428 5251 3824 5332 inquam-qui

2171 5343 2344 5398 purus
2373 5323 3198 5398 estopportunumsuﬁugium.
3348 5397 3375 5398 η
3495 5323 3512 5330 ’
3659 5323 3669 5329 ⁷
3732 5323 3768 5334 ”

2246 5398 2360 5464 (93)
2392 5391 2706 5468 ΑιὶἱίέηιειεἼ
2738 5391 2964 5465 Κυρίου(
2997 5391 3093 5468 alii
3126 5411 3259 5450 cum
3288 5397 3484 5468 editis,
3517 5403 3675 5458 θεοῦ.

2246 5461 2358 5540 (94)
2387 5467 2540 5547 Ιξᾱὶιὶ
2571 5472 2628 5547 et
2667 5461 2783 5547 duo
2817 5461 2983 5534 inss.,
3014 5461 3184 5538 ἔχειν·
3216 5468 3316 5547 sed
3342 5461 3504 5547 ratus
3525 5473 3819 5547 quispiam

2171 5535 2372 5595 vocem
2405 5535 2556 5618 [χε-ιν
2589 5538 2725 5592 huic
2747 5536 2873 5592 loco
2898 5553 3011 5618 non
3043 5535 3394 5618 convenire,
3428 5544 3486 5618 in
3514 5535 3682 5602 Colb..
3703 5546 3820 5618 pri-

2176 5627 2272 5668 mo
2295 5602 2554 5668 secunda
2587 5625 2786 5682 manu,
2818 5624 2920 5678 pro
2952 5602 3096 5681 ἔχειν
3131 5602 3391 5682 scripsit,
3424 5613 3577 5672 εἶναι.
3609 5620 3682 5675 At
3703 5602 3818 5672 Ἠθ-

2176 5683 2255 5756 gii
2285 5686 2536 5755 primus,
2569 5680 2778 5736 tertius
2803 5683 2862 5735 et
2884 5680 3158 5753 quartus,
3187 5680 3466 5758 παράχειν.
