4130 6428
298 425 419 490 S59

1261 404 1651 473 APPENDIX
1698 402 2029 469 OPERUM
2073 406 2142 467 S.
2189 400 2471 470 BASILII
2515 406 2771 473 MAGNI

3612 417 3734 479 260

298 578 436 618 sum
466 558 707 616 suaderi
734 558 995 629 putares,
1028 548 1239 621 adjecit
1292 545 1482 601 illud:
1536 542 1694 600 Oculi
1736 542 1941 597 Domim

2066 538 2170 629 τήν
2200 540 2308 596 ἀπὸ
2330 546 2473 629 ,θεοῦ
2498 543 2857 620 ἀναχώρησιν
2910 542 3322 621 συμϐουλεύειν,
3350 548 3593 626 ἐπήγαγε
3643 551 3732 621 τὸ,

295 650 582 718 sublimes,
604 653 763 704 homo
794 647 981 700 autem
1011 639 1256 695 humilis.
1291 633 1453 690 Nihil
1485 649 1689 688 eorum
1713 648 1845 703 quae
1868 631 1956 686 in-

295 740 385 795 fra
412 742 721 812 geruntur,
751 734 894 789 latet
924 746 1079 796 eum,
1133 727 1231 800 qui
1265 743 1294 781 c
1327 720 1573 780 sublimi
1627 723 1956 793 despectat,

295 810 439 885 cum
468 828 578 884 sub
610 827 739 895 ejus
768 826 1072 895 aspectum
1127 815 1365 871 veniant
1415 811 1635 877 omnia,
1685 810 1957 882 nihilque

293 917 462 975 Illius
484 916 665 973 oculis
690 914 961 968 tenebras
986 908 1263 964 oll‘endat.
1291 903 1534 958 Humilis
1557 909 1736 955 autem
1754 900 1913 956 homo
1938 916 1952 968 ;

292 1005 395 1078 qui
427 1004 513 1061 vel
546 1021 606 1059 se
640 1005 764 1075 ipse
795 1016 900 1073 pro
934 995 1118 1053 nihilo
1152 995 1335 1059 ducit,
1356 1008 1492 1047 cum
1518 1006 1579 1046 se
1601 989 1816 1043 divina:
1840 1004 1957 1043 ma-

283 1077 488 1168 jestati
519 1096 851 1164 comparat,
879 1088 968 1142 vel
1029 1086 1132 1158 qui
1184 1085 1552 1154 arrogantem
1605 1077 1952 1150 superbien-

289 1164 529 1256 temque
555 1182 833 1255 spiritum
859 1174 1136 1247 deposuit
1160 1189 1263 1245 per
1287 1168 1657 1233 modestiam,
1708 1164 1797 1221 vel
1821 1171 1952 1220 tan-

291 1254 556 1346 dem—qui
588 1288 693 1343 per
741 1271 1049 1341 peccatum
1081 1280 1115 1318 a
1146 1261 1394 1334 pristina
1444 1273 1551 1313 sua
1601 1254 1953 1311 celsitudine

287 1380 351 1420 se
383 1344 583 1435 ipsum
641 1357 877 1430 dejecit.
936 1356 1001 1409 Et
1049 1350 1445 1407 humiliabiiur
1487 1345 1719 1435 altitudo
1769 1344 1953 1400 homi-

285 1433 447 1509 num.
464 1451 529 1508 In
551 1445 963 1521 superioribus
982 1459 1149 1498 suam
1180 1436 1526 1495 bumiliabat
1544 1433 1952 1490 celsitudinem

284 1542 493 1611 homo,
552 1555 620 1595 ac
670 1531 1129 1608 reprehensione
1170 1531 1296 1584 erat
1338 1526 1591 1597 dignus:
1652 1522 1952 1594 siquidem

280 1629 602 1689 Incurvavit
630 1642 691 1682 se
720 1624 901 1691 homo,
931 1625 986 1678 et
1014 1619 1342 1676 humiliatus
1370 1618 1447 1671 est
1496 1615 1603 1669 vir.
1659 1612 1765 1669 Hic
1820 1628 1952 1667 vero

283 1717 599 1777 humilitas
623 1719 716 1773 est
747 1710 1035 1786 perutilis.
1063 1711 1207 1765 Cum
1233 1704 1389 1762 enim
1419 1719 1605 1759 vanus
1635 1700 1954 1773 deponitur

280 1810 504 1876 fastus,
527 1819 786 1877 cumque
808 1801 881 1859 ab
904 1799 1152 1856 elatione
1176 1800 1234 1853 et
1254 1793 1554 1866 asuperba
1575 1790 1949 1857 celsitudine,

2066 627 2132 680 Οἱ
2183 628 2465 704 ὀφθαλμοὶ
2524 633 2729 709 Κυρίου
2806 634 3059 710 ὑψηλοὶ,
3109 639 3137 693 ὀ
3192 635 3250 693 δὲ
3316 636 3602 714 ἄνθρωπος
3638 660 3733 695 τα-

2064 718 2274 780 πεινός.
2308 721 2418 777 Τὸν
2454 720 2504 790 ἐξ
2532 720 2704 796 ὕψους
2734 723 3183 782 ἀποσκοπεὺΟντα
3214 723 3365 782 οῦδὲν
3418 731 3527 783 τῶν
3585 728 3734 784 κάτω

2066 804 2346 879 λανθάνει,
2375 809 2593 865 πάντων
2646 811 2735 866 ὑπ’
2767 809 2890 887 ὄψιν
2940 811 3134 886 ὄντων,
3167 816 3258 871 καὶ
3311 812 3547 890 μηδενὸς
3609 816 3737 873 ἐπι-

2065 903 2398 963 σκοτοῦντος
2453 906 2571 963 τοῖς
2617 900 2954 980 ὀφθαλμοῖς.
2988 907 3257 969 Ταπεινὸς
3315 903 3373 961 δὲ
3427 907 3732 983 ἄνθρωπος,

2062 985 2099 1055 ἢ
2135 988 2165 1042 6
2195 992 2264 1063 τῇ
2315 990 2590 1066 συγκρίσει
2641 999 2742 1062 τῆς
2791 998 2889 1048 τοῦ
2938 1000 3078 1050 Θεοῦ
3132 994 3612 1071 μεγαλοπρεπείας
3667 998 3731 1054 τὸ

2066 1073 2240 1148 μηδὲν
2285 1078 2474 1133 ἑαυτὸν
2508 1076 2890 1156 λογιζόμενος·
2924 1084 2959 1153 ἢ
2993 1085 3022 1140 6
3057 1081 3145 1139 διά
3197 1084 3618 1159 μετριοπάθειαν
3668 1088 3730 1142 τὸ

2061 1163 2390 1254 ἀλοζονικὸν
2423 1167 2761 1242 ἀποθέμενος
2793 1170 3069 1249 φρόνημα·
3103 1173 3138 1243 ἢ
3190 1174 3218 1228 6
3264 1171 3354 1227 διὰ
3399 1177 3502 1239 τῆς
3552 1177 3729 1254 ἀμαρ-

2059 1250 2184 1315 τίας
2230 1253 2290 1309 ἐκ
2331 1259 2428 1310 τοῦ
2472 1258 2746 1333 προτέρου
2790 1259 2959 1334 ὕψους
3008 1262 3197 1317 ἑαυτὸν
3243 1260 3601 1338 καταρῥίψας.
3630 1250 3729 1321 Καὶ

2058 1345 2531 1415 ταπεινωθήσεται
2584 1347 2647 1401 τὸ
2701 1345 2834 1421 ὕψος
2887 1353 2999 1404 τῶν
3057 1350 3387 1424 ἀνθρώπων.
3455 1351 3543 1408 Ἐν
3609 1358 3731 1417 τοῖς

2059 1432 2296 1488 κατόπιν
2330 1434 2391 1488 τὸ
2422 1433 2557 1509 ὕψος
2592 1434 2961 1511 ἐταπεινοῦτο,
2995 1438 3085 1494 καὶ
3116 1438 3449 1516 κατηγορίας
3508 1438 3655 1514 ἄξιος
3700 1443 3730 1499 6

2061 1518 2382 1595 ἅνθρωπος·
2433 1525 2636 1599 Ἐκυψε
2708 1528 2813 1602 γὰρ
2890 1525 3214 1603 ἄνθρωπος,
3274 1526 3367 1584 καί
3438 1527 3731 1586 ἐταπεινώ-

2062 1622 2130 1681 θη
2199 1611 2361 1689 ἀνήρ.
2415 1614 2677 1679 Ἐνταῦθα
2733 1612 2792 1670 δὶ
2848 1615 3136 1693 ὠφέλιμος
3182 1619 3217 1687 ἠ
3266 1616 3618 1682 ταπείνωσις.
3667 1622 3731 1679 Ἡ

2060 1700 2166 1776 γὰρ
2227 1700 2484 1765 ἀπόθεσις
2538 1707 2635 1757 τοῦ
2698 1704 2928 1777 ματαίου
2979 1709 3359 1784 φρονήματος,
3410 1707 3503 1763 καὶ
3546 1710 3581 1779 ἠ
3626 1709 3733 1767 ἀπὸ

2059 1794 2158 1844 τοῦ
2193 1790 2511 1866 ἑπάρματος
2562 1792 2653 1846 καὶ
2711 1792 2882 1867 ὕψους
2932 1794 3264 1865 ἀλαζονικοῦ
3315 1795 3409 1851 καὶ
3463 1796 3731 1873 οἰήματος

280 1875 518 1956 necnon
551 1913 584 1952 a
614 1875 771 1950 vana
797 1891 870 1947 de
918 1906 981 1946 se
1029 1885 1463 1944 existimatione
1510 1882 1583 1938 ad
1644 1879 1941 1952 proprium

2062 1875 2316 1934 διακένου
2346 1881 2482 1957 πρὸς
2520 1881 2621 1951 τήν
2672 1880 2873 1938 οίκείαν
2929 1883 3076 1955 ἀξίαν
3128 1882 3415 1960 ἐπάνοδος,
3464 1888 3732 1946 ταπείνω-

280 1986 570 2046 meritum
600 1987 660 2040 et
691 1979 1087 2038 conditionem
1120 1974 1367 2043 reditur,
1397 1971 1519 2027 haec
1541 1974 1631 2027 est
1661 1969 1816 2026 439
1839 1968 1951 2024 hu-

280 2077 514 2135 militas
543 2069 879 2129 laudabilis.
911 2067 1083 2134 Nam,
1116 2065 1165 2121 si
1189 2061 1563 2135 confugerint
1583 2059 1852 2132 quipiam
1876 2058 1949 2114 ad

282 2170 541 2241 petram,
572 2179 639 2219 ac
660 2162 968 2233 sperantes
991 2158 1434 2211 resurrecturos
1452 2167 1514 2206 se
1538 2166 1670 2204 cum
1693 2147 1947 2215 Christo,

282 2237 345 2312 in
379 2260 538 2310 terra
566 2265 785 2322 corpus
814 2261 987 2303 suum
1022 2244 1136 2298 sibi
1167 2241 1446 2307 subdant,
1481 2237 1826 2293 altitudines
1875 2237 1948 2291 ab

281 2338 634 2414 insipientia
663 2340 816 2392 nata:
845 2332 1185 2398 concidunt,
1220 2343 1596 2403 princepsque
1628 2324 1745 2381 ruit
1801 2342 1950 2380 vana

285 2412 505 2488 sua—de
533 2443 592 2483 se
620 2425 769 2499 ipsis
800 2421 1031 2494 opinio:
1065 2436 1200 2475 vera
1228 2422 1427 2475 autem
1456 2414 1793 2473 testiﬁcatio
1825 2412 1945 2471 cel-

286 2517 574 2575 situdinis
603 2514 722 2571 Deo
753 2513 862 2569 soli
894 2512 966 2566 ab
996 2509 1146 2583 ipsis
1176 2507 1463 2564 defertur.

355 2626 453 2679 87.
484 2624 550 2679 Et
571 2619 917 2679 multabitur
934 2617 1199 2673 Dominus
1229 2613 1379 2670 solus
1409 2614 1468 2669 in
1500 2611 1592 2668 die
1639 2612 1760 2667 illa.
1812 2608 1946 2667 Vel-

285 2714 373 2771 uti
411 2712 487 2769 ad
519 2716 720 2767 notam
753 2709 929 2773 diem,
962 2711 1021 2762 et
1065 2721 1194 2777 quas
1244 2706 1303 2759 in
1355 2701 1621 2758 confesso
1667 2700 1746 2756 sit
1791 2700 1947 2770 apud

288 2818 524 2868 omnes,
552 2799 855 2870 Scriptura
888 2812 995 2850 nos
1027 2792 1294 2849 remittit.
1329 2793 1390 2847 In
1422 2790 1514 2847 die
1569 2790 1691 2849 illa.
1738 2804 1949 2859 nempe

290 2892 526 2948 dierum
540 2887 806 2945 omnium
833 2884 1252 2953 ultima,quam
1276 2896 1465 2952 neque
1488 2896 1602 2936 nox
1632 2876 1944 2944 intercidit,

291 2996 487 3052 neque
502 2971 742 3048 tempus
761 2970 1218 3029 circumscribit:
1234 2970 1327 3026 cui
1353 2984 1540 3039 neque
1564 2965 1943 3039 principium,

288 3085 485 3141 neque
513 3068 693 3122 ﬁnem
726 3064 821 3119 lux
851 3076 1131 3133 corporea
1161 3060 1394 3132 praebet,
1430 3057 1531 3113 sed
1563 3074 1681 3113 una
1710 3062 1800 3112 est
1851 3055 1943 3111 sui

289 3155 529 3222 similis,
591 3150 940 3222 immobilis,
997 3164 1240 3221 vespere
1290 3164 1518 3216 carens,
1579 3143 1942 3202 successioni

284 3247 446 3305 haud
471 3243 741 3301 obnoxia.
769 3241 972 3312 Itaque
995 3241 1057 3294 in
1075 3238 1164 3294 die
1187 3238 1286 3293 illa
1302 3236 1657 3294 excitabitur
1677 3236 1941 3291 Dominus

280 3339 450 3407 solus,
483 3350 620 3391 cum
651 3332 846 3388 omnis
877 3329 1268 3402 superborum
1299 3326 1472 3383 elatio
1504 3342 1570 3381 ac
1590 3326 1776 3381 fastus
1800 3342 1937 3381 con-

289 3427 470 3484 cidet.
500 3426 786 3479 Caeterum
809 3435 1046 3476 omnem
1074 3418 1377 3472 beatarum
1395 3415 1681 3471 virtutum
1704 3413 1937 3471 clarita-

283 3521 406 3573 tem
441 3510 965 3587 praestantissimus
994 3505 1187 3579 gloriae
1204 3503 1365 3562 illius
1387 3504 1663 3577 splendor
1681 3504 1863 3559 vincit
1882 3511 1941 3560 et

284 3606 588 3662 obscurat.
622 3599 751 3656 Sive
781 3597 958 3654 fuerit
987 3594 1295 3669 propheta,
1319 3594 1437 3650 sive
1464 3593 1785 3667 apostolus,
1821 3592 1942 3648 sive

277 3691 507 3750 fuerint
536 3697 749 3746 sanctae
778 3692 835 3744 et
863 3684 1133 3742 coclestes
1157 3688 1470 3753 potestates
1498 3700 1513 3752 ;
1549 3682 1648 3738 ubi
1681 3683 1938 3754 primum

273 3777 722 3854 exsplenduerit
744 3793 877 3833 vera
906 3774 1009 3830 illa
1033 3772 1341 3839 celsitudo,
1374 3772 1573 3828 omnia
1605 3770 1855 3826 humilia
1883 3774 1942 3825 et

276 3872 521 3943 abjecta
551 3866 968 3923 censebuntur.
1026 3861 1287 3933 Idipsum
1338 3861 1497 3934 quod
1548 3859 1766 3915 dicitur
1814 3858 1938 3927 libi,

274 3974 511 4033 quaeso,
541 3958 694 4027 ﬁnge
724 3955 795 4010 ab
823 3951 1091 4025 exemplo
1122 3952 1373 4023 quodam
1392 3968 1461 4007 ex
1485 3948 1684 4005 saeculi
1714 3965 1822 4003 usu
1845 3948 1940 4003 ds-

271 4052 545 4119 sumpto.
581 4045 670 4101 Sit
697 4043 894 4117 aliqua
923 4040 1327 4114 operariorum
1361 4038 1673 4096 hominum
1707 4036 1938 4104 civitas,

270 4139 376 4213 qui
411 4153 486 4192 ex
518 4151 689 4206 opere
719 4132 1062 4206 quotidiano
1118 4128 1216 4185 vix
1262 4128 1389 4183 vitae
1440 4126 1776 4183 necessaria
1826 4124 1939 4181 sibi

267 4229 626 4297 comparent
647 4222 795 4279 :sint
814 4238 1022 4278 rursus
1041 4219 1137 4275 hic
1160 4216 1335 4287 aliqui
1356 4217 1487 4273 aliis
1507 4214 1937 4286 supramodum

268 4313 647 4390 pauperibus
676 4311 1099 4385 opulentiores,
1133 4305 1233 4379 qui
1267 4305 1504 4361 interim
1530 4304 1603 4359 ab
1628 4302 1760 4358 istis
1782 4320 1940 4359 men-

264 4406 429 4464 dicis
462 4400 851 4475 prazdicentur
904 4399 1089 4466 beati,
1128 4413 1196 4452 ac
1245 4394 1672 4467 suspiciantur.
1721 4391 1937 4450 Deinde

261 4513 367 4554 rex
402 4490 704 4566 quispiam
732 4491 791 4546 in
820 4491 976 4547 hanc
1035 4483 1311 4543 adveniat
1356 4483 1677 4550 civitatem,
1731 4497 1935 4553 regum

257 4582 546 4642 omnium
564 4580 917 4649 ditissimus,
945 4577 1051 4651 qui
1068 4575 1325 4631 multum
1352 4571 1567 4627 habeat
1584 4572 1712 4626 auri
1735 4587 1937 4644 argen.

2059 1969 2144 2033 σίς
2195 1969 2341 2026 ἐστιν
2393 1971 2667 2044 ἐπαινετή.
2719 1978 2842 2029 Τῶν
2883 1974 2985 2050 γὰρ
3035 1976 3468 2053 προσφυγόντων
3496 1980 3608 2053 (95)
3652 1984 3722 2055 τῇ

2056 2059 2253 2134 πέτρᾳ,
2284 2059 2375 2114 καὶ
2423 2058 2475 2115 ἐν
2528 2064 2599 2135 τῇ
2656 2064 2728 2138 γῇ
2790 2062 2996 2118 ἑαυτῶν
3047 2064 3396 2134 ποιησάντων
3445 2068 3510 2122 τὸ
3564 2066 3724 2143 σῶμα

2059 2149 2109 2204 ἐν
2171 2145 2358 2205 ἐλπίδι
2413 2152 2512 2219 τῆς
2577 2151 2712 2223 μετά
2785 2152 3023 2226 Χριστοῦ
3101 2153 3485 2226 ἀναστάσεως,
3542 2157 3723 2212 πίπτει

2060 2240 2158 2311 μὲν
2218 2237 2286 2291 τὰ
2348 2236 2401 2309 ἐξ
2475 2238 2699 2314 ἀλογίας
2777 2242 3088 2316 ὑψώματα,
3139 2243 3229 2298 καὶ
3311 2247 3346 2313 ἡ
3406 2246 3532 2321 περῖ
3606 2248 3721 2302 ἑαυ-

2054 2332 2164 2382 τῶν
2200 2327 2483 2401 ὑπόληψις
2539 2329 2717 2384 αὐτῶν
2775 2332 3021 2403 ματαίαο
3053 2331 3430 2407 ἀναπέμπεται
3492 2333 3550 2391 δὶ
3602 2339 3724 2414 παρ’

2055 2416 2234 2582 ἔὲτῶν
2318 2416 2473 2490 μόνῳ
2554 2418 2635 2491 τῷ
2720 2424 2841 2493 Θεῷ.
2891 2422 2927 2491 ἡ
2983 2421 3199 2492 ἀληθής
3287 2424 3560 2501 μαρτυρίά
3626 2431 3718 2483 τοῦ

2131 2527 2264 2569 ους.

2131 2527 2264 2569 ους.

2123 2617 2217 2672 87.
2249 2614 2359 2671 Καὶ
2419 2616 2760 2689 ὑψωθήσεται
2821 2615 3024 2693 Κύριος
3074 2619 3241 2691 μόνος
3302 2617 3355 2675 έν
3409 2625 3479 2696 τῇ
3538 2624 3721 2701 ἡμέρᾳ

2055 2704 2256 2779 ἐκείνῃ.
2288 2705 2378 2768 Ὧς
2441 2703 2938 2781 ἐπιγινωσκομένην
2997 2708 3230 2784 ἡμέραν,
3281 2709 3379 2765 καὶ
3430 2711 3532 2767 ὑπὸ
3584 2712 3715 2769 πάν-

2052 2817 2162 2851 των
2187 2793 2654 2869 ὁμολογουμένην
2688 2795 2717 2849 6
2748 2792 2913 2870 λόγος
2957 2798 3107 2868 ἡμᾶς
3155 2796 3485 2872 ἀναπέμπει.
3518 2802 3609 2859 Ἐν
3644 2806 3711 2878 τῇ

2054 2883 2241 2959 ἡμέρᾳ
2300 2881 2505 2957 ἐκείνῃ,
2561 2882 2630 2957 τῇ
2675 2882 2877 2960 έσχάτῃ
2928 2890 3113 2941 πασῶν
3170 2888 3418 2963 ἡμερῶν,
3467 2891 3528 2959 ἦν
3589 2889 3711 2947 οὔτε

2052 2973 2144 3044 νὺξ
2196 2970 2516 3042 διακόπτει;
2550 2973 2615 3027 οὐ
2664 2974 2865 3049 χρόνος
2915 2976 3241 3052 περιορίζει,
3290 2976 3351 3032 οὐ
3399 2980 3706 3051 σωματικὸν

2054 3066 2169 3137 φῶς
2202 3060 2387 3137 ἀρχὴν
2429 3060 2566 3134 αὐτῇ
2599 3063 2826 3138 παρέχει
2873 3064 2963 3119 καὶ
3008 3064 3195 3136 τέλος,
3227 3062 3369 3120 ἀλλά
3430 3065 3526 3139 μία
3563 3066 3700 3123 ἐστὶν

2053 3149 2225 3225 ὁμοία
2273 3151 2410 3225 πρὸς
2461 3150 2680 3220 ἑαυτὴν,
2711 3150 2982 3223 ἀκίνητος,
3015 3152 3328 3229 άνέσπσρος,
3372 3151 3706 3219 ἀδιάδεκτος.

2051 3241 2137 3298 Ἐν
2195 3238 2290 3296 οὖν
2349 3238 2421 3314 τῇ
2480 3238 2665 3313 ἡμέρᾳ
2720 3243 2833 3315 (96)
2890 3240 3069 3318 ἐκείνῃ
3129 3242 3471 3317 ὑψωθήσεται
3520 3245 3712 3321 Κύριος

2053 3329 2220 3403 μόνος
2247 3349 2261 3362 ⁶
2307 3330 2398 3385 ὅτε
2473 3335 2717 3384 πεσεῖται
2774 3330 2871 3402 μὶν
2919 3338 3023 3388 πᾶν
3086 3331 3448 3410 ὑπερηφάνων
3504 3334 3711 3411 φρόνη-

2054 3438 2146 3492 μα·
2179 3422 2330 3474 πᾶσα
2361 3415 2420 3473 δὲ
2451 3414 2781 3492 λαμπρότης
2809 3424 2916 3474 τῶν
2969 3420 3252 3496 μακαρίων
3304 3418 3586 3496 δυνάμεων
3638 3426 3706 3498 τῇ

2051 3502 2340 3583 ὑπερϐολῇ
2370 3511 2480 3561 τῶν
2518 3512 2889 3583 μαρμαρυγῶν
2919 3517 3020 3580 τῆς
3053 3507 3217 3580 δόξης
3260 3508 3469 3582 ἐκείνης
3521 3511 3711 3590 έναφα-

2049 3597 2276 3666 νίζεται.
2310 3593 2420 3652 Κᾶν
2454 3597 2747 3672 προφήτης
2792 3596 2849 3671 ᾖ,
2899 3597 2994 3654 κᾶν
3046 3597 3376 3668 ἀπόστολος,
3407 3600 3505 3656 κᾶν
3562 3602 3709 3678 ἅγιαι

2050 3682 2307 3759 δυνάμεις
2342 3685 2443 3739 ὦσι
2490 3684 2580 3739 καὶ
2633 3685 3010 3760 ὑπερκόσμιοι’
3045 3687 3371 3768 ἐκφανέντος
3418 3695 3517 3747 τοῦ
3573 3690 3710 3763 ἀλη-

2049 3776 2205 3830 θινοῦ
2264 3772 2460 3848 ὕψους,
2514 3774 2689 3828 πάντα
2752 3777 2975 3833 ταπεινά
3025 3777 3434 3854 λογισθήσεται.
3493 3781 3708 3851 Νόησόν

2054 3885 2150 3937 μοι
2211 3863 2319 3919 ἀπό
2364 3884 2514 3926 τινος
2562 3868 2672 3919 τῶν
2722 3866 2858 3921 κατὰ
2897 3868 2988 3923 τὸν
3034 3868 3154 3945 βίον
3193 3865 3594 3943 ὑποδείγματος
3643 3870 3706 3926 τὸ

2049 3950 2373 4029 λεγόμενον.
2408 3955 2593 4008 Ἔστω
2625 3973 2709 4014 τις
2757 3952 2922 4018 πόλις
2970 3961 3344 4033 χειροτεχνῶν
3391 3955 3603 4035 ἀνδρῶν
3650 3958 3702 4014 έν

2046 4048 2145 4113 τῆς
2176 4041 2258 4120 ἐφ’
2302 4041 2513 4118 ἡμέραν
2567 4044 2679 4116 (97)
2714 4040 2964 4119 ἐργασίας
3013 4044 3179 4120 μόλις
3216 4045 3283 4103 τὰ
3328 4046 3589 4124 ἀναγκαῖα
3638 4045 3705 4102 τὰ

2047 4132 2184 4207 πρὸς
2233 4131 2326 4187 τὸν
2384 4132 2502 4207 βίον
2554 4132 2956 4206 ποριζομένων·
2992 4136 3123 4191 εἶναι
3183 4132 3242 4191 δέ
3285 4157 3434 4200 τινας
3483 4136 3706 4201 ἐνταῦθα

2044 4225 2156 4277 τῶν
2213 4221 2334 4284 καθ’
2364 4216 2678 4296 ὑπερϐολὴν
2739 4224 2985 4294 πενήτων
3048 4224 3482 4303 εὐπορωτέρους,
3536 4247 3704 4300 μακα-

2047 4311 2371 4387 ριζομένους
2407 4311 2544 4372 τέως
2577 4310 2681 4365 ὑπὸ
2725 4315 2829 4374 ςῶν
2882 4314 3282 4390 πτωχευόντων
3327 4316 3418 4371 καὶ
3468 4311 3704 4372 ἀποϐλε-

2044 4401 2343 4475 πομένους
2378 4398 2494 4454 εἶτα
2544 4396 2881 4473 έπιδημῆσαί
2935 4423 3058 4457 τινα
3112 4406 3183 4477 τῇ
3241 4402 3405 4461 πόλει
3457 4402 3701 4483 βασιλέα,

2042 4492 2266 4546 πάντων
2298 4487 2567 4564 βασιλέων
2598 4489 3035 4562 πλουσιώτατον,
3061 4491 3237 4548 πολὺν
3291 4494 3387 4567 μὲν
3438 4495 3531 4550 τὸν
3575 4513 3707 4570 χρυ-

2045 4582 2137 4639 σὸν
2167 4576 2393 4658 ἔχοντα,
2425 4575 2602 4635 πολὺν
2637 4576 2695 4635 δὲ
2720 4579 2815 4635 τὸν
2848 4580 3099 4657 ἄργυρον,
3131 4580 3385 4647 πολλοὺς
3415 4581 3473 4640 δὲ
3498 4580 3702 4656 λίθους,

262 4674 466 4750 tique,
490 4674 549 4726 et
580 4668 794 4726 multos
821 4668 1052 4740 lapides
1069 4661 1380 4736 pretiosos,
1405 4660 1554 4716 alios
1571 4659 1938 4732 regaliorna-

2054 4677 2153 4728 τῶν
2187 4668 2617 4743 πολυτιμήτων,
2647 4668 2778 4732 τοὺς
2811 4670 2907 4743 μὶν
2936 4669 2989 4725 έν
3011 4675 3092 4743 τῷ
3140 4670 3337 4747 κόσμῳ
3365 4678 3448 4747 τῷ
3491 4670 3703 4749 βασιλιο

267 4747 481 4823 mento
540 4758 788 4814 intectas
825 4756 976 4813 alios
1007 4753 1080 4809 ad
1111 4749 1567 4808 ostentationem
1622 4747 1935 4821 expositos.

263 4856 352 4912 Sit
372 4848 638 4910 vestium
669 4847 829 4903 illius
860 4847 1160 4901 immensa
1181 4841 1446 4911 quaedam
1475 4836 1850 4909 pulchritudo
1871 4860 1937 4902 ac

260 4943 440 5019 cOpia
470 4936 816 5009 singularis.
849 4935 1104 5005 Superat
1126 4943 1439 4983 numerum
1468 4928 1821 4985 famulorum
1849 4948 1936 4990 sa.

263 5016 657 5096 tellitumque
675 5032 897 5079 turma:
923 5023 1256 5090 impensam
1277 5016 1930 5081 faciatinenarrabilem.

259 5121 345 5179 Ea
377 5120 464 5178 sit
495 5110 857 5171 camelorum
888 5117 946 5166 et
973 5105 1273 5162 mulorum
1294 5103 1530 5160 divitias
1555 5107 1931 5181 sarcinasque

259 5201 713 5285 exportantium
734 5197 1085 5264 multitudo,
1105 5211 1233 5267 quas
1259 5195 1555 5251 numerari
1579 5212 1695 5252 non
1722 5203 1925 5270 possit.

337 5406 457 5483 (95)
488 5398 670 5468 Editi,
696 5392 1182 5476 προσφευγόντων.
1214 5396 1285 5450 At
1314 5410 1456 5452 mss.
1505 5412 1627 5465 sex,
1676 5416 1924 5477 προσφυ-

264 5479 666 5625 γόῖὅῶνίξάιίίίί,
697 5543 789 5625 οὗν
823 5539 1010 5614 ἡμέρᾳ
1035 5538 1125 5610 τῇ.
1158 5541 1230 5625 ,μ
1259 5554 1551 5624 ωεΒ.”ΒΘΧ
1789 5561 1926 5604 con-

263 5607 448 5680 mimi
499 5607 722 5673 Ibidem
764 5607 889 5673 tres
941 5607 1114 5677 mssL,
1163 5607 1254 5663 ὅτε
1290 5614 1553 5667 πεσεῖται.
1604 5612 1721 5670 Alii
1780 5633 1923 5677 mss.

262 5710 399 5751 cum
431 5688 632 5755 editis,
663 5686 770 5747 ὅτι.

482 5747 662 5832 Editi,
695 5759 755 5816 ὲκ
780 5776 889 5830 της
921 5747 1242 5832 ἐφημερίου.
1278 5750 1418 5829 Reg.
1450 5756 1684 5815 tertius.
1735 5755 1796 5815 έκ
1820 5766 1888 5835 τῆ

2044 4767 2125 4837 κῷ
2155 4757 2570 4834 ἐπικειμένους,
2596 4757 2727 4821 ταὺς
2779 4756 2838 4814 δὶ
2886 4759 2963 4825 εἷς
3005 4756 3263 4831 ἔπίδειξιν
3313 4757 3704 4838 προϐεϐλημέ-

2041 4874 2192 4922 νους,
2227 4847 2462 4920 ἐσθῆτός
2493 4868 2546 4902 τι
2577 4843 2786 4910 κάλλος
2827 4848 2917 4904 καὶ
2964 4844 3185 4920 πλῆθος
3234 4852 3348 4926 (98)
3392 4853 3703 4929 ἀμήχανονο

2042 4940 2269 4998 οῒκετῶν
2303 4937 2397 4995 καὶ
2429 4934 2753 5014 δορυφόρων
2786 4936 3000 5007 πλῆθος
3060 4938 3294 5012 ἀριθμὸν
3357 4936 3704 5017 ὑπερϐαἷνον,

2041 5029 2312 5101 διαπάνην
2359 5026 2671 5103 ἀμύθητον,
2705 5026 2974 5101 καμήλων
3006 5026 3099 5083 καὶ
3142 5029 3388 5101 ἡμιόνων
3425 5027 3705 5105 ἀμύθητόν

2036 5141 2087 5177 τι
2119 5128 2325 5199 χρῆμα
2352 5118 2449 5173 τὸν
2486 5113 2728 5171 πλοῦτον
2774 5115 3286 5193 σκευαγωγούντων,
3310 5117 3515 5182 ἵππους
3571 5138 3705 5194 χρυ-

2038 5216 2115 5268 σῶ
2165 5211 2260 5269 καὶ
2313 5208 2558 5279 τάπησιν
2612 5201 2906 5282 ἁλουργοῖς
2935 5211 3550 5284 κατακεκοσμημένους,
3579 5205 3706 5271 τοὺς

2034 5410 2343 5490 έοημέρας.
2377 5406 3018 5490 ᾼΙὶἰηρυειῐιιοιδῃξξιεεη
3072 5401 3283 5481 ἀνδρῶν
3343 5409 3425 5488 ἐφ’
3473 5406 3702 5485 ἡμέραν.

2032 5478 2175 5557 Reg.
2210 5478 2473 5557 quartus
2507 5480 2614 5557 ita,
2645 5481 2717 5557 ut
2743 5478 3064 5536 edidimus.

2104 5505 2114 5541 ι
2160 5527 2175 5541 ο
2210 5504 2473 5557 quartus
2507 5504 2614 5546 ιιιι,
2651 5504 2715 5532 Ub
2743 5504 3064 5536 sumimus.

2104 5504 2219 5631 (g8)
2254 5554 2437 5631 Illud,
2471 5550 2564 5631 καὶ
2599 5545 2838 5631 πλῆθος,
2868 5570 2938 5609 ex
2984 5553 3239 5631 quatuor
3285 5567 3427 5631 mss.
3474 5551 3709 5631 addidi-

2033 5621 2728 5709 mus.'il‘:li_quanto~post
2754 5638 2856 5706 sex
2882 5621 3054 5709 πηροὶ,
3090 5626 3287 5696 χρῆμα
3314 5623 3405 5678 τὸν
3428 5621 3704 5709 ,πλοῦτον

2032 5720 2213 5759 σκευα.
2247 5694 2675 5770 Εάἱῐίεμχρῆμοξ
2726 5694 2833 5770 ’ἶῶν
2889 5694 3134 5770 πλοῦτόν
3182 5712 3365 5754 neua.
3425 5697 3490 5753 ια
3551 5696 3710 5770 quod

2033 5772 2290 5834 fortasse
2319 5763 2546 5830 melius
2577 5763 2767 5823 videri
2797 5768 3031 5840 poterit.
