4130 6412
320 388 431 452 261

1185 381 1591 446 COMMENT.
1637 381 1710 442 IN
1761 377 2023 440 ISAIAM
2073 377 2574 440 PHUPHETAM.
2623 379 2796 439 CAP.
2849 380 2921 438 ΙΙ.

3629 381 3748 445 262

326 525 422 597 μὲν
481 524 906 597 ὑπηρετοῦντας,
962 517 1090 579 τοὺς
1141 514 1199 571 δὲ
1244 513 1762 590 προπομπεύοντας.
1801 511 1870 569 Τί
1913 508 1972 566 ἂν
2007 527 2025 579 λ

2144 512 2508 585 abeatequos
2523 531 2666 568 auro
2679 512 3404 586 stragulisquepurpureis
3417 519 3751 585 exornatas,

325 612 414 668 ἰπὶ
467 616 536 687 τῇ
595 610 793 666 τούτου
827 611 939 684 (99)
982 609 1076 679 θέᾳ
1131 607 1319 660 παθεῖν
1374 605 1466 660 τὸν
1526 603 1752 678 πτωχὸν
1806 598 1980 674 δῆμον

326 701 550 769 ἐκεὶνον,
581 700 676 755 τὸν
707 697 846 760 τὲως
893 699 961 752 τὰ
1023 695 1191 771 μικρά
1244 695 1589 767 θαυμάζοντα
1618 691 1745 753 τοὺς
1785 689 1987 745 ἐαυτῶν

329 790 733 868 ὑπερέχοντας;
791 786 920 862 οὐχὶ
979 786 1340 860 αἰσχυνθῆναι
1406 784 1499 856 μὲν
1560 781 1646 836 ἐπὶ
1695 785 1763 853 τῇ
1820 779 1991 851 οἰκείᾳ

328 881 522 956 κρίσει,
554 879 769 934 πάντων
801 873 858 931 δὲ
896 881 1302 951 καταφρονῆσαι
1345 876 1414 946 τῇ
1464 872 1600 947 πρὸς
1632 871 1693 925 τὸ
1727 869 1990 945 ὑπερέχον

334 970 626 1045 συγκρίσει,
661 966 812 1041 μόνῳ
869 962 926 1020 δὲ
987 961 1139 1036 δόξαν
1199 963 1290 1017 καὶ
1347 961 1584 1016 πλοῦτον
1644 965 1722 1031 τῷ
1773 959 1996 1028 ἀληθῶς

336 1057 588 1131 πλουσίῳ
619 1058 1096 1132 προσμαρτυρεῖν;
1148 1051 1306 1108 Οὕτω
1354 1050 1535 1104 τοίνυν
1589 1048 1712 1103 ὅσον
1758 1047 2000 1125 ἀποκρό-

340 1145 618 1204 πτεταιτὸ
676 1144 812 1219 ὕψος
839 1144 928 1198 καὶ
974 1143 1038 1197 τὸ
1100 1142 1321 1215 μέγεθος
1376 1146 1474 1208 τῆς
1533 1137 1722 1216 σοφίας
1781 1139 2001 1207 καὶτῆς

343 1237 620 1310 δυνάμεως
648 1237 745 1288 τοῦ
795 1236 951 1302 Θεοῦ,
984 1229 1172 1286 πολλά
1224 1226 1363 1299 δόξει
1416 1229 1546 1282 εἶναι
1598 1231 1662 1280 τα
1696 1225 1883 1300 ὑψηλὰ
1910 1247 2000 1313 καὶ

344 1326 553 1401 μεγάλα
581 1323 726 1397 παρά
771 1327 888 1383 τοῖς
939 1320 989 1375 ἐν
1037 1319 1242 1396 ἐσχάτῃ
1288 1317 1538 1393 πτωχείᾳ
1584 1318 2000 1388 καθεστηκόσιν.

340 1415 469 1470 ἐπὰν
504 1414 562 1469 δὲ
591 1411 794 1491 ἐκφανῆ
825 1411 888 1467 τὸ
919 1407 1087 1474 ὅντως
1132 1409 1318 1487 σοφὸν.
1369 1407 1458 1462 καὶ
1489 1407 1552 1462 τὸ
1600 1405 1876 1478 ἀληθινῶς
1919 1404 2006 1462 δυ-

337 1505 527 1574 νατὸν,
558 1501 735 1564 οὐδεὶς
769 1497 891 1556 οὔτε
923 1499 1108 1577 σοφὸς,
1145 1495 1267 1552 οὔτε
1299 1495 1521 1559 δυνατὸς
1556 1498 1631 1570 (1)
1673 1495 2001 1572 λογισθήσε-

342 1615 453 1650 ται.
487 1591 642 1648 Οὕτω
671 1591 805 1647 ποτὶ
850 1589 941 1645 καὶ
993 1589 1233 1656 Μωϋσῆς
1287 1585 1629 1664 ἰσχνόφωνον
1679 1584 1767 1639 καὶ
1805 1583 2002 1662 βραδῦ-

349 1682 603 1758 γλωσσον
663 1679 850 1736 ἐαυτὸν
899 1675 1206 1752 ὡμολόγει,
1264 1674 1451 1744 ἐπειδὴ
1509 1679 1642 1730 Θεοῦ
1699 1673 2003 1737 λαλοῦντος

345 1771 487 1848 πρὸς
544 1769 702 1825 αὑτὸν
754 1766 976 1839 ἤκουσε.
1055 1766 1152 1822 Καὶ
1210 1760 1458 1837 ’Λϐραάμ
1517 1763 1605 1819 ὅτε
1661 1763 1790 1819 Θεὸν
1846 1761 2002 1836 εἶδεν,

347 1860 533 1917 ἑαυτὸν
592 1863 670 1933 (2)
726 1865 826 1933 γῆν
877 1857 968 1912 καὶ
1040 1852 1241 1911 σποδὸν
1301 1853 1602 1928 ὡμολόγει.
1664 1850 1858 1915 Οὐδεὶς
1911 1851 2000 1908 οὖν

353 1949 672 2022 ἀξιούμενος
702 1947 889 2023 ἐνορᾷν
917 1949 986 2021 τῇ
1032 1949 1130 2000 τοῦ
1181 1944 1313 1999 Θεοῦ
1362 1942 1655 2019 ἀγαθὸτητι
1709 1942 1799 1997 καὶ
1860 1943 2003 2016 σοίᾳ,

357 2037 638 2110 δυνήσεται
668 2038 704 2106 ἢ
736 2035 910 2108 ἑαυτῷ
962 2035 997 2105 ἢ
1032 2031 1188 2105 ἄλλῳ
1240 2032 1428 2107 σοφίαν
1474 2031 1508 2101 ἢ
1543 2029 1768 2104 δύναμιν
1806 2052 2007 2108 μαρτυ-

357 2135 542 2206 ρῆσαι.
576 2128 645 2184 Οἱ
673 2126 775 2202 γὰρ
800 2127 948 2201 ἅγιοι
980 2121 1174 2186 πάντες
1199 2125 1312 2176 οἷον
1349 2125 1421 2195 (3)
1457 2125 1571 2198 φῶς
1591 2121 1692 2176 εἰσι
1725 2120 2011 2197 λυχνιαῖον

356 2218 408 2274 ἰν
474 2211 789 2292 μεσημϐρίᾳ
845 2215 1084 2289 σταθηρᾷ
1153 2211 1651 2288 ὑπεραυγαζόμενον
1703 2215 1785 2284 τῷ
1840 2210 2009 2284 ἡλίῳ.

357 2307 454 2362 Διά
483 2311 646 2362 τοῦτα
707 2303 1176 2380 ὑπερὺψωθέσεται
1230 2303 1429 2377 Κύριος
1491 2301 1654 2374 μόνος
1687 2300 1738 2355 ἐν
1769 2305 1838 2376 τῇ
1871 2303 2012 2374 ἡμὲ-

361 2417 426 2474 ρᾳ
455 2395 654 2466 ἐκείνη.

2036 1907 2084 1972 Β

2098 619 2351 674 quorum
2381 601 2480 658 alii
2520 602 2868 671 inserviant,
2902 600 3001 658 alii
3042 618 3176 659 vero
3223 620 3445 676 pompae
3475 609 3755 677 praeeant.

2104 693 2179 747 Eo
2214 708 2348 764 rege
2379 696 2712 762 conspecto,
2747 708 2861 763 quo
2894 692 3101 747 affectu
3125 693 3290 764 tangi
3321 697 3494 766 putas
3523 695 3758 767 inopem

2102 780 2270 836 illum
2293 779 2602 854 pupulum,
2630 780 2724 834 cui
2749 780 3032 836 hactenus
3058 782 3290 838 fuerant
3319 783 3697 840 admirationi
3720 784 3761 840 ii

2105 870 2201 942 qui
2227 889 2288 926 se
2307 875 2500 927 essent
2521 869 2693 942 paulo
2727 870 3163 942 prazstantiores
3185 871 3213 926 ?
3234 877 3434 928 Nonne
3455 872 3759 930 existimas

2107 978 2242 1016 eum
2274 976 2380 1016 suo
2411 959 2598 1031 ipsius
2623 959 2847 1030 judicio
2879 961 3360 1018 confundendum
3393 979 3523 1018 esse
3554 979 3619 1018 ac
3651 981 3756 1036 pu-

2108 1051 2246 1105 dore
2269 1050 2735 1105 suﬂ'undendum
2757 1049 2784 1104 ?
2800 1051 3007 1104 Annon
3034 1051 3107 1105 ob
3128 1050 3467 1109 institutam
3480 1068 3615 1109 cum
3634 1071 3760 1112 ma-

2101 1140 2338 1210 joribus
2370 1139 2590 1194 divitiis
2622 1138 3121 1210 comparationem
3153 1157 3357 1197 omnes
3378 1142 3542 1213 parvi
3571 1142 3758 1200 factu-

2112 1247 2212 1284 rus
2245 1233 2336 1285 est
2355 1229 2382 1284 ?
2415 1228 2615 1287 Nonne
2635 1227 2687 1284 ei
2709 1227 2819 1283 soli
2844 1228 2942 1300 qui
2967 1245 3096 1284 vere
3118 1229 3280 1285 dives
3309 1235 3416 1299 est,
3437 1231 3680 1304 gloriam
3705 1237 3764 1289 et

2114 1318 2348 1375 divitias
2380 1335 2488 1374 suo
2521 1318 2855 1374 testimonio
2887 1323 2977 1374 est
3008 1319 3452 1377 attributurus?
3479 1323 3564 1378 Ad
3602 1322 3763 1379 hunc

2113 1407 2293 1480 igitur
2323 1409 2562 1464 modum
2595 1407 2857 1478 quandiu
2886 1407 3174 1464 celsitudo
3206 1426 3271 1464 ac
3305 1411 3650 1485 magnitudo
3676 1429 3767 1468 sa-

2113 1497 2347 1569 pientiae
2375 1496 2726 1568 virtutisque
2755 1495 2856 1553 Dei
2884 1497 3286 1565 absconditur,
3319 1499 3508 1556 multa
3557 1500 3630 1557 iis
3663 1501 3764 1574 qui

2112 1587 2173 1642 in
2204 1591 2466 1643 extrema
2495 1588 2650 1642 440
2680 1591 3025 1659 paupertate
3068 1589 3377 1645 constituti
3409 1593 3572 1658 sunt,
3604 1591 3763 1647 vide-

2113 1679 2336 1734 buntur
2364 1694 2493 1734 esse
2537 1677 2766 1734 excelsa
2813 1695 2879 1734 ac
2930 1695 3182 1752 magna:
3235 1682 3337 1736 sed
3388 1680 3766 1753 simulatque

2112 1785 2248 1824 vera
2270 1767 2578 1840 sapientia,
2601 1784 2846 1839 veraque
2868 1769 3132 1840 potentia
3151 1786 3280 1825 sese
3300 1770 3360 1826 in
3383 1775 3767 1844 conspectum

2117 1856 2364 1927 dederit,
2400 1873 2571 1913 nemo
2596 1861 2697 1913 aut
2728 1857 2986 1929 sapiens,
3009 1862 3107 1913 aut
3141 1865 3348 1928 potens
3379 1862 3768 1932 reputabitur.

2116 1952 2202 2001 lta
2233 1951 2289 2002 et
2324 1946 2552 2017 Moyses
2583 1947 2882 2018 quondam
2914 1963 3049 2002 cum
3095 1947 3278 2004 Deum
3313 1949 3578 2006 audisset
3605 1952 3678 2007 ad
3711 1967 3774 2008 se

2118 2037 2480 2110 loquentem,
2498 2035 2900 2092 haisitantium
2919 2035 3138 2109 linguai
3159 2054 3225 2093 ac
3241 2038 3520 2111 loquendi
3537 2041 3775 2098 tardita-

2120 2130 2238 2180 tem
2269 2143 2383 2196 qua
2413 2123 2740 2191 laborabat,
2789 2125 3178 2182 conﬁtebatur
3198 2128 3267 2184 ³2.
3299 2127 3448 2192 Quin
3493 2132 3552 2184 et
3582 2131 3771 2186 Abra-

2125 2216 2260 2270 ham
2281 2215 2515 2286 quando
2537 2214 2722 2270 Deum
2741 2213 2904 2283 vidit,
2927 2232 2990 2271 se
3005 2217 3391 2287 proﬁtebatur
3409 2222 3624 2275 terram
3647 2236 3777 2277 esse

2126 2319 2192 2358 ac
2224 2301 2479 2358 cinerem
2499 2302 2754 2358 33.Nemo
2776 2301 2956 2374 igitur
2984 2319 3050 2360 eo
3073 2305 3228 2375 quod
3253 2304 3468 2378 dignus
3489 2306 3780 2365 habeatur

2129 2393 2230 2463 qui
2260 2390 2457 2446 videat
2478 2390 2578 2446 Dei
2600 2391 2921 2447 bonitatem
2947 2409 3013 2448 ac
3034 2393 3522 2466 sapientiam,aut
3543 2397 3654 2453 sibi
3677 2401 3782 2454 aut

361 2487 524 2544 alteri
551 2484 900 2558 sapientiam
929 2482 1018 2540 vel
1074 2480 1396 2555 potentiam
1431 2482 1724 2536 vindicare
1771 2480 2004 2553 poterit.
2054 2479 2251 2536 Sancti
2308 2479 2465 2535 enim
2493 2496 2698 2536 omnes
2758 2479 2929 2552 quasi
2977 2481 3178 2538 lumen
3229 2489 3371 2540 sunt
3401 2483 3779 2542 lucernarum

363 2578 424 2632 in
459 2575 698 2631 meridie
730 2571 1164 2628 ferventissima
1212 2575 1268 2626 et
1292 2570 1662 2625 clarissima:
1724 2571 1876 2641 quod
1912 2569 2122 2641 majori
2151 2568 2292 2626 solis
2350 2567 2480 2625 luce
2524 2569 2876 2625 obtunditur
2924 2586 2990 2626 ac
3022 2575 3356 2643 superatur.
3391 2575 3781 2640 Quamobrem

365 2681 547 2736 supra
579 2663 817 2718 modum
849 2661 1197 2716 excitabitur
1229 2660 1500 2714 Dominus
1529 2659 1678 2714 solus
1707 2659 1767 2713 in
1787 2658 1876 2714 die
1906 2659 2028 2713 illa.

435 2755 530 2812 88.
570 2747 777 2827 Ἡμέρα
818 2751 921 2825 γάρ
982 2747 1181 2825 Κυρίου
1241 2749 1317 2822 (4)
1381 2745 1468 2802 ἰπὶ
1525 2745 1694 2802 πάντα
1761 2741 2017 2820 ὑϐριστὴν

367 2842 458 2898 καὶ
520 2842 886 2918 ὑπερήφανον.
947 2837 1106 2914 Τάχα
1162 2837 1355 2912 πρῶτη
1430 2836 1664 2910 ἁμαρτία
1721 2831 1875 2910 ὕϐρις
1932 2837 2022 2891 καὶ

376 2931 736 3009 ὑπερηφανία·
787 2928 938 3001 εἴπερ
997 2929 1026 2982 ὁ
1085 2922 1346 2988 διάϐολος
1403 2921 1683 3001 ἐξκϐρίσας
1738 2930 1818 2997 τῷ
1875 2925 2024 2998 κόρῳ

369 3025 475 3074 τῶν
531 3019 653 3093 περὶ
712 3017 870 3072 αὐτὸν
929 3017 1142 3090 ἀγαθῶν
1198 3015 1402 3084 ἀπὲστη
1455 3019 1610 3083 Θεοῦ,
1677 3015 1766 3068 καὶ
1827 3036 2022 3068 συναπι

371 3110 598 3178 ἀστησεν
658 3107 832 3178 ἐαυτῷ
886 3106 980 3166 τὰς
1051 3103 1418 3175 ἀντικειμένας
1487 3101 1766 3174 δυνάμεις,
1827 3101 2021 3178 λέγων,

373 3197 588 3253 Ἐπάνω
626 3201 734 3250 τῶν
795 3191 1002 3269 ἄστρων
1061 3194 1299 3264 θήσομαι
1351 3191 1443 3245 τὸν
1503 3190 1694 3264 θρόνον
1756 3211 1882 3263 μου·
1935 3192 2024 3245 καὶ

2201 2748 2291 2804 88.
2337 2748 2514 2804 Vrsas.
2567 2749 2650 2805 12.
2700 2749 2823 2804 Dies
2880 2750 3028 2805 enim
3083 2751 3310 2808 Domini
3360 2769 3531 2827 super
3563 2771 3785 2812 omnem

2131 2839 2592 2895 contumeliosum
2622 2843 2674 2892 et
2696 2838 3016 2909 superbum.
3053 2840 3342 2896 Fortassis
3365 2842 3624 2913 primum
3659 2859 3788 2916 pec-

2133 2936 2329 2983 catum
2362 2926 2718 2983 contumelia
2749 2927 2859 2982 fuit
2889 2946 2954 2983 ao
2987 2929 3299 3000 superbia:
3333 2931 3623 3003 siquidem
3658 2933 3785 2989 dia-

2136 3016 2624 3082 bolus,boncrum
2659 3015 2875 3087 quibus
2903 3018 3141 3073 dotatus
3165 3018 3357 3074 fuerat
3388 3020 3791 3089 fastidio,con-

2134 3103 2516 3159 tumeliosum
2549 3121 2611 3158 se
2652 3105 2918 3175 praebens
2967 3105 3210 3161 descivit
3239 3124 3272 3163 a
3302 3109 3436 3177 Deo,
3469 3126 3790 3182 secumque

2137 3191 2502 3248 adversaries
2533 3197 2850 3264 potestates
2882 3194 3129 3249 adduxit
3159 3197 3229 3250 ad
3263 3196 3674 3269 defectionem,
3698 3200 3787 3256 di-

376 3287 546 3340 καθιῶ
604 3283 654 3338 ἐν
715 3279 828 3357 ὄρει
890 3282 1088 3355 ὑψηλῷ
1161 3278 1249 3334 ἐπὶ
1317 3279 1384 3333 τά
1440 3274 1542 3354 ὅρη
1601 3279 1667 3333 τά
1726 3277 1910 3353 ὑψηλά
1963 3279 2025 3335 τά

2143 3298 2313 3337 cens:
2349 3281 2524 3351 Super
2579 3285 2732 3336 astra
2758 3298 2960 3352 ponam
3014 3285 3215 3340 solium
3262 3302 3469 3358 meum,
3519 3295 3573 3345 et
3599 3288 3791 3344 sedebo

373 3377 510 3449 πρὸς
587 3372 806 3450 βορρᾶν.
895 3365 1274 3443 Ἀναϐήσομαι
1371 3368 1548 3423 ἐπάνω
1674 3373 1782 3423 τῶν
1885 3389 2034 3447 νεφε-

373 3462 485 3518 λῶν
513 3466 608 3537 (5),
643 3461 837 3534 ἔσομαι
892 3461 1087 3532 ὅμοιος
1134 3463 1214 3529 τῷ
1275 3457 1534 3532 ⁴Υψίστῳ.
1594 3457 1692 3511 Διά
1739 3461 1899 3512 τοῦτο
1951 3456 2032 3513 ἐν·

367 3553 547 3607 τεῦθεν
579 3552 670 3605 καὶ
729 3551 764 3618 ἡ
825 3546 1102 3617 ἐκδίκησις
1153 3547 1402 3620 ἄρχεται.
1459 3544 1563 3600 Καὶ
1624 3544 1672 3599 εἷ’
1720 3566 1802 3608 τις
1848 3545 2032 3619 μέντοι

377 3639 644 3719 τυφωθεὶς
676 3637 751 3699 εἷς
807 3642 981 3711 κρῖμα
1037 3633 1364 3707 ἐμπέπτωκε
1418 3638 1515 3688 τοῦ
1573 3629 1856 3708 διαϐόλου,
1904 3636 2037 3709 μετά

376 3734 476 3784 τοῦ
506 3729 757 3804 ἀρχηγοῦ
785 3725 874 3780 καὶ
913 3723 1080 3778 οἱονεὶ
1126 3721 1469 3798 δημιουργοῦ
1515 3729 1618 3792 τῆς
1669 3723 2036 3802 ὑπερηφανίας

381 3816 928 3886 καταδικασθήσεται·
991 3813 1192 3888 Κύριος
1276 3811 1377 3887 γάρ
1462 3812 1830 3890 ὑπερηφάνοις
1899 3814 2041 3868 ἀντι-

383 3909 660 3963 τάσσεται.
721 3903 902 3960 Ἒοικὲ
968 3923 1086 3964 πως
1168 3900 1314 3975 ἀρχὴ
1406 3907 1506 3970 τῆς
1580 3901 1947 3979 ὑπερηφανίας
2004 3905 2039 3974 ἡ

382 3992 538 4072 ὕϐρις
567 3995 723 4051 εἶναι.
764 3993 826 4049 Ὁ
855 3992 958 4068 γάρ
1009 3987 1286 4044 διαπτύων
1330 3989 1457 4052 τοὺς
1491 3988 1719 4063 ἄλλους,
1751 3991 1840 4046 καὶ
1979 3994 2042 4049 τὸ

388 4082 556 4158 μηδὲν
590 4081 920 4159 ἡγούμενος,
980 4076 1128 4134 ἀλλὰ
1181 4078 1312 4141 τοὺς
1376 4079 1470 4152 μὲν
1521 4080 1807 4155 πτωχοὺς,
1837 4082 1964 4144 τοὺς
1987 4080 2046 4138 δὲ

386 4174 683 4248 δυσγενεῖς,
736 4170 866 4232 τοὺς
925 4167 982 4223 δὲ
1041 4169 1269 4241 ἀμαθεῖς
1329 4165 1758 4242 ὑπολαμϐάνων,
1835 4171 1893 4226 ἐκ
1946 4179 2046 4242 τῆς

389 4258 599 4338 ὕϐρεως
627 4260 828 4330 ταύτης
862 4258 939 4322 είς
988 4257 1052 4312 τὸ
1087 4257 1252 4331 μόνυν
1299 4258 1486 4312 ἑαυτὸν
1529 4255 1736 4314 οἷέσθαι
1786 4261 1921 4316 εἶναι
1951 4283 2046 4316 σο-

391 4352 506 4421 θὸν,
569 4350 806 4420 συνετὸν,
878 4349 1089 4425 εὑγενῆ,
1167 4346 1455 4416 πλούσιον,
1506 4346 1728 4403 δυνατὸν
1786 4350 2047 4428 ὑποφέρε-

388 4463 476 4497 ται
508 4444 607 4514 (7)·
667 4441 846 4515 ἀρχὴν
893 4438 1030 4511 πρὸς
1077 4438 1139 4492 τὸ
1191 4438 1685 4515 ὑπερηφανεόεσθαι
1733 4439 1831 4508 τὴν
1888 4442 2049 4518 ὑπερ-

393 4531 550 4606 οψίαν
607 4523 924 4602 λαμϐάνων.
979 4528 1154 4583 Τοῦτο
1209 4525 1309 4600 γάρ
1369 4524 1479 4581 ἐστι
1531 4528 1594 4582 τὸ
1653 4528 2050 4606 ὑπερηφανεόεο

387 4632 533 4691 σθαι,
565 4619 628 4675 τὸ
678 4615 1093 4694 ὑπερφαίνεσθαι
1150 4619 1258 4668 τῶν
1315 4611 1544 4669 πολλῶν
1599 4614 1917 4692 ἐπιχειρεῖν.
1959 4620 2046 4675 Ἐν

392 4710 450 4766 δὲ
479 4714 558 4782 τῷ
585 4712 746 4764 τοῦτο
778 4709 856 4780 (8)
907 4710 1105 4772 ποιεῖν,
1158 4699 1429 4774 ἐξουδενοῖ
1484 4704 1580 4776 μὲν
1636 4705 1728 4760 τὸν
1785 4706 2044 4778 πλησίον,

2140 3373 2197 3426 in
2227 3378 2413 3425 monte
2440 3369 2659 3425 excelso
2689 3387 2857 3442 super
2893 3374 3105 3428 monte:
3151 3374 3408 3446 excelsos,
3439 3377 3538 3450 qui
3562 3385 3692 3433 sunt
3722 3377 3794 3433 ad

2141 3460 2476 3530 aquilonem.
2507 3459 2810 3514 Ascendam
2847 3477 3010 3532 super
3031 3462 3202 3518 nubo:
3226 3479 3246 3518 :
3275 3479 3368 3519 ero
3395 3464 3609 3521 similis
3627 3467 3794 3522 Attis-

2141 3551 2282 3604 simo
2301 3548 2369 3602 3‘.
2403 3548 2480 3604 Ea
2507 3548 2578 3603 de
2609 3565 2785 3605 causa
2833 3548 2993 3605 illinc
3040 3550 3276 3607 initium
3328 3553 3490 3611 ducit
3519 3555 3797 3612 vindicta.

2145 3638 2477 3709 Enimvero,
2510 3636 2561 3692 si
2595 3638 2730 3708 quis
2754 3641 2911 3694 fastu
2937 3638 3126 3696 elatus
3149 3657 3214 3697 ac
3237 3643 3561 3713 tumens,in
3585 3643 3808 3701 diaboli

2141 3727 2432 3799 judicium
2468 3725 2759 3794 inciderit,
2792 3744 2913 3782 una
2943 3744 3080 3784 cum
3129 3730 3393 3802 principe
3423 3737 3481 3788 et
3510 3732 3677 3804 quasi
3705 3750 3806 3790 su-

2151 3815 2364 3888 perbiai
2391 3815 2599 3886 opiﬁce
2616 3816 3107 3872 condemnabitur
3130 3834 3142 3873 :
3165 3822 3436 3876 Dominus
3454 3823 3602 3876 enim
3621 3831 3814 3895 super?

2152 3907 2233 3961 bis
2278 3905 2573 3962 resistit“.
2628 3905 2876 3962 Videtur
2925 3908 3182 3978 quodam
3233 3911 3406 3966 modo
3455 3912 3813 3969 contumelia

2152 3995 2314 4067 origo
2338 4010 2467 4050 esse
2490 3994 2780 4066 superbiae
2813 4000 2990 4067 atque
3016 3997 3547 4070 principium.Nam
3574 4006 3812 4058 caeteros

2153 4087 2254 4156 qui
2275 4090 2720 4156 aspernatur,ac
2744 4101 2849 4156 pro
2875 4085 3063 4140 nihilo
3085 4088 3377 4152 eosducit,
3403 4089 3550 4147 alios
3572 4091 3812 4164 quidem

2153 4191 2390 4245 egenos,
2423 4172 2570 4229 alios
2618 4190 2753 4229 vero
2804 4174 3118 4246 ignobiles,
3151 4176 3301 4234 alios
3349 4183 3547 4235 autem
3594 4180 3817 4237 inscios

2155 4281 2284 4319 esse
2316 4271 2498 4331 ratus,
2533 4279 2636 4334 per
2665 4263 2818 4318 hanc
2849 4265 3267 4321 contumeliam
3295 4285 3361 4323 eo
3393 4269 3724 4338 devenit,ut
3753 4286 3818 4327 se

2157 4352 2347 4408 solum
2375 4352 2673 4408 existimet
2692 4369 2820 4408 esse
2841 4354 3587 4430 sapientem,intelligentia
3605 4358 3817 4431 praedi-

2156 4449 2306 4510 tum,
2343 4440 2625 4510 nobilem,
2655 4441 2917 4510 divitem,
2973 4449 3309 4515 potentem:
3363 4446 3581 4521 quippe
3612 4465 3819 4520 super-

2159 4531 2356 4586 biendi
2380 4529 2614 4586 initium
2638 4547 2708 4586 ex
2728 4530 2980 4587 aliorum
3004 4538 3346 4608 contemptu
3378 4537 3820 4594 sumit.Conniti

2165 4636 2420 4691 namque
2451 4623 2518 4676 ut
2549 4619 2682 4676 aliis
2712 4620 2987 4692 plurimis
3017 4622 3273 4680 videaris
3308 4626 3820 4697 praestantior,hoc

2158 4712 2355 4782 ipsum
2387 4709 2667 4781 superbia
2716 4713 2823 4766 est.
2875 4709 3052 4768 Porro
3102 4713 3244 4769 dum
3294 4714 3353 4770 id
3394 4715 3596 4783 efficit,
3642 4714 3817 4771 nihili

465 4811 512 4846 3'
547 4810 722 4864 Exod.
757 4824 833 4876 ιν,
866 4807 954 4861 10.
1031 4806 1077 4839 ³³
1106 4805 1244 4860 Gen.
1278 4820 1441 4872 xvm,
1472 4805 1563 4859 27.
1640 4805 1686 4839 ³⁴
1715 4809 1824 4863 Isa.
1855 4825 1972 4876 xiv,
2007 4811 2025 4864 1

2141 4811 2218 4865 lli.
2297 4809 2340 4843 ³⁸
2370 4807 2395 4864 I
2423 4808 2575 4864 Petr.
2607 4826 2664 4877 ν,
2695 4809 2750 4865 5.

468 4906 580 4980 (99)
613 4903 783 4980 Editi,
815 4901 1052 4980 τούτων,
1081 4904 1148 4980 At
1198 4917 1299 4980 sex
1329 4918 1498 4980 mss”
1543 4898 1765 4980 τούτου.
1800 4904 1929 4960 Mox
1959 4923 2051 4961 ve-

397 4973 500 5036 lim
533 4973 1164 5048 a'nimadvertasiillud,
1202 4973 1270 5026 τά
1303 4973 1492 5046 μικρά,
1523 4974 1734 5048 locum
1765 4991 2052 5048 occupare

399 5069 514 5108 non
545 5067 719 5106 suum
745 5066 757 5103 :
793 5047 1086 5120 siquidem
1115 5041 1476 5120 antevocem
1514 5041 1884 5120 ὑπερέχοντας
1915 5041 2054 5120 poni

401 5124 702 5178 debuerat.
735 5117 1008 5190 Alioquin
1043 5120 1196 5172 enim
1230 5117 1478 5190 ridicula
1513 5134 1579 5174 ac
1609 5117 1761 5176 falsa
1789 5117 2054 5177 diceren-

402 5203 517 5260 tur,
552 5211 685 5248 cum
731 5193 984 5265 populus
1022 5189 1294 5265 quemvis
1344 5190 1538 5265 seipso
1589 5194 2054 5265 praestantiorem

405 5280 522 5320 non
552 5260 782 5336 parum,
807 5260 917 5319 sed
947 5260 1141 5336 valde“
1165 5260 1490 5336 admodum
1523 5263 1852 5336 miraretur.
1889 5265 2055 5321 Haud

405 5329 860 5476 longeguinque
881 5351 1047 5404 mss.,
1076 5334 1146 5404 τῇ
1170 5329 1363 5402 οικείᾳ.
1392 5333 1542 5387 Editi
1563 5339 1620 5389 et
1640 5335 1781 5408 Reg.
1806 5337 2054 5408 primus,

406 5427 475 5476 τῃ
569 5429 582 5461 ι
627 5447 639 5461 ο
678 5475 684 5476 7
724 5475 730 5476 7
797 5471 813 5476 Α
978 5475 983 5476 7
1237 5474 1247 5476 _

406 5427 475 5481 τῃ
512 5427 582 5461 ιοι

507 5447 760 5546 δῖάίῐὶ,
795 5471 1020 5546 δυνατός
1048 5493 1152 5535 τις.
1186 5474 1367 5530 Abest
1388 5493 1473 5536 τις
1502 5491 1536 5530 a
1565 5476 1784 5533 nostris
1816 5496 1960 5536 mss.

502 5554 558 5624 2)
589 5545 804 5624 Vocem
837 5545 1021 5624 ξαυτόν
1055 5565 1086 5624 e
1118 5547 1344 5624 nostris
1367 5548 1914 5624 mss.__addidimus.

481 5619 560 5696 (3)
590 5619 768 5696 Editi,
815 5619 1001 5696 οἱονεί.
1022 5619 1455 5696 -Ξοάινοιιὶαηι
1510 5619 1648 5696 libri
1671 5628 1919 5678 veteres.
1953 5623 2060 5678 Alii

413 5691 646 5767 habent,
679 5693 819 5746 oiov’
853 5692 975 5767 alii,
1006 5691 1108 5767 ὼε
1149 5692 1360 5767 Statim
1392 5691 1820 5767 mss._aliquo_t,
1856 5713 2062 5767 μεσημ-

409 5763 534 5844 βρίᾳ
563 5767 810 5841 σταθερᾷ.
848 5766 1037 5821 Codex
1068 5763 1160 5821 Fr.
1197 5763 1224 5818 1
1258 5779 1394 5821 cum
1425 5763 1626 5834 editis,
1647 5763 1915 5840 σταθηρᾷ,

2236 4905 2498 4986 (4)_Editi
2530 4910 2588 4962 et
2612 4923 2781 4986 _m_ss.
2832 4907 3042 4978 nostri,
3091 4909 3312 4986 Κυρίου.
3347 4911 3465 4986 _S_ed
3498 4910 3652 4981 apud
3685 4911 3819 4986 LXX

2162 4974 2270 5055 voir
2297 4974 2532 5055 Σαοαώθ
2557 4978 2816 5055 additur,
2839 4997 2966 5055 quae
2993 4974 3227 5054 quoque
3254 4983 3316 5038 in
3346 4974 3600 5054 Vulgata
3629 4985 3821 5055 expri-

2165 5049 2379 5174 miturb:
2416 5050 2559 5118 Quia
2585 5051 2706 5106 dies
2753 5049 2984 5108 Doinini
3008 5049 3380 5110 exercituum
3406 5049 3577 5127 super
3602 5049 3818 5113 omnem

2165 5137 2331 5174 super
2369 5138 2481 5174 um.

2161 5137 2481 5192 supernum.

2236 5189 2324 5272 (5)
2344 5189 2791 5272 Ειὶίῐὶηνεφελῶν
2816 5198 2913 5249 τοῦ
2946 5193 3193 5268 οὐρανοῦ.
3229 5197 3548 5272 _S_ed__i_llud,
3572 5200 3696 5272 _105
3727 5196 3819 5251 οὖ-

2166 5265 2350 5390 Ξαγοῦ,
2374 5281 2508 5320 cum
2527 5265 2586 5320 in
2610 5265 2828 5322 nostris
2848 5285 2991 5324 mss.
3014 5265 3075 5323 et
3092 5269 3245 5341 apud
3268 5269 3408 5325 LXX
3429 5287 3543 5325 non
3572 5270 3822 5344 legatur,

2209 5354 2238 5390 e
2265 5353 2514 5390 evnmus.

2209 5353 2514 5392 elevunus.

2238 5409 2316 5478 (6)
2348 5408 2441 5463 Sic
2475 5408 2608 5481 libri
2637 5416 2885 5481 veteres.
2917 5410 3066 5463 Editi
3099 5427 3254 5481 vero,
3286 5408 3493 5475 ἄλλους
3517 5432 3565 5466 o.

2240 5482 2316 5554 (7)
2347 5481 2536 5554 Codex
2556 5479 3066 5554 ΔΗ.,.ὑ⁴ιτερ‹,οὲ.ρεται.

2241 5548 2318 5621 (8)
2348 5548 2606 5626 Editi,__&v
2642 5548 2698 5626 δὲ
2718 5548 2918 5622 τοῦτῳ,
2956 5571 3067 5608 non
3090 5556 3262 5626 recte.
3296 5555 3368 5609 At
3390 5571 3534 5611 mss.
3563 5554 3824 5626 plerique

2171 5618 2400 5693 omnes,
2433 5620 2484 5676 ἐν
2503 5618 2684 5692 ’δετῷ
2712 5618 3085 5689 τοῦτο⁷,’ὸθηο.
3112 5623 3337 5679 Ibidem
3362 5643 3504 5681 mss.
3530 5618 3821 5693 nonnulli,

2170 5689 2453 5766 ἐξουδενεῖ.
2486 5689 2760 5766 Haudite
2794 5694 2980 5752 multo
3009 5696 3174 5766 infra
3194 5695 3338 5766 Reg.
3359 5697 3587 5766 primus
3615 5703 3674 5752 et
3700 5689 3824 5752 edi;

2172 5760 2240 5832 ti,
2272 5760 2362 5817 διὰ
2384 5767 2546 5818 τοῦτο
2581 5762 2671 5817 καὶ
2702 5764 2759 5830 ἡ.
2794 5771 2868 5822 At
2897 5767 3062 5826 deest
3089 5764 3179 5818 καί
3210 5760 3543 5839 ἱιιῖδθῖἱιιυίε
3575 5783 3718 5824 mss.
