4130 6384
385 327 503 392 263

1323 315 1717 383 APPENDIX
1759 315 2087 381 OPERUM
2133 318 2200 381 S.
2246 316 2528 386 BASILI]
2573 318 2848 389 MAGNI.

3683 324 3804 389 264

383 461 625 534 quidem
658 458 796 515 facit
825 457 1180 529 proximum,
1214 468 1277 509 se
1308 453 1503 526 ipsum
1532 451 1895 523 verojactat.
1928 451 2003 507 Es

2148 448 2333 506 ἐαυτὸν
2387 451 2445 509 δὶ
2497 455 2879 530 ἀποσεμνύνει.
2931 456 3029 513 Καὶ
3078 455 3221 513 ἔστιν
3253 459 3289 527 ἠ
3332 451 3488 531 ὕϐρις
3517 456 3799 537 ὑπερηφα-

381 550 626 622 insuper
644 548 933 620 superbis:
952 546 1112 617 origo
1135 540 1794 613 contumelia,superbia
1824 539 2003 596 itiden

2140 537 2258 625 νίας
2289 540 2461 618 ἀρχὴ,
2498 546 2586 600 καὶ
2617 548 2652 616 ἡ
2710 546 3046 625 ὑπερηφανία
3087 547 3251 602 κακὸν
3302 546 3523 624 ἕγγονόν
3560 546 3672 603 ἐστι
3695 555 3797 619 τῆς

381 637 577 694 malus
607 638 738 694 fons
767 641 877 707 est,
933 639 989 690 et
1045 632 1204 705 origo
1253 629 1576 702 superbia;
1630 628 1906 701 superbia
1943 645 2003 685 es

2140 622 2369 702 ὕϐρεως.
2406 635 2504 688 Διὰ
2551 639 2714 690 τοῦτο
2744 638 2778 705 ἠ
2840 622 3118 708 ἐκδίκησις
3177 636 3265 692 ἐπὶ
3317 622 3489 692 πάντα
3534 631 3795 713 ὑϐριστὴν

380 727 749 784 contumelias
782 728 950 780 fetus.
983 726 1350 794 Quapropter
1379 719 1637 774 vindicta
1668 716 1995 774 exercebitu

2137 716 2227 771 καὶ
2282 718 2646 797 ὑπερήφανον.
2682 725 2747 777 Ai
2807 730 3072 801 συγγενεῖς
3124 726 3227 800 γὰρ
3281 724 3542 801 ἁμαρτίαι
3603 727 3798 799 ὁμοιο-

379 817 440 873 in
472 832 707 873 omnem
735 812 1221 871 contumeliosum
1257 818 1310 865 el
1346 808 1691 880 superbum.
1726 806 2027 878 Siquidem

379 910 615 980 peccata
636 921 757 975 quae
773 902 1086 975 quamdam
1101 900 1255 955 inter
1275 915 1338 954 se
1356 896 1762 969 cognationem
1783 895 2023 966 habent,

378 995 503 1067 pari
536 995 760 1049 ratione
790 990 1140 1064 puniuntur.
1166 989 1408 1043 Inducet
1427 1003 1564 1059 ergo
1586 985 1904 1041 vindictam
1927 984 2025 1041 ille

379 1084 605 1141 Domini
621 1083 747 1137 dies
759 1079 1182 1137 celeberrimus
1200 1078 1261 1132 in
1274 1094 1507 1132 omnem
1533 1074 2021 1131 contumeliosum

373 1178 431 1229 et
448 1170 910 1245 superbum.Nos
935 1167 1260 1238 autem,qui
1283 1182 1489 1223 sumus
1513 1165 2025 1222 commiseratione

372 1261 691 1334 digni,totu
713 1258 876 1314 diein
904 1258 976 1312 iis
996 1255 1165 1312 malis
1194 1262 1515 1325 versantes,
1540 1270 1611 1308 ne
1636 1253 2023 1326 intelligimus

371 1351 611 1423 quidem
636 1348 835 1422 qualia
855 1347 977 1403 sint
995 1345 1305 1417 mala,quze
1327 1349 1466 1399 sunt
1486 1362 1518 1398 ιι
1542 1343 1710 1399 nobis
1724 1343 1986 1400 admissa
2004 1361 2017 1400 :

369 1440 628 1496 Maledici
679 1439 840 1508 regni
892 1438 988 1491 Dei
1042 1436 1424 1490 hzreditatem
1477 1449 1584 1488 non
1647 1435 1917 1504 accipient
1951 1434 2016 1489 ³⁸.

372 1529 490 1583 an
520 1532 714 1582 tamen
740 1524 1171 1589 maledicimus,
1200 1527 1373 1593 atque
1396 1522 1550 1576 inter
1570 1522 2018 1578 conviciandum

374 1633 490 1673 non
514 1615 1036 1672 animadvertimus
1048 1612 1219 1668 verba
1235 1611 1436 1667 istbmc
1451 1628 1577 1683 quae
1597 1628 1751 1665 nunc
1769 1613 2020 1683 profero,

374 1705 521 1762 mihi
551 1705 759 1762 essein
785 1702 877 1758 die
900 1702 1130 1758 Domini
1154 1700 1505 1771 objicienda,
1533 1717 1842 1773 meamque
1865 1700 2017 1757 viam

369 1795 786 1866 interseptura,
819 1797 989 1864 atque
1020 1791 1207 1847 instar
1236 1789 1389 1845 muri
1421 1790 1621 1846 futura
1659 1806 1809 1858 esse,
1843 1807 2015 1863 quem

371 1901 544 1942 nemo
567 1883 982 1941 transcendere
1032 1885 1241 1954 potest.
1293 1880 1436 1945 Quis
1482 1885 1752 1937 nostrum
1798 1898 1861 1938 se
1891 1882 2018 1955 ipse

368 1991 550 2047 supra
608 1974 847 2030 modum
905 1987 1020 2027 non
1078 1969 1295 2026 offert?
1338 1970 1468 2040 quis
1516 1971 1847 2042 proximum
1898 1988 2013 2027 non

368 2058 1131 2137 aspernatur?Contumelia
1143 2063 1340 2116 autem
1365 2063 1455 2115 est
1471 2059 1612 2131 quid
1635 2061 1825 2132 majus
1838 2076 2013 2132 quam

364 2151 794 2211 maledicentia.
811 2150 940 2207 Haec
951 2149 1106 2205 enim
1127 2149 1411 2203 duntaxat
1426 2147 1640 2220 linguas
1658 2150 2014 2207 estdedecus

364 2248 422 2299 et
468 2243 789 2316 probrum;
839 2237 1197 2295 contumelia
1238 2252 1376 2291 vero
1426 2236 1648 2310 aliquid
1700 2238 1894 2311 reipsa
1941 2241 2011 2296 ad

361 2331 744 2406 ignominiam
769 2345 971 2385 eorum
995 2328 1089 2397 qui
1116 2326 1475 2383 contumelia
1491 2327 2016 2395 lacessuntur,mo-

364 2423 527 2478 litur.
552 2420 658 2488 Qui
682 2419 917 2492 quidem
940 2418 1129 2473 elatus
1153 2421 1457 2489 est,potest
1474 2414 1664 2487 hodie,
1690 2418 1737 2473 si
1760 2418 1917 2486 velit,
1939 2420 2011 2475 ad

364 2510 679 2567 humilium
700 2506 1079 2578 abjectionem
1096 2507 1239 2561 441
1271 2506 1659 2571 descendere;
1686 2507 2011 2577 periculum

359 2616 495 2656 vero
528 2599 702 2655 luerit
730 2597 781 2653 ei
814 2596 914 2668 qui
940 2610 1094 2651 nunc
1119 2593 1361 2650 humilis
1384 2600 1494 2661 est,
1527 2610 1601 2650 ne
1621 2597 1692 2650 ad
1727 2598 2013 2669 superbo-

364 2706 494 2745 rum
542 2688 853 2744 elationem
897 2685 1308 2740 transferatur.
1357 2682 1665 2740 Enimvero
1713 2701 1846 2741 cum
1881 2688 2013 2759 quis

363 2794 426 2835 se
455 2776 642 2834 credit
661 2777 732 2831 ad
757 2772 1109 2830 humilitatis
1132 2773 1438 2846 pertigisse
1460 2772 1704 2844 apicem,
1733 2774 1790 2829 id
1816 2776 2011 2848 ipsum

2133 806 2354 881 τρόπως
2402 809 2753 882 κολάζονται,
2813 816 3026 888 Ἐπάξει
3057 813 3147 869 οὖν
3204 818 3238 885 ἡ
3281 810 3571 885 διαϐόητος
3614 817 3797 892 ἡμέρα

2132 895 2229 949 τοῦ
2278 898 2475 973 Κυρίου
2521 902 2623 969 τὴν
2675 898 2949 973 ἐκδίκησιν
3020 901 3109 958 ἐπὶ
3163 904 3337 958 πάντα
3390 898 3648 978 ὑϐριστὴν
3702 903 3794 959 καὶ

2137 982 2499 1064 ὑπερήφανον.
2531 991 2721 1063 Ἡμεῖς
2775 989 2833 1046 δὲ
2863 993 2915 1047 οἱ
2975 991 3225 1065 ἰλεεινοὶ,
3281 998 3453 1048 πᾶσαν
3497 994 3710 1067 ἡμέραν
3741 992 3796 1049 ἐν

2129 1075 2247 1135 τοῖς
2276 1082 2463 1139 κακοῖς
2492 1078 2710 1142 τούτοις
2761 1082 3142 1159 στρεφόμενοι,
3190 1079 3317 1137 οὐδὲ
3347 1082 3593 1156 συνίεμεν
3627 1084 3795 1138 ὁποῖα

2129 1162 2268 1218 κακὰ
2341 1166 2742 1242 ἁμαρτάνομεν·
2818 1168 3078 1247 Λοίδοροι
3168 1170 3447 1247 βασιλείαν
3524 1176 3660 1227 Θεοῦ
3723 1173 3791 1229 οὗ

2129 1248 2669 1328 κληρονομήσουσιν.
2722 1258 2828 1315 Καὶ
2876 1262 3042 1332 ἡμεῖς
3093 1257 3479 1337 λοιδοροῦμεν,
3534 1259 3588 1317 ἐν
3644 1260 3793 1333 αὖτῷ

2240 1340 2513 1420 λοιδορεῖν
2567 1347 2645 1416 μή
2700 1348 2991 1421 συνάντες,
3023 1347 3106 1404 ὅτι
3164 1334 3330 1404 ταὺτα
3382 1349 3415 1404 ἃ
3468 1354 3556 1405 νῦν
3590 1348 3790 1429 ἀφίημι

2133 1428 2351 1504 ῥήματα
2399 1433 2451 1489 ἐν
2499 1439 2569 1509 τῇ
2627 1436 2811 1513 ἡμέρᾳ
2837 1443 2933 1493 τοῦ
2991 1439 3189 1513 Κυρίου
3241 1428 3788 1513 άντιστήσεταίγμοι,

2130 1518 2219 1573 καὶ
2252 1517 2496 1597 διακόψει
2533 1547 2638 1597 μου
2667 1528 2766 1594 τὴν
2822 1527 2971 1594 ὁδὸν,
3002 1528 3091 1582 καὶ
3152 1529 3334 1604 ὥσπερ
3379 1528 3588 1604 τειχίον
3620 1532 3789 1605 γενή-

2131 1628 2274 1663 σεται
2328 1608 2698 1687 ὑπερϐαθῆναι
2734 1616 2809 1687 μὴ
2871 1612 3186 1689 δυνάμενον.
3246 1618 3337 1678 Τίς
3395 1619 3557 1689 ἡμῶν
3598 1618 3789 1673 ἑαυτὸν

2130 1695 2235 1773 οὐχ
2268 1699 2543 1777 ὑπεραίρει
2575 1705 2651 1775 (9)
2683 1723 2696 1773 ;
2749 1704 2832 1767 τίς
2861 1706 2953 1759 τὸν
2983 1704 3221 1776 πλησίον
3281 1704 3344 1760 οὐ
3395 1705 3681 1777 Sumen;
3721 1708 3786 1765 Ἦ

2129 1781 2188 1875 δε
2217 1781 2373 1861 ὕϐρις
2430 1789 2598 1846 πλὲον
2656 1793 2709 1848 τί
2770 1791 2879 1848 ἐστι
2936 1797 3038 1860 τῆς
3092 1792 3395 1872 λοιδορίας.
3445 1797 3509 1854 ἸΙ
3562 1797 3657 1871 μὶν
3683 1797 3786 1875 γὰρ

2125 1873 2384 1948 γλώσσης
2413 1878 2523 1933 ἐστὶ
2558 1879 2723 1954 μόνον
2775 1883 2987 1957 ἀτιμία·
3047 1886 3082 1955 ἡ
3118 1881 3176 1940 δὶ
3223 1879 3379 1959 ὕϐρις
3426 1885 3516 1942 καὶ
3557 1889 3659 1956 τὴν
3697 1873 3787 1942 διά

2122 1966 2229 2050 τῶν
2275 1960 2448 2043 ἔργων
2510 1967 2593 2024 ἐπ’
2648 1970 2883 2047 αἰσχύνῃ
2940 1976 3048 2028 τῶν
3108 1968 3482 2050 ὑϐριζομένων
3536 1974 3784 2032 ἐπίνοιαν

2124 2049 2261 2128 ἔχει.
2290 2057 2519 2112 Δυνατὸν
2559 2060 2746 2132 μέντοι
2795 2062 3035 2137 σήμερον
3094 2049 3412 2138 βουληθέντι
3455 2067 3537 2137 τῷ
3579 2064 3783 2139 ὑψηλῷ

2121 2142 2400 2209 κατελθεῖν
2451 2146 2529 2209 εἰς
2573 2150 2675 2219 τὴν
2718 2153 2828 2204 τῶν
2860 2156 3130 2207 ταπεινῶν
3174 2152 3520 2208 ταπείνωσιν
3552 2152 3644 2208 καὶ
3700 2159 3783 2228 τῷ

2123 2235 2215 2285 νῦν
2250 2233 2433 2305 μέντοι
2488 2242 2727 2309 ταπεινῷ
2780 2236 3030 2303 κίνδυνος
3087 2240 3542 2315 άντιμεταστῆναι
3592 2243 3667 2305 είς
3715 2245 3779 2300 τὸ

2120 2325 2229 2376 τῶν
2264 2323 2619 2402 ὑπερηφάνων
2650 2327 2870 2401 ὕψωμα.
2925 2328 3068 2385 Αὐτὸ
3096 2331 3198 2406 γὰρ
3245 2332 3308 2386 τὸ
3355 2328 3651 2389 ὑπολαϐεῖν
3682 2355 3777 2390 πε-

2124 2408 2176 2484 ρὶ
2206 2408 2397 2465 ἑαυτοῦ
2428 2412 2505 2476 εἰς
2552 2415 2615 2469 τὸ
2655 2413 2817 2489 ἄκρον
2875 2425 2973 2488 τῆς
3021 2420 3398 2482 ταπεινώσεως
3429 2419 3771 2495 ιληλυθὲναι,

2126 2499 2423 2589 ὑψώματός
2481 2502 2621 2558 ἐστιν
2676 2504 2921 2583 ἀφορμὴν
2977 2509 3067 2563 καὶ
3138 2508 3202 2563 τὸ
3276 2513 3373 2565 τοῦ
3432 2509 3643 2589 σφόδρα
3690 2509 3778 2568 δο-

2119 2592 2341 2679 κοῦντος
2385 2588 2437 2644 ἐν
2497 2593 2786 2679 ἁμαρτίαις
2842 2595 2975 2650 εἶναι
3018 2598 3442 2673 κατεπαρθῆναι,
3480 2588 3776 2679 ὑπερηφα-

2119 2676 2207 2730 νία
2257 2674 2430 2748 δεινὴ,
2482 2681 2543 2750 ἣν
2603 2678 2793 2739 ἔπαθεν
2855 2685 2884 2740 ὑ
2964 2691 3265 2760 Φαρισαῖος
3338 2689 3477 2744 κατὰ
3529 2674 3628 2745 τοὺ
3682 2674 3776 2746 τε·

2123 2762 2325 2822 λωνου.

358 2867 495 2926 elati
526 2865 708 2922 animi
740 2868 1157 2961 argumentum
1207 2865 1318 2932 est,
1351 2866 1409 2917 et
1458 2867 1664 2961 praeter
1711 2865 1953 2961 modum
1985 2870 2174 2926 efferri
2234 2875 2515 2935 adversus
2541 2894 2678 2936 eum
2738 2881 2837 2954 qui
2870 2883 2930 2938 in
2958 2884 3211 2955 peccatis
3266 2886 3482 2942 versari
3516 2887 3770 2961 videtur,

360 2958 555 3030 gravis
586 2960 678 3010 est
707 2953 1005 3026 superbia,
1038 2967 1214 3023 quam
1251 2966 1463 3023 passus
1494 2951 1603 3007 fuit
1660 2953 2324 3028 adversuspublicanum
2360 2965 2709 3025 Pharisasus.

429 3045 518 3099 89.
552 3046 617 3100 Et
642 3058 805 3114 super
848 3057 1067 3096 omnem
1090 3041 1371 3095 excelsum
1406 3043 1460 3095 et
1507 3041 1819 3096 sublimem.
1858 3043 2004 3102 Vitio

359 3133 549 3190 eidem
578 3132 841 3188 excelsus
872 3130 1159 3185 obnoxius
1177 3133 1267 3185 est
1288 3135 1465 3199 atque
1496 3130 1791 3201 sublimis,
1816 3136 1882 3186 ut
1902 3134 2000 3205 qui

359 3223 567 3278 affectu
626 3219 1100 3277 tantummodoa
1167 3217 1592 3273 contumelioso
1651 3224 1708 3273 et
1750 3222 2002 3293 superbo

356 3311 604 3367 differat.
640 3309 744 3364 Hic
773 3323 1030 3379 namque
1058 3308 1369 3362 adversum
1413 3311 1652 3364 caeteros
1693 3316 2001 3367 contume-

353 3399 496 3455 liam
529 3397 984 3471 superbiamque
1015 3395 1255 3451 adhibet
1286 3413 1299 3462 ;
1335 3395 1431 3450 ille
1472 3412 1627 3466 vero,
1658 3397 1831 3453 etiam
1864 3416 1999 3456 cum

350 3488 515 3544 solus
544 3490 651 3556 est,
686 3485 817 3557 plus
847 3500 1012 3556 siquo
1044 3500 1106 3539 se
1134 3485 1333 3556 ipsum
1357 3485 1540 3548 effert,
1573 3486 1871 3558 animique
1902 3505 1999 3544 va-

349 3577 533 3632 nitate
561 3592 624 3631 se
644 3574 922 3639 sustollit,
949 3589 1015 3629 ac
1036 3574 1225 3645 erigit.
1252 3578 1440 3645 Atque
1462 3579 1526 3629 ut
1545 3575 1842 3649 intelligas
1864 3577 1999 3650 quis

348 3665 428 3721 sit
457 3681 698 3738 prorsus
729 3661 1027 3733 sublimis,
1059 3663 1144 3716 tui
1180 3662 1368 3733 ipsius
1390 3662 1784 3733 reminiscere,
1804 3665 1999 3736 qualis

341 3753 405 3810 in
421 3753 754 3826 juventutis
770 3756 881 3807 tuae
905 3751 1161 3806 vanitate
1183 3750 1364 3806 tueris
1389 3769 1402 3807 :
1423 3752 1470 3807 si
1491 3754 1727 3824 quando
1743 3771 1996 3826 usquam

347 3843 489 3898 dum
522 3841 686 3899 solus
734 3840 841 3897 tibi
887 3855 1144 3907 vacares,
1194 3840 1323 3895 vitae
1365 3840 1653 3897 rationem
1703 3858 1769 3898 ac
1800 3844 1999 3901 studia

343 3930 647 3988 nttendisti
675 3946 689 3998 ;
714 3946 893 4002 quam
918 3929 1084 3985 facile
1106 3929 1321 3985 mentis
1343 3930 1694 4001 cogitatione
1720 3947 1752 3985 a
1774 3931 1996 4004 princi-

340 4024 481 4092 patu
513 4019 574 4075 in
608 4019 1026 4092 principatum,
1079 4035 1113 4073 a
1156 4018 1463 4081 dominatu
1515 4018 1575 4073 in
1623 4019 1994 4078 dominatum

338 4124 740 4176 concurreres,
764 4123 1137 4180 comparares
1159 4107 1414 4174 divitias,
1446 4107 1652 4164 domos
1670 4113 1993 4184 extrueres,

338 4213 651 4271 seponeres
687 4214 896 4254 aurum
937 4201 995 4253 et
1039 4199 1373 4269 argentum,
1405 4194 1622 4268 praedia
1665 4197 1991 4271 colligeres,

337 4304 407 4344 cx
436 4286 654 4360 quibus
683 4286 938 4360 singulis
970 4285 1143 4342 annis
1171 4289 1258 4341 tot
1287 4290 1567 4357 tantaque
1598 4287 1706 4342 tibi
1738 4288 1994 4344 redirent

335 4376 578 4446 talenta,
608 4375 857 4432 haberes
907 4374 1159 4431 famulos
1207 4373 1566 4442 innumeros,
1612 4379 1768 4432 artes
1797 4377 1992 4434 omnis

337 4464 592 4536 generis,
606 4468 923 4536 proventus
945 4480 1014 4521 ex
1026 4462 1120 4520 his
1131 4467 1518 4537 emergentes,
1534 4473 1798 4521 armenta
1816 4482 1992 4539 equo-

334 4568 492 4624 rum,
524 4552 731 4610 ovillos
759 4569 966 4627 greges
995 4554 1296 4625 boumque
1324 4557 1614 4620 armenta,
1639 4570 1778 4627 opes
1807 4571 1875 4610 ex
1897 4555 1988 4612 bis

2185 3051 2274 3106 89.
2331 3053 2436 3106 Καὶ
2492 3051 2579 3108 ἐπὶ
2630 3052 2803 3111 πάντα
2860 3056 3073 3131 ὑψηλὸν
3129 3060 3216 3115 καὶ
3287 3062 3579 3136 μετέωρον.
3640 3065 3759 3134 Τῆς

2114 3135 2283 3206 αὐτῆς
2311 3140 2500 3203 κακίας
2558 3141 2668 3198 ἰστί
2700 3144 2789 3199 καὶ
2835 3146 2864 3200 ὁ
2924 3146 3135 3220 ὑψηλὸς
3166 3148 3256 3203 καὶ
3313 3135 3613 3226 μετάωρος,
3647 3149 3765 3207 δια-

2114 3226 2289 3316 φέρων
2320 3228 2457 3306 πρὸς
2511 3231 2605 3287 τὸν
2641 3228 2900 3309 ὑϐριστὴν
2954 3240 3043 3290 καὶ
3100 3238 3440 3314 ὑπερήφανον
3479 3243 3549 3313 τῇ
3583 3241 3767 3316 σχὲσει

2116 3314 2302 3404 μόνον.
2362 3319 2425 3375 Ὁ
2487 3321 2582 3392 μὲν
2633 3323 2734 3397 γὰρ
2786 3326 2909 3388 καθ’
2964 3325 3160 3402 ἑτέρων
3227 3331 3296 3401 τῇ
3347 3322 3498 3404 ὕϐρει
3544 3314 3656 3384 καὶὴ
3696 3334 3765 3404 τῇ

2111 3401 2453 3483 ὑπερηφανίᾳ
2493 3408 2782 3485 κέχρηται·
2843 3413 2872 3467 ό
2931 3410 3009 3483 δὶ,
3053 3401 3142 3469 καὶ
3197 3414 3365 3488 μόνος
3420 3401 3517 3490 ὧν,
3578 3401 3763 3474 ἑαυτὸν

2113 3493 2412 3569 ὑπεραίρει,
2444 3497 2535 3551 καὶ
2582 3502 2898 3575 μετεωρίζει
2953 3506 3022 3576 τῇ
3082 3499 3406 3576 ματαιότητι
3460 3510 3558 3560 τοῦ
3615 3508 3761 3577 νοὸς,

2107 3581 2197 3636 καὶ
2223 3582 2439 3659 ἀνυψοῖ.
2472 3587 2571 3643 Καὶ
2598 3585 2691 3642 ἵνα
2724 3610 2817 3663 μοι
2876 3594 3077 3667 νοήσῃς
3129 3593 3221 3648 τὸν
3272 3590 3511 3669 ἀκριϐῶς
3564 3597 3759 3669 μετὲωο

2109 3690 2225 3747 ρον,
2252 3671 2562 3747 ἀνάμνησον
2621 3680 2840 3734 σεαυτὸν
2875 3679 2927 3735 ἐν
2958 3684 3028 3756 τῇ
3077 3682 3397 3757 ματαιότητι
3443 3688 3543 3751 τῆς
3574 3685 3758 3757 νεότη-

2104 3758 2219 3828 τός,
2254 3781 2368 3834 σου,
2427 3763 2477 3817 εἷ’
2503 3785 2635 3837 ποτε
2692 3769 2826 3822 κατὰ
2880 3770 3073 3825 σαυτὸν
3123 3773 3413 3847 γενόμενος
3454 3768 3645 3837 ἔλαϐες
3677 3773 3756 3830 ἔνο

2104 3868 2254 3904 νοιαν
2304 3855 2402 3905 τοῦ
2455 3853 2599 3929 βίου,
2630 3856 2721 3911 καὶ
2777 3861 2885 3912 τῶν
2941 3858 3414 3934 ἐπιτηδευμάτων·
3446 3866 3565 3927 πῶς
3612 3863 3767 3919 εὐκό-

2106 3934 2218 4000 λως
2248 3940 2383 3996 κατὰ
2433 3944 2533 4013 τὴν
2583 3946 2874 4021 φαντασίαν
2903 3953 3000 4004 τοῦ
3048 3954 3145 4004 νοῦ
3174 3947 3476 4025 ἐπέδραμες
3505 3951 3681 4027 ἀρχὰς
3714 3951 3767 4023 ιε

2105 4026 2311 4118 άρχῶν,
2363 4027 2673 4096 δυναστείας
2717 4034 2779 4091 ἐκ
2827 4033 3173 4110 δυνάστειῶν,
3222 4038 3462 4096 πλοῦτον
3520 4026 3767 4118 περιεὸάι

2104 4114 2227 4186 λου,
2271 4118 2446 4182 οἰκίας
2504 4119 2892 4197 ᾠκοδόμησας,
2955 4129 3160 4203 χρυσὸν
3215 4130 3302 4184 καὶ
3359 4114 3601 4204 ἄργυρον.
3652 4132 3766 4204 (10)

2103 4205 2326 4277 ἀπέθου,
2372 4212 2591 4281 κτήσεις
2637 4215 2953 4291 συνήγαγες,
3007 4216 3142 4272 τόσα
3191 4217 3282 4273 καὶ
3338 4219 3475 4273 τόσα
3526 4218 3766 4274 τάλαντα

2098 4296 2216 4385 κατ’
2274 4292 2393 4361 ἔτος
2448 4303 2945 4376 προσκομιζούσας,
3007 4305 3217 4371 οἰκέτας
3292 4304 3449 4383 ἔσχες
3512 4308 3764 4385 μυρίους,

2096 4383 2298 4473 τέχνας
2330 4386 2699 4462 παντοδαπὰς,
2726 4392 2825 4456 τάς
2853 4392 2912 4449 ἐκ
2948 4393 3157 4449 τούτων
3203 4394 3531 4471 προσόδους,
3561 4383 3767 4473 ἆγιλας

2093 4469 2305 4547 ἳππων,
2337 4476 2569 4550 ποίμνια
2597 4484 2693 4534 καῖ
2752 4480 3039 4556 βουκόλια,
3070 4484 3137 4538 τὰ
3194 4469 3254 4540 ἔκ
3305 4485 3515 4541 τούτων
3540 4469 3765 4563 χρίήμα-

2096 4582 2183 4652 τα,
2212 4570 2444 4639 γυναῖκα
2498 4567 2589 4622 καὶ
2639 4566 2860 4636 παῖδας,
2917 4571 3010 4626 καὶ
3041 4573 3249 4629 τούτων
3308 4574 3376 4630 τὰ
3405 4573 3594 4652 ἔκγονα
3623 4580 3759 4650 (11),

335 4642 765 4718 provenientes,
798 4658 1061 4713 uxorem,
1091 4642 1331 4707 liberos,
1354 4657 1422 4697 ac
1451 4657 1651 4698 eorum
1686 4643 1948 4701 sobolem
1975 4664 1989 4716 ;

2116 4650 2298 4740 ρίΛοος
2330 4652 2701 4730 εὖεργὲτησας,
2756 4656 2989 4735 ἐχθροὺς
3039 4662 3259 4734 ἠμύνω,
3304 4642 3490 4740 ἦρξαέ
3517 4642 3758 4737 ﬁdium};

334 4733 599 4789 afﬁceres
620 4732 841 4789 amicos
856 4729 1157 4789 beneﬁciis
1178 4747 1191 4786 :
1215 4730 1356 4786 teda
1373 4729 1629 4788 inimicis
1646 4733 1992 4806 vindicares,

333 4823 733 4896 principatum
782 4820 1081 4878 obtineres
1126 4819 1451 4890 civitatum,
1501 4821 1713 4878 deinde
1758 4828 1815 4879 et
1845 4839 1991 4897 gen-

333 4912 481 4968 tium
505 4929 522 4982 ;
544 4928 615 4967 ac
633 4910 872 4967 tandem
896 4923 1142 4983 regnum
1166 4908 1688 4981 occupares.Vides
1710 4913 1989 4984 quemad-

333 5000 578 5057 modum
608 4999 901 5073 ejusmodi
921 4996 1159 5054 animus
1179 5014 1297 5070 pra;
1320 4997 1551 5053 levitate
1568 5014 1674 5054 sua
1697 5000 1888 5057 elatus
1910 5003 1989 5059 sit

330 5094 390 5146 et
416 5087 737 5146 sublimis?
763 5087 1072 5161 Nusquam
1103 5085 1388 5153 constitit,
1420 5087 1521 5143 sed
1554 5086 1709 5144 ultra
1736 5089 1794 5146 id
1826 5093 1983 5162 quod

403 5286 453 5326 "
482 5287 505 5346 Ι
534 5286 666 5346 Ger.
694 5304 775 5359 vx,
810 5287 896 5348 10.

400 5485 488 5561 (9)
512 5484 665 5543 Editi
693 5489 751 5543 et
778 5484 896 5561 duo
918 5501 1088 5554 mss.,
1111 5481 1386 5560 ὑπερέχει.
1417 5483 1521 5540 Alii
1544 5490 1796 5556 quatuor
1817 5504 1983 5558 mss.,

332 5557 910 5644 δπέθέἒέϊιεθοὲίξξοο
1078 5626 1091 5642 .
1399 5626 1412 5644 ,
1606 5634 1638 5644 Α
1695 5630 1771 5644 ..

402 5626 701 5708 (10)Ἐι1ίιὶ
729 5634 789 5687 et
815 5627 956 5703 Reg.
1005 5626 1232 5702 primus
1281 5626 1559 5704 ἀργύριον.
1605 5630 1715 5686 Sed
1757 5630 1816 5686 in
1850 5629 1985 5689 aliis

2102 4738 2218 4794 εἶτα
2266 4741 2453 4815 ἐθνῶν,
2508 4744 2572 4799 τὸ
2627 4745 2939 4804 τελευταῖον
3006 4751 3098 4805 καὶ
3156 4738 3530 4816 ἐϐασίλευσας.
3592 4758 3761 4830 Ὁρᾷς

2098 4832 2219 4893 πῶς
2251 4830 2353 4885 ὑπὸ
2384 4832 2725 4908 κουφότητος
2774 4836 2802 4891 ὁ
2830 4842 3079 4902 τοιοῦτος
3121 4844 3247 4903 νοῦς
3280 4842 3492 4915 ὑψηλός
3524 4842 3635 4899 ἑστι
3665 4845 3753 4899 καὶ

2102 4916 2411 5007 μετὲλωροςς
2444 4919 2709 4997 Οὐδαμοῦ
2758 4923 3090 5003 ἐστήρικται,
3123 4927 3251 4984 ἀλλ’
3301 4931 3434 5007 ὑπὲρ
3465 4934 3532 4987 τά
3559 4929 3756 4988 ἀδύνα-

2096 5026 2183 5075 τα,
2210 5005 2343 5085 ὑπὲρ
2371 5010 2473 5080 τὴν
2505 5009 2663 5090 φύσιν
2719 5016 2954 5092 φὲρεται.
3004 5016 3339 5075 Ἀπειλεῖται
3393 5005 3480 5076 εὖν
3518 5022 3605 5077 καὶ
3637 5028 3755 5087 τοῖς

2097 5098 2395 5173 μετεώροις
2444 5100 2511 5154 τὰ
2587 5097 2793 5180 φοϐερὰ
2844 5111 2946 5174 τῆς
3026 5105 3257 5183 ἡμέρας.
3332 5110 3603 5184 ⁶Δμαρτία
3648 5112 3754 5189 γάρ

2095 5490 2360 5570 quinque
2389 5508 2534 5570 mss.
2568 5489 2803 5570 ἄργυρον
2836 5496 3067 5570 legitur.

2168 5560 2279 5637 (l1)
2308 5565 2415 5621 Pro
2446 5560 3073 5642 é'xyov'a'aliquotvmss.
3107 5572 3343 5643 habent,
3376 5568 3591 5650 ἔγγονα.
