4130 6388
307 426 430 488 265
1142 425 1556 488 COMMENT.
1596 427 1679 488 IN
1726 427 1935 490 ISAIA

2104 428 2552 491 ROPHETAM.
2597 431 2773 495 CAP.
2819 433 2894 492 Π.
3615 437 3735 498 266

313 557 449 628 ἐστὶ,
509 555 697 634 φησὶν,
757 557 787 612 ὁ
848 557 1244 633 μετεωρισμός.
1311 559 1514 613 ⁹¹Ακουε
1569 557 1674 633 γὰρ
1727 562 1826 612 τοῦ
1857 560 1944 628 (42

2107 561 2212 616 ieri
2240 562 2612 633 potest,ultra
2645 567 2783 620 natu
2794 581 2869 621 re
2881 565 3276 622 conditionem
3309 567 3512 624 fertur.
3534 570 3738 642 Itaque

309 647 512 722 Κυρίου
545 645 823 721 λέγοντος·
883 645 1126 728 Καδμὴ
1187 645 1595 722 μετεωρίζεσθε.
1647 647 1747 702 Καὶ
1797 649 1822 702 ὁ
1872 668 1940 720 μα

2107 668 2217 722 {ue
2239 657 2379 706 sunt
2397 651 2453 706 in
2469 653 2560 708 die
2582 652 3738 722 illaformidanda,sublimibusintermi-

307 737 496 814 κάριος
531 730 700 790 Δαόὶδ
733 734 784 789 ἐν
817 740 934 799 τοῖς
958 736 1348 810 κατορθώμασι
1381 737 1605 811 ἀριθμεῖ
1632 737 1694 792 τὸ
1729 739 1804 809 μὴ
1842 757 1938 810 μετ

2108 742 2886 813 natur.Nam,inquit,elatio,
2922 750 3228 817 peccatum
3259 751 3370 801 est.
3402 747 3554 802 Audi
3584 747 3739 804 enim

311 828 658 902 εωρισθῆναι,
713 822 854 898 μηδὶ
910 825 1218 899 ὑψωθῆναι.
1265 824 1428 901 Κύριε
1457 827 1584 901 γὰρ,
1627 825 1811 902 φησὶν,
1868 825 1942 900 οὐ]

2107 831 2398 886 )ominnm
2433 831 2720 888 dicentem
2750 849 2762 888 :
2797 834 2862 888 Et
2911 837 3085 890 nolite
3133 837 3199 891 in
3227 836 3464 892 sublime
3519 837 3644 894 tolli
3671 838 3738 894 ³⁷.

317 916 508 990 ὑψώθη
589 917 625 984 ἡ
692 911 889 990 καρδία
961 933 1100 987 μου,
1177 912 1301 968 οὐδὲ
1378 914 1845 989 ἰμετεωρίσθησαν
1920 936 1947 968 ο

2108 921 2152 974 lt
2183 920 2388 974 beatus
2419 921 2597 976 David
2622 921 2776 976 inter
2803 922 3139 990 virtutes,ct
3168 923 3444 996 praeclara
3476 925 3739 982 facinora

317 1004 593 1083 ὀφθαλμοί
652 1025 778 1078 μου.
835 1005 985 1060 Ἔστι
1039 1003 1221 1078 μέντοι
1262 1003 1353 1059 καὶ
1403 1004 1695 1066 ἐπαινετῶς
1749 1005 1938 1078 ὑψωθῆ

2105 1015 2408 1076 :numerat,
2440 1010 2489 1065 si
2519 1011 2650 1081 quis
2672 1029 2734 1066 se
2765 1011 2823 1066 in
2859 1012 3111 1068 sublime
3144 1031 3259 1069 non
3284 1015 3494 1070 evehat
3544 1031 3736 1087 neque

314 1116 423 1166 ναι,
473 1093 595 1150 ὅταν
647 1094 722 1167 μὴ
779 1094 1159 1170 μικροπρεπὴς
1209 1096 1295 1166 ᾗς,
1351 1091 1492 1168 μηδὲ
1545 1095 1770 1149 ταπεινά
1827 1115 1945 1169 μερι

2105 1098 2451 1155 sustollatur.
2485 1102 2720 1156 Domine
2749 1100 2928 1168 enim,
2950 1101 3287 1172 inquit,non
3315 1111 3398 1159 est
3427 1105 3736 1160 exaltatum

322 1189 489 1258 μνῶν,
533 1182 677 1238 ἀλλά
727 1181 1149 1259 διεγηγερμένος
1175 1184 1238 1239 τὸ
1289 1183 1563 1260 φρόνημα,
1613 1183 1702 1238 καὶ
1733 1188 1814 1256 τῷ
1844 1184 1953 1238 ἀνα·

2099 1203 2172 1241 :or
2201 1204 2582 1260 meum,neque
2610 1190 2746 1244 elati
2773 1200 2903 1245 sunt
2934 1190 3086 1246 oculi
3111 1176 3237 1246 mei.
3271 1191 3316 1226 ³⁸
3348 1197 3518 1248 Potes
3540 1197 3730 1249 tamen

313 1276 545 1347 στήματι
592 1279 692 1343 τῆς
742 1271 940 1349 ἀρετῆς
996 1273 1098 1328 ὑπὸ
1153 1271 1572 1349 μεγαλοψυχίας
1603 1273 1694 1328 καὶ
1730 1271 1936 1349 μεγαλο

2103 1277 2456 1333 audabilitcr
2480 1278 2898 1346 exaltari,cum
2931 1280 3198 1334 animum
3232 1297 3346 1335 non
3379 1281 3731 1353 despondes,

307 1363 457 1424 νοίας
503 1363 942 1438 κεκοσμημένος.
992 1364 1070 1420 Τὸ
1117 1367 1365 1419 τοιοῦτον
1408 1361 1544 1437 ὕψος
1595 1365 1694 1432 τῆς
1740 1363 1935 1439 γνώμη

2102 1383 2268 1438 neque
2297 1367 2434 1422 vilia
2460 1371 2562 1422 aut
2590 1369 2817 1439 abjecta
2847 1370 3150 1434 curas,sed
3183 1376 3519 1441 experrecto
3536 1372 3733 1428 animo

307 1448 623 1522 ἀποδεκτὸν,
690 1453 752 1508 τὸ
817 1451 1185 1508 ἀταπείνωτον
1253 1451 1306 1507 ἰν
1381 1450 1621 1527 θλίψεσι,
1677 1452 1738 1506 τὸ
1799 1453 1931 1528 ὑπερ

2102 1460 2132 1508 ιι
2170 1454 2369 1520 alacri,
2402 1461 2574 1527 atque
2604 1457 2837 1513 virtutis
2869 1457 3232 1514 sublimitate
3292 1474 3393 1530 per
3423 1459 3606 1514 animi
3631 1476 3733 1516 ex-

301 1547 540 1620 φρονοῦν
591 1546 701 1598 τῶν
753 1541 840 1598 ἐπὶ
876 1549 1000 1619 γῆς.
1031 1546 1298 1606 Τοιοῦτος
1329 1544 1358 1599 ὁ
1386 1545 1450 1599 τὸ
1477 1543 1788 1617 πολίτευμα
1817 1539 1932 1618 ἔχω

2100 1544 2397 1600 :elsitatem
2417 1561 2482 1600 ac
2498 1545 2969 1617 magnitudinem
3001 1551 3247 1602 ornatus
3271 1547 3525 1603 es.Talis
3544 1549 3731 1604 animi

304 1631 360 1687 ἒν
393 1631 666 1708 οὐρανοῖς,
719 1633 746 1688 ὁ
793 1633 894 1702 τήν
924 1629 1148 1708 καρδίαν
1179 1632 1525 1707 ἐπτοημένην
1561 1629 1704 1708 ἔχων
1736 1631 1813 1696 εἲς
1835 1632 1930 1687 τοὺ

2100 1633 2248 1689 ειεῒίιι
2281 1635 2807 1705 commendatur,si
2842 1636 3076 1691 animus
3101 1635 3161 1691 in
3181 1636 3731 1694 afﬂictionibusnon

301 1719 417 1777 ἰκεῖ
467 1720 790 1796 θησαυρούς.
840 1723 945 1778 Καὶ
1001 1719 1151 1777 ἔοικε
1203 1726 1366 1778 τοῦτο
1427 1723 1488 1777 τὸ
1544 1721 1680 1796 ὕψος
1714 1728 1816 1791 τῆς
1847 1719 1932 1776 δια

2100 1723 2429 1793 .bjicitur,si
2461 1729 2692 1779 terrena
2722 1729 3204 1780 contemnuntur.
3225 1726 3385 1782 Talis
3415 1731 3525 1794 est,
3558 1728 3731 1799 cujus

300 1811 475 1880 νοίας,
535 1811 672 1887 πρὸς
729 1813 830 1882 τὴν
891 1810 952 1866 ἔκ
1004 1815 1101 1866 τοῦ
1157 1811 1328 1889 τύφου
1387 1811 1634 1887 ἔπαρσιν,
1665 1812 1764 1879 τὴν
1793 1811 1928 1880 αὐτὴ

2099 1817 2162 1868 εει
2190 1813 2556 1869 conversatio
2589 1813 2648 1868 in
2681 1813 2864 1885 caelis,
2899 1815 3067 1886 cuius
3121 1831 3222 1870 cor
3275 1815 3576 1871 thesauris
3611 1815 3730 1871 illic

304 1897 452 1975 Ιχειν
502 1897 762 1976 διαφορὰν
793 1902 932 1975 (43),
991 1900 1059 1969 ἧν
1091 1897 1328 1969 ἀληθινὴ
1388 1899 1564 1970 εὐεξία
1615 1900 1752 1974 πρὸς
1775 1899 1931 1968 τήνέ

2101 1902 2386 1958 econditis
2416 1902 2628 1958 inhiat.
2653 1903 2831 1958 Porro
2864 1903 3021 1960 idem
3056 1903 3289 1960 videtur
3309 1905 3596 1961 interesse
3614 1905 3731 1961 dis-

305 1955 498 2064 ὑδέρου
549 1955 1026 2066 γινομένην-’τῆς
1061 1955 1256 2065 σαρκὸς
1313 1955 1688 2045 ἐπανάστασιν.
1739 1955 1936 2064 ιΩγκω·

2101 1992 2285 2046 rimen
2334 1991 2487 2046 inter
2502 1991 2653 2047 hanc
2681 1992 2864 2048 animi
2895 1992 3307 2048 celsitudinem
3333 1999 3392 2049 et
3419 1993 3728 2066 superbia.

298 2101 386 2136 ται
450 2080 544 2154 μὲν
619 2080 725 2156 γὰρ
801 2081 865 2135 τὸ
942 2085 1120 2154 σῶμα,
1198 2079 1326 2135 ἀλλ’
1395 2079 1633 2136 ὕπουλόν
1695 2078 1806 2136 ἐστι
1866 2101 1929 2135 κα

2102 2079 2404 2150 lationem,
2436 2082 2593 2152 quod
2621 2081 2774 2136 inter
2789 2081 3056 2152 corporis
3077 2080 3493 2138 habitudinem
3515 2099 3584 2138 ac
3603 2098 3733 2139 oar-

297 2175 465 2228 νοσεῖ.
2069 2168 2162 2224 nis
2179 2173 2468 2223 tumorem
2486 2183 2555 2223 ex
2573 2185 2730 2240 aqua
2749 2169 3041 2224 intercute
3056 2185 3162 2242 pro
3183 2170 3402 2227 fectum
3421 2171 3734 2226 intercedit

299 2259 649 2317 Intumescit
679 2259 919 2332 quidem
943 2276 1010 2315 ac
1041 2264 1236 2333 turget
1265 2277 1504 2332 corpus,
1531 2259 1635 2316 sed
1662 2260 1866 2316 subter
1895 2274 2115 2332 aegrum
2156 2261 2246 2313 est
2273 2261 2331 2312 et
2359 2258 2727 2313 morbosum.

368 2350 456 2405 90.
532 2347 630 2401 Καὶ
701 2344 789 2402 ἐπὶ
867 2351 1039 2402 πᾶσαν
1102 2345 1295 2420 χίδρον
1369 2351 1466 2402 τοῦ
1541 2342 1780 2401 Λιϐάνου
1843 2349 1952 2401 τῶν

2131 2346 2222 2401 90.
2251 2345 2426 2400 Vens.
2465 2345 2550 2400 13.
2571 2348 2643 2400 Et
2671 2362 2840 2417 super
2867 2362 3054 2403 omnes
3083 2348 3278 2404 cedro:
3310 2348 3510 2405 Libani
3538 2348 3724 2405 excel-

299 2434 528 2511 ὗψηλῶν
579 2435 669 2491 καὶ
735 2435 1042 2512 μετεώρων.
1103 2436 1241 2491 Ηοία
1297 2435 1476 2502 κακία,
1538 2436 1692 2513 φησὶ,
1721 2438 1820 2504 τῆς
1873 2435 1930 2489 κὲ

2090 2449 2148 2488 as
2179 2443 2229 2488 et
2258 2435 2537 2490 sublimes.
2573 2434 2796 2490 Dixerit
2817 2435 3112 2508 quispiam
3140 2454 3154 2493 :
3179 2437 3487 2501 Quodnam
3507 2437 3719 2494 vitium

301 2524 453 2602 δρου,
488 2526 571 2580 ὅτι
602 2525 692 2580 καὶ
720 2525 784 2580 τὸ
819 2525 1022 2595 ταύτης
1055 2523 1291 2599 ὑψηλὸν,
1324 2523 1456 2600 ὅπερ
1487 2523 1547 2580 ἐκ
1576 2524 1787 2603 φύσεως
1815 2524 1932 2597 αὐτῆ

2087 2527 2218 2579 nest
2238 2523 2510 2590 cedro,ob
2541 2525 2696 2595 quod
2726 2529 2784 2580 et
2811 2524 2999 2597 ipsius
3029 2525 3276 2582 altitudo
3302 2525 3416 2582 sibi
3439 2543 3472 2582 a
3502 2531 3717 2583 natura

298 2614 609 2691 πρόσεστιν⁹
669 2615 745 2677 εἰς
805 2613 1036 2684 ἐξέτασιν
1093 2615 1277 2689 ἄγεται
1306 2633 1319 2683 ;
1352 2615 1450 2668 Διὰ
1502 2612 1554 2668 τί
1587 2611 1645 2668 δὲ
1685 2611 1834 2676 ὅλως
1864 2633 1929 2668 κα

2088 2613 2249 2668 ndita
2277 2613 2349 2668 ad
2381 2629 2624 2670 examen
2675 2614 3048 2670 adducatur?
3105 2616 3221 2672 Cur
3275 2615 3452 2671 etiam
3473 2633 3716 2688 prorsus

296 2709 420 2766 ταῖς
477 2703 530 2758 ἂν
559 2708 642 2777 τῷ
672 2699 892 2776 Λιϐάνῳ
937 2701 1155 2779 κίδροις
1184 2702 1401 2760 ἀπειλεῖ
1427 2705 1527 2773 τὴν
1559 2703 1768 2778 ἡμέραν
1797 2703 1824 2758 ὁ
1856 2700 1923 2757 λό

2087 2702 2224 2758 Iiem
2253 2702 2417 2758 illam
2447 2704 2643 2760 cedris
2672 2704 2877 2760 Libani
2923 2703 3232 2776 Scriptura
3262 2705 3662 2762 comminatur
3691 2705 3718 2763 ‘l

300 2815 398 2870 γος
429 2812 443 2864 ;
502 2795 625 2851 "On
689 2793 781 2868 μὲν
815 2791 905 2848 οὖν
939 2793 1062 2868 περὶ
1094 2791 1361 2869 ἐμψύχων
1392 2794 1420 2848 ὁ
1450 2791 1615 2869 λόγος
1643 2797 1752 2848 τῶν
1783 2813 1924 2870 πεφυ

2081 2791 2248 2847 .‘Iemo
2270 2792 2314 2847 it
2335 2792 2565 2848 inﬁcias
2590 2793 2731 2865 quin
2751 2811 2946 2850 sermo
2959 2796 3030 2850 de
3056 2794 3252 2850 anima
3281 2796 3436 2852 442
3451 2794 3712 2868 praditis

305 2885 614 2958 σιωμένων,
663 2883 751 2938 καὶ
804 2885 938 2957 μετά
967 2883 1319 2952 ἀναισθησίας
1369 2881 1609 2958 ἐχόντων
1641 2883 1740 2952 τὴν
1787 2880 1936 2956 ἕπαρ·

2090 2882 2478 2954 labeatur,qui
2497 2887 2712 2938 tument
2727 2900 2792 2938 ac
2807 2888 3245 2956 turgescunt,ac
3261 2901 3439 2941 sensu
3456 2890 3721 2957 expertes

304 2994 409 3044 σιν,
443 2970 618 3034 οὐδεὶς
672 2973 900 3046 ἀντερεῖ.
952 2971 1145 3029 Ἀλλὰ
1176 2969 1264 3026 διὰ
1292 2971 1346 3026 τί
1393 2969 1574 3048 κέδροι
1606 2990 1619 3040 ;
1648 2973 1738 3026 καὶ
1766 2969 1855 3026 διὰ
1879 2971 1933 3024 τί

2083 2987 2196 3026 sese
2218 2972 2609 3028 etferunt.Sed
2643 2973 2849 3043 ecquid
2874 2973 3030 3028 cedri
3053 2976 3076 3027 Ρ
3098 2979 3155 3029 et
3179 2990 3358 3046 quam
3376 2976 3449 3031 ob
3473 2991 3714 3032 causam

299 3068 398 3118 τοῦ
428 3059 704 3132 Λιϐάνου;
737 3065 806 3119 Al
853 3061 1036 3138 κέδροι
1064 3063 1226 3140 φυτόν
1271 3060 1427 3132 slew,
1478 3063 1775 3136 ἀχρήστων
1823 3081 1923 3134 καρ

2086 3059 2223 3113 :edri
2259 3059 2512 3114 Libani?
2543 3059 2653 3114 Ced
2667 3059 2711 3114 ri
2745 3061 2983 3116 arbores
3009 3066 3307 3134 sunt,quaa
3340 3063 3567 3119 fructus
3588 3063 3717 3119 usi-

301 3156 416 3206 πῶν
468 3152 701 3206 οἱστικαὶ
730 3195 744 3219 ,
787 3151 862 3214 εἷς
912 3153 1027 3224 (Νι)
1076 3150 1211 3224 ὕψος
1266 3153 1528 3223 μήκιστον
1579 3149 1932 3222 αὐξανόμεναι

2088 3162 2179 3200 ωε
2210 3145 2367 3200 haud
2400 3147 2643 3203 idoneos
2675 3149 2892 3214 ferunt,
2923 3156 3316 3222 crescuntque
3345 3151 3402 3206 in
3419 3152 3719 3224 amplissi-

300 3240 391 3294 καὶ
437 3240 518 3296 ἀεὶ
567 3237 905 3295 ἑπιδιδοῦσαι
936 3240 1076 3294 κατὰ
1100 3241 1200 3308 τήν
1233 3240 1553 3313 προσθήκην
1581 3242 1680 3292 τοῖ’)
1729 3237 1931 3314 χρόνου

2090 3251 2223 3290 nam
2247 3234 2706 3318 attitudinemmt
2724 3255 2828 3310 pro
2848 3238 3129 3310 temporis
3153 3257 3465 3312 progressu
3485 3257 3721 3314 semper

303 3325 424 3384 οὔτε
460 3332 711 3405 γηρῶσαι
765 3326 986 3404 ῥᾳδίως,
1021 3325 1146 3383 οὔτε
1188 3326 1434 3392 εὐκόλως
1489 3328 1933 3401 κατασηπόμενοι

2086 3326 2479 3397 Lugentur.vix
2500 3331 2836 3395 senescunt,
2868 3328 3078 3400 vixque
3137 3334 3520 3401 putrescunt:
3551 3331 3717 3387 Liba-

298 3420 326 3473 ὁ
358 3413 418 3474 δὶ
446 3413 680 3480 Λίϐανος
711 3415 840 3493 ὅρος
869 3414 1331 3492 εἷδωλολατρείας
1357 3417 1419 3471 τὸ
1450 3416 1682 3472 παλαιὸν
1715 3417 1813 3504 ἦν.
1844 3418 1929 3473 Ἳνι

2090 3431 2182 3469 ιυε
2212 3419 2410 3471 autem
2441 3415 2581 3471 olim
2615 3433 2783 3472 mons
2843 3424 2968 3473 erat
2999 3418 3362 3475 idololatriae.
3421 3421 3626 3493 Itaque
3656 3424 3721 3476 ut

298 3506 388 3562 οὐν
442 3507 538 3569 τὰς
588 3505 699 3561 ἐκεῖ
762 3504 1263 3584 ἐμφιλοχωρούσας
1310 3507 1418 3578 (45)
1469 3505 1749 3580 ὀλεθρίους
1799 3503 1929 3560 δυνά

2088 3503 2344 3559 :xitiosas
2375 3509 2692 3575 potestates
2715 3505 2832 3561 illic
2849 3513 3283 3564 commorantes
3305 3508 3476 3564 nobis
3495 3509 3719 3566 indica-

305 3616 423 3669 μεις
470 3593 769 3667 ἐνδείξηται
824 3597 983 3668 ἡμῖν,
1032 3591 1260 3670 κέδρους
1306 3592 1556 3667 ὠνόμασε
1591 3599 1689 3650 τοῦ
1719 3589 1936 3649 Λιϐάνοι

2088 3596 2177 3658 'et,
2236 3592 2579 3656 altitudines
2611 3595 2912 3666 nequitiae,
2945 3597 3226 3652 adversus
3276 3597 3376 3654 Dei
3409 3597 3719 3655 scientiam

300 3685 367 3741 τὰ
399 3683 668 3759 ὑψώματα
714 3691 815 3754 τῆς
844 3684 1134 3760 πονηρίας,
1182 3683 1251 3738 τὰ
1298 3682 1632 3758 ἐπαιρόμενα
1681 3685 1817 3739 κατὰ
1859 3689 1926 3753 τῆ

2090 3697 2132 3736 ιο
2163 3680 2498 3738 attollentes
2526 3682 2804 3748 ",cedros
2828 3684 3031 3740 Libani
3062 3686 3482 3756 nominavit,de
3501 3687 3721 3759 quibus

299 3773 554 3850 γνώσεως
606 3778 703 3829 τοῦ
734 3778 888 3843 Θεοῦ,
921 3773 1046 3847 περὶ
1076 3774 1150 3827 ὧν
1206 3773 1295 3828 καὶ
1328 3773 1356 3828 ὁ
1401 3773 1623 3847 ψαλμός
1655 3794 1841 3850 φησιν,
1875 3773 1930 3828 δτ

2087 3770 2152 3826 lit
2177 3769 2480 3842 psalmus:
2516 3771 2844 3843 Can/‘ringel
2888 3774 3155 3830 Dominus
3209 3774 3400 3830 cedros
3429 3775 3626 3832 Libani
3653 3776 3718 3833 ιο.

306 3862 594 3937 Συντρίψει
673 3863 868 3939 Κύριος
932 3863 1029 3924 τὰς
1105 3859 1330 3939 κὲδρους
1393 3867 1490 3917 τοῦ
1541 3858 1803 3922 Λιϐάνου.
1860 3861 1931 3918 Δύ

2090 3861 2246 3916 ?orro
2270 3861 2526 3931 superba
2556 3861 2865 3917 hominum
2883 3863 3474 3935 ingeniacitraullam
3493 3882 3721 3937 aquam

302 3973 461 4008 ναται
531 3949 591 4007 δὲ
663 3953 730 4006 τὰ
800 3951 853 4007 ἐν
930 3950 1242 4027 ἀνθρώποις
1307 3950 1603 4020 ἀλαζονικὰ
1666 3949 1777 4022 ⁴ἤθη
1837 3951 1933 4008 ἄνεη

2092 3948 2356 4005 'ationem
2392 3949 2463 4003 ad
2494 3954 2790 4005 tumorem
2823 3967 3011 4022 usque
3041 3951 3191 4008 elata
3220 3969 3323 4025 per
3351 3953 3556 4009 cedros
3588 3971 3723 4025 pos-

305 4040 479 4104 αῗτίας
509 4041 659 4104 τινὸς
721 4037 1028 4095 ἀκολούθου
1057 4038 1194 4114 πρὸς
1225 4040 1322 4108 τὴν
1356 4039 1616 4118 φυσίωσιν
1668 4040 1934 4117 ἰπαιρόμε

2092 4044 2214 4094 bunt
2243 4037 2587 4108 signiﬁcari.
2619 4039 2928 4095 Enimvero
2949 4039 3127 4096 etiam
3184 4041 3244 4096 in
3276 4041 3459 4097 animi
3491 4047 3723 4099 tumore

305 4152 372 4186 να
432 4127 523 4186 διὰ
557 4135 666 4186 τῶν
725 4125 930 4204 κίδρων
989 4127 1353 4184 αἰνίσσεσθαι.
1413 4132 1567 4185 ’Ἐστι
1616 4131 1721 4207 γὰρ
1769 4131 1857 4185 καὶ
1908 4131 1936 4185 ὲί

2096 4131 2174 4183 ιιιῐ
2204 4125 2378 4182 elatio
2399 4127 2662 4198 gignitur
2683 4143 2752 4182 ex
2808 4128 3079 4199 speciosa
3135 4129 3336 4201 aliqua
3393 4147 3594 4199 causa,
3625 4135 3727 4188 aut

307 4221 565 4300 φυσιώσει
612 4217 650 4288 ἢ
707 4219 905 4288 πιθανή
937 4238 1020 4280 τις
1063 4216 1209 4272 αἰτία
1232 4219 1332 4287 τήν
1379 4213 1602 4292 ἓπαρσιν
1638 4217 1938 4291 ἐμποιοῦσα

2092 4216 2297 4271 -atione
2344 4215 2509 4271 nulla
2567 4216 2796 4271 nititur.
2848 4218 3111 4290 Exempli
3168 4220 3378 4291 gratia,
3427 4219 3723 4292 quispiam

307 4308 341 4379 ἢ
401 4307 570 4379 πάντη
629 4305 855 4382 ἄλογος.
917 4308 1044 4364 Οῖον
1107 4308 1244 4381 (l6),
1302 4312 1486 4386 φρονεῖ
1533 4329 1617 4370 τις
1667 4308 1750 4386 ἰφ⁹
1788 4309 1938 4380 ἑαυτῆ

2094 4306 2185 4361 tibi
2209 4305 2459 4359 nimium
2492 4309 2723 4377 arrogat
2773 4311 3010 4377 propter
3038 4307 3462 4364 continentiam
3491 4325 3505 4364 :
3531 4309 3725 4380 seipse

308 4397 378 4455 δι’
468 4397 798 4475 ἐγκράτειαν
877 4401 1066 4473 φρονεῖ
1149 4393 1240 4451 διὰ
1321 4398 1696 4474 σωφροσύνην,
1779 4418 1939 4476 φρονε

2094 4396 2148 4453 )b
2179 4395 2630 4468 temperantiam
2650 4396 2834 4467 eﬂ‘ert,
2855 4397 3037 4467 jactat
3062 4413 3124 4453 se
3155 4398 3228 4453 ob
3253 4415 3423 4454 suam
3455 4397 3514 4454 in
3539 4401 3725 4471 preci-

311 4487 401 4544 διὰ
454 4488 517 4543 τὸ
575 4486 626 4542 ἑν
685 4491 804 4549 ταῖς
856 4491 1192 4563 προσευχαῖς
1250 4485 1508 4559 ιπίμονον
1544 4505 1558 4519 ·
1618 4491 1798 4550 κακῶς
1869 4489 1942 4560 μὲι

2093 4502 2187 4540 ωε
2220 4483 2746 4555 perseverantiam:
2782 4484 2952 4557 plane
3011 4501 3316 4559 perperam
3377 4487 3520 4559 agit,
3581 4489 3724 4545 dum

309 4585 459 4634 ποιεῖ
495 4579 623 4654 παρ’
678 4577 707 4632 ’ὀ
740 4573 824 4631 δεῖ
853 4580 1094 4652 φρονῶν,
1132 4574 1277 4644 πλὴν
1337 4573 1465 4630 ἀλλ’
1494 4569 1611 4651 ἔχει
1643 4576 1940 4632 ἀκιΛουθίαε

2095 4580 2467 4647 πεδιειθειυειω
2556 4575 2710 4647 quod
2792 4575 2977 4643 decet,
3028 4575 3375 4649 gloriatur:
3436 4581 3726 4633 verumta-

308 4669 371 4724 τὸ
421 4667 623 4742 ὕψωμα
656 4707 669 4722 .
723 4665 784 4719 Ὁ
853 4665 1100 4726 τόιοῦτος
1178 4663 1388 4738 ὑψηλὸν
1453 4665 1547 4738 μὲν
1607 4664 1719 4720 ἐστι
1777 4668 1939 4744 φυτὸν

2095 4682 2213 4722 nen
2267 4665 2552 4721 rationem
2607 4669 3069 4738 praetextumque
3126 4666 3302 4722 habet
3366 4666 3559 4724 elatio.
3618 4668 3726 4732 Qui

311 4755 440 4813 ἀλλ’
491 4753 780 4833 ἔγκαρπον
841 4756 870 4810 ὁ
930 4751 987 4809 δὲ
1044 4751 1169 4808 ἄνευ
1225 4752 1475 4830 ἂργασίας
1531 4754 1677 4816 τινὸς
1736 4755 1942 4831 ἀγαθῆς

2096 4755 2369 4828 ajusmodi
2435 4761 2545 4825 est,
2613 4757 2786 4812 arbor
2840 4757 3079 4829 quidem
3138 4763 3229 4814 est
3291 4757 3539 4826 excelsa,
3624 4759 3727 4815 sed

312 4845 348 4916 ἢ
409 4842 499 4900 διὰ
555 4841 816 4913 πλοῦτον,
849 4842 884 4912 ἢ
913 4841 984 4898 δι’
1015 4841 1303 4918 εὐγίνειαν,
1343 4840 1379 4911 ἢ
1407 4839 1498 4898 διὰ
1526 4842 1779 4917 σώματος
1813 4843 1942 4920 ίσχὺ

2099 4846 2416 4914 'ructifera;
2450 4845 2546 4917 qui
2570 4861 2704 4902 vero
2737 4841 2864 4902 sine
2897 4849 3048 4904 bono
3080 4847 3198 4904 ullo
3225 4863 3398 4920 opere
3453 4863 3583 4904 sese
3630 4863 3730 4904 ex-

322 4933 814 5011 μετεωριζόμενος,
872 4930 1066 5009 κέδρος
1099 4930 1261 5001 ὶστὶν,
1315 4931 1542 5009 ἀκάρπῳ
1584 4933 1699 5004 ζωῇ
1743 4932 1833 4988 καὶ
1882 4932 1953 4988 ἀνι

2094 4935 2251 5005 :ollit,
2286 4939 2449 5008 puta,
2479 4935 2566 4992 vel
2601 4940 2840 5009 propter
2869 4937 3125 5006 divitias,
3157 4936 3246 4994 vel
3276 4937 3507 5010 generis
3526 4936 3725 5010 splen-

386 5100 430 5136 ⁸⁷
463 5099 602 5156 Luc.
624 5114 726 5167 xu,
756 5096 846 5153 29.
873 5096 917 5133 ³⁸
947 5095 1102 5153 Psal.
1125 5112 1290 5152 cxxx.
1326 5097 1377 5152 1.
1411 5096 1458 5132 ³9
1485 5097 1534 5153 ΙΙ
1566 5099 1692 5154 Cor.
1721 5115 1779 5169 x,
1810 5097 1866 5154 5.
1893 5098 1939 5134 ‘0
1968 5101 2017 5152 Ρ.

808 5096 846 5153 9.
873 5096 917 5133 ³⁸
947 5095 1102 5153 Psal.
1125 5112 1290 5152 cxxx.
1326 5097 1377 5152 1.
1411 5096 1458 5132 ³9
1485 5097 1534 5153 ΙΙ
1566 5099 1692 5154 Cor.
1721 5115 1779 5169 x,
1810 5097 1866 5154 5.
1893 5098 1939 5134 ‘0
1968 5096 2124 5155 Psal.
2156 5113 2355 5164 xxvm,
2386 5098 2439 5153 5.

389 5259 502 5326 (12)
535 5259 741 5334 Addita
775 5261 870 5334 est
892 5274 923 5314 e
944 5257 1303 5334 quibusdam
1327 5275 1472 5316 mss.
1528 5259 1817 5332 particula
1842 5256 1965 5334 γάρ.
2079 5260 2322 5334 quidem
2346 5276 2450 5334 per
2479 5276 2542 5316 se
2572 5261 2922 5317 mendosum
2953 5264 3062 5330 est,
3095 5261 3196 5316 sed
3218 5260 3302 5317 ita
3331 5263 3635 5332 tamen,ut
3656 5264 3729 5320 ad

318 5329 735 5407 Reg._primus,
768 5329 1021 5407 ἄκουσον,
1055 5332 1175 5383 τοῦ.
1234 5405 1240 5407 Δ
1784 5397 1805 5407 μ
1856 5329 1866 5334 ’
1915 5329 1924 5334 ’
2077 5329 2277 5390 veram
2311 5329 2622 5390 lectionem
2657 5335 2918 5407 proxime
2966 5329 3223 5407 accedat.
3283 5334 3446 5407 Regii
3501 5329 3731 5407 primus

386 5395 503 5481 (Ῑ
526 5401 621 5481 μς.
651 5395 961 5481 Destrisea
988 5395 1132 5458 mss.
1175 5405 1249 5456 At
1277 5395 1969 5481 θᾴξῐίλ,ἔπαρσινλιδιαφο-

2094 5410 2138 5462 δι
2191 5410 2493 5481 quartus,
2552 5395 2773 5481 καρπῶν
2833 5403 3086 5473 οἰστικαί,
3162 5395 3448 5476 Ῑνασίιιιῖηι
3490 5395 3725 5480 feraces.

317 5466 411 5550 9a;
447 5466 661 5528 λαϐεῖν.
695 5473 912 5550 Statim
945 5477 1066 5550 tres
1096 5490 1263 5550 mss,
1321 5473 1372 5544 ἑξ
1406 5466 1618 5550 ὑδίρουξ
1672 5466 1785 5530 Alii
1838 5466 1948 5547 qia

695 5473 912 5550 Statim
945 5477 1066 5550 tres
1096 5490 1263 5550 mss”
1321 5473 1372 5544 ἑξ
1406 5466 1618 5550 ὑδξρουξ
1672 5466 1785 5530 Alii
1838 5466 1970 5547 qui-
2081 5466 2323 5550 optime.

315 5541 629 5625 dam_mss.
655 5562 790 5603 cum
823 5545 1077 5618 editis,t£
1107 5541 1332 5622 ὑδέρων.
1358 5541 1627 5603 Subinde
1655 5563 1809 5605 unus
1832 5541 1945 5606 ms.

2123 5541 2438 5625 '(15)_Editi
2471 5551 2527 5603 et
2557 5548 2673 5625 duo
2719 5545 3363 5625 ωεεηφιλοχωρούσας.
3422 5549 3536 5607 Alii
3586 5569 3731 5625 qua-

322 5617 675 5697 mam“.-.
745 5693 805 5697 __
1064 5616 1073 5618 ’
1202 5616 1211 5622 ⁷
1340 5693 1366 5697 μ
1493 5687 1511 5697 -
1617 5688 1628 5697 .
1711 5689 1724 5697 .
1813 5690 1828 5697 -
1951 5616 1967 5697 ζ
2080 5616 2787 5697 ιυὸνέὲμφιλοχωρρύτξας·

386 5688 910 5776 (‘14)E'ditietltres
960 5706 1129 5759 mss.,
1186 5687 1514 5776 κερπῶγ,αἳ
1543 5688 1634 5776 καὶ
1682 5689 1779 5776 sic,
1813 5690 1971 5776 haud

2153 5687 2379 5776 (1ςξλ1ιὲι
2410 5687 2529 5776 tres
2561 5687 2695 5776 libri
2725 5691 2981 5766 antiqui.
3020 5691 3199 5751 Deest
3227 5693 3341 5749 οἷον
3387 5692 3450 5758 in
3481 5693 3657 5754 editis
3676 5695 3736 5751 et

318 5760 492 5824 reste.
551 5762 695 5837 Reg.
765 5763 1001 5835 tertius,
1071 5760 1292 5838 καρπῶν
1369 5760 1622 5821 εἱστιικαὶ
1673 5760 1774 5829 ek"
1816 5781 1949 5840 qum

1236 5760 1292 5819 δν
1369 5760 1622 5821 εἱστιικαὶ
1673 5760 1774 5829 ek"
1816 5765 1973 5840 quod
2085 5760 2310 5827 in'aliis
2339 5765 2701 5840 quibusdam
2723 5780 2867 5824 mss.

593 5893 864 5956 PA'I'IOL.
912 5893 1024 5956 Gn.
1063 5892 1256 5956 XXX.
3419 5896 3458 5955 9
