4130 6414
334 433 456 494 269

1167 426 1580 489 COMMENT.
1624 425 1706 486 ΙΝ
1749 423 2028 487 ISAIAM
2069 423 2580 488 PROPHETAM.
2626 427 2800 489 CAP.
2846 429 2923 488 Il.

3642 433 3768 495 270

277 623 288 628 _
337 559 588 637 δένδροις
613 566 717 630 τῆς
749 556 1018 634 αἰσχύνης
1049 557 1122 619 ὡς
1151 551 1360 635 φοϐερὰ
1398 554 1723 612 ἀπειλεῖται.
1753 553 1852 608 Διά
1877 555 1987 626 (22)

2115 553 2427 627 Scriptura.
2453 558 2640 621 Quare
2661 563 2718 614 et
2743 576 2842 614 rex
2872 565 3059 615 Basan
3081 560 3164 633 Og
3191 561 3522 633 appellatus
3553 566 3660 619 est.
3681 562 3771 635 Og

341 655 503 706 τοῦτο
533 649 625 704 καὶ
659 651 686 704 ὁ
736 646 992 724 βασιλεὺς
1025 653 1126 715 τῆς
1176 646 1352 703 Βασᾶν
1383 651 1482 721 Ὡγ
1541 644 1995 719 προσηγόρευται.

342 742 444 816 Ὢγ
498 737 556 794 δὲ
608 735 962 814 ἑρμηνεύεται
1015 733 1326 810 διάφραξις·
1379 735 1451 796 ὡς
1507 739 1615 789 τῶν
1676 731 1844 807 ἔργων
1903 733 2002 799 τῆς

342 828 618 904 αἰσχύνης
648 828 750 895 τήν
785 822 908 880 ὁδὸν
960 827 1096 897 ἡμῖν
1143 831 1243 894 τῆς
1292 822 1564 900 σωτηρίας
1620 821 2001 898 ἀποφρασσόν-

342 941 473 974 των.
509 917 714 993 ΙΙόρνοι
762 915 886 991 γὰρ,
938 914 1029 969 καὶ
1085 914 1300 988 μοιχοὶ,
1333 914 1422 968 καὶ
1480 912 1739 985 μαλακοὶ,
1771 910 1859 964 καὶ
1912 911 2003 985 ἀρ-

349 1013 673 1073 σενοκοῖται,
707 1004 797 1059 καὶ
825 1003 1016 1065 πάντες
1046 1010 1144 1072 τῆς
1175 1000 1443 1076 αἶ’σχύνης
1477 1001 1698 1077 ἐργάται
1753 1001 1856 1055 ὑπὸ
1904 1003 2001 1053 τοῦ

348 1102 446 1172 *Ωγ
485 1093 889 1171 βασιλεύοντος,
920 1096 1016 1146 τοῦ
1057 1093 1159 1160 τήν
1208 1092 1313 1145 ἀπὸ
1364 1095 1498 1146 Θεοῦ
1548 1088 1813 1158 διακοπὴν
1865 1087 2003 1163 ἐνερ-

350 1191 596 1260 γοῦντος·
631 1184 687 1238 ὃν
722 1176 996 1256 συντρίϐει
1028 1181 1055 1234 ὁ
1086 1180 1286 1256 Κύριος
1321 1179 1402 1234 ἐπ’
1433 1178 1712 1254 ἐλευθερίᾳ
1738 1183 1845 1232 τῶν
1878 1197 2003 1252 κρα-

344 1275 646 1346 τουμένων.
681 1262 1140 1346 Ἐξομολογεῖσθε
1184 1269 1284 1344 γὰρ
1332 1273 1412 1341 τῷ
1461 1267 1664 1344 Κυρίῳ,
1718 1266 1799 1322 ὅτι
1857 1285 2001 1341 χρη-

341 1363 487 1434 στὸς,
535 1367 617 1434 τῷ
691 1359 982 1431 πατάξαντι
1055 1356 1302 1436 βασιλεῖς
1364 1356 1662 1433 μεγάλους,
1715 1355 1806 1411 καὶ
1865 1357 2000 1410 ἀπο-

340 1452 614 1506 κτείναντι
679 1449 924 1527 βασιλεῖς
981 1446 1295 1526 κραταιοὺς,
1353 1448 1446 1502 τὸν
1535 1447 1696 1518 Σηὼν
1760 1444 1851 1500 καὶ
1907 1444 2000 1498 τὸν

350 1541 476 1616 Ὠγ.

419 1633 513 1686 92.
566 1628 671 1686 Καὶ
730 1627 817 1683 ἐπὶ
865 1633 968 1682 πᾶν
1030 1623 1182 1702 ὅρος,
1241 1627 1333 1682 καὶ
1409 1625 1497 1681 ἐπὶ
1553 1627 1728 1680 πάντα
1786 1625 1999 1698 βουνὸν,

345 1719 436 1774 καὶ
515 1718 602 1774 ἐπὶ
685 1717 857 1773 πάντα
933 1715 1140 1790 πύργον
1225 1716 1459 1790 ὑψηλόν.
1517 1718 1717 1789 ’Ὠσπερ
1773 1713 1840 1767 τὰ
1896 1711 1996 1788 ὄρη

346 1809 486 1882 πρὸς
515 1807 643 1870 τοὺς
677 1806 900 1882 βουνοὺς
939 1807 1039 1876 τὴν
1086 1806 1223 1861 κατὰ
1278 1806 1499 1880 μέγεθος
1542 1801 1657 1878 ἔχει
1717 1801 1998 1878 διαφορὰν,

2111 648 2306 699 autem
2343 646 2764 716 interpretatur
2784 651 3229 716 obstructz‘onem,
3256 651 3410 721 quod
3443 651 3768 722 turpitudi-

2113 734 2202 787 nis
2223 750 2396 804 opera
2413 735 2620 790 salutis
2637 739 2805 792 nobis
2829 740 2977 793 viam
3003 738 3446 810 praecludant“.
3467 740 3766 796 Scortato-

2112 839 2202 876 res
2234 824 2409 888 enim,
2434 825 2704 895 adulteri,
2731 827 3033 890 molles,et
3063 828 3162 900 qui
3193 829 3594 883 concumbunt
3624 845 3759 884 cum

2113 912 2412 980 masculis,
2437 931 2760 984 omnesque
2784 916 3119 985 ignominiaa
3149 917 3400 987 operarii
3421 917 3506 989 Og
3526 917 3639 989 ipsi
3662 935 3762 975 eos

2111 1018 2144 1054 a
2175 1001 2290 1055 Deo
2322 1004 2656 1072 praesidenti
2691 1021 2756 1059 ac
2787 1006 3106 1075 separanti,
3139 1023 3240 1060 ceu
3278 1006 3397 1078 regi
3432 1006 3760 1077 subjiciun-

2109 1094 2245 1157 tur;
2283 1108 2454 1162 quem
2488 1092 2737 1147 conterit
2783 1093 3095 1160 Dominus,
3129 1099 3194 1148 ut
3223 1094 3285 1158 ii,
3319 1095 3536 1165 quibus
3565 1096 3761 1151 domi-

2112 1183 2306 1248 natur,
2365 1179 2706 1236 liberentur.
2759 1183 3113 1251 Con/itemim’
3157 1185 3304 1238 enim
3357 1187 3587 1240 Domino
3620 1201 3758 1257 quo-

2110 1269 2264 1322 niam
2313 1270 2485 1324 bonus
2541 1272 2638 1342 qui
2685 1274 2954 1341 percussit
3008 1288 3159 1343 reges
3188 1289 3438 1342 magnos,
3472 1281 3527 1329 et
3555 1275 3763 1331 occidit

2109 1373 2259 1428 reges
2287 1361 2474 1430 fortes,
2507 1359 2643 1416 Seon
2675 1363 2725 1415 et
2751 1362 2828 1431 09
2860 1362 2925 1414 ‘5.

2180 1627 2269 1682 92.
2302 1628 2478 1683 Vsas.
2515 1629 2600 1698 14,
2635 1630 2721 1683 15.
2753 1630 2820 1683 Et
2849 1646 3013 1701 super
3041 1646 3255 1686 omnem
3297 1632 3556 1699 montem,
3587 1635 3639 1686 el
3666 1646 3758 1686 su-

2109 1733 2208 1777 per
2233 1733 2451 1772 omnem
2483 1716 2708 1785 collem,
2737 1723 2787 1773 et
2818 1735 2979 1789 super
3000 1735 3218 1775 omnem
3240 1721 3441 1775 turrim
3465 1720 3758 1776 excelsam.

2110 1806 2618 1868 Quemadmodum
2642 1812 2873 1862 montes
2896 1807 3189 1862 acollibus
3209 1807 3616 1878 magnitudine
3641 1809 3762 1863 dis-

344 1902 426 1970 τῷ
458 1894 514 1953 δὲ
548 1899 728 1968 λοιπῷ
751 1896 818 1950 τὰ
850 1895 986 1950 αὐτὰ
1017 1893 1295 1966 ἀλλήλοις
1316 1894 1476 1949 ἐστίν·
1513 1894 1655 1948 οὕτω
1685 1893 1776 1946 καὶ
1807 1892 1861 1946 αἱ
1891 1893 1998 1964 (23)

2115 1900 2373 1966 crepant,
2428 1896 2528 1950 sed
2583 1896 2642 1950 in
2681 1895 2924 1967 reliquis
2960 1896 3200 1952 omnino
3251 1896 3405 1952 inter
3458 1913 3521 1952 se
3553 1913 3764 1953 conve-

344 1985 583 2042 ἐναντίαι
615 1983 874 2058 δυνάμεις
923 1987 992 2058 τῇ
1054 1984 1148 2057 μὲν
1199 1983 1508 2058 προαιρέσει
1560 1980 1837 2052 ἀλλήλαις
1889 1979 2001 2034 ἐοί-

344 2097 492 2145 κασι,
524 2080 604 2147 τῷ
654 2072 712 2129 δὲ
746 2072 954 2149 μεγέθει
1014 2079 1122 2128 τῶν
1180 2071 1535 2147 ἀδικημάτων
1595 2069 1999 2145 διενηνόχασιν.

352 2165 597 2227 Εἰκότως
632 2162 727 2218 οὗν
759 2164 850 2219 καὶ
907 2164 1044 2218 κατὰ
1094 2162 1300 2218 τούτων
1348 2166 1382 2232 ἡ
1417 2165 1528 2236 (24)
1577 2161 1759 2236 ἡμέρα
1797 2158 2002 2235 Κυρίου

345 2250 582 2310 Σαϐαὼθ
644 2253 976 2324 ἐνστήσεται.
1036 2251 1096 2307 Τί
1157 2250 1215 2306 δὲ
1289 2251 1545 2326 βούλεται
1618 2250 1701 2321 τὸ,
1759 2251 1857 2306 Καὶ
1913 2248 1999 2303 ἐπὶ

341 2345 517 2399 πάντα
566 2343 812 2418 πύργον;
862 2343 925 2398 Ὁ
974 2341 1177 2419 πύργος
1229 2339 1367 2395 ἐντὶν
1434 2339 1643 2414 ὑψηλὸν
1694 2339 2002 2407 σκοπευτή-

349 2455 463 2510 ριον
507 2434 644 2508 πρὸς
691 2431 938 2507 φυλακὴν
988 2431 1225 2499 πόλεως,
1257 2431 1346 2485 καὶ
1394 2435 1589 2506 γνῶσιν
1633 2425 1840 2504 ἐφόδων
1900 2448 2000 2480 πο-

349 2523 591 2594 λεμικῶν
621 2519 952 2592 ἐπιτήδειον.
974 2524 1239 2581 Τοιοῦτος
1271 2522 1406 2592 ἡμῖν
1442 2515 1655 2572 δέδοται
1675 2517 1766 2571 καὶ
1799 2517 1826 2570 ὀ
1852 2519 1998 2582 νοῦς,

345 2610 678 2688 φυλακτικος
717 2615 825 2665 τῶν
877 2611 1115 2684 ἀγαθῶν,
1169 2608 1532 2684 προορατικὸς
1597 2611 1704 2661 τῶν
1777 2600 1999 2660 ἐπιϐού-

346 2701 481 2758 λων.
515 2703 715 2754 Τοῦτον
747 2699 812 2754 ού
869 2699 981 2775 ’χρή
1036 2697 1087 2752 ἐν
1148 2699 1321 2770 ἑαυτῷ
1352 2694 1475 2752 οὐδὲ
1507 2693 1596 2750 διὰ
1636 2699 1744 2750 τῶν
1793 2693 1994 2772 γηίνων

341 2793 442 2860 τήν
491 2790 568 2853 είς
627 2789 854 2864 οὐρανὸν
903 2785 1093 2843 ἄνοδον
1153 2785 1644 2863 πραγματεύεσθαι.
1678 2779 1995 2840 Καταϐαίνει

340 2881 443 2956 γὰρ
473 2881 500 2934 ὁ
534 2878 739 2953 Κύριος
768 2878 904 2954 πρὸς
937 2877 1096 2932 αὐτὸν
1134 2879 1282 2931 κάτω
1329 2873 1559 2932 πεσόντα
1603 2871 1693 2930 διὰ
1746 2874 1809 2928 τὸ
1862 2875 1996 2950 φρό-

343 2989 516 3042 νημα,
547 2968 639 3022 καὶ
665 2968 765 3035 τὴν
813 2966 949 3040 πρὸς
989 2966 1050 3020 τὸ
1080 2967 1240 3020 κακὸν
1293 2966 1458 3020 αὐτοῦ
1508 2963 1822 3040 συμφωνίαν
1874 2960 1990 3016 δια-

343 3061 452 3126 σπᾷ
509 3055 590 3109 3:11:c
651 3054 926 3130 εὐεργεσίᾳ
981 3053 1070 3107 καὶ
1144 3052 1409 3127 σωτηρίᾳ.
1461 3051 1592 3126 Περὶ
1643 3058 1742 3119 τῆς
1797 3048 1992 3104 τούτου

343 3141 641 3216 οἷκοδομῆς
674 3141 884 3199 κελεύει
917 3144 1067 3213 ἡμᾶς
1110 3133 1138 3195 ό
1193 3140 1387 3214 Κύριος
1442 3139 1757 3203 καθίσαντας
1815 3137 1991 3211 ψηφί-

347 3253 456 3299 σαι,
521 3231 569 3286 si:
636 3227 838 3308 ἔχομεν
922 3231 991 3284 τὰ
1073 3229 1211 3304 πρὸς
1292 3227 1674 3303 ἀπαρτισμὸν,
1733 3228 1808 3288 ὡς
1894 3224 1991 3296 δη-

349 3319 444 3376 λοῖ
474 3320 608 3388 αὐτή
636 3300 1011 3395 ηησύμφρασις
1042 3300 1140 3372 τού
1169 3300 1524 3392 Εύαγγελίου.
1557 3317 1666 3372 Τὸν
1717 3313 1808 3370 οὖν
1859 3315 1996 3388 ὕψη·
2031 3300 2072 3366 C

354 3407 599 3484 λόφρονα
643 3429 789 3475 νουν,
839 3407 928 3461 καὶ
980 3405 1304 3481 ὑπέρογκον,
1349 3404 1436 3459 καὶ
1484 3405 1687 3465 πάντας
1736 3402 2000 3474 ἐξευτελί-

355 3501 536 3565 ζοντα,
592 3495 681 3550 καὶ
741 3495 928 3550 ἑαυτὸν
994 3494 1357 3568 μακαρίζοντα
1409 3489 1689 3570 φοϐεῖσθαι
1749 3494 1777 3548 ὁ
1835 3491 2002 3566 λόγος

346 3586 446 3653 τὴν
503 3584 711 3660 ὴμὲραν
782 3582 978 3658 Κυρίου
1033 3581 1308 3657 βούλεται.
1360 3582 1459 3636 Καὶ
1506 3580 1594 3635 ἐπὶ
1651 3587 1754 3636 πᾶν
1811 3585 1998 3656 τεῖχος

350 3672 584 3748 ὑψηλὸν.
618 3672 791 3728 Πάλιν
822 3677 1009 3748 τεῖχος
1043 3667 1218 3744 ἔρυμά
1257 3669 1366 3724 ἐστι
1411 3671 1548 3745 πρὸς
1601 3668 1849 3746 φυλακὴν
1898 3669 1999 3724 πό-

352 3762 492 3818 λεων
549 3763 944 3834 πεποιημένον,
997 3761 1086 3814 καὶ
1143 3760 1240 3822 τὰς
1294 3753 1610 3832 προσϐολὰς
1668 3763 1775 3813 τῶν
1825 3758 1997 3814 πολε-

350 3849 490 3924 μίων
541 3850 1016 3926 ἀποκρουόμενον’
1047 3848 1224 3910 οὕτως
1273 3847 1374 3903 εἷ’σί
1415 3869 1553 3910 τινες
1600 3849 1687 3903 καὶ
1729 3846 1912 3922 λόγοι,
1946 3849 1998 3902 οἱ

349 3940 448 4012 μὲν
512 3939 571 3995 ἐκ
615 3942 715 4008 τῆς
772 3937 1029 4008 ἀληθείας
1084 3937 1252 4005 αὐτῆς
1309 3937 1680 4013 περικείμενοι
1737 3940 1897 4011 ἡμῖν,
1935 3938 1998 3992 τὸ

342 4029 689 4106 ἁκαθαίρετον
738 4031 844 4082 τῶν
898 4031 1187 4101 σωτηρῖων
1237 4023 1528 4102 δογμάτων
1571 4023 1954 4098 διατηροῦντες
1982 4045 1994 4056 ·

341 4118 394 4174 ol
445 4117 502 4174 δὲ
550 4118 610 4174 ἰκ
665 4125 763 4188 τῆς
812 4116 1002 4187 ἔξωθεν
1054 4114 1295 4177 ἐπινοίας
1351 4115 1488 4190 πρὸς
1547 4115 1824 4192 ὀχύρωσιν
1870 4114 1998 4190 ψεύ..

341 4207 468 4270 δους
511 4208 600 4262 καὶ
660 4205 908 4284 φυλακὴν
981 4205 1344 4278 ματαιότητος
1394 4202 1890 4276 ἐπιτετηδευμένοι.
1938 4206 1999 4260 Ἡ

339 4299 442 4375 γὰρ
473 4303 574 4366 τῆς
606 4294 951 4364 διαλεκτικῆς
983 4292 1210 4367 δύναμις
1241 4293 1431 4370 τεῖχός
1477 4293 1586 4349 ἐστι
1637 4299 1754 4356 τοῖς
1789 4292 1998 4368 δόγμα-

343 4410 450 4456 σιν,
485 4385 585 4441 ούκ
637 4384 780 4440 ἐῶσα
838 4383 973 4440 αύτά
1028 4382 1394 4459 εύδιάρπαστα
1426 4383 1560 4438 εἶναι
1601 4384 1692 4438 καὶ
1751 4382 2003 4439 εὐάλωτοι

340 4482 465 4538 τοῖς
502 4473 881 4552 βουλομὲνοις.
913 4475 1009 4528 Διὰ
1037 4478 1197 4528 τοῦτο
1228 4473 1295 4527 τὰ
1353 4473 1445 4545 μὲν
1495 4480 1594 4543 τῆς
1635 4474 2003 4546 Ἰερουσαλὴμ

342 4566 506 4642 τείχη
539 4563 856 4640 ἀνάγραπτά
885 4561 1026 4618 ἐστιν
1060 4562 1151 4617 ἐπὶ
1189 4566 1296 4616 τῶν
1347 4566 1552 4637 χειρῶν
1602 4566 1700 4616 τοῦ
1756 4562 1962 4638 Κυρίου
1986 4580 1998 4593 '

2115 1984 2283 2038 niunt
2307 2001 2319 2039 :
2348 1984 2432 2038 ita
2448 1989 2506 2039 et
2526 1985 2830 2039 contrarias
2858 1988 3178 2057 potestates
3200 1986 3496 2056 proposito
3525 1985 3761 2056 quidem

2110 2079 2167 2130 et
2183 2074 2428 2131 consilio
2461 2075 2570 2130 sibi
2601 2075 2849 2130 invicem
2883 2079 3024 2130 sunt
3052 2075 3413 2142 consimiles,
3446 2076 3546 2131 sed
3580 2074 3761 2132 scele-

2111 2181 2240 2220 rum
2277 2164 2686 2236 magnitudine
2718 2164 3018 2219 differunt.
3051 2164 3254 2219 Merito
3287 2165 3468 2236 igitur
3495 2165 3620 2220 dies
3654 2166 3762 2220 Do-

2113 2254 2257 2308 mini
2287 2254 2537 2309 Sabaoth
2588 2253 2722 2308 illos
2783 2254 3036 2309 invadet.
3070 2253 3220 2317 Quid
3274 2259 3472 2310 autem
3508 2253 3618 2310 hoc
3647 2253 3764 2310 sibi

2109 2343 2238 2400 vult
2266 2361 2279 2399 :
2313 2345 2377 2398 Et
2423 2358 2590 2414 super
2634 2359 2848 2398 omnem
2883 2345 3086 2398 turrim
3108 2347 3133 2397 .9
3170 2342 3376 2398 Turris
3408 2343 3649 2414 specula
3681 2347 3769 2400 est

2109 2431 2378 2487 eminens
2409 2432 2478 2486 ad
2511 2431 2788 2486 tuendam
2839 2431 3160 2497 civitatem,
3192 2435 3248 2486 et
3278 2433 3348 2486 ad
3388 2430 3633 2487 bellicos
3667 2432 3762 2486 in-

2108 2538 2316 2577 cursus
2361 2521 2800 2592 cognoscendas
2841 2521 3304 2576 accommodata.
3335 2524 3496 2576 Mens
3528 2537 3762 2592 quoque

2108 2610 2398 2682 ejusmodi
2444 2626 2724 2666 concessa
2771 2611 2940 2666 nobis
2970 2614 3081 2680 est,
3130 2610 3418 2666 bonorum
3449 2613 3668 2678 custos,
3702 2614 3762 2666 et

2107 2717 2235 2772 quae
2265 2699 2616 2755 insidiantes
2661 2699 2977 2771 prospiciat
3020 2716 3086 2754 ac
3135 2699 3556 2772 deprehendat.
3595 2700 3758 2756 Hune

2107 2806 2297 2861 neque
2334 2805 2437 2860 per
2466 2806 2528 2844 se
2561 2806 2750 2860 neque
2781 2806 2885 2861 per
2915 2805 3007 2844 res
3038 2793 3304 2845 terrenas
3336 2804 3645 2845 ascensum
3680 2791 3754 2845 ad

2105 2879 2312 2935 cmlum
2350 2878 2540 2934 moliri
2574 2882 2820 2950 oportet.
2866 2879 2947 2932 Ad
2981 2877 3170 2949 ipsam
3219 2877 3374 2932 enim
3408 2878 3480 2932 ob
3531 2877 3751 2933 fastum

2103 2969 2378 3024 deorsum
2423 2966 2758 3039 prolapsam
2792 2966 3092 3022 descendit
3141 2966 3448 3033 Dominus,
3479 2981 3546 3021 ac
3576 2966 3750 3021 bene-

2104 3057 2218 3110 ﬁcii
2251 3061 2308 3110 et
2335 3055 2544 3110 salutis
2575 3070 2732 3125 ergo,
2753 3053 2906 3108 hanc
2931 3054 3120 3125 ipsius
3144 3071 3275 3108 cum
3313 3053 3465 3108 malo
3498 3051 3753 3108 necessi-

2103 3145 2368 3202 tudinem
2401 3143 3017 3213 conspirationemque
3039 3142 3310 3213 dissipat.
3333 3142 3509 3197 Jubet
3539 3143 3609 3197 de
3640 3141 3752 3196 hu-

2103 3234 2206 3304 jus
2237 3231 2463 3286 aediﬁcii
2490 3230 2707 3285 fabrica
2736 3230 3035 3297 Dominus,
3072 3234 3135 3284 ut
3156 3231 3428 3286 sedentes
3452 3234 3757 3302 compute-

2112 3337 2267 3386 mus,
2301 3335 2372 3372 an
2409 3335 2474 3374 ea
2507 3317 2724 3390 quibus
2753 3335 2902 3390 opus
2946 3325 3034 3373 est
3064 3320 3136 3374 ad
3170 3318 3614 3390 perﬁciendum,
3647 3318 3756 3374 hs-

2112 3410 2374 3474 beamus,
2426 3407 2510 3462 uti
2533 3407 2729 3478 ipsum
2757 3407 3052 3479 Evangelii
3077 3406 3389 3463 consilium
3414 3407 3674 3463 declarat
3691 3408 3757 3462 ‘7.

2111 3496 2439 3568 Vultigitur
2457 3496 2759 3566 Scriptura
2782 3500 2845 3550 ut
2878 3496 3030 3551 hanc
3052 3496 3280 3552 Domini
3301 3497 3453 3552 diem
3480 3497 3759 3552 formidet

2109 3604 2177 3642 ac
2227 3590 2446 3642 metuat
2492 3585 2728 3640 animus
2775 3584 2894 3654 ilie,
2954 3585 3055 3656 qui
3105 3587 3176 3641 de
3225 3602 3287 3640 se
3337 3585 3453 3642 alte
3485 3585 3662 3642 sentit
3693 3602 3760 3642 ao

2110 3676 2264 3732 ultra
2280 3676 2519 3730 modum
2543 3675 2906 3742 intumescit,
2922 3675 3140 3747 quique
3162 3679 3513 3746 aspernatur
3530 3691 3757 3746 omnes,

2110 3770 2165 3820 et
2197 3781 2258 3820 se
2291 3765 2416 3836 ipse
2464 3765 2741 3836 praedicat
2785 3764 3044 3819 beatum.
3080 3765 3144 3819 Et
3189 3781 3358 3835 super
3385 3780 3605 3820 omnem
3631 3781 3759 3820 mu-

2109 3871 2230 3909 rum
2254 3854 2552 3908 excelsum.
2577 3857 2831 3908 Rursum
2857 3870 3064 3908 murus
3089 3858 3321 3925 septum
3347 3858 3438 3908 est
3468 3870 3534 3908 ac
3564 3852 3759 3908 muni-

2110 3960 2241 3998 men
2263 3943 2331 3998 ad
2359 3942 2772 3998 custodiendas
2800 3942 3084 4013 civitates,
3118 3947 3176 3998 et
3205 3944 3274 3997 ad
3303 3942 3546 3998 hostiles
3578 3942 3760 4014 impe-

2109 4036 2204 4087 tus
2241 4032 2671 4104 pr0pulsandos
2691 4036 3050 4087 exstructum
3080 4049 3092 4086 :
3127 4033 3362 4087 itasunt
3382 4036 3438 4086 et
3459 4047 3762 4088 sermones

2108 4121 2370 4192 quidam,
2404 4121 2621 4192 quibus
2672 4120 2745 4175 ab
2798 4120 2927 4192 ipsa
2972 4121 3212 4176 veritate
3261 4120 3680 4192 przecingimur
3706 4124 3766 4176 et

2111 4210 2438 4278 munimur,
2471 4209 2572 4280 qui
2604 4207 2719 4262 vim
2755 4208 3106 4264 salutarium
3142 4211 3482 4280 dogmatum
3516 4209 3764 4280 inexpu-

2111 4299 2408 4371 gnabilem
2445 4302 2724 4353 tuentur:
2759 4297 2856 4352 alii
2889 4315 3023 4352 vero
3071 4298 3142 4352 ab
3174 4303 3411 4352 externa
3443 4296 3661 4352 astutia
3692 4296 3766 4351 ad

2110 4387 2609 4443 corroborandum
2649 4385 3184 4441 444mendacium
3210 4390 3266 4440 et
3296 4385 3365 4440 ad
3401 4385 3768 4440 retinendam

2110 4477 2429 4536 vanitatem
2479 4493 2692 4548 magna
2742 4492 2878 4530 cum
2923 4475 3227 4545 diligentia
3275 4479 3416 4530 sunt
3445 4474 3773 4547 excogitati.

2113 4567 2213 4620 Vis
2232 4582 2490 4636 namque
2519 4565 2876 4630 dialectices,
2903 4565 3242 4637 dogmatum
3263 4569 3352 4619 est
3383 4581 3612 4632 murus,
3645 4581 3778 4636 qua

343 4657 414 4711 τὰ
473 4652 530 4710 δὲ
586 4655 950 4729 Ἱεριχοῦντος
1027 4652 1130 4706 ὑπὸ
1183 4655 1366 4720 Ἰησοῦ
1424 4655 1785 4725 καθαιρεῖται,
1847 4655 2001 4728 φωνῇ

2115 4672 2178 4710 ea
2208 4673 2242 4710 a
2271 4655 2640 4728 quibuslibet
2673 4655 2773 4725 qui
2818 4653 3053 4720 vellent,
3087 4653 3257 4708 facile
3314 4653 3642 4726 interverti,
3676 4657 3778 4708 aut

353 4743 496 4818 μόνῃ
529 4741 882 4812 διαλυόμενα.
919 4743 1068 4796 ’Ἂνω
1105 4740 1198 4813 μὲν
1231 4737 1322 4793 οὖν
1361 4739 1502 4811 μόνα
1537 4739 1604 4794 τὰ
1645 4739 1834 4813 ὑψηλά
1878 4762 2005 4795 κατ-

353 4836 679 4909 ηγορεῖται⁶
717 4829 942 4894 ἐνταῦθα
992 4826 1052 4883 δὲ
1091 4828 1180 4882 καὶ
1226 4827 1294 4882 τὰ
1345 4827 1503 4903 ἰσχύν
1553 4848 1672 4881 τινα
1727 4828 1860 4901 μετὰ
1912 4834 2010 4884 τοῦ

352 4923 524 4996 ὕψους
586 4913 824 4995 ἔχοντα·
857 4919 958 4986 τήν
1019 4915 1072 4971 ἐν
1119 4921 1240 4978 ταῖς
1299 4913 1707 4980 ἀποδεικτικαῖς
1763 4914 2015 4989 μεθόδοις

2121 4743 2288 4799 facile
2340 4743 2663 4815 expugnari
2714 4759 2828 4796 non
2862 4742 3024 4797 sinit.
3060 4743 3428 4815 Quapropter
3458 4744 3611 4798 muri
3643 4741 3772 4813 qui-

2122 4835 2253 4888 dem
2287 4832 2615 4889 Jerusalem
2655 4833 2926 4887 manibus
2958 4832 3191 4887 Domini
3226 4832 3504 4904 descripti
3538 4835 3678 4887 sunt
3695 4832 3772 4889 ‘3:

2125 4926 2184 4978 at
2206 4922 2618 4979 Jerichontinaa
2648 4921 2901 4976 civitatis
2934 4921 3150 4976 mcsnia
3177 4921 3302 4976 solo
3335 4922 3589 4976 clamore
3619 4920 3778 4974 diru-

361 5009 700 5080 πιθανότητα
755 5005 843 5062 ἐπὶ
898 5005 1045 5062 πολὺ
1098 5011 1522 5080 κραταιωθεῖσαν
1574 5007 1660 5060 καὶ
1714 5007 2002 5079 ὑψωθεῖσακ

2124 5015 2206 5076 ta,
2246 5027 2279 5064 a
2307 5010 2447 5066 Jesu
2480 5014 2825 5067 evertuntur
2853 5010 2917 5066 ‘9.
2953 5010 3237 5082 Superius
3288 5010 3528 5081 quidem
3558 5023 3626 5064 ea
3654 5007 3782 5064 sola

351 5106 541 5175 τεῖχος
578 5096 792 5173 ὑψηλὸν
823 5099 1103 5174 τροπικῶς
1137 5093 1392 5172 λὲγοντνς
1438 5099 1534 5150 τοῦ
1581 5097 1892 5175 προφήτου,
1924 5095 2014 5150 καὶ

2128 5115 2254 5170 quae
2296 5100 2524 5156 excelsa
2570 5103 2760 5168 erant,
2814 5099 3167 5174 reprehensa
3197 5105 3373 5167 sunt;
3406 5097 3503 5155 hic
3549 5115 3684 5157 vero
3714 5114 3784 5156 ea

431 5247 474 5284 η
509 5245 528 5298 l
559 5243 686 5299 Cor.
720 5261 802 5312 vr,
833 5244 920 5298 10.
995 5243 1042 5278 ⁴⁶
1073 5241 1225 5298 Psal.
1255 5258 1454 5307 cxxxv,
1488 5242 1754 5310 1,17-20.
1833 5242 1875 5279 ⁴⁷
1909 5247 2040 5298 Luc.
2072 5259 2188 5312 xxv,
2221 5245 2310 5298 28.
2390 5244 2434 5281 ‘3
2467 5246 2579 5301 Isa.
2620 5263 2772 5317 xmx,
2807 5245 2893 5300 16.
2971 5245 3016 5281 ⁴⁹
3042 5247 3163 5300 Jos.
3197 5260 3274 5310 v1,
3305 5245 3396 5300 20.

433 5394 546 5467 (22)
578 5394 752 5459 Editi,
781 5392 892 5467 Kal
926 5390 1034 5449 διά.
1069 5395 1141 5449 At
1171 5394 1335 5467 deest
1357 5391 1448 5467 καί
1472 5392 1530 5467 in
1565 5411 1734 5465 mss,
1769 5393 2022 5450 nonnul-

361 5465 474 5532 lis;
509 5466 897 5538 necdubium
932 5467 1076 5538 quin
1111 5465 1331 5538 melius
1358 5466 1536 5538 absit.

431 5539 548 5608 (23)
580 5537 674 5593 Sic
707 5554 851 5594 mss.
887 5535 1133 5610 aliquot.
1163 5537 1377 5610 Vocula
1406 5535 1459 5610 αἱ
1493 5539 1550 5592 in
1586 5538 1762 5592 editis
1793 5538 2024 5593 deside-

363 5606 628 5681 rabatur.
657 5611 787 5681 Mox
809 5606 1053 5681 quidam
1075 5606 1570 5681 τηεμ-ἀλλήλαις.
1599 5610 1711 5681 Alii
1744 5626 1876 5666 cum
1909 5610 2030 5666 edi-

365 5683 472 5756 tis,
503 5677 794 5756 “hilare.
819 5677 962 5756 :Mox
983 5682 1146 5747 editi,
1179 5677 1455 5756 ἀλλήλαις
1487 5677 2026 5756 διενηνόχασινεεοθᾶ

361 5755 502 5812 inde
522 5771 723 5813 vocem
740 5751 1025 5826 ἀλλήλαις
1057 5755 1438 5825 sustulimus,
1469 5758 1593 5812 tum
1619 5751 1774 5828 quod
1809 5771 1875 5814 eo
1902 5754 2028 5812 loco

2133 5395 2320 5470 otiosa
2347 5396 2445 5464 sit,
2474 5401 2603 5453 tum
2636 5397 2791 5469 quod
2825 5396 2882 5452 in
2918 5394 3137 5452 nostris
3166 5411 3265 5451 sex
3296 5412 3441 5452 mss.
3474 5413 3590 5454 non
3621 5412 3786 5470 repe-

2133 5468 2283 5522 riatu
2294 5486 2341 5523 r.

2207 5541 2319 5610 (24)
2350 5541 2442 5595 Sic
2477 5555 2619 5594 mss.
2650 5539 2834 5594 nostri
2871 5555 3119 5610 omnes._
3158 5538 3368 5594 Aberat
3401 5539 3684 5596 articulus
3715 5540 3788 5596 ab

2137 5608 2329 5666 editis.
2365 5612 2573 5667 Statim
2603 5611 2862 5682 quinque
2894 5627 3065 5673 mss..
3108 5608 3440 5682 ἐνστήσεται.
3475 5612 3627 5668 Editi
3657 5626 3790 5666 vero

2137 5689 2194 5739 et
2212 5685 2362 5755 Reg.
2389 5681 2644 5755 primus,
2669 5681 3004 5753 ἐκστήσεται.
3038 5681 3303 5741 Subinde
3327 5701 3468 5743 mss.
3497 5682 3789 5751 nonnulli,

2139 5752 2659 5832 φυλακῆν“πόλεων.
