4130 6396
379 417 494 480 37!

1342 411 1742 474 APPENDIX
1785 412 2116 474 OPERUM
2162 413 2232 475 S.
2275 413 2560 478 BASlLll
2607 416 2882 494 MAGNI.

3686 420 3810 479 372

385 548 562 604 etiam
595 565 724 620 qua:
775 547 1014 621 aliquod
1060 546 1238 602 robur
1271 543 1607 600 celsitudini
1657 544 2036 616 conjunctum

2155 546 2638 618 καθαιρεθήσεσθαι
2690 545 2820 602 αὐτὸ
2871 546 2924 602 tv
2979 551 3047 622 τῇ
3097 547 3282 623 ἡμέρᾳ
3321 552 3417 604 τοῦ
3467 546 3670 624 Κυρίου
3704 545 3811 604 διε-

388 643 564 694 nacta
598 642 762 706 sunt,
797 640 1214 709 coarguuntur.
1253 635 1545 690 Nimirum
1599 633 1884 706 propheta
1931 633 2048 688 vim

2159 627 2584 708 ϐεϐαιουμένου.

389 729 783 800 persuadendi
817 727 874 781 in
924 724 1288 797 argumentis
1338 724 1819 779 demonstrativis
1865 723 2064 793 sitam,
2122 725 2378 780 multum
2441 726 2894 784 invalescentem
2941 731 2998 783 et
3044 727 3106 782 in
3168 728 3423 785 sublime
3461 733 3811 803 exsurgente

390 819 613 889 tropice
643 833 874 872 murum
909 815 1200 870 excelsum
1234 818 1557 885 nuncupat,
1590 818 1646 867 et
1676 830 1807 868 eum
1841 812 1898 867 in
1931 813 2163 868 Domini
2199 815 2293 869 die
2325 821 2622 871 asseverat
2651 833 2920 872 eversum
2954 817 3051 873 iri.

462 909 551 961 93.
587 907 759 961 Vens.
795 907 879 960 16.
905 906 966 959 Et
994 920 1158 975 super
1189 920 1405 959 omnem
1436 919 1630 958 navem
1656 904 1857 958 maris.
1881 902 2044 956 fEni-

393 1004 590 1069 gmata
621 999 761 1051 sunt
791 995 859 1049 ad
890 993 1273 1050 exercendam
1321 997 1574 1048 mentem
1611 997 1871 1046 nostram
1906 1007 2044 1062 pro-

390 1086 600 1159 posita,
626 1089 691 1140 ut
712 1101 783 1140 ne
816 1085 1136 1139 oscitanter
1157 1083 1469 1137 audiamus
1493 1082 1879 1152 Scripturam,
1901 1094 2043 1134 neve

390 1177 655 1232 animum
689 1177 745 1230 in
770 1181 985 1230 terram
1010 1174 1358 1244 deligamus.
1393 1177 1713 1243 Postquam
1744 1172 1813 1226 de
1845 1169 2042 1225 animo

387 1265 506 1322 alta
527 1265 961 1337 cogitante,nec
990 1265 1060 1318 de
1081 1280 1142 1317 se
1173 1263 1429 1318 demisse
1453 1266 1552 1315 aut
1577 1259 1878 1314 humiliter
1906 1275 2041 1313 sen-

385 1355 570 1410 tiente
601 1369 934 1409 sermonem
967 1351 1198 1418 habuit,
1231 1353 1664 1420 consequenter
1685 1350 1858 1420 juxta
1890 1349 2041 1403 idem

387 1439 676 1510 allegoriae
705 1457 893 1512 genus
925 1440 1102 1494 etiam
1127 1439 1197 1493 de
1229 1437 1574 1508 corporibus
1600 1436 1882 1508 loquitur.
1917 1436 2042 1490 Non

389 1529 546 1586 enim
577 1529 704 1585 dies
737 1529 835 1583 illa
860 1528 1093 1583 Domini
1125 1527 1467 1582 inanimatis
1493 1526 1744 1581 navibus
1770 1525 2049 1580 formida-

391 1619 530 1674 bilis
579 1623 668 1675 est
723 1624 782 1673 et
843 1617 1292 1682 extimescenda,
1341 1617 1439 1671 sed
1499 1615 1595 1680 iis,
1641 1615 1742 1687 qui
1791 1632 1894 1686 per
1936 1631 2045 1670 sua

393 1708 710 1780 corporain
731 1723 929 1763 amaro
954 1707 1133 1777 hujus
1150 1706 1278 1760 vita:
1295 1706 1812 1777 ﬂuctujuctantur.
1831 1707 2042 1771 Quem-

393 1797 713 1854 admodum
746 1796 901 1852 enim
939 1795 1169 1867 navigia
1203 1811 1378 1851 onere
1428 1796 1747 1867 degravata
1778 1811 1894 1850 non
1930 1793 2041 1849 nisi

392 1903 546 1961 egre
574 1885 704 1943 vehi
738 1889 1004 1957 possunt,
1036 1902 1100 1940 ac
1131 1884 1301 1940 facile
1331 1885 1591 1940 subeunt
1622 1883 1996 1955 naufragium
2027 1899 2040 1938 :

389 1977 475 2033 ita
503 1980 559 2033 et
587 1991 827 2048 corpora
847 1991 971 2046 quae
995 1973 1268 2046 plurimis
1303 1990 1369 2030 ac
1402 1973 1684 2029 uberibus
1715 1971 1940 2028 deliciis
1971 1973 2040 2027 ad

387 2065 818 2138 corpulentiam
883 2068 1156 2134 vergunt,
1209 2080 1314 2136 per
1367 2062 1730 2132 voluptatem
1782 2061 2042 2133 voragini

383 2153 1291 2229 perditionisinnatantia,maris
1306 2168 1484 2207 naves
1509 2151 2044 2223 appellantur.Vice

380 2261 553 2303 versa
579 2243 993 2300 collaudantur
1022 2242 1278 2314 navigia,
1328 2241 1547 2312 quibus
1572 2245 1822 2296 utuntur
1853 2239 2043 2311 quiad

381 2333 783 2407 Operationem
833 2333 894 2388 in
945 2331 1119 2403 aquis
1165 2330 1368 2386 multis
1417 2330 1747 2385 faciendam
1792 2329 1850 2384 in
1885 2343 2044 2384 mare

383 2423 753 2480 descendunt
791 2423 856 2493 ⁵ο,
897 2427 954 2477 et
1000 2421 1071 2476 de
1104 2420 1324 2492 quibus
1356 2419 1414 2474 in
1450 2418 1678 2491 psalmo
1710 2419 1780 2474 ad
1814 2418 2044 2472 divinas

382 2513 592 2569 laudes
647 2510 1030 2568 celebrandas
1081 2509 1408 2580 composito
1458 2509 1682 2564 dictum
1736 2512 1871 2562 est:
1921 2508 2046 2563 1ίίιό

383 2619 556 2659 naves
589 2605 982 2674 pertranseunt
1011 2599 1079 2652 δι.
1115 2601 1249 2663 Quae
1283 2596 1440 2653 enim
1484 2613 1660 2651 naves
1691 2612 1852 2651 mare
1880 2595 2044 2666 traji-

386 2692 577 2758 ciunt,
607 2706 713 2745 nec
752 2690 810 2744 in
843 2705 910 2744 eo
949 2691 1319 2760 permanent,
1351 2702 1454 2741 nec
1496 2684 1776 2740 ﬂuctibus
1808 2685 2045 2739 immer-

388 2784 634 2853 guntur,
666 2777 781 2834 illae
838 2777 1195 2832 laudantur:
1231 2779 1405 2846 atque
1456 2775 1600 2829 adeo
1651 2774 1751 2844 qui
1784 2775 1841 2828 in
1874 2789 2046 2830 carne

387 2870 638 2940 degunt,
671 2883 776 2924 nec
807 2865 1066 2920 militant
1086 2867 1413 2920 secundum
1439 2879 1699 2930 carnem,
1733 2862 1834 2917 sed
1871 2862 2046 2932 hujus

384 2965 524 3020 vita
551 2961 785 3018 calcant
815 2961 1086 3026 ﬂuctum,
1120 2975 1305 3032 eoque
1337 2960 1672 3031 superiores
1699 2958 1871 3026 ﬁunt,
1903 2974 2043 3030 ope-

381 3052 672 3109 rationem
708 3051 766 3106 in
817 3051 988 3122 aquis
1034 3049 1239 3104 multis
1271 3048 1514 3104 faciunt.
1545 3046 1847 3118 Ejusmodi
1905 3051 2045 3101 sunt

2225 905 2312 958 93.
2351 903 2453 958 Καὶ
2486 903 2570 958 ἐπὶ
2601 910 2706 958 πᾶν
2753 903 2950 959 πλοῖον
3011 904 3308 976 θαλάσσης.
3342 904 3652 981 Αἷνίγματά
3699 904 3814 962 ἐστι

2153 991 2288 1062 πρὸς
2319 993 2419 1060 τήν
2451 992 2754 1067 γυμνασίαν
2785 998 2883 1048 τοῦ
2917 998 3011 1048 νοῦ
3042 997 3203 1066 ἡμῶν
3246 989 3694 1070 προϐεϐλημένα,
3734 997 3810 1068 μή

2155 1081 2332 1156 ἀργῶς
2367 1083 2653 1154 ἀκούωμεν
2683 1086 2796 1155 (25)
2825 1091 2926 1152 τῆς
2955 1089 3194 1159 Γραφῆς,
3224 1082 3315 1138 1ἳνα
3367 1085 3444 1157 μὴ
3494 1085 3672 1159 χαμαὶ
3719 1086 3809 1140 τὸν

2152 1175 2276 1224 νοῦν
2311 1166 2734 1244 καταϐάλωμεν.
2771 1172 2956 1229 Εἰπὼν
3136 1173 3257 1248 περὶ
3312 1178 3409 1228 τοῦ
3461 1179 3556 1229 νοῦ
3602 1179 3700 1229 τοῦ
3745 1175 3812 1229 τὰ

2157 1256 2344 1332 ὑψηλὰ
2374 1264 2720 1334 φρονοῦντος,
2748 1261 2837 1316 καὶ
2873 1263 2949 1334 μὴ
3002 1267 3119 1324 τοῖς
3172 1267 3449 1325 ταπεινοῖς
3500 1284 3811 1339 συναπαγο-

2157 1348 2343 1420 μένου,
2373 1348 2694 1413 ἀκολούθως
2724 1350 2776 1404 ἐν
2808 1355 2888 1422 τῷ
2942 1349 3088 1423 αὑτῷ
3134 1349 3267 1406 εἷ’δει
3312 1356 3414 1418 τῆς
3469 1351 3810 1427 ἐπικρύψεως

2154 1436 2244 1491 καὶ
2294 1439 2415 1512 περὶ
2474 1439 2744 1512 σωμάτων
2791 1437 3119 1516 διαλέγεται.
3153 1441 3230 1498 Οὐ
3278 1441 3380 1518 γὰρ
3433 1436 3638 1520 φοϐερὰ
3693 1447 3811 1505 τοῖς

2155 1525 2391 1600 ἀψύχοις
2450 1525 2671 1592 πλοίοις
2725 1530 2760 1597 ἡ
2817 1533 2912 1582 τοῦ
2970 1528 3169 1604 Κυρίου
3228 1532 3433 1606 ἡμέρα,
3493 1528 3639 1586 ἀλλὰ
3693 1535 3812 1592 τοῖς

2155 1611 2246 1668 διὰ
2273 1620 2379 1669 τῶν
2433 1616 2700 1688 σωμάτων
2751 1616 2805 1672 ἐό
2853 1622 2934 1690 τῷ
2976 1616 3209 1694 ἁλμυρῷ
3255 1615 3498 1674 κλύδωνι
3539 1623 3637 1675 τοῦ
3690 1619 3811 1695 βίου

2150 1703 2351 1758 τούτου
2394 1703 2805 1778 σαλευομένοις.
2837 1709 3040 1782 ’Ὥσπερ
3089 1707 3191 1784 γὰρ
3240 1708 3306 1762 τά
3354 1706 3529 1764 πλοῖα
3573 1705 3812 1766 καταϐα-

2153 1793 2423 1868 ρυνόμενα
2486 1798 2570 1866 τῷ
2651 1796 2854 1870 φόρτῳ,
2919 1792 3201 1872 δυσάγωγά
3259 1795 3390 1867 ἐστι,
3447 1797 3537 1853 καὶ
3612 1796 3814 1855 εὔκολα

2152 1881 2291 1956 πρὸς
2321 1885 2602 1958 ναυάγιον·
2638 1883 2780 1939 οὕτω
2808 1884 2899 1939 καὶ
2947 1887 3014 1940 τὰ
3058 1887 3303 1959 σώματα,
3336 1886 3438 1942 ὅσα
3483 1885 3670 1962 πολλῇ
3719 1889 3812 1944 καὶ

2154 1969 2377 2046 δαψιλεῖ
2417 1977 2484 2046 τῇ
2533 1978 2714 2049 τρυφῇ
2761 1978 2871 2047 (27)
2927 1974 3004 2036 εἷς
3052 1974 3425 2052 πολυσαρκίαν
3467 1978 3807 2058 καταπεφόρ-

2150 2082 2350 2131 τισται,
2381 2059 2469 2116 διὰ
2498 2061 2850 2139 φιληδονίαν,
2881 2069 2960 2136 τῷ
3008 2066 3158 2140 βυθῷ
3203 2072 3305 2134 τῆς
3356 2065 3632 2130 ἀπωλείας
3689 2067 3808 2124 ἐπι-

2153 2152 2462 2227 νηχόμενα,
2495 2151 2670 2208 πλοῖα
2701 2155 2976 2224 θαλάσσης
3012 2155 3248 2231 λέγεται.
3282 2156 3433 2212 Ἐστι
3487 2159 3672 2230 μέντοι
3715 2162 3807 2215 καὶ

2155 2240 2518 2315 ἐπαινούμενα
2546 2242 2718 2298 πλοῖα
2756 2245 2823 2298 τὰ
2873 2245 3245 2318 ὑπηρετοῦντα
3289 2251 3406 2310 τοῖς
3452 2243 3808 2304 καταϐαίνου-

2156 2341 2237 2386 σιν
2291 2331 2366 2393 εἶς
2411 2333 2510 2400 τήν
2561 2332 2834 2387 θάλασσαν
2878 2332 2964 2388 ἰπὶ
3014 2339 3094 2406 τῷ
3126 2338 3240 2407 (28)
3274 2343 3499 2405 ποιῆσαι
3561 2335 3806 2414 ἐργασίαν

2155 2419 2206 2474 tv
2241 2418 2396 2474 ὕδασι
2438 2420 2699 2491 πολλοῖς,
2749 2423 2838 2477 καὶ
2898 2425 3018 2498 περὶ
3072 2425 3145 2478 ὧν
3205 2425 3256 2478 tv
3313 2430 3394 2498 τῷ
3450 2424 3660 2500 ψαλμῷ
3711 2430 3805 2498 τῆς

2155 2507 2476 2584 δοξολογίας
2529 2509 2764 2586 εἴρηται,
2815 2511 2898 2566 ὅτι
2955 2513 3100 2568 Ἐκεῖ
3155 2511 3326 2569 πλοῖα
3379 2512 3807 2592 διαπορεύονται.

2156 2599 2242 2656 Τὰ
2272 2599 2376 2674 γάρ
2410 2595 2751 2655 διαϐαίνοντα
2807 2602 2908 2670 τὴν
2970 2602 3241 2665 θάλασσαν
3301 2602 3492 2672 πλοῖα,
3525 2603 3671 2660 ἀλλὰ
3731 2607 3806 2678 μὴ

2155 2686 2563 2762 ἐναπομὲνοντα
2610 2689 2768 2764 αὐτῇ,
2807 2687 2949 2764 μηδὲ
2999 2686 3515 2766 καταϐαπτιζόμενα
3556 2700 3672 2760 τοῖς
3719 2695 3813 2750 κύ-

2159 2799 2345 2851 μασιν,
2397 2776 2734 2832 ἆπαινεῖται·
2783 2778 2874 2833 καὶ
2924 2780 2975 2834 οἱ
3035 2779 3087 2834 tv
3147 2781 3300 2855 σαρκὶ
3356 2779 3414 2837 δὲ
3454 2788 3662 2854 ζῶντες,
3721 2784 3812 2840 καὶ

2159 2868 2236 2940 μὴ
2298 2869 2435 2922 κατὰ
2502 2868 2672 2943 σάρκα
2726 2869 3168 2942 στρατευόμενοι,
3215 2876 3648 2935 καταπατοῦντες
3715 2875 3808 2929 τὸν

2152 2953 2409 3011 κλύδωνα
2435 2961 2531 3011 τοῦ
2565 2958 2711 3033 βίου,
2738 2957 2828 3012 καὶ
2862 2955 3197 3034 ὑψηλότεροι
3227 2957 3390 3015 αὑτοῦ
3421 2957 3586 3032 ὄντες,
3620 2968 3810 3018 ποιοῦ-

2153 3067 2236 3100 σιν
2295 3044 2545 3122 ἐργασίαι
2595 3046 2646 3101 ἐν
2689 3044 2844 3101 ὕδασι
2894 3044 3168 3110 πολλοῖς⁶
3212 3048 3326 3105 ὅσοι
3369 3052 3483 3123 (29)
3533 3071 3800 3126 συγκατα·

380 3142 724 3216 quicunque
757 3156 819 3196 se
844 3140 902 3194 in
935 3139 1043 3196 hac
1063 3139 1183 3194 vita
1213 3137 1551 3206 demittunt,
1586 3143 1650 3191 ut
1680 3135 1909 3206 aliquos
1939 3151 2034 3191 eo-

2155 3130 2400 3190 ϐαίνουσι
2428 3141 2508 3209 τῷ
2561 3136 2662 3212 βίῳ
2708 3135 2796 3191 ἰπὶ
2838 3141 2918 3209 τῷ
2967 3135 3228 3212 κερδῆσαί
3273 3160 3420 3202 τινας
3477 3144 3586 3194 τῶν
3644 3137 3804 3216 βεϐυ-

379 3247 515 3288 rum
539 3231 639 3302 qui
660 3231 718 3284 in
754 3229 1047 3301 profundo
1070 3227 1323 3284 demersi
1348 3232 1508 3295 sunt,
1541 3226 1862 3282 lucrentur.
1883 3228 2038 3291 Qua-

381 3323 624 3392 propter
672 3316 907 3374 Domini
967 3334 1145 3388 opera
1204 3319 1514 3379 noverunt,
1549 3319 1612 3370 ut
1667 3313 1764 3384 qui
1799 3329 2043 3385 operum

387 3408 627 3466 Domini
659 3412 716 3462 et
737 3423 929 3462 rerum
954 3407 1011 3460 in
1048 3405 1337 3478 profundo
1369 3405 1415 3439 ‘3
1435 3404 1888 3458 admirationem
1921 3419 2043 3458 mo-

387 3496 655 3554 ventium
696 3495 1149 3567 intelligentiam
1209 3485 1312 3566 pro
1367 3493 1729 3566 operationis
1780 3492 2046 3546 mercede

391 3586 742 3659 receperint.
777 3587 842 3641 Et
872 3601 1035 3657 super
1055 3600 1276 3639 omnem
1297 3587 1578 3654 aspectum
1614 3580 2046 3654 pulchritudinis

388 3680 644 3736 navium.
679 3677 940 3733 Audiant
997 3675 1201 3731 isthmc
1234 3675 1333 3746 qui
1393 3674 1453 3728 in
1511 3672 1773 3729 ornando
1805 3686 2044 3740 corpore

381 3769 652 3827 studium
679 3771 926 3838 ponunt,
955 3781 1022 3821 ac
1045 3765 1102 3819 in
1125 3764 1217 3818 his
1246 3763 1580 3836 spectandis
1603 3760 1899 3817 curiosius
1929 3757 2041 3814 im-

382 3863 714 3916 morantur.
748 3857 861 3912 Ncc
899 3856 1057 3912 enim
1093 3854 1328 3910 navium
1364 3858 1640 3924 aspectus
1672 3850 1882 3906 noxius
1913 3853 2037 3905 est:

376 3951 479 4007 sed
508 3948 688 4004 noxia
717 3951 808 4002 est
840 3945 1102 4018 corporis
1126 3944 1280 4016 quod
1306 3941 1748 4012 concupiscitur
1779 3942 2036 3993 contem-

372 4039 579 4114 platio.
613 4037 736 4093 Erit
756 4036 938 4108 igitur
967 4035 1096 4090 dies
1133 4033 1359 4088 Domini
1395 4048 1573 4103 super
1599 4043 1836 4085 omnem
1871 4043 2037 4098 aspe-

368 4134 531 4186 ctum
555 4123 1018 4200 pulchritudinis
1041 4121 1302 4177 navium.
1329 4121 1722 4185 Quamobrem
1742 4116 1839 4188 qui
1872 4115 2030 4172 vide-

2151 3223 2460 3296 θισμὲνων.
2536 3225 2633 3280 Διᾶ
2714 3230 2878 3281 τοῦτο
2951 3223 3162 3282 εἷ’δοσαν
3234 3229 3302 3283 τὰ
3375 3226 3508 3304 ἔργα
3580 3229 3804 3305 Κυρίου,

2159 3315 2348 3389 μισθὸν
2398 3321 2497 3384 τῆς
2545 3314 2794 3390 ἰργασίας
2840 3317 2940 3386 τήν
2982 3315 3187 3371 σύνεσιν
3219 3322 3328 3373 τῶν
3390 3313 3560 3395 ἔργων
3607 3319 3807 3395 Κυρίου

2153 3404 2244 3459 καὶ
2294 3409 2402 3458 τῶν
2455 3404 2506 3458 tv
2563 3410 2642 3475 τῷ
2703 3407 2851 3479 βυθῷ
2906 3405 3222 3479 θαυμασίων
3283 3401 3679 3480 λαμϐάνοντες.
3712 3409 3807 3464 Καὶ

2154 3492 2245 3547 ἰπὶ
2302 3499 2474 3548 πᾶσαν
2526 3494 2647 3547 Θέαν
2701 3491 2911 3550 πλοίων
2984 3494 3264 3559 κάλλους’
3327 3498 3700 3553 Ἀκουὲτωσαν
3753 3500 3803 3553 οἱ

2153 3582 2281 3657 περὶ
2311 3583 2402 3636 τὸν
2455 3581 2857 3656 καλλωπισμὸν
2911 3589 3009 3639 τοῦ
3064 3589 3317 3657 σώματος
3362 3583 3608 3662 ἔχοντες,
3637 3588 3720 3642 καὶ
3749 3588 3798 3641 οἱ

2153 3670 2279 3745 περὶ
2338 3672 2436 3740 τήν
2494 3671 2702 3726 τούτων
2763 3672 2882 3736 θέαν
2938 3673 3238 3750 περιέργως
3297 3674 3684 3751 ἐσχολακότες.
3729 3676 3800 3730 Οὑ

2148 3761 2253 3836 γάρ
2285 3762 2320 3830 ἡ
2352 3764 2458 3816 τῶν
2489 3758 2702 3816 πλοίων
2736 3763 2830 3816 θέα
2864 3758 3125 3838 βλαϐερά·
3160 3762 3287 3819 ἀλλ’
3327 3767 3362 3835 ἡ
3422 3766 3562 3839 πρὸς
3617 3765 3798 3829 ἔπιθι»-

2151 3849 2279 3923 μίαν
2337 3855 2433 3905 τοῦ
2479 3852 2733 3924 σώματος
2763 3849 3110 3923 κατανόησις.
3143 3855 3332 3910 Ἔσται
3386 3854 3478 3909 οὖν
3528 3857 3562 3925 ἡ
3621 3854 3799 3932 ἠμίρα

2146 3938 2354 4015 Κυρίου
2384 3938 2473 3994 ἰπὶ
2508 3946 2683 3994 πᾶσαν
2720 3941 2838 4004 θέαν
2872 3941 3086 3998 πλοίων
3145 3940 3410 4012 κάλλους,
3445 3941 3582 3999 διότι
3628 3945 3655 4000 ό
3699 3944 3797 4017 ἐμ-

2144 4024 2353 4102 ϐλέψας
2403 4029 2618 4105 γυναικὶ
2677 4031 2814 4106 πρὸς
2863 4030 2924 4086 τὸ
2982 4030 3340 4105 ἐπιθυμῆσαι,
3381 4032 3434 4088 tv
3487 4033 3555 4109 τῇ
3604 4030 3799 4108 καρδίᾳ

2140 4119 2312 4174 αὑτοῦ
2370 4119 2683 4195 ἐμοίχευσε·
2704 4119 2794 4174 καὶ
2851 4121 2886 4189 ὴ
2941 4118 3409 4194 καλλωπιζομένη
3468 4125 3601 4198 γυνή
3659 4123 3797 4198 πρὸς

366 4218 446 4274 rit
507 4215 817 4272 mulierem
877 4215 948 4269 ad
1001 4210 1563 4282 concupiscendum,
1612 4209 1671 4262 in
1721 4205 1894 4262 corde
1923 4221 2028 4262 suo

2155 4208 2202 4262 τὸ
2255 4207 2350 4270 τὰς
2409 4207 2696 4281 ἐπιθυμίας
2749 4208 2829 4285 ἐφ’
2889 4209 3082 4277 ἑαυτὴν
3143 4213 3256 4284 (30)
3312 4215 3418 4266 τῶν
3483 4211 3796 4268 ἀκολάστων

365 4305 696 4363 moechatus
729 4307 818 4359 est
847 4304 909 4359 ⁵³.
946 4301 1097 4367 Quin
1126 4305 1183 4355 et
1215 4299 1425 4356 mulier
1456 4315 1583 4370 quae
1605 4298 1738 4352 ideo
1771 4313 1834 4352 se
1859 4311 2026 4350 exor-

2135 4304 2381 4366 κινῆσαι,
2416 4297 2467 4352 tv
2499 4299 2567 4369 τῇ
2596 4295 2791 4373 καρδίᾳ
2820 4298 2988 4368 αὐτῆς
3021 4296 3128 4370 ἤδη
3168 4300 3556 4376 μεμοίχευται.

366 4401 493 4461 nat,
525 4399 595 4450 ut
621 4394 938 4449 libidinosa
978 4389 1474 4446 incontinentium
1533 4387 1827 4445 desideria
1858 4386 1928 4440 ad
1961 4401 2022 4442 se
2054 4388 2300 4455 alliciat,
2328 4390 2450 4460 jam
2497 4390 2555 4444 in
2592 4391 2764 4445 corde
2805 4408 2910 4445 suo
2943 4389 3300 4447 adulterium
3335 4392 3650 4448 commisit.

436 4484 592 4541 445
622 4483 710 4536 94.
745 4483 920 4537 Vens.
954 4480 1040 4536 i7.
1076 4482 1141 4535 Et
1171 4479 1569 4536 humiliabitur
1617 4479 1798 4533 omnis
1844 4477 2021 4532 homo.

2209 4478 2300 4532 94.
2379 4476 2476 4532 Καὶ
2565 4480 3026 4549 ταπεινωθήσεται
3111 4485 3218 4542 πᾶς
3316 4479 3631 4555 ἄνθρωπος.
3703 4485 3798 4537 Ἐκ

358 4577 534 4633 IIisce
561 4572 757 4628 verbis
787 4571 1090 4643 Scriptura
1113 4569 1453 4634 declaravit,
1479 4569 1680 4624 omnia
1704 4585 1832 4640 quae
1857 4572 2024 4622 antea

2155 4565 2345 4622 τούτων
2396 4563 2590 4639 ἔδειξεν
2625 4568 2654 4622 ὁ
2687 4565 2877 4643 λόγος,
2913 4569 2994 4622 ὅτι
3042 4569 3109 4624 τά
3159 4568 3471 4645 προάγοντα
3526 4572 3694 4625 πάντα
3742 4571 3794 4624 ἐν

360 4666 542 4724 allata
571 4667 731 4729 sunt,
769 4662 828 4716 in
870 4661 1181 4732 aenigmate
1239 4665 1296 4716 et
1350 4659 1698 4715 abscondite
1742 4657 1924 4712 fuisse
1955 4657 2024 4714 de

2155 4655 2421 4731 ιΐνίγματι
2480 4656 2571 4711 καὶ
2658 4655 3218 4731 περικεκαλυμμένως
3301 4661 3422 4735 περὶ
3492 4659 3794 4735 ἀνθρώπων

357 4753 705 4812 hominibus
733 4751 907 4806 dicta.
940 4750 1244 4823 Siquidem
1275 4755 1412 4823 post
1443 4746 1937 4804 contumeliosum
1966 4753 2023 4803 et

2155 4743 2326 4822 ἴρητο
2357 4749 2493 4820 (31).
2523 4747 2670 4802 Μετὰ
2701 4747 2803 4821 γὰρ
2835 4748 2928 4802 τὸν
2983 4742 3240 4822 ὑϐριστὴν
3281 4749 3370 4804 καὶ
3423 4750 3790 4828 ὑπερήφανον,

355 4842 704 4917 superbum,
739 4844 872 4911 post
920 4837 1214 4893 excelsum
1246 4843 1302 4893 et
1345 4835 1686 4904 sublimem,
1733 4840 1870 4906 post
1899 4851 2017 4890 om-

2129 4837 2220 4890 καὶ
2277 4836 2412 4908 μετὰ
2467 4837 2558 4891 τὸν
2618 4835 2830 4909 ὑψηλὸν
2889 4835 2977 4892 καὶ
3059 4839 3354 4913 μετέωρον⁹
3412 4839 3545 4912 μετὰ
3618 4845 3789 4894 πᾶσαν

357 4949 494 4991 nem
522 4931 764 4987 cedrum
802 4928 1026 4995 Libani,
1063 4931 1454 4998 postomnem
1485 4927 1752 4980 arborem
1789 4923 2018 4997 glandis

2155 4922 2327 5000 ιὲδρον
2357 4930 2452 4980 τοῦ
2499 4921 2760 4994 Λιϐάνου,
2797 4926 2933 4999 μετὰ
2974 4932 3077 4982 πᾶν
3129 4924 3348 5003 δένδρον
3398 4928 3632 5005 βαλάνου
3682 4935 3790 4984 Βα-

430 5069 475 5110 ‘0
508 5063 656 5122 Psal.
689 5079 800 5131 ενι,
831 5063 922 5117 23.
1003 5060 1046 5095 ⁸¹
1079 5059 1231 5116 Psal.
1267 5076 1388 5127 cur,
1421 5059 1513 5114 26.

429 5199 538 5271 (25)
571 5198 666 5271 Sic
696 5201 816 5252 tres
847 5194 980 5251 libri
1011 5199 1250 5271 veteres.
1286 5192 1397 5271 Alii
1425 5195 1694 5271 _tres,1:_oii
1730 5191 1805 5271 μὴ
1833 5190 2010 5271 ᾁργῶς

352 5264 591 5328 ἀκούειν.
626 5270 838 5324 Nostra
884 5284 1018 5323 vero
1077 5267 1256 5323 editio
1311 5266 1518 5340 Paris,
1552 5267 1648 5318 τοῦ
1709 5266 1783 5336 μή
1833 5264 2006 5340 ἀργῶς

352 5342 645 5414 ἀκούομεν.
681 5341 779 5414 ubi
803 5340 1093 5414 vgculam,
1123 5334 1552 5412 τοῦ,παρὲλκειν
1587 5334 1835 5394 conetat.
1869 5334 2004 5413 Reg.

351 5409 780 5500 εθρρξϊάιηκμή
811 5409 904 5500 ρῦν
935 5412 1138 5500 ἀργῶς·

424 5489 540 5560 (26)
573 5479 925 5560 Particulam
958 5479 1082 5556 γάρ,
1117 5499 1249 5560 qua:
1279 5481 1339 5560 in
1375 5482 1607 5537 excusis
1639 5479 1873 5554 legitur,
1906 5498 2006 5537 au-

352 5553 625 5618 ctoritate
660 5557 924 5628 quinque
958 5553 1102 5611 mes.
1134 5553 1484 5628 delevimus.

424 5634 535 5704 (27)
568 5623 742 5685 Notat
763 5623 1172 5704 Cdmbeﬁsius,
1204 5627 1582 5704 interpretem
1614 5623 1848 5704 legisse,
1877 5643 2007 5704 τρο-

395 5697 454 5777 ῇ’,
490 5697 692 5777 aitque
707 5718 835 5758 eam
868 5699 1220 5777 scripturam
1247 5699 1359 5777 sibi
1383 5699 1570 5777 magis
1593 5697 1848 5777 probari.
1873 5699 2010 5754 Cer-

395 5725 454 5777 ῃ,
490 5724 692 5775 autu
707 5724 835 5758 eum
868 5724 1220 5772 sumpturum
1247 5724 1359 5754 sim
1383 5724 1570 5770 magis
1593 5724 1848 5769 pruuuri.
1873 5724 2006 5754 uor-

357 5724 417 5835 te
446 5780 506 5834 et
535 5774 706 5832 nobis
745 5788 983 5846 quoque
1013 5773 1200 5847 magis
1234 5771 1458 5846 placet:
1502 5769 1784 5845 quoniam
1813 5775 2006 5829 tamen

1666 5056 1823 5114 Psal.
1856 5073 1969 5128 ενι,
1997 5062 2084 5116 24.
2162 5064 2213 5099 ⁸³
2241 5060 2446 5116 Matth.
2478 5077 2535 5130 v,
2567 5064 2656 5118 28.

2120 5195 2414 5279 scriptum
2448 5196 2782 5279 invenimus
2807 5196 2866 5250 in
2897 5197 3115 5279 nostris
3147 5215 3316 5279 mss.,
3347 5203 3552 5275 τρυφῇ,
3572 5201 3796 5258 idcirco

2120 5269 2457 5341 quidquam
2491 5275 2725 5341 mutare
2758 5270 2814 5324 in
2847 5269 3102 5341 vulgatis
3144 5269 3466 5330 noluimus.

2194 5342 2311 5412 (28)
2347 5339 2628 5413 Editi,7:6.
2666 5346 2738 5396 At
2769 5358 2870 5396 sex
2902 5339 3068 5408 mss.,
3101 5346 3200 5413 τῷ.

2193 5411 2315 5495 (29)
2365 5411 2469 5496 Pr_o
2518 5412 2640 5496 door
2699 5413 2939 5496 scripsit
2987 5411 3460 5496 .Ifroci)pius,__b're
3515 5415 3572 5472 id
3629 5419 3789 5489 quod

2119 5484 2669 5560 cuipiamfortasse
2703 5484 2918 5560 rectius
2947 5485 3128 5560 videri
3161 5484 3396 5560 poterit.

2196 5554 2315 5639 (3Q)
2348 5554 2458 5610 Alii
2510 5574 2678 5626 mss.,
2731 5555 2811 5635 ἐφ’
2861 5558 3076 5627 ὶαυτήν.
3139 5554 3255 5616 Alii
3306 5577 3440 5618 cum
3473 5559 3670 5629 editis,
3702 5558 3787 5638 ἐφ’

2120 5627 2313 5697 ἑαυτῇ.

2193 5700 2316 5772 (31)
2347 5698 2520 5772 Editi,
2552 5699 2784 5775 εἴρηται.
2811 5707 2888 5760 At
2918 5719 3018 5759 sex
3053 5719 3220 5775 mss.,
3255 5701 3465 5777 εἴρητο.
