4130 6372
329 347 446 409 273

1176 347 1588 411 COMMENT.
1637 349 1715 408 lN
1761 312 2038 412 ISAIAM
2083 349 2589 410 PBOPHETAM.
2639 350 2812 411 CAP.
2859 351 2932 411 ιι.

3637 358 3756 418 974

327 475 445 548 σὰν,
510 475 647 548 μετὰ
676 476 850 531 πάντα
909 475 1112 552 πύργον
1175 475 1412 548 ὑψηλὸν,
1476 475 1610 549 μετᾶ
1662 481 1764 530 πᾶν
1805 481 1982 550 τεῖχος

2109 463 2322 546 Basan,
2359 483 2488 550 post
2519 496 2752 536 omnem
2787 481 2995 536 turrim
3029 480 3343 552 excelsam,
3377 487 3510 555 post
3567 485 3754 542 altum

332 564 570 639 ὑψηλὸν,
610 566 745 638 μετά
774 570 948 621 πᾶσαν
981 566 1101 629 θέαν
1135 565 1345 621 πλοίων
1383 564 1646 628 κάλλουςο
1681 566 1805 621 τότε
1838 565 1989 644 φησί·

328 656 803 726 Ταπεινωθησεται
885 660 987 718 πᾶς
1071 652 1356 731 ἅνθρωπος
1391 674 1404 688 ⁸

2107 584 2341 625 omnem
2372 587 2630 638 murum,
2666 575 2799 642 post
2829 588 3062 627 omnem
3088 576 3390 643 aspectum
3424 574 3754 645 pulchritu-

1507 654 1749 710 τουτέστι
1848 661 1982 710 πᾶσο

2107 657 2262 714 diuis
2285 659 2544 730 navium,
2576 664 2703 714 tum
2737 660 3075 732 subjungit:
3109 661 3516 717 Humiliabitur
3569 665 3756 720 omnis

331 742 450 800 ΐδέα
509 749 618 800 τῶν
649 743 701 798 ἐν
738 745 1045 820 ἀνθρώποις
1074 749 1255 799 κακῶν
1283 749 1685 800 καταπεσεῖται.
1717 743 1994 819 Εἱσήχθη-

2104 749 2297 811 homo;
2327 749 2435 805 hoc
2467 753 2575 816 est,
2608 750 2800 806 omnis
2834 753 3058 824 species
3090 751 3382 808 malorum
3412 753 3471 808 in
3496 751 3752 810 homini-

334 855 427 909 μεν
463 831 522 889 δὲ
552 832 734 909 ὥσπερ
765 835 842 899 εἷς
870 835 1052 889 κοινὸν
1087 830 1464 890 διδασκαλεῖον
1522 834 1615 890 τὸν
1641 834 1848 907 κόσμον
1879 835 1982 907 (32]

2102 838 2215 893 bus
2246 839 2496 895 decidet.
2532 839 2706 895 Porro
2734 857 2840 895 nos
2869 840 3140 896 homines
3171 841 3230 897 in
3258 842 3548 897 mundum
3580 842 3748 914 quasi

325 929 516 980 τοῦτον
546 925 597 979 oi.
627 921 926 1000 ἅνθρωποι,
975 923 1064 980 καὶ
1120 921 1536 997 έκελεύσθημεν,
1591 927 1715 978 νοῦν
1773 944 1831 978 τε
1890 920 1989 979 λα-

329 1007 536 1082 ϐόντες,
578 1014 668 1068 καὶ
720 1010 1041 1092 ὀφθαλμοὺς
1070 1011 1145 1075 είς
1202 1012 1528 1084 κατανόησιν
1582 1009 1822 1090 ἔχοντες,
1872 1015 1986 1068 οἷον

330 1103 435 1158 ἀπὸ
462 1101 797 1180 γραμμάτων
829 1106 988 1158 τινῶν
1030 1106 1140 1157 τῶν
1189 1102 1326 1158 κατά
1375 1105 1476 1173 τὴν
1527 1102 1844 1177 οἰκονομίαν
1899 1101 1987 1158 καὶ

331 1189 595 1264 διοίκησιν
653 1196 750 1247 τοῦ
809 1193 1011 1254 παντὸς
1065 1193 1158 1247 τὸν
1215 1193 1344 1247 Θεὸν
1404 1192 1744 1267 ἀναγνῶναιο
1792 1190 1880 1248 *ίνα
1934 1193 1986 1246 οἳ

327 1279 574 1344 θέλοντες
606 1282 728 1358 περὶ
783 1282 879 1350 τὴν
938 1288 1038 1350 τῆς
1097 1281 1359 1352 ἀληθείας
1418 1284 1641 1353 ζήτησιν
1701 1282 1982 1358 καταγίνε-

322 1381 463 1440 σθαι,
528 1370 578 1444 ἐξ
648 1372 721 1426 ὧν
756 1369 1043 1446 είλήφασιν
1075 1370 1360 1446 ἀφορμῶν,
1391 1373 1589 1433 ἱκανῶς
1618 1371 1985 1447 παρασκευσά-

328 1480 504 1532 μενοι,
564 1459 654 1515 καὶ
712 1462 813 1529 τῆς
865 1459 1159 1535 πρόσωπον
1188 1461 1300 1534 (33)
1333 1459 1467 1536 πρὸς
1505 1459 1797 1536 πρόσωπον
1860 1460 1984 1524 θέας

320 1552 435 1603 τῶν
481 1545 665 1610 καλῶς
723 1547 1062 1620 ζητηθέντων
1094 1549 1415 1620 ἀξιωθῶσιν,
1446 1548 1482 1618 ἢ
1540 1547 1833 1624 παραπολὺ
1878 1551 1980 1619 τῆς

324 1633 589 1707 ἀληθείας
645 1639 1082 1714 παρενεχθέντες,
1143 1636 1225 1692 ἐπ’
1276 1638 1441 1708 αὐτῆς
1468 1642 1568 1704 τῆς
1600 1638 1859 1710 ἀληθείας
1891 1637 1978 1694 ἐπὶ

317 1729 400 1797 τῷ
458 1723 642 1801 ψεύδει
698 1729 1187 1802 καταισχυνθῶσιν
1248 1728 1371 1786 ’Ότι
1430 1728 1649 1802 γνόντες
1695 1729 1789 1784 τὸν
1821 1727 1974 1796 Θεὸν,

2101 928 2161 982 in
2185 944 2554 984 communem
2571 928 2831 985 scholam
2847 946 3054 986 sumus
3070 930 3416 1001 introducti,
3430 936 3604 1003 atque
3621 935 3749 988 tum

2102 1024 2297 1075 mente
2327 1020 2547 1089 donati,
2581 1023 2708 1075 tum
2726 1018 2927 1076 oculos
2958 1021 3029 1075 ad
3059 1019 3507 1094 intelligendum
3531 1021 3748 1078 haben-

2098 1112 2206 1176 tes,
2247 1110 2425 1164 Deum
2449 1113 2730 1178 tanquam
2757 1125 2825 1163 ex
2851 1108 3208 1180 quibusdam
3241 1108 3456 1165 litteris
3487 1127 3590 1182 per
3619 1110 3742 1166 dis-

2097 1197 2503 1269 pensationem
2536 1192 3144 1269 gubernationemque
3176 1198 3436 1254 universi
3489 1199 3743 1257 exaratis

2099 1304 2444 1359 cognoscere
2466 1287 2625 1357 jussi
2655 1303 2897 1342 sumus:
2933 1291 2998 1341 ut
3028 1287 3129 1359 qui
3161 1287 3376 1344 vellent
3429 1289 3738 1346 veritatem

2092 1376 2492 1448 indagare,‘iis
2515 1392 2644 1447 qua:
2670 1392 2940 1448 accepere
2971 1376 3253 1432 subsidiis
3275 1377 3507 1432 abunde
3525 1377 3746 1434 instru-

2093 1467 2190 1533 cti,
2225 1466 2384 1538 digni
2419 1467 2626 1520 fierent
2657 1466 2756 1537 qui
2782 1465 2925 1522 facie
2948 1467 3020 1521 ad
3055 1465 3262 1522 faciem
3295 1483 3387 1522 res
3419 1471 3571 1523 recte
3621 1467 3741 1523 dis-

2090 1556 2340 1626 quisitas
2390 1554 2966 1626 contemplarentur;
3017 1555 3106 1610 vel
3153 1555 3202 1610 si
3234 1555 3407 1628 longe
3440 1573 3474 1610 a
3502 1554 3743 1612 veritate

2090 1646 2450 1712 aberrarent,
2500 1661 2698 1700 coram
2748 1643 2877 1716 ipsa
2937 1644 3179 1700 veritate
3239 1645 3311 1699 ob
3368 1645 3739 1702 mendacium

2088 1735 2620 1792 confunderentur:
2657 1735 2929 1802 Quoniam
2946 1750 3071 1789 cum
3102 1735 3492 1806 cognovissent
3538 1735 3736 1804 Deum,

317 1815 428 1892 οὐχ
511 1816 585 1878 ὡς
668 1819 797 1872 Θεὸν
868 1813 1144 1888 ἐδόξασαν,
1233 1815 1270 1886 ἢ
1347 1817 1781 1892 ηὐχαρίστησαν.
1855 1819 1978 1873 Τῶν

2095 1839 2197 1879 ηοη
2252 1824 2395 1878 sicut
2442 1824 2611 1877 Deum
2659 1822 3140 1892 gloriﬁcaverunt,
3194 1825 3293 1878 aut
3349 1825 3562 1890 gratias
3609 1839 3734 1894 ege-

323 1905 416 1979 μὲν
449 1906 554 1980 γὰρ
586 1906 756 1981 ἁγίων
791 1908 820 1962 ὁ
851 1912 975 1969 νοῦς
1005 1905 1112 1981 οὐχ
1145 1906 1244 1980 δρᾷ
1281 1907 1470 1979 μόνον,
1503 1903 1650 1961 ἀλλά
1677 1906 1766 1961 καὶ
1794 1906 1976 1961 ἀκούει

2095 1915 2303 1970 runt“.
2330 1913 2500 1969 Meus
2531 1912 2688 1968 enim
2721 1916 3058 1968 sanctorum
3093 1928 3206 1968 non
3229 1913 3385 1968 videt
3415 1913 3608 1980 modo,
3634 1912 3738 1968 sed

312 2001 414 2066 τῆς
456 1994 683 2057 κτίσεως
716 1996 784 2050 τὰ
812 1996 936 2071 περὶ
969 1993 1130 2066 δόξης
1160 1999 1293 2051 Θεοῦ
1325 1993 1716 2072 διηγουμένης·
1767 1996 1834 2052 Οἱ
1883 1995 1980 2050 οὗ·

323 2083 473 2159 ρανοὶ
516 2083 617 2160 γὰρ
675 2085 822 2159 (34),
875 2084 1008 2162 φησί
1043 2130 1057 2155 ,
1109 2081 1427 2158 διηγοῦνται
1485 2082 1641 2158 δόξαν
1699 2089 1854 2141 Θεοῦ.
1913 2085 1982 2142 Οἱ

321 2170 379 2228 δὲ
405 2176 514 2228 τῶν
545 2171 884 2251 φαινομένων
919 2171 1087 2228 πλέον
1122 2171 1290 2247 μηδὶν
1336 2174 1619 2236 συνιέντες.
1673 2171 1983 2248 Ἐματαιώ-

325 2274 519 2334 θησαν,
545 2263 635 2317 καὶ
660 2257 1044 2337 ἐσεϐάσθησαν,
1074 2263 1164 2318 καὶ
1197 2262 1519 2340 ἐλάτρευσαν
1550 2267 1618 2340 τῇ
1640 2263 1808 2320 κτίσει
1839 2263 1988 2339 παρὰ

325 2352 418 2407 τὸν
446 2351 721 2409 κτίσαντα.

399 2535 489 2589 95.
545 2531 646 2588 Καὶ
709 2533 1054 2607 ὑψωθήσεται
1113 2531 1312 2608 Κύριος
1361 2532 1526 2607 μόνος
1584 2533 1634 2589 ἐν
1692 2537 1761 2609 τῇ
1807 2534 1990 2610 ἡμέρᾳ

329 2621 530 2698 ὶκείνῃ.
575 2622 769 2685 Φωτὸς
816 2621 1192 2701 ἀναφανέντος,
1258 2623 1567 2701 ἀφανίζεται
1627 2623 1841 2696 σκότος,
1898 2623 1988 2679 καὶ

330 2711 508 2787 ὑγείας
565 2711 865 2786 παρούσης,
915 2712 982 2768 τὰ
1039 2711 1262 2788 ὀχληρὰ
1316 2719 1416 2783 τῆς
1479 2713 1640 2770 νόσου
1696 2714 1982 2770 πέπαυται·

325 2801 414 2856 καὶ
476 2799 738 2872 ἀληθείας
798 2799 1244 2878 ἀποδειχθείσης,
1300 2807 1396 2858 τοῦ
1453 2801 1684 2878 ψεύδους
1740 2806 1775 2874 ἠ
1827 2803 1985 2882 φύσις

325 2888 610 2967 ἐλέγχεται
835 2892 938 2947 Καὶ
967 2896 1063 2946 τοῦ
1101 2891 1380 2962 ἀληθινῶς
1418 2893 1633 2968 ὑψηλοῦ
1661 2895 1984 2970 γνωρισθέν-

320 3001 436 3050 τος,
471 2979 594 3036 ὅσον
643 2979 784 3035 ἐστὶν
829 2980 961 3056 ὑπὲρ
1010 2979 1184 3036 πάντα
1213 2985 1335 3036 νοῦν
1380 2981 1592 3056 ὑψηλὸν
1644 2983 1733 3036 καὶ
1785 2984 1985 3054 μετέω-

323 3087 439 3143 ρον·
497 3070 588 3123 καὶ
642 3070 822 3138 πάσης
869 3075 970 3138 τῆς
1022 3069 1291 3138 ἀληθινῆς
1346 3069 1574 3142 θεωρίας
1623 3068 1986 3148 καταληφθεί-

321 3176 442 3227 σης,
500 3157 564 3211 τὸ
621 3156 886 3232 πρότερον
955 3157 1140 3231 ὑψηλᾶ
1188 3159 1277 3212 καὶ
1342 3158 1585 3232 μετέωρα
1758 3161 1984 3214 εὐκατα-

325 3245 569 3324 φρόνητα
617 3243 780 3317 δόξει.
835 3244 997 3319 Μόνῳ
1047 3243 1139 3300 οῦν
1190 3249 1306 3318 Θεῷ
1351 3246 1413 3301 τὸ
1461 3245 1737 3318 ἀληθινῶς
1769 3246 1982 3323 ὑψηλὸν

323 3334 414 3390 καὶ
472 3334 606 3410 μέγα
649 3333 796 3409 παρά
842 3334 1021 3405 πάσης
1072 3333 1299 3410 λογικῆς
1331 3334 1541 3413 φύσεως
1578 3339 1986 3414 μαρτυρηθήσε-

319 3444 430 3492 ται,
463 3429 571 3478 τῶν
621 3423 758 3486 τέως
789 3425 1160 3497 ἠπατημένων
1209 3425 1306 3487 τὰς
1357 3423 1442 3481 ἰπὶ
1492 3430 1608 3488 τοῖς
1656 3427 1981 3482 καθέκαστον

325 3507 683 3586 ψευδοδοξίας
715 3511 1088 3586 ἀποθεμένων.

395 3697 486 3752 96.
546 3692 645 3750 Καὶ
697 3694 766 3750 τὰ
839 3693 1208 3771 χειροποίητα
1274 3694 1451 3750 πάντα
1522 3693 1979 3769 κατακρύψουσιν,

327 3782 725 3860 εἲσενέγκαντες
798 3783 873 3846 εἷς
940 3783 1010 3838 τὰ
1083 3781 1349 3855 σπήλαια,
1420 3783 1511 3839 καὶ
1579 3784 1654 3847 εἰς
1706 3784 1801 3845 τὰς
1864 3804 1983 3860 σχιο

324 3873 464 3948 σμᾶς
519 3877 628 3928 τῶν
683 3877 920 3948 πετρῶν,
972 3874 1064 3928 καὶ
1115 3872 1190 3935 εἷς
1251 3873 1346 3935 τὰς
1410 3870 1662 3950 τρώγλας
1707 3879 1808 3943 τῆς
1853 3880 1979 3949 γῆς,

322 3963 428 4019 ἀπὸ
507 3961 808 4038 προσώπου
871 3965 969 4016 τοῦ
1038 3956 1211 4040 φόϐου
1275 3961 1493 4038 Κυρίου,
1559 3962 1650 4018 καὶ
1721 3962 1827 4018 ἀπὸ
1879 3968 1979 4031 τῆς

322 4049 484 4124 δόξης
567 4059 668 4122 τῆς
745 4049 941 4127 ΐσχύος
1023 4051 1209 4124 αὐτοῦ,
1289 4050 1414 4107 ὅταν
1496 4053 1698 4127 ἀναστῇ
1757 4053 1980 4126 θραῦσαι

319 4143 420 4212 τήν
449 4148 577 4218 γῆν.
607 4137 829 4209 Ἐπειδὴ
878 4137 1214 4210 πολλάκιςή
1271 4142 1456 4220 Γραφή
1499 4141 1706 4216 ὁμοίως
1752 4142 1876 4218 περί
1922 4163 1982 4197 τε

317 4237 421 4301 τῆς
473 4230 524 4287 έν
583 4229 739 4307 σαρκί
801 4225 1102 4303 ἐπιδημίας
1143 4233 1241 4286 τοῦ
1284 4231 1543 4306 Χριστοῦ,
1573 4231 1661 4286 καὶ
1712 4231 1836 4307 περὶ
1881 4237 1982 4301 τῆς

321 4319 374 4376 ἒν
405 4323 474 4394 τῇ
521 4318 696 4396 κρίσει
747 4315 1074 4396 διαλέγεται,
1124 4318 1214 4375 καὶ
1245 4319 1370 4396 περὶ
1399 4324 1509 4376 τῶν
1543 4317 1638 4377 δύο
1667 4324 1978 4395 παρουσιῶν

322 4407 812 4485 έπιπεπλεγμένως
899 4405 1231 4486 ἀπαγγέλλει
1307 4408 1508 4466 ἐνίοτεο
1580 4411 1862 4486 ἡγούμεθα
1914 4411 1983 4466 τὰ

322 4500 435 4556 νυνὶ
501 4503 667 4555 ταῦτα
717 4497 840 4572 περὶ
914 4505 1014 4569 τῆς
1070 4497 1530 4573 ἰνανθρωπήσεως
1594 4497 1863 4576 λέγεσθαν
1934 4499 1980 4556 εἰ

324 4589 412 4646 καὶ
474 4589 558 4645 ὅτι
618 4585 759 4663 μηδὲ
803 4588 940 4664 πρὸς
998 4587 1066 4644 τὰ
1126 4587 1403 4662 μέλλοντα
1428 4589 1519 4644 καὶ
1552 4587 1984 4665 προσδοκώμενα

326 4677 518 4751 ἀπᾴδει
569 4683 677 4734 τῶν
728 4683 1101 4754 προκειμένων
1127 4679 1161 4748 ἠ
1223 4677 1421 4734 ἔννοια.
1452 4678 1600 4734 Μετᾶ
1627 4679 1730 4754 γὰρ
1759 4682 1858 4750 τὴν
1885 4685 1981 4735 τοῦ

323 4769 559 4843 Χριστοῦ
601 4764 894 4838 ἐπιδημίαν
949 4769 985 4837 ἡ
1045 4764 1170 4842 περὶ
1226 4767 1294 4822 τὰ
1349 4765 1716 4843 χειροποίητα
1764 4767 1977 4839 σπουδή

324 4855 709 4936 παρέρῤιπται.
753 4855 947 4912 Οὐκέτι
1001 4854 1098 4930 μὶν
1146 4855 1585 4933 ἀγαλματοποιοὶ
1645 4855 1977 4928 σπουδάζον-

394 5024 440 5062 ⁸⁴
466 5024 634 5082 Rom.
669 5039 709 5094 ι,
738 5021 829 5079 21.
935 5021 980 5059 ⁵⁸
1008 5021 1163 5080 Psal.
1195 5037 1357 5092 xvm,
1388 5023 1441 5079 1.

395 5200 508 5274 (32)
537 5197 1143 5286 Editi,.ei’crﬁlﬁopsv...
1179 5197 1256 5264 εἷς
1287 5197 1380 5255 τὸν
1411 5198 1642 5275 κόσμον.
1675 5204 1747 5260 At
1791 5203 1967 5278 quin-

329 5287 446 5347 que
466 5290 617 5347 mss.
657 5277 743 5328 uti
768 5277 830 5328 in
855 5277 1152 5347 contextu.

399 5345 510 5416 (33)
541 5347 760 5401 Vocem
789 5343 1086 5418 πρόσωπον
1125 5362 1194 5403 ex
1226 5343 1490 5418 quinque
1547 5363 1691 5404 mss.
1749 5348 1972 5422 adjeci-

332 5434 486 5473 mus.

400 5491 514 5563 (3i)
547 5489 774 5545 Rursus
801 5490 1070 5546 voculam
1094 5487 1196 5564 γάρ
1224 5488 1778 5558 addidimus,secuti
1799 5494 1973 5550 ﬁdem

328 5561 617 5621 librorum
640 5565 1047 5634 quorumdam
1075 5561 1359 5634 veterum.

405 5636 523 5707 (35)
548 5631 701 5690 Editi
732 5638 790 5711 et
811 5641 930 5711 tres
959 5651 1133 5711 mea,
1161 5633 1474 5711 πέπαυται..
1527 5631 1833 5711 ἐλέγχεται.
1865 5635 1978 5711 Alii

333 5704 455 5766 tres
486 5704 656 5780 mem,
689 5704 855 5764 νόσου
884 5705 1240 5786 ἐλέγχεται...
1269 5706 1425 5786 φύσις
1451 5704 1796 5785 γνωρίζεται.
1854 5709 1978 5766 Ali-

2091 2003 2258 2061 audit
2280 2003 2454 2059 etiam
2485 2007 2816 2058 creaturam
2848 2017 2917 2058 ea
2946 2019 3068 2072 quae
3100 2003 3171 2057 ad
3198 2001 3295 2058 Dei
3325 2001 3570 2074 gloriam
3604 2019 3739 2074 per-

2092 2093 2281 2149 tinent
2309 2093 2730 2148 edisserentem
2757 2107 2772 2148 ε
2809 2090 2948 2147 Cwli
2976 2090 3157 2162 enim,
3218 2090 3432 2163 inquit,
3465 2095 3738 2147 enarrant

2093 2184 2341 2254 gloriam
2361 2181 2531 2238 Dei“.
2563 2181 2634 2236 Hi
2666 2199 2801 2237 vero
2860 2187 3065 2252 praeter
3117 2197 3186 2236 ea
3229 2197 3356 2252 quae
3413 2180 3487 2237 ob
3539 2179 3742 2237 oculos

2094 2277 2234 2329 sunt
2265 2272 2471 2344 posita,
2505 2269 2653 2326 nihil
2685 2269 3104 2342 intelligentes,
3141 2270 3280 2326 Vani
3307 2269 3451 2344 facti
3506 2278 3656 2341 sunt,
3685 2275 3740 2326 et

2096 2377 2163 2416 ea
2190 2375 2315 2433 quae
2343 2359 2564 2416 condita
2592 2363 2747 2428 sunt,
2780 2359 3075 2416 Conditore
3129 2361 3437 2433 praeterito,
3493 2358 3743 2416 venerati

2093 2459 2227 2506 sunt
2250 2465 2315 2504 ac
2342 2449 2628 2505 coluerunt
2647 2448 2711 2502 ⁵⁸.

2167 2541 2256 2594 95.
2305 2541 2369 2595 Et
2423 2539 2770 2594 excitabitur
2811 2537 3077 2593 Dominus
3126 2537 3276 2593 solus
3345 2537 3405 2593 in
3463 2534 3552 2592 die
3614 2533 3746 2594 illa.

2096 2631 2465 2684 Evanescunt
2497 2627 2767 2696 tenebrae,
2826 2625 2955 2682 luce
3005 2627 3333 2682 exoriente:
3383 2623 3746 2696 simulatque

2093 2719 2262 2774 adest
2294 2717 2538 2786 sanitas,
2571 2716 2850 2772 desinunt
2873 2715 3062 2770 morhi
3093 2714 3374 2783 molestias
3397 2717 3746 2787 :apparenle

2095 2824 2327 2880 quoque
2347 2806 2586 2862 veritate
2617 2805 3144 2862 mendaciinatura
3197 2804 3482 2878 arguitur.
3534 2803 3744 2859 Itidem

2091 2915 2228 2954 cum
2259 2898 2308 2954 is
2340 2897 2441 2969 qui
2475 2913 2604 2952 vere
2636 2895 2904 2952 excelsus
2941 2899 3050 2962 est,
3103 2909 3457 2967 omnemque
3507 2891 3740 2948 intelle-

2095 2992 2252 3043 ctum
2285 2985 2574 3042 excelsum
2607 3001 2674 3040 ac
2722 2984 3016 3040 sublimen
3075 2988 3333 3056 superat.
3398 2979 3740 3052 innotuerit,

2095 3090 2344 3146 cumque
2373 3072 2743 3144 apprehensa
2775 3071 2948 3127 fuerit
2976 3071 3170 3127 omnis
3202 3087 3339 3127 vera
3375 3068 3742 3142 contempla-

2096 3163 2373 3235 tiozquaa
2395 3163 2560 3234 prius
2592 3160 2820 3216 excelsa
2879 3161 3273 3215 censebantur
3329 3163 3387 3216 et
3441 3159 3740 3228 sublimia,

2017 3233 2058 3300 Ο
2095 3233 2443 3309 videbantur
2471 3268 2600 3306 esse
2617 3250 3068 3306 contemnenda.
3101 3250 3305 3321 Itaque
3354 3248 3454 3304 ubi
3485 3247 3744 3321 primum

2093 3342 2132 3397 ii
2164 3342 2263 3413 qui
2293 3341 2580 3396 hactenus
2612 3339 2845 3394 fuerant
2875 3338 3124 3410 decepti,
3158 3338 3338 3395 falsas
3367 3355 3506 3394 suas
3533 3338 3606 3393 de
3647 3353 3744 3393 re-

2093 3432 2205 3487 bus
2225 3430 2476 3503 singulis
2507 3429 2816 3502 opiniones
2850 3427 3248 3500 deposuerint,
3283 3433 3494 3485 natura
3545 3427 3742 3483 omnis

2092 3520 2317 3576 ratione
2335 3519 2578 3592 praedita
2595 3534 2788 3573 veram
2812 3516 3222 3574 celsitudinem
3245 3516 3745 3590 magnitudinem-

2093 3626 2206 3682 que
2238 3609 2353 3664 Deo
2382 3608 2485 3663 uni
2516 3607 2824 3663 convenire
2856 3606 3190 3664 testabitur.

2159 3700 2252 3753 96.
2283 3698 2580 3764 Vens.18,
2615 3698 2701 3752 19.
2761 3698 2834 3751 Et
2884 3698 3213 3768 manufacta
3262 3697 3456 3753 omnia
3511 3695 3742 3752 abscon—

2088 3788 2236 3858 dent,
2268 3789 2565 3858 inferentes
2611 3789 2673 3841 in
2700 3786 3009 3865 speluncas,
3032 3789 3087 3841 et
3115 3787 3175 3840 in
3228 3786 3498 3841 seissuras
3551 3787 3740 3857 petra-

2091 3895 2236 3948 rum,
2286 3880 2337 3932 et
2367 3879 2428 3933 in
2454 3877 2737 3948 foramina
2767 3882 2951 3946 terrae,
2982 3891 3020 3930 a
3046 3876 3202 3946 facie
3229 3876 3446 3931 timoris
3491 3874 3740 3939 Domini,

2087 3975 2143 4022 et
2170 3984 2202 4020 a
2236 3967 2416 4038 gloria
2443 3964 2794 4037 fortitudinis
2819 3965 2954 4035 ejus,
2988 3980 3113 4019 cum
3141 3965 3456 4020 surrexerit
3484 3963 3559 4019 ad
3612 3979 3740 4034 per-

2088 4055 2406 4111 cutiendum
2426 4057 2658 4110 terram.
2692 4051 3181 4123 Quandoquidem
3203 4052 3507 4124 Scriptura
3535 4051 3742 4108 multis

2090 4145 2152 4200 in
2182 4143 2326 4200 locis
2360 4143 2484 4216 pari
2516 4142 2742 4198 ratione
2763 4142 2832 4197 de
2860 4140 3075 4197 Christi
3108 4141 3167 4196 in
3199 4156 3434 4197 carnem
3466 4142 3744 4212 adventu,

2092 4238 2266 4306 atque
2296 4234 2366 4289 de
2397 4249 2463 4288 eo
2495 4250 2611 4304 quo
2645 4233 2717 4288 ad
2743 4230 3036 4304 judicium
3057 4233 3341 4286 venturus
3372 4234 3486 4298 est,
3517 4245 3742 4287 sermo-

2088 4341 2225 4380 nem
2256 4323 2415 4391 facit,
2447 4322 2628 4378 etiam
2650 4336 3082 4392 nonnunquam
3115 4321 3186 4376 de
3210 4324 3461 4391 utroque
3482 4321 3740 4376 adventu

2086 4414 2215 4486 conj
2227 4411 2753 4484 unctimloquitur:
2770 4428 2897 4484 quea
2916 4427 3073 4466 nunc
3085 4410 3502 4477 occurrunt,de
3513 4426 3741 4466 assum-

2090 4507 2192 4575 pta
2214 4501 2586 4559 humanitate
2612 4501 2770 4556 dicta
2801 4517 2931 4556 esse
2963 4499 3340 4568 arbitramur,
3374 4499 3607 4556 etiamsi
3640 4516 3739 4556 eo-

2015 4614 2060 4680 D
2090 4610 2221 4649 rum
2254 4608 2384 4664 quas
2413 4595 3052 4663 proponuntursensus
3075 4606 3191 4645 non
3213 4589 3392 4646 etiam
3411 4589 3640 4647 alienus
3664 4590 3742 4646 sit

2090 4683 2163 4738 ab
2193 4682 2287 4750 iis,
2312 4698 2440 4753 quae
2463 4681 2663 4736 futura
2705 4685 2845 4735 sunt
2902 4697 2970 4735 ac
3035 4683 3370 4752 sperantur.
3432 4680 3740 4736 Enimvero

2090 4776 2224 4846 post
2250 4770 2467 4828 Christi
2498 4770 2840 4840 adventum,
2864 4769 3132 4825 studium
3146 4771 3300 4841 quod
3315 4770 3387 4826 ad
3404 4769 3739 4826 manufacta

2090 4861 2499 4920 conferebatur
2554 4857 2813 4916 evanuit.
2873 4858 3000 4916 Non
3062 4859 3190 4930 jam
3247 4857 3308 4917 in
3363 4858 3561 4931 aliquo
3627 4876 3738 4917 nu-

1546 5023 1590 5062 ⁸⁸
1610 5025 1774 5082 Rom.
1807 5041 1853 5098 ι,
1883 5024 1974 5097 22,
2005 5024 2096 5083 25.

2081 5208 2302 5290 quanto
2323 5205 2585 5290 postubi
2615 5202 2833 5288 legitur
2850 5204 2913 5290 in
2943 5205 3118 5290 edith
3143 5203 3278 5290 etin
3311 5202 3533 5290 aliquot
3553 5219 3737 5290 mss“

2083 5275 2208 5351 δεον
2237 5275 2397 5351 ἐστίν,
2420 5275 2743 5334 Ducseusin
2761 5276 2960 5333 codice
2987 5277 3047 5332 F.
3066 5277 3364 5348 Scriptum
3384 5275 3628 5351 invenit,
3671 5275 3730 5338 ὃς

2082 5347 2244 5404 ἔστιν·
2279 5347 2458 5422 quam
2490 5347 3381 5423 scripturamtuenturquoque
3411 5348 3571 5423 Regii
3602 5347 3727 5404 ter-

2083 5423 2206 5478 tius
2237 5420 2570 5496 etquartus
2593 5420 2749 5478 {nec
2781 5421 3028 5476 dubium
3053 5420 3497 5492 habemusquin
3528 5425 3732 5478 auctor

2087 5500 2168 5552 ita
2198 5500 2518 5565 scripserit.

2092 5637 2104 5641 Α
2159 5568 2273 5641 (36)
2303 5568 2476 5636 Editi,
2501 5562 2745 5641 μεγάλα.
2775 5568 2850 5641 At
2881 5562 3225 5641 nostri___sex
3249 5638 3257 5641 _
3281 5580 3427 5620 mss.
3468 5563 3732 5641 ’μετέωρα

2090 5637 2151 5694 in
2167 5633 2424 5709 quorum
2441 5633 2632 5694 tribus
2649 5636 2760 5692 hoc
2775 5639 2975 5709 tamen
3013 5633 3138 5689 vitii
3175 5638 3284 5706 est,
3330 5637 3488 5708 quod
3533 5633 3731 5709 inepte

2090 5703 2327 5789 πρότερα
2355 5712 2587 5784 legatur
2615 5724 2719 5782 pro
2748 5703 3034 5781 πρότερον.
