4130 6380
333 345 454 404 275

1281 340 1675 400 APPENDlX
1718 339 2047 403 OPERUM
2089 339 2156 400 S.
2201 340 2490 402 BASILII
2535 341 2810 402 MAGNI.

3638 337 3758 398 2'76

338 491 502 532 mero
532 476 834 546 ponuntur
863 471 1154 539 statuarii,
1188 475 1243 526 et
1263 486 1629 541 quacunque
1653 471 1982 542 antiquitus

2103 488 2203 537 ται,
2261 466 2387 524 οὐδὲ
2439 468 2537 524 ὅσα
2593 471 2657 540 ἧν
2706 467 2765 525 ἐκ
2793 467 3031 524 παλαιοῦ
3063 465 3466 542 θεραπευόμενα
3492 474 3594 537 τῆς
3633 487 3755 536 ισης

337 565 703 630 colebantur,
730 564 884 618 446
909 562 1157 631 nonjam
1181 559 1324 632 ipsis
1351 578 1456 631 par
1477 560 1743 614 studium
1771 561 1983 631 imper-

336 653 512 708 titur:
548 652 645 707 sed
669 651 727 705 in
773 651 1100 721 speluncas,
1125 665 1423 714 cavernas,
1455 653 1511 703 et
1543 649 1988 704 abstrusissix'na

336 740 468 797 loca
497 742 720 812 dejecta
750 743 908 794 sunt.
944 739 1076 802 Quae
1099 737 1256 792 enim
1288 741 1531 792 eatenus
1553 737 1906 792 delituerant
1928 738 1985 792 in

339 829 686 902 ignorantia—3
720 828 998 894 tenebris,
1032 845 1121 893 ea,
1145 826 1274 882 luce
1301 831 1522 896 exorta,
1573 827 1865 892 viderunt,
1915 826 1982 880 li-

338 936 522 992 gnum
555 918 824 974 videlicet
865 924 1142 988 tanquam
1176 915 1426 986 lignum,
1457 920 1512 971 et
1543 915 1796 988 lapidem
1823 922 1884 970 ut
1905 917 1986 970 la-

337 1008 553 1080 pidem.
588 1007 932 1079 Nequejam
965 1023 1034 1061 ex
1065 1006 1252 1060 forma
1275 1004 1436 1060 hisce
1460 1005 1636 1060 rebus
1660 1005 1984 1075 circumpo-

339 1097 455 1152 sita
485 1096 545 1151 in
578 1113 833 1152 errorem
867 1095 1257 1160 inducuntur,
1293 1094 1394 1147 sed
1427 1109 1494 1148 ex
1552 1092 1787 1164 propria
1832 1093 1988 1164 ipsa-

291 1175 298 1180 ’
335 1201 468 1242 rum
494 1190 710 1241 natura
742 1201 843 1240 eas
874 1187 1226 1256 agnoscunt.
1262 1183 1408 1237 Nam
1450 1181 1669 1237 Christi
1704 1183 1988 1236 adventus

340 1276 440 1348 qui
473 1275 748 1331 universo
763 1275 890 1328 Ol‘bl
923 1277 1013 1328 est
1036 1271 1334 1341 salutaris,
1363 1271 1852 1326 daamonibusfuit
1872 1277 1987 1326 ter-

340 1364 488 1433 rori;
530 1370 586 1419 et
627 1379 786 1418 nunc
845 1362 974 1417 loca
1033 1363 1172 1416 adeo
1233 1362 1540 1415 decantata
1588 1377 1691 1415 ceu
1747 1359 1986 1416 fallacia:

342 1453 610 1509 ofﬁcinas
641 1451 1101 1524 dereliquerunt.
1135 1455 1261 1505 Non
1312 1449 1564 1521 amplius
1596 1450 1838 1522 Delphi:
1873 1467 1987 1505 non

345 1541 602 1614 amplius
631 1541 905 1596 oracula:
939 1546 1108 1612 atque
1147 1539 1742 1611 conticescitquidem
1779 1540 1990 1595 mulier

342 1630 618 1686 fatidica:
642 1630 866 1686 bibitur
898 1646 1024 1684 vero
1059 1629 1188 1684 fons
1219 1627 1538 1696 Castalius;
1573 1633 1628 1684 et
1665 1634 1859 1684 tamen
1887 1630 1988 1700 qui

342 1719 799 1787 bibunt,fsanam
815 1719 1072 1774 retinent
1095 1723 1373 1782 mentem,
1393 1717 1542 1789 fugit
1561 1719 1986 1788 Amphiaraus;

341 1807 726 1880 Amphilocus
759 1823 1048 1877 nusquam
1073 1811 1337 1878 apparet,
1372 1806 1602 1862 abolitae
1623 1812 1849 1874 statuae,
1886 1809 1987 1864 sed

344 1901 401 1953 et
429 1896 755 1952 invisibiles
779 1900 1095 1968 potestates
1128 1913 1160 1950 a
1191 1896 1336 1951 facie
1385 1896 1614 1952 timoris
1670 1897 1903 1952 Domini
1937 1905 1993 1953 et

343 1985 591 2059 agloria
623 1985 935 2041 fortudinis
977 1986 1106 2056 ejus
1167 2002 1478 2040 recessere.
1536 1989 1615 2040 Ex
1672 2004 1788 2057 quo
1846 2003 1991 2043 crux

341 2075 701 2145 nominatur,
732 2076 933 2147 fugata
973 2075 1131 2130 idola
1154 2079 1311 2129 sunt.
1347 2075 1525 2130 Porro
1574 2075 1992 2146 phantasmata

342 2180 545 2220 eorum
575 2165 672 2237 qui
707 2165 1188 2234 mendaciis,tum
1220 2165 1291 2220 de
1321 2165 1460 2230 Deo,
1497 2169 1622 2219 tum
1655 2166 1725 2221 de
1760 2183 1820 2220 re
1853 2184 1994 2237 qua-

339 2253 432 2309 vis
463 2253 523 2308 in
557 2253 941 2325 quastionem
974 2254 1230 2309 adducta
1246 2253 1608 2325 excogitatis,
1635 2254 1804 2309 ﬁdem
1823 2256 1991 2310 adhi-

342 2343 486 2398 bent
515 2343 564 2399 si
595 2343 834 2399 cuilibet
864 2344 1305 2399 animzefuerint
1325 2342 1639 2415 insculpta,
1665 2345 1990 2401 suntetiam

347 2431 525 2487 idola.
566 2434 755 2504 Atque
786 2433 1049 2503 quandiu
1083 2432 1167 2487 vis
1224 2437 1282 2487 et
1339 2432 1673 2504 explanatio
1731 2434 1993 2490 veritatis

348 2537 465 2577 non
499 2520 884 2593 intelligetur,
917 2539 1026 2577 sua
1056 2522 1304 2594 quisque
1328 2522 1609 2592 ﬁgmenta
1661 2529 1991 2592 veneratur,

347 2623 416 2663 ac
447 2607 622 2663 colit:
656 2612 1039 2680 posteaquam
1061 2613 1256 2664 autem
1276 2608 1560 2664 celsitudo
1574 2613 1629 2664 et
1656 2611 1994 2682 praestantia

347 2697 477 2769 ejus
508 2697 609 2769 qui
641 2698 812 2770 plane
836 2715 1006 2754 verus
1039 2715 1104 2753 ac
1135 2715 1306 2754 verax
1362 2703 1452 2754 est
1510 2698 1788 2768 illuxerit,
1853 2705 1993 2757 tunc

347 2802 457 2842 sua
485 2787 705 2858 quique
737 2788 1011 2860 dogmata
1041 2787 1170 2843 ideo
1203 2788 1685 2859 condemnantes,
1711 2791 1861 2861 quod
1897 2808 1991 2846 eo-

346 2891 478 2930 rum
510 2875 707 2931 animo
748 2876 981 2931 fallaces
1034 2876 1258 2948 species
1306 2876 1548 2948 objecta:
1593 2883 1808 2947 essent,
1861 2880 1990 2950 jam

345 2963 636 3019 mendacii
669 2964 958 3037 imagines
990 2970 1183 3021 mente
1217 2972 1527 3038 conceptas
1586 2967 1778 3022 delere
1827 2969 1990 3023 festi-

342 3058 506 3126 nant,
539 3053 698 3126 ipsas
719 3055 898 3111 veluti
931 3055 989 3110 in
1013 3055 1310 3127 speluncis
1354 3060 1411 3112 et
1467 3057 1856 3113 foraminibus
1896 3075 1987 3114 re-

345 3143 685 3200 condentes.
719 3143 1087 3216 Quippejam
1121 3162 1189 3200 ex
1226 3147 1328 3201 hac
1360 3145 1489 3217 ipsa
1511 3145 1562 3199 vi
1614 3149 1671 3201 et
1725 3147 1986 3202 efficacia

2097 557 2440 635 ἐπιτυγχάνει
2500 558 2766 630 σπουδῆς,
2830 558 2954 614 ἀλλ’
3013 558 3064 613 ἐν
3124 555 3445 628 σπηλαίοις,
3499 557 3590 612 καὶ
3638 562 3757 618 ταῖς

2097 649 2278 715 ὁπαῖς,
2346 649 2434 703 καὶ
2505 656 2620 712 τοῖς
2697 648 3079 724 ἀφανεστάτοις
3153 646 3461 724 παρερῥίφη
3539 648 3753 710 τόποις.

2098 735 2252 793 Εἶδον
2311 737 2433 814 γὰρ,
2493 737 2588 792 τοῦ
2621 739 2798 813 φωτὸς
2826 737 3272 811 ἀναλάμψαντος,
3306 737 3374 790 τὰ
3431 736 3481 790 ἐν
3512 740 3590 808 τῷ
3623 735 3756 790 σκό-

2094 847 2174 880 τει
2229 834 2328 896 τῆς
2372 827 2588 902 ἀγνοίας
2637 828 2771 890 τὲως
2825 825 3273 896 διαλανθάνοντα,
3331 825 3393 880 τὸ
3449 825 3610 898 ξύλον
3680 825 3756 887 ὡς

2097 913 2277 985 ξύλον,
2333 915 2422 970 καὶ
2453 916 2544 970 τὸν
2599 914 2748 971 λίθον
2779 917 2853 980 ὡς
2883 914 3061 971 λίθον·
3094 914 3275 970 οὐκέτι
3307 912 3366 969 ἐκ
3394 918 3491 968 τοῦ
3518 933 3758 988 περικει-

2102 1003 2262 1076 μὲνου
2293 1008 2640 1080 χαρακτῆρος
2688 1005 2875 1067 αὑτοῖς
2933 1005 3306 1078 ἀπατώμενοι,
3365 1000 3493 1057 ἀλλ’
3543 1001 3602 1058 ἐκ
3657 1010 3763 1072 τῆς

2100 1093 2454 1170 ὑπαρχούσης
2532 1097 2740 1174 φύσεως
2814 1094 3282 1170 ὖπιγινώσκοντες.
3367 1088 3588 1168 Φοϐερὰ
3653 1093 3758 1167 γὰρ

2098 1180 2352 1256 δαίμοσιν
2383 1187 2416 1254 ἡ
2452 1188 2724 1261 σωτήριος
2744 1190 2824 1257 τῷ
2855 1185 3046 1258 κόσμῳ
3069 1185 3229 1240 παντὶ
3259 1186 3358 1238 τοῦ
3389 1183 3625 1257 Χριστοῦ
3647 1184 3762 1256 (37)

2098 1270 2382 1344 ἐπιδημία·
2433 1274 2523 1328 καὶ
2584 1273 3018 1329 κατα)ελοίπασι
3068 1273 3158 1327 νῦν
3209 1270 3337 1333 τοὺς
3389 1266 3761 1347 περιϐοήτους

2095 1361 2415 1431 τόπους,τὰ
2472 1371 2569 1433 τῆς
2629 1366 2840 1434 ἀπάτης
2867 1363 3223 1438 ἐργαστήρια.
3285 1360 3479 1418 Οὐκέτι
3533 1359 3758 1432 Δελφοὶ,

2099 1445 2278 1506 οὐκέτι
2333 1451 2399 1506 τὰ
2457 1454 2790 1528 χρηστήρια·
2863 1452 2952 1507 καί
2988 1455 3168 1521 σιωπᾷ
3233 1451 3326 1522 μὲν
3362 1451 3397 1519 ἡ
3432 1448 3759 1525 πρόμαντις,

2097 1539 2302 1595 πίνεται
2338 1538 2394 1596 δὲ
2444 1544 2478 1610 ἡ
2515 1540 2814 1612 Κασταλία,
2869 1541 2957 1595 καὶ
2992 1543 3365 1616 σωφρονοῦσιν
3399 1538 3451 1593 οἱ
3483 1539 3758 1599 πίνοντες·

2099 1629 2267 1706 φυγὰς
2324 1629 2352 1684 ὁ
2415 1631 2760 1704 ’Λμφιάραος
2795 1633 2927 1702 (38)·
2991 1631 3018 1683 ὁ
3081 1625 3432 1703 Ἀμφίλοχος
3493 1623 3762 1700 οὐδαμοῦ,

2095 1719 2186 1772 καὶ
2244 1719 2309 1772 τὰ
2364 1716 2714 1794 ἀφιδρύματα
2758 1718 3128 1794 ἐξηφάνισταεο
3190 1718 3278 1772 καὶ
3310 1717 3365 1771 αἱ
3398 1715 3618 1792 ἀόρατοι
3670 1713 3764 1770 δυ-

2097 1806 2288 1879 νάμεις
2359 1808 2849 1883 ὑποκεχωρῆκσσιν
2923 1808 3027 1862 ἀπὸ
3083 1807 3380 1881 προσώπου
3435 1809 3536 1860 τοῦ
3589 1799 3764 1882 φόϐου

2101 1895 2320 1969 Κυρίου,
2365 1895 2454 1950 καὶ
2507 1897 2610 1950 ἀπὸ
2641 1898 2738 1967 τῆς
2788 1893 2948 1966 δόξης
3007 1902 3109 1965 τῆς
3171 1894 3364 1970 ἰσχύος
3422 1893 3607 1950 αὐτοῦ.
3640 1893 3762 1972 Ἀφ’

2102 1985 2164 2039 οὗ
2221 1985 2546 2058 ὀνομάζεται
2620 1986 2647 2039 ὁ
2708 1986 2959 2057 σταυρὸς,
3020 1981 3354 2063 ἆφυγαδεύθη
3412 1983 3479 2038 τὰ
3531 1980 3759 2040 εἴδωλα.

2101 2071 2322 2129 Εἶδωλα
2380 2075 2568 2146 μέντοι
2628 2073 2735 2128 ἐστὶ
2792 2074 2978 2129 καὶτὰ
3035 2073 3230 2148 ἑκάστῃ
3263 2077 3330 2147 τῇ
3363 2075 3517 2146 ψυχῇ
3549 2071 3756 2128 ἐντετυ·

2101 2163 2326 2234 πωμένα
2356 2166 2467 2237 (39)
2528 2165 2889 2240 φαντάσματπ
2925 2168 3033 2217 τῶν
3091 2162 3158 2217 τὰ
3213 2159 3382 2236 ψευδῆ
3433 2157 3761 2234 ὑπολαμϐα-

2101 2253 2329 2321 νόντων,
2390 2254 2496 2309 εἷ’τε
2553 2255 2678 2330 περὶ
2736 2259 2890 2321 Θεοῦ,
2951 2251 3057 2308 εἷ’τε
3113 2255 3237 2329 περὶ
3297 2253 3616 2307 οὑτινοσοῦν
3649 2257 3761 2307 τῶν

2105 2345 2466 2417 ζητουμένων.
2507 2344 2603 2398 Καὶ
2663 2343 2787 2398 ὅσον
2841 2343 2935 2415 μὶν
2966 2345 3000 2412 ἡ
3036 2342 3273 2417 ἐνέργεια
3304 2342 3389 2396 καὶ
3424 2344 3458 2411 ἡ
3489 2348 3590 2411 τῆς
3620 2341 3757 2413 ἀλη-

2104 2432 2248 2496 Θείας
2307 2433 2606 2508 φανέρωσις
2639 2434 2702 2488 οὐ
2750 2439 2972 2499 νοεῖται,
3022 2432 3245 2494 ’ἕκαστος
3277 2430 3522 2507 περιέπει
3554 2431 3621 2485 τὰ
3650 2429 3755 2485 ἴδια

2103 2520 2516 2595 ἀναπλάσματα·
2573 2520 2702 2576 ἐπὰν
2765 2519 2820 2576 δὲ
2844 2521 2907 2575 τὸ
2954 2520 3087 2594 ὕψος
3141 2520 3229 2574 καὶ
3281 2521 3315 2589 ἠ
3378 2521 3626 2595 ὑπεροχὴ
3663 2523 3760 2574 τοῦ

2103 2605 2272 2671 ὅντως
2304 2614 2416 2684 (40)
2448 2607 2598 2672 ὄντος
2657 2608 2897 2680 ἀληθοῦς
2957 2610 3183 2687 ἐκφανῆ,
3225 2608 3348 2663 τότὲ
3397 2605 3623 2670 ἵκαστος
3654 2612 3762 2663 τῶν

2104 2696 2252 2754 ἰδίων
2311 2699 2599 2774 δογμάτων
2659 2700 3032 2774 κατεγνωκὼς,
3083 2699 3156 2760 ὡς
3213 2695 3428 2771 ψευδῶς
3460 2699 3626 2752 αὐτοῦ
3656 2704 3758 2766 τῆς

2101 2792 2287 2864 ψυχῆς
2317 2790 2797 2866 φαντασιονμὲνης,
2860 2787 3165 2866 ἐξαφανίσαι
3226 2785 3517 2856 σπουδάζει
3565 2786 3632 2842 τὰ
3659 2791 3758 2842 τοῦ

2101 2875 2329 2952 ψεύδους
2361 2881 2630 2951 νοήματα,
2663 2877 2825 2932 οἱονεὶ
2859 2876 3151 2946 σπηλαίοις
3175 2876 3262 2931 καὶ
3291 2875 3566 2952 τρώγλαις
3600 2875 3756 2950 ἐγκα-

2097 2967 2373 3042 τακρύψας
2426 2967 2560 3022 αὐτά
2617 2971 2750 3040 (41)·
2811 2969 2952 3031 ὁρῶν
3001 2964 3196 3020 λοιπὸν
3239 2962 3300 3020 ἐκ
3327 2972 3424 3035 τῆς
3485 2964 3754 3040 ἐνεργείας

2097 3057 2269 3125 αὐτῆς
2299 3057 2364 3111 τὰ
2395 3051 2600 3134 φοϐερά
2630 3054 2726 3110 τοῦ
2766 3060 2920 3126 Θεοῦ,
2979 3055 3068 3110 καὶ
3125 3053 3229 3123 ὅτι,
3287 3053 3371 3108 ἐπὶ
3427 3058 3508 3125 τῷ
3557 3051 3746 3135 ἐξαφα-

2096 3147 2236 3201 νίσαι
2291 3146 2358 3200 τὰ
2419 3145 2581 3201 ὑλικά
2638 3147 2832 3218 πάντα,
2865 3144 2954 3200 καί
3013 3144 3180 3200 οἱονεὶ
3211 3147 3430 3218 θραῦσαι
3463 3145 3531 3199 τὰ
3560 3145 3744 3217 γήινα,

339 3231 541 3288 vident
565 3233 886 3290 terribilem
952 3234 1050 3290 Dei
1083 3239 1140 3289 et
1165 3235 1236 3289 ad
1271 3234 1588 3290 abolendae
1623 3241 1862 3293 cunctas
1893 3255 1985 3293 res

2103 3237 2185 3290 ἱνα
2240 3236 2309 3290 τὰ
2359 3237 2698 3308 πνευματικά
2773 3239 3078 3312 φανερωθῇ,
3133 3234 3221 3289 καὶ
3291 3231 3372 3288 δεῖ
3417 3233 3516 3301 τήν
3577 3230 3754 3286 εἰκόνα

347 3338 678 3392 corporeae,
698 3325 756 3378 et
785 3322 960 3378 veluti
996 3324 1068 3378 ad
1093 3325 1693 3380 conterendaterrena
1721 3325 1992 3383 virtutem

350 3426 418 3466 ac
451 3410 891 3481 fortitudinem;
915 3414 1071 3484 quod
1105 3414 1245 3469 fitut
1288 3413 1578 3485 spiritalia
1616 3416 1994 3472 manifesten-

350 3503 472 3555 tur.
505 3501 654 3566 Quin
687 3505 744 3556 et
781 3506 1009 3574 oportet
1039 3503 1226 3574 ipsam
1268 3503 1398 3574 ejus
1431 3504 1527 3574 qui
1551 3505 1846 3560 terrestris
1907 3509 1996 3561 est

345 3588 665 3661 imaginem
689 3589 892 3661 deleri,
929 3595 993 3646 ut
1023 3591 1217 3664 imago
1247 3593 1375 3663 ejus
1433 3592 1534 3664 qui
1593 3593 1846 3650 caelestis
1906 3601 1996 3650 est

347 3676 658 3734 videndam
697 3696 759 3735 se
793 3681 1065 3752 praebeat.
1103 3681 1503 3753 Itaquefalsas
1534 3682 1605 3737 de
1635 3683 1750 3738 Deo
1773 3683 1996 3756 opinio-

344 3782 449 3822 nes
467 3768 568 3840 qui
586 3768 1160 3840 habent,spiritalem
1185 3772 1503 3842 quamdam
1528 3772 1583 3826 in
1609 3789 1671 3827 se
1701 3772 1846 3844 ipsis
1875 3773 1993 3828 ido-

339 3853 633 3913 lolatriam
672 3858 1201 3926 exsuscitantes,ea
1224 3877 1352 3931 quae
1374 3877 1487 3915 non
1522 3865 1682 3927 sunt,
1707 3866 1990 3934 tanquam

341 3944 392 4000 si
425 3952 644 4012 essent,
670 3947 996 4003 animosibi
1021 3949 1280 4020 tingunt;
1301 3955 1474 4020 atque
1489 3950 1677 4021 seipsi
1707 3951 1992 4008 obnoxios

2103 3330 2198 3380 τοῦ
2258 3329 2455 3401 χοϊκοῦ
2502 3324 2935 3402 ἐξαφανισθῆναι,
2971 3323 3054 3377 i'va
3085 3325 3118 3392 ἡ
3150 3325 3246 3377 τοῦ
3277 3319 3601 3397 ἐπουρανίου
3633 3321 3758 3374 ἀνα-

2103 3418 2265 3493 φανῇ.
2319 3416 2475 3468 Ὥστε
2529 3415 2618 3468 καὶ
2670 3414 2720 3468 οἱ
2791 3411 3004 3486 ψευδεῖς
3076 3412 3199 3484 περὶ
3252 3415 3385 3466 Θεοῦ
3453 3407 3759 3483 ὑπολήψεις

2105 3500 2354 3579 ἕχονοες,
2385 3503 2508 3556 τινὰ
2536 3503 2738 3572 νοητὴν
2779 3500 3236 3578 εἶ’δῶλολατρείαν
3271 3497 3758 3561 εἱδωλοποιοῦντες

2106 3591 2156 3646 ἐν
2189 3593 2425 3661 ἓαυτοῖς,
2470 3591 2538 3646 τὰ
2591 3591 2665 3663 μὴ
2717 3587 2843 3646 ὄντα
2874 3591 2946 3652 ὡς
2977 3587 3105 3645 ὄντα
3134 3585 3347 3666 ἔχουσιί
3381 3589 3468 3643 καὶ
3507 3585 3759 3643 ὑπόδικοι

2106 3681 2258 3737 οῦτοι
2313 3681 2552 3758 γίνονται
2617 3685 2730 3755 (42)
2769 3685 2838 3757 τῇ
2879 3681 3083 3756 κατάρᾳ
3109 3685 3178 3755 τῇ
3213 3679 3470 3756 λεγούσῃ·
3506 3681 3756 3737 Ἐπικατ-

2105 3774 2298 3848 άρατος
2383 3777 2486 3833 πᾶς
2560 3772 2845 3848 ἄνθρωπος
2920 3772 2978 3834 ὃς
3069 3773 3291 3842 ποιήσει
3361 3769 3599 3846 γλυπτὸν
3668 3768 3758 3822 καὶ

2102 3862 2398 3936 χωνευτὸν,
2445 3859 2725 3936 βδέλυγμα
2757 3861 2962 3935 Κυρίῳ,
3014 3858 3167 3935 ἔργον
3220 3863 3420 3934 χειρῶν
3480 3856 3756 3934 τεχνίτου,

2099 3952 2187 4006 καὶ
2213 3953 2364 4022 Θήσει
2396 3950 2560 4005 αὑτοῦ
2593 3951 2644 4005 ὲν
2678 3950 2999 4028 ἀποκρύφῳ.

345 4034 602 4090 reddunt
630 4035 1053 4104 maledictioni,
1087 4055 1215 4109 qua:
1247 4039 1409 4106 dicit,
1454 4039 1781 4096 Maledicta:
1847 4047 2024 4098 omnis
2057 4043 2216 4100 homo
2249 4045 2346 4114 qui
2400 4045 2568 4114 faciet
2624 4043 2882 4110 sculptile
2936 4050 2988 4097 et
3042 4041 3232 4112 fusile,
3287 4040 3756 4098 abominationem

343 4124 597 4195 Domino,
629 4143 763 4198 Opus
791 4144 1059 4184 manuum
1083 4129 1338 4199 artiﬁcis,
1370 4133 1422 4184 et
1448 4132 1612 4200 ponet
1642 4131 1783 4186 illud
1814 4133 1875 4186 in
1906 4133 2111 4190 occulto
2128 4134 2191 4188 ⁵⁷.

411 4214 502 4268 97.
537 4218 706 4271 Vens.
741 4217 834 4287 20,
865 4217 955 4273 2i.
988 4218 1088 4273 Die
1117 4220 1264 4272 enim
1317 4219 1416 4273 illa
1443 4220 1628 4279 eiiciat
1656 4220 1813 4276 homo
1863 4221 1990 4277 abo-

337 4304 672 4362 minationes
699 4323 830 4362 suas
860 4315 1149 4378 argenteas
1181 4310 1230 4361 et
1275 4323 1490 4377 ain'eas,
1550 4325 1686 4379 quas
1741 4311 1986 4379 fecerunt

337 4393 408 4447 ad
437 4394 782 4451 adorandum
807 4413 974 4464 vana,
1007 4400 1059 4452 et
1091 4397 1530 4467 vespertiliones:
1563 4399 1638 4453 ad
1660 4399 1986 4455 intrandum

334 4480 398 4534 in
427 4497 689 4540 cavernas
718 4484 898 4554 ﬁrmae
939 4489 1138 4554 petrae,
1171 4488 1221 4540 et
1253 4487 1311 4540 in
1333 4487 1606 4541 scissuras
1624 4495 1928 4558 petrarum,
1953 4507 1987 4544 a

333 4572 481 4640 facie
537 4575 752 4629 timoris
804 4575 1045 4644 Domini,
1107 4591 1138 4629 a
1207 4574 1388 4644 gloria
1443 4575 1793 4645 fortitudinis
1843 4578 1983 4648 ejus,

335 4673 463 4716 cum
516 4665 827 4720 surrexerit
880 4665 961 4721 ad
1014 4663 1398 4721 conterendam
1457 4670 1691 4722 terram.
1730 4667 1988 4723 Recondi
2018 4652 2066 4717 D

405 4844 470 4905 ⁵⁷.
499 4845 669 4905 Deut.
696 4863 881 4916 xxvn,
913 4847 1001 4903 15.

375 5026 689 5151 ιέῗηΑΙιὶἰ
728 5045 875 5085 mss.
935 5045 1070 5086 cum
1128 5029 1324 5102 editis,
1381 5029 1638 5105 Χριστοῦ,
1699 5032 1820 5099 alii,
1880 5033 1986 5089 Κυ-

337 5113 522 5295 ριῗέέ)
559 5171 813 5243 Uterque
845 5171 1003 5228 Colb.
1038 5176 1095 5228 et
1119 5173 1259 5246 Reg.
1280 5174 1596 5241 secundus,
1623 5173 1985 5249 Ἀμφιάραος.

337 5237 401 5295 Α]
434 5242 471 5295 il
503 5248 621 5295 tres
655 5262 822 5295 mss..
858 5244 1222 5295 Ἀιιωιάοεως·
1259 5247 1413 5295 mind
1450 5247 1598 5295 idem
1627 5265 1754 5295 esse
1815 5265 1985 5295 nemo

335 5237 471 5296 Allii
503 5237 621 5320 tres
655 5237 824 5320 mss,
858 5237 1237 5320 ’ᾼμφιάρεωςτ
1259 5247 1413 5320 quod
1450 5237 1598 5300 idem
1627 5237 1754 5303 esse
1815 5237 1985 5320 nemo

337 5330 450 5368 non
486 5315 641 5370 videt
667 5341 679 5381 ;
704 5315 948 5389 perinde
981 5315 1045 5372 ac
1067 5315 1114 5373 si
1149 5315 1530 5389 quis‘diceret
1563 5321 1794 5386 usitate,
1830 5317 1982 5382 λαός.

332 5389 670 5466 ἂυὺκέέίνίὲίθθ,
704 5387 865 5448 λεώς.
900 5390 1081 5466 Editi,
1110 5387 1422 5466 ᾼμφιάρεω.

385 5459 526 5581 ἑ(39)
560 5465 647 5516 Ita
670 5478 770 5518 sex
803 5478 946 5517 mss.
983 5463 1135 5518 Editi
1157 5459 1309 5519 vero
1332 5462 1712 5536 simpliciter,
1738 5483 1984 5517 τετυπω-

409 5550 494 5581 να.

340 5547 494 5600 μενα.

2168 4223 2258 4276 97.
2312 4223 2388 4294 Τῇ
2447 4220 2550 4295 γὰρ
2600 4220 2783 4293 ἠμὲρᾳ
2839 4216 3016 4292 ἐκείνῃ
3076 4212 3299 4272 ἐκϐαλεῖ
3356 4213 3640 4290 ἄνθρωπος
3689 4217 3760 4270 τὰ

2102 4306 2449 4383 βδελύγματα
2524 4308 2694 4362 αὐτοῦ
2757 4307 2825 4361 τὰ
2899 4306 3109 4382 ἀργυρᾶ
3182 4305 3273 4361 καὶ
3347 4305 3414 4360 τὰ
3469 4309 3669 4381 χρυσᾶ,
3722 4303 3756 4358 ἃ

2098 4397 2358 4467 ἐποίησαν
2415 4401 2736 4471 προσκυνεῖν
2802 4415 2919 4457 τοις
2991 4395 3279 4468 ματαίοις,
3339 4393 3429 4448 καὶ
3484 4398 3607 4455 ταῖς
3665 4413 3754 4447 νυ-

2094 4487 2296 4562 κτερίσι
2331 4505 2346 4520 ο
2403 4489 2499 4540 τοῦ
2557 4484 2818 4541 εἰσελθεῖν
2890 4483 2966 4546 είς
3021 4485 3117 4548 τὰς
3171 4481 3428 4559 τρώγλας
3483 4489 3583 4552 τῆς
3636 4502 3755 4537 στε-

2096 4581 2219 4652 ρεᾶς
2302 4575 2520 4650 πέτρας,
2586 4574 2674 4630 καὶ
2752 4572 2828 4638 εἷς
2894 4575 2989 4636 τὰς
3050 4573 3291 4649 σχισμὰς
3351 4577 3459 4628 τῶν
3514 4576 3752 4647 πετρῶν,

2096 4665 2202 4722 ἀπὸ
2258 4666 2556 4740 προσώπου
2611 4668 2708 4720 τοῦ
2761 4657 2933 4742 φόϐου
2992 4663 3236 4739 Κυρίου,
3293 4664 3383 4718 καὶ
3465 4661 3570 4718 ἀπὸ
3645 4667 3746 4731 τῆς

2101 5025 2212 5092 δος.
2245 5035 2317 5090 At
2346 5031 2610 5104 quinque
2639 5045 2808 5101 mss.,
2839 5026 3072 5104 ψευδῶς.

2169 5105 2282 5176 (41)
2317 5096 2484 5160 Editi.
2515 5096 2731 5176 αὐτοῖς,
2749 5096 2915 5176 gravi
2941 5101 3172 5176 mendo.
3191 5103 3267 5154 At
3285 5096 3549 5176 quinque
3574 5109 3750 5176 mss,

2098 5165 2602 5245 aeidfemendate.
2619 5165 2802 5246 Paule
2823 5183 2955 5246 post
2972 5175 3236 5246 quinque
3272 5165 3754 5241 ώεε.,’ἐνεργείας

2094 5243 2283 5315 αὐτῆς.
2330 5249 2502 5315 Editi,
2533 5243 2754 5314 ταύτης.

2165 5309 2278 5391 (42)
2320 5321 2439 5376 Vox
2459 5309 2702 5392 γίνονται
2733 5317 2789 5371 in
2825 5316 3044 5392 nostris
3078 5333 3181 5392 se;
3241 5331 3384 5392 mss.
3447 5309 3749 5392 desidera-

2091 5381 2226 5448 tur:
2263 5381 2588 5462 quorumin
2613 5391 2802 5445 tribus
2835 5406 2937 5460 pro
2970 5387 3380 5462 o'Szorlegitur,
3415 5381 3589 5462 αὐτοί.
3619 5386 3749 5435 Sta-

2091 5466 2196 5518 tim
2240 5456 2378 5519 editi
2437 5471 2494 5520 et
2548 5469 2665 5519 tres
2725 5456 2894 5532 mss.,
2957 5464 3061 5520 πᾶς
3112 5456 3414 5531 ἄνθρωπος·
3475 5456 3574 5512 sed
3635 5470 3746 5532 vo;

2088 5537 2249 5606 prior
2272 5538 2332 5593 in
2363 5536 2496 5595 aliis
2525 5537 2713 5592 tribus
2733 5526 3017 5592 mssfnon
3038 5526 3354 5601 invenitur,
3379 5545 3565 5600 neque
3581 5526 3739 5598 apud

400 5603 617 5678 Molita
647 5611 902 5678 quatuor
931 5622 1074 5662 mss.
1110 5606 1319 5664 Praeter
1378 5625 1560 5664 unum
1617 5607 1980 5665 Conbeﬁsia-
2087 5603 2249 5666 LXX.

335 5687 500 5731 num.
534 5675 850 5742 νοίόντως
883 5678 943 5736 in
973 5678 1168 5753 editis,
1191 5681 1406 5739 deerat.
1437 5681 1647 5740 Statim
1665 5679 1828 5751 editi,
1847 5681 1978 5754 ψεῦ-
