4130 6382
364 319 483 378 277

363 447 524 519 δόξης
589 454 691 518 τῆς
778 445 971 523 ἰσχύος

359 539 460 606 τὴν
522 541 648 612 γῆν.
712 538 798 592 Ἐν
848 542 965 597 τοῖς
1023 533 1247 590 κατόπιν
1309 532 1493 608 λόγοις
1545 532 2012 609 κατακρύπτεσθαι

363 625 583 702 ἐλέγετο
614 627 684 680 τὰ
732 622 957 693 εἷ’δωλα,
990 629 1080 678 νῦν
1140 622 1196 678 δὲ
1238 618 1618 677 ἐκϐάλλεσθαι·
1663 619 1802 676 διότι
1861 619 2013 676 ἐπαι-

362 718 664 793 σχυνθῆναι
698 715 963 790 πρότερον
1006 710 1085 767 δεῖ
1127 717 1207 784 τῷ
1255 709 1438 784 ψεύδει
1483 712 1614 783 (43),
1649 710 1760 764 εἶτα
1810 705 2009 765 ἐκϐάλ-

1196 313 1608 375 COMMENT.
1653 313 1734 374 IN
1776 311 2048 374 ISAIAM
2094 311 2604 374 PROPHETAM.
2651 314 2819 376 CAP.
2868 312 2945 373 II.

1055 444 1254 512 αὐτοῦ,
1311 445 1436 499 ὅταν
1509 445 1711 515 ἀναστῇ
1787 445 1989 518 θραῦσα

2126 442 2283 498 idola
2312 445 2615 501 indicabat
2649 445 2916 518 superior
2945 445 3258 510 sententia,
3319 461 3476 500 nunc
3521 460 3656 499 vero
3713 459 3782 498 ea

3669 310 3788 372 278

2128 532 2258 604 ejici
2301 535 2598 590 dicuntur.
2633 536 2778 590 Nam
2841 535 3004 606 prius
3037 539 3266 606 oportet
3294 534 3367 589 ob
3400 533 3774 588 mendacium

2127 623 2348 694 pudore
2373 625 2768 690 afﬁci,deinde
2801 626 2857 679 id
2882 643 2950 680 ex
2969 626 3142 680 corde
3171 624 3398 694 ejicere.
3429 624 3627 692 [taque
3669 620 3770 693 qui

2123 731 2226 770 eos
2249 732 2554 772 sermones
2587 717 2876 786 eliminat,
2911 717 3012 788 qui
3047 716 3206 771 omni
3238 713 3774 770 verisimilitudinis

359 804 474 860 λειν
506 805 639 860 αὐτὸ
671 802 731 858 ἐκ
758 811 858 873 τῆς
901 799 1148 876 καρδίας,
1182 795 1474 856 Ἐκϐάλλει
1535 799 1625 854 οὖν
1683 801 1750 854 τὰ
1806 797 1992 854 ε’ίδωλε

2120 820 2331 875 genere
2363 807 2732 861 mendacium
2769 806 3182 878 fallaciamque
3215 804 3667 869 concinnabant,
3720 802 3772 857 is

355 895 424 950 τὰ
448 895 652 972 ἀργυρᾶ
679 895 706 948 6
737 891 868 953 τοὺς
917 890 968 946 ἰν
1019 892 1165 966 πάσῃ
1207 890 1530 959 πιθανότητι
1580 889 2006 958 κατασκευάζον-

355 1005 451 1048 τας
506 984 568 1039 τὸ
626 979 823 1058 ψεῦδος
871 979 1069 1056 λόγους
1114 983 1220 1034 τῶν
1282 983 1536 1056 κρυπτῶν
1588 979 1779 1033 ἑαυτοῦ
1833 977 2004 1050 ἐξορί-

361 1077 486 1143 ζων·
519 1074 608 1128 καὶ
655 1072 720 1127 τὰ
758 1075 958 1147 χρυσᾶ,
993 1071 1020 1124 6
1061 1067 1188 1130 τοὺς
1240 1067 1292 1122 ἐν
1336 1072 1406 1141 τῇ
1459 1065 1670 1138 διανοίᾳ
1725 1068 1850 1142 περὶ
1904 1070 2002 1121 τοῦ

356 1159 585 1236 ψεύδους
632 1160 1015 1237 ἰγγινομένους
1065 1161 1180 1232 (44)
1225 1157 1427 1218 τύπους
1479 1156 1821 1234 ἐξαφανίζων.
1864 1159 1998 1218 Ταῖς

357 1249 413 1306 δὶ
443 1249 711 1328 νυκτερίσι
743 1254 1038 1326 προσκυνεῖ
1087 1249 1114 1302 6
1156 1248 1254 1315 τὴν
1298 1252 1405 1302 τῶν
1451 1244 1724 1320 δαιμόνων
1769 1243 1996 1318 δύναμιν

351 1347 578 1416 συγγενῆ
615 1339 773 1395 οὖσαν
806 1343 884 1410 τῷ
935 1333 1113 1392 σκότει
1154 1341 1442 1401 θεοποιῶν.
1477 1337 1538 1392 Ἡ
1595 1335 1694 1411 γὰρ
1752 1335 1996 1407 νυκτερὶς

349 1429 487 1497 ζῶόν
522 1428 632 1484 ἐστι
662 1427 814 1483 νυκτὶ
846 1426 1008 1506 φίλον
1037 1427 1126 1481 καὶ
1161 1425 1338 1480 σκότει
1370 1421 1988 1499 ἐνδιαιτώμενον,αὐγήν

343 1515 515 1587 ἡλίου
569 1518 645 1592 μὴ
697 1516 885 1592 φέρον,
919 1515 969 1571 ἰν
1013 1515 1266 1592 ὶρημίαις
1322 1513 1700 1592 φιλοχωροῦν.
1730 1513 1789 1568 Τί
1837 1511 1894 1568 δὲ
1939 1514 1991 1568 οἱ

345 1603 642 1680 δαίμονες;
677 1605 754 1664 Οὐ
783 1610 1022 1661 τοιοῦτοι
1049 1625 1062 1675 ;
1095 1603 1446 1681 ἐρημοποιοὶ,
1477 1604 1541 1658 τὸ
1585 1607 1699 1678 φῶς
1746 1602 1986 1678 ἀποφεύ-

342 1715 530 1770 γοντες
569 1696 631 1750 τὸ
678 1694 964 1764 ἀληθινὸν,
1007 1694 1070 1749 τὸ
1112 1699 1208 1749 τοῦ
1258 1694 1466 1766 κόσμου
1514 1693 1750 1761 παντός;
1791 1693 1855 1749 Ἡ
1903 1714 1988 1747 νυ-

338 1785 518 1859 κτερὶς
575 1782 664 1839 καί
715 1784 918 1856 πτηνόν
978 1783 1110 1853 ἐστι,
1168 1783 1256 1837 καὶ
1321 1782 1421 1836 οὐκ
1478 1781 1798 1858 ὶπτὲρωται,
1858 1781 1983 1836 ἀλλ’

342 1873 497 1946 ὖμὲνι
549 1873 785 1950 σαρκίνῳ
835 1871 1147 1929 διαπέταται
1189 1873 1280 1927 τὸν
1328 1873 1751 1946 ἆέρα.Τοιοῦτοι
1794 1871 1882 1924 καὶ
1933 1871 1986 1924 οἱ

342 1959 616 2037 δαίμονες,
650 1964 934 2037 ἀσώματοι
997 1963 1088 2035 μὲν
1143 1964 1254 2035 (45)
1300 1961 1451 2029 εἰσιν,
1504 1959 1603 2014 οὐκ
1659 1959 1986 2034 ἐπτέρωνται

341 2049 398 2106 δὲ
452 2056 533 2123 τῷ
591 2051 720 2123 θείῳ
771 2051 948 2123 πόθῳ,
983 2049 1108 2106 ἀλλ’
1148 2050 1311 2105 οἱονεὶ
1361 2050 1837 2122 ἀπεσαρκωθησαν,
1868 2054 1987 2113 ταῖς

337 2145 449 2196 τῶν
512 2139 716 2196 ὑλικῶν
777 2140 1089 2214 ἐπιθυμίαις
1143 2139 1592 2214 προστετηκότες.
1624 2140 1686 2195 Ἡ
1739 2139 1984 2215 νυκτερὶς

341 2230 430 2285 καὶ
462 2230 666 2300 πτηνόν
705 2230 814 2285 ἐστι
845 2229 934 2284 καὶ
963 2232 1288 2304 τετράπορν,
1319 2227 1446 2284 ἀλλ’
1477 2226 1600 2284 οὕτε
1653 2233 1775 2294 τοῖς
1825 2228 1983 2284 ποσὶν

342 2319 600 2398 ἀσφαλῶς
631 2319 966 2394 ἐστήρικται,
999 2316 1122 2374 οὔτε
1147 2321 1248 2389 τήν
1306 2322 1502 2384 πτῆσιν
1567 2314 1785 2395 βεϐαίαν
1844 2312 1982 2394 ἔχει.

341 2414 596 2464 Γοιοῦτοι
625 2406 682 2464 δὲ
711 2411 798 2464 καὶ
842 2410 893 2464 οἱ
925 2405 1200 2483 δαίμονες,
1223 2405 1346 2463 οὕτε
1391 2406 1618 2482 ἄγγελοί
1675 2406 1832 2478 εἶσιν,
1863 2404 1988 2462 οὕτε

341 2497 636 2573 ἅνθρωποι·
669 2503 780 2554 τῶν
817 2499 909 2572 μὶν
937 2499 1036 2567 τὴν
1071 2498 1214 2568 ἀξίαν
1243 2494 1627 2569 ἀπολέσαντες,
1659 2501 1763 2551 τῶν
1798 2494 1855 2551 δὶ
1883 2497 1984 2566 τὴν

342 2587 500 2663 φύσιν
533 2588 610 2661 μὴ
643 2585 860 2663 ἔχοντες
887 2590 1015 2658 (46).
1049 2587 1154 2642 Καὶ
1185 2583 1407 2647 ὀδόντας
1443 2584 1684 2661 ἔχουσιν,
1717 2585 1849 2660 ὅπερ
1889 2585 1990 2641 οὐκ

335 2672 558 2753 ἔχουσιν
591 2674 823 2753 ὄρνιθεςο
849 2675 1130 2750 ἀμυντικοὶ
1164 2673 1222 2730 δὲ
1249 2675 1339 2730 καὶ
1371 2677 1422 2730 οἱ
1455 2673 1732 2748 δαίμονες,
1759 2674 1890 2752 ὅπερ
1923 2675 1984 2730 οὐ

334 2772 583 2828 ποιοῦσιν
612 2765 856 2844 ἄγγελοι.
882 2765 1057 2824 Ἀλλὰ
1103 2765 1188 2822 καὶ
1222 2766 1322 2822 οὐκ
1347 2765 1675 2822 ὠοτοκοῦσιν
1709 2767 1890 2840 ὥσπερ
1933 2767 1986 2821 οἱ

339 2851 569 2932 ὄρνιθες,
602 2856 730 2912 ἀλλ’
761 2856 917 2921 εὐθὺς
948 2861 1057 2926 ζῶα
1084 2856 1350 2912 τίκτουσι.
1385 2858 1641 2913 Τοιοῦτοι
1697 2853 1753 2910 δὲ
1791 2857 1879 2911 καὶ
1933 2856 1984 2910 οἱ

343 2943 622 3020 δαίμονες,
655 2946 809 3009 εὐθὺς
840 2947 930 3002 καὶ
971 2945 1062 3000 σὺν
1105 2943 1305 3018 πολλῷ
1348 2950 1428 3017 τῷ
1473 2945 1631 3021 τάχει
1672 2943 1985 3020 τελεσιουρ-

341 3041 562 3112 γοῦντες
589 3038 688 3106 τὴν
719 3035 1010 3110 πονηρίαν.
1039 3038 1199 3090 Ὥστε
1247 3037 1300 3089 οἱ
1350 3032 1572 3106 δαίμοσι
1613 3039 1986 3110 προσκυνοῦν-

333 3143 444 3196 τες,
476 3125 744 3200 νυκτερίσι
796 3128 1075 3198 τροπικῶς
1131 3123 1372 3197 εἷ’ρηνται
1428 3128 1769 3197 προσκυνεῖν.
1827 3125 1986 3176 Ὅταν

337 3208 395 3266 δὲ
432 3191 533 3274 ⁷τις
585 3191 854 3282 ἀποθῆται
904 3214 1004 3282 τὴν
1067 3191 1406 3285 ματαιότητα
1455 3191 1562 3266 τῶν
1598 3210 1867 3280 εἰδώλων,
1895 3211 1984 3266 καὶ
2016 3191 2060 3260 C

336 3299 616 3372 παύσηται
663 3306 983 3378 προσκονεῖν
1041 3306 1161 3363 ταῖς
1218 3297 1510 3373 νυκτερίσι,
1564 3301 1687 3355 τότε
1766 3302 1987 3370 ζητήσει

341 3387 602 3445 εἰσελθεῖν
655 3391 732 3453 εἷς
777 3391 873 3453 τὰς
901 3389 1154 3465 τρώγλας
1210 3396 1310 3459 τῆς
1365 3395 1578 3466 στερεᾶς
1631 3388 1851 3464 πέτρας,
1897 3389 1989 3444 καὶ

339 3477 421 3542 ιῒς
450 3479 546 3543 τὰς
590 3481 831 3554 σχισμὰς
863 3485 972 3534 τῶν
1018 3484 1253 3556 πετρῶν.
1287 3481 1480 3554 Οἶμαι,
1513 3478 1598 3535 ὅτι
1636 3479 1881 3554 τρῶγλαι
1936 3479 1990 3533 αἱ

341 3565 552 3624 πολλαὶ
591 3568 774 3642 μοναὶ,
803 3568 859 3623 αἳ
890 3567 1024 3624 κατᾶ
1049 3569 1148 3638 τὴν
1180 3567 1471 3646 ἀναλογίαν
1503 3575 1601 3638 τῆς
1639 3567 1717 3630 εἷς
1764 3568 1992 3640 Χριστὸν

340 3656 578 3720 πίστεως
636 3658 846 3731 ἑκάστῳ
905 3655 1222 3736 διῄρηνται·
1284 3657 1374 3712 καὶ
1432 3657 1664 3734 σχισμαὶ
1723 3660 1835 3731 (47)
1893 3678 1988 3712 πε-

339 3751 504 3822 τρῶν,
535 3747 598 3801 τὸ
646 3747 818 3809 πάθος
873 3747 984 3802 ἐστὶ
1036 3751 1133 3802 τοῦ
1189 3746 1444 3822 σώματος
1496 3746 1758 3819 αὐτοῦ·”ᾧ
1800 3747 1851 3802 οἱ
1884 3767 1990 3802 σω-

344 3835 565 3909 ζόμενοι
618 3841 946 3914 προσφυγεῖν
1003 3836 1096 3892 καὶ
1153 3836 1658 3915 ἰγκατακρυφθῆναι
1705 3835 1868 3892 αὗτοῦ
1917 3839 1987 3910 τῇ

342 3926 514 4000 σκέπῃ
543 3922 824 4001 εὔχονται.

415 4195 506 4250 98.
540 4192 820 4250 Παύσασθε
865 4193 971 4250 ἀπὸ
1020 4194 1397 4273 ἀνθρώπου,ᾧ
1456 4196 1697 4266 ἀναπνοὴ
1760 4195 1811 4250 ἐν
1880 4197 1991 4269 (48)

349 4289 588 4358 μυκτῆρι
641 4283 826 4339 αὑτοῦ·
883 4283 966 4340 ὅτι
1023 4284 1074 4339 ἐν
1129 4284 1234 4340 τίνι
1291 4282 1549 4362 ἐλογίσθη
1609 4286 1851 4355 αὐτοῖς;
1903 4286 1989 4342 Ἐν

343 4378 462 4435 τοῖς
495 4373 848 4452 ἀντιγράφοις
877 4377 979 4439 τῆς
1009 4382 1193 4445 κοινῆς
1224 4371 1485 4438 ἰκδόσεως
1525 4375 1588 4431 οὐ
1639 4382 1813 4431 κεῖται
1866 4379 1994 4431 τοῦ-

343 4482 427 4534 το,
460 4460 588 4518 ἀλλ’
631 4462 682 4517 ἐν
733 4467 812 4534 τῷ
857 4459 1136 4538 Ἑϐραϊκῷ
1191 4462 1464 4537 κείμενον,
1515 4464 1574 4521 ἰκ
1616 4470 1723 4522 τῶν
1780 4463 1990 4521 λοιπῶν

2118 911 2186 949 ex
2219 895 2468 951 occultis
2500 895 2627 952 suis
2659 895 3061 968 penetralibus
3092 895 3249 950 idola
3270 898 3543 967 argentea
3573 892 3764 963 ejicit:

2117 989 2175 1038 at
2205 1002 2337 1040 vero
2371 984 2604 1057 ablegat
2645 1003 2839 1052 aurea,
2866 985 2964 1057 qui
3001 985 3223 1057 species
3256 982 3544 1039 mendacii
3565 980 3764 1036 animo

2113 1071 2458 1128 informatas
2489 1074 2660 1128 delet.
2697 1075 2908 1128 Aderat
2932 1078 3128 1129 autem
3182 1067 3762 1144 vespertiliones,qui

2111 1161 2442 1218 daamonum
2497 1167 2844 1235 potestatem
2916 1164 3065 1218 447
3124 1162 3380 1218 tenebris
3435 1160 3628 1233 plane,
3661 1175 3760 1214 co-

2109 1257 2343 1320 gnatam
2377 1257 2433 1307 et
2463 1253 2697 1308 affinem
2725 1269 2826 1323 pro
2860 1254 2970 1307 Deo
3003 1251 3304 1306 habet.Est
3331 1251 3487 1306 enim
3518 1265 3756 1320 vesper—

2110 1341 2237 1395 tilio
2263 1342 2478 1396 animal
2503 1342 2691 1397 noctis
2722 1357 3201 1407 amans,versans
3234 1340 3290 1393 in
3324 1335 3756 1404 tenebris,solis

2104 1429 2478 1501 splendorem
2505 1448 2620 1486 non
2655 1432 2867 1500 ferens,
2901 1435 2957 1484 et
2989 1431 3048 1485 in
3097 1430 3346 1485 desertis
3389 1427 3532 1484 locis
3577 1426 3751 1498 perli-

2102 1521 2306 1576 benter
2339 1523 2696 1578 inhabitans.
2735 1521 2956 1593 Ecquid
2989 1526 3182 1576 autem
3211 1518 3751 1575 daamones‘Mnnon

2099 1612 2394 1681 ejusmodi
2426 1612 2793 1668 sunt?nonne
2814 1611 3106 1668 vastitatis
3139 1614 3280 1666 sunt
3313 1607 3584 1682 opiﬁces?
3611 1622 3748 1662 cum

2095 1716 2296 1756 veram
2325 1701 2508 1756 totius
2531 1701 2734 1756 mundi
2770 1700 2960 1756 lucem
2994 1699 3365 1756 aversentur?
3395 1695 3746 1768 Vespertilio

2096 1793 2186 1843 est
2215 1795 2272 1844 et
2301 1789 2576 1861 volueris,
2606 1807 2708 1845 nec
2725 1795 2919 1845 tamen
2953 1789 3163 1861 pennis
3184 1788 3470 1843 instructa
3496 1790 3606 1851 est,
3641 1786 3743 1840 sed

2097 1878 2440 1933 membrana
2471 1895 2683 1934 carnea
2714 1896 2815 1951 per
2846 1894 3034 1933 aerem
3062 1877 3236 1932 volat.
3270 1875 3570 1946 Ejusmodi
3604 1878 3746 1930 sunt

2095 1970 2152 2021 et
2173 1968 2489 2033 daemones,
2526 1966 2924 2040 incorporales
2956 1965 3326 2039 quidem,sed
3362 1964 3544 2019 divini
3577 1980 3745 2018 amo-

2094 2055 2176 2110 ris
2199 2057 2406 2127 pennis
2423 2055 2826 2111 destituuntur
2848 2061 2862 2108 t
2887 2055 3002 2110 imo
3042 2071 3238 2111 rerum
3263 2053 3585 2110 carnalium
3641 2054 3746 2108 de-

2095 2145 2329 2201 sideriis
2360 2146 2566 2210 dediti,
2598 2145 2776 2200 veluti
2811 2144 3005 2201 carnis
3062 2149 3335 2200 naturam
3396 2143 3741 2198 induerunt.

2094 2234 2446 2305 Vespertilio
2477 2239 2533 2289 et
2562 2233 2816 2290 volatilis
2847 2239 2935 2290 est
2966 2238 3022 2290 et
3051 2234 3388 2305 quadrupes
3422 2251 3435 2300 ;
3488 2249 3594 2288 nec
3654 2237 3747 2288 ta-

2097 2340 2230 2378 men
2263 2322 2512 2394 pedibus
2548 2327 2674 2378 tuto
2708 2323 2968 2395 fulcitur,
3001 2322 3298 2379 necvalidi
3323 2365 3332 2394 ι
3355 2326 3445 2378 est
3491 2323 3743 2377 volatus.

2096 2412 2402 2483 Ejusmodi
2433 2417 2629 2468 autem
2663 2417 2805 2468 sunt
2833 2416 2890 2468 et
2910 2413 3245 2470 daemones:
3281 2427 3471 2484 neque
3531 2411 3745 2483 angeli,

2097 2517 2287 2573 neque
2321 2501 2591 2556 homines
2622 2507 2780 2558 sunt:
2803 2502 3038 2558 illorum
3073 2500 3366 2573 siquidem
3398 2501 3747 2574 dignitatem

2097 2591 2444 2658 amiserunt,
2479 2591 2689 2646 horum
2721 2609 2853 2648 vero
2885 2597 3095 2647 natura
3126 2609 3240 2646 non
3269 2591 3744 2655 donantur.Quin

2096 2687 2150 2736 et
2183 2682 2385 2736 dentes
2416 2681 2636 2736 habent
2666 2681 3270 2754 vespertiliones,aves
3293 2679 3417 2735 aliae
3442 2697 3553 2735 non
3573 2679 3739 2748 item;

2096 2769 2390 2825 daamones
2430 2771 2608 2826 etiam
2641 2771 2711 2826 ad
2742 2772 3061 2839 Ivindictam
3122 2775 3262 2826 sunt
3290 2770 3498 2843 parati,
3531 2769 3588 2825 id
3624 2787 3740 2825 non

2094 2858 2358 2916 efficiunt
2387 2860 2601 2932 angeli.
2623 2860 3082 2932 Vespertiliones
3116 2859 3360 2931 insuper
3381 2858 3573 2914 avium
3621 2857 3736 2914 ritu

2095 2965 2200 3004 ova
2231 2965 2345 3003 non
2369 2949 2573 3016 edunt,
2606 2949 2707 3004 sed
2741 2949 2940 3004 statim
2974 2950 3212 3022 pariunt
3241 2947 3541 3003 animalia.
3574 2946 3742 3004 Tales

2096 3041 2238 3092 sunt
2267 3041 2323 3092 et
2354 3038 2649 3093 demones
2674 3055 2688 3106 ;
2721 3043 2978 3092 actutum
3009 3041 3066 3093 et
3095 3054 3229 3092 cum
3254 3036 3510 3108 plurima
3540 3035 3742 3092 celeri-

2095 3128 2214 3180 tate
2244 3126 2568 3197 nequitiam
2597 3126 2929 3198 perficiunt.
2957 3128 3144 3193 Quare
3177 3127 3278 3198 qui
3338 3126 3587 3181 adorant
3629 3127 3744 3180 da:-

2099 3231 2322 3280 mones,
2349 3232 2451 3286 per
2483 3215 2888 3287 metaphoram
2921 3215 3058 3271 dicti
3119 3219 3258 3271 sunt
3303 3213 3746 3287 vespertiliones

2101 3304 2363 3359 adorare.
2396 3304 2501 3358 Sed
2537 3303 2632 3359 ubi
2669 3303 2964 3376 quispiam
2995 3303 3221 3359 exuerit
3262 3302 3553 3358 idolorum
3585 3301 3748 3357 vani-

2098 3396 2303 3456 tatem,
2337 3397 2514 3465 atque
2544 3391 2985 3463 vespertiliones
3016 3391 3202 3448 colere
3223 3409 3289 3448 ac
3330 3392 3594 3448 venerari
3655 3391 3750 3446 de~

2099 3481 2431 3547 sierit,tunc
2451 3482 2510 3536 in
2545 3482 2834 3537 foramina
2855 3480 3054 3536 solide:
3083 3487 3256 3552 petras
3281 3485 3338 3536 et
3367 3482 3426 3536 in
3457 3481 3747 3537 scissuras

2101 3575 2398 3642 petrarum
2431 3571 2660 3644 ingredi
2691 3571 2970 3627 studebit.
3008 3571 3344 3627 Mansiones
3374 3571 3588 3627 multas
3645 3586 3750 3642 per

2100 3665 2398 3732 petrarum
2433 3661 2721 3716 foramina
2759 3659 3054 3733 designari
3078 3661 3349 3729 arbitror,
3404 3676 3532 3731 quae
3577 3659 3748 3730 juxta

2099 3749 2379 3822 ﬁdeiquze
2410 3749 2469 3804 in
2502 3749 2798 3805 Christum
2826 3757 2916 3806 est
2944 3750 3298 3823 analogiam,
3347 3749 3598 3821 singulis
3630 3748 3748 3806 dis-

2097 3837 2444 3892 tribuuntur
2477 3854 2488 3891 :
2523 3841 2580 3892 at
2606 3853 2743 3893 vero
2781 3842 3080 3908 petrarum
3105 3838 3373 3894 scissum
3405 3836 3745 3910 passionem

2099 3926 2288 3999 ipsius
2309 3926 2567 3998 corporis
2589 3927 2966 3999 denotant,ad
2989 3943 3166 3996 quam
3200 3925 3300 4000 qui
3323 3925 3575 3983 salutem
3607 3927 3749 3982 sunt

2099 4016 2496 4083 consecuturi,
2521 4016 2854 4089 confugere,
2887 4033 3068 4088 seque
3098 4016 3208 4073 sub
3239 4016 3368 4088 ejus
3399 4019 3744 4089 tegumenta

2100 4105 2458 4162 abscondere
2487 4109 2781 4178 exoptant.

2171 4195 2262 4250 98.
2295 4199 2471 4252 Vsas.
2501 4196 2592 4251 22.
2618 4196 2885 4264 Quiescite
2940 4194 3012 4250 ab
3088 4194 3327 4262 homine,
3380 4197 3473 4250 cui
3519 4194 3753 4266 spiratio

2104 4286 2162 4341 in
2192 4302 2330 4341 nare
2368 4286 2769 4358 eiuszquiac'n
2826 4300 2930 4356 quo
2986 4289 3266 4356 reputatae
3318 4290 3397 4340 est
3442 4279 3628 4355 ipsis?
3686 4281 3755 4337 In

2103 4373 2539 4446 exemplaribus
2561 4375 2884 4428 communis
2904 4372 3181 4428 editionis
3197 4372 3440 4434 minime
3453 4387 3759 4444 apponun-

2104 4471 2201 4522 tur
2220 4466 2343 4521 haec
2373 4466 2569 4522 verba:
2601 4466 2701 4521 sed
2735 4483 2869 4521 cum
2924 4465 2983 4520 in
3035 4465 3320 4520 Hebraico
3365 4465 3756 4537 reperiantur,

350 4551 738 4626 μετεκομίσθη.
763 4553 824 4610 Ὁ
855 4549 912 4608 δὲ
939 4558 1062 4615 νοῦς
1107 4552 1356 4614 τοιοῦτός
1398 4552 1546 4608 ἐστι’
1582 4555 1842 4620 Φείσασθε
1896 4559 1992 4610 τοῦ

2106 4572 2172 4612 ex
2206 4555 2451 4625 reliquis
2472 4555 2892 4628 interpretibus
2923 4555 3037 4610 huc
3056 4555 3343 4611 translata
3371 4555 3643 4611 sunt.Hic
3670 4557 3760 4610 est

347 4641 677 4716 ἀνθρώπου,
737 4641 1132 4716 προσπαλαίειν
1217 4639 1383 4715 αὐτῷ,
1440 4641 1531 4697 καὶ
1619 4643 1991 4718 στρατεύεσθαι

348 4730 465 4785 κατ’
496 4729 680 4802 αὐτοῦ,
724 4731 783 4795 ’ὸς
836 4731 1096 4802 τοιαύτης
1145 4730 1257 4787 ἐστὶ
1316 4739 1650 4803 κατασκευῆς
1707 4733 1881 4797 οὕτως
1935 4735 1994 4790 ἆ.-

349 4822 588 4888 σθενοῦς,
650 4818 786 4874 ὥστε
838 4821 937 4890 τὴν
993 4821 1229 4891 ζωτικὴν
1283 4822 1556 4892 ἀναπνοὴν
1612 4817 1760 4900 ἔχειν
1809 4823 1860 4879 ἐν
1918 4828 1998 4897 τῷ

418 5091 530 5170 (43)
553 5094 639 5148 Ita
668 5109 770 5170 se};
799 5109 968 5170 mss”
1001 5107 1108 5149 nec
1135 5091 1309 5150 aliter
1363 5093 1603 5168 scripsit
1659 5094 2003 5170 Procopius,

350 5161 783 5239 Editi:v_ero,_f:6
810 5161 1022 5239 ψευδὲς.

418 5232 532 5377 (44)
564 5237 627 5292 In
658 5232 883 5309 aliquot
914 5255 1058 5293 mss.
1091 5232 1770 5364 legitur,_éy‘fsvopivou<.

418 5306 512 5374 (45
562 5309 776 5366 Vocula
803 5309 904 5377 γάρ
937 5314 1071 5367 ante
1106 5329 1146 5377 μ.
1173 5328 1199 5362 ν
1223 5309 1463 5364 additur
1490 5327 1547 5366 in
1573 5327 1716 5368 mss.
1745 5329 1770 5367 ι]

362 5306 532 5429 ¹ἱε(45)
562 5306 776 5366 Vocula
803 5309 904 5386 γάρ
937 5314 1071 5367 ante
1106 5306 1199 5382 μέν
1223 5306 1463 5364 additur
1490 5306 1716 5368 in'mss.
1745 5310 1998 5368 nonnul-

387 5391 456 5431 18.

418 5448 532 5573 (46)
564 5448 818 5524 Uterque
862 5451 1024 5510 Colb.
1076 5457 1135 5509 et
1181 5456 1317 5526 Reg.
1378 5455 1693 5526 secundus,
1753 5448 1995 5531 ἔχοντες,

469 5521 727 5573 ἡμιόνοις
758 5522 1223 5573 παρεικάσῆτισαν-
1285 5526 1348 5573 Et
1433 5529 1624 5573 multis
1686 5530 1995 5573 nnmnarnti

347 5521 438 5573 καὶ
469 5521 737 5601 ἡμιόνοις
758 5522 1190 5601 παρεικάσθησαν
1209 5569 1224 5595 ,
1266 5521 1348 5582 Ἑι
1368 5599 1380 5601 _
1430 5529 1624 5601 multis
1651 5521 2000 5601 _'coni})ara¢i

347 5601 492 5665 sunt,
524 5613 650 5673 seu,
676 5599 1051 5673 similes/bim
1075 5603 1208 5655 sunt
1240 5599 1384 5673 :_s_ed
1423 5599 1547 5673 illa,
1577 5599 1668 5654 καὶ
1718 5599 1994 5673 ἡμιόνοις,

348 5666 803 5742 παριικάσθησαν,
831 5666 980 5730 nihil
1023 5686 1152 5729 esse
1181 5671 1353 5728 nobis
1381 5666 1655 5731 videntur
1691 5666 1808 5732 nisi
1838 5666 1999 5730 mera

2105 4649 2298 4703 autem
2330 4663 2580 4702 sensus:
2606 4646 2811 4701 Cavete
2841 4647 2913 4701 ab
2939 4645 3199 4716 homine,
3225 4662 3296 4701 ne
3327 4662 3460 4702 cum
3481 4662 3545 4701 eo
3576 4644 3756 4700 lucte-

2109 4735 2357 4801 mini,ne
2387 4735 2669 4792 adversus
2691 4751 2824 4791 eum
2856 4735 3079 4791 bellum
3112 4735 3399 4805 inferatis,
3461 4733 3558 4806 qui
3620 4731 3758 4789 talis

2110 4830 2198 4883 est
2227 4825 2668 4883 constitutionis
2698 4842 2886 4898 usque
2919 4828 3062 4883 adeo
3085 4825 3358 4899 inﬁrma,
3389 4825 3522 4882 eiut
3571 4823 3648 4881 sit
3695 4821 3758 4878 in

2111 5096 2513 5154 additamenta
2540 5095 2939 5156 librariorum.

2183 5171 2296 5293 (4‘7)
2351 5169 2528 5242 Editi,
2579 5170 2810 5246 σχίσμα.
2870 5176 2944 5229 At
3009 5171 3198 5227 nostri
3254 5183 3355 5227 sex
3409 5186 3580 5239 mss.,
3637 5187 3762 5245 σχι-

2183 5261 2221 5293 ,α
2254 5285 2266 5293 .

2111 5259 2266 5297 σμαι.

2149 5261 2292 5386 μ(ἒξ)
2323 5314 2512 5387 Editio
2545 5319 2746 5372 nostra
2777 5313 2988 5387 Paris.,
3022 5311 3073 5366 ἰν
3103 5313 3193 5387 τῇ·
3229 5313 3330 5369 sed
3364 5317 3758 5387 praeterquam

2110 5385 2499 5460 qupod'nullus
2533 5387 2816 5460 articulus
2868 5385 3182 5460 inpostris
3245 5385 3388 5460 mss,
3449 5385 3758 5460 reperitur,

2108 5457 2329 5513 editum
2355 5463 2712 5530 oportuerat,
2738 5456 2922 5530 ἐντῷ.
2956 5457 3093 5530 Hic,
3133 5460 3198 5511 ut
3230 5458 3370 5530 alibi
3420 5456 3538 5515 non
3602 5475 3756 5530 raro,

2106 5531 2365 5603 reperias
2393 5528 2547 5587 scitu
2581 5533 2761 5603 digna
2790 5528 3036 5603 in__no_t_i_s
3066 5529 3280 5603 Duceei.
3333 5531 3558 5603 ibidem
3592 5528 3758 5603 Regii

2105 5597 2193 5674 illi
2222 5619 2370 5674 quos
2405 5597 2921 5674 Ducaus'contulit
2949 5600 3105 5670 libri,
3133 5617 3268 5658 cum
3298 5601 3430 5660 aliis
3457 5597 3751 5672 tribusﬂv

2107 5671 2260 5743 τίνιξ
2293 5691 2395 5746 per
2424 5672 2966 5746 interrogationem.
