4130 6376
356 303 476 366 2⁸19

365 527 644 584 exsistere
669 529 796 600 jam
830 529 1064 584 desinit.
1098 527 1300 598 Itaque
1331 526 1491 582 hisce
1522 525 1839 582 virtutibus
1869 542 2016 597 quas

365 634 470 688 per
497 618 942 674 translationem
996 617 1316 672 nominavit
1347 617 1807 688 vespertiliones,
1871 633 2016 688 prae-

365 708 623 764 scribere
655 708 902 773 videtur,
927 711 992 762 ut
1012 707 1287 778 deinceps
1309 708 1379 762 ab
1400 706 1472 762 iis
1499 724 1648 778 quas
1676 707 2018 762 hominibus

365 801 606 853 struunt
633 796 865 852 insidiis
915 794 1300 852 abstineant:
1355 796 1455 868 qui
1518 795 1738 851 inﬁrmi
1780 795 2018 866 quidem

365 887 697 942 secundum
729 902 962 942 carnem
985 889 1146 954 sunt,
1173 885 1326 956 apud
1361 890 1543 941 Deum
1576 901 1709 941 vero
1738 885 1892 940 inter
1921 901 2019 940 eos

366 975 469 1048 qui
489 973 864 1032 honorabiles
884 979 1026 1031 sunt
1057 979 1444 1030 recensentur
1474 991 1486 1030 :
1517 979 1694 1046 atque
1748 974 1891 1030 adeo
1931 989 2022 1029 eo-

1305 303 1702 365 APPENDIX
1746 301 2072 367 OPERUM
2119 303 2184 364 S.
2230 303 2519 367 BASlLlI
2562 304 2839 369 MAGNI.

362 437 742 494 marevitalis
800 437 1129 510 respiratio,
1186 453 1301 508 qua
1345 435 1434 493 vel
1462 437 1688 492 modice
1745 436 2005 501 detenta,

2137 440 2405 510 ιυκτῆρι,
2464 439 2530 506 ἧς
2593 436 2972 514 ἐπισχεθείσης
3061 440 3299 515 μικρὸν,
3349 439 3527 496 οὐκέτι

3663 310 3784 373 280

3615 441 3778 500 δστίν.

2128 524 2342 580 Ἔοικεν
2393 524 2484 580 οὖν
2528 526 2746 589 ταύταις
2797 526 3151 604 προστάσσειν
3202 534 3320 590 ταῖς
3373 526 3661 604 δυνάμεσιν
3719 530 3782 594 ἃς

2125 613 2438 690 νυκτερίδας
2494 623 2768 690 τροπικῶς
2820 618 3090 690 ὠνόμασε,
3115 622 3212 673 τοῦ
3269 619 3602 695 ἀποσχέσθαι
3664 619 3781 677 λοι-

2128 703 2227 758 πὸν
2260 708 2362 770 τῆς
2407 701 2709 776 ἐπιϐουλῆς
2749 712 2856 762 τῶν
2909 707 3214 784 ἀνθρώπων
3239 727 3252 740 ·
3285 709 3343 762 οἳ
3393 709 3630 774 ἀσθενεῖς
3683 711 3779 784 μὲν

2130 793 2234 848 εἰσι
2263 796 2399 849 κατὰ
2425 795 2525 866 τὴν
2557 796 2745 873 σάρκα’
2781 795 2834 852 ἐν
2873 803 2991 860 τοῖς
3037 797 3243 870 τιμίοις
3291 794 3349 852 δὲ
3402 797 3503 853 εἰσι
3552 799 3784 856 καταλε-

2131 881 2452 958 λογισμὲνοι
2483 886 2631 963 παρὰ
2665 890 2800 961 Θεῷ,
2831 886 2921 943 καὶ
2970 884 3124 944 οὐδὲν
3172 887 3443 960 ἀζήτητον
3502 893 3608 944 τῶν
3667 892 3785 946 κατ’

2130 972 2351 1038 αὐτούς.

368 1081 502 1124 rum
534 1082 660 1139 quas
692 1065 764 1122 ad
789 1065 952 1138 ipsos
982 1068 1272 1138 spectant,
1307 1064 1453 1119 nihil
1482 1081 1597 1120 non
1629 1063 2009 1135 disquisitum
2039 1066 2149 1119 est.

1009 1243 1238 1300 CAPUT
1277 1245 1376 1300 ΙΙΙ.

437 1333 592 1390 448
623 1333 714 1389 99.
742 1333 920 1390 Vens.
948 1334 999 1390 1.
1035 1337 1169 1391 Ecce
1193 1335 1368 1406 igitur
1394 1334 1717 1390 Dominator
1764 1333 2024 1389 Dominus

365 1422 608 1480 Sabaoth
636 1426 849 1495 auferet
902 1440 936 1478 τι
974 1423 1178 1481 Ιαᾰωα
1238 1433 1290 1480 et
1320 1441 1354 1479 a
1409 1425 1726 1480 Jerusalem
1770 1424 2024 1479 validum

368 1516 419 1569 et
445 1513 1045 1584 validam.Postquam
1073 1513 1361 1569 Judaicus
1391 1516 1645 1586 populus
1671 1514 2012 1586 improbum

372 1601 686 1657 consilium
717 1601 850 1657 iniit
879 1604 1159 1658 adversus
1185 1602 1499 1658 Dominum
1540 1621 1552 1660 :
1587 1602 1714 1676 ipse
1743 1619 1809 1658 ex
1861 1603 2020 1658 inﬁr-

2689 1252 3111 1307 KE<I>AAAION
3152 1255 3221 1306 I‘"

2205 1333 2295 1389 99.
2352 1331 2491 1390 Ἰδοὺ
2550 1331 2616 1404 δὴ
2679 1338 2789 1411 (49)
2848 1339 2877 1393 ὁ
2936 1339 3214 1411 Δεσπότης
3281 1339 3478 1417 Κύριος
3553 1335 3784 1399 Σαϐαὼθ

2133 1417 2328 1496 ἀφελεῖ
2393 1423 2498 1478 ἀπὸ
2577 1431 2678 1494 τῆς
2755 1423 3022 1492 Ἰουδαίας
3088 1428 3178 1483 καὶ
3262 1429 3367 1486 ἀπὸ
3422 1431 3786 1507 Ἰερουσαλήμ

2135 1507 2440 1585 ἰσχύοντα*
2474 1510 2565 1566 καὶ
2647 1512 2962 1590 ἰσχύουσαν.
3033 1519 3186 1574 Μετὰ
3239 1519 3302 1573 τὸ
3391 1519 3784 1596 βουλεύσασθαι

2129 1599 2222 1653 τὸν
2258 1597 2553 1656 Ἰουδαϊκὸν
2619 1600 2749 1657 λαὸν
2813 1602 3024 1680 βουλὴν
3054 1607 3297 1682 πονηρὰν
3333 1609 3470 1663 κατά
3523 1613 3619 1664 τοῦ
3676 1612 3785 1667 Κυ-

374 1691 578 1749 mitate
606 1692 802 1748 carnis
824 1692 895 1747 ab
923 1692 1008 1747 eis
1040 1692 1375 1759 cruciﬁxus,
1409 1694 1608 1749 vivens
1625 1710 1757 1749 vero
1790 1709 1856 1748 ex
1904 1693 2020 1747 vir-

2137 1686 2278 1762 ρίου,
2335 1690 2362 1744 ὁ
2422 1692 2753 1793 σταυρωθεὶς
2836 1696 2964 1770 παρ’
3020 1695 3194 1750 αὐτῶν
3248 1695 3298 1770 ἐξ
3357 1698 3628 1762 ἀσθενείας
3682 1708 3783 1771 τῆς

371 1784 502 1837 tute
530 1779 629 1836 Dei
661 1780 852 1836 Patris
873 1780 936 1848 ⁸⁸,
970 1781 1375 1837 inﬁrmitatem
1409 1781 1522 1836 illis
1547 1781 1802 1853 reliquit.
1829 1781 2022 1836 Morie-

370 1871 518 1926 ηιἰηί
545 1870 726 1937 enim,
749 1871 962 1942 inquit,
995 1874 1052 1926 in
1078 1873 1309 1944 peccatis
1329 1875 1524 1927 vestris
1555 1871 1796 1939 l";nobis
1826 1877 2022 1927 autem

372 1958 624 2034 largitus
657 1965 746 2016 est
776 1960 1221 2015 resurrectionis
1251 1961 1553 2016 virtutem.
1589 1963 1696 2030 Qui
1719 1961 1872 2016 enim
1905 1978 2025 2017 cre-

373 2049 453 2106 dit
481 2052 539 2104 in
560 2065 670 2120 me,
692 2051 914 2106 etiamsi
941 2059 1195 2106 mortuus
1220 2053 1417 2122 fuerit,
1440 2053 1584 2107 vivet
1612 2052 1678 2106 ⁸ο.
1719 2052 2023 2124 Siquidem

367 2139 650 2195 increduli
685 2156 800 2212 pres
833 2157 942 2196 sua
974 2156 1113 2213 erga
1143 2157 1375 2197 crucem
1409 2140 1823 2197 incredulitate
1854 2141 2025 2196 inﬁr-

368 2229 827 2300 mantur;justi
857 2245 992 2286 vero
1048 2246 1174 2285 cum
1233 2230 1450 2286 ﬁducia
1495 2229 1700 2285 dicunt
1757 2247 1770 2286 :
1825 2229 2025 2286 Omnia

366 2331 586 2389 possum
606 2318 670 2374 in
697 2333 762 2374 co
793 2319 891 2390 qui
918 2333 1006 2374 me
1033 2320 1316 2392 con/artat
1346 2319 1578 2376 Christo
1609 2320 1675 2375 σί.
1713 2320 1822 2384 Qui
1844 2320 2026 2391 igitur

370 2422 488 2461 non
518 2407 783 2478 possidet
808 2406 1105 2463 Christum
1128 2408 1398 2464 virtutem
1429 2407 1691 2478 Dei,huic
1722 2425 1836 2464 nou
1872 2408 2024 2463 inest

371 2495 576 2552 robur.
607 2497 796 2562 Quare
827 2497 1054 2553 auferet
1077 2497 1360 2554 Dominus
1391 2499 1462 2553 ab
1487 2498 1811 2553 Jerusalem
1844 2497 2021 2553 etJu-

370 2584 497 2641 dies.
523 2585 778 2642 validum
811 2590 870 2642 et
895 2586 1148 2643 validam
1188 2605 1202 2656 ;
1235 2587 1587 2658 ~cujusmodi
1645 2591 1770 2643 erat
1827 2588 2024 2654 Sarra,

370 2677 618 2735 robusta.
649 2678 924 2736 videlicet
949 2684 1007 2736 et
1029 2681 1175 2736 tanti
1206 2680 1315 2735 viri
1345 2680 1593 2736 Abrahae
1641 2680 2020 2747 moderatrix,

360 2767 536 2840 juxta
565 2775 915 2844 praceptum
947 2771 1175 2827 Domini
1209 2771 1462 2828 dicentis
1491 2789 1504 2827 :
1540 2772 1738 2826 Omnia
1769 2787 2023 2842 quaecun-

367 2876 473 2933 que
499 2861 642 2917 dicet
669 2861 774 2918 tibi
797 2861 989 2933 Sarra,
1013 2861 1154 2918 audi
1181 2863 1362 2933 ipsam
1389 2862 1453 2918 ⁸³.
1489 2861 1690 2928 Qualis
1737 2865 1861 2917 erat
1914 2860 2022 2917 Re-

372 2951 554 3008 becca
578 2966 710 3022 qum
740 2949 1162 3024 hospitalitatis
1208 2967 1390 3008 causa
1445 2967 1660 3024 aquam
1711 2950 1908 3006 hausit
1955 2951 2018 3017 ⁸³,

372 3038 601 3112 fuitque
621 3039 865 3098 robusta
908 3044 1147 3114 propter
1205 3041 1522 3110 virtutem;
1583 3041 1849 3097 Debbora
1906 3041 2022 3096 dux

368 3099 658 3186 exercitus
713 3130 794 3188 “z
844 3099 974 3187 πέει
1019 3099 1154 3201 nque
1209 3099 1521 3186 strenuam,
1563 3134 1620 3186 et
1677 3121 1884 3186 fortem
1958 3099 2095 3186 seC

375 3219 637 3275 ostendit
663 3220 710 3256 ⁸⁸
738 3237 752 3277 :
789 3223 956 3276 Anna
985 3221 1157 3291 cujus
1184 3237 1388 3292 preces
1445 3223 1580 3276 sunt
1636 3219 1920 3276 exauditae
1942 3221 2020 3275 σοι

372 3307 671 3365 Elisabeth
703 3325 960 3381 quoque,
994 3326 1125 3381 quae
1154 3309 1470 3365 vaticinata
1493 3310 1667 3364 est".
1704 3314 1898 3381 Neque
1929 3327 2021 3366 ro-

373 3396 556 3463 busti,
588 3412 780 3469 neque
799 3397 1054 3453 robustis
1078 3397 1204 3468 jam
1228 3398 1620 3470 reperiuntur.
1645 3399 1831 3468 Atque
1858 3397 2022 3452 inﬁr-

377 3485 605 3542 mitatis
627 3487 948 3558 subjuncta
963 3502 1141 3543 causa
1156 3487 1427 3558 est,quod
1453 3503 1568 3541 non
1592 3485 1666 3542 sit
1688 3487 1841 3558 apud
1868 3487 2027 3557 ipsos

377 3575 560 3631 robur
589 3575 759 3648 panis
789 3580 846 3633 et
875 3576 1055 3632 robur
1078 3593 1257 3647 aquae.
1311 3575 1818 3642 Quemadmodum
1867 3576 2025 3631 enim

376 3680 623 3737 corpora
653 3671 854 3721 nostra
876 3665 1357 3722 convenientibus
1411 3665 1710 3721 alimentis
1748 3665 2024 3720 roboran-

371 3756 474 3811 tur
502 3771 518 3812 :
549 3755 633 3811 ita
659 3755 940 3828 quiddam
972 3760 1062 3812 est
1092 3755 1291 3825 etiam,
1323 3756 1477 3828 quod
1514 3755 1703 3827 pascit
1740 3753 2024 3822 animam,

367 3843 541 3917 eique
562 3845 879 3902 vehemens
911 3846 968 3901 in
1002 3862 1094 3902 res
1115 3847 1302 3902 bonas
1324 3845 1724 3917 honestaeque
1757 3845 2024 3900 studium

364 3933 539 3990 indit.
571 3935 721 3999 Quid
754 3935 939 4007 igitur
970 3935 1082 3990 hoc
1110 3935 1219 3990 sibi
1253 3933 1418 3989 vult?
1449 3934 1513 3989 Id
1539 3934 1694 4005 quod
1730 3932 1876 3988 dixit
1919 3932 2028 3988 Do-

368 4022 603 4081 minus:
639 4023 784 4082 Caro
816 4041 934 4080 mea
966 4041 1125 4081 verus
1155 4033 1234 4081 est
1263 4023 1454 4092 cibus;
1488 4032 1542 4079 et
1571 4039 1801 4095 sanguis
1851 4039 2023 4092 meus,

366 4128 530 4170 veru:
557 4123 636 4170 est
654 4122 816 4186 potu:
832 4114 1128 4180 “.Quibus
1159 4118 1356 4171 autem
1383 4113 1503 4169 haec
1528 4129 1642 4169 non
1675 4117 2022 4186 suppetunt,

367 4201 442 4260 iis
470 4203 612 4260 deﬁt
643 4203 822 4259 robur
852 4205 1024 4276 panis
1053 4207 1112 4260 et
1139 4204 1319 4259 robur
1353 4220 1544 4275 aqua.
1575 4202 1684 4258 Ubi
1717 4206 1916 4258 autem
1940 4201 2024 4258 ia-

368 4292 543 4348 ﬁrma
598 4292 904 4364 alimenta,
936 4293 1020 4348 ibi
1069 4309 1166 4350 eos
1190 4293 1291 4365 qui
1325 4292 1417 4348 his
1453 4292 1856 4361 enutriuntur,
1888 4308 2023 4349 con-

364 4381 592 4438 similes
622 4382 774 4438 el'ﬂci
808 4399 1043 4439 necesse
1076 4387 1194 4450 est.

2137 1783 2420 1853 σαρκικῆς,
2466 1783 2632 1851 ζήσας
2676 1779 2731 1837 δὲ
2790 1782 2849 1838 ἐκ
2906 1780 3189 1858 δυνάμεως
3231 1791 3364 1841 Θεοῦ
3422 1790 3654 1864 Πατρὸς,
3684 1793 3782 1860 τὴν

2134 1867 2406 1932 ἀσθένειαν
2493 1869 2719 1935 ἐκείνοις
2795 1871 3056 1951 ιναφῆκεν
3340 1878 3786 1943 Ἐναποθανεῖσθε

2132 1958 2256 2032 γὰρ,
2284 1960 2437 2036 φησὶ,
2471 1965 2593 2025 ταῖς
2652 1963 2940 2038 ἁμαρτίαις
3003 1965 3180 2038 ὑμῶν·
3219 1968 3355 2039 ἡμῖν
3416 1965 3473 2024 δὲ
3522 1970 3585 2025 τὸ
3622 1967 3784 2026 δυνα-

2131 2047 2223 2102 τὸν
2279 2055 2379 2118 τῆς
2426 2049 2763 2114 ἀναστάσεως
2845 2050 3160 2130 ἐχαρίσατο.
3216 2057 3277 2113 Ὁ
3333 2057 3436 2132 γὰρ
3516 2060 3780 2116 πιστεύων

2135 2137 2212 2199 εἰς
2262 2136 2378 2210 ἰμὶ,
2430 2137 2525 2194 κᾶν
2585 2140 2862 2214 ἀποθάνῳ,
2926 2145 3163 2212 ζήσεται.
3227 2146 3295 2202 Οἱ
3358 2147 3452 2218 μὶν
3508 2149 3610 2224 γὰρ
3658 2147 3784 2205 ἄπι-

2134 2247 2251 2281 στοι
2283 2226 2617 2284 ὲνασθενοῢσι
2675 2234 2743 2305 τῇ
2805 2234 2914 2305 (51)
2952 2229 3040 2287 διὰ
3094 2234 3187 2288 τὸν
3247 2235 3475 2312 σταυρὸν
3520 2237 3778 2312 ἀπιστίᾳ’

2133 2317 2185 2372 οἰ
2231 2314 2288 2373 δὲ
2347 2315 2545 2374 δίκαιοι
2620 2320 2752 2392 μετὰ
2829 2324 3209 2392 πεποιθήσεως
3286 2323 3553 2401 λέγουσι’
3607 2330 3778 2384 Πάντα

2134 2403 2314 2482 ἰσχύω
2374 2406 2424 2462 ἄν
2483 2413 2564 2480 τῷ
2613 2406 2999 2482 ἐνδυναμοῦντί
3056 2433 3122 2485 με
3178 2415 3419 2488 Χριστῷ.
3469 2415 3530 2473 Ὀ
3569 2417 3658 2471 οὗν
3703 2420 3773 2490 μή

2132 2491 2286 2583 ἔχων.
2311 2497 2403 2551 τὸν
2435 2498 2662 2571 Χριστὸν
2703 2501 2802 2569 τήν
2852 2504 2950 2555 τοῦ
2998 2505 3132 2557 Θεοῦ
3191 2499 3440 2576 δύναμιν,
3467 2506 3566 2574 τήν
3629 2506 3780 2583 ἰσχὺν

2134 2585 2236 2639 οὐκ
2261 2581 2397 2660 ἔχει.
2436 2587 2532 2640 Διὰ
2574 2593 2736 2643 τοῦτο
2781 2589 2975 2667 ἀφελεῖ
3005 2593 3145 2664 (51⁸)
3179 2591 3383 2667 Κύριος
3436 2594 3543 2650 ἀπὸ
3591 2581 3780 2670 Ἰερου-

2135 2672 2326 2748 σαλὴμ
2375 2675 2464 2730 καί
2517 2677 2622 2732 ἀπὸ
2684 2675 2949 2741 Ἰουδαίας
3003 2679 3263 2756 ἰσχύοντα
3319 2682 3409 2737 καὶ
3468 2683 3783 2760 ἰσχύουσαν,

2135 2763 2298 2818 ὁποία
2327 2764 2392 2833 ἦν
2425 2765 2627 2842 Σάρῥα,
2651 2767 2920 2844 ἰσχύουσα
2939 2769 3027 2823 καὶ
3053 2768 3299 2846 ἄρχουσα
3326 2775 3424 2827 τοῦ
3450 2773 3781 2844 τηλικούτου

2133 2848 2406 2929 Ἀϐραὰμ,
2446 2857 2581 2911 κατά
2607 2857 2929 2934 πρόσταγμα
2950 2863 3046 2913 τοῦ
3077 2860 3275 2935 Κυρίου
3307 2861 3576 2932 εἰπόντος,
3601 2865 3782 2920 Πάντα

2133 2938 2233 2998 ὅσα
2289 2942 2400 3020 ἐρεῖ
2449 2966 2531 3000 σοι
2583 2945 2787 3022 Σάῥρα,
2821 2945 2981 3004 ἄκουε
3031 2949 3220 3019 αὐτῆς.
3268 2951 3454 3006 Ὁποία
3502 2947 3774 3023 Ῥεϐέκκα,

2135 3029 2223 3087 διὰ
2282 3031 2589 3108 φιλοξενίαν
2651 3034 2938 3107 ἀντλουσα,
2998 3036 3086 3092 καὶ
3149 3037 3467 3115 ἐνισχύουσα
3530 3037 3619 3095 διὰ
3671 3043 3773 3110 τήν

2133 3123 2372 3199 ἀρετήν’
2431 3119 2692 3201 Δεϐϐῶρα
2763 3132 3186 3202 στρατηγοῦσα·
3253 3128 3388 3198 Ιαήλ
3464 3127 3775 3207 ἀριστεύου-

2134 3233 2198 3268 σα
2256 3216 2387 3287 (52)
2423 3217 2586 3271 ’Άννα
2634 3214 3054 3288 εἰσακουομινηο
3089 3216 3180 3272 καὶ
3228 3213 3514 3276 Ἐλισάϐετ
3569 3240 3780 3298 προφη-

2131 3302 2382 3360 τεύουσα.
2445 3303 2639 3361 Ούκὲνι
2700 3303 3001 3380 ἰσχύοντες,
3057 3304 3179 3362 οὐδὲ
3233 3306 3542 3383 ἰσχύουσαι.
3602 3308 3698 3363 Καὶ
3742 3311 3779 3378 ἡ

2134 3392 2281 3448 αἰτία
2309 3397 2408 3458 τῆς
2466 3393 2734 3456 ἀσθενείας
2792 3394 3042 3464 ὶπῆκται·
3078 3393 3167 3450 διὰ
3218 3397 3281 3451 τὸ
3334 3397 3410 3469 μή
3471 3398 3602 3453 εἶναι
3659 3398 3785 3471 παρ’

2136 3483 2324 3544 αὐτοῖς
2360 3481 2516 3558 ἰσχὺν
2550 3480 2714 3558 ἄρτου
2738 3483 2825 3538 καὶ
2864 3483 3021 3560 ἰσχὺν
3063 3483 3276 3549 ὕδατος.
3327 3488 3529 3562 ’Ὠσπερ
3579 3485 3678 3562 γὰρ
3717 3487 3782 3542 τὰ

2137 3572 2366 3644 σώματα
2421 3574 2584 3645 ἡμῶν
2631 3578 2753 3634 ταῖς
2820 3573 3196 3645 καταλλήλοις
3267 3581 3497 3654 τροφαῖς
3571 3573 3777 3631 ἔνδυνα-

2139 3665 2388 3734 μοῦνται’
2423 3661 2596 3724 οὕτως
2627 3659 2736 3716 ἔστι
2767 3683 2818 3716 τι
2848 3664 2937 3718 καὶ
2991 3663 3054 3719 τὸ
3093 3665 3192 3734 τὴν
3231 3665 3416 3740 ψυχὴν
3447 3664 3662 3744 τρέφον,
3693 3665 3782 3721 καὶ

2135 3748 2378 3825 παρέχον
2431 3749 2566 3824 αὐτῇ
2625 3751 2725 3818 τήν
2782 3749 2906 3826 περῖ
2963 3750 3029 3805 τὰ
3083 3750 3226 3807 καλά
3283 3751 3547 3810 εὐτονίαν.
3578 3753 3639 3808 Τί
3691 3751 3781 3808 οὖν

2136 3839 2246 3894 ἑστι
2323 3843 2505 3912 τοῦτο,
2559 3840 2588 3894 ὃ
2650 3839 2796 3895 εἶπεν
2851 3841 2880 3895 ὁ
2939 3839 3160 3916 Κύριος,
3216 3841 3298 3897 ὅτι
3355 3843 3419 3898 Ἦ
3494 3843 3620 3919 σάρξ
3679 3863 3785 3916 μου

2133 3929 2352 4001 ἀληθής
2410 3928 2520 3984 εστι
2589 3930 2791 4005 βρῶσις
2841 3932 2974 4004 (53),
3024 3931 3112 3986 καὶ
3163 3931 3225 3986 τὸ
3283 3933 3423 4004 αἷμά
3488 3953 3592 4006 μου
3644 3930 3786 4002 ἀλη-

2132 4021 2232 4090 θής
2288 4019 2399 4074 tam
2452 4019 2648 4087 πόσις;
2684 4020 2784 4081 Οἷς
2842 4017 2900 4074 δὲ
2957 4024 3124 4076 ταῦτα
3170 4023 3247 4094 μὴ
3280 4019 3591 4097 πρόσεστιν,
3625 4019 3788 4098 ἰσχὺς

2134 4111 2300 4184 ἄρτου
2357 4109 2447 4164 καὶ
2508 4107 2667 4184 ἰσχὺς
2726 4105 2917 4173 ὕδατος
2950 4108 3063 4186 οὐχ
3097 4111 3354 4189 ὑπάρχει.
3388 4115 3561 4167 ’Ὀπου
3615 4108 3672 4166 δὶ
3730 4111 3789 4166 αἰ

2129 4199 2328 4278 τροφαὶ
2388 4199 2649 4271 ἀσθενεῖς,
2683 4196 2795 4254 ἐκεῖ
2851 4199 3055 4275 ἀνάγκη
3087 4200 3177 4256 καὶ
3232 4200 3364 4266 τοὺς
3419 4201 3790 4280 τρεφομένους

2133 4290 2267 4345 εῖναι
2297 4287 2603 4351 τοιούτους.

435 4470 559 4526 100.
589 4471 871 4528 Caeterum
903 4471 1059 4528 absit
1092 4475 1158 4526 ut
1185 4469 1446 4527 Ecclesia
1476 4470 1728 4544 peccatis
1775 4470 2014 4528 Jerusa-

2205 4471 2326 4526 100.
2356 4466 2528 4526 Ἀλλὰ
2577 4469 2654 4542 μὴ
2711 4470 2919 4545 γένοιτο
2978 4475 3168 4534 παθεῖν
3199 4470 3299 4540 τὴν
3331 4467 3668 4541 Ἐκκλησίαν
3718 4468 3792 4526 τᾶ.

359 4557 478 4614 lem
509 4559 590 4616 sit
617 4559 1040 4628 obnoxia,adeo
1065 4563 1130 4616 ut
1150 4561 1222 4616 ab
1255 4575 1322 4615 ea
1344 4577 1416 4616 au
1429 4561 1650 4616 feratur
1672 4560 1774 4632 qui
1807 4565 2014 4632 potens

2137 4560 2496 4632 ἶιμαρτήματα
2575 4561 2674 4627 τῆς
2745 4557 3149 4635 Ἰερουσαλὴμ,
3206 4558 3344 4615 ὥστε

357 4647 435 4704 sit
463 4647 523 4703 in
545 4649 707 4704 omni
730 4665 902 4721 Opere
934 4651 1089 4706 bono
1125 4654 1184 4705 et
1207 4666 1478 4705 sermone
1512 4651 1580 4705 ad
1632 4666 2013 4722 prOpugnan-

3429 4559 3785 4638 ἀφαιρεθῆνατ

2125 4649 2292 4719 αὐτῆς
2327 4650 2439 4722 (54)
2469 4647 2734 4724 ἰσχύοντα
2764 4647 2818 4704 ἰν
2851 4648 3012 4705 παντὶ
3045 4645 3187 4725 ἔργῳ
3244 4649 3428 4724 ἀγαθῷ
3481 4648 3572 4704 καὶ
3630 4648 3789 4725 λόγῳ

358 4737 496 4794 dam
551 4738 854 4795 veritatem
921 4739 1132 4795 idoneo
1162 4759 1176 4808 ;
1209 4739 1308 4810 qui
1344 4739 1544 4794 itidem
1581 4745 1788 4811 potens
1820 4740 1897 4796 sit
1953 4739 2011 4796 in

2137 4744 2202 4812 τῷ
2238 4739 2370 4814 ὑπὲρ
2391 4742 2491 4804 τῆς
2525 4737 2804 4808 ἀληθείας,
2840 4737 3102 4816 ἰσχύδντα
3145 4737 3198 4794 ἐν
3229 4739 3522 4813 νηστείαις,
3559 4737 3786 4814 ἰσχύον.

349 4828 620 4900 Jejuniis,
654 4833 864 4901 potens
895 4829 954 4884 in
987 4827 1426 4902 precationibus
1454 4846 1467 4897 ;
1515 4830 1679 4885 fortis
1710 4830 1769 4884 in
1827 4833 2014 4887 tenta-

2119 4849 2188 4884 τα
2245 4828 2296 4883 ἐν
2357 4833 2716 4905 προσευχαῖς,
2752 4827 3013 4904 ἰσχύοντα
3064 4828 3117 4884 ἂν
3177 4834 3527 4905 πειρασμοῖς,
3556 4827 3784 4904 ἰσχύον-

428 4927 472 5002 'f
502 4932 551 4984 II
601 4931 728 4985 Cor.
782 4945 914 5002 xm,
961 4929 1057 5002 Alit
1104 4927 1166 5002 ‘_’_
1205 4925 1386 5002 Joan._
1441 4945 1574 5002 vin,
1608 4930 1709 5002 24.
1742 5001 1748 5002 ί
1777 4929 1832 5002 ,⁸ο
1877 4928 2020 5002 ,ἶίοιιη

2183 4930 2275 4985 25.
2353 4929 2394 4965 ει
2433 4928 2665 5002 ᾗΡδίιίρ

2672 4931 3018 5003 ρ.λιν;η13.
3097 4930 3144 4966 ⁸³
3241 4932 3383 4988 Gen.
3484 4947 3601 5001 ιιι,
3689 4929 3784 5003 12,

353 5000 399 5036 ⁸⁸
429 4999 573 5057 Gen.
604 5017 755 5070 xxxv,
788 4998 907 5058 l9.'
955 5000 1000 5036 ⁸⁴
1027 4998 1223 5057 Judic.
1255 5015 1329 5069 ιν,
1361 5000 1395 5054 9
1467 5000 1512 5035 ⁸⁵
1541 4999 1683 5056 ibid.
1731 5001 1817 5057 17.
1896 5001 1941 5036 ⁸⁸
1967 5005 1986 5056 l
2017 5001 2020 5008 ’

2139 5044 2151 5057 .
2188 5019 2227 5074 1,
2258 5002 2349 5056 20.
2425 4998 2698 5074 “Lucii,
2720 5001 2810 5057 42.
2888 5002 2932 5037 ⁸⁸
2959 5002 3133 5059 Joan.
3165 5019 3242 5074 v1,
3265 5003 3355 5060 56.

426 5097 785 5171 (49)Titulus
807 5100 1006 5171 nullus
1026 5101 1084 5156 in
1109 5097 1327 5156 nostris
1352 5099 2006 5167 mss.invenitur.Editi,

356 5166 459 5226 δι’.
497 5166 572 5243 At
605 5188 774 5243 mss.,
804 5169 893 5243 δή.

2119 5101 2372 5165 cundus,
2405 5095 2605 5167 Ἰούδα,
2637 5105 2688 5158 et
2717 5118 2749 5156 η
2779 5101 2941 5158 Juda.

2190 5174 2300 5244 (52)
2343 5172 2615 5250 [Uterque
2672 5174 2832 5231 Colb.
2892 5179 2950 5230 et
3010 5173 3148 5246 Reg.
3210 5174 3523 5244 secundus,
3577 5171 3791 5250 ἄρχου-

423 5239 907 5320 A_l_ii__r_nss:.,
968 5240 1198 5320 ἐκείνοις
1255 5239 1541 5320 ἰναφῆκεν,
1601 5245 1734 5316 Alii,
1785 5241 2006 5307 ἐκείνοις

2137 5239 2462 5320 religion-ita
2477 5239 2658 5320 recte.

352 5311 784 5390 dquigimﬂEditi,
817 5311 1000 5390 αύτοῖς
1027 5314 1315 5390 ἐναφῆκεν.

417 5379 529 5462 (51)
573 5379 829 5462 ῌάὶῑίκὶῇ
863 5385 1092 5462 διανοίᾳ.
1129 5379 1238 5446 sed
1272 5392 1658 5462 praeterquam
1694 5388 1848 5460 quod
1893 5405 2001 5443 vox

2137 5379 2348 5462 teritur
2373 5389 2433 5444 in
2467 5389 2729 5462 quinque
2759 5379 3056 5446 veteribus
3078 5379 3276 5462 libris,

347 5453 560 5535 διανοίᾳ
590 5457 652 5514 in
687 5453 828 5535 mss.
859 5479 973 5517 non
1000 5453 1237 5534 legitur,
1260 5453 1389 5517 eam
1412 5453 1612 5517 vocem
1640 5453 1882 5535 prorsus
1912 5479 1999 5517 re-

345 5530 615 5604 dundare
638 5530 723 5587 vel
757 5548 904 5589 casco
937 5530 1206 5604 apparet.

407 5603 562 5682 (§1‘)_
581 5601 798 5682 Rartim
824 5599 1046 5682 habent
1076 5623 1246 5682 mss.,_
1304 5599 1549 5682 ἀφεῖλεν·

1659 5605 1835 5682 artim
1890 5605 1960 5682 ἀφ
1975 5636 1993 5649 ο

338 5671 481 5744 alii,
511 5671 570 5732 et
599 5675 681 5732 ita
709 5693 943 5750 quoque
972 5679 1034 5735 in
1055 5677 1281 5735 excusis
1311 5671 1550 5752 legitur.

1649 5695 1721 5736 ox
1749 5681 1886 5752 Reg.
1899 5681 1994 5736 se-

2187 5317 2300 5404 (ᾇςό)
2333 5316 2438 5402 Ubi
2474 5318 2530 5372 in
2554 5317 2741 5400 editis
2792 5316 2990 5404 βρῶμα
3019 5316 3277 5404 legimus
3314 5316 3626 5404 “scriptum
3682 5335 3778 5376 re-

3388 5409 3540 5451 ωσις.

2189 5390 2344 5443 ritur
2373 5390 2433 5444 in
2467 5390 2729 5462 quinque
2759 5390 3056 5473 veteribus
3086 5390 3276 5476 libris,
3314 5390 3540 5518 βρῶσις.

2182 5461 2293 5543 (ῥά)
2325 5460 2412 5543 _It_a
2445 5477 2544 5516 sex
2575 5461 3258 5543 m83._At'edltl,.av510tc.
3292 5465 3336 5518 A
3367 5467 3610 5543 lquanto
3634 5468 3781 5543 post

2109 5530 2254 5587 editi
2285 5537 2343 5610 et
2372 5537 2491 5610 tres
2523 5549 2692 5608 mss,
2726 5530 3074 5609 ἰσχύονταιν
3108 5530 3459 5610 πειρασμοῖς.
3498 5534 3611 5591 Alii
3634 5530 3779 5594 tres

2107 5600 2339 5672 mss.,tv
2367 5603 2550 5682 πείρᾳ.
