  <div class='ocr_page' id='page_1' title='image "/cluster/home/n/w/nwhite01/storage/ocr_20150623/30:no.2/coo.31924054873116/152.png"; bbox 0 0 4130 6378; ppageno 0'>
   <div class='ocr_carea' id='block_1_1' title="bbox 1156 330 2931 395">
    <p class='ocr_par' dir='ltr' id='par_1_1' title="bbox 1156 330 2931 395">
     <span class='ocr_line' id='line_1_1' title="bbox 1156 330 2931 395; baseline -0.003 -1"><span class='ocrx_word' id='word_1_1' title='bbox 1156 331 1565 395; x_wconf 84' lang='lat' dir='ltr'>COMMENT.</span> <span class='ocrx_word' id='word_1_2' title='bbox 1610 331 1690 392; x_wconf 86' lang='lat' dir='ltr'>IN</span> <span class='ocrx_word' id='word_1_3' title='bbox 1734 331 2007 393; x_wconf 81' lang='lat' dir='ltr'>ISAIAM</span> <span class='ocrx_word' id='word_1_4' title='bbox 2048 330 2557 392; x_wconf 80' lang='lat' dir='ltr'>PROPHETAM.</span> <span class='ocrx_word' id='word_1_5' title='bbox 2603 330 2775 392; x_wconf 79' lang='lat' dir='ltr'><strong>CAP.</strong></span> <span class='ocrx_word' id='word_1_6' title='bbox 2820 330 2931 391; x_wconf 89' lang='lat' dir='ltr'>III.</span> 
     </span>
    </p>
   </div>
   <div class='ocr_carea' id='block_1_2' title="bbox 327 459 1978 540">
    <p class='ocr_par' dir='ltr' id='par_1_2' title="bbox 327 459 1978 540">
     <span class='ocr_line' id='line_1_2' title="bbox 327 459 1978 540; baseline -0.001 -24"><span class='ocrx_word' id='word_1_7' title='bbox 327 481 398 516; x_wconf 89' lang='grc' dir='ltr'>τα</span> <span class='ocrx_word' id='word_1_8' title='bbox 453 460 505 516; x_wconf 70' lang='grc' dir='ltr'>ἐν</span> <span class='ocrx_word' id='word_1_9' title='bbox 577 461 853 536; x_wconf 79' lang='grc' dir='ltr'>ὑπομονῇ,</span> <span class='ocrx_word' id='word_1_10' title='bbox 912 459 963 516; x_wconf 66' lang='grc' dir='ltr'>ἐν</span> <span class='ocrx_word' id='word_1_11' title='bbox 1016 462 1495 540; x_wconf 75' lang='grc' dir='ltr'>ταπεινοφροσύνῃ,</span> <span class='ocrx_word' id='word_1_12' title='bbox 1556 463 1608 516; x_wconf 75' lang='grc' dir='ltr'>ἑν</span> <span class='ocrx_word' id='word_1_13' title='bbox 1674 466 1754 534; x_wconf 81' lang='grc' dir='ltr'>τῷ</span> <span class='ocrx_word' id='word_1_14' title='bbox 1811 481 1978 535; x_wconf 83' lang='grc' dir='ltr'>κεφα-</span> 
     </span>
    </p>
   </div>
   <div class='ocr_carea' id='block_1_3' title="bbox 2093 459 3744 540">
    <p class='ocr_par' dir='ltr' id='par_1_3' title="bbox 2095 460 3744 534">
     <span class='ocr_line' id='line_1_3' title="bbox 2095 460 3744 534; baseline 0 -18"><span class='ocrx_word' id='word_1_15' title='bbox 2095 461 2377 529; x_wconf 78' lang='lat' dir='ltr'>tionibus,</span> <span class='ocrx_word' id='word_1_16' title='bbox 2405 462 2572 518; x_wconf 88' lang='lat' dir='ltr'>fortis</span> <span class='ocrx_word' id='word_1_17' title='bbox 2602 463 2660 517; x_wconf 92' lang='lat' dir='ltr'>in</span> <span class='ocrx_word' id='word_1_18' title='bbox 2694 461 2996 534; x_wconf 85' lang='lat' dir='ltr'>patientia,</span> <span class='ocrx_word' id='word_1_19' title='bbox 3028 461 3087 516; x_wconf 92' lang='lat' dir='ltr'>in</span> <span class='ocrx_word' id='word_1_20' title='bbox 3120 460 3474 528; x_wconf 89' lang='lat' dir='ltr'>humilitate,</span> <span class='ocrx_word' id='word_1_21' title='bbox 3504 462 3564 517; x_wconf 91' lang='lat' dir='ltr'>in</span> <span class='ocrx_word' id='word_1_22' title='bbox 3597 478 3744 534; x_wconf 76' lang='lat' dir='ltr'>pm-</span> 
     </span>
    </p>
   </div>
   <div class='ocr_carea' id='block_1_4' title="bbox 329 548 1983 628">
    <p class='ocr_par' dir='ltr' id='par_1_4' title="bbox 329 548 1983 628">
     <span class='ocr_line' id='line_1_4' title="bbox 329 548 1983 628; baseline -0.002 -21"><span class='ocrx_word' id='word_1_23' title='bbox 329 549 468 622; x_wconf 87' lang='grc' dir='ltr'>λαίῳ</span> <span class='ocrx_word' id='word_1_24' title='bbox 497 554 605 604; x_wconf 90' lang='grc' dir='ltr'>τῶν</span> <span class='ocrx_word' id='word_1_25' title='bbox 638 548 902 620; x_wconf 82' lang='grc' dir='ltr'>ἐντολῶν,</span> <span class='ocrx_word' id='word_1_26' title='bbox 934 555 1002 626; x_wconf 78' lang='grc' dir='ltr'>τῇ</span> <span class='ocrx_word' id='word_1_27' title='bbox 1035 552 1243 628; x_wconf 81' lang='grc' dir='ltr'>ἀγάπῃ·</span> <span class='ocrx_word' id='word_1_28' title='bbox 1279 552 1489 625; x_wconf 88' lang='grc' dir='ltr'>ὁμοίως</span> <span class='ocrx_word' id='word_1_29' title='bbox 1521 549 1579 606; x_wconf 68' lang='grc' dir='ltr'>δὲ</span> <span class='ocrx_word' id='word_1_30' title='bbox 1637 552 1726 606; x_wconf 85' lang='grc' dir='ltr'>καὶ</span> <span class='ocrx_word' id='word_1_31' title='bbox 1759 549 1983 626; x_wconf 75' lang='grc' dir='ltr'>ἰσχύου-</span> 
     </span>
    </p>
   </div>
   <div class='ocr_carea' id='block_1_5' title="bbox 327 637 1980 718">
    <p class='ocr_par' dir='ltr' id='par_1_5' title="bbox 327 637 1980 718">
     <span class='ocr_line' id='line_1_5' title="bbox 327 637 1980 718; baseline 0 -24"><span class='ocrx_word' id='word_1_32' title='bbox 327 660 420 694; x_wconf 85' lang='grc' dir='ltr'>σαν</span> <span class='ocrx_word' id='word_1_33' title='bbox 473 637 524 694; x_wconf 84' lang='grc' dir='ltr'>ἐν</span> <span class='ocrx_word' id='word_1_34' title='bbox 586 639 896 718; x_wconf 72' lang='grc' dir='ltr'>ἀφθαρσίᾳ,</span> <span class='ocrx_word' id='word_1_35' title='bbox 957 640 1011 696; x_wconf 79' lang='grc' dir='ltr'>ἐν</span> <span class='ocrx_word' id='word_1_36' title='bbox 1075 643 1418 716; x_wconf 89' lang='grc' dir='ltr'>σεμνότητι,</span> <span class='ocrx_word' id='word_1_37' title='bbox 1477 640 1528 696; x_wconf 69' lang='grc' dir='ltr'>ἐν</span> <span class='ocrx_word' id='word_1_38' title='bbox 1598 640 1980 715; x_wconf 71' lang='grc' dir='ltr'>ἐλεημοσύνη,</span> 
     </span>
    </p>
   </div>
   <div class='ocr_carea' id='block_1_6' title="bbox 327 727 1985 806">
    <p class='ocr_par' dir='ltr' id='par_1_6' title="bbox 327 727 1985 806">
     <span class='ocr_line' id='line_1_6' title="bbox 327 727 1985 806; baseline 0.001 -23"><span class='ocrx_word' id='word_1_39' title='bbox 327 729 378 784; x_wconf 67' lang='grc' dir='ltr'>ὲν</span> <span class='ocrx_word' id='word_1_40' title='bbox 436 733 504 804; x_wconf 77' lang='grc' dir='ltr'>τῇ</span> <span class='ocrx_word' id='word_1_41' title='bbox 553 727 852 806; x_wconf 71' lang='grc' dir='ltr'>προσεδρίᾳ</span> <span class='ocrx_word' id='word_1_42' title='bbox 906 736 1013 786; x_wconf 89' lang='grc' dir='ltr'>τῶν</span> <span class='ocrx_word' id='word_1_43' title='bbox 1067 729 1328 803; x_wconf 85' lang='grc' dir='ltr'>δεήσεων,</span> <span class='ocrx_word' id='word_1_44' title='bbox 1378 731 1429 786; x_wconf 77' lang='grc' dir='ltr'>ἐν</span> <span class='ocrx_word' id='word_1_45' title='bbox 1487 737 1606 796; x_wconf 89' lang='grc' dir='ltr'>τοῖς</span> <span class='ocrx_word' id='word_1_46' title='bbox 1641 731 1836 792; x_wconf 81' lang='grc' dir='ltr'>κόποις</span> <span class='ocrx_word' id='word_1_47' title='bbox 1884 733 1985 795; x_wconf 82' lang='grc' dir='ltr'>τῆς</span> 
     </span>
    </p>
   </div>
   <div class='ocr_carea' id='block_1_7' title="bbox 329 816 1982 897">
    <p class='ocr_par' dir='ltr' id='par_1_7' title="bbox 329 816 1982 897">
     <span class='ocr_line' id='line_1_7' title="bbox 329 816 1982 897; baseline 0.001 -24"><span class='ocrx_word' id='word_1_48' title='bbox 329 817 654 895; x_wconf 79' lang='grc' dir='ltr'>ἀγρυπνίας·</span> <span class='ocrx_word' id='word_1_49' title='bbox 713 817 854 894; x_wconf 64' lang='grc' dir='ltr'>μηδὲ</span> <span class='ocrx_word' id='word_1_50' title='bbox 908 821 1008 890; x_wconf 78' lang='grc' dir='ltr'>τὴν</span> <span class='ocrx_word' id='word_1_51' title='bbox 1060 827 1158 877; x_wconf 87' lang='grc' dir='ltr'>τοῦ</span> <span class='ocrx_word' id='word_1_52' title='bbox 1216 820 1380 897; x_wconf 84' lang='grc' dir='ltr'>ἄρτου</span> <span class='ocrx_word' id='word_1_53' title='bbox 1433 821 1524 877; x_wconf 85' lang='grc' dir='ltr'>καὶ</span> <span class='ocrx_word' id='word_1_54' title='bbox 1583 816 1775 884; x_wconf 80' lang='grc' dir='ltr'>ὕδατος</span> <span class='ocrx_word' id='word_1_55' title='bbox 1823 818 1982 896; x_wconf 72' lang='grc' dir='ltr'>ἰσχὺν</span> 
     </span>
    </p>
   </div>
   <div class='ocr_carea' id='block_1_8' title="bbox 330 909 1984 988">
    <p class='ocr_par' dir='ltr' id='par_1_8' title="bbox 330 909 1984 988">
     <span class='ocr_line' id='line_1_8' title="bbox 330 909 1984 988; baseline -0.001 -24"><span class='ocrx_word' id='word_1_56' title='bbox 330 915 432 979; x_wconf 84' lang='grc' dir='ltr'>τῆς</span> <span class='ocrx_word' id='word_1_57' title='bbox 461 910 888 987; x_wconf 79' lang='grc' dir='ltr'>τροφιμωτάτης</span> <span class='ocrx_word' id='word_1_58' title='bbox 918 915 1015 964; x_wconf 92' lang='grc' dir='ltr'>τοῦ</span> <span class='ocrx_word' id='word_1_59' title='bbox 1047 909 1216 988; x_wconf 84' lang='grc' dir='ltr'>λόγου</span> <span class='ocrx_word' id='word_1_60' title='bbox 1248 909 1534 984; x_wconf 86' lang='grc' dir='ltr'>δυνάμεως</span> <span class='ocrx_word' id='word_1_61' title='bbox 1577 912 1677 982; x_wconf 80' lang='grc' dir='ltr'>τὴν</span> <span class='ocrx_word' id='word_1_62' title='bbox 1728 909 1984 988; x_wconf 81' lang='grc' dir='ltr'>ἀφορμὴν</span> 
     </span>
    </p>
   </div>
   <div class='ocr_carea' id='block_1_9' title="bbox 333 997 1984 1076">
    <p class='ocr_par' dir='ltr' id='par_1_9' title="bbox 333 997 1984 1076">
     <span class='ocr_line' id='line_1_9' title="bbox 333 997 1984 1076; baseline -0.001 -23"><span class='ocrx_word' id='word_1_63' title='bbox 333 997 728 1076; x_wconf 70' lang='grc' dir='ltr'>ἀφαιρεθῆναι·</span> <span class='ocrx_word' id='word_1_64' title='bbox 781 999 856 1062; x_wconf 86' lang='grc' dir='ltr'>ὡς</span> <span class='ocrx_word' id='word_1_65' title='bbox 922 998 1178 1057; x_wconf 66' lang='grc' dir='ltr'>ἐπέλιπεν</span> <span class='ocrx_word' id='word_1_66' title='bbox 1227 998 1527 1065; x_wconf 80' lang='grc' dir='ltr'>Ἰουδαίους</span> <span class='ocrx_word' id='word_1_67' title='bbox 1573 1002 1608 1070; x_wconf 77' lang='grc' dir='ltr'>ἡ</span> <span class='ocrx_word' id='word_1_68' title='bbox 1661 997 1819 1075; x_wconf 75' lang='grc' dir='ltr'>ἰσχὺς</span> <span class='ocrx_word' id='word_1_69' title='bbox 1885 1002 1984 1052; x_wconf 87' lang='grc' dir='ltr'>τοῦ</span> 
     </span>
    </p>
   </div>
   <div class='ocr_carea' id='block_1_10' title="bbox 333 1086 1983 1166">
    <p class='ocr_par' dir='ltr' id='par_1_10' title="bbox 333 1086 1983 1166">
     <span class='ocr_line' id='line_1_10' title="bbox 333 1086 1983 1166; baseline -0.001 -23"><span class='ocrx_word' id='word_1_70' title='bbox 333 1093 676 1166; x_wconf 76' lang='grc' dir='ltr'>προφητικοῦ</span> <span class='ocrx_word' id='word_1_71' title='bbox 720 1089 1052 1162; x_wconf 87' lang='grc' dir='ltr'>πνεύματος,</span> <span class='ocrx_word' id='word_1_72' title='bbox 1085 1090 1172 1145; x_wconf 85' lang='grc' dir='ltr'>καὶ</span> <span class='ocrx_word' id='word_1_73' title='bbox 1226 1087 1516 1164; x_wconf 84' lang='grc' dir='ltr'>κατάδιψοι</span> <span class='ocrx_word' id='word_1_74' title='bbox 1570 1088 1739 1165; x_wconf 88' lang='grc' dir='ltr'>λόγου</span> <span class='ocrx_word' id='word_1_75' title='bbox 1774 1086 1983 1164; x_wconf 70' lang='grc' dir='ltr'>τυγχάο</span> 
     </span>
    </p>
   </div>
   <div class='ocr_carea' id='block_1_11' title="bbox 335 1174 1982 1256">
    <p class='ocr_par' dir='ltr' id='par_1_11' title="bbox 335 1174 1982 1256">
     <span class='ocr_line' id='line_1_11' title="bbox 335 1174 1982 1256; baseline 0 -24"><span class='ocrx_word' id='word_1_76' title='bbox 335 1198 534 1249; x_wconf 82' lang='grc' dir='ltr'>νουσιν,</span> <span class='ocrx_word' id='word_1_77' title='bbox 568 1178 956 1251; x_wconf 63' lang='grc' dir='ltr'>ἐπιθυμοῦντες</span> <span class='ocrx_word' id='word_1_78' title='bbox 1004 1178 1172 1256; x_wconf 83' lang='grc' dir='ltr'>λόγου</span> <span class='ocrx_word' id='word_1_79' title='bbox 1205 1182 1320 1255; x_wconf 89' lang='grc'>(55)</span> <span class='ocrx_word' id='word_1_80' title='bbox 1360 1183 1515 1252; x_wconf 90' lang='grc' dir='ltr'>Θεοῦ,</span> <span class='ocrx_word' id='word_1_81' title='bbox 1547 1179 1638 1234; x_wconf 81' lang='grc' dir='ltr'>καὶ</span> <span class='ocrx_word' id='word_1_82' title='bbox 1698 1178 1774 1252; x_wconf 79' lang='grc' dir='ltr'>μὴ</span> <span class='ocrx_word' id='word_1_83' title='bbox 1821 1174 1982 1252; x_wconf 68' lang='grc' dir='ltr'>ἔχον-</span> 
     </span>
    </p>
   </div>
   <div class='ocr_carea' id='block_1_12' title="bbox 333 1264 1981 1345">
    <p class='ocr_par' dir='ltr' id='par_1_12' title="bbox 333 1264 1981 1345">
     <span class='ocr_line' id='line_1_12' title="bbox 333 1264 1981 1345; baseline -0.001 -24"><span class='ocrx_word' id='word_1_84' title='bbox 333 1286 437 1331; x_wconf 87' lang='grc' dir='ltr'>τες.</span> <span class='ocrx_word' id='word_1_85' title='bbox 475 1265 692 1344; x_wconf 83' lang='grc' dir='ltr'>Ἀφεῖλε</span> <span class='ocrx_word' id='word_1_86' title='bbox 721 1269 822 1344; x_wconf 79' lang='grc' dir='ltr'>γὰρ</span> <span class='ocrx_word' id='word_1_87' title='bbox 854 1268 1052 1344; x_wconf 84' lang='grc' dir='ltr'>Κύριος</span> <span class='ocrx_word' id='word_1_88' title='bbox 1081 1268 1242 1344; x_wconf 75' lang='grc' dir='ltr'>ῗσχὺν</span> <span class='ocrx_word' id='word_1_89' title='bbox 1298 1270 1466 1345; x_wconf 81' lang='grc' dir='ltr'>ἄρτου</span> <span class='ocrx_word' id='word_1_90' title='bbox 1513 1268 1605 1323; x_wconf 84' lang='grc' dir='ltr'>καὶ</span> <span class='ocrx_word' id='word_1_91' title='bbox 1651 1265 1811 1343; x_wconf 77' lang='grc' dir='ltr'>ἰσχὺν</span> <span class='ocrx_word' id='word_1_92' title='bbox 1851 1264 1981 1321; x_wconf 77' lang='grc' dir='ltr'>ὕδα-</span> 
     </span>
    </p>
   </div>
   <div class='ocr_carea' id='block_1_13' title="bbox 330 1354 1981 1435">
    <p class='ocr_par' dir='ltr' id='par_1_13' title="bbox 330 1354 1981 1435">
     <span class='ocr_line' id='line_1_13' title="bbox 330 1354 1981 1435; baseline 0 -25"><span class='ocrx_word' id='word_1_93' title='bbox 330 1374 444 1418; x_wconf 83' lang='grc' dir='ltr'>τος.</span> <span class='ocrx_word' id='word_1_94' title='bbox 479 1357 632 1413; x_wconf 84' lang='grc' dir='ltr'>Ἐστι</span> <span class='ocrx_word' id='word_1_95' title='bbox 685 1357 780 1430; x_wconf 77' lang='grc' dir='ltr'>μὶν</span> <span class='ocrx_word' id='word_1_96' title='bbox 835 1356 928 1414; x_wconf 79' lang='grc' dir='ltr'>οὖν</span> <span class='ocrx_word' id='word_1_97' title='bbox 984 1379 1068 1422; x_wconf 85' lang='grc' dir='ltr'>τις</span> <span class='ocrx_word' id='word_1_98' title='bbox 1119 1360 1208 1414; x_wconf 89' lang='grc' dir='ltr'>καὶ</span> <span class='ocrx_word' id='word_1_99' title='bbox 1243 1359 1530 1435; x_wconf 81' lang='grc' dir='ltr'>παρ’ἡμῖν</span> <span class='ocrx_word' id='word_1_100' title='bbox 1589 1358 1790 1435; x_wconf 78' lang='grc' dir='ltr'>τροφὴ,</span> <span class='ocrx_word' id='word_1_101' title='bbox 1822 1354 1981 1432; x_wconf 80' lang='grc' dir='ltr'>ἱσχὺν</span> 
     </span>
    </p>
   </div>
   <div class='ocr_carea' id='block_1_14' title="bbox 333 1443 1983 1523">
    <p class='ocr_par' dir='ltr' id='par_1_14' title="bbox 333 1443 1983 1523">
     <span class='ocr_line' id='line_1_14' title="bbox 333 1443 1983 1523; baseline 0.001 -25"><span class='ocrx_word' id='word_1_102' title='bbox 333 1443 430 1516; x_wconf 80' lang='grc' dir='ltr'>μὶν</span> <span class='ocrx_word' id='word_1_103' title='bbox 471 1444 571 1500; x_wconf 78' lang='grc' dir='ltr'>οὐκ</span> <span class='ocrx_word' id='word_1_104' title='bbox 619 1445 903 1516; x_wconf 78' lang='grc' dir='ltr'>ἑντιθεῖσα,</span> <span class='ocrx_word' id='word_1_105' title='bbox 952 1448 1310 1520; x_wconf 70' lang='grc' dir='ltr'>ἀποθνήσκειν</span> <span class='ocrx_word' id='word_1_106' title='bbox 1373 1446 1430 1503; x_wconf 87' lang='grc' dir='ltr'>δε</span> <span class='ocrx_word' id='word_1_107' title='bbox 1500 1448 1598 1503; x_wconf 85' lang='grc' dir='ltr'>οὐκ</span> <span class='ocrx_word' id='word_1_108' title='bbox 1657 1445 1983 1523; x_wconf 67' lang='grc' dir='ltr'>ἐπιτρέπου-</span> 
     </span>
    </p>
   </div>
   <div class='ocr_carea' id='block_1_15' title="bbox 329 1533 1982 1612">
    <p class='ocr_par' dir='ltr' id='par_1_15' title="bbox 329 1533 1982 1612">
     <span class='ocr_line' id='line_1_15' title="bbox 329 1533 1982 1612; baseline 0.002 -25"><span class='ocrx_word' id='word_1_109' title='bbox 329 1553 416 1587; x_wconf 77' lang='grc' dir='ltr'>σαο</span> <span class='ocrx_word' id='word_1_110' title='bbox 451 1533 648 1590; x_wconf 74' lang='grc' dir='ltr'>δποίαν</span> <span class='ocrx_word' id='word_1_111' title='bbox 673 1535 888 1601; x_wconf 84' lang='grc' dir='ltr'>Παῦλος</span> <span class='ocrx_word' id='word_1_112' title='bbox 917 1542 1041 1600; x_wconf 86' lang='grc' dir='ltr'>τοῖς</span> <span class='ocrx_word' id='word_1_113' title='bbox 1096 1535 1172 1593; x_wconf 68' lang='grc' dir='ltr'>ἔτι</span> <span class='ocrx_word' id='word_1_114' title='bbox 1231 1536 1448 1609; x_wconf 82' lang='grc' dir='ltr'>νηπίοις</span> <span class='ocrx_word' id='word_1_115' title='bbox 1497 1536 1550 1592; x_wconf 72' lang='grc' dir='ltr'>ἰν</span> <span class='ocrx_word' id='word_1_116' title='bbox 1601 1537 1823 1612; x_wconf 86' lang='grc' dir='ltr'>Χριστῷ</span> <span class='ocrx_word' id='word_1_117' title='bbox 1879 1541 1982 1590; x_wconf 79' lang='lat' dir='ltr'>K0-</span> 
     </span>
    </p>
   </div>
   <div class='ocr_carea' id='block_1_16' title="bbox 329 1623 1979 1702">
    <p class='ocr_par' dir='ltr' id='par_1_16' title="bbox 329 1623 1979 1702">
     <span class='ocr_line' id='line_1_16' title="bbox 329 1623 1979 1702; baseline 0.002 -26"><span class='ocrx_word' id='word_1_118' title='bbox 329 1623 558 1699; x_wconf 85' lang='grc' dir='ltr'>ρινθίοις</span> <span class='ocrx_word' id='word_1_119' title='bbox 614 1628 1029 1702; x_wconf 84' lang='grc' dir='ltr'>παρασκευάζει.</span> <span class='ocrx_word' id='word_1_120' title='bbox 1090 1629 1240 1683; x_wconf 86' lang='grc' dir='ltr'>Ἔστι</span> <span class='ocrx_word' id='word_1_121' title='bbox 1293 1625 1350 1682; x_wconf 78' lang='grc' dir='ltr'>δὶ</span> <span class='ocrx_word' id='word_1_122' title='bbox 1405 1627 1496 1682; x_wconf 86' lang='grc' dir='ltr'>καὶ</span> <span class='ocrx_word' id='word_1_123' title='bbox 1563 1625 1779 1702; x_wconf 80' lang='grc' dir='ltr'>λάχανα</span> <span class='ocrx_word' id='word_1_124' title='bbox 1827 1626 1979 1690; x_wconf 67' lang='lat' dir='ltr'>aco:-</span> 
     </span>
    </p>
   </div>
   <div class='ocr_carea' id='block_1_17' title="bbox 327 1710 1980 1794">
    <p class='ocr_par' dir='ltr' id='par_1_17' title="bbox 327 1710 1980 1794">
     <span class='ocr_line' id='line_1_17' title="bbox 327 1710 1980 1794; baseline 0.002 -28"><span class='ocrx_word' id='word_1_125' title='bbox 327 1710 567 1769; x_wconf 87' lang='grc' dir='ltr'>νούντων</span> <span class='ocrx_word' id='word_1_126' title='bbox 615 1717 830 1794; x_wconf 75' lang='grc' dir='ltr'>τροφήσ</span> <span class='ocrx_word' id='word_1_127' title='bbox 884 1713 995 1772; x_wconf 75' lang='grc' dir='ltr'>ἔστι</span> <span class='ocrx_word' id='word_1_128' title='bbox 1053 1714 1111 1772; x_wconf 74' lang='grc' dir='ltr'>δὲ</span> <span class='ocrx_word' id='word_1_129' title='bbox 1165 1716 1254 1772; x_wconf 88' lang='grc' dir='ltr'>καὶ</span> <span class='ocrx_word' id='word_1_130' title='bbox 1312 1714 1546 1780; x_wconf 86' lang='grc' dir='ltr'>τελείοις</span> <span class='ocrx_word' id='word_1_131' title='bbox 1595 1713 1900 1787; x_wconf 73' lang='grc' dir='ltr'>ὶπιτήδειον</span> <span class='ocrx_word' id='word_1_132' title='bbox 1945 1715 1980 1785; x_wconf 85' lang='grc' dir='ltr'>ὴ</span> 
     </span>
    </p>
   </div>
   <div class='ocr_carea' id='block_1_18' title="bbox 328 1803 1978 1882">
    <p class='ocr_par' dir='ltr' id='par_1_18' title="bbox 328 1803 1978 1882">
     <span class='ocr_line' id='line_1_18' title="bbox 328 1803 1978 1882; baseline 0.003 -27"><span class='ocrx_word' id='word_1_133' title='bbox 328 1803 519 1876; x_wconf 80' lang='grc' dir='ltr'>στερεὰ</span> <span class='ocrx_word' id='word_1_134' title='bbox 567 1806 767 1882; x_wconf 79' lang='grc' dir='ltr'>τροφὴ,</span> <span class='ocrx_word' id='word_1_135' title='bbox 797 1810 906 1860; x_wconf 89' lang='grc' dir='ltr'>τῶν</span> <span class='ocrx_word' id='word_1_136' title='bbox 968 1804 1058 1862; x_wconf 78' lang='grc' dir='ltr'>διὰ</span> <span class='ocrx_word' id='word_1_137' title='bbox 1090 1807 1192 1877; x_wconf 80' lang='grc' dir='ltr'>τὴν</span> <span class='ocrx_word' id='word_1_138' title='bbox 1241 1803 1348 1876; x_wconf 71' lang='grc' dir='ltr'>ἕξιν</span> <span class='ocrx_word' id='word_1_139' title='bbox 1394 1806 1462 1861; x_wconf 77' lang='grc' dir='ltr'>τὰ</span> <span class='ocrx_word' id='word_1_140' title='bbox 1513 1805 1842 1880; x_wconf 81' lang='grc' dir='ltr'>αἲσθητήρια</span> <span class='ocrx_word' id='word_1_141' title='bbox 1892 1825 1978 1879; x_wconf 87' lang='grc' dir='ltr'>γε·</span> 
     </span>
    </p>
   </div>
   <div class='ocr_carea' id='block_1_19' title="bbox 326 1892 1980 1972">
    <p class='ocr_par' dir='ltr' id='par_1_19' title="bbox 326 1892 1980 1972">
     <span class='ocr_line' id='line_1_19' title="bbox 326 1892 1980 1972; baseline -0.001 -24"><span class='ocrx_word' id='word_1_142' title='bbox 326 1892 688 1966; x_wconf 82' lang='grc' dir='ltr'>γυμνασμὲνα</span> <span class='ocrx_word' id='word_1_143' title='bbox 737 1893 978 1970; x_wconf 70' lang='grc' dir='ltr'>ὶχόντων</span> <span class='ocrx_word' id='word_1_144' title='bbox 1028 1897 1166 1972; x_wconf 89' lang='grc' dir='ltr'>πρὸς</span> <span class='ocrx_word' id='word_1_145' title='bbox 1232 1893 1498 1971; x_wconf 83' lang='grc' dir='ltr'>διάκρισιν</span> <span class='ocrx_word' id='word_1_146' title='bbox 1555 1892 1732 1950; x_wconf 89' lang='grc' dir='ltr'>καλοῦ</span> <span class='ocrx_word' id='word_1_147' title='bbox 1786 1914 1843 1948; x_wconf 86' lang='grc' dir='ltr'>τε</span> <span class='ocrx_word' id='word_1_148' title='bbox 1891 1893 1980 1948; x_wconf 83' lang='grc' dir='ltr'>καὶ</span> 
     </span>
    </p>
   </div>
   <div class='ocr_carea' id='block_1_20' title="bbox 327 1982 1983 2060">
    <p class='ocr_par' dir='ltr' id='par_1_20' title="bbox 327 1982 1983 2060">
     <span class='ocr_line' id='line_1_20' title="bbox 327 1982 1983 2060; baseline 0.001 -25"><span class='ocrx_word' id='word_1_149' title='bbox 327 1985 518 2037; x_wconf 87' lang='grc' dir='ltr'>κακοῦ.</span> <span class='ocrx_word' id='word_1_150' title='bbox 555 1982 658 2038; x_wconf 86' lang='grc' dir='ltr'>Καὶ</span> <span class='ocrx_word' id='word_1_151' title='bbox 704 1983 790 2037; x_wconf 60' lang='grc' dir='ltr'>δάν</span> <span class='ocrx_word' id='word_1_152' title='bbox 836 2005 970 2039; x_wconf 84' lang='grc' dir='ltr'>ποτε</span> <span class='ocrx_word' id='word_1_153' title='bbox 1027 1984 1208 2060; x_wconf 79' lang='grc' dir='ltr'>ἀπορῇ</span> <span class='ocrx_word' id='word_1_154' title='bbox 1265 1983 1569 2055; x_wconf 81' lang='grc' dir='ltr'>Ἐκκλησία</span> <span class='ocrx_word' id='word_1_155' title='bbox 1623 1989 1729 2039; x_wconf 91' lang='grc' dir='ltr'>τῶν</span> <span class='ocrx_word' id='word_1_156' title='bbox 1788 1982 1983 2059; x_wconf 79' lang='grc' dir='ltr'>στερῥᾶ</span> 
     </span>
    </p>
   </div>
   <div class='ocr_carea' id='block_1_21' title="bbox 329 2067 1980 2150">
    <p class='ocr_par' dir='ltr' id='par_1_21' title="bbox 329 2067 1980 2150">
     <span class='ocr_line' id='line_1_21' title="bbox 329 2067 1980 2150; baseline 0.002 -27"><span class='ocrx_word' id='word_1_157' title='bbox 329 2070 421 2124; x_wconf 87' lang='grc' dir='ltr'>καὶ</span> <span class='ocrx_word' id='word_1_158' title='bbox 452 2067 644 2126; x_wconf 72' lang='grc' dir='ltr'>εὔτονα</span> <span class='ocrx_word' id='word_1_159' title='bbox 675 2069 919 2148; x_wconf 82' lang='grc' dir='ltr'>δόγματα</span> <span class='ocrx_word' id='word_1_160' title='bbox 949 2074 1041 2129; x_wconf 84' lang='grc' dir='ltr'>καὶ</span> <span class='ocrx_word' id='word_1_161' title='bbox 1081 2075 1494 2150; x_wconf 71' lang='grc' dir='ltr'>πεπληρωμένα</span> <span class='ocrx_word' id='word_1_162' title='bbox 1549 2078 1647 2129; x_wconf 90' lang='grc' dir='ltr'>τοῦ</span> <span class='ocrx_word' id='word_1_163' title='bbox 1696 2073 1842 2128; x_wconf 88' lang='grc' dir='ltr'>Θείου</span> <span class='ocrx_word' id='word_1_164' title='bbox 1886 2076 1980 2128; x_wconf 89' lang='grc' dir='ltr'>νοῦ</span> 
     </span>
    </p>
   </div>
   <div class='ocr_carea' id='block_1_22' title="bbox 327 2157 1978 2242">
    <p class='ocr_par' dir='ltr' id='par_1_22' title="bbox 327 2157 1978 2242">
     <span class='ocr_line' id='line_1_22' title="bbox 327 2157 1978 2242; baseline 0.004 -29"><span class='ocrx_word' id='word_1_165' title='bbox 327 2157 762 2236; x_wconf 84' lang='grc' dir='ltr'>παραδιδόντων,</span> <span class='ocrx_word' id='word_1_166' title='bbox 815 2163 1106 2240; x_wconf 86' lang='grc' dir='ltr'>γνώρισμά</span> <span class='ocrx_word' id='word_1_167' title='bbox 1161 2162 1273 2219; x_wconf 84' lang='grc' dir='ltr'>ἐστι</span> <span class='ocrx_word' id='word_1_168' title='bbox 1329 2167 1425 2218; x_wconf 86' lang='grc' dir='ltr'>τοῦ</span> <span class='ocrx_word' id='word_1_169' title='bbox 1478 2163 1816 2242; x_wconf 73' lang='grc' dir='ltr'>ἀφαιρεῖσθαι</span> 
     </span>
    </p>
   </div>
   <div class='ocr_carea' id='block_1_23' title="bbox 327 2248 1980 2327">
    <p class='ocr_par' dir='ltr' id='par_1_23' title="bbox 327 2248 1980 2327">
     <span class='ocr_line' id='line_1_23' title="bbox 327 2248 1980 2327; baseline 0.002 -24"><span class='ocrx_word' id='word_1_170' title='bbox 327 2248 499 2318; x_wconf 83' lang='grc' dir='ltr'>αὐτῆς</span> <span class='ocrx_word' id='word_1_171' title='bbox 545 2252 646 2320; x_wconf 76' lang='grc' dir='ltr'>τήν</span> <span class='ocrx_word' id='word_1_172' title='bbox 682 2249 840 2327; x_wconf 74' lang='grc' dir='ltr'>ἰσχὺν</span> <span class='ocrx_word' id='word_1_173' title='bbox 898 2257 996 2308; x_wconf 90' lang='grc' dir='ltr'>τοῦ</span> <span class='ocrx_word' id='word_1_174' title='bbox 1043 2251 1229 2325; x_wconf 82' lang='grc' dir='ltr'>ἄρτου.</span> <span class='ocrx_word' id='word_1_175' title='bbox 1263 2256 1419 2310; x_wconf 81' lang='grc' dir='ltr'>’Ἐστι</span> <span class='ocrx_word' id='word_1_176' title='bbox 1451 2251 1508 2308; x_wconf 76' lang='grc' dir='ltr'>δὲ</span> <span class='ocrx_word' id='word_1_177' title='bbox 1564 2254 1654 2308; x_wconf 85' lang='grc' dir='ltr'>καὶ</span> <span class='ocrx_word' id='word_1_178' title='bbox 1713 2252 1764 2308; x_wconf 80' lang='grc' dir='ltr'>ἐν</span> <span class='ocrx_word' id='word_1_179' title='bbox 1825 2249 1980 2307; x_wconf 77' lang='grc' dir='ltr'>ὕδατι</span> 
     </span>
    </p>
   </div>
   <div class='ocr_carea' id='block_1_24' title="bbox 325 2337 1980 2421">
    <p class='ocr_par' dir='ltr' id='par_1_24' title="bbox 325 2337 1980 2421">
     <span class='ocr_line' id='line_1_24' title="bbox 325 2337 1980 2421; baseline 0.004 -31"><span class='ocrx_word' id='word_1_180' title='bbox 325 2337 488 2414; x_wconf 78' lang='grc' dir='ltr'>ἰσχὺς</span> <span class='ocrx_word' id='word_1_181' title='bbox 541 2338 633 2394; x_wconf 83' lang='grc' dir='ltr'>καὶ</span> <span class='ocrx_word' id='word_1_182' title='bbox 691 2340 957 2413; x_wconf 70' lang='grc' dir='ltr'>ἀσθένεια,</span> <span class='ocrx_word' id='word_1_183' title='bbox 1016 2343 1154 2397; x_wconf 84' lang='grc' dir='ltr'>καθά</span> <span class='ocrx_word' id='word_1_184' title='bbox 1209 2364 1372 2421; x_wconf 76' lang='grc' dir='ltr'>φησιν</span> <span class='ocrx_word' id='word_1_185' title='bbox 1426 2343 1454 2398; x_wconf 98' lang='lat'>6</span> <span class='ocrx_word' id='word_1_186' title='bbox 1512 2341 1730 2419; x_wconf 84' lang='grc' dir='ltr'>Κύριος.</span> <span class='ocrx_word' id='word_1_187' title='bbox 1780 2347 1893 2403; x_wconf 81' lang='grc' dir='ltr'>Πᾶς</span> <span class='ocrx_word' id='word_1_188' title='bbox 1951 2341 1980 2396; x_wconf 91' lang='lat'>6</span> 
     </span>
    </p>
   </div>
   <div class='ocr_carea' id='block_1_25' title="bbox 324 2426 1978 2506">
    <p class='ocr_par' dir='ltr' id='par_1_25' title="bbox 324 2426 1978 2506">
     <span class='ocr_line' id='line_1_25' title="bbox 324 2426 1978 2506; baseline 0.003 -26"><span class='ocrx_word' id='word_1_189' title='bbox 324 2426 491 2482; x_wconf 90' lang='grc' dir='ltr'>πίνων</span> <span class='ocrx_word' id='word_1_190' title='bbox 551 2427 612 2482; x_wconf 68' lang='grc' dir='ltr'>ἐκ</span> <span class='ocrx_word' id='word_1_191' title='bbox 663 2433 760 2484; x_wconf 91' lang='grc' dir='ltr'>τοῦ</span> <span class='ocrx_word' id='word_1_192' title='bbox 837 2428 1034 2493; x_wconf 82' lang='grc' dir='ltr'>ὕδατος</span> <span class='ocrx_word' id='word_1_193' title='bbox 1107 2431 1328 2500; x_wconf 86' lang='grc' dir='ltr'>τούτου,</span> <span class='ocrx_word' id='word_1_194' title='bbox 1381 2430 1598 2506; x_wconf 79' lang='grc' dir='ltr'>διψήσει</span> <span class='ocrx_word' id='word_1_195' title='bbox 1657 2428 1824 2485; x_wconf 89' lang='grc' dir='ltr'>πάλιν</span> <span class='ocrx_word' id='word_1_196' title='bbox 1857 2449 1870 2463; x_wconf 81' lang='grc'><strong><em>⁸</em></strong></span> <span class='ocrx_word' id='word_1_197' title='bbox 1919 2430 1978 2493; x_wconf 79' lang='grc' dir='ltr'>ὃς</span> 
     </span>
    </p>
   </div>
   <div class='ocr_carea' id='block_1_26' title="bbox 327 2512 1979 2596">
    <p class='ocr_par' dir='ltr' id='par_1_26' title="bbox 327 2512 1979 2596">
     <span class='ocr_line' id='line_1_26' title="bbox 327 2512 1979 2596; baseline 0.004 -27"><span class='ocrx_word' id='word_1_198' title='bbox 327 2512 375 2570; x_wconf 87' lang='grc' dir='ltr'>δ’</span> <span class='ocrx_word' id='word_1_199' title='bbox 406 2515 466 2570; x_wconf 77' lang='grc' dir='ltr'>ἃν</span> <span class='ocrx_word' id='word_1_200' title='bbox 519 2517 621 2592; x_wconf 84' lang='grc' dir='ltr'>πίῃ</span> <span class='ocrx_word' id='word_1_201' title='bbox 681 2516 742 2574; x_wconf 85' lang='grc' dir='ltr'>ἐκ</span> <span class='ocrx_word' id='word_1_202' title='bbox 785 2525 882 2574; x_wconf 89' lang='grc' dir='ltr'>τοῦ</span> <span class='ocrx_word' id='word_1_203' title='bbox 945 2518 1161 2590; x_wconf 76' lang='grc' dir='ltr'>ὕδατος,</span> <span class='ocrx_word' id='word_1_204' title='bbox 1222 2521 1284 2576; x_wconf 81' lang='grc' dir='ltr'>οὗ</span> <span class='ocrx_word' id='word_1_205' title='bbox 1336 2520 1446 2596; x_wconf 67' lang='grc' dir='ltr'>ἐγὼ</span> <span class='ocrx_word' id='word_1_206' title='bbox 1500 2517 1660 2576; x_wconf 87' lang='grc' dir='ltr'>δώσω</span> <span class='ocrx_word' id='word_1_207' title='bbox 1715 2517 1884 2593; x_wconf 82' lang='grc' dir='ltr'>αὑτῷ,</span> <span class='ocrx_word' id='word_1_208' title='bbox 1916 2517 1979 2575; x_wconf 74' lang='grc' dir='ltr'>οδ</span> 
     </span>
    </p>
   </div>
   <div class='ocr_carea' id='block_1_27' title="bbox 328 2601 1980 2685">
    <p class='ocr_par' dir='ltr' id='par_1_27' title="bbox 328 2601 1980 2685">
     <span class='ocr_line' id='line_1_27' title="bbox 328 2601 1980 2685; baseline -0.002 -18"><span class='ocrx_word' id='word_1_209' title='bbox 328 2604 406 2678; x_wconf 81' lang='grc' dir='ltr'>μὴ</span> <span class='ocrx_word' id='word_1_210' title='bbox 468 2601 676 2682; x_wconf 72' lang='grc' dir='ltr'>διψήσῃ</span> <span class='ocrx_word' id='word_1_211' title='bbox 736 2611 851 2680; x_wconf 85' lang='grc'>(57)</span> <span class='ocrx_word' id='word_1_212' title='bbox 881 2607 960 2672; x_wconf 80' lang='grc' dir='ltr'>είς</span> <span class='ocrx_word' id='word_1_213' title='bbox 1012 2609 1105 2664; x_wconf 83' lang='grc' dir='ltr'>τὸν</span> <span class='ocrx_word' id='word_1_214' title='bbox 1165 2610 1357 2667; x_wconf 79' lang='grc' dir='ltr'>αἰῶνα.</span> <span class='ocrx_word' id='word_1_215' title='bbox 1389 2612 1590 2685; x_wconf 81' lang='grc' dir='ltr'>Ὥσπερ</span> <span class='ocrx_word' id='word_1_216' title='bbox 1620 2607 1680 2664; x_wconf 72' lang='grc' dir='ltr'>δὲ</span> <span class='ocrx_word' id='word_1_217' title='bbox 1724 2612 1825 2680; x_wconf 80' lang='grc' dir='ltr'>τὴν</span> <span class='ocrx_word' id='word_1_218' title='bbox 1858 2629 1980 2664; x_wconf 89' lang='grc' dir='ltr'>στε-</span> 
     </span>
    </p>
   </div>
   <div class='ocr_carea' id='block_1_28' title="bbox 326 2693 1982 2778">
    <p class='ocr_par' dir='ltr' id='par_1_28' title="bbox 326 2693 1982 2778">
     <span class='ocr_line' id='line_1_28' title="bbox 326 2693 1982 2778; baseline 0.004 -31"><span class='ocrx_word' id='word_1_219' title='bbox 326 2693 448 2770; x_wconf 79' lang='grc' dir='ltr'>ρεὰν</span> <span class='ocrx_word' id='word_1_220' title='bbox 481 2697 689 2772; x_wconf 78' lang='grc' dir='ltr'>τροφὴν</span> <span class='ocrx_word' id='word_1_221' title='bbox 744 2699 880 2752; x_wconf 87' lang='grc' dir='ltr'>κατά</span> <span class='ocrx_word' id='word_1_222' title='bbox 931 2699 1345 2776; x_wconf 79' lang='grc' dir='ltr'>προηγούμενον</span> <span class='ocrx_word' id='word_1_223' title='bbox 1397 2701 1562 2775; x_wconf 85' lang='grc' dir='ltr'>λόγον</span> <span class='ocrx_word' id='word_1_224' title='bbox 1607 2698 1982 2778; x_wconf 78' lang='grc' dir='ltr'>προσφερόμε-</span> 
     </span>
    </p>
   </div>
   <div class='ocr_carea' id='block_1_29' title="bbox 323 2782 1980 2867">
    <p class='ocr_par' dir='ltr' id='par_1_29' title="bbox 323 2782 1980 2867">
     <span class='ocr_line' id='line_1_29' title="bbox 323 2782 1980 2867; baseline 0.004 -29"><span class='ocrx_word' id='word_1_225' title='bbox 323 2795 410 2852; x_wconf 89' lang='grc' dir='ltr'>θα,</span> <span class='ocrx_word' id='word_1_226' title='bbox 441 2785 539 2853; x_wconf 82' lang='grc' dir='ltr'>τὴν</span> <span class='ocrx_word' id='word_1_227' title='bbox 565 2782 622 2840; x_wconf 63' lang='grc' dir='ltr'>δὲ</span> <span class='ocrx_word' id='word_1_228' title='bbox 655 2786 817 2862; x_wconf 80' lang='grc' dir='ltr'>ὑγρὰν</span> <span class='ocrx_word' id='word_1_229' title='bbox 871 2787 1010 2844; x_wconf 82' lang='grc' dir='ltr'>ὥστε</span> <span class='ocrx_word' id='word_1_230' title='bbox 1064 2785 1259 2864; x_wconf 72' lang='grc' dir='ltr'>ὄχημα</span> <span class='ocrx_word' id='word_1_231' title='bbox 1296 2789 1538 2867; x_wconf 75' lang='grc' dir='ltr'>γενέσθαι</span> <span class='ocrx_word' id='word_1_232' title='bbox 1586 2793 1655 2864; x_wconf 83' lang='grc' dir='ltr'>τῇ</span> <span class='ocrx_word' id='word_1_233' title='bbox 1700 2789 1857 2866; x_wconf 76' lang='grc' dir='ltr'>ξηρᾷ,</span> <span class='ocrx_word' id='word_1_234' title='bbox 1888 2790 1980 2845; x_wconf 82' lang='grc' dir='ltr'>καὶ</span> 
     </span>
    </p>
   </div>
   <div class='ocr_carea' id='block_1_30' title="bbox 331 2875 1978 2952">
    <p class='ocr_par' dir='ltr' id='par_1_30' title="bbox 331 2875 1978 2952">
     <span class='ocr_line' id='line_1_30' title="bbox 331 2875 1978 2952; baseline 0.004 -25"><span class='ocrx_word' id='word_1_235' title='bbox 331 2882 742 2952; x_wconf 82' lang='grc' dir='ltr'>χειραγωγῆσαι</span> <span class='ocrx_word' id='word_1_236' title='bbox 791 2877 958 2947; x_wconf 70' lang='grc' dir='ltr'>αὐτὴν</span> <span class='ocrx_word' id='word_1_237' title='bbox 1016 2879 1155 2952; x_wconf 81' lang='grc' dir='ltr'>πρὸς</span> <span class='ocrx_word' id='word_1_238' title='bbox 1209 2882 1310 2949; x_wconf 76' lang='grc' dir='ltr'>τὴν</span> <span class='ocrx_word' id='word_1_239' title='bbox 1362 2877 1648 2936; x_wconf 85' lang='grc' dir='ltr'>ἀνάδοσιν’</span> <span class='ocrx_word' id='word_1_240' title='bbox 1684 2879 1860 2942; x_wconf 75' lang='grc' dir='ltr'>οὕτως</span> <span class='ocrx_word' id='word_1_241' title='bbox 1918 2875 1978 2934; x_wconf 78' lang='grc' dir='ltr'>ἄν</span> 
     </span>
    </p>
   </div>
   <div class='ocr_carea' id='block_1_31' title="bbox 335 2959 1978 3045">
    <p class='ocr_par' dir='ltr' id='par_1_31' title="bbox 335 2959 1978 3045">
     <span class='ocr_line' id='line_1_31' title="bbox 335 2959 1978 3045; baseline 0.004 -30"><span class='ocrx_word' id='word_1_242' title='bbox 335 2959 420 3032; x_wconf 71' lang='grc' dir='ltr'>εἴη</span> <span class='ocrx_word' id='word_1_243' title='bbox 451 2963 542 3018; x_wconf 88' lang='grc' dir='ltr'>καὶ</span> <span class='ocrx_word' id='word_1_244' title='bbox 569 2962 621 3018; x_wconf 76' lang='grc' dir='ltr'>ἐν</span> <span class='ocrx_word' id='word_1_245' title='bbox 655 2969 724 3039; x_wconf 80' lang='grc' dir='ltr'>τῇ</span> <span class='ocrx_word' id='word_1_246' title='bbox 755 2971 934 3044; x_wconf 75' lang='grc' dir='ltr'>τροφῇ</span> <span class='ocrx_word' id='word_1_247' title='bbox 963 2974 1065 3037; x_wconf 85' lang='grc' dir='ltr'>τῆς</span> <span class='ocrx_word' id='word_1_248' title='bbox 1097 2970 1308 3044; x_wconf 84' lang='grc' dir='ltr'>ψυχῆς.</span> <span class='ocrx_word' id='word_1_249' title='bbox 1341 2969 1403 3026; x_wconf 78' lang='grc' dir='ltr'>Ὀ</span> <span class='ocrx_word' id='word_1_250' title='bbox 1438 2969 1531 3042; x_wconf 76' lang='grc' dir='ltr'>μὶν</span> <span class='ocrx_word' id='word_1_251' title='bbox 1563 2973 1710 3040; x_wconf 90' lang='grc' dir='ltr'>νοῦς,</span> <span class='ocrx_word' id='word_1_252' title='bbox 1741 2970 1776 3038; x_wconf 85' lang='grc' dir='ltr'>ἡ</span> <span class='ocrx_word' id='word_1_253' title='bbox 1825 2967 1978 3045; x_wconf 85' lang='grc' dir='ltr'>πρώ-</span> 
     </span>
    </p>
   </div>
   <div class='ocr_carea' id='block_1_32' title="bbox 331 3052 1984 3132">
    <p class='ocr_par' dir='ltr' id='par_1_32' title="bbox 331 3052 1984 3132">
     <span class='ocr_line' id='line_1_32' title="bbox 331 3052 1984 3132; baseline 0.004 -28"><span class='ocrx_word' id='word_1_254' title='bbox 331 3071 403 3119; x_wconf 85' lang='grc' dir='ltr'>τη</span> <span class='ocrx_word' id='word_1_255' title='bbox 431 3052 520 3106; x_wconf 86' lang='grc' dir='ltr'>καὶ</span> <span class='ocrx_word' id='word_1_256' title='bbox 555 3052 864 3125; x_wconf 77' lang='grc' dir='ltr'>οἷκειοτάτη</span> <span class='ocrx_word' id='word_1_257' title='bbox 902 3057 1080 3132; x_wconf 78' lang='grc' dir='ltr'>τροφὴ</span> <span class='ocrx_word' id='word_1_258' title='bbox 1111 3063 1213 3126; x_wconf 86' lang='grc' dir='ltr'>τῆς</span> <span class='ocrx_word' id='word_1_259' title='bbox 1249 3059 1457 3132; x_wconf 55' lang='grc' dir='ltr'>ψυχῆς</span> <span class='ocrx_word' id='word_1_260' title='bbox 1487 3059 1516 3112; x_wconf 94' lang='lat'>6</span> <span class='ocrx_word' id='word_1_261' title='bbox 1569 3054 1628 3111; x_wconf 73' lang='grc' dir='ltr'>δὲ</span> <span class='ocrx_word' id='word_1_262' title='bbox 1675 3056 1858 3132; x_wconf 87' lang='grc' dir='ltr'>λόγος,</span> <span class='ocrx_word' id='word_1_263' title='bbox 1894 3054 1984 3110; x_wconf 79' lang='grc' dir='ltr'>διὰ</span> 
     </span>
    </p>
   </div>
   <div class='ocr_carea' id='block_1_33' title="bbox 2095 552 3740 623">
    <p class='ocr_par' dir='ltr' id='par_1_33' title="bbox 2095 552 3740 623">
     <span class='ocr_line' id='line_1_33' title="bbox 2095 552 3740 623; baseline 0.001 -17"><span class='ocrx_word' id='word_1_264' title='bbox 2095 555 2397 623; x_wconf 90' lang='lat' dir='ltr'>ceptorum</span> <span class='ocrx_word' id='word_1_265' title='bbox 2432 569 2687 619; x_wconf 89' lang='lat' dir='ltr'>summa,</span> <span class='ocrx_word' id='word_1_266' title='bbox 2729 552 3013 608; x_wconf 89' lang='lat' dir='ltr'>charitate</span> <span class='ocrx_word' id='word_1_267' title='bbox 3034 552 3273 607; x_wconf 84' lang='lat' dir='ltr'>scilicet.</span> <span class='ocrx_word' id='word_1_268' title='bbox 3329 552 3457 606; x_wconf 91' lang='lat' dir='ltr'>Pari</span> <span class='ocrx_word' id='word_1_269' title='bbox 3514 552 3740 608; x_wconf 82' lang='lat' dir='ltr'>ratione</span> 
     </span>
    </p>
   </div>
   <div class='ocr_carea' id='block_1_34' title="bbox 2093 641 3738 713">
    <p class='ocr_par' dir='ltr' id='par_1_34' title="bbox 2093 641 3738 713">
     <span class='ocr_line' id='line_1_34' title="bbox 2093 641 3738 713; baseline 0 -17"><span class='ocrx_word' id='word_1_270' title='bbox 2093 641 2249 696; x_wconf 89' lang='lat' dir='ltr'>absit</span> <span class='ocrx_word' id='word_1_271' title='bbox 2277 641 2549 707; x_wconf 89' lang='lat' dir='ltr'>etiam,ut</span> <span class='ocrx_word' id='word_1_272' title='bbox 2579 643 2880 698; x_wconf 80' lang='lat' dir='ltr'>auferatur</span> <span class='ocrx_word' id='word_1_273' title='bbox 2903 658 2972 697; x_wconf 90' lang='lat' dir='ltr'>ea</span> <span class='ocrx_word' id='word_1_274' title='bbox 3002 641 3738 713; x_wconf 71' lang='lat' dir='ltr'>qua:_integritate,morum</span> 
     </span>
    </p>
   </div>
   <div class='ocr_carea' id='block_1_35' title="bbox 2092 729 3740 804">
    <p class='ocr_par' dir='ltr' id='par_1_35' title="bbox 2092 729 3740 804">
     <span class='ocr_line' id='line_1_35' title="bbox 2092 729 3740 804; baseline 0 -20"><span class='ocrx_word' id='word_1_275' title='bbox 2092 731 2400 802; x_wconf 76' lang='lat' dir='ltr'>gravitate,</span> <span class='ocrx_word' id='word_1_276' title='bbox 2432 731 2839 804; x_wconf 81' lang='lat' dir='ltr'>eleemosynis,</span> <span class='ocrx_word' id='word_1_277' title='bbox 2864 731 3208 787; x_wconf 78' lang='lat' dir='ltr'>assiduitate</span> <span class='ocrx_word' id='word_1_278' title='bbox 3238 729 3464 800; x_wconf 88' lang='lat' dir='ltr'>orandi,</span> <span class='ocrx_word' id='word_1_279' title='bbox 3490 747 3592 785; x_wconf 87' lang='lat' dir='ltr'>nec</span> <span class='ocrx_word' id='word_1_280' title='bbox 3623 746 3740 784; x_wconf 93' lang='lat' dir='ltr'>non</span> 
     </span>
    </p>
   </div>
   <div class='ocr_carea' id='block_1_36' title="bbox 2093 819 3743 892">
    <p class='ocr_par' dir='ltr' id='par_1_36' title="bbox 2093 819 3743 892">
     <span class='ocr_line' id='line_1_36' title="bbox 2093 819 3743 892; baseline -0.001 -18"><span class='ocrx_word' id='word_1_281' title='bbox 2093 819 2424 892; x_wconf 83' lang='lat' dir='ltr'>vigiliarum</span> <span class='ocrx_word' id='word_1_282' title='bbox 2459 821 2660 876; x_wconf 89' lang='lat' dir='ltr'>labore</span> <span class='ocrx_word' id='word_1_283' title='bbox 2706 821 2913 877; x_wconf 82' lang='lat' dir='ltr'>valeat.</span> <span class='ocrx_word' id='word_1_284' title='bbox 2947 820 3118 876; x_wconf 79' lang='lat' dir='ltr'>Absit</span> <span class='ocrx_word' id='word_1_285' title='bbox 3146 827 3211 876; x_wconf 91' lang='lat' dir='ltr'>ut</span> <span class='ocrx_word' id='word_1_286' title='bbox 3241 821 3543 876; x_wconf 85' lang='lat' dir='ltr'>auferatur</span> <span class='ocrx_word' id='word_1_287' title='bbox 3563 819 3743 874; x_wconf 86' lang='lat' dir='ltr'>robur</span> 
     </span>
    </p>
   </div>
   <div class='ocr_carea' id='block_1_37' title="bbox 2094 909 3741 983">
    <p class='ocr_par' dir='ltr' id='par_1_37' title="bbox 2094 909 3741 983">
     <span class='ocr_line' id='line_1_37' title="bbox 2094 909 3741 983; baseline 0 -19"><span class='ocrx_word' id='word_1_288' title='bbox 2094 911 2263 981; x_wconf 87' lang='lat' dir='ltr'>panis</span> <span class='ocrx_word' id='word_1_289' title='bbox 2281 914 2336 966; x_wconf 90' lang='lat' dir='ltr'>et</span> <span class='ocrx_word' id='word_1_290' title='bbox 2365 911 2897 983; x_wconf 67' lang='lat' dir='ltr'>aqum,subsidium</span> <span class='ocrx_word' id='word_1_291' title='bbox 2911 909 3132 967; x_wconf 83' lang='lat' dir='ltr'>scilicet</span> <span class='ocrx_word' id='word_1_292' title='bbox 3148 927 3262 982; x_wconf 91' lang='lat' dir='ltr'>quo</span> <span class='ocrx_word' id='word_1_293' title='bbox 3280 926 3473 966; x_wconf 89' lang='lat' dir='ltr'>sermo</span> <span class='ocrx_word' id='word_1_294' title='bbox 3487 909 3741 965; x_wconf 83' lang='lat' dir='ltr'>maxime</span> 
     </span>
    </p>
   </div>
   <div class='ocr_carea' id='block_1_38' title="bbox 2093 999 3742 1072">
    <p class='ocr_par' dir='ltr' id='par_1_38' title="bbox 2093 999 3742 1072">
     <span class='ocr_line' id='line_1_38' title="bbox 2093 999 3742 1072; baseline -0.001 -18"><span class='ocrx_word' id='word_1_295' title='bbox 2093 999 2386 1057; x_wconf 84' lang='lat' dir='ltr'>nutritur:</span> <span class='ocrx_word' id='word_1_296' title='bbox 2421 1001 2922 1072; x_wconf 87' lang='lat' dir='ltr'>quemadmodum</span> <span class='ocrx_word' id='word_1_297' title='bbox 2972 1000 3216 1072; x_wconf 85' lang='lat' dir='ltr'>spiritus</span> <span class='ocrx_word' id='word_1_298' title='bbox 3274 999 3598 1072; x_wconf 84' lang='lat' dir='ltr'>prophetici</span> <span class='ocrx_word' id='word_1_299' title='bbox 3653 999 3742 1054; x_wconf 89' lang='lat' dir='ltr'>vis</span> 
     </span>
    </p>
   </div>
   <div class='ocr_carea' id='block_1_39' title="bbox 2091 1087 3740 1162">
    <p class='ocr_par' dir='ltr' id='par_1_39' title="bbox 2091 1087 3740 1162">
     <span class='ocr_line' id='line_1_39' title="bbox 2091 1087 3740 1162; baseline -0.001 -18"><span class='ocrx_word' id='word_1_300' title='bbox 2091 1090 2352 1146; x_wconf 80' lang='lat' dir='ltr'>deseruit</span> <span class='ocrx_word' id='word_1_301' title='bbox 2369 1090 2806 1162; x_wconf 71' lang='lat' dir='ltr'>Judaaos,atque</span> <span class='ocrx_word' id='word_1_302' title='bbox 2821 1090 2963 1145; x_wconf 89' lang='lat' dir='ltr'>adeo</span> <span class='ocrx_word' id='word_1_303' title='bbox 2976 1089 3074 1145; x_wconf 89' lang='lat' dir='ltr'>siti</span> <span class='ocrx_word' id='word_1_304' title='bbox 3089 1090 3376 1145; x_wconf 85' lang='lat' dir='ltr'>sermonis</span> <span class='ocrx_word' id='word_1_305' title='bbox 3399 1087 3740 1144; x_wconf 85' lang='lat' dir='ltr'>conﬂictan-</span> 
     </span>
    </p>
   </div>
   <div class='ocr_carea' id='block_1_40' title="bbox 2091 1175 3737 1251">
    <p class='ocr_par' dir='ltr' id='par_1_40' title="bbox 2091 1175 3737 1251">
     <span class='ocr_line' id='line_1_40' title="bbox 2091 1175 3737 1251; baseline 0 -18"><span class='ocrx_word' id='word_1_306' title='bbox 2091 1183 2211 1247; x_wconf 86' lang='lat' dir='ltr'>tur,</span> <span class='ocrx_word' id='word_1_307' title='bbox 2242 1196 2376 1235; x_wconf 89' lang='lat' dir='ltr'>cum</span> <span class='ocrx_word' id='word_1_308' title='bbox 2408 1179 2508 1235; x_wconf 91' lang='lat' dir='ltr'>Dei</span> <span class='ocrx_word' id='word_1_309' title='bbox 2541 1195 2874 1235; x_wconf 87' lang='lat' dir='ltr'>sermonem</span> <span class='ocrx_word' id='word_1_310' title='bbox 2908 1183 3315 1251; x_wconf 83' lang='lat' dir='ltr'>exoptent,nec</span> <span class='ocrx_word' id='word_1_311' title='bbox 3345 1183 3542 1234; x_wconf 90' lang='lat' dir='ltr'>tamen</span> <span class='ocrx_word' id='word_1_312' title='bbox 3569 1175 3737 1233; x_wconf 91' lang='lat' dir='ltr'>illum</span> 
     </span>
    </p>
   </div>
   <div class='ocr_carea' id='block_1_41' title="bbox 2091 1267 3739 1339">
    <p class='ocr_par' dir='ltr' id='par_1_41' title="bbox 2091 1267 3739 1339">
     <span class='ocr_line' id='line_1_41' title="bbox 2091 1267 3739 1339; baseline -0.001 -15"><span class='ocrx_word' id='word_1_313' title='bbox 2091 1268 2630 1326; x_wconf 85' lang='lat' dir='ltr'>habeant.Abstulit</span> <span class='ocrx_word' id='word_1_314' title='bbox 2659 1269 2816 1324; x_wconf 90' lang='lat' dir='ltr'>enim</span> <span class='ocrx_word' id='word_1_315' title='bbox 2847 1269 3136 1324; x_wconf 86' lang='lat' dir='ltr'>Dominus</span> <span class='ocrx_word' id='word_1_316' title='bbox 3167 1270 3346 1324; x_wconf 88' lang='lat' dir='ltr'>robur</span> <span class='ocrx_word' id='word_1_317' title='bbox 3377 1267 3629 1339; x_wconf 86' lang='lat' dir='ltr'>panis,et</span> <span class='ocrx_word' id='word_1_318' title='bbox 3648 1283 3739 1322; x_wconf 86' lang='lat' dir='ltr'>ro-</span> 
     </span>
    </p>
   </div>
   <div class='ocr_carea' id='block_1_42' title="bbox 2092 1357 3740 1430">
    <p class='ocr_par' dir='ltr' id='par_1_42' title="bbox 2092 1357 3740 1430">
     <span class='ocr_line' id='line_1_42' title="bbox 2092 1357 3740 1430; baseline -0.001 -16"><span class='ocrx_word' id='word_1_319' title='bbox 2092 1358 2205 1414; x_wconf 90' lang='lat' dir='ltr'>bur</span> <span class='ocrx_word' id='word_1_320' title='bbox 2233 1376 2416 1430; x_wconf 79' lang='lat' dir='ltr'>aquas.</span> <span class='ocrx_word' id='word_1_321' title='bbox 2470 1359 2568 1414; x_wconf 89' lang='lat' dir='ltr'>Est</span> <span class='ocrx_word' id='word_1_322' title='bbox 2600 1359 2839 1430; x_wconf 88' lang='lat' dir='ltr'>quidem</span> <span class='ocrx_word' id='word_1_323' title='bbox 2871 1363 2930 1414; x_wconf 90' lang='lat' dir='ltr'>et</span> <span class='ocrx_word' id='word_1_324' title='bbox 2981 1359 3139 1430; x_wconf 81' lang='lat' dir='ltr'>apud</span> <span class='ocrx_word' id='word_1_325' title='bbox 3174 1375 3282 1413; x_wconf 87' lang='lat' dir='ltr'>nos</span> <span class='ocrx_word' id='word_1_326' title='bbox 3315 1357 3740 1413; x_wconf 87' lang='lat' dir='ltr'>nutrimentum</span> 
     </span>
    </p>
   </div>
   <div class='ocr_carea' id='block_1_43' title="bbox 2093 1447 3739 1520">
    <p class='ocr_par' dir='ltr' id='par_1_43' title="bbox 2093 1447 3739 1520">
     <span class='ocr_line' id='line_1_43' title="bbox 2093 1447 3739 1520; baseline -0.001 -17"><span class='ocrx_word' id='word_1_327' title='bbox 2093 1448 2572 1519; x_wconf 72' lang='lat' dir='ltr'>quoddam,449</span> <span class='ocrx_word' id='word_1_328' title='bbox 2591 1448 2746 1519; x_wconf 88' lang='lat' dir='ltr'>quod</span> <span class='ocrx_word' id='word_1_329' title='bbox 2772 1464 3135 1520; x_wconf 87' lang='lat' dir='ltr'>quamquam</span> <span class='ocrx_word' id='word_1_330' title='bbox 3155 1447 3334 1502; x_wconf 90' lang='lat' dir='ltr'>robur</span> <span class='ocrx_word' id='word_1_331' title='bbox 3346 1464 3460 1502; x_wconf 91' lang='lat' dir='ltr'>non</span> <span class='ocrx_word' id='word_1_332' title='bbox 3480 1450 3739 1518; x_wconf 66' lang='lat' dir='ltr'>praestat,</span> 
     </span>
    </p>
   </div>
   <div class='ocr_carea' id='block_1_44' title="bbox 2091 1536 3740 1608">
    <p class='ocr_par' dir='ltr' id='par_1_44' title="bbox 2091 1536 3740 1608">
     <span class='ocr_line' id='line_1_44' title="bbox 2091 1536 3740 1608; baseline -0.001 -15"><span class='ocrx_word' id='word_1_333' title='bbox 2091 1543 2289 1593; x_wconf 87' lang='lat' dir='ltr'>tamen</span> <span class='ocrx_word' id='word_1_334' title='bbox 2322 1537 2506 1593; x_wconf 90' lang='lat' dir='ltr'>emori</span> <span class='ocrx_word' id='word_1_335' title='bbox 2525 1555 2640 1593; x_wconf 91' lang='lat' dir='ltr'>non</span> <span class='ocrx_word' id='word_1_336' title='bbox 2679 1538 2856 1606; x_wconf 88' lang='lat' dir='ltr'>sinit;</span> <span class='ocrx_word' id='word_1_337' title='bbox 2886 1538 3220 1608; x_wconf 86' lang='lat' dir='ltr'>cujusmodi</span> <span class='ocrx_word' id='word_1_338' title='bbox 3255 1536 3602 1592; x_wconf 85' lang='lat' dir='ltr'>alimentum</span> <span class='ocrx_word' id='word_1_339' title='bbox 3633 1536 3740 1591; x_wconf 86' lang='lat' dir='ltr'>Co-</span> 
     </span>
    </p>
   </div>
   <div class='ocr_carea' id='block_1_45' title="bbox 2093 1624 3739 1698">
    <p class='ocr_par' dir='ltr' id='par_1_45' title="bbox 2093 1624 3739 1698">
     <span class='ocr_line' id='line_1_45' title="bbox 2093 1624 3739 1698; baseline -0.001 -17"><span class='ocrx_word' id='word_1_340' title='bbox 2093 1627 2331 1682; x_wconf 86' lang='lat' dir='ltr'>rinthiis</span> <span class='ocrx_word' id='word_1_341' title='bbox 2354 1627 2546 1683; x_wconf 90' lang='lat' dir='ltr'>adhuc</span> <span class='ocrx_word' id='word_1_342' title='bbox 2572 1627 2627 1682; x_wconf 90' lang='lat' dir='ltr'>in</span> <span class='ocrx_word' id='word_1_343' title='bbox 2642 1627 2871 1683; x_wconf 88' lang='lat' dir='ltr'>Christo</span> <span class='ocrx_word' id='word_1_344' title='bbox 2900 1625 3161 1698; x_wconf 87' lang='lat' dir='ltr'>parvulis</span> <span class='ocrx_word' id='word_1_345' title='bbox 3181 1625 3423 1698; x_wconf 90' lang='lat' dir='ltr'>apponit</span> <span class='ocrx_word' id='word_1_346' title='bbox 3447 1624 3659 1681; x_wconf 87' lang='lat' dir='ltr'>Paulus</span> <span class='ocrx_word' id='word_1_347' title='bbox 3674 1625 3739 1678; x_wconf 69' lang='lat'>‘9.</span> 
     </span>
    </p>
   </div>
   <div class='ocr_carea' id='block_1_46' title="bbox 2093 1715 3740 1785">
    <p class='ocr_par' dir='ltr' id='par_1_46' title="bbox 2093 1715 3740 1785">
     <span class='ocr_line' id='line_1_46' title="bbox 2093 1715 3740 1785; baseline -0.002 -13"><span class='ocrx_word' id='word_1_348' title='bbox 2093 1715 2242 1780; x_wconf 88' lang='lat' dir='ltr'>Quin</span> <span class='ocrx_word' id='word_1_349' title='bbox 2262 1717 2438 1772; x_wconf 90' lang='lat' dir='ltr'>etiam</span> <span class='ocrx_word' id='word_1_350' title='bbox 2461 1715 2620 1772; x_wconf 88' lang='lat' dir='ltr'>olera</span> <span class='ocrx_word' id='word_1_351' title='bbox 2643 1716 3013 1772; x_wconf 85' lang='lat' dir='ltr'>infirmorum</span> <span class='ocrx_word' id='word_1_352' title='bbox 3037 1719 3178 1771; x_wconf 91' lang='lat' dir='ltr'>sunt</span> <span class='ocrx_word' id='word_1_353' title='bbox 3197 1715 3526 1785; x_wconf 91' lang='lat' dir='ltr'>cibus,esca</span> <span class='ocrx_word' id='word_1_354' title='bbox 3545 1718 3740 1770; x_wconf 91' lang='lat' dir='ltr'>autem</span> 
     </span>
    </p>
   </div>
   <div class='ocr_carea' id='block_1_47' title="bbox 2093 1803 3740 1879">
    <p class='ocr_par' dir='ltr' id='par_1_47' title="bbox 2093 1803 3740 1879">
     <span class='ocr_line' id='line_1_47' title="bbox 2093 1803 3740 1879; baseline -0.002 -18"><span class='ocrx_word' id='word_1_355' title='bbox 2093 1805 2282 1862; x_wconf 88' lang='lat' dir='ltr'>solida</span> <span class='ocrx_word' id='word_1_356' title='bbox 2302 1807 2571 1878; x_wconf 81' lang='lat' dir='ltr'>perfectis</span> <span class='ocrx_word' id='word_1_357' title='bbox 2593 1812 2651 1862; x_wconf 91' lang='lat' dir='ltr'>et</span> <span class='ocrx_word' id='word_1_358' title='bbox 2679 1806 2923 1879; x_wconf 86' lang='lat' dir='ltr'>integris</span> <span class='ocrx_word' id='word_1_359' title='bbox 2954 1806 3239 1873; x_wconf 86' lang='lat' dir='ltr'>convenit,</span> <span class='ocrx_word' id='word_1_360' title='bbox 3263 1803 3740 1876; x_wconf 88' lang='lat' dir='ltr'>quandoquidem</span> 
     </span>
    </p>
   </div>
   <div class='ocr_carea' id='block_1_48' title="bbox 2091 1891 3741 1967">
    <p class='ocr_par' dir='ltr' id='par_1_48' title="bbox 2091 1891 3741 1967">
     <span class='ocr_line' id='line_1_48' title="bbox 2091 1891 3741 1967; baseline -0.002 -17"><span class='ocrx_word' id='word_1_361' title='bbox 2091 1894 2297 1951; x_wconf 89' lang='lat' dir='ltr'>habitu</span> <span class='ocrx_word' id='word_1_362' title='bbox 2329 1895 2585 1967; x_wconf 90' lang='lat' dir='ltr'>quodam</span> <span class='ocrx_word' id='word_1_363' title='bbox 2609 1911 2821 1951; x_wconf 89' lang='lat' dir='ltr'>sensus</span> <span class='ocrx_word' id='word_1_364' title='bbox 2842 1912 3042 1950; x_wconf 88' lang='lat' dir='ltr'>eorum</span> <span class='ocrx_word' id='word_1_365' title='bbox 3063 1895 3133 1950; x_wconf 88' lang='lat' dir='ltr'>ad</span> <span class='ocrx_word' id='word_1_366' title='bbox 3167 1893 3581 1950; x_wconf 88' lang='lat' dir='ltr'>discretionem</span> <span class='ocrx_word' id='word_1_367' title='bbox 3601 1891 3741 1948; x_wconf 90' lang='lat' dir='ltr'>boni</span> 
     </span>
    </p>
   </div>
   <div class='ocr_carea' id='block_1_49' title="bbox 2093 1981 3743 2055">
    <p class='ocr_par' dir='ltr' id='par_1_49' title="bbox 2093 1981 3743 2055">
     <span class='ocr_line' id='line_1_49' title="bbox 2093 1981 3743 2055; baseline -0.003 -13"><span class='ocrx_word' id='word_1_368' title='bbox 2093 1988 2150 2042; x_wconf 89' lang='lat' dir='ltr'>et</span> <span class='ocrx_word' id='word_1_369' title='bbox 2181 1985 2320 2040; x_wconf 91' lang='lat' dir='ltr'>mali</span> <span class='ocrx_word' id='word_1_370' title='bbox 2352 1991 2494 2040; x_wconf 91' lang='lat' dir='ltr'>sunt</span> <span class='ocrx_word' id='word_1_371' title='bbox 2522 1985 2839 2041; x_wconf 84' lang='lat' dir='ltr'>exercitati.</span> <span class='ocrx_word' id='word_1_372' title='bbox 2874 1986 3036 2051; x_wconf 89' lang='lat' dir='ltr'>Quod</span> <span class='ocrx_word' id='word_1_373' title='bbox 3078 1986 3129 2041; x_wconf 89' lang='lat' dir='ltr'>si</span> <span class='ocrx_word' id='word_1_374' title='bbox 3171 2000 3432 2055; x_wconf 81' lang='lat' dir='ltr'>unquam</span> <span class='ocrx_word' id='word_1_375' title='bbox 3481 1981 3743 2038; x_wconf 87' lang='lat' dir='ltr'>Ecclesia</span> 
     </span>
    </p>
   </div>
   <div class='ocr_carea' id='block_1_50' title="bbox 2090 2071 3738 2146">
    <p class='ocr_par' dir='ltr' id='par_1_50' title="bbox 2090 2071 3738 2146">
     <span class='ocr_line' id='line_1_50' title="bbox 2090 2071 3738 2146; baseline -0.002 -17"><span class='ocrx_word' id='word_1_376' title='bbox 2090 2073 2312 2130; x_wconf 85' lang='lat' dir='ltr'>laboret</span> <span class='ocrx_word' id='word_1_377' title='bbox 2343 2075 2588 2146; x_wconf 90' lang='lat' dir='ltr'>penuria</span> <span class='ocrx_word' id='word_1_378' title='bbox 2634 2091 2836 2130; x_wconf 91' lang='lat' dir='ltr'>eorum</span> <span class='ocrx_word' id='word_1_379' title='bbox 2869 2074 2972 2146; x_wconf 92' lang='lat' dir='ltr'>qui</span> <span class='ocrx_word' id='word_1_380' title='bbox 3003 2075 3283 2146; x_wconf 86' lang='lat' dir='ltr'>dogmata</span> <span class='ocrx_word' id='word_1_381' title='bbox 3319 2073 3487 2127; x_wconf 79' lang='lat' dir='ltr'>ﬁrma</span> <span class='ocrx_word' id='word_1_382' title='bbox 3521 2071 3738 2127; x_wconf 90' lang='lat' dir='ltr'>solida-</span> 
     </span>
    </p>
   </div>
   <div class='ocr_carea' id='block_1_51' title="bbox 2091 2161 3742 2236">
    <p class='ocr_par' dir='ltr' id='par_1_51' title="bbox 2091 2161 3742 2236">
     <span class='ocr_line' id='line_1_51' title="bbox 2091 2161 3742 2236; baseline -0.002 -17"><span class='ocrx_word' id='word_1_383' title='bbox 2091 2181 2204 2236; x_wconf 88' lang='lat' dir='ltr'>que</span> <span class='ocrx_word' id='word_1_384' title='bbox 2234 2169 2291 2219; x_wconf 87' lang='lat' dir='ltr'>et</span> <span class='ocrx_word' id='word_1_385' title='bbox 2319 2181 2498 2220; x_wconf 88' lang='lat' dir='ltr'>sensu</span> <span class='ocrx_word' id='word_1_386' title='bbox 2531 2164 2726 2219; x_wconf 91' lang='lat' dir='ltr'>divino</span> <span class='ocrx_word' id='word_1_387' title='bbox 2748 2164 2922 2236; x_wconf 89' lang='lat' dir='ltr'>plena</span> <span class='ocrx_word' id='word_1_388' title='bbox 2941 2165 3200 2231; x_wconf 84' lang='lat' dir='ltr'>tradant,</span> <span class='ocrx_word' id='word_1_389' title='bbox 3232 2163 3290 2217; x_wconf 91' lang='lat' dir='ltr'>id</span> <span class='ocrx_word' id='word_1_390' title='bbox 3349 2162 3422 2218; x_wconf 80' lang='lat' dir='ltr'>ab</span> <span class='ocrx_word' id='word_1_391' title='bbox 3452 2177 3521 2217; x_wconf 83' lang='lat' dir='ltr'>ea</span> <span class='ocrx_word' id='word_1_392' title='bbox 3559 2161 3742 2216; x_wconf 88' lang='lat' dir='ltr'>robur</span> 
     </span>
    </p>
   </div>
   <div class='ocr_carea' id='block_1_52' title="bbox 2091 2251 3738 2325">
    <p class='ocr_par' dir='ltr' id='par_1_52' title="bbox 2091 2251 3738 2325">
     <span class='ocr_line' id='line_1_52' title="bbox 2091 2251 3738 2325; baseline -0.002 -17"><span class='ocrx_word' id='word_1_393' title='bbox 2091 2251 2261 2325; x_wconf 89' lang='lat' dir='ltr'>panis</span> <span class='ocrx_word' id='word_1_394' title='bbox 2282 2253 2496 2308; x_wconf 84' lang='lat' dir='ltr'>auferri</span> <span class='ocrx_word' id='word_1_395' title='bbox 2519 2253 2790 2308; x_wconf 88' lang='lat' dir='ltr'>ostendit.</span> <span class='ocrx_word' id='word_1_396' title='bbox 2825 2253 2975 2319; x_wconf 89' lang='lat' dir='ltr'>Quin</span> <span class='ocrx_word' id='word_1_397' title='bbox 3006 2253 3177 2308; x_wconf 89' lang='lat' dir='ltr'>etiam</span> <span class='ocrx_word' id='word_1_398' title='bbox 3211 2251 3366 2306; x_wconf 89' lang='lat' dir='ltr'>inest</span> <span class='ocrx_word' id='word_1_399' title='bbox 3395 2251 3454 2305; x_wconf 90' lang='lat' dir='ltr'>in</span> <span class='ocrx_word' id='word_1_400' title='bbox 3487 2266 3738 2322; x_wconf 89' lang='lat' dir='ltr'>aquaro-</span> 
     </span>
    </p>
   </div>
   <div class='ocr_carea' id='block_1_53' title="bbox 2089 2339 3736 2411">
    <p class='ocr_par' dir='ltr' id='par_1_53' title="bbox 2089 2339 3736 2411">
     <span class='ocr_line' id='line_1_53' title="bbox 2089 2339 3736 2411; baseline -0.002 -14"><span class='ocrx_word' id='word_1_401' title='bbox 2089 2342 2204 2398; x_wconf 91' lang='lat' dir='ltr'>bur</span> <span class='ocrx_word' id='word_1_402' title='bbox 2231 2346 2289 2398; x_wconf 89' lang='lat' dir='ltr'>et</span> <span class='ocrx_word' id='word_1_403' title='bbox 2317 2342 2747 2411; x_wconf 83' lang='lat' dir='ltr'>inﬁrmitas,uti</span> <span class='ocrx_word' id='word_1_404' title='bbox 2767 2342 2849 2398; x_wconf 88' lang='lat' dir='ltr'>ait</span> <span class='ocrx_word' id='word_1_405' title='bbox 2872 2341 3159 2398; x_wconf 88' lang='lat' dir='ltr'>Dominus</span> <span class='ocrx_word' id='word_1_406' title='bbox 3192 2357 3205 2395; x_wconf 90' lang='lat'><strong>:</strong></span> <span class='ocrx_word' id='word_1_407' title='bbox 3258 2340 3444 2396; x_wconf 80' lang='lat' dir='ltr'>Omnis</span> <span class='ocrx_word' id='word_1_408' title='bbox 3473 2340 3570 2411; x_wconf 78' lang='lat' dir='ltr'>qui</span> <span class='ocrx_word' id='word_1_409' title='bbox 3600 2339 3736 2394; x_wconf 80' lang='lat' dir='ltr'>bibit</span> 
     </span>
    </p>
   </div>
   <div class='ocr_carea' id='block_1_54' title="bbox 2088 2429 3738 2504">
    <p class='ocr_par' dir='ltr' id='par_1_54' title="bbox 2088 2429 3738 2504">
     <span class='ocr_line' id='line_1_54' title="bbox 2088 2429 3738 2504; baseline -0.002 -17"><span class='ocrx_word' id='word_1_410' title='bbox 2088 2447 2159 2487; x_wconf 78' lang='lat' dir='ltr'>ea:</span> <span class='ocrx_word' id='word_1_411' title='bbox 2187 2447 2333 2504; x_wconf 86' lang='lat' dir='ltr'>aqua</span> <span class='ocrx_word' id='word_1_412' title='bbox 2369 2432 2497 2498; x_wconf 85' lang='lat' dir='ltr'>hac,</span> <span class='ocrx_word' id='word_1_413' title='bbox 2529 2433 2677 2487; x_wconf 78' lang='lat' dir='ltr'>sitiet</span> <span class='ocrx_word' id='word_1_414' title='bbox 2720 2434 2923 2487; x_wconf 81' lang='lat' dir='ltr'>iterum</span> <span class='ocrx_word' id='word_1_415' title='bbox 2963 2449 2982 2487; x_wconf 91' lang='lat'><strong><em>:</em></strong></span> <span class='ocrx_word' id='word_1_416' title='bbox 3041 2433 3136 2503; x_wconf 80' lang='lat' dir='ltr'>qui</span> <span class='ocrx_word' id='word_1_417' title='bbox 3172 2439 3357 2486; x_wconf 84' lang='lat' dir='ltr'>autem</span> <span class='ocrx_word' id='word_1_418' title='bbox 3413 2429 3612 2485; x_wconf 74' lang='lat' dir='ltr'>biberit</span> <span class='ocrx_word' id='word_1_419' title='bbox 3665 2443 3738 2484; x_wconf 73' lang='lat' dir='ltr'>ea:</span> 
     </span>
    </p>
   </div>
   <div class='ocr_carea' id='block_1_55' title="bbox 2089 2518 3732 2594">
    <p class='ocr_par' dir='ltr' id='par_1_55' title="bbox 2089 2518 3732 2594">
     <span class='ocr_line' id='line_1_55' title="bbox 2089 2518 3732 2594; baseline -0.002 -18"><span class='ocrx_word' id='word_1_420' title='bbox 2089 2538 2264 2593; x_wconf 83' lang='lat' dir='ltr'>aqua,</span> <span class='ocrx_word' id='word_1_421' title='bbox 2297 2538 2458 2594; x_wconf 86' lang='lat' dir='ltr'>quam</span> <span class='ocrx_word' id='word_1_422' title='bbox 2487 2537 2587 2591; x_wconf 79' lang='lat' dir='ltr'>ego</span> <span class='ocrx_word' id='word_1_423' title='bbox 2611 2522 2758 2577; x_wconf 86' lang='lat' dir='ltr'>dabo</span> <span class='ocrx_word' id='word_1_424' title='bbox 2779 2523 2854 2589; x_wconf 76' lang='lat' dir='ltr'>ei,</span> <span class='ocrx_word' id='word_1_425' title='bbox 2894 2537 3006 2577; x_wconf 86' lang='lat' dir='ltr'>non</span> <span class='ocrx_word' id='word_1_426' title='bbox 3061 2523 3213 2577; x_wconf 72' lang='lat' dir='ltr'>sitiet</span> <span class='ocrx_word' id='word_1_427' title='bbox 3259 2522 3321 2576; x_wconf 78' lang='lat' dir='ltr'>in</span> <span class='ocrx_word' id='word_1_428' title='bbox 3367 2523 3637 2576; x_wconf 67' lang='lat' dir='ltr'>aeternum</span> <span class='ocrx_word' id='word_1_429' title='bbox 3667 2518 3732 2573; x_wconf 78' lang='grc' dir='ltr'>⁷ο.</span> 
     </span>
    </p>
   </div>
   <div class='ocr_carea' id='block_1_56' title="bbox 2089 2609 3740 2682">
    <p class='ocr_par' dir='ltr' id='par_1_56' title="bbox 2089 2609 3740 2682">
     <span class='ocr_line' id='line_1_56' title="bbox 2089 2609 3740 2682; baseline -0.002 -16"><span class='ocrx_word' id='word_1_430' title='bbox 2089 2611 2598 2677; x_wconf 87' lang='lat' dir='ltr'>Quemadmodum</span> <span class='ocrx_word' id='word_1_431' title='bbox 2627 2616 2823 2667; x_wconf 88' lang='lat' dir='ltr'>autem</span> <span class='ocrx_word' id='word_1_432' title='bbox 2863 2611 3052 2682; x_wconf 88' lang='lat' dir='ltr'>primo</span> <span class='ocrx_word' id='word_1_433' title='bbox 3082 2610 3286 2665; x_wconf 88' lang='lat' dir='ltr'>ordine</span> <span class='ocrx_word' id='word_1_434' title='bbox 3325 2609 3616 2664; x_wconf 85' lang='lat' dir='ltr'>sumimus</span> <span class='ocrx_word' id='word_1_435' title='bbox 3647 2623 3740 2662; x_wconf 89' lang='lat' dir='ltr'>so-</span> 
     </span>
    </p>
   </div>
   <div class='ocr_carea' id='block_1_57' title="bbox 2088 2697 3739 2772">
    <p class='ocr_par' dir='ltr' id='par_1_57' title="bbox 2088 2697 3739 2772">
     <span class='ocr_line' id='line_1_57' title="bbox 2088 2697 3739 2772; baseline -0.002 -16"><span class='ocrx_word' id='word_1_436' title='bbox 2088 2700 2277 2756; x_wconf 91' lang='lat' dir='ltr'>lidum</span> <span class='ocrx_word' id='word_1_437' title='bbox 2308 2701 2526 2772; x_wconf 85' lang='lat' dir='ltr'>cibum,</span> <span class='ocrx_word' id='word_1_438' title='bbox 2557 2700 2870 2756; x_wconf 91' lang='lat' dir='ltr'>humidum</span> <span class='ocrx_word' id='word_1_439' title='bbox 2895 2717 3024 2756; x_wconf 90' lang='lat' dir='ltr'>vero</span> <span class='ocrx_word' id='word_1_440' title='bbox 3052 2700 3181 2756; x_wconf 91' lang='lat' dir='ltr'>ideo</span> <span class='ocrx_word' id='word_1_441' title='bbox 3204 2700 3566 2770; x_wconf 79' lang='lat' dir='ltr'>capimus,ut</span> <span class='ocrx_word' id='word_1_442' title='bbox 3584 2697 3739 2753; x_wconf 88' lang='lat' dir='ltr'>sicco</span> 
     </span>
    </p>
   </div>
   <div class='ocr_carea' id='block_1_58' title="bbox 2091 2785 3740 2862">
    <p class='ocr_par' dir='ltr' id='par_1_58' title="bbox 2091 2785 3740 2862">
     <span class='ocr_line' id='line_1_58' title="bbox 2091 2785 3740 2862; baseline -0.003 -17"><span class='ocrx_word' id='word_1_443' title='bbox 2091 2789 2169 2846; x_wconf 89' lang='lat' dir='ltr'>sit</span> <span class='ocrx_word' id='word_1_444' title='bbox 2197 2790 2527 2845; x_wconf 86' lang='lat' dir='ltr'>vehiculum</span> <span class='ocrx_word' id='word_1_445' title='bbox 2550 2791 2721 2862; x_wconf 88' lang='lat' dir='ltr'>eique</span> <span class='ocrx_word' id='word_1_446' title='bbox 2743 2791 2898 2845; x_wconf 88' lang='lat' dir='ltr'>viam</span> <span class='ocrx_word' id='word_1_447' title='bbox 2930 2793 3092 2860; x_wconf 90' lang='lat' dir='ltr'>paret</span> <span class='ocrx_word' id='word_1_448' title='bbox 3123 2789 3193 2844; x_wconf 93' lang='lat' dir='ltr'>ad</span> <span class='ocrx_word' id='word_1_449' title='bbox 3211 2787 3597 2861; x_wconf 87' lang='lat' dir='ltr'>digestionem</span> <span class='ocrx_word' id='word_1_450' title='bbox 3625 2785 3740 2842; x_wconf 90' lang='lat' dir='ltr'>:ita</span> 
     </span>
    </p>
   </div>
   <div class='ocr_carea' id='block_1_59' title="bbox 2091 2875 3738 2952">
    <p class='ocr_par' dir='ltr' id='par_1_59' title="bbox 2091 2875 3738 2952">
     <span class='ocr_line' id='line_1_59' title="bbox 2091 2875 3738 2952; baseline -0.002 -17"><span class='ocrx_word' id='word_1_451' title='bbox 2091 2895 2324 2952; x_wconf 89' lang='lat' dir='ltr'>quoque</span> <span class='ocrx_word' id='word_1_452' title='bbox 2357 2881 2421 2935; x_wconf 83' lang='lat' dir='ltr'>ﬁt</span> <span class='ocrx_word' id='word_1_453' title='bbox 2451 2881 2509 2934; x_wconf 91' lang='lat' dir='ltr'>in</span> <span class='ocrx_word' id='word_1_454' title='bbox 2542 2879 2818 2936; x_wconf 88' lang='lat' dir='ltr'>alimento</span> <span class='ocrx_word' id='word_1_455' title='bbox 2848 2877 3480 2950; x_wconf 69' lang='lat' dir='ltr'>animaantelligentia</span> <span class='ocrx_word' id='word_1_456' title='bbox 3501 2875 3738 2947; x_wconf 89' lang='lat' dir='ltr'>quidem</span> 
     </span>
    </p>
   </div>
   <div class='ocr_carea' id='block_1_60' title="bbox 2093 2967 3738 3041">
    <p class='ocr_par' dir='ltr' id='par_1_60' title="bbox 2093 2967 3738 3041">
     <span class='ocr_line' id='line_1_60' title="bbox 2093 2967 3738 3041; baseline -0.004 -17"><span class='ocrx_word' id='word_1_457' title='bbox 2093 2968 2282 3041; x_wconf 90' lang='lat' dir='ltr'>prima</span> <span class='ocrx_word' id='word_1_458' title='bbox 2311 2973 2400 3024; x_wconf 88' lang='lat' dir='ltr'>est</span> <span class='ocrx_word' id='word_1_459' title='bbox 2431 2974 2487 3024; x_wconf 91' lang='lat' dir='ltr'>et</span> <span class='ocrx_word' id='word_1_460' title='bbox 2516 2967 2769 3024; x_wconf 83' lang='lat' dir='ltr'>maxime</span> <span class='ocrx_word' id='word_1_461' title='bbox 2799 2967 3034 3040; x_wconf 86' lang='lat' dir='ltr'>propria</span> <span class='ocrx_word' id='word_1_462' title='bbox 3090 2983 3225 3022; x_wconf 86' lang='lat' dir='ltr'>esca</span> <span class='ocrx_word' id='word_1_463' title='bbox 3262 2967 3469 3022; x_wconf 68' lang='lat' dir='ltr'>animae</span> <span class='ocrx_word' id='word_1_464' title='bbox 3503 2982 3516 3019; x_wconf 91' lang='lat'>:</span> <span class='ocrx_word' id='word_1_465' title='bbox 3542 2979 3738 3020; x_wconf 88' lang='lat' dir='ltr'>sermo</span> 
     </span>
    </p>
   </div>
   <div class='ocr_carea' id='block_1_61' title="bbox 2089 3053 3738 3128">
    <p class='ocr_par' dir='ltr' id='par_1_61' title="bbox 2089 3053 3738 3128">
     <span class='ocr_line' id='line_1_61' title="bbox 2089 3053 3738 3128; baseline -0.002 -17"><span class='ocrx_word' id='word_1_466' title='bbox 2089 3073 2226 3112; x_wconf 86' lang='lat' dir='ltr'>vero</span> <span class='ocrx_word' id='word_1_467' title='bbox 2248 3074 2357 3112; x_wconf 87' lang='lat' dir='ltr'>sua</span> <span class='ocrx_word' id='word_1_468' title='bbox 2378 3057 2431 3111; x_wconf 92' lang='lat' dir='ltr'>vi</span> <span class='ocrx_word' id='word_1_469' title='bbox 2461 3061 2515 3111; x_wconf 92' lang='lat' dir='ltr'>et</span> <span class='ocrx_word' id='word_1_470' title='bbox 2546 3057 2808 3113; x_wconf 75' lang='lat' dir='ltr'>efﬁcacia</span> <span class='ocrx_word' id='word_1_471' title='bbox 2850 3055 3144 3128; x_wconf 83' lang='lat' dir='ltr'>dogmatis</span> <span class='ocrx_word' id='word_1_472' title='bbox 3177 3056 3287 3110; x_wconf 92' lang='lat' dir='ltr'>iter</span> <span class='ocrx_word' id='word_1_473' title='bbox 3317 3053 3738 3128; x_wconf 68' lang='lat' dir='ltr'>prtemuniens,</span> 
     </span>
    </p>
   </div>
   <div class='ocr_carea' id='block_1_62' title="bbox 329 3140 1978 3220">
    <p class='ocr_par' dir='ltr' id='par_1_62' title="bbox 329 3140 1978 3220">
     <span class='ocr_line' id='line_1_62' title="bbox 329 3140 1978 3220; baseline 0.003 -27"><span class='ocrx_word' id='word_1_474' title='bbox 329 3145 430 3208; x_wconf 84' lang='grc' dir='ltr'>τῆς</span> <span class='ocrx_word' id='word_1_475' title='bbox 492 3140 696 3205; x_wconf 76' lang='grc' dir='ltr'>οίκείας</span> <span class='ocrx_word' id='word_1_476' title='bbox 754 3142 1029 3218; x_wconf 72' lang='grc' dir='ltr'>ἆνεργείας</span> <span class='ocrx_word' id='word_1_477' title='bbox 1085 3141 1356 3200; x_wconf 80' lang='grc' dir='ltr'>ὁδοποιῶν</span> <span class='ocrx_word' id='word_1_478' title='bbox 1400 3151 1518 3208; x_wconf 87' lang='grc' dir='ltr'>τοῖς</span> <span class='ocrx_word' id='word_1_479' title='bbox 1578 3142 1834 3220; x_wconf 84' lang='grc' dir='ltr'>δόγμασι,</span> <span class='ocrx_word' id='word_1_480' title='bbox 1879 3145 1978 3213; x_wconf 80' lang='grc' dir='ltr'>τὴν</span> 
     </span>
    </p>
   </div>
   <div class='ocr_carea' id='block_1_63' title="bbox 2093 3140 3742 3220">
    <p class='ocr_par' dir='ltr' id='par_1_63' title="bbox 2093 3142 3742 3216">
     <span class='ocr_line' id='line_1_63' title="bbox 2093 3142 3742 3216; baseline -0.001 -16"><span class='ocrx_word' id='word_1_481' title='bbox 2093 3145 2231 3200; x_wconf 86' lang='lat' dir='ltr'>facit</span> <span class='ocrx_word' id='word_1_482' title='bbox 2258 3150 2324 3200; x_wconf 91' lang='lat' dir='ltr'>ut</span> <span class='ocrx_word' id='word_1_483' title='bbox 2353 3161 2423 3200; x_wconf 90' lang='lat' dir='ltr'>ea</span> <span class='ocrx_word' id='word_1_484' title='bbox 2451 3145 2866 3216; x_wconf 84' lang='lat' dir='ltr'>percipiantur.</span> <span class='ocrx_word' id='word_1_485' title='bbox 2900 3146 3029 3200; x_wconf 90' lang='lat' dir='ltr'>Jam</span> <span class='ocrx_word' id='word_1_486' title='bbox 3088 3161 3221 3200; x_wconf 89' lang='lat' dir='ltr'>vero</span> <span class='ocrx_word' id='word_1_487' title='bbox 3269 3142 3566 3216; x_wconf 89' lang='lat' dir='ltr'>aperiendi</span> <span class='ocrx_word' id='word_1_488' title='bbox 3598 3145 3742 3198; x_wconf 82' lang='lat' dir='ltr'>sunt</span> 
     </span>
    </p>
   </div>
   <div class='ocr_carea' id='block_1_64' title="bbox 331 3221 1978 3308">
    <p class='ocr_par' dir='ltr' id='par_1_64' title="bbox 331 3226 1978 3308">
     <span class='ocr_line' id='line_1_64' title="bbox 331 3226 1978 3308; baseline 0.005 -27"><span class='ocrx_word' id='word_1_489' title='bbox 331 3226 604 3303; x_wconf 80' lang='grc' dir='ltr'>ἀνάληψιν</span> <span class='ocrx_word' id='word_1_490' title='bbox 662 3229 961 3308; x_wconf 68' lang='grc' dir='ltr'>ἇργάζεται.</span> <span class='ocrx_word' id='word_1_491' title='bbox 1016 3233 1255 3304; x_wconf 81' lang='grc' dir='ltr'>’Δνοῖξαι</span> <span class='ocrx_word' id='word_1_492' title='bbox 1313 3230 1371 3288; x_wconf 75' lang='grc' dir='ltr'>δὶ</span> <span class='ocrx_word' id='word_1_493' title='bbox 1427 3231 1511 3288; x_wconf 87' lang='grc' dir='ltr'>δεῖ</span> <span class='ocrx_word' id='word_1_494' title='bbox 1573 3233 1702 3295; x_wconf 87' lang='grc' dir='ltr'>τοὺς</span> <span class='ocrx_word' id='word_1_495' title='bbox 1769 3231 1978 3308; x_wconf 81' lang='grc' dir='ltr'>ὀφθαλ-</span> 
     </span>
    </p>
   </div>
   <div class='ocr_carea' id='block_1_65' title="bbox 2093 3221 3740 3308">
    <p class='ocr_par' dir='ltr' id='par_1_65' title="bbox 2093 3231 3740 3306">
     <span class='ocr_line' id='line_1_65' title="bbox 2093 3231 3740 3306; baseline -0.003 -16"><span class='ocrx_word' id='word_1_496' title='bbox 2093 3233 2270 3304; x_wconf 91' lang='lat' dir='ltr'>oculi,</span> <span class='ocrx_word' id='word_1_497' title='bbox 2295 3237 2361 3289; x_wconf 91' lang='lat' dir='ltr'>ut</span> <span class='ocrx_word' id='word_1_498' title='bbox 2390 3250 2539 3306; x_wconf 89' lang='lat' dir='ltr'>pane</span> <span class='ocrx_word' id='word_1_499' title='bbox 2567 3233 2681 3290; x_wconf 83' lang='lat' dir='ltr'>isto</span> <span class='ocrx_word' id='word_1_500' title='bbox 2711 3239 2767 3290; x_wconf 88' lang='lat' dir='ltr'>et</span> <span class='ocrx_word' id='word_1_501' title='bbox 2797 3251 2948 3306; x_wconf 88' lang='lat' dir='ltr'>aqua</span> <span class='ocrx_word' id='word_1_502' title='bbox 2970 3235 3275 3289; x_wconf 89' lang='lat' dir='ltr'>satiemur.</span> <span class='ocrx_word' id='word_1_503' title='bbox 3307 3233 3492 3305; x_wconf 76' lang='lat' dir='ltr'>Aperi,</span> <span class='ocrx_word' id='word_1_504' title='bbox 3524 3231 3740 3302; x_wconf 85' lang='lat' dir='ltr'>inquit,</span> 
     </span>
    </p>
   </div>
   <div class='ocr_carea' id='block_1_66' title="bbox 334 3315 1986 3396">
    <p class='ocr_par' dir='ltr' id='par_1_66' title="bbox 334 3315 1986 3396">
     <span class='ocr_line' id='line_1_66' title="bbox 334 3315 1986 3396; baseline 0.003 -25"><span class='ocrx_word' id='word_1_505' title='bbox 334 3315 611 3388; x_wconf 66' lang='grc' dir='ltr'>μοὺς,*ίνα</span> <span class='ocrx_word' id='word_1_506' title='bbox 663 3319 861 3375; x_wconf 84' lang='grc' dir='ltr'>τούτου</span> <span class='ocrx_word' id='word_1_507' title='bbox 904 3325 1001 3375; x_wconf 92' lang='grc' dir='ltr'>τοῦ</span> <span class='ocrx_word' id='word_1_508' title='bbox 1059 3320 1224 3396; x_wconf 72' lang='grc' dir='ltr'>ἄρτου</span> <span class='ocrx_word' id='word_1_509' title='bbox 1283 3320 1695 3396; x_wconf 69' lang='grc' dir='ltr'>ἔμπλησθῶμεν</span> <span class='ocrx_word' id='word_1_510' title='bbox 1751 3321 1841 3376; x_wconf 63' lang='lat' dir='ltr'>xxi</span> <span class='ocrx_word' id='word_1_511' title='bbox 1889 3327 1986 3376; x_wconf 86' lang='grc' dir='ltr'>τοῦ</span> 
     </span>
    </p>
   </div>
   <div class='ocr_carea' id='block_1_67' title="bbox 327 3402 1982 3488">
    <p class='ocr_par' dir='ltr' id='par_1_67' title="bbox 327 3402 1982 3488">
     <span class='ocr_line' id='line_1_67' title="bbox 327 3402 1982 3488; baseline 0.004 -30"><span class='ocrx_word' id='word_1_512' title='bbox 327 3402 546 3468; x_wconf 76' lang='grc' dir='ltr'>ὕδατος.</span> <span class='ocrx_word' id='word_1_513' title='bbox 607 3407 882 3481; x_wconf 80' lang='grc' dir='ltr'>Διάνοιξον</span> <span class='ocrx_word' id='word_1_514' title='bbox 930 3409 1054 3484; x_wconf 79' lang='grc' dir='ltr'>γὰρ,</span> <span class='ocrx_word' id='word_1_515' title='bbox 1096 3411 1252 3484; x_wconf 82' lang='grc' dir='ltr'>φησὶ,</span> <span class='ocrx_word' id='word_1_516' title='bbox 1302 3409 1432 3474; x_wconf 78' lang='grc' dir='ltr'>τοὺς</span> <span class='ocrx_word' id='word_1_517' title='bbox 1485 3408 1802 3488; x_wconf 77' lang='grc' dir='ltr'>ὀφθαλμούς</span> <span class='ocrx_word' id='word_1_518' title='bbox 1862 3431 1982 3482; x_wconf 90' lang='grc' dir='ltr'>σου,</span> 
     </span>
    </p>
   </div>
   <div class='ocr_carea' id='block_1_68' title="bbox 318 3495 1563 3576">
    <p class='ocr_par' dir='ltr' id='par_1_68' title="bbox 318 3495 1563 3576">
     <span class='ocr_line' id='line_1_68' title="bbox 318 3495 1563 3576; baseline 0.004 -27"><span class='ocrx_word' id='word_1_519' title='bbox 318 3496 411 3550; x_wconf 79' lang='grc' dir='ltr'>καὶ</span> <span class='ocrx_word' id='word_1_520' title='bbox 465 3495 819 3570; x_wconf 68' lang='grc' dir='ltr'>ὶμπλήσθητι</span> <span class='ocrx_word' id='word_1_521' title='bbox 877 3501 989 3574; x_wconf 87' lang='grc'>(58)</span> <span class='ocrx_word' id='word_1_522' title='bbox 1064 3497 1239 3576; x_wconf 81' lang='grc' dir='ltr'>ἄρτων</span> <span class='ocrx_word' id='word_1_523' title='bbox 1269 3543 1282 3557; x_wconf 94' lang='grc'>.</span> <span class='ocrx_word' id='word_1_524' title='bbox 1333 3501 1434 3555; x_wconf 69' lang='grc' dir='ltr'>Καί</span> <span class='ocrx_word' id='word_1_525' title='bbox 1511 3499 1563 3555; x_wconf 81' lang='grc' dir='ltr'>ἐν</span> 
     </span>
    </p>
   </div>
   <div class='ocr_carea' id='block_1_69' title="bbox 322 3582 492 3660">
    <p class='ocr_par' dir='ltr' id='par_1_69' title="bbox 322 3582 492 3660">
     <span class='ocr_line' id='line_1_69' title="bbox 322 3582 492 3660; baseline 0.029 -22"><span class='ocrx_word' id='word_1_526' title='bbox 322 3582 492 3660; x_wconf 73' lang='grc' dir='ltr'>ὕδωρ.</span> 
     </span>
    </p>
   </div>
   <div class='ocr_carea' id='block_1_70' title="bbox 397 3674 1984 3754">
    <p class='ocr_par' dir='ltr' id='par_1_70' title="bbox 397 3674 1984 3754">
     <span class='ocr_line' id='line_1_70' title="bbox 397 3674 1984 3754; baseline 0.003 -24"><span class='ocrx_word' id='word_1_527' title='bbox 397 3677 520 3730; x_wconf 88' lang='grc'>101.</span> <span class='ocrx_word' id='word_1_528' title='bbox 567 3674 808 3751; x_wconf 86' lang='grc' dir='ltr'>Γίγαντα</span> <span class='ocrx_word' id='word_1_529' title='bbox 882 3676 974 3731; x_wconf 83' lang='grc' dir='ltr'>καὶ</span> <span class='ocrx_word' id='word_1_530' title='bbox 1042 3675 1328 3753; x_wconf 75' lang='grc' dir='ltr'>ΐσχύοντα,</span> <span class='ocrx_word' id='word_1_531' title='bbox 1389 3677 1478 3734; x_wconf 86' lang='grc' dir='ltr'>καὶ</span> <span class='ocrx_word' id='word_1_532' title='bbox 1538 3675 1827 3754; x_wconf 80' lang='grc' dir='ltr'>ἄνθρωπον</span> <span class='ocrx_word' id='word_1_533' title='bbox 1887 3700 1984 3735; x_wconf 88' lang='grc' dir='ltr'>πο-</span> 
     </span>
    </p>
   </div>
   <div class='ocr_carea' id='block_1_71' title="bbox 322 3759 1980 3846">
    <p class='ocr_par' dir='ltr' id='par_1_71' title="bbox 322 3759 1980 3846">
     <span class='ocr_line' id='line_1_71' title="bbox 322 3759 1980 3846; baseline 0.005 -30"><span class='ocrx_word' id='word_1_534' title='bbox 322 3759 590 3836; x_wconf 75' lang='grc' dir='ltr'>λεμιστὴν</span> <span class='ocrx_word' id='word_1_535' title='bbox 676 3763 770 3819; x_wconf 86' lang='grc' dir='ltr'>καὶ</span> <span class='ocrx_word' id='word_1_536' title='bbox 859 3762 1137 3837; x_wconf 74' lang='grc' dir='ltr'>δικαστήν.</span> <span class='ocrx_word' id='word_1_537' title='bbox 1195 3766 1316 3822; x_wconf 83' lang='grc' dir='ltr'>Ἐπὶ</span> <span class='ocrx_word' id='word_1_538' title='bbox 1398 3767 1573 3824; x_wconf 91' lang='grc' dir='ltr'>καλοῦ</span> <span class='ocrx_word' id='word_1_539' title='bbox 1645 3768 1980 3846; x_wconf 68' lang='grc' dir='ltr'>τεταγμινην</span> 
     </span>
    </p>
   </div>
   <div class='ocr_carea' id='block_1_72' title="bbox 321 3851 1980 3934">
    <p class='ocr_par' dir='ltr' id='par_1_72' title="bbox 321 3851 1980 3934">
     <span class='ocr_line' id='line_1_72' title="bbox 321 3851 1980 3934; baseline 0.007 -29"><span class='ocrx_word' id='word_1_540' title='bbox 321 3851 422 3920; x_wconf 74' lang='grc' dir='ltr'>τὴν</span> <span class='ocrx_word' id='word_1_541' title='bbox 455 3856 552 3906; x_wconf 91' lang='grc' dir='ltr'>τοῦ</span> <span class='ocrx_word' id='word_1_542' title='bbox 583 3853 844 3927; x_wconf 89' lang='grc' dir='ltr'>γίγαντος</span> <span class='ocrx_word' id='word_1_543' title='bbox 873 3854 1248 3930; x_wconf 88' lang='grc' dir='ltr'>προσηγορίαν</span> <span class='ocrx_word' id='word_1_544' title='bbox 1295 3855 1515 3912; x_wconf 74' lang='grc' dir='ltr'>ἐνταῦθα</span> <span class='ocrx_word' id='word_1_545' title='bbox 1562 3857 1790 3934; x_wconf 79' lang='grc' dir='ltr'>εὕρομεν</span> <span class='ocrx_word' id='word_1_546' title='bbox 1843 3862 1980 3932; x_wconf 83' lang='grc'>(59),</span> 
     </span>
    </p>
   </div>
   <div class='ocr_carea' id='block_1_73' title="bbox 320 3939 1978 4024">
    <p class='ocr_par' dir='ltr' id='par_1_73' title="bbox 320 3939 1978 4024">
     <span class='ocr_line' id='line_1_73' title="bbox 320 3939 1978 4024; baseline 0.005 -28"><span class='ocrx_word' id='word_1_547' title='bbox 320 3940 416 3996; x_wconf 81' lang='grc' dir='ltr'>καὶ</span> <span class='ocrx_word' id='word_1_548' title='bbox 472 3939 526 3996; x_wconf 82' lang='grc' dir='ltr'>εἷ’</span> <span class='ocrx_word' id='word_1_549' title='bbox 566 3963 695 4014; x_wconf 86' lang='grc' dir='ltr'>που,</span> <span class='ocrx_word' id='word_1_550' title='bbox 725 3943 864 3998; x_wconf 85' lang='grc' dir='ltr'>κατὰ</span> <span class='ocrx_word' id='word_1_551' title='bbox 907 3944 969 3999; x_wconf 86' lang='grc' dir='ltr'>τὸ</span> <span class='ocrx_word' id='word_1_552' title='bbox 1020 3945 1263 4015; x_wconf 85' lang='grc' dir='ltr'>σπάνιον,</span> <span class='ocrx_word' id='word_1_553' title='bbox 1287 3947 1374 4008; x_wconf 76' lang='grc' dir='ltr'>Ὠς</span> <span class='ocrx_word' id='word_1_554' title='bbox 1429 3946 1512 4016; x_wconf 84' lang='grc' dir='ltr'>τὸ,</span> <span class='ocrx_word' id='word_1_555' title='bbox 1563 3945 1978 4024; x_wconf 84' lang='grc' dir='ltr'>’Λγαλλιάσεται</span> 
     </span>
    </p>
   </div>
   <div class='ocr_carea' id='block_1_74' title="bbox 326 4028 1976 4112">
    <p class='ocr_par' dir='ltr' id='par_1_74' title="bbox 326 4028 1976 4112">
     <span class='ocr_line' id='line_1_74' title="bbox 326 4028 1976 4112; baseline 0.006 -28"><span class='ocrx_word' id='word_1_556' title='bbox 326 4028 406 4091; x_wconf 82' lang='grc' dir='ltr'>ὡς</span> <span class='ocrx_word' id='word_1_557' title='bbox 461 4031 621 4106; x_wconf 85' lang='grc' dir='ltr'>γίγας</span> <span class='ocrx_word' id='word_1_558' title='bbox 682 4032 910 4108; x_wconf 83' lang='grc' dir='ltr'>δραμεῖν</span> <span class='ocrx_word' id='word_1_559' title='bbox 979 4029 1372 4112; x_wconf 79' lang='grc' dir='ltr'>ὁδόν.Ἀφελεῖ</span> <span class='ocrx_word' id='word_1_560' title='bbox 1425 4033 1516 4091; x_wconf 73' lang='grc' dir='ltr'>οὖν</span> <span class='ocrx_word' id='word_1_561' title='bbox 1573 4035 1792 4112; x_wconf 84' lang='grc' dir='ltr'>γίγαντα</span> 
     </span>
    </p>
   </div>
   <div class='ocr_carea' id='block_1_75' title="bbox 327 4116 1982 4200">
    <p class='ocr_par' dir='ltr' id='par_1_75' title="bbox 327 4116 1982 4200">
     <span class='ocr_line' id='line_1_75' title="bbox 327 4116 1982 4200; baseline 0.006 -28"><span class='ocrx_word' id='word_1_562' title='bbox 327 4117 466 4182; x_wconf 82' lang='grc' dir='ltr'>Τοὺς</span> <span class='ocrx_word' id='word_1_563' title='bbox 495 4116 727 4195; x_wconf 69' lang='grc' dir='ltr'>ἔχοντάς</span> <span class='ocrx_word' id='word_1_564' title='bbox 756 4143 874 4177; x_wconf 90' lang='grc' dir='ltr'>τινα</span> <span class='ocrx_word' id='word_1_565' title='bbox 906 4121 966 4177; x_wconf 72' lang='grc' dir='ltr'>ἐκ</span> <span class='ocrx_word' id='word_1_566' title='bbox 992 4123 1204 4200; x_wconf 78' lang='grc' dir='ltr'>φύσεως</span> <span class='ocrx_word' id='word_1_567' title='bbox 1252 4125 1662 4199; x_wconf 77' lang='grc' dir='ltr'>προτερήματα,</span> <span class='ocrx_word' id='word_1_568' title='bbox 1703 4124 1792 4181; x_wconf 89' lang='grc' dir='ltr'>καὶ</span> <span class='ocrx_word' id='word_1_569' title='bbox 1843 4126 1982 4182; x_wconf 78' lang='grc' dir='ltr'>κατὰ</span> 
     </span>
    </p>
   </div>
   <div class='ocr_carea' id='block_1_76' title="bbox 318 4207 1976 4290">
    <p class='ocr_par' dir='ltr' id='par_1_76' title="bbox 318 4207 1976 4290">
     <span class='ocr_line' id='line_1_76' title="bbox 318 4207 1976 4290; baseline 0.005 -29"><span class='ocrx_word' id='word_1_570' title='bbox 318 4207 422 4277; x_wconf 79' lang='grc' dir='ltr'>τὴν</span> <span class='ocrx_word' id='word_1_571' title='bbox 455 4207 736 4286; x_wconf 77' lang='grc' dir='ltr'>σύγκρισιν</span> <span class='ocrx_word' id='word_1_572' title='bbox 773 4214 874 4282; x_wconf 79' lang='grc' dir='ltr'>τῆς</span> <span class='ocrx_word' id='word_1_573' title='bbox 922 4211 1118 4288; x_wconf 84' lang='grc' dir='ltr'>σαρκὸς</span> <span class='ocrx_word' id='word_1_574' title='bbox 1165 4210 1392 4270; x_wconf 82' lang='grc' dir='ltr'>πολλῶν</span> <span class='ocrx_word' id='word_1_575' title='bbox 1438 4215 1553 4288; x_wconf 89' lang='grc'>(61)</span> <span class='ocrx_word' id='word_1_576' title='bbox 1601 4211 1976 4290; x_wconf 76' lang='grc' dir='ltr'>διαφέροντας,</span> 
     </span>
    </p>
   </div>
   <div class='ocr_carea' id='block_1_77' title="bbox 321 4295 1976 4381">
    <p class='ocr_par' dir='ltr' id='par_1_77' title="bbox 321 4295 1976 4381">
     <span class='ocr_line' id='line_1_77' title="bbox 321 4295 1976 4381; baseline 0.004 -29"><span class='ocrx_word' id='word_1_577' title='bbox 321 4295 402 4360; x_wconf 72' lang='grc' dir='ltr'>εἰς</span> <span class='ocrx_word' id='word_1_578' title='bbox 434 4297 705 4374; x_wconf 81' lang='grc' dir='ltr'>ἀνάληψιν</span> <span class='ocrx_word' id='word_1_579' title='bbox 737 4299 1074 4376; x_wconf 70' lang='grc' dir='ltr'>ὶπιστήμης.</span> <span class='ocrx_word' id='word_1_580' title='bbox 1107 4301 1144 4372; x_wconf 70' lang='grc' dir='ltr'><strong>ἢ</strong></span> <span class='ocrx_word' id='word_1_581' title='bbox 1194 4302 1270 4365; x_wconf 82' lang='grc' dir='ltr'>εἷς</span> <span class='ocrx_word' id='word_1_582' title='bbox 1316 4303 1543 4374; x_wconf 83' lang='grc' dir='ltr'>ἄσκησιν</span> <span class='ocrx_word' id='word_1_583' title='bbox 1603 4303 1821 4381; x_wconf 84' lang='grc' dir='ltr'>ἀρετῆς,</span> <span class='ocrx_word' id='word_1_584' title='bbox 1849 4303 1976 4361; x_wconf 86' lang='grc' dir='ltr'>τού-</span> 
     </span>
    </p>
   </div>
   <div class='ocr_carea' id='block_1_78' title="bbox 316 4387 1978 4469">
    <p class='ocr_par' dir='ltr' id='par_1_78' title="bbox 316 4387 1978 4469">
     <span class='ocr_line' id='line_1_78' title="bbox 316 4387 1978 4469; baseline 0.005 -28"><span class='ocrx_word' id='word_1_585' title='bbox 316 4407 450 4450; x_wconf 85' lang='grc' dir='ltr'>τους</span> <span class='ocrx_word' id='word_1_586' title='bbox 480 4387 765 4464; x_wconf 77' lang='grc' dir='ltr'>ἡγούμεθα</span> <span class='ocrx_word' id='word_1_587' title='bbox 793 4390 1046 4467; x_wconf 88' lang='grc' dir='ltr'>γίγαντας</span> <span class='ocrx_word' id='word_1_588' title='bbox 1081 4389 1356 4468; x_wconf 66' lang='grc' dir='ltr'>λέγεσθαυ</span> <span class='ocrx_word' id='word_1_589' title='bbox 1389 4392 1684 4469; x_wconf 80' lang='grc' dir='ltr'>ἱσχύοντας</span> <span class='ocrx_word' id='word_1_590' title='bbox 1744 4391 1803 4450; x_wconf 73' lang='grc' dir='ltr'>δὲ</span> <span class='ocrx_word' id='word_1_591' title='bbox 1850 4393 1978 4459; x_wconf 81' lang='grc' dir='ltr'>τοὺς</span> 
     </span>
    </p>
   </div>
   <div class='ocr_carea' id='block_1_79' title="bbox 318 4475 1976 4562">
    <p class='ocr_par' dir='ltr' id='par_1_79' title="bbox 318 4475 1976 4562">
     <span class='ocr_line' id='line_1_79' title="bbox 318 4475 1976 4562; baseline 0.005 -31"><span class='ocrx_word' id='word_1_592' title='bbox 318 4475 382 4531; x_wconf 64' lang='lat' dir='ltr'>lx</span> <span class='ocrx_word' id='word_1_593' title='bbox 408 4479 509 4548; x_wconf 75' lang='grc' dir='ltr'>τῆς</span> <span class='ocrx_word' id='word_1_594' title='bbox 541 4476 682 4542; x_wconf 76' lang='grc' dir='ltr'>ἰδίας</span> <span class='ocrx_word' id='word_1_595' title='bbox 729 4477 1048 4554; x_wconf 82' lang='grc' dir='ltr'>ἐπιμελείας</span> <span class='ocrx_word' id='word_1_596' title='bbox 1098 4480 1189 4536; x_wconf 86' lang='grc' dir='ltr'>καὶ</span> <span class='ocrx_word' id='word_1_597' title='bbox 1245 4481 1478 4556; x_wconf 75' lang='grc' dir='ltr'>μελέτης</span> <span class='ocrx_word' id='word_1_598' title='bbox 1531 4484 1594 4539; x_wconf 88' lang='grc' dir='ltr'>τὸ</span> <span class='ocrx_word' id='word_1_599' title='bbox 1652 4483 1712 4539; x_wconf 77' lang='grc' dir='ltr'>ἐκ</span> <span class='ocrx_word' id='word_1_600' title='bbox 1767 4483 1976 4562; x_wconf 75' lang='grc' dir='ltr'>φύσεως</span> 
     </span>
    </p>
   </div>
   <div class='ocr_carea' id='block_1_80' title="bbox 2095 3321 3740 3396">
    <p class='ocr_par' dir='ltr' id='par_1_80' title="bbox 2095 3321 3740 3396">
     <span class='ocr_line' id='line_1_80' title="bbox 2095 3321 3740 3396; baseline -0.002 -16"><span class='ocrx_word' id='word_1_601' title='bbox 2095 3324 2279 3380; x_wconf 78' lang='lat' dir='ltr'>oculos</span> <span class='ocrx_word' id='word_1_602' title='bbox 2300 3332 2438 3390; x_wconf 78' lang='lat' dir='ltr'>tuos,</span> <span class='ocrx_word' id='word_1_603' title='bbox 2467 3328 2520 3378; x_wconf 78' lang='lat' dir='ltr'>et</span> <span class='ocrx_word' id='word_1_604' title='bbox 2549 3323 2780 3395; x_wconf 78' lang='lat' dir='ltr'>implere</span> <span class='ocrx_word' id='word_1_605' title='bbox 2803 3323 3044 3396; x_wconf 71' lang='lat' dir='ltr'>panibus</span> <span class='ocrx_word' id='word_1_606' title='bbox 3073 3324 3140 3378; x_wconf 78' lang='grc' dir='ltr'>τί.</span> <span class='ocrx_word' id='word_1_607' title='bbox 3189 3323 3253 3378; x_wconf 91' lang='lat' dir='ltr'>In</span> <span class='ocrx_word' id='word_1_608' title='bbox 3310 3321 3520 3378; x_wconf 86' lang='lat' dir='ltr'>Genesi</span> <span class='ocrx_word' id='word_1_609' title='bbox 3579 3337 3740 3391; x_wconf 90' lang='lat' dir='ltr'>vero,</span> 
     </span>
    </p>
   </div>
   <div class='ocr_carea' id='block_1_81' title="bbox 2093 3413 3383 3486">
    <p class='ocr_par' dir='ltr' id='par_1_81' title="bbox 2093 3413 3383 3486">
     <span class='ocr_line' id='line_1_81' title="bbox 2093 3413 3383 3486; baseline -0.002 -18"><span class='ocrx_word' id='word_1_610' title='bbox 2093 3414 2439 3484; x_wconf 72' lang='lat' dir='ltr'>Aperti&#39;sunt</span> <span class='ocrx_word' id='word_1_611' title='bbox 2466 3413 2616 3469; x_wconf 81' lang='lat' dir='ltr'>oculi</span> <span class='ocrx_word' id='word_1_612' title='bbox 2643 3415 2808 3484; x_wconf 85' lang='lat' dir='ltr'>Agar,</span> <span class='ocrx_word' id='word_1_613' title='bbox 2834 3419 2887 3469; x_wconf 82' lang='lat' dir='ltr'>et</span> <span class='ocrx_word' id='word_1_614' title='bbox 2917 3414 3054 3470; x_wconf 78' lang='lat' dir='ltr'>vidit</span> <span class='ocrx_word' id='word_1_615' title='bbox 3083 3430 3287 3486; x_wconf 87' lang='lat' dir='ltr'>aquam</span> <span class='ocrx_word' id='word_1_616' title='bbox 3315 3413 3383 3466; x_wconf 74' lang='grc'>⁷³.</span> 
     </span>
    </p>
   </div>
   <div class='ocr_carea' id='block_1_82' title="bbox 1651 3497 3742 3581">
    <p class='ocr_par' dir='ltr' id='par_1_82' title="bbox 1651 3497 3742 3581">
     <span class='ocr_line' id='line_1_82' title="bbox 1651 3497 3742 3581; baseline 0 -26"><span class='ocrx_word' id='word_1_617' title='bbox 1651 3501 1855 3555; x_wconf 84' lang='grc' dir='ltr'>Γενὲσει</span> <span class='ocrx_word' id='word_1_618' title='bbox 1930 3497 2025 3557; x_wconf 77' lang='grc' dir='ltr'><strong>δέ·</strong></span> <span class='ocrx_word' id='word_1_619' title='bbox 2089 3500 2413 3576; x_wconf 87' lang='grc' dir='ltr'>Ἠνοίγησαν</span> <span class='ocrx_word' id='word_1_620' title='bbox 2479 3509 2580 3573; x_wconf 84' lang='grc' dir='ltr'>τῆς</span> <span class='ocrx_word' id='word_1_621' title='bbox 2657 3503 2819 3579; x_wconf 81' lang='grc' dir='ltr'>Ἀγὰρ</span> <span class='ocrx_word' id='word_1_622' title='bbox 2878 3503 2930 3557; x_wconf 79' lang='grc' dir='ltr'>οἱ</span> <span class='ocrx_word' id='word_1_623' title='bbox 2998 3500 3275 3581; x_wconf 78' lang='grc' dir='ltr'>ὀφθαλμοὶ</span> <span class='ocrx_word' id='word_1_624' title='bbox 3349 3499 3439 3558; x_wconf 80' lang='grc' dir='ltr'>καὶ</span> <span class='ocrx_word' id='word_1_625' title='bbox 3503 3498 3611 3557; x_wconf 80' lang='grc' dir='ltr'>εἶδε</span> <span class='ocrx_word' id='word_1_626' title='bbox 3676 3498 3742 3556; x_wconf 85' lang='grc' dir='ltr'>τὸ</span> 
     </span>
    </p>
   </div>
   <div class='ocr_carea' id='block_1_83' title="bbox 2166 3680 3740 3756">
    <p class='ocr_par' dir='ltr' id='par_1_83' title="bbox 2166 3680 3740 3756">
     <span class='ocr_line' id='line_1_83' title="bbox 2166 3680 3740 3756; baseline 0.001 -20"><span class='ocrx_word' id='word_1_627' title='bbox 2166 3681 2288 3736; x_wconf 90' lang='grc'>101.</span> <span class='ocrx_word' id='word_1_628' title='bbox 2309 3680 2487 3738; x_wconf 70' lang='grc' dir='ltr'>νκπε.</span> <span class='ocrx_word' id='word_1_629' title='bbox 2520 3683 2574 3738; x_wconf 82' lang='grc'>2.</span> <span class='ocrx_word' id='word_1_630' title='bbox 2611 3683 2896 3754; x_wconf 79' lang='lat' dir='ltr'>Gigantem</span> <span class='ocrx_word' id='word_1_631' title='bbox 2925 3687 2982 3739; x_wconf 84' lang='lat' dir='ltr'>et</span> <span class='ocrx_word' id='word_1_632' title='bbox 3033 3687 3260 3756; x_wconf 80' lang='lat' dir='ltr'>fortem,</span> <span class='ocrx_word' id='word_1_633' title='bbox 3311 3687 3365 3738; x_wconf 84' lang='lat' dir='ltr'>et</span> <span class='ocrx_word' id='word_1_634' title='bbox 3404 3684 3589 3738; x_wconf 80' lang='lat' dir='ltr'>virum</span> <span class='ocrx_word' id='word_1_635' title='bbox 3622 3682 3740 3738; x_wconf 71' lang='lat' dir='ltr'>bel-</span> 
     </span>
    </p>
   </div>
   <div class='ocr_carea' id='block_1_84' title="bbox 2092 3770 3740 3844">
    <p class='ocr_par' dir='ltr' id='par_1_84' title="bbox 2092 3770 3740 3844">
     <span class='ocr_line' id='line_1_84' title="bbox 2092 3770 3740 3844; baseline 0.001 -18"><span class='ocrx_word' id='word_1_636' title='bbox 2092 3770 2320 3826; x_wconf 83' lang='lat' dir='ltr'>latorem</span> <span class='ocrx_word' id='word_1_637' title='bbox 2350 3781 2401 3826; x_wconf 86' lang='lat' dir='ltr'>et</span> <span class='ocrx_word' id='word_1_638' title='bbox 2420 3772 2680 3844; x_wconf 75' lang='lat' dir='ltr'>judicem.</span> <span class='ocrx_word' id='word_1_639' title='bbox 2714 3772 2983 3844; x_wconf 90' lang='lat' dir='ltr'>Gigantis</span> <span class='ocrx_word' id='word_1_640' title='bbox 3014 3789 3227 3828; x_wconf 87' lang='lat' dir='ltr'>nomen</span> <span class='ocrx_word' id='word_1_641' title='bbox 3268 3772 3328 3827; x_wconf 91' lang='lat' dir='ltr'>in</span> <span class='ocrx_word' id='word_1_642' title='bbox 3355 3771 3569 3828; x_wconf 89' lang='lat' dir='ltr'>bonam</span> <span class='ocrx_word' id='word_1_643' title='bbox 3600 3787 3740 3842; x_wconf 88' lang='lat' dir='ltr'>par-</span> 
     </span>
    </p>
   </div>
   <div class='ocr_carea' id='block_1_85' title="bbox 2092 3861 3735 3935">
    <p class='ocr_par' dir='ltr' id='par_1_85' title="bbox 2092 3861 3735 3935">
     <span class='ocr_line' id='line_1_85' title="bbox 2092 3861 3735 3935; baseline 0 -20"><span class='ocrx_word' id='word_1_644' title='bbox 2092 3867 2207 3915; x_wconf 91' lang='lat' dir='ltr'>tem</span> <span class='ocrx_word' id='word_1_645' title='bbox 2230 3865 2579 3933; x_wconf 89' lang='lat' dir='ltr'>usurpatum</span> <span class='ocrx_word' id='word_1_646' title='bbox 2610 3861 2706 3917; x_wconf 93' lang='lat' dir='ltr'>hic</span> <span class='ocrx_word' id='word_1_647' title='bbox 2735 3861 3255 3935; x_wconf 88' lang='lat' dir='ltr'>deprehendimus,</span> <span class='ocrx_word' id='word_1_648' title='bbox 3297 3867 3355 3918; x_wconf 91' lang='lat' dir='ltr'>et</span> <span class='ocrx_word' id='word_1_649' title='bbox 3393 3861 3583 3918; x_wconf 87' lang='lat' dir='ltr'>sicubi</span> <span class='ocrx_word' id='word_1_650' title='bbox 3642 3861 3735 3916; x_wconf 90' lang='lat' dir='ltr'>in-</span> 
     </span>
    </p>
   </div>
   <div class='ocr_carea' id='block_1_86' title="bbox 2088 3949 3739 4024">
    <p class='ocr_par' dir='ltr' id='par_1_86' title="bbox 2088 3949 3739 4024">
     <span class='ocr_line' id='line_1_86' title="bbox 2088 3949 3739 4024; baseline 0.001 -19"><span class='ocrx_word' id='word_1_651' title='bbox 2088 3949 2442 4017; x_wconf 89' lang='lat' dir='ltr'>veniatur,id</span> <span class='ocrx_word' id='word_1_652' title='bbox 2473 3952 2540 4006; x_wconf 88' lang='lat' dir='ltr'>ﬁt</span> <span class='ocrx_word' id='word_1_653' title='bbox 2569 3969 2826 4024; x_wconf 86' lang='lat' dir='ltr'>perraro.</span> <span class='ocrx_word' id='word_1_654' title='bbox 2860 3951 3122 4024; x_wconf 82' lang='lat' dir='ltr'>Exempli</span> <span class='ocrx_word' id='word_1_655' title='bbox 3154 3968 3332 4008; x_wconf 88' lang='lat' dir='ltr'>causa</span> <span class='ocrx_word' id='word_1_656' title='bbox 3365 3968 3378 4008; x_wconf 88' lang='lat'>:</span> <span class='ocrx_word' id='word_1_657' title='bbox 3414 3951 3739 4007; x_wconf 72' lang='lat' dir='ltr'>Exsultabit</span> 
     </span>
    </p>
   </div>
   <div class='ocr_carea' id='block_1_87' title="bbox 2087 4041 3740 4114">
    <p class='ocr_par' dir='ltr' id='par_1_87' title="bbox 2087 4041 3740 4114">
     <span class='ocr_line' id='line_1_87' title="bbox 2087 4041 3740 4114; baseline 0.002 -19"><span class='ocrx_word' id='word_1_658' title='bbox 2087 4048 2151 4096; x_wconf 86' lang='lat' dir='ltr'>ut</span> <span class='ocrx_word' id='word_1_659' title='bbox 2176 4042 2332 4112; x_wconf 76' lang='lat' dir='ltr'>gigas</span> <span class='ocrx_word' id='word_1_660' title='bbox 2357 4041 2430 4096; x_wconf 86' lang='lat' dir='ltr'>ad</span> <span class='ocrx_word' id='word_1_661' title='bbox 2455 4043 2793 4099; x_wconf 76' lang='lat' dir='ltr'>currendum</span> <span class='ocrx_word' id='word_1_662' title='bbox 2820 4044 2968 4098; x_wconf 76' lang='lat' dir='ltr'>viam</span> <span class='ocrx_word' id='word_1_663' title='bbox 2989 4041 3052 4098; x_wconf 83' lang='grc'>⁷³.</span> <span class='ocrx_word' id='word_1_664' title='bbox 3084 4043 3324 4098; x_wconf 80' lang='lat' dir='ltr'>Auferet</span> <span class='ocrx_word' id='word_1_665' title='bbox 3343 4041 3524 4114; x_wconf 88' lang='lat' dir='ltr'>igitur</span> <span class='ocrx_word' id='word_1_666' title='bbox 3537 4041 3740 4113; x_wconf 85' lang='lat' dir='ltr'>gigan-</span> 
     </span>
    </p>
   </div>
   <div class='ocr_carea' id='block_1_88' title="bbox 2085 4129 3734 4205">
    <p class='ocr_par' dir='ltr' id='par_1_88' title="bbox 2085 4129 3734 4205">
     <span class='ocr_line' id='line_1_88' title="bbox 2085 4129 3734 4205; baseline 0.002 -20"><span class='ocrx_word' id='word_1_667' title='bbox 2085 4133 2228 4186; x_wconf 88' lang='lat' dir='ltr'>tem.</span> <span class='ocrx_word' id='word_1_668' title='bbox 2255 4131 2630 4188; x_wconf 83' lang='lat' dir='ltr'>Arbitramur</span> <span class='ocrx_word' id='word_1_669' title='bbox 2670 4131 2941 4205; x_wconf 83' lang='lat' dir='ltr'>gigantes</span> <span class='ocrx_word' id='word_1_670' title='bbox 2999 4132 3114 4189; x_wconf 92' lang='lat' dir='ltr'>dici</span> <span class='ocrx_word' id='word_1_671' title='bbox 3155 4148 3276 4200; x_wconf 89' lang='lat' dir='ltr'>eos,</span> <span class='ocrx_word' id='word_1_672' title='bbox 3326 4131 3424 4203; x_wconf 92' lang='lat' dir='ltr'>qui</span> <span class='ocrx_word' id='word_1_673' title='bbox 3487 4129 3734 4188; x_wconf 83' lang='lat' dir='ltr'>eximias</span> 
     </span>
    </p>
   </div>
   <div class='ocr_carea' id='block_1_89' title="bbox 2089 4217 3730 4292">
    <p class='ocr_par' dir='ltr' id='par_1_89' title="bbox 2089 4217 3730 4292">
     <span class='ocr_line' id='line_1_89' title="bbox 2089 4217 3730 4292; baseline -0.001 -18"><span class='ocrx_word' id='word_1_674' title='bbox 2089 4221 2377 4291; x_wconf 85' lang='lat' dir='ltr'>quasdam</span> <span class='ocrx_word' id='word_1_675' title='bbox 2409 4237 2444 4276; x_wconf 88' lang='lat' dir='ltr'>a</span> <span class='ocrx_word' id='word_1_676' title='bbox 2463 4223 2679 4277; x_wconf 88' lang='lat' dir='ltr'>natura</span> <span class='ocrx_word' id='word_1_677' title='bbox 2709 4221 2874 4276; x_wconf 88' lang='lat' dir='ltr'>dotes</span> <span class='ocrx_word' id='word_1_678' title='bbox 2904 4220 3191 4290; x_wconf 89' lang='lat' dir='ltr'>obtinent,</span> <span class='ocrx_word' id='word_1_679' title='bbox 3225 4219 3443 4292; x_wconf 89' lang='lat' dir='ltr'>quique</span> <span class='ocrx_word' id='word_1_680' title='bbox 3475 4219 3548 4274; x_wconf 91' lang='lat' dir='ltr'>ad</span> <span class='ocrx_word' id='word_1_681' title='bbox 3577 4217 3730 4274; x_wconf 85' lang='lat' dir='ltr'>excl-</span> 
     </span>
    </p>
   </div>
   <div class='ocr_carea' id='block_1_90' title="bbox 2087 4308 3730 4380">
    <p class='ocr_par' dir='ltr' id='par_1_90' title="bbox 2087 4308 3730 4380">
     <span class='ocr_line' id='line_1_90' title="bbox 2087 4308 3730 4380; baseline -0.001 -15"><span class='ocrx_word' id='word_1_682' title='bbox 2087 4309 2359 4380; x_wconf 90' lang='lat' dir='ltr'>piendam</span> <span class='ocrx_word' id='word_1_683' title='bbox 2390 4309 2696 4366; x_wconf 89' lang='lat' dir='ltr'>scientiam</span> <span class='ocrx_word' id='word_1_684' title='bbox 2729 4312 2852 4367; x_wconf 89' lang='lat' dir='ltr'>sive</span> <span class='ocrx_word' id='word_1_685' title='bbox 2881 4311 2952 4366; x_wconf 92' lang='lat' dir='ltr'>ad</span> <span class='ocrx_word' id='word_1_686' title='bbox 3008 4310 3385 4366; x_wconf 81' lang='lat' dir='ltr'>excolendam</span> <span class='ocrx_word' id='word_1_687' title='bbox 3429 4308 3730 4375; x_wconf 89' lang='lat' dir='ltr'>virtutem,</span> 
     </span>
    </p>
   </div>
   <div class='ocr_carea' id='block_1_91' title="bbox 2085 4397 3732 4473">
    <p class='ocr_par' dir='ltr' id='par_1_91' title="bbox 2085 4397 3732 4473">
     <span class='ocr_line' id='line_1_91' title="bbox 2085 4397 3732 4473; baseline -0.001 -19"><span class='ocrx_word' id='word_1_688' title='bbox 2085 4397 2288 4454; x_wconf 86' lang='lat' dir='ltr'>habita</span> <span class='ocrx_word' id='word_1_689' title='bbox 2315 4399 2573 4471; x_wconf 84' lang='lat' dir='ltr'>corporis</span> <span class='ocrx_word' id='word_1_690' title='bbox 2603 4397 2851 4469; x_wconf 88' lang='lat' dir='ltr'>ratione,</span> <span class='ocrx_word' id='word_1_691' title='bbox 2895 4416 2926 4455; x_wconf 92' lang='lat' dir='ltr'>e</span> <span class='ocrx_word' id='word_1_692' title='bbox 2981 4399 3154 4473; x_wconf 90' lang='lat' dir='ltr'>vulgo</span> <span class='ocrx_word' id='word_1_693' title='bbox 3198 4401 3516 4471; x_wconf 63' lang='lat' dir='ltr'>praestant:</span> <span class='ocrx_word' id='word_1_694' title='bbox 3550 4397 3732 4454; x_wconf 80' lang='lat' dir='ltr'>fortes</span> 
     </span>
    </p>
   </div>
   <div class='ocr_carea' id='block_1_92' title="bbox 2083 4487 3732 4560">
    <p class='ocr_par' dir='ltr' id='par_1_92' title="bbox 2083 4487 3732 4560">
     <span class='ocr_line' id='line_1_92' title="bbox 2083 4487 3732 4560; baseline -0.001 -17"><span class='ocrx_word' id='word_1_695' title='bbox 2083 4503 2218 4544; x_wconf 89' lang='lat' dir='ltr'>vero</span> <span class='ocrx_word' id='word_1_696' title='bbox 2247 4504 2347 4544; x_wconf 86' lang='lat' dir='ltr'>eos</span> <span class='ocrx_word' id='word_1_697' title='bbox 2379 4488 2480 4560; x_wconf 90' lang='lat' dir='ltr'>qui</span> <span class='ocrx_word' id='word_1_698' title='bbox 2512 4493 2744 4544; x_wconf 90' lang='lat' dir='ltr'>suomet</span> <span class='ocrx_word' id='word_1_699' title='bbox 2791 4489 2988 4544; x_wconf 89' lang='lat' dir='ltr'>studio</span> <span class='ocrx_word' id='word_1_700' title='bbox 3018 4495 3074 4544; x_wconf 89' lang='lat' dir='ltr'>et</span> <span class='ocrx_word' id='word_1_701' title='bbox 3113 4487 3527 4545; x_wconf 86' lang='lat' dir='ltr'>exercitatione</span> <span class='ocrx_word' id='word_1_702' title='bbox 3569 4502 3732 4543; x_wconf 88' lang='lat' dir='ltr'>acce-</span> 
     </span>
    </p>
   </div>
   <div class='ocr_carea' id='block_1_93' title="bbox 321 4543 1978 4650">
    <p class='ocr_par' dir='ltr' id='par_1_93' title="bbox 321 4543 1976 4648">
     <span class='ocr_line' id='line_1_93' title="bbox 321 4543 1976 4648; baseline 0.005 -27"><span class='ocrx_word' id='word_1_703' title='bbox 321 4543 516 4643; x_wconf 76' lang='grc' dir='ltr'>ἀγαθδν</span> <span class='ocrx_word' id='word_1_704' title='bbox 565 4543 979 4633; x_wconf 67' lang='grc' dir='ltr'>τελειώσαντας.</span> <span class='ocrx_word' id='word_1_705' title='bbox 1033 4543 1256 4630; x_wconf 47' lang='grc' dir='ltr'>Οὐκέτι.</span> <span class='ocrx_word' id='word_1_706' title='bbox 1279 4543 1443 4648; x_wconf 46' lang='grc' dir='ltr'>παρὰ.</span> <span class='ocrx_word' id='word_1_707' title='bbox 1465 4543 1757 4636; x_wconf 47' lang='grc' dir='ltr'>Ἰουδαίοις</span> <span class='ocrx_word' id='word_1_708' title='bbox 1779 4543 1790 4562; x_wconf 51' lang='grc'><strong>⁸</strong></span> <span class='ocrx_word' id='word_1_709' title='bbox 1809 4543 1976 4630; x_wconf 37' lang='grc' dir='ltr'>πολεζ</span> 
     </span>
    </p>
   </div>
   <div class='ocr_carea' id='block_1_94' title="bbox 2093 4543 3732 4650">
    <p class='ocr_par' dir='ltr' id='par_1_94' title="bbox 2093 4543 3732 4650">
     <span class='ocr_line' id='line_1_94' title="bbox 2093 4543 3732 4650; baseline 0 -18"><span class='ocrx_word' id='word_1_710' title='bbox 2093 4580 2307 4649; x_wconf 90' lang='lat' dir='ltr'>ptuma</span> <span class='ocrx_word' id='word_1_711' title='bbox 2332 4543 3207 4649; x_wconf 55' lang='lat' dir='ltr'>naturabonumperfecerunt.</span> <span class='ocrx_word' id='word_1_712' title='bbox 3230 4543 3394 4634; x_wconf 57' lang='lat' dir='ltr'>nam</span> <span class='ocrx_word' id='word_1_713' title='bbox 3419 4579 3545 4650; x_wconf 81' lang='lat' dir='ltr'>jam</span> <span class='ocrx_word' id='word_1_714' title='bbox 3574 4577 3732 4649; x_wconf 86' lang='lat' dir='ltr'>apud</span> 
     </span>
    </p>
   </div>
   <div class='ocr_carea' id='block_1_95' title="bbox 324 4655 1976 4735">
    <p class='ocr_par' dir='ltr' id='par_1_95' title="bbox 324 4655 1976 4735">
     <span class='ocr_line' id='line_1_95' title="bbox 324 4655 1976 4735; baseline 0.006 -26"><span class='ocrx_word' id='word_1_715' title='bbox 324 4657 541 4730; x_wconf 72' lang='grc' dir='ltr'>μεσταί·</span> <span class='ocrx_word' id='word_1_716' title='bbox 590 4655 716 4714; x_wconf 73' lang='grc' dir='ltr'>οὐδὲ</span> <span class='ocrx_word' id='word_1_717' title='bbox 772 4661 877 4735; x_wconf 80' lang='grc' dir='ltr'>γὰρ</span> <span class='ocrx_word' id='word_1_718' title='bbox 932 4659 1344 4735; x_wconf 79' lang='grc' dir='ltr'>ἐναριθμοῦνται</span> <span class='ocrx_word' id='word_1_719' title='bbox 1391 4667 1508 4724; x_wconf 87' lang='grc' dir='ltr'>τοῖς</span> <span class='ocrx_word' id='word_1_720' title='bbox 1565 4669 1976 4734; x_wconf 83' lang='grc' dir='ltr'>στρατιωτικοῖς</span> 
     </span>
    </p>
   </div>
   <div class='ocr_carea' id='block_1_96' title="bbox 321 4745 1970 4829">
    <p class='ocr_par' dir='ltr' id='par_1_96' title="bbox 321 4745 1970 4829">
     <span class='ocr_line' id='line_1_96' title="bbox 321 4745 1970 4829; baseline 0.004 -29"><span class='ocrx_word' id='word_1_721' title='bbox 321 4745 668 4821; x_wconf 87' lang='grc' dir='ltr'>καταλόγοις·</span> <span class='ocrx_word' id='word_1_722' title='bbox 723 4747 850 4804; x_wconf 74' lang='grc' dir='ltr'>ἀλλ’</span> <span class='ocrx_word' id='word_1_723' title='bbox 905 4746 1032 4804; x_wconf 78' lang='grc' dir='ltr'>οὐδὲ</span> <span class='ocrx_word' id='word_1_724' title='bbox 1089 4746 1383 4821; x_wconf 80' lang='grc' dir='ltr'>δικαστής’</span> <span class='ocrx_word' id='word_1_725' title='bbox 1433 4748 1809 4825; x_wconf 83' lang='grc' dir='ltr'>παρεδόθησαν</span> <span class='ocrx_word' id='word_1_726' title='bbox 1868 4754 1970 4829; x_wconf 80' lang='grc' dir='ltr'>γὰρ</span> 
     </span>
    </p>
   </div>
   <div class='ocr_carea' id='block_1_97' title="bbox 2083 4665 3734 4740">
    <p class='ocr_par' dir='ltr' id='par_1_97' title="bbox 2083 4665 3734 4740">
     <span class='ocr_line' id='line_1_97' title="bbox 2083 4665 3734 4740; baseline -0.002 -16"><span class='ocrx_word' id='word_1_727' title='bbox 2083 4666 2342 4733; x_wconf 73' lang='lat' dir='ltr'>Judseos,</span> <span class='ocrx_word' id='word_1_728' title='bbox 2372 4665 2726 4736; x_wconf 88' lang='lat' dir='ltr'>bellatores;</span> <span class='ocrx_word' id='word_1_729' title='bbox 2762 4683 2952 4740; x_wconf 90' lang='lat' dir='ltr'>neque</span> <span class='ocrx_word' id='word_1_730' title='bbox 2981 4669 3139 4724; x_wconf 89' lang='lat' dir='ltr'>enim</span> <span class='ocrx_word' id='word_1_731' title='bbox 3162 4669 3291 4740; x_wconf 90' lang='lat' dir='ltr'>jam</span> <span class='ocrx_word' id='word_1_732' title='bbox 3323 4667 3458 4726; x_wconf 86' lang='lat' dir='ltr'>albo</span> <span class='ocrx_word' id='word_1_733' title='bbox 3490 4665 3734 4722; x_wconf 81' lang='lat' dir='ltr'>militari</span> 
     </span>
    </p>
   </div>
   <div class='ocr_carea' id='block_1_98' title="bbox 2083 4755 3736 4829">
    <p class='ocr_par' dir='ltr' id='par_1_98' title="bbox 2083 4755 3736 4829">
     <span class='ocr_line' id='line_1_98' title="bbox 2083 4755 3736 4829; baseline -0.001 -18"><span class='ocrx_word' id='word_1_734' title='bbox 2083 4756 2538 4812; x_wconf 88' lang='lat' dir='ltr'>conscribuntur</span> <span class='ocrx_word' id='word_1_735' title='bbox 2561 4755 2712 4824; x_wconf 87' lang='lat' dir='ltr'>;imo</span> <span class='ocrx_word' id='word_1_736' title='bbox 2734 4773 2919 4828; x_wconf 91' lang='lat' dir='ltr'>neque</span> <span class='ocrx_word' id='word_1_737' title='bbox 2940 4759 3124 4829; x_wconf 85' lang='lat' dir='ltr'>judex</span> <span class='ocrx_word' id='word_1_738' title='bbox 3151 4758 3342 4826; x_wconf 89' lang='lat' dir='ltr'>ullus;</span> <span class='ocrx_word' id='word_1_739' title='bbox 3374 4756 3572 4813; x_wconf 88' lang='lat' dir='ltr'>traditi</span> <span class='ocrx_word' id='word_1_740' title='bbox 3595 4758 3736 4812; x_wconf 88' lang='lat' dir='ltr'>sunt</span> 
     </span>
    </p>
   </div>
   <div class='ocr_carea' id='block_1_99' title="bbox 321 4831 1978 4922">
    <p class='ocr_par' dir='ltr' id='par_1_99' title="bbox 321 4831 1968 4914">
     <span class='ocr_line' id='line_1_99' title="bbox 321 4831 1968 4914; baseline 0.005 -25"><span class='ocrx_word' id='word_1_741' title='bbox 321 4831 598 4900; x_wconf 88' lang='grc' dir='ltr'>δικασταῖς</span> <span class='ocrx_word' id='word_1_742' title='bbox 641 4836 1156 4914; x_wconf 71' lang='grc' dir='ltr'>αῗχμαλωτεύσασιν</span> <span class='ocrx_word' id='word_1_743' title='bbox 1191 4840 1406 4912; x_wconf 82' lang='grc' dir='ltr'>αὑτοὺς,</span> <span class='ocrx_word' id='word_1_744' title='bbox 1442 4838 1532 4896; x_wconf 64' lang='grc' dir='ltr'>διὰ</span> <span class='ocrx_word' id='word_1_745' title='bbox 1587 4843 1648 4896; x_wconf 86' lang='grc' dir='ltr'>τὸ</span> <span class='ocrx_word' id='word_1_746' title='bbox 1701 4841 1968 4898; x_wconf 70' lang='grc' dir='ltr'>ἰκλείπειν</span> 
     </span>
    </p>
   </div>
   <div class='ocr_carea' id='block_1_100' title="bbox 2093 4831 3734 4922">
    <p class='ocr_par' dir='ltr' id='par_1_100' title="bbox 2093 4845 3734 4922">
     <span class='ocr_line' id='line_1_100' title="bbox 2093 4845 3734 4922; baseline -0.001 -20"><span class='ocrx_word' id='word_1_747' title='bbox 2093 4845 2238 4902; x_wconf 68' lang='lat' dir='ltr'>enim</span> <span class='ocrx_word' id='word_1_748' title='bbox 2264 4845 2421 4902; x_wconf 87' lang='lat' dir='ltr'>hisce</span> <span class='ocrx_word' id='word_1_749' title='bbox 2441 4845 2768 4916; x_wconf 81' lang='lat' dir='ltr'>judicihus,</span> <span class='ocrx_word' id='word_1_750' title='bbox 2803 4847 2905 4920; x_wconf 90' lang='lat' dir='ltr'>qui</span> <span class='ocrx_word' id='word_1_751' title='bbox 2936 4864 3036 4905; x_wconf 90' lang='lat' dir='ltr'>eos</span> <span class='ocrx_word' id='word_1_752' title='bbox 3067 4849 3418 4922; x_wconf 88' lang='lat' dir='ltr'>redegerunt</span> <span class='ocrx_word' id='word_1_753' title='bbox 3459 4847 3522 4902; x_wconf 91' lang='lat' dir='ltr'>in</span> <span class='ocrx_word' id='word_1_754' title='bbox 3551 4845 3734 4918; x_wconf 89' lang='lat' dir='ltr'>capti-</span> 
     </span>
    </p>
   </div>
   <div class='ocr_carea' id='block_1_101' title="bbox 320 4921 1971 5005">
    <p class='ocr_par' dir='ltr' id='par_1_101' title="bbox 320 4921 1971 5005">
     <span class='ocr_line' id='line_1_101' title="bbox 320 4921 1971 5005; baseline 0.005 -27"><span class='ocrx_word' id='word_1_755' title='bbox 320 4921 562 5002; x_wconf 74' lang='grc' dir='ltr'>ἄρχοντα</span> <span class='ocrx_word' id='word_1_756' title='bbox 614 4929 729 5002; x_wconf 86' lang='grc'>(62)</span> <span class='ocrx_word' id='word_1_757' title='bbox 777 4925 828 5000; x_wconf 70' lang='grc' dir='ltr'>ἐξ</span> <span class='ocrx_word' id='word_1_758' title='bbox 877 4927 1076 4988; x_wconf 86' lang='grc' dir='ltr'>Ἰούδα.</span> <span class='ocrx_word' id='word_1_759' title='bbox 1127 4932 1367 4988; x_wconf 67' lang='grc' dir='ltr'>’Έκαστα</span> <span class='ocrx_word' id='word_1_760' title='bbox 1421 4929 1606 5005; x_wconf 74' lang='grc' dir='ltr'>μέντοι</span> <span class='ocrx_word' id='word_1_761' title='bbox 1661 4936 1767 4986; x_wconf 89' lang='grc' dir='ltr'>τῶν</span> <span class='ocrx_word' id='word_1_762' title='bbox 1840 4932 1971 4987; x_wconf 75' lang='grc' dir='ltr'>ὲκεί-</span> 
     </span>
    </p>
   </div>
   <div class='ocr_carea' id='block_1_102' title="bbox 2076 4935 3733 5010">
    <p class='ocr_par' dir='ltr' id='par_1_102' title="bbox 2076 4935 3733 5010">
     <span class='ocr_line' id='line_1_102' title="bbox 2076 4935 3733 5010; baseline -0.001 -18"><span class='ocrx_word' id='word_1_763' title='bbox 2076 4935 2656 5008; x_wconf 84' lang='lat' dir='ltr'>vitatem,propterea</span> <span class='ocrx_word' id='word_1_764' title='bbox 2684 4939 2842 5010; x_wconf 91' lang='lat' dir='ltr'>quod</span> <span class='ocrx_word' id='word_1_765' title='bbox 2863 4955 2933 4994; x_wconf 78' lang='lat' dir='ltr'>ex</span> <span class='ocrx_word' id='word_1_766' title='bbox 2951 4937 2982 4995; x_wconf 86' lang='lat' dir='ltr'><strong>J</strong></span> <span class='ocrx_word' id='word_1_767' title='bbox 2990 4939 3108 4997; x_wconf 92' lang='lat' dir='ltr'>uda</span> <span class='ocrx_word' id='word_1_768' title='bbox 3126 4939 3245 4996; x_wconf 82' lang='lat' dir='ltr'>dux</span> <span class='ocrx_word' id='word_1_769' title='bbox 3261 4936 3733 5004; x_wconf 65' lang='lat' dir='ltr'>defecerit.Quaa-</span> 
     </span>
    </p>
   </div>
   <div class='ocr_carea' id='block_1_103' title="bbox 390 5044 1978 5125">
    <p class='ocr_par' dir='ltr' id='par_1_103' title="bbox 390 5044 1978 5120">
     <span class='ocr_line' id='line_1_103' title="bbox 390 5044 1978 5120; baseline 0.006 -21"><span class='ocrx_word' id='word_1_770' title='bbox 390 5044 437 5080; x_wconf 75' lang='lat'>°’</span> <span class='ocrx_word' id='word_1_771' title='bbox 464 5049 490 5098; x_wconf 90' lang='grc' dir='ltr'><strong>Ι</strong></span> <span class='ocrx_word' id='word_1_772' title='bbox 519 5045 649 5101; x_wconf 86' lang='lat' dir='ltr'>Cor.</span> <span class='ocrx_word' id='word_1_773' title='bbox 683 5062 769 5114; x_wconf 85' lang='lat' dir='ltr'>III,</span> <span class='ocrx_word' id='word_1_774' title='bbox 796 5049 852 5104; x_wconf 89' lang='lat'>2.</span> <span class='ocrx_word' id='word_1_775' title='bbox 884 5047 931 5084; x_wconf 76' lang='lat'>7°</span> <span class='ocrx_word' id='word_1_776' title='bbox 956 5048 1126 5107; x_wconf 87' lang='lat' dir='ltr'>Joan.</span> <span class='ocrx_word' id='word_1_777' title='bbox 1151 5065 1229 5118; x_wconf 79' lang='grc' dir='ltr'>ιν,</span> <span class='ocrx_word' id='word_1_778' title='bbox 1257 5049 1342 5104; x_wconf 89' lang='grc'>13.</span> <span class='ocrx_word' id='word_1_779' title='bbox 1361 5049 1406 5087; x_wconf 75' lang='grc' dir='ltr'>τί</span> <span class='ocrx_word' id='word_1_780' title='bbox 1434 5049 1597 5106; x_wconf 91' lang='lat' dir='ltr'>Prov.</span> <span class='ocrx_word' id='word_1_781' title='bbox 1628 5067 1723 5120; x_wconf 79' lang='lat' dir='ltr'>xx,</span> <span class='ocrx_word' id='word_1_782' title='bbox 1759 5051 1846 5109; x_wconf 85' lang='grc'>17.</span> <span class='ocrx_word' id='word_1_783' title='bbox 1877 5051 1924 5088; x_wconf 79' lang='grc'>⁷³</span> <span class='ocrx_word' id='word_1_784' title='bbox 1954 5052 1978 5109; x_wconf 81' lang='grc' dir='ltr'>ί</span> 
     </span>
    </p>
   </div>
   <div class='ocr_carea' id='block_1_104' title="bbox 2093 5044 2963 5125">
    <p class='ocr_par' dir='ltr' id='par_1_104' title="bbox 2093 5051 2963 5125">
     <span class='ocr_line' id='line_1_104' title="bbox 2093 5051 2963 5125; baseline 0.002 -16"><span class='ocrx_word' id='word_1_785' title='bbox 2093 5068 2163 5109; x_wconf 72' lang='lat' dir='ltr'>as.</span> <span class='ocrx_word' id='word_1_786' title='bbox 2194 5069 2312 5113; x_wconf 74' lang='lat' dir='ltr'><strong>xxx.</strong></span> <span class='ocrx_word' id='word_1_787' title='bbox 2346 5054 2434 5108; x_wconf 86' lang='grc'>19.</span> <span class='ocrx_word' id='word_1_788' title='bbox 2466 5051 2512 5089; x_wconf 79' lang='grc'>⁷³</span> <span class='ocrx_word' id='word_1_789' title='bbox 2540 5052 2694 5110; x_wconf 90' lang='lat' dir='ltr'>Psal.</span> <span class='ocrx_word' id='word_1_790' title='bbox 2718 5069 2882 5125; x_wconf 84' lang='lat' dir='ltr'>xvm,</span> <span class='ocrx_word' id='word_1_791' title='bbox 2907 5055 2963 5111; x_wconf 90' lang='lat'>6.</span> 
     </span>
    </p>
   </div>
   <div class='ocr_carea' id='block_1_105' title="bbox 392 5165 1730 5305">
    <p class='ocr_par' dir='ltr' id='par_1_105' title="bbox 392 5165 1730 5305">
     <span class='ocr_line' id='line_1_105' title="bbox 392 5165 1730 5305; baseline 0.008 -84"><span class='ocrx_word' id='word_1_792' title='bbox 392 5165 505 5305; x_wconf 73' lang='grc'>(55)</span> <span class='ocrx_word' id='word_1_793' title='bbox 534 5169 709 5227; x_wconf 87' lang='lat' dir='ltr'>Editi.</span> <span class='ocrx_word' id='word_1_794' title='bbox 743 5169 929 5244; x_wconf 84' lang='grc' dir='ltr'>λόγον.</span> <span class='ocrx_word' id='word_1_795' title='bbox 965 5175 1034 5228; x_wconf 80' lang='lat' dir='ltr'>At</span> <span class='ocrx_word' id='word_1_796' title='bbox 1053 5177 1307 5244; x_wconf 89' lang='lat' dir='ltr'>quatuor</span> <span class='ocrx_word' id='word_1_797' title='bbox 1335 5191 1504 5245; x_wconf 83' lang='lat' dir='ltr'>mss.,</span> <span class='ocrx_word' id='word_1_798' title='bbox 1537 5173 1730 5250; x_wconf 81' lang='grc' dir='ltr'>λόγου.</span> 
     </span>
     <span class='ocr_line' id='line_1_106' title="bbox 412 5238 1730 5305; baseline 0.01 -14"><span class='ocrx_word' id='word_1_799' title='bbox 412 5238 498 5305; x_wconf 88' lang='grc'>56)</span> <span class='ocrx_word' id='word_1_800' title='bbox 531 5244 594 5295; x_wconf 89' lang='lat' dir='ltr'>In</span> <span class='ocrx_word' id='word_1_801' title='bbox 627 5243 926 5305; x_wconf 85' lang='lat' dir='ltr'>aliquibus</span> <span class='ocrx_word' id='word_1_802' title='bbox 957 5261 1100 5302; x_wconf 83' lang='lat' dir='ltr'>mss.</span> <span class='ocrx_word' id='word_1_803' title='bbox 1135 5246 1419 5305; x_wconf 85' lang='lat' dir='ltr'>scriptum</span> <span class='ocrx_word' id='word_1_804' title='bbox 1467 5250 1730 5305; x_wconf 85' lang='lat' dir='ltr'>reneritu:</span> 
     </span>
    </p>
   </div>
   <div class='ocr_carea' id='block_1_106' title="bbox 412 5238 1965 5324">
    <p class='ocr_par' dir='ltr' id='par_1_106' title="bbox 412 5238 1965 5324">
     <span class='ocr_line' id='line_1_107' title="bbox 412 5238 1965 5324; baseline 0.011 -33"><span class='ocrx_word' id='word_1_805' title='bbox 412 5238 498 5324; x_wconf 70' lang='grc'>56)</span> <span class='ocrx_word' id='word_1_806' title='bbox 531 5244 594 5295; x_wconf 90' lang='lat' dir='ltr'>In</span> <span class='ocrx_word' id='word_1_807' title='bbox 627 5238 926 5315; x_wconf 84' lang='lat' dir='ltr'>aliquibus</span> <span class='ocrx_word' id='word_1_808' title='bbox 957 5238 1100 5302; x_wconf 65' lang='lat' dir='ltr'>mss.</span> <span class='ocrx_word' id='word_1_809' title='bbox 1135 5246 1419 5318; x_wconf 86' lang='lat' dir='ltr'>scriptum</span> <span class='ocrx_word' id='word_1_810' title='bbox 1467 5238 1774 5323; x_wconf 69' lang='lat' dir='ltr'>reperitur,</span> <span class='ocrx_word' id='word_1_811' title='bbox 1827 5245 1965 5324; x_wconf 73' lang='grc' dir='ltr'>ἀφῃ-</span> 
     </span>
    </p>
   </div>
   <div class='ocr_carea' id='block_1_107' title="bbox 321 5312 1964 5464">
    <p class='ocr_par' dir='ltr' id='par_1_107' title="bbox 321 5312 1964 5464">
     <span class='ocr_line' id='line_1_108' title="bbox 321 5312 1964 5464; baseline 0.01 -30"><span class='ocrx_word' id='word_1_812' title='bbox 321 5312 918 5464; x_wconf 50' lang='grc' dir='ltr'>ρῆῖἕῗίἘάίιὶοίᾶιιο</span> <span class='ocrx_word' id='word_1_813' title='bbox 961 5406 1129 5464; x_wconf 83' lang='lat' dir='ltr'>mss.,</span> <span class='ocrx_word' id='word_1_814' title='bbox 1191 5383 1429 5464; x_wconf 78' lang='grc' dir='ltr'>διψήσει.</span> <span class='ocrx_word' id='word_1_815' title='bbox 1485 5392 1597 5449; x_wconf 89' lang='lat' dir='ltr'>Alii</span> <span class='ocrx_word' id='word_1_816' title='bbox 1648 5396 1768 5451; x_wconf 88' lang='lat' dir='ltr'>tres</span> <span class='ocrx_word' id='word_1_817' title='bbox 1817 5409 1964 5451; x_wconf 89' lang='lat' dir='ltr'>mss.</span> 
     </span>
    </p>
   </div>
   <div class='ocr_carea' id='block_1_108' title="bbox 315 5458 1116 5536">
    <p class='ocr_par' dir='ltr' id='par_1_108' title="bbox 315 5458 1116 5536">
     <span class='ocr_line' id='line_1_109' title="bbox 315 5458 1116 5536; baseline 0.006 -24"><span class='ocrx_word' id='word_1_818' title='bbox 315 5471 648 5536; x_wconf 36' lang='grc' dir='ltr'>θυι-πλεξατο</span> <span class='ocrx_word' id='word_1_819' title='bbox 683 5463 863 5528; x_wconf 81' lang='lat' dir='ltr'>textu,</span> <span class='ocrx_word' id='word_1_820' title='bbox 896 5458 1116 5536; x_wconf 78' lang='grc' dir='ltr'>διψήσῃ.</span> 
     </span>
    </p>
   </div>
   <div class='ocr_carea' id='block_1_109' title="bbox 384 5528 1962 5615">
    <p class='ocr_par' dir='ltr' id='par_1_109' title="bbox 384 5528 1962 5615">
     <span class='ocr_line' id='line_1_110' title="bbox 384 5528 1962 5615; baseline 0.012 -32"><span class='ocrx_word' id='word_1_821' title='bbox 384 5528 497 5611; x_wconf 67' lang='grc'>(56)</span> <span class='ocrx_word' id='word_1_822' title='bbox 530 5533 668 5615; x_wconf 69' lang='lat' dir='ltr'>Reg.</span> <span class='ocrx_word' id='word_1_823' title='bbox 703 5528 1089 5615; x_wconf 33' lang='lat' dir='ltr'>secundus-et</span> <span class='ocrx_word' id='word_1_824' title='bbox 1112 5541 1358 5610; x_wconf 89' lang='lat' dir='ltr'>uterque</span> <span class='ocrx_word' id='word_1_825' title='bbox 1387 5535 1573 5612; x_wconf 86' lang='lat' dir='ltr'>Colb.,</span> <span class='ocrx_word' id='word_1_826' title='bbox 1633 5531 1962 5612; x_wconf 71' lang='grc' dir='ltr'>ἐμπλησθή-</span> 
     </span>
    </p>
   </div>
   <div class='ocr_carea' id='block_1_110' title="bbox 315 5600 788 5673">
    <p class='ocr_par' dir='ltr' id='par_1_110' title="bbox 315 5600 788 5673">
     <span class='ocr_line' id='line_1_111' title="bbox 315 5600 788 5673; baseline 0.008 -17"><span class='ocrx_word' id='word_1_827' title='bbox 315 5617 383 5673; x_wconf 74' lang='grc' dir='ltr'>σῃ</span> <span class='ocrx_word' id='word_1_828' title='bbox 393 5644 414 5673; x_wconf 82' lang='lat'>_,</span> <span class='ocrx_word' id='word_1_829' title='bbox 429 5601 560 5673; x_wconf 58' lang='lat' dir='ltr'>imp</span> <span class='ocrx_word' id='word_1_830' title='bbox 567 5600 766 5660; x_wconf 70' lang='lat' dir='ltr'>laberis</span> <span class='ocrx_word' id='word_1_831' title='bbox 775 5647 788 5660; x_wconf 92' lang='lat'>.</span> 
     </span>
    </p>
   </div>
   <div class='ocr_carea' id='block_1_111' title="bbox 382 5671 1961 5757">
    <p class='ocr_par' dir='ltr' id='par_1_111' title="bbox 382 5671 1961 5757">
     <span class='ocr_line' id='line_1_112' title="bbox 382 5671 1961 5757; baseline -0.008 -11"><span class='ocrx_word' id='word_1_832' title='bbox 382 5671 494 5746; x_wconf 83' lang='lat'>(59)</span> <span class='ocrx_word' id='word_1_833' title='bbox 522 5671 669 5748; x_wconf 77' lang='lat' dir='ltr'>Reg.</span> <span class='ocrx_word' id='word_1_834' title='bbox 700 5676 935 5750; x_wconf 89' lang='lat' dir='ltr'>tertius,</span> <span class='ocrx_word' id='word_1_835' title='bbox 965 5675 1232 5757; x_wconf 72' lang='grc' dir='ltr'>ηὖραμεν.</span> <span class='ocrx_word' id='word_1_836' title='bbox 1263 5679 1378 5740; x_wconf 80' lang='lat' dir='ltr'>Alii</span> <span class='ocrx_word' id='word_1_837' title='bbox 1407 5681 1654 5757; x_wconf 86' lang='lat' dir='ltr'>quidam</span> <span class='ocrx_word' id='word_1_838' title='bbox 1673 5697 1845 5756; x_wconf 87' lang='lat' dir='ltr'>mss.,</span> <span class='ocrx_word' id='word_1_839' title='bbox 1873 5675 1961 5736; x_wconf 71' lang='grc' dir='ltr'>ις-</span> 
     </span>
    </p>
   </div>
   <div class='ocr_carea' id='block_1_112' title="bbox 2071 5627 2191 5683">
    <p class='ocr_par' dir='ltr' id='par_1_112' title="bbox 2071 5627 2191 5683">
     <span class='ocr_line' id='line_1_113' title="bbox 2071 5627 2191 5683; baseline 0 -19"><span class='ocrx_word' id='word_1_840' title='bbox 2071 5627 2191 5683; x_wconf 86' lang='grc' dir='ltr'>τας,</span> 
     </span>
    </p>
   </div>
   <div class='ocr_carea' id='block_1_113' title="bbox 2081 5172 3733 5250">
    <p class='ocr_par' dir='ltr' id='par_1_113' title="bbox 2081 5172 3733 5250">
     <span class='ocr_line' id='line_1_114' title="bbox 2081 5172 3733 5250; baseline 0.002 -20"><span class='ocrx_word' id='word_1_841' title='bbox 2081 5194 2270 5250; x_wconf 83' lang='grc' dir='ltr'>ραμεν.</span> <span class='ocrx_word' id='word_1_842' title='bbox 2322 5177 2580 5250; x_wconf 42' lang='lat' dir='ltr'>ibidem“</span> <span class='ocrx_word' id='word_1_843' title='bbox 2607 5180 2872 5250; x_wconf 89' lang='lat' dir='ltr'>quinque</span> <span class='ocrx_word' id='word_1_844' title='bbox 2924 5196 3091 5247; x_wconf 88' lang='lat' dir='ltr'>mss.,</span> <span class='ocrx_word' id='word_1_845' title='bbox 3145 5175 3235 5231; x_wconf 81' lang='grc' dir='ltr'>καὶ</span> <span class='ocrx_word' id='word_1_846' title='bbox 3279 5172 3457 5235; x_wconf 80' lang='grc' dir='ltr'>εἷ’που.</span> <span class='ocrx_word' id='word_1_847' title='bbox 3490 5175 3646 5234; x_wconf 84' lang='lat' dir='ltr'>Editi</span> <span class='ocrx_word' id='word_1_848' title='bbox 3676 5179 3733 5234; x_wconf 89' lang='lat' dir='ltr'>et</span> 
     </span>
    </p>
   </div>
   <div class='ocr_carea' id='block_1_114' title="bbox 2077 5243 2820 5321">
    <p class='ocr_par' dir='ltr' id='par_1_114' title="bbox 2077 5243 2820 5321">
     <span class='ocr_line' id='line_1_115' title="bbox 2077 5243 2820 5321; baseline 0 -14"><span class='ocrx_word' id='word_1_849' title='bbox 2077 5243 2215 5321; x_wconf 79' lang='lat' dir='ltr'>Reg.</span> <span class='ocrx_word' id='word_1_850' title='bbox 2250 5248 2493 5320; x_wconf 85' lang='lat' dir='ltr'>primus,</span> <span class='ocrx_word' id='word_1_851' title='bbox 2523 5243 2681 5304; x_wconf 79' lang='grc' dir='ltr'>εἷ’πόυ</span> <span class='ocrx_word' id='word_1_852' title='bbox 2711 5243 2820 5307; x_wconf 67' lang='grc' dir='ltr'>καί.</span> 
     </span>
    </p>
   </div>
   <div class='ocr_carea' id='block_1_115' title="bbox 2148 5318 3729 5395">
    <p class='ocr_par' dir='ltr' id='par_1_115' title="bbox 2148 5318 3729 5395">
     <span class='ocr_line' id='line_1_116' title="bbox 2148 5318 3729 5395; baseline 0.001 -19"><span class='ocrx_word' id='word_1_853' title='bbox 2148 5318 2264 5395; x_wconf 72' lang='grc'>(60)</span> <span class='ocrx_word' id='word_1_854' title='bbox 2291 5326 2356 5377; x_wconf 88' lang='lat' dir='ltr'>In</span> <span class='ocrx_word' id='word_1_855' title='bbox 2387 5323 2580 5378; x_wconf 90' lang='lat' dir='ltr'>tribus</span> <span class='ocrx_word' id='word_1_856' title='bbox 2602 5340 2747 5379; x_wconf 90' lang='lat' dir='ltr'>mss.</span> <span class='ocrx_word' id='word_1_857' title='bbox 2801 5322 3037 5394; x_wconf 88' lang='lat' dir='ltr'>legitur,</span> <span class='ocrx_word' id='word_1_858' title='bbox 3058 5318 3328 5395; x_wconf 70' lang='grc' dir='ltr'>γίγαντας»</span> <span class='ocrx_word' id='word_1_859' title='bbox 3373 5322 3588 5394; x_wconf 76' lang='lat' dir='ltr'>auferet</span> <span class='ocrx_word' id='word_1_860' title='bbox 3645 5325 3729 5393; x_wconf 80' lang='lat' dir='ltr'>gi-</span> 
     </span>
    </p>
   </div>
   <div class='ocr_carea' id='block_1_116' title="bbox 2073 5403 2286 5464">
    <p class='ocr_par' dir='ltr' id='par_1_116' title="bbox 2073 5403 2286 5464">
     <span class='ocr_line' id='line_1_117' title="bbox 2073 5403 2286 5464; baseline -0.014 -13"><span class='ocrx_word' id='word_1_861' title='bbox 2073 5403 2286 5464; x_wconf 76' lang='lat' dir='ltr'>gantes.</span> 
     </span>
    </p>
   </div>
   <div class='ocr_carea' id='block_1_117' title="bbox 2145 5461 3594 5539">
    <p class='ocr_par' dir='ltr' id='par_1_117' title="bbox 2145 5461 3594 5539">
     <span class='ocr_line' id='line_1_118' title="bbox 2145 5461 3594 5539; baseline -0.001 -19"><span class='ocrx_word' id='word_1_862' title='bbox 2145 5467 2258 5539; x_wconf 81' lang='grc'>(61)</span> <span class='ocrx_word' id='word_1_863' title='bbox 2285 5465 2458 5539; x_wconf 78' lang='lat' dir='ltr'>Editi,</span> <span class='ocrx_word' id='word_1_864' title='bbox 2488 5461 2709 5536; x_wconf 75' lang='grc' dir='ltr'>πολλῷ.</span> <span class='ocrx_word' id='word_1_865' title='bbox 2737 5467 2810 5521; x_wconf 85' lang='lat' dir='ltr'>At</span> <span class='ocrx_word' id='word_1_866' title='bbox 2840 5481 2984 5539; x_wconf 79' lang='lat' dir='ltr'>mss.</span> <span class='ocrx_word' id='word_1_867' title='bbox 3016 5463 3310 5536; x_wconf 81' lang='lat' dir='ltr'>nonnulli,</span> <span class='ocrx_word' id='word_1_868' title='bbox 3342 5461 3594 5539; x_wconf 76' lang='grc' dir='ltr'>πολλῶν.</span> 
     </span>
    </p>
   </div>
   <div class='ocr_carea' id='block_1_118' title="bbox 2146 5534 3722 5610">
    <p class='ocr_par' dir='ltr' id='par_1_118' title="bbox 2146 5534 3722 5610">
     <span class='ocr_line' id='line_1_119' title="bbox 2146 5534 3722 5610; baseline -0.004 -16"><span class='ocrx_word' id='word_1_869' title='bbox 2146 5534 2258 5610; x_wconf 83' lang='grc'>(62)</span> <span class='ocrx_word' id='word_1_870' title='bbox 2295 5537 2458 5610; x_wconf 85' lang='lat' dir='ltr'>Regii</span> <span class='ocrx_word' id='word_1_871' title='bbox 2507 5534 2735 5610; x_wconf 85' lang='lat' dir='ltr'>primus</span> <span class='ocrx_word' id='word_1_872' title='bbox 2791 5536 3000 5592; x_wconf 88' lang='lat' dir='ltr'>tertius</span> <span class='ocrx_word' id='word_1_873' title='bbox 3057 5542 3115 5592; x_wconf 91' lang='lat' dir='ltr'>et</span> <span class='ocrx_word' id='word_1_874' title='bbox 3187 5534 3458 5609; x_wconf 86' lang='lat' dir='ltr'>quartus,</span> <span class='ocrx_word' id='word_1_875' title='bbox 3518 5534 3722 5608; x_wconf 72' lang='grc' dir='ltr'>ἄρχον-</span> 
     </span>
    </p>
   </div>
   <div class='ocr_carea' id='block_1_119' title="bbox 2257 5626 2402 5668">
    <p class='ocr_par' dir='ltr' id='par_1_119' title="bbox 2257 5626 2402 5668">
     <span class='ocr_line' id='line_1_120' title="bbox 2257 5626 2402 5668; baseline -0.014 -2"><span class='ocrx_word' id='word_1_876' title='bbox 2257 5626 2382 5668; x_wconf 76' lang='grc' dir='ltr'>αοεε</span> <span class='ocrx_word' id='word_1_877' title='bbox 2389 5651 2402 5664; x_wconf 89' lang='grc'>.</span> 
     </span>
    </p>
   </div>
  </div>
