4130 6396
387 319 505 380 283

1333 320 1731 382 ΔΡΡΕΝΒΙΧ
1772 318 2098 382 OPERUM
2143 317 2211 378 S.
2255 315 2538 377 BASILII
2583 314 2857 377 MAGNI.

3683 319 3806 380 284

389 468 618 522 cunque
640 457 833 507 autem
871 453 1041 508 minm
1073 454 1348 508 adversus
1375 452 1505 509 illos
1538 455 1610 508 oh
1645 470 1814 508 suam
1849 453 1906 506 in
1927 452 2038 507 Do-

2153 469 2268 509 νοις
2315 444 2404 502 διὰ
2459 449 2557 516 τὴν
2599 443 2675 509 εἰ’ς
2719 448 2810 502 τὸν
2861 445 3059 522 Κόριον
3089 446 3336 502 ἀπιστίαν
3368 446 3800 518 ἀπειληθέντων,

391 541 618 596 minum
647 542 1116 597 incredulitatem
1162 543 1457 598 intentatis
1518 547 1677 612 sunt,
1739 543 1954 598 eaedem
1986 545 2042 595 et

391 630 580 697 nobis,
616 631 666 686 si
699 631 887 686 simus
915 630 1224 701 increduli,
1259 632 1480 686 intendi
1519 637 1781 704 possunt.
1819 632 2042 687 Desunt

397 718 688 790 siquidem
723 725 780 775 et
801 719 970 774 nobis
999 719 1337 784 bellatores,
1371 721 1496 791 qui,
1553 726 1787 792 arrepta
1810 719 2040 775 Domini

390 814 692 864 armatura
721 810 904 876 omni,
937 825 1066 864 sese
1098 811 1326 865 fortiter
1357 811 1576 865 diaboli
1610 810 1844 866 insidiis
1867 826 2041 882 oppo-

391 903 690 968 nant,cum
726 898 1046 954 infidelitas
1077 901 1436 972 oppresserit
1466 917 1594 967 nos,
1616 902 1921 972 simusque
1939 900 2040 955 ad-

386 988 660 1043 versariis
690 988 914 1044 traditi.
966 989 1076 1043 Sed
1137 989 1518 1045 Obsecremus
1578 991 1917 1059 Dominum,
1977 991 2042 1043 ut

388 1093 459 1131 ne
488 1093 522 1131 a
553 1076 722 1132 nobis
753 1076 995 1132 tollatur
1027 1076 1294 1146 bellator,
1353 1079 1442 1133 vir
1472 1079 1606 1133 fidei
1651 1079 1831 1134 lorica
1881 1094 2041 1134 com-

388 1167 685 1220 munitus:
721 1165 933 1222 salutis
964 1165 1211 1221 indutus
1263 1165 1483 1238 galeam
1534 1169 1858 1239 praecipuas
1919 1183 2044 1222 cor-

388 1253 544 1325 poris
575 1254 763 1326 ipsius
799 1247 993 1326 paries
1014 1259 1325 1327 tegentem,
1387 1257 1555 1327 cujus
1602 1257 1777 1327 pedes
1808 1256 1865 1310 in
1903 1274 2042 1317 prae-

387 1344 751 1414 parationem
787 1343 1082 1415 Evangelii
1104 1345 1256 1400 ﬁrmi
1275 1346 1391 1400 sint
1416 1351 1472 1400 et
1502 1345 1746 1401 stabiles
1766 1347 1811 1380 7‘
1833 1363 1846 1400 :
1869 1347 2042 1416 cujus

385 1431 618 1504 gladius
649 1433 726 1488 sit
757 1433 1082 1501 districtus,
1108 1440 1166 1489 et
1224 1435 1296 1490 ad
1350 1435 1752 1490 ulciscendum
1803 1451 2040 1490 omnem

385 1521 846 1577 inobedientiam
883 1528 1121 1595 paratus
1153 1525 1198 1558 ⁷⁵
1231 1540 1243 1578 :
1277 1529 1335 1579 et
1391 1541 1508 1580 uno
1559 1525 1758 1590 verbo,
1821 1525 1943 1596 qui,
1977 1529 2042 1580 ut

384 1611 578 1666 bonus
600 1611 813 1668 Christi
847 1612 1016 1668 miles
1044 1613 1506 1681 "5,alﬂictionum
1542 1613 1838 1686 Evangelii
1861 1613 2040 1686 parti-

385 1715 522 1772 ceps
553 1700 649 1766 sit,
675 1717 778 1756 nec
809 1701 932 1756 vitae
963 1703 1214 1774 negotiis
1244 1703 1600 1775 implicetur,
1635 1709 1702 1758 ut
1727 1703 1779 1758 ei
1811 1704 1909 1775 qui
1944 1720 2038 1759 se-

385 1788 444 1843 in
479 1789 750 1845 militiam
787 1790 1026 1863 delegit,
1062 1791 1304 1861 placeat.

455 1879 578 1933 102.
613 1879 799 1935 Habet
829 1886 1023 1936 autem
1066 1880 1321 1936 Ecclesia
1351 1885 1408 1938 et
1449 1882 1714 1952 judices,
1748 1883 1848 1955 qui
1903 1899 2038 1955 pos-

384 1967 506 2022 sint
535 1969 766 2024 fratrem
797 1969 961 2024 fratri
986 1969 1382 2041 reconciliare,
1417 1988 1450 2026 a
1483 1972 1700 2043 quibus
1738 1972 2043 2043 judicalur

383 2057 537 2113 450
568 2061 625 2112 et
650 2058 944 2124 mundus;
978 2059 1078 2130 qui
1139 2059 1380 2132 angelos
1433 2061 1609 2116 etiam
1664 2061 2036 2133 judicabunt.

381 2147 748 2218 Quapropter
769 2148 815 2202 si
844 2149 1080 2219 quando
1112 2149 1329 2204 fuerint
1347 2149 1720 2222 multiplicati
1739 2151 2039 2224 vaniloqui

381 2237 437 2288 et
471 2233 759 2290 mentium
784 2241 1156 2307 corruptores
1186 2238 1536 2302 ",docentes
1567 2257 1694 2310 quae
1726 2258 1840 2296 non
1869 2259 2037 2312 opor-

384 2324 706 2389 tet,domos
740 2329 891 2380 totas
924 2327 1115 2398 turpis
1146 2327 1293 2382 lucri
1315 2329 1501 2399 gratia
1523 2331 1930 2386 subvertentes
1958 2332 2036 2400 7‘;

387 2427 491 2466 nec
524 2417 722 2467 tamen
753 2414 809 2468 in
845 2415 1103 2470 Ecclesia
1130 2417 1386 2473 adfuerit
1413 2418 1513 2490 qui
1545 2419 1765 2474 talibus
1782 2436 1847 2475 os
1868 2421 2038 2474 obtu-

380 2504 490 2571 ret,
523 2505 810 2557 eteorum
847 2503 1218 2561 altitudinem
1281 2523 1344 2561 se
1393 2508 1677 2564 adversus
1729 2508 2035 2564 scientiam

385 2589 486 2644 Dei
527 2591 899 2648 extollentem
957 2599 1178 2650 evertat
1206 2597 1288 2664 7°;
1350 2596 1501 2653 scire
1552 2603 1778 2668 Oportet
1829 2599 2036 2655 dereli-

388 2683 544 2735 ctam
575 2696 703 2734 eam
735 2696 863 2737 esse
885 2682 959 2738 ob
985 2683 1434 2756 multiplicatam
1470 2703 1639 2742 suam
1702 2688 2038 2744 inobedien-

383 2769 552 2822 tiam.
587 2770 746 2834 Quod
778 2771 827 2826 si
862 2771 1061 2828 nullus
1089 2779 1179 2829 est
1207 2775 1444 2846 sapiens
1493 2777 1591 2848 qui
1653 2778 1842 2850 possit
1889 2778 2040 2834 inter

387 2855 625 2911 fratrem
658 2862 716 2912 et
745 2859 983 2914 fratrem
1011 2860 1337 2932 dijudicare
1359 2865 1424 2934 ⁸ο,
1481 2866 1581 2920 sed
1641 2883 1756 2938 prae
1804 2872 2034 2924 sancto-

381 2962 513 3000 rum
547 2947 792 3017 penuria
813 2949 1156 3019 judicentur
1185 2954 1258 3008 ab
1315 2953 1674 3025 inﬁdelibus,
1721 2955 1830 3012 hoc
1859 2958 2036 3013 etiam

383 3033 735 3090 desertionis
767 3042 856 3092 est
887 3043 1121 3109 signum
1149 3058 1161 3096 :
1197 3041 1445 3097 abstulit
1473 3043 1628 3098 enim
1663 3043 1950 3101 Dominus
1983 3051 2038 3101 et

373 3121 661 3193 judicem.
697 3126 758 3180 Et
795 3129 1139 3199 prophetam,
1173 3139 1229 3186 et
1255 3132 1720 3204 conjectorem.Ad
1743 3135 2030 3191 Joannem

2152 535 2374 592 δυνατὸν
2441 537 2528 591 καὶ
2609 536 2689 614 ἐφ’
2747 539 2906 609 ἡμῶν
2971 538 3238 612 γενέσθαι,
3298 534 3387 591 ἐὰν
3467 538 3800 611 ἀπειθῶμεν.

2152 625 2528 683 Ἐπιλείπουσι
2578 626 2678 700 γὰρ
2727 626 2816 680 καὶ
2856 629 3005 698 ἡμᾶς
3060 625 3412 698 πολεμισταὶ,
3445 627 3496 680 οἱ
3557 626 3801 700 ἀναλαμ-

2152 711 2404 777 ϐάνοντες
2461 717 2559 784 τὴν
2599 713 2695 770 τοῦ
2749 715 2948 789 Κυρίου
3005 713 3334 782 πανοπλίαν,
3375 714 3464 770 καὶ
3522 716 3805 789 ἱστάμενοι

2147 805 2404 881 γενναίως
2437 805 2570 880 πρὸς
2619 805 2715 867 τὰς
2758 802 3041 878 μεθοδείας
3077 809 3175 858 τοῦ
3214 799 3499 875 διαϐόλου,
3531 806 3656 860 ὅταν
3707 827 3801 860 κα-

2150 896 2465 971 τακρατήσῃ
2518 896 2630 968 (63)
2687 896 2853 967 ἡμῶν
2912 897 2946 963 ἡ
2981 893 3220 966 ἀπιστία,
3251 893 3341 949 καὶ
3404 892 3800 970 παραδοθῶμεν

2150 990 2267 1046 τοῖς
2335 985 2685 1047 ὑπεναντίοις.
2733 982 2911 1038 Ἀλλὰ
2977 981 3225 1056 δεώμεθα
3279 988 3376 1038 τοῦ
3436 984 3662 1058 Κυρίου,
3723 987 3800 1058 μὴ

2152 1074 2376 1148 ἀρθῆναι
2412 1073 2500 1150 ἀφ’
2529 1075 2689 1144 ἡμῶν
2712 1070 3078 1146 πολεμιστήν,
3112 1071 3281 1147 ἄνδρα
3335 1077 3414 1145 τῷ
3451 1074 3655 1148 θώρακι
3707 1081 3808 1144 τῆς

2151 1161 2384 1224 πίστεως
2440 1161 2838 1238 ὠχυρωμένον,
2893 1163 2983 1216 καὶ
3053 1159 3152 1232 τὴν
3219 1161 3641 1241 περικεφαλαίαν
3709 1168 3808 1218 τοῦ

2155 1251 2430 1326 σωτηρίου
2474 1253 2772 1306 σκέπουσαν
2835 1251 2998 1306 αὖτοῦ
3043 1251 3110 1306 τὰ
3165 1251 3349 1326 καίρια
3406 1253 3806 1329 περικείμενον,

2151 1342 2400 1404 καὶτοὺς
2451 1340 2622 1404 πόδας
2679 1340 2730 1396 ἐν
2794 1341 3078 1412 ἑτοιμασίᾳ
3122 1345 3218 1396 τοῦ
3267 1338 3610 1416 Εὖαγγελίου
3641 1343 3810 1420 ἠσφα-

2155 1429 2438 1503 λισμένον·
2475 1430 2806 1504 ἐσπασμένον
2839 1429 2896 1485 δὲ
2943 1430 3033 1485 καὶ
3084 1431 3184 1500 την
3248 1431 3521 1507 μάχαιραν
3579 1431 3810 1505 ἑτοίμως

2153 1520 2356 1596 ἔχοντα
2414 1519 2693 1590 ἐκδικῆσαι
2724 1527 2894 1575 πᾶσαν
2957 1522 3258 1596 παρακοήν·
3293 1521 3383 1574 καὶ
3431 1521 3494 1575 τὸ
3551 1520 3702 1591 ὅλον,
3731 1523 3807 1584 ὡς

2151 1608 2320 1664 καλὸν
2393 1611 2730 1686 στρατιώτην
2804 1614 3044 1685 Χριστοῦ
3079 1653 3093 1679 ,
3151 1611 3664 1684 συγκακοπαθοῦντα
3728 1615 3809 1683 τῷ

2155 1697 2502 1774 Εὑαγγελίῳ,
2551 1700 2626 1771 μή
2688 1695 3101 1772 ἐμπλεκόμενον
3161 1703 3282 1761 ταῖς
3339 1703 3436 1752 τοῦ
3500 1699 3621 1774 βίου
3674 1720 3809 1776 πρα-

2071 1829 2116 1894 B
2153 1789 2461 1863 γματιίαις,
2489 1785 2581 1842 ⁹ίνα
2610 1793 2688 1859 τῷ
2720 1787 3215 1862 στρατολογήσαντι
3248 1786 3432 1862 ἀρέσῃ.

2228 1881 2350 1934 102.
2385 1879 2541 1951 Ἔχει
2575 1874 2632 1931 δὲ
2660 1875 2750 1931 καί
2802 1875 3056 1938 δικαστὰς
3104 1879 3138 1946 ἠ
3189 1875 3486 1948 Ἐκκλησία
3531 1876 3660 1942 τοὺς
3712 1876 3805 1934 δυ-

2149 1965 2414 2040 ναμένους
2475 1964 2708 2040 ἀδελφὸν
2759 1965 2892 2038 μετὰ
2964 1967 3077 2038 (64)
3137 1962 3375 2042 ἀδελφοῦ
3428 1960 3799 2037 συμϐιϐάσαι·

2152 2055 2232 2132 ἐφ’
2281 2057 2353 2109 ὧν
2403 2055 2492 2109 καὶ
2543 2056 2570 2108 ὁ
2615 2054 2822 2128 κόσμος
2861 2056 3120 2124 κρίνεται,
3155 2055 3206 2108 οἳ
3235 2055 3325 2109 καὶ
3357 2053 3624 2129 ἀγγέλους
3683 2077 3803 2132 κρι-

2152 2150 2356 2202 νοῦσιν.
2391 2146 2513 2202 Ἐὰν
2567 2143 2657 2199 οὖν
2711 2165 2843 2199 ποτε
2889 2142 3247 2212 πληθυνθῶσι
3301 2142 3662 2219 ματαιολόγοι
3711 2145 3801 2200 καὶ

2149 2235 2504 2312 φρεναπάται,
2565 2231 2906 2294 διδάσκοντες
2983 2232 3016 2286 ἃ
3086 2233 3162 2306 μή
3242 2229 3363 2302 δεῖ,
3416 2233 3801 2307 ἀνατρέποντες

2148 2324 2316 2386 ὅλους
2349 2323 2533 2380 οἷ’κους
2581 2323 2816 2399 αἰσχροῦ
2864 2320 3088 2397 κέρδους
3139 2321 3324 2398 χάριν·
3357 2323 3445 2377 καὶ
3497 2324 3524 2378 ὁ
3585 2322 3798 2380 tmaro-

2151 2413 2320 2487 μίζων
2354 2413 2404 2468 ἐν
2435 2410 2737 2484 Ἐκκλησία
2765 2410 2892 2473 τοὺς
2935 2412 3218 2474 τοιούτους
3281 2412 3357 2485 μή
3417 2411 3473 2486 ᾔ,
3512 2409 3652 2486 μηδὶ
3677 2415 3793 2468 καθ-

2146 2507 2313 2580 αιρῶν
2396 2501 2571 2557 αὐτῶν
2628 2502 2695 2556 τὰ
2741 2502 3074 2577 έπαιρόμενα
3153 2502 3424 2575 ὑψώματα
3490 2501 3628 2557 κατά
3696 2505 3792 2571 τῆς

2144 2595 2393 2670 γνώσεως
2421 2597 2518 2647 τοῦ
2549 2589 2706 2660 Θεοῦ,
2741 2589 2935 2646 εἰδέναι
2965 2589 3065 2658 δεῖ,
3100 2591 3182 2645 ὅτι
3234 2588 3322 2646 διὰ
3370 2591 3432 2646 τὸ
3479 2589 3797 2662 πληθυνθῆ-

2145 2704 2231 2737 ναι
2282 2685 2380 2752 τήν
2433 2682 2718 2757 παρακοήν
2779 2680 2949 2750 αὐτῆς
3008 2677 3518 2756 ἐγκαταλέλειπται.
3552 2681 3650 2736 Καὶ
3708 2680 3795 2736 ἐὰν

2151 2769 2344 2846 μηδεὶς
2480 2769 2644 2848 σοφὸς
2684 2771 2712 2825 ὁ
2763 2767 3060 2844 δυνάμενος
3122 2769 3318 2846 κρίνειν
3372 2771 3638 2844 ἀναμέσον
3697 2775 3796 2826 τοῦ

2149 2859 2408 2936 ἀδελφοῦ,
2453 2859 2575 2916 ἀλλ’
2622 2859 2710 2915 ἐπὶ
2749 2865 2856 2915 τῶν
2909 2861 3149 2915 ἀπίστων
3199 2859 3488 2935 κρίνωνται
3549 2857 3619 2914 δι’
3661 2859 3796 2914 ἀπο-

2149 2952 2264 3025 ρίαν
2336 2950 2503 3025 ἁγίων
2541 2970 2552 2983 ·
2615 2955 2840 3023 σημεῖον
2915 2949 3003 3004 καὶ
3077 2953 3243 3004 τοῦτο
3310 2947 3740 3024 ἐγκαταλείψεως
3781 2968 3795 2981 ο

2148 3039 2339 3118 ἀφεῖλε
2387 3043 2500 3115 (65)
2541 3040 2645 3116 γὰρ
2697 3042 2893 3116 Κύριος
2939 3040 3026 3094 καὶ
3079 3037 3356 3109 δικαστήν.
3412 3038 3510 3096 Καὶ
3570 3039 3791 3114 προφή-

2143 3152 2267 3204 την,
2322 3130 2410 3185 καὶ
2471 3132 2804 3206 στοχαστήν.
2866 3135 3016 3184 Πᾶσα
3079 3127 3383 3207 προφητεία
3452 3127 3596 3202 παρά
3653 3128 3790 3183 Ἰου-

380 3227 569 3283 usque
600 3214 905 3286 prophetia
937 3217 1128 3274 omnis
1159 3237 1336 3291 penes
1365 3221 1600 3278 Judaos
1622 3225 1817 3292 stetit;
1839 3225 1938 3280 sed
1959 3224 2031 3281 ab

2153 3218 2320 3283 δαίοις
2355 3221 2522 3296 μέχρι
2556 3221 2832 3277 Ἰωάννου·
2871 3219 2933 3274 τὸ
2959 3216 3015 3274 δε
3055 3219 3144 3273 ἀπ’
3187 3218 3390 3273 ἐκείνου
3448 3213 3793 3272 έπιλέλοιπεν

379 3299 479 3356 illo
513 3307 774 3376 tempore
804 3307 890 3362 eis
923 3309 1247 3367 defuit.Nec
1275 3315 1364 3366 est
1387 3311 1545 3368 ullus
1573 3315 1726 3384 apud
1750 3315 1909 3386 ipsos
1927 3315 2028 3387 qui

378 3387 527 3462 legis
557 3407 799 3448 sensum
828 3396 1002 3451 modo
1035 3397 1290 3469 spiritali
1314 3399 1757 3472 interpretetur,
1793 3403 1865 3457 ob
1899 3418 2028 3457 eam

380 3493 510 3549 quae
543 3479 740 3537 Israeli
773 3485 1021 3556 contigit
1037 3487 1491 3544 cascitatemSed
1522 3489 1882 3562 benignitate
1903 3492 2032 3561 ejus

381 3568 482 3639 qui
515 3570 711 3642 posuit
735 3571 793 3627 in
827 3573 1086 3630 Ecclesia
1143 3577 1399 3648 primum
1452 3579 1769 3650 apostolos,
1821 3580 2033 3636 deinde

379 3659 698 3730 prophetas
728 3662 794 3728 εί,
825 3665 1060 3719 nuncin
1122 3654 1382 3722 Ecclesia
1433 3669 1654 3723 donum
1716 3669 2032 3741 prophetia:

378 3749 1080 3824 reperiturﬂuamobrem
1104 3755 1154 3811 si
1172 3757 1406 3828 quando
1424 3758 1755 3814 introierint
1771 3757 2036 3815 infideles

381 3842 445 3895 et
466 3838 682 3908 idiotas,
715 3857 902 3912 neque
955 3846 1150 3900 tamen
1215 3851 1628 3919 coarguantur,
1662 3864 1853 3919 neque
1882 3847 2035 3919 diju-

386 3927 674 3997 dicentur,
730 3930 877 3986 illud
935 3933 1109 3990 etiam
1163 3936 1402 3992 denotat
1457 3936 1916 3993 derelictionem.
1977 3937 2039 3993 Si

383 4018 555 4086 enim,
589 4017 800 4091 inquit,
827 4024 1181 4095 praphctetis,
1215 4026 1382 4080 intret
1430 4035 1619 4082 autem
1657 4029 1777 4100 qui:
1797 4027 2038 4096 inﬁdeli:

383 4104 477 4162 vel
505 4107 698 4176 idiota,
731 4112 1077 4168 convincitur
1132 4113 1200 4169 ab
1258 4115 1530 4182 omnibus,
1590 4116 1942 4186 diiudicatur
1965 4118 2036 4174 ab

383 4197 676 4252 omnibus:
717 4201 930 4257 occulta
987 4203 1162 4259 cordis
1233 4203 1354 4274 ejus
1398 4207 1712 4277 manifesta
1779 4208 1920 4278 ﬁunt
1966 4208 2034 4264 ⁸².

385 4286 678 4358 Propheta
706 4289 888 4361 igitur
908 4295 996 4347 est
1015 4291 1116 4363 qui
1139 4293 1310 4363 juxta
1337 4294 1592 4366 Spiritus
1641 4296 1827 4352 sancti
1879 4313 2038 4353 reve-

381 4374 665 4432 lationem
698 4379 964 4435 futurum
1008 4383 1404 4452 pranuntiat:
1438 4385 1734 4455 conjector
1751 4401 1908 4455 vero,
1940 4386 2040 4458 qui

384 4480 490 4537 per
517 4465 829 4523 scientiam
863 4486 1038 4541 quam
1070 4487 1140 4526 ex
1159 4471 1458 4528 similibus
1494 4474 1670 4530 rebus
1705 4475 1881 4530 simul
1927 4475 2042 4531 col-

2139 3311 2357 3373 αὐτούς.
2394 3310 2491 3364 Καὶ
2524 3311 2552 3364 ὁ
2584 3313 2681 3364 τοῦ
2711 3309 2886 3382 νόμου
2936 3305 2993 3362 δὶ
3041 3311 3423 3381 πνευματικῶς
3462 3304 3797 3381 στοχαζόμε-

2138 3421 2232 3462 νος
2289 3404 2386 3454 τοῦ
2447 3398 2801 3474 βουλήματος
2855 3399 2980 3474 παρ’
3013 3398 3198 3459 αὐτοῖς
3253 3396 3353 3452 οὐκ
3397 3395 3531 3463 ἔστι,
3566 3392 3656 3449 διὰ
3691 3395 3791 3462 τὴν

2139 3489 2400 3564 πώρωσιν
2430 3489 2531 3556 τήν
2563 3487 2862 3564 γενομένην
2889 3493 2969 3561 τῷ
3001 3485 3244 3563 Ἰσραήλ.
3275 3485 3451 3544 Ἀλλά
3502 3485 3592 3539 καὶ
3641 3483 3691 3538 ἐν
3719 3487 3787 3557 τῇ

2143 3576 2442 3649 Ἐκκλησία
2474 3576 2721 3654 χάρισμά
2752 3577 2864 3632 ἐστι
2894 3577 3258 3654 προφητικὸν,
3292 3573 3382 3630 διὰ
3430 3574 3521 3630 τὸν
3573 3575 3786 3647 θέμενον

2143 3667 2196 3724 ἰν
2229 3671 2297 3742 τῇ
2331 3666 2632 3739 Ἐκκλησία
2655 3671 2873 3742 πρῶτον
2904 3663 3267 3732 ἀποστόλους,
3299 3662 3548 3740 δεύτερον
3579 3665 3796 3739 προφή-

2141 3778 2256 3818 τας.
2292 3755 2411 3811 Ἐὰν
2447 3755 2536 3811 οὖν
2571 3778 2704 3812 ποτε
2735 3753 3049 3811 εἰσέλθωσιν
3097 3753 3315 3810 ἄπιστοι
3443 3751 3679 3824 ἰδιῶται,
3709 3751 3802 3806 καὶ

2148 3847 2224 3920 μή
2268 3843 2577 3921 ἐλεγχθῶσι
2626 3849 2764 3920 (66),
2818 3843 2958 3918 μηδὲ
2999 3846 3349 3921 ἀνακριθῶσι,
3381 3844 3662 3919 γνώρισμα
3711 3843 3803 3896 καὶ

2143 3941 2306 3992 τοῦτο
2359 3934 2964 4012 έγκαταλείψιως.Ἐὰν
3018 3936 3146 4011 γὰρ,
3198 3935 3354 4013 φησὶ,
3395 3931 3801 4011 προφητεύητε,

2145 4023 2360 4100 εἰσέλθῃ
2445 4023 2502 4080 δέ
2579 4046 2662 4088 τις
2745 4022 2969 4087 ἄπιστος
3046 4024 3080 4094 ἢ
3171 4021 3444 4095 ἰδιώτης,
3504 4021 3803 4098 ἰλέγχεταν

2147 4115 2252 4171 ὑπὸ
2327 4117 2440 4190 (67)
2520 4116 2769 4184 πάντων,
2832 4113 3168 4191 ἀνακρίνεται
3248 4112 3349 4168 ὑπὸ
3425 4113 3683 4179 πάντων,
3733 4111 3808 4166 τά

2145 4204 2360 4282 κρυπτά
2413 4211 2515 4274 τῆς
2566 4201 2790 4281 καρδίας
2865 4203 3028 4259 αὐτοῦ
3107 4203 3308 4281 φανερά
3377 4201 3600 4278 γίνεται.
3659 4199 3806 4258 Οὐκ-

2148 4299 2242 4350 οὖν
2298 4297 2588 4370 προφήτης
2649 4294 2742 4366 μέν
2794 4293 2961 4364 ἐστιν,
3017 4294 3046 4348 ὁ
3103 4293 3240 4348 κατὰ
3305 4289 3648 4365 ἀποκάλυψιν
3703 4293 3808 4344 τοῦ

2155 4383 2478 4457 Πνεύματος
2507 4384 2892 4461 προαγορεύων
2940 4383 3004 4438 τὸ
3030 4379 3258 4456 μέλλον·
3293 4382 3604 4457 στοχαστὴς
3664 4376 3740 4449 δὲ,
3773 4379 3805 4433 ὁ

2151 4469 2242 4527 διὰ
2269 4472 2478 4528 σύνεσιν
2531 4471 2590 4527 ἐκ
2644 4480 2745 4542 τῆς
2801 4477 2898 4528 τοῦ
2929 4471 3128 4545 ὁμοίου
3159 4471 3502 4544 παραθέσεως
3559 4466 3648 4524 διά
3703 4468 3810 4536 τὴν

387 4553 524 4609 latis
553 4560 913 4628 comparavit
961 4559 1036 4615 ob
1066 4567 1382 4618 eventuum
1407 4564 1836 4634 praateritorum
1870 4581 2038 4637 expe-

2153 4567 2340 4637 πεῖραν
2369 4567 2476 4618 τῶν
2531 4557 2925 4639 προλαϐόντων
2975 4562 3039 4617 τὸ
3089 4559 3297 4635 μέλλον
3345 4559 3812 4634 συντεκμαιρόμε-

387 4645 663 4702 rientiam
695 4648 894 4704 futura
923 4652 1231 4723 conjectat.
1257 4655 1481 4721 Puta,si
1512 4654 1810 4726 quispiam
1844 4656 2034 4711 dicat:

383 4735 440 4790 Si
471 4738 1006 4809 perpetraverimus
1047 4741 1264 4814 ﬂagitia
1295 4743 1708 4811 Sodomorum,
1741 4745 1921 4800 simili
1953 4749 2038 4801 at-

381 4841 497 4897 que
528 4824 612 4882 illi
646 4844 818 4900 pcnna
850 4827 1197 4901 plectemur.
1230 4835 1385 4888 Aut:
1417 4833 1474 4888 Si
1502 4850 1610 4890 nos
1641 4850 1756 4891 non
1777 4851 1948 4890 secus
1974 4851 2041 4892 ac

382 4913 673 4974 Ninivitas
703 4918 1066 4990 paenituerit,
1119 4921 1362 4992 perinde
1392 4927 1568 4995 atque
1599 4922 1685 4978 illi
1719 4923 2041 4981 misericor-

384 5005 541 5063 diam
568 5023 1020 5081 consequemur.

2147 4674 2261 4716 νος.
2293 4654 2354 4710 Ὀ
2387 4652 2558 4729 λέγων
2592 4654 2863 4727 (63),'E&v
2892 4653 3212 4725 ποιήσωμεν
3237 4653 3304 4706 τὰ
3335 4647 3817 4723 Σοδόμων,ὅμοια

2151 4737 2376 4802 έκείνοις
2431 4740 2750 4814 πεισόμεθα.
2783 4742 2850 4796 Ἢ
2909 4739 3014 4813 ὅτι,
3068 4739 3191 4797 Ἐὰν
3249 4740 3672 4813 μιτανοήσωμεν
3731 4736 3816 4798 ὠς

2150 4831 2202 4884 οἱ
2233 4831 2534 4902 Μινευῒται,
2565 4830 2972 4908 παραπλησίως
3003 4831 3229 4893 ἐκείνοις
3260 4829 3697 4905 ἐλεηθησόμεθα.

461 5097 747 5175 Z‘_Ephes.
783 5101 976 5175 ν-ι,1ζι;
1009 5101 1076 5175 *τε
1097 5100 1146 5156 ll
1177 5104 1306 5157 Cor.
1339 5120 1394 5171 x,
1426 5104 1479 5159 6.
1504 5103 1549 5140 ⁷⁸
1567 5102 1616 5159 Il
1638 5103 1788 5160 Tim.
1813 5123 1854 5161 ιι
1885 5104 1937 5161 3.
1971 5105 2015 5141 ⁷⁷

2153 5105 2188 5160 Ι.
2213 5104 2266 5160 li.
2301 5102 2345 5140 ⁷⁸
2374 5102 2490 5160 Tit.
2519 5104 2560 5172 i,
2588 5104 2675 5175 10,
2713 5105 2800 5162 11.
2832 5105 2876 5144 ⁷ο
2907 5103 2954 5161 ΙΙ
2985 5107 3110 5160 Cor.
3135 5121 3190 5174 ι,
3224 5103 3281 5160 5.
3313 5103 3358 5140 ⁸ο
3385 5102 3409 5160 Ῑ
3454 5105 3583 5160 Cor.
3640 5118 3718 5170 v1,
3750 5100 3818 5158 5.

385 5167 429 5204 ’ί
464 5167 640 5224 ICor.
671 5188 772 5239 xu,
805 5173 896 5228 28.
928 5173 974 5207 ⁸⁵
1008 5172 1318 5243 ICor.x1v,
1348 5167 1439 5243 24,
1467 5178 1558 5232 25.

455 5255 568 5323 (63)
599 5257 780 5333 Iidem
813 5265 1036 5316 veteres
1086 5260 1170 5316 illi
1204 5279 1353 5333 quos
1388 5280 1523 5319 mox
1559 5262 1860 5320 nominavi
1889 5264 2046 5333 libri,

386 5331 720 5406 κατακρατῇ.
751 5334 960 5386 Statim
991 5331 1258 5406 nonnulli
1295 5354 1438 5393 mss.
1471 5342 1530 5391 et
1561 5335 1723 5406 editi,
1749 5333 1896 5390 ἀλλὰ
1927 5331 2043 5391 δεόέ

391 5400 710 5479 peegLAlii
731 5409 848 5479 tres
884 5421 1051 5473 mss.,
1087 5401 1357 5479 δεώμεθα,
1391 5408 1631 5464 rectius.

461 5473 578 5599 £24)
611 5474 850 5618 EditEi’et
881 5494 1026 5533 mss.
1078 5473 1368 5552 nonnulli,
1431 5480 1584 5554 μετά.
1645 5479 1756 5536 Alii
1801 5482 2042 5553 quidam

525 5584 562 5610 .,
601 5564 732 5614 μετα
767 5569 815 5601 υ.

391 5559 562 5610 mss.,
601 5559 815 5614 μεταξύ.

462 5615 576 5688 (65)
609 5618 694 5674 Ita
717 5615 1034 5688 edidimus,
1075 5622 1161 5677 uti
1192 5624 1251 5680 in
1311 5624 1529 5682 nostris
1586 5639 1685 5680 sex
1741 5624 2047 5684 codicibus

386 5687 684 5761 scriptum
716 5687 1075 5752 invenimus.
1106 5694 1284 5769 Editi,
1316 5693 1531 5779 ἀφελιῑ,
1560 5697 1801 5770 auferet.

2234 5264 2347 5338 (66)
2376 5264 2533 5338 ροιι).
2559 5264 2808 5338 primus,
2841 5260 3230 5338 SieXs-yxtldmt.

2229 5333 2343 5408 (67)
2376 5333 2587 5393 Nostra
2625 5333 2828 5408 editio,
2862 5333 3085 5392 ἀπό.’Ᾱ’1
3120 5353 3220 5393 sex
3239 5353 3410 5406 mss.,
3445 5333 3568 5388 ὑπό.
3595 5334 3821 5390 Statim

2155 5407 2275 5463 tres
2298 5425 2468 5478 mss.,
2500 5410 2588 5481 καί
2615 5407 2689 5481 ,τά
2717 5409 2946 5481 κρυπτά.

2230 5481 2346 5554 (68)
2369 5477 2547 5554 _Editi,
2567 5477 2762 5554 λέγων’
2779 5479 3074 5554 81¢.Deest
3086 5477 3168 5554 δτι
3195 5480 3251 5554 in
3286 5477 3507 5554 nostris
3528 5494 3628 5554 sex
3646 5493 3798 5534 mss.
3812 5520 3828 5544 ,

2155 5548 2326 5625 Haud
2369 5548 2542 5625 longe
2571 5548 2832 5625 quinque
2854 5569 3024 5625 mss.,
3057 5548 3493 5625 ilmoncdpeea.
3524 5552 3598 5605 At
3618 5555 3834 5608 nostra

2158 5623 2340 5680 editio
2370 5628 2428 5681 et
2450 5621 2868 5699 B'egfpritims,
2891 5621 3250 5697 ιλεησόμιθα.
