4130 6400
283 355 404 415 288

1115 357 1524 419 COMMENT.
1571 360 1650 419 IN
1696 356 1975 420 ISAIAM
2017 355 2525 418 PROPHETAM.
2571 353 2741 416 CAP.
2789 356 2898 417 III.

3603 359 3722 420 286

360 486 482 542 103.
544 485 643 539 Καὶ
720 480 1106 563 πρεσϐυτερον.
1164 489 1256 544 Ἐν
1329 493 1447 550 τοῖς
1519 488 1933 560 ἀπειλουμένοις

2131 489 2254 543 103.
2288 489 2352 544 Et
2380 489 2675 544 seniorem.
2712 488 2871 543 Inter
2921 493 3127 544 caetera
3192 488 3453 544 minatur
3495 489 3722 545 ablatu'

285 573 396 630 ἰστὶ
427 574 519 629 καὶ
551 577 585 644 ἡ
619 579 717 629 τοῦ
776 571 1142 652 πρεσϐυτέρου
1194 576 1493 655 ἀφαίρεσις,
1542 579 1616 640 ὡς
1651 575 1850 655 ὄφελος
1884 577 1945 631 ού

295 663 486 737 μικρὸν
517 661 577 718 ἐκ
604 669 702 718 τοῦ
728 670 977 740 παρεῖναι
1025 666 1384 741 παρέχοντος.
1418 667 1536 743 Ἆρ’
1584 665 1672 721 οὖν
1708 667 1734 720 6
1764 667 1942 720 ὁπωσ-

290 757 381 807 οῠν
425 756 538 826 (69)
595 756 694 822 τῆς
746 751 1039 829 προεδρίας
1099 753 1368 826 ἀξιωθεὶς,
1427 756 1516 810 κσὶ
1573 755 1948 831 ἐγκαταλεγεῖς

285 845 366 915 τῷ
395 837 791 919 πρεσϐυτερίῳ,
839 843 999 904 οὗτος
1056 839 1455 921 πρεσϐύτερος;
1508 844 1544 914 ἢ
1577 847 1605 900 6
1646 845 1820 924 φέρων
1850 845 1940 900 τὸν

287 938 614 1008 χαρακτῆρα
668 935 765 986 τοῦ
823 927 1188 1007 πρεσϐυτέρου
1248 933 1601 1008 ἀνεγκλήτως
1664 937 1796 1009 (70),
1849 933 1944 1007 μά-

288 1017 452 1075 λιστα
512 1022 605 1092 μὲν
659 1019 947 1094 ἀπείρατος
1006 1022 1298 1096 γυναικός;
1358 1022 1420 1079 Εἰ
1452 1020 1508 1077 δὲ
1548 1019 1650 1095 ἄρα
1695 1022 1832 1077 κατά
1854 1021 1946 1077 τὸν

285 1113 383 1164 τοῦ
447 1108 642 1184 Κυρίου
689 1110 858 1183 νόμον
920 1115 1047 1183 μιᾶς
1099 1111 1346 1184 γυναικὸς
1404 1112 1563 1189 ἀνὴρ,
1607 1113 1769 1167 τέκτα
1797 1107 1942 1186 ἔχων

286 1199 470 1269 πιστὰ,
507 1199 582 1271 μή
633 1199 685 1252 ἑν
737 1199 1038 1275 κατηγορίᾳ
1087 1200 1319 1263 ἀσωτίας
1379 1201 1414 1270 ἢ
1468 1201 1824 1270 ἀνυπότακτα,
1863 1201 1940 1274 μή

287 1284 550 1356 αὐθάδης,
587 1288 662 1359 μὴ
700 1288 946 1363 ὀργίλος,
981 1293 1057 1360 μὴ
1082 1290 1366 1363 πάροινος,
1404 1291 1480 1362 μὴ
1517 1287 1939 1366 αἰσχροκερδής·

287 1373 431 1430 ἀλλά
462 1375 768 1451 φιλόξενος,
801 1377 1182 1454 φιτεχόμενος,
1218 1381 1474 1457 σώφρων,
1508 1380 1676 1450 ὅσιος,
1712 1377 1942 1452 δίκαιος,

284 1463 573 1538 ἐγκρατὴς,
629 1466 996 1542 ἀντεχόμενος
1055 1472 1151 1522 τοῦ
1199 1468 1336 1524 κατά
1389 1469 1488 1537 τὴν
1535 1465 1770 1545 διδαχὴν
1829 1473 1944 1541 (71)

284 1559 485 1608 πιστοῦ
511 1554 704 1631 λόγου,
742 1556 814 1617 ὡς
849 1553 1071 1620 δυνατὸς
1116 1556 1251 1613 εἶναι
1299 1557 1388 1613 καὶ
1423 1558 1755 1630 παρακαλεῖν
1790 1558 1841 1613 έν
1874 1562 1942 1632 τῇ

285 1640 604 1718 ὑγιαινούσῃ
639 1640 974 1718 διδασκακίᾳ,
1029 1646 1120 1702 καὶ
1175 1646 1305 1710 τοὺς
1363 1645 1740 1724 ἀντιλέγοντας
1787 1646 1942 1722 ἐλέγ-

282 1751 428 1807 χειν·
467 1733 626 1796 οὗτος
678 1730 1062 1809 πρεσϐύτερος,
1113 1734 1173 1791 ὃν
1235 1737 1340 1792 ἀπὸ
1397 1742 1493 1793 τοῦ
1540 1737 1944 1814 ἁμαρτάνοντος

279 1817 418 1876 λαοῦ
449 1823 758 1900 ἀφαιρεῖται
792 1825 1009 1901 Κύριος.
1045 1827 1133 1888 Ὠς
1162 1824 1422 1902 ἰσχύοντα
1450 1827 1537 1882 καὶ
1574 1830 1686 1901 (72)
1718 1827 1939 1903 ἰσχύου-

273 1931 390 1982 σαν,
459 1912 537 1973 ὡς
599 1912 757 1988 ἰσχὺν
811 1914 977 1990 ἄρτου
1034 1914 1124 1969 καὶ
1184 1914 1343 1990 ἰσχὺν
1393 1913 1610 1985 ὕδατος,
1661 1917 1736 1980 ὡς
1777 1917 1942 1972 πολε-

276 2001 504 2072 μιστὴν,
538 2001 611 2063 ὡς
656 1999 940 2075 δικαστὴν,
996 2002 1139 2058 οὕτω
1188 2006 1276 2059 καὶ
1337 2001 1719 2081 πρεσϐύτερον.
1776 2008 1940 2063 Ὅταν

273 2086 365 2142 οὖν
400 2085 529 2163 ἴδῃς
582 2087 738 2152 ὄντας
807 2091 902 2164 μέν
963 2113 1110 2154 τινας
1167 2092 1344 2163 ἀξίους
1403 2099 1500 2148 τοῦ
1553 2093 1944 2170 ἐγκατατάσσε-

275 2187 397 2240 σθαι
461 2183 578 2240 τοῖς
636 2173 1046 2255 πρεσϐυτέροις,
1107 2179 1466 2246 λανθάνοντας
1498 2179 1576 2252 δὲ,
1619 2183 1654 2253 ἢ
1697 2185 1943 2258 ἀμελου-

280 2266 502 2338 μένους,
533 2268 624 2321 καὶ
678 2268 790 2323 ἀντ’
853 2269 1029 2324 αὐτῶν
1078 2269 1204 2332 τοὺς
1263 2271 1506 2343 ἀναξίους
1548 2267 1942 2348 προϐεϐλημέ-

275 2375 428 2418 νους·
465 2355 716 2430 γίνωσκε,
751 2355 833 2412 δτι
868 2358 974 2413 ἀπὸ
1020 2364 1116 2414 τοῦ
1157 2361 1404 2416 τοιούτον
1466 2359 1602 2417 λαοῦ
1654 2361 1873 2440 ἀφεῖλεν
1914 2365 1942 2419 ὁ

287 2443 490 2519 Κύριος
541 2441 928 2522 πρεσϐύτερον.
986 2448 1218 2505 ⁴Ηλίκου
1267 2447 1324 2504 δέ
1377 2450 1486 2504 ἐστι
1537 2450 1696 2526 χρεία
1741 2472 1940 2526 τραπε-

290 2533 464 2602 ζίτου,
494 2532 632 2590 ὥστε
692 2538 767 2608 μή
831 2533 1202 2600 διαλανθάνειν
1256 2539 1414 2594 αὐτὸν
1457 2540 1548 2595 τὸν
1585 2542 1696 2615 (73)
1728 2540 1780 2596 έν
1811 2540 1942 2595 τού-

283 2643 406 2685 τοις
439 2619 692 2697 δόκιμον,
721 2622 916 2696 ἔδειξεν
949 2627 977 2681 ὁ
1008 2628 1136 2689 Θεὸς
1185 2633 1268 2701 τῷ
1319 2628 1542 2704 μεγάλῳ
1586 2631 1753 2686 αὐτοῦ
1785 2632 1939 2708 θεράο

284 2731 448 2766 ποντι
487 2717 709 2767 Μωῦσεῖ
736 2715 836 2784 τήν
866 2720 973 2770 τῶν
1031 2715 1294 2772 τοιούτων
1347 2717 1578 2794 ἐκλογὴν
1626 2719 1937 2796 ἐπιτρέψας.

284 2801 559 2877 Συνάγαγε
634 2801 738 2879 γάρ
846 2825 959 2878 μοι,
1041 2811 1196 2884 φησί,
1287 2803 1669 2881 ἔϐδομήκουτα
1743 2808 1940 2887 ἄνδρας

284 2888 393 2943 ἀπὸ
471 2895 580 2945 τῶν
657 2887 1034 2970 πρεσϐυτέρων
1121 2900 1218 2950 τοῦ
1305 2895 1549 2972 Ἰσραήλ,
1619 2897 1712 2963 οὓς
1775 2898 1935 2964 αύτὸς

282 2974 346 3030 σὺ
407 2976 578 3042 οἶδας·
640 2980 722 3036 ὅτι
803 2983 950 3037 οὗτοί
1031 2983 1135 3039 εἶσι
1201 2982 1554 3063 πρεσϐύτεροι
1619 2993 1715 3043 τοῦ
1776 2986 1933 3044 λαοῦ·

279 3066 377 3120 καὶ
436 3069 673 3139 συνάξεις
724 3069 919 3135 αὐτοὺς
983 3070 1072 3126 ἐπὶ
1139 3075 1239 3142 τήν
1313 3077 1512 3145 σκηνὴν
1570 3081 1667 3130 τοῦ
1731 3097 1934 3152 μαρτυ-

2057 595 2188 634 rum
2221 596 2283 635 se
2313 578 2491 633 etiam
2524 577 2834 646 seniorem,
2871 582 2931 632 ut
2985 577 3083 648 qui
3115 595 3224 633 sua
3257 579 3568 649 praesentia
3595 595 3724 635 non

2057 685 2262 738 parum
2313 668 2517 723 afferat
2568 666 2973 722 emolumenti.
3007 667 3161 721 Num
3208 666 3386 736 igitur
3434 667 3708 738 quisquis

2056 773 2291 828 quoquo
2325 757 2497 811 modo
2530 755 2796 827 prmsulis
2831 756 3180 828 dignitatem
3214 756 3464 827 adeptus
3495 761 3607 824 est,
3649 760 3706 812 et

2056 847 2529 919 presbyterorum
2583 846 2759 900 coetui
2822 846 3134 917 ascriptus,
3183 845 3488 918 presbyter
3527 849 3617 900 est
3647 861 3714 901 ac

2055 935 2296 992 senior?
2325 953 2394 991 an
2432 934 2652 1006 potius,
2685 933 2757 1000 is,
2791 934 2890 1004 qui
2945 933 3264 1008 presbyteri
3312 934 3545 1006 insigne
3574 934 3712 990 cha-

2055 1030 2459 1096 racteremque
2509 1024 2657 1080 citra
2707 1023 2887 1079 ullam
2929 1023 3449 1096 reprehensionem
3503 1041 3619 1096 pm
3651 1040 3716 1081 se

2054 1113 2187 1180 fert,
2230 1113 2484 1169 maxime
2532 1113 2582 1168 si
2631 1129 2871 1169 uxorem
2925 1130 3039 1168 non
3091 1112 3369 1168 duxerit?
3401 1113 3628 1169 Rursus
3661 1114 3712 1169 si

2048 1203 2218 1274 juxta
2247 1201 2480 1258 Domini
2530 1201 2716 1274 legem
2742 1201 2788 1236 ⁸³
2839 1201 2916 1257 sit
2955 1201 3132 1256 unius
3167 1201 3364 1257 uxoris
3411 1201 3518 1270 vir,
3553 1201 3708 1257 ﬁlios

2053 1290 2280 1347 habens
2325 1291 2547 1359 ﬁdeles,
2581 1291 2681 1362 qui
2731 1290 2980 1346 lasciviae
3032 1307 3147 1346 non
3199 1296 3573 1360 accusentur,
3605 1293 3709 1347 aut

2055 1380 2158 1453 qui
2181 1398 2296 1436 non
2320 1381 2440 1437 sint
2462 1379 2859 1436 intractabiles
2885 1397 2898 1435 :
2925 1379 3103 1435 sinon
3152 1379 3231 1435 sit
3253 1381 3566 1451 superbus,
3591 1397 3708 1436 non

2056 1470 2398 1539 iracundus,
2425 1488 2542 1525 non
2566 1469 2924 1536 vinolentus,
2948 1486 3063 1524 non
3086 1468 3242 1541 turpi
3262 1468 3424 1525 lucro
3446 1470 3706 1525 deditus:

2054 1559 2154 1614 sed
2189 1559 2527 1631 hospitalis,
2559 1559 2848 1614 bonorum
2892 1574 3122 1626 amans,
3152 1558 3406 1625 sobrius,
3443 1564 3706 1628 sanctus,

2044 1649 2271 1720 justus,
2295 1649 2623 1716 continens,
2652 1654 2826 1704 tenax
2855 1649 2986 1719 ejus
3009 1647 3108 1720 qui
3131 1649 3456 1704 secundum
3491 1649 3712 1704 doctri-

2057 1755 2192 1793 nam
2247 1742 2336 1794 est
2384 1737 2576 1794 ﬁdelis
2645 1737 2959 1804 sermonis,
3026 1741 3088 1792 ut
3139 1742 3348 1809 potens
3413 1737 3493 1793 sit
3528 1738 3708 1794 etiam

2054 1827 2348 1882 exhortari
2383 1827 2443 1881 in
2475 1826 2743 1883 doctrina
2775 1843 2942 1893 sana,
2974 1830 3032 1881 et
3074 1827 3539 1882 contradicentes
3567 1842 3710 1882 con-

2054 1915 2326 1976 vincere:
2381 1915 2477 1971 hic
2513 1916 2816 1987 presbyter
2847 1932 2913 1970 ac
2943 1915 3142 1970 senior
3170 1919 3280 1980 est,
3314 1931 3491 1986 quem
3523 1915 3714 1970 aufert

2055 2004 2342 2061 Dominus
2365 2023 2398 2060 a
2419 2004 2796 2075 delinquente
2818 2003 3059 2075 populo.
3087 2003 3160 2058 Ut
3191 2001 3452 2058 validum
3485 2008 3543 2058 et
3575 2003 3711 2059 vali-

2055 2094 2216 2160 dam,
2248 2097 2312 2148 ut
2341 2093 2520 2148 robur
2539 2093 2707 2165 panis
2732 2097 2787 2147 et
2814 2093 2995 2147 robur
3019 2109 3207 2163 aque,
3243 2097 3308 2146 ut
3336 2090 3704 2158 bellatorem,

2053 2186 2120 2238 ut
2141 2183 2429 2253 judicem,
2463 2183 2544 2237 ita
2575 2185 2630 2237 et
2661 2181 2952 2237 seniorem
2985 2181 3192 2236 aufert.
3222 2182 3425 2252 Itaque
3453 2196 3588 2236 cum
3621 2181 3704 2236 vi-

2051 2272 2208 2328 deris
2231 2273 2522 2344 quosdam
2536 2271 2635 2344 qui
2658 2271 2778 2327 sint
2796 2271 3035 2344 quidem
3059 2269 3219 2341 digni
3240 2270 3340 2342 qui
3360 2271 3420 2324 in
3438 2270 3703 2326 ordinem

2050 2362 2530 2434 presbyterorum
2591 2365 2957 2433 cooptentur,
3025 2361 3126 2416 sed
3196 2359 3545 2415 delitescant
3605 2363 3708 2415 aut

2051 2450 2442 2523 negligantur,
2475 2456 2532 2507 et
2562 2469 2764 2507 eorum
2799 2452 2946 2508 451
2984 2450 3112 2506 loco
3144 2449 3358 2506 videris
3392 2450 3586 2505 oil'erri
3614 2450 3708 2505 iu-

2051 2541 2284 2613 dignos,
2308 2541 2621 2597 Dominum
2637 2542 2709 2597 ab
2731 2541 3025 2612 ejusmodi
3050 2539 3262 2612 populo
3287 2540 3700 2612 presbyterum

2049 2628 2370 2686 abstulisse
2401 2630 2573 2685 scias.
2600 2629 2765 2694 Quali
2786 2635 2984 2685 autem
3017 2628 3302 2701 trapezita
3329 2644 3477 2700 opus
3500 2627 3597 2696 sit,
3631 2631 3698 2684 ut

2048 2722 2364 2790 cognoscat
2404 2718 2538 2790 quis
2572 2719 2630 2773 in
2664 2719 2738 2774 iis
2771 2719 2991 2790 probus
3037 2718 3135 2787 sit,
3170 2723 3320 2773 Deus
3351 2733 3565 2789 magno
3587 2733 3695 2774 suo

2047 2806 2269 2863 famulo
2300 2807 2483 2877 Moysi
2515 2807 2795 2876 ostendit,
2831 2806 3118 2879 permisso
3150 2805 3261 2878 ipsi
3295 2805 3499 2862 talium
3531 2804 3696 2862 dele-

2046 2899 2164 2952 ctu.
2196 2895 2473 2967 Congrega
2520 2894 2698 2963 enim,
2735 2896 2949 2966 inquit,
2990 2894 3132 2949 mihi
3157 2896 3516 2966 septuaginta
3544 2894 3699 2950 viros

2043 2983 2110 3040 de
2137 2984 2444 3040 senioribus
2487 2985 2688 3052 Israel,
2717 2999 2848 3056 quos
2879 2989 2942 3038 tu
2973 2985 3085 3054 ipse
3113 2984 3278 3053 nosti,
3312 2982 3456 3054 quod
3476 2983 3539 3038 hi
3565 2991 3696 3039 sunt

2041 3074 2286 3128 seniores
2334 3072 2554 3142 populi,
2594 3073 2869 3142 simulque
2924 3059 3158 3126 adduces
3188 3087 3282 3126 eos
3332 3070 3402 3126 ad
3431 3071 3694 3129 taberna-

274 3151 434 3225 ρίου,
485 3157 574 3210 καὶ
631 3161 920 3228 στήσονται
981 3159 1093 3215 ἰκιῖ
1176 3163 1310 3235 μετά
1378 3168 1491 3217 σοῢ·
1574 3164 1664 3219 καὶ
1748 3151 1933 3244 ἀιρελῶ

2048 3163 2232 3220 culum
2285 3163 2617 3231 testimonii,
2649 3164 2700 3218 et
2752 3161 2978 3216 stabunt
3035 3161 3157 3217 illic
3186 3169 3399 3218 tecum:
3449 3171 3502 3217 et
3531 3165 3694 3234 aufe—

275 3240 390 3325 iino
471 3248 570 3325 τού
648 3245 957 3319 πνεύματος
1012 3254 1109 3303 τοῦ
1167 3249 1254 3304 ἐπὶ
1330 3251 1437 3321 σοὶ,
1515 3253 1605 3307 καὶ
1690 3240 1933 3325 ἐπιθήσω

2048 3268 2168 3306 ram
2195 3251 2260 3307 de
2301 3252 2510 3324 spiritu
2559 3252 2654 3321 qui
2687 3252 2744 3306 in
2776 3253 2826 3305 te
2854 3258 2952 3318 est,
2984 3254 3039 3305 et
3069 3251 3352 3322 imponam
3381 3266 3549 3323 super
3567 3265 3692 3306 eos:

275 3320 367 3376 ἐπ’
426 3322 641 3396 αὐτοὺς,
720 3328 808 3381 καὶ
899 3328 1388 3404 συναντιλήψονται
1470 3334 1604 3405 μετά
1682 3339 1778 3388 σοῦ
1832 3335 1931 3404 τήν

278 3410 462 3486 ὁρμὴν
516 3419 612 3468 τοῦ
663 3414 802 3469 λαοῦ
859 3417 1078 3488 τούτου,
1140 3418 1232 3473 καὶ
1282 3419 1380 3475 ούκ
1434 3421 1598 3484 οἴσεις
1639 3421 1832 3486 αὐτοὺς
1869 3423 1932 3480 σὺ

278 3500 464 3574 μόνος.

350 3591 472 3645 104.
502 3588 739 3653 Τούτους
789 3589 848 3647 δὲ
895 3594 1008 3669 χρὴ
1059 3596 1196 3650 εἷναι
1245 3599 1626 3673 προσήκοντας
1651 3602 1770 3656 καθ’
1800 3601 1930 3672 ἡλι-

272 3676 420 3752 κίαν,
451 3676 682 3734 πολλῶν
714 3681 810 3754 μὲν
870 3686 1300 3760 πεπειραμένους
1332 3684 1419 3742 διὰ
1459 3689 1552 3744 τὸν
1585 3689 1809 3764 χρόνον,
1840 3692 1929 3747 καὶ

271 3768 337 3822 τὸ
363 3766 612 3832 εὐσταθὲς
630 3773 736 3824 τῶν
763 3771 910 3840 ἠθῶν
933 3771 992 3827 ὲκ
1009 3780 1110 3843 τῆς
1133 3773 1471 3848 ἐπανθούσης
1519 3779 1704 3844 αὐτοῖς
1731 3780 1928 3845 πολιᾶς

277 3856 706 3946 ὑποφαίνοντας.
766 3859 902 3941 Δόξα
950 3861 1054 3937 γὰρ
1106 3860 1506 3941 πρεσϐυτέρων,
1566 3868 1738 3925 πολιοὶ
1795 3874 1928 3946 (74).

267 3943 339 4001 El
371 3943 429 4001 δέ
484 3967 592 4002 που
643 3949 732 4002 καὶ
787 3949 839 4004 ἓν
899 3949 1092 4024 ήλικίᾳ
1146 3954 1236 4026 νέᾳ
1290 3952 1644 4032 πρεσϐοτικὸν
1687 3943 1926 4034 εὑρεθείη

268 4033 554 4111 φρόνημα,
587 4035 685 4092 ούκ
736 4036 1057 4111 ἀτιμαστέον
1088 4043 1150 4098 τὸ
1197 4041 1396 4122 δῶρον;
1445 4045 1592 4105 ἀλλά
1620 4033 1929 4107 πιστευτέον

385 4122 620 4201 λέγοντι·
669 4125 849 4216 Πολι-ἆ
906 4126 963 4184 δέ
1007 4128 1119 4185 ἐστι
1175 4133 1430 4209 σρόνησις
1480 4135 1533 4192 έν
1593 4139 1923 4216 ἀνθρώποιτ.

266 4213 473 4272 Πλεῖον
504 4215 604 4291 γὰρ
634 4221 714 4289 τῷ
754 4212 864 4273 ὄντι
917 4218 992 4282 είς
1040 4217 1407 4296 πρεσϐυτέρου
1461 4212 1710 4283 σύστασιν
1742 4236 1841 4300 τῆς
1873 4229 1922 4285 ἐν

265 4303 408 4378 θριξὶ
455 4300 808 4377 λευκότητος,
867 4310 928 4363 τὸ
988 4308 1040 4365 έν
1091 4314 1349 4388 φρονήσει
1397 4311 1753 4392 πρεσϐυτικόν
1788 4322 1922 4394 (75).

265 4395 504 4464 Μήποτε
534 4395 637 4472 γὰρ
668 4401 831 4452 τοῦτο
888 4397 1142 4473 βούλεται
1186 4403 1278 4457 καὶ
1310 4404 1337 4458 ὁ
1371 4401 1554 4482 λόγος’
1589 4408 1726 4463 Ἀπὸ
1755 4430 1924 4480 προσ-

260 4484 420 4538 ώπου
504 4482 707 4540 πολιοῦ
792 4487 1145 4565 ἐξαναστήσῃ,
1226 4493 1316 4546 καὶ
1411 4497 1666 4569 τιμήσεις
1751 4500 1924 4574 πρόσ-

2045 3344 2100 3396 et
2129 3341 2482 3396 sustinebunt
2512 3349 2688 3396 tecum
2737 3341 3008 3407 impetum
3046 3339 3240 3412 populi
3287 3338 3480 3412 huius,
3509 3347 3560 3397 et
3579 3354 3692 3398 nan

2039 3430 2290 3502 portabis
2321 3445 2408 3487 eos
2424 3434 2483 3485 tu
2511 3430 2658 3485 solus
2686 3429 2754 3486 3‘.

2116 3608 2239 3663 104.
2271 3611 2512 3680 Oportet
2570 3611 2766 3664 autem
2799 3607 2906 3663 hos
2964 3623 3094 3664 esse
3139 3611 3307 3664 (state
3363 3609 3688 3680 provectos,

2042 3697 2186 3754 adeo
2218 3702 2282 3753 ut
2312 3698 2501 3753 multa
2531 3696 2648 3752 sint
2701 3695 2985 3768 temporis
3025 3697 3414 3754 diuturnitate
3445 3697 3688 3769 experti,

2042 3792 2217 3858 atque
2248 3803 2316 3842 ex
2347 3786 2563 3844 canitie
2591 3786 2650 3841 in
2697 3786 2843 3857 ipsis
2891 3785 3268 3842 eﬁ'orescente
3299 3785 3692 3842 constantiam

2042 3891 2274 3932 morum
2324 3876 2659 3932 ostendant.
2723 3874 2909 3931 Gloria
2963 3874 3121 3930 enim
3180 3876 3483 3944 seniorum,
3541 3874 3694 3930 cani-

2039 3967 2145 4023 ties
2172 3965 2237 4020 ³⁸.
2261 3967 2528 4021 Attamen
2564 3965 2613 4021 si
2645 3965 2882 4037 quando
2899 3964 3292 4036 comperietur
3320 3964 3380 4020 in
3413 3964 3690 4035 aetateju-

2039 4054 2217 4110 venili
2237 4054 2443 4111 senilis
2466 4055 2800 4127 prudentia,
2835 4053 3056 4108 donum
3080 4053 3190 4110 hoc
3219 4053 3685 4127 haudquaquam

2038 4143 2446 4216 aspernabile:
2482 4144 2583 4200 sed
2635 4142 2909 4199 habenda
2953 4142 3099 4198 fides
3141 4147 3232 4200 est
3287 4143 3338 4198 ei
3370 4143 3472 4214 qui
3503 4142 3684 4201 dicit:

2039 4233 2282 4290 Canities
2311 4239 2501 4290 autem
2529 4236 2609 4289 est
2657 4231 2961 4306 prudentia
2994 4232 3054 4285 in
3084 4230 3402 4287 hominibus
3433 4229 3497 4286 '6.
3540 4231 3686 4288 Nam

2034 4339 2237 4379 revera
2267 4323 2401 4394 plus
2432 4324 2658 4378 confert
2684 4322 2755 4376 ad
2788 4319 3038 4376 senioris
3087 4336 3153 4376 ae
3185 4319 3506 4393 presbyteri
3527 4337 3684 4378 com-

2035 4413 2468 4470 mendationem
2523 4415 2794 4469 senectus
2845 4407 3076 4478 mentis,
3107 4425 3285 4482 quam
3317 4409 3569 4467 crinium
3600 4409 3686 4467 a1-

2036 4501 2162 4558 bor.
2206 4502 2480 4558 Fortasse
2535 4501 2693 4557 enim
2752 4500 2861 4557 hoc
2908 4497 3087 4554 etiam
3136 4499 3338 4557 isthteo
3394 4500 3687 4558 sententia

334 4614 381 4658 ⁸³
405 4614 518 4670 Tit.
554 4633 595 4682 ι,
623 4616 742 4672 6-9.
819 4620 864 4656 ⁸⁴
890 4623 1068 4677 Num.
1100 4639 1178 4690 XI,
1211 4623 1297 4691 16,
1334 4625 1421 4680 17.
1498 4625 1663 4684 Prov.
1694 4645 1788 4695 xx,
1819 4630 1910 4685 29.

2069 4631 2207 4703 Sap.
2241 4647 2318 4702 ιν,
2349 4629 2405 4687 9.

360 4743 429 4798 69
481 4744 544 4800 In
574 4761 718 4801 mss.
755 4748 1058 4804 nonnullis
1087 4750 1140 4806 le
1186 4751 1326 4818 itur,
1352 4751 1380 4806 ὁ
1413 4750 1562 4816 ὅπως
1619 4750 1843 4825 δήποτε.

341 4743 452 4886 (70)
495 4819 634 4886 Reg.
694 4818 944 4886 primus,
992 4762 1359 4886 πρεσξπέρου
1391 4824 1752 4886 ἀνεγκλήτου.
1793 4847 1843 4886 m

361 4815 654 4900 70).I-teg._
694 4818 964 4900 primus,
992 4815 1359 4900 πρεσϐυτέρου
1391 4815 1752 4900 ἀνεγκλήτου,
1793 4847 1918 4898 pre-

266 4887 482 4972 sbyteri
503 4887 935 4972 inculpatizAlii
949 4887 1070 4949 tres
1091 4887 1633 4972 ωρε.,’ἀνέγκλὴτος,
1658 4887 1915 4972 inculpa-

2029 4755 2144 4828 τόν,
2206 4761 2343 4835 quis,
2357 4760 2417 4814 in
2447 4758 2522 4814 εἰς
2551 4757 3035 4835 probus_sit._Sive
3054 4759 3172 4831 τὸν,
3205 4761 3328 4819 sive
3353 4759 3416 4816 τό
3446 4761 3679 4835 legeris,

2036 4837 2174 4903 apta
2202 4837 2259 4888 et
2290 4831 2500 4887 idonea
2529 4832 2821 4888 sententia
2838 4833 3144 4890 efficietur.

2098 4904 2377 4978 (74)_Reg.
2411 4903 2706 4978 secundus
2742 4909 2801 4978 et
2842 4905 2960 4961 duo
2991 4904 3334 4978 Colbertini,
3381 4896 3678 4978 πρεσϐυτιο

267 4964 353 5014 tus
380 4963 474 5045 sit.
510 4959 658 5044 Editi
689 4964 748 5016 et
776 4962 891 5045 duo
923 4980 1093 5045 mss_.,
1137 4959 1512 5042 ἀνεγκλήτως,
1558 4959 1701 5045 citra
1735 4959 1916 5045 aliam

2048 4959 2114 5045 ιῳ’
2133 4959 2354 5045 uelint,”
2385 4975 2623 5045 canities
2650 4976 2836 5044 gloria
2866 4959 3190 5034 estﬁseniori.
3211 4959 3334 5045 Alii
3362 4959 3480 5031 tres
3505 4991 3676 5044 mss.,

263 5030 755 5154 :gpzihensionm.
779 5030 1095 5107 Aliquanto
1107 5030 1409 5111 post'mss.
1435 5030 1727 5114 nonnulli,
1750 5041 1786 5112 ἢ
1815 5043 1912 5119 ὀρ-

2048 5030 3558 5154 ‘?ﬁer‘érz’fmiti‘ﬂii}.igitstrii‘fcs
3573 5030 3676 5154 112‘

263 5098 517 5189 Ὑὶλὲἓῑ..
890 5098 910 5107 ’
1107 5098 1128 5111 ⁵
1463 5098 1497 5099 η
1561 5098 1574 5099 7
1848 5098 1858 5119 ³

2048 5098 2254 5189 ἀει,ῖῆ
2269 5098 2550 5174 "tamen
2581 5098 3291 5188 6fmniii'tueiniéiuﬁoilt,
3312 5098 3672 5188 arma},

2022 5190 2418 5265 edere_libuit.
2454 5191 2601 5265 Nam
2636 5190 3323 5265 praeterquampquodita
3363 5191 3422 5247 in
3455 5193 3675 5248 nostris

2022 5277 2168 5336 mss.
2197 5261 2440 5336 legatur,
2475 5261 2680 5336 eodem
2714 5261 2884 5335 plane
2916 5261 3088 5319 modo
3125 5262 3411 5336 scripsere
3441 5279 3676 5336 quoque

2018 5335 2419 5408 antiquissimi
2450 5339 2570 5390 tres
2619 5333 2986 5407 interpretes,
3017 5333 3257 5407 Aquila,
3285 5333 3670 5408 Symmachus

262 5401 418 5463 mus,
458 5386 568 5452 καί,
602 5386 773 5463 recte:
816 5386 963 5449 Nam
1013 5386 1280 5454 vocul'am
1313 5386 1387 5460 ὦς
1419 5386 1515 5457 hic
1547 5419 1664 5458 non
1695 5386 1909 5459 conve-
2017 5386 2443 5463 ὲῐέιλῦεξῖᾱόῧό.

262 5460 937 5551 οἱςεηρςςερὶουυωηερι.
1090 5539 1128 5551 κ
1618 5539 1639 5551 _

2060 5460 2216 5550 7(775i)'
2236 5460 2415 5551 Regii
2430 5460 2655 5551 primus
2685 5480 2742 5551 et
2765 5480 3034 5551 quartus,
3058 5471 3500 5551 npeoéotspméy,
3531 5476 3666 5533 Alii.

329 5533 729 5626 l7?l9¥9’99°
788 5535 945 5626 99η)-
993 5543 1050 5626 (ξι
1088 5539 1228 5626 Ras:
1264 5545 1560 5626 secundus
1614 5539 1906 5626 διβλρινθοὲ-

2048 5533 2279 5626 uatuor
2298 5533 2451 5626 dies;
2477 5554 2536 5626 et
2556 5548 2719 5626 editi,
2750 5533 3336 5626 1ipsc€un§cdxi._Apud'
3361 5549 3503 5607 LXX
3531 5566 3664 5606 vero

255 5619 362 5703 ἷξεν
390 5603 585 5703 affigi»:
605 5603 739 5703 ξύν,
759 5614 1076 5703 corrupte.
1107 5603 1226 5703 Alii
1259 5620 1400 5703 _tres
1431 5612 1799 5703 mss_.,_atiz6v.
1819 5618 1902 5703 τρ,

2048 5603 2258 5696 ὲέῖίιῖιῖξ
2277 5603 2590 5699 {ageam
2621 5603 2882 5677 honorem
2909 5603 3227 5680 senectutis:

256 5677 389 5748 etc.,
415 5679 550 5752 quid
605 5678 669 5735 in
721 5678 795 5736 iis
846 5677 1088 5752 probum
1133 5686 1226 5745 sit.
1257 5686 1471 5749 Nostra
1507 5677 1708 5762 editio,
1740 5677 1900 5748 αὐτὸν

293 5241 303 5253 .
334 5171 564 5253 (7ᾒ1μιε
593 5190 694 5253 sex
715 5190 884 5247 mss.,
915 5194 1030 5236 non
1063 5197 1235 5239 secus
1262 5200 1328 5240 ac
1359 5188 1551 5242 textus
1583 5202 1767 5243 sacer.
1782 5186 1914 5244 Edi-

262 5238 350 5311 ti,'
379 5238 748 5302 διδασκαλίαν.

331 5313 442 5382 (72)
472 5317 622 5401 Editi
649 5322 711 5401 et
734 5318 996 5401 quinque
1018 5339 1186 5401 mss._,
1219 5325 1342 5401 nul,
1375 5324 1471 5388 ὡς.
1507 5331 1578 5384 At
1596 5328 1756 5385 Colb.
1791 5329 1909 5401 pri-
