4130 6404
371 336 487 398 28⁵1

1305 339 1704 400 ΑΡΡΕΝΒΙΧ
1746 337 2075 402 OPERUM
2119 339 2186 401 8.
2232 339 2521 401 BASILII
2565 337 2842 402 MAGNI.

369 468 496 524 vult
526 486 538 524 :
573 469 611 523 Α
641 471 792 540 [acie
829 473 957 526 cani
985 487 1242 541 exsurge:
1281 480 1332 525 et
1377 472 1668 527 honorabis
1695 473 1897 543 [aciem
1935 487 2019 525 se-

2138 489 2236 523 πον
2269 465 2656 544 πρεσϐυτέρου.
2711 468 2832 522 Ἐὰν
2890 465 2991 541 γὰρ
3050 485 3134 527 τις
3173 467 3230 535 ᾗ,
3291 463 3426 518 κατὰ
3471 461 3562 516 τὸν
3615 462 3780 537 σοφὸν

370 561 546 614 nioris
573 559 638 612 ⁸⁷.
673 559 898 615 Etenim
942 559 990 614 si
1040 560 1194 631 quis,
1236 561 1306 614 ad
1357 559 1690 632 exemplum
1736 559 2022 632 sapientis

371 647 651 716 Danielis,
685 665 922 720 corpore
970 650 1206 719 quidem
1257 649 1490 718 juvenis
1534 650 1631 718 sit,
1663 655 1857 704 mente
1888 665 2019 704 vero

372 753 579 808 canus,
613 737 661 793 is
689 737 895 808 potiori
921 738 1055 807 jure
1087 738 1274 809 pluris
1306 738 1691 794 mstimandus
1723 743 1811 793 est
1843 754 2019 810 quam

374 825 474 898 qui
507 827 766 898 corporis
796 826 1070 882 canitiem
1105 844 1239 882 cum
1281 827 1479 884 animo
1509 828 1742 900 impuro
1770 829 2020 882 circum-

373 915 590 984 ferunt,
623 906 824 986 quales
853 921 1022 971 erant
1053 916 1138 970 illi
1173 917 1488 990 Babylonis
1519 918 1780 973 seniores
1811 917 2021 972 diebus

374 1003 547 1059 malis
575 1004 900 1060 inveterati.
926 1008 1117 1070 Quare
1147 1010 1206 1060 et
1236 1006 1306 1061 ad
1335 1006 1628 1062 Danielem
1663 1022 1796 1061 cum
1827 1005 2020 1061 adhuc

372 1109 520 1165 puer
548 1100 720 1162 esset,
754 1099 811 1148 et
853 1099 1022 1150 aetate
1054 1095 1319 1151 sensibili
1355 1097 1578 1166 junior,
1621 1097 1721 1152 sed
1771 1093 2023 1167 spiritali

372 1181 694 1252 prudentiae
754 1183 968 1238 canitie
1011 1184 1452 1254 cohonestatus,
1503 1186 1723 1240 donum
1787 1183 2024 1240 transiit

371 1270 740 1343 presbyterii.
764 1271 890 1328 Non
921 1273 1078 1328 enim
1111 1275 1548 1330 mentiebantur
1577 1274 1676 1345 qui
1708 1274 2018 1330 dicebant:

373 1359 524 1427 Veni,
579 1364 633 1416 et
686 1361 812 1416 sede
859 1363 920 1416 in
965 1365 1142 1419 medio
1189 1373 1468 1420 nostrum:
1523 1367 1664 1435 quia
1720 1365 1828 1419 ubi
1871 1363 2025 1419 dedit

371 1448 511 1504 Deus
543 1448 806 1506 honorem
851 1454 1183 1525 presbyterii
1205 1454 1268 1506 ⁸⁸.
1302 1455 1470 1508 Hunc
1501 1455 1573 1510 ad
1607 1455 1847 1509 modum
1877 1470 2025 1508 non-

374 1554 682 1610 nunquam
715 1541 1025 1613 contingit,
1056 1547 1121 1597 ut
1161 1543 1408 1613 juvenes
1442 1543 1652 1614 majori
1685 1543 1906 1598 honore
1929 1542 2023 1597 di-

371 1627 613 1698 gniores
641 1629 1016 1686 inveniantur
1045 1648 1220 1703 quam
1255 1633 1536 1702 seniores,
1568 1633 1663 1704 qui
1713 1632 2026 1688 oscitanter

377 1717 753 1790 segniterque
798 1720 976 1776 vitam
1025 1723 1360 1777 traducunt.
1395 1723 1482 1777 llli
1514 1723 1698 1794 igitur
1728 1723 1884 1795 apud
1915 1722 2020 1778 Ju-

2129 559 2356 628 Δανιὴλ,
2381 558 2500 622 νέος
2532 559 2627 632 μὶν
2679 558 2742 612 16
2786 561 2966 630 σῶμα,
3015 555 3213 616 πολιὸς
3246 551 3304 608 δὲ
3355 553 3452 620 τὴν
3495 550 3782 629 φρόνησιν,

2130 645 2467 724 δικαιότερος
2516 653 2884 721 προτιμᾶσθαι
2940 650 3049 700 τῶν
3079 644 3174 705 τὰς
3209 641 3524 716 σωματικὰς
3576 637 3783 700 πολιὰς

2130 735 2180 792 έν
2213 736 2500 810 ἀκολάστῳ
2529 741 2597 811 τῇ
2656 735 2969 810 προαιρέσει
3027 735 3431 812 προφερόντων,
3480 730 3617 784 κατὰ
3657 726 3787 788 τοὺς

2131 825 2218 882 ἐπὶ
2247 834 2349 896 τῆς
2400 821 2755 887 Βαϐυλωνίας
2813 819 3235 900 πρεσϐυτέρους,
3286 820 3414 883 τοὺς
3461 816 3783 874 πεπαλαιω-

2134 915 2329 988 μένους
2402 919 2626 992 ἡμερῶν
2711 919 2914 971 κακῶν.
2978 914 3071 968 Διὸ
3153 911 3244 967 καὶ
3300 909 3388 965 ἐπὶ
3434 908 3527 964 τὸν
3575 904 3783 976 Δανιὴλ

2129 1005 2415 1081 παιδάριον
2477 1002 2626 1068 ὄντα,
2685 1004 2775 1060 καὶ
2827 1004 3090 1076 νεώτερον
3158 1001 3296 1056 κατὰ
3359 1000 3460 1068 τὴν
3519 996 3783 1067 αἰσθητὴν

2129 1094 2404 1164 ἠλοικίαν,
2436 1095 2534 1163 τήν
2597 1091 2654 1149 δὲ
2683 1095 2886 1164 νοητὴν
2939 1090 3136 1147 πολιὰν
3185 1089 3272 1145 ἐπὶ
3320 1095 3422 1157 τῆς
3466 1089 3788 1163 φρονήσεως

2130 1177 2349 1258 ἔχοντα,
2409 1183 2647 1257 μετῆλθε
2697 1188 2794 1238 τοῦ
2851 1175 3241 1256 πρεσϐυτερίου
3297 1179 3360 1234 τὸ
3405 1177 3671 1252 χάρισμα.
3706 1175 3787 1232 Οὔ

2131 1274 2234 1349 γὰρ
2305 1271 2599 1347 ἐψεύδοντο
2676 1272 2949 1346 λέγοντες·
3025 1275 3214 1344 Δεῦρο,
3292 1267 3382 1323 καὶ
3456 1268 3674 1321 κάθισον
3735 1264 3789 1319 έν

2136 1363 2282 1436 μέσῷ
2340 1366 2502 1434 ἡμῶν
2553 1364 2635 1417 ὅτι
2695 1383 2778 1416 σοι
2841 1356 3038 1416 ἔδωκεν
3101 1359 3129 1412 6
3184 1359 3314 1421 Θεὸς
3382 1356 3445 1412 τὸ
3498 1349 3788 1429 πρεσϐυτέ-

2133 1473 2271 1528 ριον.
2327 1453 2518 1515 Οὕτως
2570 1448 2849 1528 ἐνδέχεταί
2907 1470 3060 1520 ποτε,
3113 1443 3491 1524 πρεσϐυτέρων
3529 1444 3786 1522 ῥᾳθύμως

2131 1542 2221 1597 καὶ
2247 1541 2620 1614 ἠμελημένως
2675 1540 2938 1617 βιούντων
2971 1537 3406 1615 προτιμοτέρους
3446 1533 3786 1608 εὑρίσκεσθαι

2131 1634 2305 1694 νέους.
2338 1628 2700 1704 ψευδώνυμοι
2729 1630 2904 1685 τοίνυν
2953 1631 3005 1684 οἱ
3053 1629 3202 1703 παρὰ
3233 1623 3520 1688 Ἰουδαίοις
3549 1617 3787 1699 πρεσϐύ-

2131 1742 2302 1798 τεροι.
2337 1718 2562 1798 Ἀφεῖλε
2597 1721 2700 1795 γὰρ
2751 1721 2779 1774 6
2825 1721 2977 1787 Θεὸς,
3029 1718 3104 1780 ὡς
3149 1714 3493 1789 πολεμιστὴν
3526 1713 3616 1768 καὶ
3648 1732 3786 1787 προο

375 1806 530 1862 daeos
579 1809 840 1865 seniores
897 1811 1177 1867 ementito
1230 1811 1468 1868 nomine
1511 1812 1596 1868 sic
1643 1813 2022 1868 vocabantur.

388 1895 631 1917 LL_1__ISL
679 1898 817 1917 __:___
861 1899 930 1917 n,
1115 1905 1126 1917 ι
1165 1901 1177 1917 1
1240 1900 1275 1917 'I‘I
1326 1907 1335 1917 ι
1600 1905 1609 1917 ι
1798 1901 1810 1917 I
1877 1905 1888 1917 ι

2138 1812 2336 1885 φήτην,
2397 1809 2539 1864 οὕτω
2591 1809 2680 1863 καὶ
2739 1803 3102 1882 πρεσϐύτερον
3159 1805 3266 1860 ἀπὸ
3335 1807 3435 1858 τοῦ
3492 1800 3630 1858 λαοῦ
3687 1801 3791 1856 αύ-

2167 1904 2191 1914 υ
2272 1903 2376 1917 ιηηι
2439 1900 2504 1917 ιπῖ
2546 1895 2587 1917 Μ
2656 1899 2710 1917 ,Π
2788 1896 2808 1917 Ἴ
2907 1896 2918 1916 Ι
3037 1893 3124 1917 ἐνι
3167 1897 3193 1917 ἢ
3306 1895 3372 1917 ,,,\
3437 1893 3784 1917 3.--“--_A:_..._

373 1895 635 1951 Abstulit
672 1898 825 1952 enim
859 1899 1034 1969 Deus,
1070 1905 1135 1955 ut
1164 1900 1507 1957 bellatorem
1561 1905 1618 1956 et
1649 1901 2016 1973 prophetam,

373 1986 456 2040 ita
476 1991 533 2040 et
577 1986 864 2042 seniorem
905 2006 938 2043 a
975 1990 1312 2046 Judworum
1364 1989 1602 2062 populo.
1635 1994 1771 2046 Oret
1820 1995 2018 2046 autem

372 2075 647 2144 Ecclesia,
682 2092 754 2131 ne
785 2094 813 2132 ο
876 2094 938 2133 se
996 2080 1298 2135 auferatur
1355 2081 1658 2152 presbyter
1706 2097 1772 2135 ac
1803 2080 2018 2150 senior,

372 2163 472 2234 qui
504 2163 614 2220 hoc
635 2165 850 2238 dignus
873 2167 949 2221 sit
969 2170 1224 2225 nomine.
1259 2169 1321 2224 Id
1352 2174 1549 2225 autem
1585 2171 1791 2240 quanti
1821 2168 1900 2224 sit
1930 2169 2018 2224 fa-

371 2253 647 2309 ciendum
699 2255 1017 2313 didicimus
1056 2258 1114 2313 in
1159 2259 1512 2316 Abrahamo.
1547 2260 1691 2314 Nam
1735 2259 1796 2314 in
1842 2275 2016 2330 supe-

373 2341 629 2398 rioribus
681 2347 1158 2415 generationibus
1206 2353 1630 2404 enumerantur
1677 2348 1872 2418 multi,
1916 2349 2017 2419 qui

372 2429 693 2498 longiorem
741 2450 918 2506 quam
960 2435 1088 2509 ipse
1131 2437 1311 2492 vitam
1360 2443 1624 2512 egerunt.
1658 2437 1812 2493 Vixit
1859 2437 2017 2492 enim

371 2519 558 2575 Adam
591 2524 900 2594 nongentis
926 2529 983 2580 et
1001 2526 1246 2598 triginta
1266 2528 1439 2584 annis
1463 2545 1476 2584 :
1510 2527 1841 2584 Mathusala
1871 2543 2019 2584 non-

376 2608 570 2680 gentis
601 2614 659 2664 et
688 2613 1067 2686 septuaginta
1114 2616 1286 2672 annis
1314 2617 1475 2687 vixit,
1506 2622 1562 2674 et
1593 2622 1861 2673 mortuus
1892 2621 2016 2672 est:

373 2697 521 2752 vixit
550 2698 668 2756 Noe
725 2704 1039 2774 nongentis
1068 2706 1279 2774 annis;
1326 2712 1522 2763 tamen
1581 2723 1752 2763 nemo
1784 2706 2019 2762 illorum

378 2786 594 2842 senior.
629 2791 702 2844 At
720 2790 1013 2848 Abraham
1045 2794 1158 2850 fuit
1205 2797 1401 2851 senior
1441 2797 1626 2852 Sarrae
1659 2795 2021 2864 testimonio,

379 2891 507 2946 quae
540 2876 714 2933 dicit:
749 2881 1002 2938 Nondum
1030 2886 1250 2955 quidem
1279 2886 1428 2941 mihi
1454 2888 1687 2956 conligit
1726 2887 2020 2942 hactenus:

371 2964 632 3022 dominus
659 2975 844 3026 autem
892 2989 1045 3028 meus
1072 2977 1259 3030 ,ςθηίον
1286 2975 1350 3029 ευ.
1385 2976 1522 3031 Erat
1575 2981 1772 3031 autem
1806 2975 2020 3044 senior,

377 3056 531 3126 quod
564 3057 752 3114 virtus
782 3060 1048 3118 animum
1079 3063 1268 3136 ipsius
1297 3065 1512 3120 canitie
1543 3069 1869 3120 ornaverat.

447 3145 570 3200 105.
619 3146 795 3205 Vsus.
844 3150 898 3205 3.
945 3153 1010 3207 Et
1040 3154 1348 3224 principem
1395 3171 1560 3226 super
1589 3156 2017 3227 quinquaginta.

2126 1904 2234 1953 τῶν
2269 1903 2403 1972 (76).
2439 1900 2506 1955 ‘H
2543 1895 2599 1952 δί
2656 1896 2952 1966 Ἐκκλησία
3001 1893 3265 1970 εὐχέσθω,
3303 1895 3377 1966 μὴ
3431 1893 3788 1968 ἀφαιρεθῆναι

2127 1988 2294 2054 αὐτῆς
2327 1983 2716 2064 πρεσϐύτερον,
2741 1989 2831 2042 τὸν
2888 1994 2987 2055 τῆς
3038 1984 3409 2062 προσηγορίας
3461 1982 3605 2052 ἄξιον
3657 1979 3788 2036 ταύ-

2126 2100 2248 2149 της.
2280 2080 2455 2134 Τοῦτο
2496 2075 2554 2132 δὲ
2582 2076 2779 2146 ἡλίκον
2812 2075 2976 2148 έστίν,
3021 2075 3107 2130 ἐπὶ
3161 2078 3258 2128 τοῦ
3308 2067 3562 2145 Ἀϐραὰμ
3615 2090 3789 2143 μεμα-

2131 2171 2393 2241 θήκαμεν·
2423 2166 2506 2222 ὅτι
2551 2158 3062 2242 πολυχρονιώτεροι
3100 2163 3193 2238 μὶν
3228 2162 3392 2217 αὐτοῦ
3422 2158 3628 2216 πολλοὶ
3659 2180 3787 2214 κατ-

2127 2256 2455 2331 ηρίθμηνται
2511 2256 2564 2312 έν
2622 2261 2741 2318 ταῖς
2801 2253 2912 2310 ἅνω
2967 2257 3196 2331 γενεαῖς·
3266 2248 3425 2323 ἔζησε
3499 2247 3558 2305 δὲ
3606 2247 3784 2320 ’Δδὰμ

2129 2345 2436 2401 έννεακόσια
2465 2347 2554 2401 καὶ
2583 2345 2878 2400 τπιάιιοντα
2927 2341 3043 2413 ἔτη,
3096 2343 3186 2398 καὶ
3244 2339 3403 2412 ἔζησε
3446 2337 3776 2397 Μαθουσάλα

2127 2435 2434 2491 ἐννεακόσια
2493 2435 2584 2491 καὶ
2637 2431 3020 2508 ἑϐδομήκοντα
3069 2428 3187 2504 ἔτη,
3233 2432 3323 2486 καὶ
3381 2429 3627 2501 ἀηέθανε·
3682 2427 3768 2483 καὶ

2128 2524 2286 2596 ἔζησε
2317 2531 2437 2581 Νῶε
2487 2525 2796 2582 έννεακόσια
2843 2523 2960 2596 ἔτη·
3018 2524 3109 2578 καὶ
3156 2515 3520 2598 πρεσϐύτερος
3559 2517 3770 2574 ἐκείνων

2128 2613 2329 2678 οὐδείς.
2373 2615 2532 2672 Ἀλλ’
2589 2610 2843 2690 ’Δϐραᾶμ
2891 2607 3254 2690 πρεσϐύτερος
3303 2610 3440 2665 κατὰ
3487 2609 3587 2678 τὴν
3639 2627 3778 2680 μαρ-

2126 2707 2316 2782 τυρίαν
2374 2705 2604 2783 Σάῥρας,
2665 2703 2952 2780 λεγούσης·
3012 2699 3182 2760 Οὔπω
3244 2699 3335 2773 μέν
3414 2720 3509 2773 μοι
3558 2696 3778 2774 γέγονεν

2127 2792 2232 2857 ἓως
2273 2800 2368 2849 τοῦ
2424 2799 2535 2849 νῦν·
2592 2815 2620 2848 ο
2679 2791 2737 2848 δὲ
2792 2793 2978 2869 κύριός
3036 2813 3140 2866 μου
3198 2784 3584 2866 πρεσϐύτερος.
3644 2792 3782 2861 Πρε-

2131 2879 2392 2961 σϐύτερος
2417 2881 2476 2938 δὶ
2503 2885 2568 2952 ἦν
2604 2879 2693 2938 διὰ
2749 2884 2846 2952 τήν
2902 2879 3255 2936 πολιώσασαν
3315 2879 3480 2934 αὐτοῦ
3523 2877 3622 2945 τήν
3672 2879 3778 2950 ψυ-

2130 2975 2240 3048 χὴν
2271 2977 2383 3049 (77)
2412 2974 2629 3050 ἀρετήν.

2202 3155 2325 3210 105.
2430 3151 2529 3206 Καὶ
2621 3149 3119 3225 πεντηκόνταρχον.
3213 3147 3557 3224 Ἀφαιρήσειν
3645 3143 3784 3218 μετὰ

374 3235 798 3294 Interminatur
835 3239 1119 3297 Dominus
1148 3244 1466 3299 exercitum
1515 3245 1854 3300 ablaturum
1888 3261 1950 3300 se
1987 3259 2022 3298 α

2138 3249 2240 3300 τῶν
2273 3241 2485 3297 λοιπῶν
2528 3242 2745 3297 ἀπειλεῖ
2800 3240 2995 3316 Κύριος
3051 3233 3280 3294 Σαϐαὼθ
3336 3237 3426 3292 καὶ
3481 3234 3786 3305 πεντηκόν-

375 3324 531 3380 452
559 3327 780 3384 Judeis
805 3346 940 3385 cum
972 3331 1215 3404 reliquis
1254 3334 1426 3388 etiam
1471 3334 1795 3406 principem
1845 3350 2022 3406 super

378 3414 830 3488 quinquaginta.
864 3422 988 3486 Qua
1009 3422 1080 3476 de
1101 3439 1280 3478 causa
1311 3423 1419 3478 hoc
1453 3423 1642 3479 dicit?
1665 3423 1827 3488 Quod
1862 3423 2020 3480 ordi-

377 3508 574 3560 natam
595 3522 828 3564 omnem
843 3525 1044 3564 eorum
1062 3511 1545 3584 gubernationem
1565 3512 2023 3568 administratio-

375 3608 648 3665 nemque,
683 3601 802 3652 toto
835 3615 939 3670 per
987 3605 1212 3671 partem
1245 3601 1574 3674 designato,
1626 3603 1902 3658 confundi
1955 3617 2022 3656 ac

373 3685 716 3754 permisceri
738 3690 913 3744 sinat.
937 3689 1165 3746 Etenim
1189 3690 1261 3746 de
1283 3691 1529 3747 consilio
1558 3692 1768 3748 Jothor
1784 3693 1850 3762 9°,
1872 3697 2025 3763 Moy-

375 3789 468 3828 ses
489 3773 778 3847 tribunos,
803 3778 1500 3853 centuriones,principes
1524 3799 1701 3854 super
1721 3782 2023 3854 quinqua-

376 3861 540 3934 ginta
559 3870 617 3919 et
638 3865 981 3923 decuriones
1012 3871 1412 3940 constituit,ut
1435 3871 1545 3943 ipsi
1570 3873 1799 3943 pondus
1822 3871 2024 3944 populi

376 3952 758 4024 sustinerent,
785 3956 1130 4030 minoraque
1151 3959 1455 4029 judiciain
1489 3976 1551 4014 se
1580 3961 1904 4031 reciperent
1927 3978 2022 4017 eo-

377 4057 532 4112 rum,
557 4044 771 4114 quibus
792 4063 939 4119 opus
962 4049 1376 4120 essetjudicio.
1401 4049 1660 4105 Minatur
1679 4052 1822 4120 fore,
1843 4056 1907 4106 ut
1935 4068 2025 4107 or-

376 4130 449 4186 do
475 4130 573 4188 ille
595 4150 660 4189 ac
689 4139 879 4192 status
909 4138 992 4193 eis
1024 4137 1721 4212 auferatur.Quapropter
1749 4141 2023 4196 intermi-

375 4224 551 4277 natur
585 4223 908 4298 principem
955 4243 1133 4298 super
1162 4227 1610 4300 quinquaginta,
1658 4229 2020 4302 bellatorem,

365 4309 650 4384 judicem,
683 4316 1097 4386 conjectorem,
1142 4318 1488 4389 prophetam
1521 4335 1586 4374 ac
1627 4321 1917 4376 seniorem
1949 4321 2021 4376 ab

375 4398 458 4454 eis
505 4400 769 4459 ablatum
823 4405 915 4460 iri.

449 4488 572 4546 106.
597 4491 660 4547 Et
688 4493 1082 4552 admirabilem
1113 4497 1522 4554 consiliarium.
1547 4498 1871 4556 Consilium
1905 4518 2022 4557 non

2129 3352 2334 3409 ταρχον
2370 3334 2482 3406 (78)
2536 3336 2644 3386 τῶν
2695 3326 2996 3387 Ἰουδαίων.
3049 3329 3117 3386 Τί
3168 3331 3330 3382 τοῦτο
3390 3324 3604 3399 λέγων;
3662 3325 3784 3377 Ὅτι

2129 3429 2301 3477 πᾶσαν
2355 3422 2456 3490 τήν
2529 3419 2781 3476 εὔτακτον
2836 3418 2960 3494 περὶ
3037 3416 3232 3479 αὐτοὺς
3317 3413 3634 3487 οἰκονομίαν
3691 3411 3784 3467 καὶ

2133 3509 2410 3579 διοίκησιν
2443 3509 2634 3576 ἀφίησι
2665 3510 3026 3584 συγχυθῆναι,
3051 3507 3156 3562 ἀπὸ
3192 3504 3390 3581 μέρους
3438 3504 3500 3559 τὸ
3539 3501 3670 3558 ὅλον
3697 3498 3784 3556 λέ-

2129 3622 2262 3676 γων.
2295 3598 2616 3675 Χιλιάρχων
2674 3600 2776 3674 γὰρ
2832 3599 2923 3652 καὶ
2983 3595 3396 3671 έκατοντάρχων
3444 3592 3534 3648 καὶ
3584 3611 3777 3660 πεντη-

2130 3691 2450 3766 κοντάρχων
2523 3688 2613 3743 καὶ
2689 3686 2996 3764 δεκάρχων,
3075 3685 3212 3742 κατᾶ
3283 3685 3384 3754 τήν
3459 3676 3780 3766 συμϐουλὴν

2132 3764 2346 3854 Ἰοθὼρ,
2410 3779 2513 3834 ὑπὸ
2584 3777 2858 3841 Μωυσέως
2934 3775 3335 3832 καταστάντων·
3394 3772 3532 3828 ὥστε
3591 3764 3784 3824 διαϐα-

2132 3871 2340 3938 στάζειν
2372 3868 2566 3932 αὐτοὺς
2613 3867 2704 3922 τὸν
2752 3865 2909 3938 λαὸν,
2935 3866 3025 3921 καὶ
3083 3865 3151 3920 τὰ
3175 3862 3380 3933 ἥσσονα
3409 3861 3646 3938 κρίματα
3673 3862 3786 3914 τῶν

2132 3955 2400 4033 δεομένων
2432 3956 2662 4034 κρίσεως
2714 3956 2795 4035 ἐφ’
2855 3954 3079 4016 ἑαυτοὺς
3136 3950 3513 4028 ἀναδέχεσθαι,
3562 3952 3597 4020 ἡ
3638 3950 3789 4004 ἀπει-

2131 4047 2204 4118 λὴ
2251 4051 2435 4112 αὐτοῖς
2495 4048 2627 4118 ἐστι,
2685 4050 2785 4118 τὴν
2852 4044 3213 4120 διακόσμησιν
3280 4043 3484 4114 ταύτην
3559 4043 3790 4120 ἀφαιρε-

2131 4141 2406 4211 θήσεσθαι.
2442 4138 2542 4194 Διὰ
2593 4142 2757 4192 τοῦτο
2813 4136 3266 4215 ἀφαιρεθήσεσθαι
3324 4134 3500 4188 αὐτῶν
3549 4130 3636 4188 καί
3667 4151 3793 4185 πεν-

2130 4229 2503 4305 τηκόνταρχον
2557 4226 2794 4283 ἀπειλεῖ·
2852 4225 3221 4300 πολεμιστὴν,
3251 4222 3340 4279 καὶ
3385 4221 3665 4291 δικαστήν,
3695 4219 3791 4274 καὶ

2130 4318 2462 4396 στοχαστήν,
2487 4315 2578 4373 καὶ
2612 4319 2900 4396 προφήτην
2929 4315 3019 4372 καὶ
3050 4309 3412 4392 πρεσϐύτερον
3445 4315 3580 4387 (³79).

2207 4501 2330 4556 106.
2366 4495 2464 4552 Καὶ
2497 4496 2805 4570 θαυμαστὸν
2838 4489 3176 4568 σύμϐουλον.
3211 4490 3361 4549 Πολὺ
3407 4491 3472 4547 16
3493 4489 3788 4566 ἇναγκαιον

375 4593 585 4649 parum
610 4581 778 4638 aii‘ert
807 4584 1080 4641 utilitatis
1102 4603 1167 4642 ac
1199 4586 1582 4643 emolumenti
1604 4590 1676 4644 ad
1707 4589 1886 4646 vitam
1911 4591 2022 4647 ho-

2138 4589 2220 4646 καὶ
2249 4589 2527 4664 χρήσιμον
2571 4584 2630 4641 ἰκ
2657 4593 2759 4657 τῆς
2807 4580 3131 4659 συμϐουλῆς
3153 4588 3233 4656 τῷ
3267 4584 3373 4659 βίῳ
3403 4586 3512 4637 τῶν
3688 4579 3788 4634 ἀν-

377 4665 605 4724 minum
636 4669 1084 4744 instituendam,
1107 4676 1260 4748 quod
1286 4693 1458 4733 nemo
1493 4693 1648 4734 unus
1680 4678 1758 4734 sit
1787 4681 1901 4736 sibi
1931 4699 2026 4738 sa-

371 4754 450 4812 tis
481 4757 554 4812 ad
585 4760 785 4817 omnia
813 4764 1188 4836 perficienda,
1213 4765 1315 4821 sed
1349 4766 1420 4822 ad
1446 4782 1513 4822 ea
1535 4783 1664 4839 quae
1686 4769 2027 4827 conducibi-

2137 4679 2396 4753 θρώπων,
2455 4672 2543 4729 διὰ
2595 4675 2658 4730 τὸ
2715 4669 2808 4729 ἕνα
2870 4670 3078 4748 μηδένα
3133 4673 3308 4744 έαυτῷ
3368 4671 3606 4747 ἐξαρκεῖν
3647 4668 3788 4745 πρὸς

2136 4767 2327 4836 πάντα,
2361 4763 2507 4821 ἀλλὰ
2564 4760 2769 4819 δεῖσθαι
2827 4768 3102 4820 κοινωνῶν
3153 4759 3320 4818 πλέον
3366 4761 3502 4816 κατὰ
3547 4760 3646 4829 τὴν
3677 4761 3788 4812 τῶν

443 4925 486 4964 ⁸⁷
517 4923 692 4984 Levit.
714 4941 831 4998 xix,
864 4927 956 4986 32.
1033 4931 1078 4972 '8
1106 4932 1251 4984 Dan.
1283 4945 1407 5019 mi,
1430 4928 1523 4988 50.
1600 4928 1646 4968 ⁸³
1672 4934 1812 4990 Gen.
1845 4949 2005 5004 xvm,
2031 4933 2118 4992 12.
2193 4941 2238 4977 οο
2259 4930 2438 4988 Exod.
2469 4945 2630 5003 xvm,
2665 4929 2726 4986 2i
2747 4971 2761 4985 .

449 5108 734 5186 (76)_Reg.
774 5115 1068 5171 secundus
1129 5118 1186 5170 ct
1237 5119 1494 5185 uterque
1545 5113 1733 5185 Colb.,
1765 5112 1902 5171 λαοῦ
1949 5115 2044 5172 αύ-

2227 5115 2341 5187 (79)
2363 5114 2475 5170 Alii
2501 5131 2645 5174 mss.
2669 5113 2910 5183 habent,
2934 5102 3264 5183 πρεσϐύτην.
3287 5107 3404 5166 Alii
3431 5123 3568 5166 cum
3598 5108 3799 5184 editis,

371 5182 592 5262 1oB,_ab
623 5182 738 5256 ipso
759 5189 977 5260 papula.
1019 5182 1466 5262 Animadvertas
1534 5182 1729 5262 velim'
1749 5205 1877 5261 quis
1908 5207 2022 5247 mo:

2149 5182 2538 5262 πρὲσόὗῖερργ·

376 5258 582 5310 auctor
601 5263 799 5313 narrat
827 5258 898 5316 de
928 5260 1101 5315 annis
1133 5258 1470 5314 Mathusala
1499 5263 1557 5314 et
1600 5260 1670 5315 de
1699 5258 1864 5318 aetate
1893 5265 2035 5330 Noe,

376 5344 445 5382 ea
475 5344 589 5409 non
621 5330 858 5409 omnino
889 5332 1222 5388 consentire
1261 5347 1455 5403 neque
1485 5347 1620 5387 cum
1645 5332 1796 5402 LXX,
1849 5351 2036 5409 neque

376 5415 510 5474 curn
542 5400 812 5474 vulgata.

447 5472 561 5545 (77)_
591 5471 686 5528 Sic
716 5475 875 5530 editi.
911 5478 979 5529 At
1008 5492 1108 5530 sex
1138 5474 1326 5531 nostri
1361 5491 1526 5543 mss.,
1563 5471 1654 5529 διὰ
1681 5477 1779 5545 τὴν
1812 5474 2029 5531 πολιῶ-

378 5542 701 5622 “evasisse;
727 5552 828 5622 ﬁ:
859 5548 1069 5622 ψυχῆς-

448 5615 559 5696 (7_8)
594 5615 912 5696 Illud,_xai
939 5615 1460 5696 πεντηκόνταρχον,
1508 5619 1776 5680 additum
1825 5625 1915 5682 est
1961 5639 2030 5680 ex

377 5691 630 5758 quatuor
667 5689 836 5748 libris
888 5692 1206 5751 veteribus.

2222 5260 2335 5331 (80)
2365 5250 2539 5334 Editi,
2570 5263 2650 5332 τῷ
2681 5256 2782 5334 βίῳ
2803 5259 2882 5334 Erg
2908 5257 3049 5334 τῶν..
3063 5256 3137 5309 At
3158 5267 3326 5334 mss.,
3364 5250 3468 5334 βιερ
3496 5256 3628 5334 τῶν.
3653 5255 3798 5334 §ta~

2145 5322 2253 5387 tim
2297 5322 2560 5403 quinque
2603 5322 2894 5403 magna:
2937 5322 3119 5403 ﬁlivs
3171 5322 3623 5403 μειβ-ἑαυτῷ.
3653 5327 3797 5403 Heg.

2146 5344 2253 5387 nm
2297 5348 2560 5403 qumun
2603 5350 2772 5391 mss.,
2804 5344 2894 5382 σια
2937 5344 3001 5380 10
3027 5344 3119 5379 ενα
3171 5344 3374 5450 Suom:
3424 5344 3618 5396 εαυτῳ.
3653 5344 3794 5399 neg.

2146 5410 2413 5474 quartus,
2456 5401 2546 5458 διὰ
2591 5403 2654 5458 τὸ
2689 5398 2913 5476 μηδένα.
2949 5399 3121 5463 Editi,
3186 5396 3262 5476 Διὰ
3291 5398 3351 5450 16
3379 5395 3794 5476 Eva‘unStsau—

2141 5467 2240 5545 σίῷο
2277 5477 2374 5531 ubi
2401 5467 2518 5533 'boc
2553 5467 2900 5552 solumivitii.
2915 5478 3029 5552 est;
3048 5471 3216 5552 quod
3238 5479 3368 5552 post
3392 5467 3533 5542 μηδέ
3564 5467 3795 5552 syllaba

2141 5543 2206 5636 να
2242 5551 2623 5636 typographis
2653 5545 2951 5636 exciderit.
2967 5544 3279 5636 _Subinde_
3296 5543 3794 5636 Eeg:'_se_cundqs

2139 5625 2199 5677 et
2227 5612 2343 5678 dhb
2373 5612 2716 5692 Golbertini,
2759 5619 3038 5676 κοινωνῶν
3067 5612 3136 5670 π)
3151 5612 3662 5688 ειόνων,’ριιινίὺιιε
3690 5617 3794 5674 ad-

2134 5692 2430 5766 iutoribus.
