4130 6378
1134 378 1545 444 ΟΟΜΜΕΝΤ.
1589 377 1672 440 ΙΝ
1714 375 1991 438 lSAlAM
2041 375 2551 439 PROPHETAM.
2596 379 2766 440 οΑΡ.
2814 377 2924 439 III.

3619 384 3740 444 εθο

321 518 710 596 συμφερόντων
765 511 1029 591 ἐκλογὴν,
1084 512 1122 583 ἢ
1173 511 1310 568 κατά
1374 512 1471 596 τὰς
1549 506 1826 596 ἐνεργείας
1874 509 1970 572 τὰς

2107 509 2164 566 ia
2190 512 2334 566 sunt
2352 509 2622 583 eligenda
2641 511 2830 584 magis
2851 510 3225 582 adjutoribus
3245 512 3526 586 indigeat,
3552 530 3734 588 quam

323 595 664 682 σωματικάς.
721 607 883 660 ’Ὥστε
943 596 1392 677 ἀσυμϐούλευτυς
1436 595 1724 676 ἄνθρωπος
1774 595 1972 652 πλοῖόν

324 697 463 754 ἐστιν
519 691 910 770 ἀκυϐέρνητον,
943 694 1018 755 ὡς
1071 688 1232 767 ἔτυχε
1277 696 1397 755 ταῖς
1449 694 1641 767 φοραῖς
1680 692 1788 742 τῶν
1816 708 1975 742 πνευ-

331 789 512 862 μάτων
547 782 929 856 έκδεδομένον.
963 781 1028 838 Εἰ
1077 781 1260 836 τοίνυν
1295 779 1346 834 έν
1395 783 1514 841 ταῖς
1545 779 1669 854 περὶ
1727 781 1832 832 τῶν
1880 799 1979 832 τυ-

324 877 539 953 χόντων
615 873 830 946 σκέψεσι
911 865 1256 943 συμϐούλους
1312 863 1810 944 παραλαμϐάνομεν
1869 869 1978 940 (81)

329 967 453 1022 ὅταν
515 965 646 1039 ὑπὶρ
695 963 879 1036 ψυχῆς
936 959 1024 1015 καὶ
1083 963 1189 1014 τῶν
1251 956 1614 1036 διαφερόντων
1657 956 1790 1026 αὐτῆ
1847 957 1978 1030 βου-

331 1054 639 1127 λευώμεθα,
689 1055 807 1111 πῶς
858 1048 989 1124 οὐχὶ
1047 1047 1172 1109 τοὺς
1232 1045 1575 1120 θαυμαστοὺς
1630 1040 1978 1119 συμϐούλους

331 1141 679 1214 ἐπιζητητέον
725 1142 901 1212 ἡμῖν;
955 1135 1212 1194 Ἰουδαῖοι
1236 1137 1415 1192 τοίνυν
1479 1137 1567 1214 ἀφ’
1617 1133 1679 1190 οῦ
1707 1136 1770 1189 τὸ
1801 1155 1977 1203 πονη-

331 1233 426 1310 ρὸν
483 1226 817 1305 συμϐούλιον
853 1227 1182 1298 ἐποιήσαντο
1212 1227 1274 1282 τὸ
1305 1231 1424 1290 πῶς
1449 1222 1835 1302 παραδώσουσι
1867 1225 1980 1298 (82)

323 1322 417 1376 τὸν
450 1319 676 1395 Κύριον,
732 1315 951 1396 ἀφεῖλεν
997 1316 1171 1371 αὐτῶν
1212 1317 1240 1372 6
1292 1315 1487 1390 Κύριος
1517 1316 1610 1370 τὸν
1671 1314 1978 1386 θαυμαστὸν

326 1404 668 1483 σύμϐουλον,
726 1406 789 1462 οῦ
846 1407 944 1470 τὰς
1002 1407 1094 1478 μὲν
1156 1401 1474 1479 συμϐουλὰς
1499 1402 1823 1478 ἐθαύμαζον·
1866 1402 1982 1473 Ἐξ-

327 1497 668 1570 επλήσσοντο
698 1497 797 1572 γὰρ
829 1494 916 1550 έπὶ
971 1499 1042 1569 τῇ
1077 1492 1280 1570 διδαχῇ
1341 1492 1526 1549 αὐτοῦ·
1587 1497 1706 1554 ταῖς
1759 1490 1816 1546 δὲ
1845 1511 1982 1567 παρ-

328 1589 590 1644 αινέσεσιν
651 1585 712 1641 οὐ
759 1589 1079 1661 προσεῖχον.
1138 1588 1266 1648 Πῶς
1323 1581 1381 1639 δὲ
1411 1582 1474 1638 οὐ
1507 1581 1816 1656 θαυμαστὸς
1845 1581 1981 1654 σύμ-

330 1673 560 1746 ϐουλος,
611 1676 638 1730 6
695 1674 808 1730 ἀντὶ
860 1678 979 1743 τοῦ,
1055 1672 1373 1748 Ὀφθαλμὸν
1433 1670 1548 1727 ἀντὶ
1609 1673 1720 1745 (83)
1778 1669 1984 1748 ὀφθαλ-

335 1771 460 1844 μοῦ,
517 1759 932 1839 συμϐουλεύων,
960 1767 1041 1836 τῷ
1074 1761 1352 1838 ῥαπίζοντι
1401 1762 1498 1829 τὴν
1533 1757 1706 1830 δεξιὰν
1738 1760 1982 1835 σιαγόνα,

331 1856 573 1934 στρέφειν
608 1854 755 1928 αὐτῷ
784 1853 874 1945 καὶ
905 1853 1004 1922 τὴν
1035 1849 1234 1921 ἄλλην·
1274 1851 1369 1945 μή-
1402 1849 1727 1945 ὀργίζεσθαι,
1872 1851 1984 1945 (84.)
2015 1880 2062 1945 Β

327 1945 654 2016 δικάζεσθαι,
712 1945 788 2016 μὴ
832 1941 1115 2014 ἐπιθυμεῖν
1160 1944 1270 1996 τῶν
1319 1938 1590 2015 αῗσχρῶν,
1646 1937 1842 2014 έχθρὸν
1907 1937 1983 2011 μὴ

331 2039 606 2112 ἡγεῖσθαι,
654 2030 782 2088 ἀλλ’
833 2031 1038 2107 ἀγαπᾷν
1070 2027 1198 2092 τοὺς
1255 2032 1569 2102 μισοῦντας,
1605 2029 1680 2100 μὴ
1720 2032 1984 2103 μεριμνᾷν

323 2123 448 2201 περὶ
501 2127 606 2178 τῶν
658 2123 928 2199 φθαρτῶν
985 2119 1061 2192 μή
1114 2116 1530 2189 μετεωρίζεσθαι
1574 2117 1673 2186 τήν
1720 2114 1983 2187 διάνοιαν,

333 2217 407 2288 μῆ
443 2217 622 2283 ζητεῖν
669 2211 816 2286 παρὰ
860 2212 994 2264 Θεοῦ
1034 2209 1102 2262 τὰ
1153 2206 1338 2282 μικρά·
1374 2205 1426 2261 ἐν
1461 2205 1674 2282 οὐρανῷ
1704 2206 1802 2276 τήν
1850 2226 1988 2281 καρ-

333 2301 448 2358 δίαν
509 2298 676 2378 ἓχειν,
743 2299 854 2354 ἐκεῖ
914 2297 1265 2372 μετατιθέντα
1309 2295 1457 2360 τοὺς,
1485 2295 1810 2370 θησαυροὺς,
1869 2299 1986 2367 Θεῷ

335 2411 587 2458 συνειναι,
637 2385 976 2468 φιλάδελφον
1023 2386 1181 2458 εἶναι,
1232 2387 1514 2458 συμπαθῆ,
1564 2385 1884 2439 κοινωνικὸν
1912 2385 1982 2438 ὧν

335 2481 476 2558 ἔχει,
534 2481 610 2554 μὴ
671 2477 726 2534 έν
777 2477 1032 2554 βρώμασι
1077 2477 1140 2530 τὸ
1176 2475 1393 2548 μιαρὸν.
1426 2473 1551 2529 ἀλλ’
1593 2472 1645 2528 έν
1675 2470 1870 2550 καρδίᾳ
1897 2472 1987 2528 καὶ

333 2567 645 2646 προαιρέσει
721 2566 999 2634 τίθεσθαι;
1070 2566 1275 2620 Τοῦτον
1341 2563 1405 2617 τὸ
1461 2562 1528 2616 τὰ
1571 2566 1796 2617 τοιαῦτα
1852 2583 1987 2636 συμ-

337 2656 692 2726 ϐουλεύοντα,
754 2654 898 2710 οὕτω
965 2659 1082 2718 θεῖα
1136 2651 1226 2708 καὶ
1287 2651 1587 2725 θαυμαστὰ,
1647 2647 1736 2706 διὰ
1785 2651 1849 2706 τὸ
1911 2651 1986 2724 μὴ

338 2748 600 2825 δεχθῆναι
647 2746 774 2820 παρ’
821 2743 1020 2812 αὐτῶν,
1082 2740 1300 2821 ἀφεῖλεν
1336 2741 1364 2795 6
1396 2740 1600 2816 Κύριος
1631 2744 1764 2812 (85).
1797 2739 1988 2796 Οὐκέτι

336 2841 428 2894 οὖν
463 2835 772 2910 θαυμαστὸς
830 2833 957 2910 παρ’
990 2831 1174 2893 αὐτοῖς
1207 2825 1544 2905 σύμϐουλος.
1609 2829 1903 2903 Εὐξώμεθα
1933 2827 1992 2886 δὲ

339 2929 414 3002 μὴ
464 2925 905 3001 ἀποστερηθῆναι
965 2924 1276 2994 θαυμαστοῦ
1335 2914 1654 2992 συμϐούλου
1709 2921 1810 2988 τὴν
1869 2921 1991 2974 Ἐκ-

331 3014 560 3086 κλησίαν
618 3012 844 3080 ταύτην,
898 3008 1011 3081 ἵνα,
1068 3006 1283 3064 ἐπειδάν
1341 3003 1623 3082 καταλάϐῃ
1650 3007 1773 3062 τινὰ
1801 3008 1990 3082 καιρὸς

333 3107 434 3168 τῆς
501 3102 634 3176 ὑπέρ
689 3105 800 3155 τῶν
834 3098 1141 3173 ἀναγκαίων
1177 3095 1408 3172 βουλῆς,
1445 3097 1758 3165 ἀπαντήσας
1791 3096 1867 3157 εἷς
1897 3095 1989 3150 τὸν

339 3193 488 3248 οἶκον
547 3196 737 3246 τοῦτον
795 3190 857 3244 τὸ
913 3187 1095 3242 κοινὸν
1154 3191 1262 3241 τῶν
1319 3189 1512 3260 ψυχῶν
1567 3183 1988 3262 βουλευτήριον,

2089 601 2161 656 ad
2196 600 2528 672 corporales
2558 602 2819 657 actiones
2850 603 3280 674 producendas.
3335 608 3538 676 Itaque
3564 605 3742 660 homo

2087 689 2428 745 conciliario
2461 706 2688 757 carens,
2725 691 2886 746 navis
2919 695 3010 746 est
3053 707 3160 747 suo
3214 693 3497 748 destituta
3527 694 3743 765 guber-

2092 784 2319 850 natore,
2338 784 2675 851 temereque
2691 780 2953 850 exposita
2969 780 3395 853 agitationibus
3412 787 3743 839 ventorum.

2089 868 2222 924 Jam
2254 885 2386 923 vero
2420 868 2468 922 si
2499 868 2559 922 in
2593 869 3021 939 quaestionibus
3057 873 3127 924 de
3157 871 3334 926 rebus
3363 870 3596 927 levioris
3619 888 3744 928 mo-

2095 957 2276 1012 menti
2309 957 2526 1012 habitis
2561 957 2910 1012 adhibemus
2933 957 3339 1014 consiliarios:
3366 976 3498 1014 cum
3523 961 3594 1016 de
3616 962 3743 1016 ani-

2096 1063 2193 1101 ma
2221 1052 2279 1102 et
2308 1047 2378 1101 de
2408 1048 2585 1102 rebus
2613 1046 3076 1101 emolumentum
3101 1047 3336 1119 aliquod
3361 1049 3474 1120 ipsi
3497 1051 3744 1106 aﬁ‘eren-

2095 1136 2254 1190 tibus
2305 1136 2526 1190 inimus
2578 1135 2913 1200 consilium,
2963 1153 3154 1192 nonne
3211 1138 3547 1209 inquirendi
3607 1144 3747 1196 sunt

2098 1223 2266 1280 nobis
2298 1223 2677 1279 admirabiles
2708 1223 3068 1280 consiliarii?
3099 1226 3179 1280 Ex
3209 1243 3324 1297 quo
3355 1227 3536 1299 igitur
3555 1228 3742 1284 Judaei

2097 1331 2342 1386 pravum
2374 1315 2732 1370 constituere
2761 1314 3100 1384 consilium,
3134 1332 3391 1387 quonam
3433 1323 3600 1389 pacto
3635 1321 3744 1374 Dc-

2095 1404 2323 1459 minum
2383 1403 2656 1459 tradituri
2715 1408 2932 1474 essent,
3006 1404 3294 1462 Dominus
3351 1407 3744 1464 consiliarium

2097 1492 2526 1558 admirabilem,
2559 1493 2728 1562 cujus
2750 1492 2997 1549 consilia
3019 1492 3138 1550 illis
3158 1502 3323 1551 erant
3344 1495 3743 1566 admirationi,

2097 1582 2168 1638 ab
2227 1583 2372 1654 ipsis
2431 1581 2712 1637 abstulit:
2771 1583 3111 1639 Mirabantur
3167 1584 3323 1640 enim
3384 1586 3443 1640 in
3499 1585 3748 1642 doctrina

2097 1672 2213 1743 ejus
2243 1672 2306 1743 οι,
2339 1687 2445 1726 nec
2498 1675 2696 1725 tamen
2747 1671 3014 1726 animum
3065 1673 3444 1729 attendebant
3500 1675 3572 1730 ad
3619 1676 3747 1747 ejus

2099 1762 2341 1817 monita.
2374 1761 2579 1816 Nonne
2607 1759 2984 1817 consiliarius
3033 1761 3132 1817 ille
3181 1769 3306 1818 erat
3354 1764 3746 1836 admirabilis,

2098 1852 2199 1922 qui
2246 1849 2370 1906 loco
2419 1848 2582 1904 illius
2631 1850 2915 1920 mandati,
2972 1851 3200 1907 Oculum
3253 1868 3353 1923 pro
3411 1853 3564 1909 oculo
3589 1854 3654 1919 ’3,
3687 1854 3746 1910 id

2096 1941 2198 1996 dat
2227 1939 2479 2006 consilii,
2513 1939 2656 1994 utsi
2706 1940 2840 2011 quis
2886 1941 3184 1996 dexteram
3238 1946 3396 1996 tuam
3449 1943 3746 2000 maxillam

2095 2030 2476 2102 percusserit,
2509 2029 2778 2084 obverias
2803 2027 2889 2082 illi
2919 2033 2977 2084 et
3006 2028 3250 2085 alteram
3283 2031 3366 2084 ’δε
3399 2037 3464 2086 ut
3497 2048 3568 2087 ne
3597 2032 3745 2088 iras-

2096 2121 2269 2185 caris,
2307 2136 2377 2174 ne
2408 2118 2626 2191 ligites,
2661 2134 2732 2172 ne
2762 2117 2958 2190 turpia
2987 2119 3392 2192 concupiscas,
3436 2137 3507 2176 ne
3556 2121 3744 2177 ullum

2097 2209 2396 2266 existimes
2428 2209 2536 2263 tibi
2568 2207 2900 2275 inimicum,
2936 2209 3078 2280 quin
3113 2208 3306 2280 potius
3355 2214 3421 2264 ut
3470 2226 3592 2278 eos,
3643 2211 3746 2284 qui

2097 2303 2154 2354 te
2186 2298 2318 2354 odio
2345 2297 2582 2366 habent,
2615 2296 2865 2368 diligas;
2898 2298 2998 2370 qui
3031 2303 3230 2354 monet
3252 2304 3315 2354 ut
3336 2316 3407 2354 ne
3428 2301 3747 2372 quisquam

2099 2388 2170 2442 de
2221 2387 2396 2442 rebus
2445 2385 2808 2457 corruptioni
2859 2387 3126 2442 obnoxiis
3185 2387 3263 2442 sit
3317 2388 3627 2458 sollicitus,
3679 2407 3748 2446 ne

2102 2485 2293 2532 mente
2321 2475 2616 2542 efferatur,
2653 2491 2724 2530 ne
2759 2492 2935 2546 parva
2964 2493 2997 2531 a
3029 2480 3142 2532 Deo
3177 2482 3354 2549 petat,
3408 2483 3471 2533 ut
3493 2478 3552 2534 in
3578 2477 3748 2547 ccelo,

2097 2564 2469 2621 transmissis
2499 2565 2638 2621 illuc
2669 2564 2982 2636 thesauris,
3008 2581 3109 2620 cor
3132 2565 3360 2636 habeat,
3385 2573 3449 2622 ut
3469 2583 3601 2622 cum
3629 2568 3746 2624 Deo

2097 2660 2388 2721 versetur,
2420 2654 2631 2710 fratres
2663 2657 2840 2724 amet,
2874 2653 3084 2710 alienis
3129 2661 3568 2712 commoveatur
3587 2656 3746 2714 cala-

2101 2743 2432 2809 mitatibus,
2465 2743 2612 2798 alios
2641 2760 2844 2799 eorum
2872 2760 3002 2815 quin
3033 2745 3299 2816 possidet
3346 2746 3521 2802 faciat
3566 2749 3746 2819 parti-

2100 2833 2282 2904 cipes,
2313 2837 2376 2888 ut
2407 2849 2478 2888 ne
2509 2837 2674 2905 putet
2706 2833 2764 2888 in
2798 2833 2945 2888 cibis
2978 2833 3170 2889 inesse
3202 2835 3527 2906 quidquam
3559 2836 3746 2908 pollu-

2099 2926 2250 2992 tum,
2279 2922 2381 2976 sed
2414 2922 2471 2977 in
2506 2924 2676 2976 corde
2705 2926 2763 2977 et
2794 2921 2852 2976 in
2877 2922 3058 2976 animi
3083 2923 3382 2994 proposito
3408 2924 3435 2978 ‘I
3456 2924 3563 2988 Qui
3585 2926 3749 2996 ejus-

2101 3011 2258 3066 modi
2307 3009 2553 3065 consilia
2600 3011 2742 3065 adeo
2791 3010 2988 3066 divina
3035 3017 3092 3066 et
3133 3011 3508 3068 admirabilia
3556 3013 3750 3082 dabat,

2101 3115 2236 3154 eum
2268 3099 2397 3154 ideo
2430 3098 2714 3153 Dominus
2748 3098 3012 3168 abstulit,
3059 3100 3214 3171 quod
3262 3100 3457 3170 ipsum
3507 3119 3621 3158 non
3655 3119 3749 3158 ac-

2103 3187 2380 3260 ceperint.
2419 3188 2616 3257 Itaque
2648 3203 2763 3240 non
2796 3186 3027 3256 estjam
3062 3188 3216 3258 apud
3249 3187 3411 3259 ipsos
3429 3189 3751 3246 admirabi-

335 3246 465 3359 εὕρῃ
517 3283 630 3354 (86)
664 3279 827 3355 λόγον
877 3275 1294 3352 παρακλήσεως,
1335 3246 1467 3329 ὀἷ’όν
1502 3246 1698 3351 τι’φῶς
1729 3246 1865 3348 πρός
1893 3246 1988 3343 τήν

2105 3275 2178 3332 lis
2209 3275 2605 3331 consiliarius.
2657 3275 2941 3330 Caeterum
2994 3292 3322 3347 precemur,
3373 3294 3444 3332 ne
3495 3279 3752 3336 Ecclesia

337 3371 545 3447 εὕρεσιν
597 3373 706 3424 τῶν
754 3365 1056 3440 ἀναγκαίων
1103 3369 1226 3428 ταῖς
1271 3366 1475 3439 ψυχαῖς
1525 3363 1878 3436 ἐμποιοῦντα.
1934 3369 1994 3420 Ὁ

337 3457 416 3527 δὲ,
477 3455 757 3532 παρούσης
792 3448 1114 3526 συμϐουλῆς
1170 3452 1399 3526 ἀγαθῆς,
1459 3457 1536 3524 τῷ
1592 3451 1864 3525 θελήματι
1895 3459 1992 3522 τῆς

334 3544 563 3621 καρδίας
615 3544 778 3600 αὐτοῦ
835 3537 1206 3618 πορευόμενος
1234 3548 1334 3610 τῆς
1368 3541 1622 3613 ματαίας,
1654 3539 1846 3614 ὅμοιός
1880 3541 1993 3596 έστι

335 3642 414 3710 τῷ
458 3630 725 3708 Ῥοϐοάμ,
783 3633 843 3697 ὃς
869 3631 1135 3705 ἀτιμάσας
1165 3631 1265 3699 τήν
1315 3631 1592 3699 σώζουσαν
1626 3631 1854 3706 γνώμην
1881 3635 1989 3686 τῶν

335 3719 738 3800 πρεσϐυτέρων,
797 3719 1093 3792 ἠκολούθει
1138 3724 1256 3781 τοῖς
1301 3719 1588 3789 νεωτέροις
1625 3724 1743 3781 τοῖς
1801 3740 1992 3775 συνεκ-

334 3819 614 3892 τραφεῖσιν
676 3810 842 3882 αὐτῷ,
897 3807 966 3864 δι’
1025 3808 1118 3872 οὕς
1165 3809 1256 3864 καὶ
1312 3812 1418 3863 τῶν
1471 3805 1598 3863 δέκα
1653 3807 1838 3886 φυλῶν
1891 3816 1990 3880 τῆς

341 3902 623 3981 βασιλείας
652 3901 890 3975 ἐξέπεσεν
905 3942 917 3956 .

2102 3367 2212 3422 hoc
2243 3363 2574 3420 admirabili
2608 3363 2942 3420 consiliario
2974 3365 3350 3435 destituatur,
3384 3372 3448 3421 ut
3490 3384 3625 3424 cum
3657 3385 3752 3424 oc-

2102 3455 2259 3511 casio
2293 3454 2525 3526 petendi
2574 3453 2645 3508 de
2696 3453 2875 3508 rebus
2927 3453 3273 3509 necessariis
3331 3456 3576 3512 consilio
3627 3474 3756 3514 sese

2102 3543 2357 3615 cuipiam
2433 3543 2678 3608 dederit,
2759 3543 2828 3597 ad
2892 3541 3043 3598 hanc
3117 3544 3383 3610 domum,
3438 3562 3753 3604 commune

2102 3633 2432 3688 animarum
2483 3631 2817 3699 consilium,
2877 3631 3139 3698 veniens,
3194 3632 3455 3690 inveniat
3507 3637 3753 3692 verbum

2102 3721 2583 3787 consolatorium,
2618 3737 2732 3792 quo
2763 3719 2940 3776 veluti
2974 3720 3072 3776 lux
3120 3724 3386 3793 quaedam
3437 3724 3752 3781 animabus

2103 3813 2174 3866 ad
2208 3811 2558 3867 invenienda
2588 3825 2656 3865 ea
2707 3827 2835 3881 quae
2881 3810 2993 3865 sibi
3044 3813 3402 3879 conducunt,
3451 3814 3752 3872 afferetur.

2106 3901 2281 3956 Porro
2314 3900 2415 3972 qui
2443 3899 2578 3954 vani
2606 3899 2699 3955 sui
2731 3900 2926 3956 cordis
2955 3899 3253 3956 voluntate
3287 3902 3489 3972 fertur,
3523 3903 3758 3961 etiamsi

337 3995 653 4053 consilium
685 3994 904 4048 bonum
935 3990 1151 4045 habeat
1181 3989 1252 4044 ad
1287 4005 1553 4059 manum,
1586 3989 1637 4045 is
1685 3989 1970 4046 assimilis
2017 3997 2108 4049 est
2151 3993 2433 4058 Roboam,
2486 3991 2586 4064 qui
2632 3991 2934 4047 seniorum
2993 3991 3239 4048 salutari
3295 3993 3448 4050 453
3510 3996 3755 4054 consilio

347 4089 564 4158 spreto,
585 4082 856 4155 juniores
882 4095 1083 4136 secum
1125 4079 1406 4135 educatos
1436 4085 1674 4135 secutus
1707 4084 1816 4148 est,
1850 4097 2102 4152 quorum
2135 4099 2311 4154 opera
2342 4081 2657 4152 imperium
2688 4081 2747 4136 in
2779 4082 2980 4136 decem
3013 4082 3206 4138 tribus
3240 4085 3441 4139 amisit
3469 4086 3536 4139 ⁸⁸.

412 4176 535 4232 107.
599 4171 700 4230 Καὶ
759 4170 922 4248 σοφὸν
989 4167 1385 4246 ἀρχιτέκτονα.
1448 4169 1596 4224 Μετά
1645 4168 1708 4224 τὸ
1767 4169 1998 4245 ἀρθῆναι

338 4264 446 4320 ἀπὸ
520 4267 628 4317 τῶν
707 4257 985 4316 Ἰουδαίων
1043 4259 1144 4328 τήν
1200 4257 1468 4338 ὠφέλειαν
1525 4263 1624 4314 τοῦ
1683 4260 1997 4332 θαυμαστοῦ

2181 4173 2302 4228 107.
2335 4174 2401 4227 Et
2431 4173 2732 4243 sapientem
2780 4173 3158 4228 architectum.
3213 4173 3528 4246 Postquam
3580 4193 3614 4232 a
3656 4178 3757 4232 Ju-

2110 4261 2248 4318 daeis
2281 4261 2504 4316 utilitas
2537 4261 2812 4316 submota
2855 4266 2944 4316 est
2994 4261 3362 4318 admirabilis
3411 4265 3757 4334 consiliarii,

341 4347 682 4427 συμϐούλου,
743 4347 801 4412 ὅς
847 4345 1115 4403 ἐδείκνυτο
1175 4345 1248 4402 ὣν
1309 4347 1988 4423 ὁΚύριοςὴμῶνἸησοῦι

2109 4349 2207 4421 qui
2241 4349 2574 4404 declaratus
2596 4353 2686 4403 est
2715 4364 2845 4404 esse
2881 4349 3160 4404 Dominus
3185 4355 3383 4406 noster
3402 4351 3576 4408 Jesus
3598 4353 3761 4408 Chri-

339 4442 595 4520 Χριστὸς,
648 4438 793 4516 ¹ἤρθη
856 4439 946 4492 ἀπ’
1002 4437 1178 4493 αὐτῶν
1223 4437 1315 4492 καὶ
1361 4439 1411 4520 ὁ,
1441 4439 1605 4516 σοφὸς
1637 4437 1997 4514 ἀρχιτέκτων,

339 4531 428 4587 καὶ
461 4529 674 4607 ἐγένετο
707 4525 1014 4589 ἀπόστολος
1047 4524 1232 4594 ἐθνῶν,
1267 4525 1296 4578 6
1327 4519 1578 4600 Ἐϐραῖος
1622 4525 1672 4598 ἐξ
1705 4521 1996 4599 Ἐϐραίων,

341 4623 370 4677 6
425 4621 564 4676 κατὰ
589 4619 761 4693 νόμον
821 4619 1144 4692 Φαρισαῖος,
1177 4612 1398 4676 Παῦλος
1459 4611 1660 4678 δοῦλος
1706 4615 1999 4690 γενόμενος

2107 4443 2256 4507 stus,
2293 4439 2363 4494 ab
2416 4437 2626 4492 iisdem
2660 4453 2894 4508 quoque
2923 4438 3156 4494 ablatus
3185 4445 3275 4495 est
3305 4441 3544 4513 sapiens
3577 4443 3762 4498 archi-

2105 4532 2318 4594 tectus,
2353 4531 2410 4582 et
2443 4527 2632 4582 factus
2666 4531 2755 4581 est
2803 4526 3066 4597 gentium
3115 4529 3437 4598 apostolus,
3487 4531 3762 4589 Hebraius

2107 4635 2175 4674 ex
2209 4616 2486 4683 Hebraeis,
2519 4615 2846 4691 secundum
2879 4615 3064 4688 legem
3101 4617 3431 4674 Pharisaeus
3451 4621 3514 4687 π,
3541 4623 3760 4678 Paulus

340 4713 526 4781 Ἰησοῦ
571 4710 830 4784 Χριστοῦ,
887 4707 946 4760 ’ὸν
999 4701 1190 4758 έδίωκε
1222 4705 1356 4776 (87).
1417 4702 1510 4766 Τίς
1560 4705 1596 4772 ἡ
1626 4710 1728 4773 τῆς
1777 4705 1988 4780 ἀρχιτε.

2109 4707 2250 4762 Jesu
2280 4705 2521 4773 Christi,
2555 4721 2732 4776 quem
2763 4707 3247 4778 persequebatur,
3270 4726 3474 4765 servus
3497 4711 3762 4767 effectus.

337 4804 596 4868 κτονικῆς
648 4795 815 4850 αὐτοῦ
871 4793 1183 4866 έπιστήμης
1215 4788 1488 4865 ἀπόδειξις
1517 4817 1530 4862 ς
1565 4790 1738 4853 Αὐτὸς
1765 4793 1867 4869 γάρ
1899 4815 2001 4868 φη-

343 4910 447 4947 σιν·
521 4889 610 4950 Ὠς
682 4884 847 4963 σοφὸς
908 4884 1248 4958 ἀρχιτέκτων
1301 4880 1559 4955 θεμέλιον
1613 4879 1842 4944 τέθεικα.
1903 4883 1998 4940 Οἶ-

348 5002 444 5054 μαι
495 4977 572 5051 δὲ,
605 4974 687 5032 ὅτι
718 4972 810 5029 καὶ
840 4973 904 5029 τὸ
937 4975 1156 5045 Πνεῦμα
1183 4972 1247 5026 τὸ
1289 4972 1442 5046 ἅγιον
1477 4971 1856 5048 ἀρχιτεκτονεῖ
1884 4971 2002 5027 Ἐκ-

343 5068 574 5140 κλησίαν
620 5067 776 5134 Θεοῦ,
820 5062 939 5119 κατ’
987 5060 1145 5116 αὐτὸν
1177 5060 1270 5116 τὸν
1331 5060 1547 5117 Παῦλον
1583 5059 1829 5137 λέγοντα.
1865 5067 2000 5116 Συν-

2110 4797 2418 4860 Quodnam
2451 4799 2540 4851 est
2561 4797 2976 4866 argumentum
3001 4796 3128 4866 ejus
3154 4814 3268 4868 qua
3294 4796 3548 4870 pollebat
3570 4799 3764 4854 scien-

2109 4886 2202 4941 tiae
2227 4883 2767 4941 ‘architectionicas?
2797 4887 2960 4940 Certe
2992 4884 3074 4940 ait
3122 4885 3246 4957 ipse
3273 4903 3285 4942 :
3323 4888 3386 4944 Ut
3417 4889 3640 4959 sapiens
3670 4905 3763 4943 ar-

2109 4973 2372 5031 chitectus
2399 4974 2828 5047 fundamentum
2856 4976 3017 5046 posui
3044 4975 3108 5031 ³⁸.
3159 4975 3430 5031 Arbitror
3482 4979 3678 5032 autem
3709 4980 3768 5033 et

2111 5081 2145 5118 a
2173 5063 2396 5136 Spiritu
2425 5067 2630 5119 sancto
2660 5079 2764 5119 ceu
2798 5063 2870 5119 ab
2921 5063 3242 5120 architecto
3292 5063 3612 5120 Ecclesiam
3662 5065 3764 5121 Dei

418 5158 461 5202 ⁰ι
493 5157 704 5215 Matth.
735 5171 877 5224 xm,
911 5154 1001 5210 33.
1078 5151 1124 5188 ⁹¹
1152 5151 1328 5208 Levit.
1362 5169 1518 5222 xxxv,
1549 5153 1640 5207 20.
1718 5153 1763 5192 ³³
1793 5151 1979 5209 Matth

2123 5153 2211 5208 39.
2289 5153 2335 5189 ἰ
2361 5153 2437 5208 ΙΙΙ
2484 5156 2624 5225 Reg.
2677 5168 2780 5223 xu,
2836 5153 2902 5208 10
2941 5169 3108 5224 seqq.
3184 5152 3228 5187 ”
3276 5152 3530 5226 Philipp.
3586 5169 3672 5221 ιιι,
3705 5155 3764 5211 5.

349 5229 396 5266 ⁸⁸
427 5229 450 5286 Ι
479 5229 609 5285 Cor.
646 5245 732 5297 ιιι,
767 5228 855 5283 10.

418 5317 534 5391 (81)
565 5317 652 5373 Ita
681 5333 783 5391 sex
828 5331 974 5371 mss.
1025 5314 1097 5369 At
1145 5312 1330 5391 editi,_
1368 5307 2000 5391 συμιξαριιιλαμιϐάνομενΪ

345 5383 462 5447 Νθό
492 5383 576 5445 ita
605 5388 790 5461 multo
821 5392 1125 5461 post‘mss.
1161 5384 1354 5461 multi,
1393 5383 1800 5461 βουλευώμεθα.
1848 5383 2001 5444 Editi

346 5469 406 5520 et
433 5454 840 5534 Rngertius,’
870 5454 1262 5534 βουλευόμεθα.

422 5529 661 5618 (32)⁷8ἰο
690 5529 914 5618 veteres
945 5529 1206 5604 quinque
1235 5529 1392 5587 libri.
1430 5530 1580 5588 Editi
1607 5547 1742 5588 vero
1769 5534 1828 5588 et
1858 5530 1999 5604 Reg.

347 5601 606 5690 primus,
632 5601 1020 5690 παραδώεωσι.

421 5674 720 5763 (83).Editi
751 5683 809 5734 et
863 5677 1004 5749 Reg.
1056 5675 1308 5750 primus,
1358 5674 1476 5732 ἀντὶ
1521 5677 1641 5732 τοῦ.
1699 5676 1880 5734 Abest
1907 5677 2003 5729 τοῦ

352 5750 438 5810 ab'
458 5750 592 5811 aliis
621 5750 890 5826 quinque
918 5764 1066 5809 mss.

2185 5312 2294 5385 (84)
2326 5313 2558 5370 Veteres
2589 5311 3005 5386 quatuorlibri
3055 5311 3426 5384 simpliciter,
3477 5313 3576 5386 μή.
3609 5314 3764 5371 Editi

2111 5380 2684 5468 vergetduoums'sq
2725 5380 2884 5457 μηδέ.
3089 5455 3102 5468 Ο
3155 5380 3193 5468 ξ
3370 5380 3421 5468 *⁷

2114 5534 2153 5584 Θ
2184 5459 2297 5583 ἓ85)
2331 5459 2394 5514 In
2444 5456 2745 5532 aliquibus
2795 5472 2938 5512 mss.
2989 5456 3277 5528 scriptum
3329 5456 3704 5527 offendimus,
3738 5457 3765 5512 ὁ

2159 5549 2181 5583 ε
2220 5551 2266 5584 ς.

2186 5551 2298 5672 οεῗὸ)
2329 5601 2558 5656 Habent
2588 5616 2734 5655 mss.
2777 5596 3069 5668 nonnulli,
3103 5595 3277 5673 εὕροι.

2186 5604 2301 5749 ί87)
2335 5673 2504 5744 Editi,
2539 5668 2743 5743 έδίωξε.
2778 5673 2846 5728 At
2876 5687 3022 5729 mss.
3057 5678 3277 5746 quatuo

2209 5667 2301 5746 87)
2335 5673 2504 5744 Editi,
2539 5668 2743 5743 έδίωξε.
2778 5673 2846 5728 At
2876 5687 3022 5729 mss.
3054 5667 3335 5746 quatuor,
3364 5667 3610 5731 ἐδίωκεν.
