4130 6382
409 365 523 426 291

1399 363 1793 426 ΑΡΡΕΝΒῘΧ
1832 358 2162 424 OPERUM
2203 360 2268 422 S.
2313 361 2594 426 BASILII
2641 365 2920 430 MAGNI.

411 497 705 567 aedificari,
750 498 1076 555 secundum
1136 495 1380 552 Paulum
1437 495 1656 568 ipsum,
1711 495 1812 567 qui
1874 493 2017 549 dicit

2174 489 2553 566 οικοδομεῖσθε
2612 499 2726 570 (88)
2802 499 2876 561 εἰς
2942 505 3372 578 κατοικητήριον
3426 512 3524 562 τοῦ
3582 513 3718 564 Θεοῦ
3772 510 3828 566 ἐν

408 587 852 658 Comiti/immitti
881 589 936 643 in
967 586 1349 642 habitaculum
1382 587 1480 641 Dei
1508 588 1568 640 in
1601 585 1811 656 Spiritu
1845 585 1927 652 '7;
1960 601 2056 638 as-

411 677 671 747 seritque
703 676 1012 732 Ecclesiam
1048 675 1424 730 ministrante
1456 675 1678 746 Spiritu
1711 671 2055 728 coaediﬁcari

405 770 464 821 et
493 781 749 821 crescere
783 766 838 819 in
873 764 1156 835 templum
1181 767 1450 818 sanctum
1474 765 1533 818 in
1561 764 1824 819 Domino.
1853 763 2056 832 Itaque

404 871 526 922 eos,
575 854 672 925 qui
732 854 884 908 hunc
938 852 1344 908 admirabilem
1408 852 1810 907 consiliarium
1872 855 2054 905 Deum

402 943 656 998 Verbum
716 944 1065 1013 rejecerunt,
1123 942 1372 1013 sapienti
1451 943 1771 996 architecto
1831 941 2051 1011 Spiritu

400 1037 602 1088 sancto
634 1031 924 1102 spoliavit.
959 1032 1348 1103 Quapropter,
1371 1048 1505 1086 cum
1532 1048 1643 1085 non
1674 1031 1924 1084 habeant
1950 1029 2050 1100 qui

396 1137 494 1176 eos
525 1124 896 1192 coagmentet
929 1137 992 1174 ac
1027 1121 1386 1192 compingat,
1421 1125 1562 1174 sunt
1605 1118 1778 1174 soluti
1814 1123 1984 1187 atque
2019 1133 2052 1172 a

397 1225 458 1264 se
509 1207 759 1262 invicem
812 1207 1089 1279 separati,
1143 1223 1330 1279 neque
1380 1206 1748 1279 spiritualem
1797 1207 2048 1261 aediﬁca-

393 1297 613 1358 tionem
646 1296 768 1352 ﬁeri
803 1297 903 1352 Dei
935 1296 1220 1367 templum
1255 1300 1519 1368 possunt.
1557 1297 1673 1352 Nos
1694 1313 1828 1352 vero
1851 1310 2046 1368 prece-

393 1403 550 1457 mur,
585 1390 650 1440 ut
676 1385 943 1441 Ecclesiae
977 1384 1344 1441 ministretur
1373 1385 1628 1457 Spiritus
1668 1386 1809 1440 adeo
1844 1389 1907 1440 ut
1940 1401 2045 1438 no-

393 1475 488 1531 bis
547 1474 844 1547 spiritales
904 1475 1253 1530 architectos
1312 1474 1652 1540 constituat,
1709 1474 2045 1544 cujusmodi

393 1569 520 1620 erat
554 1563 829 1634 Beseleel,
865 1581 1039 1634 quem
1075 1563 1339 1635 implevit
1371 1563 1526 1618 Deus
1572 1565 1789 1635 Spiritu
1823 1563 2044 1631 divino,

389 1652 607 1724 Spiritu
645 1653 1040 1724 intelligentiae
1072 1659 1128 1707 et
1157 1653 1414 1708 scientiae
1440 1653 1502 1721 ⁸³,
1537 1657 1602 1707 ut
1630 1652 2043 1707 architectoni-

393 1758 490 1798 ces
512 1758 687 1813 opera
717 1743 917 1798 omnia
949 1742 1348 1797 fabrefaceret.
1383 1745 1456 1796 Et
1502 1745 1827 1814 prudentem
1872 1741 2042 1797 audi-

390 1838 580 1886 torem.
625 1831 682 1884 Si
737 1831 908 1900 juxta
962 1830 1359 1901 Salomonem,
1419 1831 1605 1885 Sermo
1657 1833 1927 1902 pretiosus
1981 1833 2043 1886 in

389 1936 587 1976 aurem
611 1918 950 1976 obedientem
979 1920 1042 1987 9°,
1078 1920 1176 1974 ubi
1212 1935 1405 1975 sermo
1434 1937 1547 1974 non
1580 1925 1689 1988 est,
1724 1921 1925 1974 auditu
1962 1919 2045 1974 ni-

389 2007 474 2063 hil
505 2025 653 2079 opus
683 2011 793 2064 est.
825 2012 966 2063 Cum
1000 2008 1182 2080 igitur
1211 2024 1242 2063 θ
1273 2009 1468 2063 medio
1518 2007 1790 2064 sublatus
1838 2008 1916 2063 sit
1939 2009 2040 2063 ad-

389 2097 678 2152 mirabilis
718 2097 816 2152 ille
864 2097 1264 2165 consiliarius,
1316 2099 1572 2168 quadam
1621 2099 2042 2168 consequentia

386 2186 562 2242 etiam
597 2187 856 2258 prudens
878 2187 1112 2242 auditor
1132 2185 1311 2240 simul
1343 2186 1578 2241 ablatus
1600 2192 1708 2242 est.
1752 2186 1857 2242 Ubi
1881 2187 2038 2242 enim

386 2280 694 2347 argentum
746 2291 860 2330 non
910 2279 1019 2344 est,
1071 2275 1292 2330 otiatur
1333 2275 1634 2346 trapezita.
1688 2276 1790 2330 Est
1839 2280 2034 2332 autem

385 2364 697 2420 molestum
729 2365 1033 2436 quiddam,
1063 2381 1196 2420 cum
1229 2382 1422 2420 sermo
1444 2366 1681 2437 quidem
1704 2365 2036 2437 intelligen-

379 2453 475 2509 tia
507 2460 565 2510 et
595 2455 1018 2510 sententiarum
1053 2453 1263 2526 plenus
1296 2455 1572 2522 habetur,
1605 2461 1664 2510 et
1689 2455 1790 2526 qui
1814 2456 1885 2509 de
1905 2456 2033 2511 offi-

386 2543 496 2597 ciis
525 2547 754 2613 tractet,
793 2558 897 2600 nec
921 2547 1114 2598 tamen
1141 2545 1306 2598 adest
1327 2543 1645 2615 quisquam
1685 2545 1783 2614 qui
1833 2543 2034 2600 istbmc

380 2632 702 2701 prudenter
747 2632 1052 2704 percipiat,
1103 2637 1411 2703 propterea
1463 2632 1618 2703 quod
1674 2649 1773 2687 eas
1821 2634 2034 2688 anima

2170 581 2460 656 Πνεύματι·
2509 585 2600 639 καὶ
2649 585 2833 642 τὸδιά
2880 597 2980 659 τῆς
3033 589 3394 670 ἐπιχορηγίας
3424 601 3519 651 τοῦ
3576 599 3827 672 Πνεύμα-

2164 692 2257 733 τος
2317 671 2823 748 συνοικοδομεῖσθαι
2884 680 2970 733 καὶ
3024 676 3196 751 αὔξειν
3255 682 3332 747 εἷς
3387 686 3514 740 ναὸν
3573 671 3731 762 ἅγιον
3775 688 3827 743 ἐν

2165 762 2364 850 ῐξυρίῳ.
2410 763 2553 826 Τοὺς
2602 765 2694 819 οὗν
2727 761 3146 833 ἀποϐάλλοντας
3186 771 3277 824 τὸν
3328 761 3634 844 θαυμαστὸν
3685 778 3828 850 σύμ-

2164 844 2388 918 ϐουλον,
2421 854 2511 906 τὸν
2563 854 2690 908 Θεὸν
2740 855 2937 930 Λόγον,
2981 856 3221 930 ἐρήμους
3251 858 3474 932 ἐποίησε
3502 868 3596 918 τοῦ
3643 844 3818 932 σοφοῦ

2163 940 2672 1015 ἀρχιτέκτονος,τοῧ
2703 944 2862 1018 ἁγίου
2891 947 3326 1018 ΠνεῦματοςΛιά
3355 957 3516 1006 τοῦτο
3553 955 3628 1025 μή
3662 925 3823 1029 gi“-

2160 1049 2248 1090 τες
2297 1030 2386 1084 τὸν
2438 1031 2954 1110 συναρμολογοῦντα
2996 1037 3194 1099 αὐτοὺς
3255 1040 3342 1092 καὶ
3388 1037 3818 1114 συμϐιϐἀζοντα,

2161 1114 2454 1190 λελυμένοι
2488 1119 2591 1206 εἰσί
2621 1121 2710 1175 καὶ
2745 1121 3063 1197 ἐσχισμένοι
3096 1127 3182 1180 ἀπ’
3239 1126 3530 1199 ἀλλήλων,
3574 1134 3819 1206 γενέσθαι

2158 1206 2282 1268 ναὸς
2315 1212 2448 1261 Θεοῦ
2481 1204 2569 1262 διὰ
2598 1216 2698 1278 τῆς
2727 1221 3104 1284 πνευματικῆς
3137 1213 3437 1289 οίκοδομῆς
3472 1221 3546 1292 μὴ
3583 1204 3817 1296 δυνάμε-

2155 1315 2262 1363 νοι,
2321 1294 2478 1352 Ἀλλ’
2533 1299 2700 1370 ἡμεῖς
2756 1299 3054 1373 εύξὼμεθα,
3109 1299 3255 1379 ἔχειν
3323 1307 3423 1376 τήν
3482 1294 3818 1379 Ἐκκλησίαν

2153 1385 2253 1454 τήν
2305 1384 2665 1462 ἐπιχορηγίαν
2698 1393 2794 1444 τοῦ
2853 1391 3168 1463 Ηνεύματος
3209 1393 3347 1450 ὣστε
3406 1395 3814 1458 ἀναδείκνυσθαι

2153 1476 2290 1548 ἡμῖν
2320 1475 2446 1538 τοὺς
2489 1479 2887 1550 πνευματικῶς
2946 1480 3358 1557 ἀρχιτάκτονας,
3419 1488 3608 1551 ὁποῖος
3787 1494 3816 1548 6

2153 1563 2446 1636 Βεσελεὴλ,
2478 1565 2535 1620 ὅν
2570 1565 2862 1639 ὶνέπλησεν
2897 1573 2925 1623 6
2983 1572 3112 1633 Θεὸς
3144 1577 3362 1646 Πνεῦμα
3394 1582 3560 1648 θεῖον,
3593 1584 3815 1654 Πνεῦμα

2153 1654 2416 1716 συνέσεως
2469 1656 2558 1709 καὶ
2609 1655 2941 1729 ἐπιστήμης,
2992 1659 3402 1736 ἀρχιτεκτονεῖν
3452 1669 3590 1721 κατᾶ
3638 1670 3815 1724 πάντα

2149 1741 2216 1794 τὰ
2265 1738 2390 1816 ἔργα
2435 1746 2535 1811 τῆς
2589 1744 3018 1820 ἀρχιτεκτονίας.
3083 1749 3180 1804 Καὶ
3241 1753 3455 1808 συνετὸν
3514 1755 3812 1830 ἀκροατήν.

2154 1830 2381 1886 Εἷκατὰ
2410 1833 2500 1887 τὸν
2555 1832 2918 1906 Σολομῶντα,
2983 1837 3156 1914 Λόγος
3212 1841 3526 1912 πολυτελὴς
3571 1848 3685 1918 (89)
3738 1847 3818 1911 εἷς

2152 1920 2243 1980 οὖς
2314 1920 2565 1992 εὐήκοον,
2639 1923 2778 1978 ὅπου
2857 1924 3027 2000 λόγος
3088 1927 3188 1983 ούκ
3239 1927 3405 2003 ἔστιν,
3463 1931 3589 1988 οὐδὲ
3636 1935 3812 2006 ἀκοῆς

2151 2007 2330 2083 χρεία,
2386 2010 2533 2064 Ἐπεὶ
2567 2013 2658 2065 οὖν
2715 2011 2858 2087 ἤρθη
2915 2016 2942 2068 6
2974 2017 3280 2089 θαυμαστὸς
3313 2015 3650 2092 σύμϐουλος,
3680 2025 3810 2080 ἀκο-

2153 2096 2364 2160 λούθως
2425 2104 2768 2178 συναφῃρὲφη
2830 2103 2919 2158 καὶ
2953 2105 2980 2159 6
3038 2107 3250 2169 συνετὸς
3299 2107 3596 2182 ἀκροατής.
3628 2114 3808 2169 Ὀπου

2147 2188 2250 2276 γὰρ
2308 2187 2567 2264 ἀργύριον
2630 2191 2728 2245 οὐκ
2775 2188 2909 2261 ἔστι,
2971 2195 3303 2268 τραπεζίτης
3333 2197 3510 2273 ἀργεῖ.
3547 2205 3806 2276 Λυπηρὸν

2149 2272 2206 2330 δὲ
2234 2276 2323 2330 καὶ
2355 2276 2480 2332 ὅταν
2519 2277 2684 2354 λόγος
2729 2281 2822 2352 μὲν
2871 2280 2907 2355 ᾖ
2952 2282 3177 2358 πλήρης
3209 2272 3520 2359 νοημάτων,
3552 2291 3643 2343 καὶ
3673 2272 3806 2348 κατὰ

2145 2364 2480 2439 πραγμάτων
2536 2369 2856 2442 φερόμενος,
2911 2371 2938 2424 6
2999 2369 3057 2426 δὲ
3087 2378 3320 2435 συνετῶς
3351 2375 3526 2431 αὐτῶν
3558 2377 3797 2445 ἐπαισθα-

2142 2455 2375 2526 νόμενος
2436 2457 2511 2528 μὴ
2545 2462 2714 2531 παρῇ,
2747 2464 2826 2530 τῷ
2858 2461 2934 2532 μή
2977 2457 3125 2536 ἔχειν
3156 2463 3222 2517 τὰ
3253 2462 3365 2520 ὦτα
3394 2473 3494 2535 τῆς
3526 2471 3730 2544 ψυχῆς,
3765 2471 3796 2525 ἃ

2144 2545 2172 2630 6
2203 2544 2398 2619 Κύριος
2428 2547 2563 2617 πρὸς
2592 2547 2690 2615 τὴν
2717 2552 2825 2602 τῶν
2863 2547 3017 2604 ίδίων
3055 2548 3237 2626 λόγων
3270 2553 3528 2629 ἀκροάσιν
3557 2556 3800 2630 ἐπιζητεῖ

2142 2629 2334 2706 λέγων·
2366 2635 2427 2690 Ὁ
2453 2630 2596 2708 ἔχων
2631 2635 2741 2689 ὦτα
2774 2636 3004 2710 ἀκούειν,
3037 2638 3299 2699 ἀκουίτω.

381 2737 555 2775 aures
587 2737 700 2776 non
735 2720 966 2788 habeat,
999 2737 1146 2793 quas
1195 2721 1478 2777 Dominus
1529 2722 1601 2776 ad
1649 2738 1892 2777 suorum
1941 2738 2279 2779 sermonum
2307 2725 2798 2782 auscultationem
2850 2729 3118 2800 requirit,
3167 2732 3420 2789 dicens:
3474 2737 3582 2805 Qui
3629 2739 3792 2796 habet

381 2826 544 2865 aures
572 2809 860 2877 audiendi,
895 2811 1088 2865 audiat
1120 2813 1162 2865 ¹.

453 2900 572 2954 108.
602 2899 778 2954 Vens.
813 2900 865 2952 4.
899 2901 962 2954 Et
1009 2901 1289 2971 imponam
1335 2899 1701 2955 adolescentes
1747 2901 2027 2971 principes
2057 2901 2100 2968 C

373 3004 615 3045 eorum:
671 2989 944 3044 derisores
1008 2988 1447 3044 dominabuntur
1501 2991 1602 3043 eis.
1661 2988 1884 3060 Duplex
1939 2993 2030 3044 est

375 3095 558 3150 ρωοω
589 3094 798 3149 genus,
831 3083 889 3133 et
921 3078 1090 3133 bonis
1135 3078 1369 3150 privari,
1419 3083 1476 3132 ct
1523 3078 1671 3133 tradi
1723 3078 2023 3133 deteriori-

373 3167 505 3222 bus.
541 3167 929 3237 Posteaquam
964 3167 1118 3221 enim
1152 3166 1493 3222 Dominator
1515 3167 1800 3222 Dominus
1821 3169 2025 3222 abstu-

373 3254 439 3309 lit
471 3256 543 3310 ab
573 3255 777 3311 Judaea
807 3260 863 3309 et
893 3255 966 3310 ab
995 3254 1328 3310 Jerusalem
1363 3256 1544 3310 robur
1576 3256 1743 3326 panis
1767 3261 1824 3311 et
1845 3257 2026 3311 robur

372 3360 560 3414 aquae.
619 3344 910 3414 gigantem
971 3344 1204 3411 fortem,
1285 3343 1585 3400 hominem
1658 3344 2020 3414 bellatorem,

365 3431 648 3501 judicem,
679 3433 1091 3502 conjectorem,
1133 3431 1454 3503 principem
1507 3449 1685 3504 super
1729 3433 2024 3504 quinqua-

370 3520 556 3591 ginta,
590 3519 997 3575 admirabilem
1027 3520 1453 3591 consiliarium,
1479 3521 1803 3592 sapientem
1829 3523 2022 3578 archi-

369 3613 590 3664 tectum
625 3613 680 3662 et
713 3609 1060 3679 prudentem
1095 3609 1464 3664 auditorem:
1499 3615 1642 3665 tunc
1686 3611 1910 3667 minata
1934 3616 2023 3667 est

369 3698 696 3769 Scriptura,
727 3697 850 3752 fore
881 3701 948 3751 ut
979 3695 1125 3768 ipsis
1147 3697 1547 3753 adolescentes
1570 3699 1864 3769 principes
1888 3699 2024 3754 mit-

367 3791 671 3847 terentur:
702 3786 848 3840 adeo
882 3792 1121 3840 noverat
1154 3786 1302 3840 hanc
1334 3803 1563 3857 poenam
1589 3788 2021 3858 gravissimam,

369 3892 502 3930 cum
545 3876 616 3929 ab
667 3873 1140 3930 adolescentibus
1184 3876 1408 3946 regitur
1455 3876 2022 3948 administraturque

367 3963 592 4019 civitas.
629 3963 730 4018 Est
767 3970 922 4018 enim
975 3963 1372 4019 adolescentia
1420 3964 1639 4020 levitati
1690 3967 1938 4022 obnoxia
1968 3974 2025 4022 et

366 4053 437 4107 ad
456 4053 674 4124 ﬂagitia
688 4069 866 4124 prona
885 4068 897 4106 :
915 4052 1270 4122 cupiditates
1283 4054 1593 4122 effrenatae,
1615 4055 1882 4110 belluiuaa
1898 4055 2021 4122 ire,

363 4141 710 4214 petulantia,
727 4141 1085 4197 contumelia
1101 4142 1560 4214 454,3uperbia
1583 4149 1640 4198 et
1662 4145 2018 4216 arrogantia,

363 4229 504 4286 vitia
530 4235 670 4285 sunt
702 4247 818 4285 una
859 4247 990 4285 cum
1033 4231 1341 4299 juventute
1390 4233 1670 4286 euutrita.
1725 4233 2022 4288 Excitatur

357 4319 579 4375 invidia
609 4320 887 4374 adversus
918 4319 1193 4374 virtutem
1223 4321 1794 4390 praestantissimum,
1820 4323 2016 4394 suspi-

359 4407 555 4462 ciones
589 4409 877 4463 habentur
899 4409 1184 4463 adversus
1207 4409 1581 4464 domesticos.
1608 4412 2018 4465 Innumerabi-

359 4496 504 4550 lium
539 4497 831 4552 malorum
862 4501 1059 4552 turma
1083 4500 1454 4568 juventutem
1498 4499 1836 4565 comitatur,
1872 4517 2018 4571 quo-

360 4601 494 4645 rum
527 4585 788 4640 omnium
821 4591 1125 4641 consortes
1155 4603 1284 4641 esse
1317 4588 1589 4642 subditos
1635 4605 1874 4644 necesse
1906 4596 2016 4644 est.

357 4676 582 4748 Quippe
642 4676 970 4748 principum
1003 4675 1142 4730 vitia
1172 4675 1540 4732 calamitates
1583 4684 1718 4732 sunt
1750 4678 2017 4734 subdito-

355 4781 489 4820 rum
523 4781 590 4819 ac
623 4764 943 4820 cruciatus.
984 4767 1274 4837 Imponam
1321 4765 1688 4821 adolescentes
1735 4768 2020 4840 principes

353 4871 561 4911 eorum.
596 4853 756 4908 Bona
787 4855 1024 4925 quidem
1077 4871 1325 4910 numero
1372 4854 1660 4927 singulari
1709 4858 2015 4928 expressit,

2211 2902 2334 2958 408.
2419 2902 2514 2956 Καὶ
2598 2902 2874 2973 ἐπιστήσω
2955 2907 3268 2971 νεανίσκους
3351 2909 3617 2987 ἄρχοντας
3692 2917 3788 2971 αὖ-

2134 2990 2264 3059 τῶν,
2332 2990 2423 3044 καὶ
2495 2992 2793 3064 ὶμπαῖκται
2884 2996 3256 3066 κνριεὺσουσιν
3326 2998 3517 3057 αὺτῶν.
3599 3004 3787 3074 Διπλῆ

2134 3081 2397 3154 τιμωρία,
2457 3080 2544 3135 καῗ
2605 3082 2959 3159 ἀφαιρεθῆναι
2991 3085 3057 3139 τὰ
3085 3085 3280 3160 ἀγαθὰ,
3327 3089 3414 3142 καὶ
3471 3090 3788 3166 παραδοθῆ-

2133 3188 2221 3222 ναι
2249 3173 2367 3230 τοῖς
2400 3169 2634 3245 χείροσι.
2696 3173 2844 3226 Μετὰ
2869 3173 2969 3247 γὰρ
2997 3175 3059 3228 τὸ
3091 3173 3312 3252 ἀφελεῖν
3362 3177 3451 3232 τὸν
3514 3181 3792 3251 Δεσπότην

2133 3255 2330 3345 ξίύριον
2361 3257 2465 3312 ἀπὸ
2495 3258 2596 3326 τῆς
2630 3257 2891 3324 Ἰουδαίας
2922 3261 3010 3316 καὶ
3063 3263 3167 3317 ἀπὸ
3217 3265 3584 3339 Ἰερουσαλὴμ
3633 3269 3796 3345 ἴσχὺν

2133 3343 2297 3418 ἄρτου
2346 3345 2436 3400 καὶ
2487 3345 2644 3420 ἰσχὺν
2707 3346 2924 3417 ὕδατος,
2976 3350 3195 3426 γίγαντα
3236 3354 3327 3406 καὶ
3379 3353 3656 3431 ἰσχύοντα,
3697 3343 3796 3414 καὶ

2132 3431 2414 3508 ἄνθρωπον
2465 3434 2827 3508 πολεμιστήν,
2883 3438 2973 3493 καὶ
3021 3437 3303 3510 δικαστὴν,
3335 3443 3425 3498 καί
3458 3449 3789 3521 ποχαστήν,

2133 3521 2223 3577 καὶ
2253 3523 2750 3600 πεντηκόνταρχον,
2802 3528 2890 3582 καὶ
2944 3530 3252 3602 Θαυμαστὸν
3313 3528 3652 3605 σύμϐουλον,
3700 3539 3786 3592 καὶ

2134 3612 2301 3689 σοφὸν
2367 3612 2747 3687 ἀρχιτέκτονα,
2827 3617 2914 3671 καὶ
2992 3621 3206 3674 συνετὸν
3295 3620 3591 3697 ἀκροατήν·
3667 3626 3787 3681 τότε

2132 3699 2431 3771 ἠπείλησεν
2491 3703 2520 3757 6
2579 3701 2744 3780 λόγος
2799 3705 2982 3769 αὐτοῖς
3043 3707 3550 3788 ἰπιπεμφθήσεσθαι
3610 3715 3791 3769 νεανί-

2133 3811 2294 3852 σκους
2345 3791 2641 3867 ἄρχοντας·
2700 3792 2844 3850 οὕτω
2885 3795 3287 3871 χαλεπωτάτην
3321 3798 3437 3856 οἶδε
3493 3804 3792 3878 τιμωρίαν,

2137 3880 2240 3934 ὑπὸ
2272 3880 2559 3935 νεανίσκων
2615 3880 2877 3958 ἄρχεσθαι
2928 3885 3020 3940 καὶ
3079 3885 3404 3944 διοικεῖσθαι
3433 3891 3617 3949 πόλιν.
3653 3896 3794 3949 Κοῦ-

2131 3989 2228 4045 «ρον
2276 3968 2374 4043 γὰρ
2403 3971 2436 4038 ἡ
2467 3970 2662 4040 νεότης
2709 3972 2798 4025 καὶ
2834 3973 3112 4044 εὐκίνητον
3146 3977 3282 4052 πρὸς
3328 3978 3394 4033 τὰ
3426 3979 3627 4056 φαῦλα’
3667 3981 3792 4036 ἐπι-

2129 4055 2318 4143 θυμίαι
2378 4054 2726 4121 δυσκάθεκτοι
2762 4104 2778 4130 ,
2840 4061 2994 4137 ὀργαὶ
3053 4064 3389 4139 θηριώδεις,
3438 4054 3792 4143 -προπὲτειαι,

2130 4140 2495 4237 ὕϐρεις-(90),
2578 4148 2937 4225 ὑπερηφανίαι
2996 4153 3085 4206 καὶ
3144 4155 3456 4231 φυσιώσεις,
3493 4140 3794 4237 σύντροφα

2127 4238 2196 4306 τῇ
2257 4235 2468 4303 νεότητι
2501 4237 2669 4307 πάθη·
2732 4240 2924 4316 φθόνοι
2956 4241 3092 4316 πρὸς
3133 4243 3196 4297 τὸ
3230 4244 3520 4321 ὑπερὲχον,
3555 4235 3788 4322 ὕποψίαι

2129 4324 2264 4391 πρὸς
2315 4323 2377 4378 τὸ
2427 4323 2650 4382 οῗ⁷κεῖον.
2708 4329 2935 4402 Μυρίων
2986 4336 3168 4386 κακῶν
3229 4333 3393 4406 ἐσμὸς
3444 4336 3785 4405 συνέζευκται

2126 4415 2194 4485 τῇ
2244 4411 2482 4483 νεότητι’
2543 4415 2617 4468 ὧν
2674 4416 2889 4472 πάντων
2945 4419 3152 4494 ἀνάγκη
3206 4422 3500 4479 ἀπολαύειν
3532 4425 3656 4488 τοὺς
3690 4427 3789 4500 ἆρ-

2129 4501 2425 4576 χομὲνους,
2461 4500 2599 4558 διότι
2629 4507 2698 4559 τὰ
2734 4512 2842 4561 τῶν
2877 4504 3160 4584 ἁρχὸντων
3193 4511 3328 4566 κατὰ
3360 4515 3635 4591 συμφοραὶ
3665 4522 3788 4578 τοῖς

2130 4591 2464 4665 ἀρχομένοις
2594 4593 2867 4668 γίγνονται
2903 4641 2915 4652 .
3043 4599 3352 4670 Ἐπιστήσω
3475 4603 3792 4666 νεανίσκους

2130 4680 2400 4767 ᾅρχοντας
2457 4681 2664 4740 αὐτῶν.
2720 4685 2794 4739 Τὰ
2858 4685 2952 4758 μὶν
3012 4687 3190 4762 ἀγαθά
3245 4689 3433 4754 ἑνικῶς
3493 4692 3786 4767 ἀπηγγελ-

2129 4766 2276 4838 λετο,
2312 4769 2574 4846 ἰσχύοντα
2624 4773 2714 4827 καὶ
2766 4773 3062 4850 ἰσχύουσαν
3111 4781 3455 4851 ποΑεμιστὴν
3503 4766 3790 4852 δικαστήν,

2128 4862 2417 4936 προφήτην
2454 4908 2468 4931 ,
2529 4865 2835 4939 στοχαστὴν
2869 4907 2883 4934 ,
2943 4869 3422 4946 πεντηκόνταρχον
3472 4873 3586 4945 (91)
3657 4884 3788 4937 θαυ-

426 4987 470 5024 π
497 4987 710 5060 Ephes.
746 5005 811 5056 ιι,
841 4988 933 5043 22.
1014 4987 1058 5022 9³
1090 4987 1264 5044 Exod.
1299 5005 1454 5055 xxxx,
1484 4988 1538 5043 3.
1615 4989 1662 5024 ”
1693 4989 1854 5045 Prov.
1888 5008 2018 5064 xxv,

2215 4998 2230 5030 ¹
2266 4995 2474 5052 Matth.
2505 5014 2584 5064 x1,
2619 4999 2704 5052 15.

425 5120 541 5191 (88)
569 5121 808 5194 Veteres
840 5123 1104 5194 quinque
1135 5122 1288 5190 libri,
1323 5119 1824 5194 συνοικοδομεῖσθε.
1861 5125 2012 5181 Editi

355 5207 492 5248 vero
522 5200 575 5248 et
604 5193 742 5266 Reg.
771 5193 1025 5268 primus,
1059 5200 1117 5250 et
1147 5195 1489 5267 Procopius,
1537 5193 1670 5269 pag.
1705 5197 1797 5263 64,
1833 5215 2010 5250 συνοι-

357 5259 729 5318 κοδοιεεῖσθαι.

357 5282 564 5320 κοοοιεε
574 5282 729 5320 ισυαι.

428 5284 729 5334 οομεισυαι.

426 5336 536 5414 (89)
587 5337 752 5415 Apud
789 5337 959 5415 ⁸ΙιΧξ(ἱ
1008 5353 1111 5408 pro
1161 5333 1477 5415 πολυτελής
1535 5337 1773 5415 legitur,
1822 5338 2008 5415 σοφός.

352 5405 837 5493 Λόγος.σοξρόςιείς
867 5405 1093 5492 εύηκόον
1141 5405 1500 5493 οὖς-887·φο
1550 5405 1768 5493 sapiens
1820 5413 1877 5466 in
1901 5405 2011 5493 ἀξι-

351 5479 480 5556 rem
501 5479 876 5556 obedientem_.'
905 5481 1114 5556 inquo
1149 5482 1294 5556 quid
1327 5479 1672 5554 scriptorem
1697 5483 2010 5556 deceperit,

350 5549 540 5617 facile,
572 5552 801 5625 opinor,
831 5549 1124 5625 intelliget
1155 5549 1254 5625 qui
1306 5549 1480 5609 verba
1503 5549 1909 5625 antecedentia
1934 5549 2012 5611 le;

348 5624 788 5712 gepe_voL11erit.
815 5623 1190 5712 κΗεεξθκεὶιιῐεξὶῐξξ.
1216 5632 1386 5711 sunt,
1420 5626 1496 5687 εἱς
1521 5624 1742 5681 ἐνώτιον
1771 5632 2011 5712 χρυσοῦν

346 5690 439 5749 καὶ
473 5690 711 5772 Σὰρδιον
737 5690 1042 5758 πολυτελὶς
1102 5692 1332 5768 δέδεται,
1364 5701 1427 5756 in
1472 5716 1701 5758 auream
1757 5690 2014 5760 ι”ἠὶιιινεηι

2124 5130 2290 5206 etiam
2326 5129 2594 5206 Sardium
2621 5135 2923 5206 pretiosum
2956 5136 3190 5206 ligatum
3220 5148 3323 5195 est.
3348 5139 3590 5197 Videtur
3626 5143 3789 5200 enim

2125 5202 2547 5286 interpres_ille
2578 5202 2775 5286 vocem
2799 5202 3114 5286 πολυτελής
3140 5211 3213 5265 ab
3238 5229 3356 5267 una
3379 5213 3602 5286 periodi
3625 5222 3791 5286 parte

2129 5275 2844 5350 pvmfovzaqra‘zpepmﬁpau
2877 5279 2930 5333 in
2966 5275 3208 5337 alteram
3243 5275 3638 5350 transtulisse:

2195 5345 2310 5414 (90)
2342 5345 2739 5428 ῐῦᾶῑῑίέῑξϐρισςξΔ
2754 5353 2835 5428 At
2851 5367 2950 5406 sex
2981 5369 3149 5428 mss,
3197 5349 3397 5427 ὕϐρεις.
3452 5357 3580 5412 Mox
3612 5357 3788 5428 quin-

2125 5431 2237 5502 gue
2271 5433 2440 5502 mss!”
2473 5418 2680 5502 φθόνοι.
2713 5424 2784 5502 At
2817 5427 2953 5496 Reg.
2992 5426 3241 5502 primus,
3268 5418 3304 5481 ’θ
3355 5418 3677 5502 quougrave
3709 5429 3785 5484 il-

2125 5443 2237 5486 que
2274 5443 2440 5480 ωδε..
2473 5443 2680 5495 φῠονοι.
2713 5443 2784 5476 At
2817 5443 2953 5496 ueg.
3033 5443 3241 5495 rimus,
3274 5445 3304 5481 e
3355 5444 3470 5498 quo
3502 5445 3677 5502 grave
3709 5443 3785 5484 u-

2125 5487 2225 5620 ιἍὲ
2260 5495 2516 5546 erratum
2549 5493 2606 5547 in
2644 5499 2908 5550 nostram
2941 5443 3258 5553 editionem
3293 5500 3550 5566 transiit,
3585 5500 3786 5569 habet,

2125 5579 2158 5620 φ
2231 5581 2330 5615 νω.

2125 5579 2330 5634 φυονω.

2200 5633 2308 5717 ς9-Ι)
2341 5634 2427 5717 μθ.
2458 5633 2589 5717 libri
2626 5653 2723 5691 sex
2756 5637 3001 5717 antiqui:
3055 5641 3233 5717 Editi,
3283 5635 3788 5717 πεντηκόνταρχον,

2122 5704 2212 5760 καὶ
2243 5701 2310 5761 τὰ
2341 5701 2529 5766 λοιπὰ.
2565 5701 2912 5784 θαυμιιισιεόν.⁸
2933 5712 3110 5783 Illud,
3139 5701 3233 5768 xui
3257 5713 3326 5769 τὰ
3373 5701 3546 5771 λοιπὰ
3574 5701 3790 5786 etiam;
