4130 6376
290 391 409 453 293

1106 383 1519 447 ΟΟΜΜΕΝΤ.
1563 384 1642 444 ΙΝ
1686 382 1959 444 ISAIAM
2007 384 2516 446 PROPHETAM.
2564 387 2739 448 CAP.
2785 388 2893 449 Ill.

3593 395 3715 454 294

294 520 493 596 μαστὸν
551 513 890 592 σύμϐουλον,
947 516 1109 596 σοφὸν
1165 516 1543 593 ἀρχιτέκτονα,
1577 515 1670 570 τὸν
1726 513 1944 569 συνετὸν

2085 521 2198 572 iuta
2229 516 2512 585 validum,
2545 518 2820 586 validam,
2853 519 3216 588 bellatorem,
3253 523 3539 594 judicem,
3574 543 3713 598 pro-

294 611 593 686 ἀκροατήνο
649 613 756 664 τῶν
791 607 849 663 δέ
904 612 1083 662 κακῶν
1143 608 1177 676 ἡ
1237 604 1438 674 ἀπειλή
1500 603 1575 668 εἷς
1599 611 1815 673 πλῆθος
1847 601 1949 674 ηὕ-

294 702 440 772 ξησε·
531 697 858 758 Νεανίσκους
929 693 1221 770 ἄρχοντας,
1281 696 1394 763 καὶ,
1470 696 1803 767 Ἐμπαῖκται
1856 714 1950 747 κυ-

301 789 603 866 ριεύσουσιν
663 787 838 860 ὑμῶν.
899 785 1019 859 Οὐχ
1066 785 1094 838 6
1143 785 1242 852 τὴν
1297 781 1516 853 ἠλικίαν
1559 781 1678 845 νέος
1716 803 1950 859 κατηγο-

302 885 496 956 ρεῖτάι,
553 877 683 933 ἀλλ’
713 877 741 930 6
791 875 979 948 νεαρὸς
1008 874 1071 928 τὸ
1121 875 1278 942 ἦθος.
1336 874 1411 927 Ού
1461 872 1565 948 γὰρ
1597 873 1624 926 6
1653 877 1731 942 τῷ
1764 871 1952 947 χρόνῳ

304 968 572 1026 ἐλλείπων
623 965 839 1028 πάντως
891 961 1106 1036 ψεκτός·
1161 960 1289 1017 ἀλλ’
1339 963 1367 1016 ὁ
1416 961 1553 1016 κατὰ
1599 962 1770 1022 πάθος
1822 961 1950 1029 ζῶν.

305 1063 526 1118 ⁶Οποῖος
570 1057 638 1125 ἧν
687 1055 714 1109 6
767 1048 1034 1125 Ῥοϐοὰμ,
1080 1052 1203 1128 περὶ
1255 1048 1317 1105 οὗ
1364 1050 1680 1127 γέγραπται,
1715 1050 1798 1105 ὅτι
1851 1050 1948 1103 Καὶ

305 1142 549 1219 ⁶Ρο6οάμ
602 1147 666 1214 ἦν
726 1143 1010 1216 νεώτερος,
1073 1141 1164 1195 καὶ
1213 1138 1394 1202 δειλὸς
1450 1145 1517 1214 τῇ
1586 1137 1800 1215 καρδίᾳ.
1856 1138 1954 1193 Διὰ

300 1241 459 1291 τοῦτο
491 1233 578 1290 καὶ
611 1235 638 1288 6
690 1230 1146 1302 Ἐκκλησιαστὴς,
1194 1230 1330 1288 Οὐαὶ
1381 1251 1487 1299 σοι,
1537 1229 1724 1299 πόλις,
1766 1228 1950 1305 φησὶν,

295 1328 362 1394 ἡς
437 1325 465 1379 6
533 1321 787 1397 βασιλεύς
835 1341 931 1375 σου
961 1320 1219 1396 νεώτερος
1268 1318 1360 1373 καὶ
1409 1319 1461 1372 οἱ
1522 1313 1786 1394 ἄρχοντές
1849 1338 1951 1371 σου

294 1411 439 1487 πρωῖ
499 1409 790 1475 ἐσθίουσιν.
857 1409 934 1467 Οὐ
990 1410 1092 1484 γὰρ
1151 1409 1178 1462 ὁ
1233 1409 1333 1476 τήν
1392 1405 1614 1476 ἠλικίαν
1663 1409 1777 1480 (92)
1805 1406 1948 1475 νὲος,

295 1499 426 1557 ἀλλ’
459 1503 486 1557 6
519 1502 616 1570 τὴν
677 1501 862 1576 ψυχήν
922 1497 1144 1567 ἀτελὴς,
1175 1498 1438 1569 νεώτερος
1488 1497 1575 1551 καὶ
1610 1496 1834 1559 ἐνταῦθα
1864 1494 1954 1550 λέ-

292 1613 468 1668 γεται.
503 1589 652 1647 Ἐπεὶ
681 1589 743 1644 τό
795 1609 856 1662 γε
898 1593 997 1657 τῆς
1047 1585 1267 1657 ἡλικίας
1327 1585 1409 1639 ὅτι
1441 1585 1546 1640 οὐκ
1583 1581 1845 1658 ἐμπόδιον
1876 1588 1955 1656 τῷ

299 1679 629 1756 βουλομένῳ
675 1681 768 1752 ζῇν
812 1678 928 1732 κατ’
978 1676 1198 1752 ἀρετὴν,
1249 1673 1300 1730 ἐν
1345 1679 1465 1736 τοῖς
1516 1673 1653 1744 πρὸς
1685 1672 1952 1749 Ἱερεμίαν

298 1769 490 1843 λόγοις
523 1769 550 1822 ὁ
582 1767 781 1842 Κύριος
842 1762 1055 1837 ἔδειξεν,
1112 1763 1279 1818 εἰπών
1326 1763 1417 1830 Mi]
1466 1762 1614 1836 λὲγε⁴
1665 1763 1787 1818 ’Ότι
1816 1762 1954 1816 νεώ-

2062 605 2321 678 phetam,
2367 609 2777 678 conjectorem,
2825 611 3149 682 principem
3200 628 3377 683 super
3422 614 3710 684 quinqua-

2062 693 2248 764 ginta,
2301 694 2711 750 admirabilem
2763 696 3186 766 consiliarium,
3237 699 3566 772 sapientem
3619 718 3712 758 ar-

2063 781 2404 852 chitectum,
2438 785 2786 854 prudentem
2838 787 3204 854 auditorem;
3245 805 3275 843 e
3323 791 3617 845 contrario
3647 806 3716 846 ea

2065 887 2191 942 quae
2217 871 2586 927 intentantur
2609 873 2762 928 mala
2783 875 2842 928 in
2871 875 3155 946 pluralem
3184 895 3498 933 numerum
3527 895 3718 936 exore-

2061 976 2194 1015 vere
2229 979 2241 1015 :
2277 960 2578 1031 nimirum,
2603 962 2972 1019 Adolescentes
2999 967 3293 1037 principes,
3326 973 3400 1033 et,
3432 967 3715 1024 Derisores

2061 1049 2500 1104 doniinabunlur
2529 1051 2714 1105 vobis.
2757 1051 2884 1107 Non
2919 1053 2967 1107 is
2997 1053 3097 1124 qui
3131 1059 3296 1110 aetate
3327 1061 3418 1110 est
3454 1059 3712 1126 juvenis,

2063 1139 2164 1193 sed
2189 1139 2286 1209 qui
2305 1140 2542 1209 juvenis
2563 1144 2652 1194 est
2677 1141 2963 1210 moribus,
2987 1141 3385 1200 insimulatur.
3408 1145 3532 1203 Non
3555 1148 3713 1202 enim

2061 1226 2135 1298 is,
2159 1227 2255 1283 cui
2287 1228 2483 1283 deficit
2513 1233 2672 1299 aetas,
2699 1234 2790 1284 est
2811 1230 3088 1286 continuo
3119 1231 3470 1304 culpandus,
3494 1236 3590 1291 sed
3615 1236 3716 1309 qui

2061 1315 2239 1372 vitam
2290 1317 2412 1389 agit
2450 1319 2873 1389 cupiditatibus
2913 1320 3229 1376 addictam.
3260 1322 3563 1392 Ejusmodi
3595 1334 3719 1382 erat

2063 1404 2346 1471 Roboam,
2377 1407 2448 1461 de
2480 1424 2595 1478 quo
2627 1407 2913 1480 scriptum
2945 1414 3035 1465 est
3067 1426 3078 1465 :
3112 1411 3176 1465 Et
3209 1411 3445 1468 Roboam
3473 1419 3594 1469 erat
3612 1416 3716 1487 ju-

2061 1497 2208 1566 nior,
2239 1498 2292 1550 et
2329 1496 2558 1551 timidus
2600 1497 2764 1553 corde
2793 1499 2834 1551 ³.
2869 1500 3055 1564 Quare
3086 1505 3142 1554 et
3173 1500 3551 1559 Ecclesiastes
3585 1519 3596 1557 :
3635 1506 3717 1559 Vae

2065 1586 2186 1653 tibi,
2219 1584 2431 1655 inquit,
2475 1587 2687 1652 civitas,
2721 1588 2880 1656 cuius
2928 1604 3030 1644 rex
3075 1593 3205 1644 tuus
3234 1591 3441 1661 iunior,
3471 1602 3522 1647 et
3549 1594 3717 1664 prin-

2062 1675 2205 1746 cipes
2237 1676 2322 1729 tui
2349 1692 2516 1730 mane
2553 1677 2843 1732 comedunt
2864 1677 2904 1730 ³.
2938 1677 3063 1732 Non
3111 1678 3265 1733 enim
3299 1679 3400 1750 qui
3431 1684 3597 1737 aetate
3617 1683 3717 1753 ju-

2064 1763 2250 1831 venis,
2276 1765 2378 1818 sed
2413 1765 2513 1836 qui
2545 1766 2873 1820 secundum
2906 1765 3164 1822 animam
3197 1768 3577 1840 imperfectus
3605 1776 3715 1840 est,

297 1857 456 1933 τερός
490 1857 625 1929 εἰμι.
687 1855 763 1912 ()L’.
811 1854 913 1931 γὰρ
969 1854 1246 1930 ἠρνήσατο
1300 1849 1461 1906 αὐτὸν
1522 1853 1630 1924 (93)
1659 1851 1792 1952 εἶναι
1823 1849 1954 1952 νεῶ-

2085 1851 2242 1908 ιιὶιιω
2292 1851 2385 1907 hic
2434 1852 2648 1907 dicitur
2689 1853 2911 1923 junior.
2942 1855 3088 1912 Nam
3134 1858 3289 1926 quod
3339 1862 3478 1915 aetas
3528 1860 3720 1916 minor

300 1967 479 2022 τερονο
540 1943 672 2021 ιρλλ’
748 1940 876 2019 ἔφη,
958 1943 1034 2015 μὴ
1114 1941 1248 1996 εἶναι
1327 1939 1588 2013 ἐμπόδιον
1661 1938 1807 2012 αὐτῷ
1855 1941 1954 2009 τὴν

301 2035 532 2107 νεότητα
581 2031 671 2089 διὰ
714 2033 813 2101 τήν
871 2029 1152 2086 τελείωσιν
1210 2035 1312 2099 τῆς
1372 2032 1580 2104 ψυχῆς·
1641 2029 1765 2085 ’Ότι
1817 2029 1954 2105 πρὸς

304 2127 534 2195 πάντας,
619 2123 785 2198 πρὸς.
836 2120 927 2183 οὓς
981 2118 1070 2174 ἐὰν
1157 2115 1499 2189 ἐξαποστελῶ
1555 2139 1632 2184 σε,
1689 2116 1951 2193 πορεύσῃ.

302 2215 397 2285 Τῷ
467 2212 568 2288 γὰρ
646 2211 958 2289 φρονήμάτι
1037 2209 1251 2286 ἑώρακα
1321 2203 1676 2282 πρεσϐυτικὸν
1758 2206 1957 2284 τυγχά-

2067 1941 2489 2013 impedimento
2520 1958 2636 1996 non
2669 1943 2746 1997 sit
2788 1942 2864 2010 ei,
2889 1943 2988 2015 qui
3021 1961 3091 2000 ex
3122 1947 3456 2018 praescripto
3487 1948 3722 2006 virtutis

2065 2030 2256 2085 vivere
2303 2029 2573 2101 voluerit,
2605 2032 2860 2087 ostendit
2909 2033 3190 2089 Dominus
3243 2052 3378 2090 cum
3431 2035 3721 2094 allocutus

2067 2124 2158 2176 est
2197 2119 2538 2188 Jeremiam,
2593 2120 2842 2177 dicens‘
2874 2138 2886 2177 :
2937 2123 3064 2178 Noti
3101 2123 3300 2191 dicere,
3333 2127 3483 2196 Quia
3519 2130 3722 2198 Iunior

2065 2226 2211 2266 sum.
2258 2210 2370 2265 Nec
2401 2211 2560 2266 enim
2594 2212 2828 2284 negavit
2874 2229 3002 2268 esse
3046 2215 3345 2284 juniorem
3374 2235 3387 2273 :
3421 2219 3522 2273 sed
3553 2219 3721 2291 dixit,

301 2322 462 2357 νοντα
517 2303 653 2376 (24),
712 2301 740 2354 6
813 2298 1029 2374 βλέπων
1107 2299 1206 2367 τήν
1266 2297 1570 2370 σεμνότητα
1624 2302 1724 2366 τῆς
1769 2293 1820 2350 ἐν
1880 2301 1957 2368 τῷ

2095 2305 2365 2355 uventam
2397 2301 2450 2355 ei
2483 2317 2598 2356 non
2630 2317 2758 2357 esse
2808 2302 3228 2373 impedimento
3260 2311 3494 2377 propter
3539 2307 3724 2364 animi

304 2395 528 2466 κρυπτῷ
560 2389 777 2452 πολιῑις.

2068 2389 2486 2460 perfectionem
2521 2406 2534 2444 :
2569 2391 2712 2458 Quia
2759 2392 2830 2446 ad
2881 2407 3069 2449 omnes
3127 2394 3197 2448 ad
3243 2411 3370 2466 quos
3417 2398 3625 2454 misero
3653 2407 3726 2468 te,

301 2485 435 2540 ibis.
467 2483 585 2554 Ego
617 2482 794 2548 enim,
824 2478 921 2551 qui
972 2477 1208 2535 canitiei
1240 2494 1368 2549 quas
1396 2475 1458 2531 in
1491 2475 1716 2532 occulto
1766 2481 1856 2533 est
1911 2477 2257 2549 gravitatem
2287 2479 2476 2549 video,
2508 2479 2635 2551 ipse
2665 2485 2723 2535 te
2753 2483 3026 2552 conspexi
3067 2489 3260 2540 mente
3307 2487 3365 2540 et
3413 2487 3730 2558 prudentia

307 2587 532 2630 senem.

381 2660 861 2730 109.²Εμπαῖκται
924 2652 981 2708 δὲ
1052 2651 1446 2729 κυριεύσουσινο
1517 2656 1631 2708 τῶν
1690 2673 1968 2729 παραστη-

309 2748 512 2805 σάντων
541 2745 764 2808 ἑαυτοὺς
824 2742 1058 2806 δούλους
1105 2746 1177 2817 τῇ
1237 2742 1492 2817 ἁμαρτίᾳ.
1535 2740 1658 2798 Ἐὰν
1715 2743 1816 2818 γὰρ
1872 2743 1966 2818 γέ-

309 2857 472 2908 νηται
502 2837 688 2911 κύριος
719 2833 894 2890 αὐτῶν
955 2833 984 2888 6
1036 2832 1217 2895 κοινὸς
1258 2831 1480 2907 ἐχθρὸς,
1525 2830 1654 2906 ούχὶ
1698 2832 1773 2894 ὡς
1807 2830 1968 2894 ἰδίοις

318 2927 610 3003 κέχρηται,
645 2923 791 2981 ἀλλά
841 2921 1244 2998 οαρακὲχρηται
1303 2921 1380 2983 ώς
1438 2918 1779 2997 ἀλλοτρίοις.
1833 2922 1970 2994 Ἐμ-

319 3013 589 3090 πομπεύει
625 3016 735 3088 (95)
785 3013 887 3090 γὰρ
942 3016 1024 3084 τῷ
1079 3008 1455 3086 παγιδευθέντι
1510 3010 1612 3063 ὑπο
1660 3016 1759 3079 τῆς
1800 3010 1970 3084 ἁμαρ-

315 3104 432 3166 τίας
463 3105 491 3158 ὁ
548 3102 731 3164 κοινὸς
762 3104 924 3173 ἡμῶν
981 3098 1272 3171 πολέμιος,
1307 3092 1652 3171 ἐπεμϐαίνων
1708 3097 1797 3151 καὶ
1841 3117 1968 3151 κατ-

319 3191 677 3268 ιπαιρόμενος
732 3192 912 3263 ἡμῶν,
961 3188 1051 3242 καὶ
1110 3186 1219 3261 οὐχ
1263 3189 1424 3259 ἡμῶν
1487 3185 1676 3258 μόνον,
1708 3184 1853 3240 ἀλλὰ
1881 3186 1970 3240 καὶ

2150 2656 2272 2712 109.
2310 2657 2584 2713 Derisores
2630 2667 2819 2714 autem
2864 2659 3318 2728 dominabuntur,
3347 2662 3431 2718 eis
3463 2662 3731 2721 videlicet

2077 2746 2179 2817 qui
2228 2763 2357 2803 sese
2416 2748 2636 2819 peccati
2693 2749 3024 2804 addixerint
3082 2751 3372 2808 servituti.
3405 2753 3632 2810 Etenim
3679 2755 3730 2810 si

2078 2837 2413 2892 communis
2460 2837 2738 2893 inimicus
2785 2840 2991 2894 evadat
3031 2856 3233 2895 eorum
3279 2841 3730 2913 dominus,jam

2080 2941 2195 2979 non
2227 2925 2394 2996 quasi
2428 2926 2680 2996 propriis
2735 2927 3044 2998 mancipiis
3097 2930 3300 2995 utitur,
3336 2931 3438 2984 sed
3471 2932 3736 2986 abutitur

2078 3017 2362 3084 tanquam
2397 3013 2624 3068 alienis.
2649 3015 2794 3070 Nam
2831 3017 2926 3070 hic
2958 3022 3158 3072 uoster
3179 3021 3514 3075 communis
3547 3020 3736 3076 hostis

2080 3118 2212 3156 eum
2239 3119 2412 3171 quem
2444 3101 2692 3156 irrctivit
2723 3109 2981 3174 peccato,
3005 3121 3108 3160 ceu
3133 3107 3190 3159 in
3219 3123 3432 3178 pompa
3453 3113 3731 3177 ostentat,

2081 3177 2465 3260 ins‘ultatque,
2499 3197 2558 3245 et
2583 3207 2644 3246 se
2675 3193 2986 3247 adversum
3019 3211 3124 3248 nos
3156 3195 3360 3262 etl‘ert;
3396 3213 3499 3250 nec
3530 3199 3730 3253 adver-

313 3286 412 3336 τοῦ
445 3279 642 3350 Κυρίου
689 3280 874 3351 ἡμῶν,
907 3277 974 3330 οὗ
1031 3275 1413 3330 ἀπεστασίασεν
1464 3276 1632 3347 ἡμᾶς,
1664 3273 1753 3328 καὶ
1799 3271 1964 3347 δημο-

412 3368 425 3387 l
569 3371 583 3389 ε
651 3371 677 3382 -ο
783 3367 834 3389 ,ι
936 3363 1326 3389 λ---μ-,--.ζη-μ-.
1415 3363 1470 3389 --ἱ
1532 3361 1720 3389 ..φη-μ.
1771 3364 1935 3389 Δ--,,.-

2085 3293 2187 3332 sus
2219 3294 2325 3332 nos
2368 3278 2582 3345 solum,
2616 3281 2718 3334 sed
2751 3281 2927 3335 etiam
2970 3283 3249 3336 adversus
3281 3283 3596 3339 Dominum
3631 3302 3734 3341 no-

2085 3371 2266 3389 -L---_..
2323 3384 2344 3389 _
2387 3384 2492 3389 ---η
2527 3384 2630 3389 ..-μ
2667 3368 2916 3389 :_._____l-,,
2956 3369 2970 3389 3
2997 3388 3000 3389 ,
3028 3371 3065 3389 ,7
3127 3388 3132 3389 ,
3185 3373 3266 3389 ’.ιι
3336 3373 3345 3382 ⁸
3601 3380 3608 3389 .

315 3368 506 3424 σιεύων
558 3371 720 3440 ἡμῶν
776 3367 876 3434 τὴν
931 3363 1352 3439 ἀσχημοσύνην,
1413 3363 1474 3417 ού
1530 3361 1726 3418 παύται
1771 3364 1966 3437 θριαμ-

313 3453 486 3512 ϐεύων
516 3454 644 3516 τοὺς
673 3454 1090 3529 αἰχμαλώτους,
1119 3451 1208 3507 καὶ
1259 3449 1536 3524 ἐμπαίζων
1586 3456 1708 3512 τοῖς
1742 3451 1967 3527 ὑποχει-

313 3544 477 3621 ρίοις.
538 3540 759 3610 Ἐπειδή
791 3543 893 3617 γὰρ
951 3541 1110 3602 αὐτὸς
1170 3538 1464 3610 πεποίηται
1514 3539 1588 3601 είς
1636 3539 1698 3594 τὸ
1748 3537 1971 3613 ἐγκατα-

311 3633 599 3703 παίζισθαι
660 3633 860 3706 (Τοῦτο
910 3630 1012 3707 γὰρ
1072 3628 1204 3698 ἐστι,
1263 3629 1452 3706 φησὶν,
1509 3628 1656 3704 ἀρχὴ
1717 3626 1970 3700 πλάσμα-

311 3745 405 3786 τος
509 3720 734 3796 Κυρίου,
837 3717 1208 3792 πεποιημίνον
1284 3716 1764 3794 ἐγκαταπαίζεσθαι
1870 3716 1972 3772 ὑπὸ

314 3817 424 3869 τῶν
485 3809 734 3886 ἀγγέλων
795 3807 981 3863 αὑτοῦ·
1039 3807 1129 3861 καὶ
1189 3807 1216 3860 6
1277 3801 1499 3880 ψαλμὸς
1560 3809 1690 3878 (96)·
1753 3804 1974 3882 Δράκων

315 3903 472 3963 οὗτος
549 3900 607 3955 ’ὸν
710 3893 948 3958 ἔπλασας
1017 3895 1302 3968 ἐμπαίζειν
1373 3897 1570 3968 αὐτῷ),
1647 3894 1973 3971 περιτρέψας

315 3994 454 4064 ἡμῖν
505 3991 640 4064 ἅπερ
698 3986 858 4048 αὐτὸς
915 3987 1146 4061 πάσχειν
1206 3980 1462 4054 ὤφειλεν,
1521 3981 1755 4060 κυριεύει
1809 3987 1971 4058 ἡμῶν

315 4078 407 4136 διὰ
433 4083 539 4135 τῶν
574 4077 925 4152 ἐμπαιγμῶν.
952 4075 1108 4128 Ὅθεν
1144 4074 1172 4129 6
1200 4081 1302 4144 τῆς
1352 4072 1412 4129 ἐκ
1437 4076 1548 4148 (97)
1581 4079 1678 4130 τοῦ
1709 4069 1973 4130 διαϐόλου

312 4167 694 4246 ἒνεργηθείσης
757 4165 833 4229 εἷς
915 4162 1074 4219 αὐτὸν
1123 4162 1392 4239 ἁμαρτίας
1452 4163 1795 4237 αἰσθόμενος,
1849 4167 1974 4222 ’Ὁτι

312 4258 369 4314 αἱ
450 4258 580 4332 ψόαι
651 4275 780 4329 μου,
864 4253 1043 4325 θησὶν,
1127 4251 1481 4324 ἆπλήσθησαν
1551 4253 1971 4329 ἐμπαιγμάτων.

312 4347 414 4402 Καὶ
448 4343 646 4421 σχεδὸν
680 4342 860 4418 ὥσπερ
895 4344 922 4397 6
974 4342 1218 4416 Σαμψὼν
1271 4340 1515 4421 λάφυρον
1562 4343 1850 4419 γενόμενος
1884 4340 1974 4398 διὰ

311 4444 413 4508 τῆς
469 4433 696 4510 πορείας
754 4437 870 4495 τοῖς
947 4429 1314 4507 ἀλλοφύλοις,
1374 4431 1792 4507 ἀπο-τυφλωθεὶς
1846 4435 1970 4509 παρ’

313 4525 514 4593 αὐτῶν,
573 4524 834 4601 προήχθη
891 4525 988 4577 τοῦ
1057 4519 1430 4596 ἐμπαιχθῆναι
1489 4523 1622 4595 (98)·
1683 4521 1825 4578 οὕτω
1881 4523 1968 4578 καὶ

2084 3371 2296 3435 strum,
2320 3384 2353 3420 a
2382 3384 2497 3438 quo
2527 3384 2632 3422 nos
2667 3368 2922 3440 impulsu
2956 3369 3144 3442 ipsius
3167 3373 3490 3428 defecimus
3519 3391 3531 3430 :
3560 3380 3736 3447 atque

2081 3453 2508 3526 turpitudinem
2543 3463 2803 3513 nostram
2836 3459 3134 3531 detegens,
3158 3462 3229 3516 de
3250 3463 3490 3533 captivis
3525 3464 3732 3520 trium-

2083 3543 2285 3616 phare,
2317 3560 2384 3599 ac
2416 3545 2688 3600 subditos
2719 3547 2963 3602 illudere
3014 3565 3128 3604 non
3177 3555 3387 3605 cessat.
3411 3551 3554 3606 Nam
3589 3571 3734 3623 quo-

2083 3633 2240 3688 niam
2300 3633 2632 3689 destinatus
2687 3641 2776 3690 est
2832 3636 3088 3693 irrisioni
3139 3640 3277 3708 (Hoc
3314 3642 3483 3710 enim,
3518 3642 3734 3713 inquit,

2081 3733 2162 3778 est
2189 3725 2536 3793 principium
2584 3726 2937 3794 formationis
2970 3727 3207 3794 Domini,
3237 3732 3446 3798 factum
3494 3736 3554 3785 ut
3602 3733 3737 3787 iitu-

2081 3811 2304 3866 deretur
2329 3812 2400 3867 ab
2450 3813 2664 3881 augetis
2699 3815 2814 3885 ejus
2835 3814 2855 3848 ⁵
2889 3831 2901 3868 :
2935 3821 2993 3869 et
3041 3816 3305 3886 psalmus
3339 3833 3352 3872 :
3390 3819 3560 3873 Draco
3609 3823 3738 3885 iste,

2081 3918 2240 3973 quem
2285 3904 2543 3972 formasti
2571 3902 2640 3957 ad
2669 3902 3026 3959 illudendum
3055 3907 3107 3960 ei
3125 3907 3190 3976 ⁸),
3223 3923 3290 3961 ea
3322 3924 3449 3977 quae
3482 3909 3599 3978 pati
3633 3910 3738 3964 de-

2085 3991 2315 4055 buerat,
2343 3989 2400 4044 in
2430 4007 2537 4046 nos
2561 3991 2854 4062 rejiciens,
2882 3993 3210 4048 dominium
3243 3994 3302 4049 in
3337 4013 3442 4051 nos
3477 4014 3579 4066 per
3599 4015 3740 4053 suas

2084 4078 2389 4134 illusiones
2449 4078 2646 4133 habet.
2679 4077 2843 4135 Unde
2900 4081 3002 4152 qui
3063 4082 3353 4138 sentiebat
3413 4090 3739 4156 peccatum,

2084 4169 2240 4240 quod
2290 4166 2505 4222 diaboli
2555 4184 2731 4238 opera
2777 4169 3116 4236 admiserat,
3164 4171 3437 4228 dicebat:
3473 4175 3745 4242 Quoniam

2084 4257 2262 4312 lumbi
2287 4259 2398 4311 mei
2427 4257 2640 4327 impleti
2667 4265 2798 4312 sunt
2836 4259 3195 4315 illusionibus
3217 4261 3256 4316 ⁷.
3291 4262 3359 4315 Et
3391 4263 3505 4316 fere
3537 4280 3742 4334 quem-

2084 4345 2404 4402 admodum
2458 4346 2707 4400 Samson
2762 4345 3108 4420 alienigenis
3139 4349 3212 4404 ob
3244 4355 3513 4428 stuprum
3549 4353 3745 4423 praeda

2083 4434 2348 4501 effectus,
2373 4439 2544 4505 atque
2577 4434 2648 4489 ab
2680 4435 2765 4490 eis
2796 4443 3136 4506 excaecatus,
3166 4439 3316 4496 455
3353 4455 3418 4495 eo
3452 4442 3746 4498 adductus

2086 4526 2174 4578 est
2206 4527 2272 4578 ut
2299 4522 2415 4578 sibi
2463 4521 2854 4578 illuderetur8
2889 4542 2902 4580 :
2937 4525 3018 4580 sic
3051 4543 3285 4598 quoque
3333 4545 3744 4602 quemcunque

387 4627 408 4662 ³
443 4627 490 4682 II
545 4625 848 4698 Par.xm,
896 4625 952 4678 7.
1027 4620 1266 4676 3Eccle.
1297 4638 1353 4688 x,
1388 4621 1473 4675 16.
1554 4623 1574 4656 ⁴
1604 4621 1722 4676 Jer.
1779 4639 1821 4689 1,
1873 4621 1928 4676 7.
2005 4621 2184 4677 l‘Job.
2225 4637 2316 4692 XL,
2349 4621 2436 4674 19.
2514 4620 2535 4655 ⁸
2585 4619 2742 4675 Psal.
2805 4638 2925 4687 c111,
2983 4623 3072 4676 26.
3151 4625 3169 4659 ⁷
3219 4625 3374 4681 Psal.
3424 4644 3636 4698 xxxvn,
3688 4629 3742 4683 8.

314 4698 336 4734 ⁸
363 4698 499 4755 Jud.
532 4713 647 4764 xw,
684 4697 776 4751 25.

319 4797 369 4853 si
403 4813 437 4851 a
468 4811 610 4850 mss.
637 4809 754 4848 non
779 4793 1035 4856 abesset,
1057 4789 1142 4845 ita
1165 4797 1359 4844 tamen
1384 4805 1485 4859 per
1506 4805 1568 4844 se
1589 4789 1845 4844 otiosum
1870 4795 1982 4858 est,

319 4873 387 4925 ut
418 4865 716 4924 exercitati
750 4864 805 4917 in
841 4863 935 4918 his
989 4862 1166 4917 rebus
1199 4861 1492 4927 homines,
1525 4861 1598 4916 ob
1632 4877 1758 4915 eam
1794 4861 1980 4916 solam

321 4956 581 5002 causam,
617 4937 677 4991 ni
710 4935 901 4999 fallor,
937 4935 1134 4988 statim
1168 4932 1484 5002 delendum
1511 4933 1871 5002 judicarent.

396 5013 508 5083 (92)
541 5001 988 5083 Colb._primus,
1022 5005 1050 5058 6
1077 5007 1147 5083 τῇ
1177 5001 1392 5083 ᾐλικίςι·

397 5072 606 5153 (93)1η
646 5072 838 5153 tribus
887 5093 1034 5144 mss,
1077 5072 1314 5153 legitur,
1347 5072 1565 5153 ἑαυτόν,
1608 5074 1783 5153 male.
1835 5075 1983 5130 Nam

327 5146 438 5207 hoc
468 5146 594 5208 loco
625 5151 931 5212 Dominus,
957 5165 1070 5204 non
1091 5146 1378 5204 Jéremias
1407 5146 1687 5219 loquitur.
1713 5148 1845 5203 Mox
1866 5153 1984 5202 tres

332 5239 478 5279 mss.
509 5241 672 5295 aeque
704 5239 785 5295 ac
826 5219 983 5295 LXX,
1015 5219 1150 5295 προς
1182 5219 1384 5295 πάντας
1413 5218 1524 5280 οὕς.
1560 5219 1712 5295 Editi
1761 5224 1820 5274 et
1847 5219 1984 5295 _duo

331 5312 504 5361 mss.,
533 5289 618 5348 ὅτι
645 5291 847 5356 πάντας
890 5289 1028 5365 πρὸς
1060 5289 1188 5353 ὀῦς.
1217 5294 1288 5348 At
1321 5293 1460 5362 Reg.
1495 5292 1707 5365 tertius
1749 5289 1984 5365 melius,

334 5367 644 5458 magisque
674 5384 744 5424 ex
771 5361 1110 5438 prmsoripto
1141 5361 1584 5438 grammatices,
1613 5361 1752 5436 πρὸς
1782 5361 1986 5423 πάντας

330 5459 467 5500 προς
498 5459 618 5500 ους.

376 5458 637 5581 Piitiiii
668 5511 822 5565 recte
847 5507 1179 5581 emendavit
1202 5507 1447 5581 Ducaeus
1479 5525 1510 5565 e
1539 5507 1666 5564 suis
1686 5505 1988 5581 codicibus

334 5582 404 5639 H.
427 5579 580 5652 et'J.,
607 5581 822 5656 quibus
855 5584 1098 5656 uterque
1112 5580 1762 5656 _C_olbertinus_adjungi
1794 5579 1985 5656 debet.

340 5658 413 5710 At
444 5644 757 5729 tres'Hegii
785 5670 927 5710 mss.
951 5644 1022 5711 et.
1035 5653 1174 5711 editi
1196 5659 1466 5729 corrupte
1499 5644 1736 5725 habent:
1762 5644 1966 5726 πρεσϐυ

336 5730 476 5801 τικῷ
506 5725 830 5805 τυγχάνοντι
841 5767 853 5782 .

2163 4788 2454 4866 (95)‘Reg.
2503 4792 2772 4866 quartus,
2820 4786 3175 4866 éxnppnsoei.
3219 4795 3373 4850 Infra
3419 4795 3578 4851 Colb.
3630 4795 3747 4866 pri-

2093 4859 2440 4951 ξηιλεκίᾑμῶν
2471 4859 2568 4950 τῂν
2605 4859 2892 4951 αἰσχύνην.
2920 4859 3298 4951 Ηειυᾳμιοηεο
3324 4867 3546 4938 aliquot
3576 4859 3747 4937 mss.,

2093 4929 2407 5010 tpuuictovﬂ
2442 4931 2569 5010 τοὺς
2604 4929 2971 5010 ὑποχειρίους.
3006 4936 3118 4992 Alii
3163 4929 3401 5010 quidam
3421 4929 3580 4995 'mss.
3614 4929 3744 4996 cum

2091 5006 2288 5079 editis,
2318 5005 2835 5079 toicﬁuoxetploté.

2166 5078 2280 5202 (96)
2317 5079 2384 5201 Ian,
2409 5075 2700 5148 aliquibus
2723 5096 2863 5134 mss.
2899 5079 3183 5148 scriptum
3215 5083 3569 5152 invenimus,
3597 5079 3688 5136 καὶ
3723 5081 3750 5136 ὁ

2166 5168 2183 5200 ῑ
2231 5169 2318 5202 μω
2357 5167 2436 5202 ος.

2093 5142 2436 5208 Ψαλμξῳδός.

2526 5223 2592 5296 et
2638 5223 2776 5290 Reg.
2808 5220 3057 5296 primus,
3087 5222 3241 5279 Ὂθεν
3298 5221 3358 5278 ἐκ
3409 5230 3531 5293 τῆς·
3592 5225 3750 5296 quod

2096 5289 2230 5376 cum
2263 5293 2456 5376 palam
2491 5289 2771 5376 vitiosum
2807 5289 3244 5376 sit,_emendare_
3270 5296 3340 5352 de
3361 5289 3477 5376 suo
3503 5289 3627 5352 non.
3652 5298 3756 5353 du-

2097 5362 2306 5439 bitavit
2361 5362 2773 5439 Combeﬁsius.
2824 5364 2938 5439 Ait
2993 5367 3174 5439 igitur
3231 5368 3544 5439 legendum
3605 5386 3754 5438 esse,

2097 5434 2449 5518 ἐμπαιγμῶν,
2475 5453 2652 5518 ωνπερ
2686 5432 2745 5518 lix
2764 5438 2882 5500 τῆς.
2908 5432 3389 5518 δοιῇ-οοηιῇεοῐιξη
3418 5432 3754 5518 illius_nibil

2100 5506 2248 5580 opus
2279 5506 2389 5576 est,
2414 5523 2545 5585 cum
2573 5506 2864 5585 hielocus
2890 5508 3034 5585 satis
3056 5506 3363 5585 commode
3393 5529 3460 5570 ex
3493 5513 3757 5585 quinque

2101 5577 2246 5637 mss.
2280 5580 2476 5636 sanari
2510 5577 2695 5650 possit
2729 5577 2835 5650 :“in
2868 5579 3084 5650 quibus
3116 5583 3396 5640 omnibus
3427 5577 3759 5641 constanter

2100 5653 2336 5725 legitur,
2371 5645 2715 5779 ἔμπα-ιῖμῶν,
2746 5645 2864 5736 ὅθεν
2884 5645 2925 5702 “6
2963 5656 3064 5720 τῆς
3093 5651 3170 5710 ἐκ,

2172 5725 2285 5779 (98)
2316 5725 2490 5779 Edm.
2581 5729 2923 5779 μπαιγθηναι
2981 5725 3109 5779 παρ’
3165 5752 3170 5777 ‹

2172 5724 2285 5797 (98)
2316 5724 2490 5796 Editi,
2548 5724 2923 5794 ἐμπαιχθῆναι
2981 5725 3109 5799 παρ’
3165 5725 3366 5781 αὐτῶν.
3421 5727 3534 5787 Sed
3585 5724 3755 5796 illud,
