4130 6404
322 388 438 450 297

1142 385 1546 448 ΟΟΜΜΕΝΤ.
1595 385 1672 444 ΙΝ
1725 381 1986 445 ISAIAM
2043 379 2552 444 PHUPHETAM.
2603 385 2775 444 CAP.
2822 381 2928 444 lll.

3631 383 3748 447 298

325 518 667 575 πολιτεύτων
729 516 1161 590 στρατεύωνται,
1216 517 1266 571 οἱ
1321 513 1509 590 ἄτιμοι
1560 521 1677 578 τοῖς
1733 515 1976 588 ἐντίμως

2118 514 2336 583 pellem,
2370 520 2497 570 tum
2547 515 2883 572 inhonorati
2933 517 3216 572 adversus
3254 515 3630 572 honorabiles
3660 515 3751 570 in-

325 607 784 683 προσκόπτουσιν.
816 607 888 664 ’Ή
916 605 1017 684 γέἰρ
1049 605 1158 680 οὐχ
1187 607 1401 681 ὁρῶμεν
1437 602 1637 680 ἄνδρας
1668 604 1784 659 καθ’
1826 602 1982 659 ἆκάσ-

323 720 422 770 την
456 695 668 773 ἡμέραν
714 696 821 751 ἀπὸ
874 694 1046 769 μέθης
1097 694 1186 750 καὶ
1227 695 1688 771 γαστριμαργίας,
1720 693 1827 748 ἀπὸ
1873 693 1984 747 τῶν

327 790 718 864 χαμαιτυπιῶν
748 785 1156 858 ἀνισταμένους,
1202 785 1289 838 καὶ
1327 785 1448 858 περὶ
1483 788 1616 838 Θεοῦ
1648 781 1982 858 διαλεγομέ-

327 898 474 945 νους,
504 874 595 932 καὶ
626 873 913 949 κρίνοντας
941 873 1070 938 τοὺς
1095 873 1314 946 τιμίους
1343 877 1440 928 τοῦ
1468 871 1628 928 λαοῦ.

405 970 544 1024 111.
615 967 739 1022 ’Ότι
810 961 1135 1037 ἐπιλήψεται
1216 963 1500 1038 ἄνθρωπος
1576 963 1673 1016 τοῦ
1743 958 1982 1038 ἀδελφοῦ

335 1055 534 1124 αὐτοῦ,
612 1053 703 1109 καὶ
760 1057 856 1108 τοῦ
915 1051 1152 1124 πλησίον
1206 1055 1304 1106 τοῦ
1362 1051 1566 1127 πατρὸς
1624 1050 1827 1121 αὐτοῦ,
1887 1048 1982 1105 λέ-

335 1166 468 1221 γων.
527 1141 762 1216 Ἰμάτιον
817 1137 986 1218 ἔχεις,
1047 1140 1294 1217 ἀρχηγὸς
1348 1143 1509 1214 ἡμῶν
1567 1145 1744 1216 γενοῦ,
1802 1141 1984 1194 καὶτὸ

342 1236 535 1310 βρῶμα
587 1234 650 1288 τὸ
709 1231 841 1304 ἐμὸν
905 1231 1009 1287 ὑπὸ
1069 1231 1126 1285 σὲ
1155 1225 1314 1287 ἔστω.
1351 1233 1546 1307 Σαφῶς
1581 1231 1669 1285 καὶ
1702 1233 1868 1285 ταῦτα
1895 1227 1984 1284 ἐπὶ

332 1324 424 1378 τὸν
481 1323 662 1394 καιρὸν
715 1321 865 1400 φέρει
909 1327 1008 1391 τῆς
1038 1317 1348 1389 Ἰουδαϊκῆς
1403 1318 1682 1388 ἁλώσεως,
1713 1319 1803 1375 ὅτε
1837 1318 1983 1374 ἰκτε-

330 1412 556 1483 τηκότες
589 1409 764 1484 λιμῷ,
795 1412 870 1473 ὡς
901 1411 991 1466 καὶ
1023 1409 1099 1472 εἷς
1145 1407 1601 1486 ἀλληλογραφίαν
1645 1411 1746 1484 (6')
1790 1407 1984 1471 αὐτοὺς

336 1500 603 1572 ἐκπεσεῖν,
656 1506 772 1564 τοῖς
825 1497 1075 1555 δοκοῦσιν
1135 1500 1389 1575 εὐπορεῖν
1421 1500 1832 1575 προσεχώρουν,
1889 1497 1984 1560 τὰς

336 1591 666 1668 προστασίας
723 1590 894 1644 αὐτῶν
970 1587 1394 1661 ἐπικαλούμενοι
1432 1631 1444 1644 .
1521 1589 1755 1661 Ἰμάτιον
1814 1583 1985 1663 ἔχεις,

337 1681 590 1757 ἀρχηγὸς
622 1682 700 1754 (7)
746 1682 908 1753 ἡμῶν
967 1683 1147 1755 γενοῦ.
1205 1681 1266 1736 Ὁ
1321 1676 1544 1749 ἀληθῶς
1576 1677 1764 1754 ἄρχων
1799 1676 1900 1732 οὐκ
1929 1676 1989 1732 ἐκ

336 1775 444 1825 τῶν
478 1768 667 1840 ἔξωθεν
725 1763 1021 1842 συμϐόλων
1079 1766 1445 1843 γνωρίζεται,
1507 1770 1622 1822 οἷον
1681 1765 1986 1842 πορφύρας,

338 1855 636 1935 χλαμίδος,
669 1857 760 1913 καὶ
793 1854 1292 1929 διαδήματος·ἅλλ’
1328 1854 1386 1909 ἐκ
1413 1860 1508 1910 τοῦ
1525 1852 1671 1930 ἔχειν
1702 1854 1801 1923 τὴν
1833 1854 1992 1930 ἀρχι-

339 1949 441 2017 κὴν
490 1946 708 2024 ἀρετήν.
760 1948 821 2004 Ὀ
871 1946 974 2021 γὰρ
1005 1945 1313 2022 ἀρχόμενος
1357 1945 1460 2000 ὑπὸ
1491 1949 1600 2000 τῶν
1632 1941 1870 2014 ἡδονῶν,
1899 1964 1990 1998 και

341 2036 611 2113 ἀγόμενος
662 2035 977 2108 ἐπιθυμίαις
1036 2035 1110 2108 (8)
1160 2030 1462 2104 ποικίλαις,
1509 2031 1706 2095 δοῦλος
1765 2030 1838 2087 ὢν
1893 2039 1991 2102 τῆς

341 2125 629 2201 ἁμαρτίας,
690 2121 1062 2194 ἀνεπιτήδειός
1121 2121 1231 2178 ἐστι
1291 2123 1424 2199 πρὸς
1480 2123 1543 2178 τὸ
1601 2120 1813 2200 ἄρχειν.
1870 2123 1992 2178 Ἐν-

337 2219 508 2278 ταῦθα
570 2212 755 2288 μέντοι
808 2215 843 2282 ἡ
905 2211 1176 2288 μαρτυρία
1220 2216 1316 2266 τοῦ
1372 2210 1626 2276 δύνασθαι
1672 2211 1860 2288 ἄρχειν
1895 2211 1994 2266 οὐκ

339 2304 447 2359 ἀπὸ
476 2307 571 2358 τοῦ
599 2303 698 2372 τὴν
731 2302 916 2377 ψυχὴν
966 2303 1357 2375 κεκοσμῆσθαι,
1416 2299 1542 2358 ἀλλ’
1596 2302 1700 2356 ἀπὸ
1748 2308 1846 2371 τῆς
1882 2304 1990 2356 τῶν

339 2392 574 2467 ἱματίων
650 2386 971 2467 περιϐολῆς.
1045 2388 1203 2447 Ἀλλ’
1275 2393 1439 2464 ἡμεῖς
1515 2390 1816 2464 εὐξώμεθα,
1864 2389 1993 2452 τοὺς

346 2485 619 2559 ἄρχοντας
674 2485 780 2535 τῶν
837 2478 1198 2550 Ἐκκλησιῶν,
1256 2482 1346 2534 καὶ
1404 2479 1846 2556 καθηγουμένους
1896 2483 1994 2534 τοῦ

343 2571 481 2628 λαοῦ
541 2572 618 2646 μή
671 2571 730 2625 ἐκ
775 2570 878 2639 τῆς
924 2565 1113 2640 ἔξωθεν
1141 2564 1468 2644 περιϐολῆς,
1499 2569 1588 2624 καὶ
1619 2573 1714 2623 τοῦ
1741 2568 1993 2647 ἐπιφερο-

349 2663 513 2736 μένου
557 2663 633 2735 (9)
677 2662 1074 2736 σχηματισμοῦ
1125 2660 1224 2728 τὴν
1288 2658 1582 2735 μαρτυρίαν
1637 2654 1809 2734 ἔχειν,
1868 2655 1995 2714 ἀλλ’

347 2751 437 2806 ἀπ’
491 2749 658 2819 αὐτῆς
713 2755 812 2818 τῆς
887 2747 1167 2818 ἀληθείας,
1227 2747 1366 2804 ὥστε
1423 2745 1596 2824 λέγειν
1652 2749 1821 2821 ἡμᾶς’
1883 2746 1997 2804 Οὐκ

347 2838 534 2909 ἐπειδὴ
594 2840 656 2895 τὸ
716 2833 906 2912 ἔξωθέν
966 2859 1062 2892 σου
1101 2838 1475 2912 κεκόσμηται,
1533 2837 1622 2893 καὶ
1653 2839 1854 2900 ἱκανῶς
1911 2857 1996 2892 σοι

345 2929 576 3003 πλάσμα
601 2935 703 2999 τῆς
736 2922 1008 2989 εὐσεϐείας
1053 2927 1430 3004 κατώρθωται,
1482 2925 1610 2982 ἀλλ’
1657 2924 1842 2998 ἐπειδή
1900 2947 1997 2981 σου

345 3020 446 3086 τήν
501 3019 685 3093 ψυχὴν
721 3015 958 3072 ἐνέδυσεν
989 3017 1018 3070 6
1043 3017 1171 3078 Θεὸς
1200 3015 1420 3089 ἱμάτιον
1461 3015 1757 3092 σωτηρίου,
1789 3015 1878 3069 καὶ
1905 3033 1995 3089 χι-

345 3111 491 3161 τῶνα
519 3106 877 3183 εὐφροσύνης,
927 3105 1017 3159 καὶ
1069 3105 1230 3159 παντὶ
1279 3104 1506 3176 πλούτῳ
1537 3125 1596 3159 σε
1647 3101 1998 3180 ἓμεγάλυνεν,

348 3193 592 3270 ἀρχηγὸς
639 3196 800 3266 ἡμῶν
832 3197 1010 3268 γενοῦ,
1045 3193 1194 3253 ὅπως
1247 3191 1305 3246 ἂν
1361 3192 1465 3245 ἀπὸ
1493 3199 1594 3260 τῆς
1629 3191 1680 3245 έν
1714 3190 1866 3265 λόγῳ
1908 3191 1999 3245 καὶ

2094 608 2367 677 surgunt.
2401 605 2708 660 Enimvero
2737 622 2929 661 nonne
2951 605 3214 677 quotidie
3243 605 3400 661 viros
3429 608 3749 674 cernimus,

2093 695 2196 765 qui
2245 711 2316 750 ex
2345 694 2626 750 ebrietate
2656 698 2711 750 et
2743 694 3022 768 ingluvie,
3057 701 3113 750 et
3141 694 3413 768 lupanari
3444 696 3750 766 egredien-

2093 787 2202 852 tes,
2233 784 2305 840 de
2348 783 2465 839 Deo
2506 799 2837 839 sermonem
2893 784 3132 854 habent,
3165 801 3233 840 ac
3281 801 3381 840 eos
3413 784 3514 857 qui
3545 800 3614 840 ex
3645 799 3748 856 po-

2094 871 2231 944 pulo
2263 877 2403 928 sunt
2433 871 2780 941 honorandi,
2805 873 3123 942 judicent?

2164 962 2287 1017 lli.
2351 960 2526 1016 Vens.
2587 961 2641 1016 6.
2700 961 2840 1029 Quia
2895 963 3260 1034 apprehendat
3311 965 3469 1020 homo
3519 966 3752 1036 fratrem

2092 1066 2273 1118 suum,
2306 1055 2357 1106 et
2400 1052 2778 1123 propinquum
2832 1054 3012 1122 patris
3043 1056 3151 1123 sui,
3204 1055 3414 1109 dicens:
3455 1056 3752 1112 Vestimen-

2093 1148 2208 1196 tum
2238 1140 2402 1196 habes
2428 1143 2688 1212 princeps
2720 1151 2830 1197 esto
2884 1144 3084 1208 noster,
3112 1145 3163 1196 et
3211 1143 3363 1198 cibus
3392 1159 3547 1199 meus
3574 1142 3673 1198 sub
3703 1151 3756 1200 te

2093 1231 2182 1284 sit.
2217 1231 2422 1301 Aperte
2459 1235 2516 1284 et
2569 1230 2768 1285 islhaec
2818 1235 3085 1302 spectant
3134 1233 3205 1286 ad
3265 1232 3496 1288 Judaici
3545 1231 3756 1288 excidii

2095 1321 2349 1390 tempus,
2374 1321 2611 1390 quando
2635 1320 2784 1376 fame
2807 1320 3196 1390 tabescentes,
3220 1321 3301 1376 ita
3323 1325 3388 1376 ut
3403 1321 3580 1377 etiam
3598 1321 3754 1378 450

2096 1407 2195 1463 alii
2225 1407 2370 1464 alios
2404 1409 2845 1477 manducarent,
2878 1410 2936 1464 in
2959 1413 3156 1480 partes
3187 1411 3522 1466 transibant
3551 1426 3754 1466 eorum

2097 1499 2198 1569 qui
2246 1499 2644 1570 opulentiores
2691 1499 3064 1568 videbantur,
3097 1504 3276 1572 atque
3326 1504 3390 1555 ut
3437 1500 3551 1556 sibi
3600 1517 3753 1571 prae-

2096 1591 2316 1658 essent,
2365 1588 2672 1659 rogabant.
2723 1589 3106 1644 Vestimentum
3143 1589 3313 1645 habes
3354 1591 3609 1662 princeps
3648 1593 3759 1646 esto

2096 1681 2302 1732 noster.
2336 1676 2444 1741 Qui
2476 1693 2606 1732 vere
2637 1676 2911 1749 princeps
2941 1683 3050 1749 est,
3084 1695 3202 1734 non
3232 1679 3304 1734 ab
3337 1679 3592 1734 externis
3614 1678 3759 1735 insi-

2097 1766 2314 1836 gnibus
2344 1765 2734 1838 dignoscitur,
2769 1765 2850 1822 uti
2908 1783 3193 1838 purpura,
3227 1767 3670 1840 paludamento,
3704 1771 3763 1824 et

2100 1855 2448 1924 diademate,
2470 1855 2572 1910 sed
2586 1856 2656 1910 ab
2687 1854 3066 1926 imperatoria
3082 1873 3201 1927 qua
3221 1857 3505 1928 praeditus
3534 1864 3626 1913 est
3647 1857 3761 1912 vir-

2101 1944 2376 2014 tute.,Qui
2394 1943 2550 1999 enim
2571 1943 2846 2000 subditur
2868 1943 3286 2016 voluptatibus,
3312 1962 3376 2000 ac
3397 1946 3568 2003 variis
3592 1946 3762 2018 cupi-

2101 2033 2387 2090 ditatibus
2416 2033 2706 2101 ducitur“,
2726 2049 2930 2089 servus
2950 2051 3085 2089 cum
3109 2035 3188 2090 sit
3208 2036 3452 2106 peccati,
3472 2037 3544 2092 ad
3570 2035 3759 2108 impe-

2102 2123 2352 2180 randum
2383 2124 2631 2179 idoneus
2663 2139 2778 2178 non
2801 2127 2910 2179 est.
2934 2123 3038 2178 Hic
3070 2123 3307 2194 quidem
3332 2124 3757 2193 testimonium,

2104 2229 2220 2286 quo
2251 2213 2576 2285 imperandi
2607 2212 2854 2268 facultas
2904 2212 3266 2285 designatur,
3299 2230 3413 2269 non
3471 2214 3544 2269 ab
3575 2213 3762 2270 animi

2102 2304 2332 2368 ornatu,
2354 2303 2456 2356 sed
2475 2319 2508 2356 a
2528 2300 3014 2357 vestimentorum
3029 2301 3188 2358 cultu
3213 2303 3567 2359 desumitur.
3583 2303 3758 2374 Atqui

2102 2407 2334 2446 oremus
2359 2407 2486 2457 nos,
2509 2396 2570 2445 ut
2587 2389 2982 2446 Ecclesiarum
2998 2393 3293 2462 principes
3313 2391 3632 2464 populique
3655 2392 3759 2446 du-

2104 2495 2198 2535 ces
2232 2496 2419 2550 neque
2450 2480 2521 2534 ab
2555 2479 2823 2535 exteriori
2874 2479 3112 2549 amictu,
3145 2498 3334 2552 neque
3365 2483 3438 2538 ab
3470 2497 3536 2537 eo
3581 2497 3758 2552 quem

2105 2585 2221 2641 pres
2251 2583 2313 2623 se
2345 2568 2536 2623 ierant
2564 2567 2792 2636 habitu,
2818 2569 2920 2624 sed
2944 2570 3016 2624 ab
3051 2570 3304 2641 ipsemet
3332 2570 3573 2626 veritate
3602 2569 3764 2626 testi-

2107 2659 2370 2714 monium
2394 2657 2667 2726 habeant,
2693 2658 2852 2714 itaut
2872 2659 3064 2715 dicere
3086 2659 3385 2731 possimus
3409 2678 3422 2716 ε
3457 2660 3582 2717 Non
3606 2659 3763 2732 quod

2106 2764 2234 2820 quae
2259 2747 2317 2802 in
2343 2751 2399 2803 te
2427 2747 2793 2805 extrinsecus
2810 2752 3114 2821 apparent,
3134 2754 3340 2804 ornata
3351 2749 3492 2820 sint,
3523 2755 3625 2805 aut
3643 2748 3765 2822 pie-

2106 2837 2245 2894 tatis
2277 2836 2438 2892 larva
2467 2855 2500 2893 a
2531 2841 2586 2893 te
2622 2837 2878 2893 multum
2919 2837 3152 2894 exculta
3181 2838 3278 2905 sit,
3311 2839 3411 2894 sed
3448 2839 3606 2910 quod
3637 2836 3763 2894 ani-

2110 2942 2265 2982 mam
2298 2931 2460 2982 tuam
2493 2927 2840 2982 vestimento
2887 2927 3165 2983 salutaris
3209 2927 3526 2998 tunicaque
3554 2927 3763 2983 laetitias

2108 3016 2262 3071 Deus
2291 3014 2505 3086 induit,
2538 3015 2816 3086 omnique
2836 3015 3175 3072 divitiarum
3208 3033 3418 3087 genere
3448 3021 3504 3072 te
3535 3016 3764 3087 magni-

2112 3103 2303 3158 ficavit
2334 3104 2397 3171 ¹⁰,
2441 3103 2714 3175 princeps
2744 3105 2828 3159 sis
2862 3109 3079 3174 noster,
3114 3109 3175 3159 ut
3201 3121 3304 3176 per
3335 3105 3762 3161 abundantiam

2108 3192 2168 3245 in
2199 3207 2468 3247 sermone
2499 3197 2555 3248 et
2583 3191 2873 3264 sapientia
2901 3198 2960 3247 et
2988 3193 3264 3264 operibus
3295 3193 3463 3250 bonis
3494 3193 3762 3249 recondi-

347 3281 509 3358 σοφίᾳ
536 3281 626 3336 καὶ
658 3279 838 3356 ἔργοις
862 3280 1083 3355 ἀγαθοῖς
1111 3279 1422 3354 περιουσίας
1452 3279 1701 3350 εὐθηνίαν
1726 3281 1863 3352 ἡμῖν
1887 3282 1999 3353 (10)

2118 3285 2233 3336 tam
2267 3281 2435 3336 nobis
2465 3296 2536 3336 ex
2565 3285 2666 3336 tuo
2699 3281 3022 3337 ministerio
3045 3299 3454 3354 comparemus
3486 3283 3764 3355 spiritua-

346 3371 406 3426 ἐκ
433 3378 533 3441 τῆς
563 3377 663 3441 σῆς
694 3367 970 3433 διακονίας
991 3374 1098 3424 τῶν
1141 3374 1521 3442 πνευματικῶι
1567 3367 1808 3445 εὕρωμεν
1859 3368 1997 3423 ἀπο-

346 3459 588 3515 λαύσεων
607 3460 730 3517 ,Καὶ
762 3459 824 3512 τὸ
859 3459 1058 3534 βρῶμα
1086 3458 1149 3512 τὸ
1175 3459 1305 3532 έμὸν
1337 3459 1440 3514 ὑπὸ
1467 3459 1525 3513 σὲ
1554 3452 1713 3528 ἔστω,
1736 3458 2002 3528 τουτέστι,

343 3550 408 3605 τὸ
439 3546 783 3622 σιτομέτριον
818 3546 921 3602 ὑπὸ
952 3547 1008 3601 σὲ
1039 3543 1195 3602 ἔστω.

418 3639 541 3695 112.
598 3636 700 3693 Καὶ
776 3634 1089 3711 ἀποκριθεὶς
1167 3633 1219 3690 έν
1267 3639 1337 3710 τῇ
1408 3637 1590 3712 ἡμέρᾳ
1646 3635 1818 3710 ἐκείνῃ
1871 3635 2000 3712 ἐρεῖ·

349 3728 465 3787 Οὐκ
515 3724 708 3801 ἔσομαι
767 3726 1012 3802 ἀρχηγὸς
1075 3725 1227 3798 ὑμῶν
1289 3727 1422 3799 (11).
1485 3725 1562 3783 Οὐ
1619 3727 1718 3802 γάρ
1751 3725 1890 3781 ἐστιν
1951 3725 2002 3781 ἐν

342 3823 426 3891 τῷ
485 3814 622 3888 οἷ’κῳ
684 3836 788 3889 μου
841 3815 1025 3891 ἄρτος,
1082 3811 1208 3868 οὐδὲ
1264 3815 1508 3887 ἱμάτιον,
1574 3815 1693 3869 Ἔτι
1749 3817 1816 3870 τὰ
1870 3815 2008 3870 κατὰ

345 3908 445 3976 τήν
507 3906 711 3972 στάσιν,
773 3905 848 3967 ὠς
901 3903 1040 3978 πρὸς
1085 3905 1184 3973 τὴν
1217 3902 1480 3980 ῗστορίαν,
1514 3905 1542 3960 ὁ
1581 3903 1743 3980 λόγος
1776 3903 2009 3960 αἰνίσσε-

345 4016 457 4068 ται,
515 3994 616 4063 τήν
677 3992 754 4054 εἷς
807 3991 1034 4069 ἔσχατον
1067 3992 1274 4047 πτῶσιν
1304 3996 1400 4047 τοῦ
1443 3992 1580 4048 λαοῦ
1625 3991 2006 4070 διηγούμενος,

349 4085 423 4147 ὡς
477 4081 619 4157 μηδὲ
654 4082 850 4159 μέχρις
899 4081 1020 4144 ἑνὸς
1071 4079 1295 4154 ἱματίου
1344 4080 1744 4158 εὐπορούντων,
1778 4085 1886 4137 τῶν
1931 4081 2008 4145 εἷς

350 4171 681 4250 προστασίαν
735 4176 862 4247 παρ’
917 4169 1093 4225 αὐτῶν
1160 4169 1506 4244 ἑλκομένων.
1559 4171 1802 4226 Δείκνυσι
1846 4169 1902 4226 δὲ
1949 4173 2010 4227 τὸ

353 4261 730 4318 στασιαστικὸν
783 4267 884 4330 τῆς
936 4261 1174 4322 στάσεως
1217 4264 1326 4315 τῶν
1375 4259 1713 4337 πραγμάτων
1767 4263 1899 4335 (12),
1947 4261 2011 4317 τὸ

356 4353 432 4428 μὴ
465 4350 526 4407 ἐκ
575 4350 892 4428 σύμφώνου,
949 4347 1089 4424 μηδὲ
1132 4347 1191 4404 ἐκ
1234 4350 1537 4424 συμπνοίας
1585 4352 1786 4414 πάντας
1839 4354 2013 4428 ὁρμᾷν

351 4441 439 4498 ἐπὶ
497 4441 596 4510 τὴν
630 4439 868 4516 ἐκλογὴν
920 4443 1018 4494 τοῦ
1077 4436 1372 4513 δυναμένου
1423 4437 1612 4516 ἄρχεῖν
1653 4441 1854 4512 αὐτῶν,
1886 4439 2014 4497 ἀλλ’

424 4587 446 4622 ⁹
477 4586 526 4642 ΙΙ
559 4583 712 4645 Tim.
749 4602 834 4654 III,
865 4585 922 4652 3,
952 4585 1006 4640 6.
1087 4585 1131 4620 ¹⁰
1162 4588 1275 4640 Isa.
1310 4600 1424 4650 ut,
1461 4585 1545 4638 10.

2108 3369 2253 3424 lium
2285 3369 2626 3425 deliciarum
2670 3369 2920 3441 copiam.
2945 3371 3009 3425 Et
3057 3372 3210 3426 cibus
3256 3389 3410 3429 meus
3439 3371 3540 3429 sub
3588 3377 3639 3428 te
3664 3373 3761 3441 sit,

2113 3457 2224 3514 hoc
2255 3463 2345 3513 est
2372 3456 2550 3512 tritici
2580 3475 2856 3514 mensura
2879 3460 2990 3515 sub
3019 3463 3076 3515 te
3106 3459 3202 3516 sit.

2190 3637 2310 3693 112.
2343 3636 2518 3692 Vrsas.
2575 3637 2630 3690 7.
2687 3639 2752 3692 Et
2809 3638 3136 3709 respondens
3191 3641 3251 3695 in
3307 3641 3410 3697 illa
3451 3641 3541 3698 die
3596 3643 3766 3699 dicet.

2114 3728 2229 3783 Non
2261 3743 2355 3782 ero
2376 3729 2638 3798 princeps
2666 3733 2859 3783 vester.
2889 3728 3006 3783 Non
3035 3730 3186 3784 enim
3238 3733 3315 3785 est
3370 3731 3432 3786 in
3460 3730 3619 3788 domo
3649 3747 3772 3788 mea

2111 3816 2299 3887 panis,
2331 3831 2505 3887 neque
2534 3817 2944 3871 vestimentum.
2963 3817 3173 3873 Adhuc
3204 3835 3272 3874 ea
3303 3835 3428 3890 quae
3462 3821 3521 3875 in
3551 3820 3647 3876 illa
3679 3837 3772 3878 se-

2118 3904 2341 3960 ditione
2371 3907 2538 3977 gesta
2568 3909 2728 3975 sunt,
2763 3905 2918 3976 quod
2963 3907 3034 3961 ad
3067 3906 3373 3964 historiam
3426 3909 3653 3982 attinet,
3686 3911 3770 3966 si—

2117 3993 2358 4066 gniﬁcat
2394 3993 2724 4065 Scriptura:
2773 3993 3052 4050 nimirum
3072 4000 3644 4054 enarratextremum
3669 4014 3771 4071 po-

2119 4083 2242 4156 puli
2263 4083 2579 4153 excidium,
2608 4083 2687 4138 ita
2721 4087 2783 4138 ut
2805 4101 2876 4138 ne
2894 4101 3076 4140 unum
3101 4086 3770 4157 quidemindumentum

2120 4171 2563 4245 suppeteretiis,
2596 4189 2744 4244 quos
2761 4173 2834 4229 ad
2868 4174 3265 4246 principatum
3292 4176 3624 4234 trahebant.
3652 4179 3772 4236 Hoc

2120 4265 2314 4318 autem
2347 4260 2778 4318 tumultuosum
2811 4279 3006 4319 rerum
3053 4262 3114 4320 in
3160 4263 3445 4322 seditione
3472 4272 3771 4338 gestarum

2120 4356 2340 4407 statum
2361 4351 2636 4420 ostendit,
2669 4353 2825 4422 quod
2844 4369 3050 4410 omnes
3074 4354 3373 4410 communi
3404 4372 3695 4412 consensu
3717 4362 3778 4414 et

2122 4441 2516 4498 concordibus
2532 4439 2746 4497 animis
2761 4441 2831 4496 ad
2845 4440 3182 4514 eligendum
3199 4458 3335 4499 eum
3349 4444 3450 4516 qui
3467 4445 3616 4518 ipsis
3636 4463 3777 4518 prai-

444 4721 1054 4802 6)_’A).)ty)toypacptav.
1088 4724 1414 4802 interpres
1476 4721 1690 4802 legisse
1763 4723 1996 4781 videtur

2125 4723 2313 4802 nostri
2367 4739 2470 4781 sex
2523 4738 2692 4795 mss.,
2747 4721 2810 4776 τὸ
2865 4718 3079 4794 ἔξωθεν.
3130 4726 3306 4798 Editi,
3363 4725 3431 4784 τὰ
3488 4728 3584 4802 μὲν
3643 4723 3780 4800 ἔξω·

357 4792 994 4925 ἓλλήλοφαγίανίέιυοά
1047 4799 1108 4852 et
1165 4792 1354 4868 magis
1402 4792 1865 4853 oonsbntaneum
1903 4792 2014 4855 est.

407 4885 518 4924 nrr.

407 4885 518 4924 DIT.

427 4940 506 5021 (7_)
540 4935 700 4993 Colb.
752 4938 1002 5021 primus,
1061 4935 1405 5021 CTpa‘t‘qX’SCL
1431 4939 1758 5021 imperator:
1793 4938 2015 5021 Ibidem
2049 4965 2053 4969 η

401 5008 497 5091 est
522 5026 721 5100 vocem
750 5009 1047 5100 γενοῦηὶῑιΧ
1077 5008 1306 5100 οξουεὶε
1337 5008 1639 5100 adduntur
1682 5009 1806 5082 illa,
1821 5008 1924 5092 _xal
1954 5008 2016 5064 τὰ

401 5029 493 5067 051'.
522 5029 721 5066 vocem
750 5029 932 5100 γενου,
963 5029 1022 5064 1n
1077 5029 1306 5066 excums
1337 5029 1639 5065 acuuntur
1682 5029 1806 5082 111a,
1837 5029 1924 5081 και
1954 5030 2015 5064 το

359 5029 565 5156 ἓρῶμα
592 5081 654 5134 τὸ
685 5079 815 5153 έμον
862 5079 1057 5156 611:6}36
1109 5076 1246 5156 ἔστω
1290 5082 1619 5156 quaverba
1651 5098 1785 5137 cum
1808 5082 1875 5156 fin
1909 5099 2015 5156 n0-

362 5151 500 5208 stris
533 5168 632 5208 sex
667 5151 805 5210 mss.
840 5171 955 5209 non
987 5151 1386 5216 inveniantur,
1417 5151 1610 5208 delere
1641 5171 1754 5209 non
1788 5154 2017 5210 dubita-

364 5225 575 5305 vimus.
609 5224 831 5282 lbidem
864 5226 1004 5298 Reg.
1038 5225 1290 5297 primus,
1322 5223 1350 5277 ὁ
1395 5221 1608 5294 ἀληθὴς
1641 5221 1828 5301 ἄρχων
1862 5243 2022 5284 verus

365 5311 639 5368 ρνιησερξτ

439 5367 516 5439 (8)
539 5363 780 5439 Editiet
811 5366 950 5439 Reg:
975 5365 1235 5439 primus,
1296 5363 1611 5439 ἐπιθυμίαις
1647 5365 1887 5432 πολλαῖς
1932 5366 2023 5423 καί

364 5437 465 5492 sed
501 5439 641 5564 Ἣιὶη
677 5436 1097 5508 ἱὶιυά,πολλαῖς
1121 5437 1230 5509 καί,
1263 5436 1516 5523 expungi
1545 5440 1770 5508 debeat,
1797 5442 2020 5496 dubiun

366 5527 484 5564 non
558 5509 822 5564 abemus.
857 5511 1000 5564 Nam
1032 5510 1153 5564 haec
1210 5512 1388 5564 verba
1416 5519 1473 5564 et
1502 5529 1558 5564 in
1595 5530 1761 5564 sacro
1786 5519 1945 5564 textu
1971 5519 2020 5564 et

366 5527 484 5564 non

361 5581 421 5636 in
457 5583 718 5654 quinque
742 5599 883 5638 mss.
919 5582 1136 5654 pariter
1165 5583 1594 5639 desiderantur.

435 5653 513 5724 (9)
562 5655 645 5708 Ita
695 5671 840 5732 mss.
903 5653 1128 5732 Omnes.
1173 5656 1344 5732 Editi,
1375 5675 1465 5732 και
1523 5655 1617 5732 τοῦ
1676 5653 2026 5732 ἐπιφαινομέ-

2129 4796 2238 4851 θεν.

2341 4862 2451 4921 Ubi
2481 4865 2542 4920 in
2582 4864 2756 4920 editis
2803 4865 3077 4952 legimus,
3107 4870 3293 4957 ἠμξῖς,
3321 4871 3380 4927 in
3414 4873 3634 4928 nostris
3681 4891 3782 4930 sex

2238 4937 2428 4993 lClbllB
2458 4937 2739 4993 scriptum
2764 4945 3070 4993 reneritur.
3099 4941 3254 4993 ἧμιν.
3281 4942 3425 4993 Illud
3459 4945 3614 4993 auod
3649 4961 3780 4993 mm:

2127 4937 2739 5014 codicibusscriptum
2764 4937 3070 5014 reperitur.
3099 4937 3254 5013 ἡμῖν.
3281 4942 3426 4998 Illud
3459 4945 3614 5014 quod
3649 4961 3784 5002 mox

2127 5011 2412 5138 gequitur,
2440 5007 2542 5062 ὑπὸ
2575 5005 2630 5062 σι
2675 5005 2846 5079 E’mo;
2877 5005 3154 5069 udditum'
3177 5019 3265 5070 est
3312 5033 3341 5070 e
3372 5005 3542 5072 libris
3572 5020 3784 5074 veteri-

2170 5100 2258 5137 us.

2170 5100 2258 5137 UB.

2203 5155 2315 5226 (11)
2349 5152 2465 5208 Vox
2502 5150 2663 5226 6px;»
2706 5152 2869 5208 deest
2918 5154 3150 5226 quidem
3201 5157 3259 5210 in
3316 5157 3528 5213 editis:
3589 5158 3689 5214 sed
3725 5158 3784 5212 in

2132 5224 2378 5297 utroque
2419 5224 2576 5279 Colb.
2609 5224 3174 5301 invenitur.‘[_b_idem
3207 5227 3370 5294 editi,
3422 5227 3533 5283 ἐστί
3566 5251 3681 5301 μοι.
3714 5233 3785 5285 Αι

2131 5313 2330 5354 vocem
2363 5315 2478 5366 μοι,
2513 5306 2846 5354 nostrorum
2891 5299 3160 5354 codicum
3191 5301 3457 5357 omnium
3488 5299 3664 5358 ﬁdem
3696 5319 3787 5360 se-

2133 5370 2275 5436 cuti,
2313 5367 2723 5439 expunximus.

2207 5442 2318 5513 (12)
2347 5438 2591 5513 Legitur
2622 5443 2681 5513 et
2708 5439 2774 5513 in
2799 5439 2972 5513 editis
2995 5443 3049 5493 et
3080 5438 3139 5494 in
3174 5458 3313 5499 mss.
3349 5443 3649 5513 omnibus,
3673 5446 3787 5498 τῶν

558 5509 822 5565 abemus.
857 5511 1000 5565 Nam
1029 5510 1153 5587 haec
1182 5509 1388 5587 _ve_rba
1416 5509 1558 5567 et'in
1595 5530 1761 5569 sacro
1786 5519 1945 5570 textu
1971 5519 2027 5570 et
2136 5509 2492 5587 πραγμάτων.
2529 5510 2912 5566 Combetisius
2942 5516 3163 5587 tamen,
3199 5520 3451 5587 urtrsaape
3482 5509 3644 5586 alias,
3667 5516 3790 5571 vul-

2179 5584 2275 5640 ata
2304 5584 2552 5660 lectione
2585 5599 2696 5660 non
2747 5587 3094 5660 conte_ntus,_
3113 5584 3194 5639 ait
3246 5586 3353 5640 sibi
3385 5584 3569 5644 videri
3596 5584 3795 5660 legen-

2185 5675 2304 5740 ψῃ,
2336 5653 2397 5740 τὸ
2454 5651 2846 5740 πραττόμενον.
2880 5653 3048 5712 Haud
3080 5654 3256 5729 longe
3302 5675 3448 5718 mss.
3501 5651 3792 5728 nonniilii,

363 5741 481 5795 νου,
513 5741 689 5799 neque
716 5727 792 5782 ab
822 5731 1136 5800 apparente
1161 5727 1374 5786 habitu.
1401 5728 1517 5788 Nec
1547 5728 1629 5786 ita
1657 5727 1846 5786 multo
1878 5727 1999 5788 infe

2140 5727 2316 5784 πάντα
2340 5727 2536 5803 ὁρμᾷν.
2634 5791 2636 5794 ν

690 5855 966 5922 ΡΑτεοι.
1011 5853 1129 5938 Gs.
1167 5853 1361 5921 XXX.

3403 5857 3482 5920 10
