4130 6376
391 364 510 423 299

1342 362 1738 424 APPENDIX
1785 361 2110 424 OPERUM
2157 362 2222 422 S.
2272 361 2557 423 BASILII
2605 361 2877 423 MAGNI.

3703 362 3824 426 300

393 510 528 550 sese
576 498 795 566 posset,
853 512 968 552 non
990 501 1426 566 concurrerent,
1452 497 1552 552 sed
1623 496 2035 568 unusquisque

2154 489 2382 548 ἕκαστον
2441 496 2537 547 τοῦ
2593 491 3006 570 προστυχόντος
3037 495 3152 566 (13)
3210 489 3694 567 ἐπιλαμϐάνεσθαι,
3727 493 3816 550 καὶ

383 583 709 656 quemlibet
748 585 980 640 obvium
1015 590 1365 654 assumeret,
1408 603 1524 642 non
1574 602 1710 641 eum
1761 587 1861 657 qui
1895 590 2048 641 esset

378 672 667 730 electione
698 675 930 747 dignus,
953 675 1049 729 sed
1075 675 1174 747 qui
1206 675 1318 730 sibi
1341 675 1654 732 familiaris
1674 680 1832 731 esset
1861 692 1927 730 ac
1945 691 2042 731 ne-

377 763 714 833 cessarius;
748 781 862 819 non
885 780 1020 819 eum
1054 765 1155 835 qui
1189 765 1383 820 salvos
1425 766 1586 836 ipsos
1617 782 1682 820 ac
1715 765 2041 821 incolumes

377 869 610 909 servare
628 858 844 924 posset,
869 855 967 909 sed
1006 853 1109 924 qui
1131 855 1439 926 sanguinis
1471 855 1906 911 necessitudine
1952 855 2045 925 ip-

375 959 512 1000 sum
530 943 910 1015 contingeret.
930 943 1498 1015 Apprehendetenim,
1520 945 1733 1016 inquit,
1759 945 1917 1000 homo
1931 945 2045 1014 fra-

374 1037 521 1088 trem
538 1047 721 1103 suum,
743 1036 795 1087 et
823 1032 1179 1088 domesticum
1199 1036 1378 1104 patris
1399 1035 1507 1089 sui.
1534 1035 1702 1089 Absit
1722 1038 1873 1090 certe
1891 1049 1962 1088 ne
1983 1033 2040 1087 id

375 1121 480 1176 ﬂat
510 1120 572 1176 in
629 1121 964 1184 tribuendis
1010 1121 1400 1178 Ecclesiarum
1433 1123 1830 1195 prafecturie:
1865 1124 1948 1178 ita
1982 1125 2045 1178 ut

379 1209 629 1282 quilibet
656 1210 983 1280 quemlibet
1002 1211 1201 1284 eligat,
1233 1229 1366 1268 eum
1400 1229 1611 1284 nempe
1657 1214 1757 1284 qui
1808 1213 2040 1284 nuptia-

376 1299 537 1356 libus
563 1299 934 1358 indumentis
962 1306 1176 1371 careat,
1209 1303 1312 1374 qui
1342 1302 1420 1359 sit
1455 1303 1682 1358 decenti
1713 1303 1872 1358 cultu
1906 1303 2041 1359 des-

374 1389 734 1462 titutue,qui
764 1390 1165 1463 spiritualium
1183 1395 1350 1464 egeat
1371 1391 1782 1448 alimentorum
1807 1408 1821 1448 :
1853 1396 1910 1448 et
1939 1393 2039 1465 qui

376 1487 438 1543 in
471 1488 648 1543 domo
671 1504 800 1557 sua,
834 1487 946 1545 hoc
976 1494 1083 1555 est,
1117 1490 1175 1545 in
1209 1506 1421 1546 arcano
1453 1491 1648 1547 cordis
1682 1491 1774 1546 sui
1804 1508 2040 1548 secessu

376 1592 594 1650 panem
624 1592 828 1633 verum
861 1595 928 1634 ac
976 1579 1265 1635 viventem
1305 1596 1679 1652 nequaquam
1712 1581 1906 1651 habet,
1939 1583 2041 1654 qui

374 1667 569 1738 possit
584 1682 685 1723 cor
712 1666 974 1724 hominis
993 1669 1341 1725 confirmare
1361 1671 1429 1724 “.
1445 1669 1614 1726 Nunc
1644 1675 1841 1728 autem
1860 1672 2038 1729 timeo

374 1772 472 1825 ne,
506 1760 570 1811 ut
599 1755 737 1811 olim
770 1756 831 1812 in
861 1755 1102 1814 Judaica
1162 1759 1454 1815 seditione
1483 1764 1651 1816 erant
1681 1761 1782 1832 qui
1812 1763 2039 1835 seipsos

376 1845 804 1952 arbitrarentur
830 1845 1128 1920 indignos,
1163 1849 1262 1919 qui
1325 1849 1552 1948 caeteris
1582 1852 2037 1949 praatlcerentur,
2071 1886 2116 1952 Β

375 1935 580 2003 utpote
609 1948 726 1988 suis
787 1932 1054 2004 ipsorum
1109 1938 1481 2007 paupertatis
1528 1937 1769 2007 conscii,
1802 1939 1882 1995 ita
1937 1941 2042 1995 hoc

371 2021 770 2093 temporesint
793 2022 1088 2091 nonnulli,
1114 2025 1216 2097 qui
1235 2024 1372 2081 licet
1394 2026 1691 2084 Christum
1715 2033 1772 2084 et
1795 2029 2042 2086 misera-

374 2111 557 2167 tionis
580 2111 800 2168 viscera
815 2113 968 2170 457
997 2113 1187 2170 induti
1213 2131 1330 2171 non
1365 2115 1507 2183 sint,
1532 2119 1860 2174 secundum
1892 2121 2041 2192 Apo-

371 2198 561 2256 tolum
586 2201 651 2267 η,
683 2201 732 2256 si
764 2201 904 2274 quis
924 2207 1119 2259 tamen
1147 2219 1247 2260 eos
1273 2210 1636 2276 promoveat,
1666 2224 1782 2263 non
1815 2211 2042 2264 contra-

375 2289 603 2346 dicant:
622 2295 680 2346 et
708 2290 756 2346 si
780 2296 1119 2363 promoveat
1139 2309 1336 2359 nemo,
1356 2293 1597 2366 plurimi
1615 2313 1678 2352 se
1709 2297 2039 2353 intrudunt.

376 2379 526 2436 Nam
559 2380 959 2452 principatum
979 2383 1250 2439 ambiunt
1272 2401 1388 2439 non
1418 2387 1609 2456 pauci,
1642 2404 1752 2442 sua
1779 2387 2043 2459 ipsorum

374 2484 558 2541 opera
586 2470 790 2539 creati,
815 2476 1164 2543 praesentem
1187 2473 1602 2532 claritudinem
1634 2482 2043 2534 consectantes

373 2557 647 2614 futurum
677 2576 814 2616 vero
865 2560 1163 2632 judicium
1223 2579 1599 2636 nequaquam
1637 2567 2042 2637 prazvidentes.

371 2648 552 2720 Atqui
589 2665 705 2704 non
755 2649 1054 2721 ejusmodi
1103 2651 1211 2708 fuit
1261 2652 1511 2725 Moyses,
1546 2656 1646 2710 sed
1681 2657 1740 2711 in
1772 2656 2044 2712 omnibus

373 2736 657 2794 obediene
688 2754 756 2794 ac
785 2738 1136 2811 morigerus,
1170 2743 1410 2813 quando
1443 2744 1514 2799 ad
1547 2737 1835 2817 populum
1857 2745 2046 2801 mitte-

371 2825 567 2894 batur,
601 2827 828 2884 aisbat:
879 2827 1128 2896 Obsecro,
1179 2831 1427 2902 Domine,
1475 2835 1620 2904 elige
1667 2835 1846 2889 alium
1882 2851 2044 2906 quem

369 2916 558 2971 mittes
578 2917 644 2971 ¹³.
675 2917 758 2972 Ex
793 2933 910 2988 quo
944 2918 1160 2974 factum
1194 2924 1286 2976 est
1313 2925 1378 2976 ut
1411 2923 1560 2978 Deus
1583 2923 1776 2995 ipsum
1811 2929 2044 2996 urgeret

375 3006 545 3078 quasi
578 3006 964 3079 pertinacius,
999 3013 1201 3080 utpote
1251 3010 1349 3080 qui
1383 3010 1490 3066 hac
1513 3011 1641 3083 ipsa
1671 3013 2043 3069 recusatione

374 3097 434 3151 et
463 3111 581 3150 sua
612 3095 980 3152 inﬁrmitatis
1013 3098 1376 3154 confessione
1407 3116 1468 3156 se
1511 3101 1770 3174 primatu
1794 3103 2038 3174 dignum

379 3185 733 3242 ostenderet.
768 3189 1135 3259 Quapropter
1163 3189 1395 3260 egregia
1424 3194 1513 3246 est
1543 3191 1873 3247 admonitio
1904 3191 2034 3248 illa:

2160 583 2236 654 μή
2270 583 2361 636 τὸν
2395 578 2537 652 ἄξιον
2571 583 2861 656 αἱρεῖσθαι,
2921 578 3069 637 ἀλλὰ
3097 581 3186 636 τὸν
3231 583 3382 655 αύτῷ
3415 582 3638 638 οίκεῖονο
3677 579 3818 656 μηδὲ

2152 671 2244 725 τὸν
2298 670 2489 740 σώζειν
2551 669 2869 744 δυνάμενον,
2915 669 3064 726 ἀλλὰ
3117 671 3208 726 τὸν
3265 672 3402 727 κατὰ
3457 672 3614 746 γένος
3670 672 3817 745 αύτῷ

2155 756 2502 836 διαφᾶροντα.
2591 759 2952 834 Ἑπιλήψεται
3033 760 3156 836 γὰρ,
3242 759 3445 838 φησίν,
3536 759 3817 837 ἄνθρωπος

2153 853 2250 902 τοῦ
2310 847 2549 927 ἀδελφοῦ
2607 848 2794 918 αὐτοῦ,
2850 849 2940 904 καὶ
2992 854 3089 904 τοῦ
3149 849 3357 904 οἰκείου
3386 854 3482 904 τοῦ
3540 853 3652 923 (14)
3712 871 3817 905 πα-

2152 939 2282 1015 τρὸς
2342 938 2528 996 αὐτοῦ.
2587 941 2759 1013 ’Ὁπερ
2800 939 2960 1009 ἀπείη
3019 938 3071 993 ἐν
3132 944 3250 1000 ταῖς
3303 943 3409 993 τῶν
3466 938 3810 1010 Ἐκκλησιῶν

2152 1029 2509 1103 προστασίαις
2568 1029 2834 1104 γενάσθαι,
2890 1028 3029 1083 ὥστε
3085 1029 3176 1083 τὸν
3227 1027 3469 1104 τυχόντα
3499 1033 3596 1083 τοῦ
3624 1029 3818 1104 τυχόν-

2151 1140 2244 1182 τος
2321 1113 2810 1192 ἐπιλαμὸάνεσθαι,
2890 1119 2979 1174 καὶ
3059 1119 3150 1174 τὸν
3210 1119 3521 1196 ἀποροῦντα
3572 1125 3817 1195 γαμικῶν

2153 1206 2491 1281 ἐνδυμάτων,
2541 1208 2631 1264 καὶ
2681 1210 2892 1282 κόσμου
2938 1212 3037 1264 τοῦ
3066 1211 3374 1282 πρέποντος
3435 1208 3816 1286 ἆστερημὲνον,

2149 1297 2512 1374 πτωχεύοντα
2556 1298 2865 1372 βρωμάτων
2915 1303 3318 1371 πνευματικῶν,
3365 1297 3455 1353 καὶ
3488 1298 3588 1353 οὐκ
3617 1294 3816 1375 ἔχοντα

2151 1387 2204 1443 ἐν
2262 1391 2330 1462 τῇ
2363 1386 2511 1459 οίκίᾳ
2538 1386 2727 1457 αὐτοῦ,
2759 1386 3033 1443 τουτέστιν
3067 1387 3119 1443 ἰν
3150 1393 3229 1461 τῷ
3275 1392 3502 1464 κρυπτῷ
3547 1395 3647 1458 τῆς
3687 1389 3815 1466 κάρ-

2151 1474 2270 1540 δίας
2329 1475 2516 1548 αὐτοῦ,
2572 1475 2741 1554 ἄρτου
2799 1476 3059 1548 ἀληθινὸν
3115 1477 3205 1533 καὶ
3263 1482 3459 1547 ζῶντα,
3518 1475 3813 1552 δυνάμενον

2151 1567 2425 1643 στηρίζειν
2481 1568 2580 1636 τήν
2615 1564 2839 1642 καρδίαν
2899 1567 3213 1643 ἀνθρώπου.
3269 1569 3378 1624 Νῦν
3413 1564 3472 1623 δὶ
3511 1563 3813 1646 φοϐοῦμαι,

2152 1659 2229 1731 μή
2281 1655 2334 1713 ἐν
2397 1658 2491 1731 μὶν
2548 1661 2616 1731 τῇ
2675 1655 2957 1731 Ἰουδαϊκῇ
3013 1657 3191 1712 στάσει
3252 1658 3386 1726 ἦσάν
3444 1669 3588 1720 τινες
3621 1658 3674 1712 οἱ
3719 1658 3812 1713 ἀν-

2148 1746 2329 1818 αξίους
2361 1745 2584 1810 δαυτοὺς
2611 1751 2709 1802 τοῦ
2741 1743 2938 1820 ἑτέρων
2994 1745 3185 1822 ἄρχειν
3237 1745 3562 1822 ἡγούμενοι,
3596 1743 3685 1802 διὰ
3710 1749 3812 1818 τὴν

2147 1835 2493 1907 συναίσθησιν
2573 1841 2675 1906 τῆς
2753 1833 3172 1913 ἐνυπαρχούσης
3248 1835 3436 1898 αὐτοῖς
3510 1834 3811 1912 πτωχείαςο

2149 1927 2237 1982 ἰπὶ
2279 1924 2339 1981 δὲ
2367 1927 2475 1980 τῶν
2507 1925 2815 2002 παρόντων,
2863 1924 2961 1980 κᾶν
3018 1927 3096 1999 μὴ
3145 1925 3247 1981 ὧσί
3296 1947 3436 1989 τινες
3467 1923 3810 1999 ἐνδεδυμένοι

2150 2016 2406 2092 Χριστὸν,
2463 2013 2604 2089 μηδὶ
2633 2013 2921 2091 σπλάγχνα
2971 2015 3285 2092 οἰκτιρμοῦ,
3333 2015 3469 2071 κατὰ
3497 2017 3589 2071 τὸν
3639 2017 3808 2073 Ἀπό-

2149 2106 2369 2175 στολον,
2427 2104 2522 2161 κᾶν
2575 2107 2687 2178 (15)
2747 2100 3076 2174 ἆπιλάϐηταί
3133 2127 3236 2177 τις,
3292 2105 3391 2160 ούκ
3438 2105 3807 2180 ἀντιλέγουσι,

2149 2192 2246 2250 κᾶν
2281 2197 2357 2269 μή
2413 2190 2762 2265 ἰπιλάϐηται,
2817 2194 3168 2249 είσωθοῦνται
3201 2192 3428 2264 πολλοὶ,
3466 2193 3807 2272 σπουδαρχαι

2153 2282 2211 2340 δὶ
2271 2282 2473 2340 πολλοὶ
2501 2286 2613 2358 (16)
2642 2284 3182 2359 αύτοχειροτόνητοι,
3214 2285 3315 2354 τήτ
3355 2289 3632 2359 παροῦσαν
3665 2283 3804 2359 λαμ-

2150 2375 2399 2445 πρότητα
2455 2371 2791 2446 διώκοντες,
2843 2375 2944 2442 τήν
3006 2371 3063 2428 δὲ
3121 2371 3431 2446 μέλλουσαν
3492 2373 3667 2448 κρίσιν
3726 2377 3797 2448 μὴ

2150 2467 2559 2542 προορώμενοι.
2621 2465 2780 2522 Ἀλλ’
2848 2466 2915 2520 οὐ
2976 2467 3219 2536 Μωυσῆς
3267 2470 3535 2531 τοιοῦτος·
3589 2467 3718 2523 ’ἀλλ’
3771 2468 3798 2522 ὁ

2151 2559 2321 2614 πάντα
2383 2557 2637 2627 εὐπειθὴς
2667 2559 2754 2612 καὶ
2799 2556 3049 2628 εύήκοος,
3109 2557 3192 2612 ὅτι
3251 2556 3618 2614 ἀπεστέλλετο
3675 2559 3806 2634 πρὸς

2151 2649 2241 2704 τὸν
2299 2645 2449 2702 λαόν’
2507 2649 2731 2720 Δὲομαι,
2791 2647 2947 2724 φησὶ,
3004 2646 3190 2722 Κύριε,
3251 2648 3602 2723 προχείρισαι
3632 2647 3805 2704 ἄλλον

2153 2737 2210 2794 εν
2269 2735 2609 2798 ἀποστελεῖς.
2645 2737 2722 2790 Δι’
2781 2736 2810 2790 ὃ
2865 2736 2953 2790 καὶ
3017 2735 3182 2790 οἱονεῖ
3216 2732 3652 2814 φιλονεικότερον
3687 2737 3803 2792 άντ-

2151 2827 2371 2902 ἐχεσθαι
2432 2826 2596 2880 αὐτοῦ
2649 2825 2740 2880 τὸν
2788 2826 2918 2880 Θεὸν
2963 2825 3344 2880 κατεσκεύασεν
3389 2828 3503 2901 (17)
3554 2825 3690 2900 αὐτῇ
3737 2830 3804 2901 τῇ

2151 2917 2478 2992 παραιτήσει
2531 2914 2620 2970 καὶ
2668 2918 2736 2988 τῇ
2784 2913 3064 2990 ὁμολογίᾳ
3109 2922 3210 2985 τῆς
3253 2914 3522 2977 ἀσθενείας
3553 2916 3615 2970 τὸ
3657 2915 3803 2986 ἄξιος

2152 3007 2285 3062 εἶναι
2337 3009 2435 3059 τοῦ
2465 3004 2786 3080 προεστάναι
2821 3000 3054 3065 δεικνύς.
3089 3005 3180 3058 Διὸ
3211 3003 3392 3067 καλῶς
3418 3001 3533 3078 ἔχει
3565 3005 3627 3058 τὸ
3658 3024 3801 3079 παρ-

2149 3093 2424 3170 άγγελμα·
2514 3094 2606 3161 Μὴ
2687 3095 2797 3167 (18)
2881 3095 3028 3163 ζήτει
3107 3093 3348 3167 γενέσθαι
3416 3092 3627 3168 κριτής,
3691 3094 3797 3164 μή-

2148 3206 2268 3248 πως
2319 3185 2418 3239 ούκ
2477 3183 2718 3258 ἰσχύσεις
2764 3183 2946 3258 ἐξᾶραι
2994 3179 3245 3246 ἀδικίας.
3311 3182 3371 3239 Ὁ
3429 3180 3610 3254 μίντοι
3668 3200 3804 3255 προ-

381 3275 461 3329 Ne
491 3289 712 3345 quaeras
729 3276 856 3346 ﬁeri
874 3276 1051 3347 judex
1078 3293 1146 3332 ne
1173 3280 1313 3349 forte
1339 3296 1453 3334 non
1479 3283 1656 3352 possis
1675 3283 1903 3353 auferre
1930 3283 2035 3338 ini-

2152 3274 2379 3354 τητικὸς
2439 3272 2607 3348 λόγος
2636 3274 2736 3342 τὴν
2768 3272 3095 3347 παραίτησιν
3127 3277 3234 3326 τῶν
3269 3269 3577 3344 ἰλκομένων
3612 3270 3801 3346 ἄρχειν

383 3363 615 3434 quitates
645 3364 712 3418 ³⁵.
743 3366 1015 3420 Attamen
1048 3367 1472 3423 recusationem
1500 3386 1728 3436 eorum,
1764 3371 1863 3441 qui
1898 3388 1928 3425 a
1962 3387 2046 3428 se-

379 3450 612 3508 ditiosis
635 3453 710 3508 ad
742 3453 1150 3525 excipiendum
1185 3457 1578 3528 principatum
1610 3458 2042 3529 compellaban-

378 3543 496 3607 tur,
529 3539 864 3612 generalem
915 3560 1030 3598 non
1066 3542 1244 3599 fuisse
1275 3545 1532 3602 declarat
1561 3564 1760 3604 sermo
1792 3549 2038 3620 prophe-

372 3628 549 3685 tiens.
581 3634 713 3684 Non
744 3631 896 3687 enim
943 3631 1048 3688 sirr
1064 3632 1290 3703 pliciter
1310 3633 1426 3692 ait:
1458 3637 1574 3693 Non
1605 3652 1705 3693 ero
1734 3638 1989 3709 princeps
2021 3659 2035 3710 ;

370 3719 474 3774 sed
507 3734 644 3774 cum
677 3719 1025 3791 adiectione,
1050 3724 1176 3778 Νοη
1205 3738 1298 3779 ero
1335 3725 1591 3797 princeps
1623 3727 1819 3798 populi
1839 3725 2040 3802 hujus;

367 3811 549 3879 atque
580 3823 823 3864 causam
857 3810 1182 3882 subjunxit.

436 3897 560 3952 113.
593 3901 774 3952 Vens.
805 3900 857 3972 8,
888 3901 942 3956 9.
977 3902 1138 3974 Quia
1195 3903 1468 3960 dissoluta
1513 3910 1596 3963 est
1625 3905 1953 3974 Jerusalem,
1986 3926 2036 3982 ει

361 3986 558 4044 Iudaea
585 3987 822 4043 concidit
852 3996 903 4045 et
952 3991 1169 4061 tinguat:
1205 4006 1392 4048 eorum
1439 4011 1558 4050 cum
1617 3995 1918 4064 iniquitate
1947 3997 2033 4054 his

360 4091 490 4150 qua?
520 4077 741 4132 Domini
766 4087 912 4148 sunt,
934 4096 1047 4137 non
1080 4080 1467 4152 obtemperant.
1489 4082 1823 4139 Jerusalem
1848 4084 2026 4158 enim,

362 4183 492 4240 quis
516 4165 804 4224 hactenus
826 4185 924 4240 per
953 4169 1186 4226 Domini
1209 4188 1451 4227 manum
1482 4175 1677 4229 fuerat
1706 4176 2026 4234 concordiis

361 4255 597 4312 vinculo
629 4255 918 4329 colligata,
953 4275 1112 4314 nunc
1159 4259 1451 4316 dissoluta
1493 4266 1583 4318 est
1612 4264 1672 4316 et
1703 4262 2026 4331 repudiata.

361 4346 429 4402 Et
472 4346 674 4402 Iudaea
700 4347 958 4415 concidit,
993 4347 1307 4403 subductis
1357 4352 1484 4420 ejus
1527 4350 1912 4405 fulcimentis.
1948 4360 2028 4413 Ac

361 4425 732 4483 calamitates
761 4427 995 4498 quidem
1027 4445 1224 4484 nonne
1257 4429 1404 4485 tales
1434 4431 1610 4487 sunt?
1633 4430 1770 4494 Qure
1800 4447 1930 4489 vero
1948 4437 2029 4492 di.

359 4515 608 4589 ligentia
639 4517 709 4572 ab
753 4517 837 4572 eis
881 4517 1151 4573 adhibita
1197 4523 1288 4572 est
1337 4519 1407 4572 ad
1439 4536 1501 4576 se
1552 4519 1884 4577 reddendos
1912 4521 2026 4584 Deo

357 4611 584 4677 gratos,
615 4611 671 4661 et
701 4607 854 4678 quod
889 4607 1155 4663 studium
1192 4606 1260 4660 ad
1301 4608 1709 4678 paenitentiam
1743 4612 2025 4680 agendam

357 4699 667 4753 ostensum
699 4701 810 4766 et,
845 4699 910 4750 ut
956 4695 1094 4750 inde
1126 4693 1434 4766 effulgeret
1476 4715 1613 4770 spes
1647 4698 1826 4753 ﬁnem
1858 4703 2027 4762 malis

357 4785 672 4842 intentatis
705 4783 1052 4856 impositum
1086 4781 1201 4837 iri?
1231 4785 1403 4856 Atqui
1442 4790 1675 4858 Lingua?
1704 4802 1888 4843 eorum
1920 4792 2024 4852 his.

356 4893 474 4949 qua
513 4876 736 4932 Domini
774 4881 923 4942 sunt,
953 4889 1066 4928 non
1106 4873 1497 4948 obtemperant,
1532 4893 1640 4934 nec
1663 4876 2020 4952 inoebsquen-

2157 3365 2262 3419 ὑπὸ
2291 3369 2400 3418 τῶν
2430 3362 2826 3431 στασιαζόντων
2861 3363 2926 3417 οὐ
2975 3363 3215 3415 καθόλου
3274 3360 3408 3438 φησὶ
3459 3365 3800 3434 γεγενῆσθαι.

2125 3452 2231 3510 -Ού
2261 3454 2363 3527 γὰρ
2398 3452 2537 3506 εἶπεν
2571 3448 2782 3518 ἁπλῶς,
2809 3452 2929 3507 Οὐκ
2960 3445 3155 3524 ἔσομαι
3190 3451 3459 3526 ἀρχηγὸς,
3495 3447 3639 3504 ἀλλά
3672 3449 3804 3522 μετᾶ

2150 3543 2494 3618 προσθήκης,
2527 3538 2640 3597 Οὐκ
2669 3539 2860 3613 ἔσομαι
2893 3539 3144 3617 ἀρχηγὸς
3176 3543 3272 3594 τοῦ
3305 3539 3443 3594 λαοῦ
3468 3540 3680 3595 τούτων
3711 3539 3797 3592 καὶ

2146 3633 2248 3701 τήν
2282 3629 2458 3685 αἶ’τίαν
2492 3629 2780 3706 ἐπήγαγεν.

2220 3902 2344 3957 113.
2425 3899 2548 3956 Ὅτι
2635 3898 2832 3954 ἀνεῖται
2917 3894 3293 3974 Ἱερουσαλὴν,
3375 3899 3462 3955 καὶ
3552 3901 3585 3970 ἡ
3666 3899 3799 3954 Ἰου-

2141 3987 2273 4046 δαία
2329 3989 2712 4063 συμπέπτωκε,
2765 3987 2855 4043 καὶ
2887 3988 2941 4042 αἱ
2980 3985 3228 4062 γλῶσσαι
3272 3987 3451 4044 αὐτῶν
3501 3990 3633 4062 μετά
3683 3991 3800 4062 (19)

2139 4079 2373 4152 ἀνομίας
2416 4080 2483 4134 τὰ
2540 4079 2676 4152 πρὸς
2739 4077 2942 4152 Κύριον
3003 4077 3338 4138 ἀπειθοῦσιν.
3402 4079 3467 4136 Ἡ
3514 4078 3616 4154 γὰρ
3667 4079 3801 4140 τὲως

2143 4173 2484 4243 συνεχομξνη
2529 4168 2633 4223 ὑπὸ
2673 4175 2771 4238 τῆς
2815 4167 3002 4243 χειρὸς
3032 4169 3144 4239 (20)
3201 4170 3300 4222 τοῦ
3357 4166 3557 4242 Κυρίου
3609 4169 3803 4242 Ἰερου-

2141 4257 2340 4330 σαλὴμ
2397 4263 2476 4330 τῷ
2542 4254 2728 4330 δεσμῷ
2783 4264 2882 4326 τῆς
2941 4255 3250 4334 συναφείας,
3306 4257 3509 4312 ἀνεῖται
3559 4262 3647 4311 νῦν
3708 4258 3800 4312 καὶ

2139 4342 2496 4418 ἆκϐἐϐληται.
2557 4346 2655 4402 Καὶ
2704 4349 2738 4416 ἠ
2798 4343 3038 4402 Ἰουδαία
3085 4347 3473 4418 συμπεπτωκε,
3504 4350 3610 4401 τῶν
3669 4366 3802 4412 στηο

2138 4437 2422 4515 ριγμάτων
2483 4436 2649 4506 αὐτῆς
2710 4437 3127 4515 ὑφαιρεθὲντων.
3187 4435 3287 4490 Καὶ
3365 4437 3493 4512 ούχὶ
3567 4436 3631 4490 τὰ
3705 4437 3803 4508 μὲν

2135 4528 2289 4597 πάθη
2348 4530 2608 4581 τοιαῦται
2686 4523 2976 4599 ἰπιμίλεια
3039 4519 3096 4578 δὶ
3153 4523 3236 4586 τίς
3293 4529 3390 4580 τοῦ
3446 4525 3800 4600 εὐαρεστῆσαι

2135 4621 2282 4688 Θεῷ,
2332 4615 2422 4670 καὶ
2480 4612 2691 4684 σπουδή
2748 4614 2824 4677 εἷς
2885 4613 3195 4688 μετάνοιαν,
3252 4613 3389 4669 ὥστε
3446 4613 3681 4677 ἰντεῦθεν
3712 4611 3801 4668 ἐλ-

2133 4704 2274 4764 πίδα
2307 4704 2440 4759 εἶναι
2470 4716 2841 4774 παυθησεσθαι
2869 4703 2938 4759 τὰ
2969 4699 3156 4771 δεινάς
3213 4701 3372 4758 Ἀλλ’
3430 4703 3500 4759 Δὶ
3550 4701 3796 4776 γλῶσσαι

2133 4797 2320 4853 αὐτῶν
2378 4795 2443 4850 τὰ
2497 4795 2635 4870 πρὸς
2694 4793 2890 4868 Κύριον
2949 4791 3284 4860 ἀπειθοῦσιν,
3339 4792 3432 4847 καὶ
3476 4791 3580 4868 οὐχ
3605 4789 3795 4854 ἁπλῶς

2134 4884 2478 4958 ἀπειθοῦσιν,
2539 4881 2688 4938 ἀλλὰ
2750 4882 2885 4958 μετὰ
2909 4881 3160 4955 ἀνομίας·
3196 4881 3295 4953 ὡς,
3329 4879 3419 4938 διὰ
3445 4883 3508 4938 τὸ
3536 4882 3632 4952 τὴν
3664 4901 3797 4955 καρ-

430 5049 474 5088 ίί
507 5047 663 5105 Psal.
697 5064 819 5117 cm,
857 5046 944 5100 15.
1027 5046 1070 5081 ¹²
1098 5044 1321 5104 Coloss.
1358 5065 1440 5117 in,
1478 5052 1564 5120 12,
1647 5051 1692 5086 ¹³
1725 5053 1899 5110 Exod.
1933 5074 2006 5129 iv,

2224 5063 2272 5097 “
2300 5059 2473 5115 Eccli.
2505 5076 2605 5128 vu,
2637 5059 2692 5116 6.

428 5221 544 5294 (13)
597 5221 679 5277 Ita
746 5236 890 5276 mss.
945 5237 1174 5277 omnes.
1227 5221 1399 5291 Editi,
1432 5225 1526 5277 τοῦ
1573 5223 2018 5302 προστνγχάνον-

353 5305 447 5351 τος
461 5333 473 5351 ε

571 5359 741 5440 Editi,
795 5359 1019 5418 οἰκείου.
1175 5379 1322 5440 ῐζιενισἶ
1370 5365 1616 5440 aliquot,
1665 5367 1870 5423 οἰκείου
1899 5377 2013 5433 τοῦ,

571 5437 747 5511 ΙλξίῃδὶΔ
773 5434 1426 5511 νθίθτθεηἊπόστολον,
1469 5434 1612 5499 ’κᾶνί
1654 5444 1829 5509 Editi,
1860 5444 2014 5501 Ἀπό-

353 5499 572 5574 Melas,
603 5501 946 5579 ἇνδεδυμᾷνα,
977 5499 1096 5566 κ’όίν.

424 5579 535 5652 (16)
587 5579 765 5652 Editi,
798 5577 1170 5652 εἰσωθοῦνται
1217 5578 1442 5649 πολλοὶ,
1500 5586 1590 5640 καὶ
1647 5584 1748 5640 οὐκ
1804 5585 2009 5645 ἀντιλέ-

351 5647 772 5730 pompam:
829 5649 1246 5730 σπουδαρχίδαι,
1279 5647 1503 5730 πολλοί,
1533 5661 1694 5718 haud
1730 5665 1903 5718 recte.
1937 5669 2010 5722 At

351 5723 515 5785 hunc
543 5723 740 5784 locum
771 5739 804 5782 ο
842 5740 978 5784 mss.
1011 5723 1476 5788 e'm'endavimus.

2203 5231 2325 5306 (l7)
2353 5233 2563 5306 Itasex
2592 5231 2728 5306 libri
2748 5235 2994 5289 veteres.
3014 5228 3164 5306 Editi
3193 5244 3350 5297 vero,
3382 5227 3796 5306 παρεσκεύασεν.

2199 5299 2323 5380 (18)
2358 5304 2525 5380 Editi,
2560 5303 2620 5380 τὸ
2655 5305 2752 5374 μή.
2777 5311 2946 5362 Deest
2964 5299 3024 5354 τό
3045 5303 3102 5357 in
3136 5318 3280 5358 mss.
3312 5299 3519 5361 Statim
3547 5308 3801 5376 quatuor

2125 5373 2314 5444 ωσι,
2335 5373 2436 5450 οὐκ
2459 5373 2706 5450 ἰσχύσῃς,

2196 5442 2320 5524 (19)
2356 5449 2416 5504 In
2449 5442 2759 5530 edi'tis'pro
2803 5442 2956 5528 pud.
2987 5444 3201 5530 legitur
3226 5443 3444 5530 μεσταί,
3479 5462 3590 5502 non
3622 5444 3801 5530 libra-

2122 5517 2360 5580 riorum
2393 5521 2631 5592 quidem
2654 5517 2822 5590 'vitio',
2856 5517 2960 5592 qui
2999 5517 3310 5591 diligenter
3330 5519 3615 5592 scripsere
3637 5518 3797 5591 μετά,

2118 5597 2224 5654 sed
2263 5590 2790 5664 typo—graphorum.

2189 5661 2317 5738 (20)
2335 5661 2756 5738 Libri—aliquot
2803 5666 3051 5738 veteres,
3083 5663 3193 5717 τῶν
3222 5664 3449 5738 χειρῶν.
3485 5661 3616 5722 Mox
3643 5677 3796 5720 mss.

2116 5731 2428 5807 nonnulli,
2462 5731 3074 5818 autﬁc—dpattosOtwwv.
