4130 6382
337 385 451 459 301
1161 395 1568 458 COMMENT.
1620 393 1693 454 IN
1741 390 2010 452 ISAIAM
2059 387 2565 449 PROPHETAM.
2612 390 2782 450 CAP.
2833 393 2934 452 ιιι.
3644 403 3762 465 302

338 526 454 583 δίαν
510 527 928 605 ἠλλοτριῶσθαι
988 527 1092 583 ἀπὸ
1151 531 1308 596 Θεοῦ,
1347 525 1436 580 καὶ
1469 523 1832 580 ἀνυπότακτον
1861 521 1974 576 εἶνα

2111 526 2195 576 tes
2221 530 2352 578 sunt
2373 520 2740 594 simpliciter,
2765 525 2867 579 sed
2889 541 3013 580 cum
3042 528 3361 600 iniquitate.
3385 530 3531 587 Nam
3560 531 3767 606 lingua

337 620 433 674 τοῦ
467 619 617 682 θείου
649 619 846 692 νόμου,
899 625 1001 688 τῆς
1029 618 1287 692 γλώσσης
1331 615 1530 685 αὐτῶν,
1589 611 1706 668 δέον
1767 610 1979 686 μελετᾷε

2109 628 2310 667 eorum
2339 628 2472 667 cum
2497 618 2666 668 nocte
2688 630 2753 668 ac
2773 613 2864 669 die
2895 613 3082 687 legem
3116 617 3350 672 Domini
3385 622 3653 678 meditari
3673 623 3768 678 de-

337 708 530 769 νυκτὸς
579 707 671 762 καὶ
720 707 933 782 ἡμέρας
988 707 1083 762 τὸν
1141 705 1309 780 νόμον
1342 704 1570 780 Κυρίου,
1604 699 1979 776 ἀντιλεγούση‹

2108 699 2354 771 buisset,
2385 702 2736 756 contradicit
2757 720 2822 758 ac
2856 705 3368 778 rel‘ragatur,quod
3391 708 3712 768 alienatum
3734 729 3770 768 a

336 797 426 852 καὶ
457 795 812 866 ἀπειθούσης.
868 795 1024 857 Τίνος
1080 794 1171 850 οὖν
1233 794 1397 870 ἄρξω,
1458 792 1629 872 φησί;
1663 795 1775 860 Τῆς
1804 791 1975 865 Ἱερου

2105 789 2222 846 Deo
2242 790 2321 846 sit
2341 807 2441 846 cor
2463 806 2690 857 eorum,
2714 808 2905 864 neque
2936 794 3048 865 legi
3073 794 3281 851 divinae
3307 798 3637 855 subditum.
3662 800 3768 856 Cui

339 886 569 959 σαλήμ;
638 883 823 940 ’ΛλΑά
880 879 1208 952 ἐκϐέϐληται
1266 884 1355 939 καὶ
1413 883 1637 938 ἀνεῖται.
1696 884 1803 950 Τῆς
1859 882 1992 937 Ἰου-

342 974 530 1043 δαίας;
605 973 764 1030 Ἀλλ’
845 972 1023 1028 ούκὲτι
1097 969 1318 1044 ἕστηκεν
1388 971 1565 1047 ὀρθή·
1632 970 1996 1042 συμπέπτωκε

2105 895 2260 950 ergo,
2295 879 2506 952 inquit,
2540 880 2881 952 imperabo?
2913 883 3239 941 Jerusalem
3268 884 3290 940 ?
3320 888 3428 943 Sed
3464 889 3651 960 ejecta
3681 893 3769 946 est

2105 973 2164 1024 et
2191 969 2501 1025 dissoluta.
2537 972 2618 1024 An
2647 969 2906 1025 Judaaze?
2936 972 3043 1027 Sed
3082 990 3195 1028 non
3231 975 3490 1048 amplius
3521 982 3641 1034 stat
3672 996 3766 1035 re-

345 1064 469 1140 γάρ.
497 1065 620 1120 Τῶν
657 1061 1062 1134 μετανοούντων
1098 1087 1112 1129 ;
1145 1058 1303 1116 Ἀλλ’
1351 1060 1629 1114 ἀπειθοῦσι
1659 1063 1778 1119 ταῖς
1806 1055 1979 1134 γλώσ·

2105 1062 2234 1113 cta:
2271 1057 2567 1130 siquidem
2608 1057 2870 1131 collapsa
2899 1065 3007 1116 est.
3043 1061 3195 1118 lisne
3227 1065 3324 1136 qui
3360 1067 3763 1136 pmnitentiam

349 1173 466 1214 σαις
515 1151 709 1207 αὐτῶν.
766 1150 918 1226 Τάχα
946 1149 1127 1205 τοίνυν
1161 1147 1253 1203 διὰ
1282 1151 1380 1218 τὴν
1414 1145 1874 1224 προϋπάρχουσαν
1905 1143 1979 1200 δάε

2105 1147 2330 1218 agunt?
2356 1148 2464 1202 Sed
2497 1147 2717 1220 linguis
2750 1148 2874 1204 suis
2907 1150 3223 1222 imperium
3257 1155 3606 1212 detrectant.
3633 1161 3762 1215 For-

346 1244 457 1314 ξαν,
510 1243 699 1315 σεμνὸν
732 1241 794 1294 τὸ
826 1237 1014 1316 ἄρχειν
1070 1243 1176 1293 τῶν
1213 1237 1499 1294 τοιούτων.
1562 1236 1721 1293 Ἀλλ’
1754 1238 1979 1291 Ἐταπειι

2104 1240 2262 1292 tasse
2293 1236 2469 1308 igitur
2498 1237 2571 1292 ob
2604 1239 2917 1310 pristinam
2951 1239 3196 1312 gloriam
3232 1243 3554 1315 gloriosum
3585 1247 3764 1304 fuerit

344 1331 516 1400 νώθη,
579 1331 766 1408 φησὶν,
825 1331 861 1399 ἡ
929 1327 1058 1400 δόξα
1112 1329 1316 1395 αὐτῶν,
1376 1328 1466 1382 καὶ
1531 1329 1565 1396 ἠ
1612 1324 1845 1401 αἰσχύνη
1897 1325 1979 1379 τοί

2101 1325 2163 1380 in
2193 1325 2299 1381 hos
2331 1326 2642 1399 imperium
2676 1329 2910 1386 habere.
2935 1331 3042 1385 Sed
3077 1335 3390 1389 Humiliata
3419 1342 3519 1402 est,
3543 1336 3759 1409 inquit,

336 1420 640 1494 προσώπου
697 1419 875 1474 αὐτῶν
936 1418 1160 1489 ἀντέστη
1217 1417 1420 1480 αὐτοῖς.
1476 1415 1761 1473 Τουτὲστιν
1793 1459 1808 1480 ,
1868 1411 1979 1469 ούδῖ

2100 1415 2282 1484 gloria
2327 1432 2536 1487 eorum,
2566 1420 2618 1472 et
2659 1420 2908 1489 confusio
2939 1422 3119 1475 vultus
3165 1438 3353 1478 eorum
3403 1427 3612 1480 resistit
3657 1427 3754 1482 eis.

335 1508 612 1585 παρρησία
668 1510 856 1570 αὑτοῖς
885 1508 1158 1563 ἀνανεύειν
1198 1508 1334 1583 πρὸς
1378 1507 1469 1561 τὸν
1497 1506 1648 1576 Θεὸν,
1682 1501 1771 1559 διὰ
1796 1504 1860 1558 τὸ
1890 1504 1979 1573 τήν

2103 1505 2221 1560 Hoc
2249 1510 2358 1574 est,
2384 1505 2548 1562 nulla
2575 1508 2659 1563 eis
2692 1507 3045 1581 relinquitur
3073 1512 3290 1568 fiducia
3315 1513 3516 1569 oculos
3549 1515 3760 1572 sustol-

337 1597 610 1675 ἁμαρτίαν
646 1600 756 1672 (21)
815 1599 891 1671 μὴ
922 1599 1021 1668 τὴν
1049 1601 1322 1673 τυχοῦσαν
1356 1597 1510 1665 εἶναι,
1536 1593 1683 1651 ἀλλά
1711 1597 1778 1668 τῇ
1812 1590 1988 1649 Σοδο-

342 1692 515 1762 μιτῶν
571 1687 720 1761 ἀξίαν
777 1687 910 1743 εἶναι
969 1683 1459 1764 παραϐάλλεσθαι,
1513 1687 1574 1755 ἣν
1629 1683 1758 1759 οὐχὶ
1815 1680 1992 1758 λάθρα

336 1774 466 1832 οὐδὲ
490 1775 948 1853 ἐπαισχυνόμενοι
979 1778 1364 1848 πεποιήκασιν,
1396 1773 1525 1830 ἀλλ’
1554 1773 1727 1828 οἱονεὶ
1758 1771 1990 1847 ἐπαγαλ-

345 1864 568 1940 λόμενοι
797 1869 866 1940 τῇ
926 1865 1149 1942 ἰργασίᾳ
1202 1869 1308 1920 τῶν
1340 1867 1620 1939 πονηρῶν,
1655 1859 1985 1937 ἀνήγγειλαν

339 1960 471 2010 πᾶσι
511 1954 602 2011 καὶ
653 1956 984 2034 ἐνεφάνισαν·
1032 1954 1212 2030 ὥσπερ
1257 1954 1472 2026 ἐκεῖνοι,
1524 1951 1612 2007 ἰπὶ
1660 1952 1756 2015 τὰς
1818 1971 1990 2026 παρα-

335 2041 541 2120 νόμους
590 2043 793 2116 ἡδονὰς
826 2047 1126 2122 ὁρμῶντες,
1175 2043 1303 2120 οὐχὶ
1337 2043 1720 2121 ῥήμασιν;(23)
1755 2041 1989 2115 εὖπροσυ

335 2136 510 2198 ὠποις
568 2135 670 2204 τήν
719 2134 1002 2210 ἀσέλγειαν
1074 2131 1489 2189 συνεκάλυπτον.
1544 2135 1655 2186 1Ιοῦ
1711 2132 1812 2208 γάρ
1860 2131 1984 2206 εἶσι,

334 2226 519 2300 φησὶν,
594 2226 646 2279 οἱ
734 2221 923 2300 ἄνδρες
983 2225 1035 2278 οἱ
1095 2219 1426 2288 εἰσελθόντες
1480 2221 1626 2299 παρά
1683 2220 1805 2290 σοί;
1867 2222 1983 2292 Ἐξ-

331 2315 499 2390 ἁγαγε
547 2313 742 2374 αὐτοὺς
796 2315 934 2385 πρὸς
981 2315 1155 2386 ἡμᾶς,
1198 2311 1292 2368 ’ίνα
1337 2312 1524 2376 αὐτοῖς
1578 2313 1979 2387 συγγενώμεθα.

330 2404 574 2474 Ἐκείνην
611 2404 947 2477 ἐμιμήσαντο
985 2411 1084 2473 τήν
1137 2403 1426 2479 ἁμαρτίαν.
1485 2401 1593 2472 Τὴν
1650 2401 1754 2476 γὰρ
1812 2402 1984 2474 ἀμαρ-

325 2494 446 2548 τίαν
503 2493 704 2563 αὐτῶν,
739 2493 813 2555 ὡς
846 2491 1110 2566 Σοδόμων
1137 2495 1274 2568 (24),
1307 2490 1634 2568 ἁνήγγειλαν
1667 2491 1757 2546 καὶ
1805 2489 1982 2567 ἐνεφά-

327 2604 500 2639 νισαν.
532 2587 709 2638 Ταῦτα
769 2583 798 2637 ὁ
857 2581 1098 2658 ἰντυχὼν
1159 2586 1228 2648 τῇ
1287 2581 1506 2656 ἱστορίᾳ
1543 2577 1884 2656 διηγουμένη
1915 2580 1983 2634 τά

327 2674 434 2749 πρὸ
481 2680 581 2742 τῆς
627 2679 1010 2749 καταστροφῆς
1039 2670 1406 2744 Ἰερουσαλὴμ.
1432 2670 1599 2741 πάθη,
1630 2672 1730 2739 τῆς
1760 2689 1976 2745 προφη-

325 2762 470 2824 τείας
527 2764 588 2817 τὸ
646 2761 867 2839 ἐναργὲς
925 2760 1351 2837 ὲκπλαγήσεται.
1409 2760 1513 2816 Δύο
1570 2759 1752 2815 τοίνυν
1811 2758 1978 2814 αἶ’τίαι

324 2853 703 2927 παραιτήσεως
761 2851 988 2927 εὐλόγου
1015 2855 1124 2906 τῶν
1157 2851 1232 2914 εἷς
1282 2849 1608 2926 προστασίαν
1669 2847 1979 2923 ἑλκομένων

322 2946 421 2997 τοῦ
465 2941 622 3012 λαοῦ,
682 2943 716 3012 ἡ
752 2941 926 2998 οἷ’κεία
977 2939 1140 2997 αὐτοῦ
1170 2939 1462 3014 ἀδυναμία,
1510 2940 1600 2995 καὶ
1631 2942 1666 3009 ἡ
1697 2944 1804 2994 τῶν
1837 2959 1978 3016 πρα-

2100 1591 2259 1648 lendi
2292 1595 2604 1665 ad\Deum,
2635 1596 2790 1668 quod
2836 1603 3141 1668 peccatum
3171 1616 3373 1657 eorum
3408 1619 3522 1659 non
3555 1605 3760 1676 quale-

2100 1697 2334 1755 cunque
2367 1684 2462 1751 sit,
2497 1685 2600 1740 sed
2647 1686 2894 1758 dignum
2928 1689 3081 1759 quod
3123 1690 3356 1746 crimini
3391 1698 3764 1765 comparetur

2099 1771 2557 1841 Sodomitarum,
2577 1774 2734 1845 quod
2760 1791 2949 1846 neque
2966 1775 3326 1844 clanculum,
3343 1797 3532 1852 neque
3549 1781 3761 1853 pudori

2099 1861 2292 1916 sufﬁsi
2325 1862 2783 1922 admissre.lmo
2816 1865 2986 1936 quasi
3020 1866 3090 1922 de
3135 1866 3376 1940 ﬂagitiis
3407 1871 3760 1942 perpetratis

2099 1949 2441 2024 gloriantes,
2466 1967 2534 2008 ea
2587 1954 3005 2010 nuntiaverunt
3035 1956 3312 2012 omnibus
3361 1974 3426 2014 ac
3483 1960 3760 2031 prodide-

2099 2045 2258 2112 runt,
2290 2041 2532 2113 perinde
2565 2046 2742 2114 atque
2788 2041 2872 2098 illi
2905 2044 2965 2098 in
2998 2044 3454 2104 scelestissimas
3483 2047 3759 2107 libidines

2097 2131 2468 2200 festinantes,
2490 2132 2794 2190 lasciviam
2846 2151 3015 2192 suam
3077 2137 3362 2208 speciosis
3394 2139 3587 2194 verbis
3636 2156 3753 2196 non

2095 2220 2484 2278 occultarunt.
2523 2223 2622 2280 Ubi
2647 2225 2795 2278 enim
2823 2233 2970 2296 sunt,
3004 2225 3215 2297 inquit,
3248 2229 3363 2283 viri
3391 2230 3487 2299 qui
3519 2230 3758 2298 ingressi

2091 2321 2220 2366 sunt
2260 2311 2408 2382 apud
2455 2314 2548 2366 te?
2593 2312 2745 2368 Educ
2795 2314 2919 2369 illo:
2966 2314 3037 2369 ad
3083 2331 3200 2384 nos,
3234 2320 3295 2371 ut
3338 2333 3594 2374 coeamus
3624 2335 3750 2375 cum

2091 2401 2169 2454 eis
2197 2400 2258 2454 ¹⁶.
2295 2400 2601 2456 Peccatum
2634 2401 2780 2457 illud
2814 2407 2955 2458 sunt
2984 2403 3220 2460 imitati.
3255 2405 3402 2461 Nam
3442 2413 3744 2479 peccatum

2090 2505 2290 2556 suum,
2323 2491 2823 2561 quemadmodum
2856 2498 3159 2565 peccatum
3193 2495 3584 2553 Sodomorum
3614 2497 3747 2553 vul-

2089 2583 2292 2650 gatum
2328 2579 2540 2649 fuerat,
2573 2580 2992 2653 evulgaverunt
3032 2600 3096 2639 ac
3141 2584 3548 2656 prodiderunt.
3575 2585 3748 2652 Quis-

2089 2667 2224 2739 quis
2253 2667 2315 2724 in
2348 2667 2656 2724 historiam
2687 2686 2786 2725 eas
2826 2687 2955 2742 quae
3005 2675 3138 2728 ante
3190 2671 3752 2747 Jerosolymitanum

2091 2757 2386 2814 excidium
2417 2759 2764 2815 acciderunt
2795 2760 3168 2817 calamitates
3197 2768 3570 2820 enarrantem
3604 2765 3756 2821 inci-

2092 2847 2276 2917 derit,
2335 2847 2690 2904 evidentiam
2757 2849 3364 2924 perspicuitatemque
3431 2852 3754 2925 prophetiae

2093 2937 2508 2994 admirabitur.
2545 2937 2768 3008 Duplex
2816 2938 3014 3010 itaque
3069 2941 3222 2997 458
3272 2942 3549 3014 speciosaa
3597 2941 3760 3001 illius

322 3031 546 3104 γμάτων
576 3029 859 3100 δυσκολία,
924 3027 1339 3107 δυσδιορθώτων
1373 3025 1544 3084 ὄντων
1573 3032 1682 3082 τῶν
1713 3027 1858 3084 λαῶν
1891 3025 1979 3082 διὰ

2095 3025 2532 3082 detrectationis
2563 3025 2712 3080 ratio
2755 3027 3106 3098 suppetebat
3152 3028 3248 3094 iis,
3280 3029 3382 3100 qui
3431 3031 3750 3104 imperium

324 3120 426 3186 τὴν
484 3119 704 3188 πολλὴν
763 3119 924 3194 χύσιν
981 3121 1079 3187 τῆς
1139 3117 1424 3193 ἁμαρτίας·
1475 3119 1609 3192 ἅπερ
1641 3116 1979 3194 ἁμφότεραὸ

2095 3113 2148 3168 in
2180 3113 2467 3184 populum
2499 3113 2764 3185 accipere
2821 3115 3346 3190 compellabantur,
3380 3120 3616 3192 propria
3646 3121 3755 3176 im-

329 3208 686 3281 προκείμενος
730 3208 976 3284 περιέχει
1019 3206 1208 3281 λόγος·
1240 3205 1363 3282 περὶ
1416 3205 1511 3278 μὶν
1541 3208 1640 3270 τῆς
1681 3202 1821 3268 ἰδίας
1848 3201 1979 3259 ἁδυ-

2095 3201 2399 3269 becillitas,
2451 3217 2518 3258 ac
2564 3203 2829 3259 difficilis
2881 3220 3079 3260 rerum
3130 3210 3343 3277 status,
3377 3210 3752 3284 quandoqui-

324 3296 539 3369 ναμίας,
599 3301 698 3351 τοῦ
752 3297 852 3366 τὴν
909 3296 1092 3372 ἀρχὴν
1124 3293 1514 3369 ἆξομνυμίνου,
1556 3291 1834 3368 λὲγοντος·
1869 3291 1979 3350 Οὐκ

2095 3291 2222 3347 dem
2256 3291 2509 3364 populus
2538 3292 2633 3348 vix
2662 3293 2734 3348 ad
2769 3293 2996 3366 frugem
3027 3295 3243 3351 bonam
3280 3298 3470 3354 redire
3501 3303 3747 3372 poterat,

321 3380 467 3439 ἔστιν
531 3385 691 3460 ἄρτος
751 3385 804 3440 ἰν
861 3390 942 3458 τῷ
996 3383 1131 3458 σ’ίκῳ
1191 3405 1319 3459 μου,
1379 3381 1506 3438 ούδὶ
1562 3383 1799 3456 ἱμάτιονο
1829 3383 1893 3438 τὸ
1925 3380 1979 3437 δὲ

2095 3382 2162 3437 ob
2196 3381 2512 3452 plurimam
2546 3389 2915 3454 peccatorum
2943 3385 3272 3458 congeriem
3300 3404 3312 3443 :
3338 3389 3490 3458 quod
3526 3393 3751 3446 utrum-

316 3478 414 3528 τοῦ
463 3473 600 3529 λαοῦ
632 3474 868 3543 ἀνίατον,
930 3473 990 3528 ἐκ
1039 3478 1136 3528 τοῦ
1194 3475 1384 3529 εἰπεῖν’
1416 3472 1532 3530 Οὐκ
1560 3469 1754 3544 ἔσομαι
1785 3473 1972 3548 ἄρχων

2095 3485 2204 3540 que
2263 3469 2356 3524 hic
2416 3487 2609 3526 sermo
2667 3471 3099 3543 complectitur.
3148 3473 3294 3530 Nam
3355 3477 3454 3546 qui
3515 3483 3751 3536 recusat

317 3565 415 3617 τοῦ
477 3560 612 3617 λαοῦ
667 3561 886 3632 τούτου,
945 3561 1028 3617 ὅτι
1087 3564 1291 3618 ἀνεῖται
1349 3561 1732 3634 Ἰερουσαλὴμ,
1789 3560 1879 3615 καὶ
1936 3563 1972 3630 ἡ

2095 3558 2510 3631 principatum,
2545 3560 2614 3616 de
2647 3577 2754 3616 sua
2799 3561 2987 3632 ipsius
3035 3561 3377 3620 infirmitate
3406 3565 3548 3622 dicit
3581 3584 3594 3623 :
3627 3571 3753 3625 Non

318 3647 558 3706 Ἰουδαία
617 3652 1003 3724 συμπέπτωκε,
1061 3652 1151 3708 καὶ
1210 3653 1265 3706 αἱ
1313 3650 1559 3726 γλῶσσαι
1604 3650 1780 3706 αὐτῶν
1844 3649 1978 3722 μετὰ

2095 3657 2163 3705 est
2209 3637 2372 3720 panis
2413 3650 2473 3704 in
2504 3649 2660 3706 domo
2708 3667 2850 3717 mea,
2883 3667 3054 3724 neque
3100 3655 3519 3718 vestimentum;
3549 3656 3751 3729 populi

319 3742 434 3814 (25)
464 3740 694 3814 ἀνομίας
718 3741 786 3796 τὰ
813 3741 950 3816 πρὸς
981 3741 1074 3795 τὸν
1135 3739 1335 3815 Κύριον
1367 3740 1668 3797 ἀπειθοῦσι.
1716 3740 1824 3808 Τήν
1874 3741 1975 3815 γὰρ

2095 3754 2222 3794 vero
2263 3737 2487 3794 malum
2539 3739 2870 3796 insanabile
2924 3742 3200 3812 ostendit,
3237 3744 3378 3799 dum
3413 3745 3555 3801 dicit
3587 3763 3600 3802 :
3634 3746 3749 3803 Non

325 3829 556 3903 ἀνομίαν
617 3829 794 3885 αὐτῶν
823 3829 897 3891 ὠς
954 3827 1219 3903 Σοδόμων
1253 3829 1580 3905 ἁνήγγειλαν
1612 3829 1699 3884 καὶ
1735 3826 1976 3906 ἐνεφάνια

319 3939 436 3973 σαν.
471 3916 613 3976 Οὐδὲ
642 3919 746 3995 γὰρ
777 3915 1085 3992 Σοδομίτας
1115 3919 1192 3982 εἷς
1220 3915 1279 3973 ἂν
1309 3914 1516 3994 ἐγένετο
1549 3915 1771 3980 δυνατὸς
1821 3937 1974 3993 περι·

323 4009 620 4078 σώσασθαι,
652 4005 780 4062 ἀλλ’
809 4005 1042 4084 ἔχρῃζον
1080 4004 1304 4064 δικαίων
1338 4005 1465 4064 δέκα
1492 4008 1554 4062 τὸ
1584 4010 1698 4082 (26)
1743 4004 1975 4082 ἐλάχισ-

315 4118 432 4169 τον,
456 4103 564 4154 τῶν
599 4096 992 4172 ἐξαιτουμένων
1023 4097 1242 4161 αὐτούς.

2091 3844 2183 3885 ero
2211 3829 2474 3900 princeps
2500 3830 2694 3901 populi
2737 3829 2922 3903 hujus,
2954 3833 3086 3903 quia
3127 3833 3397 3890 dissoluta
3427 3844 3507 3891 est
3534 3838 3752 3893 Jerusa-

2086 3918 2213 3988 lem,
2239 3925 2291 3974 et
2319 3918 2512 3976 Judwa
2545 3919 2819 3983 concidit;
2851 3925 2904 3976 et
2934 3922 3136 3993 lingua
3164 3939 3360 3980 eorum
3387 3941 3514 3981 cum
3547 3927 3750 4000 iniqui-

2083 4013 2198 4063 tate
2227 4007 2320 4063 his
2350 4023 2472 4080 qua:
2503 4009 2726 4066 Domini
2765 4017 2918 4079 sunt,
2954 4027 3067 4067 non
3109 4013 3500 4086 obtemperant.
3532 4017 3749 4088 Iniqui-

2085 4100 2253 4154 tatem
2283 4099 2432 4153 enim
2473 4114 2632 4154 suam
2678 4101 2840 4170 quasi
2867 4101 3228 4158 Sodomorum
3274 4103 3638 4177 divulgarunt
3687 4123 3752 4162 ac

312 4190 703 4262 prodiderunt.
736 4190 934 4262 Neque
964 4189 1122 4245 enim
1155 4206 1385 4246 servare
1415 4192 1643 4262 poterat
1672 4205 1827 4244 unus
1859 4185 2076 4259 aliquis
2107 4187 2464 4259 Sodomitas,
2499 4189 2602 4244 sed
2634 4189 2833 4246 decem
2864 4191 3072 4247 saltem
3113 4192 3296 4264 justis
3342 4194 3612 4267 egebant,
3647 4198 3745 4267 qui

315 4295 518 4336 eorum
552 4295 782 4353 poenam
813 4281 1290 4352 deprecarentur.

392 4370 516 4425 144.
593 4367 732 4425 Οὐαὶ
805 4371 873 4442 τῇ
941 4369 1096 4443 ψυχῇ
1168 4368 1367 4438 αὐτῶν,
1446 4366 1530 4422 ὅτι
1591 4359 1978 4441 βεϐούλευνται

324 4455 534 4532 βουλὴν
615 4456 857 4531 πονηρὰν
936 4458 1055 4512 καθ’
1134 4457 1368 4525 ἑαυτῶν,
1448 4455 1710 4518 εἰπόντες.
1791 4459 1981 4527 Δήσω-

323 4567 420 4620 μεν
519 4547 611 4602 τὸν
718 4543 947 4620 δίκαιον,
1025 4547 1107 4602 ὅτι
1187 4543 1535 4622 δύσχρηστος
1620 4546 1757 4619 ἡμῖν
1844 4541 1978 4600 ἐστι.

319 4635 512 4694 Τοίνυν
569 4635 638 4691 τὰ
691 4638 1007 4712 γεννήματα
1062 4639 1169 4691 τῶν
1229 4633 1400 4712 ἔργων
1459 4634 1640 4691 αὐτῶν
1697 4634 1976 4714 φάγονται.

391 4811 438 4850 1⁸
466 4810 612 4868 Gen.
642 4826 758 4883 xxx,
797 4810 853 4866 5.

389 4967 504 5040 (21)
533 4966 710 5034 Editi,
756 4965 1022 5042 ἁμαρτίαν
1056 4964 1252 5024 αὐτῶν.
1287 4965 1411 5024 Vox
1460 4960 1636 5019 αὐτῶν
1668 4964 1729 5022 in
1763 4965 1982 5022 nostris

323 5053 459 5112 mss.
494 5057 609 5112 non
643 5042 954 5112 reperitur.

391 5111 500 5180 (22)
526 5107 777 5180 rVaria'nt
806 5113 962 5169 inter
1002 5127 1066 5166 se
1114 5109 1246 5180 libri
1297 5108 1549 5180 antiqui.
1581 5107 1810 5164 Habent
1837 5112 1978 5180 tres,

324 5177 773 5255 ἐναγαλλόμενοι,
823 5184 925 5242 alii
975 5187 1113 5252 tres,
1173 5177 1640 5255 ἰναγαλλιῶμενοι
1689 5177 1978 5237 exsatiari;

322 5259 420 5305 tes.

540 5322 1221 5407 Bagaquartusppﬁuam
1256 5321 1441 5407 μόνον.
1519 5398 1554 5407 _
1600 5388 1655 5407 Μ
1882 5397 1894 5407 _

415 5388 702 5470 24)_Editi
724 5388 804 5452 ’θι
865 5388 1122 5470 quatuor
1176 5388 1346 5468 mét,
1379 5394 1486 5470 the
1517 5388 1804 5470 Σοδόμων.
1865 5395 1978 5450 Alii

322 5463 458 5534 dub,
494 5466 568 5542 ᾡς
599 5463 843 5542 Σόδομα.
885 5463 1204 5542 "Aliquanto
1238 5463 1368 5540 post
1397 5468 1538 5542 editi
1572 5473 1630 5542 et
1655 5463 1807 5542 unus
1840 5484 1974 5537 ms.,

319 5535 822 5614 καταπλαγήσετίιι.
850 5543 963 5597 Alii
995 5535 1255 5614 quinque
1285 5557 1454 5614 mss.,
1482 5537 1904 5614 ἐκπλαγήσεται.

392 5611 504 5682 (25)
536 5611 667 5689 Jam
695 5611 1042 5689 monuimus
1074 5611 1185 5689 legi
1217 5613 1448 5689 debere,
1473 5611 1978 5684 quemadmodum

323 5680 580 5758 tumes;
597 5684 831 5758 legitur,
864 5685 1018 5758 μετά,
1047 5680 1165 5758 ι]οῆ
1199 5684 1406 5758 μεσταί,

390 5755 510 5829 (26)
541 5753 696 5814 Εάἱῐὶ
734 5756 827 5812 καὶ
864 5753 955 5816 ’τό.
990 5753 1212 5818 Vocula
1254 5753 1346 5812 καί
1393 5756 1455 5814 in
1505 5772 1652 5814 mss.
1681 5770 1979 5829 nusquam

2163 4367 2287 4422 114.
2321 4367 2497 4423 Vens.
2535 4369 2620 4424 10.
2660 4371 2748 4426 Vx
2789 4372 3008 4428 animm
3057 4387 3265 4442 eorum,
3313 4374 3446 4446 quia
3494 4374 3748 4430 inierunt

2090 4457 2389 4514 consilium
2418 4460 2638 4513 malum
2668 4469 2862 4514 contra
2891 4475 2966 4532 se,
3001 4461 3249 4516 dicentes
3281 4479 3301 4519 :
3331 4463 3633 4532 Alligemus
3651 4466 3747 4534 ju-

2091 4551 2256 4614 stum,
2289 4548 2423 4618 quia
2467 4548 2687 4603 inutilis
2716 4556 2795 4604 est
2822 4549 3003 4606 nobis.
3037 4554 3230 4623 Itaque
3276 4554 3492 4624 fructus
3521 4570 3749 4625 operum

2009 4620 2056 4686 D
2088 4653 2317 4694 suorum
2365 4637 2659 4694 comedent.
2693 4641 3086 4711 Posteaquam
3117 4620 3356 4699 tandem
3402 4620 3751 4700 advertisset

2089 4975 2408 5041 comparet.
2443 4966 2607 5041 Quod
2625 4967 2719 5041 ait
2761 4965 3051 5041 hoogloco
3099 4971 3506 5041 Combeﬁsius,
3539 4968 3746 5028 verbo-

2090 5035 2242 5092 rum'
2282 5038 2538 5116 illorum,
2583 5035 2709 5116 δέκα
2752 5041 2826 5116 λτὸ
2887 5039 3201 5116 ἐλάχιστον.
3236 5051 3370 5109 ctc.,
3403 5035 3559 5098 hunc
3617 5059 3746 5100 esse

2089 5124 2353 5188 sensum,
2386 5110 2565 5188 decem
2615 5113 2916 5188 minimum
2970 5110 3221 5184 éqebant,
3254 5119 3354 5187 qui
3409 5123 3745 5188 expeterent,

2088 5181 2149 5254 in
2198 5197 2266 5237 eo
2324 5181 3116 5254 insigniterbhallucinat‘um
3175 5181 3305 5242 esse
3361 5181 3737 5244 arbitramur.

2087 5251 2290 5333 N_eque
2321 5251 2898 5333 satis-intelligimus
2931 5259 3068 5333 quid
3106 5258 3218 5313 sibi
3251 5258 3431 5333 velint
3461 5259 3580 5330 illa,
3615 5277 3742 5333 quae

2087 5325 2175 5400 vir
2203 5325 2643 5400 eruditissimus
2678 5325 2905 5400 addidit
2948 5325 3022 5384 ad
3075 5330 3516 5400 approbandam
3568 5325 3741 5387 suam

2088 5397 2653 5473 interpretationem,
2689 5399 2832 5454 Cum
2855 5417 3002 5473 unus
3031 5401 3088 5453 id
3114 5397 3413 5473 praestaret
3441 5405 3740 5460 Abraham.

2089 5465 2273 5545 Igitur
2301 5470 2546 5524 verbum
2599 5465 2819 5537 ἐξαιτεῖν
2845 5471 3090 5545 ibicnon
3115 5465 3289 5528 'dcbel
3323 5476 3478 5530 sumi
3529 5493 3630 5545 pro
3677 5492 3743 5530 eo

2133 5542 2244 5596 uod
2288 5546 2380 5618 est
2426 5545 2680 5618 appetere
2709 5544 2859 5618 sed
2911 5543 3066 5618 idem
3112 5545 3466 5618 valet,quod
3516 5542 3744 5618 poenam

2133 5558 2244 5596 non
2288 5558 2380 5596 θεῖ,
2426 5558 2680 5611 aspexere
2709 5559 2726 5594 :
2760 5558 2859 5597 seu
2911 5558 3066 5597 idem
3112 5558 3282 5612 valet,
3316 5558 3466 5615 quod
3516 5563 3743 5618 poenam

2087 5558 2399 5692 geprecafi.
2455 5612 2822 5692 Respiciebat
2878 5615 3148 5686 scriptor,
3197 5617 3466 5690 quisquis
3514 5624 3620 5692 est,
3671 5617 3743 5674 ad

2087 5687 2268 5743 verba
2296 5685 2505 5742 Genes.
2538 5700 2704 5755 xvm,
2731 5685 2822 5741 32.
