4130 6394
391 392 509 454 303

1330 381 1726 445 APPENDIX
1769 376 2094 445 OPERUM
2142 379 2206 443 S.
2254 381 2537 446 BASlLlI
2585 383 2858 447 MAGNI.

3689 378 3808 444 304

393 522 679 597 propheta
700 517 983 592 pepulum
1012 516 1199 572 instar
1219 516 1605 572 Sodomorum
1640 514 1767 570 sine
1796 513 1915 569 ullo
1947 531 2021 586 pu

2158 518 2335 569 Ταῦτα
2359 511 2554 571 λοιπὸν
2587 515 2617 571 ό
2649 516 2937 591 προφήτης
2970 511 3105 587 μετὰ
3144 513 3208 569 τὸ
3238 510 3373 569 ΐδεῖν
3408 510 3502 568 τὸν
3534 510 3667 568 λαὸν
3700 533 3806 569 πα-

395 613 535 668 dore
567 612 640 668 ad
674 613 978 681 peccatum
1012 605 1368 679 praecipitem
1419 604 1577 675 ferri,
1611 604 1692 659 ita
1738 607 1802 659 ut
1850 618 1922 659 ne
1950 619 2047 659 oc-

392 701 547 758 culte
576 700 815 771 quidem
864 704 964 753 aut
1013 696 1356 753 abscondite
1396 703 1723 768 peccarenl,
1757 694 1878 749 imo
1908 709 2042 750 cum

392 789 651 863 plurima
694 788 938 845 audacia
968 792 1026 842 et
1072 785 1438 856 impudentia
1486 800 1614 840 sese
1662 787 1950 856 gerentes,
1975 799 2046 838 ex

390 878 803 952 ignominiosis
862 876 1219 932 facinoribus
1276 873 1688 947 gloriarentur,
1740 874 1898 945 ipsos
1942 872 2041 928 de-

392 969 561 1036 ﬂens,
594 967 713 1023 haec
743 966 918 1022 verba
971 966 1192 1038 profert
1223 982 1236 1019 :
1278 966 1361 1021 Vw
1411 967 1619 1021 anima
1665 979 1877 1029 eorum,
1913 963 2044 1033 quia

388 1059 638 1115 inierunt
674 1056 969 1113 consilium
1028 1055 1243 1109 malum
1296 1054 1583 1109 adversum
1631 1069 1704 1121 sc,
1755 1052 1993 1107 dicentes
2020 1068 2039 1105 .-

386 1147 691 1220 Alligemus
731 1145 976 1219 justum,
1007 1145 1148 1216 quia
1198 1144 1417 1199 inutilis
1463 1144 1621 1198 nobis
1649 1146 1748 1198 est.
1782 1140 2039 1197 Consilia

388 1237 669 1293 adversus
705 1237 906 1306 justos
954 1234 1100 1289 inita
1143 1232 1203 1288 in
1235 1232 1698 1290 consultantium
1731 1231 1920 1303 capita
1950 1247 2038 1286 re-

386 1330 739 1398 torquentur
766 1341 779 1381 :
815 1324 1313 1396 quemadmodum
1346 1322 1462 1378 tela
1486 1323 1644 1393 jacta
1675 1338 1708 1375 a
1737 1319 1942 1376 solidis
1972 1336 2038 1376 ac

386 1415 629 1488 repulsu
683 1414 943 1487 praeditis
997 1413 1336 1485 corporibus
1376 1412 1436 1467 in
1487 1427 1627 1467 suos
1675 1410 2037 1481 jaculatores

386 1504 679 1562 resiliunt.
715 1503 854 1560 Eam
886 1503 959 1559 ob
991 1518 1114 1558 rem
1147 1501 1228 1557 ait
1259 1518 1271 1555 :
1306 1502 1555 1557 Inicrunt
1599 1500 1898 1556 consilium
1940 1498 2038 1556 ad—

386 1610 605 1652 versum
633 1610 710 1663 se,
744 1592 1023 1648 dicentes:
1057 1592 1365 1664 Alligcmus
1381 1592 1617 1664 justum,
1651 1591 1783 1661 quia
1814 1589 2042 1645 inutilis

384 1684 543 1742 nobis
597 1692 697 1741 est.
728 1681 916 1739 Judaei
968 1685 1162 1737 autem
1214 1680 1555 1737 adveniente
1612 1678 1862 1736 Domino
1918 1678 2040 1735 hac

385 1774 731 1830 faciebant:
785 1772 1001 1844 quippe
1057 1770 1255 1841 ipsum
1314 1769 1562 1842 ligatum
1622 1769 1914 1825 deduxere
1968 1770 2037 1825 ad

384 1863 666 1936 Gaipham
689 1862 752 1917 ¹⁶.
789 1860 1078 1934 Ligabant
1121 1876 1357 1929 manus,
1389 1877 1517 1932 qua:
1548 1858 1708 1932 ipsos
1737 1858 2041 1915 beneficiis

385 1951 851 2019 cumulaverant,
886 1966 990 2006 nec
1032 1949 1277 2022 justitiee
1330 1949 1592 2005 ferebant
1639 1948 2035 2033 praesentiam,

384 2042 541 2114 quob
574 2040 862 2097 malitiam
924 2038 1154 2095 aboleat
1208 2043 1265 2095 et
1320 2039 1688 2095 exterminat.
1725 2043 1822 2094 Est
1877 2038 2035 2094 enim

373 2130 611 2203 justitia
641 2128 881 2201 injustis
922 2144 988 2184 ac
1033 2128 1256 2200 iniquis
1289 2128 1555 2199 molesta,
1588 2127 1831 2201 perinde
1861 2134 2037 2199 atque

379 2218 467 2277 sol
514 2219 919 2292 lippientibus.
970 2218 1334 2290 Quapropter
1378 2218 1455 2274 ait
1491 2234 1503 2272 :
1540 2220 1765 2273 Fructus
1812 2232 2036 2289 operum

376 2326 605 2366 suorum
671 2309 967 2366 comedent.
1018 2307 1255 2364 Illorum
1324 2313 1518 2364 autem
1584 2325 1826 2381 operum
1881 2308 2032 2363 fctus

378 2404 519 2455 sunt
550 2399 878 2471 captivitas,
913 2398 1223 2469 dispersio,
1256 2397 1458 2470 templi
1490 2398 1736 2463 eversio,
1767 2398 1969 2468 lapsus
1999 2414 2033 2453 a

378 2488 585 2563 gloria,
618 2487 883 2544 confusio
916 2486 1113 2542 vultus
1161 2504 1388 2558 eorum,
1422 2504 1524 2559 per
1555 2504 1729 2559 quam
1780 2488 1865 2542 eis
1915 2503 2030 2543 non

374 2578 512 2634 licet
554 2576 757 2635 oculos
790 2578 861 2631 ad
893 2576 1101 2642 Deum,
1134 2576 1207 2631 ob
1256 2576 1506 2649 impium
1542 2575 1770 2632 facinus
1800 2576 1858 2631 in
1893 2576 2029 2632 Uni-

375 2667 645 2740 genitum
695 2664 1045 2735 admissum,
1077 2664 1299 2723 tollere.
1335 2667 1537 2737 Itaque
1569 2666 1843 2721 ﬁduciam
1874 2665 2031 2738 prio-

377 2772 500 2813 rem
528 2755 857 2828 perdidere,
891 2754 1110 2827 quippe
1144 2754 1243 2827 qui
1276 2771 1379 2810 nec
1413 2754 1875 2827 prophetas.nec
1906 2754 2028 2811 cul-

376 2849 505 2902 tum
535 2845 830 2901 habeant:
866 2843 1053 2899 Verbo
1099 2849 1293 2900 autem
1326 2844 1525 2916 ligato,
1559 2843 1738 2917 ligata
1767 2843 2028 2911 veritate,

376 2934 506 2991 luce
536 2934 736 3007 ligata,
761 2932 996 3004 justitia
1047 2932 1245 3005 ligata,
1280 2933 1460 3005 ligato
1503 2933 1816 3003 Salvatore,
1849 2934 2028 3006 ligato

376 3024 624 3095 medico,
656 3022 965 3078 liberatore
1003 3020 1208 3095 ligato,
1241 3039 1367 3094 quae
1413 3022 1612 3078 omnia
1643 3022 1908 3079 Christus
1939 3027 2029 3079 est

376 3115 542 3186 iuxta
574 3112 794 3169 variam
829 3128 957 3184 quae
989 3112 1059 3167 de
1091 3129 1156 3167 eo
1186 3111 1437 3168 habetur
1466 3112 1782 3182 notionem,
1815 3113 2027 3185 privati

375 3208 517 3261 sunt
553 3200 799 3266 lumine,
835 3200 1040 3272 privati
1090 3206 1229 3256 sunt
1273 3201 1468 3267 verbo,
1503 3201 1709 3272 privati
1759 3206 1899 3257 sunt
1925 3218 2021 3257 ve-

376 3292 569 3362 ritate,
600 3290 662 3347 in
710 3289 1021 3360 iniquitate
1065 3290 1307 3362 degunt,
1339 3291 1544 3346 morbo
1590 3290 1907 3346 insanabili
1939 3290 2023 3346 la-
2054 3277 2097 3344 C

375 3380 604 3438 borant.
637 3378 708 3435 Hi
757 3383 897 3436 sunt
935 3378 1163 3434 fructus
1209 3396 1451 3451 operum
1502 3396 1701 3436 eorum
1749 3396 1896 3452 quos
1927 3395 2027 3437 co-

379 3471 645 3527 medunt.

452 3647 575 3704 115.
604 3646 778 3702 Vens.
814 3647 897 3702 11.
939 3648 1028 3703 Vae
1057 3647 1289 3718 iniquo!
1318 3647 1458 3703 Mala
1488 3662 1589 3720 pro
1618 3649 1876 3720 operibus
1904 3665 2027 3704 ma-

379 3752 555 3795 nuum
584 3738 739 3795 459
773 3737 894 3805 eius
922 3738 1175 3808 evenisz
1203 3739 1277 3792 ei.
1299 3740 1431 3792 Haec
1464 3738 1534 3793 de
1557 3738 1756 3793 divino
1778 3737 2028 3809 judicio,

380 3827 536 3900 quod
587 3824 908 3896 unicuique
964 3841 1067 3897 pro
1122 3825 1329 3883 merito
1360 3827 1687 3883 mercedem
1735 3826 2027 3899 rependit,

378 3918 539 3973 dicta
569 3915 751 3971 fuisse
804 3914 1175 3973 arbitramur.
1208 3917 1369 3980 Quod
1419 3916 1469 3972 si
1519 3915 1652 3971 ideo
1689 3918 1770 3972 Vae
1814 3916 2024 3988 iniquo,

379 4005 615 4071 dicitur,
649 4005 801 4076 quod
834 4004 977 4060 Mala
1015 4019 1118 4076 pro
1146 4005 1401 4075 operibus
1432 4008 1607 4077 ipsius
1649 4006 1899 4061 evenient
1923 4008 1977 4060 ci
2006 4023 2026 4062 :

378 4096 550 4166 cujus
581 4092 807 4149 malitia
837 4094 906 4148 ad
938 4110 1086 4166 opus
1136 4110 1316 4164 usque
1347 4111 1459 4150 non
1498 4096 1799 4166 processit,
1832 4095 1931 4150 sed
1962 4095 2023 4151 in

376 4202 590 4243 arcano
637 4186 828 4241 cordis
878 4201 1113 4241 recessu
1154 4198 1567 4242 consummata
1606 4192 1716 4255 est,
1752 4203 1942 4242 nonne
1971 4188 2026 4243 ei

369 4276 673 4349 inﬂigetur
702 4291 892 4347 poena,
918 4276 998 4330 ita
1030 4280 1093 4331 ut
1128 4276 1209 4332 Va:
1249 4276 1358 4347 ipsi
1391 4276 1568 4331 etiam
1599 4275 1866 4347 adaptari
1894 4293 2025 4348 pos-

370 4365 490 4423 sit?
510 4369 628 4421 Aut
657 4364 756 4420 ubi
787 4365 944 4436 quod
975 4363 1036 4419 in
1067 4363 1289 4420 malitia
1320 4368 1642 4437 perfectum
1670 4372 1758 4420 est
1789 4365 2019 4434 retulit;

370 4455 528 4528 quod
558 4454 757 4510 minus
782 4457 892 4524 est,
919 4453 974 4509 id
998 4453 1108 4510 tibi
1140 4455 1513 4527 proportione
1534 4462 1764 4510 servata
1787 4455 2024 4527 reliquit

366 4542 838 4615 excogitandum.
862 4544 963 4598 Est
984 4543 1139 4599 enim
1176 4545 1423 4613 perfecta
1450 4544 1696 4613 malitia,
1722 4561 1855 4600 cum
1888 4544 2022 4616 quis

2156 604 2474 679 ραπλησίως
2527 602 2801 678 Σοδόμοις
2830 604 3292 678 άπερυθριάσαντα
3339 603 3476 679 πρὸς
3520 603 3584 658 τὸ
3636 603 3810 680 ἁμαρ-

2150 694 2347 766 τάνειν,
2405 696 2480 758 ὡς
2514 693 2653 769 μηδὲ
2708 695 2844 769 μετὰ
2901 692 3281 770 ἐπικαλύψεως
3315 695 3407 750 καὶ
3464 692 3807 770 ἐπικρύψεως

2152 783 2359 839 πταίειν
2397 831 2411 853 ,
2470 782 2595 838 ἁλλ’
2652 782 3188 860 ἐμπαρῥησιάζεσθαι
3249 781 3657 858 ἀναισχύντως,
3714 783 3807 838 καὶ

2152 871 2595 947 ἐπισεμνύνεσθαι
2650 878 2767 935 τοῖς
2826 872 3120 949 αἶ’σχροῖς,
3188 874 3516 950 ἁποθρηνῶν
3574 871 3805 943 αὐτοὺς,

2151 984 2313 1037 φησιν
2350 983 2362 996 '
2424 961 2558 1021 Οὐαὶ
2617 966 2685 1038 τῇ
2744 965 2900 1038 ψυχῇ
2959 962 3134 1018 αύτῶν
3172 1005 3187 1031 ,
3254 962 3337 1018 ὅτι
3412 956 3805 1037 βεϐούλευνται

2154 1050 2360 1127 βουλὴν
2428 1054 2670 1127 πονηρὰν
2746 1052 2867 1106 καθ’
2943 1052 3169 1121 ἑαυτῶν,
3258 1049 3523 1125 λέγοντεςο
3614 1053 3804 1123 Δήσω-

2153 1161 2245 1212 μεν
2298 1141 2389 1195 τὸν
2450 1138 2692 1213 δίκαιον,
2752 1139 2835 1195 ὅτι
2890 1137 3234 1217 δύσχρηστος
3289 1142 3424 1213 ἡμῖν
3487 1137 3669 1195 ἐστιν.
3733 1140 3803 1194 Δὶ

2146 1231 2283 1285 κατὰ
2310 1233 2418 1285 τῶν
2452 1227 2676 1285 δικαίων
2719 1228 2914 1306 βουλαὶ
2970 1227 3382 1308 ἐπιστρέφουσιν
3432 1227 3519 1285 ἐπὶ
3568 1229 3665 1292 τὰς
3712 1250 3802 1286 κε-

2147 1320 2324 1397 φαλὰς
2379 1319 2486 1374 τῶν
2547 1317 2960 1393 βουλευομένων
3019 1320 3153 1392 (27)’
3210 1317 3392 1395 ὥσπερ
3425 1318 3531 1375 ἁπὸ
3561 1318 3799 1397 «esse»

2145 1408 2236 1464 καὶ
2289 1409 2592 1465 ἀντιτύπων
2647 1408 2916 1482 σωμάτων
2973 1408 3040 1463 τὰ
3085 1408 3460 1485 προσπεσόντα
3492 1406 3629 1485 βέλη
3662 1408 3799 1485 πρὸς

2147 1499 2274 1561 τοὺς
2342 1497 2588 1578 ἀφιέντας
2664 1496 2924 1554 ἐπάνεισι.
3002 1499 3100 1553 Διὰ
3148 1496 3312 1554 τοῦτό
3366 1518 3553 1576 φησιν.
3615 1492 3803 1554 Ἐϐου-

2151 1587 2413 1645 λεύσαντο
2495 1587 2704 1665 βουλὴν
2775 1589 2895 1644 καθ’
2979 1585 3207 1658 ἑαυτῶν,
3280 1587 3545 1652 εἰπόντες⁶
3614 1590 3803 1661 Δήσω-

2152 1700 2246 1752 μεν
2302 1679 2395 1733 τὸν
2446 1675 2680 1748 δίκαιον,
2741 1676 2827 1741 ὅτι
2858 1673 3203 1753 δύσχρηστος
3255 1678 3390 1750 ἡμῖν
3430 1675 3563 1736 ἐστι.
3615 1680 3801 1736 Ταῦτα

2149 1764 2207 1823 δὶ
2258 1766 2475 1824 ἐποίουν
2536 1768 2589 1823 οἱ
2645 1763 2902 1823 Ἰουδαῖοι
2934 1765 2987 1821 ἐν
3035 1770 3105 1841 τῇ
3135 1762 3404 1841 ἐπιδημίᾳ
3444 1770 3544 1823 τοῦ
3575 1767 3795 1845 Κυρίουο

2150 1854 2412 1929 δήσαντες
2485 1857 2587 1935 γὰρ
2663 1855 2824 1913 αὐτὸν
2902 1854 3104 1933 ἤγαγον
3157 1857 3272 1931 (28)
3329 1857 3466 1929 πρὸς
3522 1858 3795 1936 Καϊάφαν.

2148 1945 2443 2021 Ἐδὲσμουν
2499 1946 2596 2011 τὰς
2625 1951 2816 2022 χεῖρας
2873 1946 2969 2007 τὰς
2995 1944 3402 2020 εύεργετούσας,
3448 1945 3511 2001 ού
3543 1947 3795 2024 φέροντες

2142 2045 2245 2108 τῆς
2277 2035 2624 2107 δικαιοσύνης
2654 2037 2753 2107 τήν
2787 2032 3103 2109 ἐπιδημίαν,
3135 2032 3275 2090 διότι
3316 2036 3585 2111 πονηρίας
3617 2037 3796 2115 ὑπῆρ-

2145 2147 2241 2203 χεν
2298 2127 2645 2205 ἁφανιστική.
2679 2124 3029 2201 Δύσχρηστος
3057 2123 3158 2200 γὰρ
3188 2128 3306 2188 τοῖς
3335 2120 3610 2180 ἀδικοῦσιν
3640 2128 3676 2196 ἡ
3709 2124 3794 2182 δι-

2141 2218 2426 2287 καιοσύνη·
2479 2216 2658 2289 ὥσπερ
2716 2211 3095 2293 όφθαλμιῶσιν
3154 2215 3183 2268 ὁ
3240 2210 3442 2283 ἥλιος·
3494 2213 3587 2270 Διό
3635 2236 3789 2294 φησι·

2140 2308 2216 2361 Τὰ
2270 2307 2585 2382 γεννήματα
2637 2308 2744 2358 τῶν
2803 2302 2977 2378 ἔργων
3035 2301 3211 2358 αὐτῶν
3280 2304 3568 2381 φάγονται.
3618 2310 3792 2363 Ταῦτα

2142 2393 2199 2451 δὲ
2248 2395 2466 2450 ἐκείνων
2497 2398 2605 2449 τῶν
2640 2388 2813 2469 ἔργων
2840 2393 2908 2447 τὰ
2948 2394 3279 2467 γεννήματα,
3327 2394 3363 2464 ἡ
3408 2392 3782 2470 αἰχμαλωσίᾳ,

2140 2488 2175 2555 ἡ
2236 2482 2524 2560 διασπορὰ,
2586 2486 2620 2554 ἠ
2681 2483 3029 2558 καταστροφή
3059 2485 3156 2537 τοῦ
3187 2486 3339 2555 ναοῦ,
3378 2485 3412 2553 ἠ
3447 2484 3555 2540 ἀπὸ
3577 2492 3677 2556 τῆς
3703 2483 3787 2542 δό-

2140 2575 2236 2645 ξης
2266 2573 2635 2642 κατάπτωσις,
2688 2575 2724 2642 ἡ
2792 2571 3025 2647 αἰσχύνη
3082 2575 3181 2626 τοῦ
3237 2572 3535 2646 προσώπου
3591 2574 3789 2646 αὐτῶν,

2139 2665 2242 2720 οὐκ
2273 2662 2414 2719 ἐῶσα
2460 2662 2660 2724 αὐτοὺς
2708 2661 2845 2734 πρὸς
2887 2662 3015 2717 Θεὸν
3062 2655 3411 2733 ἀναϐλέπειν,
3456 2659 3546 2718 διὰ
3570 2665 3669 2735 τὴν
3715 2665 3792 2729 εἷς

2135 2754 2226 2809 τὸν
2279 2754 2562 2829 Μονογενῆ
2612 2749 2897 2828 ἁμαρτίαν.
2950 2748 3264 2807 ’Δπώλεσαν
3318 2749 3410 2808 οὖν
3441 2753 3542 2822 τὴν
3599 2757 3793 2829 προτί-

2139 2865 2233 2921 ραν
2303 2842 2648 2919 παῤῥησίαν·
2721 2843 2861 2915 μήτε
2936 2843 3243 2919 προφήτας,
3324 2844 3464 2915 μήτε
3536 2841 3787 2921 λατρείαν

2138 2932 2378 3009 ἔχοντες·
2436 2930 2694 3003 δήσαντες
2748 2928 2806 2985 δὲ
2850 2930 2945 2986 τὸν
2975 2931 3177 3006 Λόγον,
3237 2927 3493 3002 δήσαντες
3521 2934 3620 3003 τήν
3648 2935 3790 3009 ἁλή-

2138 3036 2303 3093 θειαν,
2364 3021 2626 3093 δήσαντες
2655 3021 2719 3076 τὸ
2750 3025 2883 3098 φῶς,
2932 3017 3193 3091 δήσαντες
3251 3022 3346 3089 τήν
3407 3018 3781 3095 δικαιοσύνην,

2136 3111 2391 3185 δήσαντες
2436 3112 2529 3167 τὸν
2567 3116 2823 3187 Σωτῆρα,
2856 3107 3116 3181 δήσαντες
3146 3110 3238 3166 τὸν
3270 3110 3470 3185 ἱατρὸν,
3522 3108 3783 3183 δήσαντες

2132 3204 2225 3259 τὸν
2257 3201 2650 3277 ἐλευθερωτήν’
2684 3202 2819 3276 ἅπερ
2847 3200 3015 3254 πάντα
3045 3199 3181 3268 ἐστὶ,
3211 3199 3349 3256 κατὰ
3392 3198 3652 3272 ποικίλην
3677 3202 3782 3272 τὴν

2134 3293 2258 3369 περὶ
2288 3291 2451 3347 αὐτοῦ
2482 3292 2595 3364 (29)
2629 3289 2893 3359 ἐπίνοιαν,
2927 3288 2956 3343 ὁ
2980 3287 3231 3364 Χριστός.
3283 3289 3626 3365 Ἐστέρηνται
3675 3311 3792 3369 φω-

2133 3382 2244 3451 τὸς,
2290 3380 2602 3454 ἐστέρηνται
2660 3377 2856 3453 λόγου,
2905 3375 3219 3453 ἐστέρηνται
3272 3375 3552 3450 ἀληθείας⁸
3601 3375 3789 3455 ἁδικίᾳ

2137 3475 2384 3541 συζῶσιν,
2411 3470 2603 3525 ἀνίατα
2628 3472 2897 3523 νοσοῦσιν.
2928 3467 3104 3523 Ταῦτά
3277 3465 3390 3524 ἐστι
3416 3467 3485 3524 τὰ
3509 3470 3786 3545 γεννήμα-

2133 3581 2200 3615 τα
2226 3564 2335 3614 τῶν
2369 3557 2567 3634 ἔργων,
2597 3555 2632 3612 ἃ
2658 3555 2952 3622 ἐσθίουσιν.

2211 3651 2333 3705 115.
2392 3647 2527 3705 Οὐαὶ
2582 3650 2660 3718 τῷ
2719 3644 2946 3719 ἁνόμῳί
3021 3644 3245 3722 Πονηρὰ
3316 3647 3455 3702 κατὰ
3524 3648 3593 3703 τὰ
3649 3642 3781 3724 ἔργα

2134 3742 2242 3794 τῶν
2299 3741 2519 3814 χειρῶν
2561 3735 2728 3792 αὐτοῦ
2800 3729 3139 3809 συμϐήσεται
3208 3734 3357 3809 αύτῷ
3389 3755 3405 3772 ·
3479 3738 3609 3813 Περὶ
3682 3744 3786 3808 τῆς

2137 3827 2284 3894 θείας
2322 3825 2575 3904 κρίσεως,
2619 3828 2719 3895 τῆς
2751 3822 3221 3896 ἁνταποδιδούσης
3273 3826 3482 3900 ἑκάστῳ
3522 3826 3591 3883 τὰ
3644 3828 3785 3904 πρὸς

2138 3919 2306 3992 ἀξίαν,
2343 3921 2513 3974 ταῦτα
2554 3915 2799 3993 εἰρῆσθαί
2856 3936 3053 3993 φαμεν.
3112 3914 3178 3971 Εί
3236 3912 3295 3971 δὶ
3323 3913 3414 3972 διὰ
3446 3920 3614 3972 τοῦτο
3642 3916 3781 3975 Ueni

2131 4010 2211 4076 τῷ
2265 4007 2479 4081 ἀνόμῳ,
2537 4005 2620 4061 ὅτι
2652 4005 2875 4080 Πονηρὰ
2923 4005 3061 4059 κατὰ
3100 4004 3168 4059 τὰ
3203 4001 3330 4079 ἔργα
3371 4005 3539 4060 αὐτοῦ
3570 4000 3789 4080 συμϐή-

2135 4119 2281 4153 σεται
2338 4096 2504 4168 αὐτῷ,
2559 4096 2605 4168 ᾧ
2641 4095 2717 4168 μὴ
2774 4093 3167 4170 προεχώρησεν
3202 4092 3278 4156 είς
3323 4090 3479 4171 ἔργον
3510 4097 3545 4165 ἡ
3580 4092 3787 4167 ἀδικία,

2134 4185 2261 4243 ἀλλ’
2316 4185 2369 4241 ἐν
2426 4189 2507 4258 τῷ
2552 4188 2776 4260 κρυπτῷ
2823 4190 2927 4253 τῆς
2976 4180 3204 4259 καρδίας
3259 4182 3630 4256 συνετελέσθη
3681 4184 3787 4260 ἄρα

2132 4276 2232 4331 οὐκ
2259 4275 2628 4350 ἐπαχθήσεται
2658 4273 2694 4343 ή
2726 4270 2974 4342 κόλασις,
3010 4272 3148 4328 ὥστε
3194 4271 3497 4350 ἐφαρμόσαι
3526 4275 3590 4329 τὸ
3645 4273 3787 4332 Οὐαί

2130 4366 2215 4421 καὶ
2277 4364 2455 4436 αὐτῷ;
2488 4364 2558 4420 ’Ή
2613 4362 2677 4417 τὸ
2703 4360 2913 4418 τέλειον
2973 4362 3139 4417 εἰπὼν
3198 4361 3250 4419 ἐν
3304 4363 3482 4435 κακίᾳ,
3514 4363 3599 4418 σοὶ
3637 4370 3782 4419 νοεῖν

2127 4455 2191 4509 τὸ
2245 4452 2435 4510 λεῖπον
2491 4450 2543 4523 ἐξ
2591 4450 2880 4527 ἀναλογίας
2929 4449 3209 4508 κατέλιπε.
3268 4449 3460 4507 Τελεία
3512 4454 3608 4527 μὲν
3676 4453 3781 4528 γὰρ

2128 4542 2307 4610 κακία,
2362 4542 2425 4597 τὸ
2468 4541 2572 4596 ’καὶ
2629 4540 2824 4616 γνώμᾳ
2870 4540 2960 4595 καὶ
2992 4538 3241 4616 πράξεσιν
3292 4541 3615 4618 ἁμαρτάνειν
3644 4545 3782 4617 (31)’

365 4638 423 4689 et
444 4631 741 4689 voluntate
764 4636 967 4705 peccat
989 4636 1048 4688 et
1068 4631 1237 4687 factis
1258 4649 1272 4688 :
1297 4632 1544 4688 dimidia
1565 4649 1698 4689 vero
1721 4633 1858 4688 mali
1884 4651 2018 4705 pars

2142 4632 2301 4706 ἥμισυ
2334 4628 2391 4686 δέ
2436 4634 2534 4687 τοῦ
2580 4634 2769 4703 κακοῦ,
2820 4628 2908 4685 ἐπὶ
2955 4632 3054 4699 τῆς
3103 4630 3285 4705 ὁρμῆς
3328 4637 3430 4715 τῆς
3478 4632 3614 4687 κατὰ
3667 4628 3783 4687 διά-

361 4726 613 4791 est,cum
636 4725 941 4794 peccatum
968 4720 1029 4775 in
1054 4719 1235 4776 animi
1259 4722 1558 4792 proposito
1578 4727 1791 4777 manet.
1815 4723 2019 4794 Itaque

2142 4742 2273 4776 ιοιαν
2309 4727 2497 4790 στῆναι
2553 4721 2653 4790 τὴν
2715 4717 3003 4796 ἁμαρτίαν.
3037 4718 3115 4777 Ού
3144 4719 3317 4791 πάντη
3351 4724 3443 4775 οὖν
3487 4721 3781 4796 ἁτιμώρη-

358 4810 462 4883 qui
491 4810 845 4882 cogitatione
866 4815 1089 4882 peccat,
1107 4827 1221 4865 non
1246 4811 1482 4867 omnino
1515 4828 1901 4869 remansurus
1928 4816 2018 4869 est

2142 4831 2215 4874 τος
2246 4812 2274 4866 ὁ
2304 4810 2442 4866 κατᾶ
2472 4808 2711 4866 διάνοιαν
2768 4808 3113 4886 ἁμαρτάνων,
3171 4804 3301 4866 ἁλλ’
3349 4808 3477 4865 ὅσον
3531 4807 3782 4881 ἐλλείπε,

427 4990 472 5029 1⁸
498 4988 666 5049 Joan.
700 5003 865 5059 xvm,
893 4986 986 5046 28.

563 5168 723 5255 Editi
780 5173 838 5226 et
894 5169 1035 5257 Reg;
1082 5169 1331 5257 p‘rimns',
1362 5174 1514 5257 16w“
1534 5170 2005 5257 βεβουλευμένων.

2142 5174 2293 5257 uti,“
2322 5177 2615 5257 ιξρηιεξιιῑι·

350 5239 464 5301 Alii
493 5239 760 5315 quinque
798 5239 1444 5367 mss.,_§ouleuois.évwv.
1478 5239 1655 5302 Paulo
1697 5239 1831 5318 post
1861 5264 2005 5304 mss.

352 5311 645 5367 nonnulli.
677 5310 815 5367 πρὸς
841 5310 968 5367 τοὺς
1026 5310 1250 5367 νφέντας.

2187 5248 2300 5367 530)
2333 5249 2418 5303 lta
2454 5246 2860 5328 libri_veteres.
2892 5243 3068 5313 Editi,
3099 5244 3266 5336 ταῦτα
3297 5239 3373 5300 δέ.

2210 5320 2299 5367 3H
2332 5320 2539 5367 Tntnm
2598 5317 2766 5367 Illud-
2799 5313 2990 5367 Τελεία
3047 5316 3141 5367 ιιὶν
3188 5336 3290 5367 vna
3346 5336 3373 5367 κ

352 5308 815 5393 ηορρῖιίίὶηῖπρὸς
841 5310 968 5393 τοὺς
1001 5308 1257 5393 captvi:qu
1421 5387 1430 5393 _
1548 5387 1560 5393 _
1638 5390 1646 5393 Α
1697 5308 1714 5318 ’

2332 5320 2539 5393 Totum
2595 5317 2767 5393 illud,
2799 5313 3005 5393 'l‘ehla‘
3047 5308 3141 5388 μὲν
3188 5316 3290 5393 γὰρ
3307 5314 3535 5393 Ἀκακία-
3560 5314 3624 5369 τὸ
3677 5308 3774 5393 καί

417 5384 535 5465 (28)
564 5383 729 5465 Qolb.
773 5386 1019 5465 primus.
1049 5383 1254 5452 ἀύτὸν,
1304 5387 1512 5465 φησῖνη
1536 5387 1841 5465 (imi-(ww?
1877 5407 2002 5463 qua

2142 5383 2313 5463 ’νώμῂ
2357 5390 2449 5445 καὶ
2497 5383 2764 5465 πράξεσινξ
2797 5383 3142 5465 ἁμαρτάνειν,
3181 5383 3271 5446 ὀί
3307 5388 3655 5465 Henriciano
3688 5391 3774 5465 et

343 5454 788 5541 voi'ﬁ‘mﬁyayov
810 5458 1102 5530 reperitur
1130 5454 1363 5530 quoque
1394 5464 1451 5515 in
1483 5454 1714 5517 duobus
1741 5454 1874 5517 aliis
1896 5454 2000 5520 'co-
2113 5454 2181 5541 ex
2229 5454 2567 5541 apographo
2595 5454 2846 5541 anglico'
2897 5454 3236 5541 addendum
3290 5477 3440 5541 esse,
3460 5466 3532 5541 _et
3586 5458 3773 5541 textui

346 5527 643 5610 digitium:
772 5599 788 5610 _
877 5527 890 5530 ⁷
960 5604 969 5610 _
1043 5603 1053 5610 Α
1146 5527 1195 5610 ἡ..
1264 5527 1284 5530 ”
1628 5603 1640 5610 _
1842 5604 1852 5610 _
1945 5604 1959 5610 _
2109 5527 2531 5610 inserendum,
2601 5527 2730 5605 jam
2796 5539 3125 5610 monuerat
3170 5527 3614 5610 eruditissimus
3678 5530 3772 5610 vix:

415 5598 887 5693 £29)“R§giitduo‘
922 5599 1304 5693 et‘Angli‘cus
1358 5619 1534 5693 unus,
1581 5603 1681 5693 civ
1731 5604 1856 5693 περὶ
1902 5604 1996 5693 αύ-

2142 5598 2714 5693 lucmus._Monemqs
2765 5621 2880 5693 pos
2905 5604 3065 5693 “haec
3110 5605 3263 5693 ipsa.
3286 5606 3466 5693 verba
3521 5602 3770 5693 reperiri

339 5670 709 5754 “eg-Codex
736 5671 831 5727 Er.
869 5670 1049 5754 1,.τήν
1078 5670 1229 5754 ττξεξὶ⁸
1251 5673 1471 5754 ἑαυτοὺς
1514 5670 1995 5754 συμϐουλίανλκαί.

2142 5694 2343 5754 ,υοᾳυθ
2385 5677 2447 5734 in
2480 5677 2611 5734 aliis
2642 5677 2875 5734 duobus
2905 5677 3104 5753 Regiis
3134 5670 3205 5736 ὀι
3247 5679 3309 5736 in
3358 5670 3605 5750 utroque
3633 5672 3770 5733 Col-

344 5747 421 5805 at
446 5742 833 5803 Henricianus
889 5746 948 5801 et
1001 5742 1232 5819 Anglici
1290 5747 1412 5823 alii,
1445 5757 1500 5806 et
1553 5742 1801 5825 uterque
1831 5749 1995 5808 Golb.

2106 5750 2357 5815 bertino.
