4130 6376
332 386 450 451 305

1164 382 1570 447 COMMENT.
1618 382 1695 442 IN
1741 381 2014 443 lSAlAM
2058 374 2566 441 PROPHETAM.
2614 373 2784 435 CAP.
2831 369 2937 432 IlI.

3640 359 3760 421 306

331 523 428 576 106
458 523 652 590 κακοῦ,
683 520 943 575 τοσοῦτον
972 518 1121 591 αύτῷ
1166 519 1275 574 τῶν
1325 510 1506 570 πόνων
1550 513 1981 592 ὑφαιρεθήσεται.

2101 511 2329 569 inultus
2364 527 2378 566 :
2412 509 2513 566 sed
2562 510 2853 580 quantum
2901 500 3098 559 deﬁcit
3146 516 3182 556 a
3230 496 3408 568 malo,
3440 498 3674 551 tantum
3704 492 3758 549 ei

332 609 469 669 Οὐαὶ
502 609 596 665 οὗν
627 612 708 681 τῷ
753 609 967 683 ἀνόμῳ,
998 608 1080 664 ὅτι
1128 607 1345 683 πονηρὰ
1388 604 1535 676 αύτῷ
1581 602 1719 658 κατά
1761 603 1829 657 τὰ
1866 602 1991 657 ἀνο-

333 700 410 775 μή
423 719 586 773 ματα,
618 697 709 755 καὶ
736 698 874 754 κατὰ
917 697 983 753 τὰ
1029 693 1157 775 ἔργα
1183 701 1292 753 τῶν
1327 698 1533 772 χειρῶν
1563 693 1731 748 «6106
1776 687 1991 766 συμϐή-

331 809 481 846 σεται
511 788 661 861 αύτῷ
865 785 1006 842 διότι
1056 786 1111 841 αἱ
1164 790 1349 862 χεῖρες
1397 779 1596 859 ὄργανά
1635 780 1737 837 εἶσι
1768 788 1869 852 τῆς
1900 781 1986 837 ἐν-

2105 617 2412 676 pmnarum
2444 598 2794 654 remittetur.
2810 594 2906 649 Vae
2928 588 3350 664 igituriniquo,
3372 585 3512 658 quia
3534 584 3586 639 ei
3603 581 3761 639 male

2103 692 2429 750 secundum
2462 688 2806 759 iniquitates
2827 687 2885 740 et
2911 680 3239 737 secundum
3256 691 3435 748 opera
3465 688 3754 728 manuum

2101 783 2229 853 ejus
2260 779 2547 843 evenient,
2582 776 2747 849 quod.
2776 790 2989 828 manus
3021 784 3242 841 organa
3281 767 3420 821 sunt
3452 759 3749 835 cogitatio-

329 878 503 942 νοίας.
535 878 626 942 Ὦς
654 874 714 932 ἂν
750 875 841 932 οὖν
870 879 993 951 κινῇ
1032 876 1096 930 τὸ
1144 873 1442 951 κατάρχον,
1478 870 1619 927 οὕτω
1667 877 1895 927 κινεῖται
1926 873 1981 927 τὸ

2100 848 2213 927 nis.
2238 870 2480 941 Quoquo
2513 868 2693 938 igitur
2727 863 2897 918 modo
2930 862 3233 916 moveatur
3260 855 3320 910 id
3352 853 3505 926 quod
3540 848 3754 924 princi-

333 966 605 1045 ἐνεργοῦν.

408 1060 530 1115 116.
584 1054 725 1117 Δαός
782 1055 887 1124 μού
920 1099 934 1124 ,
1000 1054 1054 1109 οἱ
1109 1053 1416 1130 πράκτορες
1474 1052 1625 1126 ὑμῶν
1685 1050 1985 1124 καλαμῶν-

331 1168 419 1203 ται
499 1147 635 1219 ὑμᾶς
668 1144 834 1215 ,καὶ
894 1144 947 1200 οἱ
1025 1143 1379 1207 ἀπαιτοῦντες
1451 1139 1793 1217 κυριεύουσιν
1870 1142 1981 1214 (33)

332 1236 500 1309 ὑμῶν.
537 1231 1019 1307 Ἀνακαλουμὲνου
1048 1233 1140 1289 τὸν
1191 1232 1321 1289 λαὸν
1354 1234 1391 1303 ἡ
1422 1232 1601 1311 φωνὴ,
1652 1230 1742 1286 καὶ
1784 1226 1981 1284 συναλο

327 1327 558 1398 γοῦντος
585 1326 705 1385 τοῖς
733 1322 1118 1395 κακουμένοις,
1170 1319 1310 1383 Ααός
1363 1340 1489 1393 μου.
1524 1317 1655 1393 Πρὶν
1698 1315 1856 1387 δῆσαι
1887 1315 1978 1371 τὸν

325 1410 533 1467 δίκαιον
570 1458 584 1485 ,
639 1412 768 1489 πρὶν
817 1411 918 1481 τήν
959 1414 1162 1488 χρῆσιν
1210 1409 1381 1465 αὐτοῦ
1424 1409 1878 1483 παραιτήσασθαι,
1924 1405 1980 1461 τί

322 1500 632 1566 πεπόνθατε
665 1502 829 1579 ,Νῦν
1046 1497 1347 1573 κατάχρεοι
1403 1496 1695 1573 γεγινησθε
1748 1492 1977 1549 πολλῶν

325 1588 688 1669 ὀφλημάτων.
722 1589 821 1645 Διὰ
864 1592 1027 1645 τοῦτο
1082 1593 1201 1651 τοῖς
1248 1586 1639 1662 ἑκπράσσουσιν
1696 1584 1978 1658 ὑμᾶς

321 1680 424 1748 τὴν
484 1676 713 1758 ὀφειλὴν
772 1674 985 1734 ἔκδοτοι
1034 1675 1340 1754 γεγένησθεο
1374 1676 1427 1731 οἳ
1458 1671 1646 1744 ἐπειδὴ
1697 1671 1979 1749 δράγματα

323 1766 378 1824 ἰν
414 1769 541 1842 ὑμῖν
574 1766 683 1845 οὐχ
730 1766 1091 1844 εύρίσκουσιν,
1124 1764 1248 1822 οὐδὲ
1292 1769 1512 1843 καρπῶν
1564 1763 1837 1833 εὐθηνίαν,
1876 1782 1973 1817 και

321 1857 603 1932 λαμῶνται
669 1856 808 1932 ὑμάς
865 1856 1094 1934 μικροὺς
1148 1855 1238 1913 καὶ
1295 1855 1581 1924 εὐτελεῖςι,
1639 1849 1973 1909 κατακεκλα-

321 1948 553 2021 σμένους
600 1946 846 2024 καρποὺς
891 1950 1001 2003 τῶν
1044 1950 1239 2022 ψυχῶν
1292 1946 1593 2019 ὑμῶν
1638 1940 1972 2019 ἐκλέγοντες.

327 2041 584 2093 Τοιοῦτοι
638 2034 696 2092 δι
746 2036 931 2110 ἔσμεν,
984 2040 1372 2113 μικροπρεπῶς
1443 2033 1533 2089 καὶ
1598 2032 1831 2096 εὐτελῶς
1886 2032 1976 2087 καὶ

330 2124 587 2201 ἀκάρπως
650 2129 1053 2200 μετανοοῦντες.
1111 2130 1173 2180 Ὀ
1228 2125 1331 2202 γὰρ
1401 2123 1606 2201 σπείρει
1665 2122 1974 2197 ἅνθρωπος,

325 2219 486 2272 τοῦτο
537 2216 627 2271 καὶ
688 2216 910 2291 θερίσει.
969 2216 1032 2274 Ὁ
1077 2213 1259 2271 τοίνυν
1307 2218 1375 2289 τῇ
1418 2210 1693 2288 ἀξιολόγῳ
1745 2231 1979 2287 μεταμε-

328 2303 450 2378 λείᾳ
477 2304 753 2368 πλουσίως
783 2304 1015 2381 σπείρων
1068 2304 1146 2367 είς
1181 2304 1244 2359 τὸ
1295 2307 1532 2378 Πνεῦμα,
1576 2300 1977 2376 ἐλεημοσύνην,

328 2391 755 2471 εύσπλαγχνίαν,
806 2392 1048 2464 ἱκεσίαν,
1096 2391 1477 2464 δικαιοσύνην,
1528 2389 1758 2467 δάκρυον
1801 2389 1979 2461 διηνεν

324 2484 438 2547 κάς·
474 2482 633 2549 οὗτος
675 2482 911 2560 σπείρων
958 2483 1011 2538 ἐν
1040 2481 1316 2558 δάκρυσιν,
1363 2480 1418 2538 ἒν
1466 2480 1786 2558 ἀγαλλιάσει
1836 2476 1979 2556 θερί-

328 2593 429 2643 σει,
488 2569 661 2649 αἴρων
721 2579 820 2643 τῆς
877 2571 1164 2647 μετανοίας
1216 2573 1287 2628 τὰ
1349 2569 1650 2648 δράγματα,
1712 2569 1850 2625 ὥστε
1901 2572 1982 2641 τῷ

327 2664 594 2740 πράκτορι
654 2660 785 2719 ὅλον
850 2662 1107 2718 ἀποτῖσαι
1159 2662 1222 2718 τὸ
1275 2662 1462 2737 χρέος.
1520 2661 1578 2715 Ὃ
1636 2656 1693 2716 δὲ
1753 2679 1983 2733 μεταμε-

329 2752 451 2826 λείᾳ
504 2754 617 2828 (37)
664 2756 773 2808 τῶν
827 2750 1342 2828 προημαρτημένων
1406 2749 1574 2826 μικρὰ
1632 2747 1892 2826 σπείρων,
1931 2747 1984 2805 ἐν

328 2840 694 2917 ἕλεημοσύνῃ,
742 2839 796 2897 ἐν
845 2839 1156 2918 προσευχῇ,
1216 2837 1422 2917 ἔρημον
1472 2844 1684 2917 καρποῦ
1725 2836 1984 2913 καλάμην

326 2929 563 3008 τρέφων,
606 2928 733 2987 οὐδὲ
759 2928 963 3003 ταύτην
1000 2930 1105 2988 ὑπὸ
1132 2934 1231 2986 τοῦ
1260 2929 1567 3006 πράκτορος
1596 2928 1743 3005 ἔχειν
1764 2948 1986 3008 ,συγχω-

333 3006 652 3095 ρηθησεται.
680 3019 773 3085 Τίς
821 3016 880 3075 δὲ
926 3020 955 3075 6
997 3019 1257 3096 πράκτωρ
1295 3018 1480 3092 οὗτος,
1513 3017 1573 3075 ἐκ
1617 3025 1717 3088 τῆς
1757 3006 1894 3073 κατὰ
1920 3017 1984 3071 τὸ

330 3107 661 3184 Εὗαγγέλιον
731 3108 1101 3185 παραινέσεως
1175 3105 1557 3184 διδαχθῶμεν,
1625 3110 1722 3160 τοῦ
1781 3104 1985 3180 Κυρίου

333 3195 588 3271 λεγοντος
623 3216 637 3230 ⁸
689 3198 781 3261 Ὦς
853 3196 958 3272 γὰρ
1037 3195 1257 3273 ὑπάγεις
1343 3197 1478 3269 μετὰ
1548 3199 1644 3250 τοῦ
1711 3191 1984 3250 ἀντιδίκου

2098 963 2259 1035 pium
2290 964 2399 1027 est,
2433 958 2635 1013 eodem
2670 957 2935 1009 movetur
2965 950 3023 1004 id
3056 947 3209 1020 quod
3240 942 3603 1015 exsequitur.

2170 1052 2293 1105 116.
2325 1048 2502 1103 Vens.
2530 1046 2612 1100 12.
2647 1043 2852 1114 Populo
2898 1055 3069 1105 meus,
3098 1044 3380 1093 exactores
3438 1031 3608 1088 vestri
3651 1031 3748 1085 de-

2093 1143 2309 1196 metunt
2329 1154 2435 1200 vos,
2460 1144 2509 1191 et
2528 1136 2806 1206 exigentes
2824 1131 3180 1185 dominantur
3197 1125 3370 1182 vobis.
3384 1121 3506 1178 Vox
3527 1120 3750 1189 istbmc,

2094 1230 2300 1302 Populo
2331 1242 2510 1297 meus,
2532 1228 2623 1280 cst
2654 1219 3026 1279 adhortantis
3056 1214 3366 1289 populum,
3393 1214 3449 1267 et
3479 1208 3631 1265 male
3665 1209 3749 1264 af-

2092 1300 2274 1376 fectos
2315 1314 2676 1373 miserantis.
2709 1311 3059 1381 Priusquam
3107 1301 3463 1376 alligassetis
3485 1300 3746 1372 justum,

2090 1409 2437 1482 priusquam
2461 1422 2527 1461 eo
2552 1402 2635 1459 uti
2669 1396 3079 1465 recusassetis,
3104 1393 3242 1467 quid
3266 1391 3424 1465 passi
3457 1386 3746 1446 fueratis?

2086 1477 2220 1555 .lam
2252 1477 2466 1553 debitis
2518 1492 2721 1548 multis
2761 1487 3026 1546 obstricti
3058 1483 3221 1541 estis.
3265 1480 3488 1537 Idcirco
3535 1477 3741 1534 traditi

2088 1589 2231 1645 estis
2264 1586 2322 1641 in
2354 1600 2566 1641 manus
2595 1578 2954 1653 exigentium
2984 1593 3017 1631 a
3045 1573 3211 1630 vobis
3234 1570 3452 1637 debita,
3475 1567 3571 1640 qui
3604 1583 3739 1623 cum

2088 1695 2278 1750 neque
2331 1672 2688 1745 manipulos,
2714 1684 2901 1741 neque
2949 1666 3160 1723 uberes
3192 1662 3418 1717 fructus
3450 1657 3607 1731 apud
3638 1672 3740 1713 vos

2085 1766 2406 1835 inveniant,
2438 1764 2496 1818 in
2530 1762 2772 1817 modum
2823 1753 3108 1830 spicilegii
3149 1751 3390 1824 exiguos
3435 1764 3536 1804 vos
3563 1750 3740 1818 atque

2084 1858 2227 1915 viles
2284 1856 2604 1919 demetunt,
2660 1849 2984 1906 contractos
3041 1843 3374 1901 animarum
3403 1841 3733 1895 vestrarum

2085 1948 2311 2003 fructus
2333 1943 2691 2014 colligentes.
2719 1939 2937 1995 Sumus
2959 1938 3155 1992 autem
3182 1926 3496 2003 ejusmodi,
3522 1926 3573 1982 si
3595 1940 3729 1982 cum

2085 2035 2301 2110 pusillo
2314 2034 2654 2105 abjectoque
2671 2027 2867 2085 animo
2884 2043 2949 2082 ac
2968 2025 3094 2082 sine
3117 2024 3306 2079 fructu
3327 2016 3730 2092 pmnitentiam

2087 2106 2343 2199 agimus.
2377 2121 2536 2191 Quod
2578 2120 2731 2176 enim
2775 2116 3006 2173 seminat
3033 2115 3211 2178 homo,
3239 2110 3337 2166 hoc
3384 2112 3435 2164 et
3482 2112 3648 2162 metet
3672 2106 3734 2158 ¹⁷.

2087 2216 2194 2281 Qui
2244 2214 2423 2285 igitur
2469 2210 2918 2279 eleemosynam,
2949 2200 3544 2264 commiserationem,
3569 2199 3737 2252 obse-

2088 2303 2432 2370 crationem,
2457 2296 2775 2371 justitiam,
2811 2297 3096 2367 lacrymas
3144 2289 3415 2346 assiduas
3458 2303 3561 2359 per
3592 2300 3738 2357 prm—

2091 2393 2309 2451 claram
2327 2388 2804 2458 laudnbilemque
2825 2381 3225 2457 paenitentiam
3247 2379 3303 2434 in
3318 2376 3539 2451 Spiritu
3559 2376 3745 2430 abun-

2092 2485 2300 2541 danter
2329 2478 2603 2547 seminat,
2626 2476 2723 2531 hic
2751 2474 3055 2531 seminans
3077 2471 3136 2527 in
3159 2466 3453 2538 lacrymis,
3480 2466 3656 2521 instet
3684 2462 3745 2518 in

2092 2571 2481 2631 exsultatione
2499 2569 2561 2637 ιθ,
2581 2571 2758 2638 atque
2776 2562 3109 2635 manipulos
3133 2554 3744 2634 poenitentizeaui'erot,

2094 2664 2236 2720 adeo
2261 2664 2324 2717 ut
2345 2659 2602 2716 exaetori
2627 2656 2892 2713 debitum
2920 2667 3094 2710 omne
3115 2648 3393 2706 exsolvat.
3411 2646 3588 2710 Quem
3614 2658 3746 2698 vero

2094 2753 2334 2826 pmnitet
2366 2752 2735 2822 peccatorum
2778 2747 2913 2800 ante
2950 2739 3430 2807 commissorum,
3456 2734 3505 2790 si
3536 2732 3748 2806 exigua

2094 2823 2387 2916 quispiam
2421 2838 2675 2895 seminat
2705 2838 2763 2890 in
2796 2832 3166 2903 eleemosyna
3196 2832 3255 2884 et
3282 2826 3344 2882 in
3376 2823 3744 2899 precatione;

2094 2933 2146 2989 is
2177 2946 2426 2987 vacuam
2460 2929 2653 2983 fructu
2685 2922 2968 2994 stipulam
3005 2918 3296 2987 nutriens,
3329 2931 3401 2971 ne
3430 2913 3582 2969 hanc
3615 2910 3745 2983 qui-

2095 3022 2228 3077 dem
2260 3018 2511 3074 retinere
2541 3013 2913 3087 permittatur
2943 3011 3015 3065 ab
3046 3012 3333 3064 exactore.
3366 3002 3508 3068 Quis
3545 3006 3743 3058 autem

2095 3109 2206 3165 iste
2238 3107 2314 3162 sit
2343 3108 2596 3170 exactor,
2619 3102 2971 3157 edoceamur
3000 3113 3102 3169 per
3121 3092 3515 3166 evangelicam
3548 3090 3748 3146 admo-

2094 3196 2403 3263 nitionem,
2436 3193 2664 3248 dicente
2716 3188 2959 3245 Domino
2994 3204 3006 3241 :
3039 3185 3174 3241 Cum
3220 3184 3369 3239 enim
3415 3178 3570 3235 vadis
3615 3193 3745 3233 cum

330 3270 429 3340 σου
484 3283 570 3341 ἐπ’
625 3270 891 3361 ἄρχοντα,
930 3270 1001 3341 tv
1058 3288 1129 3360 τῇ
1160 3270 1299 3358 *ὀδῷ
1357 3281 1449 3347 δὺς
1509 3283 1762 3360 ἐργασίαν
1802 3282 1981 3354 ἀπηλα

2097 3285 2411 3342 adversario
2459 3290 2551 3338 tuo
2598 3280 2667 3335 ad
2710 3278 3042 3350 principem,
3076 3276 3137 3330 in
3180 3273 3273 3329 via
3321 3270 3392 3327 da
3439 3284 3658 3341 operam
3688 3270 3752 3322 ut

331 3373 534 3450 λάχθαι
603 3375 794 3430 αὐτοῦ’
885 3375 1101 3448 μήποτε
1174 3372 1451 3449 κατασύρῃ
1548 3393 1605 3428 σι
1678 3372 1816 3449 πρὸς
1890 3371 1982 3426 τὸν

326 3464 559 3539 κριτὴν,
635 3462 726 3518 καὶ
801 3462 830 3518 6
886 3464 1080 3537 κριτής
1140 3483 1199 3517 σε
1255 3458 1486 3537 παραδῷ
1541 3465 1624 3534 τῷ
1692 3463 1979 3537 πράκτορι·

325 3551 418 3609 καὶ
451 3553 480 3608 6
517 3550 779 3630 πράκτωρ
832 3572 891 3607 σε
946 3549 1090 3628 βάλῃ
1144 3549 1221 3613 εἲς
1280 3551 1546 3630 φυλακήν.
1607 3550 1822 3621 Νόησον
1878 3550 1983 3627 γὰρ

329 3640 445 3698 ἐκεῖ
469 3641 561 3697 τὸν
593 3637 866 3698 ἀντίδικον
896 3639 989 3696 καὶ
1018 3642 1118 3712 τὴν
1151 3637 1299 3696 ὁδόν·
1340 3639 1454 3696 εἶτα
1481 3640 1574 3695 τὸν
1607 3636 1851 3715 ἄρχυντα
1892 3638 1984 3695 τὸν

327 3735 648 3807 προεστῶτα
680 3734 781 3786 τοῦ
833 3726 1107 3786 ἀντιδίκοο
1163 3732 1350 3803 ἡμῶν.
1401 3726 1559 3792 Ὁδὸς
1622 3728 1718 3802 μὶν
1767 3729 1894 3805 γὰρ,
1954 3729 1983 3784 6

334 3821 454 3896 βίος
482 3823 669 3896 ἡμῶν·
720 3817 989 3882 ἀντίδικος
1042 3815 1121 3892 δὲ,
1166 3820 1202 3889 ἡ
1247 3817 1676 3875 ἀντιπαλαίουσα
1718 3821 1854 3892 ἡμῖν
1898 3814 1986 3872 δύ-

327 3929 492 3985 ναμις
537 3909 628 3965 καὶ
671 3908 1025 3985 παρεπομένη
1056 3911 1136 3981 τῷ
1189 3906 1318 3985 βίῳ,
1366 3906 1509 3983 πάσῃ
1561 3904 1821 3981 μεθοδείᾳ
1870 3929 1983 3981 μη-

328 4000 626 4076 χανωμένη
685 3996 937 4073 ἐκτρέψαι
995 3999 1146 4071 ἡμᾶς
1201 4003 1302 4068 τῆς
1368 3998 1503 4072 πρὸς
1558 3998 1686 4053 Θεὸν
1742 3995 1981 4071 ἀγούσης

330 4086 481 4144 ὀδοῦ’
516 4085 702 4166 ἄρχων
737 4084 817 4157 δὲ,
849 4087 878 4143 6
907 4090 1006 4142 106
1035 4087 1248 4160 κόσμου
1273 4085 1472 4141 τούτου
1518 4084 1729 4163 ἄρχων,
1764 4086 1890 4162 περὶ
1920 4083 1983 4141 οῦ

330 4178 361 4232 6
413 4176 611 4253 Κύριος
669 4174 894 4253 ε’ίρηκε*
957 4180 1065 4231 Νῦν
1125 4173 1346 4252 ἔρχεται
1406 4176 1435 4232 6
1491 4173 1678 4252 ἅρχων
1731 4179 1828 4229 τοῦ
1885 4172 1982 4229 κόο

330 4289 474 4342 σμου
529 4265 753 4337 τούτου,
804 4266 894 4322 καὶ
951 4263 1004 4320 ἐν
1059 4263 1186 4340 ἰμοὶ
1238 4264 1457 4341 εὑρήσει
1486 4265 1600 4339 (38)
1633 4262 1807 4322 οὔδιν.
1826 4262 1986 4321 Ἀλλ’

328 4356 382 4413 ἐν
419 4357 515 4432 μὶν
562 4361 645 4431 τῷ
696 4354 878 4434 Κυρίῳ
929 4353 1084 4433 εῦρεν
1135 4352 1313 4425 ούδὶν,
1368 4352 1509 4412 διότι
1541 4353 1840 4430 Ἀμαρτίαν
1886 4353 1986 4410 οὐκ

327 4443 607 4518 ἐποίησεν,
658 4441 786 4501 οὐδὲ
829 4442 1021 4520 εύρὲθῃ
1073 4440 1237 4508 δόλος
1288 4443 1343 4500 ἐν
1388 4449 1471 4518 τῷ
1519 4443 1749 4519 στόματι
1796 4442 1981 4500 «6106'

325 4538 408 4680 ἰῷ
434 4535 821 4680 πετῖειραμινῳ
867 4533 1004 4591 κατὰ
1041 4533 1218 4590 πάντα
1258 4534 1377 4589 καθ’
1426 4534 1752 4608 ὁμοιότητα.
1805 4533 1984 4609 χωρὶς

370 4644 511 4680 ιιαοτ
537 4645 623 4680 ας.

330 4626 623 4702 ἁμαρτίας.

2097 3375 2346 3431 libereris
2377 3373 2444 3428 ab
2474 3388 2554 3437 eo,
2585 3387 2655 3426 ne
2683 3374 2823 3439 [orte
2849 3364 3134 3440 pertrahat
3189 3372 3237 3419 te
3284 3360 3357 3417 ad
3406 3358 3666 3427 iudicem,
3699 3366 3752 3411 et

2084 3465 2265 3538 jude‘a:
2294 3462 2480 3519 tradat
2510 3470 2562 3516 te
2597 3458 2870 3523 exactori,
2899 3463 2955 3511 et
2985 3460 3213 3510 exactor
3242 3452 3431 3506 mittat
3459 3457 3508 3504 te
3536 3449 3595 3503 in
3624 3463 3752 3502 car-

2091 3537 2268 3610 cerem
2292 3553 2354 3608 ¹⁹.
2380 3551 2635 3606 Profecto
2679 3547 2771 3602 hic
2803 3545 3142 3602 consideres
3169 3540 3337 3597 velim
3365 3537 3753 3595 adversarium

2093 3647 2145 3700 et
2206 3644 2375 3711 viam,
2423 3645 2626 3713 postca
2680 3637 2995 3708 principem
3025 3633 3125 3704 qui
3182 3628 3515 3687 adversario
3546 3630 3751 3682 nostro

2094 3732 2402 3806 pmfectus
2429 3733 2537 3785 est.
2562 3727 2666 3782 Via
2695 3726 2957 3797 quidem,
2984 3727 3188 3779 nostra
3226 3719 3345 3776 vita
3373 3722 3465 3774 est
3495 3734 3508 3773 :
3543 3716 3746 3773 adver-

2092 3822 2286 3878 sarius
2338 3836 2494 3886 vero,
2527 3819 2715 3873 virtus
2762 3820 2853 3871 est
2909 3812 3081 3869 nobis
3137 3808 3468 3877 obluctans,
3499 3807 3747 3875 vitaeque

2093 3910 2272 3977 socia,
2313 3926 2441 3982 quis
2501 3906 2694 3962 nullas
2746 3904 2900 3960 460
2950 3919 3066 3958 non
3125 3898 3413 3970 excogitat
3470 3894 3743 3963 insidias,

2092 3999 2312 4072 quibus
2360 4014 2466 4053 nos
2497 4014 2530 4051 a
2560 3996 2653 4051 via
2702 3995 2774 4050 ad
2829 3994 3012 4048 Deum
3067 3989 3389 4045 deducente
3440 3985 3743 4040 abducat:

2094 4089 2362 4161 princeps
2393 4090 2590 4142 autem
2621 4089 2711 4140 est
2740 4083 2864 4154 ipse
2905 4078 3111 4135 mundi
3142 4077 3320 4149 hujus
3351 4075 3646 4146 princeps,
3677 4072 3750 4127 de

2092 4160 2209 4250 quo
2259 4176 2546 4233 Dominus
2607 4174 2798 4228 dixit:
2835 4173 2989 4227 Nunc
3042 4170 3194 4224 venit
3248 4167 3501 4238 princeps
3559 4160 3753 4217 mundi

2092 4249 2280 4338 huius,
2311 4275 2362 4322 et
2408 4267 2469 4320 in
2523 4280 2611 4319 me
2656 4279 2771 4317 non
2817 4261 3062 4317 inveniet
3089 4256 3391 4329 quidquam
3411 4254 3477 4309 ³ο.
3509 4256 3660 4308 Sane
3689 4249 3752 4305 in

2096 4355 2342 4414 Domino
2373 4354 2610 4425 quidem
2657 4352 2806 4407 nihil
2854 4349 3099 4415 invenit,
3131 4346 3271 4418 quia
3300 4346 3589 4400 Peccatum
3635 4355 3755 4395 non

2092 4447 2244 4519 fecit,
2273 4459 2372 4501 nec
2401 4445 2655 4501 inventus
2684 4444 2762 4496 est
2790 4440 2949 4496 dolus
2990 4445 3050 4494 in
3083 4453 3176 4493 ore
3205 4436 3321 4507 ejus
3343 4434 3425 4503 ἰς
3456 4430 3593 4488 licet
3621 4434 3751 4486 ten-

2095 4540 2256 4592 tatus
2305 4532 2479 4589 fuerit
2526 4547 2629 4604 per
2679 4529 2880 4586 omnia
2931 4544 3032 4600 pro
3081 4522 3496 4591 similitudine,
3529 4521 3755 4591 absque

2094 4628 2332 4699 peccato
2359 4623 2426 4677 “.

402 4799 445 4836 ιτ
474 4797 600 4854 Gal.
631 4813 712 4868 v1,
743 4798 799 4854 8.
876 4797 922 4837 1⁸
951 4795 1105 4855 Psal.
1136 4810 1304 4865 cxxv,
1333 4796 1390 4851 6.
1469 4795 1515 4832 “
1543 4795 1683 4852 Luc.
1715 4810 1816 4867 ιιι,
1846 4796 1939 4852 68.

2098 4796 2268 4854 Joan.
2299 4811 2416 4864 xxv,
2442 4794 2532 4850 30.
2609 4792 2649 4828 ²¹
2691 4793 2715 4847 Ι
2745 4791 2865 4847 Pet.
2897 4806 2960 4859 ιι,
2989 4787 3082 4843 22.
3159 4785 3207 4822 ³³
3234 4784 3408 4843 Hebr.
3440 4798 3518 4851 ιν,
3551 4779 3638 4837 15.

397 4960 514 5045 (3?)
688 4959 823 5016 libri
878 4963 1145 5045 quatuor.
1185 4962 1430 5045 veteres.
1462 4958 1677 5045 aberat
1724 4955 1986 5045 αὐτῷιοο

326 5026 524 5091 editis.
561 5030 663 5089 [lla
704 5048 830 5104 quis
879 5026 1079 5088 statim
1130 5030 1429 5104 leguntur,
1455 5026 1646 5104 dicit}:
1699 5026 1814 5097 οὖν,
1845 5026 1984 5101 etc.,

377 5118 549 5174 uoque
592 5101 750 5161 modo
792 5107 1086 5161 moveatur
1113 5101 1171 5159 id
1192 5101 1341 5173 ᾖτιοά
1378 5101 1864 5174 ρνὺισίρίιιγημεεε,
1899 5117 1986 5158 eo-

397 5172 469 5229 m‘
492 5180 738 5232 movetur
783 5177 846 5233 id
892 5176 1034 5248 quod
1087 5172 1426 5248 exsequitur,
1460 5172 1572 5229 sic
1601 5172 1987 5245 intelligenda

328 5260 461 5319 esse
498 5251 684 5318 puto:
721 5246 941 5319 Quoque
996 5246 1151 5303 modo
1207 5253 1717 5319 moveatur,_cauea
1771 5248 1982 5319 prima,

327 5315 518 5374 eodem
547 5315 758 5390 quoque
785 5315 1038 5376 movetur
1063 5317 1586 5375 imtrumentum.Et
1612 5333 1744 5374 vero
1766 5317 1984 5373 instru-

328 5392 599 5445 mentum
647 5390 763 5446 tale
818 5395 929 5462 est,
961 5395 1047 5462 ut,
1082 5390 1237 5463 quod
1268 5406 1303 5446 a
1342 5389 1534 5461 prima
1587 5390 1981 5461 excogitatum

328 5463 645 5544 “aesaes
654 5465 849 5544 satur:

402 5533 512 5605 (33)
541 5529 696 5606 Editi
742 5537 822 5606 et,
846 5535 985 5605 Reg.
1021 5533 1271 5604 primus,
1299 5529 1697 5606 κυριεύσουσιν,
1720 5532 1979 5606 domina-

329 5603 554 5662 buntur.
579 5609 660 5678 At
683 5605 741 5661 in
774 5605 907 5662 aliis
936 5603 1202 5678 quinque
1232 5603 1380 5661 mss.
1398 5609 1456 5662 et
1484 5605 1640 5678 apud
1674 5603 1813 5661 LXX
1841 5604 1981 5678 legi-

325 5680 448 5745 tur,
478 5675 841 5746 κυριεύουσιν,
870 5675 1247 5734 ἀοιὴιὶπαὴιαν.

400 5695 448 5745 ι·,
478 5696 544 5731 κυ
584 5696 841 5746 ιευουσιν,
870 5695 1247 5734 aommamur.

400 5748 517 5824 (34)
544 5695 649 5811 Eia
677 5748 843 5810 locus
883 5750 989 5809 ita.
1011 5748 1477 5822 interpungitur:
1509 5752 1575 5806 ut
1601 5752 1888 5821 punctum
1918 5747 1978 5804 in

2097 4957 2404 5085 aliisdmss.
2438 4961 2691 5030 ponatur
2733 4958 2869 5011 ante
2899 4950 3166 5008 voculam
3199 4948 3329 5015 N6v,
3363 4946 3422 5002 in
3454 4944 3587 5000 aliis
3615 4946 3751 5016 post

2097 5046 2225 5085 eam
2271 5047 2385 5085 em.

2096 5046 2361 5087 eamdem
2373 5071 2385 5084 .

2164 5084 2500 5173 (35)6Editio
2534 5099 2692 5171 prior
2729 5102 2787 5173 et
2841 5097 2982 5173 Reg.
3039 5092 3288 5165 primus,
3346 5090 3519 5160 ἡμᾶς,
3573 5084 3748 5143 male.

2095 5168 2209 5246 Alii
2239 5168 2499 5246 quinque
2530 5168 2702 5235 mss,
2734 5168 3095 5246 6u&4,_bene.

2164 5231 2280 5317 (36')
2309 5231 2472 5317 Regii
2513 5246 2648 5317 duo
2677 5231 2813 5297 cum
2866 5231 3062 5302 editis,
3117 5235 3297 5306 ἡμῶν.
3329 5231 3441 5288 Alii
3496 5234 3752 5304 quatuor

2094 5314 2268 5379 mss,
2299 5315 2475 5385 ὑμῶν,
2509 5314 2753 5370 rectius.

2163 5372 2278 5461 (37')
2308 5372 2475 5445 Editi'
2493 5392 2550 5441 et
2579 5387 2760 5442 codex
2791 5382 2969 5461 sui,
3001 5373 3309 5461 ἐπιμελειε,
3343 5375 3572 5431 vitiose.
3597 5372 3755 5461 alter

2092 5443 2459 5516 Co‘mb'efvisii
2493 5461 2669 5513 codex
2738 5461 2797 5509 et
2861 5443 2964 5508 alii
3026 5443 3316 5520 nonnulli,
3393 5443 3744 5520 μεταμελείᾳ,

2090 5536 2273 5677 reg?)
2304 5603 2469 5677 Apud
2506 5601 2810 5677 _Joap_nem
2846 5610 2979 5677 ‘xw,
3028 5593 3121 5677 _31,
3171 5589 3347 5669 paulo
3404 5589 3593 5677 aliter,
3637 5584 3741 5677 ρῦκ

2089 5658 2387 5747 ῐχὶιίῇοῆ
2424 5673 2605 5747 habet.
2636 5658 2976 5747 Notandum
3024 5658 3473 5747 tame‘n,l;voce.m
3521 5658 3737 5747 εὗρήσιι

2088 5731 2278 5805 η’ὄιιίτί
2298 5753 2357 5803 et
2380 5745 2571 5818 ipsam
2592 5743 2652 5800 in
2676 5742 2830 5800 Novo
2850 5737 3222 5795 Testamento
3244 5731 3736 5801 Oxoniensiﬂnin
