4130 6382
385 366 502 428 307

1324 353 1720 416 APPENDIX
1765 351 2092 413 OPERUM
2138 353 2202 413 S.
2252 351 2535 414 BASILII
2583 354 2854 417 MAGNI.

3685 365 3806 428 308

460 497 583 553 117.
605 497 751 553 Cum
789 494 968 566 igitur
1013 492 1072 548 in
1123 488 1293 546 nobis
1351 486 1638 545 invenerit
1686 485 1893 552 multa,
1927 501 2034 540 nos

2220 484 2342 540 117.
2376 481 2626 542 Ἐπειδὰν
2685 484 2776 542 οὖν
2837 487 2966 564 εὕρῃ
3012 489 3064 544 ἰν
3117 492 3253 564 ἡμῖν
3305 491 3512 565 πολλὰ,
3561 496 3803 559 πολλαῖς

390 586 594 644 multis
627 589 994 658 peccatorum
1020 597 1269 654 quorum
1302 582 1505 634 auctor
1525 581 1616 633 est
1638 575 1887 631 vinculis
1910 590 2038 647 per—

389 680 629 746 tractos,
661 674 878 746 quibus
930 671 1321 742 nosmetipsos
1369 665 1817 733 obstrinximus,
1851 664 2043 719 tradet

386 764 596 838 judici.
629 764 816 819 Judex
845 767 1042 817 autem
1083 760 1178 816 cui
1213 757 1506 830 judicium
1538 771 1712 812 omne
1743 754 1903 810 dedit
1933 757 2041 808 Pa-

395 859 486 911 ter
506 855 572 922 ’3,
606 871 712 909 nos
751 851 1101 907 criminibus
1152 848 1353 904 multis
1401 847 1473 902 ab
1520 845 1852 900 adversario
1883 848 1940 899 et
1968 842 2040 898 ab

395 943 585 999 ultore
605 946 914 1015 coargutos
947 939 1418 1012 apprehendens,
1445 935 1636 990 tradet
1657 934 1908 990 exactori
1930 932 2041 988 exi-

392 1034 599 1107 gendis
629 1033 816 1103 pcenis
861 1031 1216 1104 praastituto;
1251 1026 1352 1098 qui
1394 1042 1499 1080 nos
1530 1025 1723 1079 mittet
1754 1024 1814 1078 in
1845 1038 2042 1078 carce-

391 1142 537 1192 rem,
571 1125 678 1180 hoc
712 1129 820 1192 est,
847 1123 904 1177 in
954 1119 1231 1192 supplicii
1264 1118 1479 1185 locum,
1503 1116 1704 1188 flagris
1734 1113 2042 1170 immanis-

391 1215 562 1270 simis
593 1230 696 1286 pro
727 1213 904 1268 rebus
926 1209 1011 1266 vel
1037 1207 1302 1263 minimis
1327 1210 1382 1261 et
1413 1224 1514 1278 pro
1547 1205 1799 1276 peccatis
1823 1222 1855 1260 a
1876 1202 2044 1259 nobis

391 1323 526 1362 cum
543 1309 886 1375 contemptu
906 1301 1148 1374 patratis
1167 1314 1478 1371 reposcens
1496 1313 1561 1351 ac
1574 1296 1808 1368 exigens
1821 1312 2042 1368 prunas.

2150 574 2300 645 ἡμᾶς
2348 579 2568 649 σειραῖς,
2625 577 2708 640 αἷς
2739 577 2961 643 ἑαυτοὺς
3002 578 3399 655 κατεδήσαμεν,
3447 588 3554 638 τῶν
3606 584 3802 642 ἐαυτοῦ

2152 663 2431 748 ἀμαρτιῶν
2488 663 2908 741 ἐπισυρόμενος,
2969 668 3281 745 παραδώσει
3335 673 3413 744 τῷ
3469 678 3631 748 κριτῇ
3665 717 3678 730 .
3737 677 3796 734 Ὀ

2152 747 2210 806 δὲ
2238 753 2454 828 κριτὴς,
2482 755 2528 826 ᾦ
2558 759 2730 810 πᾶσαν
2760 755 2934 829 κρίσιν
2985 757 3183 816 ἔδωκεν
3215 762 3244 816 6
3273 763 3481 837 Πατὴρ,
3508 747 3677 838 παρά
3705 769 3802 819 τοῦ

2153 839 2356 918 ἐχθροῦ
2383 843 2470 898 καὶ
2496 841 2785 929 ἐκδικητοῦ
2817 846 3174 924 ἐλεγχθέντας
3203 849 3292 906 ἐπὶ
3329 849 3566 915 πολλοῖς
3600 852 3802 929 ἐγκλή-

2157 952 2284 1004 μασι
2317 927 2672 1006 παραλαϐὼν,
2706 933 3016 1010 παραδώσει
3047 943 3125 1011 τῷ
3155 941 3421 1017 πράκτορι
3463 946 3544 1014 τῷ
3574 927 3663 998 ἐπὶ
3691 948 3801 1000 τῶν

2152 1021 2428 1076 κολάσεων
2487 1025 2816 1099 τεταγμένῳ
2875 1026 2934 1089 ’ὀς
2998 1026 3157 1102 βαλεῖ
3213 1027 3290 1091 εἰς
3338 1031 3438 1098 τὴν
3500 1030 3749 1108 φυλακὴν
3786 1051 3800 1064 ’

2152 1111 2450 1182 τουτέστιν,
2482 1112 2559 1175 εἷς
2584 1114 2678 1168 τὸν
2721 1113 2889 1170 τόπον
2935 1123 3034 1186 τῆς
3083 1115 3382 1187 κολάσεως,
3415 1117 3468 1174 δί
3514 1119 3793 1178 ἐπιπόνων

2159 1199 2433 1276 μαστίγων
2490 1203 2728 1259 ἀπαιτῶν
2789 1206 2879 1260 καὶ
2943 1205 3260 1281 ἐκπράσσων
3325 1208 3493 1285 μέχρι
3549 1211 3641 1265 καὶ
3698 1216 3808 1267 τῶν

2159 1289 2498 1365 μικροτάτων
2579 1292 2668 1348 καὶ
2740 1294 2876 1366 μετά
2946 1299 3402 1374 καταφρονήσεως
3459 1301 3588 1374 παρ’
3645 1303 3806 1374 ἡμῶν

393 1397 675 1464 Quocirca
704 1394 1019 1452 consilium
1082 1393 1183 1447 dat
1235 1391 1624 1457 Dominus,ut
1655 1390 1795 1443 dum
1847 1388 1902 1442 in
1955 1388 2047 1444 via

2168 1381 2633 1456 Ξμαρτανομένων.
2667 1384 2760 1438 Διὸ
2793 1379 3154 1458 συμϐουλεύει
3188 1387 3216 1441 6
3247 1387 3467 1462 Κύριος,
3491 1385 3596 1452 ἕως
3647 1389 3806 1464 ἐσμὲν

396 1504 532 1544 cum
555 1486 888 1542 adversario
919 1499 1128 1539 sumus
1151 1481 1215 1547 9‘,
1241 1481 1448 1535 demus
1479 1494 1715 1549 operam
1747 1482 1812 1532 ut
1842 1478 1914 1532 ab
1947 1476 2046 1532 illo

2168 1467 2209 1522 iv
2267 1474 2334 1542 τῇ
2395 1467 2507 1543 ὁδῷ
2581 1473 2714 1544 μετά
2768 1478 2865 1528 τοῦ
2920 1471 3241 1544 ἀντιδίκου,
3303 1473 3486 1531 δοῦναι
3552 1477 3807 1554 ἐργασίαν

395 1576 739 1644 liberemur,
766 1575 876 1630 hoc
923 1576 1031 1639 est,
1055 1587 1123 1626 ea
1151 1568 1476 1624 efﬁciamus
1506 1584 1701 1638 opera,
1726 1567 1943 1638 quibus
1975 1566 2046 1621 ab

2168 1557 2518 1634 ἀπηλλάχθαι
2573 1560 2757 1634 αὐτοῦ,
2814 1565 3059 1620 τουτέστι
3133 1570 3306 1621 ποιεῖν
3363 1556 3436 1622 τᾶἶ
3488 1565 3616 1644 ἔργα
3670 1570 3806 1642 πρὸς

399 1665 640 1721 inimico
655 1664 876 1720 valeam
889 1678 956 1716 us
979 1658 1243 1726 liberari;
1265 1674 1370 1713 nec
1388 1673 1649 1729 unquam
1671 1655 1769 1711 ind
1781 1672 2048 1722 ucamur,

2168 1646 2480 1722 ἂπαλλαγὴν
2511 1655 2605 1704 τοῦ
2653 1651 2876 1731 ἐχθροῦ,
2906 1653 2995 1708 καὶ
3049 1654 3125 1727 μὴ
3158 1654 3440 1728 ἀναμένειν
3467 1658 3600 1712 ποτε
3630 1657 3813 1734 ἀχθῶ-

401 1757 466 1809 ut
497 1753 809 1809 adventum
842 1755 1109 1807 extremae
1131 1747 1293 1803 illius
1321 1747 1476 1802 horzn
1497 1750 2050 1817 exspectemus,qua

2168 1757 2282 1809 μεν,
2315 1738 2479 1793 ὁπότε
2511 1741 2623 1813 (39)
2661 1735 2795 1815 ἔλθῃ
2844 1744 2878 1811 ἡ
2922 1741 3205 1798 τελευταία
3254 1743 3389 1819 ὥρα·
3425 1743 3477 1800 ἐν
3592 1745 3811 1810 ἐπιστὰς

400 1843 676 1915 princeps
706 1846 906 1897 astans
946 1855 1054 1894 nos
1100 1836 1568 1910 perscrutabitur
1599 1853 1612 1891 :
1648 1835 1749 1907 qui
1781 1835 1828 1890 si
1864 1833 2050 1890 multa

399 1949 526 2006 quae
559 1933 652 1989 sui
709 1931 900 2004 ipsius
960 1928 1220 2001 impulsu
1280 1930 1510 2000 patrata
1567 1925 1803 1991 fuerint,
1836 1924 1895 1979 in
1929 1923 2049 1980 vita

396 2028 598 2078 nostra
624 2020 934 2086 invenerit,
956 2019 1146 2074 tradet
1176 2033 1284 2073 nos
1315 2015 1526 2088 judici,
1561 2031 1886 2088 coarguens
1917 2030 2046 2081 nos,

393 2127 500 2167 nec
531 2126 747 2182 negare
777 2127 884 2165 nos
916 2109 1224 2173 sinens,ut
1253 2105 1353 2178 qui
1386 2104 1555 2161 nobis
1587 2107 1965 2160 revocaturus
1989 2103 2049 2158 in

394 2198 742 2254 memoriam
776 2197 853 2251 sit
882 2195 1076 2251 locum
1110 2195 1167 2249 in
1193 2211 1304 2264 quo
1335 2197 1642 2264 peccatum
1673 2191 2047 2258 admisimus,

392 2287 548 2358 quod
571 2290 727 2342 esset
761 2286 1166 2353 nobiscum,et
1186 2301 1305 2339 una
1330 2283 1639 2339 nobiscum
1666 2281 1888 2338 malum
1912 2297 2050 2336 con-

398 2376 629 2442 ﬁceret;
663 2376 801 2429 item
853 2374 1095 2430 modum
1129 2389 1244 2444 quo
1287 2372 1668 2444 deliquimus,
1692 2376 1868 2443 atque
1915 2387 2050 2426 eum

398 2481 516 2536 quo
536 2464 907 2536 peccavimus
925 2463 1216 2518 affectum.
1244 2464 1445 2532 Itaque
1472 2462 1694 2517 interea
1713 2462 1854 2516 dum
1876 2477 2054 2533 agen-

400 2554 458 2610 di
513 2554 802 2609 habemus
852 2558 1222 2624 potestatem,
1271 2568 1552 2607 navemus
1594 2567 1852 2624 operam,
1886 2556 1950 2606 ut
1981 2551 2054 2607 ab

403 2643 734 2700 adversario
767 2642 1105 2698 liberemur.
1132 2647 1196 2698 Et
1211 2645 1488 2713 exigentes
1508 2641 1866 2696 dominantur
1885 2640 2053 2697 vobis.

405 2733 696 2802 Pauperes
721 2731 906 2787 multo
954 2749 1064 2786 aere
1085 2731 1276 2786 alieno
1295 2746 1609 2802 oppressos
1629 2729 1689 2784 in
1711 2730 2054 2787 servitutem

409 2822 686 2894 redigunt
724 2826 1037 2877 exactores.
1068 2822 1137 2876 Et
1178 2821 1417 2892 quidem
1449 2837 1634 2892 operas
1684 2821 1936 2892 pretium
1970 2826 2060 2878 est

403 2910 549 2966 nihil
583 2912 794 2967 debere
827 2928 841 2968 :
877 2910 1209 2983 proximum
1260 2915 1456 2966 autem
1497 2910 1693 2981 fuerit,
1719 2911 1850 2967 reris
1883 2912 2058 2969 alieni

409 3000 769 3056 dissolvendi
794 3018 908 3056 non
933 3002 1136 3056 deesse
1166 2998 1505 3055 facultatem
1531 3016 1544 3055 :
1570 2999 1659 3056 sin
1680 2999 1900 3068 minus,
1923 3018 2057 3057 cum

411 3090 668 3146 rationes
715 3096 1068 3161 repetentur,
1103 3105 1338 3146 servum
1383 3104 1512 3145 esse
1556 3105 1793 3146 necesse
1822 3096 1912 3147 est
1940 3108 2060 3147 om-

405 3179 566 3236 nino.
606 3181 730 3235 Haec
761 3179 919 3236 dicta
949 3180 1069 3235 sint
1100 3184 1334 3252 propter
1351 3177 1498 3234 illud
1528 3182 1865 3237 :Exactore:
1893 3184 2063 3238 vestri

405 3268 681 3325 demetunt
709 3285 820 3335 vos,
855 3274 905 3324 et
933 3273 1212 3341 exigentes
1241 3265 1610 3326 dominantur
1637 3269 1805 3325 vobis.

481 3359 601 3412 118.
636 3359 841 3429 Popute
888 3375 1058 3425 meus,
1101 3361 1198 3430 qui
1247 3359 1426 3414 beatos
1471 3373 1563 3414 vos
1606 3359 1936 3431 praedicant,
1967 3360 2058 3416 de-

408 3449 630 3518 cipiunt
673 3464 790 3518 vos,
823 3450 874 3502 et
902 3449 1155 3503 semitam
1209 3447 1406 3518 pedum
1457 3457 1767 3503 vestrorum
1813 3451 2058 3504 turbant.

412 3535 521 3600 Qui
553 3535 1019 3591 adolescentibus
1042 3535 1462 3606 subjiciuntur,
1481 3541 1538 3592 et
1568 3537 1896 3592 derisorum
1929 3537 2063 3592 sub-

415 3625 638 3684 duntur
667 3624 944 3692 dominio,
978 3627 1076 3697 qui
1128 3626 1314 3680 instar
1355 3625 1639 3697 spicilegii
1683 3626 2065 3683 demetuntur

414 3717 487 3772 ab
519 3719 912 3787 exactoribus,
936 3724 993 3774 et
1035 3718 1390 3774 addicuntur
1433 3718 1720 3786 servituti,
1755 3719 1908 3789 quod
1946 3735 2061 3774 non

413 3805 627 3862 habent
679 3808 835 3863 unde
888 3808 1135 3875 solvant,
1161 3813 1338 3880 atque
1392 3807 1464 3862 ob
1519 3807 1765 3862 nimiam
1799 3807 2056 3880 inopiam

411 3895 664 3951 amisere
701 3889 1052 3968 libertatem,
1086 3897 1125 3951 ii
1159 3898 1418 3968 profecto
1451 3896 1750 3968 digniores
1791 3902 1932 3952 sunt
1960 3897 2061 3969 qui

411 3990 821 4041 commoveant
855 3985 1316 4056 miserationem,
1353 4001 1532 4057 quam
1565 3989 1631 4040 ut
1659 3986 1814 4041 beati
1845 3987 2058 4058 praedi-

408 4079 634 4129 centur.
656 4075 764 4140 Qui
795 4075 976 4148 igitur
1005 4075 1151 4132 tales
1178 4075 1378 4132 beatos
1409 4075 1709 4147 praedicat,
1735 4075 2058 4132 adulatorie

409 4167 606 4235 partes
627 4164 774 4236 agit;
808 4168 1016 4234 praeter
1036 4165 1310 4220 decorum
1335 4165 1405 4220 ad
1429 4163 1782 4235 captandam
1807 4166 2057 4236 gratiam

408 4251 682 4324 loquens,
728 4269 827 4308 eos
876 4253 1112 4326 decipit,
1147 4270 1253 4308 nec
1285 4252 1656 4308 mediocriter
1701 4257 1892 4319 nocet,
1923 4271 2056 4310 cum

409 4359 654 4400 sensum
688 4347 1056 4414 peccatorum
1093 4343 1341 4411 adimat;
1375 4347 1572 4413 atque,
1597 4343 1740 4398 dum
1771 4344 1843 4399 ob
1877 4345 2057 4400 beati-

406 4431 672 4486 tudinem
705 4432 998 4488 immerito
1029 4432 1374 4487 attributam
1421 4431 1817 4504 decipiuntur,
1849 4434 2062 4490 semita

406 4520 622 4591 pedum
645 4536 848 4575 eorum
870 4521 1275 4576 conturbatur.
1301 4522 1669 4593 Quapropter
1695 4521 2059 4580 calamitates

2159 1824 2188 1879 6
2243 1822 2430 1902 ἄρχων
2487 1824 2884 1904 διερευνήσεται
2944 1833 3134 1904 ἡμᾶς·
3197 1833 3257 1894 ὃς
3315 1832 3402 1888 ἐὰν
3464 1833 3652 1892 πολλά
3701 1841 3810 1893 τῶν

2158 1915 2348 1970 ἐαυτοῦ
2399 1914 2450 1970 ἐν
2481 1922 2560 1989 τῷ
2611 1918 2718 1994 βίῳ
2765 1921 2924 1992 ἡμῶν
2977 1919 3126 1996 εὕρῃ,
3175 1921 3486 1994 παραδώσει
3533 1927 3687 1998 ἡμᾶς
3729 1932 3814 1999 τῷ

2157 2009 2341 2080 κριτῇ,
2375 2005 2620 2082 ἐλέγχων
2652 2011 2822 2081 ἡμᾶς,
2855 2010 2946 2065 καὶ
2967 2011 3064 2079 τὴν
3094 2009 3318 2088 ἄρνησιν
3354 2013 3432 2086 μὴ
3482 2020 3812 2090 συγχωρῶν,

2161 2095 2598 2168 ὑπομιμνήσκων
2674 2101 2821 2172 ἡμᾶς
2889 2104 2987 2155 τοῦ
3059 2101 3231 2156 τόπου
3289 2100 3342 2157 ἐν
3409 2103 3456 2175 ᾧ
3515 2102 3811 2178 ἐποιοῦμεν

2159 2186 2257 2254 τήν
2293 2185 2580 2261 ἁμαρτίαν,
2614 2189 2688 2245 ὡς
2722 2189 2841 2261 μεθ’
2871 2190 3034 2262 ἡμῶν
3071 2189 3356 2267 ὑπάρχων,
3408 2194 3499 2246 καὶ
3542 2199 3810 2269 συνεργῶν

2160 2277 2295 2347 ἡμῖν
2325 2277 2387 2330 τὸ
2419 2277 2602 2346 κακὸν,
2634 2282 2731 2332 τοῦ
2780 2277 2984 2354 τρόπου
3015 2281 3046 2335 ὃ
3078 2283 3190 2352 (40)
3218 2279 3685 2357 ἐπετηδεύσαμεν,
3713 2289 3813 2351 τῆς

2164 2361 2450 2428 διαθέσεως
2500 2368 2617 2440 μεθ’
2664 2367 2732 2436 ἧς
2779 2368 3122 2444 ἡμάρτομεν.
3169 2371 3314 2433 Ἕως
3366 2369 3457 2426 οὖν
3511 2371 3670 2445 ἐσμεν
3716 2374 3808 2430 κύ-

2165 2473 2273 2528 ριοι
2333 2459 2430 2509 τοῦ
2485 2453 2850 2530 ἐργάζεσθαι,
2910 2455 3090 2531 δῶμεν
3148 2458 3394 2536 ἐργασίαν
3453 2461 3807 2540 ἀπηλλαχθαι

2161 2548 2258 2598 τοῦ
2290 2542 2582 2601 ἀντιδίκου.
2633 2547 2728 2601 Καὶ
2791 2549 2842 2601 οἱ
2903 2549 3254 2615 ἀπαιτοῦντες
3305 2550 3645 2625 κυριεύουσιν
3702 2556 3815 2625 (41)

2167 2633 2337 2706 ὑμῶν.
2376 2635 2444 2692 Οἱ
2481 2634 2610 2699 τοὺς
2655 2636 2891 2708 πένητας
2940 2636 3177 2700 πολλοῖς
3230 2639 3546 2717 ὀφλήμασιν
3599 2642 3814 2698 ὑποκει-

2171 2723 2364 2795 μένους
2413 2723 2786 2796 ἀπαιτοῦντες,
2834 2724 3086 2783 ἕλκουσιν
3145 2728 3220 2790 εἷς
3279 2727 3571 2788 δουλείαν.
3633 2730 3814 2788 Καλὸν

2173 2813 2266 2886 μὶν
2318 2814 2428 2881 οὖν,
2482 2817 2558 2887 μή
2612 2815 2982 2889 ὀφλισκάνειν·
3040 2815 3288 2894 δεύτερον
3339 2816 3418 2886 δὲ,
3449 2821 3511 2875 τὸ
3565 2821 3640 2893 μὴ
3676 2822 3816 2877 ἀπο-

2170 2908 2279 2978 ρεῖν
2331 2904 2467 2978 πρὸς
2513 2906 2613 2974 τὴν
2666 2903 2912 2961 διάλυσιν
2960 2911 3055 2961 τοῦ
3107 2908 3451 2984 ὀφλήματος.
3501 2908 3565 2967 Εἰ
3615 2907 3673 2965 δὲ
3714 2912 3815 2983 μή,

2169 2998 2311 3047 πᾶσα
2368 2993 2596 3068 ἀνάγκη,
2659 2992 2854 3050 δοῦλον
2918 2997 3053 3052 εἶναι
3109 3001 3214 3052 τῶν
3269 2997 3615 3072 ἐπαγομένων
3666 2999 3818 3072 αὐτῷ

2168 3082 2534 3152 ἀπαιτήσεων.
2587 3088 2761 3139 Ταῦτα
2811 3083 2901 3140 διὰ
2945 3087 3028 3155 τὸ,
3080 3087 3148 3143 Οἱ
3195 3085 3493 3164 πράκτορες
3525 3088 3677 3160 ὑμῶν
3725 3107 3818 3142 κα-

2170 3168 2454 3244 λαμῶνται
2495 3173 2654 3246 ὑμᾶς,
2705 3172 2796 3228 καὶ
2847 3175 2900 3229 οἱ
2947 3175 3296 3238 ἀπαιτοῦντες
3328 3178 3441 3250 (42)
3479 3173 3822 3252 κυριεύουσιν

2089 3247 2132 3315 C
2172 3260 2346 3334 ὑμῶν.

2243 3352 2365 3407 118.
2399 3350 2542 3414 Λαός
2600 3371 2725 3424 μου,
2787 3351 2838 3407 οἷ
2901 3353 3284 3430 μακαρίζοντες
3349 3355 3487 3426 ὑμᾶς
3526 3399 3540 3423 ,
3597 3351 3820 3409 πλανῶ-

2171 3459 2251 3492 σιν
2305 3440 2469 3512 ὑμᾶς,
2529 3439 2617 3494 καὶ
2659 3441 2758 3510 τὴν
2806 3437 2993 3517 τρίϐον
3051 3447 3158 3498 τῶν
3203 3439 3388 3498 ποδῶν
3441 3442 3593 3515 ὑμῶν
3622 3441 3817 3519 ταράσ-

2171 3548 2376 3585 σουσιν.
2436 3529 2504 3586 Οἱ
2553 3530 2654 3584 ὑπὸ
2701 3529 2992 3586 νεανίσκων
3052 3531 3379 3607 ἀρχόμενοι,
3431 3533 3519 3586 καὶ
3578 3532 3679 3587 ὑπὸ
3717 3531 3815 3604 ἐμ-

2170 3622 2412 3672 παικτῶν
2477 3619 2880 3695 κυριευόμενοι,
2929 3623 2986 3676 οἱ
3027 3622 3129 3676 ὑπὸ
3186 3626 3293 3676 τῶν
3347 3623 3669 3697 πρακτόρων
3724 3643 3817 3676 κα-

2172 3703 2517 3780 λαμώμεδοι,
2573 3709 2662 3763 καὶ
2713 3707 2802 3764 διὰ
2829 3710 2891 3766 τὸ
2947 3712 3172 3786 ἀπορεῖν
3229 3711 3368 3786 πρὸς
3424 3713 3522 3781 τὴν
3571 3708 3814 3766 διάλυσιν

2171 3796 2246 3859 εἰς
2302 3793 2551 3852 δουλείαν
2592 3798 2877 3873 ἀγόμενοι,
2925 3800 3014 3855 καὶ
3066 3801 3165 3876 ρήν
3214 3799 3520 3874 ἐλευθερίαν
3570 3801 3674 3855 ὑπὸ
3719 3807 3822 3869 τῆς

2169 3885 2299 3963 ἄγαν
2374 3886 2561 3950 πενίας
2633 3888 3052 3954 ἀπολωλεκότες
3084 3937 3100 3963 ,
3159 3895 3256 3946 τοῦ
3325 3888 3588 3946 ἐλεεῖσθαι
3656 3888 3821 3963 ἀξίως

2168 3978 2468 4051 πράσσουσι
2522 3975 2735 4051 μᾶλλον
2776 3978 2811 4049 ἢ
2864 3983 2962 4035 τοῦ
3006 3979 3410 4055 μακαρίζεσθαι.
3463 3980 3523 4037 Ὁ
3573 3976 3665 4034 οῦν
3718 3999 3820 4052 μα-

2166 4067 2401 4142 καρίζων
2451 4067 2579 4130 τοὺς
2632 4069 2938 4138 τοιούτους,
2995 4068 3231 4132 κόλακος
3282 4072 3461 4124 ποιῶν
3513 4067 3694 4144 ἔργον,
3733 4088 3828 4123 κα-

2165 4157 2602 4234 ταχαριζόμενος
2651 4159 2798 4233 ποιρά
2843 4158 2905 4214 τὸ
2962 4166 3265 4234 προσῆκον,
3322 4157 3505 4230 πλανᾷ
3560 4157 3822 4234 βλάπτων

2169 4246 2230 4302 οὗ
2263 4247 2476 4322 μέτρια,
2505 4248 2603 4316 τὴν
2654 4245 2739 4302 ἐπὶ
2790 4253 2906 4311 τοῖς
2957 4250 3345 4324 ἁμαρτήμασιν
3384 4246 3634 4319 α’ίσθησιν
3661 4248 3819 4325 ἀφαι-

2169 4335 2456 4412 ρούμενος·
2525 4340 2632 4391 τῶν
2695 4334 2751 4393 δὲ
2806 4338 3178 4411 ἀπατωμένων
3241 4337 3328 4393 ἐπὶ
3379 4342 3459 4410 τῷ
3516 4338 3662 4414 παρὰ
3718 4337 3818 4405 τὴν

2167 4426 2314 4499 ἀξίαν
2382 4430 2711 4502 μακαρισμῷ
2753 4428 2843 4483 καὶ
2901 4429 2935 4497 ἡ
2985 4422 3173 4502 τρίϐος
3225 4431 3335 4484 τῶν
3385 4423 3568 4482 ποδῶν
3629 4446 3822 4481 συντα-

2170 4521 2440 4594 ράσσεται.
2501 4520 2648 4574 Διότι
2681 4520 2734 4573 αἱ
2799 4520 2893 4594 μὲν
2948 4520 3158 4594 θλίψεις
3217 4520 3306 4576 ἐπὶ
3330 4517 3648 4576 ταπείνωσιν
3681 4539 3821 4593 προ-

403 4607 640 4679 quidem
671 4616 986 4680 provocant
1023 4612 1096 4666 ad
1146 4610 1566 4681 humilitatem,
1601 4610 1898 4667 beatitatis
1927 4629 2053 4668 vero

2168 4609 2481 4664 καλοῦνται’
2517 4610 2544 4664 6
2576 4606 2633 4664 δὲ
2684 4610 3029 4684 μακαρισμὸς
3081 4609 3344 4686 φυσίωσιν
3396 4609 3636 4683 ἐμποιεῖ.
3679 4615 3824 4674 Καθ-

400 4696 814 4769 felicitatisque
869 4699 1202 4772 praedicatio
1261 4704 1557 4756 tumorem
1615 4703 1770 4772 parit
1817 4704 1874 4756 et
1903 4703 2051 4758 461

399 4786 759 4858 superbiam.
793 4787 948 4844 Dixit
978 4794 1171 4845 autem
1226 4789 1574 4862 generatim,
1607 4791 1835 4863 Populo.
1868 4791 2058 4847 Nimi-

470 4894 516 4928 ³³
546 4893 715 4950 Joan.
748 4911 804 4963 v,
837 4895 927 4951 22.
1003 4897 1049 4931 ²⁴
1079 4897 1217 4952 Luc.
1249 4913 1352 4966 xu,
1383 4897 1473 4951 58.

401 5003 459 5078 et
489 4999 831 5078 Theodorus
876 5002 1039 5078 Beza,
1073 5007 1139 5078 ut
1165 5011 1362 5078 monet
1392 5003 1658 5078 Ducaeus,
1692 5003 1773 5078 ita
1797 5021 2054 5078 quoque

401 5071 464 5156 in
495 5071 726 5156 duobus
779 5074 1212 5146 exemplaribus
1262 5075 1503 5148 legerat,
1536 5075 1646 5151 οὐχ
1675 5071 1914 5152 εὑρήσει,
1944 5071 2055 5135 non

820 5221 876 5272 et
931 5219 1195 5292 quinque
1254 5235 1420 5287 mss.,
1453 5217 1604 5275 πότε.
1637 5223 1708 5276 At
1766 5221 1904 5292 Reg.
1939 5226 2055 5278 ter-

803 5364 1008 5437 etﬂtres
1060 5378 1229 5428 mss.,
1274 5362 1489 5437 τρόπου
1512 5363 1563 5430 δ,
1596 5367 1651 5419 et
1682 5364 1766 5419 ita
1820 5381 2056 5436 quoque

403 5429 682 5508 scribitur
735 5431 800 5508 in
845 5433 1051 5508 -οοιιλι
1071 5429 1350 5508 secundo,
1408 5429 1598 5507 prima.
1651 5429 1852 5491 manu:
1911 5429 2051 5508 Reg.

407 5506 672 5574 quartus,
710 5503 802 5558 cui
839 5505 987 5559 l'avet
1017 5505 1174 5561 Colb.
1210 5503 1527 5570 secundus,
1560 5510 1819 5563 secunda
1852 5503 2053 5574 manu,

407 5570 608 5645 τρόπος
642 5573 722 5628 ὅν.
758 5575 915 5632 Alter
965 5578 1296 5636 Combefisii
1349 5581 1548 5645 codex,
1580 5578 1782 5654 τρόπος
1827 5579 1892 5650 ᾦ.
1929 5570 2056 5636 Mox

407 5645 548 5700 editi
603 5654 660 5703 et
713 5648 848 5719 Reg.
903 5648 1594 5719 primus,mmp1aivonev.
1634 5652 1744 5708 Alii
1795 5653 2056 5719 quinque

406 5661 548 5700 eum
603 5661 660 5703 et
713 5661 848 5719 ueg.
903 5661 1594 5725 ρῐίωυε,ὴμαρτανομεν.
1634 5661 1744 5708 Alii
1795 5661 2058 5726 quinque

405 5733 575 5785 mss.,
609 5717 951 5794 ἡμάρτομεν.

2169 4697 2304 4754 όλου
2337 4696 2394 4754 δὲ
2444 4700 2608 4756 εἶπεν.
2657 4698 2821 4762 Λαός·
2876 4697 3089 4771 δηλῶν,
3140 4701 3223 4754 ὅτι
3274 4699 3403 4774 οὐχὶ
3443 4697 3602 4763 οὗτος
3655 4698 3824 4772 μόνον

2166 4793 2432 4851 ταπεινῶς
2463 4785 2802 4862 διακείμενος
2851 4790 2988 4862 (43),
3022 4789 3099 4852 ὡς
3151 4788 3204 4844 ἐν
3251 4795 3370 4852 τοῖς
3420 4787 3825 4865 ἀπηριθμημὲ-

2235 5006 2346 5080 (ii)
2379 5005 2521 5080 ᾖξε.
2554 5004 2804 5080 primus,
2831 5004 3194 5080 κυριεόσουσι.

2233 5075 2342 5150 (42)
2379 5075 2571 5145 Εάῖῐίί
2598 5075 2943 5139 ἀπαιτοῦντες
3002 5077 3161 5150 ὑμᾶς.
3198 5077 3319 5134 Vox
3367 5075 3576 5134 ultima
3614 5076 3675 5150 in
3707 5093 3822 5133 no-

2164 5150 2303 5205 stris
2328 5149 2436 5206 'sex
2468 5167 2610 5223 mss.
2645 5167 2759 5205 non
2803 5150 3116 5207 invenitur.
3152 5151 3374 5208 Ibidem
3409 5151 3548 5221 Reg.
3582 5149 3816 5223 primus

2164 5239 2392 5296 rursus,
2425 5219 2818 5296 κυριεύσουσιν.

2236 5295 2348 5365 (43)
2382 5296 2476 5351 Sic
2494 5291 2876 5351 emendatum
2901 5294 3087 5365 reperi
3120 5293 3180 5348 in
3205 5294 3470 5366 margine
3498 5292 3610 5348 mei
3642 5291 3780 5366 libri
3804 5309 3817 5347 :

2165 5368 2290 5432 sed,
2319 5372 2383 5421 ut
2427 5383 2626 5422 verum
2688 5368 2888 5431 fatear,
2924 5384 3038 5422 non
3098 5366 3292 5438 notavi
3324 5365 3442 5438 qua
3471 5365 3820 5420 auctoritate

2167 5454 2350 5508 quove
2381 5439 2717 5494 testimonio
2751 5439 2806 5493 id
2854 5438 3112 5494 fecerim.
3149 5437 3291 5493 Mihi
3339 5437 3537 5495 tamen
3569 5442 3658 5493 est
3690 5453 3821 5503 per-

2167 5510 2605 5575 suasissimum,
2639 5527 2733 5566 me
2758 5527 2874 5565 non
2903 5512 3238 5580 conjectura
3271 5512 3536 5573 ductum,
3566 5509 3669 5564 sed
3701 5509 3819 5564 {ide

2165 5583 2420 5655 alicujus
2451 5583 2669 5639 codicis
2697 5583 2985 5650 innixum,
3020 5583 3100 5637 ita
3130 5583 3470 5655 castigasse.
3502 5581 3817 5655 Vulgatam

2166 5649 2475 5727 lectionem
2519 5671 2674 5727 nunc
2722 5649 3035 5727 ascribam,
3069 5671 3196 5727 quae
3247 5649 3368 5712 héc
3397 5657 3486 5712 est
3519 5672 3531 5710 :
3566 5649 3818 5708 Καθόλου

2167 5722 2225 5780 δὶ
2253 5726 2344 5782 καὶ
2373 5731 2477 5790 πᾶς
2508 5728 2535 5781 6
2569 5723 2724 5798 λαὸς,
2754 5723 2882 5801 οὐχὶ
2921 5722 3105 5790 οὔτὸ(
3121 5725 3284 5799 μόνον
3313 5727 3342 5783 6
3373 5746 3515 5782 ουτω
3543 5727 3816 5802 ταπεινῶς
