4130 6400
345 381 468 444 309
1175 379 1586 442 GOMMENT.
1630 381 1708 441 IN
1753 379 2024 442 lSAlAM
2071 380 2354 442 PROPH
2391 382 2580 442 TAM.
2628 382 2799 443 CAP.
2847 382 2951 443 III.
3653 387 3776 448 310

343 534 456 577 νοις
515 514 650 570 εἶναι
682 515 1001 589 παθήμασιν
1035 511 1180 571 ἀλλὰ
1202 517 1307 578 πᾶς
1346 511 1436 568 οῦν
1487 514 1516 568 6
1569 508 1812 579 καθόλου
1845 511 1974 576 λαὸς

2145 532 2249 571 um
2282 516 2541 572 ostendit
2573 533 2688 574 non
2721 517 2894 574 modo
2937 532 3072 574 eum
3119 520 3402 592 populum
3439 520 3538 594 qui
3568 519 3652 576 ita
3679 520 3776 576 de-

343 608 422 678 τῷ
450 601 726 678 ἄθροισμα
755 605 888 659 εἶναι
929 602 1228 680 ἀνθρώπων
1280 601 1341 658 ὲκ
1386 599 1658 682 διαφόρων
1719 600 1974 674 ἑπιτηδευ

2138 622 2355 662 ηἐεευε
2386 611 2470 661 est
2500 612 2564 661 ut
2594 607 2652 661 in
2688 606 2860 663 malis
2887 608 3245 665 enumeratis
3265 614 3550 680 versetur,
3573 610 3678 665 sed
3709 608 3769 666 iu

349 695 535 768 μάτων
588 694 680 749 καὶ
710 692 948 764 ἡλικιῶν
997 695 1085 749 καὶ
1123 693 1254 769 βίων
1315 691 1752 768 συνειλεγμένος,
1796 693 1883 768 ὑφ’
1913 689 1980 750 ἓνι

2140 696 2453 751 universum
2487 695 2753 766 quemvis
2784 697 3090 769 populum,
3115 702 3318 770 utpote
3348 698 3446 770 qui
3482 698 3559 754 sit
3587 702 3771 755 ccetus

346 783 565 839 πίπτειν
625 784 967 858 μακαρισμὸν
1028 782 1314 856 ὁμοτίμως
1372 781 1433 837 οὐ
1494 781 1734 840 δύναται.
1796 780 1977 838 Ἀλλα

2135 785 2444 852 nominum,
2477 802 2547 840 ex
2576 786 2826 841 diversis
2870 786 3083 842 studiis
3128 786 3518 858 mtatibusque
3550 790 3608 843 et
3637 786 3766 842 vitai

344 874 448 948 γὰρ
509 870 700 934 ἄλλως
752 874 870 945 (44)
924 869 1057 926 ἴδιαι
1115 869 1337 927 ἕκαστον
1402 873 1678 949 συμφοραὶ
1734 871 1975 948 κατατρύη

2136 874 2400 930 nstitutis
2430 873 2736 940 collectus,
2766 892 2950 930 unum
2983 880 3040 930 et
3067 875 3222 931 idem
3254 875 3550 932 beatitatis
3579 892 3766 948 genus

345 981 532 1038 χουσι·
580 961 672 1017 τὸν
719 960 813 1034 μὲν
859 960 926 1016 τὰ
983 964 1080 1015 τοῦ
1137 962 1325 1036 γήρως
1383 959 1632 1015 ὶπίπονα·
1683 961 1775 1016 τὸν
1831 957 1887 1016 δὲ
1937 982 1976 1015 τι

2130 979 2179 1018 ix
2210 980 2372 1035 inquo
2404 964 2639 1035 assequi
2672 981 2785 1019 non
2834 981 3026 1036 posse.
3060 964 3196 1020 Alias
3229 964 3385 1021 enim
3419 965 3533 1022 alio
3565 965 3761 1036 modo,

347 1059 447 1122 τῆς
483 1049 730 1113 δουλείας
761 1049 919 1106 κακά’
954 1048 1126 1106 ἄλλον
1158 1049 1331 1105 πενία·
1367 1051 1582 1125 ἑτέρους
1642 1049 1857 1106 οἰκείων
1887 1052 1978 1124 (45

2133 1057 2167 1107 ιι
2197 1070 2315 1108 suae
2349 1069 2638 1124 quemque
2683 1051 3048 1109 calamitates
3079 1054 3386 1123 divexant;
3439 1054 3597 1110 hunc
3628 1051 3764 1125 qui-

350 1137 625 1211 ἀποϐολήο
680 1137 886 1203 ἄλλους
917 1137 1091 1196 νόσοι.
1124 1141 1250 1202 Πῶς
1282 1137 1375 1195 οῦν
1407 1138 1506 1195 οὐκ
1537 1138 1820 1211 ἀπατηλός
1857 1138 1981 1195 ἐστιι

2134 1143 2246 1197 lem
2278 1148 2523 1197 senectae
2555 1143 2950 1212 incommoda,
2974 1143 3134 1199 hunc
3164 1160 3298 1199 vero
3329 1142 3626 1200 servitutis
3659 1142 3765 1199 mi-

351 1231 380 1288 6
413 1229 752 1305 μακαρισμὸς
800 1230 828 1284 6
877 1227 998 1302 λαῷ
1047 1229 1173 1284 πατὶ
1219 1225 1666 1305 προσαγόμενοςς
1711 1229 1772 1285 Ὁ
1819 1228 1976 1301 μίντο

2132 1230 2275 1286 larisa
2323 1248 2334 1286 :
2387 1230 2566 1287 alium
2622 1235 2960 1304 paupertas,
3010 1236 3246 1289 caeteros
3295 1233 3763 1290 necessariorum

349 1318 566 1393 Κύριος,
613 1319 659 1374 εί
707 1318 796 1373 καὶ
825 1317 1038 1390 πλῆθος
1069 1317 1318 1397 ἐμφαίνει
1353 1314 1443 1372 διὰ
1487 1321 1585 1373 τοῦ
1629 1321 1974 1393 μακαρισμοῦ

2136 1320 2374 1391 ιωίεείο,
2395 1319 2538 1376 alios
2572 1322 2759 1377 morbi
2789 1322 3078 1394 afﬂigunt.
3103 1323 3405 1389 Quomodo
3435 1323 3617 1396 igitur
3636 1323 3767 1379 bea-

345 1407 623 1484 Μακάριοι
684 1408 736 1463 οἱ
793 1408 1012 1484 πτωχοὶ
1063 1412 1142 1480 τῷ
1197 1407 1487 1480 πνεύματι·
1547 1408 1668 1476 καὶ,
1729 1405 1975 1481 Μακάριο

2137 1409 2298 1465 itatis
2319 1409 2654 1482 praedicatio
2677 1408 2893 1482 populo
2917 1409 3078 1466 omni
3100 1411 3404 1482 attributa,
3431 1411 3627 1467 fucata
3646 1427 3764 1466 non

344 1498 398 1552 οἱ
459 1502 784 1560 πεινῶντες·
841 1496 972 1570 καὶ,
1031 1495 1304 1573 Μακάριοι
1364 1498 1416 1551 οἱ
1467 1495 1744 1561 κλαίοντες
1778 1517 1791 1532 ο
1855 1495 1975 1552 ἁΑλ‹

2133 1503 2198 1554 ιει
2226 1503 2282 1554 et
2312 1499 2613 1570 captiosa?
2637 1501 2921 1556 Dominus
2943 1503 3139 1556 autem
3162 1500 3394 1557 etiamsi
3427 1499 3764 1557 multitudi-

341 1589 423 1658 τῷ
486 1589 596 1660 (46)
663 1587 799 1663 πρὸς
875 1585 1146 1661 παρόντας
1215 1585 1584 1641 ἀποτείνεσθαι
1653 1583 1888 1641 δείκνυσι
1935 1607 1972 1639 τι

2137 1605 2243 1645 nem
2275 1588 2534 1644 declarat
2562 1588 2620 1643 in
2673 1588 3137 1646 beatitudinibus
3168 1588 3574 1662 designandis,
3609 1591 3768 1646 Beati

347 1674 712 1752 εὐαρίθμητον
786 1680 896 1731 τῶν
958 1676 1430 1749 μακαριζομίνων.
1485 1674 1664 1745 Δῆλον
1725 1674 1851 1750 γὰρ,
1914 1675 1975 1730 ’ὀτ

2133 1694 2368 1750 ναιιρενεε
2395 1679 2601 1750 spiritu
2624 1678 2689 1744 2⁵,
2715 1683 2792 1745 et,
2817 1679 2976 1734 Beati
3004 1679 3102 1750 qui
3129 1679 3386 1734 esuriant
3406 1678 3474 1747 95,
3496 1682 3571 1748 et,
3605 1679 3764 1736 Beati

343 1764 470 1839 περὶ
499 1769 608 1820 τῶν
648 1769 904 1839 μαθητῶν
937 1763 1176 1820 ἐποιεῖτο
1207 1765 1300 1819 τὸν
1334 1764 1515 1841 λόγον,
1545 1770 1652 1820 τῶν
1686 1762 1974 1839 δεδιδαγμὲ

2129 1769 2204 1822 mi
2241 1768 2512 1838 lugent",
2545 1773 2742 1822 tamen
2793 1782 2860 1824 eo
2907 1769 3064 1840 quod
3123 1784 3222 1824 eos
3283 1768 3384 1840 qui
3443 1771 3760 1841 praesentes

340 1874 449 1910 νων
481 1855 581 1923 τὴν
638 1853 920 1926 ἐπαινετὴν
976 1852 1501 1930 ταπεινοφροσύνην,
1559 1854 1646 1908 καὶ
1705 1852 1842 1908 κατὰ
1894 1852 1971 1920 τήε

346 1943 477 1966 --ὶ-
544 1944 694 1966 "’73,
760 1943 834 1966 2P,
878 1944 965 1966 ,AI,
1012 1964 1081 1966 -.η
1170 1940 1359 1966 -ὶνβῗ
1409 1945 1545 1966 (ηεξ
1584 1963 1667 1966 _._,
1704 1941 1969 1966 ---’__.____-

2123 1858 2351 1913 iderant
2398 1856 2814 1928 alloqueretur,
2850 1873 2949 1913 eos
2990 1857 3091 1930 qui
3141 1857 3294 1914 beati
3341 1857 3754 1929 praedicantur,

341 1943 478 2018 πρὸς
535 1944 696 2000 αὐτὸν
757 1943 1109 2018 ἐξομοίωσιν,
1166 1943 1258 1998 τὸν
1291 1940 1359 1998 δι’
1399 1945 1547 2016 ἡμᾶς
1579 1941 1972 2018 πτωχεύσαντα

2123 1947 2272 2004 'acile
2295 1947 2591 2003 numerari
2621 1962 2793 2020 posse
2818 1948 3006 2003 docet.
3029 1947 3277 2004 Planum
3301 1951 3390 2004 est
3414 1948 3594 2016 enim,
3618 1964 3754 2005 eum

337 2034 438 2103 τὴν
496 2031 550 2088 ἐν
599 2038 681 2106 τῷ
737 2035 1047 2111 φρονήματι
1106 2031 1382 2108 πτωχείαν
1442 2031 1840 2110 ἀνειληφότων.
1899 2038 1968 2086 Διι

2122 2037 2177 2093 le
2207 2035 2514 2109 discipulis
2547 2052 2878 2092 sermonem
2915 2036 3216 2107 habuisse,
3244 2036 3346 2109 qui
3393 2035 3753 2093 laudabilem

340 2127 504 2178 τοῦτο
565 2144 766 2201 φησιν,
826 2122 911 2179 ὅτι
969 2123 1228 2197 Ὑμετίρα
1283 2121 1424 2178 ἰστὶν
1487 2125 1522 2193 ἡ
1587 2121 1836 2199 βασιλεία
1888 2126 1967 2178 τῶ

2124 2125 2292 2181 idocti
2316 2126 2550 2181 fuerant
2568 2123 2990 2204 humilitatem,
3006 2129 3184 2197 atque
3204 2125 3276 2180 ad
3303 2125 3755 2182 similitudinem

341 2211 604 2288 οὐρανῶν·
664 2213 756 2267 καὶ
810 2212 895 2282 τὸ,
963 2210 1237 2288 Μακάριοι
1291 2213 1342 2266 οἱ
1392 2216 1680 2274 πεινῶντες
1739 2216 1851 2282 νῦν,
1912 2209 1972 2267 ὅτ

2124 2215 2233 2286 ajus
2266 2215 2364 2287 qui
2402 2218 2643 2286 prepter
2672 2229 2779 2270 nos
2811 2229 3032 2286 egenus
3080 2216 3270 2270 factus
3301 2214 3470 2277 est”,
3503 2231 3755 2286 pauper-

340 2303 494 2358 αὐτοὶ
571 2303 1064 2378 χορτασθήσονται.
1141 2300 1212 2359 E’i
1274 2300 1331 2356 δὶ
1388 2302 1545 2371 στενὴ
1604 2303 1639 2370 ἡ
1699 2297 1846 2370 ὁδὸς,
1905 2321 1971 2356 κα

2133 2307 2286 2360 atem
2345 2302 2587 2376 spiritus
2643 2306 2811 2358 erant
2866 2302 3141 2375 amplexi.
3182 2303 3571 2368 Quamobrem
3630 2303 3757 2360 ait:

343 2389 522 2467 ὀλίγοι
582 2393 635 2445 οἱ
692 2389 1036 2467 εὑρίσκοντες
1097 2390 1288 2461 αὐτὴν,
1345 2391 1450 2446 ποῦ
1500 2387 1723 2445 δυνατὸν
1751 2386 1968 2444 πολλοὶ)

2133 2395 2358 2448 ’estrum
2405 2396 2481 2447 est
2527 2407 2759 2463 regnum
2786 2393 3046 2449 caelorum
3065 2393 3142 2462 '9;
3175 2396 3232 2448 et
3281 2392 3450 2458 illud,
3486 2395 3640 2450 Beati
3669 2395 3764 2465 qui

341 2481 478 2536 εἶναι
533 2480 660 2543 τοὺς
737 2480 1241 2556 μακαριζομένονς;
1302 2481 1461 2534 Ὥστε
1508 2481 1723 2541 πάντως
1775 2480 1804 2534 6
1864 2477 1972 2534 λαὸε

2131 2499 2252 2538 tunc
2307 2484 2584 2548 esuriant,
2632 2485 2766 2553 quia
2813 2484 2924 2553 ipsi
2969 2482 3463 2538 saturabuntur”.
3501 2484 3664 2549 Quod
3715 2482 3762 2538 si

340 2568 472 2626 ὅλον
525 2569 862 2646 μακαρίζων,
921 2569 1104 2641 πλανᾷ
1156 2569 1244 2625 καὶ
1273 2570 1526 2645 ταράσσει
1567 2567 1748 2637 αὐτὸν,
1785 2568 1862 2641 μὴ
1896 2567 1968 2622 ὲῶ

2127 2577 2358 2645 ingusta
2388 2580 2478 2627 est
2498 2572 2611 2641 via,
2631 2577 2688 2626 et
2719 2572 2888 2643 pauci
2923 2575 3063 2627 sunt
3088 2572 3187 2644 qui
3220 2571 3520 2627 inveniant
3537 2588 3665 2628 eam
3690 2573 3758 2640 ³³,

339 2657 544 2728 ὁδεύειν
609 2658 916 2736 εἲρηνικῶς.
975 2661 1130 2716 Ἔστι
1183 2655 1242 2713 δὲ
1274 2655 1457 2734 ῥᾳδιον
1493 2657 1700 2714 ἁλῶναι
1729 2655 1807 2731 τῷ
1837 2659 1970 2722 πάθε

2129 2662 2204 2735 [ui
2236 2662 2358 2717 ﬁeri
2389 2665 2582 2733 potest
2605 2663 2668 2716 ut
2691 2660 2859 2716 multi
2884 2661 3005 2716 sint
3021 2661 3121 2734 qui
3145 2661 3537 2734 praedicentur
3563 2660 3760 2717 beati?

337 2755 446 2805 τῶν
503 2747 737 2804 ἐπαίνων
791 2747 920 2811 τοὺς
967 2750 1044 2822 μὴ
1091 2749 1487 2824 προσέχοντας,
1549 2748 1652 2803 ὑπὸ
1709 2745 1964 2826 φιλαυτία

2134 2757 2310 2824 taque
2339 2749 2613 2823 quisquis
2636 2767 2870 2806 omnem
2905 2750 3145 2806 omnino
3176 2750 3462 2823 populum
3485 2749 3761 2823 praedicat

339 2839 566 2894 ἑκάστου
627 2836 828 2913 ῥᾳδίως
881 2842 999 2901 ταῖς
1060 2836 1120 2893 ἐκ
1165 2841 1271 2893 τῶν
1305 2838 1608 2894 κολακειῶν
1639 2836 1869 2898 ἀπάταις
1901 2837 1970 2892 ὑπ

2126 2846 2368 2907 )eatum,
2401 2840 2632 2896 seducit
2690 2840 2888 2912 ipsum
2946 2844 3005 2895 et
3061 2840 3395 2906 conturbat,
3427 2855 3532 2895 nec
3588 2839 3757 2897 illum

337 2929 633 3004 αγομὲνουο
695 2926 892 3004 ἀνδρὸς
921 2919 1195 3007 δὲὠφελη
1209 2930 1371 3000 μένου
1402 2930 1536 3001 (47),
1573 2928 1712 3001 μήτε
1737 2931 1857 2987 ταῖς
1899 2947 1965 2982 κα

2132 2928 2424 3002 ranquille
2454 2929 2718 2984 incedere
2761 2929 2922 2984 sinit.
2948 2928 3137 2984 Facile
3168 2933 3362 2984 autem
3416 2933 3505 2985 est
3555 2929 3628 2985 iis
3659 2929 3759 3000 qui

335 3016 623 3094 κηγορίαις
652 3021 816 3073 τινῶν
853 3017 1227 3072 ὑποπίπτοντα
1266 3020 1667 3087 ταπεινοῦσθαι,
1721 3011 1862 3088 μηδὲ
1909 3035 1966 3068 συ

2127 3019 2346 3073 ninime
2379 3021 2519 3073 sunt
2541 3017 2748 3071 attenti
2771 3015 3014 3071 laudum
3046 3017 3256 3072 affectu
3284 3033 3350 3072 ac
3381 3017 3577 3073 studio
3608 3016 3758 3089 capi,

338 3104 658 3162 στέλλεσθαι
706 3107 852 3179 παρὰ
918 3109 1103 3173 τοῦτο,
1175 3107 1314 3178 μήτε
1374 3105 1476 3159 ὑπὸ
1524 3102 1753 3158 ἐπαίνων
1810 3102 1969 3176 ἁγνοί‹

2131 3123 2240 3162 ium
2275 3106 2684 3178 unusquisque
2725 3105 3197 3161 assentationum
3248 3104 3494 3162 fallaciis
3527 3123 3641 3178 praa
3670 3107 3762 3163 sui

337 3199 447 3250 τῶν
497 3196 616 3259 καθ’
665 3195 852 3250 ἑαυτὸν
909 3191 1219 3265 ἐξοιδαίνειν
1273 3189 1473 3269 ῥᾳδίως
1527 3193 1617 3247 καὶ
1653 3195 1968 3269 φυσιοῦσθαι

2129 3195 2293 3267 psius
2323 3210 2515 3250 amore
2537 3196 2693 3249 haud
2724 3193 3041 3250 difﬁculter
3071 3194 3169 3250 sed
3183 3198 3410 3250 ocatur.
3436 3195 3537 3251 Est
3565 3199 3760 3251 autem

340 3285 490 3340 Ἐπεὶ
542 3282 600 3340 δὲ
644 3278 837 3360 τρίϐος
874 3281 1015 3338 ἐστὶν
1048 3285 1082 3353 ἠ
1115 3281 1556 3358 προτετριμμὲνη
1616 3280 1708 3336 καὶ
1761 3277 1971 3336 διωδευ·

2130 3283 2216 3338 tiri
2273 3288 2542 3357 provecta
2596 3283 2810 3338 virtute
2867 3282 3096 3355 praediti
3157 3299 3531 3355 nequaquam
3565 3285 3761 3357 dejici,

341 3372 472 3446 μὲνη
505 3376 618 3448 (48)
681 3371 784 3428 ὑπὸ
838 3377 947 3428 τῶν
979 3368 1369 3448 προλαϐόντων
1431 3369 1579 3440 ὁδὸς,
1614 3371 1642 3426 6
1677 3371 1753 3444 μὴ
1786 3368 1885 3425 ἐῶν
1919 3368 1972 3424 είι

2128 3372 2383 3429 :onviciis
2415 3372 2806 3441 quorumdam
2849 3372 3354 3438 succumbentem,
3381 3390 3568 3444 neque
3601 3374 3673 3428 ob
3703 3373 3759 3429 id

337 3460 587 3534 αἶ’σθησιν
643 3461 819 3526 ἐλθεῖν
881 3460 1132 3538 λυπηρὰν
1187 3461 1314 3526 τοὺς
1358 3459 1833 3534 ἀπολειπομένους
1896 3465 1968 3515 τοῖ

2131 3463 2302 3518 mimo
2333 3461 2619 3522 contrahi,
2645 3478 2833 3533 neque
2862 3461 3030 3517 facile
3062 3478 3176 3534 prae
3203 3462 3478 3519 laudibus
3509 3463 3762 3518 intume-

339 3551 512 3623 ζήλου
545 3555 651 3606 τῶν
709 3551 1082 3628 προαγόντπν,
1119 3549 1246 3607 ἀλλ’
1279 3552 1353 3614 ὡς
1384 3552 1779 3625 κατορθοῦντας
1815 3571 1970 3622 μακα·

2131 3569 2266 3609 cere
2296 3570 2361 3608 ac
2393 3551 2584 3607 inflari
2618 3552 2709 3607 sui
2738 3551 2923 3624 ipsius
2956 3556 3176 3607 statum
3207 3551 3591 3623 ignorantem.
3615 3553 3762 3618 Quia

339 3643 504 3718 ρίζων
537 3639 664 3704 τοὺς
697 3642 1122 3718 ἁμαρτάνοντας,
1149 3641 1248 3711 τὴν
1292 3634 1480 3718 τρίϐον
1511 3645 1616 3696 τῶν
1663 3636 1846 3694 ποδῶν
1898 3637 1964 3694 αὐ

2124 3659 2236 3698 rero
2269 3641 2480 3698 semita
2509 3641 2619 3696 iter
2648 3645 2736 3696 est
2769 3641 2896 3711 jam
2925 3641 3154 3710 tritum,
3189 3644 3247 3696 et
3277 3641 3348 3696 ab
3381 3640 3454 3698 iis
3482 3642 3581 3714 qui
3614 3659 3755 3714 prai-

334 3736 443 3787 τῶν
478 3729 848 3803 συνταράσσει.

2124 3735 2411 3788 :esserunt
2441 3731 2808 3798 confectum;
2848 3729 3121 3802 quisquis
3161 3745 3261 3785 eos
3293 3729 3392 3802 qui
3424 3748 3459 3786 a
3489 3731 3755 3787 decesso-

333 3839 468 3878 rum
501 3821 697 3878 studio
729 3820 1034 3892 deﬁciunt,
1068 3823 1278 3877 moesto
1310 3835 1376 3876 ac
1407 3819 1563 3875 tristi
1611 3835 1790 3876 sensu
1821 3817 1977 3875 afﬁci
2022 3837 2137 3878 non
2184 3821 2346 3889 sinit,
2379 3820 2495 3876 imo
2527 3835 2660 3875 vero
2692 3818 3100 3891 delinquentes
3150 3819 3320 3890 quasi
3375 3823 3528 3877 recte
3559 3836 3622 3876 se
3652 3833 3758 3894 ge-

334 3915 548 3981 rerent,
582 3910 858 3983 praedicat
885 3911 1112 3979 beatos,
1144 3908 1196 3965 is
1227 3908 1500 3964 semitam
1533 3910 1748 3981 pedum
1779 3924 1980 3964 eorum
2014 3911 2346 3967 conturbat.

411 4002 536 4058 119.
625 3995 804 4056 Ἀλλά
869 4001 962 4053 νῦν
1035 3997 1426 4067 καταστήσεται
1501 3995 1578 4059 εἷς
1653 3996 1829 4071 κρίσιν
1882 3993 1996 4052 Κό-

2181 4000 2300 4054 119.
2336 3999 2511 4056 Vsas.
2537 3999 2622 4053 '13.
2667 3996 2772 4054 Sed
2800 4013 2950 4053 nunc
2990 3998 3357 4054 constituetur
3386 3999 3444 4054 in
3476 3986 3756 4064 iudicium

341 4109 484 4166 ριος,
561 4087 651 4143 καὶ
746 4088 930 4158 στήσει
1024 4085 1102 4148 εἷς
1176 4083 1351 4160 κρίσιν
1426 4085 1519 4140 τὸν
1599 4084 1729 4141 λαὸν
1806 4085 1972 4140 αὐτοῦ

2130 4090 2393 4155 )ominus,
2421 4096 2472 4143 et
2499 4088 2652 4142 sistet
2681 4088 2740 4142 in
2763 4085 3044 4158 judicium
3058 4087 3325 4159 populum
3343 4103 3525 4142 suum.
3550 4086 3761 4143 Omnia

342 4179 523 4235 Πάντα
550 4176 724 4253 κρίσει
780 4174 899 4247 Θείᾳ
945 4174 1036 4230 καὶ
1085 4174 1288 4229 συνέσει
1338 4175 1475 4230 κατά
1501 4173 1600 4244 τὴν
1631 4169 1973 4250 δυσδιήγητο

2128 4177 2305 4232 livino
2348 4175 2575 4248 judicio
2606 4192 2671 4230 ac
2710 4173 3025 4246 prudentia
3056 4175 3375 4247 unicuique
3413 4192 3517 4248 pro
3551 4176 3759 4232 merito

342 4265 530 4345 σοφίαν
582 4264 953 4342 ἒπιμερίζεται
1000 4265 1208 4337 ἑκάστῳ
1269 4263 1406 4339 πρὸς
1453 4263 1555 4333 τήν
1605 4262 1772 4334 ἀξίαν
1831 4261 1898 4318 τά
1940 4282 1971 4317 τ

2128 4264 2542 4322 lislribuuntur
2561 4265 2732 4334 juxta
2754 4261 3205 4318 inenarrabilem
3229 4263 3608 4335 sapientiam;
3632 4268 3759 4320 tum

339 4362 430 4413 νῦν
487 4355 836 4432 ἐπαγόμενα,
891 4353 958 4410 τά
1013 4375 1072 4409 τε
1126 4353 1264 4409 κατά
1320 4353 1412 4408 τὸν
1470 4351 1748 4428 μέλλοντα
1807 4351 1970 4407 αἰῶνα

2127 4371 2178 4411 ιθ.
2207 4372 2337 4427 quae
2369 4370 2524 4408 nunc
2568 4353 2851 4424 temporis
2881 4351 3236 4419 inferuntur,
3259 4357 3385 4408 tum
3419 4369 3547 4424 quae
3577 4352 3637 4407 in
3672 4353 3758 4407 fu-

343 4447 496 4506 Ἐπεὶ
527 4445 618 4502 οῦν
652 4448 900 4516 τοιαῦτα,
934 4445 1120 4520 φησὶν,
1179 4442 1452 4516 ήνόμησεν
1501 4448 1529 4497 ὸ
1582 4441 1738 4513 λαὸς,
1776 4445 1974 4497 τοιαῦτ‹

2126 4461 2240 4499 '.uro
2281 4442 2494 4499 saeculo
2543 4445 2936 4497 reservantur.
2970 4441 3256 4504 Quoniam
3309 4441 3513 4514 igitur,
3546 4441 3757 4515 inquit,

343 4536 401 4594 δὲ
465 4537 616 4610 αὖτῷ
667 4534 931 4612 ἐπήγαγεν
987 4535 1016 4590 6
1064 4533 1287 4610 Κύριος.
1337 4533 1436 4586 Διὰ
1464 4534 1525 4588 τὸ
1557 4532 1724 4592 οἱονεὶ
1772 4529 1974 4588 ἀποδειι

2126 4533 2323 4589 .alibus
2347 4548 2475 4588 sese
2495 4529 2912 4603 iniquitatibus
2933 4529 3250 4586 obnoxium
3274 4531 3539 4603 praestitit
3571 4547 3757 4605 popu-

346 4630 551 4705 χθῆναι
609 4623 849 4701 ὀφείλειν
909 4625 1022 4698 (49)
1050 4623 1119 4678 τὰ
1175 4622 1298 4699 περὶ
1354 4628 1455 4692 τῆς
1515 4619 1862 4694 δικαιοσύνης
1890 4625 1977 4677 τοῖ

2130 4640 2216 4693 us,
2247 4621 2395 4678 tales
2424 4621 2566 4677 item
2597 4620 2647 4676 ei
2680 4619 2956 4692 irrogavit
3008 4637 3212 4692 poanas
3253 4619 3559 4678 Dominus.
3583 4619 3761 4686 Quasi

417 4756 702 4885 "ihzatth.
750 4769 812 4824 v,
862 4753 918 4811 3.
993 4753 1042 4790 ⁸⁸
1068 4751 1211 4808 ibid.
1269 4752 1326 4808 6.
1404 4751 1448 4787 ³⁷
1478 4751 1624 4807 ibid.
1655 4753 1710 4807 5.
1787 4751 1832 4787 ³⁸
1861 4750 1912 4808 ΙΙ
1960 4751 2090 4809 Cor.
2147 4767 2272 4822 vm,
2328 4751 2382 4804 9.
2462 4751 2508 4786 9°
2535 4747 2742 4806 Matth.
2803 4763 2860 4814 v,
2918 4748 2972 4804 3.
3048 4748 3094 4784 ³⁸
3148 4748 3293 4805 ibid.
3347 4751 3402 4805 6.
3480 4748 3764 4832 “Matth.

417 4847 450 4885 ι.
558 4869 573 4884 .

351 4846 450 4898 vn,
483 4846 573 4885 ιιι.

347 4948 828 5028 διακείμενοςλὼς
869 4947 932 5028 ,ἐν
981 4946 1625 5028 τοῖςιάπηριθμημὲνοις
1666 4945 1800 5028 εἶναι
1831 4947 1974 5028 παθή

2133 4948 2334 5020 [uitur,
2359 4945 2450 5000 τὸν
2483 4941 2736 5028 λόγονσξῐ]
2769 4944 3272 5028 nostrjs_sex_mss.
3299 4961 3415 5003 non
3438 4945 3764 5028 invenitur;

353 5017 538 5103 μασινδ
596 5017 744 5081 ἀλλὰ
794 5020 886 5077 καὶ
945 5025 1048 5083 πᾶς
1106 5017 1366 5083 λαὸς⁷τὸ⁷
1416 5017 1688 5094 ἄθροισμα
1740 5017 1872 5073 εἶναι
1911 5017 1984 5073 ἀν

355 5097 609 5146 Antimum-

1989 5051 2003 5061 -
2115 5017 2307 5146 neque
2338 5027 2530 5102 tamen
2564 5017 2888 5100 quidquam
2917 5017 3229 5074 delendum
3259 5017 3620 5102 censuimus.

2185 5093 2202 5146 (
2242 5094 2296 5146 7i
2330 5092 2480 5146 Editi
2509 5093 2567 5146 et
2601 5089 2741 5146 Rea.
2763 5105 3010 5146 primus.
3035 5085 3341 5146 ὠφελίμου.
3371 5091 3484 5146 ΑΙιι
3515 5107 3620 5146 una

355 5085 609 5175 694m:-
1042 5164 1053 5175 .
1138 5164 1148 5174 .
1333 5085 1494 5175 ,μ’
1613 5085 1623 5092 ⁷
1845 5162 1861 5175 .

2185 5085 2296 5164 (ῙΠ)
2330 5091 2480 5146 Editi
2509 5093 2567 5146 et
2580 5085 2744 5175 'RegI
2763 5088 3010 5175 primus,
3035 5085 3341 5175 ὠφελίμου.
3371 5090 3484 5175 ᾼΙὶἰ
3515 5093 3768 5175 quatuor

426 5173 537 5243 (Illi)
567 5171 676 5243 Pro
691 5163 914 5243 alios;
942 5164 1293 5243 scripsimus
1323 5160 1675 5243 ἄλλωςκηοη
1709 5162 1864 5243 quod
1897 5179 2006 5218 vox

2134 5158 2262 5243 nes.
2282 5158 2429 5243 cum
2483 5178 2596 5217 uno
2648 5158 3105 5243 Gombeﬁsiano,
3125 5158 3518 5243 saginata»...
3531 5158 3765 5243 ibidem

356 5231 541 5302 ἄλλως
569 5240 737 5297 nobis
760 5238 951 5308 magis
982 5231 1256 5305 arrident,
1282 5238 1384 5293 sed
1411 5231 1566 5310 quod
1601 5251 1702 5291 sex
1726 5231 2004 5292 codicum
2115 5235 2255 5292 editi
2288 5240 2345 5290 et
2384 5236 2500 5291 duo
2547 5250 2714 5300 mss.,
2747 5231 3123 5310 κατῃγορίαις,
3153 5231 3620 5310 ᾳοςιιδέιιὶοῃίὺαε.
3652 5234 3767 5310 Alii

357 5315 701 5371 auctoritate
734 5303 1029 5366 fulciatur.
1245 5303 1250 5305 ⁷
1342 5376 1354 5381 _
1835 5377 1847 5381 _
2116 5311 2371 5381 quatuor
2401 5323 2566 5381 mss.,
2588 5303 2970 5381 κακηγορίαίς,
3004 5303 3286 5381 conuiciis.
3321 5307 3607 5381 Probatur
3636 5308 3763 5381 qui:

428 5385 542 5458 (45)
571 5382 725 5439 Editi
755 5386 812 5438 et
841 5386 1093 5458 quatqor
1113 5376 1545 5458 mss.,o’inatcbv,
1572 5377 2008 5458 necessariorum
2116 5376 2250 5458 dem
2283 5376 2934 5458 nobis_utraque'lectio
2969 5395 2982 5434 :
3017 5378 3117 5435 sed
3147 5395 3277 5434 eam
3308 5376 3767 5452 selegimusfcui

354 5449 605 5514 aniiss'io.
627 5458 700 5511 At
723 5449 970 5527 uterque
988 5451 1541 5527 Combeﬁsiicodex,
1564 5449 1775 5527 οἲκιίἷζν.
1801 5449 2008 5527 aedium
2115 5453 2317 5527 plures
2339 5450 2578 5527 codices
2611 5451 2822 5504 favent.

345 5533 611 5604 jactura,-
641 5532 700 5604 ει
726 5526 813 5584 ita
841 5515 1290 5604 legitvertitque
1310 5515 1913 5604 TilmannuSLStatim
1946 5522 2005 5576 in
2116 5515 2149 5604 ‘_
2189 5525 2301 5596 (48)
2334 5521 2574 5604 Editiﬂet
2597 5537 2748 5604 pias:
2783 5519 3072 5591 nonnulli,
3093 5515 3474 5596 διοδευομὲνη.
3502 5522 3612 5578 Alii
3637 5522 3767 5594 qui-

354 5588 529 5660 editis
559 5588 796 5674 legitur,
827 5588 1006 5659 νόέος·
1043 5597 1146 5653 sed
1177 5588 1461 5671 scriptum
1492 5597 1783 5670 reperitur
1811 5596 1870 5650 in
1902 5610 1985 5650 nol

357 5675 497 5717 alr-in
527 5691 624 5717 an!
655 5671 978 5717 nndinihnn-
1011 5668 1184 5717 νόσοι.

2117 5588 2253 5653 dam
2286 5588 2457 5660 mss.,
2487 5588 2849 5717 διωδευῖἐνη.
3058 5588 3064 5591 ⁷
3316 5588 3326 5596 ⁷
3439 5588 3449 5593 ⁷
3651 5588 3672 5594 “

2188 5667 2300 5717 (49)
2331 5665 2508 5717 Editi.
2557 5658 2691 5717 ὤωει
2737 5682 2780 5717 ε.
2840 5661 2980 5717 RBE.
3029 5663 3264 5717 tertius.
3313 5661 3542 5717 ὀφείλει.
3585 5666 3656 5717 At
3705 5663 3718 5717 i

357 5675 497 5733 stris
527 5661 982 5743 sexvcodi'oibus,
1011 5668 1184 5725 νόσοι.
1295 5661 1313 5671 ’
1485 5740 1502 5743 ,
1557 5661 1577 5670 ⁷
1685 5739 1698 5743 -

2154 5667 2300 5743 -.(49)
2331 5665 2508 5743 Editi:
2557 5661 2780 5743 ὤφειλε.
2839 5661 2980 5743 B63.
3018 5663 3264 5743 tertius,
3313 5661 3542 5743 ὀφείλει.
3585 5666 3656 5721 At
3705 5663 3764 5718 in

430 5747 544 5822 (46)
574 5745 754 5818 Editi,
785 5741 871 5802 τό.
902 5732 981 5803 At
1026 5757 1196 5814 mss.,
1225 5742 1323 5815 τῷ.
1354 5739 1506 5801 Illud
1549 5739 1704 5811 quod
1750 5754 1886 5798 mox
1915 5751 2006 5796 se-

1881 5756 1886 5796 ;
1915 5751 2006 5796 se-
2119 5732 2252 5799 aliis
2280 5732 2534 5813 quatuor
2559 5732 2708 5796 m'ss.
2740 5732 2977 5809 legitur,
3009 5732 3268 5812 ὀφείλειν.
3358 5732 3370 5743 ’
3482 5760 3512 5787 ιι
