4130 6404
309 389 414 451 3H

1249 386 1643 449 APPENDIX
1689 383 2017 447 OPERUM
2068 385 2135 446 S.
2181 384 2463 446 BASILII
2508 384 2780 447 MAGNL

3613 387 3733 451 313

309 539 436 596 QDEB
465 522 534 579 ad
569 521 671 578 Dei
711 520 1010 594 justitiam
1051 520 1347 594 pertinent
1376 519 1562 578 oculis
1616 518 1831 590 subjici
1859 519 1960 573 de-

2085 519 2233 589 θεοῦ,
2293 514 2375 572 ὅτι
2407 515 2516 593 οὐχ
2570 512 2806 594 ὑπερέϐη
2835 517 2897 573 τὸ
2928 515 3125 595 μίτρον
3154 521 3263 574 τῶν
3292 514 3648 594 ἀδικημάτων
3678 494 3730 577 έν

307 613 504 681 beant,
529 611 684 684 quod
714 611 986 667 videlicet
1030 611 1411 683 iniquitatum
1463 626 1804 666 mensuram
1836 609 1965 664 vin-

312 796 403 848 est
435 808 448 848 :
483 791 587 847 Sed
614 807 764 847 nunc
800 792 1164 847 constituetur
1210 791 1270 845 in
1313 790 1599 862 judicium
1646 789 1915 845 Dominus
1948 807 1964 842 :

314 885 380 935 ut
427 880 718 953 particula
771 896 922 935 nunc
978 879 1443 951 distinguatura
1482 879 1679 935 futuro
1732 877 1961 935 szcculo.

312 974 430 1025 Aut
449 969 595 1025 forte
616 968 785 1036 illud,
803 986 972 1041 nunc,
996 970 1151 1041 apud
1185 985 1292 1025 nos
1315 970 1553 1041 quidem
1576 967 1888 1023 minimum
1912 970 1969 1023 et

311 1059 679 1115 individuum
713 1059 998 1131 temporis
1032 1062 1398 1115 momentum
1433 1057 1722 1130 signiﬁcat
1764 1075 1776 1112 :
1811 1057 1964 1113 462

312 1148 413 1204 sed
447 1148 506 1202 in
540 1147 681 1215 Deo,
708 1148 881 1218 juxta
920 1146 1411 1217 signiﬁcationem
1457 1148 1618 1202 vocis
1664 1162 1832 1215 nunc,
1865 1147 1967 1201 ad-

307 1238 509 1309 jacent
558 1239 616 1291 et
663 1239 857 1292 astant
906 1235 1124 1291 omnia.
1161 1234 1314 1292 Nihil
1345 1235 1501 1290 enim
1559 1236 1711 1307 apud
1771 1235 1968 1307 ipsum

317 1325 676 1400 prastat-itum
734 1328 844 1392 est,
876 1323 1024 1380 nihil
1085 1326 1347 1380 futurum
1383 1341 1396 1380 :
1434 1324 1537 1381 sed
1567 1331 1778 1381 cuncta
1831 1328 1972 1382 sunt

318 1413 652 1488 praesentia,
673 1417 727 1469 et
759 1430 883 1484 qua:
915 1412 1118 1486 procul
1150 1432 1179 1468 a
1211 1413 1379 1469 nobis
1413 1413 1608 1469 futura
1635 1418 1972 1486 exspectan-

316 1510 434 1575 tur,
456 1508 741 1575 tanquam
784 1502 911 1576 jam
957 1504 1266 1575 praesentia
1298 1519 1330 1557 a
1359 1503 1573 1558 divinis
1619 1504 1804 1560 oculis
1835 1520 1969 1559 con-

318 1592 676 1666 spiciuntur,
709 1592 792 1648 ita
836 1596 901 1648 ut
929 1592 989 1648 in
1021 1592 1135 1648 Deo
1165 1591 1265 1647 illa
1295 1592 1576 1664 temporis
1628 1610 1763 1665 pars
1811 1596 1975 1649 Nunc

321 1698 509 1738 savum
555 1681 731 1738 etiam
793 1683 1056 1737 futurum
1106 1681 1547 1754 complectatur.
1573 1682 1718 1739 Cum
1770 1682 1971 1754 igitur,

325 1775 613 1844 quantum
647 1772 716 1827 ad
744 1771 927 1827 Deum
970 1771 1198 1837 attinet,
1234 1787 1347 1826 non
1384 1769 1556 1843 longe
1583 1772 1739 1826 absit
1767 1772 1974 1827 deﬁni-

323 1865 452 1916 tum
485 1860 693 1932 judicii
744 1864 1002 1932 tempus,
1035 1876 1235 1916 vocem
1266 1859 1419 1915 hanc
1464 1877 1612 1916 nunc
1639 1861 1711 1916 ad
1744 1861 1977 1917 univer-

327 1948 450 2007 sale
469 1948 763 2021 judicium
803 1949 1005 2005 referri
1036 1949 1334 2005 duximus.
1364 1949 1737 2006 Constiluctur
1782 1957 1976 2007 autem

328 2041 392 2096 in
411 2037 707 2111 judicium.
741 2037 1009 2095 Declarat
1046 2039 1300 2096 rationes
1346 2040 1590 2111 justitiie
1637 2057 1778 2109 sum,
1802 2041 1976 2112 juxta

330 2144 480 2200 quas
510 2128 584 2185 ob
627 2128 756 2201 ipsa
785 2144 963 2201 opera
991 2144 1219 2201 equam
1250 2129 1311 2185 in
1354 2129 1662 2186 sumendis
1685 2129 1975 2201 ejusmodi

322 2216 635 2291 suppliciis
664 2218 846 2274 vicem
877 2217 1116 2274 adhibet
1149 2234 1162 2273 :
1192 2216 1276 2275 sic
1308 2222 1373 2275 ut
1412 2218 1453 2273 ii
1493 2219 1669 2276 etiam
1703 2220 1804 2292 qui
1834 2237 1971 2276 con-

320 2306 699 2375 demnentur,
730 2305 1110 2379 pronuntiato
1141 2308 1451 2366 adversum
1491 2324 1554 2365 se
1584 2308 1809 2380 judicio
1840 2314 1968 2366 tan-

320 2411 501 2468 quam
524 2395 862 2466 justissima
893 2395 1309 2453 assentiuntur.

390 2502 513 2559 120.
547 2505 622 2559 Et
647 2504 801 2559 sistet
836 2504 897 2557 in
935 2503 1214 2576 judicium
1256 2505 1527 2577 populum
1556 2505 1968 2562 Israeliticum.

315 2592 662 2665 (Quicunque
680 2593 835 2648 enim
868 2594 926 2648 in
957 2593 1075 2662 lege
1096 2603 1473 2666 peccaverunt,
1497 2612 1598 2667 per
1630 2596 1801 2667 legem
1818 2595 1971 2668 judi-

313 2682 593 2738 cabuntur
615 2681 707 2753 δ’.)
737 2680 1124 2753 Nequaquam
1156 2688 1349 2739 autem
1381 2685 1735 2740 sententiam
1772 2702 1971 2757 parem

315 2770 657 2843 prolaturus
687 2773 777 2825 est
809 2769 867 2825 in
898 2769 1155 2843 reliquos
1186 2771 1451 2843 populos.
1480 2774 1626 2829 Nam
1658 2774 1975 2846 Quicunque

312 2861 439 2915 sine
468 2859 586 2929 lege
608 2868 1001 2931 peccaverunt,
1024 2862 1143 2916 sine
1174 2862 1289 2932 lege
1319 2864 1489 2918 etiam
1504 2864 1769 2935 peribunt
1789 2864 1856 2919 ”.
1881 2864 1971 2932 Et,

316 2949 484 3021 [mpii
513 2964 625 3005 non
654 2957 939 3021 resurgant
966 2949 1029 3005 in
1046 2950 1259 3021 judicio
1280 2951 1346 3019 3‘,
1382 2955 1481 3008 sed
1522 2951 1581 3007 in
1614 2953 1970 3009 condemna-

315 3037 496 3092 tione.
528 3036 829 3093 Judicium
863 3042 1061 3094 autem
1093 3044 1184 3095 est
1213 3056 1390 3112 penes
1413 3056 1647 3097 omnem
1684 3041 1975 3115 legislato-

321 3141 443 3181 rem
474 3124 536 3181 in
568 3142 668 3183 eos
717 3126 817 3198 qui
858 3127 1182 3183 secundum
1214 3128 1402 3200 legem
1452 3130 1525 3185 ab
1577 3146 1645 3186 eo
1692 3130 1971 3203 scriptam

2071 609 2153 677 τῷ
2210 604 2413 678 πλήθει
2445 614 2544 677 τῆς
2578 606 2868 684 τιμωρίας,
2929 605 3141 681 εἴρηται
3171 609 3235 665 τὸ
3265 610 3403 683 (50),
3433 607 3610 667 Ἀλλά
3639 615 3729 666 νῦν

311 703 478 757 dictas
528 701 936 774 magnitudine
988 718 1104 757 non
1152 700 1468 773 superarit,
1492 700 1707 755 idcirco
1739 699 1964 754 dictum

2085 697 2463 767 καταστήσεται
2539 695 2615 758 εἷς
2715 695 2889 768 κρίσιν
2981 696 3222 773 Κύριος’

2070 789 2234 840 τοῦτο
2281 790 2362 857 τῷ
2394 782 2657 857 μέλλοντι
2722 784 2881 840 αἰῶνι
2939 784 3477 857 ἀντιδιαστέλληται.
3512 789 3582 844 Ἥ
3618 790 3729 863 μή·

3312 695 3406 752 ’ίνα
3484 699 3547 754 τὸ
3635 704 3729 755 νῦν

2074 894 2206 929 ποτε
2241 874 2325 942 τὸ,
2367 878 2481 943 νῦν,
2543 872 2623 951 ἐφ’
2681 877 2843 947 ἡμῶν
2907 876 3004 948 μὶν
3059 877 3121 931 τὸ
3179 876 3464 950 ἀκαριαῖον
3518 880 3605 933 καὶ
3667 879 3731 933 τὸ

2074 960 2378 1035 ἀδιαίρετον
2435 967 2533 1017 τοῦ
2573 966 2780 1039 χρόνου
2814 965 3088 1038 σημαίνει⁸
3149 964 3236 1020 ἐπὶ
3270 963 3328 1021 δὲ
3375 970 3509 1022 Θεοῦ
3560 966 3734 1023 πάντα

2074 1051 2210 1107 κατὰ
2237 1052 2335 1121 τὴν
2388 1057 2505 1125 τοῦ,
2553 1057 2669 1121 νῦν,
2720 1051 2970 1124 αἶ’σθησιν
3019 1053 3363 1130 παράκειται.
3406 1051 3579 1112 Οὐδὲν
3628 1056 3731 1132 γὰρ

2075 1139 2223 1213 αὐτῷ
2251 1139 2554 1216 παρῆλθεν,
2604 1139 2732 1197 οὐδὲ
2793 1140 3008 1216 μέλλει,
3055 1141 3203 1199 ἀλλὰ
3248 1144 3425 1199 πάντα
3456 1142 3730 1217 ἐνέστηκε,

2074 1228 2165 1283 καὶ
2193 1228 2260 1283 τὰ
2310 1228 2590 1306 πόρρωθεν
2645 1233 2779 1305 ἡμῖν
2838 1228 3292 1307 προσδοκώμενα,
3327 1231 3403 1296 ὡς
3448 1230 3558 1305 ἤδη
3591 1254 3734 1308 παρα

2078 1318 2208 1374 όντα
2256 1320 2359 1375 ὑπὸ
2403 1324 2500 1376 τοῦ
2557 1320 2703 1385 θείου
2746 1321 3035 1400 ὀφθαλμοῦ
3079 1323 3394 1397 καθορᾶται,
3448 1322 3587 1379 ὥστε
3643 1324 3732 1379 tul

2079 1413 2213 1463 Θεοῦ
2264 1408 2349 1478 τὸ,
2380 1413 2494 1477 νῦν,
2524 1410 2611 1465 καὶ
2642 1411 2734 1465 τὸν
2790 1408 3066 1484 μέλλοντα
3094 1410 3285 1485 αἰῶνα,
3327 1409 3734 1488 συμπαραλαμ-

2081 1492 2255 1552 ϐάνειν
2288 1500 2422 1570 (51).
2484 1499 2629 1553 Ἐπεὶ
2691 1499 2783 1553 οῦν
2830 1498 2893 1553 οὐ
2957 1502 3166 1574 μακράν
3194 1500 3338 1556 ἔστιν
3370 1501 3447 1563 ὡς
3472 1502 3610 1578 πρὸς
3639 1502 3734 1557 τὸν

2083 1588 2235 1659 Θεὸν,
2293 1587 2321 1641 ὁ
2352 1585 2652 1663 ὡρισμένος
2676 1594 2778 1657 τῆς
2806 1587 3037 1660 κρίσεως
3077 1590 3287 1663 καιρὸς,
3319 1588 3407 1644 ἐπὶ
3438 1592 3539 1660 τὴν
3565 1602 3736 1656 καθο-

2084 1675 2244 1745 λικὴν
2320 1676 2496 1750 κρίσιν
2570 1676 2921 1753 ἀναφέρεσθαι
3002 1678 3066 1732 τὸ
3158 1682 3248 1733 νῦν
3348 1676 3734 1758 ἔξειλήφαμεν.

2085 1767 2487 1835 Καταστήσεται
2542 1762 2600 1821 δὲ
2653 1765 2729 1828 εἷς
2786 1766 2984 1841 κρίσιν,
3045 1766 3292 1837 ἑξαπλῶν
3347 1767 3477 1831 τοὺς
3533 1765 3738 1845 λόγους

2083 1861 2186 1925 τῆς
2229 1852 2577 1926 δικαιοσύνης
2605 1855 2794 1926 αὐτοῦ,
2827 1857 2945 1921 καθ’
2976 1857 3071 1917 οὓς
3101 1858 3214 1931 (52)
3245 1855 3333 1912 έπῖ
3379 1862 3497 1921 τοῖς
3548 1857 3738 1922 αὐτοῖς

2085 1943 2268 2020 ἔργοις
2328 1942 2540 2000 δικαίαν
2591 1951 2827 2000 ποιεῖται
2883 1949 2992 2001 τῶν
3046 1943 3275 2001 τοιῶνδε
3298 1945 3576 2003 κολάσεων
3632 1949 3734 2018 τὴν

2088 2031 2467 2105 ἀνταπόδοσιν,
2516 2033 2655 2090 ὥστε
2708 2033 2958 2097 καὶτοὺς
2985 2033 3516 2109 καταδικαζομένους
3555 2037 3734 2093 συντί-

2085 2124 2269 2179 θεσθαι
2294 2126 2395 2194 τὴν
2425 2125 2544 2181 κατ’
2572 2125 2747 2180 αὐτῶν
2778 2124 3175 2203 ἀποφανθεῖσαν
3204 2125 3379 2201 κρίσιν
3411 2127 3486 2190 ὡς
3524 2124 3736 2183 δικαιο-

2083 2211 2273 2285 τάτην.

2155 2503 2277 2558 120.
2337 2500 2436 2555 Καὶ
2491 2501 2674 2571 στήσει
2733 2499 2807 2563 εἰς
2851 2500 3026 2577 κρίσιν
3060 2502 3152 2557 τὸν
3208 2499 3341 2558 λαὸν
3384 2503 3478 2558 τὸν
3525 2505 3739 2579 Ἰσραη-

2081 2589 2290 2646 λιτικὸν
2341 2591 2515 2663 (Ὃσοι
2579 2589 2681 2666 γὰρ
2741 2588 2795 2644 έν
2852 2589 3012 2664 νόμῳ
3062 2589 3354 2665 ἥμαρτον,
3419 2589 3510 2647 διὰ
3565 2593 3739 2667 νόμου

2080 2680 2484 2755 κριθήσονται),
2539 2679 2668 2741 τοὺς
2728 2676 2786 2735 δὶ
2837 2679 3069 2742 λοιποὺς
3119 2677 3287 2743 λαοὺς
3345 2680 3545 2737 οὐκέτι’
3597 2680 3739 2739 διότι

2082 2769 2239 2826 Ὀσοι
2296 2767 2512 2841 ἀνόμως
2569 2768 2818 2843 ἥμαρτον
2856 2812 2869 2838 ,
2925 2768 3145 2842 ἀνόμως
3204 2771 3295 2825 καὶ
3353 2771 3734 2829 ἀπολοῦνται·

2079 2856 2199 2926 καὶ,
2288 2858 2355 2914 Οἱ
2440 2851 2651 2920 ἀσεϐεῖς
2742 2858 2846 2912 οὐκ
2926 2857 3318 2929 ἀναστήσονται
3400 2861 3452 2916 έν
3540 2860 3737 2936 κρίσει,

2077 2943 2206 3001 ἀλλ’
2259 2945 2311 3001 έν
2367 2946 2699 3018 κατακρίσει.
2760 2947 2925 3001 Παντὶ
2987 2943 3046 3001 δὲ
3104 2949 3372 3024 νομοθέτῃ
3432 2952 3549 3023 (53)
3596 2952 3739 3025 πρὸς

2077 3033 2205 3097 τοὺς
2231 3034 2367 3089 κατά
2392 3035 2484 3089 τὸν
2548 3035 2635 3089 ὑπ’
2684 3033 2850 3090 αὐτοῦ
2903 3038 3282 3112 γεγραμμένον
3330 3038 3497 3111 νόμον
3546 3059 3730 3115 κρινο-

2086 3125 2285 3197 μένους
2333 3123 2513 3197 κρίσις
2544 3123 2683 3179 ἐστὶν
2727 3123 2779 3180 έν
2828 3128 2897 3199 τῇ
2948 3126 3290 3202 παρεξετάσει
3344 3134 3444 3198 τῆς
3488 3148 3547 3183 τε
3590 3130 3732 3204 πρά-

313 3213 676 3285 judicantur,
699 3232 836 3273 cum
867 3220 925 3271 et
953 3234 1019 3272 ea
1040 3233 1168 3289 quas
1199 3222 1329 3273 acta
1355 3224 1514 3289 sunt,
1535 3223 1591 3275 et
1619 3218 1972 3292 legislatoris

2085 3215 2215 3287 εεως
2244 3212 2333 3267 καὶ
2384 3217 2481 3267 τοῦ
2533 3211 2887 3289 βουλήματος
2932 3217 3031 3268 τοῦ
3085 3216 3410 3289 νομοθέτου.
3462 3216 3556 3272 Διὸ
3583 3217 3673 3273 καὶ
3706 3217 3737 3271 ὁ

312 3280 591 3360 voluntas
647 3280 801 3360 inter
856 3320 919 3361 se
976 3280 1415 3379 comparantur.
1469 3280 1834 3382 Quapropter
1891 3309 1972 3365 ait

2085 3280 2310 3377 Κύριος.
2370 3302 2433 3359 Ὀ
2486 3280 2906 3381 λόγοςξιρησὶν,
2958 3302 3015 3358 δν
3065 3280 3333 3376 ἐλάλησα,
3386 3304 3548 3368 αὐτὸς
3597 3306 3737 3381 ὑμᾶς

314 3393 496 3449 etiam
527 3392 816 3451 Dominus
850 3412 862 3449 :
897 3394 1085 3451 Sermo
1116 3412 1277 3469 quem
1321 3398 1535 3454 locutus
1563 3414 1708 3467 sum,
1740 3399 1856 3471 ipse
1883 3415 1972 3454 vos

312 3483 588 3552 iudicabit
618 3482 664 3517 ³⁵
696 3501 716 3539 :
750 3483 964 3556 quippe
1006 3484 1387 3557 cogitationes
1431 3485 1543 3542 sibi
1590 3487 1838 3542 invicem
1869 3487 1975 3543 ad-

311 3575 650 3637 versantur,
680 3576 806 3627 tum
858 3588 926 3627 ea
958 3590 1085 3644 quae
1117 3590 1149 3629 a
1181 3572 1428 3630 Domino
1456 3576 1813 3648 suggeritur,
1846 3580 1975 3631 tum

312 3677 384 3717 ea
416 3677 545 3734 quae
585 3661 656 3716 ad
704 3665 1011 3733 peccatum
1066 3661 1293 3719 invitat.
1329 3667 1499 3735 Nam,
1543 3666 1714 3737 juxta
1742 3664 1887 3722 Osee
1909 3664 1975 3734 ⁸⁸,

316 3751 789 3807 circumdabunt‘
817 3768 1304 3825 unumquemque
1351 3753 1732 3827 cogitationes
1761 3753 1975 3826 ipsius.

319 3839 671 3896 Videbimus
700 3839 857 3895 enim
889 3840 1067 3896 simul
1100 3841 1298 3898 omnia
1322 3860 1499 3915 opera
1518 3844 1688 3900 nobis
1720 3860 1823 3915 per
1852 3859 1977 3898 me-

323 3927 573 3985 moriam
593 3926 772 3984 veluti
793 3930 1068 4001 astantis,
1095 3934 1269 4003 atque
1298 3948 1368 3987 ex
1393 3933 1637 3989 adversa
1667 3932 1811 3988 facie
1841 3947 1973 3987 cum

325 4016 580 4094 propriis
612 4017 816 4075 formis
849 4020 1025 4074 menti
1058 4025 1276 4077 nostras
1319 4021 1566 4094 objecta,
1591 4030 1762 4093 prout
1793 4037 1976 4075 unum

327 4106 605 4179 quodque
635 4106 722 4163 vel
752 4112 1008 4181 gestum,
1039 4108 1126 4165 vel
1171 4110 1465 4182 prolatum
1516 4114 1624 4166 est.
1660 4109 1978 4182 Postquam

325 4195 480 4251 enim
512 4195 815 4265 Dominus,
835 4198 989 4270 quod
1012 4199 1084 4254 ad
1108 4199 1371 4271 gentium
1395 4216 1428 4256 a
1448 4216 1512 4256 se
1534 4204 1977 4271 assumptarum

324 4301 528 4341 curam
560 4287 786 4357 attinet,
811 4303 879 4342 ea
922 4288 1121 4344 omnia
1150 4305 1277 4360 quae
1325 4289 1584 4345 muneris
1627 4287 1786 4345 illius
1815 4292 1975 4359 sunt,

323 4375 564 4431 omnino
587 4374 930 4446 praestitisse
952 4393 1014 4431 se
1035 4377 1314 4442 ostendit,
1339 4382 1468 4432 tum
1493 4378 1708 4433 dicitur
1727 4378 1976 4450 vincere,

324 4479 457 4519 cum
488 4465 642 4535 apud
674 4482 781 4521 nos
814 4465 1204 4537 judicatur”.
1240 4466 1391 4522 Sane
1439 4466 1597 4522 haud
1648 4468 1977 4538 putandum

323 4556 413 4608 est
437 4551 689 4609 multum
710 4554 995 4626 temporis
1013 4560 1432 4625 consumptum
1452 4555 1545 4625 iri,
1562 4560 1623 4611 ut
1641 4572 1704 4612 se
1725 4556 1978 4628 quisque

2084 3394 2277 3464 κρινεῖ·
2326 3389 2411 3445 δτι
2462 3391 2515 3444 οἳ
2562 3388 2827 3466 λογισμοὶ
2859 3390 3136 3464 ἀλλήλοις
3167 3393 3656 3459 ἀντικαθίστανταν
3708 3395 3740 3452 δ

2081 3498 2140 3534 τε
2187 3478 2335 3553 παρὰ
2388 3482 2486 3533 τοῦ
2531 3477 2738 3553 Κυρίου
2798 3476 3155 3553 ὑποϐληθεῖς,
3204 3483 3292 3539 καὶ
3354 3485 3383 3539 ὁ
3449 3486 3589 3559 πρὸς
3639 3485 3735 3554 τὴν

2086 3566 2352 3641 ἁμαρτίαν
2412 3564 2863 3642 έκκαλεσάμενος.
2917 3570 3064 3625 Κατὰ
3105 3572 3211 3647 γὰρ
3261 3573 3354 3627 τὸν
3401 3574 3582 3644 Ὠσηὶ,
3639 3594 3732 3628 κυ-

2085 3653 2288 3710 κλώσει
2345 3652 2565 3711 ἕκαστον
2623 3657 2689 3711 τὰ
2746 3653 3037 3714 διαϐούλια
3093 3661 3282 3718 αὐτοῦ.
3337 3662 3617 3737 Ὦψόμεθα
3636 3663 3735 3738 γὰρ

2087 3744 2200 3819 ἅμα
2241 3745 2413 3800 πάντα
2460 3745 2630 3800 οἱονεῖ
2660 3750 2983 3821 παρεστῶτα
3038 3750 3177 3821 ἡμῖν
3228 3749 3296 3804 τὰ
3352 3745 3483 3825 ἔργα
3521 3747 3611 3806 διὰ
3637 3757 3738 3821 τῆς

2091 3837 2341 3908 μνήμης,
2392 3833 2481 3889 καὶ
2548 3835 2846 3912 φαινόμενα
2910 3835 3297 3914 ἂντιπρόσωπα
3372 3843 3442 3915 τῇ
3523 3836 3738 3913 διανοίᾳ

2087 3925 2247 3997 ἡμῶν
2297 3922 2431 3998 μετὰ
2469 3928 2577 3979 τῶν
2624 3922 2778 3979 τδίων
2814 3924 3018 3995 τόπων,
3048 3926 3125 3991 ὡς
3151 3924 3373 3984 ἕκαστον
3408 3929 3736 4007 πέπρακται⁹

2086 4015 2121 4083 ἢ
2155 4014 2230 4077 ὡς
2262 4011 2584 4085 λελάληται.
2641 4012 2891 4070 Ἐπειδὰν
2940 4017 3044 4091 γὰρ
3076 4015 3312 4092 ἐπιδείξῃ
3365 4021 3434 4074 τὰ
3463 4021 3584 4085 καθ’
3615 4021 3739 4076 tau-

2085 4101 2177 4158 τόν
2226 4104 2400 4157 πάντα
2455 4101 2767 4167 ἀνελλιπῶς
2797 4104 3140 4175 πεποιηκότα
3169 4108 3290 4179 περὶ
3323 4109 3421 4177 τὴν
3455 4107 3527 4163 ὧν
3579 4107 3741 4181 εἴλη-

2087 4213 2180 4272 φεν
2234 4192 2399 4247 ἐθνῶν
2454 4190 2770 4266 ἐπιμέλειαν
2803 4195 2831 4249 ὁ
2861 4193 3085 4271 Κύριος,
3116 4200 3269 4267 νικᾷν
3301 4193 3517 4274 λέγεται
3573 4196 3625 4254 έν
3655 4203 3739 4273 τῷ

2086 4283 2355 4359 κρίνεσθαι
2406 4282 2543 4357 πρὸς
2592 4288 2760 4355 ἡμᾶς.
2811 4283 2889 4341 Οὐ
2953 4285 3059 4357 μὴν
3093 4286 3329 4361 χρόνους
3374 4307 3435 4361 γε
3470 4289 3739 4364 προσήκει

2086 4371 2333 4445 νομίζειν
2402 4369 2949 4441 καταναλωθήσεσθαι
3032 4372 3108 4436 εἷς
3182 4374 3246 4429 τὸ
3310 4371 3534 4431 ἕκαστον
3600 4374 3735 4431 ἰδεῖν

2087 4462 2271 4518 ἑαυτὸν
2328 4460 2462 4533 μετά
2512 4464 2622 4514 τῶν
2681 4460 2873 4516 ἑαυτοῦ
2923 4462 3203 4540 πράξεων,
3255 4464 3346 4519 καὶ
3401 4464 3495 4520 τὸν
3541 4467 3737 4541 κριτὴν

2085 4551 2178 4605 καὶ
2206 4548 2273 4605 τά
2327 4547 2600 4613 ἀκόλουθα
2622 4554 2701 4623 τῷ
2733 4551 2862 4624 θείῳ
2904 4549 3241 4629 δικαστηρίῳ
3269 4552 3456 4632 ἀφάτῳ
3510 4552 3738 4629 δυνάμει

324 4658 461 4698 cum
519 4643 855 4699 actionibus
916 4643 1041 4699 suis
1097 4643 1436 4715 conspicere
1492 4643 1716 4715 valeat;
1759 4645 1972 4718 quippe

2085 4635 2138 4693 ἐν
2186 4637 2328 4713 ῥοπῇ
2378 4642 2569 4713 καιροῦ
2617 4639 3081 4717 φαντασιουμένου
3121 4645 3219 4697 τοῦ
3248 4646 3365 4715 νοῦ,
3414 4643 3501 4697 καὶ
3558 4645 3739 4699 πάντα

324 4731 561 4788 animus
611 4731 666 4787 vi
716 4732 1131 4803 inexplicabili,
1167 4739 1465 4790 momento
1511 4734 1817 4808 temporis,
1848 4739 1976 4791 tum

319 4819 606 4892 judicem,
638 4826 763 4876 tum
795 4838 920 4892 qua
954 4821 1151 4877 divino
1198 4821 1424 4894 judicio
1471 4825 1787 4896 conjuncta
1816 4828 1975 4893 sunt,

327 4909 439 4965 sibi
495 4909 623 4983 ipse
666 4909 870 4982 ﬁnget,
903 4909 1135 4982 sibique
1187 4912 1631 4985 repraesentabit
1659 4914 1877 4982 omnia,
1910 4928 1979 4969 ac

325 4998 484 5055 velut
531 4999 591 5055 in
651 4997 913 5071 speculo,
945 5016 1149 5057 eorum
1180 5018 1308 5075 quae
1344 5006 1510 5076 gesta
1564 5005 1706 5060 sunt
1756 5002 1978 5060 formas

324 5087 449 5143 acie
477 5086 696 5143 mentis
728 5088 1122 5146 contuebitur.

2086 4728 2603 4806 ἀναζωγραφοῦντος
2661 4728 2857 4803 δηυτῷ,
2888 4729 2978 4785 καὶ
3009 4729 3176 4786 οἱονεὶ
3216 4729 3267 4787 έν
3317 4730 3608 4808 κατόπτρῳ
3653 4736 3737 4805 τῷ

2084 4815 2399 4894 ἡγεμονικῷ
2456 4815 2749 4892 ὶνορῶντὶς
2805 4818 2932 4883 τοὺς
2986 4820 3190 4883 τύπους
3260 4825 3371 4876 τῶν
3424 4822 3738 4900 πεπραγμέ-

2083 4926 2213 4964 νων.
3224 4931 3228 4936 ’

389 5267 438 5306 ³¹
467 5264 631 5325 Rom.
663 5285 726 5338 ιι,
760 5270 846 5325 12.
923 5270 968 5308 ⁸³
996 5269 1141 5328 ibid.
1216 5272 1263 5307 ³⁸
1290 5272 1446 5329 Psal.
1478 5290 1520 5344 ι,
1552 5274 1607 5329 5.
1684 5273 1730 5311 ⁸⁵
1756 5277 1926 5331 Joan.
1958 5290 1972 5329 ι

2094 5271 2182 5327 48.
2256 5268 2303 5305 ⁸⁸
2332 5267 2462 5324 Ose.
2497 5284 2601 5335 vn,
2631 5271 2685 5323 2.
2761 5268 2807 5304 ³⁸⁷
2838 5269 2988 5325 Psal.
3024 5287 3073 5340 L,
3103 5272 3159 5328 6.

390 5448 504 5521 (50)
538 5447 622 5526 Ita
668 5452 808 5523 Reg.
843 5455 1109 5526 quartus.
1147 5454 1318 5510 Deest
1357 5450 1420 5506 τό
1453 5453 1511 5508 in
1546 5453 1677 5510 aliis
1708 5454 1971 5526 quinque

323 5535 472 5596 mss.
502 5520 647 5596 etin
680 5520 1056 5596 pervulgatis.

538 5590 775 5670 Yeteres
806 5590 1059 5670 quatuor
1088 5595 1244 5663 libri,
1276 5590 1839 5670 συμπεριλαμϐάνειν.

324 5730 340 5745 .
396 5665 508 5745 QZ)
540 5663 691 5721 Editi
722 5671 780 5745 et
808 5663 1268 5745 quinque_mss.,
1291 5663 1488 5745 κάθῴέ·
1520 5663 1625 5745 sed
1658 5687 1760 5744 pro
1788 5671 1969 5734 καθώς

323 5734 384 5788 in
420 5734 559 5808 Reg.
593 5743 801 5810 quarto
819 5734 1048 5800 :recti—us
1073 5734 1305 5815 legitur,
1336 5742 1454 5798 καθ’
1484 5738 1596 5803 οὕς.

2152 5447 2266 5522 (53)
2300 5445 2426 5515 Hic,
2454 5451 2521 5503 ut
2547 5463 2702 5520 saepe
2731 5446 2898 5523 alias,
2922 5449 3177 5521 graviter
3201 5450 3741 5523 oti'enderuntope-

2081 5519 2176 5586 ne,
2212 5535 2339 5591 qua
2372 5533 2506 5591 cum
2539 5536 2608 5575 ex
2639 5519 2782 5575 mss.
2815 5519 3110 5577 edendum
3150 5527 3328 5591 esset,
3358 5520 3515 5578 παντὶ
3550 5519 3608 5577 δι
3636 5519 3739 5577 ξιο-

2085 5588 2310 5718 μοθέιξῃ,
2344 5588 2500 5647 aliud
2558 5593 2883 5665 cogitantes
2934 5595 3168 5651 edidere
3212 5588 3411 5652 tamen
3461 5594 3632 5650 πάντα
3675 5591 3737 5650 δὲ

2078 5683 2219 5739 νομο
2259 5681 2387 5722 ετει.
