4130 6384
313 389 436 450 313

1143 391 1546 454 COMMENT.
1595 395 1672 454 IN
1719 395 1992 456 ISAlAM
2040 394 2547 456 PROPHETAM.
2594 396 2769 456 CAP.
2815 395 2923 458 IlI.

3619 396 3738 459 314

384 522 535 577 121.
609 519 786 586 Αὐτὸς
858 521 1065 599 Κύριος
1131 523 1209 588 εἰς
1262 524 1436 599 κρίσιν
1494 523 1608 596 ἥξει
1673 526 1806 600 μετὰ
1858 531 1962 582 τῶν

2158 528 2606 586 121.Vnas.14.
2655 531 2774 601 Ipse
2815 530 3079 586 Dominus
3127 530 3185 584 in
3229 530 3506 602 judicium
3554 531 3740 586 veniet

305 605 695 685 πρεσϐυτέρων
775 616 872 666 τοῦ
949 611 1106 685 λαοῦ,
1175 613 1264 668 καὶ
1328 615 1460 686 μετά
1516 620 1620 669 τῶν
1683 615 1966 692 ἀρχόντων

305 698 499 755 αὐτοῦ.
552 704 679 762 ΙΙῶς
733 703 846 774 (54)
902 703 990 756 καὶ
1051 701 1412 780 σφοδροτέραν
1468 705 1567 773 τὴν
1600 706 1910 780 συγκίνησιν
1943 707 1970 760 6

314 787 484 865 λόγος
563 788 810 866 ἐμφαίνει
889 789 942 844 ἐν
1015 797 1114 863 τῷ,
1174 792 1352 854 Αὐτὸς
1401 793 1602 865 Κύριος
1663 794 1740 856 εἰς
1796 795 1971 870 κρίσιν

313 876 472 951 ἤξει;
532 878 655 934 Ἐπί
704 879 798 951 μὲν
852 879 956 953 γὰρ
989 884 1086 934 τοῦ
1118 879 1252 936 λαοῦ
1281 880 1492 957 εἷ’ρηται
1546 884 1628 953 τὸ,
1693 886 1974 955 Καταστή-

319 988 469 1022 σεται
529 970 642 1040 (55)
702 967 781 1029 εἷς
836 968 1008 1041 κρίσιν
1066 969 1282 1044 Κύριος,
1345 974 1435 1025 καί
1494 974 1675 1043 στήσει
1735 972 1814 1035 εἷς
1857 972 1974 1049 κρί-

321 1078 404 1111 σιν
462 1058 550 1110 τὸν
607 1054 737 1111 λαὸν
798 1056 982 1111 αὐτοῦ·
1047 1056 1132 1112 ἰπὶ
1184 1056 1242 1113 δὲ
1290 1065 1398 1114 τῶν
1457 1057 1834 1137 πρεσϐυτέρων
1885 1062 1974 1117 καὶ

320 1149 432 1200 τῶν
487 1145 768 1221 ἀρχόντων
839 1147 921 1214 τὸ,
1003 1146 1177 1211 Αὐτὸς
1226 1149 1424 1224 Κύριος
1498 1151 1572 1212 εἷς
1630 1151 1806 1226 κρίσιν

321 1233 458 1305 ἥξει.
519 1238 737 1310 Πρῶτον
806 1236 924 1308 μὲν,
978 1234 1073 1291 ’ίνα
1130 1235 1503 1314 διδαχθῶμεν,
1554 1238 1974 1303 ὅτιὲκαστοςεέν

318 1329 398 1394 τῷ
462 1321 588 1396 ἰδίῳ
645 1323 881 1400 τάγματι
938 1326 1326 1400 κριθησόμεθα,
1382 1330 1410 1383 6
1461 1329 1616 1401 λαὸς,
1667 1331 1716 1385 οἱ
1742 1325 1976 1405 πρεσϐύ-

313 1433 486 1488 τεροι,
549 1415 600 1467 οἱ
660 1410 944 1489 ἄρχοντες.
999 1417 1058 1473 Ὁ
1118 1418 1214 1489 μὲν
1247 1419 1350 1492 γὰρ
1383 1416 1697 1494 ἐλάχιστος,
1732 1441 1977 1495 συγγνω-

317 1501 446 1566 στός
502 1501 643 1557 ἐστίν
695 1502 882 1566 ἐλέους
917 1522 929 1534 ·
1010 1503 1225 1561 δυνατοὶ
1304 1504 1361 1562 δὲ
1437 1505 1680 1570 δυνατῶς
1754 1509 1980 1578 ἐτασθή-

316 1611 528 1648 σονται.
590 1598 766 1662 Δῆλον
830 1590 906 1658 δὲ,
959 1595 1042 1648 δτι
1078 1595 1153 1656 είς
1184 1596 1356 1666 κρίσιν
1406 1596 1728 1673 ἐρχόμενος,
1763 1598 1862 1654 οὐκ
1893 1587 1982 1654 ἐπὶ

316 1686 404 1752 τῷ
449 1687 651 1755 κρῖναι,
687 1679 812 1737 ἀλλ’
862 1682 950 1737 ἐπὶ
995 1689 1073 1756 τῷ
1125 1682 1394 1761 διακρῖναι
1429 1690 1540 1760 (57)
1596 1688 1734 1760 ἥξει.
1769 1687 1845 1746 Οὐ
1877 1689 1980 1763 γὰρ

311 1775 419 1825 τοῦ
474 1771 757 1846 κρίνοντος
805 1771 915 1827 ἐστι
977 1773 1111 1845 μετά
1172 1779 1279 1830 τῶν
1338 1778 1675 1849 κρινομένων
1727 1772 1981 1854 ἔρχεσθαι

314 1859 463 1935 πρὸς
493 1862 590 1929 τήν
633 1859 830 1936 κρίσιν,
866 1861 1013 1916 ἀλλὰ
1053 1867 1160 1918 τῶν
1192 1864 1529 1938 κρινομένων
1567 1868 1681 1939 μετ’
1715 1866 1980 1938 ἀλλήλων

315 1951 562 2020 ἁπαντᾷν
622 1951 758 2026 πρὸς
803 1951 899 2005 τὸν
959 1951 1228 2028 κρίνοντα.
1290 1953 1498 2018 Ἐλθὼν
1561 1953 1618 2010 δὲ
1679 1955 1756 2019 εἷς
1805 1956 1979 2031 κρίσιν

322 2039 449 2112 μετ’
481 2039 683 2108 αὐτῶν,
740 2039 890 2101 εὐθὺς
931 2042 1020 2095 καὶ
1051 2039 1326 2118 ἐγκαλέσει
1384 2042 1736 2120 ἐλεγκτικῶς,
1785 2041 1978 2120 λέγων·

317 2128 508 2201 Ὑμεῖς
581 2125 638 2182 δέ
691 2129 744 2182 τί
823 2128 1167 2204 ἐνεπυρίσατὲ
1220 2154 1326 2205 μου
1380 2133 1471 2188 τὸν
1533 2133 1836 2208 ἀμπελῶνα
1889 2136 1979 2191 καὶ

317 2217 355 2284 ἡ
425 2217 642 2292 ἅρπαγή
702 2220 796 2270 τοῦ
845 2217 1075 2293 πτωχοῦ
1133 2218 1184 2273 ἐν
1256 2226 1374 2283 τοῖς
1445 2219 1615 2277 οἴκοις
1677 2222 1870 2296 ὑμῶν,
1928 2224 1979 2279 τί

319 2302 484 2375 ὑμεῖς
542 2300 775 2358 ἀδικεῖτε
829 2304 920 2359 τὸν
983 2304 1111 2361 λαόν
1175 2328 1282 2380 μου
1311 2311 1465 2384 (58);
1528 2310 1977 2386 Βουλευσὼμεθα,

319 2392 379 2448 οἱ
436 2387 793 2468 πρεσϐύτεροι
840 2393 929 2448 καὶ
980 2396 1031 2448 οἱ
1061 2392 1326 2473 ἄρχοντες
1352 2404 1448 2454 τοῦ
1481 2399 1638 2474 λαοῦ,
1669 2402 1722 2456 τί
1751 2403 1977 2476 ἀποκρι-

319 2479 547 2553 νώμεθα
603 2485 684 2553 τῷ
741 2479 1080 2554 ἐγκαλοῦντι*
1145 2483 1358 2556 μᾶλλον
1424 2485 1482 2541 δὲ
1538 2488 1836 2562 εὐξώμεθα,
1902 2492 1978 2564 μὴ

324 2567 682 2647 ἔφευρεθῆναι
754 2571 821 2624 τὰ
888 2569 1006 2641 ἄξια
1075 2577 1171 2627 τοῦ
1230 2573 1572 2650 ἐγκαλεῖσθαι
1623 2579 1690 2632 τὰ
1735 2577 1980 2638 τοιαῦτα.

325 2657 507 2742 Δῆλον
563 2659 688 2734 γὰρ,
747 2658 829 2713 ὅτι
888 2661 1023 2736 πρὸς
1051 2663 1201 2734 ἡμᾶς
1257 2665 1284 2719 ὁ
1343 2663 1537 2742 λόγος’
1593 2667 1719 2730 τοὺς
1783 2667 1980 2742 μὲνέν

325 2741 726 2823 πρεσϐυτερίῳ,
783 2747 916 2810 τοὺς
976 2746 1032 2803 δὲ
1100 2750 1152 2805 ἐν
1229 2751 1442 2824 μείζονι
1498 2760 1628 2830 τιμῇ
1679 2741 1791 2811 τοῦδ
1840 2756 1982 2813 λαοῦ

326 2841 696 2911 προεστῶτας.
759 2837 1081 2894 Ἐπίστευσα
1140 2840 1266 2914 ὑμῖν
1327 2842 1572 2917 ἄμπελον
1631 2845 1981 2921 εὐθηνοῦσαν,

327 2928 502 2978 πᾶσαν
536 2925 829 2999 ἀληθινὴν,
888 2927 965 2990 εἷς
1021 2929 1083 2983 τὸ
1138 2936 1312 2986 ποιεῖν
1375 2933 1540 3004 αὐτὴν
1591 2936 1719 2998 τοὺς
1769 2933 1983 2999 δέοντας

330 3015 571 3088 καρποὸς
604 3012 695 3070 διὰ
723 3022 824 3085 τῆς
851 3015 1170 3090 ἐπιμελείας
1225 3021 1396 3092 ὑμῶν·
1462 3023 1617 3095 ὑμεῖς
1673 3022 1731 3080 δὲ
1763 3025 1824 3079 οὐ
1881 3025 1981 3098 μό-

329 3122 422 3156 νον
456 3104 875 3180 ἁπεχερσώσατε
923 3106 1114 3178 αὑτήν,
1157 3105 1305 3163 ἀλλὰ
1351 3110 1442 3164 καὶ
1490 3116 1983 3190 προσενεπρήσατε.

331 3192 510 3247 Τοῦτο
541 3189 599 3246 δὲ
643 3193 869 3266 γίνεται,
921 3193 1046 3248 ὅταν
1104 3197 1240 3270 πρὸς
1295 3202 1374 3269 τῷ
1433 3202 1543 3272 (59)
1607 3203 1683 3274 μὴ
1719 3189 1987 3257 διδάσκειν

2079 633 2204 672 cum
2261 619 2574 674 senioribus
2619 620 2849 690 populi,
2908 625 2960 674 et
3015 635 3140 673 eum
3194 620 3540 691 principibus
3595 619 3731 690 ejus.

2081 706 2372 761 Acriorem
2407 709 2663 778 quodam
2707 709 2880 763 modo
2929 708 3384 763 commotionem
3435 707 3737 778 Scriptura

2082 796 2305 850 indicat
2335 796 2427 852 his
2461 797 2651 852 verbis
2674 813 2685 850 :
2707 799 2826 868 Ipse
2847 798 3108 853 Dominus
3138 799 3199 852 in
3219 797 3501 868 judicium
3531 798 3735 852 veniet.

2084 885 2165 940 De
2197 886 2410 956 populo
2444 887 2680 957 quidem
2714 887 2934 941 dictum
2968 893 3057 942 est
3091 903 3102 941 :
3137 889 3513 943 Constituetur
3551 887 3610 939 in
3639 886 3735 958 ju-

2084 972 2291 1028 dicium
2353 975 2645 1043 Dominus,
2708 983 2758 1028 et
2822 975 2974 1028 sistet
3031 975 3092 1028 in
3149 974 3421 1042 iudicium
3473 973 3738 1044 populum

2084 1079 2267 1117 suum.
2303 1065 2376 1116 At
2405 1080 2536 1118 vero
2569 1063 2640 1118 de
2693 1062 3023 1118 senioribus
3072 1063 3555 1134 principibusque
3587 1063 3736 1117 dici-

2088 1155 2229 1206 tur:
2286 1155 2399 1222 Ipse
2460 1154 2732 1207 Dominus
2792 1154 2852 1206 in
2897 1152 3171 1224 judicium
3229 1154 3428 1206 veniet.
3473 1151 3734 1207 Primum

2089 1241 2349 1314 quidem,
2386 1246 2448 1295 ut
2496 1243 2812 1296 doceamur
2859 1241 3001 1308 fore,
3039 1247 3100 1296 ut
3147 1258 3255 1296 suo
3287 1242 3503 1313 quique
3533 1241 3737 1296 ordine

2079 1329 2438 1402 judicemur,
2499 1329 2772 1402 populus,
2832 1331 3114 1396 seniores,
3147 1330 3460 1402 principes.
3519 1331 3737 1401 Exiguo

2087 1420 2236 1475 enim
2266 1419 2584 1476 conceditur
2609 1420 3036 1476 misericordia:
3062 1424 3308 1492 potentes
3339 1424 3519 1474 autem
3542 1424 3739 1491 poten-

2093 1512 2176 1565 ter
2204 1510 2679 1564 nominabuntur
2698 1510 2760 1563 ³³.
2786 1510 2989 1581 Liquet
3018 1514 3214 1564 autem
3247 1507 3304 1564 in
3332 1508 3625 1580 judicium
3647 1523 3742 1562 ve-

2093 1599 2369 1668 nientem,
2394 1616 2508 1654 non
2536 1601 2606 1653 ad
2633 1598 3045 1668 judicandum,
3065 1600 3164 1652 sed
3186 1598 3259 1653 ad
3289 1597 3741 1653 discernendum

2093 1688 2308 1744 venire.
2338 1689 2459 1746 Non
2485 1687 2642 1743 enim
2665 1692 2754 1742 est
2775 1686 3164 1759 463judicis
3185 1703 3318 1742 cum
3352 1686 3424 1742 iis
3455 1685 3555 1758 qui
3578 1686 3742 1757 judi-

2093 1785 2320 1846 cantur,
2346 1780 2426 1834 ad
2467 1778 2764 1850 judicium
2811 1779 3053 1834 venire:
3090 1779 3191 1832 sed
3237 1793 3440 1832 eorum
3488 1782 3598 1847 est,
3639 1776 3741 1850 qui

2015 1911 2060 1975 Β
2087 1868 2391 1940 judicandi
2424 1873 2584 1934 sunt,
2604 1867 2778 1923 simul
2810 1866 3086 1922 collectos
3107 1867 3370 1937 judicem
3396 1865 3742 1920 adire.Cum

2091 1961 2288 2013 autem
2339 1958 2411 2013 ad
2447 1957 2741 2029 judicium
2773 1972 2907 2011 cum
2957 1955 3106 2027 ipsis
3136 1955 3376 2022 venerit,
3409 1954 3609 2009 statim
3642 1970 3742 2010 eos

2091 2052 2386 2118 coarguet,
2437 2047 2608 2102 modo
2665 2045 3065 2116 objurgatorio
3119 2044 3321 2099 dicens
3368 2045 3568 2115 (Vsus.
3604 2045 3741 2116 15):

2098 2140 2189 2194 Vos
2217 2145 2423 2204 autem,
2455 2135 2651 2206 utquid
2696 2134 3017 2190 incendistis
3063 2135 3281 2188 vineam
3331 2148 3536 2197 meam,
3566 2140 3617 2187 et
3645 2148 3742 2186 ra-

2087 2229 2224 2299 pina
2250 2227 2512 2298 puuperis
2542 2227 2600 2280 in
2629 2224 2877 2278 domibus
2905 2225 3147 2278 vestris?
3187 2221 3382 2292 utquid
3409 2236 3500 2276 vos
3529 2221 3744 2293 injuria

2088 2317 2319 2386 afﬁcitis
2342 2316 2611 2386 populum
2639 2329 2827 2368 meum
2849 2315 2874 2366 .9
2916 2311 3186 2368 Seniores
3231 2328 3298 2366 ac
3341 2309 3544 2383 populi
3578 2309 3736 2382 prin-

2091 2405 2428 2477 cipes,quid
2460 2405 2648 2460 simus
2679 2403 2732 2456 ei
2762 2403 2822 2458 in
2849 2403 2947 2472 jus
2969 2401 3196 2457 vocanti
3229 2399 3592 2471 responsuri,
3618 2415 3743 2470 per-

2090 2495 2418 2566 pendamus
2452 2509 2466 2550 :
2500 2494 2617 2548 imo
2649 2509 2780 2548 vero
2825 2507 3150 2563 precemur,
3187 2495 3251 2544 ut
3298 2489 3357 2544 in
3403 2490 3571 2544 nobis
3601 2487 3743 2543 talia

2091 2576 2334 2631 minime
2355 2574 2749 2641 inveniantur,
2776 2589 2902 2644 quae
2929 2570 3382 2643 reprehensione
3402 2571 3582 2641 digna
3601 2568 3740 2624 sint.

2089 2670 2466 2739 Compertum
2497 2670 2586 2721 est
2629 2664 2808 2734 enim,
2840 2662 2961 2718 haec
2993 2663 3166 2718 verba
3198 2661 3268 2716 ad
3300 2678 3407 2716 nos
3455 2664 3742 2732 spectare,

2091 2773 2339 2828 quorum
2372 2755 2467 2810 alii
2503 2754 2756 2825 cooptati
2809 2759 2948 2808 sunt
2977 2752 3038 2806 in
3071 2751 3539 2823 presbyterorum
3585 2749 3743 2805 ordi-

2092 2863 2249 2916 nem,
2268 2845 2364 2901 alii
2388 2861 2521 2900 γει-ο
2554 2845 2613 2898 in
2645 2845 2864 2898 honore
2887 2846 2944 2896 et
2973 2841 3157 2913 gradu
3183 2838 3393 2910 majori
3415 2838 3743 2902 constituti,

2093 2935 2311 3008 populo
2343 2939 2617 3006 praesunt.
2641 2929 2986 2987 Concredidi
3015 2928 3181 2984 vobis
3211 2927 3435 2983 vineam
3471 2926 3746 2994 fertilem,

2094 3029 2278 3080 totam
2310 3039 2529 3090 veram,
2562 3025 2627 3076 ut
2665 3037 2805 3075 cura
2833 3023 3029 3075 vestra
3077 3035 3140 3073 ac
3188 3015 3491 3088 diligentia
3520 3016 3748 3072 fructus

2094 3115 2336 3169 idoneos
2366 3113 2564 3167 ederet
2594 3127 2606 3164 :
2643 3126 2744 3164 vos
2775 3113 2972 3163 autem
3004 3125 3120 3162 non
3151 3106 3203 3161 ei
3235 3105 3427 3161 solum
3460 3104 3748 3160 intulistis

2097 3203 2446 3268 vastitatem,
2471 3201 2571 3256 sed
2622 3199 2810 3270 ipsam
2845 3197 3018 3252 etiam
3066 3193 3428 3251 incendistis.
3455 3193 3516 3249 id
3549 3199 3745 3249 autem

327 3278 397 3333 τὰ
449 3276 660 3349 δέοντα,
721 3279 796 3335 ἔτι
828 3281 918 3336 καὶ
948 3281 1038 3336 τὸν
1073 3283 1132 3338 ἐκ
1157 3292 1257 3354 τῆς
1316 3283 1622 3354 δυσσεϐείας
1648 3292 1981 3367 εμπρεσμὸν,

2099 3291 2406 3363 contingit,
2427 3306 2561 3345 cum
2594 3293 2983 3359 praeterquam
3007 3285 3163 3357 quod
3188 3300 3303 3338 non
3326 3283 3602 3339 docemus
3623 3299 3748 3354 qua

330 3369 448 3422 οἷόν
481 3389 598 3423 τινα
628 3369 808 3446 φλόγα
839 3367 1102 3445 ἔρπουσαν
1163 3381 1466 3451 πανταχοῦ,
1520 3380 1606 3433 καὶ
1659 3380 1739 3434 ἀεὶ
1769 3382 1836 3435 τὰ
1866 3402 1986 3435 συν-

330 3462 434 3544 εχῆ
490 3453 1038 3532 ἐπιλαμϐανομένην,
1071 3461 1160 3516 καὶ
1192 3461 1268 3525 εἰς
1309 3467 1398 3519 τὸν
1452 3467 1749 3539 ἀμπελῶνα
1807 3490 1986 3544 παρα-

331 3542 628 3619 δεξώμεθα.
663 3548 730 3604 Οἱ
779 3551 847 3603 τὰ
891 3551 1004 3623 (60)
1055 3549 1192 3614 τὲως
1223 3552 1495 3616 θάλλοντα
1535 3557 1624 3612 καὶ
1657 3542 1986 3630 εὐθηνοῢντα

325 3635 395 3690 τὰ
440 3633 701 3709 κλήματα
764 3637 903 3712 ξηρᾶ
968 3639 1057 3693 καὶ
1107 3642 1322 3716 ἀπρεπῆ
1372 3644 1462 3699 καὶ
1514 3644 1729 3722 ἄκαρπα
1777 3645 1986 3704 ἐπιδει-

327 3725 604 3798 κνύοντες,
652 3726 744 3780 καὶ
794 3727 846 3781 οἱ
899 3727 965 3782 τὰ
991 3727 1050 3785 ἐκ
1076 3734 1183 3785 τῶν
1217 3733 1624 3809 πεπυρωμένων
1663 3734 1838 3812 βελῶν
1889 3743 1986 3793 τοῦ

332 3811 600 3903 διαξόλου
633 3815 948 3892 ἐγγινόμενα
989 3817 1135 3891 πάθη
1191 3822 1266 3893 μή
1327 3811 1669 3895 σϐεννύντες,
1716 3826 1861 3883 ἀλλὰ
1914 3827 1984 3903 τῇ

331 3900 547 3958 ἑκλύσει
575 3907 670 3957 τοῦ
702 3903 820 3978 βίου
844 3909 942 3959 τοῦ
971 3908 1089 3960 καθ’
1120 3907 1344 3974 ἑαυτοὺς
1371 3910 1560 3967 πολλὰ
1582 3916 1823 3988 γίνεσθαι
1857 3900 1985 3992 συγ-

331 3991 1022 4068 χοροῦντες,ἐμπυρίζουσι
1052 3996 1143 4051 τὸν
1177 3997 1688 4071 ἀμπελῶνα.Ἀλλὰ
1715 4005 1804 4059 καὶ
1839 4006 1866 4059 ὁ
1898 3991 1988 4060 διὰ

331 4088 430 4152 τῆς
457 4079 644 4151 ἡδείας
675 4081 990 4154 πλεονεξίας
1021 4085 1270 4152 πολλοὺς
1291 4087 1368 4151 είς
1398 4092 1498 4160 τὴν
1529 4097 1637 4146 τῶν
1671 4092 1983 4171 ἀλλοτρίων

331 4171 621 4245 ἐπιθυμίαν
667 4172 1139 4249 προκαλούμενος,
1193 4177 1477 4254 ἐμπυρίζει
1525 4183 1618 4236 τὸν
1665 4182 1984 4256 ἀμπελῶνα.

331 4261 715 4318 Ἐπισυνάπτει
763 4267 890 4338 γοῦν
938 4264 1021 4337 τὸ,
1083 4267 1191 4322 Καὶ
1239 4270 1274 4338 ἡ
1326 4270 1542 4345 ἁρπαγὴ
1599 4277 1699 4326 τοῦ
1755 4278 1986 4350 πτωχοῦ

331 4350 384 4405 ὲν
439 4354 556 4412 τοῖς
616 4347 789 4415 οἷκοις
847 4351 1024 4425 ὐμῶν.
1082 4357 1242 4411 Ὥστε
1305 4358 1396 4413 καὶ
1453 4360 1504 4414 οἱ
1565 4358 1748 4419 ἄδικον
1797 4347 1986 4434 κτῆσιν

334 4439 440 4495 ἀπὸ
473 4440 722 4515 ἁρπαγῆς
779 4440 868 4495 καὶ
921 4441 1039 4517 βίας
1087 4443 1469 4521 συλλέγοντες,
1520 4449 1694 4506 αἲτίαν
1735 4458 1831 4509 τοῦ
1889 4454 1985 4527 ἐμ-

331 4534 593 4603 πρησμοῦ
646 4533 725 4603 τῷ
783 4529 1069 4604 ἀμπελῶνι
1119 4534 1474 4610 παρέχουσιν.
1508 4537 1566 4594 ἐκ
1619 4546 1716 4596 τοῦ
1744 4549 1986 4619 πονηροῦ

338 4615 734 4694 ὑποδείγματος
789 4623 887 4676 τοῦ
955 4623 1090 4676 κατὰ
1157 4623 1285 4686 τοὺς
1344 4627 1688 4699 προεστῶτας
1741 4632 1831 4686 καὶ
1889 4615 1985 4689 τοῦ

335 4705 472 4763 λαοῦ
511 4710 706 4772 παντὸς
758 4709 834 4774 εἷς
882 4710 982 4779 τὴν
1030 4713 1146 4766 κατ’
1200 4711 1465 4787 ἀλλήλων
1516 4716 1828 4792 πλεονεξίαν
1860 4743 1985 4779 παι-

404 4829 450 4865 ³⁸
479 4829 615 4903 Sap.
646 4846 724 4899 v1,
755 4831 812 4886 7.

405 4947 730 5029 (54)__Editi,
758 4943 1168 5029 ἐνταῦθα-πῶς.
1203 4953 1325 5029 Vox
1373 4956 1535 5029 prior
1580 4959 1640 5015 in
1692 4976 1836 5016 mss.
1873 4978 1986 5017 non

333 5021 650 5105 invenitur.
683 5021 960 5105 Hocipso
985 5021 1051 5104 .in
1081 5023 1206 5082 loco
1238 5021 1393 5084 editi
1413 5033 1471 5085 et
1504 5029 1652 5105 Reg.
1667 5035 1986 5101 secundus,

338 5087 720 5179 0993625301.
757 5087 874 5179 Al‘ii
896 5093 1160 5179 quinque
1193 5114 1361 5179 mss.,
1395 5087 1780 5179 σφοδροῗςᾷρανέ

404 5110 720 5177 ηοοροτερον.
757 5110 867 5150 Λιιι
891 5110 1160 5221 gulaque.
1193 5114 1361 5169 mss.,
1395 5110 1780 5179 σφοδροτέραν.

404 5164 644 5304 $51810
673 5166 888 5222 Combe
935 5183 1005 5223 su
1033 5169 1262 5227 codices
1289 5176 1346 5228 et
1376 5179 1584 5232 nostri.
1618 5177 1790 5246 Editi,
1823 5196 1984 5231 κατα-

339 5252 526 5288 στήσει

368 5375 388 5395 ,ι
414 5305 538 5396 (56),
554 5306 828 5364 Additum
859 5315 999 5367 este
1020 5309 1189 5368 libris
1214 5319 1472 5385 quatuor
1488 5320 1785 5378 veteribus
1814 5320 1986 5392 illud,

340 5397 417 5439 εις
449 5397 644 5439 κρισιν.

411 5397 707 5535 ξξῆιὲἓὶιί
746 5454 802 5535 et
828 5452 1098 5535 .Anglicq
1135 5449 1502 5535 διακριθῆναι,
1531 5464 1623 5519 sed
1672 5471 1732 5519 ut
1769 5463 1986 5535 judicio

336 5521 655 5607 contendat,
687 5521 771 5576 vel
817 5521 1022 5607 iudicio
1064 5521 1509 5607 εωρςνίζιιιιῆηΑὶ
1542 5521 1787 5607 uterque
1816 5535 1985 5590 Com-

332 5595 661 5678 beﬁsianqs
711 5610 846 5678 cum
897 5595 1146 5678 utroque
1175 5600 1503 5678 Colbertino
1551 5613 1608 5662 et
1655 5595 1790 5663 cum
1842 5608 1983 5678 Reg.

337 5671 569 5796 quarto,
605 5661 916 5749 διακρῖναιη
945 5661 1145 5727 δειιάι
1192 5661 1492 5734 discernat
1515 5661 1676 5736 inter
1699 5661 1985 5751 judicent

383 5756 470 5796 08.
507 5747 564 5796 8i.
602 5755 778 5796 suum
824 5754 1037 5796 01110116
1087 5758 1193 5796 nro
1246 5749 1454 5796 meriln
1515 5748 1979 5796 rnddnf."l‘nl.nm

383 5756 470 5808 os,
507 5747 564 5797 et
602 5755 778 5796 suum
824 5747 1037 5813 cuique
1086 5758 1193 5816 pro
1246 5749 1454 5807 merito
1513 5747 1983 5810 reddaL‘Totum

2096 3379 2274 3437 ofﬁcii
2307 3381 2447 3433 sunt
2491 3393 2557 3432 ac
2603 3375 2888 3442 muneris,
2920 3374 3096 3428 etiam
3128 3389 3197 3427 ex
3225 3371 3524 3442 impietate
3551 3371 3748 3426 incen-

2097 3469 2260 3525 dium
2291 3467 2458 3540 quasi
2481 3465 2799 3538 quamdam
2823 3464 3124 3518 ﬂammam
3150 3461 3369 3533 ubique
3391 3466 3748 3532 serpentem,

2096 3566 2151 3614 et
2175 3563 2457 3630 perpetuo
2477 3561 2672 3627 partes
2695 3553 2999 3626 contiguas
3023 3551 3417 3620 invadentem,
3437 3549 3496 3604 in
3519 3549 3749 3605 vineam

2097 3646 2458 3704 inducimus.
2493 3643 2601 3708 Qui
2627 3643 2879 3699 virentes
2911 3641 3196 3697 hactenus
3238 3642 3562 3712 uberesque
3593 3638 3749 3711 psal-

2100 3737 2272 3793 mites
2296 3736 2551 3792 reddunt
2567 3733 2786 3798 aridos,
2803 3732 3118 3798 deformes,
3137 3731 3559 3796 infructuosos,
3573 3735 3629 3784 et
3647 3728 3750 3800 qui

2099 3827 2238 3884 vitia
2267 3843 2337 3882 ex
2367 3824 2569 3896 ignitis
2590 3821 2804 3878 diaboli
2817 3819 3034 3893 jaculis
3053 3826 3190 3876 nata
3209 3836 3325 3876 non
3343 3820 3749 3890 exstinguunt,

2097 3918 2216 3974 imo
2260 3916 2438 3971 etiam
2493 3931 2611 3970 suae
2644 3912 2769 3967 vita:
2825 3911 3056 3982 privatas
3110 3910 3564 3981 intemperantia
3592 3907 3750 3965 vitiis

2099 4007 2303 4065 multis
2320 4008 2463 4062 dant
2484 4008 2700 4070 locum,
2719 4002 2778 4058 hi
2796 4002 3025 4057 vineam
3047 4000 3294 4056 incendu
3306 4002 3434 4063 nti,
3445 3998 3546 4054 uin
3569 3997 3746 4054 etiam

2098 4098 2199 4170 qui
2230 4115 2332 4170 per
2363 4094 2634 4152 stolidam
2681 4091 2983 4148 avaritiam
3016 4090 3086 4147 ad
3133 4089 3322 4146 aliena
3352 4090 3504 4144 bona
3533 4105 3746 4145 concu-

2099 4187 2378 4260 piscenda
2399 4183 2616 4240 multos
2639 4183 2863 4249 invitat,
2889 4182 2938 4236 is
2969 4179 3230 4235 incendit
3255 4180 3506 4234 vineam.
3531 4178 3749 4248 Adjun-

2098 4278 2182 4351 git
2209 4278 2391 4349 igitur
2421 4275 2563 4330 illud
2600 4291 2612 4329 :
2647 4275 2714 4328 Et
2743 4272 2953 4343 rapina
2977 4270 3252 4341 pauperis
3284 4272 3344 4323 in
3380 4267 3629 4322 domibus
3657 4283 3746 4323 ve-

2096 4368 2250 4423 stris.
2275 4368 2474 4436 Itaque
2496 4363 2597 4435 qui
2627 4362 2879 4431 injustas
2895 4375 3035 4430 opes
3066 4356 3271 4428 rapina
3299 4353 3748 4426 etvicolligunt,

2097 4457 2276 4512 vineae
2327 4451 2595 4509 incendio
2626 4465 2864 4506 causam
2921 4453 3244 4517 ansamque
3298 4444 3439 4498 dant
3487 4441 3749 4515 exemplo

2097 4559 2436 4619 pravo,qu0
2467 4541 2662 4598 omnis
2691 4537 2866 4594 etiam
2901 4535 3156 4608 populus
3186 4533 3283 4590 alii
3315 4532 3565 4589 aliorum
3596 4535 3752 4589 bona

2017 4657 2064 4722 ο
2096 4636 2504 4709 prmfectorum
2559 4628 2888 4685 imitatione
2945 4623 3360 4696 concupiscere
3408 4623 3749 4679 edocenter.

2100 4724 2372 4783 Seniores
2402 4721 2580 4794 igitur
2608 4734 2674 4776 ac
2705 4713 3142 4791 principes,qui
3176 4729 3278 4786 per
3308 4727 3516 4770 sanam
3535 4713 3750 4774 doctri-

2097 4960 2266 5026 illud,
2297 4955 2424 5032 ἀλλ’
2455 4955 2544 5032 ἐπὶ
2572 4959 2652 5028 τῷ
2701 4950 2992 5029 διακρῖναι,
3024 4954 3144 5032 sive
3193 4950 3558 5032 διακριθῆναι,
3594 4952 3659 5032 ut
3691 4948 3748 5032 in

2097 5021 2261 5090 Colbl
2294 5030 2503 5101 primo,
2534 5021 2637 5099 ita;
2666 5021 2870 5084 Ducaeo
2918 5021 3085 5095 teste,
3119 5027 3178 5081 in
3210 5021 3560 5080 Hexiriciano
3591 5021 3748 5077 desi-

2096 5107 2550 5248 defﬁafiilkntiqui
2597 5175 2718 5227 tres
2766 5169 2923 5241 libri,
2954 5168 3043 5248 τρν
3096 5164 3396 5239 ἀμπελῶνά
3428 5183 3555 5248 μου,
3595 5163 3750 5248 inju-

2097 5235 2187 5304 rid
2215 5235 2448 5340 (zz/Scitis
2469 5235 2692 5301 'vineam
2721 5235 2920 5300 meam;
2954 5241 3086 5298 Mox
3116 5235 3260 5297 mss.
3285 5235 3579 5308 nonnulli,
3612 5235 3749 5291 ἀπο-

2095 5330 2446 5396 κρινούμεθα.
3123 5384 3155 5394 η

2167 5394 2280 5465 (59)
2311 5390 2462 5465 Editi
2493 5391 2550 5465 et
2582 5390 2900 5465 tres_mss.,
2931 5381 3014 5439 τό.
3047 5383 3158 5465 gilii
3188 5388 3328 5450 tres,
3357 5383 3458 5465 τῷτ
3600 5449 3639 5465 υ

2166 5451 2279 5536 ζου)
2311 5463 2485 5536 Editi,
2518 5459 2553 5527 ἢ
2586 5459 2671 5536 te.
2705 5458 2821 5536 Nec
2859 5451 3282 5536 emendatipres
3325 5451 3466 5536 sunt
3513 5451 3742 5536 codices

2096 5523 2235 5604 tres,
2263 5523 2327 5591 [in
2362 5523 2601 5608 quibus
2631 5529 2864 5608 legitur,
2899 5525 3028 5608 είτα·
3065 5529 3185 5608 sed.
3219 5528 3276 5608 in
3328 5526 3480 5608 aliis
3513 5523 3744 5608 duobus

2094 5595 2403 5664 emendate
2432 5595 2716 5674 scriptum
2758 5595 3107 5666 invenimus,
3135 5595 3188 5674 εἰ
3217 5599 3301 5674 tot.
3336 5596 3548 5674 {Statim
3572 5595 3741 5674 ‘edlti‘,

2123 5662 2366 5760 npdvigai
2413 5662 2642 5750 ἀτερπῆ.
2691 5674 2764 5727 At
2821 5675 3065 5740 uterque
3095 5662 3398 5738 'Gombet‘"
3459 5665 3597 5741 ξηρὰ
3650 5662 3740 5718 καὶ

2127 5770 2307 5826 πρεπῃ
2319 5792 2331 5810 .
