4130 6386
341 357 465 416 815

1295 357 1690 420 APPENDlX
1730 359 2060 422 OPERUM
2102 358 2167 420 S.
2211 358 2496 420 BASILII
2539 358 2815 420 MAGNI.

3642 353 3762 412 316

348 504 487 546 nam
519 505 585 546 ac
615 505 720 562 per
761 489 916 546 bona
951 490 1081 548 vitae
1113 491 1348 563 privata:
1402 491 1668 564 exempla
1724 509 1841 549 non
1893 508 1990 549 ex-

2133 488 2570 568 ςοτριϐουμινου.
2630 484 2988 566 Πρεσϐύτεροι
3021 488 3113 543 οὗν
3143 487 3235 545 καὶ
3265 484 3542 564 ἄρχοντες,
3593 485 3645 541 οἰ
3682 486 3758 558 μὴ

351 579 603 635 colimus
650 580 899 647 vineam,
933 580 1140 636 horum
1187 581 1615 637 accusabimur.
1653 583 1768 639 Nec
1799 583 2004 638 imme-

351 670 465 724 rito
493 685 706 725 sumus
763 670 1018 725 audituri
1065 670 1207 726 illud
1243 687 1255 726 :
1291 674 1354 728 ιιι
1401 673 1603 743 rapina
1648 675 1914 745 pauperis
1943 675 2002 728 in

352 757 606 814 domibus
652 760 874 822 vestris;
905 762 951 814 si
985 777 1109 830 quae
1141 777 1421 817 concessa
1477 768 1618 818 sunt
1676 779 2000 835 pauperum

353 846 840 902 sublevandorum
897 863 1110 917 causa,
1169 849 1329 906 domi
1387 850 1765 924 retineamus,
1825 857 2003 924 atque

356 935 678 1014 spoliemus
708 935 1057 1014 indigentes.

426 1212 547 1267 122.
581 1209 759 1267 Vens.
795 1210 880 1266 15.
917 1210 1059 1279 Quid
1088 1227 1182 1267 vos
1225 1213 1437 1284 injuria
1483 1212 1710 1282 afﬁcitis
1734 1212 2002 1283 populum

353 1320 562 1369 meum,
593 1306 648 1358 et
675 1302 890 1357 vultum
917 1319 1223 1374 pauperum
1249 1306 1628 1374 confunditis?
1656 1304 1901 1374 MosZest
1929 1301 2002 1356 iis

354 1395 458 1466 qui
490 1393 771 1464 injuriam
805 1392 1085 1463 inferunt,
1118 1397 1175 1448 et
1203 1393 1584 1465 spoliant,ut,
1617 1409 1751 1448 cum
1783 1410 1816 1448 a
1847 1391 2002 1447 laesis

354 1481 823 1555 expostulantur,
858 1481 1230 1538 contumeliis
1272 1487 1328 1538 et
1370 1483 1644 1538 conviciis
1675 1483 1836 1555 ipsos
1864 1499 2002 1538 con-

355 1572 636 1640 fundant,
695 1571 1117 1642 vilipendentes
1173 1589 1240 1628 ac
1295 1571 1499 1644 plagas
1554 1573 2004 1642 comminantes,

355 1675 572 1732 eosque
629 1663 913 1731 tanquam
971 1660 1240 1732 litigandi
1299 1661 1544 1732 cupidos
1603 1663 2001 1718 traducentes.

357 1752 564 1823 Itaque
603 1766 717 1804 non
751 1749 941 1805 solum
987 1750 1089 1820 ait,
1121 1750 1344 1820 Injuria
1388 1752 1623 1807 efﬁcitis
1667 1767 2006 1825 pauperem,

2113 578 2203 636 διὰ
2247 588 2348 652 τῆς
2399 580 2745 656 ὑγιαινούσης
2791 576 3143 641 διδασκαλίας
3192 578 3280 632 καὶ
3331 581 3439 631 τῶν
3491 575 3630 631 κατὰ
3668 574 3764 630 τὸν

2113 668 2252 727 ἴδιον
2333 670 2448 747 βίον
2526 672 2738 746 ἀγαθῶν
2817 666 3225 744 ὑποδειγμάτων
3299 667 3391 722 τὸν
3459 663 3764 740 ἀμπελῶνα

2110 765 2495 838 γεωργοῦντες,
2544 763 2710 815 ταῦτα
2761 757 3234 834 ἰγκληθησόμεθα·
3298 754 3538 832 εὐλόγως
3585 751 3644 810 δὶ
3670 756 3760 809 καὶ

2111 850 2457 924 ἀκουσόμεθα
2510 851 2594 918 τὸ,
2653 847 2748 903 Καὶ
2807 851 2843 918 ἡ
2908 849 3122 923 ἀρπαγή
3178 851 3274 902 τοῦ
3300 849 3530 920 πτωχοῦ
3570 843 3620 899 ἐν
3647 849 3766 906 τοῖς

2113 938 2284 1002 οἷόιοις
2341 941 2514 1013 ὑμῶν,
2569 939 2655 994 ἐὰν
2704 938 2771 992 τὰ
2821 937 2897 999 εἰς
2949 937 3110 1012 λόγον
3141 943 3239 1006 τῆς
3275 933 3622 996 ἀναπαύσεως
3654 938 3763 988 τῶν

2109 1031 2357 1100 πενήτων
2384 1027 2662 1102 διδόμενα,
2692 1026 2744 1082 ἐν
2770 1032 2888 1090 τοῖς
2923 1023 3093 1089 οἷ’κοις
3123 1023 3366 1102 ἔχωμεν,
3398 1025 3759 1100 ἀποστεροῦν-

2109 1143 2196 1185 τες
2225 1120 2354 1186 τοὺς
2382 1119 2599 1183 ἐνδεεῖς.

2179 1214 2306 1273 122.
2367 1209 2436 1267 Τί
2490 1210 2644 1282 ὑμεῖς
2700 1205 2935 1264 ἀδικεῖτε
2989 1206 3079 1262 τὸν
3140 1204 3273 1262 λαόν
3334 1227 3477 1278 μου,
3553 1203 3644 1260 καὶ
3699 1204 3764 1260 τὸ

2110 1301 2403 1378 πρόσωπον
2453 1303 2561 1354 τῶν
2622 1303 2863 1374 πτωχῶν
2920 1295 3345 1371 καταισχύνετες
3426 1296 3588 1357 ’Ἐθος
3644 1299 3764 1356 τοῖς

2112 1389 2359 1447 ἀδικοῦσι
2415 1389 2505 1445 καὶ
2564 1390 2975 1462 ἀποστεροῦσιν,
3010 1384 3224 1441 ἐπειδᾶν
3256 1383 3591 1462 ἐγκαλῶνται
3629 1383 3768 1460 παρά

2110 1486 2218 1537 τῶν
2251 1477 2624 1552 ἠδικημένων,
2684 1473 2869 1552 ὕϐρεσι
2924 1477 3011 1532 καὶ
3047 1472 3354 1550 λοιδορίαις
3385 1472 3764 1549 καταισχύνειν

2114 1571 2311 1635 αὐτοὺς
2351 1568 2790 1642 ἂξευτελίζοντες,
2837 1567 2928 1624 καὶ
2977 1566 3195 1642 πληγὰς
3243 1565 3615 1634 ἀπειλοῦντες,
3673 1565 3768 1620 καὶ

2116 1662 2193 1725 ὡς
2243 1660 2695 1738 φιλοπράγμονας
2757 1652 3167 1718 διαϐάλλοντες.
3199 1655 3277 1714 Οὐ
3339 1655 3502 1729 μόνον
3536 1655 3627 1709 οὗν
3662 1676 3770 1729 φη-

2119 1774 2223 1824 σιν,
2283 1749 2549 1808 Ἀδικεῖτε
2601 1750 2694 1805 τὸν
2754 1748 2981 1818 πένητα,
3042 1743 3428 1822 εύδιάρπαοτον
3479 1739 3628 1817 ὄντα,
3678 1765 3769 1798 και

361 1839 464 1912 qui
495 1837 664 1894 facile
719 1843 909 1909 potest
961 1838 1223 1911 spoliari,
1255 1841 1468 1914 cuique
1521 1845 1720 1914 utpote
1772 1840 2010 1898 auxiliis

2133 1835 2592 1909 εὐεπιὸούλευτον,
2652 1836 2742 1894 διὰ
2768 1839 2867 1908 τὴν
2909 1835 3163 1913 ἐρημίαν·
3215 1833 3361 1946 ἀλλὰ
3401 1835 3513 1946 καὶ,
3573 1841 3770 1890 Καται-

362 1929 646 1987 destituto
675 1927 831 1985 haud
863 1929 1180 1987 difﬁculter
1221 1936 1505 2002 parantur
1546 1932 1792 2000 insidiis,
1824 1933 1928 1989 sed
1957 1939 2014 1989 et

2133 1931 2344 2008 ιχύνετε
2394 1930 2462 1986 τὰ
2485 1929 2754 2006 πρόσωπα
2781 1932 2890 1984 τῶν
2940 1931 3204 2003 πτωχῶν.
3238 1926 3354 1994 Τὴν
3420 1926 3547 1997 ὑμῖν
3599 1944 3770 1996 προσ-

366 2019 606 2075 additur
636 2035 650 2074 :
682 2019 1054 2075 Confunditis
1093 2019 1293 2077 vultus
1342 2037 1686 2094 pauperum.
1720 2023 2012 2080 Pudorem

365 2124 482 2181 quo
525 2125 595 2164 ex
642 2107 809 2164 illata
863 2107 1082 2180 injuria
1133 2110 1288 2167 affici
1317 2111 1674 2181 debueratis,
1703 2111 2015 2186 tyrannide

363 2202 558 2256 vestra
600 2198 661 2255 in
693 2214 983 2270 pauperes
1013 2200 1351 2258 refunditis.
1382 2201 1785 2260 Suhornantes
1814 2206 2012 2270 testes,

365 2288 634 2345 mercede
663 2287 990 2344 conducitis
1027 2293 1326 2361 patronos,
1355 2293 1736 2365 corrumpitis
1757 2291 2014 2364 judices,

365 2378 550 2434 donec
580 2380 789 2448 praeter
809 2375 1096 2449 reliquam
1125 2378 1493 2451 iniquitatem
1519 2382 1804 2454 pudorem
1835 2381 2012 2437 etiam

364 2484 430 2524 ex
463 2465 845 2540 sycophantia
881 2471 1076 2522 ortum
1117 2467 1176 2523 in
1233 2485 1519 2540 pauperes
1567 2471 2012 2528 transtuleritis.

364 2557 474 2613 Sed
509 2560 569 2612 at
605 2555 753 2612 alias
796 2555 1152 2614 incurrimus
1199 2558 1260 2614 in
1310 2560 1551 2629 crimen,
1585 2577 1720 2616 cum
1750 2561 2019 2633 oblparia

367 2644 582 2702 delicta
630 2661 917 2717 paupere
961 2647 1174 2703 acriter
1215 2647 1564 2706 lacessimus
1599 2667 1612 2706 :
1645 2651 1747 2722 qui
1793 2651 2019 2707 scilicet

369 2735 689 2808 prodamus
719 2735 874 2792 464
900 2736 1140 2807 quidem
1172 2753 1373 2794 eorum
1410 2748 1662 2811 peccata,
1691 2741 2018 2812 probroque

368 2825 526 2881 omni
581 2823 869 2894 adhibito,
904 2827 1120 2897 Deique
1147 2827 1270 2884 zelo
1314 2828 1373 2882 in
1421 2845 1707 2900 pauperes
1760 2835 2018 2896 ostenso,

368 2912 478 2970 hoc
509 2919 678 2986 pacto
701 2913 898 2970 vultus
929 2915 1192 2988 ipsorum
1227 2917 1681 2976 confundamus.
1715 2919 1862 2984 Quia
1884 2937 2019 2976 vero

370 3002 640 3059 nonnulli
696 3020 984 3077 pauperes
1022 3006 1299 3062 dicuntur
1349 3008 1503 3064 beati
1529 3009 1594 3080 ⁸ο,
1629 3011 1730 3081 qui
1786 3009 2021 3082 pietatis

369 3108 551 3149 causa
607 3093 902 3166 aspernati
954 3101 1095 3151 sunt
1145 3097 1364 3165 omnia,
1398 3103 1576 3171 atque
1632 3099 2021 3172 acquirenda-

371 3199 505 3240 rum
544 3181 646 3240 Dei
698 3183 1036 3241 divitiarum
1087 3202 1192 3259 spe
1246 3189 1462 3255 educti,
1495 3190 1825 3246 mundanas
1880 3205 2022 3263 opes

372 3271 543 3330 nihili
601 3272 1002 3344 aestimarunt;
1047 3257 1284 3348 quando
1321 3277 1362 3332 ii
1394 3280 1496 3351 qui
1553 3279 1706 3337 male
1760 3257 2024 3353 prmsunt
2051 3257 2098 3325 θ

373 3361 614 3435 populo,
633 3378 768 3418 cum
792 3362 1134 3434 hujusmodi
1166 3383 1452 3440 pauperes
1477 3369 1680 3426 beatos
1711 3370 2027 3442 pradicare

375 3451 742 3521 debuissent,
781 3469 882 3509 eos
927 3454 1386 3528 calumniantur,
1417 3458 1923 3531 vilipenduntque,
1971 3464 2028 3514 et

375 3541 906 3599 commendabilem
959 3559 1161 3600 eorum
1216 3545 1610 3603 humilitatem
1662 3548 2027 3621 contemptui

376 3631 619 3695 habent,
651 3636 777 3686 tum
810 3633 1019 3688 merito
1049 3635 1458 3708 objurgantur,
1479 3637 1732 3694 maxime
1762 3639 1812 3694 si
1842 3637 2032 3694 senio-

378 3737 472 3778 res
504 3721 628 3777 sint
656 3725 758 3776 aut
784 3721 1099 3795 principes,
1117 3724 1405 3796 siquidem
1438 3733 1777 3784 sanctorum
1812 3743 2030 3800 paupe-

379 3825 516 3866 rum
546 3809 808 3866 vultibus
835 3811 1132 3869 incutiunt
1159 3815 1460 3887 pudorem.
1487 3816 1744 3872 Joannes
1773 3821 1898 3873 erat
1925 3816 2032 3871 hu-

372 3899 645 3972 jusmodi
663 3916 901 3973 pauper,
921 3902 1162 3959 domum
1183 3921 1299 3962 non
1317 3905 1563 3974 habens,
1584 3923 1698 3963 non
1717 3905 2030 3977 famulum,

383 4005 502 4046 non
541 3989 745 4047 bovem
793 3997 1104 4061 aratorem,
1135 4011 1250 4050 non
1303 3995 1580 4068 agellum,
1613 4013 1731 4052 non
1786 3995 2030 4066 lectum,

384 4095 501 4136 non
534 4094 768 4152 panem.
801 4081 960 4137 Talis
990 4082 1148 4138 Elias
1187 4089 1331 4140 erat.
1365 4085 1667 4156 Ejusmodi
1696 4090 1866 4143 erant
1897 4103 2032 4142 san-

382 4168 462 4225 cti
503 4185 729 4239 omnes,
763 4171 862 4242 qui
911 4171 1261 4229 Circuierunt
1307 4175 1369 4230 in
1413 4175 1646 4244 metatis,
1679 4177 1739 4232 in
1786 4175 2033 4248 pellibus

381 4260 649 4332 caprinis.
684 4265 912 4330 egentes,
944 4264 1280 4332 angustiati,
1310 4264 1516 4337 afflicti
1534 4265 1596 4320 ω.

456 4349 580 4405 123.
613 4349 1192 4422 νειιε.16,17.Ηέεο
1239 4353 1374 4408 dicit
1427 4355 1695 4410 Dominus
1742 4373 1762 4412 :
1810 4360 1919 4413 Pro
1974 4373 2036 4414 eo

385 4438 526 4510 quod
553 4439 780 4496 elevatae
807 4445 937 4496 sunt
972 4442 1113 4514 ﬁliae
1137 4443 1291 4511 Sion,
1323 4447 1376 4499 et
1401 4444 1834 4504 ambulaverunt
1863 4449 2037 4504 erecto

385 4527 545 4597 collo,
577 4534 632 4584 et
659 4529 716 4584 in
747 4531 976 4586 nutibus
1003 4532 1313 4600 oculorum,
1346 4536 1397 4589 et
1423 4550 1616 4605 gressu
1641 4535 1840 4607 pedum
1869 4537 2039 4593 simul

2120 2027 2359 2096 ήκουσαν
2421 2022 2480 2078 ἐκ
2535 2028 2634 2090 τῆς
2692 2018 2904 2082 ἀδικίας
2939 2018 3244 2094 αἰσχύνην,
3296 2016 3498 2086 ταύτην
3556 2014 3616 2072 ἐκ
3669 2023 3769 2084 τῆς

2119 2110 2436 2190 τυραννίδος
2487 2113 2638 2185 ὑμῶν
2687 2115 2806 2173 τοῖς
2853 2114 3101 2184 πτωχοῖς
3157 2107 3528 2182 περιτρεπετε,
3565 2106 3768 2180 μάρτυ-

2125 2225 2219 2281 ρας
2307 2201 2706 2272 ἀναπείθοντες,
2779 2199 3112 2274 συνηγόρους
3191 2195 3571 2270 μισθούμενοι,
3645 2195 3773 2256 τοὺς

2125 2292 2441 2364 δικάζοντας
2495 2287 2941 2366 παραπείθοντες,
3005 2283 3108 2348 ἓως
3167 2283 3226 2340 ἂν
3283 2287 3420 2362 πρὸς
3472 2288 3542 2359 τῇ
3601 2283 3771 2358 λοιπῇ

2125 2381 2309 2454 ἀδικίᾳ
2357 2381 2448 2438 καὶ
2500 2381 2600 2449 τὴν
2650 2377 2710 2434 ἐκ
2758 2385 2857 2447 τῆς
2910 2375 3266 2451 συκοφαντίας
3331 2373 3600 2450 αἰσχύνην
3659 2378 3769 2435 τοῖς

2123 2473 2316 2544 πὲνησι
2373 2471 2762 2546 περιστήσητε.
2794 2466 3005 2522 Γίνεται
3045 2463 3103 2520 δὲ
3146 2464 3236 2519 καὶ
3270 2461 3460 2527 ἄλλως
3509 2462 3770 2538 ήμᾶτερον

2122 2565 2185 2621 τὸ
2241 2561 2516 2640 ἔγκλημα,
2567 2558 2693 2614 ὅταν
2726 2557 2779 2612 ἐν
2809 2561 2931 2619 τοῖς
2963 2556 3181 2629 ὁμοίοις
3207 2552 3510 2640 πταίσμασι
3538 2557 3644 2608 τῶν
3685 2553 3776 2624 μὶν

2125 2639 2372 2724 πενήτων
2426 2647 2676 2729 σφοδρῶς
2725 2646 3126 2718 καθαπτώμεθα
3176 2646 3306 2716 (61),
3353 2639 3776 2715 δημοσιεύοντες

2132 2745 2225 2817 μὶν
2257 2742 2431 2797 αὐτῶν
2459 2739 2527 2795 τὰ
2565 2738 2900 2810 πταίσματα,
2948 2735 3038 2790 καὶ
3092 2731 3323 2808 μηδενὸς
3371 2729 3616 2794 ὀνείδους
3665 2752 3794 2809 (ρει-ν

2129 2832 2374 2907 δόμενοι,
2409 2825 2896 2900 ἰνεπιδεικνύμενοι
2931 2822 2988 2880 δὲ
3015 2825 3107 2879 τὸν
3137 2827 3234 2878 τοῦ
3261 2826 3394 2878 Θεοῦ
3447 2819 3616 2892 ζῆλον
3664 2827 3781 2883 τοῖς

2127 2923 2346 2994 πένησι,
2377 2919 2468 2975 καί
2499 2917 2559 2974 ἑκ
2585 2916 2782 2973 τούτου
2820 2916 2887 2970 τὰ
2933 2913 3203 2990 πρόσωπα
3249 2911 3426 2966 αὐτῶν
3475 2908 3783 2986 καταισχύ-

2127 3032 2328 3074 νοντες.
2379 3007 2528 3067 Ἐπεὶ
2562 3005 2620 3063 δι
2658 3005 2761 3061 εῗσί
2789 3025 2933 3066 τινες
2963 3001 3181 3080 πτωχοὶ
3218 2999 3662 3076 μακαριζόμενοι,
3723 2999 3776 3053 οἱ

2131 3101 2221 3160 διὰ
2277 3101 2378 3168 τὴν
2440 3090 2742 3152 θεοσέϐειαν
2820 3094 3035 3148 πάντων
3105 3091 3625 3169 καταφρονήσαντες,
3682 3088 3775 3144 καὶ

2129 3191 2212 3249 ἀπ’
2270 3185 2452 3246 ἐλπίδι
2481 3191 2578 3244 τοῦ
2628 3186 2765 3242 κατὰ
2795 3185 2922 3240 Θεὸν
2950 3181 3218 3251 πλούτου,
3247 3187 3350 3250 τῆς
3386 3181 3655 3252 κοσμικῆς
3683 3198 3781 3234 πε-

2133 3281 2377 3360 ριουσίας
2409 3275 2776 3352 ὑπεριδόντες,
2831 3275 2882 3329 οἰ
2907 3277 3090 3335 κακῶς
3129 3275 3468 3348 προεστῶτες
3495 3273 3592 3325 τοῦ
3622 3266 3782 3360 λαοῦ,

2133 3355 2251 3426 ἀντὶ
2296 3373 2394 3425 τοῦ
2451 3366 2759 3442 μακαρίζειν
2808 3363 2934 3426 τοὺς
3003 3362 3146 3418 οὕτω
3202 3361 3609 3437 πτωχεύοντας,
3668 3355 3789 3412 δια-

2135 3456 2458 3526 ϐάλλοντες,
2533 3456 2625 3511 καὶ
2701 3453 3118 3527 ἐξουθενοῦντες,
3191 3450 3283 3506 καί
3338 3451 3438 3519 τήν
3499 3448 3782 3516 ιπαινετὴν

2138 3549 2314 3606 αὑτῶν
2404 3543 2907 3623 ταπεινοφροσύνην
3003 3539 3462 3613 ἑξευτελίζοντες,
3563 3536 3781 3598 εἰκότως

2138 3634 2514 3716 ἐγκαλοῦνταιο
2580 3633 2815 3709 μάλιστα
2866 3632 2956 3688 ἐὰν
3011 3627 3366 3708 πρεσϐύτεροι
3420 3629 3552 3684 ὧσιν
3606 3628 3641 3697 ἢ
3675 3627 3782 3699 (62)

2139 3729 2423 3803 ἄρχοντες,
2483 3725 2557 3787 ὡς
2609 3724 2677 3778 τὰ
2731 3723 3000 3798 πρόσωπα
3048 3725 3157 3776 τῶν
3191 3719 3358 3796 ἁγίων
3391 3723 3633 3794 πτωχῶν
3660 3737 3788 3772 κατ-

2140 3815 2508 3893 αισχύνοντας.
2537 3815 2762 3876 Ὁποῖος
2793 3812 2860 3882 ἦν
2891 3811 3118 3887 πτωχὸς
3171 3808 3450 3881 Ἰωάννης,
3505 3808 3581 3881 μὴ
3637 3807 3783 3862 οἶκον

2140 3904 2307 3983 ἔχων,
2366 3905 2442 3979 μὴ
2473 3903 2720 3974 οἰκέτην,
2755 3902 2831 3975 μὴ
2866 3903 2998 3977 βοῦν
3058 3901 3318 3976 ἀροτῆρα,
3354 3899 3430 3972 μὴ
3457 3895 3672 3975 γήδιον,
3708 3896 3786 3969 μή

2139 3994 2353 4066 κλίνην,
2418 3996 2494 4068 μὴ
2552 3994 2843 4069 τράπεζαν,
2917 3991 2994 4065 μὴ
3051 3987 3234 4065 ἄρτον.
3295 3991 3519 4051 Ὀποῖος
3576 3983 3789 4047 Ἠλίας.

2139 4086 2366 4148 Ὀποῖος
2412 4089 2523 4139 τῶν
2585 4082 2751 4158 ἁγίων
2781 4077 3028 4149 ἕκαστος,
3081 4078 3135 4136 οτί
3163 4077 3474 4156 Περι-’ἦλθον
3503 4077 3555 4132 ιν
3591 4076 3794 4150 μηλω-

2139 4180 2280 4246 ταῖς,
2314 4173 2366 4230 tv
2397 4171 2624 4250 αἰγείοις
2654 4169 2935 4249 δέρμασιν,
2990 4171 3398 4247 ὑστερούμενοι,
3447 4161 3793 4240 θλιϐόμενοι,

2139 4263 2420 4340 κακουχού
2429 4282 2602 4337 μενοι.

2216 4356 2341 4411 123.
2401 4349 2544 4409 Τάδε
2603 4350 2744 4426 λέγει
2803 4349 3030 4426 Κύριος·
3086 4349 3234 4412 Ἀνθ’
3293 4348 3366 4402 ῶν
3400 4347 3692 4421 ὑψώθησαν
3740 4345 3796 4399 αἱ

2146 4443 2436 4519 θυγατέρες
2515 4441 2681 4513 Σιὼν,
2753 4439 2844 4496 καὶ
2894 4439 3264 4514 ἐπορεύθησαν
3327 4435 3528 4512 ὑψηλῷ
3582 4435 3797 4513 τραχή.

2146 4535 2254 4607 λῳ,
2312 4533 2402 4588 καὶ
2483 4530 2534 4588 ιν
2607 4529 2865 4605 νεύμασιν
2930 4528 3251 4608 ὀφθαλμῶν,
3317 4528 3408 4583 καὶ
3479 4525 3548 4602 τῇ
3602 4523 3799 4600 πορείᾳ

385 4616 671 4675 trahentes
699 4620 944 4691 tunicas,
977 4630 1030 4678 et
1053 4621 1282 4694 pedibus
1307 4624 1484 4679 simul
1525 4625 1773 4682 ludentes
1803 4645 1822 4682 :
1849 4631 1905 4683 et
1933 4627 2022 4682 hu-

2144 4627 2254 4680 τῶν
2308 4619 2492 4678 ποδῶν
2551 4621 2665 4696 ἅμα
2721 4619 2976 4697 σύρουσαι
3033 4620 3160 4681 τοὺς
3218 4623 3478 4693 χιτῶνας,
3535 4615 3624 4671 καί
3680 4620 3798 4678 τοῖς

385 4708 639 4765 miliabit
666 4710 809 4766 Deus
833 4711 1112 4784 principes
1139 4710 1295 4781 ﬁlias
1312 4713 1468 4770 Sion.
1487 4715 1608 4771 Etsi
1631 4715 1806 4772 verba
1833 4715 2022 4772 isthic:

2146 4712 2306 4770 ποσὶν
2387 4713 2502 4787 ἅμα
2573 4710 2906 4781 παίζουσαι·

387 4812 480 4867 res
501 4799 814 4871 quaepiam
840 4800 1080 4872 majoris
1104 4802 1387 4858 momenti
1411 4803 1785 4876 potissimum
1820 4804 2042 4878 signiﬁ-

390 4890 760 4954 cant,tamen
779 4903 906 4960 que
926 4889 1544 4958 dicuntur,continent
1559 4893 1734 4951 etiam
1751 4895 1812 4950 in
1831 4893 2044 4967 seipsis

391 4975 673 5048 quiddam
707 4976 938 5048 populis
968 4978 1128 5043 utile,
1148 4984 1205 5036 et
1247 4982 1512 5038 moribus
1555 4984 1917 5056 corrigendis
1947 4999 2043 5040 ac-

392 5065 793 5122 commodum.
815 5067 1130 5125 Retrenant
1153 5069 1307 5126 enim
1346 5071 1660 5128 mulierum
1691 5073 2044 5130 lascivarum

390 5155 731 5226 vitam,qu¢s
751 5155 976 5226 habitu,
995 5164 1260 5231 aspectu,
1274 5161 1508 5217 incessu
1523 5163 1863 5236 amictuque
1876 5181 2045 5220 suam

395 5245 468 5300 ad
501 5247 776 5318 stuprum
807 5248 1228 5319 proclivitatem
1277 5253 1554 5324 produnt,
1585 5257 1730 5309 Cum
1781 5254 1937 5311 enim
1973 5255 2046 5312 ob

464 5419 510 5456 ⁸ο
541 5419 746 5477 Matth.
776 5439 834 5492 ν,
865 5423 918 5479 3.
995 5424 1042 5460 ⁸ο
1070 5424 1247 5484 Hebr.
1275 5443 1355 5498 xx,
1387 5425 1477 5482 37.

465 5577 577 5663 ςθί)
607 5577 845 5663 νριθγοε
886 5578 1112 5663 aliquot
1148 5581 1304 5650 libri,
1336 5577 1591 5663 σφοδρῶς
1618 5583 2040 5663 καθαπτώμεθα.

394 5649 618 5730 Ibidem
641 5652 778 5730 Reg.
793 5649 1062 5730 quartus,
1085 5649 1506 5730 δημοσιεύοντες
1531 5654 1647 5729 μιν.
1667 5657 1842 5716 Deest
1864 5649 1956 5730 μέν
1983 5658 2043 5714 in

395 5722 570 5781 editis
598 5727 660 5782 et
692 5722 751 5782 in
782 5722 917 5784 aliis
946 5741 1092 5786 mss.
1125 5722 1388 5788 Subinde
1426 5722 1583 5790 idem
1613 5731 1815 5803 codex,
1839 5722 2043 5788 {nitu-

3001 4709 3092 4765 καὶ
3164 4707 3485 4763 ταπεινώσει
3561 4707 3591 4761 6
3665 4703 3796 4766 Θεὸς

2149 4802 2425 4881 ἀρχούσας
2500 4800 2794 4878 θυγατέρας
2873 4798 3040 4858 Σιών.
3114 4798 3179 4856 Εἰ
3253 4797 3345 4853 καὶ
3407 4795 3629 4881 μείζονά
3677 4814 3801 4850 τινα

2150 4880 2580 4970 προηγουμάνως
2611 4889 2856 4970 ἐμφαίνει
2911 4890 2940 4944 δ
2987 4887 3174 4965 λόγος,
3211 4886 3338 4944 ἀλλ’
3387 4885 3541 4962 ὅμως
3587 4880 3702 4962 ἕχει
3745 4904 3800 4940 τι

2151 4985 2240 5040 καὶ
2302 4981 2522 5048 αύτόθεν
2579 4986 2696 5044 τοῖς
2727 4979 2962 5051 πλήθεσι
3005 4980 3287 5056 χρήσιμον
3336 4975 3426 5032 καὶ
3458 4975 3804 5052 δπιστρεπτι-

2153 5072 2247 5130 κὸν
2275 5072 2342 5128 τὰ
2371 5072 2660 5150 λεγόμενα.
2695 5068 2990 5126 Συστὲλλει
3020 5068 3124 5146 γὰρ
3173 5067 3491 5124 ἀκολάστων
3537 5067 3806 5142 γυναικῶν

2154 5165 2255 5234 τὴν
2307 5164 2480 5233 ζωὴν,
2536 5161 2628 5216 καὶ
2679 5163 2948 5236 σχήματι,
3006 5159 3092 5214 καὶ
3153 5156 3453 5234 βλέμματι,
3509 5155 3598 5211 καὶ
3656 5151 3812 5232 βαδί-

2159 5274 2348 5328 σματι,
2389 5253 2476 5308 καὶ
2513 5249 2685 5326 στολῇ
2725 5252 2822 5322 τὴν
2878 5250 3015 5327 πρὸς
3072 5246 3325 5325 πορνείαν
3386 5244 3640 5303 εὐκολίαν
3697 5242 3816 5300 ἐπι-

2153 5583 2413 5651 κνύμενοι
2437 5579 2511 5640 δέ.
2532 5583 2684 5641 Editi
2702 5599 2839 5640 vero
2861 5586 2919 5640 et
2937 5580 3038 5639 alii
3063 5596 3230 5651 ωσι,
3249 5575 3810 5651 ἕπιδεικνύμενοιμὲν.

2154 5648 2609 5790 ωὲιεξῆζξτοιοιυοε
2657 5657 2916 5730 quinque
2964 5653 3120 5725 libri,
3152 5648 3210 5724 ἥ.
3242 5653 3399 5711 Editi
3424 5656 3484 5712 et
3512 5648 3651 5726 Reg.
3688 5648 3813 5725 pri-

2296 5772 2312 5804 ,
2341 5772 2417 5791 vv.
