4130 6378
349 361 467 419 317

1167 357 1576 420 ΟΟΜΜΕΝΤ.
1624 359 1698 418 ΙΝ
1746 357 2021 420 lSAIAM
2062 357 2578 420 PROPHETAM.
2623 359 2798 420 CAP.
2842 358 2948 420 Ill.

3652 357 3775 420 318

346 488 734 564 δεικνυμένων.
766 489 932 547 Ὅταν
980 488 1083 565 γὰρ
1133 485 1220 543 ἐπὶ
1271 491 1350 560 τῷ
1379 485 1577 544 κάλλει
1619 491 1716 542 τοῦ
1748 485 2000 562 σώματος

2138 489 2378 562 iorporis
2401 488 2902 562 pulchritudinem
2921 506 2988 547 ac
3007 489 3358 565 elegantiam
3383 489 3634 546 nimium
3658 489 3773 547 sibi

347 579 860 658 μεγαλοφρονοῦααι
919 578 1277 656 ὑπεραίρωσιν
1346 577 1537 642 ἑαυτὰς
1590 582 1700 633 τῶν
1757 575 1994 647 λοιπῶν,

349 671 569 746 ματαίῳ
646 669 956 746 φρυάγματι
1048 669 1410 744 κεχρημέναι,
1485 668 1574 723 καὶ
1645 667 2004 744 ἐπαιρόμεναι

347 761 632 837 πράγματι
684 761 826 835 ταχὺ
904 760 1230 814 ἀπανθοῦντι
1302 759 1390 813 καὶ
1468 756 1813 834 ἀποῤῥέοντι·
1895 757 2008 814 εἶτα

352 850 568 925 ὑψηλὸν
605 849 699 922 μὶν
748 849 839 904 τὸν
889 845 1174 924 τράχηλον
1229 846 1505 924 φέρουσιν,
1557 848 1691 924 ὑπὲρ
1720 851 1818 902 τοῦ
1847 851 2006 902 πᾶσιν

357 940 534 996 αὐτῶν
593 939 662 994 τὰ
718 938 986 1014 πρόσωπα
1066 938 1198 992 εἶναι
1279 945 1578 1016 καταφανῆ.
1627 937 1689 993 ἸΙ
1759 937 1853 1010 μὲν
1907 936 2010 1014 γὰρ

358 1030 528 1102 σεμνή
583 1029 719 1104 γυνὴ
773 1027 862 1082 καὶ
912 1025 1139 1100 κοσμία,
1191 1024 1266 1089 εἷς
1325 1033 1427 1102 γῆν
1487 1027 1852 1082 κατανεύουσα
1910 1026 2012 1080 ὑπὸ

358 1117 564 1191 αἰδοῦς,
597 1117 685 1174 ἰπὶ
716 1119 779 1173 τὸ
813 1121 924 1192 (63)
974 1117 1126 1173 κάτω
1171 1115 1576 1192 καθελκόμενον
1605 1116 1720 1194 ἔχει
1749 1118 1813 1172 τὸ
1843 1115 2012 1192 πρόσ-

363 1229 538 1264 ωπον·
577 1211 610 1278 ἡ
647 1206 704 1264 δὶ
730 1206 976 1271 πολλοὺς
1015 1208 1269 1284 ἀγρεῦσαι
1319 1212 1389 1282 τῇ
1419 1206 1608 1284 παγίδι
1633 1211 1732 1264 τοῦ
1763 1204 2010 1268 κάλλους

360 1297 799 1374 προαιρουμένῃ,
859 1297 1150 1374 πορεύεται
1212 1295 1412 1372 ὑψηλῷ
1465 1295 1761 1374 τραχήλῳ.
1796 1296 1897 1351 Καὶ
1950 1293 2010 1352 έν

356 1387 614 1460 νεύμασιν
675 1386 997 1466 ὀφθαλμῶν.
1082 1387 1340 1448 Γυναικὸς
1412 1388 1668 1463 πορνείας
1741 1385 2010 1456 πνεούσης

353 1477 418 1532 τὸ
449 1477 832 1554 κατηγόρημα,
886 1477 1146 1552 περίεργα
1206 1475 1426 1553 βλέπειν
1458 1482 1540 1550 τῷ
1584 1475 1878 1556 ὀφθαλμῷ,
1909 1476 2008 1545 τὴν

353 1565 638 1640 ἀσέλγειαν
711 1573 812 1636 τῆς
886 1569 1073 1642 ψυχῆς
1122 1567 1489 1640 καταμηνύειν
1561 1571 1644 1640 τῷ
1705 1565 2008 1643 βλέμματι,

357 1652 667 1728 ἐμμειδιᾷν,
726 1661 844 1718 τοῖς
904 1655 1212 1731 ὀφθαλμοῖς
1273 1655 1526 1732 ἐρεθίζειν
1577 1661 1876 1731 πορνικῶς,
1928 1653 2008 1709 ίόν

353 1764 473 1798 τινα
513 1745 804 1821 φθαρτικὸν
860 1743 1276 1815 ἐξαποστέλλειν
1333 1752 1450 1808 τοῖς
1507 1740 1770 1819 ὄμμασιν·
1819 1745 2009 1801 ὁποῖον

359 1830 426 1904 δή
457 1854 508 1888 τι
559 1832 651 1888 καὶ
705 1835 882 1910 ὁπερὶ
942 1838 1040 1890 τοῦ
1101 1833 1420 1910 βασιλίσκου
1464 1837 1684 1911 κατέχει
1737 1834 1921 1910 λόγος,
1951 1831 2008 1889 δν

357 1942 487 2001 φασι
518 1923 606 1978 καὶ
635 1922 695 1978 ἐκ
722 1924 894 1997 μόνης
921 1930 1022 1994 τῆς
1078 1920 1256 1999 ὅψεως
1290 1922 1616 2004 διαφθείρειν
1647 1924 1775 1988 τοὸς
1797 1921 2012 1990 θεαθέν-

359 2031 475 2074 τας.
527 2012 759 2074 Δικαίως
807 2009 898 2067 οὖν
957 2013 1242 2086 ἀγανακτεῖ
1297 2014 1325 2069 ὑ
1373 2012 1539 2088 λόγος
1594 2013 1730 2070 κατᾶ
1760 2017 1868 2070 τῶν
1917 2033 2019 2070 πο-

357 2102 668 2177 ρευομέτων
722 2099 923 2176 ὑψηλῷ
971 2103 1270 2179 τραχήλῳ·
1329 2103 1629 2174 τουτέστιν,
1686 2103 2017 2180 ἀπερυθρια-

359 2187 544 2264 σμένῳ
599 2192 904 2268 προσώπῳ,
936 2193 1026 2248 καὶ
1084 2193 1135 2248 έν
1186 2193 1442 2266 νεύμασιν
1503 2191 1826 2270 ὀφθαλμῶν.
1855 2193 1930 2250 Τὸ
1962 2189 2020 2247 δὲ

363 2279 575 2355 ὑψηλὸν
605 2286 703 2337 τοῦ
733 2281 1043 2358 τραχήλου,
1078 2280 1278 2358 δεῖγμα
1314 2289 1413 2340 τοῦ
1466 2282 1606 2358 μηδὲ
1633 2289 1713 2357 τῷ
1747 2284 1890 2361 ζυγῷ
1919 2289 2018 2352 τῆς

365 2369 718 2447 σωφροσύνης
770 2371 1107 2437 ὑποκεῖσθαι·
1159 2367 1526 2450 ἁϐρυνογένης
1582 2371 1640 2428 δὲ
1685 2372 1776 2429 καὶ
1805 2368 2019 2448 χλιδώ-

368 2481 489 2531 σης,
522 2461 610 2515 τὸν
643 2462 855 2538 χιτῶνα
906 2461 1306 2540 έπισυρομένην
1362 2461 1625 2540 βαδίζειν,
1665 2463 1756 2519 καὶ
1811 2464 1875 2518 τὸ
1929 2459 2023 2537 βά-

369 2545 537 2622 δισμα
569 2551 645 2622 μὴ
698 2550 834 2605 κατὰ
878 2550 1031 2629 φύσιν
1093 2554 1388 2622 ποιεῖσθαι,
1440 2550 1586 2608 ἀλλὰ
1633 2553 1770 2628 πρὸς
1816 2551 2018 2628 ῥυθμὸν

368 2637 574 2711 ἐκμελῆ
617 2637 1096 2713 ἐπιτετηδευμένον
1155 2639 1416 2706 ἐκλότως.
1472 2642 1625 2698 Ἀντὶ
1683 2641 1773 2696 οὖν
1811 2641 2018 2697 τούτων

367 2729 700 2785 Ταπεινώσει
787 2731 815 2785 ὁ
903 2731 1031 2793 Θεὸς
1107 2729 1384 2808 ἀρχούσας
1462 2733 1757 2808 θυγατέρας
1834 2738 2019 2787 Σιών.

363 2815 596 2888 Ἐπειδὴ
630 2819 891 2882 ἑκουσίως
923 2821 984 2875 τὸ
1031 2820 1282 2876 ταπεινὸν
1341 2822 1451 2896 οὐχ
1491 2819 1703 2877 ε’ίλοντο
1734 2818 1862 2877 ἀλλ’
1893 2822 2022 2877 ἑπο-

370 2906 634 2982 ρεύθησαν
697 2908 898 2984 ὑψηλῷ
949 2913 1066 2983 (64)
1123 2909 1416 2987 τραχήλῳ,
1464 2911 1809 2981 ταπεινώσει,
1866 2911 2024 2988 φησὶ,

368 2996 465 3059 τὰς
529 2999 816 3074 ἀρχηγοὺς
891 2998 1090 3068 αὐτῶν,
1166 2999 1262 3062 τὰς
1320 3001 1614 3074 θυγατέρας
1687 3003 1798 3073 (65)
1858 2999 2023 3056 Σιών.

370 3087 492 3141 Ἔτι
543 3087 631 3140 καὶ
668 3091 763 3142 νῦν
815 3084 1015 3160 ἔξεστιν
1069 3089 1196 3164 ὁρᾷν
1257 3086 1555 3162 πολλαχοῦ
1611 3089 1706 3151 τὰς
1759 3086 2026 3151 Ἰουδαίας

2115 584 2479 651 arrogantes,
2503 597 2630 637 sese
2656 598 2837 652 supra
2868 585 3104 638 caeteras
3137 580 3406 647 efferunt,
3427 581 3578 636 fastu
3609 579 3771 635 inani

2117 673 2366 724 utuntur
2387 675 2564 742 atque
2585 671 2656 725 de
2679 687 2739 726 re
2759 671 2873 726 cito
2897 674 3292 728 marcescente
3310 673 3370 726 et
3392 671 3775 725 evanescente

2118 759 2448 831 gloriantur
2481 776 2493 814 :
2527 759 2734 814 deinde
2773 759 2987 815 collum
3021 760 3078 814 in
3113 758 3369 815 sublime
3399 761 3659 815 erectum
3691 758 3776 814 fe-

2121 852 2278 914 runt,
2310 853 2373 903 ut
2404 865 2608 904 earum
2639 848 2838 905 vultus
2867 849 3101 906 valeant
3130 849 3393 905 omnium
3426 846 3614 904 oculis
3645 863 3777 920 spe-

2122 937 2288 994 ctari.
2315 938 2457 993 Nam
2493 955 2620 1009 quae
2653 939 2866 1010 pudica
2895 943 2985 994 est
3017 939 3228 995 mulier
3257 944 3314 994 et
3343 940 3490 994 bene
3528 941 3777 1007 morata,

2124 1027 2330 1083 deﬁxis
2363 1044 2476 1098 prae
2524 1029 2745 1098 pudore
2777 1027 2834 1082 in
2886 1032 3100 1083 terram
3125 1027 3331 1096 oculis,
3360 1026 3571 1084 faciem
3602 1026 3782 1085 habet

2123 1117 2399 1173 deorsum
2419 1115 2741 1173 demissam
2763 1135 2776 1172 :
2797 1133 2924 1189 quae
2946 1122 3140 1173 autem
3167 1116 3630 1190 pulchritudinis
3656 1133 3776 1173 suae

2121 1206 2333 1277 laqueo
2352 1211 2587 1278 captare
2609 1223 2676 1262 ac
2693 1207 2890 1263 venari
2915 1206 3129 1263 multos
3152 1207 3210 1262 in
3234 1207 3498 1262 animum
3522 1205 3777 1276 induxit,

2121 1297 2342 1354 incedit
2398 1305 2660 1355 surrecto
2715 1298 2886 1356 collo.
2933 1300 2998 1356 Et
3057 1301 3121 1356 in
3177 1301 3408 1355 nutibus
3464 1298 3774 1356 oculorum.

2120 1388 2428 1444 Accusatio
2460 1393 2546 1444 est
2595 1391 2649 1444 in
2706 1388 3013 1446 mulierem
3074 1393 3345 1461 stuprum
3405 1388 3777 1446 anhelantem

2121 1477 2394 1544 conﬂata,
2419 1494 2550 1533 cum
2582 1478 2854 1534 videlicet
2883 1495 2951 1535 ea
2977 1478 3162 1534 oculis
3185 1478 3435 1534 curiosis
3462 1477 3780 1550 aspiciens,

2121 1566 2426 1623 obtutibus
2457 1567 2583 1623 suis
2612 1567 3018 1639 impuritatem
3052 1569 3261 1624 animis
3291 1567 3570 1634 declarat,
3603 1573 3779 1638 atque

2121 1656 2458 1723 subridens,
2484 1657 2810 1713 meretricie
2839 1657 3029 1714 oculis
3068 1657 3194 1714 suis
3225 1656 3456 1729 prolicit
3483 1671 3549 1712 ac
3581 1671 3782 1728 provo-

2122 1750 2236 1818 cat,
2267 1747 2410 1802 dum
2458 1751 2699 1818 aspectu
2749 1747 2878 1819 ipso
2932 1747 3244 1803 exitiosum
3293 1746 3588 1818 quoddam
3621 1744 3782 1801 virus

2043 1876 2092 1942 Β
2113 1835 2436 1942 iaculatur.
2468 1836 2622 1893 Sane
2674 1835 2866 1893 simile
2896 1837 3178 1907 quiddam
3229 1839 3430 1892 narrat
3477 1851 3682 1891 rumor
3711 1835 3782 1891 de

2125 1923 2618 1997 basilisco,quem
2657 1927 2854 1982 ferunt
2883 1925 3006 1982 solo
3037 1926 3254 1981 intuitu
3285 1926 3611 1980 interﬁcere
3641 1939 3778 1996 spe-

2127 2019 2399 2072 ctatores.
2423 2014 2561 2071 Jure
2593 2015 2777 2088 igitur
2804 2032 2872 2072 ac
2903 2015 3111 2072 merito
3138 2013 3431 2071 sententia
3459 2013 3663 2070 isthmc
3681 2013 3782 2069 ad-

2127 2121 2334 2163 versus
2364 2121 2464 2162 eas
2503 2121 2631 2178 quis
2664 2108 2888 2161 arrecto
2919 2103 3090 2174 collo,
3115 2103 3224 2160 hoc
3253 2108 3363 2171 est,
3388 2101 3782 2159 inverecunde

2128 2194 2316 2262 vultu,
2337 2198 2395 2251 et
2415 2195 2474 2250 in
2496 2194 2740 2250 nutibus
2761 2194 3066 2252 oculorum
3097 2193 3398 2260 incedunt,
3423 2191 3782 2264 indignatio-

2130 2301 2264 2340 nem
2287 2284 2836 2356 prmfert.Ca3terum
2862 2283 2995 2341 colli
3025 2283 3200 2340 elatio
3232 2282 3456 2338 indicat
3475 2280 3784 2338 mulierem

2130 2374 2501 2431 continentiae
2515 2375 2662 2446 jugo
2683 2391 3053 2446 nequaquam
3073 2371 3306 2443 subjici.
3321 2372 3465 2428 Cum
3485 2375 3682 2427 autem
3704 2369 3788 2428 ita

2130 2463 2370 2535 incedit,
2393 2469 2460 2520 ut
2488 2465 2747 2521 tunicam
2779 2463 2996 2534 trahat,
3021 2463 3234 2534 hicque
3259 2461 3530 2518 incessus
3553 2477 3670 2517 non
3695 2477 3784 2517 se-

2132 2555 2392 2612 cundum
2425 2560 2715 2622 naturam,
2741 2557 2842 2610 sed
2892 2555 2964 2610 ad
3008 2571 3318 2610 numerum
3365 2553 3786 2609 inconcinnum

2131 2645 2419 2702 dissolute
2437 2662 2503 2701 ac
2520 2645 2848 2701 studiosius
2866 2645 3224 2718 perﬁciatur,
3244 2645 3297 2699 id
3321 2643 3616 2700 ell'erentis
3634 2657 3764 2700 sese
3779 2686 3792 2711 ,

2131 2739 2190 2792 et
2219 2735 2279 2790 in
2311 2733 2541 2791 deliciis
2569 2733 2818 2791 viventis
2861 2735 3142 2791 indicium
3176 2739 3284 2789 est.
3324 2735 3524 2805 Itaque
3554 2734 3626 2788 ob
3657 2749 3787 2788 eam

2133 2841 2256 2881 rem
2289 2825 2622 2881 Humiliabit
2655 2827 2793 2881 Deus
2819 2826 3101 2896 principes
3128 2824 3278 2894 ﬁlias
3309 2824 3465 2878 Sion.
3498 2821 3788 2887 Quoniam

2135 2931 2254 2970 non
2271 2921 2480 2985 sponte
2495 2931 2604 2970 sua
2625 2915 2776 2971 465
2803 2931 2896 2970 am
2906 2914 3084 2987 plexaa
3101 2919 3242 2969 sunt
3262 2911 3790 2979 humilitatem,sed

2136 3002 2590 3059 ambulaverunt
2620 3002 2770 3058 collo
2809 3003 2985 3072 elato,
3015 3001 3380 3068 humiliabit,
3412 2999 3625 3072 inquit,
3659 2999 3796 3056 illa-

2137 3107 2269 3146 rum
2294 3091 2494 3161 duces,
2517 3091 2670 3147 ﬁlias
2691 3091 2851 3147 Sion.
2874 3091 3033 3146 Licet
3052 3090 3375 3146 etiamnum
3400 3088 3607 3144 multis
3635 3087 3694 3144 in
3715 3087 3798 3144 lo-

370 3179 622 3248 γυναῖκας
671 3180 789 3238 τοῖς
840 3175 1064 3232 ἑκάστου
1121 3176 1278 3232 ποσὶν
1336 3175 1747 3250 ἑπιπαιζούσας,
1803 3178 1894 3233 καὶ
1947 3179 2022 3250 μή

2138 3180 2224 3236 eis
2244 3179 2440 3236 videre
2459 3180 2696 3236 Judaeas
2718 3179 3020 3246 mulieres,
3045 3179 3517 3249 uniuscujusque
3543 3177 3794 3250 pedibus

371 3247 764 3338 έντρεπομένας
786 3265 884 3334 τὴν
914 3269 1016 3321 τοῦ
1041 3267 1329 3344 προφήτου
1351 3266 1691 3343 φωνήν.Είθε
1713 3247 1772 3322 δὶ
1803 3266 1880 3341 μὴ
1911 3247 2023 3340 )

2138 3267 2476 3336 illudentes,
2507 3285 2636 3340 quis
2674 3268 2824 3324 hanc
2865 3269 3160 3342 propheta:
3189 3247 3388 3324 vocem
3422 3247 3670 3323 minime
3698 3283 3794 3323 re-

370 3351 462 3406 καὶ
517 3360 618 3424 τῆς
679 3353 1002 3426 Ἐκκλησίας
1062 3355 1117 3411 αἱ
1175 3355 1464 3432 θυγατέρες
1538 3355 1606 3410 τὰ
1660 3355 1796 3411 αὑτὰ
1868 3355 2028 3432 ἐγκα-

372 3439 581 3496 λοῖντο.
641 3441 858 3498 Πολλαὶ
910 3442 1012 3518 γὰρ
1057 3444 1131 3505 ὡς
1177 3442 1229 3499 ἐν
1274 3442 1482 3515 πλήθει
1550 3443 1638 3498 ἰπὶ
1689 3449 1798 3499 τῶν
1865 3465 2034 3519 προσ-

375 3528 566 3586 ιόντων
598 3532 679 3604 τῷ
712 3532 846 3605 θείῳ
891 3529 1072 3608 λόγῳ,
1121 3531 1174 3588 ἐν
1219 3539 1338 3595 ταῖς
1386 3534 1619 3608 ἡμέραις
1661 3538 1769 3589 τῶν
1803 3533 2033 3608 ἑορτῶν,

373 3620 478 3674 οὐκ
559 3618 754 3676 εἰδυῖαι
849 3621 1186 3700 εὐφροσύνην
1295 3622 1696 3696 πνευματικὴτ,
1788 3621 2032 3686 παιδιαῖς

375 3710 637 3783 ἀσέμνοις
717 3713 910 3768 ὲαυτὰτ
984 3710 1347 3784 έπιδιδοῦσαι,
1419 3714 1633 3786 κώμοις
1695 3711 1784 3768 καὶ
1847 3712 2034 3786 μέθαις

377 3798 850 3875 έγκαγινδοῦνται·
897 3801 988 3857 καὶ
1043 3805 1120 3876 μὴ
1149 3807 1415 3879 τηροῦσαι
1460 3802 1524 3858 τὸ
1575 3800 1941 3878 παράγγελμα
1972 3803 2034 3858 τὸ

378 3886 562 3964 λέγον,
627 3888 709 3945 ὅτι
803 3891 872 3949 Οἳ
942 3890 1221 3970 ὀφθαλμοί
1289 3913 1384 3948 σου
1449 3891 1584 3966 ὀρθὰ
1662 3891 2032 3968 βλεπέτωσαν’

378 3976 743 4050 ὑπολοξοῦσαι
777 3982 890 4054 (67)
923 3981 986 4036 τὸ
1017 3978 1175 4056 ὄμμα
1202 3982 1292 4038 καὶ
1321 3980 1804 4058 παρεκκλίνουσαι,
1837 3979 2038 4060 δεῖγμα

375 4072 617 4144 πονηρᾶς
669 4067 953 4148 ἐκφέρουσι
1011 4071 1399 4148 προαιρέσεως.
1476 4069 1782 4148 Πολλαχοῦ
1862 4068 1922 4127 δὶ
1968 4073 2036 4128 τὰ

373 4156 612 4231 νεύματα
640 4162 745 4214 τῶν
797 4157 1098 4236 ὀφθαλμῶν
1163 4154 1541 4232 διαϐέϐληταιο
1594 4161 1669 4224 ὡς
1730 4161 1781 4228 iv
1829 4165 2034 4236 Παροι-

379 4244 529 4319 μίαις
562 4246 650 4303 ἐπὶ
700 4251 797 4303 τοῦ
838 4253 1008 4304 κακοῦ
1064 4253 1530 4326 παρατετήρηται,
1582 4249 1666 4306 ὅτι
1705 4250 1763 4304 Ὀ
1790 4247 1848 4306 δὶ
1876 4249 2035 4313 αὐτὸς

376 4333 576 4392 έννεύει
628 4336 722 4411 μὶν
776 4335 1071 4416 ὀφθαλμῷ,
1128 4338 1380 4413 σημαίνει
1442 4338 1501 4396 δὴ
1574 4337 1725 4396 ποδί·
1786 4338 1875 4395 καὶ
1927 4341 2030 4395 πά-

377 4422 487 4479 λινο
550 4426 607 4481 Ὁ
683 4425 907 4482 έννεύων
988 4426 1260 4506 ὀφθαλμῷ
1335 4430 1471 4503 μετὰ
1547 4426 1738 4502 δόλου,
1817 4431 2032 4506 συνάγει

2137 3361 2469 3414 vereantur.
2500 3359 2690 3430 Atque
2721 3358 2945 3414 utinam
2987 3356 3259 3414 Ecclesiae
3291 3373 3526 3429 quoque
3558 3355 3795 3413 ﬁliabus

2142 3447 2252 3503 hoc
2283 3447 2438 3503 idem
2471 3447 2806 3519 exprobrari
2839 3464 2954 3504 non
2989 3446 3219 3520 posset!
3255 3445 3450 3502 Multa
3482 3445 3640 3502 enim
3670 3451 3796 3502 tan-

2143 3553 2324 3609 quam
2356 3537 2697 3594 catervatim
2743 3537 2804 3592 in
2862 3537 3050 3594 oculis
3105 3553 3308 3593 eorum
3349 3537 3448 3609 qui
3482 3537 3542 3592 in
3587 3535 3796 3594 diebus

2143 3626 2308 3683 festis
2337 3627 2584 3683 verbum
2623 3625 2888 3682 divinum
2938 3627 3191 3683 audituri
3243 3626 3552 3694 accedunt,
3584 3625 3796 3682 latitia;

2143 3715 2471 3788 spiritualis
2519 3717 2756 3789 ignara,
2787 3715 3118 3772 inhonestis
3165 3715 3322 3772 ludis
3366 3721 3596 3782 vacant,
3629 3732 3696 3770 ac
3734 3715 3795 3770 in

2141 3805 2422 3862 conviviis
2453 3805 2687 3864 lascivis
2717 3810 2895 3879 atque
2925 3806 2981 3862 in
3006 3804 3284 3863 ebrietate
3305 3804 3665 3873 volutantur,
3688 3820 3797 3861 nec

2142 3895 2607 3952 admonitionem
2638 3895 2800 3953 illam
2824 3895 3154 3966 observant,
3176 3912 3303 3967 quas
3326 3895 3468 3952 dicit
3492 3912 3505 3949 :
3531 3895 3689 3953 Oculi
3710 3895 3800 3952 tui

2142 3994 2288 4040 recte
2328 3984 2550 4041 videant
2573 3986 2651 4054 ‘l;
2703 4001 2915 4057 nempe
2963 3986 3103 4041 dum
3155 3985 3214 4040 in
3264 3984 3568 4054 obliquum
3599 3985 3799 4041 detor-

2144 4078 2326 4146 quent
2354 4075 2556 4131 oculos
2587 4091 2653 4130 ac
2680 4074 3016 4142 deﬂectunt,
3049 4091 3234 4145 pravae
3262 4073 3583 4130 voluntatis
3622 4089 3798 4146 argu-

2143 4167 2411 4218 mentum
2442 4180 2507 4218 ac
2537 4161 2834 4236 specimen
2880 4163 3155 4234 prabent.
3188 4160 3394 4218 Multis
3424 4168 3622 4218 autem
3654 4161 3800 4218 locis

2142 4251 2203 4306 in
2227 4250 2453 4308 malam
2485 4255 2712 4324 partem
2735 4250 2956 4324 accepti
2982 4255 3123 4307 sunt
3146 4251 3452 4305 oculorum
3486 4255 3688 4315 nutus,
3714 4249 3800 4306 uti

2142 4339 2203 4396 in
2233 4340 2562 4397 Proverbiis
2592 4340 2966 4397 observatum
2999 4343 3090 4396 est
3117 4339 3188 4395 de
3224 4339 3463 4394 homine
3496 4354 3744 4410 nequam
3783 4355 3797 4394 :

2140 4432 2256 4502 Ipse
2293 4434 2478 4486 autem
2522 4431 2711 4487 innuit
2759 4430 2976 4502 quidem
3021 4428 3204 4496 oculo,
3233 4429 3365 4501 pede
3405 4445 3536 4485 vero
3584 4429 3798 4500 signiﬁ-

378 4511 596 4590 ἀνδράσι
649 4513 850 4580 λύπας·
899 4518 992 4572 καὶ
1046 4518 1130 4586 τὸ,
1187 4518 1255 4577 Οἱ
1311 4519 1615 4593 μισοῦντές,
1679 4540 1746 4594 με
1799 4516 2023 4595 δωρεὰν,

2138 4524 2230 4578 cat
2251 4520 2319 4576 ⁸³.
2353 4522 2422 4577 Et
2451 4537 2658 4577 rursus
2693 4536 2706 4576 :
2739 4521 2847 4589 Qui
2891 4521 3077 4576 innuit
3125 4519 3281 4576 oculo
3332 4535 3458 4575 cum
3503 4519 3650 4591 dolo,
3678 4534 3802 4576 con-

449 4687 492 4725 “
529 4692 696 4746 Prov.
729 4707 807 4762 ιν,
836 4690 929 4747 25.
1003 4690 1050 4726 δ’
1080 4694 1250 4748 Prov.
1280 4706 1361 4760 v1,
1393 4691 1483 4748 13.

452 4865 566 4940 (63)
597 4866 682 4924 Ita
729 4884 876 4940 mss.
911 4867 1105 4939 multi,
1140 4873 1270 4926 tum
1331 4886 1366 4926 a
1419 4869 1560 4927 viris
1617 4869 2040 4928 eruditissimis

387 4939 590 5015 Qucum
639 4942 697 4996 et
737 4939 1113 5015 Combeﬁsio,
1137 4946 1271 5015 tum
1325 4960 1358 5000 a
1404 4942 1576 4999 nobis
1622 4941 1771 5015 ipsis
1818 4942 2034 5000 collati.

381 5011 533 5068 Editi
565 5015 620 5066 et
650 5012 830 5068 codex
861 5015 950 5068 Fr.
981 5014 1033 5080 1,
1065 5011 1153 5067 ιπι
1181 5014 1284 5080 τῷ.

452 5035 533 5068 ιιιι
565 5035 620 5066 Ui.
650 5035 830 5068 CDUBX
861 5035 950 5068 ΕΓ.
981 5035 1033 5080 1,
1065 5035 1153 5067 επι
1181 5035 1211 5067 τ
1271 5062 1272 5065 η

452 5084 572 5156 (ﬁt)
600 5084 837 5141 Codices
865 5085 1004 5150 duo,
1037 5081 1090 5139 ιν
1123 5035 1272 5156 ιεψηῖ

457 5154 569 5226 (65)
602 5156 755 5211 Editi
787 5161 846 5213 et
873 5157 1068 5214 collati
1095 5175 1130 5214 a
1159 5153 1367 5216 Ducaao
1399 5156 1536 5213 libri
1570 5158 1635 5214 Η.
1657 5157 1711 5214 J.
1744 5160 1801 5214 et
1828 5157 1920 5225 A.,
1940 5153 2037 5218 τὰς

385 5221 660 5304 ὀρχούσας
686 5231 806 5304 τῶν
825 5229 1161 5304 θυγατέρωνο
1196 5249 1230 5287 a
1260 5230 1477 5304 quibus
1505 5230 1566 5284 in
1597 5245 1664 5304 eo
1697 5221 2038 5304 solum'duo

383 5297 701 5376 Qolbertini
751 5297 1050 5376 differunt,
1083 5304 1241 5374 quod
1275 5297 1403 5376 'proi
1444 5300 1722 5376 ἂρχούσας
1761 5302 2036 5370 habeant,

385 5367 752 5448 ἀρχηγούσας.
784 5375 854 5428 Αι
885 5367 1131 5448 uterque
1163 5367 1420 5448 Combef.
1446 5367 1502 5432 et
1518 5367 1660 5448 ἷξες.
1689 5379 1957 5448 quartus,
1982 5367 2041 5448 et

382 5442 794 5522 apographugi
851 5442 1184 5519 Anglicum,
1214 5442 1648 5522 τὰς-ἀρχηγοὺς
1701 5442 1917 5522 αὐτῶνη
1941 5442 2040 5522 τὰς

385 5511 704 5598 θὺγοὶτὲραξ.
739 5511 1000 5598 Μιιῑαεξο
1025 5511 1298 5598 paeleum
1331 5511 1642 5598 lectionem
1664 5535 1860 5576 veram
1885 5511 2040 5598 falso

385 5590 770 5657 conqueritur
797 5590 1204 5650 Comheﬁsius.
1237 5593 1356 5650 Nos
1399 5609 1522 5650 rem
1564 5597 1750 5650 totam
1781 5591 2040 5648 erudito-

386 5675 516 5738 rum
541 5659 779 5738 judigic
802 5663 1220 5738 permittimus.
1246 5665 1455 5722 Statim
1487 5666 1624 5738 Reg.
1660 5665 1958 5738 secundus
1986 5667 2045 5738 et

374 5737 633 5810 uterque
660 5731 848 5805 Octb},
874 5733 974 5799 τὰς
1001 5733 1265 5802 Ἰουδαίας
1289 5731 1716 5813 γυναῖκαςῖἾοι
1743 5737 1953 5811 ultima
1981 5737 2043 5796 in

1277 5107 1343 5157 ῳ.

2148 4871 2380 4928 excusis
2411 4871 2632 4927 deerat.

2214 4944 2328 5016 (66)
2357 4943 2504 4999 Vere
2536 4947 2594 4998 et
2613 4943 2781 4999 docte
2806 4942 3140 5016 emendavit
3161 4941 3318 5016 hunc
3339 4942 3532 5016 locum
3555 4941 3803 5016 Dircaeus

2146 5030 2178 5070 e
2208 5012 2334 5071 suis
2364 5016 2664 5071 codicibus
2699 5016 2765 5071 H.
2798 5015 2852 5072 J.
2885 5020 2944 5072 et
2977 5021 3064 5084 A.,
3099 5015 3314 5086 quibus
3358 5014 3525 5070 libris
3555 5012 3801 5086 adiungi

2148 5093 2400 5159 possunt
2428 5092 2486 5143 et
2507 5087 2603 5144 alii
2628 5094 2897 5158 quatuor,
2921 5082 3320 5159 ubisimiliter
3347 5082 3714 5159 legitur,_:i'ee
3746 5083 3805 5140 δὶ

2153 5155 2251 5231 μή,
2285 5166 2396 5216 etc.
2428 5162 2500 5216 At
2549 5155 2731 5217 codex
2779 5155 2956 5228 Findi,
2988 5155 3095 5214 εἷίτε
3139 5155 3195 5212 δὶ
3243 5155 3798 5230 μὴ...”ένεκαλοῦντο·

2192 5249 2325 5288 uem
2385 5232 2644 5289 codicem
2700 5237 2940 5289 secutus
2997 5231 3368 5299 Tilmannus,
3401 5231 3488 5288 sic
3529 5234 3801 5287 verterat.

2195 5323 2232 5360 η
2260 5321 2368 5361 non
2399 5305 2533 5376 ﬁliae
2562 5306 2732 5360 etiam
2762 5305 3022 5376 Ecclesia
3059 5304 3122 5358 ob
3161 5306 3370 5360 eadem
3394 5305 3454 5359 in
3476 5305 3574 5375 jus
3601 5306 3803 5359 vocatae

2147 5381 2280 5433 sunt
2301 5380 2328 5432 ?
2361 5374 2474 5432 Hoc
2504 5376 2893 5448 exemplo,iut
2923 5374 3054 5448 aliis
3093 5376 3328 5448 (multis,
3361 5374 3611 5448 quantas
3641 5379 3801 5431 tene-

2147 5450 2289 5506 bras
2318 5448 2406 5504 vel
2435 5445 2856 5505 eruditissimis
2882 5445 3228 5504 hominibus
3255 5445 3468 5520 exigua
3495 5447 3801 5521 scriptura

2150 5521 2392 5578 variatio
2421 5521 2706 5584 oﬂ'undat,
2737 5521 3072 5575 edocemur.

2221 5593 2335 5665 (67)
2367 5593 2536 5665 Editi,
2567 5586 3151 5665 cnokoteﬁaqit,male.
3180 5594 3251 5665 at
3276 5593 3524 5665 uterque
3541 5586 3800 5665 Qombef.

2151 5659 2288 5722 cum
2319 5659 2464 5722 aliis
2493 5665 2745 5728 duobus,
2780 5659 3162 5732 ὑπολοξοῢσαι.
3195 5661 3309 5718 Nec
3337 5659 3640 5719 ita'multo
3671 5661 3804 5730 post

2139 5739 2268 5795 .duo
2300 5753 2472 5807 mem,
2499 5736 2570 5792 τὰ
2595 5733 2909 5809 ιννεύματα.
