4130 6404
340 371 459 434 319

1284 372 1680 434 APPENDIX
1725 371 2052 434 OPERUM
2095 371 2162 433 S.
2207 369 2494 432 BASILII
2543 371 2818 433 MAGNI.

3651 369 3772 430 320

342 513 542 575 gregat
572 503 712 559 viris
744 505 1004 560 tristitia:
1023 504 1088 558 ⁸⁸.
1120 507 1261 560 [tem
1294 502 1438 559 illud
1465 521 1477 560 :
1513 504 1624 573 Qui
1649 503 1884 559 oderunt
1910 518 1991 558 me

2110 503 2200 556 καὶ
2233 498 2568 566 διανεύοντες
2621 497 2946 573 όθθαλμοῖς.
3010 499 3209 554 Φθάνει
3263 495 3320 554 δὶ
3373 519 3506 554 ποτε
3547 498 3637 553 καὶ
3681 495 3766 553 ἐπ’

343 595 548 665 gratis,
581 601 634 648 et
664 597 921 649 annuunt
966 594 1138 648 oculis
1163 594 1228 646 “.
1265 593 1414 657 Quin
1466 597 1521 648 et
1573 592 1890 664 aliquando
1925 592 1996 646 ad

341 684 500 738 viros
532 683 872 754 pertingunt
902 683 1234 737 istiusmodi
1261 682 1529 751 crimina,
1555 683 1654 754 qui
1691 683 1996 738 inferiores

343 772 600 844 superbo
624 772 856 842 quidem
887 772 1080 826 animo
1115 776 1716 843 aspernantur,gestu
1741 789 1872 827 vero
1904 789 1997 828 su-

346 861 481 931 pino
514 860 835 932 habituque
867 865 925 915 et
957 861 1407 932 superciliorum
1441 861 1760 917 nictatione
1791 878 1992 934 super-

343 949 499 1006 biam
531 952 810 1020 detegunt
844 967 856 1004 :
892 950 990 1021 qui
1027 954 1084 1004 et
1129 950 1348 1005 fastose
1380 953 1438 1005 et
1467 949 1617 1006 elato
1666 952 1850 1022 gradu
1885 968 1994 1006 nu-

344 1055 570 1094 merose
597 1038 956 1106 incedentes,
981 1039 1378 1110 arrogantiam
1413 1057 1604 1110 suam,
1628 1041 1888 1095 vestibus
1920 1041 1994 1094 ad

343 1127 647 1183 malleolos
681 1145 867 1199 usque
889 1128 1189 1193 demissis,
1213 1129 1510 1183 declarant
1534 1145 1546 1182 :
1575 1145 1724 1200 quos
1753 1129 1992 1184 tandem

339 1218 411 1275 ad
441 1216 613 1272 ludos
644 1217 1068 1272 immoderatos
1099 1217 1362 1271 animum
1397 1234 1571 1273 suum
1604 1219 1993 1292 adjungentes

340 1310 538 1363 manet
566 1306 854 1362 intentata
895 1305 1084 1376 ruina,
1117 1307 1277 1378 ipsos
1308 1324 1340 1362 a
1370 1307 1718 1363 celsitudine
1747 1326 1851 1380 per
1879 1309 1988 1364 hu-

336 1395 645 1453 militatem
678 1396 903 1467 dejeetu
913 1413 994 1450 ra.

412 1486 533 1541 124.
568 1486 631 1539 Et
672 1487 933 1540 Dominus
964 1485 1232 1541 reuelabit
1279 1485 1528 1542 habitum
1575 1503 1791 1543 earum.
1825 1489 1992 1546 Hune

339 1575 610 1631 habitum
644 1575 984 1646 superbum,
1004 1575 1075 1630 ad
1100 1576 1610 1648 intemperantiam
1636 1594 1992 1651 omnemque

339 1662 700 1733 impudicam
737 1664 1145 1736 cogitationem
1181 1664 1552 1721 incautorum
1583 1666 1799 1724 animis
1827 1667 1990 1740 inge-

339 1753 664 1808 nerandam
717 1753 1111 1824 compositum
1163 1754 1442 1809 revelabit
1492 1756 1800 1828 Dominus,
1833 1774 1988 1825 cum,

2109 587 2304 666 ἄνδρας
2348 591 2415 646 τὰ
2459 595 2681 646 τοιαῦτα
2731 589 3072 666 ἐγκλήματα,
3121 589 3251 653 τοὺς
3301 591 3613 667 φρονήματι
3668 589 3764 662 μὶν

2106 679 2415 751 ἀλαζονικῷ
2449 682 2916 758 ὑπερφρονοῦντας
2964 683 3072 734 τῶν
3105 675 3526 750 ὑποδεεστέρων,
3571 677 3767 732 ὑπτιὰ-

2109 775 2298 839 ζοντας
2330 766 2388 823 δὲ
2409 773 2488 841 τῷ
2543 770 2814 844 σχήματι,
2873 769 2960 822 καὶ
3010 771 3088 839 τῷ
3141 766 3367 840 νεόματι
3395 771 3503 822 τῶν
3539 765 3760 843 ὀφρύων

2103 859 2203 926 τὴν
2233 857 2549 926 ἀλαζονείαν
2602 854 3067 931 ἐνδεικνυμένους.
3121 852 3340 933 σοϐαρῷ
3370 853 3428 911 δὶ
3478 855 3567 910 καὶ
3611 853 3765 930 διηρ-

2109 947 2257 1020 μένῳ
2292 945 2581 1021 βαδίσματι
2613 943 2855 1023 εὔρυθμα
2919 946 3222 1022 βαίνοντας,
3279 947 3341 1000 τὸ
3372 945 3587 1020 ἱμάτιον
3622 947 3760 1000 καθ-

2108 1035 2276 1098 ιέντας
2334 1036 2498 1112 μέχρι
2546 1041 2652 1092 τῶν
2714 1041 2954 1115 σφυρῶν,
3029 1035 3340 1105 ἀλαζονείαν
3419 1033 3759 1108 ἐνδεικνυμέ-

2101 1145 2247 1197 νους,
2304 1125 2394 1181 καὶ
2453 1123 2696 1188 παιδιαῖς
2755 1125 2979 1190 ἱαυτοὺς
3047 1125 3310 1202 ἀμέτροις
3365 1121 3760 1193 ἐκδεδωκότας,

2102 1213 2194 1276 οὓς
2227 1214 2372 1287 μένει
2411 1216 2474 1270 τὸ
2527 1213 2822 1285 ἀπειληθὲν
2869 1219 3072 1289 πτῶμα
3117 1216 3178 1270 τὸ
3229 1212 3318 1269 διὰ
3363 1220 3461 1284 τῆς
3490 1217 3761 1269 ταπεινώ-

2102 1324 2236 1368 σεως
2269 1306 2381 1379 (68)
2418 1312 2519 1376 τῆς
2551 1305 2656 1360 ἀπὸ
2685 1309 2783 1360 τοῦ
2814 1305 3003 1378 ὕψους.

2177 1487 2294 1542 124.
2364 1485 2463 1542 Καὶ
2511 1485 2706 1561 Κύριος
2776 1483 3108 1558 ἀνακαλύψει
3180 1483 3242 1538 τὸ
3321 1482 3512 1560 σχῆμα
3563 1483 3759 1543 αὐτῶν.

2100 1579 2274 1635 Τοῦτο
2329 1575 2392 1629 τὸ
2449 1581 2642 1651 σχῆμα
2696 1576 2760 1629 τὸ
2820 1573 3188 1652 ύπερτςφανον,
3235 1574 3325 1628 καῖ
3383 1575 3758 1647 πεποιημένον

2100 1665 2237 1739 πρὸς
2271 1662 2488 1719 ἔκλυσιν
2522 1667 2636 1739 (69)
2667 1664 2756 1719 καὶ
2787 1668 2976 1735 ,πᾶσαν
3033 1661 3334 1718 ἀκόλαστον
3381 1657 3609 1733 ἔννοιαν,
3642 1664 3761 1728 ταὶς

2100 1751 2346 1828 καρδίαις
2396 1758 2504 1807 τῶν
2555 1750 2880 1831 ἀφυλάκτων
2923 1753 3372 1828 ἐνεργαζόμενον,
3422 1751 3758 1827 ἀνακαλύψει

340 1842 649 1915 patefactis
689 1843 939 1913 arcanis,
972 1844 1166 1899 carnis
1197 1844 1436 1915 quidem
1479 1846 1816 1902 auterentur
1845 1848 1989 1903 inte-

2106 1845 2321 1920 Κύριος,
2357 1844 2481 1898 ὅταν
2514 1842 2566 1897 ἐν
2595 1847 2664 1916 τῇ
2692 1844 2991 1921 φανερώσει
3019 1846 3126 1897 τῶν
3149 1847 3402 1919 κρυπτῶν
3436 1842 3501 1897 τὰ
3535 1843 3633 1915 μὶν
3653 1849 3755 1912 τῆς

342 1935 643 2005 gumenta,
669 1931 865 1986 anima
880 1947 1016 1986 vero
1036 1933 1194 1988 nuda
1211 1938 1268 1988 et
1285 1933 1410 1990 ola
1428 1951 1544 1990 una
1576 1953 1708 1991 cum
1737 1937 1988 2009 turpitu-

341 2020 498 2076 dinis
517 2020 791 2093 operibus
814 2021 1138 2093 proferetur
1159 2023 1219 2078 in
1243 2024 1501 2080 medium
1523 2026 1585 2079 ‘5.
1605 2030 1793 2098 Atque
1813 2027 1990 2083 etiam

339 2109 402 2165 in
435 2109 546 2164 hoc
588 2109 798 2166 saeculo
847 2111 918 2165 ad
969 2127 1170 2166 eorum
1202 2112 1416 2183 quibus
1473 2115 1632 2171 istud
1684 2116 1990 2189 contingit,

341 2197 652 2256 utilitatem
679 2198 971 2256 reveletur
995 2201 1291 2257 interdum
1324 2203 1584 2270 habitus,
1607 2205 1689 2261 ita
1722 2211 1786 2262 ut
1815 2208 1991 2264 rebus

341 2304 472 2362 qua
505 2292 676 2345 antea
705 2289 924 2345 multos
955 2289 1266 2357 latuerant,
1299 2292 1631 2362 denudatis,
1653 2297 1828 2366 atque
1860 2312 1990 2368 peo-

344 2383 611 2436 oatorum
659 2379 1025 2451 turpitudine
1056 2380 1126 2436 ad
1158 2380 1546 2453 plurimorum
1598 2385 1993 2457 cognitionem

343 2468 813 2544 perveniente,hi
833 2470 946 2541 ipsi
964 2469 1062 2542 qui
1095 2471 1256 2542 prius
1279 2470 1575 2529 latitantes
1598 2473 1656 2529 in
1682 2473 1836 2530 malo
1862 2491 1991 2548 per-

343 2558 648 2626 sistebant,
675 2559 799 2630 jam
853 2559 1179 2631 pudibundi
1211 2567 1626 2618 convertantur
1671 2580 1736 2620 ac
1785 2565 1992 2637 resipi-

343 2653 533 2706 scant.
553 2648 940 2715 Quamobrem
964 2650 1222 2706 {uentum
1243 2651 1702 2725 simulatumque
1722 2653 1992 2710 habitum

341 2738 614 2807 revelare,
642 2756 859 2794 munus
890 2739 1119 2795 Domini
1151 2745 1258 2796 est.
1288 2743 1476 2806 Quare
1509 2742 1557 2798 si
1590 2743 1690 2814 qui
1723 2748 1992 2800 nostrum

337 2827 438 2899 qui
468 2828 526 2883 in
555 2828 838 2900 dignitate
868 2831 925 2884 et
969 2829 1186 2885 honore
1217 2831 1654 2901 constituimur,
1689 2833 1869 2888 vitam
1903 2833 1990 2888 in-

338 2918 608 2975 decoram
636 2933 737 2989 per
757 2917 1193 2975 simulationem
1213 2924 1550 2993 contegunt,
1571 2926 1836 2978 metuant
1854 2939 1988 2978 eum

339 3007 439 3081 qui
481 3011 746 3063 nostrum
796 3007 1064 3064 habitum
1116 3007 1479 3065 revelaturus
1508 3016 1616 3080 est,
1650 3015 1825 3083 atque
1857 3029 1989 3068 cor-

336 3096 504 3153 dium
537 3099 873 3152 nostrorum
907 3096 1155 3153 consilia
1186 3099 1604 3169 patefacturus,
1632 3101 1775 3156 adeo
1806 3104 1872 3156 ut
1897 3118 1985 3174 pe-

329 3185 494 3258 jores
524 3185 905 3259 cogitationes
941 3187 1000 3241 in
1030 3188 1320 3259 cujusque
1364 3189 1560 3245 animo
1589 3195 1882 3263 conceptas
1914 3191 1986 3247 ob

334 3274 600 3332 omnium
649 3273 851 3330 oculos
903 3281 1200 3348 ponantur
1218 3276 1282 3332 “.
1317 3277 1783 3335 Circumdabunt
1827 3281 1986 3336 enim
2017 3251 2060 3318 Ο

332 3379 818 3435 unumquemque
840 3369 1108 3420 nostrum
1132 3366 1513 3438 cogitationes
1536 3368 1726 3440 ipsius
1751 3370 1814 3424 ιτ.
1835 3370 1984 3435 Quin

332 3459 391 3510 et
418 3453 678 3510 actiones
711 3470 817 3510 nos
850 3454 1305 3520 circumsistent,
1328 3472 1523 3529 eaaque
1553 3459 1678 3514 suis
1712 3459 1864 3516 notis
1894 3459 1988 3514 in-

334 3542 588 3616 signitis,
615 3544 898 3614 pudorem
941 3544 1344 3617 probrumque
1385 3550 1667 3603 eternum
1701 3549 1871 3604 nobis
1900 3548 1989 3604 in-

339 3633 616 3702 ferentes,
648 3633 1125 3704 quandoquidem
1175 3636 1430 3691 sermoni
1462 3636 1862 3710 doctrinaaque
1890 3639 1990 3693 de-

339 3721 779 3794 prehendantur
824 3723 1132 3779 contrariae
1166 3740 1176 3778 :
1212 3723 1292 3780 ita
1321 3729 1386 3780 ut
1417 3727 1516 3797 qui
1555 3728 1833 3800 praedicat
1873 3744 1989 3783 non

339 3811 681 3878 furandum,
716 3811 766 3867 is
799 3812 934 3867 furti
987 3813 1316 3869 inveniatur
1347 3831 1480 3872 reus
1514 3832 1528 3868 :
1562 3817 1660 3888 qui
1694 3816 1836 3872 dicit
1874 3833 1990 3872 non

339 3900 782 3971 maschandum,
814 3901 864 3956 is
913 3919 1081 3958 suam
1127 3920 1262 3960 cum
1323 3905 1608 3962 adulteris
1660 3906 1991 3977 portionem

339 3990 556 4048 habere
588 3991 982 4064 oomperiatur
1003 3993 1045 4027 ⁸⁸
1073 3993 1207 4065 :qui
1233 3995 1387 4050 460
1415 3995 1787 4050 abominetur
1815 3995 1990 4066 idola,

337 4081 495 4137 idem
546 4096 662 4136 non
721 4080 832 4137 sibi
889 4083 1594 4156 temperetasacrilegio.
1618 4084 1776 4140 Nihil
1835 4087 1992 4141 enim

341 4168 641 4228 occultum
672 4175 780 4242 est,
805 4172 961 4243 quod
992 4172 1386 4244 detegendum
1419 4190 1533 4229 non
1567 4173 1678 4229 sit:
1715 4173 1862 4230 nihil
1891 4175 1992 4230 ab-

342 4258 702 4323 sconditum,
734 4261 889 4331 quod
924 4259 1297 4318 revelandum
1329 4279 1443 4318 non
1478 4261 1553 4318 sit
1571 4261 1636 4319 δ’.

417 4350 542 4404 125.
575 4349 746 4404 Vsus.
784 4349 867 4404 18.
910 4352 973 4406 In
1001 4350 1090 4406 die
1138 4351 1243 4406 illa
1289 4355 1505 4423 auferet
1559 4353 1823 4410 Dominus
1877 4355 1994 4424 glo-

344 4439 488 4494 riam
521 4440 830 4494 vestimenti
858 4456 1078 4508 earum,
1111 4443 1161 4496 et
1191 4445 1452 4497 ornatum
1484 4457 1698 4498 earum.
1722 4443 1993 4509 Quando-

342 4527 579 4600 quidem
613 4528 788 4584 rebus
820 4545 946 4600 que:
976 4530 1048 4585 ad
1081 4545 1252 4586 usum
1280 4531 1508 4586 fuerant
1536 4547 1847 4601 concessa,
1873 4536 1996 4589 ute-

2103 1933 2302 2007 σαρκὸς
2377 1932 2841 2009 παραπετάσματα
2905 1936 3248 2008 περιαιρεθῇ,
3309 1933 3494 2008 γυμνὴ
3551 1932 3610 1987 δὶ
3664 1932 3756 1988 καὶ

2096 2025 2217 2087 καθ’
2249 2021 2442 2092 ἐαυτὴν
2479 2022 2614 2095 μετὰ
2639 2027 2748 2078 τῶν
2793 2021 2963 2098 ἔργων
3011 2025 3109 2088 τῆς
3146 2021 3544 2099 ἀσχημοσύνης
3575 2043 3749 2098 παρα-

2100 2110 2501 2188 δειγματίζεται
2550 2114 2586 2183 ἡ
2618 2113 2796 2188 ψυχή.
2859 2113 3187 2188 Ἐνεργεῖται
3249 2109 3306 2167 δέ
3361 2131 3495 2167 ποτε
3551 2112 3642 2166 καὶ
3671 2111 3751 2168 ἐν·

2097 2202 2268 2256 ταῦοα
2305 2203 2340 2270 ὴ
2392 2200 2734 2275 ἀποκάλυψις
2791 2205 2889 2257 τοῦ
2948 2203 3236 2278 σχήματος
3294 2199 3382 2256 ἐπὶ
3439 2200 3597 2274 καλῷ
3641 2206 3748 2256 τῶν

2102 2290 2226 2367 περὶ
2271 2290 2363 2353 οὓς
2413 2292 2448 2360 ἡ
2508 2288 2770 2368 ἐνέργεια,
2837 2291 2974 2346 ὥστε
3045 2292 3457 2366 γυμνωθέντων,
3529 2290 3563 2344 ἃ
3617 2291 3751 2353 τέως

2102 2377 2349 2442 πολλοὺς
2398 2377 2762 2450 διαλανθάνει,
2817 2379 2909 2435 καὶ
2967 2381 3042 2442 είς
3097 2384 3300 2454 γοῶσιν
3357 2384 3477 2444 τοῖς
3521 2378 3756 2443 πολλοῖς

2102 2468 2371 2539 ἐλθούσης
2419 2476 2520 2539 τῆς
2578 2468 2664 2524 ἐπὶ
2715 2475 2830 2532 τοῖς
2890 2469 3278 2544 ἁμαρτήμασιν
3335 2469 3755 2545 ἀσχημοσύνης,

2103 2557 2416 2635 ἐπιστρέψαι
2469 2557 2915 2622 καταιδεσθέντας
2963 2559 3091 2623 τοὺς
3137 2560 3274 2621 τέως
3323 2556 3413 2614 διὰ
3455 2559 3518 2614 τὸ
3558 2556 3756 2624 λανθά-

2102 2671 2210 2704 νειν
2244 2648 2608 2722 ἐπιμένοντας
2653 2653 2733 2722 τῷ
2787 2654 2961 2722 κακῷ.
3006 2651 3120 2706 Τοῦ
3173 2648 3378 2725 Κυρίου
3429 2645 3522 2702 οὗν
3572 2641 3753 2724 ἔργον,

2101 2737 2443 2812 ἀνακαλύψαι
2473 2739 2536 2794 τὸ
2585 2744 2779 2814 σχῆμα
2823 2739 2887 2794 τὸ
2940 2735 3298 2807 ἐπίπλαστον,
3348 2736 3438 2792 καὶ
3487 2757 3757 2813 κατεσχη-

2104 2827 2458 2902 ματισμένον.
2489 2829 2649 2884 Ὥστε
2695 2829 2787 2882 καὶ
2819 2826 2869 2881 εἲ
2896 2848 3036 2890 τινες
3082 2830 3244 2900 ἡμῶν
3279 2831 3387 2882 τῶν
3420 2826 3751 2900 τιμωμένων

2100 2919 2459 2995 προσχήματι
2505 2917 2626 2994 βίον
2675 2915 2908 2991 ἄσεμνον
2954 2916 3383 2990 ὐποκρύπτουσι,
3433 2911 3754 2988 σοϐηθῄτω-

2100 3029 2195 3063 σαν
2223 3009 2316 3063 τὸν
2342 3007 2736 3063 ἀνακαλύπτειν
2785 3009 2944 3080 ἡμῶν
2993 3007 3057 3061 τὸ
3103 3013 3300 3082 σχῆμα
3331 3003 3624 3080 μέλλοντα,
3657 3004 3748 3058 καὶ

2099 3103 2429 3178 φανεροῦντα
2456 3099 2551 3160 τὰς
2606 3095 2821 3174 βομλὰς
2874 3100 2985 3152 τῶν
3037 3093 3276 3174 καρδιῶν
3332 3097 3514 3168 ἡμῶν,
3545 3092 3597 3149 ἐν
3627 3096 3750 3156 ταῖς

2097 3188 2311 3244 πάντων
2338 3187 2659 3264 προκεῖσθαι
2691 3181 2845 3262 ὄψεσι
2895 3185 3025 3250 τοὺς
3066 3183 3118 3240 ἐν
3170 3185 3379 3257 ἑκάστῳ
3425 3184 3750 3259 γινομένους

2097 3279 2354 3356 χείρονας
2415 3275 2741 3354 λογισμούς.
2792 3275 3073 3332 Κυκλώσει
3146 3276 3251 3351 γὰρ
3307 3271 3532 3330 ἕκαστον
3590 3274 3752 3346 ἡμῶν

2096 3367 2164 3424 τὰ
2211 3363 2503 3423 διαϐούλια
2551 3366 2738 3433 αὐτοῦ,
2786 3367 2877 3421 καὶ
2927 3366 2982 3421 αἱ
3029 3365 3249 3442 πράξεις
3324 3364 3375 3420 ἰν
3427 3369 3545 3426 τοῖς
3594 3359 3758 3424 ἰδίοις

2097 3456 2441 3534 γνωρίσμασι
2489 3457 2932 3532 περιστήσονται,
2981 3455 3249 3532 αῑσχύνην
3299 3454 3390 3510 καὶ
3450 3450 3754 3526 ὀνειδισμὸν

2099 3547 2318 3602 αἰώνιον
2370 3548 2508 3619 ἡμῖν
2557 3544 2871 3622 ἐπάγουσαι,
2919 3547 3044 3601 ὅταν
3091 3544 3428 3623 ἐλέγχωνται
3496 3541 3751 3604 ἐναντίως

2099 3631 2325 3712 ἔχουσαι
2375 3635 2510 3710 πρὸς
2557 3635 2648 3690 τὸν
2710 3633 2899 3710 λόγον·
2953 3634 3090 3690 ὥστε
3147 3635 3240 3690 τὸν
3295 3633 3634 3710 κηρύσσοντα
3673 3631 3749 3705 μὴ

2099 3723 2376 3795 κλέπτειν,
2445 3723 2650 3780 κλοαέα
2723 3721 3147 3802 ἐφευρίσκεσθαι·
3209 3721 3302 3778 τὸν
3381 3721 3614 3798 λέγοντα
3673 3722 3750 3794 μή

2105 3813 2408 3890 μοιχεύειν,
2431 3812 2484 3869 ἐν
2510 3819 2629 3878 τοῖς
2680 3818 2906 3889 μοιχοῖς
2948 3809 3148 3890 ἔχοντα
3198 3814 3297 3882 τὴν
3351 3810 3544 3886 μερίδα
3575 3815 3754 3890 φωρᾶ-

2103 3906 2244 3959 σθαι’
2268 3905 2357 3958 τὸν
2394 3901 2830 3979 βδελυσσόμενον
2859 3903 2926 3958 τὰ
2955 3899 3181 3975 εἴδωλα,
3213 3900 3527 3978 ἱεροσυλίας
3563 3905 3753 3956 τοῦτον

2106 3995 2183 4067 μὴ
2215 3993 2579 4069 ἀπεχόμενον.
2629 3989 2801 4051 Ούδὶν
2852 3993 2954 4069 γὰρ
3006 3993 3266 4065 κρυπτὸν,
3321 3992 3350 4047 ὃ
3406 3991 3468 4048 ού
3513 4011 3756 4070 φανερω-

2102 4086 2342 4155 θήσεται·
2399 4080 2525 4138 ούδὶ
2573 4080 2990 4156 κεκαλυμμένον
3051 4084 3186 4157 (70),
3241 4082 3270 4138 ὃ
3328 4081 3426 4137 ούκ
3482 4079 3757 4136 ἀποκαλυ-

2102 4174 2387 4251 φθήσεται.

2178 4354 2300 4411 125.
2356 4352 2446 4410 Ἐν
2501 4353 2571 4420 τῆ
2625 4350 2808 4425 ἡμέρα
2887 4349 3067 4426 ἐκείνῃ
3137 4348 3330 4430 ἀφελεῖ
3396 4349 3600 4426 Κύριος
3653 4351 3755 4419 τὴν

2106 4441 2262 4514 δόξαν
2319 4445 2415 4496 τοῦ
2472 4441 2773 4514 ἱματισμοῦ
2832 4439 3030 4511 αὐτῶν,
3088 4440 3178 4496 καὶ
3252 4441 3342 4496 τὸν
3400 4439 3606 4514 κόσμον
3666 4439 3759 4496 αύ-

2104 4537 2234 4591 τῶν.
2266 4527 2486 4601 Ἐπειδὴ
2514 4529 2661 4606 παρὰ
2709 4533 2772 4586 τὸ
2823 4528 3029 4605 πρέπον
3086 4528 3393 4606 ἐχρήσαντο
3440 4535 3557 4593 τοῖς
3606 4527 3757 4586 διδο-

340 4618 558 4674 bantur
596 4622 800 4674 contra
857 4619 1049 4674 decori
1111 4619 1420 4690 rationem,
1456 4623 1679 4693 Auferet
1738 4623 1991 4680 Dominus

2109 4622 2288 4697 μένοις
2341 4619 2415 4684 εἰς
2472 4627 2694 4696 χρῆσιν,
2754 4618 2978 4698 ’Δφελεῖ
3027 4619 3224 4696 Κύριος
3284 4621 3384 4689 τὴν
3445 4617 3600 4692 δόξαν
3657 4623 3758 4676 τοῦ

339 4706 592 4778 gloriam
621 4709 938 4763 vestimenti
959 4724 1174 4780 earum,
1202 4725 1317 4780 quo
1340 4709 1399 4765 in
1433 4727 1606 4767 suum
1642 4715 1698 4767 et
1723 4727 1995 4768 occuren-

341 4796 491 4853 tium
513 4795 734 4853 malum
753 4797 1202 4854 amiciebantur.
1225 4799 1420 4870 Itaque
1432 4815 1665 4856 omnem
1686 4800 1994 4857 mulierem

339 4886 677 4943 vestimenti
704 4885 868 4941 cultu
895 4887 1257 4954 abutentem,
1284 4905 1350 4944 eo
1372 4888 1690 4962 spoliatum
1720 4891 1789 4946 iri
1824 4891 1994 4946 mini-

339 4980 521 5034 tatur.
575 4975 886 5043 Quoniam,
933 4977 1146 5050 inquit,
1192 4977 1545 5036 incedebant
1591 4980 1764 5037 etiam
1816 4982 1995 5039 simul

338 5067 574 5124 tunicas
605 5065 930 5133 trahentes,
953 5067 1120 5139 quasi
1155 5083 1269 5122 non
1292 5072 1600 5124 uterentur
1622 5069 1991 5142 vestimento,

2105 4714 2407 4787 ἱματισμοῦ
2451 4709 2651 4779 αὐτῶν,
2709 4709 2768 4765 ’ὸν
2818 4707 2905 4764 ἐπὶ
2954 4714 3106 4781 κακῷ
3155 4709 3357 4765 ἑαυτῶν
3401 4709 3491 4766 καὶ
3533 4714 3640 4765 τῶν
3683 4707 3757 4764 ἐν·

2104 4802 2485 4878 τυγχανόντων
2548 4798 2734 4864 αὐταῖς
2791 4795 3223 4876 περιεϐάλλοντο
3257 4801 3386 4874 (71).
3420 4801 3580 4855 Ὥστε
3609 4801 3757 4854 πᾶσα

2103 4893 2241 4968 γυνή
2291 4893 2474 4952 κακῶς
2520 4889 2839 4966 κεχρημένη
2899 4892 2968 4965 τῇ
3027 4885 3298 4964 περιϐολῇ
3356 4895 3458 4959 τῆς
3504 4887 3757 4959 ἐσθῆτος,

2101 4983 2198 5051 τὴν
2231 4983 2344 5056 (72)
2377 4978 2656 5058 ἀφαίρεσιν
2679 4977 3006 5035 ἀπειλεῖται.
3036 4974 3256 5048 Ἐπειδή
3289 4977 3379 5033 καὶ
3411 4976 3759 5055 ἐπορεύοντο,

2105 5071 2289 5150 φησὶν,
2321 5069 2435 5144 ἅμα
2485 5067 2740 5146 σύρουσαι
2787 5067 2914 5131 τοὺς
2972 5070 3213 5144 χιτῶνας
3275 5067 3350 5130 ὼς
3411 5068 3487 5142 μὴ
3531 5068 3757 5144 χρώμε-

408 5219 456 5256 ⁴⁸
485 5219 647 5294 Prov.
681 5235 738 5287 ι,
775 5219 860 5274 10.
938 5219 983 5255 ⁸⁸
1013 5218 1167 5276 Psal.
1198 5236 1388 5288 xxxrv,
1424 5222 1510 5276 19.
1586 5223 1631 5258 ⁸⁵
1661 5227 1685 5277 I
1717 5223 1845 5280 Cor.
1877 5242 1954 5294 IV,
1988 5245 1991 5273 ε

2118 5226 2163 5262 ⁸⁸
2188 5224 2333 5282 ibid.
2409 5223 2453 5258 ‘7
2486 5222 2617 5280 Ose.
2649 5239 2750 5290 vn,
2799 5225 2855 5277 2.
2932 5223 2976 5259 ⁴⁶
3006 5222 3160 5280 Psal.
3193 5239 3343 5289 xmx,
3379 5223 3466 5279 18.
3543 5223 3589 5258 "
3619 5223 3764 5280 Luo.

339 5308 465 5361 vm,
503 5291 585 5346 l7.

411 5446 526 5519 (68)
558 5447 678 5503 Vox
720 5444 1042 5508 ταπείνωσις
1102 5448 1209 5502 hoc
1264 5447 1387 5503 loco
1447 5453 1640 5506 notam
1671 5458 1726 5506 et
1755 5450 1992 5508 solitam

342 5519 835 5594 signiﬁcationem
881 5537 997 5575 non
1039 5520 1214 5594 habet
1246 5535 1258 5574 :
1294 5521 1395 5576 sed
1442 5523 1598 5577 sumi
1625 5522 1859 5579 videtur
1890 5540 1993 5594 pro

344 5592 875 5675 animadversione,
907 5610 1022 5663 qua
1051 5593 1202 5648 Deus
1233 5595 1521 5665 superbos
1554 5595 1742 5666 punit,
1777 5592 1995 5666 eosque

343 5665 651 5809 άθῖἓῖἶῃὲῗὲ
681 5740 928 5809 uterque
956 5735 1206 5795 Combet‘.
1241 5738 1301 5795 et
1328 5735 1430 5794 alii
1469 5752 1612 5795 mss.
1647 5753 1764 5797 non
1795 5738 1989 5812 pauci.

2103 5449 2277 5514 Editi,
2305 5444 2549 5517 ἕλκυσιν,
2577 5448 2806 5505 incuria
2836 5463 3170 5522 operarum.

2195 5523 2285 5590 70)
2319 5522 2482 5594 Regii
2513 5523 2722 5578 tertius
2753 5526 2809 5578 et
2837 5517 3106 5594 quartus,
3137 5517 3713 5594 κατακεκαλυμμένον.

2105 5663 2137 5721 λ
2175 5587 2287 5665 (71)
2325 5587 2510 5666 Major
2566 5611 2702 5668 pars
2760 5587 3029 5650 codicum
3086 5587 3445 5661 nostrorum,
3485 5587 3765 5669 ’περιεϐά-

2143 5685 2290 5721 οντο.

2171 5740 2287 5812 (72)
2318 5736 2572 5812 Uterque
2620 5736 2782 5795 Golb.
2828 5739 2888 5797 et
2941 5736 3084 5810 Reg.
3133 5737 3452 5812 secundus,
3503 5734 3761 5808 ισθῆτος.
