4130 6380
305 391 419 452 321

1130 385 1538 450 COMMENT.
1584 385 1663 447 ΙΝ
1710 385 1982 447 ISAIAM
2029 383 2542 447 PROPHETAM.
2589 385 2754 446 CAP.
2803 385 2902 445 lll.

3609 393 3727 452 322

305 542 391 577 ναι
443 523 523 592 τῷ
579 519 882 592 ἱματισμῷ,
945 516 1090 573 ἀλλὰ
1127 516 1582 593 παραχρώμεναι,
1633 513 1958 584 ὶκελεύσθη-

2099 517 2173 572 ιθᾶ
2211 533 2338 588 quas
2370 518 2769 584 abuterentur,
2800 517 2930 574 ideo
2969 518 3151 590 jussis
3204 524 3343 576 sunt
3393 522 3728 578 vestimenti

307 631 399 666 σαν
430 610 786 684 γυμνωθῆναι
816 611 915 673 τῆς
948 605 1111 678 δόξης
1157 610 1254 662 τοῦ
1313 607 1635 678 ἱματισμοῦ.
1688 604 1962 681 Ἀφαιρεῖ-

305 721 393 756 ται
456 695 640 772 μέντοι
667 695 757 751 καὶ
804 697 893 775 ἀφ’
949 697 1102 769 ἡμῶν
1147 696 1248 765 τὴν
1294 693 1448 768 δόξαν
1493 697 1589 750 τοῦ
1638 694 1966 768 ἱματισμοῦ,

307 787 398 845 ἕᾶν
428 785 656 858 ἀναξίως
706 785 854 858 αύτῷ
900 786 1243 861 κεχρημένοι
1285 789 1558 862 φανῶμεν,
1591 786 1968 839 καταπατοῦν-

307 900 396 942 τες
483 875 672 948 αὐτὸν,
747 875 838 930 καὶ
903 879 1010 929 τῶν
1086 874 1352 948 σαρκίνων
1418 873 1783 948 μολυσμάτων
1840 873 1968 926 ἀνα-

312 965 677 1041 πιμπλάντες·
729 963 824 1026 Τίς
881 961 939 1019 δέ
995 962 1136 1018 ἐστιν
1196 961 1352 1024 οὗτος
1405 963 1433 1018 6
1491 961 1968 1036 ἱματισμὸς,ἣτὸ

317 1054 518 1131 ἔνδυμα
565 1059 678 1110 τῶο
737 1053 926 1130 ἁγίων,
959 1054 987 1107 6
1024 1052 1228 1129 Κύριος
1257 1055 1418 1126 ἡμῶν
1451 1053 1661 1122 Ἰησοῦς
1691 1049 1966 1123 Χριστός

317 1151 470 1206 ’Ὀσοι
526 1145 624 1222 γὰρ
689 1143 766 1207 εἷς
832 1144 1067 1218 Χριστὸν
1137 1137 1516 1211 ἐϐαπτίσθητε.
1592 1142 1822 1217 Χριστὸν
1888 1138 1969 1194 ἐν·

321 1235 590 1304 εδύσασθε,
641 1233 698 1290 δν
753 1234 973 1311 ἀφαιρεῖ
1021 1231 1216 1306 Κύριος
1269 1232 1374 1288 ἀπὸ
1402 1235 1514 1286 τῶν
1547 1227 1636 1285 διὰ
1663 1234 1758 1284 τοῦ
1789 1231 1970 1306 ἁμαρ-

315 1328 488 1381 τάνειν
547 1325 609 1379 τὸ
667 1327 830 1397 σῶμα
884 1320 1360 1378 καταπατούντων.
1421 1322 1514 1375 καὶ
1571 1319 1634 1374 τὸ
1686 1320 1824 1393 αἷμα
1870 1325 1971 1388 τῆς

315 1412 584 1486 διαθήκης
633 1413 816 1468 κοινὸν
861 1413 1182 1487 ἡγουμένων
1241 1414 1376 1484 (73).
1435 1408 1648 1468 Τούτου
1696 1413 1794 1464 τοῦ
1841 1410 1969 1481 ἱμα-

310 1501 514 1578 τισμοῦ
570 1497 824 1576 σύμϐολα
879 1502 946 1570 ἦν
991 1501 1057 1556 τὰ
1112 1500 1306 1574 ἱμάτια
1359 1499 1457 1554 τοῦ
1515 1498 1760 1575 Ἰσραὴλ,
1792 1497 1858 1552 τὰ
1893 1499 1969 1571 μὴ

311 1587 708 1668 κατατριϐἑντα
739 1635 754 1663 ,
811 1591 991 1654 καθὼς
1049 1593 1349 1667 γεγραπται
1409 1587 1461 1644 ἐν
1523 1586 1970 1665 Δευτερονομίῳ,

314 1679 402 1739 ὅτι
463 1684 544 1740 Τὰ
599 1681 791 1757 ἱμάτια
843 1681 995 1755 ὑμῶν
1056 1680 1117 1736 ού
1170 1673 1486 1755 κατετρίϐη,
1547 1675 1732 1733 καίτᾶ
1765 1673 1972 1747 ὑποδή-

314 1793 467 1847 ματα
513 1771 567 1828 ὲν
622 1775 740 1835 τοῖς
816 1770 975 1826 ποσὶν
1054 1770 1208 1844 ὑμῶν
1288 1767 1387 1825 οὐκ
1436 1765 1756 1838 ἐπαλαιώθη
1788 1787 1800 1799 ο
1857 1765 1970 1821 ἐπεὶ

309 1862 408 1918 καὶ
457 1862 526 1918 τά
580 1858 909 1934 ὑποδήματα
967 1853 1223 1934 σύμϐολα
1271 1859 1338 1927 ἦν
1369 1857 1820 1952 τῆςᾘέἐτοιμασίας
1877 1858 1975 1910 τοῦ
2008 1888 2056 1952 Β

310 1949 657 2029 Εύαγγελίου
703 1957 805 2020 τῆς
856 1948 1100 2022 εἰρήνης.
1153 1950 1256 2004 ’Ἡν
1302 1947 1403 2024 γὰρ
1457 1943 1660 2002 δέδωκε
1699 1947 1972 2016 Διαθήκην

312 2043 527 2111 Καινὴν
579 2042 692 2114 (74)
741 2039 974 2114 Χριστὸς
1019 2039 1252 2110 Ἰησοῦς,
1307 2035 1452 2110 μὲνει
1483 2036 1668 2108 καινὴ,
1703 2032 1978 2110 μηδέποτε

310 2129 728 2204 παλαιουμὲνη.
790 2129 953 2186 Ὃσον
1011 2127 1114 2203 γὰρ
1165 2127 1431 2202 χρώμεθα
1480 2125 1660 2198 τούτῳ
1715 2126 1805 2180 καὶ
1857 2129 1974 2188 τοῖς

315 2219 665 2292 ὑποδήμασι,
709 2216 951 2273 τοσούτω
1004 2215 1290 2291 καινότερα
1339 2216 1564 2290 γίνεται,
1612 2215 1692 2270 ἀεὶ
1730 2215 1976 2292 προσφά-

313 2331 420 2365 του
465 2308 554 2364 καὶ
585 2308 708 2369 νᾶας
741 2305 1129 2381 ἐπιγινομένης
1179 2306 1316 2378 ἡμῖν
1360 2311 1460 2374 τῆς
1512 2302 1825 2377 ἑτοιμασίας
1882 2306 1980 2356 τοῦ

314 2397 659 2476 Εύαγγελίου
689 2394 742 2452 ἐν
773 2398 843 2468 τῇ
871 2399 1128 2472 προκοπῇ
1175 2401 1274 2466 τῆς
1323 2393 1399 2457 εἰς
1447 2394 1676 2469 Χριστὸν
1727 2392 1978 2454 πίστεως.

324 2494 432 2545 Καὶ
480 2486 610 2551 τοὺς
656 2479 969 2559 κοσύμϐους
1027 2487 1161 2559 (75).
1211 2484 1564 2561 Ἀφαιρήσειν
1611 2479 1826 2538 ἀπειλεῖ
1872 2484 1981 2536 τῶν

320 2576 836 2650 καλλωπιζομὲνων
884 2577 1152 2649 γυναικῶν
1216 2569 1306 2627 διὰ
1346 2576 1444 2627 τοῦ
1491 2573 1777 2650 προφήτου
1819 2573 1846 2627 6
1878 2570 1982 2625 Κύ-

329 2687 447 2746 ριος
477 2666 572 2722 καὶ
603 2664 730 2727 τοὺς
759 2657 1092 2736 κοσύμϐους.
1145 2661 1222 2720 Ού
1252 2662 1392 2716 πάνυ
1423 2659 1480 2716 δὲ
1509 2665 1545 2732 ἡ
1575 2665 1672 2716 τοῦ
1701 2655 1984 2734 κοσύμϐου

327 2755 470 2828 λέξις
515 2759 586 2830 τῇ
619 2750 924 2826 Ἑλληνικῇ
957 2750 1212 2824 συνηθείᾳ
1235 2751 1643 2824 καθωμίληται,
1695 2749 1816 2815 ὅθεν
1861 2747 1987 2805 οὐδὲ

329 2847 358 2902 6
389 2849 514 2907 νοῦς
543 2843 710 2914 αὐτῆς
736 2839 1042 2917 πρόδηλος.
1078 2841 1229 2910 Πλὴν
1263 2843 1428 2914 ἡμεῖς
1459 2840 1510 2895 ἐν
1559 2845 1629 2916 τῇ
1678 2844 1982 2914 κατασκευῇ

331 2943 430 3006 τῆς
457 2935 846 3010 ἀρχιερατικῆς
874 2931 1100 3001 ἐσθῆτος
1139 2930 1384 3007 εὑρόντες
1435 2934 1644 3006 χιτῶνα
1689 2924 1983 3003 κοσυμϐω-

329 3025 447 3093 τὸν,
479 3022 676 3100 ἔχοντα
708 3018 960 3098 ῥοΐσκους
1009 3021 1098 3075 καὶ
1143 3017 1425 3088 κώδωνας,
1458 3017 1803 3092 ἀποδέσμους
1835 3018 1985 3080 τινὰς

332 3117 440 3168 τῶν
489 3118 773 3186 κροσσὼν,
825 3108 1122 3182 ἐνοήσαμεν
1173 3107 1301 3170 τοὺς
1343 3102 1658 3180 κοσύμϐους
1707 3126 1985 3182 συναπηρ-

333 3199 603 3274 τημένους
635 3203 750 3260 τοῖς
782 3194 1001 3252 κώδωσι
1031 3201 1148 3260 τοῖς
1175 3200 1427 3272 χρυσοῖς,
1476 3197 1567 3250 καὶ
1596 3201 1712 3258 τοῖς
1741 3193 1982 3272 ῥοΐσκοις

2075 607 2262 680 gloria
2293 607 2526 680 privari.
2551 608 2752 664 Aufert
2781 607 3018 680 quidem
3048 615 3106 665 et
3135 629 3166 665 a
3197 609 3367 667 nobis
3390 613 3726 668 vestimenti

2074 696 2345 770 gloriam,
2401 698 2448 754 si
2498 714 2565 754 eo
2614 698 3109 769 deprehendimur
3147 699 3388 773 indigne
3438 700 3544 772 uti,
3580 699 3726 756 illud

2077 787 2508 853 conculcantes,
2525 791 2700 859 atque
2722 787 3056 844 carnalibus
3079 788 3544 860 inquinamentis
3567 805 3726 845 com-

2077 876 2323 948 plentes.
2349 877 2466 932 Hoc
2487 881 2686 932 autem
2710 878 3125 934 vestimentum
3149 879 3444 951 quodnam
3477 883 3588 948 est,
3613 878 3729 934 nisi

2077 970 2419 1022 sanctorum
2461 965 2897 1034 indumentum,
2932 967 3056 1038 ipse
3084 967 3369 1024 Dominus
3401 974 3598 1026 noster
3625 969 3730 1026 Je-

2078 1073 2182 1112 sus
2211 1055 2480 1112 Christus
2501 1056 2530 1111 ‘t
2580 1055 2896 1127 Quicunque
2926 1057 3078 1112 enim
3108 1059 3168 1112 in
3203 1057 3418 1114 Christo
3465 1059 3736 1132 baptizati

2077 1146 2228 1214 estis,
2267 1143 2544 1201 Christum
2594 1145 2854 1201 induisti:
2875 1146 2940 1215 ⁸ο,
2973 1163 3145 1218 quem
3197 1147 3268 1203 ab
3300 1146 3375 1204 iis
3405 1149 3596 1204 aufert
3625 1149 3736 1205 Do-

2082 1235 2306 1299 minus,
2336 1234 2436 1306 qui
2488 1250 2701 1306 corpus
2759 1233 3103 1307 proculcant
3157 1253 3260 1308 per
3316 1242 3647 1309 peccatum,
3679 1241 3739 1294 et

2080 1323 2417 1380 testamenti
2451 1322 2800 1396 sanguinem
2827 1341 2928 1396 pro
2961 1323 3180 1394 polluto
3211 1342 3276 1381 ae
3309 1326 3608 1382 communi
3642 1327 3742 1383 ba-

2081 1413 2220 1468 bent
2245 1413 2312 1469 ".
2338 1413 2668 1468 lndumenti
2701 1413 2878 1484 hujus
2904 1413 3091 1486 ﬁgura
3113 1419 3282 1470 erant
3312 1415 3618 1471 Israelitici
3640 1432 3738 1488 po-

2083 1501 2204 1574 puli
2236 1505 2451 1568 vestes,
2475 1518 2848 1573 nequaquam
2882 1502 3128 1570 detritee,
3153 1504 3237 1558 uti
3259 1505 3544 1576 scriptum
3569 1509 3658 1561 est
3677 1505 3740 1560 in

2083 1591 2536 1647 Deuleronomio
2558 1592 2621 1646 ⁵³.
2652 1593 2972 1648 Vestimenta
3007 1601 3180 1648 vestra
3220 1610 3332 1649 non
3360 1601 3488 1650 sunt
3514 1595 3744 1666 detrita,

2084 1685 2137 1736 et
2166 1681 2551 1737 ealceamenta
2586 1684 2642 1735 in
2668 1681 2902 1752 pedibus
2940 1683 3140 1738 vestris
3171 1699 3281 1738 non
3310 1691 3442 1739 sunt
3483 1686 3749 1741 vetustate

2084 1779 2424 1842 consumpta.
2458 1770 2766 1826 Enimvero
2801 1771 2919 1826 haec
2948 1770 3124 1826 etiam
3157 1771 3551 1829 calceamenta
3581 1789 3748 1846 sym-

2085 1857 2220 1914 bola
2248 1864 2415 1916 erant
2461 1875 2527 1915 ac
2576 1860 2767 1932 figura
2797 1860 3242 1932 praeparationis
3288 1861 3585 1934 Evangelii
3638 1879 3745 1934 pa-

2087 1947 2170 2004 cis
2196 1949 2260 2004 ⁸³.
2289 1947 2435 2005 Nam
2468 1948 2694 2004 Novum
2727 1949 3174 2004 Testamentum
3205 1951 3360 2021 quod
3390 1951 3564 2008 Jesus
3587 1951 3746 2008 Chri-

2089 2041 2218 2094 stus
2257 2037 2519 2108 tradidit,
2553 2054 2769 2094 novum
2819 2045 3167 2110 perseverat,
3204 2055 3310 2094 nec
3341 2043 3431 2095 est
3479 2057 3743 2112 unquam

2090 2127 2543 2199 antiquandam.
2568 2126 2715 2182 Nam
2747 2143 2862 2198 quo
2893 2127 3081 2198 magis
3113 2127 3220 2184 hoc
3251 2129 3596 2184 vestimento
3625 2127 3746 2184 cal-

2091 2214 2527 2287 ceamentisque
2559 2214 2803 2286 utimur,
2827 2231 2893 2272 eo
2927 2219 3174 2288 utraque
3217 2216 3366 2270 ﬁunt
3398 2217 3742 2287 recentiora,

2092 2304 2571 2377 quandoquidem
2595 2305 2708 2360 ﬁde
2725 2321 2853 2376 quae
2874 2303 2931 2359 in
2949 2304 3250 2361 Christum
3275 2311 3364 2360 est
3382 2305 3744 2376 proficiente,

2095 2412 2206 2466 pra'
2215 2394 2440 2466 paratio
2458 2393 2747 2466 Evangelii
2767 2410 2970 2450 recens
2987 2411 3221 2468 semper
3235 2412 3300 2450 ac
3327 2412 3471 2450 nova
3491 2395 3550 2450 in
3575 2395 3745 2450 nobis

2094 2483 2376 2540 succedit.
2410 2484 2473 2538 Et
2521 2485 2816 2554 eosymbos.
2861 2484 2908 2539 A
2939 2482 3288 2541 mulieribus
3349 2483 3530 2540 nimio
3579 2483 3744 2540 cultu

2093 2572 2388 2631 exornatis
2417 2574 2728 2645 cosymbos
2774 2573 2950 2629 etiam
2998 2573 3331 2630 ablaturum
3365 2591 3426 2630 se
3458 2573 3747 2630 Dominus

2094 2680 2194 2736 per
2245 2662 2593 2735 prophetam
2634 2662 3052 2719 comminatur.
3087 2663 3206 2719 Hoc
3251 2668 3448 2719 autem
3504 2665 3751 2736 cosymbi

2093 2749 2445 2809 vocabulum
2479 2768 2592 2807 non
2626 2751 2791 2808 valde
2823 2753 3132 2808 admodum
3163 2752 3358 2809 Graaco
3394 2771 3498 2810 usu
3536 2757 3627 2809 est
3656 2769 3746 2809 re-

2093 2848 2349 2914 ceptum,
2385 2842 2539 2896 unde
2571 2841 2813 2897 minime
2845 2843 3155 2914 perspicua
3194 2847 3284 2898 est
3332 2841 3493 2898 illius
3525 2841 3751 2898 intelli-

2095 2931 2308 3006 gentia.
2334 2931 2480 2995 Quia
2502 2935 2696 2986 tamen
2721 2931 2778 2985 in
2803 2932 2980 2987 vestis
3002 2932 3313 3003 pontificiis
3337 2935 3622 3004 apparatu
3653 2936 3748 2988 tu-

2097 3021 2286 3078 nicam
2312 3019 2606 3092 cosymbis
2629 3025 2895 3076 ornatam
2929 3027 2984 3075 et
3009 3019 3178 3076 malis
3203 3021 3432 3092 punicis
3456 3038 3522 3077 ec
3545 3020 3749 3077 tintin-

2096 3107 2332 3166 nabulis
2393 3108 2739 3162 instructam
2789 3108 3199 3180 reperimus“,
3224 3110 3498 3181 cosymbos
3546 3109 3748 3166 existi-

2097 3197 2388 3254 mavimus
2405 3197 2691 3268 quosdam
2713 3212 2843 3252 esse
2866 3197 3232 3254 ﬁmbriarum
3258 3199 3588 3266 nodos,una
3608 3214 3746 3254 cum

473 3293 581 3345 τῶν
611 3285 810 3360 ἄκρων,
842 3284 934 3349 οὕς
975 3266 1275 3359 ἐμιμοῦντο
1322 3285 1441 3348 καθ’
1491 3266 1804 3360 ὑπερϐολὴν
1855 3305 1981 3360 τρυ-

2101 3285 2512 3344 tintinnabulis
2546 3286 2738 3342 aureis
2769 3291 2827 3342 et
2866 3286 3038 3342 malis
3070 3287 3300 3359 punicis
3348 3289 3420 3345 ab
3468 3288 3747 3345 extremis

335 3385 440 3456 φῆς
469 3377 560 3432 καὶ
591 3378 646 3431 αἱ
697 3376 981 3450 θυγατέρες
1035 3375 1176 3428 Σιὼν
1232 3371 1285 3428 ἐν
1316 3377 1385 3448 τῇ
1416 3368 1688 3450 περιϐολῇ
1719 3380 1819 3443 τῆς
1851 3372 1990 3436 ἰδίας

333 3466 512 3523 ηύτῶν
545 3466 794 3534 ἐσθῆτος·
829 3461 898 3518 δι’
927 3465 1002 3518 ὧν
1031 3457 1309 3540 ἐνύϐριζον
1353 3465 1464 3537 (76)
1521 3468 1638 3525 τοῖς
1697 3463 1990 3536 ἱερατικοῖς

340 3553 630 3629 ίδιώμασιν
667 3599 682 3627 ,
771 3550 1050 3608 ὑακίνθινα
1122 3551 1214 3606 καὶ
1288 3551 1515 3606 κόκκινα
1588 3546 1995 3625 ἐγκομϐώματα

335 3649 580 3723 κροσσῶν
673 3641 1036 3719 ἀπηρτημένα
1121 3645 1218 3697 τοῦ
1321 3639 1580 3714 λώματος
1675 3640 1995 3719 περιφέρου-

340 3756 449 3792 σαι.

421 3914 543 3970 126.
606 3912 704 3966 Καὶ
760 3909 888 3974 τοὺς
973 3907 1294 3983 μηνίσκους,
1353 3908 1443 3964 καὶ
1493 3909 1556 3964 τὸ
1615 3908 1849 3982 κᾶοεμα,
1907 3908 1997 3964 καὶ

341 4000 434 4058 τὸν
461 4000 670 4074 κόσμον
695 4004 794 4055 τοῦ
841 3998 1146 4074 προσώπου
1206 3996 1402 4060 αὐτῶν,
1463 3999 1589 4053 Κατ’
1649 3995 1792 4062 εἶδος
1848 3997 2000 4069 ἐπεξ-

344 4093 562 4166 ἰρχεται
640 4094 718 4162 τῷ
787 4087 1076 4164 γυναικείῳ
1148 4085 1367 4160 κόσμῳ,
1432 4087 1496 4142 τὸ
1564 4087 1848 4165 περίεργον
1902 4093 2000 4144 τοῦ

344 4180 749 4252 καλλωπισμοῦ
781 4176 1071 4250 διασύρων.
1102 4175 1322 4255 ’Λφελεῖ
1365 4177 1466 4253 γὰρ
1501 4177 1698 4253 Κύριος
1745 4181 1858 4252 (77)
1909 4176 1998 4233 καὶ

341 4271 468 4333 τοὺς
520 4268 816 4343 μηνίσκους
870 4268 956 4322 καὶ
1017 4266 1078 4322 τὸ
1127 4268 1359 4340 κάθεμα.
1413 4267 1750 4345 Σαφέστερον
1784 4263 1842 4322 δὲ
1870 4266 2001 4331 τοὺς

351 4358 650 4434 μηνίσκους
679 4357 861 4433 ἓτερος
912 4354 1188 4427 ἐξέδωκεν,
1242 4355 1433 4430 εἰπὼν,
1491 4356 1581 4411 καὶ
1636 4356 1763 4420 τοὺς
1808 4356 2002 4430 μανιά-

346 4469 464 4511 κας·
516 4447 604 4504 καὶ
636 4447 754 4502 ἀντὶ
798 4450 894 4501 τοῦ
931 4445 1235 4519 καθὲματος
1289 4444 1455 4499 εἶ’πὼν
1502 4444 1770 4520 χαλαστά.
1825 4444 2001 4517 Μηνί-

348 4559 477 4600 σκος
504 4537 686 4593 τοίνυν
719 4535 926 4610 κόσμος
949 4533 1060 4590 ἐστὶ
1083 4537 1321 4611 γρυσοῦς
1343 4534 2005 4611 περιτραχήλιος,κυκλο-

2101 3377 2432 3433 vestimenti
2473 3375 2738 3448 partibus
2780 3376 3200 3448 dependentes,
3231 3394 3379 3448 quos
3407 3381 3583 3434 etiam
3617 3377 3750 3434 illius

2102 3464 2241 3520 Sion
2275 3480 2386 3534 prae
2419 3479 2526 3518 suo
2559 3463 2740 3517 nimio
2771 3461 2910 3517 luxu
2943 3461 3332 3518 imitabantur
3360 3463 3419 3518 in
3451 3462 3542 3519 sui
3573 3462 3751 3518 vesti-

2104 3550 2286 3608 menti
2316 3549 2563 3606 ambitu.
2597 3552 2720 3618 Quo
2769 3555 2938 3622 pacto
2985 3551 3340 3623 peculiarem
3372 3553 3624 3609 vestium
3656 3569 3754 3608 sa-

2104 3639 2489 3698 cerdotalium
2531 3639 2966 3710 praerogativam
3003 3640 3456 3711 dedecorabant,
3484 3657 3611 3698 cum
3642 3641 3754 3698 cir-

2107 3732 2462 3790 cumferrent
2493 3731 2715 3786 nodosa
2756 3729 3125 3786 ﬁmbriarum
3161 3737 3506 3788 ornamenta
3535 3731 3608 3788 ab
3638 3731 3758 3788 ima

2105 3822 2407 3893 vestisjora
2429 3820 2764 3893 pendentia,
2784 3837 2968 3892 eaque
2988 3820 3366 3891 hyacinthina
3387 3826 3444 3878 et
3465 3821 3754 3878 coccinea.

2182 3912 2302 3967 126.
2328 3910 2618 3965 Vsas.19.
2639 3910 2700 3963 Fl
2731 3909 2977 3979 luna/as,
3009 3913 3058 3965 et
3087 3911 3292 3965 monile
3319 3910 3635 3979 demissum,
3667 3925 3758 3966 or-

2110 4011 2301 4057 natum
2327 4001 2498 4071 faciei
2537 4014 2751 4055 earum.
2785 3999 3071 4054 Mundus:
3117 3998 3460 4056 muliebrem
3495 3999 3763 4072 singula-

2110 4091 2213 4146 tim
2249 4087 2557 4163 percurrit,
2589 4092 2765 4160 atque
2796 4088 2852 4143 id
2887 4088 3040 4160 quod
3071 4087 3130 4144 in
3173 4088 3281 4144 hoc
3314 4094 3523 4145 ornatu
3557 4105 3762 4161 super-

2113 4178 2296 4235 ﬂuum
2321 4184 2428 4247 est,
2453 4177 2846 4250 reprehendit.
2866 4178 3103 4233 Auferet
3122 4178 3278 4235 enim
3306 4179 3588 4234 Dominus
3609 4181 3659 4234 et
3681 4179 3762 4234 tu-

2108 4271 2271 4325 nulas
2295 4273 2345 4325 et
2366 4268 2568 4324 monile
2589 4267 2906 4324 demissum.
2926 4266 3090 4323 Alius
3117 4271 3310 4324 autem
3345 4267 3764 4338 interpretatus

2111 4365 2203 4415 est
2259 4358 2497 4425 clarius,
2531 4375 2634 4429 pro
2682 4355 2906 4412 lunulis
2951 4357 3098 4412 467
3151 4357 3375 4426 dicens,
3404 4367 3454 4412 et
3510 4361 3764 4429 torques;

2113 4449 2434 4518 dieensque
2481 4445 2608 4502 loco
2656 4443 2892 4500 monilis
2923 4444 3188 4513 demissi,
3221 4449 3273 4501 et
3315 4445 3619 4502 catenatas.
3650 4445 3763 4501 Lu-

2117 4536 2259 4592 nula
2289 4535 2471 4608 igitur
2499 4551 2745 4590 aureum
2782 4539 2872 4589 est
2911 4541 3318 4590 ornamentum
3345 4535 3494 4592 collo
3516 4534 3766 4590 circum-

347 4625 518 4704 τέρως
564 4625 1024 4701 ἀπειργασμένος,
1073 4623 1132 4678 ὃν
1179 4622 1583 4698 περιτιθὲμιναι
1624 4625 1680 4678 αἱ
1727 4630 1978 4699 γυναῖκες

2115 4626 2398 4699 positum,
2429 4621 2802 4680 orbiculatim
2835 4623 3132 4693 effectum,
3154 4624 3310 4696 quod
3353 4641 3491 4680 cum
3522 4623 3634 4680 sibi
3665 4622 3769 4680 ad-

347 4716 552 4794 γυμνὸν
587 4712 966 4785 ἐπιτηδεύουσι
999 4709 1379 4787 προδεικνύναι
1413 4713 1505 4766 τὸν
1551 4711 1861 4788 τράχηλον,
1913 4715 2002 4770 καὶ

350 4803 722 4880 ἀναισχύντως
750 4799 1127 4878 ἂπογυμνοῦν,
1159 4797 1194 4855 ἄ
1223 4798 1616 4877 συγκαλύπτειν
1661 4801 2007 4877 εὐσχημονε-

351 4913 561 4970 στιρον.
597 4892 702 4950 Καὶ
729 4892 793 4947 τὸ
822 4891 1034 4965 κάθεμα
1063 4889 1274 4964 κόσμος
1299 4888 1382 4953 τίς
1407 4888 1542 4964 ἑστι,
1573 4889 1664 4945 καὶ
1690 4889 1852 4954 αὐτὸς
1877 4902 2008 4956 καθ-

2119 4718 2328 4788 aptant
2360 4713 2659 4781 mulieres,
2680 4713 2920 4768 student
2941 4711 3156 4769 collum
3191 4714 3416 4769 nudum
3449 4712 3642 4784 palam
3671 4726 3771 4771 tos-

2118 4804 2378 4872 tendere,
2397 4805 2455 4858 et
2483 4817 2550 4858 ea
2572 4817 2703 4873 quae
2723 4800 3166 4858 convenientius
3187 4805 3544 4874 tegerentur,
3570 4799 3768 4872 impu-

2120 4894 2327 4949 denter
2346 4890 2538 4947 denud
2548 4907 2665 4946 are.
2685 4893 2757 4945 At
2785 4891 2992 4946 monile
3011 4892 3310 4948 demissum
3329 4890 3570 4964 quidam
3599 4904 3774 4945 mun-

423 5032 468 5068 ⁸ο
498 5029 624 5088 Gal.
657 5046 745 5098 ιιι,
775 5029 868 5085 27·
944 5029 990 5066 ⁸1
1020 5027 1196 5085 Hebr.
1223 5045 1282 5101 κ,
1310 5028 1402 5085 29.
1480 5028 1526 5065 ⁵³
1557 5028 1727 5085 Deut.
1760 5044 1915 5098 xx1x,
1947 5029 1984 5084 5

2099 5029 2124 5064 ³
2152 5029 2366 5101 Ephes.
2401 5045 2480 5096 v1,
2511 5029 2597 5083 15.
2675 5026 2721 5062 '5‘
2751 5026 2923 5084 Exod.
2959 5044 3160 5097 xxvm,
3192 5028 3285 5096 33,
3316 5028 3404 5084 34.

355 5155 712 5234 προσδοκάτω
771 5157 940 5231 αύτῆς
995 5161 1117 5230 τήν,
1170 5165 1365 5234 Itaque
1413 5164 1592 5218 omnis
1638 5163 1848 5219 mulier
1892 5177 1986 5234 qua

2129 5162 2276 5230 fuse,
2311 5163 2392 5217 ita
2441 5161 2754 5234 diligenter
2809 5161 3076 5234 disputat
3125 5160 3368 5234 Dueaaus
3399 5176 3413 5216 :
3447 5157 3641 5231 cujus,
3673 5131 3774 5230 qui

359 5233 666 5290 vestimenti
685 5236 839 5289 cultu
864 5236 1140 5307 abutitur,
1160 5233 1698 5307 ejusademptionem
1717 5233 2012 5307 exspectet.

357 5307 518 5361 Haud
553 5307 984 5362 contemnenda
1011 5305 1203 5362 lectio.
1227 5305 1338 5361 Alii
1363 5305 1480 5363 tres
1502 5323 1645 5364 mss.
1671 5305 1823 5364 cum?
1839 5308 2014 5364 editis

357 5377 442 5434 uti
476 5377 535 5432 in
567 5381 860 5432 contextu.

427 5450 554 5523 (73)Δ
569 5449 664 5504 Sic
693 5447 826 5523 libri
869 5447 1130 5521 quinque
1168 5451 1409 5506 veteres.
1443 5451 1600 5506 Editi
1629 5455 1688 5508 et
1717 5451 1858 5523 Reg.
1891 5453 2016 5506 ter-

357 5520 398 5578 ti
407 5517 498 5588 lis,
525 5517 644 5591 in?)
653 5539 717 5572 σα
726 5517 919 5591 μένων.

427 5593 540 5664 (74)
575 5590 784 5648 Vocem
819 5590 1198 5664 Καινήν,,(]ι]αξ
1244 5591 1302 5664 in
1335 5593 1510 5650 editis
1541 5593 2010 5662 desiderabatur,

356 5664 806 5736 suppeditavere
834 5663 1061 5736 antiqui
1091 5669 1212 5719 tres
1231 5663 1403 5736 libri.

416 5728 543 5816 (75)
573 5737 656 5794 De
707 5728 1140 5812 signiﬁcatione
1191 5734 1319 5816 ejus
1379 5736 1556 5809 vocis,
1615 5728 1915 5812 κόσυμϐος,
1947 5737 2014 5794 ut

2127 5235 2334 5290 barum
2381 5252 2575 5290 rerum
2607 5233 2823 5288 curiosi
2871 5241 3031 5301 sunt,
3063 5233 3526 5287 erudilissimam
3577 5237 3772 5301 notam

2125 5307 2323 5393 legant
2369 5307 2604 5393 suadeo.
2643 5305 2793 5361 Illud
2837 5300 3775 5393 quoidg'inonilougetlegitujrggagai

2123 5372 2251 5440 τοῦς
2291 5376 2631 5450 κοσύμοους,
2665 5394 2734 5433 ex
2780 5372 3040 5447 antiquis
3089 5375 3280 5431 tribus
3307 5372 3504 5431 vlibris'
3547 5372 3777 5430 addidi-

2341 5523 2482 5594 Reg.
2507 5523 2811 5594 “quartus,
2859 5509 3159 5588 ἐνύϐριζον.
3187 5518 3372 5594 Δ(ζωὴ.
3406 5518 3656 5594 primus,
3693 5513 3775 5568 εν-

2124 5587 2571 5667 υϐρίζουσᾼιῘΑιὶἷ
2599 5589 2839 5667 quidam
2875 5587 3109 5667 messui.
3129 5589 3298 5667 _ed_i_ti,
3330 5587 3748 5667 tvuopitououtz.

2124 5613 2190 5646 υο
2235 5613 2425 5662 ιςουσι.
2457 5613 2566 5647 Alu
2599 5613 2839 5662 quruaru
2875 5613 3017 5643 mss.
3051 5613 3109 5643 et
3137 5613 3298 5659 eum,
3330 5613 3748 5667 ενυοριςουσιπιι.⁸

2120 5613 2438 5798 ωΒῗἹὲἐθῗέιί
2459 5667 2684 5721 veteres
2714 5659 2976 5735 quinque
3005 5657 3165 5718 libri.
3191 5661 3315 5719 Vox
3344 5659 3541 5738 Κύριος
3569 5661 3630 5718 in
3661 5658 3778 5756 οάιέ
