4130 6380
352 384 472 445 323

1297 376 1691 440 APPENDIX
1732 374 2056 440 OPERUM
2105 375 2172 438 S.
2218 372 2503 438 BASILII
2549 374 2825 440 MAGNI.

3649 379 3766 440 324

351 518 465 574 dus
495 520 603 584 est,
637 521 694 573 et
721 516 846 589 ipse
875 516 1112 587 quidem
1144 513 1459 579 demissus,
1478 519 1537 570 et
1565 515 1635 570 ad
1669 517 1878 586 pectus
1908 529 1994 568 us-

2124 508 2334 583 ιίμενος
2395 513 2509 584 (78)
2563 510 2747 584 μέντοι
2795 509 2886 566 καὶ
2944 505 3377 566 έπικατιοϐαίνων
3433 517 3513 584 τῷ
3559 514 3766 586 στήθει,

352 622 470 678 que
502 606 890 672 descendens,
915 605 1137 659 levibus
1169 618 1235 659 ac
1266 602 1474 660 laxatis
1518 603 1875 675 quibusdam
1906 617 2004 656 ca-

350 696 576 755 tenulis
605 697 970 770 dependens;
997 695 1094 765 qui
1130 699 1193 748 ut
1217 693 1495 749 omnibus
1523 693 1600 749 sit
1627 693 2002 764 conspicuus,

353 793 563 861 pectus
585 788 855 843 decenter
881 784 996 856 tegi
1028 801 1142 839 non
1174 801 1345 856 posse
1365 783 1605 839 omnino
1627 798 1865 838 necesse
1895 785 2004 836 est.

357 878 424 934 Et
452 880 713 932 ornatum
743 875 910 945 faciei
936 889 1149 928 earum.
1182 877 1332 928 Sunt
1361 878 1419 928 et
1450 872 1673 928 colores
1702 873 1941 944 quidam
1973 887 2008 926 a

355 966 704 1023 mulieribus
736 965 805 1019 ad
849 962 1244 1019 deoorandam
1277 962 1482 1018 faciem
1513 961 1678 1016 valde
1706 958 2004 1032 exquisiti,

353 1056 544 1126 albus,
586 1054 829 1122 rubens,
861 1059 919 1108 et
969 1052 1123 1108 alius
1170 1053 1355 1124 niger.
1387 1052 1569 1107 Albus
1617 1049 2004 1106 albitudinem

350 1145 672 1203 ementitur
723 1141 1014 1215 corporis;
1067 1142 1287 1198 rubens
1333 1141 1392 1195 in
1442 1140 1608 1213 genis
1653 1139 2003 1207 efﬂorescit;

351 1235 520 1307 niger
548 1233 609 1289 in
643 1233 884 1289 modum
933 1230 1087 1286 lunae
1126 1232 1186 1286 in
1219 1247 1438 1287 cornua
1483 1234 1733 1286 curvatas
1781 1229 2003 1284 circum

351 1322 554 1381 oculos
583 1321 901 1394 supercilia
928 1319 1228 1392 depingit:
1263 1336 1436 1392 quem
1469 1309 1870 1391 ipsum'etiam
1901 1317 2009 1373 Do-

352 1414 552 1469 minus
583 1411 919 1468 ablaturum
953 1425 1016 1465 se
1046 1410 1480 1466 interminatur.
1506 1409 1635 1464 Haec
1657 1407 1892 1480 quidem
1916 1408 2005 1463 di-

349 1503 450 1571 cit,
475 1519 550 1558 ne
594 1501 853 1557 virorum
908 1501 1401 1555 circumveniatur
1446 1499 1830 1568 continentia,
1865 1513 2006 1555 neve

347 1591 641 1664 ejusmodi
675 1590 920 1663 picturis
949 1587 1316 1646 miserabiles
1343 1587 1494 1643 oculi
1520 1588 1808 1658 juvenum
1831 1587 2008 1643 corri-

342 1681 606 1754 piantur.
640 1679 876 1751 Alioqui
915 1684 1057 1734 tunc
1087 1678 1428 1734 auferantur
1458 1676 1678 1746 istbec,
1711 1693 1846 1732 cum
1878 1693 2003 1733 om-

341 1769 443 1827 nia
473 1787 668 1826 coram
695 1769 895 1841 judice
938 1768 1226 1824 sistentur
1272 1767 1432 1823 nuda
1457 1771 1515 1822 et
1544 1770 1780 1838 aperta;
1816 1783 2002 1837 quan-

2115 597 2377 675 χαλαρῶν
2424 604 2586 655 τινῶν
2617 599 2858 656 ἁλύσεων
2899 601 3320 676 ἀπῃωρημένος,
3379 602 3439 663 ’ὸς
3489 599 3584 656 ’ίνα
3629 623 3766 674 προ-

2115 689 2392 767 φαίνηται,
2450 689 2668 752 πάντως
2721 689 2922 764 ἀνάγκη
2987 688 3129 762 μηδὶ
3181 692 3248 746 τὰ
3293 691 3417 766 περὶ
3448 691 3510 746 τὸ
3566 693 3766 762 στῆθος

2115 778 2480 855 εὐσχημόνως
2512 779 2906 844 συνεσκιάσθαι.
2939 780 3034 834 Καὶ
3066 780 3157 834 τὸν
3205 779 3410 854 κόσμον
3455 786 3554 836 τοῦ
3591 803 3764 858 προσ-

2114 868 2267 924 ώπου
2299 870 2512 926 αὐτῶν.
2548 871 2699 924 Ἔστι
2747 869 2867 925 τινὰ
2913 868 3000 924 καὶ
3050 870 3325 945 χρώματα
3373 870 3511 946 πρὸς
3555 872 3762 944 κόσμον

2112 963 2232 1021 ταῖς
2261 957 2496 1034 γυναιξὶν
2542 957 2993 1031 έπιτετηδευμένα
3039 964 3135 1014 τοῦ
3184 961 3518 1034 προσώπου·
3571 959 3764 1017 λευκόν

2112 1069 2190 1118 τε,
2235 1049 2325 1104 καὶ
2358 1049 2598 1124 ἐρυθρὸν,
2643 1049 2733 1103 καὶ
2770 1046 2950 1124 ἕτερον
3015 1049 3184 1122 μέλαν
3241 1051 3298 1105 ὃν
3357 1053 3490 1124 (79).
3540 1053 3617 1108 Τὸ
3668 1053 3764 1125 μὲν

2115 1135 2420 1209 λευκότητα
2471 1143 2566 1194 τοῦ
2597 1139 2852 1212 σώματος
2881 1137 3291 1214 καταψεύδεται*
3325 1141 3386 1195 τὸ
3433 1138 3490 1195 δὲ
3540 1140 3763 1217 ιρυθρὸν

2112 1234 2231 1293 ταῖς
2293 1233 2542 1305 παρειαῖς
2591 1227 2828 1294 ἐπανθεῖ·
2889 1230 2951 1284 τὸ
2999 1226 3056 1284 δι
3104 1229 3272 1302 μέλαν
3324 1229 3631 1304 μηνοειδῶς
3670 1232 3768 1294 τὰς

2117 1317 2286 1396 ὀφρῦς
2361 1324 2476 1380 τοῖς
2547 1316 2856 1396 ὀφθαλμοῖς
2919 1319 3263 1398 περιγράφει·
3324 1321 3382 1376 ὃν
3451 1322 3540 1376 καὶ
3600 1323 3766 1376 αὐτὸν

2113 1410 2484 1484 περιαιρήσειν
2547 1409 2574 1464 6
2621 1409 2816 1484 Κύριος
2875 1407 3112 1480 ἀπειλεῖ,
3165 1409 3256 1464 ’ίνα
3309 1413 3383 1484 μὴ
3433 1411 3762 1485 κλέπτηται,

2113 1498 2296 1575 φησὶν,
2351 1501 2386 1569 ή
2449 1497 2772 1576 σωφροσύνη
2829 1503 2940 1553 τῶν
2998 1497 3206 1575 ἀνδρῶν
3263 1503 3403 1574 (80),
3463 1499 3603 1574 μηδὲ
3649 1507 3769 1564 ταῖς

2116 1589 2448 1666 ζωγραφίαις
2475 1587 2692 1650 ταύταις
2726 1585 2952 1644 ἐλεεινοί
2971 1589 3248 1663 νεωτέρων
3274 1589 3553 1665 ὀφθαλμοὶ
3573 1612 3767 1667 συναρ-
3858 1599 3862 1601 ’

2111 1677 2408 1747 πάζωνται.
2443 1683 2513 1733 ’Ἠ
2541 1679 2664 1733 τότε
2712 1678 3128 1757 ἀφαιρεθήσεται
3177 1683 3365 1749 ταῦτα,
3417 1676 3545 1736 ὅταν
3582 1683 3764 1757 γυμνὰ

2111 1769 2287 1822 πάντα
2343 1766 2668 1844 παρίσταται
2721 1773 2802 1840 τῷ
2849 1772 3033 1843 κριτῇ,
3093 1768 3182 1823 ὅτε
3213 1768 3380 1846 όφρὺς
3430 1791 3759 1845 συμπεπτω-

340 1859 661 1932 doquidem
694 1858 961 1915 concidet
999 1855 1403 1929 supercilium,
1436 1871 1586 1928 gena
1616 1871 1735 1927 prae
1765 1870 1827 1912 se
1858 1856 1994 1914 feret

2110 1861 2257 1928 κυῖα,
2284 1857 2482 1930 παρειὰ
2510 1857 2780 1932 κατηφὴς,
2813 1862 3019 1933 χρῶμα
3067 1855 3324 1914 πελιδνὸν
3379 1859 3482 1914 ὑπὸ
3526 1864 3622 1915 τοῦ
3669 1861 3764 1937 φό-

337 1953 666 2018 tristitiam,
699 1950 858 2007 color
903 1950 1119 2005 lividus
1159 1949 1270 2004 erit
1300 1964 1420 2020 prae
1449 1948 1678 2004 timore.
1716 1948 1912 2019 Itaque
1941 1951 1994 2002 et

2109 1942 2228 2004 ϐου.
2284 1947 2530 2023 Ἀφαιρεῖ
2559 1945 2650 2000 οὖν
2680 1945 2767 2001 καὶ
2797 1948 2888 2001 τὸν
2921 1943 3130 2020 κόσμον
3161 1948 3189 2001 6
3236 1948 3458 2021 Κύριος,
3513 1950 3609 2003 Καὶ
3659 1951 3759 2019 τὴν

341 2046 614 2098 ornatum
647 2040 837 2096 aufert
867 2039 1174 2095 Dominus.
1204 2042 1381 2093 Vsus.
1417 2037 1488 2091 20
1514 2054 1526 2093 :
1552 2039 1615 2093 Et
1644 2038 1996 2109 compositio-

336 2145 466 2186 nem
497 2134 724 2187 ornatus
751 2128 983 2200 gloriae,
1014 2127 1318 2184 materiam
1351 2125 1620 2182 videlicet
1647 2125 1882 2182 ornatui
1913 2126 1998 2181 in-

336 2219 688 2276 servientem
723 2218 971 2290 ipsaque
1000 2216 1142 2272 artis
1173 2231 1349 2288 opera
1382 2231 1448 2270 ac
1475 2215 1731 2272 inventa.
1755 2215 1816 2270 Et
1847 2231 1994 2285 quo-

336 2308 500 2364 niam
532 2321 605 2364 ne
636 2323 751 2363 uno
774 2305 1012 2378 quidem
1046 2309 1257 2360 ornatu
1289 2303 1424 2361 licet
1447 2320 1634 2376 usque
1659 2305 1802 2360 adeo
1833 2305 1996 2360 effer-

335 2399 410 2471 ri,
443 2401 545 2454 aut
575 2398 702 2467 ejus
733 2412 913 2452 causa
941 2394 1160 2460 inﬂari,
1193 2398 1252 2449 at
1281 2393 1558 2450 omnibus
1587 2397 1784 2449 tamen
1816 2394 1994 2450 simul

331 2487 560 2562 junctis
590 2486 867 2558 cogitatio
899 2485 1156 2556 superba
1185 2483 1425 2554 accedit,
1454 2483 1735 2539 Dominus
1764 2483 1996 2540 minita-

335 2583 436 2636 tur
477 2593 539 2632 se
568 2578 747 2632 etiam
797 2579 1042 2631 ornatus
1100 2573 1584 2644 compositionem
1634 2573 1990 2630 ablaturum.

337 2667 538 2736 Qualis
568 2671 767 2721 autem
800 2669 889 2720 est
918 2669 1182 2730 ornatus,
1210 2661 1346 2718 talis
1375 2667 1466 2718 est
1495 2662 1697 2734 utique
1725 2667 1782 2719 et
1811 2663 1995 2735 gloria

339 2758 413 2814 de
458 2773 526 2812 eo
575 2759 736 2811 nata.
767 2754 938 2826 Atqui
973 2753 1234 2824 corporis
1293 2757 1536 2808 ornatus
1564 2768 1755 2808 vanus
1801 2758 1892 2808 est
1937 2758 1996 2808 et

339 2845 538 2902 inanis
571 2862 584 2902 :
618 2844 865 2917 proinde
910 2842 1097 2914 gloria
1141 2858 1375 2914 quoque
1405 2859 1474 2898 ex
1519 2841 1620 2898 illo
1661 2858 1990 2915 emergens,

336 2935 651 2992 interitura
678 2937 788 3004 est,
823 2949 929 2989 nec
960 2931 1283 2989 subsistere
1313 2935 1526 3004 potest.

408 3026 534 3081 127.
567 3026 634 3080 Et
677 3022 976 3090 chlidoncs,
1008 3028 1063 3078 et
1108 3022 1384 3088 armillas,
1417 3026 1472 3078 et
1519 3020 1777 3078 relicula.
1811 3023 1990 3079 Totus

333 3114 571 3188 quidem
604 3113 706 3185 qui
740 3112 1067 3168 recensitus
1099 3117 1190 3167 est
1231 3111 1509 3176 mundus,
1545 3111 1812 3167 mulieris
1841 3111 1988 3168 deli-

333 3205 443 3262 ciis
465 3204 672 3260 deditae
693 3202 956 3259 studium
989 3205 1099 3269 est,
1121 3201 1225 3256 hoc
1256 3205 1365 3268 est,
1391 3201 1731 3272 voluptariae
1757 3218 1822 3257 ac
1843 3219 1985 3274 gau-

334 3295 432 3351 dio
463 3292 829 3364 indulgentis
858 3309 870 3347 :
896 3291 1270 3362 potissimum
1303 3295 1497 3346 tamen
1528 3291 1808 3348 chlidones
1834 3291 1990 3364 quod
2023 3274 2066 3341 C

335 3382 689 3440 conveniant
735 3381 972 3436 nomine
1018 3396 1151 3436 cum
1182 3380 1502 3452 voluptate,
1556 3381 1693 3436 hinc
1741 3381 1995 3437 fortasse

335 3469 598 3527 brachiis
639 3470 1251 3542 circumponcbantur.
1282 3469 1535 3524 Armillaa
1585 3475 1780 3524 autem
1829 3475 1988 3538 sunt,

335 3577 466 3632 quas
495 3561 554 3614 in
589 3575 872 3614 manuum
919 3559 1284 3614 extremitate
1331 3559 1687 3630 aptabantur
1713 3558 1990 3614 omnibus

334 3650 691 3724 spectandas.
717 3649 1046 3720 Aliquando
1079 3652 1275 3704 tamen
1306 3648 1365 3703 in
1396 3649 1610 3703 bonam
1644 3653 1869 3720 partem
1897 3665 1988 3703 ac-

331 3744 512 3812 ceptae
543 3743 683 3795 sunt
702 3737 977 3807 armillae;
1010 3738 1258 3810 exempli
1283 3754 1480 3806 causa,
1501 3754 1636 3792 cum
1670 3737 1867 3792 senior
1887 3738 1989 3793 do-

336 3845 473 3884 mus
503 3832 767 3884 sanctam
798 3827 1120 3883 Rebeccam
1142 3832 1447 3883 exornaret
1466 3827 1528 3881 ⁵⁵.
1551 3825 1852 3898 Siquidem
1887 3843 1992 3898 par

333 3922 461 3974 erat
493 3915 678 3984 illam,
705 3921 904 3987 utpote
936 3916 1280 3987 patriarcha
1307 3917 1691 3971 contubernio
1723 3932 1988 3983 usuram,

338 4007 413 4065 ab
435 4021 514 4062 eo.
530 4007 700 4077 cujus
719 4023 895 4078 opera
915 4009 1040 4062 erat
1068 4005 1508 4078 despondenda,
1531 4005 1594 4060 in
1620 4008 1989 4062 antecessum

336 4096 659 4170 practicam
709 4096 924 4152 mentis
973 4096 1171 4151 dotem
1221 4095 1852 4168 erudiri.Quapr0pter
1900 4113 1990 4152 ar-

2108 2036 2349 2098 σόνοεσιν
2419 2041 2517 2092 τοῦ
2587 2037 2797 2109 κόσμου
2871 2039 2970 2105 τῆς
3045 2034 3229 2108 δόξης·
3290 2037 3458 2092 οἱονεὶ
3516 2037 3605 2093 καὶ
3662 2039 3762 2107 τήν

2106 2124 2244 2196 ὕλην
2306 2128 2404 2196 τήν
2461 2130 2793 2198 κοσμοῦσαν,
2848 2126 2937 2180 καὶ
2987 2126 3158 2194 αὐτὴν
3188 2127 3292 2195 τὴν
3327 2125 3385 2181 ἐκ
3413 2125 3610 2202 τέχνης
3643 2125 3760 2182 ἐπί-

2104 2238 2277 2272 νοιαν.
2311 2216 2409 2271 Καὶ
2440 2214 2627 2284 ἐπειδὴ
2663 2216 2738 2270 ἑνὶ
2791 2215 2885 2288 μὲν
2915 2214 3011 2270 οὐκ
3059 2211 3200 2270 ἔστιν
3229 2216 3526 2290 ἐπαρθῆναι
3562 2222 3761 2272 τοσοῦ-

2102 2327 2219 2376 τον,
2248 2303 2372 2361 οὐδε
2403 2312 2741 2381 φυσιωθῆναι
2774 2305 2858 2360 ἐπ’
2888 2305 3052 2376 αὐτῷ,
3088 2306 3230 2378 ὁμοῦ
3269 2303 3327 2360 δὲ
3365 2311 3496 2360 πᾶσι
3546 2327 3759 2381 συγκει-

2108 2395 2288 2468 μένοις
2337 2396 2398 2451 τὸ
2449 2394 2771 2464 ἀλαζονικὸν
2825 2394 3124 2468 ἐπιγίνεται
3177 2393 3475 2473 φρόνημα,
3525 2394 3616 2450 καὶ
3658 2397 3757 2465 τὴν

2104 2484 2347 2548 σύνθεσιν
2402 2488 2501 2539 τοῦ
2558 2485 2770 2556 κόσμου
2826 2483 3149 2559 ἀφαιρήσειν
3205 2485 3234 2538 6
3279 2485 3480 2558 Κύριος
3514 2483 3753 2540 ἀπειλεῖ.

2101 2574 2324 2637 Ὁποῖος
2359 2571 2417 2628 δὲ
2448 2575 2475 2628 6
2497 2574 2727 2646 κόσμος,
2758 2573 2984 2642 τοιαύτη
3021 2571 3280 2644 δηλονότι
3308 2573 3397 2628 καὶ
3425 2576 3459 2643 ἡ
3492 2572 3576 2628 ἐπ’
3609 2571 3760 2645 αὖτῷ

2104 2659 2248 2736 δόξαο
2283 2663 2594 2737 σωματικὸς
2628 2659 2684 2717 δὲ
2709 2662 2938 2735 κόσμος,
2967 2663 3056 2717 καὶ
3102 2663 3352 2736 μάταιος·
3405 2664 3612 2738 φθαρτή
3665 2663 3756 2718 οὖν

2101 2753 2191 2807 καὶ
2218 2755 2252 2822 ἡ
2288 2751 2370 2807 ἄπ’
2404 2751 2549 2824 αὖτῷ
2580 2749 2707 2825 δόξα
2737 2752 2827 2807 καὶ
2861 2751 3256 2814 ἀνυπόστατος.

2173 3023 2295 3078 127.
2358 3018 2455 3075 Καὶ
2505 3019 2633 3082 τοὺς
2694 3017 2998 3095 χλιδῶνας,
3057 3019 3148 3074 καὶ
3204 3021 3272 3073 τὰ
3301 3016 3523 3092 ψέλλια,
3565 3019 3755 3074 καὶτὰ

2099 3109 2375 3183 ἔμπλόκια
2427 3113 2562 3183 (81).
2630 3109 2801 3171 ’Όλος
2831 3109 2926 3182 μὲν
2968 3111 2996 3163 6
3027 3108 3505 3184 κατηριθμημένος
3537 3108 3749 3180 κόσμος

2099 3197 2387 3276 χλιδώσης
2430 3199 2680 3276 γυναικός
2731 3197 2871 3253 ἐστιν
2923 3196 3280 3270 ἐπιτήδευμα,
3331 3197 3755 3268 τουτέστι,τρυ-

2098 3290 2286 3369 φώσης
2350 3288 2440 3344 καὶ
2515 3286 2934 3364 διακεχυμένης·
2997 3285 3280 3363 ἐξαιρέτως
3333 3285 3390 3342 δὲ
3441 3287 3493 3341 o't
3542 3283 3760 3362 χλιδῶ-

2100 3401 2187 3442 νες
2238 3381 2352 3452 (82)
2415 3378 2736 3452 παρώνυμνι
2793 3375 2944 3440 ὅντες
2996 3383 3096 3446 τῆς
3149 3383 3384 3454 τρυφῆς,
3441 3375 3587 3450 τάχα
3639 3381 3759 3440 τοῖς

2103 3468 2359 3544 βραχίοσι
2391 3466 2772 3542 περικείμενοι.
2806 3465 3024 3521 Ψέλλια
3053 3463 3110 3520 δέ
3137 3465 3248 3520 ἐστι
3293 3467 3360 3520 τὰ
3402 3470 3518 3527 τοῖς
3562 3463 3750 3540 ἅκροῖς

2096 3562 2206 3614 τῶν
2266 3561 2469 3632 χειρῶν
2527 3556 2666 3610 κατὰ
2718 3556 2779 3610 τὸ
2836 3557 3109 3634 προφανὲς
3158 3550 3591 3630 προϐαλλόμενα
3616 3557 3742 3628 (83).

2101 3649 2257 3704 ’Ἐστι
2316 3645 2374 3701 δέ
2437 3666 2569 3701 ποτε
2637 3646 2726 3699 καὶ
2804 3644 2891 3700 ἐπὶ
2961 3644 3135 3700 καλοῦ
3202 3643 3631 3720 παρειλημμένα
3683 3644 3748 3698 τὰ

2099 3735 2322 3812 ψέλλια,
2355 3736 2428 3799 ὡς
2469 3735 2559 3792 ὃτε
2599 3736 2698 3804 τήν
2751 3735 2900 3810 ἁγίαν
2955 3730 3234 3788 Ῥεϐέκκαν
3299 3735 3326 3789 6
3386 3729 3750 3810 πρεσϐύτερος

2096 3833 2199 3896 τῆς
2258 3824 2431 3888 οἰκίας
2486 3824 2831 3898 κατεκόσμει.
2893 3821 3041 3881 Ἐδει
3101 3823 3204 3898 γὰρ
3269 3824 3376 3896 μήν
3446 3822 3751 3896 μέλλουσαν

2101 3921 2364 3972 συνοικεῖν
2437 3919 2516 3987 τῷ
2575 3915 2917 3990 πατριάρχῃ,
3000 3914 3104 3968 ὑπὸ
3150 3917 3248 3967 τοῦ
3320 3914 3754 3986 μνηστενομένου

2101 4004 2268 4075 αὐτὴν
2326 4006 2389 4060 τὸ
2446 4023 2746 4080 πρακτικον
2775 4006 2874 4068 τῆς
2906 4006 3094 4080 ψυχῆς
3134 3999 3624 4080 προπαιδευθῆναι.
3660 4000 3759 4057 Διὰ

2096 4098 2258 4150 τοῦτο
2291 4092 2547 4168 ψελλίοις
2576 4097 2808 4168 χρυσοῖς
2860 4091 3183 4166 κατεκόσμει
3231 4091 3326 4154 τὰς
3358 4097 3570 4168 χεῖρας,
3599 4111 3758 4146 τουτ-

337 4185 518 4243 millis
561 4185 778 4253 aureis,
823 4185 882 4240 id
939 4189 1050 4253 est,
1099 4185 1334 4241 eximiis
1390 4184 1720 4240 actionibus
1778 4202 1990 4243 manus

2109 4185 2214 4241 ίστι
2266 4183 2486 4260 πράξεσι
2543 4182 2776 4254 τιμίαις.
2836 4182 2973 4236 Δέκα
3030 4178 3087 4235 δὲ
3142 4179 3386 4256 χρυσίων
3444 4183 3555 4255 (84)
3613 4180 3754 4250 ὀλκή

332 4276 527 4349 ipsius
557 4275 1069 4332 condecorabat“.
1111 4276 1315 4330 Decem
1347 4291 1480 4330 vero
1529 4290 1839 4331 aureorum
1871 4280 1994 4332 erat

2109 4273 2299 4330 αὐτῶν·
2357 4269 2503 4326 διότι
2559 4269 2610 4325 έν
2646 4269 2773 4326 δέκα
2829 4269 3146 4349 κεφαλαίοις
3205 4273 3240 4340 ἡ
3298 4275 3443 4325 πᾶσα
3497 4271 3754 4345 τήρησις,

333 4365 569 4439 pondus
598 4379 825 4429 earum,
853 4363 1006 4435 quod
1031 4363 1326 4435 capitibus
1351 4363 1552 4419 decem
1583 4370 1705 4419 tota
1727 4363 1872 4436 legis
1895 4366 1993 4421 ob-

2109 4367 2203 4420 τοῢ
2233 4361 2405 4435 νόμου
2465 4365 2914 4436 συμπεραιοῖπαι.
2977 4359 3078 4418 Καὶ
3137 4357 3329 4415 ἐνώτια
3370 4359 3468 4414 ἀνὰ
3499 4357 3757 4435 δραχμὴν

333 4455 589 4512 servatio
618 4453 1066 4511 concluditur“.
1096 4456 1160 4510 Et
1189 4456 1419 4510 inaures
1449 4455 1821 4528 singularum
1855 4457 1992 4512 dra-

2109 4452 2277 4513 δλκῖς
2310 4445 2526 4527 ἔχοντα’
2565 4449 2649 4504 ὅτι
2682 4450 2778 4518 τήν
2810 4450 3055 4518 ὑπακοὴν
3085 4453 3154 4522 τῇ
3187 4447 3264 4512 είς
3294 4446 3388 4504 ἕνα
3419 4450 3548 4504 Θεὸν
3581 4448 3758 4504 πίστει

334 4545 647 4601 chmarum
677 4545 907 4616 pondus
938 4544 1242 4610 habentes,
1266 4543 1407 4616 quia
1452 4544 1562 4601 [ide
1594 4563 1778 4602 unum
1811 4551 1991 4602 Deum

2109 4546 2348 4621 προσῆκε
2420 4543 2809 4615 κεκοσμῆσθαι.
2886 4541 3142 4596 Ἐνταῦθα
3221 4541 3408 4614 μέντοι
3467 4544 3762 4616 περιαιρεῖ-

331 4634 645 4708 proﬁtente
675 4649 782 4705 par
804 4638 894 4690 est
923 4633 1316 4690 obedientiam
1348 4635 1639 4690 exornari.
1663 4635 1769 4692 Hic
1799 4639 1994 4694 tamen

2109 4655 2191 4690 ται
2249 4635 2364 4708 (85)
2416 4635 2484 4689 τὰ
2539 4631 2766 4708 ψέλλια,
2800 4630 2890 4687 διὰ
2942 4630 3038 4692 τὰς
3068 4629 3430 4705 ἐπαιρομένας
3456 4634 3536 4704 τῷ
3565 4630 3760 4704 κόσμῳ

401 4761 448 4801 ⁸⁸
477 4765 622 4820 Gen.
654 4778 808 4835 xxxv,
839 4761 930 4819 22.
1008 4759 1052 4798 ⁸⁸
1081 4760 1224 4819 ibid.
1299 4762 1342 4798 ⁸⁷
1373 4762 1542 4821 Deut.
1573 4782 1628 4834 ι,
1663 4763 1718 4821 4.

399 4890 518 4965 (78)
549 4891 730 4962 Editi,
781 4887 1123 4963 καθειμένος.
1155 4891 1230 4948 At
1285 4892 1548 4966 quinque
1605 4909 1776 4962 mss.,
1809 4892 1991 4958 καθιε-

335 4981 519 5105 μεῖἕὸ)
548 5034 728 5105 Editi.
789 5030 957 5105 μέλαν
1016 5032 1112 5090 ὧν.
1165 5037 1237 5090 At
1288 5036 1472 5092 nostri
1531 5053 1632 5093 sex
1695 5054 1837 5094 mss.
1875 5055 1992 5093 una

328 5103 465 5163 voce
496 5103 502 5105 ⁷
523 5103 940 5191 μελανόνίεθό,
977 5106 1089 5161 nisi
1133 5106 1299 5164 valde
1344 5109 1537 5176 fallor,
1571 5111 1802 5166 duabus
1836 5112 1989 5167 voci-

328 5181 439 5234 bus
469 5149 585 5234 lem
617 5182 872 5234 praestat.
918 5174 1086 5234 μέλαν
1122 5171 1203 5234 ὅν.

325 5181 439 5236 bus
469 5181 585 5251 legi
617 5182 872 5250 praestat,
917 5181 1086 5250 μέλαν
1122 5181 1203 5234 'o’v.

347 5251 513 5334 “(80)
545 5249 641 5334 Sic
672 5267 814 5334 mss.
849 5251 1033 5334 nostri
1065 5249 1493 5334 omnes.‘Editi,
1523 5253 1631 5305 τῶν
1664 5249 1988 5334 ᾀνθρώπων.

330 5322 650 5394 Aliquanto
681 5327 831 5398 post,
865 5323 963 5398 ubi
998 5323 1056 5378 in
1086 5323 1269 5398 editis
1290 5323 1522 5395 legitur,
1545 5322 1859 5398 παρίστησι,
1893 5343 1987 5382 ve-

332 5400 485 5519 t‘eres
526 5400 645 5451 tres
687 5394 820 5450 libri
870 5395 1106 5466 habent,
1138 5394 1516 5470 παρίστανται·
1552 5394 1649 5452 alii
1679 5402 1821 5466 tres,
1853 5415 1989 5473 παρ-

361 5483 568 5519 σταται.

361 5483 722 5608 σίὲἶῗιὲᾱίίί,
767 5531 1094 5612 ᾆμπλόκιον·
1125 5543 1183 5594 et
1232 5539 1315 5593 ita
1363 5554 1597 5610 quoque
1645 5539 1991 5612 apudLXX

331 5611 555 5668 editum
589 5610 925 5666 invenimus
959 5627 972 5666 :
1005 5615 1063 5666 at
1095 5612 1277 5666 nostri
1313 5609 1416 5665 sex
1457 5628 1622 5678 mss.,
1654 5609 1952 5681 ἐμπλόκια.

401 5683 518 5756 (82)
547 5683 712 5750 Quod
744 5683 838 5756 ait,
873 5683 1144 5756 scriptor,
1175 5681 1454 5756 chlidpnes
1493 5685 1722 5756 nomine
1750 5701 1873 5740 cum
1899 5700 1989 5742 vo-

334 5751 551 5817 lualale
606 5755 921 5828 convenire,
962 5751 1020 5813 id
1077 5751 1212 5815 vere
1243 5773 1277 5814 ε
1304 5755 1498 5814 Graeco
1554 5755 1670 5815 dici
1728 5757 1992 5832 potuisse

2101 4899 2352 4964 constat,
2386 4908 2522 4951 eum
2551 4889 2821 4964 voluptas
2859 4895 3052 4964 Graece
3083 4891 3334 4958 dicatur,
3367 4884 3565 4964 χλιδή.
3595 4889 3761 4946 Unde

2098 4963 2394 5043 χλιδῶνες,
2427 4966 2538 5049 hoc
2588 4963 2708 5050 est,
2745 4963 3079 5046 brachialia,
3112 4963 3379 5029 monilia,
3397 4963 3458 5021 et
3487 4963 3601 5018 alia
3629 4963 3757 5033 eju-

2100 5042 2266 5097 sdem
2315 5054 2573 5113 generis,
2605 5038 2736 5092 Ideo
2795 5053 2880 5113 sic
2930 5033 3402 5113 appellabantur,
3423 5036 3577 5113 quod
3629 5051 3757 5113 m_u-

2099 5113 2273 5170 lieres
2303 5106 2602 5180 ἱλιδῶσαι,
2630 5125 2732 5164 seu
2780 5106 3067 5180 voluptati
3099 5108 3333 5176 deditae,
3366 5106 3458 5180 iis
3490 5107 3571 5163 uti
3603 5106 3763 5180 sols:

2100 5189 2249 5242 rent.
2283 5177 2545 5240 subinde
2587 5177 2743 5253 editi
2801 5186 2859 5236 et
2917 5177 3056 5253 Reg.
3092 5181 3344 5253 primus,
3399 5178 3432 5233 ἃ
3475 5182 3614 5240 τοῖς.
3648 5177 3760 5234 Alii

2101 5257 2346 5331 quidam
2381 5271 2565 5331 mss.,
2581 5251 2814 5331 τὰτοῖς.

2173 5329 2286 5401 (83)
2318 5330 2426 5401 Ita,
2447 5316 2687 5401 antiqui
2721 5342 2819 5401 se;
2855 5322 3025 5401 libri.
3078 5321 3256 5401 Editi,
3287 5316 3758 5401 περιϐαλλόμενα.

2099 5388 2308 5456 Statim
2366 5399 2529 5466 editi,
2579 5388 3055 5469 ὁὶκίαςἊϐραάμ·
3119 5388 3411 5469 εοάνοκ
3443 5388 3652 5451 ultima
3694 5395 3759 5469 in

2102 5491 2250 5528 mss.
2306 5489 2423 5527 non
2484 5471 2718 5542 legitur,
2771 5470 2843 5523 ob
2891 5466 3078 5536 idque
3133 5483 3260 5522 eam
3318 5468 3454 5523 inde
3513 5466 3760 5522 sustuli-

2101 5561 2258 5600 IDUS.

2170 5615 2285 5686 (84)
2318 5614 2380 5669 In
2413 5611 2859 5686 editisctapud
2895 5607 3034 5686 LXX
3067 5608 3301 5681 legitur,
3330 5611 3570 5684 χρυσῶν·
3608 5613 3668 5665 at
3696 5607 3760 5664 in

2101 5678 2324 5744 nostris
2357 5701 2458 5742 sex
2493 5678 2820 5756 codicibus,
2850 5678 3115 5756 χρυσίων,

2173 5761 2288 5838 (85)
2315 5756 2564 5830 Antiqui
2592 5759 2713 5812 tres
2743 5748 2904 5828 libri:
2930 5748 3219 5829 περιαίρει,
3253 5754 3400 5810 tollit
3425 5753 3708 5810 armillas.
