4130 6378
308 375 426 438 325

1129 373 1534 436 COMMENT.
1580 373 1661 433 IN
1707 371 1976 434 ISAIAM
2019 366 2525 433 PROPHETAM.
2575 366 2747 429 CAP.
2796 369 2902 428 Ill.

3610 368 3731 432 326

308 515 416 565 τῶν
449 506 720 582 ψελλίων·
750 504 992 572 καθόλου
1011 508 1147 580 ἡμῖν
1178 501 1590 578 ἐνδεικνυμένου
1618 503 1715 560 τοῦ
1763 501 1960 580 λόγου,

2097 503 2422 559 ldimuntur
2443 501 2707 571 armillas,
2729 502 2880 558 408
2905 507 3209 575 propterea
3235 505 3391 575 quod
3413 505 3732 579 gloriaren-

308 598 391 656 ὅτι
425 599 454 652 6
485 596 575 654 ἐπὶ
603 601 684 670 τῷ
715 595 1034 667 δεδυνῆσθαι
1065 595 1132 651 τὰ
1173 593 1454 671 κρείττονα
1506 591 1969 672 ὑψηλοφρονήσας

307 684 761 764 ἐγκαταλείπεται
795 688 912 760 (86)
944 686 1046 741 ὑπὸ
1101 691 1200 755 τῆς
1250 685 1586 760 συνεχούσης
1639 682 1799 738 αὐτὸν
1849 682 1966 737 ἐπι-

309 779 539 842 σκοπῆς.
591 776 662 830 Τὸ
714 773 771 829 δέ
829 773 1134 847 ἐμπλόκιον
1203 770 1347 828 ἔοικέ
1403 795 1455 828 τι
1514 773 1647 828 εἶναι
1703 792 1966 848 συγκατα-

310 866 651 940 πλεκόμενον
678 869 797 927 ταῖς
832 863 1022 940 θριξὶν,
1055 862 1132 925 εἲς
1154 863 1218 918 τὸ
1245 867 1314 937 τῇ
1345 863 1474 938 παρ’
1521 863 1712 917 ἑαυτοῦ
1743 861 1970 937 εὐχροίᾳ

318 954 577 1032 διεγεῖραι
633 959 737 1009 τῶν
794 957 1004 1029 τριχῶν
1043 953 1142 1021 τήν
1176 952 1368 1028 χρόαν.
1401 951 1508 1008 Καὶ
1572 948 1764 1025 μηδενὶ
1804 954 1970 1005 ταῦτα

324 1050 672 1121 μικροπρεπῆ
705 1043 1030 1116 νομιζέσθω.
1063 1041 1140 1098 Οὐ
1165 1041 1267 1118 γὰρ
1298 1041 1613 1116 σεμνότεροι
1651 1044 1748 1094 τοῦ
1797 1039 1969 1095 Πνεύ-

325 1156 490 1210 ματος
529 1137 715 1207 ἡμεῖς,
761 1131 836 1196 ὠς
881 1131 1139 1202 ἀπαξιοῦν
1185 1130 1282 1195 τὰς
1329 1130 1381 1185 έν
1428 1133 1495 1204 τῇ
1554 1133 1742 1206 Γραφῇ
1801 1128 1973 1200 λέξεις

321 1224 705 1298 διερευνᾶσθαι.
757 1223 1162 1296 Μεμαθήκαμεν
1220 1222 1326 1296 γὰρ
1390 1219 1442 1276 ἐν
1532 1225 1649 1282 τοῖς
1706 1221 1970 1292 ”ᾼσμασι,

316 1321 414 1384 τῆς
469 1312 862 1386 ἐπαινουμένης
918 1310 1135 1389 νύμφης
1191 1310 1283 1365 καὶ
1333 1309 1396 1365 τὸ
1439 1306 1742 1383 έμπλόκιον
1776 1329 1970 1382 σεμνυ-

317 1403 543 1477 νόμενον
579 1418 593 1434 ·
655 1400 874 1478 Κεφαλὴ
934 1400 1036 1476 γάρ
1117 1419 1234 1468 σου,
1282 1398 1470 1474 φησὶν,
1529 1399 1604 1461 ὠς
1660 1399 1688 1452 6
1743 1397 1971 1472 Κάρμη-

318 1490 439 1564 λος,
495 1491 587 1547 καὶ
646 1489 952 1564 ἐμπλόκιον
1009 1491 1124 1563 (87)
1198 1490 1446 1565 κεφαλῆς
1517 1508 1634 1558 σου,
1690 1488 1766 1550 ὡς
1831 1507 1972 1564 πορ-

361 1580 482 1637 ύοα.

317 1601 536 1728 φυῗὲ8.
614 1671 718 1727 Καὶ
793 1669 861 1724 τὰ
941 1668 1173 1739 ἰνώτια,
1248 1667 1339 1724 καὶ
1402 1667 1531 1732 τοὺς
1613 1665 1970 1730 δακτυλίους.

319 1760 645 1830 Ἐπαινετήν
705 1760 800 1834 μὶν
848 1759 947 1828 τὴν
997 1765 1200 1835 χρῆσιν
1248 1756 1483 1813 ένωτίων
1533 1756 1586 1812 έν
1617 1759 1687 1831 τῇ
1715 1755 1976 1832 μνηστείᾳ

2078 597 2175 648 tur
2203 593 2274 649 de
2302 609 2505 649 earum
2538 595 2769 649 ornatu.
2804 591 2928 649 Uno
2957 594 3132 651 verbo
3178 594 3342 653 hisce
3371 599 3564 656 verbis
3593 602 3730 658 edo-

2077 698 2280 738 cemur
2329 698 2485 752 eum,
2519 682 2619 754 qui
2651 683 2722 738 ob
2756 682 3191 755 praestantiores
3223 686 3440 758 quibus
3493 688 3731 748 dotatus

2077 777 2169 827 est
2216 771 2524 828 facultates
2571 772 2828 840 effertur,
2861 789 2894 827 a
2925 774 3194 830 custodia
3239 792 3302 831 se
3350 785 3732 836 conservante

2079 861 2345 918 destitui.
2369 861 2612 917 Videtur
2650 865 2845 917 autem
2876 864 3170 920 reticulum
3216 871 3459 923 ornatus
3491 868 3731 940 quidem

2080 951 2263 1007 fuisse
2321 951 2550 1024 capillis
2604 950 2975 1024 intertextus,
3009 958 3074 1009 ut
3115 955 3326 1012 eximio
3385 973 3492 1014 suo
3539 959 3733 1018 colore

2080 1040 2310 1113 capillis
2340 1040 2592 1097 colorem
2623 1041 2920 1097 excitaret.
2954 1041 3086 1099 Haec
3115 1048 3312 1102 autem
3349 1049 3736 1122 parvipendat

2079 1148 2274 1186 nemo.
2305 1131 2423 1187 Nos
2461 1130 2620 1187 enim
2665 1147 2779 1186 non
2831 1148 3040 1189 sumus
3089 1133 3312 1207 Spiritu
3360 1143 3564 1196 sancto
3596 1156 3731 1213 gra-

2077 1220 2288 1288 viores,
2322 1225 2388 1275 ut
2432 1236 2603 1277 voces
2645 1221 2703 1275 in
2735 1221 3040 1294 Scriptura.
3097 1226 3319 1296 positas
3375 1230 3733 1300 perscrutari

2081 1310 2477 1366 fastidiamus.
2503 1309 2828 1367 Didicimus
2851 1312 3004 1369 cnim
3037 1312 3094 1368 in
3118 1315 3395 1386 Canticis,
3419 1320 3730 1376 reticulum

2081 1417 2312 1472 quoque
2368 1416 2622 1472 sponsa,
2662 1416 2790 1472 quae
2848 1400 3218 1471 laudabatur,
3251 1409 3730 1466 commendatum

2082 1489 2261 1546 fuisse
2293 1505 2306 1546 :
2341 1492 2487 1545 Nam
2523 1492 2684 1562 caput
2727 1494 2902 1560 tuum,
2935 1491 3148 1564 inquit,
3179 1495 3320 1552 sicut
3351 1496 3653 1567 Carmelus,
3681 1506 3736 1556 et

2079 1579 2377 1636 reticulum
2405 1581 2607 1649 capitis
2633 1581 2719 1635 tui
2744 1581 2804 1635 in
2829 1597 3085 1654 purpura
3106 1582 3170 1639 ⁸⁸.

2156 1671 2278 1726 128.
2309 1668 2488 1726 Vsas.
2527 1671 2617 1725 20.
2661 1673 2728 1727 Bt
2772 1671 3017 1744 inaures,
3067 1682 3120 1729 et
3162 1675 3420 1732 annulos.
3451 1676 3734 1734 Novimus

2084 1759 2324 1833 quidem
2368 1758 2672 1815 inaurium
2725 1775 2897 1816 usum
2950 1760 3010 1816 in
3058 1762 3326 1819 Rebeccae
3358 1766 3736 1839 sponsalibus

323 1857 424 1920 τῆς
480 1845 762 1914 Ῥεϐέκκας
806 1845 1220 1925 ἐδιδάχθημεν,
1280 1843 1561 1922 σύμϐολον
1633 1851 1731 1903 τοῦ
1805 1846 1976 1922 ἀγαθὰ

2097 1848 2270 1904 Fuisse
2299 1847 2629 1904 laudatum.
2659 1849 2821 1915 Quod
2852 1853 2978 1906 erat
3006 1857 3352 1924 argumento
3382 1855 3737 1914 documenta

328 1937 554 2014 μέλλειν
605 1938 742 2014 αὐτῇ
801 1936 1110 2013 διδάγματα
1156 1938 1280 2012 περὶ
1344 1941 1442 2002 τῆς
1486 1937 1538 1992 ἐν
1582 1941 1699 2000 τοῖς
1751 1940 1975 2008 νοητοῖς

324 2027 588 2101 ἀληθείας
638 2029 689 2083 ἐν
734 2033 816 2101 τῷ
865 2026 1002 2100 οἷ’κῳ
1047 2031 1145 2082 τοῖ’)
1200 2021 1447 2102 Ἀϐραὰμ
1482 2025 1746 2103 γενομένῃ
1801 2046 1976 2102 παρα-

324 2116 648 2190 δοθήσεσθαι
701 2121 852 2192 (88)·
893 2115 1342 2193 κατηγορούμενα
1389 2114 1446 2171 δὲ
1494 2116 1628 2172 αὐτὰ
1681 2114 1977 2193 πολλαχοῦ

324 2208 757 2286 κατειλήφαμεν.
791 2211 1014 2283 Πρῶτον
1082 2207 1200 2280 μὶν,
1253 2206 1310 2261 ἐκ
1365 2210 1482 2278 τοῦ,
1534 2207 1624 2261 ὅτε
1671 2200 1974 2261 ἀναϐαίνειν

329 2293 566 2371 ἔμελλον
611 2296 688 2353 εἷς
741 2295 946 2366 Βεθὴλ,
987 2302 1402 2373 προσταχθῆναι
1459 2297 1606 2372 παρὰ
1659 2290 1978 2352 τοῦΊακὼϐ

327 2386 425 2452 τὰς
455 2392 718 2462 γυναῖκας
772 2384 1116 2457 περιελέσθαι
1173 2384 1307 2440 αὐτὰ
1348 2384 1482 2459 μετὰ
1523 2389 1630 2440 τῶν
1678 2389 1812 2450 θεῶν
1869 2389 1976 2440 τῶν

331 2475 666 2551 ἀλλοτρίων,
700 2476 774 2539 ὡς
809 2472 1078 2548 ἐμποδίου
1110 2470 1267 2536 ὄντος
1295 2472 1356 2529 ἐκ
1377 2481 1476 2544 τῆς
1502 2472 1980 2550 εἶδωλολατρείας,

329 2565 420 2621 καὶ
468 2569 566 2636 τῆς
604 2571 713 2621 τῶν
763 2564 992 2620 ἐνωτίων
1047 2565 1325 2640 χρήσεως,
1357 2563 1496 2638 πρὸς
1542 2564 1604 2619 τὸ
1631 2563 1873 2621 ἀνελθεῖν
1901 2563 1979 2627 εἲς

328 2656 420 2712 τὸν
473 2657 619 2712 οἶκον
663 2659 759 2711 τοῦ
817 2655 1056 2731 Κυρίου·
1093 2653 1270 2725 Βεθήλ
1301 2655 1405 2730 γὰρ
1437 2655 1584 2717 οἶκος
1613 2658 1746 2710 Θεοῦ
1803 2655 1983 2730 ἑρμη-

332 2744 562 2801 νεύεται.
605 2751 834 2800 Ἔπειτα
881 2743 933 2800 ἐν
981 2747 1050 2819 τῇ
1100 2740 1298 2816 Ἐξόδῳ
1343 2745 1814 2807 καταστασιασθεὶς
1877 2744 1982 2800 ὑπὸ

329 2839 428 2890 τοῦ
461 2832 598 2891 λαοῦ
643 2836 671 2890 6
701 2835 912 2911 Ἀαρὼν
941 2833 1018 2897 εἰς
1049 2834 1110 2889 τὸ
1150 2836 1372 2903 ποιῆσαι
1405 2830 1659 2906 εἷ’δωλον,
1684 2835 1759 2897 ὡς
1793 2834 1982 2905 ἐπιτη-

331 2920 475 2979 δείαν
539 2923 678 2995 ὕλην
725 2923 802 2986 εἷς
855 2924 1185 2992 κατασκευὴν
1243 2926 1351 2978 τῶν
1407 2923 1865 3000 ἀπηγορευμένων
1915 2922 1984 2979 τὰ

330 3013 526 3068 ἐνώτια
577 3011 873 3083 ἐξελέξατο.
905 3010 1258 3088 Περιείλαντο
1310 3014 1417 3086 (89)
1467 3013 1568 3087 γὰρ
1619 3017 1724 3075 πᾶς
1767 3013 1795 3067 6
1825 3011 1982 3085 λαὸς,

333 3101 465 3178 φησὶ
515 3102 584 3156 τὰ
627 3100 822 3158 ἐνώτια
866 3103 934 3157 τὰ
979 3107 1179 3177 χρυσᾶ,
1218 3101 1286 3156 τὰ
1332 3101 1382 3154 έν
1430 3105 1547 3162 τοῖς
1600 3099 1732 3155 ὠσὶν
1782 3100 1981 3170 αὐτῶν,

331 3189 422 3243 καὶ
514 3188 746 3266 ἤνεγκαν
827 3191 964 3262 πρὸς
1046 3188 1254 3265 Ἀαρὼν
1285 3236 1299 3261 ,
1358 3189 1449 3244 καὶ
1527 3183 1757 3245 ἔπλασεν
1845 3189 1982 3244 αὐτὰ

2085 1937 2274 1995 eidem
2305 1938 2547 1994 domum
2569 1938 2813 1994 Abrabaa
2841 1938 3118 2010 ingressae
3140 1943 3210 1998 de
3231 1960 3427 2001 rerum
3459 1946 3736 2018 spiritua-

2085 2027 2231 2083 lium
2262 2026 2506 2082 veritate
2531 2027 2814 2084 tradenda
2833 2045 2984 2084 esse.
3011 2036 3084 2085 At
3109 2031 3345 2090 inaures
3376 2035 3560 2092 fuisse
3583 2053 3738 2109 saepe

2087 2117 2506 2172 condemnatas
2537 2115 3057 2189 deprehendimus.
3087 2119 3281 2178 Primo
3313 2124 3552 2195 quidem
3583 2125 3642 2181 id
3669 2141 3740 2182 ex

2087 2206 2199 2262 hoc
2228 2206 2432 2278 liquet,
2455 2206 2606 2276 quod
2630 2221 2762 2262 cum
2797 2207 3076 2265 mulieres
3098 2217 3298 2268 essent
3318 2230 3646 2271 ascensura:
3677 2217 3738 2272 in

2090 2294 2308 2362 Bethel,
2342 2311 2441 2351 cas
2464 2295 2650 2367 jussit
2676 2297 2854 2352 Jacob
2883 2297 3118 2356 inaures
3142 2318 3260 2358 una
3289 2319 3421 2358 cum
3453 2305 3569 2362 diis
3600 2304 3740 2362 alie-

2090 2385 2184 2440 nis
2217 2384 2486 2458 ablegare
2507 2385 2570 2440 ”.
2594 2385 2740 2441 Nam
2784 2386 3118 2445 idololatria
3163 2395 3220 2447 et
3265 2389 3561 2450 inaurium
3595 2413 3741 2454 usus

2090 2479 2257 2530 erant
2283 2473 2722 2544 impedimento,
2747 2493 2820 2533 ne
2850 2480 3235 2536 ascenderant
3263 2481 3323 2536 in
3354 2482 3596 2540 domum
3631 2489 3740 2541 Do-

2093 2563 2236 2620 mini
2266 2582 2278 2620 :
2312 2563 2530 2636 quippe
2561 2564 2611 2620 si
2645 2565 2840 2622 Bethel
2872 2566 3294 2641 interpreteris,
3320 2577 3492 2629 sonat
3519 2573 3743 2632 domum

2091 2655 2207 2710 Dei.
2239 2653 2459 2709 Deinde
2485 2655 2678 2710 Aaron
2728 2655 2788 2711 in
2839 2657 3032 2714 Exodo
3091 2659 3294 2733 populi
3351 2663 3638 2720 seditione
3669 2665 3742 2721 ad

2091 2742 2467 2800 conﬂandum
2497 2741 2722 2800 idolum
2749 2745 3016 2818 adactus,
3041 2747 3279 2806 inaures
3303 2754 3586 2824 tanquam
3620 2771 3742 2810 ma-

2091 2834 2300 2890 teriam
2334 2833 2619 2889 faciendis
2651 2835 2826 2891 rebus
2857 2835 3170 2906 prohibitis
3199 2837 3473 2896 idoneam
3506 2841 3742 2915 delegit.

2092 2921 2454 2980 Abstulerunt
2478 2922 2659 2990 enim,
2681 2923 2899 2996 inquit,
2925 2928 3104 2981 omnis
3131 2929 3369 3000 papulas
3398 2932 3623 2988 inaures
3641 2947 3745 2986 au-

2093 3029 2214 3068 reas
2242 3026 2369 3085 quae
2415 3013 2478 3068 in
2522 3012 2751 3068 auribus
2794 3030 2990 3069 earum
3036 3020 3217 3082 erant,
3249 3022 3300 3074 et
3342 3020 3648 3077 attulerunt
3673 3020 3746 3078 ad

2092 3104 2302 3167 Aaron,
2331 3105 2385 3156 et
2411 3102 2673 3170 formavit
2718 3103 2846 3156 illas
2884 3105 3121 3159 vitulum
3147 3106 3372 3176 fusilem
3389 3109 3453 3163 ⁵ο.
3487 3109 3636 3176 Quin
3687 3112 3746 3166 et

2091 3190 2323 3246 Gedeon
2356 3193 2670 3261 postquam
2701 3206 2769 3245 ex
2802 3191 3232 3250 lsmaelitarum
3265 3195 3469 3268 spoliis
3505 3198 3745 3255 inaures

333 3255 548 3354 μόσχον
597 3255 892 3355 χωνευτόν.
937 3277 1115 3335 Ἀλλὰ
1147 3255 1521 3333 ’καὶιΓεδεὼν
1580 3277 1641 3332 lx
1693 3283 1798 3334 τῶν
1859 3277 1982 3334 σκύ-

2097 3297 2129 3335 a
2159 3255 2374 3352 popqu
2405 3255 2649 3350 accepit.
2674 3279 2816 3335 Fecit
2841 3297 2933 3336 eas
2964 3282 3028 3338 in
3055 3283 3268 3355 Ephud,
3296 3255 3346 3341 ξι
3372 3289 3567 3343 statuit
3597 3287 3747 3344 illud

331 3367 441 3423 λων
475 3373 582 3423 τῶν
638 3366 1063 3441 Ἰσμαηλιτικῶν
1115 3363 1300 3423 λαϐὼν
1329 3370 1395 3423 τὰ
1449 3368 1644 3423 ἐνώτια
1701 3369 1848 3444 παρᾶ
1888 3373 1986 3424 τοῦ

330 3455 489 3527 λαοῦ,
552 3456 844 3526 Ἐποίησεν
925 3456 1060 3511 αὐτὰ
1141 3455 1218 3519 είς
1295 3453 1526 3534 Ἐφοὺδ,
1589 3457 1678 3512 καὶ
1766 3454 1982 3529 ἔστησεν

335 3544 463 3600 αὐτὸ
495 3546 607 3620 (90)
657 3545 709 3600 ἐν
762 3548 831 3621 τῇ
877 3544 1059 3602 πόλει.
1089 3545 1188 3599 Καὶ
1236 3543 1582 3620 ἐξεπόρνευσε
1638 3550 1741 3609 πᾶς
1767 3545 1986 3622 Ἰσραὴλ

335 3633 514 3690 ὀπίσω
571 3634 737 3690 αὐτοῦ
795 3635 926 3703 ἐκεῖ,
954 3635 1045 3690 καὶ
1102 3631 1309 3711 ἐγένετο
1364 3639 1444 3707 τῷ
1500 3632 1707 3690 Γεδεὼν
1764 3635 1855 3691 καὶ
1910 3635 1990 3708 τῷ

369 3723 394 3744 ν
561 3723 574 3743 ν
650 3729 677 3739 -ι
954 3724 966 3740 ι
1273 3729 1290 3746 ν
1335 3723 1348 3742 I
1487 3728 1516 3740 ~
1670 3729 1698 3741 ~

335 3743 473 3797 οικῳ
517 3745 681 3779 αυτου
736 3724 812 3786 είς
868 3721 1192 3782 σκανδαλον.
1252 3730 1352 3778 kat
1419 3745 1590 3779 ταυυα
1638 3745 1732 3780 νυν
1791 3725 1859 3781 τὰ
1913 3725 1989 3781 ένο

336 3812 474 3868 ώτια
505 3811 594 3868 διὰ
622 3814 684 3868 τὸ
715 3811 1052 3890 συνεπαίρειν
1083 3815 1146 3869 τὸ
1200 3814 1459 3892 φρόνημα
1511 3818 1619 3870 τῶν
1681 3817 1992 3893 θυγατέρων

342 3901 484 3958 Σιὼν
565 3897 946 3973 διαϐέϐληται.
1010 3903 1110 3958 Καὶ
1184 3905 1253 3957 τὰ
1325 3902 1727 3980 περιπόρφυρα,
1788 3904 1996 3960 καὶτὰ

343 3991 751 4070 μεσοπόρφυρα.
782 3991 883 4046 Τὸν
937 3989 990 4046 ἐν
1038 3994 1108 4065 τῇ
1155 3991 1341 4062 ἐσθῆτι
1369 3991 1576 4066 κόσμον
1603 3995 1710 4046 τῶν
1771 3991 1994 4050 καλλω-

337 4079 650 4155 πιζομένων
706 4101 977 4156 γυναικων
1026 4081 1100 4143 ὡς
1154 4080 1440 4158 περίεργον
1503 4075 1810 4152 διαϐάλλει,
1862 4103 1997 4160 πορ-

343 4170 514 4246 φύραν
567 4171 701 4226 ποτε
747 4170 843 4244 μὶν
890 4171 1028 4225 κατὰ
1072 4169 1140 4225 τὰ
1186 4166 1323 4247 ἄκρα
1361 4171 1832 4249 παρυφαινόντων,
1864 4173 1997 4228 ποτὲ

346 4258 404 4315 δὲ
432 4261 660 4316 κατὰτὸ
695 4260 855 4334 μέσον
910 4257 1077 4329 αὐτὴν
1137 4258 1473 4317 έντιθέντων.
1507 4259 1682 4316 Δόλου
1742 4258 1801 4316 δέ
1859 4261 1996 4336 σύμ-

342 4343 512 4405 ϐολον
561 4353 595 4420 ἡ
644 4349 897 4428 πορφύρα
953 4351 1051 4420 τήν
1109 4350 1246 4404 κατὰ
1296 4350 1454 4428 φύσιν
1509 4349 1681 4425 χρόαν
1735 4349 1997 4406 ἐπικαλύ-

342 4459 570 4512 πτουσα,
601 4439 691 4494 καὶ
721 4439 785 4494 τὸ
818 4438 1016 4494 οἰκεῖον
1051 4436 1212 4504 ἄνθος
1259 4438 1657 4516 προφαίνουσα,
1689 4441 1826 4496 κατὰ
1868 4439 1998 4504 τοὺς

2092 3387 2151 3426 ιη
2182 3371 2419 3424 civitate.
2456 3369 2518 3424 Et
2545 3368 2861 3442 fornicatus
2902 3374 2980 3427 est
3025 3374 3204 3429 omnis
3250 3377 3425 3432 Israel
3451 3382 3573 3448 post
3605 3377 3748 3434 illud

2094 3459 2234 3525 illic,
2266 3466 2317 3514 et
2342 3459 2553 3529 factum
2577 3463 2659 3514 est
2688 3459 2928 3515 Gedeoni
2965 3470 3017 3517 et
3061 3462 3250 3520 domui
3276 3467 3395 3534 eius
3425 3467 3483 3521 in
3512 3467 3747 3523 scanda-
3773 3533 3782 3540 ,

2099 3548 2216 3602 lum
2237 3547 2305 3600 ⁸1.
2340 3547 2526 3618 Atque
2556 3547 2793 3605 inaures
2842 3549 2968 3604 istis
3017 3568 3174 3607 nunc
3226 3553 3444 3610 dantur
3491 3555 3749 3627 crimini,

2098 3636 2251 3708 quod
2270 3635 2506 3691 animus
2524 3634 2774 3692 ﬁliarum
2796 3637 2935 3694 Sion
2962 3639 3099 3697 inde
3119 3641 3441 3699 efferretur.
3460 3644 3635 3702 Vnus.
3657 3647 3750 3701 21.

2101 3727 2166 3780 Et
2210 3731 2534 3798 praetextas,
2561 3735 2614 3781 et
2645 3729 2810 3783 vestes
2856 3743 2928 3784 ex
2974 3730 3160 3786 media
3212 3737 3368 3804 parte
3419 3751 3751 3807 purpureas.

2107 3814 2366 3870 Vestium
2413 3821 2825 3872 ornamentum
2859 3819 3013 3889 quod
3045 3835 3078 3874 a
3108 3821 3458 3879 mulieribus
3505 3823 3754 3896 gloriam

2103 3921 2173 3961 ex
2227 3903 2321 3960 his
2370 3905 2802 3972 aucupantibus
2851 3906 3184 3978 adhibetur,
3218 3915 3496 3982 tanquam
3550 3930 3756 3986 super-

2103 3993 2290 4051 ﬂuum
2322 3993 2683 4066 perstringit.
2704 3993 3034 4067 Aliquando
3082 3999 3322 4070 quidem
3371 3999 3484 4056 illa:
3533 4019 3757 4075 purpu-

2103 4101 2230 4140 ram
2262 4083 2599 4139 attexebant
2627 4084 2699 4139 ad
2721 4087 3069 4159 extremum,
3088 4087 3408 4161 aliquando
3439 4107 3573 4148 vero
3605 4091 3759 4164 parti

2107 4173 2311 4230 media:
2340 4189 2470 4229 eam
2519 4173 2882 4231 inserebant.
2914 4179 3196 4235 Caeterum
3228 4179 3344 4236 doli
3396 4179 3760 4254 fallaciasque

2106 4263 2296 4336 ﬁgura
2338 4279 2598 4335 purpura
2650 4267 2743 4320 est
2789 4281 2917 4338 quas
2976 4267 3241 4325 nativum
3272 4269 3524 4326 colorem
3575 4274 3758 4344 tegat,

2108 4351 2408 4424 proprium
2442 4367 2576 4408 vero
2618 4351 2821 4410 ﬂorem
2870 4355 2929 4410 in
2981 4355 3240 4412 medium
3292 4360 3566 4431 proferat,
3599 4359 3760 4416 haud

2108 4440 2278 4496 aliter
2311 4446 2484 4512 atque
2524 4440 2630 4510 illi,
2662 4443 2759 4513 qui
2791 4443 2850 4498 in
2882 4445 3133 4516 speciem
3184 4446 3317 4504 laeta
3363 4453 3502 4504 sunt
3550 4449 3760 4518 fronte,

341 4529 398 4589 έν
440 4529 724 4609 ἐπιφανείᾳ
783 4526 1066 4608 φαιδροὺς,
1117 4527 1170 4583 ἐν
1223 4525 1282 4583 δὲ
1352 4533 1432 4601 τῷ
1508 4530 1658 4604 βάθει
1711 4531 1775 4585 τὸ
1831 4532 1983 4586 κακὸι

2107 4529 2272 4587 intus
2320 4546 2452 4586 vero
2503 4530 2727 4588 malum
2778 4534 3096 4591 occultant.
3128 4537 3293 4603 Quod
3340 4555 3482 4596 sane
3534 4539 3762 4613 fugien-

342 4620 746 4690 συσκιάζοντας.
780 4623 950 4695 Ὅπερ
1007 4615 1104 4673 κᾶν
1156 4618 1224 4673 τὰ
1273 4615 1412 4692 ἄκρα
1457 4621 1557 4672 τοῦ
1617 4619 1760 4694 βίου,
1792 4618 1886 4674 κᾶν
1939 4621 1983 4675 τί

2111 4621 2250 4676 dum
2282 4624 2373 4676 est
2409 4619 2530 4676 sive
2579 4625 2904 4679 extremum
2936 4623 3088 4693 vitis,
3122 4625 3244 4682 sive
3293 4628 3555 4684 medium
3586 4645 3765 4685 occu-

348 4710 507 4784 μέσον
558 4707 732 4784 ἐπέχῃ
786 4711 923 4783 (91),
954 4707 1204 4786 φευκτόν.
1238 4704 1437 4784 Διόπερ
1495 4706 1588 4762 καὶ
1636 4707 1706 4762 τὰ
1737 4709 1997 4787 περιπόρ-

345 4819 488 4875 φυρα
519 4803 856 4875 παραιτεῖται
891 4798 918 4852 6
949 4794 1141 4872 λόγος.

2106 4714 2229 4872 ρει.
2261 4711 2450 4775 Quare
2501 4714 2560 4768 et
2605 4717 2905 4783 praetextas
2952 4730 3271 4787 purpureas
3319 4717 3622 4791 Scriptura
3672 4733 3766 4774 re-

2132 4799 2254 4856 icit.

2132 4799 2254 4856 icit.

413 4974 457 5010 ⁸⁸
483 4976 648 5032 Cant.
680 4989 781 5042 vn,
811 4973 867 5030 5.
943 4972 988 5008 ⁵ο
1015 4975 1156 5029 Gen.
1188 4987 1360 5039 xxxv,
1393 4971 1446 5028 4.
1522 4971 1568 5006 ⁸ο
1599 4970 1778 5027 Exod.
1810 4987 1983 5044 χχιιι,

2104 4973 2158 5030 4.
2234 4974 2277 5010 ⁶¹
2309 4973 2502 5030 Judic.
2533 4991 2658 5048 vm,
2687 4976 2780 5031 27.

414 5147 524 5220 (86)
556 5148 793 5205 Codices
809 5147 1082 5220 aliquot,
1100 5141 1603 5220 ἐγκαταλέλειπται.

417 5214 530 5291 (87)
559 5221 728 5292 Apud
761 5217 901 5276 LXX
927 5214 1036 5290 pro
1065 5214 1370 5290 έμπλόκιον
1403 5218 1619 5292 legitur
1644 5214 1898 5291 πλόκιον,
1925 5221 2002 5276 Et

340 5291 537 5362 plezus
566 5291 763 5362 capitis
794 5292 894 5347 tui.

415 5362 531 5435 (88)
559 5355 768 5437 Nostra
798 5363 980 5437 editio
996 5367 1061 5437 et
1092 5364 1231 5434 Reg.
1262 5361 1510 5434 primus,
1534 5355 1995 5437 παραδοθήσεται,

341 5433 860 5507 ὴευᾱέωθιιάειε.
898 5434 1007 5507 Alii
1039 5433 1294 5507 quatuor
1323 5451 1492 5506 mss.,
1519 5433 1728 5507 praeter
1751 5433 1996 5492 Combe;

342 5507 643 5582 fisianum,
675 5502 1425 5582 uapadoﬂrﬁoscbat._lbidem
1459 5502 1563 5579 prb
1588 5505 1757 5560 αὐτοῦ
1788 5525 1818 5564 e
1850 5507 1998 5564 mul~

339 5579 415 5634 tis
446 5597 589 5636 mss.
625 5581 715 5636 edi
749 5577 1109 5652 oportuerat,
1139 5577 1295 5652 αὐτά.

408 5653 524 5724 (89)
585 5645 816 5708 Veteres
881 5645 1137 5724 quatuor
1198 5651 1356 5724 libri,
1423 5645 1786 5724 περιείλαντο.
1847 5651 1996 5724 Editi

343 5719 478 5781 cum
507 5719 742 5783 duobus
774 5719 916 5782 aliis
948 5740 1121 5796 mss.,
1147 5719 1514 5802 περιείλοντο.
1546 5722 1759 5781 Statim
1811 5723 1999 5782 nostri

2108 5164 2210 5204 sex
2257 5140 2694 5222 mss.,__i:’n)la_t_aav
2745 5148 2901 5218 αὐτά,
2933 5153 3266 5222 formarunt.
3300 5155 3451 5212 Editi
3499 5173 3615 5214 non
3665 5175 3756 5215 se-

2107 5237 2214 5276 cus
2265 5237 2332 5276 ac
2356 5219 2538 5302 _LX_l(.
2574 5217 2825 5302 ἔπλασεν,
2858 5217 3145 5302 formavit.
3185 5225 3478 5302 Subinde
3510 5230 3753 5302 quidam

2107 5309 2278 5378 mss.,
2315 5295 2423 5346 τῶν
2459 5290 2987 5364 Ἰσμαηλιτῶν.Ἀ1ἰὶ
3033 5302 3090 5352 et
3134 5297 3296 5369 editi,
3325 5301 3433 5352 τῶν
3467 5290 3750 5374 Ἰέμαηλι-

2102 5385 2132 5420 τ
2142 5384 2272 5418 ικων
2281 5406 2292 5418 .

2177 5436 2473 5514 (9-0)}!2diti
2489 5439 2560 5514 _et
2603 5436 2744 5514 Reg.
2777 5438 3094 5514 secundus,
3127 5437 3295 5514 αὐτῷ.
3329 5441 3540 5500 Codex.
3573 5444 3665 5501 Fr.
3701 5447 3756 5514 1,

2107 5506 2265 5581 αὐτά.
2297 5506 2814 5581 Αἰιειι-Οοωὺθθείἰ
2845 5509 3036 5581 Codex
3067 5506 3124 5568 et
3157 5506 3259 5568 alii
3285 5518 3426 5581 tres,
3459 5513 3610 5572 αὐτό.

2320 5578 2476 5636 Editi
2525 5583 2583 5636 et
2628 5585 2762 5653 Reg.
2795 5580 3046 5658 primus,
3086 5582 3293 5660 ἀπέχῃ.
3323 5578 3435 5643 Alii
3482 5591 3754 5662 quatuor,

2105 5648 2172 5704 έπ
