4130 6392
360 366 478 432 327

1315 358 1705 424 APPENDIX
1751 354 2080 422 OPERUM
2127 360 2192 419 S.
2241 356 2525 420 BASILII
2576 356 2845 420 MAGNI.

3667 360 3789 423 328

438 499 562 554 129.
579 497 764 553 Vens.
783 497 876 553 22.
894 497 957 552 El
987 494 1313 552 indumenta
1341 508 1469 564 quae
1497 501 1626 548 sunt
1652 506 1752 563 per
1768 491 2015 556 domum,

2203 489 2329 545 429.
2366 487 2465 543 Καὶ
2516 487 2583 543 τὰ
2640 481 2994 560 ἑπιϐλήματα
3047 487 3116 543 τὰ
3143 489 3281 543 κατὰ
3305 489 3406 557 τὴν
3440 487 3614 543 οῒκίαν
3648 491 3789 565 (92),

360 593 414 641 et
435 585 718 659 pellucida
737 589 1021 643 Laconica.
1044 582 1425 640 Immodicam
1448 581 1625 637 luxus
1646 580 2020 637 deliciarum-

365 692 481 747 que
511 676 739 748 copiam
773 674 1030 731 declarat
1057 674 1179 729 haec
1207 672 1681 739 sententia,dum
1715 672 1797 727 ait
1829 687 2023 727 recon-

362 763 490 820 dita
519 765 677 820 domi
709 765 1058 820 indumenta
1082 779 1198 833 prae
1222 761 1405 817 nimia
1433 761 1717 817 tenuitate
1741 777 1871 816 esse
1903 758 2018 831 pel-

360 851 873 923 lucida.8umptus
909 850 1064 906 enim
1098 851 1172 906 ad
1202 850 1660 906 ostentationem
1695 850 1885 904 factus
1916 864 2020 920 pro

2127 577 2219 632 καί
2305 576 2373 632 τὰ
2452 574 2682 654 διαφανῆ
2775 576 3080 633 Λακωνικά.
3142 573 3483 656 Ὑπερϐολήν
3555 578 3794 645 ἀσωτίας

2127 664 2218 720 καὶ
2258 672 2467 744 τρυφῆς
2514 664 2768 741 ἀφειδοῦς
2821 667 2849 721 ὁ
2901 664 3063 741 λόγος
3114 666 3384 744 ἐμφαίνει,
3433 669 3502 723 τὰ
3558 663 3793 741 ἐπιϐλή-

2133 775 2276 827 ματα
2326 754 2395 809 τὰ
2450 757 2565 810 κατ’
2600 757 2744 811 οἷκον
2796 753 3031 835 διαφανῆ
3079 754 3250 831 λέγων
3307 757 3439 812 εἶναι
3497 760 3565 831 τῇ
3628 758 3790 833 ὑπερ-

2130 838 2275 919 ϐολῇ
2307 851 2406 914 τῆς
2442 842 2801 917 λεπτότητος.
2834 847 2905 901 Τὸ
2954 846 3058 920 γὰρ
3108 847 3247 921 πρὸς
3301 844 3558 918 ἐπίδειξιν
3618 843 3792 903 δάπα-

364 957 542 1014 scopo
598 941 849 1013 gratiam
901 939 1211 995 hominum
1269 956 1336 995 ac
1399 938 1859 995 benevolentiam
1910 937 2019 994 sibi

2144 933 2319 1006 μηρὸν,
2356 932 2473 1009 ἔχει
2513 934 2715 990 σκοπὸν
2764 935 2865 1002 τήν
2916 934 3439 1011 ἀνθρωπαρέσκειαν·
3470 936 3534 991 τὸ
3593 933 3651 991 δὲ
3698 934 3791 992 καὶ

360 1030 652 1102 proponit.
673 1030 814 1084 Cum
850 1033 1049 1085 autem
1072 1028 1208 1100 quis
1231 1028 1403 1085 etiam
1430 1028 1664 1083 nemine
1694 1031 2018 1098 spectante,

362 1117 637 1190 privatim
688 1117 847 1174 domi
901 1118 1146 1190 degens.
1198 1116 1509 1190 pellucidis
1558 1117 1711 1171 469
1760 1116 2022 1171 vestibu

363 1206 660 1274 amicitur,
692 1207 750 1262 id
784 1222 983 1264 rerum
1036 1210 1238 1262 nostro
1289 1206 1422 1261 usui
1474 1221 1885 1262 concessarum
1917 1205 2021 1260 ab-

364 1311 539 1351 usum
586 1312 872 1367 perquam
924 1294 1310 1361 immodicum
1350 1309 1479 1350 esse
1521 1293 1796 1349 ostendit.
1823 1295 2024 1364 Itaque

366 1384 714 1440 indumenta
734 1385 1111 1440 Laeenarum
1137 1383 1542 1449 imitabantur,
1567 1400 1691 1454 quis
1714 1399 1848 1437 cum
1874 1381 2027 1437 inter

367 1473 706 1531 saltandum
730 1472 901 1544 plane
922 1472 1130 1527 nudari
1152 1471 1359 1537 nolint,
1380 1477 1663 1543 tanquam
1687 1471 1746 1526 id
1765 1471 1844 1526 sit
1866 1471 2028 1527 inde-

369 1579 597 1632 corum,
621 1561 840 1618 lineam
863 1565 1083 1618 vestem
1109 1578 1283 1634 quam
1316 1560 1665 1617 tenuissime
1694 1565 2025 1617 contextam

369 1652 649 1717 induunt,
670 1667 959 1723 perquam
980 1650 1263 1720 objicient
1284 1651 1604 1722 spectanda
1620 1667 1751 1722 quae
1766 1650 2024 1706 virorum

370 1739 557 1797 oculis
590 1757 702 1796 non
728 1739 987 1813 conspici
1016 1739 1342 1811 oportebat.
1369 1738 1550 1795 Vane.
1572 1741 1662 1793 23.
1690 1742 1755 1795 Et
1782 1739 2025 1811 byssina,

369 1834 423 1887 et
480 1830 864 1903 hyacinthina,
903 1838 955 1885 et
1002 1830 1244 1903 byssum,
1300 1846 1427 1886 cum
1479 1846 1616 1886 auro
1645 1833 1696 1887 et
1724 1830 2028 1901 hyacintho

368 1921 690 1977 intertexta.
728 1919 855 1977 Jam
887 1935 1020 1975 vero
1050 1919 1463 1975 immodestam
1491 1921 1669 1975 vitam
1700 1925 1942 1991 agentes
1970 1925 2029 1975 et

369 2026 486 2082 prie
517 2008 833 2064 immodico
882 2008 1021 2063 luxu
1069 2008 1292 2064 sanctis
1320 2007 1675 2064 insultantes
1707 2008 1838 2063 tiliae
1868 2009 2025 2076 Sion,

368 2099 546 2155 etiam
573 2103 797 2154 vestem
822 2096 1312 2154 circumferebant
1337 2096 1726 2154 similitudine
1752 2097 1821 2153 ad
1856 2097 2028 2153 indu-

368 2193 636 2244 mentum
664 2186 1025 2243 sacerdotale
1048 2187 1419 2243 accedentem
1438 2187 1517 2243 ”:
1545 2188 1894 2243 vestimenta
1912 2186 2027 2242 sci-

366 2276 504 2333 licet
536 2276 779 2350 byssina
807 2280 864 2332 et
893 2275 1271 2349 hyacinthina
1302 2276 1598 2347 gerebant,
1622 2275 1898 2348 qualibus
1920 2290 2025 2331 ceu

370 2365 654 2439 symbolis
703 2363 1125 2420 elementorum
1159 2381 1226 2420 ex
1256 2364 1475 2436 quibus
1504 2365 1703 2421 omnia
1733 2369 2024 2435 constant,

369 2454 563 2510 induti
587 2454 939 2523 sacerdotes,
960 2454 1284 2510 introibant
1307 2454 1363 2509 in
1388 2460 1591 2511 sancta
1615 2455 2027 2523 seorsum,Deo

370 2561 477 2617 pro
511 2544 732 2599 mundo
763 2541 1170 2615 supplicaturi.
1200 2544 1418 2615 llyssus
1448 2544 1682 2615 quidem
1718 2562 1821 2616 pro
1850 2550 2024 2614 terra,

371 2631 728 2706 hyacinthus
760 2648 864 2703 pro
896 2648 1048 2697 aere,
1079 2649 1341 2704 purpura
1387 2650 1490 2704 pro
1524 2649 1696 2705 aqua,
1726 2633 2025 2690 coccinum

372 2739 480 2795 pro
511 2722 647 2794 igne
676 2720 931 2793 ponitur.
967 2720 1064 2776 Hie
1096 2724 1288 2777 autem
1318 2722 1599 2778 mulieres
1629 2722 1906 2778 harumce
1936 2739 2028 2778 re-

374 2827 507 2867 rum
540 2815 746 2866 ornatu
791 2826 904 2865 non
952 2814 1257 2875 contentae,
1291 2810 1360 2865 ad
1393 2810 1736 2867 varietatem
1770 2811 2028 2868 efﬁcien-

374 2899 510 2955 dam
544 2902 603 2955 et
631 2900 702 2954 ad
738 2901 1019 2969 majorem
1052 2900 1474 2955 ostendendam
1504 2900 2026 2973 magnificentiam,

374 3006 585 3045 aurum
620 3005 753 3044 cum
806 2988 879 3043 iis
926 2992 1369 3044 contexuerunt.
1401 2989 1469 3043 Et
1496 2989 1759 3045 theristra
1805 2991 2027 3047 accubi—

374 3080 537 3135 toria.
568 3077 934 3134 Theristrum
966 3077 1199 3149 videtur
1241 3095 1368 3134 esse
1408 3079 1821 3134 indumentum
1876 3080 2026 3136 msti-

369 3183 532 3237 vum,
566 3167 650 3222 ita
680 3172 743 3222 ut
771 3170 829 3223 et
857 3172 1052 3240 tegere
1081 3166 1395 3231 videretur,
1431 3185 1530 3223 nec
1561 3173 1758 3224 tamen
1791 3169 1847 3224 in
1882 3174 2023 3226 testu

370 3260 640 3330 gravaret
670 3273 683 3311 :
716 3256 1215 3328 quemadmodum
1265 3260 1321 3312 et
1366 3256 1426 3312 in
1459 3258 1668 3313 Genesi
1710 3258 2028 3315 didicimus
2056 3242 2099 3308 (ἶ

372 3345 694 3401 Rebeccam
725 3344 956 3401 obviam
1012 3346 1176 3401 Isaac
1225 3351 1485 3414 euntem,
1520 3347 1797 3403 theristro
1848 3344 2030 3405 fuisse

373 3434 643 3491 indutam
664 3433 729 3487 ³³.
764 3435 899 3499 Quae
928 3438 1120 3488 autem
1174 3451 1332 3489 nunc
1379 3435 1683 3507 Scriptura
1714 3436 2026 3508 vituperat,

371 3528 662 3580 vocantur
679 3522 978 3589 theristra,
1002 3539 1131 3594 quis
1154 3523 1417 3579 videlicet
1439 3524 1507 3579 ad
1534 3526 2027 3581 discumbendum

375 3630 492 3687 prae
526 3612 707 3668 nimio
738 3610 1057 3683 voluptatis
1088 3612 1283 3667 studio
1331 3611 1494 3668 lectis
1529 3614 2028 3673 insternebantur.

370 3700 481 3756 Sed
514 3699 831 3755 dictionem
859 3699 1027 3767 hanc,
1050 3697 1330 3765 cataclita,
1358 3717 1429 3757 ne
1451 3702 1759 3758 reddidere
1789 3703 2029 3774 quidem

371 3789 724 3860 interpretes
768 3786 892 3842 alii.
926 3788 1293 3859 Quapropter
1320 3793 1605 3861 tanquam
1640 3802 1767 3863 quae
1798 3790 2029 3847 nullum

374 3892 615 3934 sensum
647 3876 964 3944 exhiberet,
998 3881 1199 3932 notata
1228 3877 1394 3934 obelo
1426 3884 1533 3934 est.

450 3966 571 4021 130.
600 3965 775 4021 Vens.
805 3965 896 4019 24.
926 3968 991 4022 Et
1019 3967 1127 4021 erit
1161 3983 1260 4038 pro
1309 3967 1473 4023 odore
1518 3969 1682 4024 suavi
1726 3971 1911 4041 pulvis
1939 3988 1960 4027 :
1983 3980 2034 4029 et

373 4071 477 4130 pro
504 4070 645 4111 tona
662 4054 916 4126 funiculo
936 4048 1195 4125 cingeris,
1218 4060 1271 4111 et
1295 4072 1400 4127 pro
1421 4063 1622 4113 ornatu
1651 4060 1850 4129 capiti:
1870 4077 2035 4118 aureo

376 4146 665 4202 calvitium
695 4144 920 4199 habebis
948 4146 1175 4215 propter
1202 4161 1374 4217 Opera
1400 4149 1519 4202 tua.
1546 4147 1688 4204 Pars
1717 4147 2034 4222 voluptatis

377 4233 637 4293 suavitas
667 4238 758 4290 est
797 4234 1063 4301 odorum,
1092 4235 1570 4306 quandoquidem
1617 4237 1873 4294 incensis
1903 4239 2034 4310 qui-

377 4325 629 4382 busdam
657 4325 975 4397 unguentis
1007 4324 1281 4379 inticiunt
1300 4341 1513 4393 aerem,
1541 4343 1900 4399 suavemque
1923 4328 2035 4384 sibi

378 4413 627 4470 halitum
673 4413 946 4468 reddunt.
980 4412 1081 4469 His
1130 4413 1315 4486 igitur
1365 4413 1713 4471 mulieribus
1747 4414 2037 4489 voluptate

380 4502 634 4575 perfusis
648 4506 705 4558 et
716 4502 954 4558 odorem
964 4503 989 4573 j
999 4504 1298 4558 ucundum
1315 4503 1551 4559 olfactui
1572 4506 2035 4575 accersentibus,

2135 1019 2369 1094 μηδενὸς
2402 1023 2643 1098 ὁρῶντος
2674 1023 2755 1100 ἐφ’
2787 1025 2979 1079 ἑαυτοῦ
3012 1021 3270 1100 διάγοντα
3297 1025 3435 1080 κατὰ
3461 1026 3562 1095 τὴν
3617 1024 3793 1081 οἰκίαν

2132 1106 2361 1188 διαφανῆ
2404 1106 2857 1187 περιϐάλλεσθαι,
2897 1118 3071 1168 πᾶσαν
3134 1108 3448 1189 ὑπερϐολὴν
3504 1116 3793 1191 παραχρή-

2132 1220 2270 1262 σεως
2326 1204 2435 1256 τῶν
2485 1200 2624 1276 πρὸς
2672 1208 2874 1278 χρῆσιν
2939 1203 3451 1279 συγκεχωρημένων
3492 1204 3628 1276 ἡμῖν
3681 1202 3795 1260 ἐπι-

2134 1286 2452 1345 δείκνυται·
2514 1290 2653 1346 ὥστε
2714 1292 2997 1364 μιμεῖσθαι
3053 1291 3120 1347 τὰ
3174 1298 3282 1348 τῶν
3345 1298 3625 1349 Λακαινῶν
3681 1296 3792 1368 (93)

2135 1373 2512 1452 ἐπιϐλήματα’
2548 1380 2603 1433 αἳ
2664 1381 2800 1435 κατὰ
2854 1382 2953 1450 τήν
3003 1376 3239 1457 ὄρχησιν
3297 1381 3361 1436 τὸ
3409 1385 3655 1460 φανερῶς
3698 1404 3791 1457 γυ-

2138 1472 2401 1540 μνοῦσθαι
2460 1469 2534 1532 ὡς
2581 1467 2813 1543 ἄσεμνον
2856 1470 3310 1545 παραιτούμεναι,
3345 1466 3791 1548 ὑπερϐάλλουσαν

2138 1553 2436 1629 λεπτότητι
2494 1556 2653 1628 λινῆν
2712 1558 2912 1629 ἐσθῆτα
2960 1554 3454 1634 περιϐαλλόμεναι,
3497 1558 3568 1616 δι’
3624 1561 3793 1632 αὐτῆς

2138 1648 2418 1724 φαίνουσιν
2480 1648 2513 1703 ἃ
2570 1648 2823 1722 κρύπτειν
2883 1646 2989 1704 ἔδει
3045 1649 3141 1711 τὰς
3197 1654 3303 1705 τῶν
3351 1649 3587 1727 ἆρρἑων
3617 1647 3795 1726 ὄψεις.

2137 1735 2238 1790 Καὶ
2295 1736 2363 1791 τὰ
2419 1736 2664 1809 βύσσινα,
2718 1736 2807 1791 καὶ
2866 1736 2933 1792 τὰ
2994 1736 3292 1806 ὑακίνθινα,
3354 1738 3445 1794 καὶ
3499 1740 3601 1808 τὴν
3661 1738 3797 1815 βύσ-

2136 1846 2227 1880 σον
2313 1825 2405 1879 οὺν
2492 1831 2689 1901 χρυσῷ
2796 1827 2883 1882 καὶ
2966 1827 3203 1901 ὑακίνθῳ
3281 1829 3791 1907 συγκαθυφασμὲνα.

2136 1913 2277 1985 ’Ήδη
2310 1912 2367 1969 δὲ
2398 1916 2482 1970 καὶ
2517 1923 2616 1986 τῆς
2646 1918 2924 1992 ἱερατικῆς
2972 1916 3198 1986 ἐσθῆτος
3251 1919 3571 1991 μιμήματα,
3622 1916 3675 1974 ἐν
3722 1921 3794 1993 τῇ

2139 2004 2561 2078 ἆσέμνῳαὺτῶν
2596 2008 2709 2075 (94)
2764 2009 2879 2080 ζωῇ
2941 2003 3011 2060 δι’
3068 2001 3383 2082 ὑπερϐολὴν
3442 2014 3653 2086 τρυφῆς
3702 2006 3797 2082 ἐμ-

2136 2099 2494 2171 παροινοῦσαι
2524 2100 2641 2156 τοῖς
2675 2095 2874 2169 ἁγίοις,
2905 2095 2961 2150 αἱ
3007 2095 3296 2171 θυγατέρες
3349 2103 3449 2167 τῆς
3500 2097 3645 2152 Σιὼν
3697 2116 3797 2153 πε·

2138 2186 2442 2261 ριφὲρουσι,
2480 2183 2704 2258 βύσσινα
2760 2185 2847 2237 καὶ
2910 2184 3206 2256 ὑακίνθινα,
3241 2185 3407 2240 ὁποῖα
3465 2184 3659 2242 ὶκεῖνοι
3686 2188 3797 2261 (95)

2137 2267 2394 2345 σύμϐολα
2442 2277 2550 2326 τῶν
2613 2272 2902 2349 στοιχείων
2959 2268 3450 2348 περιϐαλλόμενοι,
3492 2274 3545 2346 ἐξ
3603 2275 3677 2330 ὧν
3731 2276 3800 2332 τὰ

2136 2360 2310 2416 πάντα
2355 2359 2692 2431 συνέστηκεν,
2725 2362 2971 2436 εἰσῄεσαν
3020 2361 3098 2427 εἰς
3141 2364 3209 2417 τὰ
3264 2364 3392 2439 ἅγια
3452 2361 3521 2419 δι’
3569 2365 3795 2436 ἑαυτῶν,

2141 2450 2273 2525 ὑπὲρ
2304 2455 2401 2505 τοῦ
2444 2451 2656 2524 κόσμου
2712 2452 2803 2506 τὸν
2856 2451 2987 2507 Θεὸν
3047 2450 3384 2525 ἱλεούμενοι.
3437 2452 3644 2516 Βύσσος
3706 2454 3802 2528 μὶν

2134 2540 2236 2616 γὰρ
2292 2540 2408 2594 ἀντὶ
2463 2546 2564 2609 τῆς
2611 2546 2732 2616 γῆς’
2766 2543 2801 2610 ἡ
2858 2537 2917 2596 δὲ
2982 2542 3232 2605 ὑάκινθος
3280 2542 3399 2596 ἀντὶ
3453 2541 3551 2598 τοῦ
3606 2541 3797 2619 ἀέρος·

2136 2630 2225 2685 καὶ
2257 2630 2511 2706 πορφύρα
2542 2629 2657 2685 ἀντὶ
2714 2628 2810 2684 τοῦ
2870 2627 3087 2699 ὕδατος,
3117 2630 3207 2686 καὶ
3252 2631 3316 2687 τὸ
3371 2630 3624 2687 κόκκινον
3680 2631 3798 2687 ἀντὶ

2135 2722 2234 2774 τοῦ
2265 2719 2456 2792 πυρός·
2492 2719 2547 2773 αἱ
2578 2716 2636 2773 δὲ
2674 2717 2773 2774 οὑκ
2820 2718 3204 2793 ἐξαρκούμενοι
3236 2722 3352 2790 (96)
3378 2724 3462 2794 τῷ
3511 2719 3563 2794 ἕξ
3617 2721 3795 2778 αὐτῶν

2137 2806 2353 2881 κόσμῳ,
2428 2806 2518 2862 καὶ
2602 2807 2806 2883 χρυσὸν
2882 2807 3065 2870 αὐτοῖς
3143 2807 3605 2887 συγκαθύφαινον,
3665 2810 3793 2886 ὑπὶρ

2137 2895 2423 2959 ποικιλίας
2480 2896 2570 2952 καὶ
2626 2896 2983 2960 πολυτελείας
3056 2895 3337 2961 πλείονος.
3389 2900 3488 2953 Καὶ
3546 2900 3791 2976 θὲριπρα

2136 2986 2434 3043 κατάκλιτα
2480 2989 2614 3060 (97).
2661 2993 2845 3042 ’Έοικε
2886 2988 2948 3042 τὸ
2987 2983 3265 3063 θέριστρον
3321 2983 3608 3061 ἐπίϐλημα
3656 2989 3794 3044 εἶναι

2140 3076 2373 3151 θερινόν·
2405 3077 2480 3138 ὡς
2518 3077 2605 3131 καὶ
2644 3071 3001 3152 περιϐάλλειν
3042 3074 3245 3149 δοκεῖν,
3268 3077 3357 3132 καὶ
3403 3078 3477 3149 μὴ
3541 3076 3790 3151 βαρύνειν

2138 3164 2188 3219 ἐν
2221 3170 2298 3237 τῷ
2328 3164 2586 3220 καύσωνι’
2623 3166 2698 3228 ὡς
2756 3165 2845 3221 καὶ
2908 3164 2960 3220 ἐν
3010 3164 3078 3240 τῇ
3130 3164 3339 3220 Γενέσει
3402 3167 3794 3239 μεμαθήκαμεν

2137 3255 2237 3322 τὴν
2297 3249 2577 3309 Ῥεϐέκκαν
2637 3254 2689 3310 ἐν
2756 3258 2824 3327 τῇ
2883 3266 3106 3323 συναντή
3126 3275 3205 3309 σει
3260 3258 3359 3310 τοῦ
3418 3255 3599 3311 Ἰσαὰκ
3642 3273 3797 3329 περι-

2137 3339 2491 3417 ϐαλλομένην
2548 3345 2611 3399 τὸ
2664 3345 2970 3420 θεριστρον.
3001 3347 3069 3400 Ἃ
3105 3342 3163 3398 δὲ
3193 3348 3285 3398 νῦν
3320 3338 3607 3400 διαϐάλλει
3640 3344 3668 3398 ὁ
3698 3340 3798 3399 λόο

2138 3454 2260 3509 γος,
2320 3434 2571 3506 θέριστρα
2629 3433 2864 3509 Λέγεται,
2918 3433 2984 3488 τὰ
3028 3432 3080 3488 ἐν
3139 3437 3220 3506 τῷ
3267 3432 3676 3497 κατακλίνεσθαι
3725 3430 3798 3488 δι’

2141 3516 2454 3597 ὑπερϐολήν
2502 3525 2711 3596 τρυφῆς
2755 3527 2872 3584 ταῖς
2920 3520 3139 3586 κλίναις
3190 3517 3626 3596 ἐπιϐαλλόμενα.
3660 3523 3787 3577 Καί-

2136 3632 2224 3666 τοι
2282 3611 2363 3683 τὸ,
2395 3609 2715 3679 κατάκλιτα,
2751 3609 2875 3666 ούδὶ
2927 3609 3286 3667 ἐκδεδώκασιν
3345 3612 3404 3666 οἱ
3451 3609 3658 3669 λοιποί.
3698 3610 3786 3666 Διὸ

2138 3698 2229 3755 καὶ
2261 3694 2579 3768 ὠϐἑλισται,
2610 3700 2685 3763 ὡς
2715 3697 2903 3756 οὐδένα
2933 3705 3059 3756 νοῦν
3094 3700 3375 3780 ἐμφαῖνον.

2217 3971 2340 4025 130.
2401 3967 2505 4027 Καὶ
2575 3965 2719 4023 ἔσται
2807 3968 2924 4023 ἀντῖ
2979 3967 3153 4043 ἰσμῆς
3206 3965 3416 4040 ἡδείας,
3474 3967 3793 4044 κονιορτὸς·

2142 4056 2234 4113 καὶ
2292 4057 2405 4112 ἀντὶ
2469 4057 2664 4127 ζώνης,
2727 4056 2958 4133 σχοινίῳ
3019 4058 3186 4132 ζώσῃ,
3230 4056 3320 4112 καὶ
3382 4058 3499 4113 ἀντὶ
3554 4061 3651 4113 τοῦ
3704 4055 3799 4112 κό-

2145 4150 2288 4221 σμοῦ
2345 4153 2445 4216 τῆς
2498 4142 2893 4232 κεφαλῆςρτοῦ
2965 4145 3197 4223 χρυσίου
3237 4148 3393 4232 ’(98),
3454 4145 3803 4225 φαλάκρωμα

2142 4234 2279 4307 ἕξεις
2332 4233 2422 4290 διὰ
2473 4234 2541 4290 τὰ
2595 4233 2725 4311 ἔργα
2767 4230 2897 4292 σου.
2948 4235 3129 4309 Μέρος
3187 4230 3398 4311 τρυφῆς
3445 4235 3557 4291 ἐστι
3600 4234 3689 4291 καὶ
3739 4235 3802 4289 τὸ

2146 4326 2198 4382 ἐν
2235 4331 2354 4387 ταῖς
2407 4323 2603 4399 ὀσμαῖς
2652 4321 2778 4397 ἡδὺ,
2811 4324 3119 4403 φαρμάκοις
3164 4325 3304 4380 τισὶν
3366 4322 3801 4399 ἆκθυμιωμένοις

2145 4413 2738 4493 καταφαρμακευόντων
2810 4413 2902 4469 τὸν
2974 4413 3127 4490 ἇὲρα,
3175 4413 3265 4469 καὶ
3330 4412 3518 4485 ἡδεῖαν
3590 4415 3805 4475 ἑαυτοῖς

2151 4504 2565 4579 μηχανωμένων
2616 4502 2912 4574 ἀναπνοήν.
2945 4506 3080 4565 Ταῖς
3129 4501 3220 4558 οὖν
3266 4500 3686 4579 διακεχυμέναις
3716 4502 3806 4577 ὑφ’

382 4593 455 4648 ab
475 4607 542 4648 eo
563 4591 661 4664 qui
695 4591 889 4647 minas
918 4591 1192 4663 intentat,
1216 4591 1411 4664 pulvis
1442 4593 1813 4650 retribuetur.
1840 4594 2029 4653 Pulvis

2152 4592 2377 4665 ἡδονῆς,
2409 4592 2499 4648 καὶ
2532 4592 2708 4665 ὀσμὴν
2754 4588 2941 4663 ἡδεῖαν
2993 4591 3420 4668 μηχανωμὲναις
3476 4596 3546 4671 τῇ
3606 4591 3809 4669 ὀσφρή-

451 4787 498 4824 ⁶²
526 4786 707 4847 Exod.
737 4804 938 4858 xxvm,
968 4788 1024 4845 5.
1098 4788 1144 4828 ⁸³
1176 4788 1319 4849 Gen.
1349 4807 1587 4859 xxxvm,
1620 4792 1706 4849 14.

455 4986 695 5079 (g2)Sie
723 4988 1259 5079 in’qurinquemss.
1293 4994 1377 5079 et“
1400 4990 1458 5046 in
1502 4992 1757 5079 editione
1784 4992 2045 5079 Romana

385 5058 618 5138 legitur.
654 5061 911 5138 Additur
939 5058 1105 5114 αὐτοῦ
1140 5062 1195 5116 ἰη
1241 5063 1415 5119 editis
1464 5070 1521 5119 et
1572 5064 1627 5119 in
1680 5066 1817 5138 Reg.
1855 5065 2043 5137 primo

386 5130 751 5205 postvocem
786 5130 983 5205 οἰκίαν.

463 5203 575 5281 (93)
608 5202 802 5281 Nostri
835 5221 935 5260 sex
981 5205 1289 5281 magis»;
1326 5203 1617 5281 Λακώνων.
1650 5207 1795 5263 Hinc
1844 5208 2043 5281 suspi-

388 5275 508 5331 cari
540 5275 837 5349 quispiam
873 5278 1077 5349 possit,
1110 5277 1488 5332 Tilmannum
1523 5280 1594 5333 de
1624 5296 1732 5335 suo
1764 5275 2042 5349 edidisse,

388 5347 693 5433 ᾼακαινῶν·
724 5347 1088 5433 cumtamen
1115 5349 1366 5433 Lacaenae
1395 5349 1587 5433 Greece
1614 5353 1808 5433 potius
1842 5347 2042 5433 dicané

389 5423 489 5473 tur
516 5415 849 5496 Λακωνίξες.
878 5422 1002 5496 ⁸ῌοο
1046 5420 1177 5496 ipso
1229 5421 1285 5475 in
1338 5422 1464 5477 loco
1493 5415 1634 5496 editi
1664 5431 1721 5496 et
1752 5424 1895 5496 Reg.
1925 5425 2043 5496 pri-

389 5502 545 5565 mus,
582 5487 614 5543 ἂ
638 5489 792 5565 κατά.
830 5492 940 5547 Alii
973 5487 1433 5565 qui—nquemhssq
1467 5488 1521 5546 αῖ
1549 5495 1704 5565 κατά,
1738 5487 1912 5552 τεοῖο.

457 5562 572 5635 (94)
604 5564 842 5635 Antiqui
876 5581 975 5620 sex
993 5560 1162 5627 'libri',
1197 5560 1396 5635 αὐτῶν.
1433 5565 1609 5635 Editi,
1642 5560 1863 5621 ἑαυτῶν.

461 5633 573 5706 (95)
605 5633 793 5691 Codex
826 5636 915 5693 Fr.
951 5638 993 5711 Ξ
1014 5643 1072 5693 et
1101 5635 1265 5711 editi,
1297 5634 1491 5704 ἐκεῖνα,
1527 5633 1697 5696 male.
1732 5640 1842 5711 Alii
1873 5637 2046 5711 quin-

388 5720 504 5789 que
532 5722 679 5764 mss.
714 5714 924 5785 praeter
951 5707 1367 5767 Henricianum
1391 5715 1449 5766 et
1467 5711 1800 5787 Anglicum,
1824 5707 2043 5781 ἐκέἴνοι,

2155 4994 2319 5050 bene.
2357 4994 2509 5063 Lege
2540 4990 2838 5048 Ducasum.

2226 5065 2335 5135 (96)
2369 5056 2620 5119 ltilibri
2652 5064 2877 5134 antiqui
2902 5077 3144 5135 omnes.
3178 5060 3349 5129 Editi,
3383 5056 3734 5135 dpxoupsvut.

2227 5129 2339 5207 (97)
2368 5137 2543 5191 Notat
2587 5129 2854 5199 Ducieus,
2896 5134 3299 5207 interpretem,
3328 5129 3479 5207 quod
3515 5129 3574 5188 in
3606 5129 3811 5207 Uibliis

2154 5202 2545 5263 Plant'inianis
2576 5212 2634 5263 et
2663 5205 3027 5263 Germanicis
3056 5202 3329 5276 legisset,
3350 5202 3616 5278 'Otptcrrpa
3642 5202 3808 5278 κατά-

2153 5294 2398 5345 κΛειστα,
2433 5281 2696 5346 vertisse,
2746 5280 3013 5334 theristra
3055 5275 3250 5332 clausa
3281 5295 3300 5332 :
3331 5275 3436 5333 sed
3469 5275 3689 5348 optime
3710 5275 3810 5348 ju-

2154 5352 2369 5407 dicavit
2390 5353 2636 5429 D‘ueseus
2667 5345 2863 5429 etsuis
2885 5349 3188 5429 codicibus
3219 5348 3332 5429 legi
3356 5345 3644 5429 oportere,
3670 5345 3814 5429 θέριτ

2156 5442 2287 5491 στρα
2317 5421 2635 5489 κατάκλιτα,
2670 5425 2933 5479 theristra
2965 5417 3321 5477 accubuerit;
3368 5417 3668 5477 Iudicium
3700 5417 3816 5473 viri

2153 5495 2542 5551 eruditissimi
2576 5497 2834 5565 adjuvat,
2861 5493 3018 5566 quod
3045 5493 3129 5549 ita
3157 5508 3391 5565 quoque
3420 5494 3481 5549 in
3512 5492 3643 5549 aliis
3672 5506 3815 5561 qna-

2158 5574 2291 5623 tuor
2321 5584 2462 5622 mss.
2498 5567 2746 5638 legatur.

2228 5640 2337 5703 (98)
2372 5639 2518 5694 Editi
2555 5633 2710 5707 ﬁbri,
2739 5639 2838 5711 τοῦ
2867 5636 3099 5711 χρυσοῦ.
3133 5637 3206 5693 At
3235 5652 3336 5693 sex
3366 5652 3512 5694 mss.
3545 5639 3603 5694 et
3629 5633 3817 5693 editio

2158 5710 2441 5783 Romana,
2473 5713 2572 5767 τοῦ
2604 5709 2859 5787 χρυσίου.
