4130 6392
316 396 436 457 329

1142 392 1546 457 COMMENT.
1591 392 1670 455 IN
1717 391 1984 455 lSAIAM
2039 391 2549 457 PROPHETAM.
2595 397 2767 456 CAP.
2813 395 2918 457 Ill.

3619 397 3740 460 330

320 546 420 594 σει,
452 524 736 600 κονιορτὸς
771 522 1172 596 ἀντιδοθήσεται
1372 527 1474 580 ὑπὸ
1531 529 1628 580 τοῦ
1686 521 1974 579 ἀπειλοῦν-

2103 531 2287 582 lutem
2319 531 2407 583 est
2435 529 2633 585 tenuis
2679 534 2855 599 terra,
2887 530 3005 584 aeri
3053 530 3386 598 commista,
3419 547 3546 603 quae
3596 532 3739 587 dum

317 637 436 679 τος.
473 616 662 684 Λεπτὴ
698 613 756 670 δέ
809 615 921 670 ἑστι
947 622 1018 690 γῆ
1052 618 1087 684 ἡ
1119 614 1292 683 κόνις,
1343 615 1644 686 ἀναπεποιη
1661 615 1791 689 μὲνῃ
1838 614 1973 688 πρὸς

317 705 410 760 τὸν
463 703 631 779 ἀίρα,
694 701 982 760 δυσκολίαν
1041 704 1163 760 τινὰ
1218 703 1342 780 περὶ
1399 705 1497 773 τὴν
1559 704 1831 772 ἀναπνοὴν
1885 701 1974 757 καὶ

320 790 512 864 ἀηδίαν
574 791 797 862 πολλὴν
858 793 1170 866 ἔμπονοῦσα
1201 790 1290 847 διὰ
1320 793 1417 862 οήν
1449 789 1730 870 ἕμφραξιν.
1762 791 1974 865 Μύροις

323 883 417 956 μὲν
473 883 576 960 γὰρ
631 883 721 937 καὶ
781 882 1114 955 θυμιάμασιν
1175 883 1517 958 ἐπιτέρπεται
1578 885 1614 952 ἡ
1665 882 1818 956 ψυχὴ
1872 882 1973 954 (1),

318 972 464 1028 ἀλλὰ
512 971 709 1045 μύροις
735 977 855 1034 τοῖς
887 977 1300 1045 πνευματικοῖςο
1364 973 1555 1034 ὁποῖος
1585 974 1650 1040 ἦν
1703 973 1730 1025 6
1777 970 1974 1045 λέγων’

319 1063 551 1124 Χριστοῦ
626 1059 825 1116 εὐωδία
892 1060 1090 1134 ίσμὲνο
1145 1061 1278 1130 καὶ,
1357 1060 1521 1136 Χάρις
1594 1065 1674 1133 τῷ
1725 1063 1843 1131 Θεῷ
1899 1061 1978 1129 τῷ

322 1151 421 1219 τήν
491 1150 664 1223 ὀσμὴν
758 1156 860 1219 τῆς
941 1148 1189 1223 γνώσεως
1269 1149 1433 1204 αὐτοῦ
1522 1152 1840 1227 φανεροῦντι
1923 1145 1975 1200 ἐν

323 1239 480 1294 παντὶ
535 1239 709 1311 τόπῳ.
770 1237 1038 1308 Τοιαύτης
1111 1233 1544 1313 ἀντελαμϐάνετο
1608 1239 1786 1310 ὀσμῆς
1842 1236 1979 1290 ἀπο-

322 1326 588 1398 πνεούσης
639 1331 738 1382 τοῦ
797 1323 992 1382 Ἰακὼϐ
1045 1329 1073 1382 6
1133 1329 1313 1403 πατὴρ
1373 1328 1576 1384 Ἰσαάκο
1639 1324 1779 1382 Ἰδοὺ
1831 1326 1976 1399 ὀσμὴ

320 1420 416 1472 τοῦ
473 1419 593 1472 υἱοῦ
652 1438 776 1491 μου,
835 1417 910 1481 ὡς
965 1417 1112 1491 ὀσμή
1171 1417 1339 1493 ἀγροῦ
1395 1415 1666 1490 πλήρους,
1719 1414 1776 1470 ὅν
1819 1412 1978 1469 εὐλό-

318 1527 451 1580 γησε
646 1505 860 1582 Κύριος.
914 1506 1011 1563 Καὶ
1058 1507 1114 1561 αἱ
1145 1505 1197 1562 ἐν
1249 1510 1328 1578 τῷ
1384 1501 1714 1578 ’ᾋσματιδὲ
1741 1500 1977 1566 νεάνιδες

320 1594 639 1669 αἰσθόμεναι
683 1601 785 1666 τῆς
834 1595 1092 1672 οὐρανίου
1142 1593 1377 1658 εὐωδίας
1405 1599 1502 1650 τοῦ
1529 1595 1733 1670 Λόγου,
1767 1587 1975 1669 ἔλεγον·

321 1684 416 1746 Εἰς
453 1685 629 1756 ὸσμὴν
690 1684 874 1760 μύρων
931 1706 1027 1740 σου
1087 1682 1425 1759 δραμοῦμεν.
1459 1683 1558 1740 Καὶ
1607 1684 1668 1737 τὸ
1718 1683 1978 1759 ἀρχιερα-

318 1773 470 1829 τικὸν
501 1771 559 1829 δὲ
583 1773 794 1850 χρίσμα
847 1775 1016 1850 μύρον
1062 1777 1129 1844 ἦν
1178 1772 1344 1830 καλὸν
1396 1775 1486 1829 καὶ
1516 1773 1765 1850 τερπνὸν,
1817 1769 1978 1828 ἀδελ-

320 1868 436 1941 φῶν
471 1863 728 1941 συναφείᾳ
757 1866 1174 1940 παρεικάζεσθαι
1225 1862 1394 1933 ἄξιον.
1448 1864 1518 1918 Τὸ
1567 1867 1815 1918 τοιοῦτον
1875 1861 1976 1935 μύ-

321 1973 413 2028 ρον
444 1953 697 2028 τεχνίτου
745 1950 940 2024 δεῖται,
989 1953 1095 2008 ἀπὸ
1139 1957 1270 2011 Θεοῦ
1317 1947 1582 2016 λαϐόντος
1612 1953 1711 2022 τὴν
1751 1953 1978 2026 μυρεψιο

319 2044 420 2112 κήν
479 2041 722 2118 τέχνην,
780 2043 856 2105 εἰς
909 2044 971 2098 τὸ
1019 2049 1246 2112 ποιῆσαι
1302 2043 1517 2119 χρίσμα
1581 2043 1752 2118 ἅγιον,
1803 2041 1832 2095 ’ὀ
1883 2040 1981 2096 οὐκ

325 2128 650 2204 ἀναϐήσεται
705 2133 782 2195 εἰς
833 2135 1005 2209 σάρκα
1053 2134 1364 2210 ἀνθρώπου.
1402 2135 1566 2190 ’Όταν
1607 2133 1788 2206 μέντοι
1842 2131 1979 2206 πρὸς

327 2221 622 2278 ἀκολασίαν
663 2223 726 2278 τὸ
777 2221 882 2294 ἡδὺ
926 2229 1025 2293 τῆς
1058 2224 1238 2296 ὀσμῆς
1269 2219 1679 2293 ἐπιτηδεύηται,
1739 2219 1982 2299 ἐμφράσ-

329 2333 475 2368 σεται
535 2313 638 2368 ὑπὸ
689 2317 786 2368 τοῦ
840 2317 1129 2388 κονιορτοῦ
1203 2314 1231 2367 6
1287 2313 1458 2386 πόρος
1511 2319 1611 2381 τῆς
1658 2311 1982 2382 αἰσθήσεως,

329 2401 736 2479 εὐεργετοῦντος
762 2407 858 2457 τοῦ
887 2406 1055 2457 ταῦτα
1085 2401 1268 2463 αὐτοῖς
1301 2400 1720 2474 οἷκονομοῦντος
1760 2398 1981 2471 Κυρίου.

331 2494 491 2568 Τάχα
522 2490 580 2547 δὲ
631 2491 748 2547 ἐπεὶ
784 2493 836 2548 ἐν
866 2497 947 2566 τῷ
976 2495 1089 2565 ναῷ
1118 2492 1186 2560 ἦν
1212 2491 1282 2546 τὰ
1311 2487 1601 2563 ἡδύσματα
1626 2496 1726 2560 τῆς
1780 2490 1981 2561 ὀσμῆς,

324 2581 388 2636 τὸ
417 2603 475 2636 τε
530 2581 697 2658 μύρον
749 2588 849 2652 τῆς
900 2580 1158 2656 χρίσεως,
1205 2580 1296 2634 καὶ
1334 2580 1397 2635 τὸ
1431 2579 1678 2653 θυμίαμα
1705 2585 1804 2648 τῆς
1861 2598 1980 2631 συν-

328 2671 547 2733 θέσεως·
607 2669 904 2748 κανεῤῥίφη
938 2667 995 2724 δὲ
1027 2671 1055 2725 6
1085 2669 1232 2739 ναὸς,
1283 2668 1372 2724 καὶ
1419 2662 1529 2723 ἔστι
1581 2672 1670 2723 νῦν
1723 2667 1773 2722 ἐν
1807 2665 1984 2737 κονίᾳ,

325 2761 652 2836 ἀνατραπεὶς
699 2760 786 2814 καὶ
835 2764 983 2814 κάτω
1026 2759 1294 2833 κείμενος,
1348 2757 1464 2813 ἀντὶ
1515 2760 1614 2827 τῆς
1642 2778 1775 2812 ποτε
1807 2758 1984 2830 ὀσμῆς

328 2857 430 2919 τῆς
460 2847 643 2920 ἡδείας
673 2849 809 2904 κατᾶ
854 2850 955 2919 τὴν
1004 2851 1235 2922 νομικὴν
1285 2847 1561 2924 λατρείαν,
1596 2851 1685 2903 νῦν
1721 2849 1796 2921 (3)
1846 2867 1990 2906 κονι,

329 2938 490 3015 ορτός
541 2937 652 2993 ἐστι
712 2935 801 2992 διὰ
852 2939 944 3002 τὰς
1004 2937 1351 3014 πορευθείσας
1401 2934 1602 3012 ὑψηλῷ
1648 2936 1738 2991 καὶ
1789 2937 1988 2990 ἀνυποσ-

331 3029 511 3100 τάκτῳ
539 3027 810 3103 τραχήλῳ
867 3028 1070 3102 ψυχάς·
1106 3029 1188 3084 οἷς
1219 3026 1308 3081 καὶ
1359 3024 1593 3098 εἷ’ρηται.
1637 3022 1778 3080 Ἰδοὺ
1838 3026 1990 3102 ἀφίε-

338 3137 427 3170 ται
483 3115 610 3190 ὐμῖν
667 3117 696 3170 6
746 3119 897 3178 οἶκος
960 3117 1110 3188 ὑμῶν
1166 3110 1396 3192 ἕρημος.
1445 3115 1652 3184 Ἓξιστι
1691 3113 1873 3186 μέντοι
1905 3112 1994 3167 αὐ-

334 3210 474 3275 ταῖς,
563 3204 649 3260 id»)
737 3203 1068 3279 βούλωνται,
1155 3201 1590 3276 ἐκτιναξαμὲναις
1677 3201 1767 3255 τὸν
1831 3204 1992 3276 χοῦν,

346 3278 763 3364 ἀναπλησθῆναι
818 3300 919 3364 τῆς
979 3289 1207 3354 εὐωδίας
1239 3295 1475 3367 Χριστοῦ
1504 3291 1641 3346 κατὰ
1667 3293 1766 3360 τήν
1795 3291 1995 3367 παραί-
2028 3278 2070 3345 C

2087 621 2316 673 meatus
2346 618 2947 688 obstruit,quamdam
2973 619 3302 691 respirandi
3333 621 3739 676 difﬁcultatem

2085 712 2141 760 et
2158 706 2488 764 molestiam
2514 707 2761 762 multam
2787 713 2960 764 creat.
2981 709 3051 764 Et
3071 710 3309 780 quidem
3333 709 3653 780 unguentis
3675 726 3742 765 ac

2086 795 2291 850 suffitu
2307 795 2628 851 delectatur
2639 797 2964 863 anima,sed
2981 798 3295 869 unguentis
3308 797 3740 870 spiritualibus;

2086 885 2419 953 cujusmodi
2452 894 2578 940 erat
2609 888 2709 956 qui
2742 885 2973 940 dicebat
2999 904 3012 942 :
3054 886 3259 943 Christi
3287 888 3458 943 bonus
3488 889 3620 944 odor
3647 903 3741 942 su-

2085 990 2207 1028 mus
2237 974 2300 1028 6‘.
2337 976 2422 1038 Et,
2458 973 2646 1030 Gratia
2676 975 2783 1030 Deo
2834 977 2931 1046 qui
2957 977 3179 1032 odorem
3221 979 3441 1034 notitiw
3468 991 3588 1035 suae
3615 993 3741 1032 ma-

2087 1066 2315 1133 nifestat
2344 1067 2404 1120 in
2453 1067 2610 1120 omni
2640 1065 2752 1120 loco
2801 1065 2866 1119 ⁸⁸.
2901 1065 3087 1121 Odore
3117 1067 3406 1137 ejusmodi
3450 1068 3742 1139 fragrante

2089 1153 2251 1209 Isaac
2281 1153 2484 1210 Jacobi
2519 1163 2683 1226 pater
2713 1155 3089 1210 recreabatur
3108 1172 3121 1210 :
3143 1157 3276 1212 Ecce
3304 1157 3439 1214 odor
3466 1157 3576 1228 ﬁlii
3603 1158 3742 1226 mei,

2086 1243 2228 1297 sicut
2255 1242 2386 1298 odor
2415 1245 2542 1313 agri
2567 1244 2743 1314 pleni,
2774 1246 2868 1300 cui
2900 1243 3177 1300 benedixit
3205 1247 3469 1301 Dominus
3495 1248 3560 1303 ⁸⁸.
3592 1246 3744 1311 Quin

2089 1332 2235 1386 etin
2267 1331 2504 1390 Cantico
2553 1332 3003 1390 adolescentulis
3048 1334 3342 1390 cmlestem
3393 1340 3746 1407 gratumque

2087 1419 2263 1475 Verbi
2295 1421 2532 1476 odorem
2565 1421 2910 1494 sentientes,
2945 1423 3218 1478 dicebant
3255 1440 3266 1479 :
3299 1428 3367 1479 In
3396 1425 3615 1480 odorem
3643 1440 3747 1480 un-

2088 1519 2417 1579 guenton
2465 1515 2686 1567 tuorum
2730 1527 3015 1568 curramus
3041 1513 3105 1567 6".
3139 1513 3246 1568 Sed
3281 1519 3339 1569 et
3375 1513 3744 1585 pontiﬁcium

2088 1599 2350 1655 chrisma
2381 1606 2751 1672 unguentum
2774 1605 2900 1657 erat
2920 1601 3140 1657 bonum
3172 1607 3229 1657 et
3257 1602 3556 1660 oblectans
3583 1601 3745 1671 ⁸⁸,ᾶὶ-

2087 1704 2272 1760 gnum
2329 1690 2485 1761 quod
2547 1691 2794 1746 fratrum
2840 1691 3165 1747 concordiae
3195 1696 3639 1764 compararetur
3676 1692 3743 1746 δ’.

2090 1777 2392 1849 Ejusmodi
2420 1783 2789 1851 unguentum
2823 1780 2980 1836 470
3009 1780 3236 1852 indiget
3264 1779 3618 1853 artiﬁce,qui
3647 1796 3746 1836 ac-

2090 1866 2435 1939 cipiataDeo
2449 1874 2632 1925 artem
2653 1869 3749 1940 unguentariam,utchrismasanctum

2091 1957 2382 2026 conﬁciat,
2427 1959 2582 2027 quod
2639 1959 2700 2012 in
2759 1973 2996 2014 carnem
3061 1958 3318 2014 hominis
3373 1974 3748 2030 nequaquam

2092 2048 2370 2103 ascendet
2397 2048 2464 2100 ⁷ο.
2499 2048 2743 2111 Quando
2775 2046 2958 2118 igitur
2989 2048 3250 2103 suavitas
3281 2048 3477 2104 odoris
3507 2048 3752 2120 instigat

2093 2138 2164 2192 ad
2195 2136 2527 2203 libidinem,
2561 2141 2793 2191 meatus
2842 2137 3044 2192 sensui
3093 2136 3415 2193 inserviens
3453 2136 3751 2209 cppilatur

2092 2226 2350 2297 pulvere,
2374 2226 2530 2296 quod
2567 2225 2631 2279 ﬁt
2663 2225 2896 2280 Domini
2925 2225 3047 2280 haec
3077 2226 3163 2281 eis
3195 2226 3497 2298 largientis
3527 2226 3750 2282 beneﬁ-

2093 2315 2202 2370 cio.
2239 2319 2507 2370 Fortasse
2537 2319 2756 2384 autem,
2792 2315 2947 2386 quod
2978 2315 3037 2370 in
3064 2315 3280 2388 templo
3311 2321 3478 2372 erant
3500 2316 3748 2372 odorum

2094 2403 2793 2474 condimenta,unctionis
2820 2403 3086 2460 videlicet
3104 2409 3558 2476 unguentum,et
3586 2420 3748 2462 com-

2095 2493 2408 2565 positionis
2426 2492 2755 2562 thymiama
2778 2510 2792 2562 ;
2813 2493 3076 2549 dirutum
3099 2500 3294 2550 autem
3319 2498 3409 2550 est
3432 2493 3748 2567 templum,

2087 2585 2364 2653 jacetque
2380 2599 2537 2637 nunc
2553 2581 2610 2636 in
2629 2581 3159 2653 pulvere,eversum
3181 2589 3239 2638 et
3258 2582 3422 2638 humi
3437 2583 3750 2654 dejectum,

2098 2687 2202 2744 pro
2227 2676 2390 2743 grato
2413 2670 2775 2741 odorejuxta
2789 2669 3040 2743 legalem
3054 2671 3279 2728 cultum
3297 2672 3437 2728 olim
3462 2673 3755 2744 fragrante

2099 2777 2257 2816 nunc
2289 2760 2480 2836 pulvis
2512 2765 2621 2825 est,
2655 2761 2726 2815 ob
2757 2777 2856 2816 eas
2888 2762 3141 2832 animas,
3171 2778 3300 2832 quas
3348 2767 3539 2818 erecto
3570 2765 3629 2817 et
3659 2760 3754 2816 in-

2097 2849 2391 2905 tractabili
2452 2849 2602 2904 collo
2656 2850 3052 2916 ambulavere,
3084 2850 3301 2920 quibus
3345 2851 3568 2905 dictum
3619 2853 3756 2905 est:

2099 2941 2228 2994 Ecce
2271 2940 2616 3009 relinquitur
2662 2938 2808 2993 vobis
2836 2938 3028 2994 domus
3075 2943 3253 2994 vestra
3301 2940 3520 2995 deserta
3548 2939 3618 2991 τι.
3651 2942 3756 2993 At-

2104 3033 2303 3083 tamen
2335 3027 2385 3082 si
2417 3025 2732 3094 voluerint,
2754 3025 2892 3082 licet
2921 3027 3028 3095 eis,
3049 3043 3295 3083 excusso
3329 3026 3759 3099 pulvere,suavi

2101 3115 2320 3172 Christi
2360 3117 2536 3170 odore
2588 3115 2888 3184 compleri,
2924 3117 3248 3171 secundum
3297 3117 3761 3173 admonitionem

2105 3205 2236 3274 ejus
2268 3203 2367 3275 qui
2401 3203 2541 3258 dicit
2575 3220 2588 3256 :
2625 3205 2827 3259 Excute
2864 3205 3146 3275 pulverem
3173 3208 3351 3274 tuum,
3377 3210 3432 3260 et
3453 3221 3641 3276 surge,
3670 3207 3761 3262 Je-

2111 3294 2377 3364 rusalem,
2409 3297 2464 3348 et
2495 3292 2724 3348 induere
2752 3293 2990 3362 gloriam
3023 3294 3243 3350 brachii
3271 3297 3355 3350 tui
3382 3296 3448 3349 ⁷³.

338 3403 481 3437 νεσιν
530 3404 630 3437 του
687 3382 981 3458 λὲγοντοςο
1042 3380 1342 3452 Ἐκτίναξαι
1406 3381 1499 3434 τὸν
1549 3383 1682 3456 χοῦν
1741 3399 1877 3454 σου,
1936 3380 2028 3436 καὶ
2085 3382 2388 3451 ἀνάστηθι,
2442 3377 2826 3456 Ἰερουσαλὴμ,
2884 3380 2974 3436 καὶ
3033 3377 3244 3436 ἔνδυσαι
3291 3383 3392 3452 τὴν
3453 3379 3608 3452 δόξαν
3669 3385 3767 3438 τοῦ

343 3471 643 3547 βραχίονός
672 3492 788 3526 σου.

412 3563 534 3617 131.
589 3560 694 3616 Καὶ
743 3559 862 3614 ἀντὶ
916 3560 1094 3630 ζώνης
1128 3557 1360 3634 σχοινίῳ
1394 3557 1564 3632 ζώσῃ.
1599 3559 1866 3613 Ζώννυται
1898 3558 1993 3631 μὲν

332 3650 432 3719 τὴν
466 3649 634 3727 ὀσφὺν
667 3649 718 3705 ἐν
753 3647 984 3722 ἀληθείᾳ
1016 3650 1043 3704 6
1073 3649 1211 3704 κατὰ
1238 3648 1366 3703 Θεὸν
1399 3646 1994 3720 ζωννύμενος.“οποῖος

337 3740 404 3808 ἦν
468 3739 496 3793 6
557 3739 779 3816 Πέτρος,
819 3737 1067 3793 ἐκτείνων
1125 3738 1219 3799 τὰς
1288 3741 1500 3813 χεῖρας,
1533 3736 1624 3792 καὶ
1658 3736 1999 3810 ζωννύμενος

341 3827 420 3890 εἷς
449 3829 542 3882 τὸν
581 3828 713 3902 ὑπὲρ
746 3828 981 3902 Χριστοῦ
1030 3823 1282 3898 πόλεμον
1342 3825 1444 3880 ὑπὸ
1500 3829 1609 3880 τῶν
1668 3825 1742 3888 εἰς
1771 3825 1832 3880 τὸ
1865 3824 1999 3900 ῦπὶρ

340 3919 439 3987 τῆς
485 3916 745 3988 ἀληθείας
798 3915 960 3970 αὐτὸν
1011 3914 1310 3989 μαρτύριον
1368 3913 1531 3989 μέχρι
1573 3913 1803 3977 θανάτου
1857 3931 2003 3988 προ-

343 4005 719 4079 καλουμένων.
770 4006 832 4062 Ὀ
886 4004 979 4078 μὲν
1040 4001 1130 4058 οῦν
1188 4004 1343 4078 ἅγιος
1394 4004 1782 4076 περιζώννυται
1842 4000 2003 4058 δόνα-

349 4117 460 4167 μιν.
519 4096 582 4152 Ὁ
639 4094 768 4156 Θεὸς
813 4094 963 4170 γὰρ,
1024 4094 1212 4171 φησὶν,
1272 4094 1299 4146 ὁ
1357 4091 1737 4166 περιζωννύων
1799 4113 1866 4165 με
1914 4089 2005 4147 δύ-

343 4203 528 4258 ναμιν’
589 4185 618 4238 ὁ
679 4181 737 4238 δὲ
791 4180 1064 4245 ἀπολέσας
1114 4183 1215 4251 τὴν
1279 4182 1456 4252 ζώνην
1514 4181 1738 4254 ταύτην,
1787 4186 1867 4254 τῷ
1928 4177 2008 4236 δε-

351 4279 475 4348 σμῷ
529 4277 636 4328 τῶν
701 4269 859 4328 ῒδίων
919 4273 1198 4348 ἁμαρτιῶν
1236 4271 1525 4340 ζώννυταιυ
1591 4269 1731 4326 διότι
1788 4274 2005 4346 Σειραῖς

342 4369 457 4419 τῶν
532 4359 690 4417 ἷδίων
749 4363 1028 4438 ἁμαρτιῶν
1079 4357 1303 4423 ἕκαστος
1361 4360 1664 4439 σφίγγεται.
1723 4362 1819 4415 Ὧν
1880 4360 2010 4433 σόμο

351 4448 519 4509 ϐολον
552 4455 616 4522 ἦν
671 4451 736 4507 τὸ
789 4450 849 4506 ἐκ
905 4449 1162 4527 σχοινίων
1211 4449 1570 4526 φραγέλλιον,
1603 4448 1887 4522 ἐξελαῦνον
1912 4452 2009 4505 τοῦ

345 4544 500 4618 ἱεροῦ
529 4541 658 4606 τοὺς
692 4535 1065 4617 βαϐηλοῦντας
1119 4541 1186 4595 τὰ
1241 4541 1391 4614 ἅγια,
1427 4536 1732 4602 δεικνύντος
1776 4544 1874 4596 τοῦ
1907 4545 2010 4594 Κυ-

2183 3561 2306 3616 131.
2336 3561 2403 3615 Et
2445 3576 2545 3632 pro
2582 3576 2724 3616 zona
2769 3561 3026 3630 funiculo
3073 3562 3329 3632 cingeris.
3365 3561 3475 3628 Qui
3519 3561 3762 3635 quidem

2111 3651 2437 3707 secundum
2456 3649 2642 3705 Deum
2665 3650 2895 3706 cinctus
2916 3653 3164 3722 est,ejus
3185 3650 3426 3706 lumbus
3449 3652 3507 3706 in
3533 3652 3774 3707 veritate

2111 3740 2390 3811 cingitur.
2442 3739 2748 3810 Ejusmodi
2797 3744 2926 3796 erat
2969 3741 3206 3810 Petrus,
3257 3741 3357 3812 qui
3406 3741 3773 3812 expandebat

2114 3847 2352 3899 manus,
2368 3832 2425 3884 et
2447 3829 2518 3884 ad
2543 3828 2762 3884 bellum
2783 3846 2884 3900 pro
2907 3829 3139 3886 Christo
3162 3831 3578 3886 sustinendum
3597 3831 3670 3884 ab
3701 3828 3776 3884 iis

2114 3919 2553 3990 accingebatur,
2574 3917 2673 3989 qui
2707 3934 2843 3972 eum
2875 3919 2947 3973 ad
2975 3923 3223 3974 mortem
3253 3935 3442 3990 usque
3471 3935 3652 3974 causa
3684 3923 3774 3974 te-

2115 4005 2382 4062 stimonii
2413 4006 2682 4062 veritatis
2713 4007 3129 4077 provocabunt.
3160 4012 3412 4064 Sanctus
3437 4005 3778 4079 itaque'cir-

2116 4095 2516 4167 cumcingitur
2545 4095 2762 4150 virtute
2796 4113 2808 4150 :
2845 4097 2984 4151 Deus
3002 4097 3397 4166 enim,inquit,
3419 4099 3516 4168 qui
3536 4097 3775 4152 circum-

2115 4186 2302 4258 cingit
2329 4201 2415 4240 me
2434 4185 2632 4240 virtute
2651 4185 2696 4218 ⁷³
2724 4202 2737 4252 ;
2757 4189 2816 4240 at
2833 4201 3040 4240 zonam
3066 4185 3218 4240 hanc
3239 4185 3777 4258 perdidit,cingitur

2118 4273 2355 4329 vinculo
2387 4277 2760 4344 peccatorum
2795 4291 3062 4338 suorum,
3091 4275 3247 4345 quod
3282 4275 3503 4330 Catenis
3528 4282 3774 4345 peccato-

2120 4381 2251 4420 rum
2282 4379 2514 4418 suorum
2561 4365 2939 4434 unusquisque
2986 4363 3386 4434 constringitur
3414 4364 3480 4418 τι.
3516 4364 3777 4428 Quorum

2121 4451 2456 4507 dilictorum
2510 4451 2842 4524 symbolum
2874 4456 2998 4507 erat
3047 4451 3346 4524 ﬂagellum
3381 4451 3528 4509 illud
3559 4469 3591 4508 ο
3620 4452 3777 4509 funi-

2122 4540 2272 4596 culis
2319 4545 2680 4610 contextum,
2714 4557 2826 4611 quo
2857 4541 3089 4612 expulsi
3120 4546 3260 4597 sunt
3289 4557 3319 4598 e
3349 4541 3568 4614 templo
3599 4542 3640 4597 ii
3679 4540 3784 4614 qui

348 4633 487 4709 ρίου,
547 4630 632 4686 ὅτι
690 4629 903 4705 ἑκάστῳ
965 4631 1219 4704 μάστιγες
1274 4629 1332 4682 αἱ
1396 4628 1591 4684 οἰκεῖαι
1649 4629 1855 4686 πλοκαὶ
1904 4633 1990 4684 τῶ

2121 4634 2326 4686 sancta
2371 4630 2766 4701 profanabant
2793 4629 2855 4682 ⁷⁵.
2890 4629 3250 4686 Ostendebat
3296 4631 3452 4688 enim
3495 4630 3783 4688 Dominus

351 4725 630 4797 ἁμαρτιῶν
684 4720 953 4796 γίνονται,
1001 4718 1094 4774 καὶ
1131 4717 1443 4791 μαστίζεται
1503 4717 1772 4794 σχοινίοις
1826 4719 2010 4794 ἁμαρ-

350 4814 483 4865 τιῶν
541 4815 659 4873 τοῖς
685 4807 1182 4886 περιπλεκομένοις
1243 4806 1409 4880 αὐτῷ·
1464 4807 1610 4865 Ἀντὶ
1672 4805 1729 4862 δὲ
1766 4811 1863 4862 τοῦ
1912 4805 2011 4861 κό-

2121 4718 2392 4792 preprios
2421 4723 2798 4790 peccatorum
2843 4735 3028 4775 nexus
3059 4735 3166 4776 ceu
3197 4718 3430 4793 ﬂagella
3460 4719 3784 4791 unicuique

2121 4809 2339 4874 inesse,
2372 4811 2429 4863 et
2457 4807 2584 4863 suis
2637 4823 2926 4879 quemque
2973 4812 3346 4880 peccatorum
3393 4806 3672 4864 funiculis
3717 4823 3782 4863 se

356 4920 499 4974 σμου
571 4905 674 4968 τῆς
749 4894 994 4976 κεφαλῆς
1059 4900 1156 4951 τοῦ
1211 4893 1446 4972 χρυσίου
1505 4898 1603 4970 (4),
1665 4894 1990 4974 φαλάκρωμι

2121 4896 2745 4968 circumplectentibus
2777 4897 3081 4969 ﬂagellari.
3110 4900 3218 4955 Pro
3247 4901 3447 4954 ornatu
3469 4900 3654 4953 autem
3679 4912 3782 4953 ea-

429 5056 476 5090 “
504 5057 554 5109 II
584 5058 711 5110 Cor.
745 5069 808 5119 ιι,
842 5054 927 5108 15.
1004 5053 1050 5088 ⁸³
1081 5051 1226 5108 ibid.
1263 5053 1349 5106 14.
1427 5051 1472 5087 ⁸⁸
1502 5051 1646 5108 Gen.
1675 5067 1849 5118 xxvu,
1883 5051 1972 5104 27.

2123 5053 2286 5104 Cant.
2323 5067 2363 5120 ι,
2397 5051 2449 5122 3.
2526 5050 2570 5085 ⁸⁸
2601 5051 2778 5106 Exod.
2811 5068 2942 5121 xxx,
2977 5053 3066 5107 25.
3143 5052 3188 5086 ⁶⁹
3214 5050 3368 5122 Psal.
3400 5066 3609 5120 CXXXII,
3642 5049 3696 5122 Ι,
3722 5052 3778 5106 2.

359 5127 403 5161 ⁷⁰
432 5127 616 5181 Exod.
647 5143 780 5193 xxx,
807 5125 897 5180 32.
973 5124 1017 5160 ’τί
1055 5125 1188 5180 Luc.
1221 5138 1325 5192 xu,
1352 5123 1442 5180 35.
1519 5123 1564 5158 ⁷³
1589 5127 1703 5179 Isa.
1739 5139 1835 5178 LII.
1866 5122 1922 5177 2.

2103 5122 2228 5178 ’sal.
2260 5137 2399 5191 xvn,
2431 5121 2522 5178 33.
2596 5123 2643 5157 7‘
2675 5123 2840 5180 Prov.
2871 5141 2928 5192 ν,
2957 5125 3046 5178 22.
3122 5123 3166 5158 ⁷⁸
3193 5121 3361 5179 Joan.
3396 5139 3459 5192 ιι,
3484 5123 3569 5180 ιδ.

433 5290 663 5366 (9‘9)1_ta
691 5293 878 5349 nostri
925 5309 1028 5350 sex
1057 5292 1196 5349 libri
1245 5292 1497 5366 antiqui.
1531 5292 1684 5349 Editi
1707 5309 1864 5362 vero,
1895 5290 2020 5346 ἀντ-

361 5358 758 5431 αποδοθήσεται
769 5407 782 5419 .

437 5437 512 5512 (1)
546 5435 800 5512 Veteres
821 5436 1048 5508 aliquot
1078 5433 1236 5506 libri,
1269 5436 1304 5506 ἡ
1336 5436 1511 5512 ψυχή.
1549 5435 1754 5494 Deerat
1800 5435 2018 5492 articu-

364 5506 857 5590 massylae.

2132 5292 2192 5366 in
2225 5291 2351 5349 loco
2384 5310 2486 5349 sex
2531 5311 2678 5352 mss.
2711 5291 2944 5356 νεάνιδες
3000 5290 3340 5366 αἰσθόμεναι.
3372 5292 3548 5366 Editi,
3597 5289 3782 5348 αἴσθοι-

2128 5361 2593 5510 v66(1):)miloculam
2625 5439 2716 5510 νῦν
2747 5453 2816 5492 ex
2847 5437 3203 5510 nostrissex,
3244 5453 3391 5510 mss.
3424 5437 3784 5510 addidimus.

2130 5507 2361 5565 Ne’c‘ita
2392 5510 2578 5585 multo
2625 5508 2776 5585 infra
2804 5508 3026 5585 vulgati
3074 5508 3231 5581 libri,
3264 5507 3475 5585 εἴρηται
3504 5507 3589 5566 τό,
3621 5511 3696 5566 Αι
3727 5508 3786 5564 in

436 5579 512 5653 (2)
546 5576 1060 5654 EditﬂaﬁMYncsv
1081 5579 1130 5654 ᾧ·
1163 5584 1224 5637 at
1270 5579 1554 5638 articulus
1585 5579 1644 5635 in
1676 5578 1990 5654 nostrisse:

2133 5597 2278 5654 mss.
2311 5581 2587 5654 omnibus
2619 5581 2785 5654 deest
2808 5579 2896 5654 τό.

368 5649 518 5727 mss".
549 5666 689 5727 non_
720 5649 950 5727 legitur.
981 5650 1204 5709 Ibidem
1235 5654 1511 5727 quinque
1540 5650 1834 5727 ωειλκαὶ
1867 5649 1922 5727 αἱ
1948 5649 2021 5709 ἐν.

370 5722 524 5782 Editi
554 5729 614 5782 et
659 5721 800 5797 Reg;
855 5723 1110 5797 primus,
1160 5721 1285 5778 καὶ“
1311 5721 1836 5785 tv.'Rursus"hoc
1894 5722 2024 5796 ipso

690 5853 962 5939 Ρεειιοιε
1005 5853 1121 5940 ag.
1161 5851 1357 5939 xxx,

2208 5653 2285 5726 (4)
2316 5653 2493 5724 Editi,
2527 5653 2756 5728 χρυσοῦ.
2787 5652 2862 5710 At
2890 5668 3035 5712 mss.
3069 5651 3358 5726 quinque;
3389 5651 3643 5729 χρυσίου.

3389 5851 3469 5934 u.
