4130 6392
343 383 457 445 331

1279 380 1675 441 APPENDIX
1727 379 2053 441 OPERUM
2099 381 2166 442 S.
2212 380 2487 445 BASILII
2531 385 2805 448 MAGNI.

3651 389 3768 451 332

343 517 479 584 pilis
515 530 704 585 aureo,
761 516 1048 570 calvitium
1106 513 1326 568 habebis
1378 518 1598 585 propter
1654 529 1818 585 opera
1875 517 1990 568 tua.

2113 507 2242 583 ἕξεις
2297 511 2385 569 διὰ
2438 514 2504 571 τὰ
2565 514 2696 592 ἔργα
2753 539 2888 576 σου.
2947 520 3151 595 Ὥσπερ
3209 517 3299 574 ἐπὶ
3354 525 3454 590 τῆς
3511 520 3647 578 κατὰ
3700 520 3769 577 τὰ

346 605 852 671 Quemadmodum
872 605 978 659 ille
1011 621 1124 676 prae
1155 603 1335 659 nimia
1358 621 1553 659 rerum
1581 605 1651 659 ad
1684 605 1994 659 odoratum

346 693 724 750 attinentium
740 693 1130 749 sollicitudine
1149 693 1511 763 requirentes
1525 710 1652 764 quae
1668 697 1829 748 erant
1851 710 1993 765 prm-

347 786 439 840 ter
460 783 832 852 naturam,ab
855 782 948 837 his
970 799 1097 854 quas
1122 797 1190 837 ex
1214 786 1424 837 natura
1447 783 1993 850 sunt,exciderunt;

347 873 503 930 haud
526 873 678 930 enim
708 872 859 928 aeris
881 871 1169 944 simplicis
1191 871 1543 943 aspiratione
1568 878 1874 940 contentis,
1895 873 1994 928 sed

347 962 664 1035 unguentis
694 962 1170 1034 sufﬁmentisque
1201 979 1332 1017 eum
1371 963 1993 1034 imbuentes,postmo-

344 1053 483 1108 dum
515 1068 588 1106 ne
619 1067 814 1108 aerem
843 1051 1081 1122 quidem
1117 1068 1355 1122 purum,
1387 1052 1487 1106 sed
1529 1052 1824 1122 pulverem
1861 1069 1993 1124 per-

344 1141 584 1195 mistiim
618 1141 826 1212 spiritu
862 1143 1156 1195 duxerunt
1185 1158 1196 1194 :
1221 1140 1376 1194 hunc
1401 1142 1469 1195 ad
1498 1143 1735 1195 modum
1767 1148 1993 1212 propte-

343 1246 439 1286 rea
469 1231 624 1301 quod
657 1230 716 1285 in
750 1231 947 1286 nativo
979 1231 1325 1302 capillorum
1376 1236 1609 1300 ornatu,
1644 1231 1995 1287 mulieribus

341 1336 445 1392 pro
475 1319 763 1376 velamine
794 1321 932 1375 dato
961 1321 1149 1387 7°,non
1182 1337 1572 1390 permansere,
1598 1321 1696 1376 sed
1734 1321 1994 1377 reticulis

343 1409 702 1482 quibusdam
721 1409 963 1480 capillos
986 1408 1456 1481 implicantes,ad
1484 1409 1784 1465 fastidium
1806 1428 1994 1482 usque

344 1515 407 1556 se
434 1498 580 1571 ipsa;
607 1499 1345 1569 adornabant,ornamento
1376 1499 1550 1554 etiam
1575 1500 1827 1555 naturali
1860 1518 1993 1572 spo-

343 1589 495 1646 liata
518 1595 678 1662 sunt,
713 1594 887 1662 atque
917 1589 1154 1646 amissis
1184 1590 1446 1646 crinibus
1478 1591 1617 1664 (quo
1648 1595 1854 1646 ornatu
1889 1608 1993 1648 ceu

347 1680 583 1754 proprio
613 1680 926 1752 nativoque
955 1680 1026 1735 ab
1060 1680 1188 1750 ipsa
1220 1684 1429 1736 natura
1467 1681 1686 1737 vestitae
1719 1681 1996 1739 mulieres

349 1771 510 1844 sunt)
542 1771 756 1827 easdem
789 1771 952 1825 facta:
984 1775 1122 1825 sunt
1153 1769 1548 1840 spectaculum
1579 1769 1993 1828 fmdissimum.

348 1861 600 1931 Etenim,
630 1861 680 1959 si
712 1858 1329 1959 fmdumucstAmu-lieri
1362 1860 1585 1959 tonderi
1621 1865 1722 1915 aut
1754 1862 1994 1959 radis";
2029 1895 2076 1959 Β

347 1955 570 2024 quanto
599 1951 801 2021 utique
836 1949 1035 2004 foedius
1067 1949 1241 2005 fuerit
1269 1948 1457 2020 ipsam
1491 1951 1789 2022 deturpari
1821 1951 1998 2007 calvi-

345 2041 449 2104 tio.
483 2040 637 2114 quod
669 2045 868 2095 tamen
895 2039 980 2096 eis
1013 2056 1138 2110 qua:
1173 2055 1281 2094 sua
1302 2043 1603 2095 venustate
1635 2039 1790 2096 male
1822 2048 1996 2096 utun-

345 2134 465 2199 tur,
496 2130 929 2186 deformitatem
981 2128 1202 2184 utiliter
1231 2127 1501 2183 inducit?
1531 2130 1638 2185 Pro
1679 2132 1872 2185 tunica
1902 2147 1999 2185 au-

346 2222 452 2276 tem
482 2221 707 2276 clavam
730 2236 992 2291 purpura:
1022 2219 1479 2286 circumcingeris
1496 2221 1739 2274 δαιτί)λά
1765 2236 2000 2292 quoque

348 2309 538 2366 sancit
552 2308 904 2364 Dominusin
921 2309 1293 2364 commodum
1312 2324 1510 2362 earum
1529 2310 1808 2378 quae-I71
1824 2326 1997 2364 suum

351 2400 618 2455 decorem
645 2399 1240 2468 ostentant,hancque
1274 2397 1396 2452 ﬁeri
1419 2397 1590 2468 jubet
1620 2399 1997 2469 permutatio-

355 2505 511 2544 nem.
563 2488 1051 2560 Quandoquidem
1100 2488 1280 2543 vestis
1311 2505 1599 2560 purpurea
1648 2487 1914 2543 mollitiei
1945 2495 2002 2546 et

350 2579 647 2650 jactantiaa
680 2578 926 2633 materia
956 2582 1046 2633 est
1074 2586 1126 2632 et
1157 2577 1384 2633 occasio
1421 2595 1433 2632 :
1460 2594 1666 2633 saccus
1695 2595 1828 2634 vero
1861 2596 2000 2634 con-

351 2669 610 2726 tritionis
624 2667 1091 2739 humilitatisque
1105 2684 1224 2723 com
1235 2667 1500 2739 paranda:
1519 2667 1849 2723 facultatem
1862 2687 2002 2741 prae-

353 2757 472 2812 bet.
504 2757 573 2812 Et
599 2755 697 2827 qui
733 2771 994 2827 purpura
1025 2755 1268 2811 indutus
1301 2754 1675 2823 est,abjicere
1700 2772 1761 2811 se
1793 2757 1851 2810 in
1884 2763 1998 2814 ter-

353 2862 500 2915 ram,
534 2846 838 2918 Deumque
868 2846 1112 2900 adorare
1145 2845 1384 2913 fastidit,
1421 2850 1698 2916 cavetque
1743 2849 1997 2918 ornatui,

351 2953 424 2994 ne
453 2935 678 2993 scilicet
722 2935 904 2992 vestis
935 2952 1056 2990 suae
1104 2935 1264 2990 color
1292 2935 1654 2991 deformetur
1686 2954 1699 2991 :
1734 2938 1832 3008 qui
1865 2955 1998 2995 vero

351 3027 602 3084 amictus
633 3030 723 3083 est
769 3041 960 3095 sacco,
987 3041 1223 3082 omnem
1255 3025 1449 3081 locum
1485 3025 1596 3082 sibi
1629 3027 1697 3082 ad
1746 3027 1996 3085 adoran-

347 3117 489 3174 dum
521 3115 800 3172 idoneum
830 3131 959 3172 esse
989 3114 1169 3170 ducit.

421 3207 544 3262 132.
577 3205 754 3262 Vzas.
785 3207 876 3260 25.
911 3206 976 3260 Et
1023 3205 1184 3275 ﬁlius
1215 3208 1338 3259 tuus
1381 3204 1804 3278 pulcherrimus,
1836 3225 1996 3280 quem

346 3296 615 3368 dilexisti,
671 3296 860 3366 gladio
915 3270 1086 3351 cadet.
1123 3270 1460 3350 Prmstiterit
1515 3296 1608 3364 iis,
1643 3296 1741 3369 qui
1792 3270 1993 3370 pravis
2025 3270 2068 3338 C

354 3386 622 3444 moribus
671 3389 870 3442 essent
915 3384 1298 3452 informandi,
1352 3386 1580 3456 prmripi
1631 3391 1817 3442 morte
1866 3391 2001 3444 ante

357 3474 812 3532 adolescentiam
846 3490 1024 3546 quam
1049 3473 1272 3529 diutius
1299 3474 1644 3531 educatione
1667 3475 1822 3532 mala
1849 3493 1881 3532 a
1898 3493 2002 3549 pa-

357 3564 626 3622 rentibus
656 3563 859 3620 imbui.
887 3563 1155 3618 Habebas
1186 3562 1365 3634 igitur
1395 3563 1602 3631 filium,
1631 3572 1733 3622 aut
1762 3582 2003 3639 corpore

355 3654 850 3727 pulcherrimum,
884 3659 982 3708 aut
1029 3652 1129 3723 qui
1165 3653 1447 3707 maternis
1474 3653 1659 3709 oculis
1710 3654 1844 3711 talis
1875 3672 2004 3712 esse

349 3744 665 3801 videretur.
702 3743 805 3798 Hic
834 3742 894 3798 in
922 3741 1052 3813 ipsa
1073 3742 1383 3812 juventute
1415 3747 1472 3797 et
1525 3742 1582 3797 in
1633 3744 1820 3800 astatis
1862 3745 2003 3801 ﬂore

354 3833 734 3892 morietur.Et
756 3832 891 3888 hinc
915 3830 1138 3886 malum
1164 3836 1431 3902 augetur,
1451 3833 1603 3903 quod
1627 3850 2000 3906 nequaquam

354 3929 542 3981 morte
566 3927 774 3995 sponte
801 3920 1304 3994 proveniente,aut
1329 3922 1602 3992 naturali,
1628 3923 1728 3979 sed
1750 3924 2003 3981 violenta

352 4012 626 4070 sublatus
656 4029 687 4068 e
718 4011 908 4068 medio
948 4014 1056 4080 est,
1091 4015 1288 4082 utpote
1322 4028 1424 4083 per
1452 4028 1692 4068 manum
1727 4013 2000 4069 hostilem

351 4102 546 4175 gladio
590 4101 910 4159 sauciatus.
942 4102 1007 4156 Et
1053 4101 1222 4171 fortes
1256 4103 1420 4156 vestri
1447 4102 1632 4170 gladio
1681 4103 1898 4159 cadent.
1932 4104 2002 4160 Et

353 4192 476 4250 hinc
508 4193 649 4248 dum
682 4191 958 4263 patietur,
980 4207 1050 4246 ne
1071 4189 1390 4245 ulciscendi
1411 4191 1644 4262 quidem
1672 4191 1921 4248 facultas
1950 4193 2004 4249 ei

351 4281 798 4355 suppetet.Nam
832 4278 1036 4334 ulcisci
1069 4277 1646 4350 interfectos,eisque
1667 4281 1766 4351 qui
1793 4299 2001 4338 moero-

353 4387 480 4428 rem
501 4369 846 4435 conficiunt,
878 4371 1034 4424 vices
1065 4369 1403 4440 rependere,
1426 4369 1483 4422 in
1520 4368 1690 4424 malis
1724 4369 2002 4426 solatium

352 4465 462 4517 est.
488 4464 563 4514 At
583 4476 656 4516 ne
677 4459 785 4514 hoc
809 4458 1047 4530 quidem
1076 4475 1253 4529 penes
1272 4463 1326 4512 te
1351 4458 1481 4512 erit.
1517 4457 1625 4524 Qui
1648 4459 1803 4513 enim
1838 4465 2003 4516 etate

350 4548 853 4622 vigent,morituri
877 4553 1016 4604 sunt
1039 4547 1096 4601 in
1128 4546 1278 4602 bello
1301 4563 1526 4614 omnes,
1559 4547 1702 4602 adeo
1734 4552 1795 4602 ut
1829 4549 2003 4603 relin-

2116 601 2387 680 ὀσφραντὰ
2460 607 2772 683 περιεργίας
2850 607 2916 662 τὰ
2978 610 3126 684 παρά
3182 609 3340 687 φύσιν
3389 608 3765 681 ἰπιζητοῦσαι,

2111 693 2197 746 καὶ
2259 698 2366 747 τῶν
2421 695 2556 750 κατὰ
2611 695 2766 774 φύσιν
2819 695 3123 768 ἆξὲπιπτοψ
3181 699 3284 754 οὐκ
3314 697 3767 776 ἀνεχόμεναιγάρ

2113 779 2366 837 ἀναπνεῖν
2415 782 2577 857 ψιλὸν
2625 785 2776 859 ἀίρα,
2836 784 2982 843 ἀλλά
3009 787 3204 863 μύροις
3259 788 3419 843 αὐτὸν
3452 808 3772 865 καταχρῶν-

2113 873 2262 923 ν’ὖσαι
2312 871 2401 925 καὶ
2451 875 2805 947 θυμιάμασιν,
2867 875 3085 954 ὕστερον
3151 875 3276 932 οὐδὲ
3332 877 3562 954 καθαρὸν
3612 877 3764 952 ἀὲρα,

2112 957 2257 1013 ἀλλὰ
2312 967 2582 1035 κονιορτῷ
2610 968 2803 1019 τοῦτον
2859 964 3304 1042 ἀναμεμιγμένον
3339 965 3611 1022 ἀνέπνεον·
3675 965 3766 1021 οὕ-

2113 1069 2220 1110 νως
2250 1047 2436 1118 ἐπειδή
2486 1055 2565 1123 τῷ
2613 1051 2672 1107 ἐκ
2713 1060 2814 1123 τῆς
2855 1053 3065 1132 φύσεως
3120 1055 3314 1130 κόσμῳ
3371 1061 3477 1111 τῶν
3531 1059 3766 1132 τριχῶν,

2115 1139 2171 1197 ὅς
2230 1138 2343 1192 ἀντὶ
2377 1136 2734 1214 περιϐολαίου
2775 1140 2987 1199 δέδοται
3039 1150 3155 1208 ταῖς
3209 1145 3468 1220 γυναιξὶν,
3522 1143 3622 1199 οὐκ
3674 1143 3768 1200 ἰπ-

2113 1226 2304 1298 ἑμενον
2337 1231 2436 1302 (5),
2481 1229 2628 1286 ἀλλὰ
2656 1230 2986 1305 ἐμπλοκίοις
3017 1235 3120 1295 τιςὶ
3172 1235 3268 1298 τὰς
3322 1234 3518 1309 τρίχας
3573 1255 3766 1309 συγκα-

2109 1315 2499 1387 ταπλέκουσαι,
2582 1327 2855 1397 φορτικῶς
2935 1321 3124 1385 ἑαυτὰς
3201 1321 3606 1393 ἐκαλλώπιζον,
3674 1324 3765 1378 καὶ

2111 1411 2206 1460 τοῦ
2264 1408 2398 1462 κατὰ
2463 1408 2619 1486 φύσιν
2674 1411 2885 1484 κόσμου
2959 1413 3400 1489 ἀπεστερήθησαν
3436 1455 3451 1482 ,
3517 1413 3606 1467 καὶ
3656 1411 3765 1488 676-

2111 1517 2268 1551 νοντο
2327 1497 2634 1573 ἀωρότατον
2694 1502 2868 1575 θεαμα
2898 1501 2952 1557 ἂν
3003 1505 3071 1576 τῇ
3105 1497 3364 1576 ἀποϐολῇ
3395 1507 3502 1556 τῶν
3529 1507 3761 1578 τριχῶν,

2110 1585 2167 1647 ὃς
2227 1585 2430 1644 οἷ’κεῖος
2459 1587 2547 1642 καὶ
2603 1592 2863 1666 συγγενὴς
2915 1590 3122 1664 κόσμος
3170 1593 3299 1666 παρ’
3343 1590 3512 1662 αὐτῆς
3540 1599 3641 1662 τῆς
3673 1591 3767 1670 φύ-

2111 1694 2245 1736 σεως
2322 1681 2442 1740 ταῖς
2508 1679 2713 1752 γυναιξὶ
2776 1675 3192 1755 περιϐέϐληται.
3253 1680 3317 1738 Ei
3373 1679 3474 1758 γὰρ
3534 1679 3763 1756 αἶα-χρὸν

2108 1763 2318 1838 γυναικὶ
2373 1766 2436 1820 τὸ
2482 1766 2759 1843 κείρασθαι
2821 1771 2898 1842 (6)
2941 1771 2974 1839 ἢ
3036 1772 3314 1844 ξυρᾶσθαι,
3372 1769 3527 1826 πόσὼ
3585 1767 3766 1841 δήπου

2109 1852 2347 1928 αἶ’σχιον,
2404 1854 2752 1932 φαλάκρωμα
2803 1853 2973 1934 ἔχειν,
3025 1861 3110 1914 ἐπὶ
3147 1860 3478 1938 συμφέροντι
3509 1860 3608 1928 τὴν
3638 1857 3765 1915 δυσ-

2112 1942 2346 2020 μορφίαν
2392 1943 2593 2022 ἐπάγον
2638 1953 2756 2010 ταῖς
2805 1953 2986 2010 κακῶς
3027 1949 3127 2017 τὴν
3177 1948 3320 2025 ὥραν
3377 1947 3762 2022 διαθεμὲναις;

2108 2033 2256 2087 ’Δντὶ
2317 2031 2373 2088 δὲ
2420 2040 2517 2091 τοῦ
2575 2042 2810 2112 χιτῶνος
2865 2042 2962 2092 τοῦ
3019 2039 3446 2116 μεσοπορφύρου
3487 2041 3766 2116 περιζώσῃ

2109 2122 2326 2181 σάκκον.
2391 2126 2488 2179 Καὶ
2519 2131 2680 2182 τοῦτο
2736 2127 2822 2182 ἐπὶ
2877 2128 3208 2206 συμφέροντι
3232 2134 3340 2185 τῶν
3375 2130 3760 2204 ὠραϊζομένων

2109 2212 2417 2286 οἰκονομῶν
2465 2215 2494 2269 6
2548 2215 2744 2290 Κύριος
2790 2219 2890 2288 τήν
2929 2214 3241 2290 μεταϐολὴν
3270 2219 3471 2290 ταύτην
3519 2220 3763 2295 γενέσθαι

2108 2304 2474 2376 προστάσσει.
2531 2306 2680 2360 Διότι
2737 2308 2771 2376 ἡ
2836 2308 2929 2379 μὶν
2987 2309 3258 2386 πορφυρὶς
3316 2305 3620 2385 ἁϐρότητος
3670 2308 3760 2364 καὶ

2109 2391 2426 2460 ἀλαζονείας
2494 2393 2633 2449 ἔστὶν
2668 2395 2915 2472 ἀφορμή·
2961 2399 2988 2451 6
3049 2395 3107 2453 δὲ
3165 2398 3359 2462 σάκκος
3420 2395 3761 2474 συντριμμοῦ

2109 2479 2198 2534 καὶ
2229 2481 2607 2545 ταπεινώσεώς
2665 2483 2805 2540 ἐστιν
2840 2483 3081 2561 ἐφόδιον.
3115 2487 3219 2543 Καὶ
3252 2487 3280 2541 ὁ
3316 2488 3409 2560 μὲν
3431 2489 3531 2558 τήν
3560 2485 3763 2564 ἀλουρ-

2107 2567 2232 2644 γίδα
2284 2572 2663 2647 περικείμενος
2694 2621 2710 2648 ,
2769 2581 2948 2630 πεσεῖν
3009 2575 3086 2639 εἷς
3144 2580 3245 2652 γῆν
3301 2577 3390 2632 καὶ
3447 2583 3767 2651 προσκυνεῖν

2108 2658 2198 2712 τὸν
2259 2660 2389 2716 Θεὸν
2445 2669 2744 2735 κατοκνεῖ,
2819 2662 3001 2742 φειδοῖ
3055 2671 3152 2722 τοῦ
3209 2666 3417 2740 κόσμου
3451 2713 3465 2738 ,
3542 2669 3617 2740 μή
3667 2674 3768 2738 τῆς

2110 2747 2335 2819 ἐσθῆτος
2392 2752 2454 2806 τὸ
2516 2750 2673 2818 ἄνθος
2732 2751 3163 2826 διαλυμιίνηται·
3224 2756 3251 2808 6
3312 2753 3371 2810 δὶ
3425 2757 3518 2810 τὸν
3566 2758 3766 2812 σάκκον

2109 2841 2532 2913 περικείμενος,
2610 2843 2784 2896 πάντα
2852 2841 3021 2896 τόπον
3087 2840 3394 2912 ἐπιτήδειον
3453 2845 3627 2900 ἑαυτῶ
3686 2845 3763 2907 εἷς

2109 2929 2476 3004 προσκύνησιν
2509 2930 2733 2994 τίθεται.

2176 3202 2297 3259 432.
2362 3203 2461 3259 Καὶ
2513 3204 2540 3258 6
2593 3201 2711 3264 υἱός
2769 3221 2865 3256 σου
2924 3201 2952 3256 6
3000 3198 3316 3271 κάλλιστος,
3350 3201 3407 3257 ὅν
3440 3199 3758 3278 ἤγάτιησας,

2113 3290 2362 3366 μαχαίρᾳ
2417 3296 2678 3349 πεσεῖται.
2733 3292 2864 3352 Τοῖς
2894 3288 2948 3346 ἐν
2978 3287 3132 3359 ἤθεσι
3169 3291 3482 3366 μοχθηροῖς
3514 3293 3591 3365 (7)
3625 3290 3758 3365 μὲλ-

2113 3379 2300 3435 λουσιν
2331 3379 2741 3458 ἀνατρέφεσθαε,
2778 3376 3218 3452 λυσιτελέστερον
3251 3377 3451 3450 πολλῷ
3479 3380 3758 3456 προαπελ-

2114 3474 2222 3532 θεῖν
2279 3475 2380 3538 τῆς
2413 3469 2614 3542 ἀκμῆς,
2665 3468 2700 3536 ἢ
2762 3465 2849 3521 ἐπὶ
2878 3463 3049 3520 πλέον
3096 3472 3197 3534 τῆς
3251 3473 3495 3538 πονηρᾶς
3525 3469 3633 3523 τών
3664 3490 3766 3544 γο-

2112 3559 2244 3614 νὲων
2303 3557 2530 3633 ἀγωγῆς
2586 3553 3054 3628 ἀναπίμπλασθαι.
3115 3553 3239 3608 Υἱὸν
3292 3552 3384 3608 οὖν
3412 3547 3590 3630 ἔσχες,
3638 3554 3768 3624 ἤτοι

2112 3653 2192 3721 τῷ
2223 3648 2437 3722 σώματι
2470 3647 2790 3713 κάλλιστον,
2849 3642 2885 3712 ἢ
2943 3648 3062 3705 τοῖς
3125 3648 3414 3718 μητρικοῖς
3457 3643 3767 3722 ὀφθαλμοῖς

2110 3741 2357 3793 τοιοῦτον
2415 3738 2762 3816 φαινόμενον.
2822 3730 2996 3795 Οὗτος
3053 3731 3104 3788 ἐν
3165 3733 3301 3807 αὐτῇ
3350 3737 3420 3808 τῇ
3471 3733 3621 3808 ἀκμῇ
3679 3733 3768 3789 καὶ

2111 3832 2190 3900 τῷ
2240 3825 2385 3882 ἄνθει
2443 3833 2545 3897 τῆς
2596 3823 2819 3896 ἡλικίας
2876 3823 3208 3895 τεθνήξεται.
3273 3821 3373 3880 Καὶ
3430 3824 3464 3892 ἠ
3530 3821 3771 3884 ἐπίτασις

2111 3922 2208 3974 τοῦ
2256 3921 2447 3986 κακοῦ,
2499 3917 2569 3971 οὐ
2615 3915 2708 3971 τὸν
2755 3912 3084 3985 αὐτόματον,
3119 3908 3243 3966 οὐδὲ
3300 3912 3394 3966 τὸν
3426 3911 3486 3966 ἐκ
3513 3911 3610 3978 τῆς
3669 3912 3767 3990 φύ-

2115 4029 2248 4070 σεως
2305 4009 2553 4075 θάνατον,
2637 4003 2784 4060 ἀλλά
2861 4001 3052 4078 βιαίως
3110 3999 3170 4056 ἐκ
3224 3999 3496 4074 πολεμίας
3553 4001 3764 4078 χειρὸς,

2110 4097 2449 4174 τραυματίας
2513 4095 2776 4170 μαχαίρᾳ.
2840 4091 2937 4146 Καὶ
2999 4091 3051 4145 οἳ
3108 4090 3392 4166 ἰσχύοντες
3451 4091 3602 4164 ὑμῶν
3658 4112 3766 4164 μα·

2113 4185 2283 4262 χαίρᾳ
2352 4187 2665 4242 πεσοῦνται.
2745 4182 2851 4238 Καὶ
2919 4185 3086 4235 ταῦτα
3158 4185 3424 4249 παθοῦσα,
3480 4178 3609 4235 οὐδὲ
3663 4181 3764 4250 τὴν

2113 4277 2250 4352 πρὸς
2301 4276 2363 4330 τὸ
2423 4273 2726 4348 ἀμύνασθαι
2757 4268 2985 4343 δύναμιν
3040 4265 3162 4342 ἔξει.
3225 4269 3543 4345 Παραμυθία
3580 4269 3682 4344 γὰρ
3716 4269 3769 4325 ἰν

2111 4369 2298 4426 κακοῖς
2327 4364 2389 4419 τὸ
2439 4361 2707 4436 ἔπαμῢναι
2755 4364 2872 4422 τοῖς
2922 4357 3314 4432 ἀνῃρημένοις,
3361 4357 3451 4412 καὶ
3483 4364 3599 4422 τοῖς
3631 4354 3770 4422 ἴσοις

2113 4450 2586 4530 ἀντιπεριϐάλλειν
2635 4453 2712 4524 (8)
2770 4448 2900 4510 τοὺς
2951 4445 3352 4518 λελυπηκὸτας.
3399 4449 3497 4502 Σοὶ
3530 4445 3587 4503 δὲ
3645 4445 3769 4503 οὐδὲ

2111 4549 2272 4600 τοῦτο
2316 4542 2559 4617 ὑπάρξει.
2623 4540 2686 4593 Οἱ
2744 4538 2849 4614 γὰρ
2906 4535 2958 4592 ἐν
3013 4536 3209 4608 ἡλικίᾳ
3264 4535 3460 4599 πάντες
3517 4536 3770 4607 τελευτή-

354 4639 588 4712 quenda
613 4639 691 4695 sit
720 4642 860 4693 satas
891 4635 1120 4692 inutilis
1162 4636 1286 4691 sola
1307 4642 1363 4690 et
1395 4636 1672 4702 imbellis,
1707 4654 1836 4708 quis
1864 4655 1998 4692 cum

2113 4655 2290 4690 σουσιν
2326 4633 2376 4687 ἐν
2432 4630 2689 4702 πολέμῳ,
2750 4627 2888 4682 ὥστε
2932 4627 3032 4695 τὴν
3086 4622 3366 4701 ἄχρηστον
3411 4625 3631 4694 ἡλικίαν
3673 4645 3767 4681 πε-

351 4727 567 4785 auxilio
598 4728 679 4784 sit
700 4727 1004 4793 destituta,
1023 4727 1095 4781 ad
1119 4725 1316 4780 omnia
1341 4724 1488 4779 mala
1511 4725 1813 4780 toleranda
1838 4726 1998 4782 valde

2117 4725 2458 4802 ριλειφθῆναι
2486 4741 2498 4753 ·

351 4817 866 4890 estexposita,quie
880 4817 930 4872 ei
946 4817 1157 4871 inferre
1172 4815 1356 4869 visum
1372 4815 2005 4873 iuerithostibus.Vsns.

349 4909 520 4966 26.Es
540 4907 991 4964 humiliabuntur
1009 4909 1063 4960 el.
1085 4903 1346 4972 lugebant
1367 4905 1538 4960 theca?
1555 4909 1784 4960 ornatus
1812 4908 2000 4962 vestri.

348 4998 552 5056 Theca)
585 4998 709 5055 auri
744 5001 799 5054 et
821 4995 1067 5065 argenti,
1092 4994 1388 5065 vestisque
1410 4997 1766 5065 sumptuosas
1793 5003 1846 5050 et
1869 5013 2001 5067 pre-

422 5157 467 5192 ⁶³⁶
497 5156 519 5211 Ι
549 5156 679 5212 Cor.
709 5169 789 5222 xx,
825 5152 912 5208 15.
991 5150 1032 5184 ⁷⁷
1060 5149 1203 5204 ibid.
1235 5151 1287 5204 6.

423 5328 498 5400 (5)
531 5324 772 5400 Antiqui
797 5318 1426 5400 _d_uo_libri,t1répcwav.
1453 5319 1675 5400 Ibidem
1701 5321 1815 5400 duo
1837 5336 2005 5388 mss.,

352 5397 402 5454 ιν
430 5392 715 5457 ’πλοκίοιςῖ
745 5394 856 5450 Alii
907 5395 1023 5450 duo
1057 5411 1201 5448 mss.
1235 5409 1365 5447 cum
1415 5392 1586 5447 editis
1615 5393 1787 5448 unica
1838 5408 1996 5464 voce,

351 5468 702 5544 ὶμπλοκίοις,
736 5467 902 5544 bene.

421 5545 499 5614 (6)
534 5533 975 5612 Reg—quartus,
1007 5535 1068 5614 το
1099 5533 1388 5614 κείρεσθαι.

423 5605 684 5694 (7)-ἓξὲξ..
708 5605 975 5694 ᾇιξβτωει
1009 5605 1285 5694 αἷξχρὸξρ
1343 5608 1443 5663 sed
1476 5607 1536 5663 in
1567 5625 1669 5664 ora
1711 5606 1870 5663 illius
1902 5605 1994 5678 ip-

350 5679 491 5742 sius
507 5679 649 5740 libri
671 5679 907 5755 legitur,
920 5752 931 5755 _
945 5679 1273 5755 μοχθηροῖςτ

423 5756 501 5835 (8)
531 5744 768 5816 Veteres
797 5744 1221 5827 quidam‘lib'ri,
1254 5744 1709 5828 ἀντιπεριϐαλεῖν.

2577 4718 2612 4787 ἢ
2686 4716 2778 4772 διὰ
2839 4713 2901 4770 τὸ
2959 4710 3274 4786 ἀϐοήθητος
3328 4715 3484 4784 εἶναι,
3545 4712 3772 4776 εὔκολός

2114 4800 2225 4870 ἔστι
2373 4812 2547 4864 πάντα
2595 4809 2806 4874 παθεῖν,
2863 4806 2997 4877 ἅπερ
3051 4800 3112 4859 ἂν
3146 4801 3281 4878 δοκῇ
3311 4809 3427 4866 τοῖς
3453 4805 3767 4878 πολεμίοις,

2114 4903 2210 4961 Καὶ
2296 4899 2798 4968 ταπεινωθήσονται
2870 4893 2960 4949 καὶ
3040 4894 3394 4964 πενθήσουσιν
3472 4895 3527 4948 αἱ
3604 4896 3764 4964 θῆκαι

2110 4996 2206 5047 τοῦ
2258 4991 2468 5062 κόσμου
2510 4987 2682 5060 ὑμῶν.
2718 4983 2952 5060 Χρυσίου
2989 4983 3079 5039 καὶ
3112 4982 3372 5060 ἀργυρίου
3415 4984 3528 5058 (10)
3581 4984 3768 5053 θῆκαι,

2193 5320 2271 5389 (9)
2303 5316 2463 5373 Colb.
2498 5315 2819 5389 secundus,
2853 5307 3019 5389 ἔσται.
3414 5377 3432 5389 _

2179 5372 2420 5463 (Ἰόλεω
2467 5388 2727 5463 quinque
2776 5372 3196 5463 mss.A_t_e_diti,
3226 5377 3435 5463 χρυσοιῖ
3482 5373 3572 5463 καὶ
3606 5372 3774 5452 ἀργύ-

2110 5452 2229 5531 ρου.
2265 5452 2380 5517 Nec
2410 5452 2501 5515 ita.
2523 5452 3019 5531 muito_post,_ubi
3051 5454 3110 5531 in
3143 5452 3377 5531 excusis
3403 5452 3647 5531 legitur...
3669 5466 3770 5501 πο·

2107 5521 3048 5605 iurlpwvﬁcriptuminvenimus
3070 5527 3130 5582 in
3163 5521 3770 5605 quinquec'odicibus,

2106 5597 2454 5733 ἓαρυτίμὼυ.
2506 5597 2616 5732 Serti
2650 5599 2905 5730 sifpaulp
2927 5601 3160 5658 diversa
3179 5597 3277 5656 est
3325 5597 3641 5669 scriptura,
3671 5607 3771 5649 sa-

2148 5694 2238 5733 em
2273 5696 2308 5733 n
2335 5692 2444 5733 ane
2473 5691 2578 5733 sen
2608 5690 2680 5732 en
2714 5690 2770 5731 ia
2799 5689 2862 5729 es
2895 5713 2909 5728 .

2148 5694 2238 5735 em
2271 5689 2444 5752 plane
2473 5689 2770 5734 sententia
2799 5689 2909 5729 θΒῑ.
