4130 6388
335 415 453 481 333
1177 419 1584 483 COMMENT.
1632 421 1708 482 IN
1754 418 2022 481 ISAIAM
2068 412 2574 480 PROPHETAM.
2622 419 2796 480 CAP.
2843 418 2944 482 IV.
3644 423 3762 486 33d

341 551 432 605 καὶ
464 549 695 620 ἐσθῆτος
743 549 1103 618 πολυτελοῦς,
1148 550 1237 606 καὶ
1296 548 1467 605 λίθων
1527 551 1865 626 βαρυτίμων,
1896 548 1999 611 ἕως

2116 550 2401 605 tiosorum
2432 550 2991 623 lapidum,quandiu
3025 552 3376 625 supellectili
3407 555 3662 626 pretiosa
3678 573 3766 612 re-

347 639 444 712 μὶν
495 637 556 693 ἂν
606 635 712 714 ἔχῃ
759 640 824 694 τὰ
873 639 1158 713 κειμήλια,
1209 639 1429 706 πολλῆς
1469 641 1709 711 ἀξιοῦται
1756 635 1996 708 σπουδῆς

2116 639 2567 712 plentur,studio
2603 641 2788 696 multo
2820 646 2995 713 atque
3026 643 3330 716 diligentia
3359 650 3759 715 asservantur,

339 728 431 782 καὶ
489 725 845 801 ἐπιμελείαςο
880 728 930 783 ὲν
985 727 1158 792 οἱὸιοις
1213 729 1442 805 ὀχυροῖς
1495 728 1825 802 ἀποκείμενα
1884 731 2000 802 (11)

2116 733 2588 802 seponunturque
2618 731 2677 784 in
2711 730 2855 787 tutis
2888 731 3099 787 adium
3131 733 3400 804 partibus
3419 736 3477 789 et
3500 733 3558 788 in
3581 734 3764 790 excel-

341 815 430 873 ἐπὶ
466 817 694 892 ὑψηλῶν
726 817 935 885 τόπων,
973 819 1064 872 καὶ
1114 817 1344 895 μοχλοὶ,
1377 819 1466 873 καὶ
1501 817 1675 889 κλεῖς,
1708 817 1797 872 καὶ
1829 838 1997 895 σφρα-

339 903 508 981 γῖδες,
557 906 649 960 καὶ
708 903 964 982 φύλακες,
1014 908 1104 962 καὶ
1161 907 1332 962 πάντα
1385 908 1453 962 τὰ
1505 907 1641 983 πρὸς
1699 905 1992 985 ἀσφάλειαν

339 996 428 1052 καὶ
478 993 728 1074 φυλακὴν
772 995 1161 1070 ἒπινοούμενα·
1206 994 1419 1052 ἐπειδὰν
1470 994 1527 1052 δὲ
1570 997 1700 1052 κενὰ
1739 1001 1846 1051 τῶν
1891 1017 1999 1050 κει-

345 1083 563 1159 μηλίων
599 1086 711 1158 (12)
743 1082 1069 1161 ἀποδειχθῇ,
1101 1085 1432 1160 ἠμελημένα
1460 1088 1549 1142 καὶ
1588 1085 1994 1162 παραῤῥιπτοῦ-

349 1195 476 1248 μενα
537 1179 865 1249 παρορᾶται.
924 1179 1099 1230 Ταῦτα
1161 1176 1253 1229 καὶ
1319 1177 1466 1249 ἡμᾶς
1540 1175 1841 1254 ὠφελείτω,
1911 1173 1992 1228 ὅτι

345 1262 535 1338 ψυχαὶ,
583 1265 638 1317 αἱ
699 1260 980 1337 δεξάμεναι
1034 1269 1130 1319 τοῦ
1199 1265 1342 1328 θείου
1402 1263 1570 1340 λόγου
1615 1267 1713 1334 τὴν
1765 1262 1995 1337 δωρεὰν,

341 1353 607 1423 ἀποθῆκαι
641 1353 898 1429 γεγόνασι
928 1359 1037 1408 τῶν
1061 1354 1260 1428 τιμίων
1287 1359 1382 1409 τοῦ
1426 1355 1477 1408 ἐν
1525 1359 1641 1416 τοῖς
1684 1353 1848 1416 θείοις
1896 1365 1993 1423 θη-

339 1448 563 1520 σαυροῖς
595 1442 912 1498 ἀποκεῖσθαι
946 1440 1105 1513 ἄξιαι·
1141 1441 1354 1498 ἐπειδὰν
1387 1440 1444 1498 δὲ
1481 1441 1628 1498 κεναὶ
1669 1447 1777 1497 τῶν
1835 1443 1992 1497 θείων

336 1532 562 1606 κόσμων
612 1531 1008 1609 ἀποδειχθῶσι,
1036 1535 1536 1604 ταπεινωθήσονται
1583 1531 1992 1609 ἀπορριφεῖσαι,

337 1621 641 1698 ἀχρηστίαν
719 1627 1200 1700 καταγνωσθεῖσαι.
1292 1621 1390 1677 Διά
1473 1625 1636 1677 τοῦτο
1722 1620 1992 1697 ’Πχρειώ-

341 1723 406 1782 θη
471 1714 604 1785 (l3),
661 1713 844 1790 φησὶν,
877 1711 1164 1788 Ἰεχονίας,
1194 1712 1268 1774 ὡς
1331 1715 1542 1782 σκεῦος,
1599 1712 1661 1766 οὗ
1721 1711 1822 1765 οὐκ
1882 1707 1993 1764 ἔστι

339 1801 519 1878 χρεία.
579 1808 690 1858 Ἵνα
739 1801 830 1858 οὗν
895 1804 1141 1876 μένωμεν
1197 1801 1247 1857 ἐν
1306 1807 1425 1864 ταῖς
1499 1800 1810 1878 βασιλικαῖς
1857 1800 1992 1855 ἀπο-

337 1893 549 1962 Θήκαις,
585 1892 663 1965 μὴ
714 1889 1008 1968 προδῶμεν
1057 1896 1175 1954 τοῖς
1223 1890 1484 1952 κλὲπταις
1533 1891 1626 1945 τὸν
1675 1886 1993 1961 πολυτίμη⁸

332 2001 422 2036 τον
458 1982 820 2057 μαργαρίτην,
848 1982 908 2036 ὃν
953 1980 1368 2054 ἐπιστεόοημεν.

832 2380 1238 2433 ΚΕΦΔΛΔΙΟΝ
1285 2383 1337 2432 A’
1377 2378 1420 2450 (4
1437 2378 1510 2451 4).

414 2469 541 2525 133.
602 2467 705 2524 Καὶ
782 2467 1145 2540 ἐπιλήψονται
1205 2468 1338 2522 ἑπτα
1397 2469 1644 2541 γυναῖκες
1715 2464 2003 2541 ἀνθρώπου

350 2557 486 2626 ἑνὸς,
562 2556 837 2632 λὲγουσαι,
896 2556 998 2610 Τὸν
1067 2553 1228 2631 ἄρτον
1303 2558 1463 2628 ἡμῶν
1544 2555 1844 2631 φαγόμεθα,
1913 2553 2004 2608 καὶ

348 2647 415 2702 τὰ
490 2647 684 2720 ἱμάτια
758 2649 920 2719 ἡμῶν
984 2640 1448 2718 περιϐαλούμεθα,
1505 2643 1653 2714 πλὴν
1710 2645 1771 2699 τὸ
1830 2640 2007 2718 ὄνομά

351 2757 446 2792 σου
523 2734 812 2807 κεκλήσθω
883 2734 964 2811 ιφ’
1036 2736 1185 2807 ἡμᾶς
1220 2754 1232 2768 ·
1296 2731 1464 2811 ἄφελε
1529 2734 1620 2788 τὸν
1701 2730 2008 2806 ὀνειδισμὸν

347 2825 437 2901 ἀφ’
504 2828 687 2898 ἡμῶν.
739 2825 827 2886 Ὠς
895 2825 1032 2900 πρὸς
1098 2823 1160 2878 τὸ
1239 2821 1428 2899 ῥητὸν,
1501 2821 1650 2878 δοκεῖ
1715 2821 2007 2899 ὀλιγότητα

348 2912 555 2989 ἀνδρῶν
590 2913 649 2970 ἐκ
697 2913 964 2987 πολέμων
1009 2915 1044 2983 ἢ
1094 2912 1265 2967 νόσων
1315 2912 1710 2988 ἐπιγενομένων
1762 2917 1840 2983 τῷ
1889 2911 2007 2984 λαῷ

344 3007 462 3058 κατ’
507 3003 679 3079 ὀργὴν
738 3007 835 3058 τοῦ
883 3006 1018 3058 Θεοῦ
1063 3003 1090 3056 6
1134 3001 1298 3078 λόγος
1337 3002 1643 3075 σημαίνειν,
1695 3001 1833 3056 ὥστε
1872 3001 2006 3074 ὀπὶρ

347 3096 446 3146 τοῦ
509 3093 584 3164 μὴ
639 3088 833 3168 ἄγονον
890 3091 1021 3145 εἶναι
1058 3087 1200 3163 μηδὲ
1239 3095 1474 3166 στεῖραν,
1509 3090 1642 3164 ἅπερ
1703 3088 1755 3142 ἐν
1803 3087 2011 3162 κατάρᾳ

347 3186 465 3241 τοῖς
513 3179 685 3235 πάλαι
737 3179 1074 3255 λελόγισται,
1107 3179 1433 3253 ἀπερυθριᾷν
1476 3178 1574 3238 τὰς
1615 3183 1871 3252 γυναῖκας
1919 3192 2009 3243 καὶ

351 3269 464 3331 ἑνὸς
516 3266 711 3340 ἀνδρὸς
759 3267 987 3332 πλείους
1035 3261 1522 3340 ἐπιλαμϐάνεσθαι,
1550 3265 1639 3319 καὶ
1687 3267 1780 3321 τὸν
1823 3264 1911 3320 ἐπὶ
1939 3268 2008 3338 τῇ

347 3356 656 3432 προστασίᾳ
695 3357 968 3413 πλειόνων
1018 3359 1291 3431 γυναικῶν
1325 3355 1505 3430 ἀγῶνα
1551 3354 1716 3410 αὐτοῦ
1764 3374 2009 3430 παραμυ-

2107 820 2190 875 sis
2219 819 2386 875 locis.
2417 820 2608 890 Atque
2641 819 3000 876 adhibentur
3027 825 3244 890 vectes,
3274 820 3488 890 claves,
3539 822 3759 895 sigilla,

2106 909 2402 975 custodes,
2458 924 2522 962 ac
2555 909 2788 964 tandem
2821 909 3037 977 omnia,
3071 927 3196 981 quae
3227 911 3298 966 ad
3345 912 3649 968 munimen
3705 917 3764 969 et

2104 999 2411 1054 custodem
2430 1001 2568 1053 sunt
2587 999 2930 1070 excogitata.
2959 1000 3069 1055 Sed
3090 1005 3403 1072 postquam
3424 1018 3612 1074 capsae
3631 1000 3761 1058 istae

2105 1087 2455 1160 supellectili
2488 1091 2628 1142 sunt
2655 1087 2982 1153 exinanitis,
3007 1089 3132 1159 jam
3165 1088 3440 1161 neglectae
3467 1095 3526 1145 et
3547 1091 3758 1147 dereli-

2105 1183 2231 1246 cta,
2266 1176 2626 1248 contemptui
2659 1176 2974 1234 habentur.
3015 1182 3146 1233 Haec
3178 1183 3234 1234 et
3261 1179 3428 1236 nobis
3475 1180 3705 1252 prosint
3739 1197 3754 1236 :

2105 1267 2324 1339 quippe
2353 1283 2430 1321 ea:
2463 1267 2828 1337 animaa,quaa
2858 1266 3020 1322 verbi
3051 1267 3232 1322 divini
3266 1270 3485 1324 donum
3517 1286 3755 1343 accepe-

2105 1360 2263 1425 runt,
2297 1356 2684 1428 pretiosarum
2715 1372 2911 1410 rerum
2947 1356 3110 1411 factae
3142 1361 3280 1412 sunt
3311 1357 3626 1429 apothecas,
3669 1361 3757 1415 di-

2104 1462 2230 1518 gnae
2265 1445 2467 1516 utique
2499 1462 2627 1516 quas
2659 1445 2716 1499 in
2749 1445 2962 1500 divinis
2995 1445 3292 1502 thesauris
3343 1451 3756 1516 recondantur,

2104 1536 2247 1590 Cum
2282 1540 2476 1590 autem
2509 1534 2887 1606 deprehensae
2917 1535 3135 1590 fuerint
3157 1536 3371 1592 divinis
3393 1538 3759 1594 ornamentis

2102 1641 2317 1692 vacuae,
2352 1623 2825 1679 humiliabuntur
2855 1628 3054 1696 utpote
3080 1625 3405 1698 abjectte,et
3433 1627 3505 1682 de
3530 1626 3761 1683 inutili-

2103 1718 2222 1770 tate
2248 1714 2560 1769 damnatae.
2596 1714 2736 1768 Eam
2765 1713 2838 1770 ob
2867 1731 2991 1770 rem
3023 1715 3272 1781 Inutilis,
3320 1715 3534 1788 inquit,
3583 1718 3763 1788 factus

2104 1806 2181 1860 est
2209 1803 2517 1873 Jechonias,
2549 1805 2694 1860 sicut
2726 1819 2846 1875 vas,
2876 1806 3034 1878 cujus
3063 1805 3256 1863 nullas
3283 1813 3360 1862 est
3382 1822 3516 1862 usus
3543 1807 3609 1862 ⁷⁸.
3643 1811 3756 1864 Ita-

2105 1911 2218 1966 que
2247 1898 2314 1949 ut
2345 1909 2692 1949 maneamus
2709 1893 2763 1948 id
2784 1893 3081 1966 regalibus
3113 1895 3760 1968 apothecis,preliosam

2101 1980 2253 2036 hanc
2311 1980 2691 2053 margaritam
2749 1981 2922 2038 nobis
2972 1983 3371 2040 concreditam
3424 1985 3654 2042 furibus
3686 2002 3760 2043 ne

2098 2071 2440 2142 prodamus.

2187 2466 2308 2522 133.
2343 2465 2521 2522 Vsus.
2561 2468 2609 2522 1.
2655 2469 2717 2523 Et
2773 2469 3189 2540 apprehendent
3243 2479 3450 2543 septem
3504 2472 3772 2530 mulieres

2115 2553 2390 2612 hominem
2421 2573 2611 2623 unum,
2642 2557 2882 2613 dicentes
2915 2574 2927 2614 :
2959 2565 3177 2616 Panem
3204 2570 3452 2617 nostrum
3472 2561 3772 2620 manduca-

2117 2645 2316 2712 bimus,
2335 2654 2386 2702 et
2414 2647 2748 2702 vestimentis
2776 2649 2978 2703 nostris
3004 2650 3315 2720 opieremur
3347 2666 3360 2704 :
3388 2657 3643 2708 celerum
3669 2668 3770 2708 no-

2113 2751 2238 2790 men
2294 2743 2451 2791 tuum
2506 2741 2726 2792 vocetur
2779 2753 2946 2804 super
2997 2753 3097 2793 nos
3130 2737 3329 2810 ταμίαν
3355 2740 3710 2811 opprobrium
3737 2758 3771 2796 a

2112 2824 2386 2879 nobis.Ad
2420 2824 2674 2880 litteram
2707 2825 2862 2895 quod
2893 2825 3123 2891 attinet,
3151 2827 3246 2880 47
3260 2826 3307 2881 2
3337 2827 3634 2883 sententia
3660 2827 3772 2884 ist-

2117 2913 2236 2968 hasc
2267 2914 2526 2970 virorum
2558 2913 2913 2985 paucitatem
2944 2929 3073 2985 quae
3106 2913 3167 2968 in
3208 2913 3424 2986 populo
3455 2930 3525 2970 ex
3579 2914 3774 2988 bellis,

2116 3006 2217 3057 aut
2246 3003 2470 3058 morbis
2497 3004 2568 3058 ob
2606 3001 2701 3059 Dei
2733 3003 2882 3058 iram
2914 3003 3259 3074 contigerat,
3291 3003 3522 3060 videtur
3540 3003 3767 3076 signifi-

2118 3106 2268 3145 care.
2306 3093 2508 3162 Itaque
2540 3107 2613 3147 ne
2644 3108 2760 3163 qua
2811 3091 3128 3146 infecunda
3196 3097 3298 3147 aut
3329 3091 3549 3148 sterilis
3593 3097 3770 3162 esset,

2119 3179 2276 3248 quod
2337 3185 2656 3252 utrumque
2713 3181 2870 3252 apud
2926 3185 3150 3236 veteres
3184 3179 3496 3236 maledicto
3527 3181 3637 3236 fuit
3666 3182 3768 3236 ob-

2120 3264 2359 3320 noxium
2392 3267 2742 3336 ",mulieres
2773 3268 2973 3339 plures
3003 3269 3164 3324 omni
3196 3269 3416 3341 pudore
3445 3269 3636 3341 posito
3664 3285 3768 3340 ap-

2121 3353 2492 3425 prehendunt
2519 3356 2709 3410 virum
2742 3373 2948 3424 unum,
2981 3363 3155 3430 atque
3199 3357 3528 3415 molestiam
3586 3373 3767 3429 quam

350 3448 618 3520 θουμὲνας
671 3445 850 3521 λέγειν
885 3465 897 3478 ⁸
960 3447 1065 3500 Τὸν
1118 3443 1278 3521 ἄρτον
1338 3447 1499 3518 ἡμῶν
1559 3441 1858 3522 φαγόμεθα,
1914 3443 2001 3498 καὶ

2119 3443 2168 3498 ei
2191 3441 2336 3497 illud
2362 3443 2420 3497 in
2444 3442 2641 3514 plures
2665 3445 2940 3502 mulieres
2961 3448 3224 3519 regimen
3249 3447 3521 3503 exhibere
3543 3447 3768 3519 potuis-

345 3535 412 3591 τὰ
445 3535 634 3609 ἱμάτια
666 3537 781 3610 (15)
819 3537 980 3607 ἡμῶν
1014 3528 1481 3610 περιϐαλώμεθα.
1515 3533 1701 3610 Ἀφεὶς
1765 3532 1856 3587 οὖν
1910 3533 2009 3602 τὴν

349 3624 436 3680 ἐπὶ
485 3629 565 3697 τῷ
612 3628 874 3700 πορισμῷ
923 3623 1211 3699 ἀναγκαίαν
1276 3621 1564 3697 μέριμναν,
1597 3622 1659 3676 τὸ
1699 3617 1874 3694 ὄνομά
1906 3642 2000 3676 σου

345 3721 558 3790 ’χρῆσον
585 3716 722 3786 ἡμῖν
766 3713 842 3775 εἷς
868 3713 931 3768 τὸ
964 3710 1243 3790 διαφυγεῖν
1275 3715 1423 3785 ἡμᾶς
1466 3713 1559 3766 τὸν
1607 3710 1690 3766 hri
1741 3715 1810 3784 τῇ
1866 3710 1999 3786 ἐρη-

352 3805 448 3878 μίᾳ
474 3801 810 3876 ὀνειδισμόν.
842 3803 913 3856 Τὸ
948 3803 1041 3875 μὲν
1075 3803 1210 3856 κατὰ
1259 3799 1425 3872 λὲξιν,
1455 3805 1640 3855 τοῦτο’
1671 3803 1704 3870 ἠ
1757 3798 1814 3854 δὲ
1866 3799 1997 3855 ὑπό-

343 3914 469 3948 νοια
517 3893 608 3948 καὶ
668 3892 754 3947 ἐπὶ
813 3891 1072 3964 μειζόνων
1153 3888 1369 3965 ἔρευναν
1424 3896 1778 3966 προκαλεῖται
1837 3891 2000 3962 ἡμῶν

341 3983 433 4037 τὸν
465 3983 729 4045 νοῦν.“Ως
760 3978 851 4036 οὖν
901 3979 953 4035 ἐν
999 3979 1154 4053 τόπῳ
1213 3975 1576 4052 δυσθεωρήτῳ
1625 3979 1716 4035 καὶ
1763 3976 1908 4034 πολὺ
1936 3978 1998 4033 τὸ

345 4069 768 4145 ιπεσκιασμένον
820 4069 880 4126 ἐκ
925 4076 1024 4139 τῆς
1068 4067 1324 4147 ἀσαφείας
1387 4067 1594 4145 ἔχοντι,
1643 4067 1868 4138 τοιαύτη
1917 4089 2000 4130 τις

346 4163 484 4236 ἡμῖν
513 4160 774 4235 περὶτῶν
834 4159 969 4215 ἔπτά
1023 4162 1292 4234 γυναικῶν
1334 4153 1512 4214 ἔννοια
1569 4157 1884 4230 ὑποπίπτει,
1917 4155 1999 4212 ὅτι

345 4249 645 4325 πολλαχοῦ
675 4249 764 4304 καὶ
798 4250 825 4304 6
860 4249 979 4325 βίος
1009 4247 1168 4309 οὗτος
1199 4246 1288 4302 καὶ
1322 4247 1350 4301 ὁ
1397 4247 1533 4302 κατὰ
1581 4248 1753 4323 σάρκα
1782 4244 1999 4322 Ἰσραὴλ

347 4337 437 4394 ἐπὶ
493 4341 591 4393 τοῦ
625 4340 734 4411 (16)
769 4336 902 4392 ἔπτὰ
954 4330 1437 4410 λαμϐάνονται.“0
1495 4337 1589 4410 μὲν
1648 4336 1771 4410 περὶ
1826 4337 1894 4389 τὰ
1948 4334 2001 4389 ὲν

351 4429 551 4503 γενέσει
610 4427 908 4502 πράγματα
960 4422 1184 4502 χρόνος,
1237 4422 1376 4479 διότι
1429 4424 1535 4479 ἀπὸ
1595 4425 1729 4479 ἑπτὰ
1781 4426 2004 4498 ἡμερῶν

350 4515 840 4590 ἀνακυκλουμένων
898 4514 1230 4589 πληροῦται.
1289 4515 1452 4571 ’Όθεν
1503 4513 1592 4568 καὶ
1642 4515 1670 4568 6
1715 4513 1848 4587 μετά
1901 4514 2000 4583 τὴν

347 4608 668 4664 κατάστασιν
708 4605 910 4677 ταύτην
956 4603 1114 4676 αἰὼν,
1149 4600 1314 4679 ὀγδόη
1369 4601 1580 4679 εἷ’ρηται
1631 4601 1684 4658 ἐν
1741 4601 1812 4676 τῇ
1862 4609 2004 4679 Γρα-

416 4794 460 4831 τε
488 4795 708 4850 Jerem.
741 4809 880 4860 xm,
910 4791 1004 4849 28.
1078 4790 1126 4826 ’⁷ο
1155 4789 1327 4846 Deut.
1358 4805 1459 4856 vn,
1496 4789 1582 4844 14.

416 4978 529 5050 (Η)
562 4977 800 5050 Antiqui
833 4975 1097 5050 quinque
1125 4972 1282 5043 libri,
1305 4969 1698 5050 ἀποκείμεναι.
1722 4969 1877 5050 _Editi
1906 4986 2004 5050 sq-

352 5039 798 5120 ὶίξάπῖοκείμεῦα.
832 5039 1147 5126 Aliquanto
1191 5039 1330 5126 post
1370 5039 1547 5126 editi,
1585 5042 1660 5126 ᾡς
1712 5039 2005 5126 ἠμελημέ-

305 5163 309 5166 .
352 5138 438 5191 να,
466 5117 655 5191 recte,
676 5126 742 5176 ut
771 5117 1208 5191 nobis'quidem
1239 5117 1488 5191 videtur.
1509 5117 1797 5191 Putemus
1826 5117 2008 5191 igitur

357 5181 575 5264 hgécita
596 5181 975 5264 intelligenda
988 5181 1142 5264 esse,
1160 5189 1329 5261 quasi
1348 5188 1632 5264 scriptum
1659 5181 2008 5264 fuisset,_'éwc

363 5256 546 5338 μὶνᾷν
575 5265 741 5338 ταῦτα
771 5256 1078 5338 πράγματα,
1098 5256 1220 5338 ixi],
1255 5265 1388 5338 etc._,
1418 5256 1666 5338 quaudiu
1715 5277 1804 5338 res
1850 5256 2002 5338 ejus:

353 5330 508 5387 modi
563 5330 858 5408 pretiosam
898 5330 1323 5408 supellectilem,
1355 5330 1810 5408 inciudunt,_etc.
1844 5331 2004 5408 Quod

355 5419 490 5459 cum
525 5401 641 5458 non
673 5401 1201 5462 animadverterent
1237 5401 1487 5473 librarii,
1521 5421 1623 5476 pro
1654 5401 2006 5476 ’ἀποκείμενα

353 5475 746 5551 scripserunt,
804 5476 1170 5551 ἀποκείμεναι,
1226 5482 1292 5533 ut
1345 5493 1454 5532 vox
1519 5475 1872 5551 dno‘xstpevat
1915 5475 2003 5551 ‘ad

347 5547 548 5604 vocem
583 5547 746 5624 θῆκαι
773 5551 973 5607 referri
998 5547 1219 5624 posset.
1249 5553 1321 5604 At
1365 5549 1576 5606 Socula
1605 5547 1678 5609 ὡς
1717 5547 1776 5605 in
1827 5547 2005 5621 quin-

355 5636 470 5693 que
485 5636 642 5693 ,mss.
679 5621 864 5677 deest.

419 5691 532 5764 ’42)
561 5693 656 5764 Sic
687 5695 873 5751 nostri
920 5693 1053 5750 libri
1106 5696 1351 5751 veteres.
1384 5689 1535 5749 Editi
1581 5708 1738 5764 vero,
1766 5694 1876 5747 τῶν
1919 5710 2001 5747 τι-

351 5762 496 5838 μίων
514 5762 778 5841 κόσμων,
805 5767 1060 5842 pretiosis
1088 5766 1453 5827 ornamentis.

2119 3536 2228 3601 set,
2263 3530 2535 3588 solature
2567 3533 2771 3588 dicunt
2805 3549 2818 3588 :
2851 3540 3062 3591 Panem
3106 3544 3352 3592 nostrum
3397 3535 3768 3593 manducabi—

2113 3626 2314 3688 mus,et
2342 3623 2682 3678 vestimentis
2711 3625 2918 3679 nostris
2949 3626 3369 3696 operiemurEa
3398 3625 3578 3697 igitur
3606 3625 3767 3682 solli-

2112 3710 2372 3767 citudine
2396 3727 2521 3782 qua:
2547 3711 2618 3766 ad
2641 3715 2925 3781 quaestum
2952 3713 3284 3769 faciendum
3308 3714 3637 3771 necessaria
3657 3719 3769 3800 est,

2109 3799 2330 3856 omissa
2354 3817 2566 3856 nomen
2591 3804 2758 3856 tuum
2785 3801 2954 3858 nobis
2986 3803 3317 3874 commoda,
3335 3810 3399 3858 ut
3430 3799 3770 3861 solitudinis

2108 3895 2324 3945 nostrae
2357 3891 2638 3961 probrum
2663 3891 3014 3962 eﬂ'ugiamus
3036 3896 3094 3947 et
3113 3892 3526 3949 dedecus.Haec
3547 3899 3636 3950 est
3661 3893 3775 3953 uti-

2107 3995 2222 4052 que
2253 3979 2452 4034 nativa
2477 3983 2534 4035 et
2554 3979 2793 4051 propria
2819 3981 3130 4037 verborum
3145 3981 3496 4053 signiﬁcatio
3519 4001 3533 4040 :
3559 3998 3771 4040 sensus

2109 4074 2307 4124 autem
2332 4069 2622 4139 ﬁguratus
2643 4069 2713 4123 ad
2740 4070 2967 4140 majora
2983 4070 3660 4142 investigandamentem
3675 4088 3774 4130 no—

2109 4165 2291 4214 stram
2325 4157 2548 4214 invitat.
2567 4158 3074 4224 Quemadmodum
3105 4158 3291 4230 igitur
3320 4160 3370 4216 si
3401 4176 3773 4218 versaremur

2107 4246 2168 4302 in
2200 4247 2324 4303 loco
2357 4262 2532 4318 quem
2563 4246 2898 4318 conspicere
2927 4246 3021 4302 vix
3040 4247 3260 4318 possis,
3286 4263 3579 4319 quemque
3607 4255 3772 4305 tene-

2109 4335 2226 4390 bris
2251 4334 2446 4390 multas
2468 4335 2735 4406 operient
2753 4335 2825 4391 ob
2852 4335 3300 4404 obscuritatem;
3335 4335 3558 4408 aliquid
3609 4339 3770 4408 eius-

2111 4423 2269 4480 modi
2299 4424 2369 4479 de
2401 4423 2492 4478 his
2513 4428 2737 4495 septem
2755 4423 3106 4480 mulieribus
3125 4424 3769 4497 cogitamue,nimirum

2110 4512 2264 4585 quod
2297 4515 2354 4567 et
2383 4511 2499 4567 vita
2530 4513 2671 4583 haec,
2703 4517 2760 4569 et
2787 4512 2839 4570 is
2869 4513 2970 4585 qui
3003 4513 3328 4570 secundum
3382 4530 3619 4571 carnem
3680 4521 3773 4574 est

2110 4601 2288 4659 Israel
2328 4618 2432 4674 per
2461 4602 2862 4674 septenarium
2893 4619 3208 4660 numerum
3239 4602 3585 4676 plerumque
3615 4606 3771 4662 desi-

2190 4967 2303 5045 (13)
2331 4970 2501 5041 Apud
2529 4970 2689 5045 LXX,
2723 4987 2826 5042 pro
2874 4970 3162 5045 ἠχρειώθη
3214 4971 3430 5045 legitur
3479 4970 3765 5045 ἠτιμώθη,

2116 5041 2499 5098 inhonoratus.
2536 5041 2756 5098 Ibidem
2789 5041 2970 5098 vetus"
3006 5041 3338 5100 Combeﬁsii
3396 5041 3591 5100 codex'
3631 5041 3766 5101 cum

2117 5112 2252 5168 aliis
2281 5113 2495 5183 tribus,
2529 5117 2716 5175 σκεῦος
2759 5113 2842 5168 οὗ.
2877 5114 3038 5171 Alter
3093 5122 3152 5172 et
3207 5116 3370 5186 editi,
3421 5117 3607 5177 σκεῦος
3666 5115 3765 5186 ὧν,

2116 5189 2407 5255 corrupte.

2330 5255 2566 5346 Titulus
2623 5257 2823 5314 nullus
2883 5257 2942 5346 in
2999 5273 3144 5346 mss.
3174 5255 3561 5346 poeniterent.
3596 5257 3766 5346 Haud

2114 5327 2286 5451 longe
2317 5329 2578 5402 quinque
2627 5327 2910 5397 mss.,xai
2967 5327 3036 5381 τὰ
3090 5327 3304 5400 ἱμάτια.
3338 5328 3514 5400 Editi,
3558 5330 3647 5385 καὶ
3704 5330 3767 5386 τὸ

2143 5419 2356 5451 ματιον.

2186 5419 2356 5454 ατιον.

2141 5421 2436 5543 "iisiiss
2459 5475 2679 5529 veteres
2709 5474 2824 5527 duo
2868 5469 3003 5545 libri
3044 5487 3274 5545 rursus,
3306 5469 3398 5525 καὶ
3427 5470 3490 5526 τὸ
3519 5471 3764 5545 ἱμάτιον.

2113 5539 2322 5600 Statim
2356 5545 2520 5618 editi,
2551 5547 2809 5617 πορισμῷ
2836 5545 2944 5596 τῶν
2978 5539 3300 5617 ἀναγκαίων.
3337 5548 3412 5600 At
3440 5539 3770 5618 ωδε-(μείη-

2115 5632 2229 5688 que
2261 5621 2326 5672 ut
2354 5617 2412 5671 in
2446 5621 2736 5673 contextu.

2151 5689 2300 5774 “(46)
2332 5688 2490 5744 Libri
2547 5689 2808 5760 quinque
2864 5683 3113 5757 antiqui,
3147 5681 3236 5740 tul
3291 5688 3410 5742 τοῦ.
3471 5687 3644 5760 Editl,
3677 5684 3765 5743 επὶ

2113 5777 2245 5819 των.
