4130 6424
360 438 476 500 335

1309 436 1707 498 APPENDIX
1751 437 2077 499 OPERUM
2124 437 2189 498 S.
2235 437 2520 497 BASILII
2565 437 2832 498 MAGNI.

3675 433 3794 496 336

359 575 895 646 gnentur.Tempus
916 573 1152 644 quidem
1176 572 1234 626 in
1254 571 1429 626 rebus
1447 570 1614 624 initio
1639 570 1908 626 creandis
1932 570 2014 625 in-

2131 572 2226 646 (ΡῘΓ
2260 567 2349 622 καί
2403 565 2616 641 ψαλμοὶ
2676 567 2808 642 ὑπὲρ
2871 573 2970 637 τῆς
3028 563 3254 642 ὀγδόης,
3313 566 3432 620 ἀντὶ
3479 569 3600 638 τοῦ,
3657 565 3790 643 ὑπερ

361 666 665 733 sumptum
691 661 1221 733 significatur,quia
1247 665 1489 732 septena
1521 660 1746 714 dierum
1781 677 2017 715 conver-

363 749 529 806 sione
561 769 625 806 ac
657 751 999 807 circuitione
1032 749 1362 822 completur
1390 751 1455 806 ⁸ο.
1495 749 1654 804 Unde
1691 753 1746 804 et
1797 749 2020 804 aeterni-

363 842 456 896 tas
488 845 703 896 statum
736 841 890 896 hunc
936 847 1230 909 secutura,
1282 842 1340 894 in
1393 839 1692 911 Scriptura
1743 838 1897 894 dicta
1929 845 2019 896 est

367 930 583 986 Octava.
620 931 762 985 Hinc
791 929 1004 1001 psalmi
1035 947 1139 1001 pro
1171 933 1360 984 octaua
1392 930 1462 994 ⁸¹,
1513 929 1572 983 id
1605 933 1714 996 est,
1751 945 1853 1000 pro
1913 945 2016 983 sae-

363 1019 494 1074 culo
525 1019 661 1074 huic
693 1021 941 1092 tempori
978 1037 1346 1075 successuro.
1382 1022 1487 1074 Sed
1523 1024 1579 1074 et
1609 1020 1708 1090 qui
1744 1019 1800 1073 in
1837 1017 2020 1073 mani-

361 1108 507 1163 festo
537 1109 874 1164 suntJudaai
907 1109 1040 1177 8'3,et
1071 1111 1334 1180 ipsorum
1361 1110 1621 1180 regimen
1645 1125 1797 1180 saepe
1831 1111 1900 1163 de
1923 1123 2013 1163 se-

358 1197 625 1268 ptenario
657 1215 903 1253 numero
937 1198 1327 1270 accipiuntur.
1380 1200 1477 1264 Da,
1534 1199 1750 1270 inquit,
1797 1201 2015 1269 partem

357 1287 490 1358 ipsis
517 1295 738 1358 septem,
772 1296 823 1343 et
852 1289 1074 1359 quidem
1105 1290 1238 1356 ipsis
1271 1300 1385 1344 orto
1416 1290 1536 1342 ⁸³.Ν
1544 1305 1634 1342 am
1667 1288 2013 1343 Testamen-

359 1380 508 1441 tum,
541 1382 667 1432 tum
703 1381 1038 1449 Vetus,tum
1060 1379 1718 1447 Novum,testimonium
1754 1379 2016 1449 accipere

357 1463 594 1536 debent,
629 1467 788 1538 quod
821 1468 1062 1524 veniant
1094 1485 1126 1522 a
1155 1468 1599 1538 Deo,unamque
1634 1471 1899 1523 mutuam
1922 1484 2013 1522 so-

358 1554 625 1611 cietatem
660 1557 861 1612 ineant
891 1575 956 1612 ac
989 1557 1595 1628 concordiam.ltaque
1629 1557 1905 1613 mulieres
1931 1575 2015 1613 se-

359 1647 520 1715 ptem
543 1645 899 1701 adumbrant
921 1650 1103 1702 Vetus
1125 1647 2018 1718 Testamentum.Apprehendet

361 1732 662 1790 hominem
697 1753 904 1802 unum,
939 1736 1278 1804 Dominum,
1321 1738 1422 1808 qui
1455 1753 1570 1792 non
1623 1754 1776 1791 unus
1830 1740 2015 1791 estex

363 1823 694 1894 multis,sed
723 1831 920 1882 tamen
954 1843 1107 1882 unus
1137 1830 1244 1882 est.
1276 1826 1510 1895 Dicunt,
1530 1828 1737 1881 Panem
1765 1834 2014 1881 nostrum

356 1913 847 1984 comedemus,hoc
878 1918 1056 1985 est,in
1086 1920 1286 1972 nostro
1319 1915 1659 1972 substantia:
1694 1915 1866 1969 modo
1895 1932 2013 1971 ma-

360 2003 652 2058 nebimus.
688 2004 914 2059 Etenim
946 2006 1280 2060 futurorum
1315 2005 1536 2060 erimus
1560 2004 1771 2060 umbra
1802 2006 1864 2072 8‘,
1900 2022 2010 2059 coe~

355 2089 712 2164 lestiumque
727 2093 1296 2166 imagines.Vocetur
1310 2096 1597 2150 duntaxat
1610 2110 1823 2149 nomen
1845 2094 2008 2149 Chri-

353 2181 430 2236 sti
458 2180 518 2236 in
547 2181 742 2238 Veteri
759 2183 1227 2253 Tcstamento,ut
1257 2183 1595 2240 inutilitstis
1628 2183 2009 2255 opprobrium

354 2270 672 2327 auferatur.
706 2272 818 2328 Sed
851 2278 907 2328 et
937 2272 1173 2330 Israelis
1203 2291 1521 2346 synagoga,
1539 2291 1606 2330 ea
1639 2290 1754 2345 qua
1785 2273 2007 2328 detine-

354 2359 532 2415 batur
558 2359 684 2433 lege
712 2363 1031 2429 destructa,
1061 2364 1183 2432 jam
1225 2363 1407 2418 libera
1438 2364 1611 2430 facta,
1659 2368 1716 2417 et
1744 2362 1837 2418 cui
1873 2361 2010 2417 velit

2126 662 2223 712 τοῦ
2259 657 2390 730 μετὰ
2419 658 2511 712 τὸν
2541 657 2742 732 χρόνον
2773 661 2965 712 τοῦτον
2999 656 3218 719 αἰῶνος.
3251 653 3556 731 Πολλαχοῦ
3613 652 3671 710 δὲ
3699 655 3790 710 καὶ

2129 749 2180 801 ol.
2213 747 2264 802 ἐν
2296 752 2375 820 τῷ
2421 752 2638 823 φανερῷ
2671 745 2949 816 Ἰουδαῖοι,
2982 746 3071 801 καὶ
3123 748 3159 816 ἡ
3202 745 3340 800 κατὰ
3386 745 3584 809 αὐτοὺς
3625 742 3792 800 πολι-

2125 837 2244 892 τεία
2307 837 2394 892 ἐπὶ
2452 843 2549 892 τοῦ
2607 837 2742 891 ἑπτὰ
2795 831 3192 910 λαμϐάνονται.
3225 835 3326 899 Δὸς
3382 831 3594 912 μερίδα,
3629 834 3785 908 φησὶ,

2125 932 2242 989 τοῖς
2281 927 2435 1000 ἑπτὰ,
2465 927 2554 981 καί
2600 949 2661 1001 γε
2717 933 2834 990 τοῖς
2891 928 3061 981 ὀκτώ·
3103 927 3176 988 ὡς
3231 925 3322 981 καὶ
3381 933 3481 995 τῆς
3542 923 3786 988 Παλαιᾶς

2129 1018 2402 1087 Διαθῆκης
2439 1015 2771 1094 ὀφειλούσης
2801 1011 2988 1071 λαϐεῖν
3020 1036 3142 1070 τινα
3193 1018 3490 1091 μαρτυρίαν
3536 1014 3643 1069 ἀπὸ
3691 1019 3788 1070 τοῦ

2127 1113 2258 1162 Θεοῦ
2290 1107 2466 1177 ἥκειν,
2499 1109 2588 1162 καὶ
2637 1114 2738 1177 τῆς
2798 1110 3021 1179 Καινῆς,
3053 1107 3141 1160 καὶ
3189 1107 3267 1169 εἷς
3320 1106 3445 1180 μίαν
3506 1105 3788 1176 ἀλλήλαις

2125 1195 2302 1260 ἐλθεῖν
2338 1197 2675 1274 συμφωνίαν.
2710 1197 2780 1252 Αἱ
2815 1197 2904 1250 οῦν
2957 1195 3091 1251 ἑπτὰ
3140 1201 3412 1272 γυναῖκες,
3445 1198 3480 1266 ἡ
3540 1198 3785 1266 Διαθήκη

2123 1288 2158 1354 ἡ
2194 1284 2426 1341 ΙΙαλαιά·
2487 1284 2816 1359 ἐπιλήψεται
2876 1285 3166 1361 ἀνθρώπου
3225 1285 3362 1355 ἐνὸς,
3407 1288 3502 1338 τοῦ
3562 1285 3784 1358 Κυρίου,

2125 1374 2182 1435 ὃς
2218 1374 2344 1450 οὐχὶ
2378 1377 2455 1436 εἴς
2486 1380 2593 1429 τῶν
2628 1374 2857 1429 πολλῶν
2893 1375 3056 1444 ἐστιν,
3093 1374 3311 1436 άλλέἷς
3342 1373 3474 1429 ἐστι·
3511 1372 3784 1466 λέγουσαι,

2127 1463 2208 1516 δτι
2260 1463 2360 1517 Τὸν
2418 1464 2578 1538 ἄρτον
2646 1467 2806 1537 ἡμῶν
2863 1463 3168 1542 φαγόμεθα,
3219 1464 3462 1519 τουτέστι
3520 1463 3789 1537 μενοῦμεν

2125 1555 2238 1626 (47)
2277 1552 2364 1607 ἐπὶ
2390 1556 2486 1608 τοῦ
2517 1554 2791 1630 ἡμετέρου
2843 1554 3041 1629 μέτρου
3090 1555 3190 1622 τῆς
3251 1553 3616 1616 ὑποστάσεως.
3654 1552 3789 1608 Σκιὰ

2124 1642 2226 1717 γὰρ
2259 1641 2491 1714 ἐσόμεθα
2548 1647 2656 1697 τῶν
2712 1641 3052 1716 μελλόντων,
3080 1642 3169 1698 καὶ
3213 1641 3414 1708 εἰκόνες
3459 1647 3569 1698 τῶν
3623 1642 3785 1698 ἐπου-

2125 1731 2345 1808 ρανίων.
2380 1731 2556 1787 Μόνον
2610 1733 2672 1787 τὸ
2727 1734 2822 1787 τοῦ
2852 1735 3112 1807 ’Χριστοῦ
3138 1728 3314 1805 ὄνομα
3349 1731 3640 1803 κεκλήσθω
3671 1734 3789 1806 (48)

2122 1823 2190 1895 τῇ
2224 1820 2459 1892 Παλαιᾷ,
2488 1818 2576 1876 ἵνα
2609 1823 2635 1876 ὁ
2664 1819 2975 1894 ὀνειδισμὸς
3004 1828 3105 1890 τῆς
3150 1820 3460 1896 ἀχρηστίας
3490 1821 3782 1896 ἀφαιρεθῇ·

2123 1910 2350 1966 Δύναται
2409 1909 2466 1965 δὲ
2519 1911 2616 1966 κπὶ
2667 1914 2702 1981 ἡ
2762 1911 3060 1986 συναιωγὴ
3109 1909 3359 1986 Ἰσραὴλ,
3416 1910 3787 1974 ἀποθανόντος

2120 2006 2217 2055 τοῦ
2265 2000 2440 2073 νόμου
2498 1999 2551 2056 ἐν
2602 2001 2648 2073 ᾦ
2705 2003 3018 2077 κατείχετο,
3052 1998 3312 2074 ἐλευθέρα
3341 1999 3608 2076 γενομένη
3644 2002 3782 2075 (49),

2121 2090 2256 2166 πρὸς
2285 2090 2347 2144 τὸ
2379 2089 2424 2162 ᾧ
2476 2089 2622 2153 θέλει
2670 2095 3000 2165 γαμηθεῖσα,
3039 2090 3113 2161 μή
3167 2089 3529 2164 χρηματίζειν
3577 2109 3782 2165 μοιχα-

2121 2178 2227 2250 λὶς,
2260 2183 2338 2250 τῷ
2369 2180 2592 2252 νυμφίῳ
2625 2180 2786 2254 Λόγῳ
2817 2175 3220 2253 προσελθοῦσα,
3253 2176 3343 2232 καὶ
3389 2178 3556 2232 οἱονεὶ
3587 2176 3782 2253 ἐρωτι-

2118 2271 2228 2329 κῶς
2261 2266 2603 2342 ἀντεχομένη
2636 2269 2826 2340 αὐτοῦ,
2855 2265 3056 2342 λέγειν·
3090 2266 3164 2324 Τὸ
3207 2261 3382 2340 ὄνομά
3433 2288 3530 2323 σου
3575 2267 3783 2341 κεκλή-

2121 2368 2231 2420 σθω
2262 2356 2344 2432 έφ¹
2370 2359 2404 2426 ἠ
2416 2360 2544 2429 μᾶς.

356 2454 541 2520 nupta
569 2451 634 2520 8⁵,
667 2456 860 2522 potest
887 2453 1076 2508 vocari
1112 2470 1227 2508 non
1257 2453 1523 2508 adultera
1553 2452 1617 2519 ⁸⁸,
1651 2453 1886 2508 tametsi
1915 2451 1989 2506 ad
2021 2465 2302 2520 sponsum
2337 2449 2592 2504 Verbum
2626 2448 2870 2520 accedit,
2905 2448 3075 2521 eique
3106 2447 3282 2505 veluti
3338 2448 3588 2505 amatori
3620 2465 3785 2506 com-

356 2537 529 2610 plexu
578 2539 981 2598 adhaerescens
1008 2543 1160 2598 valet
1189 2543 1380 2598 dicere
1415 2561 1426 2598 :
1461 2543 1663 2598 Nomen
1699 2551 1854 2598 tuum
1886 2542 2088 2597 vocetur
2129 2555 2295 2610 super
2317 2554 2436 2594 nos.

433 2629 555 2684 134.
587 2629 815 2686 Dictum
849 2636 1044 2686 autem
1095 2637 1184 2688 est
1213 2649 1246 2688 a
1295 2631 1676 2704 quibusdam,
1731 2633 2008 2688 mulieres

359 2721 588 2789 septem
619 2722 842 2791 septem
874 2736 1003 2776 esse
1033 2720 1295 2792 spiritus,
1329 2738 1477 2791 quos
1508 2720 1681 2792 paulo
1707 2725 1838 2792 post
1867 2737 2009 2776 enu-

360 2812 693 2864 meraturus
719 2813 809 2865 est
837 2809 933 2865 ille
963 2809 1089 2881 ipse
1121 2810 1421 2881 propheta,
1469 2816 1751 2882 tanquam
1785 2811 2010 2883 requie-

359 2899 527 2952 turos
557 2913 734 2968 super
760 2914 913 2967 eum,
946 2898 1046 2969 qui
1079 2915 1146 2953 ex
1178 2899 1370 2954 radice
1411 2899 1578 2955 Jesse
1607 2917 1710 2955 ceu
1747 2900 1853 2955 ﬂos
1884 2905 2010 2956 erat

357 2987 1562 3060 crupturuszspiritum,inquam,sapientiae
1578 2996 1634 3044 et
1653 2989 2006 3059 intellectus,

355 3075 628 3146 spiritum
655 3076 883 3132 consilii
903 3083 958 3131 et
977 3076 1639 3149 fortitudinis,spiritum
1669 3079 1925 3134 scientias
1951 3085 2010 3135 et

355 3163 893 3236 pietatis,spiritum
915 3166 1144 3221 timoris
1167 3167 1266 3222 Dei
1298 3167 1473 3231 88.0ui
1499 3169 1737 3241 quidem
1761 3169 2007 3240 spiritus

358 3257 667 3325 prepterea
680 3255 833 3325 quod
850 3254 1212 3310 declinarent
1226 3273 1450 3322 omnes,
1474 3256 1770 3328 simulque
1804 3260 2009 3314 fierent

359 3339 598 3398 inutiles
627 3341 691 3408 ⁸⁸,
725 3360 829 3399 nec
860 3343 1142 3400 haberent
1166 3345 1223 3399 in
1246 3362 1360 3417 quo
1392 3352 1659 3403 amanter
1687 3347 2010 3418 requiesce-

365 3435 513 3499 rent,
549 3431 1000 3502 apprehendunt
1046 3433 1280 3489 Domini
1311 3435 1632 3505 hominem,
1687 3454 1752 3492 ac
1783 3454 1850 3493 ea
1882 3453 2011 3508 quae

367 3523 510 3575 sunt
537 3519 775 3590 scripta,
809 3519 1228 3592 implent.Nam
1262 3524 1510 3595 spiritus
1534 3525 1790 3582 scientiae
1822 3530 1878 3582 et
1901 3525 2017 3598 pie-

367 3607 506 3664 tatis
537 3613 785 3677 vacat,et
815 3609 1038 3665 otiosus
1073 3616 1268 3666 manet
1297 3617 1423 3668 tum
1471 3631 1602 3670 cum
1637 3632 1752 3670 non
1783 3619 1874 3671 est
1915 3614 2014 3684 qui

374 3697 686 3771 intelligat,
721 3699 874 3754 473
927 3705 1030 3754 aut
1071 3700 1339 3771 exquirat
1387 3702 1569 3758 Deum
1601 3706 1665 3760 3°.
1719 3710 1906 3776 Atque
1955 3704 2015 3759 id

369 3787 686 3844 virtutibus
718 3787 889 3859 quasi
919 3789 1130 3859 probro
1161 3794 1250 3846 est
1297 3799 1353 3847 et
1382 3793 1673 3865 dedecori,
1719 3795 2014 3852 neminem

369 3877 610 3949 reperiri
645 3877 744 3948 qui
771 3894 870 3933 eas
901 3878 1310 3952 amplectatur,
1344 3883 1445 3939 sed
1496 3901 1616 3954 eas,
1649 3885 1849 3942 anima
1887 3902 2016 3958 qua:

366 3964 528 4038 ipsas
573 3965 858 4037 suscipiat
904 3967 1230 4037 deﬁciente,
1278 3989 1406 4027 esse
1457 3977 1738 4046 tanquam
1787 3975 2014 4032 viduas.

367 4055 514 4120 Quia
543 4055 698 4111 enim
730 4073 839 4112 sua
859 4056 1122 4129 ipsarum
1147 4059 1583 4130 pulchritudine
1599 4082 1806 4136 capere
1830 4065 2017 4120 nemi-

369 4161 504 4200 nem
538 4150 806 4218 possunt,
852 4147 952 4202 sed
977 4156 1323 4219 permanent
1357 4152 1410 4206 in
1445 4151 1894 4226 solitudine,per
1909 4155 2019 4211 hoc

371 4237 429 4290 et
459 4235 707 4291 virtutes
739 4235 879 4308 ipsae
912 4236 1082 4308 quasi
1115 4241 1430 4312 perstringi
1465 4242 1752 4298 videntur.
1772 4244 1878 4309 Qui
1910 4263 2016 4301 au-

373 4327 490 4381 tem
525 4326 582 4380 in
615 4342 677 4381 se
694 4324 821 4396 ipso
845 4343 1018 4381 omne
1047 4328 1280 4384 virtutis
1297 4347 1482 4399 genus
1505 4349 1736 4388 summe
1761 4339 1817 4388 et
1839 4336 2019 4405 perfe-

369 4412 630 4469 ctissime
659 4418 782 4468 erat
813 4416 1350 4478 demonstraturus.
1383 4417 1433 4473 is
1465 4423 1655 4475 aufert
1698 4421 1769 4475 ab
1801 4421 1886 4476 eis
1916 4439 2016 4493 op-

371 4503 682 4574 probrium
714 4510 773 4559 et
800 4505 1284 4576 ignominiam.Et
1307 4511 1587 4580 quoniam
1622 4512 1693 4564 ab
1724 4511 1794 4566 iis
1816 4512 2019 4568 etiam.

370 4592 472 4665 qui
507 4593 687 4648 Deum
737 4594 1110 4664 ignorabant,
1167 4597 1494 4664 scientiam,
1546 4600 2019 4672 intelligentiam,

367 4681 705 4753 consilium,
739 4682 1167 4753 fortitudinem,
1201 4688 1574 4758 sapientiam,
1624 4691 2020 4761 pietatemque

367 4772 550 4830 excoli
581 4777 949 4844 compertum
982 4778 1094 4844 est,
1117 4779 1420 4847 postulant
1449 4779 1667 4834 Christi
1694 4797 1904 4836 nomen
1925 4798 2021 4836 su-
2056 4765 2102 4830 D

366 4880 471 4936 per
492 4878 554 4918 se
585 4861 864 4917 invocari.

438 4953 562 5009 135.
600 4953 774 5007 Vens.
824 4952 880 5008 2.
926 4952 990 5006 In
1038 4952 1128 5007 die
1172 4959 1362 5010 autem
1412 4957 1512 5012 illa
1558 4959 1888 5028 splendescat
1916 4961 2020 5016 Do-

367 5035 559 5089 minus
588 5033 648 5089 in
677 5032 906 5088 consilio
935 5048 1058 5087 cum
1090 5033 1272 5100 gloria
1301 5052 1463 5108 super
1509 5041 1742 5106 terram,
1779 5043 1836 5094 ut
1864 5042 2019 5097 exal-

372 5126 448 5178 m
474 5131 528 5177 et
557 5121 838 5192 glori/feet
861 5121 1000 5193 quod
1029 5123 1354 5178 derelictum
1377 5131 1456 5181 est
1494 5143 1564 5182 ea:
1591 5128 1780 5184 Israel.
1818 5131 2020 5187 lethaeo

440 5227 484 5263 ⁸ο
515 5227 655 5304 Gen.
690 5246 753 5295 ιι,
783 5231 836 5283 2.
936 5229 982 5304 f‘
1018 5228 1170 5304 Psal.
1207 5247 1281 5286 vr.
1321 5233 1368 5300 1,
1403 5237 1458 5287 et
1487 5252 1563 5304 χι,
1597 5237 1651 5291 1.

2193 2629 2316 2683 434.
2351 2623 2585 2703 Εἴρηται
2644 2623 2701 2682 δέ
2753 2648 2917 2696 τισιν,
2953 2628 3035 2682 ὅτι
3067 2628 3122 2682 αἱ
3154 2627 3288 2683 ἑπτὰ
3343 2633 3596 2703 γυναῖκες
3651 2627 3787 2684 ἐπτὰ

2117 2715 2400 2790 πνεύματά
2433 2715 2594 2790 εἷ’σιν,
2627 2715 2660 2770 ἃ
2693 2717 2886 2792 μικρὸν
2919 2716 3136 2786 ὕστερον
3171 2718 3200 2772 ὁ
3231 2717 3390 2780 αὐτὸς
3434 2718 3589 2780 οὗτος
3641 2738 3782 2792 προ-

2119 2807 2298 2884 φήτης
2375 2808 2825 2880 καταριθμεῖσθαι
2912 2804 3128 2878 μέλλει,
3190 2807 3263 2867 ὡς
3323 2805 3780 2880 ἐπαναπάυόμενα

2117 2893 2205 2950 ἐπὶ
2263 2895 2354 2949 τὸν
2416 2894 2475 2950 ἐκ
2528 2901 2628 2964 τῆς
2688 2893 2844 2968 ῥίζης
2875 2894 3066 2950 Ἰεσσαί
3121 2893 3426 2964 ἐξανθήσειν
3479 2893 3774 2966 μέλλονταο

2115 2989 2330 3057 πνεῦμα
2387 2982 2576 3059 σοφίας
2634 2983 2720 3037 καὶ
2780 2983 3062 3054 συνέσεως,
3121 2986 3333 3055 πνεῦμα
3394 2979 3601 3058 βουλῆς
3680 2983 3768 3038 καὶ

2119 3073 2332 3149 ἰσχύος,
2364 3076 2578 3143 πνεῦμα
2618 3072 2871 3148 γνώσεως
2916 3071 3004 3126 καὶ
3064 3066 3353 3143 εὐσεϐείας,
3403 3075 3616 3145 πνεῦμα
3670 3073 3768 3138 φό-

2117 3158 2217 3217 ϐου
2267 3165 2437 3217 Θεοῦο
2491 3161 2624 3237 ἅπερ
2685 3159 2773 3216 διὰ
2826 3161 2888 3216 τὸ
2944 3161 3146 3224 πάντας
3198 3159 3464 3230 ἐκκλῖναι,
3513 3160 3603 3216 καὶ
3661 3162 3774 3235 ἅμα

2119 3253 2518 3327 ἀχρειωθῆναι,
2571 3252 2672 3306 οὐκ
2729 3249 2929 3326 ἔχοντα
3066 3249 3494 3307 ἐπαναπαύσεται
3552 3250 3776 3326 ἀγαπη-

2119 3346 2252 3412 τῶς,
2282 3344 2384 3395 τοῦ
2414 3339 2549 3394 κατὰ
2578 3341 2670 3395 τὸν
2702 3340 2906 3413 Κύριον
2959 3340 3249 3416 ἀνθρώπου
3299 3335 3598 3415 λαϐόμενα,
3629 3345 3780 3396 ποιεῖ

2124 3429 2192 3484 τὰ
2227 3429 2700 3505 ἀναγεγραμμένα.
2738 3430 2926 3503 Ἀργεῖ
2955 3429 3056 3504 γὰρ
3111 3430 3173 3482 τὸ
3232 3433 3448 3501 πνεῦμα
3485 3436 3587 3498 τῆς
3633 3430 3778 3505 γνώ-

2127 3539 2260 3580 σεως
2313 3519 2403 3573 καὶ
2453 3525 2552 3588 τῆς
2599 3511 2868 3579 εὐσεϐείας
2928 3516 2981 3571 ἐν
3041 3521 3278 3591 καιροῖς,
3311 3516 3400 3570 ὅτε
3430 3517 3534 3571 οὐκ
3590 3512 3722 3572 ἔην’
3751 3519 3780 3573 ὁ

2127 3607 2348 3680 συνιὼν,
2383 3607 2483 3662 οὐκ
2539 3605 2681 3662 ἔστιν
2740 3607 2768 3660 ὁ
2828 3604 3066 3675 ἐκζητῶν
3125 3605 3217 3659 τὸν
3276 3602 3555 3659 Θεόν·καὶ
3614 3603 3782 3660 οἱονεὶ

2127 3692 2336 3758 ὄνειδός
2388 3697 2500 3752 ἐστι
2554 3701 2674 3757 ταῖς
2728 3696 2943 3772 ἀρεταῖς
2995 3695 3060 3749 τὸ
3109 3690 3316 3768 μηδένα
3347 3693 3479 3749 εἶναι
3511 3694 3602 3749 τὸν
3661 3693 3784 3748 ἀντ-

2128 3784 2392 3861 εχόμενον
2441 3785 2642 3852 αὐτῶν,
2674 3780 2802 3838 ἀλλ’
2855 3782 3021 3838 οἷονεί
3053 3782 3309 3860 χηρεύειν
3363 3783 3529 3846 αὐτὰς
3584 3782 3788 3860 ἀπορίᾳ

2124 3883 2225 3946 τῆς
2259 3873 2676 3950 ὓποδεχομὲνης
2725 3873 2888 3936 αὐτὰς
2918 3876 3124 3949 ψυχῆς.
3157 3873 3226 3928 Τὸ
3274 3872 3377 3949 γὰρ
3439 3869 3644 3945 μηδένα
3700 3869 3788 3927 δυ-

2127 3970 2352 4039 νηθῆναι
2402 3967 2547 4024 ἐλεῖν
2603 3971 2684 4039 τῷ
2726 3966 2913 4039 οἰκείῳ
2938 3963 3155 4039 κάλλει,
3187 3963 3314 4020 ἀλλ’
3338 3963 3689 4038 έναπομεῖναι
3719 3967 3785 4038 τῇ

2128 4057 2352 4132 ἐρημίᾳ,
2401 4056 2583 4131 ὥσπερ
2639 4055 2730 4110 καὶ
2773 4059 2880 4110 τῶν
2949 4056 3152 4128 ἀρετῶν
3206 4051 3356 4109 δοκεῖ
3401 4053 3786 4117 καθάπτεσθαι.

2127 4147 2188 4204 Ὁ
2220 4144 2277 4201 δὶ
2303 4145 2355 4200 έν
2392 4146 2566 4217 ἑαυτῷ
2601 4147 2710 4218 (20)
2737 4149 2840 4198 πᾶν
2875 4141 3015 4208 εἶδος
3045 4143 3240 4220 ἀρετῆς
3290 4144 3428 4198 κατὰ
3474 4145 3574 4213 τήν
3626 4143 3790 4218 ἄκραν

2126 4233 2408 4291 τελείωσιν
2460 4231 2824 4289 ἐπιδεικνύναι
2887 4231 3130 4307 μέλλων,
3163 4233 3386 4310 ἀφαιρεῖ
3441 4233 3532 4288 τὸν
3594 4229 3788 4287 ὀνειδι-

2131 4324 2265 4398 σμὸν
2300 4325 2390 4379 ἀπ’
2421 4324 2624 4380 αὐτῶν.
2654 4323 2756 4379 Καὶ
2800 4320 2988 4391 ἐπειδή
3048 4321 3138 4376 καὶ
3201 4323 3347 4399 παρά
3396 4327 3510 4383 τοῖς
3561 4321 3788 4398 ἀγνοοῦ-

2131 4436 2181 4469 σι
2237 4417 2328 4468 τὸν
2407 4413 2534 4469 Θεὸν
2627 4410 2877 4467 δοκοῦσιν
2957 4409 3370 4482 ἐπιτηδεύεσθαι
3421 4415 3644 4485 γνῶσις,
3702 4409 3793 4465 καὶ

2133 4502 2338 4565 σύνεσις
2374 4548 2389 4575 ,
2442 4503 2534 4558 καὶ
2594 4500 2813 4577 βουλὴ,
2873 4501 2962 4556 καὶ
3023 4499 3227 4576 ἰσχὺς,
3291 4501 3380 4556 καὶ
3440 4499 3648 4578 σοφία,
3703 4497 3792 4552 καὶ

2131 4588 2392 4664 εὐσέϐεια,
2453 4593 2660 4662 ἀξιοῦσι
2715 4592 2778 4646 τὸ
2837 4594 3072 4666 Χριστοῦ
3151 4586 3327 4664 ὄνομα
3401 4589 3789 4658 ἐπικεκλῆσθαι

2135 4704 2343 4744 αυταις.

2201 4955 2324 5009 435.
2387 4953 2473 5024 Τῇ
2530 4947 2586 5006 δὲ
2650 4950 2834 5025 ἡμέρᾳ
2901 4948 3074 5023 ἐκείνῃ
3153 4946 3456 5023 ἐπιλάμψει
3513 4947 3540 5001 ὁ
3599 4945 3799 5020 Κύριος

2131 5039 2182 5095 έν
2247 5039 2423 5116 βουλῇ
2501 5041 2635 5113 μετὰ
2705 5036 2866 5108 δόξης
2945 5037 3032 5092 ἐπὶ
3087 5043 3189 5108 τῆς
3243 5043 3370 5113 γῆς,
3427 5039 3524 5092 τοῦ
3585 5036 3798 5111 ὑψῶσαι

2129 5130 2218 5185 καὶ
2278 5133 2386 5204 (21)
2462 5127 2682 5200 δοξάσαι
2767 5127 2831 5181 τὸ
2916 5125 3271 5203 καταλειφθὲν
3357 5131 3456 5182 τοῦ
3538 5123 3746 5204 Ισραήλ
3785 5167 3798 5181 .

1737 5237 1781 5271 ⁸³
1810 5241 1975 5294 Rom.

2131 5240 2205 5296 28.
2291 5240 2335 5274 ³³
2366 5237 2553 5295 Ecole.
2585 5255 2668 5308 x1,
2696 5237 2754 5292 2.
2829 5235 2878 5271 ⁸*
2906 5233 3125 5292 Coloss.
3163 5252 3228 5306 ιι,
3262 5237 3349 5292 17.
3425 5236 3471 5271 θ’
3504 5236 3524 5292 Ι
3557 5235 3800 5303 Comm,

364 5299 454 5354 39.
529 5299 574 5334 ’⁸
603 5299 768 5357 Rom.
793 5317 894 5370 vn,
929 5302 981 5356 3.
1060 5303 1102 5336 ετ
1137 5304 1249 5360 lsa.
1280 5299 1359 5373 x1,
1388 5306 1505 5360 2-3.
1554 5299 1626 5342 ’⁸⁸
1657 5309 1808 5365 Psal.
1842 5328 1966 5379 XIII,
2000 5299 2079 5367 3.,
2133 5313 2178 5347 3°
2210 5311 2358 5367 ibid.
2399 5315 2455 5365 2.

447 5409 558 5492 ς47)
590 5413 825 5492 Veteres
874 5416 1012 5492 tres_
1049 5412 1533 5492 libri,_pé\{opav_.
1594 5421 1799 5492 statim
1862 5421 2025 5492 editi,

374 5478 606 5557 ἐσόμεθα
635 5480 724 5533 καὶ
754 5480 919 5557 τύπος
949 5487 1078 5537 τῶν.
1117 5478 1215 5541 ΑΒ
1241 5478 1518 5554 ἱίίυάξκαὶ
1572 5490 1761 5557 τύπος,
1798 5478 1880 5546 ῑη⁷
1919 5478 2030 5550 ΠΟΣ

375 5555 834 5630 stri_sﬂmss.-_non
867 5554 1098 5630 legitur,
1133 5560 1204 5630 ob
1236 5559 1412 5630 idque
1444 5562 1700 5618 deletum
1734 5554 1843 5618 est.

597 5625 982 5708 antiqui'dpo
1013 5624 1168 5697 libri,
1209 5624 1522 5702 κυκλήσθω.
1550 5634 1662 5688 Alii
1721 5640 1839 5690 tres
1890 5652 2024 5691 cum

373 5692 572 5766 editis,
607 5692 1005 5760 ἐπικεκλήσθω.

359 5858 376 5866 κ
449 5770 558 5844 (49)
589 5767 766 5840 Editi,
798 5767 1084 5843 γινομένη.
1115 5773 1188 5827 At
1236 5790 1380 5835 mss.
1415 5775 1696 5849 quinque.
1733 5775 2020 5854 γενομένη.

2209 5424 2323 5502 (2οξ
2355 5420 2599 5502 Antiqui
2657 5419 2921 5502 quinque
2977 5416 3134 5502 libri,
3168 5416 3363 5502 ἑαυτῷ.
3397 5416 3570 5486 Editi,
3599 5412 3749 5502 αὐτῷ
3782 5432 3796 5498 ς

2139 5486 2265 5564 qua
2293 5486 2364 5549 de
2395 5486 2626 5548 Christo
2657 5486 2908 5564 Domi—no
2949 5486 3294 5563 accipienda
3317 5486 3493 5560 esse,
3525 5489 3692 5558 satis,
3734 5486 3797 5542 ni

2138 5562 2325 5635 fallor,
2360 5583 2392 5620 a
2425 5564 2633 5636 quovis
2663 5562 3037 5636 intelligitur.

2206 5629 2323 5708 (24)"
2351 5629 2505 5761 Eqi'ti
2553 5640 2610 5692 et
2666 5636 2806 5708 Reg.
2834 5629 3068 5706 tértius,
3097 5632 3189 5688 καὶ
3245 5636 3370 5691 eos:
3401 5629 3514 5689 Alii
3540 5632 3795 5703 quatuor

2206 5726 2304 5761 ΒΕ..
2337 5728 2404 5761 κα
2433 5749 2446 5761 .

2135 5725 2305 5780 mss.,
2337 5725 2446 5764 και.
