4130 6404
371 395 488 456 337

1231 392 1639 457 COMMENT.
1682 391 1761 451 IN
1807 390 2072 452 ISAIAM
2123 390 2627 450 PROPHETAM.
2677 391 2850 451 CAP.
2898 393 3002 452 IV.

3684 395 3802 457 338

380 521 608 595 Συνᾴδει
636 527 807 581 ταῦτα
832 528 952 588 τοῖς
1001 521 1560 600 προαποδεδομίνοις.
1595 524 1673 580 Οὗ
1701 524 1804 598 γὰρ
1833 520 2019 578 ἐπελά-

2144 539 2275 578 cum
2303 523 2376 580 iis
2397 539 2524 595 quae
2541 525 2813 598 superius
2836 526 3053 583 tradita
3075 528 3236 593 sunt,
3261 527 3600 585 concinunt.
3615 530 3798 594 Quem

374 608 540 670 ϐοντο
567 615 624 669 αἱ
656 613 793 670 ἐπτὰ
820 619 1063 692 γυναῖκες
1096 617 1170 680 ὡς
1225 617 1336 690 (22)
1388 611 1602 691 ἀνδρὸς,
1637 613 1796 674 οὗτος
1824 612 1898 676 ὡς
1931 609 2034 666 Κύ-

374 725 491 778 ριος
542 702 868 779 ἐπιλάμψει.
924 703 1146 776 Ἐπειδὴ
1202 705 1302 780 γὰρ
1361 705 1790 774 ἀντεποιήθησαν
1847 702 2034 757 τοῦτὸ

371 794 549 870 ὄνομα
578 792 744 849 αὐτοῦ
774 793 1068 865 κεκλῆσθαι
1104 795 1186 851 ἐπ’
1239 796 1450 864 αὐταῖς,
1493 788 1906 869 ἀποδεχόμενος
1935 793 2032 846 αὐ-

367 887 476 940 τῶν
536 885 638 953 τὴν
694 884 1002 958 προθυμίαν
1081 885 1110 939 6
1169 884 1320 952 Θεὸς,
1385 883 1683 956 ἐπιλάμψει
1744 882 1930 944 αὐταῖς
1981 880 2032 934 ἐν

375 972 553 1050 βουλῇ
592 973 726 1045 μετὰ
758 969 921 1044 δόξης
952 972 1037 1028 ἐπὶ
1069 979 1172 1044 τῆς
1225 980 1348 1049 γῆς’
1399 973 1668 1041 τουτέστι,
1700 971 2034 1046 κεκριμένως

369 1064 458 1120 καὶ
493 1057 961 1139 βεϐουλευμένως,
1011 1063 1074 1117 τὸ
1129 1063 1189 1118 ἐκ
1244 1061 1612 1139 τῆς-κρίσεως
1644 1061 1836 1136 ἀγαθὸν
1866 1079 2031 1136 χαρι-

375 1153 618 1225 ζόμενος,
677 1151 767 1206 καὶ
822 1152 922 1206 ούκ
1000 1147 1369 1226 ἀϐουλεύτως,
1447 1149 1572 1207 οὐδὲ
1629 1151 2028 1226 ἐκκεχυμένως.

373 1240 574 1316 Ἡμέρα
623 1239 682 1296 δὲ
729 1241 862 1312 αὕτη
918 1243 1029 1316 (23)
1090 1241 1259 1313 ἐστὶν,
1293 1241 1346 1296 ἐν
1398 1241 1433 1310 ἦ
1493 1239 1792 1314 ἐπιλάμψει
1844 1240 1871 1294 ὁ
1904 1239 2032 1302 Θεὸς

373 1332 422 1387 ἐν
459 1330 635 1406 βουλῇ
671 1331 805 1404 μετὰ
834 1328 1013 1405 δόξης·
1046 1329 1180 1403 αὕτη
1212 1333 1273 1400 ἣν
1307 1331 1468 1394 αὐτὸς
1499 1335 1651 1386 ποιεῖ
1681 1331 1708 1384 6
1738 1327 1904 1399 ἥλιος
1929 1335 2032 1397 τῆς

369 1419 743 1492 δικαιοσύνης,
775 1422 804 1475 6
852 1420 1048 1496 Κύριος
1097 1423 1283 1495 ἡμῶν,
1340 1422 1368 1476 6
1420 1417 1688 1475 διδάσκων
1751 1419 1873 1493 περὶ
1907 1418 2029 1472 ἑαυ-

364 1515 484 1583 τοῦ,
553 1509 636 1565 ὅτι
706 1506 809 1575 ἓως
880 1509 1021 1566 ἐστὶν
1091 1510 1144 1566 ἐν
1191 1515 1273 1584 τῷ
1323 1510 1537 1584 κόσμῳ,
1597 1513 1710 1586 φῶς
1779 1508 1891 1564 ἐστι
1934 1511 2030 1562 τοῦ

367 1599 599 1674 κόσμου’
635 1597 718 1655 διὸ
747 1601 834 1657 καὶ
886 1599 1142 1677 παρῄνει,
1177 1600 1490 1677 ἐργάζεσθαι
1540 1597 1644 1664 ἓως
1677 1600 1859 1673 ἡμέρα
1890 1597 2024 1653 ἐστί.

371 1689 718 1764 Σημειωτέον
769 1687 846 1760 δὲ,
898 1688 982 1745 ὅτι
1028 1692 1146 1745 κατ’
1193 1688 1372 1761 ἄλλην
1417 1689 1510 1745 καὶ
1562 1687 1741 1760 ἄλλην
1787 1688 2024 1744 ἐπίνοιαν

368 1778 457 1835 καὶ
487 1779 670 1855 ἡμέρα
697 1778 916 1854 λέγεται
967 1781 995 1834 6
1034 1780 1222 1855 παρὼν
1279 1779 1418 1855 βίος,
1446 1779 1534 1833 καὶ
1587 1777 1678 1849 νὺξ
1709 1781 1743 1848 ἡ
1775 1785 1874 1847 τῆς
1905 1775 2024 1852 κρί-

370 1889 507 1932 σεως
537 1868 739 1946 ἡμέρα.
785 1869 886 1924 Καὶ
934 1866 1124 1940 πάλιν,
1153 1866 1262 1964 ,νὺξ
1318 1867 1435 1942 μὶν,
1479 1869 1516 1937 ἡ
1571 1872 1820 1940 παροῦσα
1857 1865 2024 1922 κατά-
2057 1897 2104 1964 Β

374 1978 578 2028 στασις,
612 1956 794 2033 ἡμέρα
824 1955 904 2029 δὲ,
932 1959 960 2012 6
1004 1955 1464 2032 προσδοκώμενος
1485 1956 1640 2014 αἰών.
1669 1957 1740 2012 Τὸ
1775 1958 1867 2029 μὲν
1900 1959 2023 2032 γὰρ,

374 2049 697 2122 Ἐργάζισθι
727 2051 842 2122 (24)
889 2044 994 2110 ἕως
1039 2048 1222 2124 ἡμέρα
1271 2046 1405 2119 ἐστὶ,
1457 2052 1638 2125 σαφῶς
1672 2047 1748 2109 εἰς
1779 2047 1870 2102 τὸν
1907 2048 2024 2124 βίον

370 2141 559 2192 τοῦτον
593 2139 741 2215 φέρει
789 2136 885 2192 τὸν
934 2136 1345 2212 πεφωτισμένον
1396 2142 1464 2212 τῇ
1514 2139 1748 2211 Χριστοῦ
1793 2136 2024 2214 ἐπιγνώ-

373 2247 473 2280 σει·
515 2226 579 2281 τὸ
627 2223 706 2296 δὲ,
756 2227 1019 2302 Ἔρχεται
1064 2225 1178 2299 τὺξ,
1221 2226 1346 2302 περὶ
1392 2231 1489 2282 τοῦ
1542 2226 1843 2299 μέλλοντος
1894 2226 2025 2282 αἰῶ-

372 2336 464 2378 νος
526 2313 760 2389 εἴρηται,
817 2312 908 2372 διὰ
958 2316 1019 2371 τὸ
1089 2316 1406 2392 σκυθρωπὸν
1460 2317 1548 2372 καὶ
1605 2315 1863 2373 ἐπίπονον
1920 2320 2027 2370 τῶν

373 2403 426 2460 ἐν
455 2404 748 2482 ἁμαρτίαις
788 2404 1186 2482 εὑρισκομένων
1241 2412 1340 2476 τῆς
1399 2405 1774 2482 προσηγορίας
1824 2405 2025 2476 ταύτης

371 2493 723 2568 ἀξιουμένου.
774 2495 918 2560 Καθὸ
965 2495 1052 2550 καὶ
1115 2496 1142 2550 6
1188 2496 1482 2573 προφήτης
1527 2495 1663 2570 πρὸς
1700 2497 1827 2558 τοὺς
1856 2495 1907 2550 ἐν
1939 2491 2026 2567 ἕρ-

368 2606 488 2662 γοις
547 2586 641 2659 μὶν
691 2591 957 2660 πονηροῖς
1006 2581 1184 2655 ὄντας,
1232 2585 1551 2660 ἐπείγοντας
1602 2583 1659 2641 δὲ
1687 2587 1785 2655 τὴν
1813 2589 2024 2663 ἡμέραν

367 2681 471 2745 τῆς
524 2672 962 2747 ἀνταποδόσεως,
1017 2675 1133 2732 Ἵνα
1187 2674 1238 2730 τί
1296 2675 1446 2750 ὑμῖν,
1508 2677 1694 2753 φησὶν,
1751 2678 1786 2746 ἡ
1844 2677 2028 2752 ἡμέρα

368 2761 606 2840 Κυρίου;
639 2763 739 2818 Καὶ
779 2762 913 2834 αὕτη
975 2762 1087 2820 ἐστὶ
1146 2762 1357 2835 σκότος,
1415 2763 1508 2819 καὶ
1566 2764 1628 2820 οὐ
1688 2769 1822 2840 φῶς.
1883 2767 2024 2839 ’Ἑμ-

364 2852 533 2911 παλιν
567 2851 625 2910 δὶ
647 2855 734 2910 καί
936 2854 964 2908 6
1021 2852 1354 2916 Ἀπόστολος
1402 2852 1565 2908 νύκτα
1615 2855 1708 2928 μὲν
1751 2854 1894 2933 λέγει
1931 2855 2021 2911 τὸν

369 2943 486 3019 βίον
515 2947 730 3011 τοῦτον,
781 2945 870 3000 καὶ
907 2940 998 2999 διὰ
1052 2945 1151 3013 τήν
1187 2942 1238 2998 ἐν
1291 2942 1437 3016 αὐτῷ
1491 2942 1774 3019 σύγχυσιν,
1806 2946 1897 3000 καὶ
1927 2947 2026 3014 τὴν

364 3030 424 3088 ἐκ
450 3039 552 3103 τῆς
581 3034 778 3108 σαρκὸς
823 3032 914 3089 καὶ
960 3037 1068 3090 τῶν
1135 3034 1410 3108 βιωτικῶν
1463 3032 1769 3111 φροντίδων
1820 3034 2026 3109 ἐγγινο-

369 3119 538 3193 μένην
712 3125 793 3194 τῷ
822 3126 922 3195 νῷ,
956 3121 1033 3184 ὡς
1055 3121 1125 3176 τὰ
1152 3121 1364 3194 πολλὰ,
1411 3120 1782 3192 ἐπισκότησιν·
1812 3124 2022 3197 ἡμέραν

366 3205 445 3277 δὲ,
483 3209 576 3264 τὸν
628 3210 828 3286 χρόνον
880 3217 982 3280 τῆς
1039 3210 1406 3280 ἀναστάσεως,
1466 3210 1517 3264 ἐν
1574 3210 1654 3282 τῷ
1704 3209 1900 3285 λέγειν·
1953 3212 2018 3266 Ἡ

363 3267 454 3370 νὺέ
484 3267 785 3376 προέέόψιν
1006 3303 1040 3370 ἡ
1102 3297 1160 3355 δὲ
1216 3267 1405 3375 ἡμέρα
1447 3267 1661 3377 ἤγγικέ.
1717 3267 1847 3357 Καθ’
1893 3303 2018 3357 ὁπο-
2051 3267 2095 3334 C‘

360 3389 516 3464 τέραν
550 3389 641 3443 οὗν
675 3389 762 3445 ἐὰν
801 3390 1080 3465 βουληθῇς
1107 3387 1366 3465 ἐκδοχὴν,
1415 3387 1714 3463 ἐπιλάμψει
1747 3391 1774 3444 6
1806 3392 1936 3453 Θεὸς
1965 3390 2019 3446 ἐν

365 3475 542 3553 βουλῇ
577 3477 713 3552 μετὰ
743 3477 904 3551 δόξης
935 3477 1023 3532 ἐπὶ
1078 3485 1177 3547 τῆς
1222 3485 1346 3552 γῆς.
1397 3478 1546 3534 Ἐπεὶ
1593 3477 1682 3533 οὖν
1720 3482 1854 3552 μετᾶ
1888 3482 2019 3556 βου-

361 3563 463 3636 λῆς
522 3565 844 3641 ἐπιλάμπει,
881 3565 1106 3629 ἐαυτοὺς
1158 3566 1337 3638 ἀξίους
1394 3569 1716 3641 ποιήσωμεν
1773 3571 1909 3645 πρὸς
1955 3569 2017 3624 τὸ

358 3662 614 3732 χωρῆσαι
645 3656 738 3711 τὸν
791 3655 1074 3734 φωτισμὸν
1125 3656 1316 3723 αὐτοῦ,
1348 3655 1488 3711 ὥστε
1524 3657 1618 3711 τὸν
1650 3656 1786 3713 κατὰ
1813 3655 2014 3714 ἀναλο-

355 3744 476 3821 γίαν
505 3752 606 3816 τῆς
638 3744 690 3802 ἐν
719 3743 931 3820 ἑκάστῳ
975 3742 1420 3817 ἐπιτηδειότητος
1464 3747 1564 3816 τήν
1598 3744 1874 3822 ἔλλαμψιν
1907 3767 2011 3824 χα-

358 3834 668 3910 ριζόμενον,
702 3835 754 3890 ἐν
793 3835 999 3909 μείζονι
1039 3837 1109 3910 τῇ
1161 3835 1298 3890 κατὰ
1326 3836 1426 3905 τὴν
1459 3836 1643 3910 ψυχὴν
1675 3838 1835 3909 ἡμῶν
1878 3857 2012 3912 προ-

357 3922 547 3998 θυμίᾳ⁶
610 3924 833 4000 μείζονα
883 3924 973 3980 καὶ
1021 3922 1330 4000 τελειότερα
1385 3925 1471 3979 καὶ
1544 3927 1611 3980 τὰ
1665 3927 1793 4000 παρ’
1849 3924 2013 3981 αὐτοῦ

355 4019 682 4090 παρασχεῖν.
741 4014 840 4068 Καὶ
921 4013 1124 4089 ὑψώσει
1184 4015 1295 4088 (28)
1372 4014 1435 4069 τὸ
1513 4012 1865 4092 καταλειφθέν
1913 4013 2012 4070 τοῦ

355 4099 603 4179 Ἰσραήλ·
650 4103 949 4176 τουτέστιν,
1004 4100 1183 4158 ἐπάνω
1240 4104 1459 4175 ποιήσει
1514 4106 1622 4158 τῶν
1661 4100 1889 4175 ὑλικῶν,
1920 4102 2010 4158 καὶ

353 4193 424 4266 τῇ
457 4191 660 4269 θεωρίᾳ
705 4191 959 4268 προσάξιι
1001 4196 1109 4247 τῶν
1160 4192 1465 4265 ἀσωμάτων
1517 4192 1580 4248 τὸ
1612 4194 1728 4248 κατ’
1777 4191 2010 4268 ἐκλογὴν

354 4279 582 4356 χάριτος
616 4279 832 4356 λεῖμμα
872 4282 970 4338 τοῦ
1014 4280 1260 4358 Ἰσραήλ.
1293 4281 1354 4337 Εἰ
1397 4280 1454 4338 δὶ
1491 4281 1581 4338 καὶ
1612 4284 1711 4351 τὴν
1740 4279 1918 4354 δόξαν,
1951 4284 2010 4353 ἣν

353 4366 777 4443 δοξασθήσονται
809 4372 862 4426 οἱ
920 4372 1090 4448 ἅγιοι.
1149 4371 1287 4426 κατᾶ
1329 4373 1394 4427 τὸ
1449 4371 1672 4447 ἀρέσκον
1711 4377 1777 4447 τῇ
1822 4377 2008 4450 Γραφῇ

351 4466 540 4525 ποθεῖς
586 4466 800 4536 μαθεῖν,
840 4457 1036 4533 νόησόν
1092 4483 1185 4535 μοι
1231 4462 1331 4529 τὴν
1390 4463 1515 4536 περὶ
1561 4463 1623 4518 τὸ
1679 4464 2007 4539 ἡγεμονικὸν

349 4554 458 4605 τῶν
505 4550 573 4606 τὰ
620 4552 829 4627 μεγάλα
875 4551 965 4607 καὶ
1020 4555 1136 4617 θεῖα
1179 4549 1526 4625 θεωρούντων
1579 4553 1878 4629 ἱεροπρεπῆ
1911 4575 2008 4610 κα-

2147 613 2301 669 enim
2335 614 2613 670 mulieres
2660 620 2879 687 septem
2923 617 3435 689 apprehenderunt
3468 619 3550 673 uti
3585 619 3796 688 virum,

2147 702 2244 758 ille
2274 703 2575 775 effulgebit
2605 708 2887 777 tanquam
2913 707 3221 762 Dominus.
3247 707 3392 762 Nam
3418 707 3559 778 quia
3582 725 3797 765 nomen

2144 793 2333 865 ipsius
2378 811 2554 864 super
2602 812 2664 850 se
2716 797 2902 851 vocari
2939 797 3359 866 desideravere,
3384 796 3537 853 Deus
3570 797 3795 853 deside-

2146 882 2297 937 rium
2329 899 2530 938 earum
2565 887 2976 956 comprobans,
3009 887 3311 943 illucescet
3340 886 3485 958 ipsis
3518 887 3578 942 in
3609 889 3797 942 consi-

2145 973 2222 1029 lio
2253 991 2387 1028 cum
2419 974 2605 1045 gloria
2636 992 2814 1045 super
2844 981 3098 1044 terram;
3134 977 3243 1032 hoc
3273 980 3364 1032 est
3391 980 3548 1032 certo
3572 975 3795 1047 judicio

2143 1067 2202 1116 et
2233 1063 2497 1131 consilio,
2533 1081 2646 1119 non
2701 1064 3030 1120 inconsulte
3081 1071 3180 1120 aut
3228 1067 3414 1121 eti‘use
3452 1065 3510 1120 id
3543 1066 3696 1137 quod
3729 1081 3798 1120 ex

2137 1153 2364 1224 judicio
2398 1153 2619 1208 bonum
2667 1159 2755 1209 est
2807 1154 3095 1209 tribuens.
3129 1155 3264 1211 Dies
3296 1159 3494 1210 autem
3527 1155 3656 1227 ipsa
3685 1158 3794 1221 est,

2143 1241 2199 1297 in
2236 1260 2350 1314 qua
2397 1242 2643 1314 fulgebit
2676 1249 2824 1298 Deus
2869 1243 2927 1298 in
2960 1244 3204 1300 consilio
3237 1261 3372 1300 eum
3421 1244 3626 1316 gloria.
3660 1243 3796 1300 Dies

2143 1337 2228 1388 est
2270 1333 2422 1404 ipsa,
2455 1349 2633 1404 quam
2669 1333 2804 1388 facit
2839 1335 2962 1404 ipse
3008 1334 3100 1390 Sol
3142 1334 3387 1405 justitiee
3410 1335 3473 1401 ’0,
3509 1333 3794 1389 Dominus

2144 1429 2360 1490 noster,
2395 1422 2495 1494 qui
2525 1422 2634 1478 hoc
2673 1423 2743 1476 de
2783 1423 2975 1494 seipso
3007 1424 3194 1490 docet,
3228 1441 3289 1478 se
3319 1424 3584 1496 quandiu
3615 1427 3706 1479 est
3731 1422 3792 1478 in

2142 1513 2385 1576 mundo,
2421 1513 2624 1566 mundi
2665 1529 2794 1567 esse
2845 1513 3032 1567 lucem
3067 1531 3078 1568 :
3115 1514 3390 1585 quocirca
3437 1513 3794 1569 admonebat

2140 1606 2205 1655 ut
2236 1607 2619 1673 eperarentur
2648 1603 2831 1657 donec
2863 1603 2986 1658 dies
3018 1606 3107 1657 est
3131 1603 3194 1658 9‘.
3229 1603 3651 1659 Adnotandum
3683 1619 3790 1658 au-

2136 1692 2256 1744 tem
2288 1695 2395 1757 est,
2424 1692 2594 1761 juxta
2627 1691 2801 1746 aliam
2835 1696 2887 1746 et
2917 1690 3092 1746 aliam
3135 1690 3450 1760 notionem,
3486 1692 3641 1749 diem
3675 1694 3790 1751 dici

2135 1778 2307 1834 etiam
2347 1786 2688 1851 praesentem
2718 1781 2921 1844 vitam,
2947 1784 3175 1836 noctem
3207 1797 3340 1837 vero
3363 1782 3575 1853 judicii
3609 1783 3787 1840 diem.

2137 1868 2202 1922 Et
2251 1885 2478 1936 rursus,
2513 1887 2624 1925 nox
2672 1870 2913 1940 quidem
2971 1885 3232 1942 praesens
3283 1874 3372 1926 est
3419 1875 3628 1942 status,
3662 1873 3790 1929 dies

2136 1972 2292 2024 vero,
2343 1958 2488 2013 illud
2540 1960 2696 2030 quod
2743 1963 3015 2030 speratur
3070 1959 3373 2015 saeculum.
3414 1960 3560 2017 Nam
3618 1961 3787 2033 illud,

2135 2049 2468 2119 Operamini
2488 2049 2669 2103 donec
2688 2047 2812 2103 dics
2844 2053 2951 2116 est,
2975 2047 3127 2104 clare
3152 2049 3221 2103 ad
3249 2049 3394 2104 hanc
3411 2051 3589 2106 vitam
3614 2053 3794 2109 refert

2139 2141 2338 2208 utpote
2369 2137 2581 2192 Christi
2633 2137 2962 2210 cognitione
3015 2137 3400 2207 illustratum;
3434 2139 3542 2195 hoc
3571 2146 3789 2212 autem,

2139 2229 2307 2282 Venit
2335 2243 2448 2282 nox
2468 2228 2534 2296 9*,
2569 2227 2786 2282 dictum
2822 2231 2910 2282 est
2941 2227 3012 2282 de
3045 2227 3241 2282 futuro
3269 2227 3502 2296 saeculo,
3528 2231 3683 2300 quod
3715 2231 3790 2286 ob

2135 2332 2337 2373 eorum
2367 2316 2465 2388 qui
2499 2318 2557 2372 in
2601 2317 2852 2387 peccatis
2883 2317 3403 2388 deprehenduntur
3448 2320 3790 2376 mmstitiam

2136 2423 2203 2462 ac
2233 2406 2514 2474 laborem,
2551 2407 2633 2461 sic
2667 2407 3026 2478 appellatum
3058 2411 3166 2462 est.
3198 2409 3702 2473 Quemadmodum
3736 2413 3793 2466 et

2136 2497 2421 2570 propheta
2452 2514 2550 2553 eos
2583 2497 2894 2570 compellat
2925 2497 3025 2569 qui
3055 2497 3192 2553 licet
3221 2498 3279 2552 in
3312 2499 3588 2570 Operibus
3620 2500 3788 2573 ﬂagi-

2135 2587 2305 2642 tiosis
2335 2591 2728 2656 versarentur,
2764 2587 3152 2644 nihilominus
3184 2591 3380 2644 tamen
3414 2589 3565 2644 diem
3599 2605 3790 2645 remu-

2136 2677 2456 2733 nerationis
2488 2677 2775 2750 urgebant
2810 2694 2821 2733 :
2857 2678 3075 2750 thuid,
3109 2677 3318 2749 inquit,
3351 2679 3502 2734 vobis
3539 2677 3654 2734 die:
3682 2679 3786 2734 Do-

2133 2768 2318 2822 mini?
2345 2772 2400 2822 et
2429 2769 2555 2838 ipsa
2585 2775 2662 2823 est
2691 2768 2948 2834 tenebrw,
2980 2772 3034 2822 et
3068 2783 3178 2823 non
3211 2767 3312 2823 lux
3330 2767 3393 2820 9’.
3423 2767 3652 2823 Rursus
3682 2785 3785 2823 au-

2137 2861 2252 2913 tem
2285 2857 2669 2930 etApostolus
2699 2861 2927 2913 noctem
2962 2856 3199 2928 quidem
3229 2861 3397 2913 vocat
3426 2855 3579 2914 hanc
3607 2857 3786 2914 vitam

2135 2947 2208 3002 ob
2240 2947 2559 3002 tumultum
2588 2947 2776 3018 ipsius
2807 2951 2863 3001 et
2891 2945 3414 3016 perturbationem,
3435 2946 3694 3018 itemque
3713 2947 3788 3003 ob

2135 3035 2404 3090 tenebras
2437 3035 2781 3106 plerumque
2813 3053 2846 3089 a
2866 3051 3040 3090 carne
3068 3037 3126 3088 et
3143 3051 3175 3088 a
3197 3034 3394 3090 seaculi
3425 3035 3605 3106 hujus
3629 3034 3788 3090 solli-

2135 3123 2501 3178 citudinibus
2533 3125 2712 3178 menti
2748 3123 3002 3191 oifusas;
3036 3123 3191 3178 diem
3223 3139 3355 3178 vero
3388 3131 3550 3179 vocat
3587 3141 3788 3181 resur-

2135 3213 2414 3268 rectionis
2442 3216 2696 3284 tempus,
2722 3229 2856 3266 cum
2889 3211 3203 3268 dicitzNoa:
3229 3228 3520 3282 progressa
3549 3221 3646 3280 est,
3673 3214 3790 3271 dies

2132 3305 2312 3358 autem
2336 3303 2800 3373 apprOpinquavit
2815 3302 2876 3356 ν’.
2899 3301 3102 3372 Itaque
3119 3301 3339 3356 utravis
3360 3300 3789 3372 signiﬁcatione

2133 3391 2423 3462 acceperis
2452 3391 2749 3446 illucescet
2771 3391 2924 3446 Deus
2954 3390 3012 3446 in
3037 3390 3281 3446 consilio
3304 3407 3436 3446 cum
3471 3391 3658 3463 gloria
3683 3410 3786 3448 su-

2132 3497 2234 3552 per
2266 3485 2505 3536 tcrram.
2525 3482 2810 3546 Quoniam
2845 3480 3024 3552 igitur
3043 3496 3176 3535 cum
3203 3480 3448 3536 consilio
3473 3481 3785 3552 illucescit,

2131 3571 2525 3641 nosmetipsos
2559 3571 2874 3624 reddamus
2906 3569 3113 3642 dignos
3138 3569 3239 3640 qui
3262 3570 3389 3641 ejus
3413 3569 3784 3642 splendorem

2119 3661 2551 3734 suscipiamus,
2591 3661 2743 3715 sicut
2774 3662 2874 3731 qui
2901 3659 3175 3732 singulis,
3197 3664 3368 3732 prout
3400 3660 3592 3715 idonei
3621 3664 3782 3730 sunt,

2128 3749 2414 3822 fulgorem
2447 3766 2623 3805 suum
2658 3749 3046 3821 largitur,pro
3080 3750 3286 3820 majori
3332 3749 3543 3805 anima:
3585 3753 3784 3808 nostro

2125 3840 2315 3896 studio
2350 3841 2503 3895 dona
2535 3839 2710 3895 etiam
2747 3840 2970 3910 majora
3002 3839 3465 3911 perfectioraque
3487 3839 3785 3896 submini-

2125 3935 2289 3988 stret.
2320 3933 2385 3987 Et
2418 3932 2685 3987 exaltabit
2708 3930 2849 4003 quod
2878 3931 3202 3987 derelictum
3225 3939 3302 3987 est
3330 3947 3400 3988 ea:
3428 3933 3649 4001 Israel;
3677 3932 3787 3990 hoc

2124 4022 2280 4076 474
2294 4020 2556 4092 est,reliq
2569 4019 2695 4075 uias
2708 4019 2939 4076 Israelis
2957 4020 3284 4075 secundum
3300 4019 3642 4077 electionem
3662 4037 3791 4094 gra-

2122 4110 2372 4179 tia:°‘,su
2381 4127 2483 4182 pra
2501 4115 2732 4165 terrena
2748 4115 2806 4164 et
2822 4126 3021 4165 crassa
3042 4108 3478 4181 attollet,atque
3495 4109 3567 4165 ad
3589 4126 3784 4166 rerum

2121 4199 2600 4270 incorporearum
2635 4199 2907 4268 provehet
2923 4197 3503 4269 contemplationem.
3537 4199 3696 4263 Quod
3733 4184 3785 4257 ei

2123 4288 2396 4361 gloriam,
2430 4305 2545 4360 qua
2577 4287 2867 4342 efﬁciendi
2918 4292 3059 4344 sunt
3090 4287 3302 4356 sancti,
3337 4287 3564 4343 discere
3609 4289 3780 4359 cupis

2115 4380 2286 4451 juxta
2308 4377 2620 4449 Scripturae
2656 4375 2970 4448 placitum;
2996 4376 3282 4448 excogita,
3307 4392 3524 4447 quasso,
3544 4392 3781 4434 sacrum

2121 4469 2292 4524 illum
2325 4471 2564 4534 statum,
2599 4466 2657 4520 in
2700 4482 2816 4536 quo
2849 4482 3016 4521 mens
3063 4466 3415 4537 animusque
3445 4482 3648 4522 eorum
3681 4469 3782 4539 qui

2124 4574 2339 4629 magna
2390 4573 2456 4612 ac
2487 4555 2684 4610 divina
2735 4554 3233 4628 contemplantur,
3259 4555 3547 4612 consistit.
3581 4556 3779 4621 Qualis

348 4639 622 4711 τάστασιν,
675 4640 837 4696 ὁποία
879 4641 946 4711 ἦν
992 4640 1118 4715 περὶ
1169 4638 1425 4709 Μωυσέα,
1474 4639 1563 4696 δτε
1606 4643 1918 4716 κατηξιώθη
1953 4645 2005 4701 ἐν

2135 4653 2241 4704 πει
2272 4646 2488 4716 Moysis
2511 4649 2700 4702 status
2727 4650 2851 4700 tum
2878 4661 3010 4700 cum
3037 4645 3256 4716 dignus
3280 4645 3519 4703 habitus
3542 4651 3652 4714 est,
3678 4647 3782 4718 qui

426 4792 472 4829 ⁹⁰
503 4791 754 4850 Malach.
787 4809 866 4866 Iv,
894 4795 952 4849 2.
1029 4793 1071 4830 ⁹¹
1103 4793 1272 4850 Joan.
1307 4809 1384 4861 ιι,
1417 4793 1469 4850 4.
1547 4794 1592 4830 ⁰²
1623 4795 1766 4852 ibid.
1845 4799 1889 4834 ⁸³
1919 4801 2019 4856 Am

2135 4818 2182 4872 ν,
2215 4801 2300 4855 18.
2379 4799 2423 4834 ⁹⁴
2456 4798 2625 4854 Rom.
2658 4814 2784 4865 x111,
2819 4798 2905 4868 12,
2983 4797 3027 4832 ⁸⁵
3055 4801 3221 4854 Rom.
3253 4815 3335 4865 xx,
3362 4797 3418 4854 5.

421 4962 537 5032 (22)
565 4961 783 5020 Vocem
832 4959 968 5028 ἑνός,
999 4978 1125 5039 qua
1173 4962 1233 5018 in
1283 4962 1456 5018 editis
1486 4963 1610 5019 voci
1661 4960 1856 5039 ἀνδρός
1907 4968 2011 5023 ad-

346 5033 555 5108 juncta
602 5033 1543 5108 erat,auctoritateinostrorum
1599 5033 1864 5108 quinque
1915 5057 2008 5095 co-

356 5104 552 5184 dicum
602 5106 950 5184 delevimue.
999 5109 1128 5184 Mox
1157 5107 1319 5184 (ξομ).
1355 5104 1816 5184 εεᾳυιιόυεηουξῃ
1867 5112 2006 5184 Reg.

359 5173 557 5253 itidem
581 5180 847 5253 secundo
878 5177 1037 5253 οὗτος
1068 5176 1371 5253 ὡςΚύριος
1423 5173 1873 5253 ἐπιλαμϐάνεται,
1918 5173 2006 5238 καὶ

359 5241 674 5322 ἐπιλάμψαι,
718 5253 827 5307 Hic
870 5252 954 5306 uti
997 5241 1266 5307 Dominus'
1312 5241 1760 5326 apprehenditur,
1793 5241 2004 5313 et'illu-

354 5328 547 5374 ερεοει.

423 5390 537 5466 (23)
569 5390 662 5466 Sic
688 5397 911 5466 geteres
942 5393 1165 5466 aliquot
1192 5393 1346 5449 libri.
1381 5395 1453 5449 At
1482 5395 1645 5462 editi,
1679 5393 1868 5464 αὐτῆς.

421 5465 659 5546 (24)”Sic
691 5464 850 5546 Regii
869 5464 1175 5546 secundus
1198 5471 1543 5546 etquartus.
1571 5467 1680 5546 Alii
1714 5473 1833 5525 tres
1859 5485 2003 5526 mss.

349 5535 408 5610 et
443 5533 606 5610 editi,
636 5533 972 5610 ἐργάξεσθαν
1007 5538 1104 5593 ubi
1139 5533 1418 5610 praeterea
1450 5540 1799 5608 notandum,
1833 5559 2004 5597 vocu-

349 5602 465 5660 lam
498 5601 602 5669 ἓως
632 5601 693 5664 in
713 5601 898 5665 editis
931 5601 1157 5678 deesse,
1189 5612 1290 5665 sed
1323 5625 1390 5665 ex
1422 5611 1628 5667 multis
1659 5601 1803 5669 mse'.
1839 5614 2003 5670 addi-

348 5678 704 5772 tam-fuisse.
731 5680 995 5740 Subinde
1017 5681 1280 5755 quinque
1306 5698 1478 5755 mss.,
1494 5680 1803 5758 ἐπιγνώσει.
1827 5686 2004 5757 Editi,

349 5766 571 5825 γνωσιι.

2193 4968 2308 5040 (25)
2340 4967 2553 5023 Addita
2583 4970 2671 5022 est
2698 4967 3036 5038 conjunctio
3067 4965 3156 5020 καί
3209 4983 3277 5022 ex
3316 4967 3580 5039 quinque
3610 4966 3781 5024 libris

2122 5040 2403 5094 antiquis.

2195 5058 2956 5184 (2g)“§diti,_émywopévnv.
2995 5112 3067 5165 At
3102 5127 3250 5184 mss.
3288 5113 3352 5184 ut
3381 5108 3439 5163 in
3473 5112 3774 5167 contextu.

2192 5180 2309 5255 (27)
2342 5184 2403 5238 In
2434 5180 2688 5254 vulgata
2732 5186 2899 5239 Rom.
2932 5183 3176 5255 xm,li2,
3211 5180 3425 5253 legitur
3470 5197 3583 5237 nox
3627 5196 3777 5254 prae-

2119 5254 2279 5326 ceesit
2302 5273 2320 5310 :
2342 5256 2443 5311 sed
2477 5273 2591 5310 non
2626 5255 2840 5310 desunt
2872 5256 2969 5326 qui
2993 5254 3329 5310 existiment
3359 5259 3618 5326 erratum
3649 5270 3779 5311 esse

2119 5325 2520 5392 librariorum,
2553 5327 2676 5397 qui,
2710 5328 2864 5397 quod
2893 5325 3012 5380 Vaut
3043 5343 3251 5397 parum
3302 5325 3508 5381 attenti
3556 5330 3773 5394 essent,

2119 5403 2222 5454 aut
2250 5398 2464 5471 ignari,
2499 5399 2610 5454 levi
2665 5415 2828 5468 aeque
2877 5414 2942 5451 ac
2993 5397 3144 5452 facili
3198 5397 3524 5453 mutatione
3555 5412 3626 5452 ex
3646 5415 3776 5523 pro-

2119 5473 2276 5523 cessit
2322 5473 2638 5523 effecerunt
2682 5471 2972 5523 praecessit.
3026 5468 3227 5523 Statim
3279 5472 3398 5523 tres
3447 5485 3617 5523 mss..
3679 5489 3776 5523 πι-

2117 5468 2302 5540 ρεδδὶῐ
2322 5473 2638 5532 effecerunt
2677 5471 2972 5540 praecessit.
3003 5468 3227 5540 ,Statim
3279 5472 3398 5524 tres
3447 5485 3617 5535 mss,
3652 5468 3777 5523 ἐπι-

2119 5539 2344 5612 λάμπει,
2372 5535 2859 5616 Βεςηεοουρόυε,
2883 5535 3173 5612 ἐκλάμπει.
3198 5540 3353 5596 Editi
3379 5557 3514 5596 vero
3547 5545 3604 5596 et
3631 5541 3770 5616 Reg.

2116 5615 2342 5681 tertius,
2377 5613 2698 5706 ἐπιλάμψει.

2192 5687 2300 5706 Inn\
2334 5686 2479 5706 “1212
2576 5686 2596 5706 ,I
2624 5683 2695 5706 νῖν-

2117 5687 2302 5831 ὗψᾷδ)
2333 5678 2504 5756 Editi,
2542 5678 2744 5757 ὑψώσει
2788 5680 2876 5738 καὶ
2922 5678 3151 5755 δοξάσει.
3182 5686 3255 5740 Αι
3287 5683 3548 5757 quinque
3598 5701 3769 5758 ωσι,

2192 5777 2340 5814 ωσιι.

2192 5777 2340 5814 ωσιι.
