4130 6382
303 385 422 447 339

1261 377 1662 441 ΑΡΡΕΝΒΙΧ
1708 371 2034 436 OPERUM
2082 371 2148 432 S.
2198 371 2470 433 BASILII
2517 371 2789 434 MAGNI.

3615 380 3738 442 340

307 515 494 571 Deum
551 514 915 588 conspiceret
952 515 1014 569 ’⁸.
1075 512 1359 578 Quoniam
1421 510 1600 583 igitur
1656 505 1956 579 aﬂ‘ulgebit

2095 499 2266 578 lamplq
2349 505 2445 556 τοῦ
2531 506 2664 558 Θεοῦ
2747 504 3009 581 γενέσθαι.
3093 506 3243 563 Ἐπεὶ
3322 503 3412 563 οὗν
3493 507 3732 585 ὲοιλάμ-

309 605 466 660 Deus
496 604 555 659 in
587 604 835 660 oonsilio
867 620 998 659 cum
1031 601 1238 674 gloria,
1269 600 1362 656 his
1411 600 1643 655 duobus
1688 599 1804 653 duo
1855 597 1960 651 ad-

303 693 526 765 junxit,
567 694 870 758 nimirum,
919 700 977 746 ut
1025 691 1230 746 exultet
1277 694 1326 745 et
1375 688 1642 759 gtoriﬁcet
1676 706 1692 741 :
1727 703 1842 758 quo
1873 685 1962 738 in-

312 782 548 855 telligas
588 800 802 838 munus
853 796 979 836 esse
1029 778 1260 836 consilii
1305 780 1555 835 exaltare
1605 775 1800 850 gloria:
1829 790 1962 829 vero

313 873 660 944 gloriﬁcare.

387 962 509 1016 136.
531 960 706 1015 Vsas.
730 959 782 1013 3.
815 962 878 1014 Et
907 959 1035 1024 erit,
1061 958 1206 1030 quod
1234 959 1510 1032 reliquum
1538 959 1709 1028 fuerit
1739 957 1794 1010 in
1831 953 1964 1009 Sion

312 1059 365 1105 et
393 1051 536 1120 quod
563 1049 817 1104 relictum
839 1048 1016 1120 fuerit
1048 1050 1107 1104 in
1137 1048 1461 1115 Jerusalem,
1486 1048 1664 1102 sancti
1693 1045 1963 1101 vocabun-

309 1143 405 1192 tur
433 1153 617 1192 omnes
668 1138 865 1207 scripti
895 1137 964 1191 ad
994 1139 1162 1191 vitam
1213 1139 1273 1190 in
1321 1136 1647 1192 Jerusalem.
1682 1133 1964 1204 Reliquiae

311 1225 545 1281 Israelis
567 1227 894 1281 secundum
915 1225 1257 1282 electionem
1277 1225 1476 1297 gratias
1493 1226 1584 1292 π’,
1599 1223 1967 1279 vocabuntur

311 1313 522 1382 sancti,
543 1318 600 1370 et
623 1315 1073 1371 conscribentur
1104 1315 1175 1370 ad
1205 1314 1381 1370 vitam
1417 1314 1474 1368 in
1507 1311 1861 1376 Jerusalem,
1894 1310 1964 1364 il-

311 1403 549 1460 lustrati
575 1403 675 1460 Dei
702 1404 975 1474 adventu,
996 1409 1050 1458 et
1076 1403 1261 1475 gloria
1282 1403 1469 1475 ipsius
1492 1401 1746 1457 exaltati.
1771 1400 1966 1456 Sancti

310 1493 681 1549 vocabuntur
710 1492 789 1560 hi,
825 1509 973 1563 quos
1006 1491 1117 1548 sibi
1165 1491 1277 1564 ipsi
1331 1491 1570 1563 reliquit
1600 1491 1775 1556 Deus,
1810 1489 1961 1561 quod

314 1581 531 1638 imitati
581 1581 702 1636 sint
749 1596 848 1637 eos
879 1581 976 1652 qui
1020 1597 1134 1636 non
1175 1584 1565 1636 curvaverunt
1621 1595 1771 1651 genu
1833 1583 1967 1634 ante

317 1670 454 1728 Baal
470 1671 804 1736 9".Quanam
828 1675 1026 1726 autem
1059 1670 1282 1726 ratione
1304 1670 1450 1726 alios
1471 1669 1707 1741 quidem
1726 1668 1782 1722 in
1804 1667 1965 1737 Sion,

2072 594 2159 664 ψει
2220 593 2332 664 (29)
2391 592 2418 646 6
2464 593 2592 654 Θεὸς
2647 592 2697 647 έν
2765 593 2942 669 βουλῇ
3009 594 3144 668 μετά
3196 594 3379 670 δόξης,
3439 599 3576 675 πρὸς
3637 598 3732 656 δύο

2070 681 2238 736 ταῦτα
2296 677 2390 735 δύο
2464 681 2722 757 ἐπήγαγε,
2796 684 2858 738 τὸ
2907 685 3142 758 ὕψωσαι,
3209 688 3298 741 καὶ
3355 685 3599 759 δοξάσαιο
3658 691 3732 753 ὡς

2073 771 2306 825 νοεῖσθαι
2344 769 2551 844 βουλῆς
2610 773 2704 844 μὲν
2764 770 2922 848 ἔργον
2975 774 3072 842 τήν
3107 773 3335 848 ὕψωσιν,
3393 773 3553 850 δόξης
3586 775 3644 834 δὲ
3673 781 3735 834 τὸ

2079 857 2319 930 δοξάσαι.

2149 952 2268 1006 136.
2306 951 2401 1004 Καὶ
2455 947 2601 1006 ἔσται
2646 953 2708 1007 τὸ
2758 955 2869 1026 (30)
2928 953 3254 1033 ὑπολειφθεν
3313 954 3364 1010 ἐν
3424 957 3590 1025 Σιὼν,
3644 959 3734 1013 καὶ

2071 1039 2134 1093 τὸ
2218 1039 2569 1113 καταλειφθέν
2654 1042 2706 1097 έν
2767 1043 3176 1118 Ἰερουσαλὴμ,
3289 1045 3432 1122 ἅγιοι
3519 1045 3736 1118 κληθή-

2075 1150 2256 1183 σονται
2317 1132 2508 1192 πάντες
2571 1132 2624 1185 οἱ
2674 1133 2967 1208 γραφέντες
3020 1133 3096 1195 εἷς
3158 1136 3302 1203 ζωὴν
3358 1135 3409 1189 ἐν
3467 1137 3733 1212 Ἱερουσα-

2076 1216 2216 1290 λήμ.
2250 1220 2319 1273 Τὸ
2364 1222 2484 1274 κατ⁹
2534 1217 2770 1295 ἐκλογὴν
2823 1223 3052 1297 χάριτος
3109 1222 3322 1296 λεῖμμα
3367 1229 3464 1279 τοῦ
3510 1223 3733 1299 Ἰσραὴλ

2076 1308 2222 1382 ἅγιοι
2259 1305 2662 1380 ,κληθήσονταυ
2723 1309 2812 1364 καὶ
2873 1310 3305 1387 έγγραφήσονται
3362 1311 3438 1375 εἲς
3496 1317 3639 1384 ζωὴν
3677 1314 3730 1369 ἐν

2074 1396 2440 1471 Ἰερουσαλήμ
2488 1398 2539 1452 οἱ
2584 1397 2938 1476 φωτισθέντες
2980 1402 3049 1472 τῇ
3092 1399 3377 1479 ἐπιφανείᾳ
3435 1407 3530 1456 τοῦ
3575 1407 3729 1474 Θεοῦ,

2075 1485 2163 1539 καὶ
2197 1486 2495 1560 ὐψωθὲντες
2528 1491 2596 1561 τῇ
2631 1483 2758 1563 δόξῃ
2809 1489 3000 1545 αὐτοῦ.
3046 1489 3212 1547 Οὗτοι
3247 1490 3389 1566 ἅγιοι
3422 1488 3731 1562 κληθήσον-

2075 1595 2183 1644 ται,
2213 1575 2304 1639 οὒς
2355 1577 2444 1631 καὶ
2493 1576 2781 1632 κατέλιπεν
2835 1577 3009 1651 ἰαυτῷ
3059 1579 3086 1633 6
3137 1580 3288 1653 Θεὸς,
3331 1580 3467 1635 κατὰ
3499 1579 3730 1654 μίμησιν

2075 1665 2184 1718 τῶν
2239 1666 2314 1738 μή
2365 1667 2696 1739 καμψάντων
2742 1667 2874 1742 γόνυ
2921 1666 2991 1739 τῇ
3046 1667 3218 1724 Βάαλ.
3284 1671 3381 1723 Διὰ
3427 1669 3479 1724 τί
3520 1667 3577 1724 δέ
3605 1669 3737 1734 τοὺς

318 1760 464 1817 alios
494 1777 629 1816 vero
661 1760 719 1815 in
740 1758 1107 1815 Jerusalem?
1138 1759 1362 1825 Quiain
1394 1759 1466 1815 iis
1495 1759 1596 1830 qui
1618 1759 1686 1813 ad
1712 1756 1967 1813 salutem

2095 1752 2176 1806 ιὶν
2209 1751 2259 1808 ἐν
2295 1753 2461 1822 Σιὼν,
2507 1754 2633 1817 τοὺς
2681 1752 2740 1810 δὲ
2787 1755 2837 1810 έν
2890 1757 3298 1830 ἹερουσαΑήμ;
3349 1759 3473 1815 ’Ότι
3503 1759 3591 1814 καὶ
3621 1763 3731 1814 τῶν

317 1849 682 1921 pertingunt,
723 1849 1038 1904 discrimen
1081 1854 1173 1904 est
1207 1865 1219 1903 :
1256 1848 1730 1920 quandoquidem
1779 1862 1965 1901 unus-

2095 1842 2404 1916 ιωζομὲνων
2438 1843 2548 1898 ἐστὶ
2590 1841 2847 1922 διαφοφά,
2899 1844 3124 1900 έκάστου
3155 1845 3206 1901 ἐν
3236 1851 3314 1919 τῷ
3363 1844 3490 1921 ἰδίῳ
3518 1849 3730 1924 τάγμα-

315 1937 570 2010 quisque
597 1939 658 1993 in
690 1954 798 1994 suo
829 1937 1032 1994 ordine
1052 1938 1094 1972 9°
1117 1937 1287 1994 bonis
1308 1956 1342 1993 a
1363 1937 1477 1993 Deo
1508 1937 1731 2009 paratis
1757 1935 1965 1990 fruitu-

2095 1953 2126 1986 τι
2154 1939 2255 2002 τῆς
2288 1932 2643 1996 ἀπολαύσεως
2684 1939 2792 1989 τῶν
2844 1935 2989 2009 παρά
3045 1940 3179 1991 Θεοῦ
3231 1937 3446 2011 ἀγαθῶν
3480 1938 3731 2011 μεθέξον-

316 2044 420 2083 rus
450 2031 560 2093 est,
590 2043 908 2098 eorumque
940 2028 1175 2082 futurus
1217 2032 1307 2082 est
1339 2026 1647 2097 particeps.
1679 2025 1789 2082 Sed
1823 2041 1966 2096 quo-

2095 2042 2190 2083 τος.
2225 2019 2447 2091 Ἐπειδὴ
2472 2019 2527 2077 δὶ
2559 2021 2736 2100 ὀλίγοι
2770 2025 2822 2077 οἱ
2855 2025 3178 2097 σωζόμενοι,
3226 2025 3288 2080 ού
3318 2025 3729 2098 πληθυντικῶς,

317 2117 476 2173 niam
507 2118 678 2188 pauci
711 2121 852 2171 sunt
880 2117 982 2187 qui
1013 2117 1267 2172 salutem
1299 2120 1739 2188 consequantur
1758 2115 1822 2183 9’,
1849 2131 1967 2168 non

2095 2109 2204 2166 ὶλλ’
2236 2110 2425 2174 ένικῶς
2471 2113 2500 2166 6
2546 2110 2714 2188 λόγος
2755 2111 3030 2184 ἐξέδωκεν.
3066 2115 3141 2169 Οὐ
3190 2114 3291 2191 γὰρ
3341 2115 3506 2187 εἶπεν,
3539 2116 3606 2172 Οἳ
3637 2137 3734 2170 κα-

316 2205 668 2279 plurali,sed
693 2204 978 2277 singulari
1005 2221 1249 2261 numero
1272 2222 1513 2261 sensum
1538 2204 1791 2260 reddidit
1812 2203 1968 2260 Scri-

2095 2200 2474 2279 ταλειφθέντες,
2525 2200 2688 2271 ἀλλὰ,
2751 2203 2821 2257 Τὸ
2879 2201 3253 2276 καταλειφθέν.
3314 2207 3501 2262 ’Ἐοικε
3561 2203 3619 2260 δὲ
3672 2205 3736 2261 τὸ

317 2299 510 2367 ptura.
533 2298 658 2350 Non
691 2294 847 2349 enim
879 2293 1027 2348 dixit
1053 2311 1065 2349 :
1091 2293 1197 2359 Qui
1232 2295 1390 2350 tuere
1420 2293 1633 2361 relicti;
1659 2295 1782 2361 sed,
1807 2293 1972 2363 Quod

2095 2292 2176 2344 s‘sv
2211 2289 2536 2369 ὑπολειφθὲν
2572 2291 2623 2346 ἐν
2652 2293 2818 2360 Σιὼν,
2851 2294 2911 2347 τὸ
2954 2291 3337 2368 ὑποδεέστερον
3367 2296 3502 2349 εἶναι
3532 2297 3735 2372 τάγμα,

318 2385 575 2441 relictum
604 2391 702 2439 est.
738 2383 799 2438 Id
831 2389 1023 2438 autem
1054 2384 1208 2454 quod
1243 2383 1586 2440 derelictum
1611 2387 1701 2439 est
1729 2383 1789 2438 in
1810 2383 1969 2449 Sion,

2095 2381 2246 2436 >¹ιονεὶ
2305 2381 2552 2457 έναφεθὲν
2614 2383 2717 2438 ὑπὸ
2789 2387 2896 2438 τῶν
2951 2382 3320 2459 ἐπειγομένων
3388 2385 3463 2448 εἷς
3519 2386 3580 2441 τὸ
3639 2383 3740 2460 ἔμ-

320 2474 554 2529 videtur
573 2473 714 2528 ordo
735 2488 866 2528 esse
886 2472 1341 2543 deterior,veluti
1363 2473 1646 2528 dimissus
1670 2474 1742 2528 ab
1767 2473 1838 2526 iis
1870 2473 1970 2544 qui

2095 2474 2334 2545 τροσθεν·
2393 2473 2456 2527 τὸ
2507 2470 2565 2527 δέ
2621 2471 2982 2550 τελειότερον,
3043 2471 3132 2528 διὰ
3204 2476 3302 2543 τὴν
3374 2479 3484 2530 τῶν
3561 2470 3730 2552 ἔργων

345 2579 385 2618 n
415 2561 709 2619 anteriora
756 2561 1037 2616 festinant
1067 2577 1080 2615 :
1118 2563 1219 2634 qui
1249 2566 1445 2617 autem
1478 2563 1619 2617 ordo
1669 2561 1974 2634 perfectior

2095 2561 2227 2631 ἰξίαν
2258 2564 2391 2635 (31),
2440 2569 2540 2631 τῆς
2581 2563 2634 2616 ἐν
2681 2561 2817 2636 αὐτῇ
2863 2567 2932 2638 τῇ
2978 2563 3341 2639 Ἰερουσαλὴμ
3370 2563 3736 2639 καθιδρύσεως

324 2655 434 2719 est,
468 2667 573 2722 pro
603 2666 847 2722 operum
893 2651 1102 2706 merito
1128 2651 1326 2706 sedem
1383 2651 1439 2706 in
1492 2652 1619 2724 ipsa
1647 2651 1974 2707 Jerusalem

2095 2651 2380 2723 ὴψιῶσθαι.
2410 2647 2739 2708 Ὑποϐάλλει
2773 2650 2830 2708 δὲ
2859 2654 2994 2727 ἡμῖν
3047 2654 3136 2709 καὶ
3189 2657 3222 2724 ἠ
3270 2653 3482 2731 ἱστορία
3508 2660 3617 2711 τῶν
3643 2678 3741 2712 τα-

327 2740 560 2796 videtur
589 2739 938 2796 obtinuisse.
971 2740 1120 2803 Quin
1154 2745 1211 2794 et
1239 2739 1486 2795 historia
1537 2739 1668 2812 ipsa
1715 2740 1978 2813 suggerit

2095 2737 2304 2814 γμάτων
2354 2742 2416 2794 τὸ
2468 2738 2750 2819 διάφορον,
2797 2741 2858 2796 ἐκ
2901 2743 2997 2797 τοὸ
3045 2743 3141 2811 τήν
3187 2744 3282 2816 μέν
3336 2747 3479 2798 Σιὼν
3513 2747 3610 2813 τήν
3639 2747 3741 2821 ἀρ-

329 2828 501 2885 nobis
526 2827 797 2884 ordinum
822 2827 1308 2892 diti‘erentiam,ex
1337 2845 1404 2884 eo
1427 2830 1578 2900 quod
1600 2829 1738 2884 Sion
1771 2829 1976 2885 civitas

2095 2830 2248 2904 χαίαν
2285 2829 2417 2884 εἶναι
2467 2829 2655 2900 πόλιν,
2709 2831 2797 2886 καὶ
2855 2829 3259 2905 ὑποδεεστέραν·
3317 2833 3415 2899 τήν
3450 2830 3736 2905 δὶἹερου-

326 2923 493 2974 vetus
524 2918 600 2973 sit
637 2922 695 2973 et
735 2917 1018 2986 deterior;
1049 2917 1374 2973 Jerusalem
1402 2934 1536 2974 vero
1585 2918 1745 2991 regia
1773 2919 1978 2974 civitas

2095 2915 2297 2990 σαλήμ,
2347 2919 2446 2986 τὴν
2498 2917 2910 2994 βασιλεύουσαν,
2971 2915 3021 2970 ἐν
3081 2918 3115 2985 ἦ
3148 2919 3208 2972 τὸ
3240 2917 3496 2993 ἀγίασμα.
3531 2919 3736 2981 Ηάντες

323 3008 425 3076 sit,
457 3007 515 3062 in
547 3023 666 3078 qua
693 3006 847 3078 viget
876 3006 1286 3063 sanctimonia.
1317 3007 1480 3064 Certe
1511 3006 1571 3062 hi
1605 3025 1808 3064 omnes
1839 3008 1978 3064 scri-

2095 3008 2273 3080 μέντοι
2305 3007 2451 3062 οὗτοι
2502 3011 2616 3081 (32)
2664 3003 3033 3083 γραφήσονται
3085 3004 3163 3068 εἷς
3197 3007 3341 3076 ζωὴν
3372 3007 3422 3061 ἐν
3470 3009 3734 3083 Ἰερουσα-

325 3097 541 3152 bentur
561 3097 630 3151 ad
649 3096 828 3151 vitam
853 3095 910 3150 in
929 3095 1462 3168 Jerusalem,atque
1484 3097 1688 3153 beatus
1710 3102 1799 3154 est
1815 3098 1976 3169 quis-

2095 3093 2232 3169 λήμ·
2283 3096 2372 3150 καὶ
2423 3095 2685 3170 μακάριος
2737 3095 2764 3148 6
2817 3101 2915 3165 τῆς
2975 3094 3025 3150 ὲν
3077 3093 3443 3172 Ἰερουσαλὴμ
3469 3117 3738 3173 καταγρα-

327 3185 460 3256 quis
487 3184 800 3241 habebitur
829 3185 1066 3258 dignus,
1092 3184 1191 3256 qui
1221 3185 1628 3242 conscribatur
1659 3186 1714 3241 in
1747 3186 1978 3243 Jerusa-

2095 3193 2194 3260 φῆς
2244 3183 2580 3258 ἀξιούμενος.
2657 3185 2740 3240 Ἐν
2806 3182 2982 3256 έκείνη
3061 3185 3164 3262 γὰρ
3238 3184 3409 3242 ἔοικεν
3483 3185 3616 3242 εἶναι
3672 3188 3742 3260 τῇ

326 3254 464 3330 lem.
489 3273 714 3330 Etenim
743 3254 1058 3330 viventium
1102 3254 1319 3330 librum
1351 3274 1407 3329 in
1443 3293 1557 3347 quo
1604 3275 1804 3349 scripti
1838 3281 1977 3332 sunt

2095 3254 2411 3349 ἱΙερουσαλῆ
2418 3297 2457 3346 μ
2485 3275 2519 3343 ἡ
2548 3267 2738 3348 βίϐλος
2767 3278 2874 3328 τῶν
2929 3254 3168 3344 ζώντων,
3202 3274 3254 3330 έν
3362 3274 3660 3353 γράφονται
3693 3254 3747 3330 οἱ

331 3362 550 3419 Christi
581 3363 880 3435 discipuli,
916 3363 972 3418 in
1004 3362 1104 3418 illa
1140 3365 1466 3420 Jerusalem
1501 3365 1742 3438 reperiri
1773 3367 1988 3422 conde-

335 3459 446 3510 cet.
479 3454 718 3511 Gaudete
745 3456 916 3524 enim,
943 3453 1156 3525 inquit,
1171 3455 1312 3526 quod
1331 3457 1556 3511 nomina
1579 3466 1765 3513 vestra
1784 3459 1990 3529 scripta

335 3548 465 3599 sunt
489 3545 550 3598 in
571 3544 722 3599 caelis
740 3545 781 3599 ¹.
805 3542 1088 3610 Quoniam
1117 3548 1312 3598 autem
1343 3544 1533 3600 verbis
1556 3545 1668 3613 his,
1694 3545 1900 3618 Scripti
1930 3549 1990 3601 in

336 3634 670 3701 Jerusalem,
696 3633 1043 3705 adjungitur
1073 3631 1238 3700 illud,
1266 3635 1327 3688 In
1357 3636 1561 3701 vitam;
1591 3636 1990 3692 necessarium

339 3722 515 3780 fuerit
545 3722 696 3778 scire
726 3726 925 3776 utrum
959 3721 1079 3777 sint
1107 3721 1346 3794 quidam
1369 3723 1468 3794 qui
1501 3724 1837 3781 scribantur
1866 3726 1994 3797 qui-

340 3812 618 3878 dem,sed
653 3827 768 3866 non
800 3811 871 3866 ad
902 3811 1292 3881 vitam,juxta
1313 3812 1631 3868 Jeremiam
1655 3814 1946 3871 dicentem
1973 3833 1986 3870 :

337 3903 450 3971 Qui
479 3904 841 3965 recesserunt,
871 3901 932 3954 in
968 3903 1120 3955 terra
1162 3903 1486 3958 scribantur
1508 3904 1549 3956 ³.
1598 3903 1798 3975 Itaque
1823 3905 1990 3974 juxta

334 3990 494 4046 hunc
523 4005 763 4046 sensum
795 3989 926 4044 dum
956 3988 1202 4061 intelligi
1235 3995 1486 4062 possunt
1515 3991 1938 4064 descriptiones
1971 4010 1984 4048 :

336 4095 458 4134 una
488 4078 729 4150 quidem
760 4094 962 4134 eorum
993 4082 1082 4134 est
1113 4079 1214 4150 qui
1244 4080 1315 4134 ad
1348 4079 1546 4146 vitam,
1577 4080 1760 4136 altera
1789 4086 1988 4138 autem

336 4185 539 4224 eorum
573 4167 672 4239 qui
703 4167 1047 4223 scribuntur
1076 4168 1147 4222 ad
1181 4167 1587 4238 perditionem.
1617 4174 1806 4242 Atque
1837 4188 1990 4244 saepe

334 4257 620 4327 contingit
657 4257 969 4328 Scriptum
1017 4257 1394 4328 permutatio,
1418 4259 1500 4314 uti
1550 4275 1683 4314 cum
1716 4277 1750 4314 a
1777 4261 1989 4316 virtute

335 4347 408 4402 ad
443 4345 729 4401 malitiam
765 4345 1104 4401 dilabimur.
1129 4346 1273 4402 Nam
1296 4347 1474 4402 verba
1503 4347 1660 4406 haec:
1695 4350 1989 4406 Deleantur

333 4435 406 4489 de
438 4434 576 4489 libro
604 4434 935 4500 viventium,
969 4438 1021 4489 et
1062 4450 1188 4489 cum
1234 4435 1392 4503 iustis
1445 4452 1554 4492 non
1595 4440 1985 4509 scribantur”;

332 4524 472 4578 item
504 4522 709 4577 isthmc
737 4539 750 4577 :
784 4523 912 4578 Dele
940 4527 992 4577 et
1018 4539 1102 4578 me
1130 4523 1196 4578 de
1227 4525 1367 4579 libro
1400 4533 1491 4581 tuo
1516 4527 1569 4593 ‘;
1605 4527 1886 4584 dicuntur
1915 4531 1986 4585 de

2101 3365 2336 3437 μαθηταὶ
2387 3367 2482 3418 τοῦ
2538 3365 2792 3438 Χριστοῦ.
2849 3361 3076 3439 Χαίρετε
3122 3365 3251 3438 γὰρ,
3310 3365 3495 3440 φησὶν,
3553 3363 3636 3419 ὅτι
3686 3365 3753 3419 τὰ

2099 3453 2343 3526 ὀνόματα
2415 3453 2564 3526 ὑμῶν
2613 3472 2968 3528 γεγραμμενα
3016 3451 3154 3506 ἐστὶν
3206 3450 3260 3505 ἐν
3308 3457 3426 3512 τοῖς
3474 3451 3749 3526 οὐρανοῖς.

2100 3539 2323 3610 Ἐπειδή
2375 3540 2432 3596 δὲ
2481 3542 2795 3616 πρόσκειται
2849 3544 2950 3612 τῷ,
3003 3541 3070 3597 Οἱ
3114 3541 3405 3616 γραφέντες
3457 3541 3510 3594 έν
3555 3542 3754 3617 Ἱερους

2101 3629 2312 3704 σαλήμ,
2353 3632 2438 3700 τὸ,
2491 3631 2583 3693 Εἰς
2644 3631 2810 3700 ζωὴν,
2873 3629 3159 3699 ἔπιστῆσαι
3219 3631 3526 3706 ἀναγκαῖον,
3573 3631 3754 3702 μήπο-

2098 3721 2158 3776 τέ
2189 3720 2292 3776 εἷ’σί
2339 3742 2474 3782 τινες
2525 3722 2576 3775 οἱ
2622 3719 2956 3797 γραφόμενοι
3014 3719 3132 3792 μὲν,
3191 3717 3290 3774 ούκ
3346 3718 3425 3781 εἷς
3486 3721 3630 3789 ζωήν
3673 3717 3751 3791 δὲ,

2098 3812 2235 3867 κατά
2284 3812 2376 3867 τὸν
2437 3809 2698 3885 Ἱερεμίαν
2757 3808 2999 3885 λέγοντα·
3048 3808 3440 3884 Ἀφεστηκότες
3497 3809 3586 3863 ἐπὶ
3651 3816 3754 3878 τῆς

2099 3908 2205 3977 γῆς
2244 3902 2625 3979 γραφήτωσαν·
2673 3897 2812 3953 ὥστε
2860 3897 2994 3954 κατά
3033 3901 3196 3953 τοῦτο
3248 3896 3344 3952 δύο
3387 3899 3536 3960 τινὰς
3589 3919 3754 3952 κατα-

2099 3992 2307 4070 γραφὰς
2335 3995 2593 4053 νοεῖσθαι·
2647 3993 2754 4043 τῶν
2801 3988 2894 4060 μὶν
2947 3986 3022 4051 εἷς
3072 3989 3239 4056 ζωὴν,
3296 3991 3406 4042 τῶν
3441 3984 3497 4041 δὶ
3546 3986 3623 4049 εἷς
3655 3986 3755 4041 ἀπ-

2100 4078 2318 4135 ώλειαν·
2364 4079 2455 4134 καὶ
2504 4080 2635 4134 εἶναι
2683 4076 2955 4139 πολλάκις
2996 4075 3086 4131 καὶ
3134 4071 3446 4149 μεταϐολὴν
3491 4083 3591 4146 τῆς
3626 4083 3758 4153 Γρα-

2099 4177 2227 4248 φῆς,
2261 4165 2384 4225 ὅταν
2417 4169 2506 4224 καὶ
2550 4171 2714 4242 ἡμεῖς
2767 4165 2846 4228 εἲς
2891 4165 3081 4220 κακίαν
3133 4166 3238 4221 ἀπὸ
3286 4165 3482 4240 ἀρετῆς
3523 4165 3753 4239 μεταπέ-

2099 4280 2302 4332 σωμεν.
2363 4260 2442 4316 Τὸ
2496 4259 2622 4333 γὰρ,
2675 4254 3183 4334 Ἐξαλειφθὴτωσαν
3242 4254 3302 4310 έκ
3375 4250 3570 4330 βίϐλου
3630 4256 3758 4324 ζών-

2099 4367 2227 4415 των,
2285 4347 2374 4401 καὶ
2437 4345 2571 4420 μετά
2646 4343 2869 4400 δικαίων
2952 4345 3027 4417 μὴ
3085 4345 3468 4420 γραφήτωσαψ
3529 4344 3751 4413 καὶτὸ,

2098 4435 2408 4509 Ἐξάκειψον
2484 4435 2626 4508 κάμὲ
2695 4434 2800 4488 ἀπὸ
2873 4435 2973 4502 τῆς
3051 4427 3247 4508 βίϐλου
3307 4451 3423 4486 σουο
3489 4432 3564 4496 ὡς
3639 4429 3748 4502 ἤδη

2094 4532 2194 4596 τῆς
2229 4526 2280 4580 ἒν
2312 4529 2380 4600 τῇ
2417 4519 2595 4600 βίϐλῳ
2623 4528 2720 4579 τοῦ
2753 4527 2886 4578 Θεοῦ
2918 4527 3271 4598 καταγραφῆς
3312 4522 3632 4594 ἠξιωμένων
3667 4519 3750 4574 λέ·

333 4611 692 4682 quihusdam
725 4617 1005 4682 tanquam
1045 4611 1171 4682 jam
1204 4612 1369 4684 digni
1417 4619 1616 4670 essent
1663 4615 1846 4672 habiti
1880 4621 1982 4689 qui
2010 4621 2058 4686 D
2089 4636 2260 4691 γεται.

331 4700 391 4755 in
421 4699 518 4755 Dei
549 4698 697 4754 libro
729 4698 1259 4756 conscriberentur.

406 4789 526 4845 137.
551 4787 726 4843 Vrsas.
761 4789 812 4842 4.
846 4789 996 4857 Quia
1024 4789 1209 4844 abluet
1238 4791 1500 4847 Dominus
1527 4791 1710 4849 sordes
1737 4795 1983 4864 ﬁliorum

329 4881 381 4933 et
409 4878 663 4948 ﬁliarum
682 4877 836 4944 Sion,
865 4885 916 4933 et
945 4880 1271 4949 sanguinem
1297 4880 1602 4936 Jerusalem
1627 4883 1890 4954 purgabit
1916 4901 1986 4940 ea:

328 4968 502 5024 medio
531 4983 744 5032 eorum,
777 4967 838 5021 in
869 4968 1074 5038 spiritu
1109 4967 1318 5038 judicii
1345 4979 1397 5024 et
1437 4971 1498 5025 in
1526 4973 1734 5041 spiritu
1762 4974 1984 5030 combu-

323 5057 534 5111 stionis.
569 5055 759 5112 Verba
805 5055 926 5110 haec
977 5055 1133 5110 idem
1186 5057 1492 5128 perspicue
1523 5061 1672 5117 475
1709 5077 1984 5132 praenun-

325 5145 496 5211 tiant,
523 5145 679 5217 quod
726 5144 982 5201 Joannes
1013 5145 1085 5200 de
1115 5145 1363 5203 Domino
1413 5147 1558 5203 dixit
1593 5166 1605 5204 :
1638 5151 1755 5221 Ipse
1781 5160 1860 5207 est
1887 5155 1986 5224 qui

325 5249 416 5287 vos
449 5233 754 5304 baptizabit
782 5235 843 5288 in
883 5234 1098 5306 Spiritu
1125 5245 1312 5292 sancto
1342 5241 1392 5292 et
1424 5239 1552 5308 igne
1571 5239 1625 5306 ⁵;
1659 5239 1729 5295 de
1759 5255 1822 5295 se
1853 5242 1980 5312 ipso

2168 4797 2291 4852 137.
2341 4795 2460 4848 ’Ὀτι
2522 4791 2777 4848 έκπλυνεῖ
2828 4788 3025 4866 Κύριος
3078 4787 3171 4843 τὸν
3233 4786 3400 4862 ρύπον
3459 4790 3568 4849 τῶς
3613 4788 3744 4841 υἱῶν

2093 4883 2182 4939 καὶ
2239 4887 2345 4938 τῶν
2407 4881 2710 4958 θυγατέρων
2773 4879 2943 4951 Σιὼν,
3015 4878 3104 4934 καὶ
3155 4878 3219 4932 τὺ
3274 4879 3412 4951 αἷμα
3469 4877 3748 4952 Ἰερουσα-

2093 4971 2216 5047 λὴμ
2261 4973 2571 5047 ἓκκαθαριεῖ
2618 4972 2677 5026 ὲκ
2737 4970 2904 5043 μέσου
2963 4968 3166 5038 αὐτῶν,
3215 4969 3266 5022 ὲν
3312 4966 3578 5039 πνεύματι
3631 4964 3748 5040 κρί-

2093 5084 2252 5132 σεως,
2299 5062 2388 5117 καὶ
2449 5063 2501 5117 έν
2559 5062 2827 5132 πνεύματι
2885 5057 3150 5119 καύσεως.
3214 5059 3436 5130 Τρανῶς
3488 5056 3558 5110 τὰ
3614 5053 3749 5109 αύτά

2088 5158 2168 5226 τῷ
2199 5153 2419 5226 Ἰωάννῃ
2477 5151 2504 5205 6
2563 5147 2733 5225 λόγος
2789 5146 3174 5222 προαγορεύει,
3229 5145 3352 5220 περὶ
3408 5148 3505 5199 τοῦ
3541 5143 3748 5219 Κυρίου

2093 5241 2328 5318 λέγοντι,
2398 5240 2480 5294 ὅτι
2558 5239 2729 5300 Αὐτὸς
2813 5237 2956 5309 ὐμᾶς
3035 5236 3285 5311 βαπτίσει
3363 5235 3414 5288 ὲν
3478 5231 3749 5306 Πνεύματι

393 5359 438 5440 γε
468 5359 884 5440 Exod._§xx1_n,
906 5361 993 5428 14,
1025 5361 1115 5416 23.
1157 5362 1240 5440 9f:
1257 5363 1428 5440 Rom;
1455 5380 1534 5440 x1_,
1563 5364 1616 5420 5.
1660 5366 1703 5400 ⁸⁷
1736 5366 1809 5421 ΙΙΙ
1836 5370 1970 5439 Reg.

2095 5371 2236 5440 ,18;
2270 5371 2436 5426 Rom.
2470 5385 2549 5435 x1,
2584 5369 2635 5424 4.
2675 5439 2689 5440 7
2711 5367 2756 5440 9⁸
2779 5368 2800 5420 Ι
2823 5367 2950 5440 _Cor.
2983 5362 3196 5440 xv_,_23.
3237 5362 3283 5398 9°
3299 5360 3503 5418 Matth.
3535 5376 3631 5431 xx,
3658 5359 3744 5414 16.

322 5432 339 5466 ¹
375 5431 514 5487 Luc.
549 5448 608 5498 χ,
637 5430 725 5485 20.
805 5432 826 5465 ²
853 5432 973 5487 Jer.
1006 5449 1144 5502 xvu,
1179 5435 1264 5489 13.
1344 5437 1364 5470 ³
1394 5435 1548 5492 Psal.
1587 5453 1784 5509 vam,
1815 5430 1948 5494 29.“

2095 5430 2422 5508 iodfxxxu,
2453 5430 2546 5496 32.
2619 5440 2640 5474 ⁵
2673 5437 2884 5494 Matth.
2923 5453 3011 5503 ιιι,
3046 5436 3132 5491 11.

387 5574 502 5718 ἓὶὶΩζ
537 5572 774 5654 Antiqui
809 5573 924 5628 duo
956 5573 1110 5645 libri,
1144 5571 1408 5650 ἔλαμψεν.

410 5646 480 5702 30
532 5646 707 5715 Edltl,
739 5643 839 5697 Καὶ
895 5641 1040 5699 ἔσται
1091 5645 1203 5703 καί.
1244 5653 1317 5706 At
1374 5667 1408 5707 ι]

315 5643 502 5772 biga)
532 5643 707 5715 Editi,
739 5643 839 5697 Καὶ
895 5643 1040 5699 ἔσται
1091 5643 1203 5703 καί.
1244 5643 1317 5706 At
1374 5667 1518 5708 mss.
1571 5651 1816 5725 aliquot,
1869 5651 1968 5708 Καὶ

2153 5584 2262 5666 (Et)
2295 5577 3017 5666 ιίιεξε-.ί1υ.εινιυε›,ἀξίωσξῖ·
3230 5653 3306 5666 ._

2125 5643 2266 5736 .(32)
2298 5643 2602 5726 Εάῖιὶ,’μὲν
2634 5643 2898 5707 τοιοῦτοι.
2929 5653 3001 5707 At
3049 5666 3194 5706 mss.
3225 5653 3344 5706 tres
3379 5646 3480 5716 ita,
3515 5649 3582 5702 ut
3610 5643 3740 5700 edi-

2081 5728 2300 5784 dimus.
