  <div class='ocr_page' id='page_1' title='image "/cluster/home/n/w/nwhite01/storage/ocr_20150623/30:no.2/coo.31924054873116/182.png"; bbox 0 0 4130 6384; ppageno 0'>
   <div class='ocr_carea' id='block_1_1' title="bbox 355 389 464 451">
    <p class='ocr_par' dir='ltr' id='par_1_1' title="bbox 355 389 464 451">
     <span class='ocr_line' id='line_1_1' title="bbox 355 389 464 451; baseline -0.018 0"><span class='ocrx_word' id='word_1_1' title='bbox 355 389 464 451; x_wconf 73' lang='lat' dir='ltr'>3M</span> 
     </span>
    </p>
   </div>
   <div class='ocr_carea' id='block_1_2' title="bbox 1184 383 2498 452">
    <p class='ocr_par' dir='ltr' id='par_1_2' title="bbox 1184 383 2498 452">
     <span class='ocr_line' id='line_1_2' title="bbox 1184 383 2498 452; baseline -0.005 -2"><span class='ocrx_word' id='word_1_2' title='bbox 1184 387 1590 452; x_wconf 76' lang='lat' dir='ltr'>COMMENT.</span> <span class='ocrx_word' id='word_1_3' title='bbox 1635 387 1712 448; x_wconf 82' lang='grc' dir='ltr'>ΙΝ</span> <span class='ocrx_word' id='word_1_4' title='bbox 1763 385 2029 448; x_wconf 85' lang='lat' dir='ltr'>ISAIAM</span> <span class='ocrx_word' id='word_1_5' title='bbox 2077 383 2498 446; x_wconf 76' lang='lat' dir='ltr'>PROPHETA</span> 
     </span>
    </p>
   </div>
   <div class='ocr_carea' id='block_1_3' title="bbox 2568 385 3776 454">
    <p class='ocr_par' dir='ltr' id='par_1_3' title="bbox 2568 385 3776 454">
     <span class='ocr_line' id='line_1_3' title="bbox 2568 385 3776 454; baseline 0.007 -10"><span class='ocrx_word' id='word_1_6' title='bbox 2568 428 2582 444; x_wconf 94' lang='lat'>.</span> <span class='ocrx_word' id='word_1_7' title='bbox 2629 385 2802 445; x_wconf 86' lang='lat' dir='ltr'>CAP.</span> <span class='ocrx_word' id='word_1_8' title='bbox 2850 385 2953 446; x_wconf 88' lang='lat' dir='ltr'>IV.</span> <span class='ocrx_word' id='word_1_9' title='bbox 3652 393 3776 454; x_wconf 72' lang='grc'>342</span> 
     </span>
    </p>
   </div>
   <div class='ocr_carea' id='block_1_4' title="bbox 355 518 2010 598">
    <p class='ocr_par' dir='ltr' id='par_1_4' title="bbox 355 518 2002 598">
     <span class='ocr_line' id='line_1_4' title="bbox 355 518 2002 598; baseline -0.002 -21"><span class='ocrx_word' id='word_1_10' title='bbox 355 519 498 597; x_wconf 72' lang='grc' dir='ltr'>ἁγίῳ</span> <span class='ocrx_word' id='word_1_11' title='bbox 551 519 642 574; x_wconf 81' lang='grc' dir='ltr'>καὶ</span> <span class='ocrx_word' id='word_1_12' title='bbox 697 518 847 598; x_wconf 72' lang='grc' dir='ltr'>πυρίο</span> <span class='ocrx_word' id='word_1_13' title='bbox 880 521 1002 597; x_wconf 78' lang='grc' dir='ltr'>περὶ</span> <span class='ocrx_word' id='word_1_14' title='bbox 1038 518 1097 577; x_wconf 71' lang='grc' dir='ltr'>δὲ</span> <span class='ocrx_word' id='word_1_15' title='bbox 1123 521 1335 590; x_wconf 59' lang='grc' dir='ltr'>ἑαυτοῦ,</span> <span class='ocrx_word' id='word_1_16' title='bbox 1390 518 1472 576; x_wconf 71' lang='grc' dir='ltr'>ὅτι</span> <span class='ocrx_word' id='word_1_17' title='bbox 1531 521 1676 596; x_wconf 85' lang='grc' dir='ltr'>Ἐγὼ</span> <span class='ocrx_word' id='word_1_18' title='bbox 1738 520 1832 593; x_wconf 74' lang='grc' dir='ltr'>μὶν</span> <span class='ocrx_word' id='word_1_19' title='bbox 1864 519 2002 592; x_wconf 82' lang='grc' dir='ltr'>ὑμᾶς</span> 
     </span>
    </p>
   </div>
   <div class='ocr_carea' id='block_1_5' title="bbox 2126 518 3760 598">
    <p class='ocr_par' dir='ltr' id='par_1_5' title="bbox 2126 518 3760 597">
     <span class='ocr_line' id='line_1_5' title="bbox 2126 518 3760 597; baseline 0.004 -23"><span class='ocrx_word' id='word_1_20' title='bbox 2126 522 2314 574; x_wconf 83' lang='lat' dir='ltr'>autem</span> <span class='ocrx_word' id='word_1_21' title='bbox 2348 518 2431 574; x_wconf 92' lang='lat' dir='ltr'>ait</span> <span class='ocrx_word' id='word_1_22' title='bbox 2463 535 2475 573; x_wconf 90' lang='lat'>:</span> <span class='ocrx_word' id='word_1_23' title='bbox 2511 519 2617 590; x_wconf 85' lang='lat' dir='ltr'>Ego</span> <span class='ocrx_word' id='word_1_24' title='bbox 2647 519 2865 590; x_wconf 82' lang='lat' dir='ltr'>quidem</span> <span class='ocrx_word' id='word_1_25' title='bbox 2911 535 2998 576; x_wconf 84' lang='lat' dir='ltr'>vos</span> <span class='ocrx_word' id='word_1_26' title='bbox 3023 519 3242 592; x_wconf 70' lang='lat' dir='ltr'>baptizo</span> <span class='ocrx_word' id='word_1_27' title='bbox 3273 520 3332 576; x_wconf 83' lang='lat' dir='ltr'>in</span> <span class='ocrx_word' id='word_1_28' title='bbox 3364 539 3508 594; x_wconf 88' lang='lat' dir='ltr'>aqua</span> <span class='ocrx_word' id='word_1_29' title='bbox 3534 524 3595 579; x_wconf 86' lang='lat' dir='ltr'>in</span> <span class='ocrx_word' id='word_1_30' title='bbox 3651 541 3760 597; x_wconf 74' lang='lat' dir='ltr'>pw-</span> 
     </span>
    </p>
   </div>
   <div class='ocr_carea' id='block_1_6' title="bbox 361 607 2006 687">
    <p class='ocr_par' dir='ltr' id='par_1_6' title="bbox 361 607 2006 687">
     <span class='ocr_line' id='line_1_6' title="bbox 361 607 2006 687; baseline 0.001 -22"><span class='ocrx_word' id='word_1_31' title='bbox 361 608 607 687; x_wconf 81' lang='grc' dir='ltr'>βαπτίζω</span> <span class='ocrx_word' id='word_1_32' title='bbox 667 608 718 666; x_wconf 75' lang='grc' dir='ltr'>ἐν</span> <span class='ocrx_word' id='word_1_33' title='bbox 790 608 944 666; x_wconf 77' lang='grc' dir='ltr'>ὕδατι</span> <span class='ocrx_word' id='word_1_34' title='bbox 1004 611 1081 674; x_wconf 72' lang='grc' dir='ltr'>εἷς</span> <span class='ocrx_word' id='word_1_35' title='bbox 1144 613 1451 685; x_wconf 83' lang='grc' dir='ltr'>μετάνοιαν·</span> <span class='ocrx_word' id='word_1_36' title='bbox 1515 611 1661 666; x_wconf 78' lang='grc' dir='ltr'>Ἐπεὶ</span> <span class='ocrx_word' id='word_1_37' title='bbox 1714 607 1840 685; x_wconf 80' lang='grc' dir='ltr'>γοῦν</span> <span class='ocrx_word' id='word_1_38' title='bbox 1895 611 2006 682; x_wconf 84' lang='grc'>(33)</span> 
     </span>
    </p>
   </div>
   <div class='ocr_carea' id='block_1_7' title="bbox 354 697 2007 778">
    <p class='ocr_par' dir='ltr' id='par_1_7' title="bbox 354 697 2007 778">
     <span class='ocr_line' id='line_1_7' title="bbox 354 697 2007 778; baseline -0.002 -23"><span class='ocrx_word' id='word_1_39' title='bbox 354 698 638 778; x_wconf 76' lang='grc' dir='ltr'>ἀμφότερα</span> <span class='ocrx_word' id='word_1_40' title='bbox 689 704 920 775; x_wconf 78' lang='grc' dir='ltr'>συνῆψεν</span> <span class='ocrx_word' id='word_1_41' title='bbox 981 702 1008 755; x_wconf 99' lang='lat'>6</span> <span class='ocrx_word' id='word_1_42' title='bbox 1057 700 1277 777; x_wconf 81' lang='grc' dir='ltr'>Κύριος,</span> <span class='ocrx_word' id='word_1_43' title='bbox 1327 700 1389 756; x_wconf 87' lang='grc' dir='ltr'>τό</span> <span class='ocrx_word' id='word_1_44' title='bbox 1446 721 1505 754; x_wconf 88' lang='grc' dir='ltr'>τε</span> <span class='ocrx_word' id='word_1_45' title='bbox 1564 700 1650 770; x_wconf 82' lang='grc' dir='ltr'>Ἐξ</span> <span class='ocrx_word' id='word_1_46' title='bbox 1710 697 1900 760; x_wconf 77' lang='grc' dir='ltr'>ὕδατος</span> <span class='ocrx_word' id='word_1_47' title='bbox 1933 698 2007 760; x_wconf 81' lang='grc' dir='ltr'>είς</span> 
     </span>
    </p>
   </div>
   <div class='ocr_carea' id='block_1_8' title="bbox 359 788 2005 864">
    <p class='ocr_par' dir='ltr' id='par_1_8' title="bbox 359 788 2005 864">
     <span class='ocr_line' id='line_1_8' title="bbox 359 788 2005 864; baseline -0.001 -20"><span class='ocrx_word' id='word_1_48' title='bbox 359 789 669 864; x_wconf 77' lang='grc' dir='ltr'>μετάνοιαν⁹</span> <span class='ocrx_word' id='word_1_49' title='bbox 745 791 831 844; x_wconf 79' lang='grc' dir='ltr'>καὶ</span> <span class='ocrx_word' id='word_1_50' title='bbox 902 791 963 844; x_wconf 86' lang='grc' dir='ltr'>τὸ</span> <span class='ocrx_word' id='word_1_51' title='bbox 1037 791 1126 847; x_wconf 87' lang='grc' dir='ltr'>Ἐκ</span> <span class='ocrx_word' id='word_1_52' title='bbox 1202 789 1518 864; x_wconf 84' lang='grc' dir='ltr'>Πνεύματος</span> <span class='ocrx_word' id='word_1_53' title='bbox 1578 789 1655 851; x_wconf 81' lang='grc' dir='ltr'>είς</span> <span class='ocrx_word' id='word_1_54' title='bbox 1710 788 2005 862; x_wconf 80' lang='grc' dir='ltr'>ἀναγὲννη-</span> 
     </span>
    </p>
   </div>
   <div class='ocr_carea' id='block_1_9' title="bbox 353 875 2004 957">
    <p class='ocr_par' dir='ltr' id='par_1_9' title="bbox 353 875 2004 957">
     <span class='ocr_line' id='line_1_9' title="bbox 353 875 2004 957; baseline -0.002 -23"><span class='ocrx_word' id='word_1_55' title='bbox 353 900 437 934; x_wconf 92' lang='grc' dir='ltr'>σιν</span> <span class='ocrx_word' id='word_1_56' title='bbox 469 880 605 952; x_wconf 81' lang='grc'>(34),</span> <span class='ocrx_word' id='word_1_57' title='bbox 638 875 728 933; x_wconf 79' lang='grc' dir='ltr'>καί</span> <span class='ocrx_word' id='word_1_58' title='bbox 759 880 786 933; x_wconf 93' lang='lat'>6</span> <span class='ocrx_word' id='word_1_59' title='bbox 818 876 986 955; x_wconf 83' lang='grc' dir='ltr'>λόγος</span> <span class='ocrx_word' id='word_1_60' title='bbox 1027 878 1317 935; x_wconf 76' lang='grc' dir='ltr'>αἰνίσσεται</span> <span class='ocrx_word' id='word_1_61' title='bbox 1359 878 1638 957; x_wconf 78' lang='grc' dir='ltr'>ἀμφότερα</span> <span class='ocrx_word' id='word_1_62' title='bbox 1690 880 1757 932; x_wconf 83' lang='lat'>:6</span> <span class='ocrx_word' id='word_1_63' title='bbox 1817 876 2004 953; x_wconf 85' lang='grc' dir='ltr'>βαπτί-</span> 
     </span>
    </p>
   </div>
   <div class='ocr_carea' id='block_1_10' title="bbox 352 967 2004 1044">
    <p class='ocr_par' dir='ltr' id='par_1_10' title="bbox 352 967 2004 1044">
     <span class='ocr_line' id='line_1_10' title="bbox 352 967 2004 1044; baseline -0.002 -20"><span class='ocrx_word' id='word_1_64' title='bbox 352 989 550 1043; x_wconf 88' lang='grc' dir='ltr'>σματα.</span> <span class='ocrx_word' id='word_1_65' title='bbox 583 969 816 1039; x_wconf 81' lang='grc' dir='ltr'>Μήποτε</span> <span class='ocrx_word' id='word_1_66' title='bbox 843 974 989 1044; x_wconf 86' lang='grc' dir='ltr'>τρεῖς</span> <span class='ocrx_word' id='word_1_67' title='bbox 1017 968 1147 1024; x_wconf 77' lang='grc' dir='ltr'>εἰσιν</span> <span class='ocrx_word' id='word_1_68' title='bbox 1200 971 1254 1024; x_wconf 76' lang='grc' dir='ltr'>αἱ</span> <span class='ocrx_word' id='word_1_69' title='bbox 1287 967 1520 1024; x_wconf 75' lang='grc' dir='ltr'>ἑπινοιαι</span> <span class='ocrx_word' id='word_1_70' title='bbox 1549 972 1648 1023; x_wconf 89' lang='grc' dir='ltr'>τοῦ</span> <span class='ocrx_word' id='word_1_71' title='bbox 1701 967 2004 1042; x_wconf 83' lang='grc' dir='ltr'>βαπτίσμα-</span> 
     </span>
    </p>
   </div>
   <div class='ocr_carea' id='block_1_11' title="bbox 349 1055 2005 1134">
    <p class='ocr_par' dir='ltr' id='par_1_11' title="bbox 349 1055 2005 1134">
     <span class='ocr_line' id='line_1_11' title="bbox 349 1055 2005 1134; baseline -0.002 -21"><span class='ocrx_word' id='word_1_72' title='bbox 349 1079 462 1126; x_wconf 85' lang='grc' dir='ltr'>τος,</span> <span class='ocrx_word' id='word_1_73' title='bbox 519 1057 548 1111; x_wconf 78' lang='lat'>&#39;6</span> <span class='ocrx_word' id='word_1_74' title='bbox 574 1078 632 1112; x_wconf 88' lang='grc' dir='ltr'>τε</span> <span class='ocrx_word' id='word_1_75' title='bbox 655 1061 753 1112; x_wconf 87' lang='grc' dir='ltr'>τοῦ</span> <span class='ocrx_word' id='word_1_76' title='bbox 781 1056 957 1134; x_wconf 75' lang='grc' dir='ltr'>ῥύπου</span> <span class='ocrx_word' id='word_1_77' title='bbox 987 1059 1350 1133; x_wconf 83' lang='grc' dir='ltr'>καθαρισμὸς,</span> <span class='ocrx_word' id='word_1_78' title='bbox 1383 1057 1473 1113; x_wconf 85' lang='grc' dir='ltr'>καὶ</span> <span class='ocrx_word' id='word_1_79' title='bbox 1505 1060 1540 1128; x_wconf 78' lang='grc' dir='ltr'>ἡ</span> <span class='ocrx_word' id='word_1_80' title='bbox 1570 1055 1660 1112; x_wconf 84' lang='grc' dir='ltr'>διὰ</span> <span class='ocrx_word' id='word_1_81' title='bbox 1687 1062 1784 1112; x_wconf 85' lang='grc' dir='ltr'>τοῦ</span> <span class='ocrx_word' id='word_1_82' title='bbox 1836 1057 2005 1113; x_wconf 75' lang='grc' dir='ltr'>Ηνεύ-</span> 
     </span>
    </p>
   </div>
   <div class='ocr_carea' id='block_1_12' title="bbox 356 1145 2004 1222">
    <p class='ocr_par' dir='ltr' id='par_1_12' title="bbox 356 1145 2004 1222">
     <span class='ocr_line' id='line_1_12' title="bbox 356 1145 2004 1222; baseline -0.001 -20"><span class='ocrx_word' id='word_1_83' title='bbox 356 1166 518 1221; x_wconf 83' lang='grc' dir='ltr'>ματος</span> <span class='ocrx_word' id='word_1_84' title='bbox 568 1145 936 1222; x_wconf 76' lang='grc' dir='ltr'>ἀναγέννησις,</span> <span class='ocrx_word' id='word_1_85' title='bbox 998 1148 1086 1202; x_wconf 81' lang='grc' dir='ltr'>καὶ</span> <span class='ocrx_word' id='word_1_86' title='bbox 1148 1150 1182 1216; x_wconf 77' lang='grc' dir='ltr'><strong>ἡ</strong></span> <span class='ocrx_word' id='word_1_87' title='bbox 1229 1147 1281 1202; x_wconf 64' lang='grc' dir='ltr'>ἄν</span> <span class='ocrx_word' id='word_1_88' title='bbox 1331 1153 1412 1220; x_wconf 78' lang='grc' dir='ltr'>τῷ</span> <span class='ocrx_word' id='word_1_89' title='bbox 1453 1147 1585 1222; x_wconf 85' lang='grc' dir='ltr'>πυρὶ</span> <span class='ocrx_word' id='word_1_90' title='bbox 1629 1153 1732 1216; x_wconf 79' lang='grc' dir='ltr'>τῆς</span> <span class='ocrx_word' id='word_1_91' title='bbox 1776 1145 2004 1222; x_wconf 79' lang='grc' dir='ltr'>κρίσεως</span> 
     </span>
    </p>
   </div>
   <div class='ocr_carea' id='block_1_13' title="bbox 357 1231 2002 1312">
    <p class='ocr_par' dir='ltr' id='par_1_13' title="bbox 357 1231 2002 1312">
     <span class='ocr_line' id='line_1_13' title="bbox 357 1231 2002 1312; baseline -0.001 -22"><span class='ocrx_word' id='word_1_92' title='bbox 357 1237 604 1312; x_wconf 84' lang='grc' dir='ltr'>βάσανος,</span> <span class='ocrx_word' id='word_1_93' title='bbox 636 1233 774 1291; x_wconf 83' lang='grc' dir='ltr'>ὥστε</span> <span class='ocrx_word' id='word_1_94' title='bbox 802 1237 864 1291; x_wconf 82' lang='grc' dir='ltr'>τὸ</span> <span class='ocrx_word' id='word_1_95' title='bbox 899 1237 993 1310; x_wconf 73' lang='grc' dir='ltr'>μὶν</span> <span class='ocrx_word' id='word_1_96' title='bbox 1046 1231 1336 1292; x_wconf 83' lang='grc' dir='ltr'>ἔκπλύνειν</span> <span class='ocrx_word' id='word_1_97' title='bbox 1394 1237 1531 1312; x_wconf 89' lang='grc' dir='ltr'>πρὸς</span> <span class='ocrx_word' id='word_1_98' title='bbox 1585 1237 1684 1305; x_wconf 77' lang='grc' dir='ltr'>τήν</span> <span class='ocrx_word' id='word_1_99' title='bbox 1719 1233 1825 1291; x_wconf 76' lang='grc' dir='ltr'>ὦδε</span> <span class='ocrx_word' id='word_1_100' title='bbox 1867 1235 2002 1290; x_wconf 83' lang='grc' dir='ltr'>ἀπο-</span> 
     </span>
    </p>
   </div>
   <div class='ocr_carea' id='block_1_14' title="bbox 351 1321 2005 1402">
    <p class='ocr_par' dir='ltr' id='par_1_14' title="bbox 351 1321 2005 1402">
     <span class='ocr_line' id='line_1_14' title="bbox 351 1321 2005 1402; baseline -0.002 -22"><span class='ocrx_word' id='word_1_101' title='bbox 351 1337 490 1390; x_wconf 83' lang='grc' dir='ltr'>θεσιν</span> <span class='ocrx_word' id='word_1_102' title='bbox 563 1331 664 1395; x_wconf 82' lang='grc' dir='ltr'>τῆς</span> <span class='ocrx_word' id='word_1_103' title='bbox 723 1326 988 1402; x_wconf 79' lang='grc' dir='ltr'>ἁμαρτίας</span> <span class='ocrx_word' id='word_1_104' title='bbox 1050 1321 1456 1400; x_wconf 78' lang='grc' dir='ltr'>λαμϐάνεσθαι’</span> <span class='ocrx_word' id='word_1_105' title='bbox 1507 1327 1570 1381; x_wconf 88' lang='grc' dir='ltr'>τὸ</span> <span class='ocrx_word' id='word_1_106' title='bbox 1623 1323 1680 1380; x_wconf 75' lang='grc' dir='ltr'>δὲ</span> <span class='ocrx_word' id='word_1_107' title='bbox 1736 1324 2005 1397; x_wconf 85' lang='grc' dir='ltr'>πνεύματι</span> 
     </span>
    </p>
   </div>
   <div class='ocr_carea' id='block_1_15' title="bbox 344 1413 2005 1492">
    <p class='ocr_par' dir='ltr' id='par_1_15' title="bbox 344 1413 2005 1492">
     <span class='ocr_line' id='line_1_15' title="bbox 344 1413 2005 1492; baseline -0.001 -23"><span class='ocrx_word' id='word_1_108' title='bbox 344 1414 615 1489; x_wconf 83' lang='grc' dir='ltr'>κρίσεως,</span> <span class='ocrx_word' id='word_1_109' title='bbox 673 1414 763 1470; x_wconf 82' lang='grc' dir='ltr'>καὶ</span> <span class='ocrx_word' id='word_1_110' title='bbox 814 1415 1082 1490; x_wconf 88' lang='grc' dir='ltr'>πνεύματι</span> <span class='ocrx_word' id='word_1_111' title='bbox 1139 1415 1421 1487; x_wconf 89' lang='grc' dir='ltr'>καύσεως,</span> <span class='ocrx_word' id='word_1_112' title='bbox 1478 1416 1616 1492; x_wconf 84' lang='grc' dir='ltr'>πρὸς</span> <span class='ocrx_word' id='word_1_113' title='bbox 1668 1416 1766 1483; x_wconf 71' lang='grc' dir='ltr'>τήν</span> <span class='ocrx_word' id='word_1_114' title='bbox 1825 1413 1876 1469; x_wconf 77' lang='lat' dir='ltr'>iv</span> <span class='ocrx_word' id='word_1_115' title='bbox 1925 1419 2005 1486; x_wconf 82' lang='grc' dir='ltr'>τῷ</span> 
     </span>
    </p>
   </div>
   <div class='ocr_carea' id='block_1_16' title="bbox 350 1501 2006 1580">
    <p class='ocr_par' dir='ltr' id='par_1_16' title="bbox 350 1501 2006 1580">
     <span class='ocr_line' id='line_1_16' title="bbox 350 1501 2006 1580; baseline -0.001 -21"><span class='ocrx_word' id='word_1_116' title='bbox 350 1503 613 1577; x_wconf 69' lang='grc' dir='ltr'>μέλλοντι</span> <span class='ocrx_word' id='word_1_117' title='bbox 646 1504 802 1559; x_wconf 83' lang='grc' dir='ltr'>αίῶνι</span> <span class='ocrx_word' id='word_1_118' title='bbox 836 1503 926 1560; x_wconf 77' lang='grc' dir='ltr'>διὰ</span> <span class='ocrx_word' id='word_1_119' title='bbox 955 1511 1056 1560; x_wconf 86' lang='grc' dir='ltr'>τοῦ</span> <span class='ocrx_word' id='word_1_120' title='bbox 1086 1506 1256 1580; x_wconf 87' lang='grc' dir='ltr'>πυρὸς</span> <span class='ocrx_word' id='word_1_121' title='bbox 1289 1503 1627 1579; x_wconf 81' lang='grc' dir='ltr'>δοκιμασίαν.</span> <span class='ocrx_word' id='word_1_122' title='bbox 1679 1503 1895 1559; x_wconf 74' lang='grc' dir='ltr'>Δέονται</span> <span class='ocrx_word' id='word_1_123' title='bbox 1949 1501 2006 1558; x_wconf 76' lang='grc' dir='ltr'>δὲ</span> 
     </span>
    </p>
   </div>
   <div class='ocr_carea' id='block_1_17' title="bbox 348 1591 2000 1671">
    <p class='ocr_par' dir='ltr' id='par_1_17' title="bbox 348 1591 2000 1671">
     <span class='ocr_line' id='line_1_17' title="bbox 348 1591 2000 1671; baseline -0.001 -24"><span class='ocrx_word' id='word_1_124' title='bbox 348 1594 404 1648; x_wconf 78' lang='grc' dir='ltr'>αὶ</span> <span class='ocrx_word' id='word_1_125' title='bbox 442 1593 536 1667; x_wconf 74' lang='grc' dir='ltr'>μὲν</span> <span class='ocrx_word' id='word_1_126' title='bbox 568 1593 685 1648; x_wconf 87' lang='grc' dir='ltr'>κατ’</span> <span class='ocrx_word' id='word_1_127' title='bbox 717 1591 934 1669; x_wconf 78' lang='grc' dir='ltr'>ἄγνοιαν</span> <span class='ocrx_word' id='word_1_128' title='bbox 964 1594 1246 1670; x_wconf 81' lang='grc' dir='ltr'>ἁμαρτίαι,</span> <span class='ocrx_word' id='word_1_129' title='bbox 1302 1596 1437 1650; x_wconf 73' lang='grc' dir='ltr'>οἳνεὶ</span> <span class='ocrx_word' id='word_1_130' title='bbox 1493 1594 1665 1671; x_wconf 77' lang='grc' dir='ltr'>ῥύπος</span> <span class='ocrx_word' id='word_1_131' title='bbox 1714 1614 1797 1655; x_wconf 87' lang='grc' dir='ltr'>τις</span> <span class='ocrx_word' id='word_1_132' title='bbox 1826 1591 2000 1662; x_wconf 74' lang='grc' dir='ltr'>οὖσαι,</span> 
     </span>
    </p>
   </div>
   <div class='ocr_carea' id='block_1_18' title="bbox 348 1681 2002 1761">
    <p class='ocr_par' dir='ltr' id='par_1_18' title="bbox 348 1681 2002 1761">
     <span class='ocr_line' id='line_1_18' title="bbox 348 1681 2002 1761; baseline -0.001 -25"><span class='ocrx_word' id='word_1_133' title='bbox 348 1683 449 1752; x_wconf 79' lang='grc' dir='ltr'>τήν</span> <span class='ocrx_word' id='word_1_134' title='bbox 477 1681 784 1761; x_wconf 70' lang='grc' dir='ltr'>επιφάνειαν</span> <span class='ocrx_word' id='word_1_135' title='bbox 810 1687 910 1751; x_wconf 81' lang='grc' dir='ltr'>τῆς</span> <span class='ocrx_word' id='word_1_136' title='bbox 941 1687 1126 1761; x_wconf 81' lang='grc' dir='ltr'>ψυχῆς</span> <span class='ocrx_word' id='word_1_137' title='bbox 1158 1683 1538 1760; x_wconf 79' lang='grc' dir='ltr'>ἀφανίζουσαι,</span> <span class='ocrx_word' id='word_1_138' title='bbox 1599 1684 1690 1738; x_wconf 79' lang='grc' dir='ltr'>καὶ</span> <span class='ocrx_word' id='word_1_139' title='bbox 1715 1687 1795 1755; x_wconf 79' lang='grc' dir='ltr'>τῷ</span> <span class='ocrx_word' id='word_1_140' title='bbox 1844 1703 2002 1759; x_wconf 88' lang='grc' dir='ltr'>φυσι-</span> 
     </span>
    </p>
   </div>
   <div class='ocr_carea' id='block_1_19' title="bbox 348 1770 2004 1848">
    <p class='ocr_par' dir='ltr' id='par_1_19' title="bbox 348 1770 2004 1848">
     <span class='ocr_line' id='line_1_19' title="bbox 348 1770 2004 1848; baseline -0.001 -22"><span class='ocrx_word' id='word_1_141' title='bbox 348 1776 430 1844; x_wconf 84' lang='grc' dir='ltr'>κῷ</span> <span class='ocrx_word' id='word_1_142' title='bbox 471 1770 665 1827; x_wconf 81' lang='grc' dir='ltr'>κάλλει</span> <span class='ocrx_word' id='word_1_143' title='bbox 698 1771 864 1843; x_wconf 84' lang='grc' dir='ltr'>αὐτῆς</span> <span class='ocrx_word' id='word_1_144' title='bbox 890 1773 1313 1848; x_wconf 84' lang='grc' dir='ltr'>λυμαινόμεναι,</span> <span class='ocrx_word' id='word_1_145' title='bbox 1365 1777 1461 1829; x_wconf 88' lang='grc' dir='ltr'>τοῦ</span> <span class='ocrx_word' id='word_1_146' title='bbox 1515 1773 1574 1828; x_wconf 79' lang='grc' dir='ltr'>ἐκ</span> <span class='ocrx_word' id='word_1_147' title='bbox 1600 1779 1702 1842; x_wconf 80' lang='grc' dir='ltr'>τῆς</span> <span class='ocrx_word' id='word_1_148' title='bbox 1755 1771 2004 1832; x_wconf 77' lang='grc' dir='ltr'>πλύσεως</span> 
     </span>
    </p>
   </div>
   <div class='ocr_carea' id='block_1_20' title="bbox 2117 609 3774 685">
    <p class='ocr_par' dir='ltr' id='par_1_20' title="bbox 2117 609 3774 685">
     <span class='ocr_line' id='line_1_20' title="bbox 2117 609 3774 685; baseline 0.004 -22"><span class='ocrx_word' id='word_1_149' title='bbox 2117 609 2412 664; x_wconf 81' lang='lat' dir='ltr'>nitentium</span> <span class='ocrx_word' id='word_1_150' title='bbox 2433 610 2470 664; x_wconf 80' lang='grc'>⁸.</span> <span class='ocrx_word' id='word_1_151' title='bbox 2522 609 2810 673; x_wconf 83' lang='lat' dir='ltr'>Quoniam</span> <span class='ocrx_word' id='word_1_152' title='bbox 2861 609 3042 682; x_wconf 81' lang='lat' dir='ltr'>igitur</span> <span class='ocrx_word' id='word_1_153' title='bbox 3095 613 3413 683; x_wconf 88' lang='lat' dir='ltr'>utrumque</span> <span class='ocrx_word' id='word_1_154' title='bbox 3464 615 3774 685; x_wconf 81' lang='lat' dir='ltr'>conjunxit</span> 
     </span>
    </p>
   </div>
   <div class='ocr_carea' id='block_1_21' title="bbox 2117 698 3769 772">
    <p class='ocr_par' dir='ltr' id='par_1_21' title="bbox 2117 698 3769 772">
     <span class='ocr_line' id='line_1_21' title="bbox 2117 698 3769 772; baseline 0.005 -19"><span class='ocrx_word' id='word_1_155' title='bbox 2117 699 2421 768; x_wconf 83' lang='lat' dir='ltr'>Dominus,</span> <span class='ocrx_word' id='word_1_156' title='bbox 2477 698 2644 765; x_wconf 90' lang='lat' dir='ltr'>illud,</span> <span class='ocrx_word' id='word_1_157' title='bbox 2690 699 2765 752; x_wconf 85' lang='lat' dir='ltr'>Ex</span> <span class='ocrx_word' id='word_1_158' title='bbox 2824 716 2972 770; x_wconf 86' lang='lat' dir='ltr'>aqua</span> <span class='ocrx_word' id='word_1_159' title='bbox 3030 699 3087 754; x_wconf 91' lang='lat' dir='ltr'>in</span> <span class='ocrx_word' id='word_1_160' title='bbox 3143 701 3588 772; x_wconf 74' lang='lat' dir='ltr'>paenitentiam:</span> <span class='ocrx_word' id='word_1_161' title='bbox 3629 703 3769 761; x_wconf 86' lang='lat' dir='ltr'>item</span> 
     </span>
    </p>
   </div>
   <div class='ocr_carea' id='block_1_22' title="bbox 2116 787 3770 865">
    <p class='ocr_par' dir='ltr' id='par_1_22' title="bbox 2116 787 3770 865">
     <span class='ocr_line' id='line_1_22' title="bbox 2116 787 3770 865; baseline 0.005 -22"><span class='ocrx_word' id='word_1_162' title='bbox 2116 788 2282 854; x_wconf 88' lang='lat' dir='ltr'>illud,</span> <span class='ocrx_word' id='word_1_163' title='bbox 2304 789 2381 843; x_wconf 89' lang='lat' dir='ltr'><strong>Ex</strong></span> <span class='ocrx_word' id='word_1_164' title='bbox 2403 788 2610 860; x_wconf 81' lang='lat' dir='ltr'>spiritu</span> <span class='ocrx_word' id='word_1_165' title='bbox 2635 787 2692 842; x_wconf 93' lang='lat' dir='ltr'>in</span> <span class='ocrx_word' id='word_1_166' title='bbox 2724 790 3249 858; x_wconf 80' lang='lat' dir='ltr'>regenerationem;</span> <span class='ocrx_word' id='word_1_167' title='bbox 3273 791 3448 846; x_wconf 90' lang='lat' dir='ltr'>etiam</span> <span class='ocrx_word' id='word_1_168' title='bbox 3473 792 3770 865; x_wconf 82' lang='lat' dir='ltr'>baptisma</span> 
     </span>
    </p>
   </div>
   <div class='ocr_carea' id='block_1_23' title="bbox 2117 878 3766 950">
    <p class='ocr_par' dir='ltr' id='par_1_23' title="bbox 2117 878 3766 950">
     <span class='ocr_line' id='line_1_23' title="bbox 2117 878 3766 950; baseline 0.004 -18"><span class='ocrx_word' id='word_1_169' title='bbox 2117 883 2428 950; x_wconf 86' lang='lat' dir='ltr'>utrumque</span> <span class='ocrx_word' id='word_1_170' title='bbox 2468 878 2733 949; x_wconf 83' lang='lat' dir='ltr'>designat</span> <span class='ocrx_word' id='word_1_171' title='bbox 2763 879 3084 949; x_wconf 83' lang='lat' dir='ltr'>Scriptura.</span> <span class='ocrx_word' id='word_1_172' title='bbox 3112 880 3393 950; x_wconf 86' lang='lat' dir='ltr'>Equidem</span> <span class='ocrx_word' id='word_1_173' title='bbox 3438 881 3595 938; x_wconf 90' lang='lat' dir='ltr'>haud</span> <span class='ocrx_word' id='word_1_174' title='bbox 3645 883 3766 939; x_wconf 90' lang='lat' dir='ltr'>soio</span> 
     </span>
    </p>
   </div>
   <div class='ocr_carea' id='block_1_24' title="bbox 2117 967 3765 1044">
    <p class='ocr_par' dir='ltr' id='par_1_24' title="bbox 2117 967 3765 1044">
     <span class='ocr_line' id='line_1_24' title="bbox 2117 967 3765 1044; baseline 0.003 -21"><span class='ocrx_word' id='word_1_175' title='bbox 2117 985 2189 1023; x_wconf 90' lang='lat' dir='ltr'>an</span> <span class='ocrx_word' id='word_1_176' title='bbox 2234 972 2353 1023; x_wconf 89' lang='lat' dir='ltr'>tres</span> <span class='ocrx_word' id='word_1_177' title='bbox 2401 967 2519 1022; x_wconf 90' lang='lat' dir='ltr'>sint</span> <span class='ocrx_word' id='word_1_178' title='bbox 2571 967 2940 1039; x_wconf 82' lang='lat' dir='ltr'>baptismatis</span> <span class='ocrx_word' id='word_1_179' title='bbox 2985 967 3372 1041; x_wconf 90' lang='lat' dir='ltr'>acceptiones,</span> <span class='ocrx_word' id='word_1_180' title='bbox 3423 971 3765 1044; x_wconf 84' lang='lat' dir='ltr'>expurgatio</span> 
     </span>
    </p>
   </div>
   <div class='ocr_carea' id='block_1_25' title="bbox 2115 1057 3767 1133">
    <p class='ocr_par' dir='ltr' id='par_1_25' title="bbox 2115 1057 3767 1133">
     <span class='ocr_line' id='line_1_25' title="bbox 2115 1057 3767 1133; baseline 0.003 -20"><span class='ocrx_word' id='word_1_181' title='bbox 2115 1058 2402 1124; x_wconf 89' lang='lat' dir='ltr'>sordium,</span> <span class='ocrx_word' id='word_1_182' title='bbox 2437 1058 2797 1128; x_wconf 83' lang='lat' dir='ltr'>regeneratio</span> <span class='ocrx_word' id='word_1_183' title='bbox 2851 1073 2952 1129; x_wconf 90' lang='lat' dir='ltr'>per</span> <span class='ocrx_word' id='word_1_184' title='bbox 2993 1057 3298 1128; x_wconf 84' lang='lat' dir='ltr'>Spiritum,</span> <span class='ocrx_word' id='word_1_185' title='bbox 3333 1062 3389 1115; x_wconf 91' lang='lat' dir='ltr'>et</span> <span class='ocrx_word' id='word_1_186' title='bbox 3435 1076 3502 1116; x_wconf 90' lang='lat' dir='ltr'>ea</span> <span class='ocrx_word' id='word_1_187' title='bbox 3551 1078 3676 1133; x_wconf 67' lang='lat' dir='ltr'>quas</span> <span class='ocrx_word' id='word_1_188' title='bbox 3706 1061 3767 1118; x_wconf 91' lang='lat' dir='ltr'>in</span> 
     </span>
    </p>
   </div>
   <div class='ocr_carea' id='block_1_26' title="bbox 2114 1147 3768 1222">
    <p class='ocr_par' dir='ltr' id='par_1_26' title="bbox 2114 1147 3768 1222">
     <span class='ocr_line' id='line_1_26' title="bbox 2114 1147 3768 1222; baseline 0.004 -19"><span class='ocrx_word' id='word_1_189' title='bbox 2114 1148 2248 1221; x_wconf 90' lang='lat' dir='ltr'>igne</span> <span class='ocrx_word' id='word_1_190' title='bbox 2271 1147 2480 1220; x_wconf 90' lang='lat' dir='ltr'>judicii</span> <span class='ocrx_word' id='word_1_191' title='bbox 2512 1149 2576 1202; x_wconf 81' lang='lat' dir='ltr'>tit</span> <span class='ocrx_word' id='word_1_192' title='bbox 2607 1148 2873 1220; x_wconf 86' lang='lat' dir='ltr'>probatio</span> <span class='ocrx_word' id='word_1_193' title='bbox 2901 1166 2912 1203; x_wconf 94' lang='lat'>:</span> <span class='ocrx_word' id='word_1_194' title='bbox 2938 1150 3080 1204; x_wconf 88' lang='lat' dir='ltr'>adeo</span> <span class='ocrx_word' id='word_1_195' title='bbox 3104 1154 3168 1204; x_wconf 91' lang='lat' dir='ltr'>ut</span> <span class='ocrx_word' id='word_1_196' title='bbox 3198 1149 3415 1206; x_wconf 91' lang='lat' dir='ltr'>ablutio</span> <span class='ocrx_word' id='word_1_197' title='bbox 3436 1152 3672 1222; x_wconf 86' lang='lat' dir='ltr'>quidem</span> <span class='ocrx_word' id='word_1_198' title='bbox 3696 1154 3768 1210; x_wconf 88' lang='lat' dir='ltr'>de</span> 
     </span>
    </p>
   </div>
   <div class='ocr_carea' id='block_1_27' title="bbox 2115 1238 3766 1312">
    <p class='ocr_par' dir='ltr' id='par_1_27' title="bbox 2115 1238 3766 1312">
     <span class='ocr_line' id='line_1_27' title="bbox 2115 1238 3766 1312; baseline 0.002 -17"><span class='ocrx_word' id='word_1_199' title='bbox 2115 1255 2182 1295; x_wconf 91' lang='lat' dir='ltr'>ea</span> <span class='ocrx_word' id='word_1_200' title='bbox 2214 1238 2432 1310; x_wconf 85' lang='lat' dir='ltr'>peccati</span> <span class='ocrx_word' id='word_1_201' title='bbox 2465 1238 2846 1310; x_wconf 87' lang='lat' dir='ltr'>depositione,</span> <span class='ocrx_word' id='word_1_202' title='bbox 2873 1255 3000 1310; x_wconf 84' lang='lat' dir='ltr'>quas</span> <span class='ocrx_word' id='word_1_203' title='bbox 3046 1238 3155 1294; x_wconf 85' lang='lat' dir='ltr'>hoc</span> <span class='ocrx_word' id='word_1_204' title='bbox 3203 1243 3464 1312; x_wconf 86' lang='lat' dir='ltr'>tempore</span> <span class='ocrx_word' id='word_1_205' title='bbox 3494 1242 3580 1312; x_wconf 84' lang='lat' dir='ltr'>fit,</span> <span class='ocrx_word' id='word_1_206' title='bbox 3613 1242 3766 1298; x_wconf 83' lang='lat' dir='ltr'>acci-</span> 
     </span>
    </p>
   </div>
   <div class='ocr_carea' id='block_1_28' title="bbox 2115 1325 3771 1403">
    <p class='ocr_par' dir='ltr' id='par_1_28' title="bbox 2115 1325 3771 1403">
     <span class='ocr_line' id='line_1_28' title="bbox 2115 1325 3771 1403; baseline 0.005 -23"><span class='ocrx_word' id='word_1_207' title='bbox 2115 1326 2330 1398; x_wconf 87' lang='lat' dir='ltr'>piatur,</span> <span class='ocrx_word' id='word_1_208' title='bbox 2366 1325 2452 1380; x_wconf 78' lang='lat' dir='ltr'>ha3</span> <span class='ocrx_word' id='word_1_209' title='bbox 2485 1343 2616 1381; x_wconf 91' lang='lat' dir='ltr'>vero</span> <span class='ocrx_word' id='word_1_210' title='bbox 2649 1327 2956 1396; x_wconf 86' lang='lat' dir='ltr'>dictiones,</span> <span class='ocrx_word' id='word_1_211' title='bbox 2982 1329 3184 1398; x_wconf 78' lang='lat' dir='ltr'>spiritu</span> <span class='ocrx_word' id='word_1_212' title='bbox 3215 1329 3442 1399; x_wconf 72' lang='lat' dir='ltr'>iudicii,</span> <span class='ocrx_word' id='word_1_213' title='bbox 3475 1335 3532 1386; x_wconf 89' lang='lat' dir='ltr'>et</span> <span class='ocrx_word' id='word_1_214' title='bbox 3558 1331 3771 1403; x_wconf 74' lang='lat' dir='ltr'>spiritu</span> 
     </span>
    </p>
   </div>
   <div class='ocr_carea' id='block_1_29' title="bbox 2113 1415 3769 1489">
    <p class='ocr_par' dir='ltr' id='par_1_29' title="bbox 2113 1415 3769 1489">
     <span class='ocr_line' id='line_1_29' title="bbox 2113 1415 3769 1489; baseline 0.004 -18"><span class='ocrx_word' id='word_1_215' title='bbox 2113 1416 2528 1483; x_wconf 69' lang='lat' dir='ltr'>combustionis,</span> <span class='ocrx_word' id='word_1_216' title='bbox 2561 1415 2633 1471; x_wconf 88' lang='lat' dir='ltr'>ad</span> <span class='ocrx_word' id='word_1_217' title='bbox 2682 1416 3084 1486; x_wconf 88' lang='lat' dir='ltr'>probationem</span> <span class='ocrx_word' id='word_1_218' title='bbox 3118 1433 3222 1488; x_wconf 91' lang='lat' dir='ltr'>per</span> <span class='ocrx_word' id='word_1_219' title='bbox 3251 1417 3444 1489; x_wconf 88' lang='lat' dir='ltr'>ignem</span> <span class='ocrx_word' id='word_1_220' title='bbox 3480 1419 3538 1475; x_wconf 89' lang='lat' dir='ltr'>in</span> <span class='ocrx_word' id='word_1_221' title='bbox 3572 1421 3769 1479; x_wconf 87' lang='lat' dir='ltr'>futuro</span> 
     </span>
    </p>
   </div>
   <div class='ocr_carea' id='block_1_30' title="bbox 2116 1505 3772 1583">
    <p class='ocr_par' dir='ltr' id='par_1_30' title="bbox 2116 1505 3772 1583">
     <span class='ocr_line' id='line_1_30' title="bbox 2116 1505 3772 1583; baseline 0.005 -23"><span class='ocrx_word' id='word_1_222' title='bbox 2116 1505 2329 1561; x_wconf 67' lang='lat' dir='ltr'>saeculo</span> <span class='ocrx_word' id='word_1_223' title='bbox 2388 1506 2732 1577; x_wconf 80' lang='lat' dir='ltr'>exigendam</span> <span class='ocrx_word' id='word_1_224' title='bbox 2797 1506 3143 1560; x_wconf 84' lang='lat' dir='ltr'>referantur.</span> <span class='ocrx_word' id='word_1_225' title='bbox 3178 1507 3288 1562; x_wconf 90' lang='lat' dir='ltr'>Sed</span> <span class='ocrx_word' id='word_1_226' title='bbox 3349 1508 3611 1566; x_wconf 81' lang='lat' dir='ltr'>admissa</span> <span class='ocrx_word' id='word_1_227' title='bbox 3669 1527 3772 1583; x_wconf 85' lang='lat' dir='ltr'>per</span> 
     </span>
    </p>
   </div>
   <div class='ocr_carea' id='block_1_31' title="bbox 2113 1594 3772 1671">
    <p class='ocr_par' dir='ltr' id='par_1_31' title="bbox 2113 1594 3772 1671">
     <span class='ocr_line' id='line_1_31' title="bbox 2113 1594 3772 1671; baseline 0.004 -21"><span class='ocrx_word' id='word_1_228' title='bbox 2113 1595 2505 1667; x_wconf 84' lang='lat' dir='ltr'>ignorantiam</span> <span class='ocrx_word' id='word_1_229' title='bbox 2541 1598 2797 1666; x_wconf 88' lang='lat' dir='ltr'>peccata,</span> <span class='ocrx_word' id='word_1_230' title='bbox 2830 1611 2963 1650; x_wconf 91' lang='lat' dir='ltr'>cum</span> <span class='ocrx_word' id='word_1_231' title='bbox 3015 1594 3135 1650; x_wconf 91' lang='lat' dir='ltr'>sint</span> <span class='ocrx_word' id='word_1_232' title='bbox 3163 1595 3341 1652; x_wconf 90' lang='lat' dir='ltr'>veluti</span> <span class='ocrx_word' id='word_1_233' title='bbox 3377 1599 3579 1654; x_wconf 86' lang='lat' dir='ltr'>sordes</span> <span class='ocrx_word' id='word_1_234' title='bbox 3612 1616 3772 1671; x_wconf 76' lang='lat' dir='ltr'>quas-</span> 
     </span>
    </p>
   </div>
   <div class='ocr_carea' id='block_1_32' title="bbox 2115 1684 3771 1762">
    <p class='ocr_par' dir='ltr' id='par_1_32' title="bbox 2115 1684 3771 1762">
     <span class='ocr_line' id='line_1_32' title="bbox 2115 1684 3771 1762; baseline 0.003 -22"><span class='ocrx_word' id='word_1_235' title='bbox 2115 1686 2273 1753; x_wconf 89' lang='lat' dir='ltr'>dam,</span> <span class='ocrx_word' id='word_1_236' title='bbox 2299 1701 2426 1756; x_wconf 80' lang='lat' dir='ltr'>quae</span> <span class='ocrx_word' id='word_1_237' title='bbox 2459 1684 2666 1739; x_wconf 68' lang='lat' dir='ltr'>anima:</span> <span class='ocrx_word' id='word_1_238' title='bbox 2690 1684 3058 1754; x_wconf 81' lang='lat' dir='ltr'>superficiem</span> <span class='ocrx_word' id='word_1_239' title='bbox 3092 1691 3498 1758; x_wconf 91' lang='lat' dir='ltr'>corrumpunt,</span> <span class='ocrx_word' id='word_1_240' title='bbox 3523 1689 3771 1762; x_wconf 84' lang='lat' dir='ltr'>ejusque</span> 
     </span>
    </p>
   </div>
   <div class='ocr_carea' id='block_1_33' title="bbox 2115 1771 3769 1849">
    <p class='ocr_par' dir='ltr' id='par_1_33' title="bbox 2115 1771 3769 1849">
     <span class='ocr_line' id='line_1_33' title="bbox 2115 1771 3769 1849; baseline 0.003 -20"><span class='ocrx_word' id='word_1_241' title='bbox 2115 1773 2371 1829; x_wconf 87' lang='lat' dir='ltr'>nativam</span> <span class='ocrx_word' id='word_1_242' title='bbox 2406 1774 2737 1828; x_wconf 81' lang='lat' dir='ltr'>deformant</span> <span class='ocrx_word' id='word_1_243' title='bbox 2781 1771 3313 1844; x_wconf 80' lang='lat' dir='ltr'>pulchritudinem;</span> <span class='ocrx_word' id='word_1_244' title='bbox 3348 1777 3769 1849; x_wconf 82' lang='lat' dir='ltr'>expurgatione</span> 
     </span>
    </p>
   </div>
   <div class='ocr_carea' id='block_1_34' title="bbox 345 1859 2010 1957">
    <p class='ocr_par' dir='ltr' id='par_1_34' title="bbox 345 1859 2002 1940">
     <span class='ocr_line' id='line_1_34' title="bbox 345 1859 2002 1940; baseline -0.002 -23"><span class='ocrx_word' id='word_1_245' title='bbox 345 1862 708 1937; x_wconf 75' lang='grc' dir='ltr'>καθαρισμοῦο</span> <span class='ocrx_word' id='word_1_246' title='bbox 760 1864 816 1917; x_wconf 77' lang='grc' dir='ltr'>αἱ</span> <span class='ocrx_word' id='word_1_247' title='bbox 867 1859 924 1918; x_wconf 76' lang='grc' dir='ltr'><strong>δὶ</strong></span> <span class='ocrx_word' id='word_1_248' title='bbox 981 1864 1120 1939; x_wconf 86' lang='grc' dir='ltr'>πρὸς</span> <span class='ocrx_word' id='word_1_249' title='bbox 1164 1862 1389 1928; x_wconf 82' lang='grc' dir='ltr'>θάνατον</span> <span class='ocrx_word' id='word_1_250' title='bbox 1421 1862 1680 1940; x_wconf 82' lang='grc' dir='ltr'>ἁμαρτίαι</span> <span class='ocrx_word' id='word_1_251' title='bbox 1705 1865 1814 1916; x_wconf 76' lang='grc' dir='ltr'>τῶν</span> <span class='ocrx_word' id='word_1_252' title='bbox 1848 1859 2002 1915; x_wconf 74' lang='grc' dir='ltr'>ἑκου-</span> 
     </span>
    </p>
   </div>
   <div class='ocr_carea' id='block_1_35' title="bbox 2126 1859 3768 1957">
    <p class='ocr_par' dir='ltr' id='par_1_35' title="bbox 2126 1863 3768 1939">
     <span class='ocr_line' id='line_1_35' title="bbox 2126 1863 3768 1939; baseline 0.002 -20"><span class='ocrx_word' id='word_1_253' title='bbox 2126 1881 2242 1936; x_wconf 68' lang='lat' dir='ltr'>quaa</span> <span class='ocrx_word' id='word_1_254' title='bbox 2275 1880 2378 1936; x_wconf 90' lang='lat' dir='ltr'>per</span> <span class='ocrx_word' id='word_1_255' title='bbox 2425 1863 2776 1919; x_wconf 88' lang='lat' dir='ltr'>lavationem</span> <span class='ocrx_word' id='word_1_256' title='bbox 2809 1879 3120 1919; x_wconf 79' lang='lat' dir='ltr'>accessura</span> <span class='ocrx_word' id='word_1_257' title='bbox 3169 1863 3246 1919; x_wconf 87' lang='lat' dir='ltr'>sit</span> <span class='ocrx_word' id='word_1_258' title='bbox 3291 1864 3557 1937; x_wconf 84' lang='lat' dir='ltr'>indigent</span> <span class='ocrx_word' id='word_1_259' title='bbox 3592 1883 3606 1921; x_wconf 89' lang='lat'>:</span> <span class='ocrx_word' id='word_1_260' title='bbox 3638 1883 3768 1939; x_wconf 71' lang='lat' dir='ltr'>quae</span> 
     </span>
    </p>
   </div>
   <div class='ocr_carea' id='block_1_36' title="bbox 347 1947 2006 2027">
    <p class='ocr_par' dir='ltr' id='par_1_36' title="bbox 347 1947 2006 2027">
     <span class='ocr_line' id='line_1_36' title="bbox 347 1947 2006 2027; baseline -0.001 -22"><span class='ocrx_word' id='word_1_261' title='bbox 347 1949 479 2014; x_wconf 87' lang='grc' dir='ltr'>σίως</span> <span class='ocrx_word' id='word_1_262' title='bbox 509 1949 1005 2027; x_wconf 76' lang='grc' dir='ltr'>ἐξαμαρτανόντων,</span> <span class='ocrx_word' id='word_1_263' title='bbox 1067 1953 1201 2027; x_wconf 78' lang='grc' dir='ltr'>μετὰ</span> <span class='ocrx_word' id='word_1_264' title='bbox 1256 1953 1320 2008; x_wconf 90' lang='grc' dir='ltr'>τὸ</span> <span class='ocrx_word' id='word_1_265' title='bbox 1379 1947 1564 2008; x_wconf 92' lang='grc' dir='ltr'>λαϐεῖν</span> <span class='ocrx_word' id='word_1_266' title='bbox 1615 1954 1712 2022; x_wconf 78' lang='grc' dir='ltr'>τὴν</span> <span class='ocrx_word' id='word_1_267' title='bbox 1773 1949 2006 2025; x_wconf 81' lang='grc' dir='ltr'>ἐπίγνω-</span> 
     </span>
    </p>
   </div>
   <div class='ocr_carea' id='block_1_37' title="bbox 347 2038 2007 2118">
    <p class='ocr_par' dir='ltr' id='par_1_37' title="bbox 347 2038 2007 2118">
     <span class='ocr_line' id='line_1_37' title="bbox 347 2038 2007 2118; baseline 0 -24"><span class='ocrx_word' id='word_1_268' title='bbox 347 2060 453 2112; x_wconf 88' lang='grc' dir='ltr'>σιν,</span> <span class='ocrx_word' id='word_1_269' title='bbox 509 2042 646 2113; x_wconf 83' lang='grc' dir='ltr'>αἷμα</span> <span class='ocrx_word' id='word_1_270' title='bbox 673 2040 1195 2118; x_wconf 81' lang='grc' dir='ltr'>προσαγορεύονται,</span> <span class='ocrx_word' id='word_1_271' title='bbox 1255 2041 1504 2115; x_wconf 81' lang='grc' dir='ltr'>δεόμεναι</span> <span class='ocrx_word' id='word_1_272' title='bbox 1552 2047 1653 2112; x_wconf 79' lang='grc' dir='ltr'>τῆς</span> <span class='ocrx_word' id='word_1_273' title='bbox 1687 2039 1740 2096; x_wconf 73' lang='grc' dir='ltr'>ἐν</span> <span class='ocrx_word' id='word_1_274' title='bbox 1771 2061 1852 2112; x_wconf 90' lang='grc' dir='ltr'>τῳ</span> <span class='ocrx_word' id='word_1_275' title='bbox 1880 2038 2007 2094; x_wconf 90' lang='grc' dir='ltr'>καύ-</span> 
     </span>
    </p>
   </div>
   <div class='ocr_carea' id='block_1_38' title="bbox 354 2128 2010 2206">
    <p class='ocr_par' dir='ltr' id='par_1_38' title="bbox 354 2128 2010 2206">
     <span class='ocr_line' id='line_1_38' title="bbox 354 2128 2010 2206; baseline 0.001 -23"><span class='ocrx_word' id='word_1_276' title='bbox 354 2149 480 2202; x_wconf 87' lang='grc' dir='ltr'>ματι</span> <span class='ocrx_word' id='word_1_277' title='bbox 529 2128 781 2206; x_wconf 88' lang='grc' dir='ltr'>κρίσεως.</span> <span class='ocrx_word' id='word_1_278' title='bbox 843 2129 990 2187; x_wconf 83' lang='grc' dir='ltr'>Ἐπεὶ</span> <span class='ocrx_word' id='word_1_279' title='bbox 1025 2128 1115 2185; x_wconf 75' lang='grc' dir='ltr'>οὖν</span> <span class='ocrx_word' id='word_1_280' title='bbox 1151 2131 1178 2186; x_wconf 90' lang='lat'>6</span> <span class='ocrx_word' id='word_1_281' title='bbox 1211 2128 1720 2206; x_wconf 81' lang='grc' dir='ltr'>ἐξομολογούμενος</span> <span class='ocrx_word' id='word_1_282' title='bbox 1752 2130 1840 2184; x_wconf 81' lang='grc' dir='ltr'>καὶ</span> <span class='ocrx_word' id='word_1_283' title='bbox 1875 2128 2010 2185; x_wconf 89' lang='grc' dir='ltr'>πλυ-</span> 
     </span>
    </p>
   </div>
   <div class='ocr_carea' id='block_1_39' title="bbox 353 2217 2006 2296">
    <p class='ocr_par' dir='ltr' id='par_1_39' title="bbox 353 2217 2006 2296">
     <span class='ocr_line' id='line_1_39' title="bbox 353 2217 2006 2296; baseline -0.002 -22"><span class='ocrx_word' id='word_1_284' title='bbox 353 2221 514 2289; x_wconf 84' lang='grc' dir='ltr'>θῆναι</span> <span class='ocrx_word' id='word_1_285' title='bbox 568 2218 711 2290; x_wconf 82' lang='grc' dir='ltr'>ἀξιοῖ</span> <span class='ocrx_word' id='word_1_286' title='bbox 751 2219 842 2274; x_wconf 85' lang='grc' dir='ltr'>καὶ</span> <span class='ocrx_word' id='word_1_287' title='bbox 889 2222 1304 2296; x_wconf 83' lang='grc' dir='ltr'>καθαρισθῆναι,</span> <span class='ocrx_word' id='word_1_288' title='bbox 1354 2221 1446 2276; x_wconf 86' lang='grc' dir='ltr'>καὶ</span> <span class='ocrx_word' id='word_1_289' title='bbox 1498 2221 1596 2290; x_wconf 72' lang='grc' dir='ltr'>τὴν</span> <span class='ocrx_word' id='word_1_290' title='bbox 1634 2220 1728 2294; x_wconf 74' lang='grc' dir='ltr'>μὶν</span> <span class='ocrx_word' id='word_1_291' title='bbox 1780 2217 2006 2292; x_wconf 79' lang='grc' dir='ltr'>ἀνομίαν</span> 
     </span>
    </p>
   </div>
   <div class='ocr_carea' id='block_1_40' title="bbox 354 2306 2008 2387">
    <p class='ocr_par' dir='ltr' id='par_1_40' title="bbox 354 2306 2008 2387">
     <span class='ocr_line' id='line_1_40' title="bbox 354 2306 2008 2387; baseline -0.002 -24"><span class='ocrx_word' id='word_1_292' title='bbox 354 2306 605 2371; x_wconf 86' lang='grc' dir='ltr'>πλύσεώς</span> <span class='ocrx_word' id='word_1_293' title='bbox 656 2330 788 2387; x_wconf 83' lang='grc' dir='ltr'>φησι</span> <span class='ocrx_word' id='word_1_294' title='bbox 842 2306 1072 2384; x_wconf 84' lang='grc' dir='ltr'>δεῖσθαι,</span> <span class='ocrx_word' id='word_1_295' title='bbox 1113 2311 1214 2379; x_wconf 81' lang='grc' dir='ltr'>τήν</span> <span class='ocrx_word' id='word_1_296' title='bbox 1247 2307 1305 2366; x_wconf 67' lang='grc' dir='ltr'>δὲ</span> <span class='ocrx_word' id='word_1_297' title='bbox 1336 2309 1598 2387; x_wconf 77' lang='grc' dir='ltr'>ἁμαρτίαν</span> <span class='ocrx_word' id='word_1_298' title='bbox 1645 2310 2008 2383; x_wconf 78' lang='grc' dir='ltr'>καθαρισμοῦ,</span> 
     </span>
    </p>
   </div>
   <div class='ocr_carea' id='block_1_41' title="bbox 359 2394 2010 2474">
    <p class='ocr_par' dir='ltr' id='par_1_41' title="bbox 359 2394 2010 2474">
     <span class='ocr_line' id='line_1_41' title="bbox 359 2394 2010 2474; baseline 0.003 -22"><span class='ocrx_word' id='word_1_299' title='bbox 359 2394 532 2474; x_wconf 68' lang='grc' dir='ltr'>λέγων</span> <span class='ocrx_word' id='word_1_300' title='bbox 563 2439 578 2454; x_wconf 93' lang='grc'><strong>.</strong></span> <span class='ocrx_word' id='word_1_301' title='bbox 656 2398 780 2454; x_wconf 83' lang='grc' dir='ltr'>Ἐπὶ</span> <span class='ocrx_word' id='word_1_302' title='bbox 854 2396 1046 2454; x_wconf 86' lang='grc' dir='ltr'>πλεῖον</span> <span class='ocrx_word' id='word_1_303' title='bbox 1099 2398 1304 2456; x_wconf 87' lang='grc' dir='ltr'>πλῦνόν</span> <span class='ocrx_word' id='word_1_304' title='bbox 1358 2419 1425 2474; x_wconf 87' lang='grc' dir='ltr'>με</span> <span class='ocrx_word' id='word_1_305' title='bbox 1477 2397 1583 2453; x_wconf 81' lang='grc' dir='ltr'>ἀπὸ</span> <span class='ocrx_word' id='word_1_306' title='bbox 1633 2405 1733 2468; x_wconf 84' lang='grc' dir='ltr'>τῆς</span> <span class='ocrx_word' id='word_1_307' title='bbox 1782 2394 2010 2469; x_wconf 77' lang='grc' dir='ltr'>ἀνομίας</span> 
     </span>
    </p>
   </div>
   <div class='ocr_carea' id='block_1_42' title="bbox 364 2487 2012 2566">
    <p class='ocr_par' dir='ltr' id='par_1_42' title="bbox 364 2487 2012 2566">
     <span class='ocr_line' id='line_1_42' title="bbox 364 2487 2012 2566; baseline -0.001 -24"><span class='ocrx_word' id='word_1_308' title='bbox 364 2509 490 2562; x_wconf 88' lang='grc' dir='ltr'>μου,</span> <span class='ocrx_word' id='word_1_309' title='bbox 545 2489 633 2543; x_wconf 85' lang='grc' dir='ltr'>καὶ</span> <span class='ocrx_word' id='word_1_310' title='bbox 695 2489 800 2544; x_wconf 75' lang='grc' dir='ltr'>ἀπὸ</span> <span class='ocrx_word' id='word_1_311' title='bbox 849 2495 949 2560; x_wconf 80' lang='grc' dir='ltr'>τῆς</span> <span class='ocrx_word' id='word_1_312' title='bbox 1005 2488 1272 2565; x_wconf 81' lang='grc' dir='ltr'>ἁμαρτίας</span> <span class='ocrx_word' id='word_1_313' title='bbox 1334 2511 1439 2563; x_wconf 91' lang='grc' dir='ltr'>μου</span> <span class='ocrx_word' id='word_1_314' title='bbox 1480 2487 1768 2566; x_wconf 84' lang='grc' dir='ltr'>καθάρισόν</span> <span class='ocrx_word' id='word_1_315' title='bbox 1830 2509 1916 2562; x_wconf 87' lang='grc' dir='ltr'>με.</span> <span class='ocrx_word' id='word_1_316' title='bbox 1949 2487 2012 2541; x_wconf 77' lang='lat' dir='ltr'>Ol</span> 
     </span>
    </p>
   </div>
   <div class='ocr_carea' id='block_1_43' title="bbox 364 2575 2011 2653">
    <p class='ocr_par' dir='ltr' id='par_1_43' title="bbox 364 2575 2011 2653">
     <span class='ocr_line' id='line_1_43' title="bbox 364 2575 2011 2653; baseline -0.002 -21"><span class='ocrx_word' id='word_1_317' title='bbox 364 2577 458 2651; x_wconf 71' lang='grc' dir='ltr'>μὶν</span> <span class='ocrx_word' id='word_1_318' title='bbox 518 2575 694 2647; x_wconf 74' lang='grc' dir='ltr'>πάντη</span> <span class='ocrx_word' id='word_1_319' title='bbox 754 2577 986 2649; x_wconf 79' lang='grc' dir='ltr'>ἀνήκοοι</span> <span class='ocrx_word' id='word_1_320' title='bbox 1015 2582 1124 2632; x_wconf 80' lang='grc' dir='ltr'>τῶν</span> <span class='ocrx_word' id='word_1_321' title='bbox 1157 2579 1315 2643; x_wconf 84' lang='grc' dir='ltr'>θείων</span> <span class='ocrx_word' id='word_1_322' title='bbox 1352 2578 1714 2652; x_wconf 81' lang='grc' dir='ltr'>μαθημάτων,</span> <span class='ocrx_word' id='word_1_323' title='bbox 1747 2576 1872 2653; x_wconf 82' lang='grc' dir='ltr'>πρὶν</span> <span class='ocrx_word' id='word_1_324' title='bbox 1911 2596 2011 2649; x_wconf 91' lang='grc' dir='ltr'>μα-</span> 
     </span>
    </p>
   </div>
   <div class='ocr_carea' id='block_1_44' title="bbox 359 2661 2009 2745">
    <p class='ocr_par' dir='ltr' id='par_1_44' title="bbox 359 2661 2009 2745">
     <span class='ocr_line' id='line_1_44' title="bbox 359 2661 2009 2745; baseline -0.001 -24"><span class='ocrx_word' id='word_1_325' title='bbox 359 2667 468 2722; x_wconf 84' lang='grc' dir='ltr'>θεῖν</span> <span class='ocrx_word' id='word_1_326' title='bbox 526 2667 617 2722; x_wconf 87' lang='grc' dir='ltr'>τὸν</span> <span class='ocrx_word' id='word_1_327' title='bbox 677 2661 847 2743; x_wconf 80' lang='grc' dir='ltr'>λόγον</span> <span class='ocrx_word' id='word_1_328' title='bbox 902 2667 1324 2743; x_wconf 84' lang='grc' dir='ltr'>ἡμαρτηκότες,</span> <span class='ocrx_word' id='word_1_329' title='bbox 1383 2667 1550 2724; x_wconf 73' lang='grc' dir='ltr'>οἱονεὶ</span> <span class='ocrx_word' id='word_1_330' title='bbox 1610 2662 2009 2745; x_wconf 70' lang='grc' dir='ltr'>ἐῤῥυπωμένοι,</span> 
     </span>
    </p>
   </div>
   <div class='ocr_carea' id='block_1_45' title="bbox 355 2754 2013 2833">
    <p class='ocr_par' dir='ltr' id='par_1_45' title="bbox 355 2754 2013 2833">
     <span class='ocr_line' id='line_1_45' title="bbox 355 2754 2013 2833; baseline 0.001 -23"><span class='ocrx_word' id='word_1_331' title='bbox 355 2760 457 2811; x_wconf 85' lang='grc' dir='ltr'>τοῦ</span> <span class='ocrx_word' id='word_1_332' title='bbox 486 2757 592 2811; x_wconf 82' lang='grc' dir='ltr'>ἀπὸ</span> <span class='ocrx_word' id='word_1_333' title='bbox 616 2760 714 2812; x_wconf 87' lang='grc' dir='ltr'>τοῦ</span> <span class='ocrx_word' id='word_1_334' title='bbox 761 2754 955 2820; x_wconf 75' lang='grc' dir='ltr'>ὕδατος</span> <span class='ocrx_word' id='word_1_335' title='bbox 1003 2754 1214 2813; x_wconf 70' lang='grc' dir='ltr'>δέονται</span> <span class='ocrx_word' id='word_1_336' title='bbox 1263 2762 1624 2833; x_wconf 58' lang='grc' dir='ltr'>καθαρισμοῦ</span> <span class='ocrx_word' id='word_1_337' title='bbox 1686 2758 1738 2812; x_wconf 72' lang='grc' dir='ltr'>οἱ</span> <span class='ocrx_word' id='word_1_338' title='bbox 1771 2755 1828 2812; x_wconf 81' lang='grc' dir='ltr'>δὲ</span> <span class='ocrx_word' id='word_1_339' title='bbox 1878 2755 2013 2830; x_wconf 84' lang='grc' dir='ltr'>μετᾶ</span> 
     </span>
    </p>
   </div>
   <div class='ocr_carea' id='block_1_46' title="bbox 354 2840 2008 2919">
    <p class='ocr_par' dir='ltr' id='par_1_46' title="bbox 354 2840 2008 2919">
     <span class='ocr_line' id='line_1_46' title="bbox 354 2840 2008 2919; baseline 0 -20"><span class='ocrx_word' id='word_1_340' title='bbox 354 2845 416 2900; x_wconf 87' lang='grc' dir='ltr'>τὸ</span> <span class='ocrx_word' id='word_1_341' title='bbox 468 2840 653 2900; x_wconf 86' lang='grc' dir='ltr'>λαϐεῖν</span> <span class='ocrx_word' id='word_1_342' title='bbox 706 2846 805 2916; x_wconf 76' lang='grc' dir='ltr'>τήν</span> <span class='ocrx_word' id='word_1_343' title='bbox 858 2847 1001 2916; x_wconf 81' lang='grc' dir='ltr'>ζωὴν</span> <span class='ocrx_word' id='word_1_344' title='bbox 1053 2843 1499 2910; x_wconf 70' lang='grc' dir='ltr'>ἐπιϐουλεύοντες</span> <span class='ocrx_word' id='word_1_345' title='bbox 1556 2848 1786 2918; x_wconf 72' lang='grc' dir='ltr'>ἑαυτοῖς,</span> <span class='ocrx_word' id='word_1_346' title='bbox 1845 2845 2008 2919; x_wconf 77' lang='grc' dir='ltr'>αἳμα-</span> 
     </span>
    </p>
   </div>
   <div class='ocr_carea' id='block_1_47' title="bbox 353 2930 2008 3013">
    <p class='ocr_par' dir='ltr' id='par_1_47' title="bbox 353 2930 2008 3013">
     <span class='ocr_line' id='line_1_47' title="bbox 353 2930 2008 3013; baseline 0.001 -26"><span class='ocrx_word' id='word_1_347' title='bbox 353 2953 406 2989; x_wconf 91' lang='grc' dir='ltr'>τι</span> <span class='ocrx_word' id='word_1_348' title='bbox 609 2930 758 2999; x_wconf 74' lang='grc' dir='ltr'>ὄντες</span> <span class='ocrx_word' id='word_1_349' title='bbox 819 2934 1027 3013; x_wconf 75' lang='grc' dir='ltr'>ἔνοχοι,</span> <span class='ocrx_word' id='word_1_350' title='bbox 1057 2941 1154 2992; x_wconf 86' lang='grc' dir='ltr'>τοῦ</span> <span class='ocrx_word' id='word_1_351' title='bbox 1186 2936 1243 2993; x_wconf 76' lang='grc' dir='ltr'>ἐκ</span> <span class='ocrx_word' id='word_1_352' title='bbox 1270 2940 1368 2993; x_wconf 86' lang='grc' dir='ltr'>τοῦ</span> <span class='ocrx_word' id='word_1_353' title='bbox 1396 2938 1569 3011; x_wconf 84' lang='grc' dir='ltr'>πυρὸς</span> <span class='ocrx_word' id='word_1_354' title='bbox 1602 2935 1810 2992; x_wconf 75' lang='grc' dir='ltr'>δέονται</span> <span class='ocrx_word' id='word_1_355' title='bbox 1843 2937 2008 2990; x_wconf 82' lang='grc' dir='ltr'>καθα-</span> 
     </span>
    </p>
   </div>
   <div class='ocr_carea' id='block_1_48' title="bbox 356 3021 2010 3102">
    <p class='ocr_par' dir='ltr' id='par_1_48' title="bbox 356 3021 2010 3102">
     <span class='ocr_line' id='line_1_48' title="bbox 356 3021 2010 3102; baseline 0 -25"><span class='ocrx_word' id='word_1_356' title='bbox 356 3029 576 3100; x_wconf 82' lang='grc' dir='ltr'>ρισμοῦ.</span> <span class='ocrx_word' id='word_1_357' title='bbox 607 3029 762 3080; x_wconf 84' lang='grc' dir='ltr'>Ἔστι</span> <span class='ocrx_word' id='word_1_358' title='bbox 796 3022 852 3081; x_wconf 75' lang='grc' dir='ltr'>δὲ</span> <span class='ocrx_word' id='word_1_359' title='bbox 899 3027 989 3081; x_wconf 82' lang='grc' dir='ltr'>καὶ</span> <span class='ocrx_word' id='word_1_360' title='bbox 1038 3026 1408 3102; x_wconf 74' lang='grc' dir='ltr'>ἁπλούστερον</span> <span class='ocrx_word' id='word_1_361' title='bbox 1460 3021 1728 3082; x_wconf 72' lang='grc' dir='ltr'>ἰκλάϐεἶν.</span> <span class='ocrx_word' id='word_1_362' title='bbox 1773 3027 1896 3082; x_wconf 77' lang='grc' dir='ltr'>’Ὁτι</span> <span class='ocrx_word' id='word_1_363' title='bbox 1944 3024 2010 3078; x_wconf 82' lang='grc' dir='ltr'>τὰ</span> 
     </span>
    </p>
   </div>
   <div class='ocr_carea' id='block_1_49' title="bbox 363 3111 2008 3191">
    <p class='ocr_par' dir='ltr' id='par_1_49' title="bbox 363 3111 2008 3191">
     <span class='ocr_line' id='line_1_49' title="bbox 363 3111 2008 3191; baseline 0.001 -26"><span class='ocrx_word' id='word_1_364' title='bbox 363 3111 458 3185; x_wconf 75' lang='grc' dir='ltr'>μὶν</span> <span class='ocrx_word' id='word_1_365' title='bbox 519 3111 818 3169; x_wconf 72' lang='grc' dir='ltr'>ἆπιπόλαια</span> <span class='ocrx_word' id='word_1_366' title='bbox 873 3118 983 3170; x_wconf 84' lang='grc' dir='ltr'>τῶν</span> <span class='ocrx_word' id='word_1_367' title='bbox 1056 3116 1468 3191; x_wconf 80' lang='grc' dir='ltr'>ἁμαρτημάτων</span> <span class='ocrx_word' id='word_1_368' title='bbox 1697 3113 1854 3190; x_wconf 79' lang='grc' dir='ltr'>ῥύπῳ</span> <span class='ocrx_word' id='word_1_369' title='bbox 1901 3113 2008 3166; x_wconf 83' lang='grc' dir='ltr'>τινὶ</span> 
     </span>
    </p>
   </div>
   <div class='ocr_carea' id='block_1_50' title="bbox 2115 1953 3769 2027">
    <p class='ocr_par' dir='ltr' id='par_1_50' title="bbox 2115 1953 3769 2027">
     <span class='ocr_line' id='line_1_50' title="bbox 2115 1953 3769 2027; baseline 0.002 -19"><span class='ocrx_word' id='word_1_370' title='bbox 2115 1969 2250 2008; x_wconf 88' lang='lat' dir='ltr'>vero</span> <span class='ocrx_word' id='word_1_371' title='bbox 2278 1953 2347 2008; x_wconf 90' lang='lat' dir='ltr'>ad</span> <span class='ocrx_word' id='word_1_372' title='bbox 2384 1957 2633 2007; x_wconf 87' lang='lat' dir='ltr'>mortem</span> <span class='ocrx_word' id='word_1_373' title='bbox 2682 1953 2906 2006; x_wconf 91' lang='lat' dir='ltr'>ducunt</span> <span class='ocrx_word' id='word_1_374' title='bbox 2938 1956 3194 2023; x_wconf 89' lang='lat' dir='ltr'>peccata,</span> <span class='ocrx_word' id='word_1_375' title='bbox 3227 1969 3452 2022; x_wconf 89' lang='lat' dir='ltr'>eorum,</span> <span class='ocrx_word' id='word_1_376' title='bbox 3486 1956 3588 2026; x_wconf 89' lang='lat' dir='ltr'>qui</span> <span class='ocrx_word' id='word_1_377' title='bbox 3635 1960 3769 2027; x_wconf 88' lang='lat' dir='ltr'>post</span> 
     </span>
    </p>
   </div>
   <div class='ocr_carea' id='block_1_51' title="bbox 2117 2040 3763 2114">
    <p class='ocr_par' dir='ltr' id='par_1_51' title="bbox 2117 2040 3763 2114">
     <span class='ocr_line' id='line_1_51' title="bbox 2117 2040 3763 2114; baseline 0.001 -16"><span class='ocrx_word' id='word_1_378' title='bbox 2117 2047 2415 2114; x_wconf 87' lang='lat' dir='ltr'>acceptam</span> <span class='ocrx_word' id='word_1_379' title='bbox 2447 2040 2844 2112; x_wconf 84' lang='lat' dir='ltr'>cognitionem</span> <span class='ocrx_word' id='word_1_380' title='bbox 2875 2040 3199 2097; x_wconf 87' lang='lat' dir='ltr'>voluntarie</span> <span class='ocrx_word' id='word_1_381' title='bbox 3229 2041 3602 2114; x_wconf 88' lang='lat' dir='ltr'>delinquunt,</span> <span class='ocrx_word' id='word_1_382' title='bbox 3629 2061 3763 2100; x_wconf 85' lang='lat' dir='ltr'>san-</span> 
     </span>
    </p>
   </div>
   <div class='ocr_carea' id='block_1_52' title="bbox 2118 2129 3767 2204">
    <p class='ocr_par' dir='ltr' id='par_1_52' title="bbox 2118 2129 3767 2204">
     <span class='ocr_line' id='line_1_52' title="bbox 2118 2129 3767 2204; baseline 0.002 -18"><span class='ocrx_word' id='word_1_383' title='bbox 2118 2131 2252 2204; x_wconf 91' lang='lat' dir='ltr'>guis</span> <span class='ocrx_word' id='word_1_384' title='bbox 2284 2136 2586 2199; x_wconf 86' lang='lat' dir='ltr'>vocantur,</span> <span class='ocrx_word' id='word_1_385' title='bbox 2610 2148 2674 2186; x_wconf 84' lang='lat' dir='ltr'>ac</span> <span class='ocrx_word' id='word_1_386' title='bbox 2716 2129 2967 2186; x_wconf 89' lang='lat' dir='ltr'>ustionis</span> <span class='ocrx_word' id='word_1_387' title='bbox 3002 2130 3230 2201; x_wconf 88' lang='lat' dir='ltr'>judicio</span> <span class='ocrx_word' id='word_1_388' title='bbox 3261 2136 3452 2202; x_wconf 89' lang='lat' dir='ltr'>egent.</span> <span class='ocrx_word' id='word_1_389' title='bbox 3487 2132 3767 2204; x_wconf 86' lang='lat' dir='ltr'>Quisquis</span> 
     </span>
    </p>
   </div>
   <div class='ocr_carea' id='block_1_53' title="bbox 2119 2218 3766 2294">
    <p class='ocr_par' dir='ltr' id='par_1_53' title="bbox 2119 2218 3766 2294">
     <span class='ocr_line' id='line_1_53' title="bbox 2119 2218 3766 2294; baseline 0.001 -18"><span class='ocrx_word' id='word_1_390' title='bbox 2119 2221 2300 2294; x_wconf 87' lang='lat' dir='ltr'>igitur</span> <span class='ocrx_word' id='word_1_391' title='bbox 2319 2222 2651 2284; x_wconf 82' lang='lat' dir='ltr'>confitetur,</span> <span class='ocrx_word' id='word_1_392' title='bbox 2675 2236 2855 2290; x_wconf 90' lang='lat' dir='ltr'>seque</span> <span class='ocrx_word' id='word_1_393' title='bbox 2877 2218 3035 2274; x_wconf 86' lang='lat' dir='ltr'>ablui</span> <span class='ocrx_word' id='word_1_394' title='bbox 3067 2219 3327 2291; x_wconf 86' lang='lat' dir='ltr'>postulat</span> <span class='ocrx_word' id='word_1_395' title='bbox 3346 2225 3402 2276; x_wconf 93' lang='lat' dir='ltr'>et</span> <span class='ocrx_word' id='word_1_396' title='bbox 3432 2222 3766 2294; x_wconf 84' lang='lat' dir='ltr'>expurgari,</span> 
     </span>
    </p>
   </div>
   <div class='ocr_carea' id='block_1_54' title="bbox 2121 2307 3766 2383">
    <p class='ocr_par' dir='ltr' id='par_1_54' title="bbox 2121 2307 3766 2383">
     <span class='ocr_line' id='line_1_54' title="bbox 2121 2307 3766 2383; baseline 0.002 -19"><span class='ocrx_word' id='word_1_397' title='bbox 2121 2310 2336 2366; x_wconf 86' lang='lat' dir='ltr'>fatetur</span> <span class='ocrx_word' id='word_1_398' title='bbox 2385 2325 2553 2364; x_wconf 90' lang='lat' dir='ltr'>suam</span> <span class='ocrx_word' id='word_1_399' title='bbox 2587 2308 2824 2380; x_wconf 90' lang='lat' dir='ltr'>quidem</span> <span class='ocrx_word' id='word_1_400' title='bbox 2883 2307 3254 2380; x_wconf 90' lang='lat' dir='ltr'>iniquitatem</span> <span class='ocrx_word' id='word_1_401' title='bbox 3305 2309 3518 2377; x_wconf 92' lang='lat' dir='ltr'>lotura,</span> <span class='ocrx_word' id='word_1_402' title='bbox 3568 2327 3766 2383; x_wconf 88' lang='lat' dir='ltr'>pecca-</span> 
     </span>
    </p>
   </div>
   <div class='ocr_carea' id='block_1_55' title="bbox 2117 2396 3773 2472">
    <p class='ocr_par' dir='ltr' id='par_1_55' title="bbox 2117 2396 3773 2472">
     <span class='ocr_line' id='line_1_55' title="bbox 2117 2396 3773 2472; baseline 0.001 -18"><span class='ocrx_word' id='word_1_403' title='bbox 2117 2401 2245 2454; x_wconf 91' lang='lat' dir='ltr'>tum</span> <span class='ocrx_word' id='word_1_404' title='bbox 2277 2415 2409 2454; x_wconf 92' lang='lat' dir='ltr'>vero</span> <span class='ocrx_word' id='word_1_405' title='bbox 2439 2397 2857 2470; x_wconf 74' lang='lat' dir='ltr'>eXpurgatione</span> <span class='ocrx_word' id='word_1_406' title='bbox 2887 2396 3168 2470; x_wconf 86' lang='lat' dir='ltr'>indigere,</span> <span class='ocrx_word' id='word_1_407' title='bbox 3201 2414 3334 2453; x_wconf 90' lang='lat' dir='ltr'>cum</span> <span class='ocrx_word' id='word_1_408' title='bbox 3365 2397 3448 2456; x_wconf 89' lang='lat' dir='ltr'>ait</span> <span class='ocrx_word' id='word_1_409' title='bbox 3481 2399 3773 2472; x_wconf 73' lang='lat' dir='ltr'>:Ampliu:</span> 
     </span>
    </p>
   </div>
   <div class='ocr_carea' id='block_1_56' title="bbox 2124 2487 3774 2559">
    <p class='ocr_par' dir='ltr' id='par_1_56' title="bbox 2124 2487 3774 2559">
     <span class='ocr_line' id='line_1_56' title="bbox 2124 2487 3774 2559; baseline 0.001 -16"><span class='ocrx_word' id='word_1_410' title='bbox 2124 2488 2247 2545; x_wconf 83' lang='lat' dir='ltr'>lava</span> <span class='ocrx_word' id='word_1_411' title='bbox 2276 2504 2364 2543; x_wconf 83' lang='lat' dir='ltr'>me</span> <span class='ocrx_word' id='word_1_412' title='bbox 2393 2489 2463 2543; x_wconf 88' lang='lat' dir='ltr'>ab</span> <span class='ocrx_word' id='word_1_413' title='bbox 2492 2487 2789 2559; x_wconf 80' lang='lat' dir='ltr'>iniquitate</span> <span class='ocrx_word' id='word_1_414' title='bbox 2826 2503 2968 2557; x_wconf 90' lang='lat' dir='ltr'>mea,</span> <span class='ocrx_word' id='word_1_415' title='bbox 2995 2492 3048 2543; x_wconf 75' lang='lat' dir='ltr'>et</span> <span class='ocrx_word' id='word_1_416' title='bbox 3076 2503 3110 2542; x_wconf 90' lang='lat' dir='ltr'>a</span> <span class='ocrx_word' id='word_1_417' title='bbox 3133 2491 3354 2559; x_wconf 85' lang='lat' dir='ltr'>peccato</span> <span class='ocrx_word' id='word_1_418' title='bbox 3398 2503 3518 2544; x_wconf 84' lang='lat' dir='ltr'>meo</span> <span class='ocrx_word' id='word_1_419' title='bbox 3564 2488 3774 2544; x_wconf 85' lang='lat' dir='ltr'>munda</span> 
     </span>
    </p>
   </div>
   <div class='ocr_carea' id='block_1_57' title="bbox 2118 2576 3772 2645">
    <p class='ocr_par' dir='ltr' id='par_1_57' title="bbox 2118 2576 3772 2645">
     <span class='ocr_line' id='line_1_57' title="bbox 2118 2576 3772 2645; baseline -0.001 -10"><span class='ocrx_word' id='word_1_420' title='bbox 2118 2595 2206 2635; x_wconf 89' lang='lat' dir='ltr'>me</span> <span class='ocrx_word' id='word_1_421' title='bbox 2224 2581 2291 2632; x_wconf 84' lang='grc'>⁶”.</span> <span class='ocrx_word' id='word_1_422' title='bbox 2317 2577 2423 2645; x_wconf 89' lang='lat' dir='ltr'>Qui</span> <span class='ocrx_word' id='word_1_423' title='bbox 2458 2582 2610 2633; x_wconf 88' lang='lat' dir='ltr'>certe</span> <span class='ocrx_word' id='word_1_424' title='bbox 2636 2577 2705 2632; x_wconf 90' lang='lat' dir='ltr'>de</span> <span class='ocrx_word' id='word_1_425' title='bbox 2736 2576 2950 2633; x_wconf 88' lang='lat' dir='ltr'>divinis</span> <span class='ocrx_word' id='word_1_426' title='bbox 2971 2577 3338 2633; x_wconf 83' lang='lat' dir='ltr'>documentis</span> <span class='ocrx_word' id='word_1_427' title='bbox 3361 2577 3507 2632; x_wconf 90' lang='lat' dir='ltr'>nihil</span> <span class='ocrx_word' id='word_1_428' title='bbox 3530 2579 3772 2636; x_wconf 89' lang='lat' dir='ltr'>omnino</span> 
     </span>
    </p>
   </div>
   <div class='ocr_carea' id='block_1_58' title="bbox 2121 2666 3773 2740">
    <p class='ocr_par' dir='ltr' id='par_1_58' title="bbox 2121 2666 3773 2740">
     <span class='ocr_line' id='line_1_58' title="bbox 2121 2666 3773 2740; baseline -0.001 -15"><span class='ocrx_word' id='word_1_429' title='bbox 2121 2669 2418 2736; x_wconf 86' lang='lat' dir='ltr'>audivere,</span> <span class='ocrx_word' id='word_1_430' title='bbox 2443 2667 2490 2723; x_wconf 91' lang='lat' dir='ltr'>si</span> <span class='ocrx_word' id='word_1_431' title='bbox 2526 2666 2872 2740; x_wconf 87' lang='lat' dir='ltr'>priusquam</span> <span class='ocrx_word' id='word_1_432' title='bbox 2903 2667 3142 2723; x_wconf 88' lang='lat' dir='ltr'>verbum</span> <span class='ocrx_word' id='word_1_433' title='bbox 3165 2667 3478 2736; x_wconf 86' lang='lat' dir='ltr'>discerent,</span> <span class='ocrx_word' id='word_1_434' title='bbox 3505 2684 3773 2740; x_wconf 87' lang='lat' dir='ltr'>peccave-</span> 
     </span>
    </p>
   </div>
   <div class='ocr_carea' id='block_1_59' title="bbox 2120 2755 3767 2830">
    <p class='ocr_par' dir='ltr' id='par_1_59' title="bbox 2120 2755 3767 2830">
     <span class='ocr_line' id='line_1_59' title="bbox 2120 2755 3767 2830; baseline 0 -15"><span class='ocrx_word' id='word_1_435' title='bbox 2120 2778 2202 2828; x_wconf 89' lang='lat' dir='ltr'>re,</span> <span class='ocrx_word' id='word_1_436' title='bbox 2227 2760 2265 2814; x_wconf 91' lang='lat' dir='ltr'>ii</span> <span class='ocrx_word' id='word_1_437' title='bbox 2297 2758 2381 2814; x_wconf 92' lang='lat' dir='ltr'>uti</span> <span class='ocrx_word' id='word_1_438' title='bbox 2433 2758 2707 2814; x_wconf 90' lang='lat' dir='ltr'>sordibus</span> <span class='ocrx_word' id='word_1_439' title='bbox 2740 2756 2923 2829; x_wconf 84' lang='lat' dir='ltr'>Operti</span> <span class='ocrx_word' id='word_1_440' title='bbox 2971 2755 3237 2827; x_wconf 89' lang='lat' dir='ltr'>indigent</span> <span class='ocrx_word' id='word_1_441' title='bbox 3288 2761 3351 2812; x_wconf 91' lang='lat' dir='ltr'>ut</span> <span class='ocrx_word' id='word_1_442' title='bbox 3403 2773 3506 2828; x_wconf 88' lang='lat' dir='ltr'>per</span> <span class='ocrx_word' id='word_1_443' title='bbox 3553 2774 3767 2830; x_wconf 88' lang='lat' dir='ltr'>aquam</span> 
     </span>
    </p>
   </div>
   <div class='ocr_carea' id='block_1_60' title="bbox 2119 2846 3770 2923">
    <p class='ocr_par' dir='ltr' id='par_1_60' title="bbox 2119 2846 3770 2923">
     <span class='ocr_line' id='line_1_60' title="bbox 2119 2846 3770 2923; baseline -0.002 -18"><span class='ocrx_word' id='word_1_444' title='bbox 2119 2853 2446 2923; x_wconf 88' lang='lat' dir='ltr'>purgentur</span> <span class='ocrx_word' id='word_1_445' title='bbox 2474 2865 2486 2903; x_wconf 89' lang='lat'><strong>:</strong></span> <span class='ocrx_word' id='word_1_446' title='bbox 2520 2848 2616 2918; x_wconf 92' lang='lat' dir='ltr'>qui</span> <span class='ocrx_word' id='word_1_447' title='bbox 2647 2863 2780 2903; x_wconf 89' lang='lat' dir='ltr'>vero</span> <span class='ocrx_word' id='word_1_448' title='bbox 2815 2851 2944 2918; x_wconf 89' lang='lat' dir='ltr'>post</span> <span class='ocrx_word' id='word_1_449' title='bbox 2973 2854 3267 2918; x_wconf 83' lang='lat' dir='ltr'>acceptam</span> <span class='ocrx_word' id='word_1_450' title='bbox 3299 2846 3482 2903; x_wconf 90' lang='lat' dir='ltr'>vitam</span> <span class='ocrx_word' id='word_1_451' title='bbox 3512 2847 3624 2904; x_wconf 89' lang='lat' dir='ltr'>sibi</span> <span class='ocrx_word' id='word_1_452' title='bbox 3657 2847 3770 2920; x_wconf 88' lang='lat' dir='ltr'>ipsi</span> 
     </span>
    </p>
   </div>
   <div class='ocr_carea' id='block_1_61' title="bbox 2117 2935 3770 3007">
    <p class='ocr_par' dir='ltr' id='par_1_61' title="bbox 2117 2935 3770 3007">
     <span class='ocr_line' id='line_1_61' title="bbox 2117 2935 3770 3007; baseline 0 -13"><span class='ocrx_word' id='word_1_453' title='bbox 2117 2939 2492 3004; x_wconf 80' lang='lat' dir='ltr'>insidiantes,</span> <span class='ocrx_word' id='word_1_454' title='bbox 2526 2937 2780 2991; x_wconf 91' lang='lat' dir='ltr'>reddunt</span> <span class='ocrx_word' id='word_1_455' title='bbox 2809 2953 2871 2991; x_wconf 88' lang='lat' dir='ltr'>se</span> <span class='ocrx_word' id='word_1_456' title='bbox 2899 2935 3176 3007; x_wconf 88' lang='lat' dir='ltr'>sanguini</span> <span class='ocrx_word' id='word_1_457' title='bbox 3206 2935 3506 3003; x_wconf 88' lang='lat' dir='ltr'>obnoxios,</span> <span class='ocrx_word' id='word_1_458' title='bbox 3530 2951 3770 2994; x_wconf 84' lang='lat' dir='ltr'>necesse</span> 
     </span>
    </p>
   </div>
   <div class='ocr_carea' id='block_1_62' title="bbox 2117 3023 3768 3098">
    <p class='ocr_par' dir='ltr' id='par_1_62' title="bbox 2117 3023 3768 3098">
     <span class='ocr_line' id='line_1_62' title="bbox 2117 3023 3768 3098; baseline -0.001 -15"><span class='ocrx_word' id='word_1_459' title='bbox 2117 3032 2226 3095; x_wconf 91' lang='lat' dir='ltr'>est,</span> <span class='ocrx_word' id='word_1_460' title='bbox 2251 3028 2358 3083; x_wconf 88' lang='lat' dir='ltr'>bos</span> <span class='ocrx_word' id='word_1_461' title='bbox 2392 3025 2626 3098; x_wconf 89' lang='lat' dir='ltr'>purgari</span> <span class='ocrx_word' id='word_1_462' title='bbox 2649 3041 2752 3096; x_wconf 86' lang='lat' dir='ltr'>per</span> <span class='ocrx_word' id='word_1_463' title='bbox 2776 3023 3160 3095; x_wconf 88' lang='lat' dir='ltr'>ignem.Quin</span> <span class='ocrx_word' id='word_1_464' title='bbox 3181 3028 3238 3079; x_wconf 91' lang='lat' dir='ltr'>et</span> <span class='ocrx_word' id='word_1_465' title='bbox 3267 3024 3412 3079; x_wconf 90' lang='lat' dir='ltr'>illud</span> <span class='ocrx_word' id='word_1_466' title='bbox 3437 3024 3768 3097; x_wconf 79' lang='lat' dir='ltr'>simplicius</span> 
     </span>
    </p>
   </div>
   <div class='ocr_carea' id='block_1_63' title="bbox 2119 3112 3770 3189">
    <p class='ocr_par' dir='ltr' id='par_1_63' title="bbox 2119 3112 3770 3189">
     <span class='ocr_line' id='line_1_63' title="bbox 2119 3112 3770 3189; baseline -0.001 -18"><span class='ocrx_word' id='word_1_467' title='bbox 2119 3121 2314 3189; x_wconf 88' lang='lat' dir='ltr'>potest</span> <span class='ocrx_word' id='word_1_468' title='bbox 2343 3113 2638 3185; x_wconf 86' lang='lat' dir='ltr'>explicari.</span> <span class='ocrx_word' id='word_1_469' title='bbox 2665 3113 2967 3182; x_wconf 89' lang='lat' dir='ltr'>Siquidem</span> <span class='ocrx_word' id='word_1_470' title='bbox 2993 3113 3104 3167; x_wconf 87' lang='lat' dir='ltr'>sita</span> <span class='ocrx_word' id='word_1_471' title='bbox 3133 3112 3193 3166; x_wconf 92' lang='lat' dir='ltr'>in</span> <span class='ocrx_word' id='word_1_472' title='bbox 3215 3112 3525 3184; x_wconf 83' lang='lat' dir='ltr'>superficie</span> <span class='ocrx_word' id='word_1_473' title='bbox 3554 3112 3770 3170; x_wconf 88' lang='lat' dir='ltr'>delicta</span> 
     </span>
    </p>
   </div>
   <div class='ocr_carea' id='block_1_64' title="bbox 355 3198 2010 3279">
    <p class='ocr_par' dir='ltr' id='par_1_64' title="bbox 355 3198 2005 3279">
     <span class='ocr_line' id='line_1_64' title="bbox 355 3198 2005 3279; baseline 0.001 -25"><span class='ocrx_word' id='word_1_474' title='bbox 355 3198 522 3255; x_wconf 68' lang='grc' dir='ltr'>ἔοικε·</span> <span class='ocrx_word' id='word_1_475' title='bbox 579 3200 648 3256; x_wconf 85' lang='lat'>:6</span> <span class='ocrx_word' id='word_1_476' title='bbox 699 3199 756 3256; x_wconf 73' lang='grc' dir='ltr'>δὶ</span> <span class='ocrx_word' id='word_1_477' title='bbox 804 3200 894 3258; x_wconf 83' lang='grc' dir='ltr'>διὰ</span> <span class='ocrx_word' id='word_1_478' title='bbox 945 3204 1142 3279; x_wconf 86' lang='grc' dir='ltr'>βάθους</span> <span class='ocrx_word' id='word_1_479' title='bbox 1188 3203 1248 3258; x_wconf 77' lang='grc' dir='ltr'>ἐκ</span> <span class='ocrx_word' id='word_1_480' title='bbox 1293 3201 1578 3264; x_wconf 73' lang='grc' dir='ltr'>διαθέσεως</span> <span class='ocrx_word' id='word_1_481' title='bbox 1606 3205 1705 3271; x_wconf 76' lang='grc' dir='ltr'>τῆς</span> <span class='ocrx_word' id='word_1_482' title='bbox 1755 3203 1890 3277; x_wconf 90' lang='grc' dir='ltr'>πρὸς</span> <span class='ocrx_word' id='word_1_483' title='bbox 1943 3201 2005 3257; x_wconf 89' lang='grc' dir='ltr'>τὸ</span> 
     </span>
    </p>
   </div>
   <div class='ocr_carea' id='block_1_65' title="bbox 2126 3198 3774 3279">
    <p class='ocr_par' dir='ltr' id='par_1_65' title="bbox 2126 3201 3774 3272">
     <span class='ocr_line' id='line_1_65' title="bbox 2126 3201 3774 3272; baseline -0.001 -11"><span class='ocrx_word' id='word_1_484' title='bbox 2126 3204 2342 3261; x_wconf 88' lang='lat' dir='ltr'>similia</span> <span class='ocrx_word' id='word_1_485' title='bbox 2372 3207 2511 3258; x_wconf 87' lang='lat' dir='ltr'>sunt</span> <span class='ocrx_word' id='word_1_486' title='bbox 2541 3201 2816 3256; x_wconf 89' lang='lat' dir='ltr'>sordibus</span> <span class='ocrx_word' id='word_1_487' title='bbox 2849 3201 3209 3272; x_wconf 89' lang='lat' dir='ltr'>quibusdam</span> <span class='ocrx_word' id='word_1_488' title='bbox 3234 3217 3247 3256; x_wconf 90' lang='lat'><strong>:</strong></span> <span class='ocrx_word' id='word_1_489' title='bbox 3275 3205 3510 3272; x_wconf 86' lang='lat' dir='ltr'>peccata</span> <span class='ocrx_word' id='word_1_490' title='bbox 3540 3218 3672 3258; x_wconf 90' lang='lat' dir='ltr'>vero</span> <span class='ocrx_word' id='word_1_491' title='bbox 3703 3219 3774 3259; x_wconf 82' lang='lat' dir='ltr'>ex</span> 
     </span>
    </p>
   </div>
   <div class='ocr_carea' id='block_1_66' title="bbox 356 3268 2010 3368">
    <p class='ocr_par' dir='ltr' id='par_1_66' title="bbox 356 3268 2010 3368">
     <span class='ocr_line' id='line_1_66' title="bbox 356 3268 2010 3368; baseline 0.001 -24"><span class='ocrx_word' id='word_1_492' title='bbox 356 3289 519 3344; x_wconf 84' lang='grc' dir='ltr'>κακὸν</span> <span class='ocrx_word' id='word_1_493' title='bbox 587 3293 698 3345; x_wconf 81' lang='grc' dir='ltr'>τῶν</span> <span class='ocrx_word' id='word_1_494' title='bbox 775 3268 1258 3365; x_wconf 77' lang='grc' dir='ltr'>πλημμελούντων</span> <span class='ocrx_word' id='word_1_495' title='bbox 1336 3268 1755 3368; x_wconf 73' lang='grc' dir='ltr'>ἁμαρτανόμενα</span> <span class='ocrx_word' id='word_1_496' title='bbox 1797 3268 2010 3365; x_wconf 70' lang='grc' dir='ltr'>¹α’ίματι</span> 
     </span>
    </p>
   </div>
   <div class='ocr_carea' id='block_1_67' title="bbox 2126 3268 3774 3368">
    <p class='ocr_par' dir='ltr' id='par_1_67' title="bbox 2126 3268 3774 3364">
     <span class='ocr_line' id='line_1_67' title="bbox 2126 3268 3774 3364; baseline -0.001 -15"><span class='ocrx_word' id='word_1_497' title='bbox 2126 3291 2594 3364; x_wconf 86' lang='lat' dir='ltr'>delinquentium</span> <span class='ocrx_word' id='word_1_498' title='bbox 2630 3291 2838 3344; x_wconf 75' lang='lat' dir='ltr'>affectu</span> <span class='ocrx_word' id='word_1_499' title='bbox 2867 3268 2942 3344; x_wconf 75' lang='lat' dir='ltr'>in</span> <span class='ocrx_word' id='word_1_500' title='bbox 2989 3288 3210 3345; x_wconf 89' lang='lat' dir='ltr'>malum</span> <span class='ocrx_word' id='word_1_501' title='bbox 3241 3268 3627 3363; x_wconf 76' lang='lat' dir='ltr'>propendenti</span> <span class='ocrx_word' id='word_1_502' title='bbox 3659 3291 3774 3348; x_wconf 90' lang='lat' dir='ltr'>alte</span> 
     </span>
    </p>
   </div>
   <div class='ocr_carea' id='block_1_68' title="bbox 355 3380 2014 3456">
    <p class='ocr_par' dir='ltr' id='par_1_68' title="bbox 355 3380 2014 3456">
     <span class='ocr_line' id='line_1_68' title="bbox 355 3380 2014 3456; baseline 0.002 -24"><span class='ocrx_word' id='word_1_503' title='bbox 355 3380 757 3454; x_wconf 82' lang='grc' dir='ltr'>παρεικάζεται.</span> <span class='ocrx_word' id='word_1_504' title='bbox 819 3382 912 3435; x_wconf 86' lang='grc' dir='ltr'>Διὸ</span> <span class='ocrx_word' id='word_1_505' title='bbox 961 3382 1049 3436; x_wconf 81' lang='grc' dir='ltr'>καὶ</span> <span class='ocrx_word' id='word_1_506' title='bbox 1103 3381 1161 3436; x_wconf 76' lang='grc' dir='ltr'>ἐκ</span> <span class='ocrx_word' id='word_1_507' title='bbox 1227 3383 1392 3456; x_wconf 82' lang='grc' dir='ltr'>μὲσου</span> <span class='ocrx_word' id='word_1_508' title='bbox 1447 3386 1553 3437; x_wconf 77' lang='grc' dir='ltr'>τῶν</span> <span class='ocrx_word' id='word_1_509' title='bbox 1613 3383 2014 3456; x_wconf 79' lang='grc' dir='ltr'>ἡμαρτηκότων</span> 
     </span>
    </p>
   </div>
   <div class='ocr_carea' id='block_1_69' title="bbox 359 3463 2015 3544">
    <p class='ocr_par' dir='ltr' id='par_1_69' title="bbox 359 3463 2015 3544">
     <span class='ocr_line' id='line_1_69' title="bbox 359 3463 2015 3544; baseline 0.002 -24"><span class='ocrx_word' id='word_1_510' title='bbox 359 3463 452 3521; x_wconf 81' lang='grc' dir='ltr'>διὰ</span> <span class='ocrx_word' id='word_1_511' title='bbox 503 3473 605 3536; x_wconf 83' lang='grc' dir='ltr'>τῆς</span> <span class='ocrx_word' id='word_1_512' title='bbox 658 3473 757 3523; x_wconf 85' lang='grc' dir='ltr'>τοῦ</span> <span class='ocrx_word' id='word_1_513' title='bbox 803 3469 1115 3542; x_wconf 84' lang='grc' dir='ltr'>πνεύματος</span> <span class='ocrx_word' id='word_1_514' title='bbox 1170 3470 1411 3532; x_wconf 84' lang='grc' dir='ltr'>καύσεως</span> <span class='ocrx_word' id='word_1_515' title='bbox 1455 3470 1895 3544; x_wconf 83' lang='grc' dir='ltr'>εκκαθαρίζεσθαι</span> <span class='ocrx_word' id='word_1_516' title='bbox 1952 3471 2015 3526; x_wconf 88' lang='grc' dir='ltr'>τὸ</span> 
     </span>
    </p>
   </div>
   <div class='ocr_carea' id='block_1_70' title="bbox 359 3554 766 3633">
    <p class='ocr_par' dir='ltr' id='par_1_70' title="bbox 359 3554 766 3633">
     <span class='ocr_line' id='line_1_70' title="bbox 359 3554 766 3633; baseline 0.005 -22"><span class='ocrx_word' id='word_1_517' title='bbox 359 3558 499 3630; x_wconf 80' lang='grc' dir='ltr'>αἷμα</span> <span class='ocrx_word' id='word_1_518' title='bbox 527 3554 766 3633; x_wconf 76' lang='grc' dir='ltr'>λέγεται.</span> 
     </span>
    </p>
   </div>
   <div class='ocr_carea' id='block_1_71' title="bbox 434 3641 2017 3725">
    <p class='ocr_par' dir='ltr' id='par_1_71' title="bbox 434 3641 2017 3725">
     <span class='ocr_line' id='line_1_71' title="bbox 434 3641 2017 3725; baseline 0 -23"><span class='ocrx_word' id='word_1_519' title='bbox 434 3647 558 3702; x_wconf 91' lang='grc'>138.</span> <span class='ocrx_word' id='word_1_520' title='bbox 612 3646 718 3702; x_wconf 83' lang='grc' dir='ltr'>Καὶ</span> <span class='ocrx_word' id='word_1_521' title='bbox 775 3643 912 3719; x_wconf 71' lang='grc' dir='ltr'>ἥξει,</span> <span class='ocrx_word' id='word_1_522' title='bbox 971 3646 1063 3702; x_wconf 84' lang='grc' dir='ltr'>καὶ</span> <span class='ocrx_word' id='word_1_523' title='bbox 1115 3641 1261 3702; x_wconf 82' lang='grc' dir='ltr'>ἔσται</span> <span class='ocrx_word' id='word_1_524' title='bbox 1319 3651 1424 3711; x_wconf 85' lang='grc' dir='ltr'>πᾶς</span> <span class='ocrx_word' id='word_1_525' title='bbox 1479 3646 1648 3710; x_wconf 84' lang='grc' dir='ltr'>τόπος</span> <span class='ocrx_word' id='word_1_526' title='bbox 1700 3651 1797 3704; x_wconf 85' lang='grc' dir='ltr'>τοῦ</span> <span class='ocrx_word' id='word_1_527' title='bbox 1855 3647 2017 3725; x_wconf 77' lang='grc' dir='ltr'>ὅρους</span> 
     </span>
    </p>
   </div>
   <div class='ocr_carea' id='block_1_72' title="bbox 364 3734 2012 3812">
    <p class='ocr_par' dir='ltr' id='par_1_72' title="bbox 364 3734 2012 3812">
     <span class='ocr_line' id='line_1_72' title="bbox 364 3734 2012 3812; baseline 0.001 -22"><span class='ocrx_word' id='word_1_528' title='bbox 364 3735 554 3804; x_wconf 88' lang='grc' dir='ltr'>Σιὼν,</span> <span class='ocrx_word' id='word_1_529' title='bbox 615 3735 706 3791; x_wconf 79' lang='grc' dir='ltr'>καὶ</span> <span class='ocrx_word' id='word_1_530' title='bbox 776 3735 948 3792; x_wconf 83' lang='grc' dir='ltr'>πάντα</span> <span class='ocrx_word' id='word_1_531' title='bbox 1014 3735 1083 3792; x_wconf 89' lang='lat'>:6</span> <span class='ocrx_word' id='word_1_532' title='bbox 1155 3735 1279 3812; x_wconf 85' lang='grc' dir='ltr'>περὶ</span> <span class='ocrx_word' id='word_1_533' title='bbox 1336 3734 1528 3811; x_wconf 87' lang='grc' dir='ltr'>κύκλῳ</span> <span class='ocrx_word' id='word_1_534' title='bbox 1576 3738 1747 3804; x_wconf 81' lang='grc' dir='ltr'>αὐτῆς</span> <span class='ocrx_word' id='word_1_535' title='bbox 1808 3737 2012 3792; x_wconf 83' lang='grc' dir='ltr'>σκιάσει</span> 
     </span>
    </p>
   </div>
   <div class='ocr_carea' id='block_1_73' title="bbox 359 3821 2016 3904">
    <p class='ocr_par' dir='ltr' id='par_1_73' title="bbox 359 3821 2016 3904">
     <span class='ocr_line' id='line_1_73' title="bbox 359 3821 2016 3904; baseline 0.002 -26"><span class='ocrx_word' id='word_1_536' title='bbox 359 3821 562 3902; x_wconf 72' lang='grc' dir='ltr'>νεφέλη</span> <span class='ocrx_word' id='word_1_537' title='bbox 607 3823 837 3902; x_wconf 71' lang='grc' dir='ltr'>ἡμέρας,</span> <span class='ocrx_word' id='word_1_538' title='bbox 893 3822 984 3880; x_wconf 86' lang='grc' dir='ltr'>καῖ</span> <span class='ocrx_word' id='word_1_539' title='bbox 1043 3824 1118 3890; x_wconf 86' lang='grc' dir='ltr'>ὡς</span> <span class='ocrx_word' id='word_1_540' title='bbox 1171 3831 1377 3880; x_wconf 88' lang='grc' dir='ltr'>καπνοῦ</span> <span class='ocrx_word' id='word_1_541' title='bbox 1425 3827 1560 3900; x_wconf 80' lang='grc'>(37),</span> <span class='ocrx_word' id='word_1_542' title='bbox 1617 3826 1707 3882; x_wconf 78' lang='grc' dir='ltr'>καὶ</span> <span class='ocrx_word' id='word_1_543' title='bbox 1767 3827 1840 3888; x_wconf 84' lang='grc' dir='ltr'>ὡς</span> <span class='ocrx_word' id='word_1_544' title='bbox 1898 3849 2016 3904; x_wconf 83' lang='grc' dir='ltr'>φω-</span> 
     </span>
    </p>
   </div>
   <div class='ocr_carea' id='block_1_74' title="bbox 359 3911 2013 3991">
    <p class='ocr_par' dir='ltr' id='par_1_74' title="bbox 359 3911 2013 3991">
     <span class='ocr_line' id='line_1_74' title="bbox 359 3911 2013 3991; baseline 0.002 -24"><span class='ocrx_word' id='word_1_545' title='bbox 359 3911 453 3975; x_wconf 85' lang='grc' dir='ltr'>τὸς</span> <span class='ocrx_word' id='word_1_546' title='bbox 521 3913 818 3988; x_wconf 69' lang='grc' dir='ltr'>καιομένου</span> <span class='ocrx_word' id='word_1_547' title='bbox 896 3914 1111 3985; x_wconf 87' lang='grc' dir='ltr'>νυκτὸς,</span> <span class='ocrx_word' id='word_1_548' title='bbox 1185 3913 1333 3990; x_wconf 77' lang='grc' dir='ltr'>πάσῃ</span> <span class='ocrx_word' id='word_1_549' title='bbox 1393 3917 1465 3988; x_wconf 74' lang='grc' dir='ltr'>τῇ</span> <span class='ocrx_word' id='word_1_550' title='bbox 1522 3912 1650 3991; x_wconf 76' lang='grc' dir='ltr'>δόξῃ</span> <span class='ocrx_word' id='word_1_551' title='bbox 1710 3917 2013 3987; x_wconf 75' lang='grc' dir='ltr'>σκεπασθή-</span> 
     </span>
    </p>
   </div>
   <div class='ocr_carea' id='block_1_75' title="bbox 361 4001 2013 4079">
    <p class='ocr_par' dir='ltr' id='par_1_75' title="bbox 361 4001 2013 4079">
     <span class='ocr_line' id='line_1_75' title="bbox 361 4001 2013 4079; baseline 0.003 -23"><span class='ocrx_word' id='word_1_552' title='bbox 361 4021 529 4060; x_wconf 87' lang='grc' dir='ltr'>σεται.</span> <span class='ocrx_word' id='word_1_553' title='bbox 590 4002 691 4058; x_wconf 83' lang='grc' dir='ltr'>Καὶ</span> <span class='ocrx_word' id='word_1_554' title='bbox 746 4001 893 4059; x_wconf 80' lang='grc' dir='ltr'>ἔσται</span> <span class='ocrx_word' id='word_1_555' title='bbox 953 4003 1030 4067; x_wconf 69' lang='grc' dir='ltr'>εἷς</span> <span class='ocrx_word' id='word_1_556' title='bbox 1087 4003 1237 4060; x_wconf 78' lang='grc' dir='ltr'>σκιὰν</span> <span class='ocrx_word' id='word_1_557' title='bbox 1299 4005 1404 4060; x_wconf 82' lang='grc' dir='ltr'>ἀπὸ</span> <span class='ocrx_word' id='word_1_558' title='bbox 1462 4005 1762 4079; x_wconf 88' lang='grc' dir='ltr'>καύματος,</span> <span class='ocrx_word' id='word_1_559' title='bbox 1823 4005 1912 4061; x_wconf 86' lang='grc' dir='ltr'>καὶ</span> <span class='ocrx_word' id='word_1_560' title='bbox 1963 4004 2013 4061; x_wconf 72' lang='grc' dir='ltr'>ἒν</span> 
     </span>
    </p>
   </div>
   <div class='ocr_carea' id='block_1_76' title="bbox 361 4091 2015 4171">
    <p class='ocr_par' dir='ltr' id='par_1_76' title="bbox 361 4091 2015 4171">
     <span class='ocr_line' id='line_1_76' title="bbox 361 4091 2015 4171; baseline 0.001 -24"><span class='ocrx_word' id='word_1_561' title='bbox 361 4091 556 4168; x_wconf 74' lang='grc' dir='ltr'>σκέπῃ,</span> <span class='ocrx_word' id='word_1_562' title='bbox 643 4094 734 4150; x_wconf 87' lang='grc' dir='ltr'>καὶ</span> <span class='ocrx_word' id='word_1_563' title='bbox 811 4093 863 4149; x_wconf 75' lang='grc' dir='ltr'>ἐν</span> <span class='ocrx_word' id='word_1_564' title='bbox 932 4094 1233 4171; x_wconf 85' lang='grc' dir='ltr'>ἀποκρύφῳ</span> <span class='ocrx_word' id='word_1_565' title='bbox 1297 4096 1402 4150; x_wconf 82' lang='lat'>61:6</span> <span class='ocrx_word' id='word_1_566' title='bbox 1475 4094 1853 4170; x_wconf 87' lang='grc' dir='ltr'>σκληρότητος</span> <span class='ocrx_word' id='word_1_567' title='bbox 1925 4097 2015 4152; x_wconf 82' lang='grc' dir='ltr'>καὶ</span> 
     </span>
    </p>
   </div>
   <div class='ocr_carea' id='block_1_77' title="bbox 362 4184 2013 4264">
    <p class='ocr_par' dir='ltr' id='par_1_77' title="bbox 362 4184 2013 4264">
     <span class='ocr_line' id='line_1_77' title="bbox 362 4184 2013 4264; baseline 0.002 -24"><span class='ocrx_word' id='word_1_568' title='bbox 362 4185 539 4242; x_wconf 80' lang='grc' dir='ltr'>ὑετοῦ.</span> <span class='ocrx_word' id='word_1_569' title='bbox 574 4186 726 4243; x_wconf 75' lang='grc' dir='ltr'>Μετὰ</span> <span class='ocrx_word' id='word_1_570' title='bbox 752 4187 852 4258; x_wconf 81' lang='grc' dir='ltr'>τὴν</span> <span class='ocrx_word' id='word_1_571' title='bbox 889 4187 993 4243; x_wconf 86' lang='grc' dir='ltr'>ὑπὸ</span> <span class='ocrx_word' id='word_1_572' title='bbox 1022 4189 1119 4242; x_wconf 88' lang='lat'>:06</span> <span class='ocrx_word' id='word_1_573' title='bbox 1161 4184 1398 4264; x_wconf 80' lang='grc' dir='ltr'>λουτροῦ</span> <span class='ocrx_word' id='word_1_574' title='bbox 1445 4189 1728 4263; x_wconf 82' lang='grc' dir='ltr'>κάθαρσιν,</span> <span class='ocrx_word' id='word_1_575' title='bbox 1777 4191 1864 4245; x_wconf 79' lang='grc' dir='ltr'>καὶ</span> <span class='ocrx_word' id='word_1_576' title='bbox 1915 4192 2013 4261; x_wconf 75' lang='grc' dir='ltr'>τὴν</span> 
     </span>
    </p>
   </div>
   <div class='ocr_carea' id='block_1_78' title="bbox 361 4274 2014 4356">
    <p class='ocr_par' dir='ltr' id='par_1_78' title="bbox 361 4274 2014 4356">
     <span class='ocr_line' id='line_1_78' title="bbox 361 4274 2014 4356; baseline 0.008 -27"><span class='ocrx_word' id='word_1_577' title='bbox 361 4274 422 4329; x_wconf 69' lang='grc' dir='ltr'>ἐκ</span> <span class='ocrx_word' id='word_1_578' title='bbox 469 4275 758 4348; x_wconf 86' lang='grc' dir='ltr'>μετανοίας</span> <span class='ocrx_word' id='word_1_579' title='bbox 809 4277 1174 4351; x_wconf 81' lang='grc' dir='ltr'>ἀποκάθαρσιν</span> <span class='ocrx_word' id='word_1_580' title='bbox 1234 4279 1368 4351; x_wconf 84' lang='grc'>(38),</span> <span class='ocrx_word' id='word_1_581' title='bbox 1427 4277 1564 4350; x_wconf 75' lang='grc' dir='ltr'>ἥξει,</span> <span class='ocrx_word' id='word_1_582' title='bbox 1600 4278 1754 4356; x_wconf 76' lang='grc' dir='ltr'>φησὶ,</span> <span class='ocrx_word' id='word_1_583' title='bbox 1806 4280 2014 4355; x_wconf 81' lang='grc' dir='ltr'>καιρὸς,</span> 
     </span>
    </p>
   </div>
   <div class='ocr_carea' id='block_1_79' title="bbox 361 4361 2015 4443">
    <p class='ocr_par' dir='ltr' id='par_1_79' title="bbox 361 4361 2015 4443">
     <span class='ocr_line' id='line_1_79' title="bbox 361 4361 2015 4443; baseline 0.004 -26"><span class='ocrx_word' id='word_1_584' title='bbox 361 4361 452 4418; x_wconf 75' lang='grc' dir='ltr'>ὅτε</span> <span class='ocrx_word' id='word_1_585' title='bbox 501 4368 607 4426; x_wconf 81' lang='grc' dir='ltr'>πᾶς</span> <span class='ocrx_word' id='word_1_586' title='bbox 663 4364 833 4428; x_wconf 86' lang='grc' dir='ltr'>τόπος</span> <span class='ocrx_word' id='word_1_587' title='bbox 895 4364 1306 4437; x_wconf 70' lang='grc' dir='ltr'>οἷκειωθῆσεται</span> <span class='ocrx_word' id='word_1_588' title='bbox 1364 4370 1444 4439; x_wconf 81' lang='grc' dir='ltr'>τῷ</span> <span class='ocrx_word' id='word_1_589' title='bbox 1503 4361 1614 4443; x_wconf 79' lang='grc' dir='ltr'>ὅρει</span> <span class='ocrx_word' id='word_1_590' title='bbox 1665 4366 2015 4423; x_wconf 72' lang='grc' dir='ltr'>Σιώνοτουτ-</span> 
     </span>
    </p>
   </div>
   <div class='ocr_carea' id='block_1_80' title="bbox 361 4452 2016 4529">
    <p class='ocr_par' dir='ltr' id='par_1_80' title="bbox 361 4452 2016 4529">
     <span class='ocr_line' id='line_1_80' title="bbox 361 4452 2016 4529; baseline 0.002 -21"><span class='ocrx_word' id='word_1_591' title='bbox 361 4452 525 4525; x_wconf 64' lang='grc' dir='ltr'>ἑστιν,</span> <span class='ocrx_word' id='word_1_592' title='bbox 559 4452 792 4528; x_wconf 81' lang='grc' dir='ltr'>ὑψηλὸς,</span> <span class='ocrx_word' id='word_1_593' title='bbox 850 4453 941 4509; x_wconf 84' lang='grc' dir='ltr'>καὶ</span> <span class='ocrx_word' id='word_1_594' title='bbox 988 4458 1098 4509; x_wconf 82' lang='grc' dir='ltr'>τῶν</span> <span class='ocrx_word' id='word_1_595' title='bbox 1166 4456 1436 4529; x_wconf 82' lang='grc' dir='ltr'>οὐρανίων</span> <span class='ocrx_word' id='word_1_596' title='bbox 1497 4456 1629 4512; x_wconf 78' lang='grc' dir='ltr'>εἶναι</span> <span class='ocrx_word' id='word_1_597' title='bbox 1662 4457 2016 4519; x_wconf 83' lang='grc' dir='ltr'>σκοπευτικὸς</span> 
     </span>
    </p>
   </div>
   <div class='ocr_carea' id='block_1_81' title="bbox 361 4539 2017 4622">
    <p class='ocr_par' dir='ltr' id='par_1_81' title="bbox 361 4539 2017 4622">
     <span class='ocr_line' id='line_1_81' title="bbox 361 4539 2017 4622; baseline 0.002 -25"><span class='ocrx_word' id='word_1_598' title='bbox 361 4542 840 4615; x_wconf 77' lang='grc' dir='ltr'>καταξιωθήσεται.</span> <span class='ocrx_word' id='word_1_599' title='bbox 876 4542 1030 4602; x_wconf 79' lang='grc' dir='ltr'>Μετὰ</span> <span class='ocrx_word' id='word_1_600' title='bbox 1057 4543 1118 4598; x_wconf 89' lang='lat'>:6</span> <span class='ocrx_word' id='word_1_601' title='bbox 1167 4539 1520 4610; x_wconf 66' lang='grc' dir='ltr'>ἔπιλαϐἑσθαι</span> <span class='ocrx_word' id='word_1_602' title='bbox 1557 4543 1750 4622; x_wconf 85' lang='grc' dir='ltr'>ἀνδρὸς</span> <span class='ocrx_word' id='word_1_603' title='bbox 1781 4549 1892 4620; x_wconf 83' lang='grc'>(39)</span> <span class='ocrx_word' id='word_1_604' title='bbox 1923 4547 2017 4611; x_wconf 77' lang='grc' dir='ltr'>τὰς</span> 
     </span>
    </p>
   </div>
   <div class='ocr_carea' id='block_1_82' title="bbox 2125 3378 3775 3455">
    <p class='ocr_par' dir='ltr' id='par_1_82' title="bbox 2125 3378 3775 3455">
     <span class='ocr_line' id='line_1_82' title="bbox 2125 3378 3775 3455; baseline -0.002 -15"><span class='ocrx_word' id='word_1_605' title='bbox 2125 3383 2437 3455; x_wconf 87' lang='lat' dir='ltr'>impressa,</span> <span class='ocrx_word' id='word_1_606' title='bbox 2480 3378 2751 3452; x_wconf 86' lang='lat' dir='ltr'>sanguini</span> <span class='ocrx_word' id='word_1_607' title='bbox 2797 3383 3231 3450; x_wconf 87' lang='lat' dir='ltr'>comparantur.</span> <span class='ocrx_word' id='word_1_608' title='bbox 3263 3378 3628 3452; x_wconf 86' lang='lat' dir='ltr'>QuaprOpter</span> <span class='ocrx_word' id='word_1_609' title='bbox 3672 3397 3775 3437; x_wconf 83' lang='lat' dir='ltr'>ex-</span> 
     </span>
    </p>
   </div>
   <div class='ocr_carea' id='block_1_83' title="bbox 2125 3467 3778 3545">
    <p class='ocr_par' dir='ltr' id='par_1_83' title="bbox 2125 3467 3778 3545">
     <span class='ocr_line' id='line_1_83' title="bbox 2125 3467 3778 3545; baseline -0.001 -18"><span class='ocrx_word' id='word_1_610' title='bbox 2125 3471 2472 3545; x_wconf 85' lang='lat' dir='ltr'>purgandus</span> <span class='ocrx_word' id='word_1_611' title='bbox 2505 3469 2722 3523; x_wconf 90' lang='lat' dir='ltr'>dicitur</span> <span class='ocrx_word' id='word_1_612' title='bbox 2763 3468 3008 3539; x_wconf 88' lang='lat' dir='ltr'>sanguis</span> <span class='ocrx_word' id='word_1_613' title='bbox 3038 3467 3108 3522; x_wconf 92' lang='lat' dir='ltr'>de</span> <span class='ocrx_word' id='word_1_614' title='bbox 3148 3468 3338 3524; x_wconf 90' lang='lat' dir='ltr'>medio</span> <span class='ocrx_word' id='word_1_615' title='bbox 3369 3469 3544 3525; x_wconf 88' lang='lat' dir='ltr'>etiam</span> <span class='ocrx_word' id='word_1_616' title='bbox 3575 3486 3778 3527; x_wconf 89' lang='lat' dir='ltr'>eorum</span> 
     </span>
    </p>
   </div>
   <div class='ocr_carea' id='block_1_84' title="bbox 2127 3556 3327 3634">
    <p class='ocr_par' dir='ltr' id='par_1_84' title="bbox 2127 3556 3327 3634">
     <span class='ocr_line' id='line_1_84' title="bbox 2127 3556 3327 3634; baseline -0.003 -18"><span class='ocrx_word' id='word_1_617' title='bbox 2127 3562 2229 3634; x_wconf 91' lang='lat' dir='ltr'>qui</span> <span class='ocrx_word' id='word_1_618' title='bbox 2261 3575 2571 3633; x_wconf 82' lang='lat' dir='ltr'>peccavere</span> <span class='ocrx_word' id='word_1_619' title='bbox 2603 3575 2702 3629; x_wconf 91' lang='lat' dir='ltr'>per</span> <span class='ocrx_word' id='word_1_620' title='bbox 2733 3556 2976 3629; x_wconf 89' lang='lat' dir='ltr'>spiritus</span> <span class='ocrx_word' id='word_1_621' title='bbox 3010 3559 3327 3613; x_wconf 86' lang='lat' dir='ltr'>ustionem.</span> 
     </span>
    </p>
   </div>
   <div class='ocr_carea' id='block_1_85' title="bbox 2201 3649 3782 3714">
    <p class='ocr_par' dir='ltr' id='par_1_85' title="bbox 2201 3649 3782 3714">
     <span class='ocr_line' id='line_1_85' title="bbox 2201 3649 3782 3714; baseline -0.001 -6"><span class='ocrx_word' id='word_1_622' title='bbox 2201 3653 2322 3708; x_wconf 80' lang='lat'>138.</span> <span class='ocrx_word' id='word_1_623' title='bbox 2354 3650 2534 3706; x_wconf 74' lang='lat' dir='ltr'>Vsus.</span> <span class='ocrx_word' id='word_1_624' title='bbox 2566 3651 2620 3704; x_wconf 83' lang='lat'>5.</span> <span class='ocrx_word' id='word_1_625' title='bbox 2655 3651 2717 3705; x_wconf 87' lang='lat' dir='ltr'>Et</span> <span class='ocrx_word' id='word_1_626' title='bbox 2746 3649 2948 3714; x_wconf 84' lang='lat' dir='ltr'>veniet,</span> <span class='ocrx_word' id='word_1_627' title='bbox 2981 3650 3031 3702; x_wconf 85' lang='lat' dir='ltr'>et</span> <span class='ocrx_word' id='word_1_628' title='bbox 3059 3649 3163 3704; x_wconf 83' lang='lat' dir='ltr'>erit</span> <span class='ocrx_word' id='word_1_629' title='bbox 3205 3650 3385 3704; x_wconf 73' lang='lat' dir='ltr'>omnis</span> <span class='ocrx_word' id='word_1_630' title='bbox 3434 3650 3583 3706; x_wconf 74' lang='lat' dir='ltr'>locus</span> <span class='ocrx_word' id='word_1_631' title='bbox 3621 3665 3782 3706; x_wconf 88' lang='lat' dir='ltr'>mon-</span> 
     </span>
    </p>
   </div>
   <div class='ocr_carea' id='block_1_86' title="bbox 2127 3739 3778 3812">
    <p class='ocr_par' dir='ltr' id='par_1_86' title="bbox 2127 3739 3778 3812">
     <span class='ocr_line' id='line_1_86' title="bbox 2127 3739 3778 3812; baseline -0.001 -14"><span class='ocrx_word' id='word_1_632' title='bbox 2127 3745 2200 3800; x_wconf 75' lang='lat' dir='ltr'>ti:</span> <span class='ocrx_word' id='word_1_633' title='bbox 2247 3742 2397 3807; x_wconf 85' lang='lat' dir='ltr'>Sion,</span> <span class='ocrx_word' id='word_1_634' title='bbox 2432 3744 2482 3796; x_wconf 88' lang='lat' dir='ltr'>et</span> <span class='ocrx_word' id='word_1_635' title='bbox 2511 3740 2706 3796; x_wconf 82' lang='lat' dir='ltr'>omnia</span> <span class='ocrx_word' id='word_1_636' title='bbox 2755 3753 2880 3810; x_wconf 77' lang='lat' dir='ltr'>quae</span> <span class='ocrx_word' id='word_1_637' title='bbox 2927 3739 2990 3792; x_wconf 86' lang='lat' dir='ltr'>in</span> <span class='ocrx_word' id='word_1_638' title='bbox 3037 3739 3277 3793; x_wconf 80' lang='lat' dir='ltr'>circuitu</span> <span class='ocrx_word' id='word_1_639' title='bbox 3333 3740 3452 3807; x_wconf 75' lang='lat' dir='ltr'>eius</span> <span class='ocrx_word' id='word_1_640' title='bbox 3507 3747 3654 3812; x_wconf 78' lang='lat' dir='ltr'>sunt,</span> <span class='ocrx_word' id='word_1_641' title='bbox 3685 3739 3778 3796; x_wconf 86' lang='lat' dir='ltr'>ob-</span> 
     </span>
    </p>
   </div>
   <div class='ocr_carea' id='block_1_87' title="bbox 2126 3827 3778 3899">
    <p class='ocr_par' dir='ltr' id='par_1_87' title="bbox 2126 3827 3778 3899">
     <span class='ocr_line' id='line_1_87' title="bbox 2126 3827 3778 3899; baseline -0.002 -10"><span class='ocrx_word' id='word_1_642' title='bbox 2126 3832 2403 3889; x_wconf 84' lang='lat' dir='ltr'>umbrabit</span> <span class='ocrx_word' id='word_1_643' title='bbox 2459 3832 2631 3885; x_wconf 75' lang='lat' dir='ltr'>nubes</span> <span class='ocrx_word' id='word_1_644' title='bbox 2681 3844 2781 3899; x_wconf 85' lang='lat' dir='ltr'>per</span> <span class='ocrx_word' id='word_1_645' title='bbox 2834 3827 3001 3896; x_wconf 85' lang='lat' dir='ltr'>diem,</span> <span class='ocrx_word' id='word_1_646' title='bbox 3059 3831 3110 3883; x_wconf 91' lang='lat' dir='ltr'>et</span> <span class='ocrx_word' id='word_1_647' title='bbox 3168 3835 3439 3898; x_wconf 82' lang='lat' dir='ltr'>tanquam</span> <span class='ocrx_word' id='word_1_648' title='bbox 3492 3831 3669 3899; x_wconf 85' lang='lat' dir='ltr'>fumo,</span> <span class='ocrx_word' id='word_1_649' title='bbox 3726 3833 3778 3885; x_wconf 70' lang='lat' dir='ltr'>et</span> 
     </span>
    </p>
   </div>
   <div class='ocr_carea' id='block_1_88' title="bbox 2128 3915 3777 3994">
    <p class='ocr_par' dir='ltr' id='par_1_88' title="bbox 2128 3915 3777 3994">
     <span class='ocr_line' id='line_1_88' title="bbox 2128 3915 3777 3994; baseline -0.003 -15"><span class='ocrx_word' id='word_1_650' title='bbox 2128 3931 2389 3994; x_wconf 80' lang='lat' dir='ltr'>tanquam</span> <span class='ocrx_word' id='word_1_651' title='bbox 2426 3919 2548 3975; x_wconf 78' lang='lat' dir='ltr'>luce</span> <span class='ocrx_word' id='word_1_652' title='bbox 2578 3919 2812 3974; x_wconf 78' lang='lat' dir='ltr'>ardente</span> <span class='ocrx_word' id='word_1_653' title='bbox 2849 3934 2947 3988; x_wconf 88' lang='lat' dir='ltr'>per</span> <span class='ocrx_word' id='word_1_654' title='bbox 2974 3924 3186 3974; x_wconf 85' lang='lat' dir='ltr'>noctem</span> <span class='ocrx_word' id='word_1_655' title='bbox 3199 3933 3220 3979; x_wconf 74' lang='lat'>,&#39;</span> <span class='ocrx_word' id='word_1_656' title='bbox 3253 3918 3410 3973; x_wconf 81' lang='lat' dir='ltr'>omni</span> <span class='ocrx_word' id='word_1_657' title='bbox 3433 3915 3623 3988; x_wconf 83' lang='lat' dir='ltr'>gloria</span> <span class='ocrx_word' id='word_1_658' title='bbox 3645 3933 3777 3989; x_wconf 86' lang='lat' dir='ltr'>pro-</span> 
     </span>
    </p>
   </div>
   <div class='ocr_carea' id='block_1_89' title="bbox 2128 4007 3776 4080">
    <p class='ocr_par' dir='ltr' id='par_1_89' title="bbox 2128 4007 3776 4080">
     <span class='ocr_line' id='line_1_89' title="bbox 2128 4007 3776 4080; baseline -0.002 -14"><span class='ocrx_word' id='word_1_659' title='bbox 2128 4013 2359 4080; x_wconf 86' lang='lat' dir='ltr'>tegetur.</span> <span class='ocrx_word' id='word_1_660' title='bbox 2413 4011 2476 4064; x_wconf 89' lang='lat' dir='ltr'>Et</span> <span class='ocrx_word' id='word_1_661' title='bbox 2524 4008 2629 4063; x_wconf 86' lang='lat' dir='ltr'>erit</span> <span class='ocrx_word' id='word_1_662' title='bbox 2674 4009 2735 4064; x_wconf 85' lang='lat' dir='ltr'>in</span> <span class='ocrx_word' id='word_1_663' title='bbox 2783 4008 3039 4062; x_wconf 79' lang='lat' dir='ltr'>umbram</span> <span class='ocrx_word' id='word_1_664' title='bbox 3095 4007 3164 4061; x_wconf 88' lang='lat' dir='ltr'>ab</span> <span class='ocrx_word' id='word_1_665' title='bbox 3219 4016 3380 4073; x_wconf 72' lang='lat' dir='ltr'>aestu,</span> <span class='ocrx_word' id='word_1_666' title='bbox 3429 4010 3483 4062; x_wconf 85' lang='lat' dir='ltr'>et</span> <span class='ocrx_word' id='word_1_667' title='bbox 3532 4009 3593 4062; x_wconf 87' lang='lat' dir='ltr'>in</span> <span class='ocrx_word' id='word_1_668' title='bbox 3646 4022 3776 4078; x_wconf 84' lang='lat' dir='ltr'>pro-</span> 
     </span>
    </p>
   </div>
   <div class='ocr_carea' id='block_1_90' title="bbox 2126 4095 3778 4168">
    <p class='ocr_par' dir='ltr' id='par_1_90' title="bbox 2126 4095 3778 4168">
     <span class='ocr_line' id='line_1_90' title="bbox 2126 4095 3778 4168; baseline -0.004 -10"><span class='ocrx_word' id='word_1_669' title='bbox 2126 4101 2437 4166; x_wconf 80' lang='lat' dir='ltr'>tectionem,</span> <span class='ocrx_word' id='word_1_670' title='bbox 2469 4103 2519 4154; x_wconf 89' lang='lat' dir='ltr'>et</span> <span class='ocrx_word' id='word_1_671' title='bbox 2563 4098 2618 4152; x_wconf 88' lang='lat' dir='ltr'>in</span> <span class='ocrx_word' id='word_1_672' title='bbox 2669 4097 3085 4152; x_wconf 74' lang='lat' dir='ltr'>absconsioncm</span> <span class='ocrx_word' id='word_1_673' title='bbox 3114 4095 3182 4150; x_wconf 86' lang='lat' dir='ltr'>ab</span> <span class='ocrx_word' id='word_1_674' title='bbox 3212 4097 3512 4166; x_wconf 75' lang='lat' dir='ltr'>asperitate</span> <span class='ocrx_word' id='word_1_675' title='bbox 3550 4103 3602 4152; x_wconf 89' lang='lat' dir='ltr'>et</span> <span class='ocrx_word' id='word_1_676' title='bbox 3646 4097 3778 4168; x_wconf 83' lang='lat' dir='ltr'>ptu-</span> 
     </span>
    </p>
   </div>
   <div class='ocr_carea' id='block_1_91' title="bbox 2126 4183 3780 4259">
    <p class='ocr_par' dir='ltr' id='par_1_91' title="bbox 2126 4183 3780 4259">
     <span class='ocr_line' id='line_1_91' title="bbox 2126 4183 3780 4259; baseline -0.002 -14"><span class='ocrx_word' id='word_1_677' title='bbox 2126 4191 2238 4246; x_wconf 84' lang='lat' dir='ltr'>via.</span> <span class='ocrx_word' id='word_1_678' title='bbox 2270 4189 2587 4259; x_wconf 90' lang='lat' dir='ltr'>Postquam</span> <span class='ocrx_word' id='word_1_679' title='bbox 2649 4187 2799 4240; x_wconf 82' lang='lat' dir='ltr'>facta</span> <span class='ocrx_word' id='word_1_680' title='bbox 2857 4185 3123 4257; x_wconf 89' lang='lat' dir='ltr'>purgatio</span> <span class='ocrx_word' id='word_1_681' title='bbox 3175 4189 3265 4240; x_wconf 89' lang='lat' dir='ltr'>est</span> <span class='ocrx_word' id='word_1_682' title='bbox 3310 4201 3413 4256; x_wconf 92' lang='lat' dir='ltr'>per</span> <span class='ocrx_word' id='word_1_683' title='bbox 3457 4183 3780 4253; x_wconf 86' lang='lat' dir='ltr'>lavacrum,</span> 
     </span>
    </p>
   </div>
   <div class='ocr_carea' id='block_1_92' title="bbox 2128 4273 3783 4351">
    <p class='ocr_par' dir='ltr' id='par_1_92' title="bbox 2128 4273 3783 4351">
     <span class='ocr_line' id='line_1_92' title="bbox 2128 4273 3783 4351; baseline -0.004 -16"><span class='ocrx_word' id='word_1_684' title='bbox 2128 4282 2185 4334; x_wconf 93' lang='lat' dir='ltr'>et</span> <span class='ocrx_word' id='word_1_685' title='bbox 2215 4282 2346 4351; x_wconf 89' lang='lat' dir='ltr'>post</span> <span class='ocrx_word' id='word_1_686' title='bbox 2396 4275 2873 4348; x_wconf 83' lang='lat' dir='ltr'>expurgationcm</span> <span class='ocrx_word' id='word_1_687' title='bbox 2907 4289 3034 4346; x_wconf 76' lang='lat' dir='ltr'>quas</span> <span class='ocrx_word' id='word_1_688' title='bbox 3084 4273 3150 4328; x_wconf 83' lang='lat' dir='ltr'>tit</span> <span class='ocrx_word' id='word_1_689' title='bbox 3198 4290 3302 4344; x_wconf 90' lang='lat' dir='ltr'>per</span> <span class='ocrx_word' id='word_1_690' title='bbox 3348 4273 3783 4345; x_wconf 73' lang='lat' dir='ltr'>paenitentiam,</span> 
     </span>
    </p>
   </div>
   <div class='ocr_carea' id='block_1_93' title="bbox 2128 4361 3782 4440">
    <p class='ocr_par' dir='ltr' id='par_1_93' title="bbox 2128 4361 3782 4440">
     <span class='ocr_line' id='line_1_93' title="bbox 2128 4361 3782 4440; baseline -0.002 -16"><span class='ocrx_word' id='word_1_691' title='bbox 2128 4375 2384 4440; x_wconf 86' lang='lat' dir='ltr'>tempus,</span> <span class='ocrx_word' id='word_1_692' title='bbox 2445 4365 2656 4436; x_wconf 89' lang='lat' dir='ltr'>inquit,</span> <span class='ocrx_word' id='word_1_693' title='bbox 2714 4363 2926 4429; x_wconf 85' lang='lat' dir='ltr'>veniet,</span> <span class='ocrx_word' id='word_1_694' title='bbox 2983 4377 3118 4418; x_wconf 90' lang='lat' dir='ltr'>cum</span> <span class='ocrx_word' id='word_1_695' title='bbox 3175 4361 3340 4418; x_wconf 90' lang='lat' dir='ltr'>locus</span> <span class='ocrx_word' id='word_1_696' title='bbox 3397 4361 3588 4418; x_wconf 91' lang='lat' dir='ltr'>omnis</span> <span class='ocrx_word' id='word_1_697' title='bbox 3646 4378 3782 4420; x_wconf 91' lang='lat' dir='ltr'>cum</span> 
     </span>
    </p>
   </div>
   <div class='ocr_carea' id='block_1_94' title="bbox 2129 4451 3785 4524">
    <p class='ocr_par' dir='ltr' id='par_1_94' title="bbox 2129 4451 3785 4524">
     <span class='ocr_line' id='line_1_94' title="bbox 2129 4451 3785 4524; baseline -0.004 -10"><span class='ocrx_word' id='word_1_698' title='bbox 2129 4463 2328 4513; x_wconf 87' lang='lat' dir='ltr'>monte</span> <span class='ocrx_word' id='word_1_699' title='bbox 2345 4457 2484 4512; x_wconf 89' lang='lat' dir='ltr'>Sion</span> <span class='ocrx_word' id='word_1_700' title='bbox 2508 4452 3002 4510; x_wconf 89' lang='lat' dir='ltr'>necessitudinem</span> <span class='ocrx_word' id='word_1_701' title='bbox 3021 4451 3490 4524; x_wconf 82' lang='lat' dir='ltr'>afﬁnitatemque</span> <span class='ocrx_word' id='word_1_702' title='bbox 3512 4451 3785 4522; x_wconf 80' lang='lat' dir='ltr'>habebit;</span> 
     </span>
    </p>
   </div>
   <div class='ocr_carea' id='block_1_95' title="bbox 2127 4540 3784 4613">
    <p class='ocr_par' dir='ltr' id='par_1_95' title="bbox 2127 4540 3784 4613">
     <span class='ocr_line' id='line_1_95' title="bbox 2127 4540 3784 4613; baseline -0.004 -10"><span class='ocrx_word' id='word_1_703' title='bbox 2127 4547 2238 4603; x_wconf 89' lang='lat' dir='ltr'>hoc</span> <span class='ocrx_word' id='word_1_704' title='bbox 2269 4549 2378 4613; x_wconf 89' lang='lat' dir='ltr'>est,</span> <span class='ocrx_word' id='word_1_705' title='bbox 2412 4544 2522 4601; x_wconf 90' lang='lat' dir='ltr'>erit</span> <span class='ocrx_word' id='word_1_706' title='bbox 2560 4541 2857 4607; x_wconf 89' lang='lat' dir='ltr'>sublimis,</span> <span class='ocrx_word' id='word_1_707' title='bbox 2891 4558 2956 4596; x_wconf 91' lang='lat' dir='ltr'>ac</span> <span class='ocrx_word' id='word_1_708' title='bbox 3007 4540 3223 4613; x_wconf 89' lang='lat' dir='ltr'>dignus</span> <span class='ocrx_word' id='word_1_709' title='bbox 3267 4540 3628 4613; x_wconf 89' lang='lat' dir='ltr'>idoneusque</span> <span class='ocrx_word' id='word_1_710' title='bbox 3656 4541 3784 4597; x_wconf 78' lang='lat' dir='ltr'>effi-</span> 
     </span>
    </p>
   </div>
   <div class='ocr_carea' id='block_1_96' title="bbox 363 4630 2010 4710">
    <p class='ocr_par' dir='ltr' id='par_1_96' title="bbox 363 4631 2010 4710">
     <span class='ocr_line' id='line_1_96' title="bbox 363 4631 2010 4710; baseline 0.003 -24"><span class='ocrx_word' id='word_1_711' title='bbox 363 4631 500 4686; x_wconf 63' lang='grc' dir='ltr'>ἑπτὰ</span> <span class='ocrx_word' id='word_1_712' title='bbox 554 4638 836 4709; x_wconf 88' lang='grc' dir='ltr'>γυναῖκας,</span> <span class='ocrx_word' id='word_1_713' title='bbox 862 4634 950 4689; x_wconf 83' lang='grc' dir='ltr'>καὶ</span> <span class='ocrx_word' id='word_1_714' title='bbox 985 4631 1294 4708; x_wconf 78' lang='grc' dir='ltr'>ἐπιλάμψαι</span> <span class='ocrx_word' id='word_1_715' title='bbox 1349 4633 1542 4710; x_wconf 86' lang='grc' dir='ltr'>Κύριον</span> <span class='ocrx_word' id='word_1_716' title='bbox 1590 4636 1725 4708; x_wconf 85' lang='grc' dir='ltr'>μετὰ</span> <span class='ocrx_word' id='word_1_717' title='bbox 1775 4632 1934 4706; x_wconf 80' lang='grc' dir='ltr'>δόξης</span> <span class='ocrx_word' id='word_1_718' title='bbox 1964 4635 2010 4691; x_wconf 74' lang='grc' dir='ltr'>ἐν</span> 
     </span>
    </p>
   </div>
   <div class='ocr_carea' id='block_1_97' title="bbox 2126 4630 3783 4710">
    <p class='ocr_par' dir='ltr' id='par_1_97' title="bbox 2128 4630 3783 4705">
     <span class='ocr_line' id='line_1_97' title="bbox 2128 4630 3783 4705; baseline -0.005 -11"><span class='ocrx_word' id='word_1_719' title='bbox 2128 4637 2330 4702; x_wconf 90' lang='lat' dir='ltr'>cietur,</span> <span class='ocrx_word' id='word_1_720' title='bbox 2359 4653 2426 4691; x_wconf 87' lang='lat' dir='ltr'><strong>ex</strong></span> <span class='ocrx_word' id='word_1_721' title='bbox 2449 4650 2566 4705; x_wconf 91' lang='lat' dir='ltr'>quo</span> <span class='ocrx_word' id='word_1_722' title='bbox 2589 4635 2929 4703; x_wconf 88' lang='lat' dir='ltr'>spectentur</span> <span class='ocrx_word' id='word_1_723' title='bbox 2949 4630 3226 4686; x_wconf 85' lang='lat' dir='ltr'>coelestia.</span> <span class='ocrx_word' id='word_1_724' title='bbox 3260 4634 3651 4703; x_wconf 87' lang='lat' dir='ltr'>Posteaquam</span> <span class='ocrx_word' id='word_1_725' title='bbox 3681 4648 3783 4702; x_wconf 90' lang='lat' dir='ltr'>ap-</span> 
     </span>
    </p>
   </div>
   <div class='ocr_carea' id='block_1_98' title="bbox 366 4719 2012 4800">
    <p class='ocr_par' dir='ltr' id='par_1_98' title="bbox 366 4719 2012 4800">
     <span class='ocr_line' id='line_1_98' title="bbox 366 4719 2012 4800; baseline 0.002 -22"><span class='ocrx_word' id='word_1_726' title='bbox 366 4719 569 4798; x_wconf 76' lang='grc' dir='ltr'>βουλῇ,</span> <span class='ocrx_word' id='word_1_727' title='bbox 624 4725 722 4779; x_wconf 86' lang='grc' dir='ltr'>τοῦ</span> <span class='ocrx_word' id='word_1_728' title='bbox 753 4723 962 4798; x_wconf 75' lang='grc' dir='ltr'>ὑψῶσαι</span> <span class='ocrx_word' id='word_1_729' title='bbox 993 4724 1082 4778; x_wconf 84' lang='grc' dir='ltr'>καὶ</span> <span class='ocrx_word' id='word_1_730' title='bbox 1135 4720 1352 4794; x_wconf 79' lang='grc' dir='ltr'>δοξάσαι</span> <span class='ocrx_word' id='word_1_731' title='bbox 1399 4723 1463 4780; x_wconf 88' lang='grc' dir='ltr'>τὸ</span> <span class='ocrx_word' id='word_1_732' title='bbox 1511 4725 1868 4800; x_wconf 73' lang='grc' dir='ltr'>καταλειφθὲν</span> <span class='ocrx_word' id='word_1_733' title='bbox 1916 4729 2012 4781; x_wconf 87' lang='grc' dir='ltr'>τοῦ</span> 
     </span>
    </p>
   </div>
   <div class='ocr_carea' id='block_1_99' title="bbox 430 4867 1397 4940">
    <p class='ocr_par' dir='ltr' id='par_1_99' title="bbox 430 4867 1397 4940">
     <span class='ocr_line' id='line_1_99' title="bbox 430 4867 1397 4940; baseline 0.003 -17"><span class='ocrx_word' id='word_1_734' title='bbox 430 4867 453 4902; x_wconf 81' lang='grc'><strong><em>⁸</em></strong></span> <span class='ocrx_word' id='word_1_735' title='bbox 479 4867 685 4925; x_wconf 82' lang='lat' dir='ltr'>Matth.</span> <span class='ocrx_word' id='word_1_736' title='bbox 720 4883 808 4939; x_wconf 82' lang='grc' dir='ltr'>ιιι,</span> <span class='ocrx_word' id='word_1_737' title='bbox 837 4869 927 4926; x_wconf 88' lang='grc'>11.</span> <span class='ocrx_word' id='word_1_738' title='bbox 1001 4869 1050 4906; x_wconf 72' lang='grc' dir='ltr'>θ’</span> <span class='ocrx_word' id='word_1_739' title='bbox 1079 4868 1232 4927; x_wconf 86' lang='lat' dir='ltr'>Psal.</span> <span class='ocrx_word' id='word_1_740' title='bbox 1263 4885 1316 4940; x_wconf 83' lang='lat' dir='ltr'>L,</span> <span class='ocrx_word' id='word_1_741' title='bbox 1343 4869 1397 4926; x_wconf 81' lang='grc'><strong>4.</strong></span> 
     </span>
    </p>
   </div>
   <div class='ocr_carea' id='block_1_100' title="bbox 451 5025 1244 5103">
    <p class='ocr_par' dir='ltr' id='par_1_100' title="bbox 451 5025 1244 5103">
     <span class='ocr_line' id='line_1_100' title="bbox 451 5025 1244 5103; baseline -0.001 -19"><span class='ocrx_word' id='word_1_742' title='bbox 451 5028 541 5103; x_wconf 67' lang='grc'>33)</span> <span class='ocrx_word' id='word_1_743' title='bbox 571 5028 825 5103; x_wconf 69' lang='lat' dir='ltr'>godices</span> <span class='ocrx_word' id='word_1_744' title='bbox 846 5028 1092 5103; x_wconf 77' lang='lat' dir='ltr'>aliquot,</span> <span class='ocrx_word' id='word_1_745' title='bbox 1127 5025 1244 5084; x_wconf 83' lang='lat' dir='ltr'>06v.</span> 
     </span>
    </p>
   </div>
   <div class='ocr_carea' id='block_1_101' title="bbox 453 5100 2018 5176">
    <p class='ocr_par' dir='ltr' id='par_1_101' title="bbox 453 5100 2018 5176">
     <span class='ocr_line' id='line_1_101' title="bbox 453 5100 2018 5176; baseline 0 -21"><span class='ocrx_word' id='word_1_746' title='bbox 453 5100 544 5171; x_wconf 76' lang='grc'>34)</span> <span class='ocrx_word' id='word_1_747' title='bbox 575 5100 965 5176; x_wconf 79' lang='lat' dir='ltr'>Combeﬁsius</span> <span class='ocrx_word' id='word_1_748' title='bbox 995 5105 1164 5176; x_wconf 92' lang='lat' dir='ltr'>putat</span> <span class='ocrx_word' id='word_1_749' title='bbox 1211 5101 1441 5176; x_wconf 84' lang='lat' dir='ltr'>aliquid</span> <span class='ocrx_word' id='word_1_750' title='bbox 1474 5106 1621 5176; x_wconf 15' lang='lat' dir='ltr'>ipost</span> <span class='ocrx_word' id='word_1_751' title='bbox 1651 5117 1852 5176; x_wconf 90' lang='lat' dir='ltr'>vocem</span> <span class='ocrx_word' id='word_1_752' title='bbox 1883 5102 2018 5176; x_wconf 67' lang='grc' dir='ltr'>ἀνατ</span> 
     </span>
    </p>
   </div>
   <div class='ocr_carea' id='block_1_102' title="bbox 364 5168 2016 5244">
    <p class='ocr_par' dir='ltr' id='par_1_102' title="bbox 364 5168 2016 5244">
     <span class='ocr_line' id='line_1_102' title="bbox 364 5168 2016 5244; baseline -0.002 -12"><span class='ocrx_word' id='word_1_753' title='bbox 364 5168 611 5244; x_wconf 59' lang='grc' dir='ltr'>χιθνησιν</span> <span class='ocrx_word' id='word_1_754' title='bbox 645 5173 880 5244; x_wconf 77' lang='lat' dir='ltr'>deesse;</span> <span class='ocrx_word' id='word_1_755' title='bbox 921 5168 1098 5231; x_wconf 63' lang='lat' dir='ltr'>et&#39;de</span> <span class='ocrx_word' id='word_1_756' title='bbox 1146 5190 1253 5230; x_wconf 89' lang='lat' dir='ltr'>suo</span> <span class='ocrx_word' id='word_1_757' title='bbox 1301 5168 1663 5231; x_wconf 72' lang='lat' dir='ltr'>confidenter</span> <span class='ocrx_word' id='word_1_758' title='bbox 1710 5175 1894 5242; x_wconf 89' lang='lat' dir='ltr'>addit,</span> <span class='ocrx_word' id='word_1_759' title='bbox 1925 5173 2016 5228; x_wconf 85' lang='grc' dir='ltr'>καὶ</span> 
     </span>
    </p>
   </div>
   <div class='ocr_carea' id='block_1_103' title="bbox 361 5238 2015 5318">
    <p class='ocr_par' dir='ltr' id='par_1_103' title="bbox 361 5238 2015 5318">
     <span class='ocr_line' id='line_1_103' title="bbox 361 5238 2015 5318; baseline 0.008 -26"><span class='ocrx_word' id='word_1_760' title='bbox 361 5238 423 5294; x_wconf 75' lang='grc' dir='ltr'>ἔκ</span> <span class='ocrx_word' id='word_1_761' title='bbox 450 5241 638 5318; x_wconf 72' lang='grc' dir='ltr'>πυρός,</span> <span class='ocrx_word' id='word_1_762' title='bbox 669 5253 720 5301; x_wconf 81' lang='lat' dir='ltr'>et</span> <span class='ocrx_word' id='word_1_763' title='bbox 748 5261 818 5318; x_wconf 68' lang='lat' dir='ltr'>ea:</span> <span class='ocrx_word' id='word_1_764' title='bbox 865 5238 1012 5318; x_wconf 80' lang='lat' dir='ltr'>igne.</span> <span class='ocrx_word' id='word_1_765' title='bbox 1045 5247 1162 5303; x_wconf 88' lang='lat' dir='ltr'>Nec</span> <span class='ocrx_word' id='word_1_766' title='bbox 1207 5246 1358 5302; x_wconf 87' lang='lat' dir='ltr'>satis</span> <span class='ocrx_word' id='word_1_767' title='bbox 1384 5247 1639 5318; x_wconf 11' lang='lat' dir='ltr'>“habuit,</span> <span class='ocrx_word' id='word_1_768' title='bbox 1663 5247 1721 5304; x_wconf 92' lang='lat' dir='ltr'>id</span> <span class='ocrx_word' id='word_1_769' title='bbox 1772 5238 2015 5318; x_wconf 81' lang='lat' dir='ltr'>fecisse;</span> 
     </span>
    </p>
   </div>
   <div class='ocr_carea' id='block_1_104' title="bbox 364 5316 2016 5390">
    <p class='ocr_par' dir='ltr' id='par_1_104' title="bbox 364 5316 2016 5390">
     <span class='ocr_line' id='line_1_104' title="bbox 364 5316 2016 5390; baseline 0.007 -25"><span class='ocrx_word' id='word_1_770' title='bbox 364 5317 644 5390; x_wconf 62' lang='lat' dir='ltr'>praeterea</span> <span class='ocrx_word' id='word_1_771' title='bbox 671 5317 866 5390; x_wconf 61' lang='lat' dir='ltr'>paulo</span> <span class='ocrx_word' id='word_1_772' title='bbox 891 5316 1175 5390; x_wconf 79' lang='lat' dir='ltr'>superius</span> <span class='ocrx_word' id='word_1_773' title='bbox 1224 5335 1327 5389; x_wconf 92' lang='lat' dir='ltr'>pro</span> <span class='ocrx_word' id='word_1_774' title='bbox 1360 5317 1481 5385; x_wconf 87' lang='lat' dir='ltr'>illo,</span> <span class='ocrx_word' id='word_1_775' title='bbox 1513 5317 1541 5372; x_wconf 83' lang='grc' dir='ltr'>ὁ</span> <span class='ocrx_word' id='word_1_776' title='bbox 1572 5316 1786 5389; x_wconf 85' lang='grc' dir='ltr'>Κύριος,</span> <span class='ocrx_word' id='word_1_777' title='bbox 1821 5319 1902 5375; x_wconf 90' lang='lat' dir='ltr'>ait</span> <span class='ocrx_word' id='word_1_778' title='bbox 1931 5316 2016 5376; x_wconf 48' lang='lat' dir='ltr'>le?</span> 
     </span>
    </p>
   </div>
   <div class='ocr_carea' id='block_1_105' title="bbox 359 5385 2021 5468">
    <p class='ocr_par' dir='ltr' id='par_1_105' title="bbox 359 5385 2021 5468">
     <span class='ocr_line' id='line_1_105' title="bbox 359 5385 2021 5468; baseline 0.005 -29"><span class='ocrx_word' id='word_1_779' title='bbox 359 5385 645 5468; x_wconf 67' lang='lat' dir='ltr'>gendum,</span> <span class='ocrx_word' id='word_1_780' title='bbox 674 5385 705 5442; x_wconf 65' lang='grc' dir='ltr'><strong>ὃ</strong></span> <span class='ocrx_word' id='word_1_781' title='bbox 735 5385 1071 5468; x_wconf 66' lang='grc' dir='ltr'>πρόδρομος,</span> <span class='ocrx_word' id='word_1_782' title='bbox 1099 5385 1430 5468; x_wconf 67' lang='lat' dir='ltr'>praecursor.</span> <span class='ocrx_word' id='word_1_783' title='bbox 1465 5385 1686 5468; x_wconf 85' lang='lat' dir='ltr'>Hic,_ut</span> <span class='ocrx_word' id='word_1_784' title='bbox 1717 5385 1855 5468; x_wconf 82' lang='lat' dir='ltr'>alibi</span> <span class='ocrx_word' id='word_1_785' title='bbox 1891 5410 2021 5463; x_wconf 88' lang='lat' dir='ltr'>pas-</span> 
     </span>
    </p>
   </div>
   <div class='ocr_carea' id='block_1_106' title="bbox 359 5459 2014 5534">
    <p class='ocr_par' dir='ltr' id='par_1_106' title="bbox 359 5459 2014 5534">
     <span class='ocr_line' id='line_1_106' title="bbox 359 5459 2014 5534; baseline 0.004 -20"><span class='ocrx_word' id='word_1_786' title='bbox 359 5459 643 5534; x_wconf 86' lang='lat' dir='ltr'>sim,_sibi</span> <span class='ocrx_word' id='word_1_787' title='bbox 672 5459 1303 5534; x_wconf 56' lang='lat' dir='ltr'>multum&#39;tribuitvir</span> <span class='ocrx_word' id='word_1_788' title='bbox 1333 5461 1553 5534; x_wconf 90' lang='lat' dir='ltr'>alioqui</span> <span class='ocrx_word' id='word_1_789' title='bbox 1586 5459 1970 5520; x_wconf 76' lang='lat' dir='ltr'>doctissimus</span> <span class='ocrx_word' id='word_1_790' title='bbox 2002 5480 2014 5519; x_wconf 91' lang='lat'>:</span> 
     </span>
    </p>
   </div>
   <div class='ocr_carea' id='block_1_107' title="bbox 362 5530 2021 5594">
    <p class='ocr_par' dir='ltr' id='par_1_107' title="bbox 362 5530 2021 5594">
     <span class='ocr_line' id='line_1_107' title="bbox 362 5530 2021 5594; baseline 0.004 -8"><span class='ocrx_word' id='word_1_791' title='bbox 362 5545 474 5586; x_wconf 87' lang='lat' dir='ltr'>nos</span> <span class='ocrx_word' id='word_1_792' title='bbox 505 5530 824 5590; x_wconf 83' lang='lat' dir='ltr'>inaudaces</span> <span class='ocrx_word' id='word_1_793' title='bbox 855 5533 1136 5590; x_wconf 89' lang='lat' dir='ltr'>libentius</span> <span class='ocrx_word' id='word_1_794' title='bbox 1164 5533 1348 5590; x_wconf 91' lang='lat' dir='ltr'>libros</span> <span class='ocrx_word' id='word_1_795' title='bbox 1375 5530 1499 5590; x_wconf 82' lang='lat' dir='ltr'>tum</span> <span class='ocrx_word' id='word_1_796' title='bbox 1535 5552 1716 5594; x_wconf 89' lang='lat' dir='ltr'>manu</span> <span class='ocrx_word' id='word_1_797' title='bbox 1755 5541 2021 5594; x_wconf 85' lang='lat' dir='ltr'>exaratos</span> 
     </span>
    </p>
   </div>
   <div class='ocr_carea' id='block_1_108' title="bbox 362 5604 1396 5678">
    <p class='ocr_par' dir='ltr' id='par_1_108' title="bbox 362 5604 1396 5678">
     <span class='ocr_line' id='line_1_108' title="bbox 362 5604 1396 5678; baseline 0.006 -22"><span class='ocrx_word' id='word_1_798' title='bbox 362 5604 687 5678; x_wconf 52' lang='lat' dir='ltr'>tuuLtypis</span> <span class='ocrx_word' id='word_1_799' title='bbox 713 5605 1039 5678; x_wconf 84' lang='lat' dir='ltr'>descriptos</span> <span class='ocrx_word' id='word_1_800' title='bbox 1068 5605 1396 5678; x_wconf 83' lang='lat' dir='ltr'>sequimur.</span> 
     </span>
    </p>
   </div>
   <div class='ocr_carea' id='block_1_109' title="bbox 440 5620 2023 5759">
    <p class='ocr_par' dir='ltr' id='par_1_109' title="bbox 440 5620 2023 5759">
     <span class='ocr_line' id='line_1_109' title="bbox 440 5620 1396 5730; baseline 0.006 -74"><span class='ocrx_word' id='word_1_801' title='bbox 440 5620 488 5656; x_wconf 85' lang='grc' dir='ltr'>ω</span> <span class='ocrx_word' id='word_1_802' title='bbox 523 5620 688 5730; x_wconf 61' lang='grc' dir='ltr'>ιγέιε</span> <span class='ocrx_word' id='word_1_803' title='bbox 713 5620 1039 5690; x_wconf 71' lang='lat' dir='ltr'>descriptos</span> <span class='ocrx_word' id='word_1_804' title='bbox 1068 5621 1396 5678; x_wconf 81' lang='lat' dir='ltr'>seqmmur.</span> 
     </span>
     <span class='ocr_line' id='line_1_110' title="bbox 440 5672 2023 5759; baseline 0.003 -28"><span class='ocrx_word' id='word_1_805' title='bbox 594 5750 604 5759; x_wconf 40' lang='lat'>‘</span> <span class='ocrx_word' id='word_1_806' title='bbox 633 5677 780 5759; x_wconf 79' lang='lat' dir='ltr'>d1t1,_</span> <span class='ocrx_word' id='word_1_807' title='bbox 794 5675 1038 5759; x_wconf 70' lang='grc' dir='ltr'>ἑαυτοὺς,</span> <span class='ocrx_word' id='word_1_808' title='bbox 1057 5676 1338 5759; x_wconf 50' lang='grc' dir='ltr'>ηαίματος.</span> <span class='ocrx_word' id='word_1_809' title='bbox 1373 5681 1443 5736; x_wconf 84' lang='lat' dir='ltr'>At</span> <span class='ocrx_word' id='word_1_810' title='bbox 1485 5683 1731 5754; x_wconf 83' lang='lat' dir='ltr'>uterque</span> <span class='ocrx_word' id='word_1_811' title='bbox 1761 5680 2023 5740; x_wconf 78' lang='lat' dir='ltr'>Combel‘.</span> 
     </span>
    </p>
   </div>
   <div class='ocr_carea' id='block_1_110' title="bbox 371 5744 1240 5824">
    <p class='ocr_par' dir='ltr' id='par_1_110' title="bbox 371 5744 1240 5824">
     <span class='ocr_line' id='line_1_111' title="bbox 371 5744 1240 5824; baseline 0.006 -23"><span class='ocrx_word' id='word_1_812' title='bbox 371 5746 430 5801; x_wconf 88' lang='lat' dir='ltr'>et</span> <span class='ocrx_word' id='word_1_813' title='bbox 459 5744 561 5802; x_wconf 76' lang='lat' dir='ltr'>alii</span> <span class='ocrx_word' id='word_1_814' title='bbox 590 5750 733 5823; x_wconf 81' lang='lat' dir='ltr'>tros,</span> <span class='ocrx_word' id='word_1_815' title='bbox 748 5744 1000 5823; x_wconf 49' lang='grc' dir='ltr'>ἴαυτοῖς,</span> <span class='ocrx_word' id='word_1_816' title='bbox 1023 5744 1240 5824; x_wconf 65' lang='grc' dir='ltr'>αἵματι.</span> 
     </span>
    </p>
   </div>
   <div class='ocr_carea' id='block_1_111' title="bbox 2124 4719 3784 4800">
    <p class='ocr_par' dir='ltr' id='par_1_111' title="bbox 2124 4719 3784 4800">
     <span class='ocr_line' id='line_1_112' title="bbox 2124 4719 3784 4800; baseline -0.004 -17"><span class='ocrx_word' id='word_1_817' title='bbox 2124 4723 2544 4800; x_wconf 88' lang='lat' dir='ltr'>prehenderint</span> <span class='ocrx_word' id='word_1_818' title='bbox 2583 4722 2772 4778; x_wconf 90' lang='lat' dir='ltr'>virum</span> <span class='ocrx_word' id='word_1_819' title='bbox 2824 4719 3104 4776; x_wconf 90' lang='lat' dir='ltr'>mulieres</span> <span class='ocrx_word' id='word_1_820' title='bbox 3135 4723 3384 4792; x_wconf 80' lang='lat' dir='ltr'>septem,</span> <span class='ocrx_word' id='word_1_821' title='bbox 3418 4723 3476 4776; x_wconf 88' lang='lat' dir='ltr'>et</span> <span class='ocrx_word' id='word_1_822' title='bbox 3525 4719 3784 4776; x_wconf 83' lang='lat' dir='ltr'>illuxerit</span> 
     </span>
    </p>
   </div>
   <div class='ocr_carea' id='block_1_112' title="bbox 2199 5023 3783 5104">
    <p class='ocr_par' dir='ltr' id='par_1_112' title="bbox 2199 5023 3783 5104">
     <span class='ocr_line' id='line_1_113' title="bbox 2199 5023 3783 5104; baseline -0.002 -18"><span class='ocrx_word' id='word_1_823' title='bbox 2199 5031 2309 5104; x_wconf 88' lang='grc'>(36)</span> <span class='ocrx_word' id='word_1_824' title='bbox 2343 5031 2480 5102; x_wconf 81' lang='lat' dir='ltr'>Reg.</span> <span class='ocrx_word' id='word_1_825' title='bbox 2513 5029 2763 5104; x_wconf 76' lang='lat' dir='ltr'>primus,</span> <span class='ocrx_word' id='word_1_826' title='bbox 2813 5030 2922 5082; x_wconf 78' lang='grc' dir='ltr'>τῶν</span> <span class='ocrx_word' id='word_1_827' title='bbox 2960 5027 3258 5104; x_wconf 72' lang='grc' dir='ltr'>ἁμαρτιῶν.</span> <span class='ocrx_word' id='word_1_828' title='bbox 3293 5024 3502 5082; x_wconf 79' lang='lat' dir='ltr'>Statim</span> <span class='ocrx_word' id='word_1_829' title='bbox 3549 5023 3693 5080; x_wconf 90' lang='lat' dir='ltr'>editi</span> <span class='ocrx_word' id='word_1_830' title='bbox 3723 5029 3783 5104; x_wconf 65' lang='grc' dir='ltr'>ει</span> 
     </span>
    </p>
   </div>
   <div class='ocr_carea' id='block_1_113' title="bbox 2126 5097 3780 5176">
    <p class='ocr_par' dir='ltr' id='par_1_113' title="bbox 2126 5097 3780 5176">
     <span class='ocr_line' id='line_1_114' title="bbox 2126 5097 3780 5176; baseline -0.005 -18"><span class='ocrx_word' id='word_1_831' title='bbox 2126 5097 2301 5159; x_wconf 35' lang='lat' dir='ltr'>unus.</span> <span class='ocrx_word' id='word_1_832' title='bbox 2339 5097 2476 5174; x_wconf 62' lang='grc' dir='ltr'>Πλεῖ,</span> <span class='ocrx_word' id='word_1_833' title='bbox 2507 5097 2945 5176; x_wconf 76' lang='grc' dir='ltr'>παρεικάζονται.</span> <span class='ocrx_word' id='word_1_834' title='bbox 2986 5097 3098 5155; x_wconf 81' lang='grc' dir='ltr'>Ᾱιὶἶ</span> <span class='ocrx_word' id='word_1_835' title='bbox 3149 5102 3268 5154; x_wconf 91' lang='lat' dir='ltr'>tres</span> <span class='ocrx_word' id='word_1_836' title='bbox 3318 5114 3488 5168; x_wconf 89' lang='lat' dir='ltr'>mss.,</span> <span class='ocrx_word' id='word_1_837' title='bbox 3520 5097 3780 5172; x_wconf 82' lang='grc' dir='ltr'>παρεικά-</span> 
     </span>
    </p>
   </div>
   <div class='ocr_carea' id='block_1_114' title="bbox 2161 5193 2296 5229">
    <p class='ocr_par' dir='ltr' id='par_1_114' title="bbox 2161 5193 2296 5229">
     <span class='ocr_line' id='line_1_115' title="bbox 2161 5193 2296 5229; baseline -0.007 -1"><span class='ocrx_word' id='word_1_838' title='bbox 2161 5193 2296 5229; x_wconf 89' lang='grc' dir='ltr'>εται.</span> 
     </span>
    </p>
   </div>
   <div class='ocr_carea' id='block_1_115' title="bbox 2130 5179 3785 5315">
    <p class='ocr_par' dir='ltr' id='par_1_115' title="bbox 2130 5179 3785 5315">
     <span class='ocr_line' id='line_1_116' title="bbox 2130 5179 3785 5315; baseline -0.003 -13"><span class='ocrx_word' id='word_1_839' title='bbox 2130 5179 2311 5315; x_wconf 47' lang='grc' dir='ltr'>ζιῖἓξί)</span> <span class='ocrx_word' id='word_1_840' title='bbox 2344 5244 2430 5300; x_wconf 89' lang='lat' dir='ltr'>Ita</span> <span class='ocrx_word' id='word_1_841' title='bbox 2473 5248 2699 5301; x_wconf 88' lang='lat' dir='ltr'>veteres</span> <span class='ocrx_word' id='word_1_842' title='bbox 2730 5247 2984 5315; x_wconf 84' lang='lat' dir='ltr'>quatuor</span> <span class='ocrx_word' id='word_1_843' title='bbox 3030 5240 3202 5308; x_wconf 90' lang='lat' dir='ltr'>libri;</span> <span class='ocrx_word' id='word_1_844' title='bbox 3247 5257 3362 5315; x_wconf 74' lang='lat' dir='ltr'>nec</span> <span class='ocrx_word' id='word_1_845' title='bbox 3407 5238 3588 5315; x_wconf 63' lang='lat' dir='ltr'>aliter</span> <span class='ocrx_word' id='word_1_846' title='bbox 3627 5240 3785 5315; x_wconf 81' lang='lat' dir='ltr'>apud</span> 
     </span>
    </p>
   </div>
   <div class='ocr_carea' id='block_1_116' title="bbox 2130 5311 3789 5387">
    <p class='ocr_par' dir='ltr' id='par_1_116' title="bbox 2130 5311 3789 5387">
     <span class='ocr_line' id='line_1_117' title="bbox 2130 5311 3789 5387; baseline -0.004 -13"><span class='ocrx_word' id='word_1_847' title='bbox 2130 5311 2270 5374; x_wconf 85' lang='lat' dir='ltr'>LXX</span> <span class='ocrx_word' id='word_1_848' title='bbox 2300 5311 2403 5373; x_wconf 84' lang='lat' dir='ltr'>aut</span> <span class='ocrx_word' id='word_1_849' title='bbox 2435 5319 2588 5387; x_wconf 87' lang='lat' dir='ltr'>apud</span> <span class='ocrx_word' id='word_1_850' title='bbox 2623 5311 2937 5371; x_wconf 78' lang='lat' dir='ltr'>Eusebium</span> <span class='ocrx_word' id='word_1_851' title='bbox 2971 5314 3207 5387; x_wconf 71' lang='lat' dir='ltr'>legitur.</span> <span class='ocrx_word' id='word_1_852' title='bbox 3229 5311 3789 5387; x_wconf 52' lang='lat' dir='ltr'>An_t_iquus_(_lombe:</span> 
     </span>
    </p>
   </div>
   <div class='ocr_carea' id='block_1_117' title="bbox 2132 5382 3788 5455">
    <p class='ocr_par' dir='ltr' id='par_1_117' title="bbox 2132 5382 3788 5455">
     <span class='ocr_line' id='line_1_118' title="bbox 2132 5382 3788 5455; baseline -0.006 -9"><span class='ocrx_word' id='word_1_853' title='bbox 2132 5391 2246 5446; x_wconf 78' lang='lat' dir='ltr'>ﬁsii</span> <span class='ocrx_word' id='word_1_854' title='bbox 2307 5382 2503 5454; x_wconf 47' lang='lat' dir='ltr'>codex,</span> <span class='ocrx_word' id='word_1_855' title='bbox 2557 5388 2779 5447; x_wconf 89' lang='grc' dir='ltr'>καπνός.</span> <span class='ocrx_word' id='word_1_856' title='bbox 2814 5387 2989 5451; x_wconf 85' lang='lat' dir='ltr'>Editi,</span> <span class='ocrx_word' id='word_1_857' title='bbox 3030 5382 3264 5439; x_wconf 64' lang='grc' dir='ltr'>καπνόν.</span> <span class='ocrx_word' id='word_1_858' title='bbox 3305 5385 3438 5439; x_wconf 82' lang='lat' dir='ltr'>Mox</span> <span class='ocrx_word' id='word_1_859' title='bbox 3486 5384 3646 5455; x_wconf 87' lang='lat' dir='ltr'>editi,</span> <span class='ocrx_word' id='word_1_860' title='bbox 3697 5382 3788 5436; x_wconf 85' lang='grc' dir='ltr'>καὶ</span> 
     </span>
    </p>
   </div>
   <div class='ocr_carea' id='block_1_118' title="bbox 2131 5456 3424 5536">
    <p class='ocr_par' dir='ltr' id='par_1_118' title="bbox 2131 5456 3424 5536">
     <span class='ocr_line' id='line_1_119' title="bbox 2131 5456 3424 5536; baseline -0.005 -19"><span class='ocrx_word' id='word_1_861' title='bbox 2131 5463 2307 5536; x_wconf 3' lang='grc' dir='ltr'>πάσῃ.)</span> <span class='ocrx_word' id='word_1_862' title='bbox 2334 5461 2548 5516; x_wconf 86' lang='lat' dir='ltr'>Vocula</span> <span class='ocrx_word' id='word_1_863' title='bbox 2577 5459 2665 5512; x_wconf 79' lang='grc' dir='ltr'>καί</span> <span class='ocrx_word' id='word_1_864' title='bbox 2700 5462 2755 5514; x_wconf 91' lang='lat' dir='ltr'>in</span> <span class='ocrx_word' id='word_1_865' title='bbox 2779 5476 2932 5536; x_wconf 70' lang='lat' dir='ltr'>mss.</span> <span class='ocrx_word' id='word_1_866' title='bbox 2969 5475 3080 5536; x_wconf 76' lang='lat' dir='ltr'>non</span> <span class='ocrx_word' id='word_1_867' title='bbox 3116 5456 3424 5536; x_wconf 67' lang='lat' dir='ltr'>reperitur.</span> 
     </span>
    </p>
   </div>
   <div class='ocr_carea' id='block_1_119' title="bbox 2203 5523 3782 5606">
    <p class='ocr_par' dir='ltr' id='par_1_119' title="bbox 2203 5523 3782 5606">
     <span class='ocr_line' id='line_1_120' title="bbox 2203 5523 3782 5606; baseline -0.006 -18"><span class='ocrx_word' id='word_1_868' title='bbox 2203 5523 2318 5606; x_wconf 71' lang='grc'>(38)</span> <span class='ocrx_word' id='word_1_869' title='bbox 2349 5536 2584 5588; x_wconf 85' lang='lat' dir='ltr'>Veteres</span> <span class='ocrx_word' id='word_1_870' title='bbox 2614 5538 2747 5606; x_wconf 75' lang='lat' dir='ltr'>tres</span> <span class='ocrx_word' id='word_1_871' title='bbox 2768 5531 2932 5606; x_wconf 79' lang='lat' dir='ltr'>libri,</span> <span class='ocrx_word' id='word_1_872' title='bbox 2964 5527 3054 5606; x_wconf 81' lang='grc' dir='ltr'>καὶ</span> <span class='ocrx_word' id='word_1_873' title='bbox 3083 5523 3197 5597; x_wconf 56' lang='grc' dir='ltr'>τὴν</span> <span class='ocrx_word' id='word_1_874' title='bbox 3217 5527 3277 5580; x_wconf 83' lang='grc' dir='ltr'>ἐκ</span> <span class='ocrx_word' id='word_1_875' title='bbox 3302 5525 3598 5606; x_wconf 28' lang='grc' dir='ltr'>τοῦ-πυρὸς</span> <span class='ocrx_word' id='word_1_876' title='bbox 3647 5523 3782 5579; x_wconf 80' lang='grc' dir='ltr'>ἀπο-</span> 
     </span>
    </p>
   </div>
   <div class='ocr_carea' id='block_1_120' title="bbox 2131 5601 3778 5674">
    <p class='ocr_par' dir='ltr' id='par_1_120' title="bbox 2131 5601 3778 5674">
     <span class='ocr_line' id='line_1_121' title="bbox 2131 5601 3778 5674; baseline -0.005 -14"><span class='ocrx_word' id='word_1_877' title='bbox 2131 5601 2474 5670; x_wconf 71' lang='grc' dir='ltr'>κατάστασιν,</span> <span class='ocrx_word' id='word_1_878' title='bbox 2508 5607 2625 5674; x_wconf 74' lang='lat' dir='ltr'>post</span> <span class='ocrx_word' id='word_1_879' title='bbox 2654 5602 3181 5670; x_wconf 80' lang='lat' dir='ltr'>redintegrationem</span> <span class='ocrx_word' id='word_1_880' title='bbox 3209 5615 3335 5671; x_wconf 61' lang='lat' dir='ltr'>quae</span> <span class='ocrx_word' id='word_1_881' title='bbox 3359 5601 3420 5670; x_wconf 75' lang='lat' dir='ltr'>ﬁt</span> <span class='ocrx_word' id='word_1_882' title='bbox 3446 5615 3546 5671; x_wconf 79' lang='lat' dir='ltr'>per</span> <span class='ocrx_word' id='word_1_883' title='bbox 3573 5601 3778 5670; x_wconf 69' lang='lat' dir='ltr'>ignem.</span> 
     </span>
    </p>
   </div>
   <div class='ocr_carea' id='block_1_121' title="bbox 2132 5677 2602 5735">
    <p class='ocr_par' dir='ltr' id='par_1_121' title="bbox 2132 5677 2602 5735">
     <span class='ocr_line' id='line_1_122' title="bbox 2132 5677 2602 5735; baseline -0.013 0"><span class='ocrx_word' id='word_1_884' title='bbox 2132 5679 2328 5735; x_wconf 88' lang='lat' dir='ltr'>Lectio</span> <span class='ocrx_word' id='word_1_885' title='bbox 2358 5677 2602 5735; x_wconf 84' lang='lat' dir='ltr'>ootima.</span> 
     </span>
    </p>
   </div>
   <div class='ocr_carea' id='block_1_122' title="bbox 2207 5739 3610 5822">
    <p class='ocr_par' dir='ltr' id='par_1_122' title="bbox 2207 5739 3610 5822">
     <span class='ocr_line' id='line_1_123' title="bbox 2207 5739 3610 5822; baseline -0.006 -17"><span class='ocrx_word' id='word_1_886' title='bbox 2207 5750 2312 5822; x_wconf 87' lang='lat'>(39)</span> <span class='ocrx_word' id='word_1_887' title='bbox 2343 5739 2554 5805; x_wconf 84' lang='lat' dir='ltr'>Addita</span> <span class='ocrx_word' id='word_1_888' title='bbox 2583 5748 2671 5802; x_wconf 89' lang='lat' dir='ltr'>est</span> <span class='ocrx_word' id='word_1_889' title='bbox 2699 5760 2826 5813; x_wconf 82' lang='lat' dir='ltr'>vox,</span> <span class='ocrx_word' id='word_1_890' title='bbox 2861 5739 3076 5819; x_wconf 76' lang='grc' dir='ltr'>ἀνδρός,</span> <span class='ocrx_word' id='word_1_891' title='bbox 3105 5759 3174 5802; x_wconf 80' lang='lat' dir='ltr'>ex</span> <span class='ocrx_word' id='word_1_892' title='bbox 3203 5743 3343 5815; x_wconf 86' lang='lat' dir='ltr'>Reg.</span> <span class='ocrx_word' id='word_1_893' title='bbox 3378 5745 3610 5814; x_wconf 85' lang='lat' dir='ltr'>quarto.</span> 
     </span>
    </p>
   </div>
  </div>
