4138 6410
310 373 430 435 343

1265 370 1658 432 APPENDIX
1702 368 2032 431 OPERUM
2075 369 2141 428 S.
2188 368 2474 429 BASILII
2521 369 2794 430 MAGNI.

3631 374 3750 434 3H

317 506 607 562 Dominus
629 523 762 562 cum
789 506 978 580 gloria
1007 506 1063 562 in
1087 505 1354 570 consilio,
1373 509 1441 560 ut
1461 505 1675 560 exaltet
1704 508 1761 560 et
1791 503 1977 576 gloria

2091 499 2335 576 Ἰσραήλ’
2370 502 2459 556 ὅτε
2507 500 2599 556 καὶ
2654 501 2800 578 ἅγιοι
2848 500 3183 574 ικλήθησαν,
3214 501 3304 559 διὰ
3348 505 3410 560 τὸ
3469 502 3748 576 ἰκπλυθῆ-

321 595 544 652 efﬁciat
565 596 847 668 reliquias
870 595 1130 661 Israelis;
1156 611 1411 666 cumque
1431 595 1706 650 sordibus
1730 593 1981 648 filiarum

322 685 461 741 Sion
494 685 736 753 ablutis,
770 703 836 740 ac
882 684 1168 755 sanguine
1199 685 1270 739 de
1311 684 1504 740 medio
1535 700 1737 740 eorum
1771 699 1980 755 expur-

323 777 480 846 gato,
513 776 699 830 sancti
746 774 930 829 vocali
981 772 1218 840 fuerint,
1253 773 1407 828 476
1456 777 1580 827 tum
1635 787 1703 826 ea
1751 788 1878 843 quae
1921 771 1979 824 in

323 861 574 918 circuitu
629 862 954 918 Jerusalem
1016 866 1180 930 sunt,
1213 861 1592 917 obumbrabit
1640 862 1824 916 nubes
1879 876 1983 931 per

322 952 502 1020 diem,
527 951 609 1006 ita
640 956 704 1005 ut
727 952 996 1006 umbram
1023 951 1358 1023 suppeditet
1379 952 1448 1006 ad
1473 951 1854 1006 coercendum
1880 966 1983 1005 aes-

320 1045 470 1110 tum,
503 1044 890 1112 protegatque
935 1041 1006 1095 ab
1054 1042 1372 1112 asperitate
1422 1057 1485 1095 ac
1540 1039 1762 1112 pluvia;
1795 1043 1852 1094 et
1882 1037 1982 1092 lux

319 1145 564 1184 accensa
592 1133 835 1200 occupet
858 1135 1113 1197 noctem,
1137 1129 1331 1200 sitque
1360 1128 1547 1200 gloria
1577 1129 1745 1198 quasi
1781 1128 1980 1182 fumus

318 1217 560 1289 quidam
591 1218 691 1288 qui
717 1218 918 1274 omnia
949 1218 1356 1290 apprehendit.
1380 1218 1753 1272 Arbitramur
1783 1222 1977 1271 autem

317 1306 438 1361 haec
469 1307 733 1378 promitti
768 1307 842 1364 iis
865 1307 961 1378 qui
998 1307 1199 1379 requie
1231 1307 1449 1362 fuerint
1470 1305 1653 1378 digni.
1673 1306 1817 1360 Nam
1842 1321 1974 1360 cum

317 1395 378 1451 in
400 1396 573 1454 domo
599 1397 791 1452 Patris
815 1397 1153 1452 mansiones
1185 1396 1383 1450 multae
1417 1395 1535 1450 sint
1555 1397 1596 1460 ⁷,
1621 1396 1980 1465 diversaeque

318 1485 726 1544 conditionum
747 1484 1198 1541 distributiones
1220 1488 1590 1541 reserventur
1605 1485 1666 1539 in
1689 1484 1790 1539 illa
1807 1485 1980 1539 haere-

321 1573 522 1631 ditatis
566 1580 742 1644 terra,
768 1591 942 1646 quam
977 1573 1308 1646 possessuri
1359 1574 1534 1629 mites
1584 1578 1724 1629 sunt
1744 1573 1783 1640 ⁸,
1819 1589 1977 1628 com-

323 1668 557 1736 pertum
601 1667 692 1719 est
742 1663 974 1735 aliquos
1002 1664 1240 1736 quidem
1289 1663 1347 1717 in
1398 1663 1706 1731 splendore
1734 1661 1978 1717 visionis

323 1750 448 1821 Dei,
480 1751 710 1823 aliquos
741 1769 873 1807 vero
904 1753 1015 1808 sub
1052 1752 1310 1824 tegmine
1338 1752 1661 1808 caelestium
1692 1752 1975 1806 virtutum

325 1841 716 1914 requieturos,
750 1842 896 1898 alios
924 1841 1179 1912 denique
1228 1842 1286 1896 in
1345 1840 1526 1912 gloria
1583 1858 1651 1896 ex
1706 1839 1808 1895 illa
1849 1840 1976 1895 luce

323 1929 495 2003 quasi
525 1946 594 1986 ex
646 1931 806 1987 fumo
848 1931 1146 1985 resiliente
1175 1930 1535 1986 occultatum
1583 1929 1674 1984 iri.
1710 1930 1979 1985 Fortasse

323 2024 518 2075 autem
569 2019 683 2092 ipsi
717 2021 852 2076 Sion
895 2019 995 2076 lux
1027 2018 1350 2090 alfulgebit,
1383 2023 1560 2090 atque
1590 2017 1716 2074 loca
1763 2018 1814 2074 ei
1867 2017 1978 2073 cir-

322 2109 613 2180 cumjecta
644 2126 747 2182 per
776 2109 929 2164 diem
965 2108 1292 2164 illustrabit
1323 2108 1531 2175 nubes,
1565 2125 1691 2180 quae
1725 2125 1839 2162 non
1871 2107 1977 2163 ali-

322 2198 478 2253 unde
516 2213 693 2270 quam
746 2198 818 2254 ab
866 2197 994 2270 ipso
1040 2198 1264 2253 lumine
1315 2214 1489 2252 suum
1535 2202 1729 2252 ortum
1771 2196 1973 2252 trahit.

320 2287 827 2351 Quemadmodum
857 2288 1054 2343 fumus
1085 2287 1158 2342 ab
1189 2287 1345 2358 igne,
1374 2287 1454 2342 ita
1485 2304 1519 2342 a
1549 2286 1773 2341 lumine
1803 2286 1978 2341 habet

319 2375 723 2432 exsistentiam
744 2377 952 2441 nubes,
967 2377 1076 2432 sub
1096 2393 1213 2448 qua
1230 2376 1330 2448 qui
1353 2376 1584 2448 degent,
1601 2393 1812 2447 magna
1834 2379 1976 2430 sunt

320 2463 556 2520 fruituri
584 2465 790 2537 gloria,
815 2467 966 2535 quod
1000 2466 1074 2520 ab
1104 2466 1233 2537 ipsa
1257 2467 1410 2521 nube
1443 2465 1974 2536 illustrentur,quaa

319 2554 382 2608 in
414 2558 560 2610 aestu
608 2555 844 2624 quidem
875 2571 937 2610 se
968 2555 1245 2627 expandit
1295 2572 1476 2626 supra
1523 2554 1715 2625 capita
1745 2571 1970 2622 eorum,

320 2641 521 2713 eisque
553 2660 663 2699 sua
687 2644 898 2698 umbra
919 2649 1145 2716 gratam
1169 2644 1336 2700 affert
1365 2642 1810 2700 oblectationem
1839 2661 1850 2700 :
1880 2644 1975 2700 de-

321 2729 656 2787 cidentibus
685 2749 822 2788 vero
879 2733 1105 2803 asperis
1149 2731 1461 2796 imbribus,
1492 2732 1678 2788 vicem
1737 2733 1974 2805 supplet

319 2819 488 2876 densi
518 2837 584 2876 ac
614 2820 785 2877 solidi
834 2821 1183 2890 umbraculi,
1218 2826 1274 2876 et
1315 2837 1668 2893 magnopere
1720 2822 1973 2894 protegit

318 2923 440 2978 eos,
465 2910 564 2981 qui
586 2926 735 2983 opus
756 2909 977 2966 habent
1001 2911 1256 2982 quodam
1283 2909 1548 2978 latibulo,
1567 2915 1624 2965 et
1643 2927 1752 2966 sua
1781 2910 1970 2982 ipsius

317 2997 608 3054 densitate
638 2999 882 3055 obtutus
933 3004 1107 3054 arcet.
1142 2999 1444 3069 Ejusmodi
1492 3003 1616 3054 erat
1664 3000 1848 3055 nubes
1879 2999 1968 3054 lu-

317 3086 472 3158 cida,
513 3105 640 3160 quas
691 3088 751 3142 in
800 3088 1031 3143 Domini
1082 3088 1596 3160 transfiguratione
1643 3088 1967 3161 discipulos

317 3176 574 3233 obvolvit
591 3179 632 3231 ο.
656 3177 801 3233 Cum
834 3183 1029 3234 autem
1061 3177 1232 3233 nobis
1263 3177 1430 3248 quies
1460 3193 1526 3233 ac
1549 3177 1708 3232 velut
1737 3193 1967 3234 concre-

2089 610 2176 644 ναι
2231 590 2321 645 τὸν
2378 590 2538 666 ῥύπεν
2586 595 2692 646 τῶν
2727 591 3031 667 θυγατέρων
3064 593 3230 664 Σιὼν,
3289 593 3378 648 καὶ
3410 595 3528 667 (40)
3590 593 3746 650 ἐκκα-

2089 681 2407 754 θαρισθῆναι
2450 681 2513 736 τὸ
2561 683 2700 753 αἷμα
2750 680 2924 736 αὐτῶν
2958 681 3016 736 ἐκ
3045 681 3232 754 μέσου,
3265 683 3388 738 τότε
3421 684 3624 739 σκιάσει
3683 684 3750 741 τὰ

2088 770 2209 842 περὶ
2258 768 2448 842 κύκλῳ
2495 776 2596 838 τῆς
2644 769 3008 844 Ἰερουσαλὴμ
3064 770 3265 846 νεφέλη
3316 771 3546 846 ἡμέρας,
3611 772 3752 830 ὥστε

2089 864 2392 933 παρασχεῖν
2469 859 2620 913 σκιὰν
2697 859 2804 913 ἀπὸ
2876 859 3179 932 καύματος,
3231 859 3320 917 καί
3379 863 3581 932 σκέπην
3642 864 3748 918 ἀπὸ

2092 946 2469 1021 σκληρότητος
2523 947 2613 1002 καὶ
2670 949 2862 1002 ὑετοῦ·
2923 950 3020 1017 τήν
3085 947 3141 1004 δὲ
3193 949 3356 1005 νύκτα
3417 951 3520 1006 ὑπὸ
3573 953 3754 1030 φωτὸς

2089 1038 2412 1111 κατέχεσθαι
2492 1038 2812 1110 καιομένου,
2872 1037 2960 1092 καὶ
3015 1039 3141 1094 εἶναι
3200 1041 3298 1108 τὴν
3363 1038 3520 1110 δόξαν
3579 1041 3749 1096 οἱονεὶ

2087 1127 2291 1180 καπνόν
2353 1147 2473 1180 τινα
2529 1128 2596 1180 τὰ
2651 1128 2822 1181 πάντα
2865 1123 3366 1201 ἐπιλαμϐάνουσαν.
3401 1130 3751 1205 Αογιζόμεθα

2091 1212 2148 1270 δὲ
2175 1220 2342 1269 ταῦτα
2375 1213 2806 1290 ἐπαγγέλλεσθαι
2866 1222 2980 1278 τοῖς
3032 1217 3204 1288 ἀξίοις
3229 1222 3326 1288 τῆς
3373 1220 3748 1283 ἀναπαύσεως.

2088 1305 2236 1358 Διότι
2263 1302 2493 1359 πολλῶν
2556 1310 2736 1378 μονῶν
2795 1305 2967 1362 οὐσῶν
3002 1305 3052 1361 έν
3088 1310 3155 1380 τῇ
3208 1306 3354 1379 οἰκίᾳ
3381 1312 3477 1362 τοῦ
3511 1309 3744 1383 Ηατρὸς,

2087 1392 2177 1446 καὶ
2235 1389 2496 1468 διαφόρου
2525 1391 2895 1467 κληροδοσίας
2920 1395 3286 1468 ἀποκειμένης
3317 1396 3369 1450 ἐν
3414 1400 3484 1470 τῇ
3534 1397 3607 1473 γῇ
3645 1405 3747 1468 τῆς

2086 1481 2483 1556 κληρονομίας,
2511 1484 2573 1552 ἣν
2603 1483 3119 1560 κληρονομήσουσιν
3153 1487 3264 1558 (41)
3301 1487 3354 1539 οἱ
3395 1492 3613 1561 πραεῖς,
3642 1483 3747 1556 δῆ-

2089 1569 2209 1638 λον,
2241 1570 2323 1625 δτι
2353 1571 2493 1634 τινὲς
2526 1573 2620 1644 μὲν
2655 1572 2708 1627 ἐν
2739 1577 2804 1647 τῇ
2839 1572 3163 1650 φαιδρότησι
3197 1577 3299 1639 τῆς
3330 1579 3430 1630 τὸῢ
3461 1580 3594 1631 Θεοῦ
3625 1577 3750 1631 lm-

2088 1659 2330 1736 φανείας,
2379 1661 2520 1722 τινὶς
2571 1658 2629 1715 δὲ
2680 1661 2782 1716 ὑπὸ
2830 1663 2928 1731 τὴν
2980 1664 3184 1733 σκέπην
3215 1667 3321 1718 τῶν
3352 1663 3620 1739 οὐρανίων
3655 1662 3751 1720 δυ-

2085 1747 2300 1820 νάμεων
2331 1748 2839 1818 ἀναπαύσονται,καὶ
2864 1749 3029 1808 ἄλλοι
3064 1754 3115 1808 έν
3149 1755 3217 1825 τῇ
3259 1749 3388 1826 δόξῃ
3417 1756 3486 1817 τῆ
3519 1753 3626 1808 ἀπὸ
3654 1758 3754 1808 τοῦ

2088 1837 2267 1914 φωτὸς
2301 1837 2375 1900 ὡς
2407 1837 2513 1894 ἀπὸ
2552 1844 2763 1896 καπνοῦ
2810 1839 3278 1915 καλυφθήσονται.
3324 1842 3485 1916 Τάχα
3515 1837 3575 1896 δὲ
3609 1841 3750 1916 αὺτῇ

2092 1926 2186 1998 μὲν
2236 1929 2305 2000 τῇ
2358 1928 2500 1982 Σιὼν
2552 1926 2853 2003 ἐπιλάμψει
2899 1929 2962 1984 τὸ
3008 1933 3140 2006 φῶς·
3193 1930 3260 1986 τὰ
3290 1926 3348 1988 δὲ
3377 1929 3501 2002 περὶ
3551 1927 3746 2002 κύκλῳ

2087 2016 2260 2085 αὐτῆς
2289 2014 2588 2090 ἐπιλάμψει
2646 2017 2845 2092 νεφέλη
2902 2019 3134 2094 ἡμέρας.
3194 2017 3316 2087 ἥτις
3347 2018 3448 2074 οὐκ
3504 2015 3742 2083 ἄλλοθεν

2086 2101 2202 2179 ἔχει
2260 2107 2358 2174 τὴν
2429 2106 2634 2180 γένεσιν
2714 2109 2855 2181 (42),
2933 2109 2967 2178 ἢ
3027 2108 3118 2163 ἀπ’
3168 2107 3333 2162 αὐτοῦ
3380 2111 3478 2164 τοῦ
3537 2108 3738 2185 φωτός·

2086 2192 2268 2268 ὥσπερ
2343 2195 2545 2258 καπνὸς
2620 2195 2728 2251 ἀπὸ
2800 2196 2992 2271 πυρὸς,
3057 2196 3232 2259 οὕτως
3286 2196 3420 2268 αὕτη
3481 2197 3587 2252 ἀπὸ
3642 2201 3744 2252 τοῦ

2085 2284 2264 2357 φωτὸς
2320 2285 2419 2353 τὴν
2475 2284 2724 2341 σύστασιν
2771 2282 2994 2361 ἔχουσα,
3057 2287 3144 2363 ὑφ’
3198 2288 3264 2356 ἣν
3321 2287 3372 2340 οἱ
3423 2289 3540 2359 (43)
3592 2284 3740 2341 διαι-

2088 2373 2320 2445 τώμενοι
2382 2373 2628 2449 μεγάλης
2681 2381 2781 2445 τῆς
2834 2372 2994 2445 δόξης
3041 2373 3466 2443 ἀπολαύσουσιν,
3523 2377 3596 2439 ὡς
3653 2377 3727 2431 ὑπ

2083 2462 2256 2532 αὐτῆς
2299 2470 2400 2532 τῆς
2447 2463 2680 2541 νεφέλης
2706 2463 3214 2538 καταλαμπόμενοι,
3268 2464 3320 2520 έν
3351 2464 3586 2537 καύματι
3641 2465 3738 2538 μὶν

2085 2551 2560 2626 ὑπερηπλωμένης
2613 2558 2721 2608 τῶν
2780 2553 3033 2632 κεφαλῶν
3067 2554 3268 2624 αὐτῶν,
3317 2553 3405 2608 καὶ
3456 2553 3648 2623 ἡδεῖαν
3681 2553 3739 2610 ἐκ

2078 2645 2175 2695 τοῦ
2205 2640 2568 2715 έπισκιασμοῦ
2597 2646 2710 2716 (44)
2739 2643 3127 2719 παρεχομένης
3159 2644 3456 2714 ἀναπνοήν·
3511 2638 3738 2717 ὄμϐρων

2081 2727 2139 2784 δι
2197 2735 2453 2806 σκληρῶν
2518 2731 3073 2806 ωταρῥηγνυμένων,
3143 2733 3242 2800 τήν
3299 2737 3406 2790 τῶν
3465 2736 3736 2808 στεγανῶν

2080 2821 2472 2892 σκεπασμάτων
2505 2820 2691 2894 χρείαν
2746 2819 3190 2893 ἀναπληρούσης,
3241 2820 3331 2876 καὶ
3361 2820 3489 2884 τοὺς
3538 2818 3742 2876 διαλα-

2076 2909 2184 2962 θεῖν
2219 2906 2508 2980 δεομένους
2556 2907 2753 2970 ἱκανῶς
2797 2905 3256 2980 περισκεπούσης,
3305 2907 3394 2962 καὶ
3439 2911 3508 2980 τῇ
3539 2907 3740 2960 πυκνό-

2073 3018 2199 3068 τητι
2242 3000 2309 3071 τῇ
2351 2997 2478 3071 παρ’
2528 2996 2722 3066 ἑαυτῆς
2777 2993 3120 3072 διειργούσης
3165 2996 3258 3059 τὰς
3310 2992 3484 3070 ὄψεις.
3537 2993 3734 3053 Ὀποία

2073 3107 2157 3148 τις
2187 3088 2252 3154 ἦν
2297 3086 2432 3139 κατὰ
2471 3087 2572 3156 τὴν
2625 3085 3043 3163 μεταμόρφωσιν
3087 3090 3186 3142 τοῦ
3217 3084 3422 3162 Κυρίου
3454 3087 3489 3156 ἡ
3523 3105 3728 3164 φωτει-

2072 3176 2141 3244 νὴ
2170 3172 2367 3250 νεφέλη
2419 3175 2546 3238 τοὺς
2599 3175 2844 3248 μαθητὰς
2891 3175 3275 3253 περιστείλασα
3319 3176 3455 3249 (45).
3506 3171 3732 3242 Ἐπειδὴ

315 3264 399 3322 tio
421 3266 658 3339 signum
690 3267 765 3324 sit
795 3266 1155 3333 serenitatis;
1186 3242 1315 3338 ejus
1338 3265 1438 3338 qui
1461 3271 1603 3322 tunc
1632 3266 1742 3322 erit
1771 3270 1962 3322 status

2094 3242 2152 3319 δέ
2180 3266 2216 3332 ἡ
2243 3242 2449 3326 ¹στάσις
2498 3242 2610 3319 καὶ.
2645 3242 2760 3321 οἷον
2813 3267 2848 3334 ἡ
2899 3242 3171 3339 σύμπηξις
3199 3271 3300 3334 τῆς
3326 3242 3563 3342 νεφέλης
3590 3283 3749 3334 νηνε-

318 3353 810 3425 tranquillitatem
858 3371 960 3426 per
1008 3354 1197 3426 ipsius
1229 3355 1406 3410 nubis
1446 3354 1859 3411 umbraculum
1893 3355 1984 3410 in~

322 3443 499 3499 dicat.
535 3443 822 3516 Equidem
857 3449 922 3500 ut
951 3445 1143 3499 adhuc
1167 3444 1386 3500 clarius
1417 3445 1814 3516 percipiamus
1845 3444 1985 3516 quid

324 3532 404 3587 sit
431 3531 602 3601 illud,
630 3533 693 3587 In
721 3533 1130 3589 absccnsionem
1160 3534 1457 3589 velamenti
1485 3549 1617 3594 esse.
1649 3533 1852 3589 induci
1885 3533 1987 3588 ali-

325 3637 442 3693 quo
468 3621 762 3691 ejusmodi
795 3620 1059 3693 exemplo
1091 3637 1432 3693 possumus.
1463 3623 1550 3678 Sit
1581 3639 1736 3678 unus
1768 3621 1986 3694 aliquis

333 3710 436 3781 qui
494 3710 565 3766 ab
623 3710 976 3766 adversariis
1031 3711 1491 3783 quzsratur,sed
1548 3711 1916 3768 custodiatur
1955 3729 1987 3767 a

331 3799 729 3856 familiaribus
754 3799 880 3856 suis
908 3799 963 3853 in
990 3800 1260 3855 cubiculo
1291 3801 1547 3872 quodam
1581 3801 1822 3856 inventu
1855 3817 1984 3873 per~

331 3904 512 3960 quam
543 3886 790 3944 difficili.
825 3891 973 3944 Sane
1016 3888 1321 3945 consimile
1350 3889 1630 3960 quiddam
1675 3907 1814 3962 erga
1844 3907 1984 3946 san—

327 3976 782 4032 ctumadivina
839 3977 940 4033 illa
999 3978 1153 4034 nube
1211 3978 1408 4050 ipsum
1466 3984 1804 4053 protegente
1834 3980 1984 4036 efﬁci

325 4066 658 4139 putandum
690 4069 799 4136 est,
832 4082 906 4122 ne
935 4065 1106 4123 facile
1148 4067 1207 4122 in
1251 4067 1417 4123 illum
1451 4068 1725 4124 invadere
1756 4069 1988 4141 possint

326 4154 576 4211 inimici.
609 4154 780 4211 Dicta
830 4159 1008 4212 sunto
1059 4155 1282 4222 isthaec,
1313 4161 1378 4212 ut
1419 4156 1740 4213 dilucidius
1771 4173 1984 4229 cogno-

325 4247 526 4300 scatur
553 4242 839 4301 auxilium
875 4245 950 4299 iis
979 4245 1082 4316 qui
1124 4245 1181 4299 in
1214 4245 1462 4301 circuitu
1509 4246 1647 4302 Sion
1677 4252 1988 4302 versantur
2033 4307 2035 4310 ,

323 4332 608 4390 traditum
657 4348 724 4388 eo
774 4333 1040 4404 consilio,
1090 4337 1156 4388 ut
1211 4349 1311 4389 eos
1367 4333 1625 4390 interdiu
1672 4335 1987 4391 obumbret

323 4421 534 4487 nubes,
595 4437 715 4492 qua
771 4423 844 4476 ab
903 4426 1048 4477 aestu
1111 4426 1510 4493 protegantur,
1569 4428 1751 4494 utque
1810 4429 1982 4479 noctu

322 4507 425 4565 lux
455 4509 611 4581 ignis
657 4511 1036 4579 accendatur,
1069 4527 1168 4567 eos
1217 4511 1606 4579 illustratura,
1638 4517 1810 4584 atque
1839 4514 1983 4570 adeo

2100 3352 2226 3426 μίας
2293 3351 2402 3406 ἐστὶ
2451 3359 2703 3425 σημεῖον,
2752 3355 2816 3408 τὸ
2845 3353 3118 3429 ἀτάραχον
3166 3361 3268 3422 τῆς
3315 3352 3438 3418 τότε
3486 3353 3750 3408 καταστά-

2096 3463 2231 3504 σεως
2282 3439 2370 3496 διὰ
2418 3448 2514 3511 τῆς
2563 3442 2699 3496 κατὰ
2727 3443 2825 3511 τὴν
2853 3440 3087 3517 νεφέλην
3121 3443 3230 3514 (46)
3262 3441 3466 3510 σκέπης
3495 3439 3750 3495 ἐνδείκνυ-

2093 3552 2202 3586 ται.
2237 3533 2354 3588 Ἑτι
2408 3531 2540 3604 ὑπὲρ
2570 3532 2666 3585 τοῦ
2689 3532 3012 3606 τρανότερον
3047 3527 3202 3596 ἰδεῖν,
3262 3528 3313 3583 τί
3369 3528 3480 3583 ἐστι
3513 3531 3596 3597 τὸ,
3659 3531 3744 3586 Ἐν

2094 3621 2395 3699 ἀποκρύφῳ
2447 3622 2651 3690 σκέπης
2706 3620 2988 3694 γενέσθαι,
3040 3617 3276 3690 τοιούτῳ
3325 3617 3433 3672 τινὶ
3485 3615 3746 3692 παραδεί-

2092 3731 2259 3786 γματι
2298 3708 2705 3784 προσαγόμεθα.
2758 3711 2935 3766 Ἔστω
2989 3728 3072 3769 τις
3123 3705 3458 3780 ζητούμενος
3493 3707 3586 3779 μὶν
3642 3706 3746 3762 ὑπὸ

2092 3803 2200 3854 τῶν
2249 3798 2555 3874 πολεμίων,
2616 3797 2718 3852 ὑπὸ
2770 3795 2826 3852 δὲ
2873 3801 2980 3853 τῶν
3024 3795 3240 3852 οῗκείων
3292 3794 3345 3851 ἕν
3376 3817 3484 3850 τινι
3516 3794 3745 3869 οἰκίσκῳ

2096 3886 2397 3966 δυσευρέτῳ
2469 3887 2899 3966 φρουρούμενος.
2940 3891 3196 3944 Τοιοῦτον
3257 3884 3349 3940 οὖν
3404 3906 3457 3940 τι
3523 3885 3745 3954 νοητέον

2094 3977 2330 4054 γίνεσθαι
2361 3978 2486 4054 περὶ
2514 3978 2606 4032 τὸν
2643 3977 2821 4051 ἅγιον,
2858 3976 2960 4032 ὑπὸ
2992 3982 3091 4045 τῆς
3143 3973 3288 4039 θείας
3337 3974 3545 4043 ἰκείνης
3590 3975 3743 4051 νεφέ-

2097 4066 2200 4138 λης
2260 4066 2634 4138 σκεπαζούσης
2687 4063 2847 4121 αὐτόν
2901 4065 3039 4141 πρὸς
3087 4066 3149 4119 τὸ
3203 4066 3278 4138 μὴ
3331 4062 3744 4139 εὐεπιχείρητον

2094 4157 2226 4212 εἶναι
2282 4161 2400 4218 τοῖς
2455 4155 2769 4229 πολεμίοις.
2828 4158 3108 4222 Τοσαῦτα,
3169 4152 3247 4216 εἴς
3304 4154 3368 4208 τὸ
3425 4152 3746 4230 σαφέστερον

2091 4253 2358 4316 νοηθῆναι
2383 4250 2498 4307 τοῖς
2544 4242 2735 4316 κύκλῳ
2781 4242 2923 4298 Σιὼν
2973 4244 3072 4314 τὴν
3121 4241 3412 4319 γινομένην
3463 4243 3748 4318 βοήθοιαν,

2095 4332 2171 4396 εἷς
2208 4335 2270 4389 τὸ
2301 4336 2512 4409 ἡμέρας
2565 4335 2660 4408 μὲν
2700 4334 2935 4402 σκιάζειν
2966 4331 3165 4396 αὐτοὺς
3203 4333 3302 4402 τὴν
3354 4331 3613 4409 νεφέλην,
3665 4329 3752 4386 ἴνα

2097 4422 2360 4499 ῥυσθῶσιν
2394 4424 2499 4479 ἀπὸ
2545 4422 2845 4495 καύματος·
2904 4422 3096 4484 νυκτὸς
3156 4419 3233 4491 δε,
3287 4425 3404 4498 φῶς
3433 4420 3604 4495 πυρὸς
3651 4418 3750 4473 αύ-

2091 4516 2209 4576 τοῖς
2250 4511 2515 4580 καίεσθαι,
2562 4513 2795 4590 φωτίζον
2844 4514 2960 4584 (47)
3010 4511 3237 4573 αὐτούς·
3300 4507 3632 4588 ἀμφοτέροις
3691 4504 3748 4561 δὶ

323 4601 575 4670 utroque
607 4601 869 4671 tempore
903 4601 977 4656 ab
1019 4600 1447 4658 insidiantibus
1498 4602 1608 4658 tuti
1659 4603 1780 4658 sint
1808 4608 1865 4658 et
1895 4620 1977 4659 se-

2091 4608 2210 4665 τοῖς
2267 4607 2481 4676 καιροῖς
2529 4603 2627 4671 τὴν
2673 4601 2779 4657 ἀπὸ
2803 4606 2910 4657 τῶν
2947 4595 3416 4656 έπιϐουλευόντων
3450 4595 3744 4677 ἀσφάλειαν

319 4702 468 4744 σιω.

385 4785 408 4822 ’³
437 4785 607 4842 Joan.
639 4803 756 4857 xxv,
788 4790 843 4842 2.
921 4787 941 4821 ⁸
971 4786 1180 4843 Matth.
1211 4805 1268 4857 v,
1299 4789 1353 4843 4.
1430 4789 1452 4824 9
1481 4788 1690 4844 Matth.
1723 4807 1862 4858 xvu,
1893 4792 1948 4848 5.

389 4884 502 4958 (40)
531 4883 815 4958 Similiter
866 4883 1658 4958 copulam‘xatadjecimus
1713 4904 1780 4943 ex
1829 4905 1972 4946 mss.

319 4953 699 5031 quibusdam.
749 4957 919 5023 Illud,
940 4953 1134 5031 Talium
1155 4953 1215 5031 ζκ
1247 4953 1437 5028 μέσου,
1467 4959 1614 5015 verti
1663 4965 1877 5031 potest,
1910 4961 1976 5017 de

316 5027 495 5084 medio
525 5045 737 5094 eorum,
766 5034 886 5095 aut,
917 5029 983 5084 de
1011 5029 1192 5085 mdia
1221 5027 1431 5084 earum.
1458 5027 1973 5090 Potest—enim’hic

318 5097 481 5153 locus
505 5102 596 5156 vel
629 5102 700 5156 de
731 5102 968 5158 filiabus
1012 5101 1174 5168 solis,
1208 5101 1295 5157 vel
1327 5103 1398 5157 de
1433 5101 1570 5159 filiis
1601 5104 1774 5160 simul
1812 5109 1869 5160 et
1899 5107 1973 5160 Ii-

316 5169 510 5246 liabus
541 5171 808 5246 intelligi.

389 5241 504 5321 (μ)
532 5241 871 5321 Sic‘vetEres
904 5248 1159 5321 quatuor
1203 5241 1356 5321 libri.
1379 5244 1544 5321 ‘Editi
1577 5263 1709 5301 vero
1741 5252 1798 5302 et
1830 5249 1967 5321 Reg.

319 5311 546 5390 tertius,
573 5311 1059 5390 _x)lnpovopo'3<rw.
1097 5315 1267 5384 Illud,
1304 5313 1474 5390 δῆλον
1513 5317 1618 5384 ὅτι,
1651 5322 1806 5390 quod
1860 5311 1971 5377 bdo

315 5383 806 5460 loco_1_egitur,'ex
837 5383 976 5460 Reg.
1011 5393 1218 5460 quarto
1252 5389 1516 5445 additum
1549 5383 1658 5446 est.

360 5455 496 5542 '(42)
545 5459 656 5513 Pro
710 5455 954 5531 γέννησιν
1016 5455 1306 5517 edidimus
1364 5478 1430 5518 ex
1487 5467 1740 5534 quatuor
1800 5480 1964 5534 mss.,

314 5546 344 5572 *τ’
357 5545 544 5580 ῖνεσιν.

328 5579 335 5596 ⁸
385 5599 502 5669 (43)
529 5579 626 5653 Sic
653 5603 906 5680 quatuor
937 5616 1078 5656 mss.
1101 5589 1181 5657 Ἀἰ
1221 5604 1382 5674 editi,
1418 5603 1503 5680 ὑφ’
1533 5603 1620 5671 ἥν.
1657 5604 1787 5660 Mox
1819 5621 1964 5675 qua-

313 5672 373 5724 tu
385 5687 449 5725 οι*
477 5685 624 5726 mss.
637 5710 650 5735 ,
681 5669 1074 5725 ἀπολαύουσιν.

383 5742 496 5815 (44)
530 5742 706 5811 Editi,
753 5745 851 5798 τοῦ
906 5746 1192 5814 αιασμοῦ.
1233 5747 1306 5804 At
1351 5747 1615 5820 quinque
1667 5762 1836 5813 mss.,
1867 5749 1963 5801 τοῦ

2082 4690 2344 4768 ὑπάρχειν
2378 4693 2590 4754 αὐτοῖς.

2092 4887 2474 4961 ἰπισκιασμοῦ.

2160 4962 2273 5033 (45)
2303 4955 2560 5043 antiqui
2585 4965 2836 5043 quatuor
2849 4959 3056 5043 “libri,
3095 4961 3406 5043 περιστᾶσα,
3439 4955 3746 5043 discipulo:

2084 5026 2481 5090 circumdedit:
2522 5026 2675 5088 Editi
2737 5038 2792 5087 et
2849 5033 2987 5103 Reg.
3031 5026 3744 5103 'terti'usLnesptq-ctlkaaa,

2085 5105 2338 5161 obuoluit.
2378 5106 2515 5161 Utra
2554 5105 2846 5176 scriptura
2879 5077 3084 5158 malior
3111 5105 3212 5171 sit,
3245 5077 3343 5158 alii
3366 5077 3745 5173 judicabunt:

2083 5176 2323 5232 Interim
2357 5179 2659 5249 vulgatam
2693 5176 3068 5232 retinuimus.

2155 5251 2265 5321 (46)
2302 5252 2360 5303 In
2405 5239 2934 5321 nostrisquinque
2990 5264 3132 5321 ms_s_.
3168 5261 3309 5313 non,
3357 5239 3748 5321 xsqaahivhuti

2155 5283 2264 5321 (au;
2302 5283 2360 5303 ιιι
2407 5283 2625 5304 “om...
2675 5283 2934 5320 qumque
2991 5283 3132 5302 ιυσσ.
3170 5283 3309 5313 μνη,
3360 5283 3601 5318 ...φυηρ
3666 5283 3743 5297 ..υ

2082 5320 2140 5374 in
2174 5321 2375 5395 editis,
2408 5323 2507 5377 sed
2542 5317 2775 5395 νεφέλην
2803 5320 3035 5389 legitur.
3071 5319 3193 5395 Vox
3219 5315 3489 5395 κεφαλὴν,
3524 5316 3574 5395 si

2081 5390 2630 5464 antiquiqfaverent',
2665 5409 2779 5447 non
2835 5408 3070 5464 parum_
3095 5390 3265 5464 nobis
3299 5390 3744 5464 ‘placeretaﬂoc

2079 5457 2295 5546 inpsp'in
2326 5463 2453 5546 loco
2485 5457 2626 5536 Reg;
2655 5457 2863 5546 tertius
2892 5469 2953 5546 et
2981 5461 3144 5546 editi2
3178 5457 3488 5546 ἔστιν-’ὑπὲρ
3518 5457 3739 5546 τούτου.

2076 5529 2185 5590 ᾹΙίἱ
2218 5541 2473 5606 quatuor
2502 5529 2673 5601 mss,
2704 5529 2781 5587 ἔτι
2818 5534 2948 5606 ὑπὲρ
2981 5537 3101 5597 τοῦ,
3130 5529 3296 5590 bene.
3328 5529 3589 5589 Subinde
3622 5535 3742 5585 tres

2077 5623 2244 5681 mssa
2281 5607 2485 5681 σκέπης
2514 5608 2776 5681 γίνεσθαιο

2146 5679 2257 5750 (47)
2289 5673 2461 5752 Εᾶὶῐῖ,
2493 5673 2769 5758 φωτίζειν.
2798 5679 2871 5736 At
2899 5677 3162 5752 quinque
3192 5693 3361 5748 mss.,
3395 5673 3626 5750 φωτίζον
