4138 6392
355 399 475 460 345

434 642 556 696 139.
616 640 769 711 ¹’ᾼσω
830 639 896 710 δὴ
964 644 1077 716 (48)
1132 648 1210 714 τῷ
1284 641 1626 718 ἠγαπημένῳ
1698 645 1845 716 ᾇσμα
1919 664 2016 699 του

360 733 644 807 ἀγαπητοῦ
708 755 813 806 μου
869 739 948 805 τῷ
1007 735 1295 806 ἀμπελῶνί
1333 758 1460 809 μου.
1512 736 1589 791 Τὰ
1642 736 1854 808 ᾄσματα
1882 734 2015 790 πάν-

359 843 424 876 τα
458 819 813 899 φαιδροτέραν
851 821 1002 877 δοκεῖ
1037 825 1309 900 περιέχειν
1361 826 1700 900 πραγμάτων
1751 826 2016 880 κατάστα-

365 932 470 968 σιν.
532 913 594 966 Ἢ
655 911 708 966 ἐν
766 916 832 985 τῇ
895 911 1096 985 Ἐξόδῳ
1154 912 1271 985 ᾠδὴ
1329 914 1474 987 ᾇσμά
1535 913 1675 968 ἐστιν
1736 913 2014 970 ἐπινίκιον.

366 1006 620 1073 νᾼσωμεν
679 1006 759 1073 τῷ
817 1001 1022 1077 Κυρίῳ·
1083 1000 1310 1075 ἐνδόξως
1369 1005 1471 1080 γὰρ
1532 1001 1894 1072 δεδόξασται.
1947 1003 2016 1057 Τὸ

363 1096 546 1163 ’ᾼσμα
575 1094 682 1145 τῶν
718 1089 972 1162 ᾀσμάτων
1028 1090 1391 1165 ἐπιθαλάμιός
1443 1093 1582 1147 ἐστιν
1631 1091 1771 1165 ᾠδὴ,
1806 1091 2018 1168 δραμα-

371 1183 530 1242 τικῶς
581 1183 693 1253 (49)
745 1178 1125 1256 πεπλεγμένη.
1179 1183 1436 1237 Ἐνταῦθα
1488 1179 1544 1236 δὲ
1592 1182 1824 1250 ἀπειλὴν
1854 1183 1882 1236 ὁ
1917 1181 2016 1236 λό-

371 1290 462 1343 γος
490 1267 603 1344 ἔχει
632 1271 732 1338 την
783 1271 920 1324 κατὰ
964 1271 1062 1324 τοῦ
1111 1271 1439 1344 ἀμπελῶνος
1487 1272 1622 1326 κατᾶ
1668 1272 1768 1339 τὴν
1802 1268 2014 1325 δικαίαν

364 1357 538 1434 κρίσιν
574 1362 671 1412 τοῦ
703 1363 837 1413 Θεοῦ
883 1357 1258 1433 ἐπαγομένην.
1292 1363 1521 1431 Μήποτε
1573 1358 1630 1414 δὲ
1655 1361 1745 1414 καὶ
1794 1360 1928 1415 αύτά
1954 1359 2020 1415 τὰ

361 1442 589 1523 φοϐερὰ,
637 1452 717 1520 τῷ
764 1448 900 1521 πρὸς
948 1447 1106 1512 τέλος
1158 1451 1400 1525 χρηστὸν
1451 1448 1842 1528 ἀναφέρεσθαι,
1896 1469 2021 1524 πρε-

360 1535 578 1599 πόντως
627 1536 1000 1613 έγκατετάχθη
1053 1543 1172 1601 τοῖς
1225 1537 1425 1612 ᾅσμασι
1462 1559 1474 1609 ;
1511 1539 1809 1614 Ηρόσωπον
1845 1536 1903 1593 δὲ
1956 1539 2018 1594 τὸ

362 1624 705 1702 ἀπαγγέλλον
736 1627 835 1695 τήν
887 1625 1036 1700 ᾠδήν
1087 1627 1198 1683 ἐστι
1229 1630 1290 1683 τὸ
1320 1633 1544 1702 Πνεῦμα
1587 1629 1648 1684 τὸ
1680 1630 1854 1706 ἅγιον,
1886 1627 2019 1702 ὅπερ

365 1712 482 1786 ᾅδει
512 1715 576 1770 τὸ
607 1717 751 1789 ᾆσμα
779 1720 858 1788 τῷ
905 1718 1250 1791 ἠγαπημένῳ
1293 1715 1602 1791 ἀμπελῶνι.
1658 1721 1811 1774 ’Ἐστι
1863 1715 1920 1771 δὶ
1957 1716 2020 1771 τὸ

367 1803 513 1878 ᾆσμα
538 1808 699 1860 τοῦτο
746 1810 844 1860 τοῦ
895 1806 1197 1882 ἀγαπητοῦ.
1230 1807 1319 1867 Τίς
1365 1804 1422 1860 δὲ
1453 1808 1480 1860 ὁ
1514 1807 1665 1884 φύσει
1716 1805 2016 1882 ἀγαπητὸς,

365 1892 402 1962 ἢ
457 1895 485 1947 ὁ
545 1895 856 1969 Μονογενὴς
893 1937 908 1961 ,
963 1895 1027 1949 τὸ
1105 1895 1442 1971 αύτοάγαθον
1498 1898 1662 1967 (50),

364 1981 590 2061 ἐφίεται,
650 1983 716 2036 οὗ
757 1987 791 2053 ἡ
831 1984 1102 2060 ἀγάπησις
1162 1989 1400 2061 φυσικῶς
1449 1984 1537 2040 καὶ
1597 1984 1850 2061 ἀρῥήτως
1894 1988 2014 2046 ταῖς

363 2071 576 2127 πάντων
606 2076 714 2127 τῶν
770 2070 1011 2148 λογικῶν
1057 2070 1321 2136 διανοίαις
1350 2073 1656 2129 ἐνέστακται
1687 2094 1700 2144 ;
1738 2075 1888 2128 Ἐπεὶ
1923 2071 2015 2128 οὗν

362 2162 497 2216 κατά
539 2161 638 2230 τήν
690 2166 785 2216 τοῦ
836 2160 1045 2236 Κυρίου
1095 2165 1276 2240 φωνήν
1327 2164 1355 2218 ὁ
1408 2161 1768 2238 Ιῐαράκλητος
1815 2163 1876 2218 έκ
1921 2165 2017 2216 τοῦ

365 2252 701 2327 Μονογενοῦς
762 2245 1027 2324 λαμϐάνει
1083 2250 1274 2321 πάντα,
1335 2252 1422 2307 καὶ
1486 2251 1809 2327 ἀναγγέλλει
1857 2255 2016 2325 ἡμῖν,

365 2340 454 2395 καὶ
483 2342 584 2408 τήν
617 2338 764 2413 ᾠδὴν
817 2345 913 2395 τοῦ
961 2340 1242 2416 ἀγαπητοῦ
1275 2363 1438 2420 φησιν
1471 2342 1625 2409 εἶναι,
1659 2342 1733 2403 ὡς
1765 2343 1892 2417 παρ’
1921 2343 2018 2396 αὐ-

362 2433 458 2485 τοῦ
491 2424 695 2486 λαϐών.
727 2434 791 2486 Ἡ
823 2428 881 2485 δὲ
912 2429 1046 2499 αὐτὴ
1099 2429 1216 2502 ᾤδή
1267 2436 1613 2504 μετανοοῦντι
1651 2431 1742 2503 μὶν
1777 2435 1856 2501 τῷ
1887 2451 2020 2485 ποτε

362 2518 708 2595 ἠγαπημένῳ
757 2519 1044 2592 ἀμπελῶνι
1094 2519 1242 2592 ᾆσμά
1293 2519 1456 2575 ἐστιν’
1509 2519 1821 2592 ἐπιμένοντι
1863 2517 1920 2574 δὲ
1948 2522 2018 2593 τῇ

368 2607 605 2683 ἁμαρτίᾳ
663 2614 864 2682 θρῆνος
921 2608 1123 2682 γίνεται
1180 2607 1270 2662 καὶ
1325 2609 1476 2677 οὐαὶ,
1536 2608 1774 2684 καθάπερ
1832 2609 1892 2664 ἂν.
1941 2613 2020 2680 τῷ

361 2695 633 2766 Ἰεζεκιὴλ
669 2698 1084 2770 μεμαθήκαμεν,
1135 2695 1223 2752 ἐπὶ
1249 2697 1345 2754 τοῦ
1371 2699 1538 2753 αὐτοῦ
1596 2693 1816 2774 βιϐλίου
1851 2697 2020 2772 μέλος

367 2785 457 2840 καὶ
507 2787 705 2861 θρῆνον
754 2785 1152 2862 γεγραμμένον,
1199 2787 1289 2842 καὶ
1339 2787 1480 2845 οὐαί.
1534 2788 1639 2845 Καὶ
1687 2788 1714 2842 ὁ
1758 2789 1855 2843 τοῦ
1905 2790 2018 2844 Κυ-

366 2876 485 2950 ρίου
518 2873 682 2950 λόγος
715 2875 790 2937 εἰς
823 2877 966 2944 ζωὴν
1009 2876 1234 2932 αἶ’ώνιον
1285 2878 1375 2932 καὶ
1419 2877 1718 2933 ἀπόλαυσιν
1749 2877 2014 2955 οὐρανίων

367 2966 582 3040 ἀγαθῶν
627 2963 1100 3040 προκαλούμενος,
1152 2965 1319 3038 μέλος
1362 2967 1429 3035 ἦν
1460 2968 1596 3041 πρὸς
1630 2965 1894 3042 εὔρυθμον
1927 2969 2017 3022 καὶ

365 3052 584 3126 ἐμμελῆ
615 3053 830 3124 κίνησιν
883 3055 972 3108 καὶ
1029 3056 1128 3122 τήν
1189 3056 1305 3108 κατ’
1365 3055 1559 3129 ἀρετήν
1614 3055 1874 3132 ἐνέργειαν
1919 3057 2016 3118 τὰς

367 3141 551 3215 ψυχὰς
581 3139 877 3216 διεγείρων.
931 3144 1009 3198 Τὸ
1061 3140 1120 3197 δὲ
1169 3143 1423 3197 Ἰωάννου
1469 3146 1746 3218 κήρυγμα,
1799 3146 1876 3208 εἷς
1922 3165 2016 3216 με-

362 3227 576 3282 τάνοιαν
609 3229 736 3291 τοὺς
771 3230 1008 3291 ἀπειθεῖς
1055 3229 1399 3306 ἐπιστρέφον,
1447 3238 1646 3307 θρῆνος
1696 3231 1786 3301 ἦν,
1832 3232 2012 3302 λύπην

361 3316 440 3380 εἴς
473 3318 743 3394 σωτηρίαν
790 3317 1210 3392 ἀμεταμέλητον
1265 3322 1375 3394 (51)
1425 3319 1810 3396 έργαζύμενος.
1845 3322 2012 3396 Eupl-

359 3425 551 3460 σκοντο
584 3403 641 3460 δὲ
672 3407 722 3460 οἱ
761 3403 1037 3476 Ἰουδαῖοι,
1073 3405 1164 3462 διὰ
1191 3409 1289 3476 τὴν
1323 3410 1581 3483 πώρωσιν
1625 3417 1725 3478 τῆς
1769 3408 2018 3486 καρδίας,

365 3493 504 3565 μήτε
551 3497 670 3555 τοῖς
719 3499 990 3567 χρηστοῖς
1039 3498 1476 3571 προτρεπόμενοι
1530 3497 1606 3560 εἷς
1659 3500 1826 3570 ζωὴν,
1881 3502 2021 3572 μήτε

365 3581 468 3636 ὑπὸ
499 3585 606 3637 τῶν
664 3581 1028 3657 στυγνοτέρων
1084 3583 1398 3659 ἐναγόμενοι
1450 3585 1526 3647 εἷς
1573 3587 1884 3658 μετάνοιαν.
1917 3586 2020 3640 Οὕ-

361 3691 442 3725 τω
473 3667 540 3739 δὴ
571 3669 661 3726 καὶ
716 3671 779 3725 τὸ
837 3670 888 3725 ἐν
940 3672 1128 3748 χερσὶν
1184 3673 1331 3747 ᾆσμα
1375 3674 1466 3728 καὶ
1512 3669 1731 3729 ἔπαινον
1769 3671 1886 3751 ἔχει
1916 3683 2018 3744 τῆς

362 3759 597 3835 ἀρχαίας
628 3759 894 3834 εὐγενείας
941 3761 1030 3816 καὶ
1060 3769 1158 3831 τῆς
1204 3762 1328 3837 περὶ
1376 3764 1552 3818 αὐτῶν
1588 3767 1696 3837 (52)
1735 3770 1832 3819 τοῦ
1884 3770 2018 3820 Θεοῦ

362 3848 712 3922 ἄπιμελείας,
762 3850 852 3904 καὶ
901 3848 1136 3927 ἔλεγχον
1184 3859 1284 3922 τῆς
1338 3852 1620 3929 παρούσης
1670 3854 1881 3924 κακίας,
1928 3855 2019 3910 καὶ

363 3936 596 4006 ἀπειλήν
647 3938 756 3993 τῶν
798 3937 1268 4013 έπαχθησομένων
1321 3938 1533 3998 δεινῶν.
1583 3941 1682 3996 Καὶ
1723 3943 1877 4016 ὅμως
1927 3944 2020 3999 τὸν

365 4027 564 4096 ἀπειθῆ
599 4026 728 4083 λαὸν
763 4026 887 4082 οὕτε
935 4027 1115 4082 έκεῖνα
1162 4030 1299 4104 πρὸς
1343 4031 1443 4099 τὴν
1474 4031 1674 4098 οἰκείαν
1724 4032 1871 4105 ἀξίαν
1901 4032 2021 4088 ἀνα-

366 4122 638 4187 καλεῖταί,
705 4115 828 4171 οὕτε
874 4121 1044 4172 ταῦτα
1103 4116 1379 4174 συστεῖλαι
1437 4121 1526 4175 καὶ
1581 4120 2016 4198 σωφρονέστερον

366 4213 597 4276 ποιῆσαι
630 4202 874 4262 δύναται.

436 4388 558 4442 140.
591 4388 831 4462 Αρχεται
882 4383 939 4440 δὲ
984 4389 1092 4441 τῶν
1143 4384 1438 4461 ἐγκωμίων
1496 4393 1596 4459 τῆς
1646 4385 1884 4454 παλαιᾶς
1933 4390 2020 4446 εὐ-

363 4475 575 4551 γενείας
609 4518 622 4530 .
684 4472 979 4547 Ἀμπελὼν
1062 4475 1290 4549 ἐγενήθη
1367 4481 1447 4549 τῷ
1518 4477 1861 4554 ἠγαπημένῳ
1893 4525 1908 4552 ,
1963 4478 2016 4535 ἐν

361 4561 570 4639 κέρατι,
628 4561 678 4618 ἂν
737 4563 892 4636 τόπῳ
948 4563 1119 4620 πίονι.
1174 4563 1508 4638 Ἀμπελῶνα
1561 4568 1704 4641 λέγει
1761 4568 1850 4622 τὸν
1885 4566 2016 4623 λαὸν

1203 404 1611 465 COMMENT.
1658 405 1736 465 IN
1783 405 2052 466 ISAIAM
2102 407 2609 471 PROPHETAM.
2654 409 2825 471 CAP.
2873 408 2944 469 V.

919 537 1331 593 ΚΕΦΑΛΔΙΟΝ
1371 536 1448 592 E’.
2041 542 2098 608 Α

3660 404 3779 466 346

2786 541 3016 598 CAPUT
3052 541 3121 596 V.

2199 649 2320 704 1ἰέ9.
2344 647 2519 704 Vens.
2550 649 2595 703 1.
2634 648 2877 704 Cantabo
2908 648 3119 704 dilecto
3147 648 3424 704 canticum
3454 645 3648 702 dilecti
3673 643 3784 701 mei

2122 739 2299 794 vineae
2327 754 2481 794 mem.
2514 739 2749 794 Cantica
2779 738 2978 794 omnia
3013 738 3294 793 latiorem
3330 752 3527 791 rerum
3560 739 3779 790 statum

2122 825 2398 881 videntur
2444 827 2772 898 complecti.
2806 830 2939 894 Quae
2972 827 3031 881 in
3073 827 3268 882 Exodo
3319 823 3604 896 reperitur
3649 823 3779 893 ode,

2127 916 2420 971 canticum
2473 920 2562 971 est
2619 916 2692 971 ob
2742 921 2966 985 partam
3014 915 3316 970 victoriam
3365 912 3779 984 compositum.

2130 1005 2422 1059 Cantemus
2453 1006 2678 1060 Domino
2704 1023 2723 1060 :
2755 1006 2993 1072 gloriose
3023 1007 3174 1059 enim
3205 1003 3586 1073 magniﬁcatus
3615 1009 3692 1056 est
3714 1001 3780 1055 ιο.

2127 1095 2429 1149 Canticum
2453 1093 2822 1148 Canticorum
2857 1093 3116 1165 nuptiale
3145 1097 3236 1149 est
3265 1108 3524 1157 carmen,
3547 1092 3784 1145 drama-

2127 1183 2241 1238 tico
2275 1200 2448 1254 opere
2502 1188 2856 1254 pertextum.
2882 1183 2985 1238 Hic
3017 1187 3213 1238 autem
3245 1183 3542 1253 Scriptura
3588 1180 3784 1235 minas

2129 1275 2406 1340 continet,
2435 1290 2499 1328 ex
2530 1275 2689 1344 justo
2719 1272 2822 1329 Dei
2847 1272 3071 1344 judicio
3100 1272 3158 1326 in
3182 1273 3410 1326 vineam
3440 1270 3782 1325 intentatas.

2127 1362 2426 1434 Numquid
2444 1371 2638 1417 autem
2666 1362 2766 1416 illa
2788 1363 2916 1433 ipsa
2935 1363 3238 1417 tremenda
3255 1377 3380 1433 quas
3396 1360 3782 1427 intentantur,

2129 1453 2285 1524 quod
2311 1453 2366 1506 in
2393 1453 2608 1506 bonum
2633 1453 2780 1507 477
2811 1452 2985 1506 finem
3011 1451 3356 1516 referantur,
3373 1447 3787 1504 convenienter

2130 1541 2314 1596 relata
2337 1545 2477 1596 sunt
2497 1541 2650 1594 inter
2671 1540 2940 1595 cantica?
2962 1542 3095 1606 Quae
3117 1545 3312 1595 autem
3336 1553 3586 1609 persona
3606 1535 3786 1592 canti-

2130 1645 2262 1686 cum
2293 1629 2435 1684 illud
2482 1629 2846 1701 pronuntiat,
2869 1629 3124 1700 Spiritus
3163 1633 3402 1684 sanctus
3432 1631 3541 1694 est,
3567 1624 3669 1697 qui
3702 1623 3784 1678 vi-

2130 1737 2249 1776 nem
2282 1719 2504 1774 dilectae
2524 1735 2760 1774 carnem
2793 1719 2971 1773 canit.
3001 1717 3120 1774 Hoc
3141 1723 3334 1774 autem
3367 1717 3564 1772 dilecti
3596 1713 3785 1770 canti-

2129 1826 2265 1866 cum
2297 1814 2405 1864 est.
2431 1812 2574 1875 Quis
2603 1824 2737 1863 vero
2779 1811 2993 1863 natura
3023 1806 3390 1876 carissimus,
3422 1804 3537 1860 nisi
3567 1803 3786 1875 Unige-

1715 1893 1778 1951 οὗ
1849 1895 2022 1948 πάντα
2050 1912 2097 1975 Β
2130 1899 2312 1966 nitus,
2344 1898 2489 1954 illud
2540 1898 2738 1968 ipsum
2770 1898 3014 1963 bonum,
3041 1896 3197 1966 quod
3247 1897 3532 1967 appetunt
3560 1892 3780 1961 omnia,

2127 1989 2299 2060 cujus
2329 2005 2495 2043 amor
2542 1988 2604 2042 in
2645 1985 2861 2042 animis
2906 1983 3171 2041 omnium
3219 1984 3320 2056 qui
3369 1987 3509 2038 sunt
3558 1982 3786 2038 ratione

2127 2077 2375 2151 prmditi,
2401 2076 2654 2132 naturali
2687 2075 3085 2145 ineﬂ'abilique
3108 2074 3282 2129 modo
3305 2079 3393 2128 est
3414 2073 3744 2143 impressu
3760 2071 3788 2126 ?

2129 2167 2418 2233 Quoniam
2450 2166 2632 2238 igitur
2653 2166 2824 2236 juxta
2843 2163 3076 2219 Domini
3095 2179 3317 2234 vocem,
3342 2160 3682 2217 Paracletus
3712 2161 3785 2216 ab

2129 2256 2438 2326 Unigenito
2469 2255 2682 2326 accipit
2711 2253 2928 2324 omnia,
2951 2259 3009 2309 et
3039 2251 3352 2308 annuntiat
3394 2250 3564 2307 nobis
3584 2248 3785 2316 “,‘boc

2130 2345 2425 2401 canticum
2457 2344 2539 2398 ait
2577 2343 2775 2399 dilecti
2823 2359 2972 2411 esse,
2998 2346 3280 2414 tanquam
3319 2341 3392 2396 ab
3431 2340 3560 2412 ipso
3581 2353 3788 2410 accep-

2129 2438 2279 2490 tum.
2301 2435 2515 2489 Eadem
2535 2437 2732 2488 autem
2750 2433 2857 2488 ode
2874 2432 3052 2487 vineae
3073 2431 3212 2486 olim
3232 2428 3785 2498 dilectae,canticum

2130 2529 2240 2593 est,
2265 2525 2314 2579 si
2349 2523 2625 2596 pcenitat:
2653 2523 2753 2578 sed
2796 2523 2846 2576 si
2889 2523 2948 2575 in
2985 2525 3222 2593 peccato
3273 2519 3572 2591 persistat,
3604 2518 3670 2572 fit
3699 2517 3786 2572 1a-

2131 2618 2395 2669 mentum
2427 2618 2483 2667 et
2510 2628 2622 2680 vae;
2659 2611 3164 2683 quemadmodum
3205 2611 3264 2664 in
3308 2607 3601 2664 Ezechiele
3634 2605 3786 2661 didi-

2130 2703 2318 2758 cimus
2352 2701 2637 2774 scriptum
2669 2702 2850 2757 fuisse
2899 2701 2958 2755 in
3003 2701 3206 2756 eodem
3238 2699 3390 2754 libro
3419 2713 3669 2766 cannon,
3703 2695 3787 2750 la-

2128 2801 2394 2856 mentum,
2424 2795 2474 2846 et
2502 2791 2672 2848 vae“.
2708 2790 2857 2855 Quin
2891 2793 2949 2844 et
2985 2787 3220 2844 Domini
3275 2803 3469 2843 sermo
3502 2787 3572 2841 ad
3604 2785 3786 2840 vitam

2128 2887 2404 2938 aeternam
2437 2885 2494 2936 et
2525 2881 2597 2934 ad
2642 2880 2932 2934 bonorum
2964 2877 3290 2933 caelestium
3327 2876 3660 2932 fruitionem
3697 2874 3786 2928 in-

2128 2971 2341 3039 vitans,
2374 2985 2610 3024 carmen
2652 2973 2799 3033 erat,
2833 2967 2990 3038 quod
3034 2966 3265 3021 animas
3297 2966 3368 3020 ad
3403 2977 3785 3019 numerosum

2130 3058 2599 3127 concinnunique
2652 3061 2877 3111 motum
2931 3059 2988 3111 et
3027 3055 3096 3110 ad
3148 3053 3549 3125 operationem
3584 3049 3786 3105 virtuti

2131 3151 2586 3202 consentaneam
2618 3145 2931 3198 excitabat.
2966 3145 3034 3198 At
3061 3158 3197 3197 vero
3226 3141 3468 3196 Joannis
3501 3139 3786 3212 praedica-

2129 3235 2236 3301 tio,
2277 3250 2394 3306 qua
2443 3233 2896 3304 inobsequentes
2944 3231 3433 3286 convertebantur
3482 3229 3553 3283 ad
3604 3227 3787 3299 paeni-

2130 3325 2401 3388 tentiam,
2435 3326 2560 3378 erat
2609 3320 2972 3392 lamentatio,
2997 3337 3123 3392 quae
3179 3320 3250 3374 ad
3301 3316 3552 3374 salutem
3585 3315 3787 3372 confe-

2131 3414 2372 3468 rendam
2418 3427 2726 3466 mcerorem
2775 3409 2935 3464 haud
2987 3407 3383 3480 prenitendam
3436 3405 3699 3477 pariebat
3725 3404 3788 3461 η.

2127 3501 2315 3556 Judaei
2345 3505 2568 3566 autem,
2603 3516 2716 3570 prae
2745 3499 2942 3554 cordis
2967 3496 3205 3562 duritia,
3241 3511 3431 3567 neque
3464 3494 3655 3550 verbis
3687 3494 3787 3574 be-

2130 3590 2501 3662 nignioribus
2546 3587 3061 3660 comperiebantur
3109 3587 3180 3642 ad
3230 3586 3410 3641 vitam
3462 3582 3787 3655 provocari,

2130 3695 2322 3750 neque
2353 3678 2778 3734 austerioribus
2801 3678 2871 3733 ad
2895 3675 3304 3749 paenitentiam
3339 3673 3573 3730 adduci.
3598 3677 3790 3744 Atque

2131 3770 2274 3825 adeo
2306 3767 2622 3837 canticum,
2655 3767 2810 3838 quod
2865 3765 2926 3821 in
2976 3765 3250 3821 manibus
3282 3769 3390 3832 est,
3422 3768 3549 3819 tum
3581 3762 3788 3834 prisca

2130 3857 2296 3912 illius
2322 3855 2735 3928 generositatis
2757 3861 2814 3911 et
2835 3857 2964 3927 ejus
2989 3871 3169 3927 quam
3197 3856 3348 3910 Deus
3371 3869 3474 3924 pro
3498 3851 3642 3924 ipsis
3665 3865 3767 3923 ges

2131 3945 2210 4002 sit
2241 3962 2391 4001 cura;
2421 3944 2657 4000 laudem
2690 3943 3121 4016 complectitur,
3143 3948 3272 3999 tum
3316 3946 3662 4014 praesentem
3693 3955 3789 3995 eo-

2129 4052 2262 4090 rum
2286 4033 2576 4089 malitiam
2599 4032 2855 4101 exhibet,
2875 4038 2933 4088 et
2953 4031 3276 4104 inﬂigenda
3298 4030 3454 4086 mala
3474 4031 3793 4086 commina-

2129 4127 2245 4180 tur.
2272 4124 2473 4195 Neque
2504 4127 2701 4178 tamen
2741 4122 2843 4177 illa
2873 4122 3156 4193 populum
3191 4121 3680 4192 inobsequentem
3715 4117 3790 4172 ad

2130 4213 2429 4285 propriam
2462 4210 2810 4284 dignitatem
2855 4217 3124 4266 revocant
3156 4225 3169 4266 :
3205 4226 3397 4280 neque
3437 4209 3560 4263 haec
3591 4207 3789 4278 ipsum

2129 4318 2501 4374 compescere
2531 4304 2635 4356 aut
2665 4299 3102 4372 prudentiorem
3139 4299 3382 4353 reddere
3414 4301 3751 4370 potuerunt.

2203 4391 2326 4446 140.
2359 4389 2549 4445 Sumit
2579 4394 2772 4446 autem
2800 4387 3103 4445 exordium
3133 4389 3203 4444 ab
3228 4387 3482 4458 antiqua:
3514 4383 3790 4442 nobilita-

2129 4480 2206 4536 tis
2257 4480 2552 4534 laudibus.
2592 4479 2757 4533 Vinea
2804 4481 2955 4549 facta
3001 4481 3080 4533 est
3128 4478 3344 4544 dilecto,
3392 4477 3454 4531 in
3503 4491 3694 4543 cornu,
3727 4475 3791 4530 in

2130 4571 2246 4626 loco
2271 4568 2490 4641 pingui.
2517 4567 2752 4625 Vineam
2782 4567 2924 4622 dicit
2956 4567 3238 4639 populum
3273 4565 3682 4622 Israeliticum.
3709 4565 3791 4621 Vi-

358 4655 457 4708 τοῦ
513 4649 736 4727 Ἰσραήλ
769 4694 785 4710 .
845 4651 1134 4724 ’Ἄμπελον
1186 4655 1314 4730 γὰρ,
1374 4655 1557 4731 φησὶ,
1619 4656 1671 4726 ἐξ
1739 4656 2016 4733 Δί’γύπτου

2131 4675 2290 4715 neum
2318 4657 2496 4727 enim,
2530 4655 2739 4727 inquit,
2769 4655 2835 4711 de
2874 4658 3111 4729 Egypto
3162 4654 3512 4712 transtulisti
3531 4655 3594 4708 υ.
3627 4653 3698 4708 Et
3728 4652 3788 4708 in

363 4747 625 4819 μετῆρας.
675 4741 779 4800 Καὶ
827 4740 880 4799 ἰν
929 4747 1008 4798 τῶ
1057 4743 1292 4820 Ἱερεμίᾳ
1339 4740 1430 4799 διὰ
1474 4750 1576 4815 τῆς
1609 4744 1777 4816 αὐτῆς
1811 4745 2020 4811 εῒκόνος

435 4888 478 4925 ¹⁰
510 4889 685 4950 Exod.
719 4905 816 4962 xv,
849 4889 901 4945 1.
981 4891 1023 4926 ¹¹
1056 4893 1225 4948 Joan.
1259 4907 1376 4962 xvx,
1412 4892 1499 4947 14.
1578 4891 1624 4928 ¹²
1654 4893 1864 4949 Ezech.
1898 4911 1960 4963 ιι,
1993 4894 2045 4949 9.

426 5034 544 5107 ,(48)
575 5032 843 5107 Titulum
878 5032 1111 5107 nullum
1140 5034 1206 5107 in_
1229 5052 1372 5093 mss.
1406 5035 1762 5093 invenimus.
1795 5039 1902 5092 Sed
1935 5041 2017 5094 ta-

364 5099 864 5186 mempmpbetma
893 5105 1009 5186 illa,
1045 5103 1158 5186 ᾅσω
1187 5103 1277 5177 δή,
1309 5113 1366 5164 et
1406 5116 1630 5178 caetera,
1665 5111 1735 5165 ad
1771 5111 2014 5166 modum

362 5175 609 5251 titulifin
634 5175 772 5248 Reg.
808 5181 1015 5251 quarto
1051 5175 1344 5251 leguntur.

433 5246 539 5325 (49)
571 5246 863 5325 Fortassis
899 5246 1136 5306 monere
1155 5252 1408 5323 juvabit,
1436 5252 1830 5308 dramaticum
1863 5270 2014 5325 opus

357 5316 756 5400 illud_esse,_in
781 5338 894 5392 quo
915 5316 1180 5395 personae
1203 5325 1337 5380 solae
1361 5316 1566 5396 agunt,
1586 5325 1809 5397 absque
1833 5316 2014 5398 poetae

355 5390 830 5450 interlocutione.

424 5463 801 5554 ‘Veteres
833 5464 1096 5554 quinque
1127 5465 1260 5554 libri
1296 5484 1412 5523 una
1440 5484 1598 5536 voce,
1631 5464 2001 5540 αὐτοᾶγαθον.

347 5533 502 5611 Editi
516 5533 788 5611 duabus,
817 5533 950 5589 αὖτὸ
966 5533 1200 5611 ἀγαθόν.

418 5608 530 5690 (51)
562 5609 626 5664 In
658 5609 919 5690 Vulgata
965 5607 1177 5690 Il'Cor:
1206 5628 1308 5690 vir,
1345 5612 1431 5681 10,
1477 5611 1558 5666 ita
1607 5609 1846 5690 legitur,
1881 5613 2010 5690 Quae

341 5681 490 5755 enim
521 5680 1050 5755 ερεμιιιῐαξιμαιιτη
1079 5683 1338 5755 tristitia
1378 5680 1476 5750 est,
1523 5680 1904 5755 paenitentiam
1948 5685 2010 5740 in

342 5752 584 5810 salutem
637 5753 897 5810 stabilem
929 5755 1206 5823 operatur.
1243 5754 1386 5811 Hinc
1417 5752 1666 5813 fortasse
1712 5755 2006 5828 suspicari

2127 4747 2386 4809 Jeremia
2418 4746 2699 4819 probrum
2745 4745 2993 4802 infertur
3032 4744 3249 4818 populo
3281 4761 3383 4818 per
3410 4744 3678 4801 eamdem
3707 4741 3787 4797 si-

2126 4894 2172 4932 “
2202 4893 2251 4950 II
2282 4895 2409 4951 Cor.
2444 4908 2548 4959 v11,
2583 4892 2666 4947 10.
2748 4893 2794 4927 ¹⁴
2827 4891 2979 4949 Psal.
3013 4908 3203 4958 LXXIX,
3236 4891 3320 4949 19.

2127 5037 2429 5110 quispiam
2464 5034 2688 5110 possit,
2737 5033 3404 5110 interpretemlegisse,
3437 5038 3542 5110 aut
3589 5035 3785 5110 potius

2125 5101 2317 5182 legere
2365 5101 2699 5182 sibi-visum
2745 5101 2946 5182 fuisse,
2980 5101 3398 5178 ἀμετάϐλητον,
3435 5101 3786 5182 castitatem

2124 5175 2405 5248 stabilem,
2440 5196 2574 5235 cum
2625 5175 2939 5252 legendum
2987 5175 3182 5252 tamen
3215 5185 3391 5252 esset,
3425 5175 3782 5252 ἀμεταμέλη-

2121 5273 2236 5322 τον,
2268 5254 2338 5309 ad
2385 5253 2618 5307 salutem
2667 5253 2820 5308 haud
2865 5251 3256 5322 pomi/endam.
3294 5251 3361 5304 Et
3406 5251 3646 5321 quidem
3676 5269 3784 5307 vox

2122 5344 2243 5383 una
2286 5325 2452 5381 alteri
2503 5324 2586 5379 ita
2628 5323 2849 5395 gsimilis
2907 5327 3016 5387 est,
3051 5327 3115 5377 ut
3170 5323 3550 5395 interpretem
3586 5323 3643 5378 in
3677 5323 3782 5379 hoc

2123 5398 2293 5455 facile
2323 5397 2441 5452 labi
2475 5394 2740 5467 potuisse
2774 5412 2944 5467 nemo
2978 5410 3093 5449 non
3125 5395 3334 5449 videat.

2192 5471 2303 5543 (52)
2337 5461 2576 5543 Codices
2618 5466 2668 5521 si
2714 5483 2828 5522 non
2880 5466 3095 5543 plures,
3129 5470 3198 5543 at
3237 5470 3354 5543 tres
3403 5469 3624 5543 tamen,
3653 5461 3777 5543 περί

2122 5533 2301 5598 αὐτόνζ
2338 5541 2419 5596 ita
2449 5541 2499 5595 si
2532 5540 2706 5609 leges,
2731 5533 3007 5606 suppleas
3040 5541 3290 5608 Oportet,
3322 5533 3643 5609 ἀμπελῶνα,
3677 5533 3780 5592 aut

2121 5612 2276 5670 λαόν.
2301 5611 2459 5684 1ιὲιάλὶιὶΔ
2484 5605 2616 5666 vero
2649 5626 2783 5664 cum
2810 5605 2952 5684 Reg.
2981 5605 3260 5679 secundo,
3285 5605 3405 5680 περὶ
3440 5605 3638 5674 αὐτῶν,
3668 5609 3777 5668 hoc

2119 5692 2228 5757 est,
2261 5681 2561 5741 Ἰουδαίων.
