4138 6410
335 406 455 468 347

1286 401 1681 462 APPENDIX
1721 401 2044 466 OPERUM
2093 403 2160 464 S.
2204 403 2489 465 BASILII
2533 404 2803 467 MAGNI.

3637 399 3759 462 348

339 537 732 593 militudinem
773 553 786 591 :
824 537 932 605 Ego
963 540 1147 592 autem
1174 534 1432 606 plantan
1460 542 1513 590 te
1541 535 1762 591 vineam
1789 537 1989 607 fructi-

2108 529 2421 602 ὀνειδίζεται
2482 534 2510 588 6
2572 530 2726 595 λαός⁶
2781 533 2922 608 Ἐγὼ
2971 527 3030 586 δὲ
3081 529 3346 608 ἐφύτευσά
3394 552 3452 587 σε
3505 528 3751 605 ἃμπιλον

335 632 515 698 [oram
544 631 723 682 totum
766 643 974 682 veram.
1001 623 1273 693 Quomodo
1315 639 1579 680 conversa
1609 640 1663 680 es
1692 626 1752 680 in
1782 627 1990 680 amari-

336 715 608 784 tudinem,
636 718 760 771 viiis
789 717 976 770 aliena
999 713 1082 768 '5?
1111 717 1170 770 In
1200 730 1390 783 cornu,
1430 716 1486 769 in
1521 716 1634 769 loco
1662 716 1876 787 pingui.
1912 715 1992 771 De

336 809 496 860 terra
545 804 807 876 loquitur
834 804 905 858 ab
938 802 1259 859 Israelitico
1307 804 1522 875 populo
1553 809 1854 876 occupata,
1891 822 1989 876 pa-

337 894 527 953 tribus
563 909 764 949 eorum
809 893 977 962 juxta
1023 893 1125 948 Dei
1174 894 1626 965 promissionem
1678 895 1896 950 data”.
1929 895 1993 950 In

336 999 527 1050 cornu,
561 984 616 1038 in
651 983 763 1038 loco
786 983 1007 1053 pingui.
1035 982 1282 1038 Summa
1311 983 1440 1038 laus
1471 987 1562 1039 est
1595 983 1797 1056 paucis
1827 1000 1993 1039 com-

336 1073 647 1144 prehensa.
668 1073 858 1128 Cornu
883 1077 972 1127 est
997 1071 1174 1128 altius
1196 1072 1545 1145 ﬁrmiusque
1570 1073 1795 1143 reliquo
1831 1073 1992 1129 omni

337 1177 575 1232 corpore
611 1177 624 1216 :
660 1161 815 1232 quod
849 1160 1020 1216 simul
1054 1167 1467 1217 ornamentum
1519 1163 1686 1219 affert
1715 1161 1913 1234 capiti,
1936 1167 1993 1219 et

336 1247 514 1305 simul
547 1247 674 1303 loco
705 1253 796 1304 est
827 1265 1128 1305 armorum
1170 1251 1240 1305 ad
1283 1249 1711 1322 propulsandae
1743 1252 1992 1322 injurias

335 1337 704 1392 idoneorum.
723 1338 832 1392 Sed
858 1339 1079 1393 siccum
1107 1344 1196 1395 est
1221 1343 1276 1395 et
1304 1356 1640 1397 exsuccum.
1668 1340 1830 1396 Unde
1862 1342 1992 1397 ani-

335 1425 584 1482 malium
616 1426 1055 1500 cornigerorum
1095 1428 1272 1484 catuli
1321 1447 1434 1485 non
1469 1431 1538 1485 ad
1575 1431 1778 1487 matris
1810 1447 1991 1486 cornu

335 1515 629 1582 feruntur,
655 1517 754 1570 sed
789 1517 1020 1572 nemine
1042 1518 1284 1574 docente
1315 1536 1634 1576 mammam
1663 1521 1988 1592 requirunt,

335 1603 532 1661 locum
569 1604 832 1660 videlicet
865 1605 1178 1662 humidum
1213 1624 1277 1662 ac
1307 1608 1609 1680 pinguem.
1634 1609 1778 1665 Cum
1811 1609 1994 1682 igitur

2101 623 2451 702 καρποφόρον
2505 627 2679 678 πᾶσαν
2738 620 3007 694 ἀληθινήν
3045 666 3058 680 .
3144 625 3269 686 Πῶς
3339 619 3607 697 ἐστράφης
3679 620 3757 676 είς

2099 712 2340 788 πικρίαν,
2400 715 2435 782 ἡ
2497 709 2744 785 ἂμπελος
2801 713 2836 781 ἡ
2898 709 3170 788 ἀλλοτρία
3218 731 3231 780 ;
3290 712 3378 768 'Ev
3435 710 3642 786 κίρατι,
3702 708 3755 765 ἰν

2099 801 2255 875 τόπῳ
2286 800 2454 860 πίονι.
2487 799 2617 878 Περί
2664 803 2762 871 τῆς
2817 807 2920 877 γῆς
2976 798 3126 875 λέγει
3175 803 3275 867 τῆς
3326 800 3757 876 κατασχεθείσης

2103 893 2206 949 ὑπὸ
2245 898 2340 949 τοῦ
2371 893 2613 969 Ἰσραὴλ,
2664 894 2780 947 κατ’
2831 889 3158 967 ἐπαγγελίαν
3205 895 3338 947 Θεοῦ
3389 896 3507 953 τοῖς
3554 910 3758 965 πατρα-

2103 1004 2184 1038 σιν
2219 983 2394 1038 αὐτῶν
2439 980 2735 1057 διδομένης
2783 983 2918 1055 (53).
2946 982 3036 1038 Ἐν
3087 981 3294 1058 κέρατι,
3346 980 3397 1036 ἄν
3451 980 3602 1052 τόπῳ
3631 977 3759 1035 πίο-

2100 1094 2173 1129 νι.
2209 1071 2366 1148 Μάγα
2414 1071 2685 1149 ἆγκώμιον
2736 1071 2788 1126 ὲν
2834 1073 3051 1147 βραχεῖ.
3085 1071 3156 1126 Τὸ
3206 1072 3365 1147 κέρας
3417 1067 3757 1144 ὑψηλότερόν

2101 1161 2212 1218 ἐστι
2242 1166 2339 1217 τοῦ
2369 1162 2570 1224 παντὸς
2604 1162 2856 1235 σώματος
2910 1161 2996 1215 καὶ
3057 1155 3428 1236 στερρότερον,
3479 1159 3620 1232 ὁμοῦ
3664 1157 3757 1232 μὶν

2100 1253 2306 1325 κόσμον
2350 1251 2594 1328 παρέχον
2640 1253 2708 1325 τῇ
2755 1247 2972 1328 κεφαλῇ
3019 1249 3161 1323 ὁμοῦ
3206 1246 3263 1304 δὲ
3315 1247 3405 1303 καὶ
3456 1249 3629 1303 ὅπλον
3661 1247 3761 1303 ὑπ-

2100 1341 2273 1417 άρχον
2323 1340 2709 1417 ἀμυντήριον.
2743 1338 2924 1396 Ἀλλὰ
2971 1338 3132 1414 ξηρόν
3192 1337 3304 1393 ἐστι
3357 1337 3450 1393 καὶ
3509 1335 3755 1411 ἅνικμον.

2102 1432 2200 1488 Διὰ
2244 1435 2413 1486 τοῦτο
2461 1430 2552 1484 καὶ
2606 1430 2672 1484 τὰ
2719 1430 3030 1506 γεννώμενα
3091 1429 3193 1483 ὑπὸ
3246 1432 3356 1483 τῶν
3409 1426 3757 1505 κερασφόρων

2104 1523 2276 1591 ζώων,
2311 1519 2410 1575 οὐκ
2439 1519 2526 1574 ἐπὶ
2556 1519 2618 1574 τὸ
2659 1518 2818 1595 κέρας
2867 1519 3014 1594 ὁρμᾷ
3057 1524 3157 1587 τῆς
3217 1516 3448 1591 μητρὸς,
3482 1513 3626 1571 ἀλλὰ
3652 1517 3752 1584 τὴν

2101 1609 2278 1680 θηλὴν
2311 1606 2616 1670 ἀδιδάκτως
2668 1607 2934 1678 ἐπιζητεῖ,
2985 1606 3075 1661 τὸν
3119 1605 3280 1681 ὑγρὸν
3309 1603 3475 1658 τόπον
3508 1603 3596 1658 καὶ
3629 1603 3753 1657 πίο-

335 1693 637 1765 Scriptura
664 1694 864 1749 doceat
890 1694 1227 1750 Judsaorum
1260 1697 1554 1769 regionem
1580 1699 1649 1754 ad
1675 1702 1992 1771 utrumque

2108 1720 2180 1756 να.
2214 1702 2432 1760 Δεικνῦς
2463 1695 2554 1752 οῦν
2588 1698 2615 1751 ὁ
2666 1694 2853 1773 λόγος,
2900 1695 2982 1750 ὅτι
3013 1698 3048 1765 ἡ
3102 1695 3263 1770 χώρα
3311 1697 3416 1748 τῶν
3469 1688 3756 1749 Ἰουδαίων

337 1784 612 1840 idoneam
644 1799 774 1839 esse
805 1801 871 1839 ac
901 1784 1318 1854 sufﬁcientem,
1350 1792 1474 1840 tum
1505 1787 1576 1842 ad
1613 1790 1862 1843 tuendos
1893 1804 1990 1844 eos

2108 1789 2235 1865 πρὸς
2265 1787 2545 1866 ἀμφότερά
2574 1787 2714 1842 ἐστιν
2762 1786 3056 1862 αὐτάρκης,
3101 1783 3191 1839 καὶ
3235 1780 3482 1859 φυλακὴν
3515 1784 3616 1851 τὴν
3649 1781 3756 1836 ἀπὸ

335 1872 410 1930 ab
429 1872 857 1939 hostibus,tum
879 1873 950 1928 ad
969 1873 1190 1930 incolas
1208 1875 1792 1948 alendos,utrumque
1809 1876 1989 1932 simul

2108 1882 2204 1933 τῶν
2237 1877 2545 1950 πολεμίων,
2593 1875 2682 1932 καὶ
2733 1873 3017 1952 διαθρέψαι
3065 1872 3192 1935 τοὺς
3241 1871 3599 1978 ἐνοικοῦντας,
3630 1869 3754 1978 Ιδιμ-

330 1961 549 2034 junxit,
578 1965 643 2016 In
674 1978 866 2029 cornu,
901 1964 964 2018 in
994 1963 1147 2020 478
1178 1964 1292 2020 loco
1322 1965 1544 2036 pingui,
1567 1965 1676 2020 hoc
1707 1970 1818 2034 est,
1839 1971 1898 2022 et
1928 1966 1986 2022 in

2108 1967 2298 2046 φότερα
2381 1969 2637 2041 συνῆψαν,
2725 1966 2812 2022 Ἐν
2899 1964 3122 2038 κιρατι,
3207 1962 3259 2018 ὲν
3341 1961 3497 2034 τόπῳ
3580 1958 3751 2015 πίονιο

339 2056 492 2106 terra
523 2049 732 2117 solida,
755 2054 813 2107 et
840 2052 896 2107 in
932 2069 1048 2124 qua
1077 2052 1400 2126 plurimum
1431 2058 1522 2110 est
1551 2054 1837 2110 alimenti.
1859 2056 1986 2111 Jam

2108 2057 2388 2126 τουτέστιν,
2438 2055 2491 2112 ἐν
2551 2058 2663 2130 (54)
2694 2052 2890 2131 στεῤῥᾷ
2920 2055 3010 2109 καὶ
3062 2051 3330 2130 τροφίμῃ.
3360 2055 3660 2107 ’Ἂπτονται
3695 2046 3754 2104 δὲ

336 2154 470 2196 vero
496 2144 636 2196 sunt
657 2140 757 2213 qui
781 2141 921 2196 dum
946 2142 1298 2198 sententiam
1321 2141 1474 2199 hanc
1503 2143 1987 2216 interpretantur,

2108 2143 2205 2217 Ρςδῃ
2236 2147 2379 2208 τινὲς
2428 2143 2520 2201 καῖ
2575 2143 2874 2222 βαθυτὲρου
2924 2140 3093 2220 λόγου
3141 2140 3194 2198 ἐν
3250 2145 3320 2217 τῇ
3371 2140 3623 2217 ἐξηγήσει
3652 2142 3751 2195 τοῦ

334 2227 630 2301 attingant
674 2228 1121 2301 intelligentiam
1174 2233 1642 2289 reconditiorem.
1693 2233 1985 2289 Nimirum

2108 2235 2266 2308 Ξητοῦ
2307 2235 2526 2292 τούτου.
2571 2238 2695 2294 ’Ότι
2751 2232 2933 2310 ὥσπερ
2983 2235 3018 2304 ἡ
3065 2230 3280 2311 κεφαλὴ
3329 2235 3438 2287 τῶν
3485 2223 3749 2308 κερασφό-

334 2316 489 2374 sicut
510 2323 892 2374 cornutorum
917 2320 1264 2376 animalium
1289 2326 1464 2393 caput
1486 2322 1541 2377 in
1569 2321 1832 2394 ipsorum
1855 2327 1984 2378 ortu

2108 2346 2203 2381 >ων
2241 2325 2394 2394 ζώων
2426 2325 2618 2400 πρώτη
2670 2324 2973 2396 προκύπτει
3023 2321 3158 2378 κατὰ
3183 2323 3283 2390 τὴν
3314 2321 3561 2398 γιννησιν

335 2406 594 2480 primum
619 2408 896 2480 erumpit,
920 2407 1194 2464 ultimum
1221 2413 1422 2467 tamen
1445 2409 1786 2480 absolvitur,
1810 2415 1986 2484 atque

2108 2415 2379 2473 τελευταία
2409 2412 2466 2471 δὲ
2495 2414 2828 2492 πληροῦται,
2851 2415 2943 2470 καὶ
2971 2412 3069 2489 ὄψι
3097 2434 3229 2468 ποτε
3255 2412 3349 2468 τὸν
3385 2408 3520 2466 ἴδιον
3538 2408 3743 2481 κόσμον

334 2499 461 2553 tum
494 2497 734 2552 demum
767 2499 1179 2554 enascentibus
1211 2500 1488 2556 cornibus
1519 2517 1647 2557 sero
1681 2518 1986 2557 ornamen-

2108 2501 2474 2580 ὶπολαμϐάνει
2521 2507 2659 2562 κατὰ
2712 2506 2813 2576 τὴν
2862 2501 3083 2582 ἔκφυσιν
3129 2507 3236 2561 τῶν
3283 2504 3545 2578 κεράτωνο
3603 2498 3745 2553 οὕτω

334 2588 461 2640 tum
490 2601 664 2642 suum
691 2586 916 2658 recipit,
944 2587 1023 2641 ita
1047 2593 1105 2642 et
1136 2589 1310 2644 Israel
1338 2591 1436 2661 qui
1462 2591 1690 2662 primus
1719 2590 1982 2663 gentium

2108 2597 2238 2652 ιαὶὸ
2271 2594 2492 2672 Ἰσραὴλ
2536 2600 2757 2672 πρῶτος
2804 2596 3018 2650 πάντων
3061 2598 3170 2650 τῶν
3216 2592 3380 2649 ἐθνῶν
3415 2591 3490 2654 εἰς
3536 2587 3746 2644 οἷκείω-

337 2674 605 2730 omnium
637 2675 705 2730 ad
731 2674 831 2731 Dei
863 2676 1086 2732 accitus
1115 2682 1204 2733 est
1226 2679 1679 2736 familiaritatem
1713 2697 1779 2736 ac
1811 2682 1983 2736 bene-

2108 2709 2174 2742 ιιν
2236 2690 2370 2743 Θεοῦ
2427 2685 2656 2757 κληθεὶς
2714 2685 2997 2762 (Ἐγενήθη
3057 2685 3180 2761 γὰρ,
3233 2683 3389 2758 φησὶ,
3449 2679 3580 2742 λαὸς
3640 2684 3744 2733 Ku-

337 2761 650 2818 volentiam
676 2763 894 2833 (Factus
923 2773 1005 2820 est
1033 2765 1213 2834 enim,
1238 2767 1452 2839 inquit,
1477 2770 1713 2841 populus
1743 2772 1984 2842 Domini,

2108 2775 2240 2845 aloe,
2305 2774 2456 2851 μερὶς
2532 2775 2745 2842 αὐτοῦ,
2804 2761 3102 2850 σχοίνισμα
3155 2769 3531 2845 κληρονομίας
3581 2767 3746 2822 αὐτοῦ

333 2867 466 2923 pars
495 2851 636 2923 ejus,
658 2854 940 2924 funiculus
989 2854 1332 2912 haarcditatis
1376 2858 1494 2929 ejus
1542 2860 1712 2914 Israel
1735 2860 1822 2931 1“¹),
1856 2863 1990 2933 post

2108 2863 2363 2942 Ἰσραὴλ),
2400 2863 2535 2938 μετὰ
2576 2865 2778 2926 πάντας
2826 2860 3019 2936 μίλλιι
3065 2863 3163 2928 τῆς
3208 2858 3542 2918 τελειώσεως
3573 2855 3748 2942 ἀξιοῦ·

340 2956 547 2997 omnes
605 2942 1017 3013 perfectionem
1075 2962 1245 3001 suam
1294 2950 1991 3022 consummationemque

2108 2940 2242 3020 σθαι.
2290 2956 2454 3012 ⁹Όταν
2486 2953 2588 3031 γὰρ
2618 2955 2681 3009 τὸ
2710 2951 2993 3025 πλήρωμα
3021 2948 3127 3002 τῶν
3162 2945 3327 3002 ἐθνῶν
3361 2943 3598 3018 εἷ’σὲλθῃ,
3625 2940 3748 2998 τότε

339 3033 432 3086 est
463 3036 910 3089 consecuturus.
941 3037 1088 3089 Nam
1123 3035 1222 3090 ubi
1273 3036 1575 3108 plenitudo
1605 3039 1868 3111 gentium
1903 3039 1991 3094 in-

2108 3050 2202 3108 πᾶς
2228 3044 2452 3120 Ἰσραὴλ
2496 3045 2818 3115 σωθήσεται.

338 3120 587 3189 troierit,
621 3125 760 3178 tunc
791 3122 984 3180 omnis
1017 3125 1193 3182 Israel
1224 3125 1417 3183 salvus
1449 3127 1543 3184 fiet
1571 3128 1634 3183 ³⁸.

411 3211 537 3300 illi.
580 3211 882 3282 Ejusmodi
933 3219 1131 3270 autem
1182 3215 1340 3272 fama
1395 3216 1670 3289 obtinuit,
1703 3235 1834 3291 quas
1891 3236 1994 3292 per

2181 3225 2302 3282 141.
2330 3221 2504 3300 Λόγος
2535 3219 2592 3276 δέ
2615 3218 2695 3282 τίς
2745 3215 2856 3273 ἐστι
2904 3215 2994 3272 καὶ
3041 3210 3257 3272 τοιόσδε
3293 3211 3430 3270 κατὰ
3455 3213 3554 3281 τὴν
3587 3209 3753 3288 ἄγρα-

339 3299 718 3358 traditionem
748 3318 864 3358 non
895 3303 1177 3376 scriptam
1208 3305 1268 3360 in
1299 3305 1556 3363 Ecclesia
1587 3312 1870 3380 servatur,
1905 3311 1990 3366 ni-

2108 3335 2205 3393 φον
2238 3287 2461 3388 μνήμην
2504 3312 2618 3386 (56)
2665 3307 2716 3362 ἓν
2748 3311 2818 3382 τῇ
2867 3303 3168 3393 Ἐκκλησία
3211 3302 3642 3393 διασωζὸμενοςῖ
3662 3301 3754 3393 ⁸ὡς

341 3388 561 3446 mirum
591 3390 855 3447 Judaeum
905 3393 1164 3464 primum
1213 3394 1604 3452 habitatorem
1652 3399 1836 3454 Adam
1892 3400 1991 3456 ha-

342 3477 562 3572 buisse,
596 3479 696 3551 qui
728 3485 1042 3552 postquam
1075 3499 1104 3538 e
1135 3484 1407 3554 paradiso
1443 3487 1662 3558 ejectus
1694 3488 1904 3544 fuisset
1932 3489 1993 3545 in

341 3567 408 3623 e'a
438 3567 639 3623 sedem
674 3570 953 3641 posuit",
987 3571 1274 3628 bonorum
1307 3591 1510 3632 eorum
1542 3577 1755 3648 quibus
1783 3583 1994 3635 exutus

343 3656 534 3713 fuerat
567 3657 863 3729 jacturam
911 3660 1307 3732 mitigaturus.
1332 3664 1533 3737 Itaque
1563 3667 1787 3740 excepit
1816 3668 1993 3725 etiam

341 3745 534 3817 prima
565 3752 864 3804 mortuum
911 3748 1233 3824 hominem,
1267 3769 1402 3809 cum
1433 3755 1617 3811 Adam
1650 3756 1728 3812 ibi
1763 3757 1993 3814 mulcts

345 3834 715 3891 satisfecerit.
745 3838 1136 3900 Quamobrem
1168 3858 1233 3897 os
1263 3843 1472 3914 capitis
1504 3845 1792 3903 nudatum
1823 3863 1997 3904 carne

347 3939 478 3994 qua:
509 3924 850 3996 deﬂuxerat,
883 3925 1042 3984 illius
1086 3930 1272 3987 aetatis
1310 3932 1652 3992 hominibus
1681 3953 1897 3993 novum
1930 3954 1998 3994 ac

345 4011 609 4068 insolens
656 4016 1057 4086 spectaculum
1111 4035 1240 4075 esse
1288 4021 1614 4080 videbatur.
1650 4027 1718 4081 Et
1767 4027 1904 4099 quia
1936 4028 1995 4083 in

347 4101 458 4157 hoc
487 4099 612 4158 loco
640 4103 962 4175 deposuere
1001 4106 1340 4178 calvariam,
1367 4111 1637 4170 Calvariae
1666 4115 1860 4173 locum
1893 4133 1998 4189 ap-

348 4189 1008 4262 pellarunt.Verisimile
1029 4203 1223 4253 autem
1257 4204 1344 4256 est
1373 4201 1490 4257 Noe
1521 4204 1857 4277 sepulcrum
1890 4208 1996 4263 du-

349 4279 433 4335 cis
491 4281 826 4338 mortalium
862 4285 1127 4342 omnium
1187 4287 1343 4345 haud
1401 4291 1724 4364 ignorasse,
1759 4296 1901 4354 adeo
1934 4299 2000 4354 ut

349 4372 484 4458 post
513 4368 802 4427 diluvium
856 4390 1059 4430 rumor
1104 4376 1217 4432 iste
1246 4378 1318 4434 ab
1349 4381 1475 4452 ipso
1514 4382 1850 4458 divulgatus
1900 4386 1997 4443 sit.

350 4456 491 4512 Eam
514 4459 588 4514 ob
613 4475 850 4515 causam
877 4462 1160 4522 Dominus
1183 4469 1386 4525 mortis
1406 4456 1999 4547 humanas—primitias

351 4551 778 4621 perscrutatus,
811 4551 868 4606 in
928 4559 1248 4612 memorato
1288 4557 1560 4617 Calvariw
1618 4562 1742 4620 loco
1798 4581 1998 4622 necem

2103 3388 2206 3482 ἆρα
2256 3406 2473 3479 πρῶτον
2522 3401 2558 3470 ἡ
2611 3394 2851 3456 Ἰουδαία
2894 3391 3048 3472 ἔσχεν
3079 3394 3362 3482 ,οξκήτορα
3407 3393 3498 3482 τὸν
3552 3388 3752 3482 ’Δδὰμ,

2107 3478 2243 3568 μετὰ
2289 3478 2350 3546 τὸ
2401 3484 2736 3560 ἐκϐληθῆναι
2778 3487 2874 3540 τοῦ
2925 3479 3251 3559 παραδείσου
3300 3481 3352 3535 ἐν
3397 3478 3567 3554 ταύτῃ
3623 3479 3754 3568 καθ-

2107 3565 2404 3659 ιδρυθὲντα,
2452 3577 2528 3641 εἰς
2568 3572 2910 3649 παραμυθίαν
2953 3573 3029 3627 ὦν
3077 3571 3362 3647 ἐστερήθη.
3391 3569 3612 3659 ⁸Πρώτη
3659 3565 3750 3622 οῦν

2103 3655 2194 3727 καὶ
2222 3669 2407 3744 νεκρὸν
2445 3663 2657 3738 ἐδέξατο
2707 3661 3012 3738 ἄνθρωπον,
3054 3659 3164 3716 ἐκεῖ
3190 3663 3291 3716 τοῦ
3322 3655 3501 3733 Ἀδὰμ
3528 3658 3627 3728 τὴν
3658 3677 3752 3711 κα-

2102 3757 2327 3829 ταδίκην
2377 3756 2797 3832 πληρώσαντος.
2850 3749 3042 3807 Καινὸν
3089 3748 3180 3806 οὖν
3237 3747 3409 3805 ιδόκει
3458 3747 3594 3802 εἶναι
3635 3750 3754 3807 τοῖς

2104 3849 2228 3906 τότε
2259 3845 2453 3921 θέαμα,
2507 3845 2691 3900 ὁστέον
2738 3841 3006 3920 κεφαλῆς,
3055 3846 3154 3910 τῆς
3199 3839 3397 3916 σαρκὸς
3448 3834 3756 3913 περιρρυεί-

2109 3961 2230 4009 σ-ης,
2273 3937 2363 3992 καὶ
2411 3933 2739 4007 ἀποθέμενοι
2785 3931 2849 3986 τὸ
2879 3930 3100 4006 κρανίον
3130 3927 3182 3984 ἐν
3212 3932 3292 4001 τῷ
3321 3928 3504 4000 τόπῳ,
3536 3923 3758 4002 κρανίου

2107 4029 2275 4084 τόπον
2309 4024 2622 4098 ὠνόμασαν.
2655 4021 2814 4084 Εἰκὸς
2843 4021 2902 4076 ve
2937 4017 3079 4094 μηδὶ
3106 4021 3204 4073 τοῦ
3235 4021 3357 4074 Νῶε
3378 4019 3475 4071 τοῦ
3507 4015 3760 4091 ἀρχηγοῦ

2109 4117 2325 4174 πάντων
2355 4115 2654 4190 ἀνθρώπων
2705 4111 2967 4186 ἀγνοῆσαι
3016 4110 3106 4164 τὸν
3155 4109 3347 4186 τάφτν,
3377 4106 3451 4169 ὡς
3486 4107 3621 4180 μετὰ
3667 4102 3760 4159 τὸν

2111 4204 2493 4278 κατακλυσμὸν
2529 4203 2619 4258 ἀπ’
2663 4201 2829 4257 αὐτοῦ
2878 4197 3197 4269 διαδοθῆναι
3237 4197 3339 4264 τὴν
3390 4195 3603 4273 φήμην.
3638 4190 3763 4249 Διό-

2113 4315 2212 4371 περ
2241 4295 2268 4350 ὁ
2297 4292 2496 4371 Κύριος
2543 4293 2640 4356 τὰς
2688 4288 2862 4366 ἀρχὰς
2905 4291 3002 4344 τοῦ
3051 4283 3389 4364 ἀνθρωπείου
3437 4286 3551 4358 (57)
3600 4279 3762 4337 θανά-

2111 4406 2209 4442 του
2259 4382 2569 4460 ἐρευνήσας,
2618 4380 2694 4444 είς
2741 4380 2833 4435 τὸν
2883 4376 3181 4455 λεγόμενον
3231 4375 3458 4452 κρανίου
3505 4373 3671 4428 τόπον
3698 4372 3761 4428 τὸ

2111 4473 2284 4534 πάθος
2314 4469 2548 4543 ἐδέξατο,
2574 4469 2669 4526 ἵνα
2696 4469 2747 4525 ἂν
2782 4469 2829 4542 ᾧ
2857 4467 3012 4541 τόπῳ
3043 4469 3079 4536 ἡ
3104 4466 3280 4544 φθορὰ
3301 4467 3409 4519 τῶν
3457 4462 3756 4539 ἀνθρώπων

2111 4565 2209 4632 τὴν
2241 4562 2422 4638 ἀρχὴν
2452 4555 2670 4633 ἓλαϐιν,
2701 4557 2898 4616 ἐκεῖθεν
2947 4559 2983 4627 ἠ
3018 4557 3132 4628 ζωὴ
3185 4561 3286 4624 τῆς
3337 4551 3616 4629 βασιλείας
3657 4551 3756 4626 ἄρ-

349 4635 594 4732 pertulit
620 4638 686 4710 ²⁰,
713 4643 774 4732 ut
804 4657 919 4732 quo
952 4643 1009 4697 in
1042 4642 1167 4701 loco
1208 4645 1516 4706 hominum
1566 4652 1837 4710 interitus
1883 4655 1994 4710 ini-

2113 4635 2432 4724 ξηταιλνκαὶ
2485 4648 2665 4726 ὥσπερ
2714 4647 2932 4726 ἴσχυσεν
2979 4645 3030 4702 ἐν
3081 4648 3162 4718 τῷ
3211 4640 3390 4717 Ἀδὰμ
3433 4643 3460 4697 ὁ
3509 4639 3756 4732 θάνατος,

351 4724 502 4781 tium
536 4728 782 4800 accepit,
817 4730 951 4786 inde
1001 4734 1165 4805 regni
1192 4736 1310 4793 vita
1347 4740 1633 4812 originem
1682 4760 1850 4800 suam
1878 4746 2003 4799 tra-

347 4814 536 4883 heret,
567 4821 623 4872 et
669 4821 1169 4889 quemadmodum
1220 4842 1382 4886 mors
1429 4829 1678 4888 invaluit
1706 4832 1766 4889 in
1796 4833 2002 4902 Adam,

2114 4741 2286 4806 οὕτως
2319 4740 2589 4817 ἀσθενήσῃ
2777 4737 2828 4794 ἐν
2860 4740 2940 4810 τῷ
2979 4733 3191 4809 θανάτῳ
3218 4734 3475 4809 Χριστοῦ.
3510 4731 3610 4787 Διὰ
3635 4728 3761 4785 τοῦ·

2111 4853 2176 4887 το
2205 4830 2295 4886 καὶ
2329 4832 2415 4889 Ἐν
2461 4831 2671 4906 κέρατι,
2726 4829 2801 4892 ὡς
2847 4829 2985 4883 κατὰ
3030 4828 3126 4880 τοῦ
3175 4822 3376 4900 ἐχθροῦ
3427 4821 3761 4896 ἀμυντήριον

349 4903 434 4962 ita
467 4903 526 4961 in
557 4905 771 4965 Christi
816 4913 1002 4967 morte
1046 4911 1446 4976 inﬁrmaretur
1465 4920 1533 4976 9’.
1557 4921 1921 4995 Quapropter
1949 4926 1994 4979 et

2115 4918 2298 5000 ἔχοντι
2324 4921 2412 4977 τὸν
2442 4903 2668 4995 σταυρὸν
2694 4921 2792 4975 τοῦ
2838 4918 3096 4988 Χριστοῦ’
3131 4913 3244 4985 καὶ,
3288 4910 3465 4983 Πίονι,
3497 4909 3573 4974 ὡς
3631 4906 3768 4984 μετᾶ

422 5030 467 5120 ξ’
481 5031 708 5120 gerem.
743 5052 822 5120 ιι,
835 5037 925 5097 21.
1004 5039 1049 5076 ¹⁶
1077 5039 1221 5099 Gen.
1251 5059 1351 5113 xu,
1383 5048 1440 5103 7.
1519 5049 1562 5086 ‘7
1592 5053 1753 5106 Deut.
1778 5052 1994 5119 xum!

2113 5051 2157 5091 ³⁸
2186 5051 2356 5108 Rom.
2378 5067 2458 5120 xx,
2480 5050 2570 5106 25.
2649 5048 2694 5085 ¹⁹
2722 5047 2866 5104 Gen.
2891 5059 2978 5114 ιιι,
3002 5042 3094 5099 23.
3173 5040 3219 5078 ⁸ο
3247 5039 3453 5098 Matth.
3476 5053 3654 5109 nvu,
3677 5036 3769 5093 33.

347 5099 390 5138 ³³
421 5102 448 5160 Ι
478 5106 605 5161 Cor.
639 5123 726 5176 xv,
752 5099 842 5164 22.

567 5233 801 5315 Antiqui
833 5236 950 5291 duo
980 5236 1135 5315 libri,
1170 5236 1481 5315 διδομένης.

419 5301 534 5384 (5.4)
565 5303 657 5359 Sic
697 5301 841 5384 flag.
877 5301 1190 5384 secundus
1239 5301 1372 5370 cum
1415 5301 1582 5373 'Colb.
1623 5321 1902 5377 secundo.
1937 5321 2001 5378 In

349 5372 525 5458 editis
559 5391 660 5458 pro
695 5373 746 5430 ἐν
779 5372 993 5458 legit-ur
1023 5383 1130 5440 καί.
1168 5385 1297 5442 Mox
1327 5372 1875 5448 Combelisiicodei
1891 5372 2001 5448 ἀὶιῖ

348 5445 394 5499 ti
440 5445 570 5500 uior
601 5445 865 5503 ἅπτονταῖ
890 5447 1021 5520 ἤδη,
1700 5445 1742 5446 ίί
1771 5445 1868 5448 “ﬁ
1903 5445 1972 5448 π-

397 5459 538 5586 ῆῦὅ)
571 5517 656 5572 Ita
701 5536 770 5576 ex
818 5525 1076 5586 quinque
1128 5543 1272 5585 mss.
1328 5532 1790 5586 emendavimus.
1824 5534 1973 5586 Editi

396 5519 545 5604 ,(55),
571 5519 656 5572 Ita
701 5536 770 5576 ex
818 5519 1076 5596 quinque
1128 5543 1272 5585 mss.
1328 5532 1790 5589 emendavimus.
1824 5534 1998 5605 Editi,

352 5605 450 5652 την
482 5605 706 5652 γενεσιν.

423 5606 801 5753 ζξξῖνῧὲἶότοε
855 5665 1113 5753 quinque
1160 5668 1316 5753 libri,
1369 5674 1618 5753 μνήμην,
1661 5675 1816 5732 Editi
1862 5694 1998 5753 vero

350 5737 600 5807 γνώμην.
629 5737 839 5794 Statim
891 5737 1055 5813 Regii
1104 5737 1333 5813 primus
1361 5737 1420 5804 ἐι
1448 5737 1693 5820 quartus
1735 5753 1794 5807 et
1831 5751 1998 5824 editi,

2113 5248 2187 5308 ὡς
2245 5243 2348 5323 ἄρα
2393 5265 2585 5323 πρῳτη
2645 5246 2681 5314 ὴ
2745 5237 2982 5323 Ἰουδαία
3047 5232 3556 5323 ανθρώπονηξσχεν
3617 5231 3772 5305 οἰκή-

2109 5309 2408 5393 ropa,'eto.
2439 5309 2513 5375 'A't
2541 5309 2680 5389 Reg:
2709 5315 3008 5393 secundus
3038 5317 3096 5393 et
3123 5309 3284 5393 (loli).
3316 5309 3519 5393 itidem
3553 5324 3768 5393 sequu-

2112 5380 2223 5448 dus
2255 5380 2339 5447 uti
2367 5393 2426 5446 in
2457 5380 2752 5462 conteitu,
2778 5387 3020 5444 rectius.
3054 5381 3287 5441 Fabulaa
3317 5387 3374 5438 et
3405 5397 3595 5455 nugae.
3621 5380 3771 5436 Vide

2110 5465 2547 5536 Hieronymum.

2182 5536 2295 5608 (57)
2327 5521 2573 5607 "Antiqui
2623 5533 2738 5588 duo
2770 5529 2906 5588 libri
2937 5524 3125 5601 διόπερ
3156 5523 3248 5582 καὶ
3280 5525 3377 5582 6...
3407 5527 3505 5579 τοῦ
3553 5521 3766 5597 ἀνθρω-

2107 5606 2290 5663 πίνου.

2180 5679 2292 5753 (58)
2322 5677 2562 5735 Veteres
2588 5673 2748 5745 libri,
2780 5670 3080 5743 ἀσθενήσει.
3111 5669 3288 5743 Editi,
3319 5666 3610 5742 ἀσθενήσῃ.
