4138 6406
337 389 457 452 349

1162 388 1565 452 COMMENT.
1613 388 1696 449 IN
1738 387 2016 450 ISAIAM
2111 388 2564 452 ROPHETAM.
2610 391 2779 453 CAP.
2827 392 2900 455 V.

3639 390 3760 455 350

337 504 433 580 τδν
456 516 785 598 παράδεισον
823 523 930 576 τῶν
988 519 1127 576 κατᾶ
1177 523 1356 593 πάσης
1413 526 1513 591 τῆς
1568 521 1657 599 ὑφ’
1686 518 1836 593 ἡλίῳ
1886 523 1993 575 τῶν

2111 522 2171 578 In
2197 539 2389 593 cornu,
2421 523 2600 581 veluti
2632 541 2799 581 arma
2831 525 2902 581 ad
2931 526 3046 583 vim
3076 528 3265 586 hostis
3294 529 3752 603 propulsandam

340 611 629 691 πρωτείων
662 611 974 685 ἡξιωμένῳ.

2101 610 2313 669 idonea
2356 613 2626 682 habente,
2660 630 2889 670 crucem
2923 614 3191 673 videlicet
3232 619 3443 676 Christi
3477 636 3490 676 :
3531 621 3589 676 et
3620 622 3754 677 Pin-

338 707 462 776 gui,
492 702 674 758 veluti
702 702 924 774 primas
958 706 1093 774 post
1122 703 1464 774 paradisum
1497 703 1651 759 inter
1678 717 1884 757 omnes
1912 700 2179 771 regiones
2210 718 2338 773 quas
2369 703 2479 758 sub
2510 702 2631 760 sole
2660 707 2820 771 sunt,
2852 704 3170 760 obtinendi.

412 811 556 868 442.
619 806 720 865 Καὶ
807 808 1057 886 φραγμὸν
1138 809 1476 882 περιέθηκα,
1537 805 1627 862 καί
1716 805 2000 883 ἐχαράκω-

341 921 410 956 σα
465 900 603 973 (59),
635 896 727 953 καὶ
787 896 1047 976 ἐφύτευσα
1106 895 1351 972 ἄμπελον
1413 899 1655 973 Σωρήχ·
1709 898 1798 952 καὶ
1859 897 2000 969 ᾠκο-

345 989 562 1063 δόμησα
628 987 832 1061 πύργον
912 986 963 1042 έν
1046 987 1195 1061 μέσῳ
1275 987 1478 1059 αὐτῆς,
1535 988 1625 1042 καὶ
1699 985 1997 1062 προλήνιον

348 1075 524 1155 ὥρυξα
555 1077 607 1133 έν
637 1077 796 1151 αὐτῇ.
830 1077 902 1131 Οὐ
932 1075 1072 1132 πάνυ
1110 1098 1163 1132 τι
1214 1079 1250 1147 ἡ
1305 1074 1600 1132 ἀκολουθία
1653 1084 1753 1147 τῆς
1808 1075 2001 1149 λέξεως

349 1173 421 1245 τῇ
449 1167 598 1247 φύσει
628 1170 736 1222 τῶν
781 1167 1116 1243 πραγμάτων
1160 1164 1367 1223 ἕπεται.
1400 1165 1667 1240 Πρότερον
1727 1166 1828 1241 γάρ
1888 1165 2000 1220 έστι

352 1259 415 1314 τὸ
452 1259 702 1335 φυτεῦσαι
755 1259 852 1310 τοῦ
908 1262 1247 1331 χαρακῶσαι·
1283 1251 1433 1330 εἷ’περ
1494 1256 1546 1309 οἱ
1604 1254 1838 1331 χάρακές
1897 1253 1998 1309 εἰσι

354 1348 577 1423 βοήθεια
627 1349 696 1420 τῇ
756 1342 990 1418 ἀμπέλῳ
1019 1346 1155 1421 πρὸς
1207 1346 1270 1400 τὸ
1322 1344 1536 1419 ἀνέχειν
1589 1344 1695 1399 ἀπὸ
1750 1349 1849 1414 τῆς
1900 1350 2000 1418 γῆς

345 1436 471 1497 τοὺς
518 1433 784 1511 καρπούς.
833 1434 903 1490 Ἢ
973 1436 1187 1508 μήποτε
1239 1435 1266 1489 6
1324 1434 1688 1510 προνοητικὸς
1764 1433 2002 1509 γεωργὸς

345 1524 495 1603 παρὰ
523 1525 625 1593 τὴν
682 1523 908 1599 πρώτην
964 1524 1298 1592 κατασκευὴν
1348 1525 1521 1579 πάντα
1549 1521 1996 1598 προευτρεπίσας,

349 1613 575 1689 ὕστερον
605 1612 829 1689 ἄρχεται
858 1620 959 1683 τῆς
992 1614 1250 1690 φυτείας;
1284 1613 1381 1669 Διὰ
1416 1618 1577 1669 τοῦτο
1630 1616 1851 1690 πρῶτον
1900 1632 1996 1666 πε-

350 1702 658 1782 ριφράσσει,
716 1703 830 1759 εἶτα
885 1708 1143 1779 χαρακοῖ,
1195 1703 1308 1758 εἶτα
1357 1702 1568 1781 φυτεύει
1631 1699 1900 1776 ἄμπελον·
1936 1699 1998 1754 οὗ

345 1795 450 1863 τὴν
480 1797 772 1870 τυχοῦσαν,
806 1791 952 1849 ἀλλὰ
980 1794 1212 1869 Σωρὴχ,
1245 1791 1376 1868 ὅπερ
1412 1791 1722 1867 Σύμμαχος
1746 1789 1997 1861 ἐποίησεν

345 1879 670 1953 Ἐκλεκτήν.
704 1882 799 1944 Τίς
830 1879 921 1936 οῦν
963 1882 992 1937 6
1041 1882 1315 1960 φραγμὸς,
1347 1880 1383 1950 ἢ
1430 1879 1688 1953 δηλονότι
1745 1881 1802 1936 αἱ
1851 1879 2001 1935 ιντο-

348 1969 482 2042 λαί;
516 1971 578 2034 ἃς
635 1971 742 2045 πρὸ
799 1975 897 2027 τοῦ
953 1970 1171 2048 ἀγαγεῖν
1227 1970 1304 2033 εἷς
1351 1972 1451 2041 τὴν
1481 1973 1581 2047 γῆν
1610 1976 1710 2040 τῆς
1739 1970 2000 2044 κατασχέ-

346 2082 482 2125 σεως
516 2063 652 2135 (60),
685 2056 854 2117 ἔδωκε
882 2065 960 2133 τῷ
990 2058 1144 2134 kaq);
1176 2060 1306 2115 Εἶτα
1334 2056 1561 2134 δύναμις
1590 2058 1775 2122 αὐτοῖς
1832 2056 1994 2129 ἐδόθη

344 2151 493 2229 παρὰ
522 2155 677 2222 Θεοῦ,
709 2155 923 2224 κρατεῖν
954 2154 1065 2205 τῶν
1106 2148 1457 2219 ὑπεναντίων,
1492 2149 1581 2205 καὶ
1633 2147 1994 2224 ξξολοθρεύειν

345 2240 413 2297 τὰ
439 2242 905 2318 προενοικήσαντα
935 2237 1084 2311 ἔθνη.
1116 2242 1289 2316 Ὅπερ
1335 2243 1578 2316 χάρακας
1627 2240 1760 2310 εἷπε,
1799 2237 1889 2294 διὰ
1934 2239 1997 2293 τὸ

350 2328 597 2405 ὑψηλοὺς
653 2333 829 2385 ποιεῖν
870 2330 961 2385 καὶ
1012 2336 1350 2409 περιφανεῖς,
1378 2328 1508 2392 τοὺς
1555 2328 1798 2406 καρποὺς
1855 2327 1994 2403 ἐγεί-

349 2439 538 2496 ροντας
571 2418 678 2474 ἀπὸ
707 2423 806 2474 τοῦ
852 2420 1170 2493 πτώματος,
1202 2420 1338 2496 πρὸς
1394 2419 1456 2474 τὸ
1516 2419 1593 2491 μὴ
1647 2419 1822 2488 πάντη
1883 2419 1994 2492 (61)

349 2506 800 2585 εὖεπιχειρήτους
859 2509 1185 2566 εἷναι,Μετᾶ
1241 2512 1468 2578 τοῦτοὴ
1502 2506 1689 2585 φυτεία
1741 2512 1850 2563 τῶν
1908 2506 1995 2561 έκ-

346 2598 552 2655 λεκτῶν
589 2618 602 2630 ⁸
666 2595 757 2654 διὰ
810 2599 873 2653 τὸ
930 2598 990 2653 έκ
1048 2598 1356 2673 σπέρματος
1413 2598 1547 2653 εἶναι
1601 2592 1855 2670 Ἀϐραὰμ
1904 2595 1993 2650 καὶ

338 2688 531 2746 Ἰσαὰκ
580 2688 670 2743 καὶ
736 2681 914 2745 Ιακὼὸ
972 2692 1076 2743 τῶν
1136 2685 1403 2743 ἐκλεκτῶν
1451 2690 1548 2742 τοῦ
1604 2687 1757 2744 Θεοὸ.
1817 2687 1880 2743 Ὀ
1938 2683 1996 2740 δὶ

340 2776 549 2853 πύργος
580 2778 608 2832 6
638 2773 1025 2850 οἰκοδομηθεὶς
1071 2778 1122 2833 έν
1160 2777 1311 2851 μέσῳ
1360 2775 1457 2832 τοῦ
1508 2774 1859 2850 ἀμπελῶνος,
1889 2772 1995 2847 δη-

341 2865 527 2923 λονότι
559 2870 671 2941 (62)
704 2868 732 2923 6
764 2866 889 2929 ναός
917 2868 1057 2922 ἑστιν
1092 2868 1142 2922 ἓν
1180 2867 1317 2942 μέσῃ
1350 2870 1418 2942 τῇ
1450 2864 1684 2939 Ἰουδαίᾳ
1734 2862 1993 2941 καθιδρυ-

341 2956 524 3029 μένος’
578 2954 881 3033 προλήνιον
933 2954 1008 3027 δὲ,
1060 2955 1195 3026 αύτή
1257 2959 1291 3027 ἡ
1351 2957 1642 3031 συναγωγὴ
1696 2960 1802 3010 τῶν
1855 2957 1991 3011 Ἰου-

2183 810 2304 865 142.
2340 810 2515 867 Vsas.
2549 812 2602 865 2.
2657 813 2719 868 Et
2761 828 2943 883 sepem
2994 813 3379 884 circumposui,
3428 820 3480 872 et
3523 816 3751 889 voltavi,

2110 908 2163 955 et
2186 902 2443 973 plantavi
2488 904 2710 957 vineam
2753 901 2948 958 δονεσὴ
2978 919 2998 957 :
3027 907 3079 958 et
3125 903 3419 960 aedivicavi
3464 909 3663 961 turrim
3693 908 3752 963 in

2109 989 2291 1045 medio
2323 992 2461 1061 eius,
2489 1001 2542 1047 et
2567 992 2917 1061 protorcular
2940 994 3064 1064 fodi
3091 994 3151 1047 in
3175 1008 3257 1048 ea.
3281 993 3406 1048 Non
3432 995 3751 1053 admodum

2109 1094 2244 1136 cum
2278 1085 2488 1136 natura
2518 1098 2710 1138 rerum
2744 1082 2994 1137 cohaeret
3023 1080 3322 1137 sententias
3353 1082 3553 1139 series.
3586 1082 3753 1140 Prius

2110 1168 2269 1225 enim
2318 1170 2624 1242 plantatur
2668 1173 2856 1242 vinea,
2889 1187 3066 1243 quam
3114 1169 3363 1226 valletur
3404 1187 3417 1225 :
3459 1170 3752 1242 siquidem

2109 1259 2462 1329 pedamenta
2494 1260 2592 1315 viti
2622 1264 2764 1315 sunt
2792 1259 3029 1331 auxilio,
3052 1260 3123 1315 ad
3149 1260 3373 1316 fructus
3402 1276 3433 1315 e
3462 1264 3617 1315 terra
3646 1260 3756 1316 eri-

2109 1350 2352 1422 gendos.
2373 1350 2690 1421 Caeteroqui
2724 1349 3010 1420 numquid
3042 1347 3295 1422 agricola
3323 1348 3620 1421 providus,
3654 1350 3755 1406 ubi

2109 1439 2309 1495 omnia
2334 1440 2404 1494 ad
2438 1439 2695 1511 primum
2728 1443 3074 1510 apparatum
3102 1438 3409 1494 attinentia
3430 1438 3755 1510 adornavit,

2106 1531 2231 1584 tum
2263 1528 2501 1583 demum
2545 1527 2811 1601 plantare
2841 1526 3215 1600 aggreditur?
3254 1527 3535 1592 Quocirca
3564 1527 3754 1598 primo

2109 1617 2505 1690 circumsepit,
2538 1618 2749 1673 deinde
2799 1616 2995 1687 vallat,
3028 1621 3232 1689 postea
3277 1616 3507 1689 plantat
3532 1617 3756 1674 vineam

2111 1724 2227 1763 non
2261 1707 2752 1779 qualemcunque,
2776 1706 2876 1762 sed
2909 1705 3130 1774 Sorech,
3148 1722 3325 1777 quam
3355 1722 3554 1762 vocem
3584 1706 3756 1780 Sym-

2111 1796 2358 1853 machus
2394 1796 2815 1868 interpretatur
2851 1797 3112 1853 Electum.
3145 1795 3421 1860 Quaanam
3450 1799 3540 1852 est
3575 1796 3757 1870 igitur

2110 1902 2300 1959 sepes,
2325 1884 2441 1942 nisi
2469 1884 2569 1940 illa
2601 1885 2804 1957 utique
2836 1890 3121 1957 praecepta
3149 1901 3276 1957 quae
3307 1891 3440 1941 ante
3470 1885 3631 1941 dedit
3658 1902 3755 1958 pc-

2110 1974 2250 2048 pulo
2272 1975 2342 2042 ’9,
2365 1991 2543 2048 quam
2570 1991 2704 2030 eum
2736 1977 2795 2029 in
2824 1978 3042 2030 terram
3074 1973 3491 2047 possidendam
3518 1973 3757 2032 induce-

2109 2063 2242 2121 ret?
2272 2064 2493 2121 Deinde
2522 2064 2608 2121 eis
2639 2082 2672 2120 a
2710 2070 2822 2120 Deo
2852 2064 3071 2120 tradita
3100 2062 3351 2119 facultas
3380 2067 3493 2131 est,
3514 2079 3629 2134 qua
3657 2080 3755 2121 su-

2109 2160 2380 2226 perarent
2410 2154 2629 2222 hostes,
2662 2171 2728 2209 ac
2765 2157 2987 2226 gentes,
3012 2170 3138 2225 quae
3168 2152 3290 2208 illic
3332 2151 3496 2225 prius
3529 2152 3756 2209 habita-

2106 2248 2337 2314 verant,
2399 2243 2637 2315 penitus
2692 2242 3048 2300 tollerent”.
3099 2242 3263 2308 Quod
3318 2240 3514 2314 ipsum
3574 2240 3758 2298 vallos

2110 2332 2447 2405 appellavit,
2481 2333 2635 2405 quod
2676 2332 2784 2388 hos
2828 2333 2981 2388 419
3033 2328 3316 2387 sublimes
3361 2330 3659 2387 efﬁcerent
3687 2347 3755 2387 ac

2106 2422 2474 2493 conspicuos,
2501 2422 2726 2478 fructus
2755 2421 3014 2478 levantes
3035 2437 3107 2476 ne
3126 2420 3421 2488 caderent,
3446 2423 3503 2476 et
3531 2436 3604 2475 ne
3633 2418 3754 2477 ullo

2106 2512 2280 2568 modo
2310 2512 2381 2567 ad
2430 2512 2686 2582 praedam
2737 2515 2934 2567 essent
2961 2509 3227 2582 expositi.
3258 2509 3591 2565 Secundum
3643 2508 3754 2565 hoc

2105 2599 2374 2672 sequitur
2403 2598 2683 2673 plantatic
2705 2600 3044 2669 electorum,
3075 2605 3276 2671 utpote
3307 2599 3406 2671 qui
3428 2597 3755 2670 prodierint

2103 2706 2172 2746 ex
2201 2690 2424 2746 semine
2447 2689 2768 2761 Abraham,
2793 2689 2954 2745 Isaac
2979 2694 3036 2745 et
3062 2689 3261 2758 Jacob,
3285 2687 3599 2744 electorum
3631 2686 3750 2744 Dei.

2103 2779 2306 2836 Turris
2354 2783 2550 2835 autem
2606 2780 2666 2834 in
2729 2778 2920 2835 medio
2977 2780 3157 2834 vineis
3212 2777 3517 2848 aediﬁcata,
3551 2776 3754 2848 utique

2101 2872 2193 2925 est
2226 2868 2506 2940 templum
2539 2868 2598 2922 in
2632 2868 2826 2923 media
2853 2868 3057 2923 Judaaa
3089 2866 3434 2923 collocatum
3469 2881 3483 2925 ξ
3518 2867 3751 2938 protor-

2101 2957 2264 3013 cular
2291 2974 2426 3013 vero
2458 2957 2585 3027 ipsa
2615 2966 2701 3012 est
2731 2956 3068 3012 Judaeorum
3106 2972 3405 3029 synagoga
3440 2971 3453 3010 :
3488 2955 3751 3028 quando-

338 3041 527 3116 δαίων,
558 3042 699 3100 διότι
730 3042 899 3115 ληνὸς
934 3046 1028 3118 μὲν
1060 3044 1263 3120 κυρίως
1313 3047 1350 3114 ἠ
1398 3049 1496 3099 τοῦ
1553 3048 1687 3099 Θεοῦ
1750 3042 1983 3113 Ἐκκλη-

2111 3046 2343 3116 quidem
2374 3045 2631 3101 torcular
2672 3045 2907 3118 proprie
2957 3045 3175 3101 dicitur
3220 3044 3324 3101 Dei
3373 3042 3652 3112 Ecclesia,
3684 3058 3754 3099 ex

341 3131 449 3199 σία,
482 3133 542 3187 ὲκ
595 3137 696 3199 τῆς
752 3133 1092 3209 πανταχόθεν
1152 3131 1429 3207 συλλογῆς
1473 3130 1889 3205 κεκοσμημένη,
1922 3129 1991 3185 δι’

337 3218 404 3289 ἢν
436 3221 527 3275 καὶ
556 3222 623 3276 τὰ
652 3218 913 3292 ἒπιλήνια
940 3219 1157 3294 ᾅσματα
1199 3224 1312 3296 (63)
1342 3222 1491 3294 παρὰ
1554 3225 1634 3293 τῷ
1690 3227 1744 3275 Ψ
1748 3218 1995 3295 αλμῳδῷ

341 3305 546 3379 ᾅδεταιο
579 3308 887 3387 προληνιον
938 3307 1016 3379 δὶ,
1049 3310 1139 3364 καὶ
1168 3312 1203 3380 ἡ
1237 3310 1662 3387 προπαρασκευὴ
1694 3311 1729 3379 ἡ
1763 3306 1851 3364 διὰ
1897 3312 1995 3364 τοῦ

339 3396 536 3470 νόμου,
588 3399 677 3453 καὶ
736 3397 1144 3474 προμελέτησις
1202 3398 1281 3461 εἷς
1339 3393 1607 3454 εὐσέϐειαν
1645 3418 1657 3431 ·
1717 3397 1807 3453 καὶ
1859 3397 1994 3453 καθὸ

345 3484 439 3559 μὶν
472 3485 550 3548 εἷς
599 3486 824 3557 ἑνότητα
872 3484 1008 3563 ἄγει,
1043 3485 1234 3559 ληνὸς,
1267 3488 1400 3542 καθὸ
1459 3485 1516 3542 δὲ
1570 3486 1993 3562 προπαρασκευὴ

331 3572 712 3651 τελειοτέρων,
770 3571 883 3630 ἔστι
940 3573 1284 3651 προλήνιον.
1332 3580 1561 3649 Ἔμεινα
1612 3578 1710 3630 τοῦ
1766 3581 1994 3646 ποιῆσαι

336 3660 622 3739 σταφυλὴν
652 3709 665 3736 ,
744 3662 971 3734 εποίησε
1056 3661 1114 3718 δὲ
1196 3664 1465 3728 ἀκάνθας.
1526 3661 1860 3728 Ἀκόλουθον
1925 3664 1992 3733 ἦν

323 3751 416 3808 ἒπὶ
471 3756 539 3827 τῇ
615 3750 807 3828 φυτείᾳ
868 3756 938 3827 τῇ
999 3750 1254 3828 ἐκλεκτῇ,
1311 3753 1402 3808 καὶ
1454 3756 1523 3828 τῇ
1581 3751 1870 3827 ἐπιμελείᾳ
1924 3756 1992 3827 τῇ

323 3840 582 3917 τοσαύτῃ,
605 3842 732 3905 τούς
790 3840 1033 3919 καρποὺς
1084 3841 1306 3916 γλυκεῖς
1355 3839 1732 3900 ἀποδίδοσθαι.
1762 3842 1844 3900 Τὰ
1892 3842 1992 3919 γὰρ

330 3930 491 3988 τέκνα
546 3935 644 3986 τοῦ
693 3926 950 4007 Ἀϐραὰμ
998 3931 1066 3987 τὰ
1124 3928 1252 4009 ἔργα
1301 3936 1398 3986 τοῦ
1447 3926 1702 4009 Ἀϐραὰμ
1749 3931 1992 3988 ἀπαιτεῖ-

331 4040 440 4078 ται.
475 4019 633 4078 Ἀλλ’
666 4021 781 4077 ἀντὶ
811 4024 910 4087 τῆς
960 4018 1436 4095 προσδοκηθείσης
1475 4020 1752 4099 σταφυλῆς
1806 4021 1995 4089 ἐποίη-

333 4133 418 4169 σεν
476 4114 755 4179 ἀκάνθας*
815 4113 1119 4181 τουτέστιν,
1179 4112 1299 4169 ἀντὶ
1370 4117 1469 4169 τοῦ
1544 4113 1844 4190 εὐφραίνειν
1902 4111 1991 4168 καὶ

334 4203 650 4277 ἀναπαύειν,
703 4200 930 4278 ἕτοιμος
1198 4204 1334 4278 πρὸς
1386 4202 1450 4258 τὸ
1504 4207 1840 4259 καταηντεῖν
1902 4203 1991 4258 καὶ

330 4292 666 4364 καταξαίνειν
718 4292 809 4348 καὶ
862 4292 1147 4367 αἱμάσσειν
1205 4292 1334 4356 τοὺς
1382 4279 1810 4364 πλησιάζοντας.
1856 4291 1993 4350 Τίνα

331 4382 433 4460 γὰρ
460 4386 571 4438 τῶν
600 4385 901 4459 προφητῶν
954 4381 1057 4438 οὐκ
1084 4381 1419 4453 ἀπέκτειναν,
1451 4382 1586 4438 κατὰ
1640 4382 1740 4451 τὴν
1800 4382 1853 4438 έν
1910 4385 1992 4456 τῷ

332 4431 670 4549 suis;
685 4431 1061 4548 '.:.;;,.3s;g;';
1087 4431 1388 4547 BHE-5J5
1406 4431 1708 4545 3.75.4;
1724 4431 1876 4527 '...;'.
1921 4431 1992 4528 Σὲ
2025 4431 2070 4497 D

336 4562 562 4640 φονικὸν
621 4561 852 4624 ἀκάνθας
908 4560 1269 4637 έγκαλοῦνται
1324 4562 1701 4633 πεποιηκέναι,
1731 4558 1860 4618 ἀλλ’
1908 4560 1990 4617 ότι

331 4650 725 4714 καταΛιπόντες
750 4651 814 4706 τὸ
846 4651 980 4706 εἶναι
1012 4650 1283 4728 φιλόθεοι,
1316 4647 1610 4730 φιλήδονοι
1644 4648 1860 4723 μᾶλλον
1899 4673 1994 4728 γε-

334 4738 550 4817 γόνασι,
575 4740 665 4796 καὶ
693 4744 815 4806 ταῖς
844 4739 1136 4816 μερίμναις
1176 4744 1275 4797 τοῦ
1330 4739 1453 4817 βίου
1514 4737 1681 4796 οἱονεὶ
1736 4739 1993 4806 ἀκάνθαις

400 4915 448 4952 ¹¹
475 4916 656 4973 Exod.
687 4932 793 4989 xx,
820 4932 984 4989 seqq.
1062 4915 1110 4952 ³⁸
1135 4916 1313 4975 Num.
1343 4932 1461 4989 ui,
1491 4916 1584 4974 23.
1680 4916 1728 4952 ²⁴
1755 4896 1907 4975 Psal.
1937 4934 2061 4989 vm,
2098 4920 2119 4975 1
2216 4933 2380 4986 Lxxx,
2414 4916 2464 4971 1.

332 4987 376 5023 ³⁷
409 4989 550 5045 Luc.
579 5004 706 5058 vm,
735 4988 825 5044 14.

413 5168 525 5240 (59)
541 5170 882 5247 _Adm_onere
911 5169 1023 5247 abs
1050 5186 1112 5225 re
1150 5187 1267 5227 non
1316 5170 1512 5247 fuerit,
1542 5172 1785 5247 verbum
1817 5190 1993 5247 χαρα-

343 5240 514 5317 κῶσαι
541 5240 664 5317 hoc
696 5242 822 5317 loco
865 5241 1027 5317 sumi
1069 5259 1174 5317 pro
1222 5259 1289 5299 eo
1339 5244 1495 5315 quod
1527 5247 1637 5315 est,
1667 5240 1994 5317 palz’s,'s'eu,

336 5311 689 5439 ﬁgoflfgwgis
716 5311 1318 5386 ﬁrmioribus'vineam
1349 5311 1630 5388 ἑιιιίςιανι.⁷
1646 5311 1795 5390 Lege
1818 5311 1992 5374 Com;

441 5401 457 5437 1
522 5401 554 5438 υ
630 5425 643 5438 ο

385 5399 643 5439 6118111111.

405 5455 520 5582 (60)
535 5456 570 5512 J
577 5472 679 5513 ure
695 5458 915 5530 optimo
935 5458 1570 5532 reprehenditDucaaus
1587 5458 1991 5530 Tilmannum,

405 5546 410 5582 ι
467 5544 603 5582 cum
633 5535 861 5582 vertere
890 5530 1208 5582 debuisset.
1243 5532 1305 5582 in
1352 5538 1559 5582 terram
1611 5534 1986 5582 nossessianis-

332 5530 603 5605 quicum
633 5535 861 5586 vertere
886 5530 1208 5605 debuisset,
1243 5532 1305 5586 in
1352 5538 1559 5605 terram
1608 5534 1988 5605 possessionis,

330 5604 588 5675 verterat
617 5605 839 5673 tamen,
871 5603 941 5675 in
959 5612 1177 5658 terram
1202 5603 1692 5675 promissionisEt
1719 5622 1853 5662 vero
1883 5603 1993 5662 vox

333 5669 666 5751 κατάσχεσις
706 5669 1270 5751 possessionem,_no_n
1313 5677 1754 5751 promissionem,
1782 5678 1990 5751 _signi-

334 5693 666 5748 κατασχεσις
706 5693 1125 5801 ροεεεεειοηεηι,
1156 5693 1270 5731 non
1313 5693 1754 5749 promissionem,
1804 5693 1987 5751 Signi-

334 5744 500 5817 ﬂcat;
525 5761 636 5813 nec
668 5761 703 5806 a
729 5750 842 5825 iter
869 5744 1350 5827 hocvocabulum
1380 5748 1646 5806 redditur
1667 5748 1903 5807 Psalmo
1923 5766 1987 5821 ιι,

2103 3138 2254 3190 cmtu
2294 3133 2596 3189 undelibet
2645 3138 2958 3189 convocato
3005 3135 3312 3199 adornata,
3344 3133 3516 3205 cujus
3563 3131 3754 3205 gratia

2104 3221 2323 3277 Psaltes
2351 3220 2605 3293 epilenia
2633 3221 2860 3277 cantica
2888 3222 3118 3278 cecinit.
3142 3222 3290 3284 Quin
3322 3221 3500 3276 etiam
3530 3225 3754 3294 protor-

2105 3309 2269 3367 cular
2288 3311 2354 3381 ει,
2386 3310 2733 3383 praeparatio
2761 3315 2847 3366 est
2892 3327 2997 3383 per
3035 3310 3225 3383 legem
3253 3308 3531 3380 exhibita,
3561 3314 3620 3367 et
3648 3326 3751 3367 an-

2102 3400 2376 3457 tecedens
2415 3400 2682 3471 quaedam
2729 3400 2960 3470 pietatis
3006 3399 3363 3456 exercitatio.
3397 3401 3467 3455 Et
3517 3400 3753 3471 quidem

2102 3489 2362 3545 torcular
2382 3493 2490 3560 est,
2511 3494 2801 3561 quatenus
2820 3489 3060 3545 adducit
3079 3489 3150 3545 ad
3174 3489 3462 3544 unitatem
3486 3505 3499 3544 :
3525 3492 3753 3562 protor-

2105 3577 2270 3634 cular
2298 3594 2451 3647 vero,
2485 3583 2778 3650 quatenus
2820 3582 3111 3651 praeparat
3141 3578 3213 3634 ad
3243 3578 3606 3651 perfectiora.
3642 3577 3754 3634 Ex-

2103 3669 2342 3737 spectavi
2369 3672 2431 3723 ut
2457 3670 2661 3738 faceret
2689 3684 2853 3723 uvam
2877 3685 2897 3724 :
2924 3668 3054 3740 fecit
3082 3672 3264 3724 autem
3293 3670 3503 3738 spinas.
3536 3667 3754 3723 Conva-

2105 3755 2306 3813 niebat
2333 3756 2683 3829 plantationi
2731 3756 2866 3813 huic
2911 3757 3126 3825 electas,
3159 3761 3440 3830 tantaque
3488 3773 3628 3813 cura
3658 3771 3754 3812 ex-

2104 3846 2294 3917 cultae,
2312 3851 2376 3902 ut
2392 3846 2596 3903 dulces
2612 3847 2807 3903 ederet
2826 3846 3074 3903 fructus.
3090 3847 3393 3902 Enimvero
3419 3846 3493 3902 ab
3507 3846 3754 3903 Abrahie

2103 3934 2243 3993 ﬁliis
2274 3935 2515 3991 Abrahae
2566 3952 2746 4008 opera
2775 3940 3120 4007 repetuntur
3144 3936 3208 3990 ⁸⁸.
3233 3937 3345 3993 Sed
3394 3952 3499 4008 pro
3546 3952 3752 4008 exspe-

2104 4030 2263 4083 ctata
2292 4043 2403 4082 uva
2433 4026 2636 4098 spinas
2674 4026 2848 4094 ,fecit;
2880 4025 2991 4082 hoc
3027 4030 3137 4094 est,
3160 4042 3297 4082 cum
3344 4025 3670 4082 exhilarare
3697 4030 3757 4082 et

2104 4130 2364 4171 recreare
2394 4114 2695 4171 debuisset
2723 4131 2823 4171 eos
2855 4115 2957 4187 qui
2995 4116 3299 4183 accedunt,
3332 4115 3568 4172 eosdem
3599 4131 3752 4187 pun-

2102 4220 2258 4278 gere,
2288 4203 2587 4260 lancinare
2607 4220 2675 4259 ac
2699 4208 3005 4259 cruentare
3032 4207 3236 4275 parata
3261 4208 3368 4259 est.
3389 4206 3572 4269 Quem
3593 4202 3750 4259 enim

2103 4293 2519 4366 prophetarum
2568 4309 2682 4348 non
2732 4292 3093 4361 occideruut,
3137 4292 3310 4363 juxta
3358 4291 3752 4362 evangelicam

2101 4382 2439 4457 parabolam
2457 4381 2538 4437 '0?
2580 4386 2702 4438 Meo
2733 4382 2972 4453 quidem
2994 4381 3222 4454 judicio
3253 4398 3368 4438 non
3400 4385 3756 4437 accusantur

2103 4472 2295 4530 solum
2319 4473 2473 4543 quod
2499 4471 2702 4542 spinas
2720 4471 2965 4527 fecerint
2986 4487 3089 4544 per
3108 4487 3277 4527 suam
3294 4471 3366 4527 ad
3389 4470 3605 4527 caedem
3627 4486 3758 4543 pro-

2103 4562 2442 4629 clivitatem,
2472 4562 2570 4618 sed
2604 4560 2760 4632 quod
2808 4564 2986 4616 Deum
3038 4576 3237 4616 amare
3265 4560 3626 4630 desinentes,
3656 4577 3754 4618 vo-

2102 4652 2387 4720 luptatem
2421 4650 2611 4723 magis
2641 4666 2930 4717 amavere,
2964 4666 3029 4706 ac
3060 4649 3191 4706 vitae
3225 4649 3406 4721 hujus
3435 4649 3595 4706 curis
3622 4653 3753 4707 tan-

2104 4758 2282 4815 quam
2302 4740 2492 4814 spinis
2516 4739 2781 4796 animum
2801 4739 3146 4797 sutTocarint
3160 4740 3225 4795 ³⁷.
3246 4739 3755 4807 Quemadmodum

2560 4914 2609 4950 ³⁸
2630 4915 2804 4971 Joan.
2834 4930 2961 4986 vm,
2991 4915 3078 4973 39.
3157 4914 3202 4951 ²⁶
3232 4912 3439 4971 Matth.
3470 4927 3632 4980 nm,
3662 4908 3755 4971 37.

2102 5174 2137 5229 8
2169 5188 2182 5229 :
2220 5173 2365 5228 Dabo
2391 5171 2499 5228 tibi
2525 5173 2714 5241 gentes
2749 5171 3123 5229 haereditatsm
3167 5176 3339 5241 tuam,
3370 5177 3422 5227 et
3449 5169 3754 5240 possessio-

2100 5260 2227 5302 nem
2253 5248 2408 5300 tuam
2433 5246 2692 5300 terminos
2718 5252 2899 5300 terrae.

2173 5318 2286 5390 (61)
2318 5317 2489 5383 Editi,
2519 5314 2700 5389 παντί,
2732 5316 2929 5372 cuivis.
2961 5316 3034 5370 At
3073 5314 3258 5371 nostri
3289 5313 3552 5387 quinque
3582 5329 3754 5384 mss.,

2100 5390 2296 5459 πάντη,
2330 5391 2574 5445 omnino.

2171 5453 2291 5534 (62)
2317 5461 2456 5534 Reg.
2490 5463 2762 5534 quartus,
2791 5453 2961 5526 δῆλον
2990 5454 3100 5534 ὅτι,

2172 5478 2283 5534 (cz;
2318 5478 2456 5587 neq.
2490 5478 2758 5532 quartus,
2791 5478 2961 5526 οηΑον
2990 5478 3100 5513 οτι.

2172 5533 2283 5606 (63)
2312 5535 2417 5606 Epi
2446 5532 2580 5606 enia
2610 5530 2839 5606 cantica
2867 5545 2935 5585 ea
2964 5533 3124 5600 sunt,
3148 5544 3278 5601 quae
3306 5528 3462 5585 inter
3490 5542 3751 5601 premen-

2099 5602 2205 5662 dae
2236 5602 2379 5662 uvas
2409 5604 2539 5660 cani
2570 5602 2844 5660 solerent.

2170 5678 2285 5750 (64)
2312 5676 2552 5733 Veteres
2598 5673 2861 5747 quinque
2908 5670 3065 5740 libri,
3111 5669 3355 5741 ἓτοιμος.
3406 5669 3581 5740 Editi,
3609 5663 3750 5725 ἕτοι-

2103 5769 2227 5833 μονῗ
