4138 6372
294 389 409 451 351

1256 383 1651 444 APPENDIX
1699 381 2022 446 OPERUM
2067 382 2132 444 S.
2179 381 2459 443 BASlLlI
2503 381 2778 444 MAGNI.

3600 383 3719 482 35?

301 525 495 579 autem
528 521 700 593 spina
740 538 855 577 non
913 519 1022 574 fert
1052 533 1246 583 uvam,
1279 515 1362 572 ita
1417 533 1524 572 nec
1583 519 1946 572 sarmentum

2061 512 2154 567 τὸν
2181 515 2302 568 νοῦν
2337 511 2734 589 συνεπνίγοντο.
2767 513 2970 587 ’Ὠσπερ
3022 509 3080 568 δὶ
3117 514 3232 586 (65)
3262 511 3464 578 ἄκανθα
3517 534 3716 592 σταφυ-

301 612 506 685 spinas
537 611 825 684 producit.
856 611 992 664 Eam
1027 608 1098 662 ob
1132 623 1250 661 rem
1305 607 1386 662 ait
1428 605 1751 662 Dominus:
1780 606 1948 662 Num-

299 701 432 774 quid
487 703 760 773 colligunt
808 699 873 754 de
917 699 1093 768 spinis
1142 695 1588 753 uvas'3?Judaei
1620 700 1815 751 tamen
1849 711 1951 767 pro

304 792 432 848 uvis
461 793 765 863 proferunt
794 791 1014 859 spinas.

377 971 495 1026 143.
530 967 704 1023 Vens.
737 968 790 1022 3.
827 969 890 1024 Et
921 983 1088 1032 nunc,
1131 972 1294 1024 homo
1335 965 1506 1032 Iuda,
1540 968 1588 1020 et
1622 964 1954 1020 habitatores

296 1058 618 1125 Jerusalem,
644 1057 900 1128 judicate
953 1058 1102 1111 inter
1130 1072 1216 1111 me
1245 1063 1294 1111 el
1327 1057 1473 1110 inter
1501 1057 1723 1110 vineam
1750 1069 1951 1108 meam.

297 1147 358 1204 Si
394 1147 620 1202 Domini
671 1145 840 1202 vinea
873 1147 1082 1201 domus
1123 1144 1302 1200 Israel
1334 1148 1441 1210 est,
1473 1147 1530 1199 et
1575 1143 1750 1198 homo
1802 1143 1956 1198 Juda

297 1235 527 1292 novella
557 1235 758 1307 planta
788 1235 1038 1302 dilecta;
1086 1235 1382 1306 quomodo
1426 1250 1618 1288 coram
1654 1232 1821 1288 vinea
1848 1232 1955 1286 ad-

296 1343 500 1383 versus
532 1325 759 1380 vineam
791 1324 864 1380 lis
909 1323 1276 1380 intenditur?
1320 1322 1618 1393 Numquid
1651 1321 1774 1376 vult
1801 1320 1954 1376 Scri-

298 1421 472 1488 ptura
501 1415 572 1470 ob
606 1413 957 1470 evidentiam
991 1413 1472 1485 objurgationum
1519 1416 1694 1483 atque
1725 1410 1954 1483 perspi-

297 1504 595 1573 cuitatem,
619 1519 717 1558 eos
749 1505 1058 1558 adversum
1093 1519 1154 1558 se
1183 1502 1344 1574 ipsos
1378 1501 1655 1557 adhibere
1678 1499 1955 1572 judices?

298 1595 458 1650 Fecit
477 1598 535 1648 et
559 1593 668 1648 hoc
689 1592 916 1648 Nathan
945 1592 1256 1648 adversum
1281 1590 1456 1646 David
1485 1595 1634 1658 tum,
1659 1607 1793 1646 cum
1817 1605 1952 1644 eum

298 1681 605 1738 constituit
635 1680 878 1752 propriae
911 1679 1242 1752 iniquitatis
1275 1679 1538 1749 judicem
1562 1679 1627 1734 ³⁸.
1662 1677 1809 1734 Illud
1844 1695 1953 1734 au-

297 1776 416 1828 tem
460 1786 754 1826 summam
807 1770 1065 1826 ostendit
1112 1767 1558 1841 benignitatem,
1593 1768 1748 1840 quod
1803 1769 1954 1823 Deus

297 1877 432 1917 cum
467 1859 706 1914 famulis
737 1859 861 1914 suis
896 1859 1018 1930 pari
1048 1859 1384 1914 conditione
1432 1858 1491 1912 in
1531 1857 1826 1928 judicium
1857 1873 1950 1912 ve-
1982 1897 2030 1964 Β

298 1949 405 2006 nit.
431 1949 581 2015 Quin
616 1955 674 2004 et
703 1948 883 2004 simul
915 1947 1052 2004 hinc
1074 1949 1515 2003 demonstratur
1537 1945 1949 2018 justitia,quod

296 2039 397 2111 qui
429 2040 918 2104 condemnentur,
931 2036 1088 2109 juris
1114 2037 1415 2092 evidentia:
1446 2052 1512 2090 ac
1543 2035 1951 2108 perspicuitati

295 2127 694 2184 contradicere
726 2143 839 2183 non
876 2127 1123 2200 possint.
1150 2128 1430 2194 Judicatc,
1455 2125 1666 2196 inquit,
1692 2127 1840 2180 inter
1867 2141 1953 2181 me

295 2225 346 2274 et
375 2219 593 2273 vineam
620 2232 820 2272 meam.
854 2217 924 2272 Et
953 2215 1127 2272 dicite
1157 2215 1298 2287 quid
1345 2214 1564 2271 factum
1597 2230 1710 2269 non
1742 2215 1820 2270 sit
1851 2230 1949 2270 eo-

298 2323 456 2375 rum,
478 2323 606 2378 quaa
640 2305 778 2361 huic
809 2307 1132 2362 conducere
1177 2310 1445 2377 poterant
1474 2305 1545 2358 ad
1576 2304 1950 2376 proferendos

300 2396 570 2454 fructus?
598 2396 773 2451 Vsus.
804 2397 856 2451 4.
897 2395 1037 2464 Quid
1081 2393 1260 2466 enim,
1295 2394 1505 2466 inquit,
1535 2394 1741 2465 faciam
1770 2395 1952 2451 vinea“;

297 2502 457 2551 meae,
488 2493 540 2540 et
567 2501 678 2540 non
705 2487 812 2556 feci
842 2487 934 2540 ei?
962 2485 1107 2550 Quid
1139 2501 1255 2540 non
1286 2484 1529 2555 praestiti
1560 2500 1784 2551 eorum,
1819 2499 1951 2552 quae

298 2575 446 2632 mihi
475 2575 546 2631 ad
579 2591 706 2631 eam
739 2575 1060 2631 curandam
1093 2576 1278 2630 facere
1309 2589 1402 2628 me
1433 2572 1714 2628 decebat?
1746 2573 1950 2628 Nonne

297 2663 537 2737 pinguis
567 2664 732 2719 locus
778 2668 888 2730 est,
919 2663 1195 2734 idemque
1243 2660 1718 2718 munitissimus?
1757 2677 1951 2717 nonne

299 2769 492 2826 sepes,
512 2769 705 2808 nonne
721 2751 879 2819 valli,
893 2769 1088 2807 annon
1109 2751 1392 2823 plantatio
1409 2767 1692 2823 perquam
1712 2749 1948 2818 eximia,

301 2859 499 2899 annon
547 2843 750 2909 turris,
801 2858 994 2897 annon
1045 2840 1409 2913 protorcular
1456 2839 1722 2896 adhibita
1767 2839 1953 2896 sunt?

298 2948 495 2988 nonne
527 2932 745 2987 factum
777 2936 866 2986 est
887 2931 1175 3003 quidquid
1209 2931 1344 3002 quis
1375 2930 1433 2986 in
1468 2930 1726 2985 medium
1759 2933 1952 3002 potest

291 3021 896 3094 proferre?Ca2terum
928 3021 1258 3092 putandum
1287 3019 1442 3076 480
1463 3024 1553 3076 est
1583 3019 1948 3092 Scripturam

288 3111 412 3168 haec
442 3113 756 3167 adversum
791 3127 896 3166 nos
928 3109 1104 3164 etiam
1137 3109 1330 3166 dicere
1365 3127 1377 3164 :
1411 3109 1512 3182 qui
1563 3109 1634 3165 ad
1689 3109 1948 3166 edendos

278 3200 527 3274 justitiaa
560 3200 846 3256 fructus80
875 3199 1082 3269 vocati,
1115 3198 1434 3255 incidimus
1479 3215 1594 3271 prae
1640 3198 1822 3256 nimio
1855 3199 1946 3254 di-

2062 601 2164 672 λήν
2195 601 2256 657 οὐ
2290 603 2465 677 φέρει,
2493 601 2666 664 οὕτως
2697 599 2823 656 οὗδὶ
2863 600 3142 675 κληματὶς
3197 601 3449 667 ἀκάνθας.
3479 603 3579 658 Διὰ
3621 608 3720 659 τοῦ

2059 713 2122 746 το
2183 693 2211 746 ὁ
2273 691 2493 767 Κύριος,
2540 696 2688 763 Μήτι
2744 689 3090 768 συλλέγουσι,
3142 692 3330 769 φησὶν,
3388 692 3495 748 ἀπὸ
3551 692 3720 748 ἀκαν-

2063 783 2169 836 θῶν
2203 780 2516 860 σταφυλάς;
2551 780 2712 839 Ἀλλ’
2736 780 2890 856 ὅμως
2925 782 2977 836 οἱ
3009 778 3265 837 Ἰουδαῖοι
3305 784 3556 838 ποιοῦσιν
3602 782 3720 838 ἀντὶ

2064 869 2350 942 σταφυλῶν
2385 871 2638 935 ἀκάνθας.

2137 964 2258 1018 143.
2308 960 2413 1017 Καὶ
2459 965 2572 1030 νῦν,
2624 957 2908 1036 ἄνθρωπος
2977 964 3076 1016 τοῦ
3121 958 3320 1031 Ἰούδα,
3367 960 3457 1016 καὶ
3529 963 3582 1017 οὶ
3639 961 3721 1017 ὲν-

2065 1055 2338 1113 οικοῦντες
2394 1049 2778 1125 Ἰερουσαλὴμ,
2840 1049 3055 1127 κρίνατε
3127 1049 3179 1105 ἐν
3263 1049 3386 1124 ἐμοὶ
3461 1053 3550 1106 καὶ
3628 1052 3726 1107 ἀνὰ

2068 1140 2228 1214 μέσον
2279 1143 2376 1195 τοῦ
2423 1136 2752 1213 ἀμπελῶνός
2805 1160 2932 1214 μου.
2971 1138 3034 1195 Ei
3082 1141 3110 1194 6
3155 1138 3422 1214 ἀμπελὼν
3479 1145 3575 1195 τοῦ
3620 1147 3724 1196 Κυ-

2065 1229 2186 1306 ρίου
2236 1228 2390 1292 οἶκος
2431 1233 2530 1284 τοῦ
2561 1227 2782 1304 Ἰσραήλ
2832 1227 2964 1298 ἐστι,
2993 1228 3084 1284 καὶ
3132 1226 3418 1304 ἅνθρωπος
3466 1234 3562 1284 τοῦ
3593 1230 3727 1289 Ἰού-

2065 1314 2131 1372 δα
2180 1317 2438 1393 νεόφυτον
2496 1316 2890 1394 ἠγαπημένονο
2924 1322 3041 1381 πῶς
3102 1317 3190 1374 ἐπὶ
3243 1321 3340 1373 τοῦ
3392 1317 3718 1390 ἀμπελῶνος

2065 1403 2337 1476 δικάζεται
2377 1408 2514 1462 κατᾶ
2561 1412 2659 1463 τοῦ
2712 1404 3038 1481 ἀμπελῶνος
3067 1427 3080 1478 ;
3113 1409 3180 1464 Ἢ
3213 1405 3303 1463 διὰ
3349 1409 3411 1463 τὸ
3469 1409 3716 1486 ἀναντίρ-

2064 1495 2232 1572 ῥητον
2277 1500 2384 1551 τῶν
2438 1495 2682 1573 ἐλέγχων
2733 1497 2918 1560 αὐτοῖς
2955 1496 3210 1573 βούλεται
3243 1499 3358 1552 καθ’
3384 1498 3585 1553 ἑαυτῶν
3634 1497 3716 1554 διο

2062 1591 2282 1648 κασταῖς
2315 1587 2342 1640 6
2376 1585 2545 1662 Λόγος
2575 1589 2881 1662 χρήσασθαι
2908 1605 2921 1656 ;
2955 1588 3022 1645 *Ο
3064 1588 3154 1643 καὶ
3185 1588 3213 1642 ὁ
3245 1589 3425 1653 Νάθαν
3477 1587 3562 1644 ἐπὶ
3619 1592 3718 1644 τοῦ

2063 1670 2228 1730 Δαϐὶδ
2283 1673 2561 1747 ἐποίησεν,
2609 1675 2771 1731 αὐτὸν
2829 1673 3086 1746 δικαστήν
3144 1677 3365 1740 καθίσας
3421 1682 3518 1732 τοῦ
3573 1675 3718 1733 ἰδίου

2063 1761 2426 1838 ἀδικήματος.
2486 1766 2596 1834 Τὴν
2652 1763 2710 1821 δὲ
2768 1761 3079 1841 ὑπερϐολὴν
3129 1772 3232 1837 τῆς
3307 1767 3719 1844 φιλανθρωπίας

2061 1854 2340 1924 συνίστησι
2371 1854 2434 1909 τὸ
2484 1853 2562 1917 εἲς
2613 1853 2862 1929 ἰσότιμον
2897 1859 3005 1930 (66)
3036 1855 3212 1930 κρίσιν
3268 1857 3359 1912 τὸν
3415 1858 3544 1913 Θεὸν
3597 1862 3719 1921 τοῖς

2061 1944 2255 1998 ἑαυτοῦ
2313 1942 2547 2006 οίκὲταις
2606 1939 3068 2022 συγκαταϐαίνειν.
3129 1947 3304 2020 Ὁμοῦ
3360 1943 3417 2002 δὶ
3473 1947 3562 2002 καὶ
3619 1951 3720 2003 τοῦ

2062 2029 2274 2086 δικαίου
2306 2029 2578 2103 ἀπόδειξιν
2611 2031 2752 2110 ἔχει,
2785 2035 2858 2096 ὡς
2890 2033 3017 2090 ούδὶ
3065 2032 3216 2090 οὐδὲν
3270 2039 3378 2090 τῶν
3426 2032 3720 2091 καταδικαο

2063 2121 2304 2193 ζομὲνων
2395 2121 2637 2196 ἐχόντων
2695 2121 2994 2200 ἀντιλέγειν
3050 2127 3118 2198 τῇ
3175 2122 3423 2201 ἐναργείᾳ
3473 2128 3571 2179 τοῦ
3631 2121 3718 2180 δι-

2058 2209 2214 2264 καίου
2273 2212 2410 2284 (67).
2466 2212 2722 2287 Κρίνατε,
2782 2213 2938 2289 φησὶ,
3000 2212 3197 2286 μεταξὺ
3255 2214 3391 2286 ἇμοῦ
3447 2212 3538 2268 καὶ
3615 2219 3714 2270 τοῦ

2061 2297 2389 2372 ἀμπελῶνός
2443 2321 2570 2374 μου.
2603 2301 2710 2357 Καὶ
2765 2299 2966 2372 εἷ’πατε,
2997 2302 3051 2358 τί
3081 2307 3190 2358 τῶν
3244 2303 3380 2379 πρὸς
3437 2324 3712 2382 καρπογο-

2057 2388 2174 2442 νίαν
2234 2389 2381 2462 αύτῷ
2438 2390 2840 2447 συντελούντων
2888 2391 3018 2468 οὐχὶ
3075 2394 3404 2468 γεγένηται;
3458 2393 3528 2452 Τί
3584 2395 3708 2471 γὰρ,

2059 2478 2213 2556 φησὶ,
2268 2481 2488 2551 ποιήσω
2535 2485 2614 2553 τῷ
2673 2479 2964 2556 ἀμπελῶνί
3025 2503 3150 2556 μου,
3183 2488 3274 2538 καί
3331 2481 3432 2538 οὐκ
3478 2481 3711 2556 ἐποίησα

2059 2568 2206 2641 αύτῷ
2233 2589 2246 2638 ;
2277 2568 2337 2623 Τί
2366 2575 2475 2626 τῶν
2510 2565 2925 2627 ἐπιϐαλλόντων
2961 2593 3055 2645 μοι
3100 2571 3224 2647 περὶ
3272 2579 3374 2644 τῆς
3423 2573 3500 2636 εἷς
3549 2573 3708 2630 αὐτὸν

2058 2656 2375 2731 ἐπιμελείας
2407 2659 2536 2736 οὐχὶ
2571 2660 2880 2732 πεποίηκα;
2914 2661 2991 2720 Οὐ
3019 2661 3188 2724 τόπος
3216 2662 3355 2719 πίων
3387 2664 3476 2718 καὶ
3524 2684 3715 2741 καρτε-

2059 2748 2152 2823 ρὸς
2185 2749 2212 2802 ὁ
2261 2747 2461 2819 αὐτόςς
2514 2749 2576 2805 ού
2625 2750 2914 2828 φρογμός;
2967 2751 3028 2806 οὐ
3077 2752 3356 2827 χάρακεςς
3407 2752 3470 2808 οὐ
3529 2752 3717 2831 φυτεία

2058 2835 2406 2909 εὐγενεστάτη
2430 2858 2453 2902 ,³
2483 2838 2546 2895 ού
2577 2839 2804 2916 πύργος,
2835 2839 2896 2896 ού
2927 2839 3229 2918 προλήνιον
3265 2860 3280 2910 ;
3317 2841 3426 2916 οὐχ
3463 2841 3494 2896 6'
3540 2863 3593 2897 τι
3652 2841 3713 2897 ἂν

2059 2925 2186 3000 εἷ’πῃ
2216 2945 2336 2996 τις;
2371 2930 2556 2984 Ταῦτα
2588 2929 2858 3006 μέντοιγε
2886 2931 3171 3004 νομιστὲον
3205 2928 3448 3005 λέγεσθαι
3482 2930 3584 2985 ὑπὸ
3614 2933 3710 2984 τοῦ

2058 3012 2226 3092 λόγου
2277 3015 2364 3071 καὶ
2424 3019 2563 3091 πρὸς
2620 3021 2788 3092 ἡμᾶς’
2824 3021 2877 3074 οἳ
2923 3018 3215 3090 κληθέντες
3265 3018 3350 3076 ἐπὶ
3409 3025 3490 3092 τῷ
3535 3024 3710 3074 ποιεῖν

2057 3103 2184 3168 τοὺς
2214 3107 2458 3181 καρποὺς
2484 3114 2583 3177 τῆς
2615 3104 2986 3182 δικαιοσύνης,
3022 3110 3125 3165 ὑπὸ
3173 3107 3574 3186 φιλοπλουτίας
3617 3107 3711 3183 εμ-

2055 3194 2326 3269 πίπτομεν
2379 3195 2455 3260 εἷς
2513 3198 2844 3274 πειρασμὸν,
2875 3198 2966 3254 καὶ
3023 3196 3246 3276 παγίδα,
3278 3199 3368 3255 καὶ
3421 3197 3709 3272 ἐπιθυμίας

283 3291 561 3347 vitiarum
593 3291 790 3346 studio
821 3289 882 3344 in
914 3288 1297 3346 tentationem
1337 3288 1736 3361 laqueumque
1765 3295 1822 3344 et
1849 3289 1941 3345 in-

2058 3283 2320 3356 ἀνοήτους
2367 3286 2455 3341 καὶ
2507 3283 2804 3364 βλαϐερὰς,
2857 3287 3055 3352 αἵτινες
3109 3275 3387 3364 βυθίζουσι
3441 3287 3570 3353 τοὺς
3620 3289 3711 3343 ἀν-

285 3379 482 3436 sulsas
523 3384 698 3450 atque
758 3379 962 3434 noxias
1009 3378 1380 3450 cupiditates,
1413 3394 1544 3449 quas
1590 3378 1942 3450 demergunt

284 3469 556 3525 homines
603 3468 662 3522 in
712 3466 954 3523 exitium
987 3471 1044 3522 et
1082 3468 1384 3523 interitum
1406 3467 1474 3522 ³³.
1508 3469 1836 3538 Exspectavi
1881 3475 1943 3522 ut

281 3561 491 3630 faceret
518 3574 705 3626 uvam,
728 3558 860 3628 fecit
881 3565 1064 3612 autem
1083 3559 1290 3628 spinas.
1315 3555 1512 3629 Opera;
1545 3557 1798 3630 pretium
1831 3555 1943 3611 fuit

283 3650 552 3706 eamdem
586 3652 846 3719 repetere
870 3647 1242 3702 sententiam.
1268 3646 1493 3702 Etenim
1517 3646 1619 3718 qui
1641 3644 1940 3718 superiore

279 3738 405 3795 loco
455 3735 881 3808 pronuntiabat
932 3735 1250 3805 canticum,
1301 3736 1578 3791 dicebat:
1617 3736 1942 3807 Exspectavi

281 3831 341 3883 ut
379 3827 590 3897 faceret
634 3815 850 3880 uvam:
884 3825 977 3880 hic
1034 3841 1169 3880 vero
1225 3841 1324 3881 eos
1377 3825 1700 3896 alloquitur
1743 3841 1938 3880 coram

282 3915 496 3988 quibus
521 3914 828 3985 judicatur
866 3931 878 3969 :
903 3914 1148 3971 Judicate
1176 3917 1322 3970 inter
1351 3931 1436 3970 me
1463 3919 1517 3970 et
1546 3916 1692 3970 inter
1720 3915 1942 3970 vineam

279 4021 487 4061 meam.
508 4004 821 4060 Nimirum.
848 4008 1014 4060 Ferte
1037 4003 1331 4074 judicium
1355 4003 1427 4060 de
1458 4003 1586 4071 hoc,
1613 4006 1942 4077 Exspectavt

282 4102 344 4150 ut
371 4096 575 4165 faceret
604 4110 788 4161 uvam,
820 4093 959 4166 fecit
987 4097 1175 4148 autem
1202 4093 1411 4165 spinas.

353 4184 478 4240 144.
502 4182 678 4238 Vens.
711 4185 764 4237 5.
798 4183 953 4238 Nunc
996 4191 1182 4238 autem
1224 4183 1581 4240 annuntiabo
1617 4183 1777 4238 vobis
1806 4183 1943 4255 quia

277 4274 484 4346 faciam
512 4275 694 4329 vineae
739 4286 898 4328 meae.
931 4271 1236 4343 Proprium
1286 4276 1375 4327 est
1422 4272 1550 4343 ejus
1599 4272 1754 4344 quod
1788 4275 1942 4328 Deus

279 4361 340 4416 in
364 4361 635 4416 homines
659 4361 835 4416 habet
855 4360 1459 4432 studii,.'nequaquam
1483 4359 1717 4416 silentio
1739 4377 1941 4432 poenas

281 4449 560 4522 irrogare,
586 4450 686 4506 sed
711 4466 811 4505 eas
846 4448 1259 4520 praenuntiam,
1281 4454 1482 4521 utpote
1503 4451 1599 4522 qui
1623 4466 1726 4522 per
1749 4449 1941 4506 minas

282 4545 618 4612 peccatores
648 4543 922 4612 provocet
964 4539 1036 4595 ad
1088 4539 1490 4610 pcenitentiam
1527 4557 1540 4594 :
1575 4556 1692 4611 qua
1729 4539 1940 4612 agendi

294 4627 519 4684 ratione
541 4644 681 4683 usus
701 4632 790 4684 est
809 4643 949 4699 erga
966 4627 1032 4682 Ni
1042 4628 1256 4684 nivitas
1273 4628 1435 4684 Jonas
1454 4645 1632 4700 opera
1645 4630 1709 4683 ³⁸.
1732 4629 1847 4684 Nec
1867 4633 1949 4688 ta-

296 4717 410 4774 cite
431 4716 671 4774 exitium
697 4717 1135 4790 perniciemque
1163 4717 1393 4774 induxit
1413 4718 1611 4774 Israeli
1643 4719 1907 4790 peccanti
1931 4737 1945 4777 :

2053 3379 2308 3449 θρώπους
2362 3374 2438 3437 είς
2519 3372 2746 3451 ὄλεθρον
2819 3375 2907 3430 καὶ
2974 3375 3273 3432 ἀπώλειαν.
3334 3378 3562 3450 Ἐμεινα
3614 3375 3713 3432 τοῦ

2051 3469 2278 3532 ποιῆσαι
2347 3462 2650 3541 σταφυλὴν,
2701 3463 2926 3532 ἐποίησε
2997 3460 3054 3516 δὲ
3128 3461 3378 3523 ἀκάνθας.
3441 3466 3604 3538 Ἔχει
3655 3486 3709 3518 τι

2051 3553 2338 3628 ἀναγκαῖον
2371 3554 2406 3622 ἡ
2439 3549 2788 3627 ταυτολογία.
2825 3552 2910 3606 Ἐν
2947 3550 3040 3624 μὲν
3091 3549 3194 3627 γὰρ
3239 3555 3358 3615 τοῖς
3409 3547 3521 3606 ἄνω
3553 3553 3581 3607 6
3610 3553 3710 3622 τὴν

2051 3638 2200 3714 ᾠδὴν
2262 3637 2615 3717 ὶπαγγάλλων
2670 3637 2874 3718 ἔλεγεν,
2906 3641 3136 3714 ’Έμεινα
3180 3638 3278 3695 τοῦ
3315 3646 3546 3710 ποιῆσαι
3586 3662 3710 3697 στα-

2051 3730 2252 3811 φυλήν*
2290 3729 2515 3794 ἐνταῦθα
2541 3727 2599 3784 δὲ
2627 3732 2765 3805 πρὸς
2803 3728 2957 3798 τοὺς,
2998 3730 3078 3807 ἐφ’
3112 3730 3185 3785 ὧν
3236 3727 3500 3804 κρίνεται,
3530 3735 3708 3786 ποιεῖ-

2047 3841 2135 3876 ται
2312 3820 2440 3882 τοὺς
2487 3817 2695 3894 λόγους
2724 3838 2738 3855 ⁸
2768 3819 2999 3895 Κρίνατε
3046 3819 3100 3874 ἓν
3153 3818 3278 3893 ἐμοὶ
3315 3819 3405 3874 καὶ
3462 3819 3561 3876 ἆνᾶ
3610 3820 3710 3894 μι-

2049 3931 2146 3966 σον
2197 3915 2293 3965 τοῦ
2351 3908 2682 3984 ἀμπελῶνός
2745 3927 2885 3983 μουο
2915 3908 3002 3980 τὸ,
3051 3910 3279 3983 Ἔμεινα
3333 3913 3432 3965 τοῦ
3482 3917 3709 3980 ποιῆσαι

2051 3998 2354 4075 σταφυλὴν,
2387 3997 2612 4069 ἐποίησε
2637 3995 2693 4054 δδ
2723 3998 2975 4063 ἀκάνθας.

2125 4183 2247 4237 144.
2280 4181 2388 4234 Νῦν
2451 4175 2508 4234 δὲ
2565 4175 2857 4253 ἀναγγελῶ
2921 4178 3050 4252 ὑμῖν
3105 4174 3161 4233 τί
3206 4179 3428 4249 ποιήσω
3473 4181 3555 4251 τῷ
3609 4177 3712 4254 ἂμ.

2049 4266 2258 4324 πελῶνί
2297 4290 2424 4343 μου.
2455 4265 2623 4324 Ἰδιον
2681 4272 2784 4337 τῆς
2839 4270 2937 4322 τοῖ’)
2995 4271 3130 4324 θεοῦ
3185 4264 3622 4346 φιλανθρωπίας,
3647 4268 3712 4323 τὸ

2053 4359 2130 4432 μὴ
2164 4362 2345 4433 σιωπῇ
2395 4358 2493 4420 τὰς
2541 4357 2794 4420 κολάσεις
2837 4355 3076 4434 ἰποὶγειν,
3119 4356 3266 4413 ἀλλὰ
3308 4356 3708 4434 προκηρύσσειν

2051 4446 2142 4503 διὰ
2173 4452 2282 4504 τῶν
2314 4446 2554 4504 ἀπειλῶν
2588 4444 3046 4524 προκαλουμίνου
3105 4446 3184 4509 είς
3245 4446 3533 4521 μετάνοιαν
3578 4446 3707 4509 τοὺς

2049 4539 2460 4613 ἡμαρτηκότας·
2499 4538 2574 4600 ὡς
2604 4536 2874 4607 πεποίηκε
2897 4543 2947 4594 Ν
2956 4536 3207 4600 ινευΐταις
3267 4535 3356 4593 διὰ
3399 4539 3496 4593 τοῦ
3527 4539 3703 4594 Ἰωνᾶ.

1981 4648 2024 4715 D
2054 4627 2270 4701 Καὶτῷ
2299 4627 2522 4704 Ἰσραὴλ
2575 4625 2921 4702 ἡμαρτηκότι
2971 4626 3035 4682 οὐ
3085 4631 3268 4701 σιωπῇ
3319 4625 3562 4704 ἐπήγαγε
3612 4623 3704 4715 Ιεὸν

2059 4717 2385 4798 ἀφανισμὸν,
2416 4715 2565 4774 ἀλλὰ
2593 4719 2757 4773 κινῶν
2789 4715 2866 4780 εἷς
2897 4717 2996 4786 τὴν
3033 4717 3166 4791 ὁπὶρ
3195 4719 3294 4777 τοῦ
3325 4715 3462 4774 λαοῦ
3507 4713 3710 4773 ἱκεσίαν

347 4859 393 4896 ³³
425 4857 636 4918 Matth.
666 4875 768 4930 vn,
803 4858 889 4914 16.
968 4858 1014 4894 ²⁹
1044 4857 1091 4916 ΙΙ
1123 4859 1260 4932 Reg.
1292 4875 1396 4926 xu,
1425 4859 1482 4914 5.
1557 4859 1603 4896 ⁸ο
1629 4859 1749 4918 Jac.
1789 4876 1874 4930 III,
1909 4862 1946 4917 1:

2075 4863 2121 4899 ³1
2155 4855 2362 4920 I'Tim.
2395 4877 2478 4930 νι,
2505 4862 2562 4917 9.
2637 4861 2683 4896 ³³
2709 4860 2842 4917 Jon.
2877 4875 2971 4928 ω,
2997 4860 3052 4915 4.

375 5005 463 5074 65)
496 5004 590 5062 Sic
621 5020 765 5060 mss.
801 5000 1099 5074 nonnulli.
1115 5001 1395 5074 rAtiediti,
1429 4997 1518 5072 δή.

376 5071 466 5149 θο)
495 5078 726 5168 Veteres
778 5071 1767 5168 ειυίιξίιξιξθ-ἒέιξιξξίῖσέξξμοῖ·,.¹ἓςιίι.ίν
1802 5074 1937 5168 διξέῑ

277 5146 1468 5303 cressa.sta:.°.;z“.:;{3;:t.its
1481 5261 1493 5286 ,
1507 5146 1938 5280 ίέςςέιέςοειέξὲ

278 5292 410 5345 τῶν.
446 5286 553 5346 Alii
586 5298 703 5347 tres
737 5307 907 5360 mIS.,
940 5289 1014 5351 ὡς
1047 5286 1200 5343 οὐδὲν
1233 5292 1363 5345 τῶν.

353 5361 465 5443 (67)
501 5361 1024 5443 Αἱεαρπιὺοῐῖεἰυε,
1069 5361 1350 5443 Basilium
1383 5363 1530 5443 sine
1578 5363 1933 5443 dubio_scrj-

281 5433 494 5504 psisse,
536 5435 604 5504 τῇ
654 5433 778 5507 ἐπερ

282 5503 516 5558 εογεσία.
549 5505 632 5558 uti
685 5505 743 5558 in
784 5453 816 5558 ἶ

822 5433 965 5508 acia,
999 5436 1533 5508 exsecutioaijuris,
1568 5453 1681 5490 non
1730 5438 1798 5508 τῇ
1849 5435 1932 5490 εὖ·

282 5503 516 5589 ὲργεσία,
549 5505 649 5589 ιιςιί⁸
663 5582 670 5589 Ι
685 5505 743 5589 in

816 5505 960 5578 ibris
1011 5509 1172 5575 prius
1223 5506 1397 5562 editis
1442 5507 1675 5577 legitur.
1713 5505 1783 5562 ln'
1816 5524 1933 5578 quo

283 5576 484 5632 mirari
519 5577 698 5643 subit,
734 5576 957 5649 homini
991 5584 1311 5649 ceteroque
1342 5576 1683 5647 doctissimo
1715 5576 1934 5637 sua’ita

283 5646 1661 5733 placuisse,_ut‘lectionem‘com'minisceretur,
1695 5666 1827 5706 cum
1881 5652 1933 5710 ei

283 5719 344 5778 in
366 5721 494 5779 suis
516 5719 817 5780 codicibus
837 5722 994 5777 esset
1013 5720 1084 5778 ad
1107 5737 1351 5780 manum
1373 5721 1544 5782 lectio
1570 5720 1709 5795 alia,
1725 5739 1794 5780 ex
1815 5739 1934 5797 qua

2048 5006 2251 5063 eadem
2283 5006 2456 5078 plane
2485 5005 2781 5078 sententia
2811 5003 2964 5061 etﬁoi
2995 5007 3212 5078 posset.
3238 5003 3387 5078 Nam
3419 5002 3480 5057 in
3499 5002 3713 5078 ﬁegiis

2047 5079 2240 5151 primo
2271 5074 2329 5134 et
2359 5079 2554 5148 tertio,
2585 5095 2733 5151 quos
2764 5077 2838 5145 is,
2874 5074 3051 5150 quem
3082 5075 3225 5151 dixi,
3259 5074 3706 5151 v_i_r_erudi_tissi-

2048 5143 2192 5230 inus
2205 5151 2474 5230 contulit,
2497 5143 2580 5207 ita
2600 5143 3706 5230 scriptu‘m'reperitur,_:ﬁ.hisp-(aiam?)

2047 5218 2282 5290 δικαίου,
2326 5223 2472 5294 iuris
2523 5218 2888 5287 exsecuiioni,
2919 5218 3078 5293 jeiris
3127 5218 3352 5276 actioni.
3381 5218 3530 5286 Quid
3561 5218 3703 5348 ﬁam

2047 5297 2294 5348 sentiam
2325 5295 2472 5348 inse.
2497 5296 2700 5348 Dauois
2724 5293 3002 5348 aperiam.
3029 5292 3250 5348 Censeo
3272 5291 3454 5348 igitur
3472 5308 3542 5348 ex
3612 5309 3702 5348 ea.

2046 5297 2294 5351 sentiam
2325 5291 2340 5348 i
2350 5310 2472 5367 pse,
2496 5296 2700 5366 paucis
2724 5291 3002 5367 aperiam.
3029 5292 3250 5367 Censeo
3272 5291 3454 5367 igitur
3472 5308 3542 5348 ex
3562 5291 3684 5366 Reg

2045 5371 2252 5438 quarto
2283 5374 2336 5421 et
2350 5364 2437 5421 ὀι
2453 5364 2714 5438 utroque
2749 5364 3081 5438 Colbertino
3105 5364 3420 5438 legendum
3453 5381 3603 5430 esse,
3632 5364 3700 5437 τῇ

2044 5433 2293 5521 ξῆαργξίᾳ
2320 5441 2416 5490 τοῦ
2448 5433 2680 5521 δικαίου,
2701 5439 2853 5521 iuris
2877 5433 3370 5521 ccidmliae'atqae
3393 5433 3700 5521 perspicui;

2044 5506 2163 5566 tati.
2186 5506 2333 5575 'Quae
2365 5510 2655 5582 scriptura
2701 5506 2789 5564 ita
2836 5512 2972 5581 apta
3003 5506 3149 5563 mihi
3180 5506 3412 5582 videtur
3459 5506 3536 5566 δι’
3564 5509 3702 5582 huic

2041 5582 2168 5637 loco
2199 5580 2570 5654 conveniens,
2595 5585 2661 5638 ut
2687 5580 3071 5652 quemquam,
3094 5581 3196 5653 qui
3223 5597 3354 5639 eam
3386 5580 3702 5654 improbet,

2043 5657 2341 5727 repertum
2374 5653 2446 5727 iri
2478 5653 2594 5712 non
2625 5656 2851 5726 putem.

2107 5722 2225 5800 "(68)
2254 5725 2450 5786 Nostri
2480 5741 2582 5788 sex
2605 5722 2776 5800 mu”
2807 5725 3070 5786 ποιεῖται.
3097 5722 3273 5797 καίει,
3303 5724 3476 5784 «cui.
