4138 6382
380 372 502 437 355
1341 360 1735 431 APPENDIX
1779 360 2104 428 OPEHUM
2151 366 2218 426 S.
2262 363 2545 429 BASILII
2586 360 2861 431 MAGNI.
3689 367 3808 437 356

382 507 459 564 rit
488 506 708 578 absque
737 504 1316 570 circummunitione,
1342 501 1445 557 sed
1478 499 1631 573 quod
1657 498 1715 553 in
1750 514 1866 553 uno
1897 494 2019 553 ovili

2146 496 2404 565 ταπεινὴν
2436 501 2535 552 τοῦ
2565 502 2796 572 νομικοῦ
2852 497 3179 575 γράμματος
3232 502 3616 577 παρατήρησιν
3675 522 3806 557 κατ-

379 594 551 652 illum
585 595 913 662 incluserit,
950 600 1015 650 ut
1044 594 1145 648 fiat
1178 609 1331 647 unus
1361 607 1520 663 grex,
1554 605 1708 645 unus
1742 592 1941 660 pastor
1969 586 2013 621 ⁸⁷

2147 586 2412 659 αργήσας,
2448 585 2607 648 αὐτὸς
2664 585 2821 643 ἔλυσε
2878 592 2974 643 τοῦ
3032 593 3291 666 φραγμοῦ
3320 590 3383 644 τὸ
3445 591 3800 667 μεσότοιχον,

376 686 544 743 Nunc
566 686 749 758 igitur
766 684 1056 756 scriptura
1078 681 1339 737 minatur
1359 685 1543 736 Deum
1568 677 1883 734 maceriam
1908 692 2019 733 esse

2147 673 2246 729 οὐκ
2301 675 2697 754 ἀπερίφρακτον
2756 677 3180 751 καταλιμπάνων
3241 680 3334 734 τὸν
3390 680 3583 735 ἑαυτοῦ
3642 678 3799 754 λαὸν,

378 775 737 844 diruturum,
769 773 827 828 id
859 776 949 827 est
995 769 1428 826 munimentum
1477 782 1649 824 omne
1701 765 1772 820 ab
1822 762 2019 820 Israelt

2146 761 2292 818 ἀλλὰ
2333 770 2432 839 μιᾷ
2480 762 2903 843 περιλαμϐάνων
2933 770 3046 842 (74)
3078 767 3243 843 αὐλῇ,
3270 766 3363 823 ’ίνα
3416 770 3638 845 γενηται
3703 769 3804 845 μία

379 863 739 919 ablaturum.
790 864 860 915 Et
908 860 1158 915 fortasse
1188 875 1321 914 cum
1354 874 1457 930 per
1487 855 1728 929 angelos
1759 854 1819 909 in
1853 869 2019 909 manu

2144 853 2375 926 ποίμνη,
2410 858 2487 919 εἷς
2528 858 2759 930 ποιμήν.
2792 859 2900 915 Νῦν
2938 854 3030 911 οὖν
3079 857 3297 914 ἀπειλεῖ
3345 858 3372 913 ὁ
3420 858 3591 935 λόγος
3617 871 3802 924 καθαι-

379 950 724 1010 mediatoris
755 951 888 1006 dato
920 948 1012 1004 lex
1042 948 1120 1005 sit
1145 948 1210 1015 ³⁸,
1245 948 1435 1020 ipsam
1475 946 1651 1003 etiam
1701 943 2019 1000 custodiam

2143 944 2329 1017 ρήσειν
2356 945 2448 1000 τὸν
2481 946 2730 1022 φραγμόν
2756 964 2771 980 ³
2804 945 3071 1016 τουτέστι,
3104 952 3208 1002 πᾶν
3268 946 3645 1025 φυλακτήριον
3705 953 3801 1005 τοῦ

375 1040 716 1114 angelorum
750 1038 1036 1095 terminos
1066 1036 1299 1094 Israelis
1332 1036 1623 1092 tuentium
1656 1033 2029 1090 sublaturum

373 1147 435 1187 se
467 1128 708 1186 indicat.
740 1128 1033 1185 Fortassis
1063 1127 1239 1183 etiam
1282 1143 1418 1182 cum
1468 1124 1880 1195 unusquisque
1928 1139 2030 1179 no-

374 1224 567 1275 strum
618 1218 720 1291 qui
771 1217 948 1274 habet
999 1221 1270 1273 sanctum
1301 1215 1572 1287 angelum
1604 1217 2028 1268 castrametan-

375 1314 491 1365 tem
522 1308 582 1363 in
617 1307 867 1363 circuitu
898 1305 1236 1363 timentium
1268 1303 1608 1368 Dominum,
1663 1303 1721 1356 in
1775 1301 2030 1373 peccatis

373 1397 972 1468 versatus,intentatae
995 1395 1130 1451 huic
1153 1394 1336 1467 plagae
1360 1395 1591 1449 futurus
1610 1397 1699 1449 est
1716 1392 2025 1458 obnoxius;

370 1495 427 1544 et
457 1503 625 1543 muro
652 1485 998 1558 privabitur,
1023 1484 1208 1540 tutela
1238 1483 1501 1539 videlicet
1533 1487 1876 1538 sanctarum
1912 1481 2028 1536 vir-

373 1581 595 1643 tutum,
629 1592 758 1648 quaa
791 1574 1029 1648 quidem
1080 1573 1342 1645 quandiu
1394 1571 1710 1641 adfuerint,
1747 1587 1845 1627 eos
1876 1587 2027 1643 quos

371 1665 516 1738 ipsis
562 1664 925 1733 custodiunt,
976 1660 1462 1734 inexpugnabiles
1511 1665 1765 1716 servant.
1814 1659 2027 1715 Anima

368 1761 567 1812 autem
601 1753 795 1810 omnis
826 1769 959 1825 quae
989 1752 1099 1807 hoc
1131 1749 1403 1824 praesidio
1434 1750 1793 1821 destituitur,
1826 1748 2028 1821 objici-

366 1848 467 1901 tur
495 1843 766 1901 hostibus
795 1842 867 1899 ad
895 1841 1309 1914 direptionem,
1355 1839 1464 1897 hoc
1515 1844 1624 1907 est,
1675 1837 2025 1895 adversariis

365 1934 703 2005 virtutibus,
753 1936 811 1988 et
857 1932 927 1988 ad
974 1929 1478 1987 conculcationem
1508 1930 1637 2001 ejus
1668 1927 1766 2000 qui
1798 1926 2017 2000 gloria—

366 2023 606 2079 bundus
628 2021 1097 2093 dicitzPostquam
1112 2017 1496 2091 perambulavi
1514 2016 2015 2088 lerram,adsum3°.

363 2112 501 2169 Tale
545 2110 824 2184 quiddam
878 2115 936 2166 et
983 2108 1247 2182 psalmus
1298 2110 1371 2164 de
1399 2108 1569 2164 vinea
1598 2106 1783 2163 dicit:
1817 2105 2019 2178 Uiquid

364 2202 694 2259 destruxisti
736 2202 1039 2257 maceriam
1084 2198 1205 2271 ejus
1252 2197 1344 2253 ‘0?
1389 2198 1477 2268 Et,
1522 2197 1838 2253 Devastavit
1894 2212 2019 2252 eam

364 2307 500 2360 aper
527 2290 595 2347 de
624 2291 767 2347 silva
796 2292 860 2347 ιι.
889 2288 998 2355 Qui
1030 2288 1187 2344 enim
1219 2286 1463 2344 consilio
1496 2290 1552 2343 et
1581 2286 1793 2342 virtute
1841 2301 2017 2358 ange-

365 2379 557 2437 lorum
590 2379 939 2436 communiti
973 2395 1088 2434 non
1119 2376 1327 2443 sunt,ii
1358 2374 1588 2433 stolidis
1626 2374 2019 2446 absurdisque

368 2468 864 2525 commotionibus
911 2470 1305 2539 exponuntur,
1357 2469 1613 2537 suntque
1660 2463 2019 2537 excipiendis

367 2560 562 2634 porcis
594 2558 786 2615 idonei
820 2559 891 2614 ob
925 2557 1145 2630 peccati
1176 2554 1630 2629 graveolentiam
1664 2554 1724 2609 in
1755 2555 1899 2625 ipsis
1929 2571 2019 2611 re-

368 2650 758 2719 dundantem,
789 2664 921 2704 cum
960 2647 1150 2718 magis
1183 2662 1249 2701 ac
1281 2645 1469 2717 magis
1518 2643 1736 2716 peccati
1786 2661 2018 2701 omnum

369 2742 796 2806 commoveant,
830 2752 1074 2807 seseque
1103 2735 1162 2791 in
1189 2752 1256 2791 eo
1283 2733 1807 2806 volutent.Aliquid
1842 2735 2018 2790 etiam

368 2827 662 2902 ejusmodi
695 2831 895 2883 narrat
923 2824 1241 2897 Apostolus
1274 2840 1286 2878 :
1316 2826 1381 2880 Et
1409 2826 1550 2879 sicut
1594 2842 1708 2878 non
1751 2825 2019 2896 probave-

366 2926 502 2975 runt
530 2918 698 2974 Deum
744 2917 946 2972 habere
992 2916 1053 2970 in
1098 2916 1321 2981 notitia,
1370 2913 1606 2970 tradidit
1636 2914 1761 2969 illos
1794 2916 1930 2971 Deus
1956 2917 2020 2971 in

364 3009 647 3082 passiones
675 3007 1030 3078 ignominia,
1063 3008 1125 3061 ut
1148 3005 1364 3075 faciant
1394 3020 1455 3060 ea
1503 3020 1623 3075 qua
1674 3020 1781 3060 non
1830 3020 2021 3060 conve-

365 3100 532 3154 niunt
559 3098 753 3152 ".Hoc
783 3094 1009 3167 est,qui
1042 3092 1287 3151 rationis
1319 3094 1648 3150 custodiam
1680 3094 2020 3165 rejiciunt,ii

366 3191 569 3260 patent
597 3184 873 3243 belluinis
905 3181 1357 3257 cogitationibus
1383 3186 1440 3238 et
1488 3182 1854 3238 daemonibus
1902 3183 2019 3239 im-

366 3275 590 3350 probis,
642 3275 744 3347 qui
774 3274 923 3347 ipsis
952 3273 1036 3329 eis
1067 3277 1333 3328 auctores
1360 3277 1502 3328 sunt
1534 3272 1917 3344 impuritatis.
1950 3274 2019 3330 Et

366 3366 608 3440 quidem
639 3364 880 3437 pertigit
903 3363 973 3419 ad
1009 3361 1185 3425 Israel
1216 3360 1594 3418 comminatio
1623 3365 1914 3431 tum,cum
1945 3363 2018 3419 olm

365 3459 672 3528 peccatum
731 3453 1016 3510 adversus
1068 3450 1383 3507 Dominum
1434 3449 1762 3507 admissum
1818 3452 2017 3508 traditi

364 3543 664 3619 gentibus,
712 3544 917 3613 eisque
965 3539 1258 3613 permissi,
1306 3538 1441 3595 facti
1471 3544 1612 3596 sunt
1642 3541 1702 3595 in
1738 3540 2015 3614 direptio-

363 3650 497 3690 nem
530 3631 785 3704 atquein
820 3629 1319 3687 conculcationem
1345 3628 1627 3685 hostium.

2141 1032 2363 1107 Ἰσραὴλ
2422 1037 2816 1109 περιαιρήσειν.
2852 1035 2950 1091 Καὶ
3004 1035 3148 1112 τάχα
3207 1034 3395 1107 ἔπειδή
3451 1034 3522 1091 δι’
3553 1036 3800 1114 ἀγγέλων

2140 1121 2299 1195 ἐδόθη
2350 1125 2378 1179 ὁ
2428 1125 2595 1197 νόμος
2650 1122 2703 1179 ἐν
2761 1126 2906 1201 χειρὶ
2945 1125 3189 1199 μεσίτου,
3221 1128 3308 1182 καὶ
3340 1129 3441 1197 τὴν
3474 1132 3583 1182 τῶν
3633 1127 3797 1204 ἀγγέ-

2140 1211 2251 1268 λων
2286 1217 2558 1290 φυλακὴν,
2587 1219 2697 1269 τῶν
2729 1215 3112 1292 φρουρούντων
3156 1215 3223 1271 τὰ
3271 1215 3395 1293 ὅρια
3424 1220 3521 1272 τοῦ
3549 1216 3796 1294 Ἰσραὴλ,

2139 1305 2508 1377 περιαιρήσειν
2566 1301 2874 1360 αἷνίττεται.
2909 1306 3137 1374 Μήποτε
3199 1302 3256 1360 δὲ
3311 1306 3401 1361 καὶ
3459 1308 3619 1379 ἡμῶν
3669 1303 3795 1362 ἕκα-

2138 1412 2261 1447 στος
2290 1388 2434 1467 ἔχων
2464 1389 2699 1468 ἄγγελον
2734 1394 2883 1467 ἅγιον
2933 1393 3025 1448 τόν
3087 1390 3553 1470 παρεμϐάλλοντα
3607 1395 3795 1470 κύκλῳ

2134 1485 2244 1536 τῶν
2318 1477 2673 1559 φοϐουμένων
2750 1482 2842 1538 τὸν
2900 1482 3121 1559 Κύριον,
3179 1482 3230 1539 ἐν
3277 1484 3569 1561 ἁμαρτίαις
3624 1485 3795 1556 ἄξετα-

2136 1570 2301 1640 σθεὶς,
2337 1569 2596 1634 ὑπόδικος
2643 1571 2862 1649 γὲνηται
2921 1576 2989 1647 τῇ
3043 1572 3403 1649 ἀπειληθείσῃ
3453 1579 3671 1650 πληγῇ,
3702 1577 3791 1631 καὶ

2134 1662 2398 1735 γυμνωθῇ
2451 1665 2547 1716 τοῦ
2595 1661 2813 1738 τείχους
2840 1668 2962 1731 ,τῆς
3018 1661 3124 1718 ἀπὸ
3171 1666 3278 1718 τῶν
3317 1662 3479 1739 ἁγίων
3511 1660 3794 1737 δυνάμεων

2137 1747 2450 1828 ἀσφαλείας·
2485 1748 2707 1820 α’ίτινες,
2740 1749 2862 1805 ὅσον
2921 1750 2980 1806 ἂν
3033 1756 3252 1828 παρῶσι
3309 1755 3536 1829 χρόνον,
3568 1752 3795 1818 ἀκαθαι-

2134 1838 2323 1914 ρέτους
2380 1836 2706 1909 διασώζουσι
2759 1839 2887 1903 τοὺς
2932 1842 3059 1915 παρ’
3092 1841 3268 1897 αὐτῶν
3324 1843 3793 1921 φρουρουμένους.

2130 1934 2483 2002 Γυμνωθεῖσα
2516 1927 2572 1984 δὲ
2597 1936 2739 1984 πᾶσα
2772 1932 2924 2006 ψυχή
2956 1937 3056 2002 τῆς
3105 1930 3399 2008 ἀσφαλείας
3443 1931 3671 2004 ταύτης,
3705 1928 3793 1989 ἔκ-

2127 2037 2301 2071 κειται
2362 2020 2476 2092 (75)
2533 2017 2608 2081 είς
2667 2016 2971 2095 διαρπαγὴν
3048 2025 3164 2083 τοῖς
3238 2019 3487 2097 ἐχθροῖς,
3542 2022 3790 2092 τουτίστι

2124 2112 2244 2170 ταῖς
2303 2106 2699 2181 ἀντικειμέναις
2756 2107 3073 2185 ἐνεργείαις,
3129 2109 3220 2164 καὶ
3284 2109 3363 2174 εἲς
3424 2111 3792 2186 καταπάτημα

2125 2200 2222 2253 τοῦ
2276 2195 2703 2274 ἐγκαυχωμένου
2752 2199 2842 2253 καὶ
2900 2199 3182 2275 μέγοντος,
3234 2197 3318 2255 ὅτι
3376 2201 3790 2277 Ἐμπεριπατή-

2128 2307 2223 2351 σας
2276 2288 2376 2356 τὴν
2428 2286 2755 2361 οἰκουμένην
2806 2289 3054 2364 πάρειμι.
3095 2290 3349 2345 Τοιοῦτόν
3374 2310 3426 2344 τι
3457 2290 3547 2345 καὶ
3579 2291 3608 2346 ὁ
3638 2290 3786 2365 ψαλ-

2132 2377 2231 2450 μὸς
2281 2378 2405 2453 περί
2448 2375 2700 2451 ἀμπέλου
2749 2378 2932 2456 φησίν.
2965 2380 3086 2434 Ἵνα
3117 2378 3169 2433 τί
3216 2378 3465 2442 καθεῖλες
3510 2380 3602 2435 τὸν
3654 2400 3784 2458 φρα-

2125 2465 2265 2543 γμὸν
2321 2466 2529 2537 αύτῆς;
2584 2468 2696 2539 καὶ,
2751 2465 3099 2541 Ἐλυμήνατο
3174 2468 3372 2539 αὐτὴν.
3415 2469 3477 2533 ὗς
3547 2469 3607 2524 ἐκ
3655 2466 3782 2547 δρυ-

2131 2561 2258 2629 μοῦ.
2293 2558 2360 2614 Οἱ
2389 2557 2488 2633 γὰρ
2526 2557 2601 2631 μὴ
2634 2556 3009 2634 πεφραγμένοι
3042 2556 3193 2635 λόγῳ
3222 2560 3312 2614 καὶ
3346 2555 3571 2634 δυνάμει
3621 2560 3785 2636 ἀγγε-

2128 2644 2287 2721 λικῇ,
2318 2643 2532 2702 ἴκδοτοί
2560 2646 2661 2702 είσι
2685 2652 2802 2709 τοῖς
2835 2645 3064 2722 ἀλόγοις
3093 2650 3385 2722 κινήμασι·
3418 2650 3507 2704 καὶ
3559 2645 3648 2705 διὰ
3683 2650 3783 2719 τήν

2126 2733 2528 2805 πλεονάζουσαν
2559 2735 2608 2789 ἐν
2644 2735 2827 2798 αὐτοῖς
2876 2742 2976 2806 τῆς
3027 2738 3294 2813 ἁμαρτίας
3343 2735 3634 2809 δυσωδίαν,
3668 2739 3784 2794 ἐπι-

2126 2822 2336 2896 τήδειοί
2365 2824 2465 2879 εἷ’σι
2498 2824 2708 2902 χοίρων
2744 2822 3156 2902 ὑποδοχῆς,ἐπί
3186 2826 3353 2885 πλέον
3384 2835 3483 2897 τῆς
3515 2829 3783 2903 ἁμαρτίας

2125 2915 2219 2971 τὸν
2293 2910 2562 2992 βόρϐορον
2631 2914 3052 2986 ἀνακινούντων,
3112 2916 3199 2971 καὶ
3277 2913 3780 2991 ἐγκαλινδουμίνων

2129 3004 2294 3077 αὐτῷ.
2329 3005 2592 3061 Τοιοῦτόν
2647 3026 2697 3059 τι
2749 3007 2839 3060 καὶ
2886 3007 2913 3061 ὁ
2946 3003 3282 3070 Ἀπόστολος
3332 3006 3499 3083 Αὲγει’
3534 3005 3634 3061 Καὶ
3685 3026 3780 3061 κα-

2128 3095 2236 3157 θὼς
2290 3094 2389 3149 ούκ
2447 3092 2770 3168 ἐδοκίμασαν
2827 3096 2919 3150 τὸν
2980 3096 3109 3152 Θεὸν
3168 3091 3314 3171 ἔχει)
3360 3094 3413 3152 ἐν
3473 3094 3782 3172 ἐπιγνώσει,

2137 3181 2448 3257 παρέδωκεν
2532 3183 2728 3248 αὐτοὺς
2810 3187 2838 3240 ὁ
2923 3186 3052 3248 Θεὸς
3139 3185 3213 3248 είς
3292 3185 3438 3256 πάθη
3525 3183 3784 3257 ἀτιμίας,

2132 3279 2308 3328 ποιεῖν
2354 3275 2422 3329 τά
2474 3275 2550 3348 μή
2607 3276 2939 3347 καθήκοντα.
2970 3276 3276 3348 Τουτὲστιν,
3312 3275 3363 3329 οἱ
3419 3275 3521 3344 τὴν
3580 3274 3639 3329 ἐκ
3690 3276 3787 3327 τοῦ

2131 3362 2304 3438 λόγου
2364 3363 2612 3440 φυλακὴν
2664 3359 3095 3433 ἀποϐάλλοντες,
3125 3361 3338 3417 ἔκδοτοί
3391 3363 3494 3416 εἷ’σι
3533 3368 3649 3424 τοῖς
3700 3362 3788 3438 βο-

2130 3450 2508 3526 σκηματώδεσι
2590 3451 2900 3527 λογισμοῖς,
2959 3449 3049 3503 γαί
3133 3454 3398 3524 πονηροῖς
3476 3449 3786 3523 δαιμονίοις

2125 3547 2242 3605 τοῖς
2300 3544 2367 3597 τὰ
2432 3542 2704 3612 ἀκάθαρτα
2762 3538 3082 3612 ἐνεργοῦσιν.
3116 3536 3239 3591 Ἐπὶ
3292 3537 3475 3610 μέντοι
3535 3542 3631 3591 τοῦ
3681 3538 3783 3593 Ἰσ-

2128 3630 2270 3710 ραὴλ
2302 3630 2524 3710 ἔφθασεν
2551 3631 2586 3698 ἡ
2619 3624 2843 3695 ἀπειλὴ,
2877 3624 2964 3680 ὅτε
2996 3622 3085 3680 διά
3135 3627 3233 3695 τὴν
3285 3626 3363 3687 εἱς
3421 3626 3513 3680 τὸν
3575 3625 3781 3697 Κύριον

363 3721 632 3798 ἁμαρτίαν
663 3716 877 3775 ἔκδοτοι
908 3722 1026 3780 τοῖς
1057 3713 1255 3772 ἔθνεσιν
1289 3715 1570 3794 ἀφεθέντες
1603 3719 1738 3792 (76),
1768 3718 1845 3782 εἷς
1879 3716 2182 3802 διαρπαγὴν
2215 3722 2458 3796 ἑγένοντο
2487 3719 2577 3773 καὶ
2608 3714 2973 3788 καταπάτημα
3000 3720 3108 3770 τῶν
3141 3713 3452 3788 πολεμίων.

436 3813 561 3870 146.
596 3810 818 3867 Deinde
844 3809 927 3867 ait
976 3825 989 3864 :
1042 3809 1106 3865 Et
1151 3808 1380 3864 diruam
1428 3810 1728 3865 maceriam
1775 3812 1913 3879 eius,
1964 3818 2015 3871 et

359 3903 467 3960 erit
496 3905 559 3957 in
587 3898 1076 3957 conculcationem.
1099 3897 1322 3954 Collata
1353 3915 1387 3953 a
1417 3914 1478 3953 se
1509 3898 1569 3952 in
1602 3899 1885 3971 populum
1919 3903 2014 3959 be-

361 3990 571 4048 neficia
620 3989 895 4062 superius
943 4004 1076 4044 cum
1126 3992 1473 4057 recenseret,
1526 3987 1719 4044 aiebat
1764 4007 1778 4046 :
1821 3990 2013 4063 Sepem

360 4081 749 4151 circumposai,
783 4078 1136 4149 etasdiﬁcavi
1165 4078 1369 4132 turrim
1417 4094 1436 4132 :
1485 4075 1582 4133 hic
1630 4094 1786 4145 vero,
1841 4085 2009 4152 Aufe-

361 4185 484 4226 ram
529 4183 714 4241 sepem
766 4170 909 4239 ejus,
955 4174 1010 4222 et
1053 4167 1280 4222 diruam
1323 4181 1566 4233 murum,
1615 4183 1718 4238 pro
1749 4169 1919 4235 turri,
1948 4172 2013 4225 ut

359 4258 730 4332 puto,dicens
760 4253 1305 4328 murum,quoniam
1335 4254 1516 4310 turris
1548 4256 1734 4312 muris
1757 4262 2012 4329 quatuor

358 4349 512 4404 inter
541 4364 604 4405 se
636 4363 739 4420 per
766 4336 1015 4419 angulos
1046 4344 1379 4416 conjunctis
1404 4349 1655 4414 constat;
1690 4348 1770 4401 ita
1795 4351 1860 4403 ut
1891 4346 2011 4403 illic

359 4437 516 4493 altus
548 4451 851 4492 murorum
883 4435 1064 4490 vinem
1087 4432 1346 4490 ambitus
1379 4449 1480 4505 per
1506 4435 1721 4489 turrim
1745 4434 1824 4491 sit
1846 4435 2012 4493 intel-

358 4525 656 4598 ligendus,
691 4528 755 4580 ut
803 4523 1107 4580 inaccessa
1135 4526 1291 4579 esset
1334 4522 1605 4578 hostibus
1652 4525 2011 4596 atqueinex-

2202 3815 2323 3869 146.
2359 3810 2492 3867 Εἶτά
2536 3828 2666 3885 φησι
2697 3824 2708 3836 ⁸
2770 3804 2869 3861 Καὶ
2927 3804 3143 3870 καθελῶ
3197 3805 3289 3860 τὸν
3342 3811 3537 3881 τοῖχον
3598 3803 3783 3876 αὐτοῦ,

2125 3902 2213 3957 καὶ
2244 3898 2393 3956 ἕσται
2448 3897 2527 3960 εἷς
2583 3896 2970 3970 καταπάτημα.
3004 3898 3091 3953 Ἐν
3149 3900 3265 3958 τοῖς
3322 3892 3431 3949 ἄνω
3486 3891 3785 3971 διηγούμε-

2123 4013 2219 4054 νος
2269 3991 2364 4052 τὰς
2414 3988 2542 4064 παρ’
2573 3988 2766 4041 ἑαυτοῦ
2826 3984 2904 4049 εἷς
2956 3983 3047 4041 τὸν
3109 3983 3241 4041 λαὸν
3285 3982 3609 4061 εὐεργεσίας,
3642 3989 3786 4060 Φρα-

2123 4081 2288 4156 γμὸν,
2349 4077 2503 4156 φησὶ,
2554 4074 2874 4151 περιέθηκα,
2940 4075 3029 4130 καὶ
3110 4071 3447 4148 ᾠκοδόμησα
3525 4072 3732 4150 πύργον
3768 4094 3781 4107 ·

2122 4168 2350 4232 ἐνταῦθα
2407 4164 2483 4224 δὲ.
2539 4162 2760 4244 Ἀφελῶ
2816 4166 2907 4220 τὸν
2964 4164 3213 4242 φραγμὸν
3266 4163 3450 4231 αὐτοῦ,
3505 4164 3593 4218 καὶ
3655 4162 3781 4217 καθ-

2124 4258 2235 4314 ελῶ
2280 4258 2372 4312 τὸν
2413 4260 2627 4333 τοῖχον,
2663 4255 2778 4309 ἀντὶ
2825 4254 3060 4329 πύργου,
3095 4254 3170 4318 ὡς
3218 4253 3397 4326 οἶμαι,
3446 4253 3538 4308 τὸν
3589 4256 3783 4328 τοῖχον

2124 4346 2321 4423 λᾶγων·
2353 4344 2467 4401 ἐπεὶ
2498 4345 2589 4401 καὶ
2630 4346 2658 4399 ὁ
2707 4342 2915 4419 πύργος
2953 4343 3205 4417 τέσσαρές
3255 4342 3357 4397 εἶσι
3404 4344 3591 4417 τοῖχοι
3647 4340 3782 4395 κατά

2119 4435 2321 4513 γωνίας
2379 4432 2654 4505 ἀλλήλοις
2706 4432 3136 4506 συναπτόμεθοι·
3173 4430 3310 4487 ὥστε
3358 4431 3515 4486 κάκεῖ
3570 4430 3776 4505 πύργον

2122 4529 2360 4589 νοεῖσθαι
2389 4527 2501 4598 (T7)
2527 4526 2625 4595 τὴν
2659 4522 2879 4598 ὑψηλήν
2909 4525 3007 4577 τοῦ
3036 4518 3367 4595 ἀμπελῶνος
3415 4524 3526 4575 τῶν
3570 4517 3774 4591 τοίχων

356 4613 717 4687 pugnabilis.
738 4612 887 4680 Quin
912 4616 970 4668 et
989 4613 1270 4669 evertitur
1290 4628 1500 4669 murus
1522 4617 1881 4683 noster,cum
1905 4630 2009 4685 per

2131 4609 2447 4690 περιϐολὴν,
2471 4614 2607 4692 πρὸς
2638 4614 2700 4668 τὸ
2733 4606 3035 4686 ἀνέμϐατον
3061 4610 3220 4666 αὐτὸν
3253 4609 3386 4665 εἶναι
3445 4608 3534 4664 καὶ
3594 4606 3778 4661 ἀνεπιο

357 4702 689 4761 socordiam
725 4700 1140 4774 ignaviamque
1186 4701 1618 4759 reddiderimus
1668 4719 1775 4760 nos
1824 4701 2011 4760 tutela

2131 4703 2379 4780 χείρητον
2412 4709 2531 4767 τοῖς
2566 4701 2927 4765 ὑπεναντίοις.
2960 4699 3060 4755 Καὶ
3091 4703 3254 4775 ἡμῶν
3302 4697 3362 4755 δὶ
3406 4702 3599 4775 τοῖχος
3650 4706 3781 4760 καθ-

356 4793 686 4849 divinorum
716 4792 1063 4865 dogmatum
1096 4791 1552 4864 indignos.Deus
1583 4792 1821 4864 quidem
1846 4794 2010 4865 justo

2131 4798 2374 4870 κιρεῖται,
2429 4792 2556 4849 ὅταν
2614 4791 2861 4866 ἀναξίους
2921 4788 3142 4852 ἑαυτοὺς
3197 4795 3297 4858 τῆς
3345 4787 3406 4844 ἔκ
3454 4792 3561 4844 τῶν
3623 4785 3782 4851 θείων

354 4883 534 4940 turris
563 4887 655 4941 est
684 4901 718 4939 a
748 4881 901 4939 482
930 4880 1075 4938 facie
1103 4881 1329 4937 inimici
1358 4883 1403 4916 ‘3
1438 4899 1451 4938 :
1481 4882 1583 4937 sed
1632 4900 1663 4938 a
1709 4888 2013 4956 peccatore

2131 4880 2412 4959 δογμάτων
2470 4883 2739 4959 φυλακῆς,
2797 4879 2886 4936 διὰ
2962 4880 3232 4955 ῥᾳθυμίας
3284 4880 3629 4949 ποιήσωμεν.
3686 4877 3785 4947 Τῷ

354 4973 427 5029 ob
449 4971 885 5030 derelictionem
906 4970 1100 5026 omnis
1122 4970 1388 5027 custodia
1409 4974 1467 5027 et
1484 4970 1667 5028 totius
1694 4973 1845 5029 arcis
1878 4990 2011 5045 pro-

2131 4974 2220 5046 μὲν
2275 4973 2377 5049 γὰρ
2431 4970 2623 5045 δικαίῳ
2652 4971 2858 5046 πύργος
2912 4969 3047 5031 ἐςτὶν
3081 4972 3109 5023 ὁ
3140 4970 3271 5031 Θεὸς
3330 4966 3436 5023 ἀπὸ
3484 4965 3783 5039 προσώπου

353 5062 760 5134 pugnaculum
792 5062 1078 5118 aufertur.
1112 5065 1178 5117 Et
1218 5061 1495 5117 dimittam
1544 5068 1763 5117 vineam
1810 5080 2011 5135 meam,

2131 5061 2347 5138 ἐχθροῦ,
2372 5067 2470 5117 τοῦ
2503 5060 2560 5118 δὲ
2588 5059 2923 5138 ἁμαρτωλοῦ
2956 5061 3069 5133 (78)
3101 5056 3189 5113 διὰ
3244 5058 3345 5127 τὴν
3404 5054 3782 5132 ἰγκατάλειψιν

422 5174 663 5304 "foan.
695 5194 750 5248 x,
784 5179 871 5233 16.
948 5176 993 5213 ³⁸
1022 5175 1211 5233 Galat.
1248 5192 1331 5245 m,
1366 5176 1453 5231 19.
1529 5176 1575 5212 ⁸⁸
1603 5177 1736 5234 Job.
1772 5194 1812 5247 ι,
1845 5180 1898 5235 7.
1981 5180 2019 5217 ⁴η

356 5266 445 5306 1.x.
518 5268 532 5282 ·

2132 5178 2206 5237 al.
2240 5198 2428 5248 Lxxix,
2462 5181 2550 5236 13.
2628 5180 2669 5215 ⁴¹
2703 5180 2848 5236 ibid.
2887 5180 2971 5234 14.
3050 5178 3096 5212 ⁸³
3124 5178 3286 5234 Rom.
3322 5193 3361 5243 ι,
3388 5174 3480 5229 28.
3559 5173 3604 5208 ⁸³
3628 5171 3782 5228 Psal.

422 5369 537 5514 (74)
572 5369 736 5427 Coib.
771 5369 1089 5436 secundus,
1122 5360 1543 5443 περιλαμϐάνει.

445 5444 517 5498 75
570 5443 719 5498 Editi
751 5448 808 5514 et
837 5457 990 5498 unus
1038 5458 1186 5509 ms.,
1216 5434 1468 5514 ἔγκειται.
1503 5439 1610 5495 Alii
1659 5444 1801 5511 tres,
1835 5437 2006 5497 ἔκκει-

2194 5372 2305 5445 (78)
2337 5371 2581 5446 Antiqui
2611 5388 2710 5428 sex
2733 5369 2889 5436 libri,
2922 5370 3019 5423 τοῦ
3052 5364 3109 5422 δὲ
3137 5362 3491 5443 ἁμαρτωλοῦ.
3515 5365 3783 5434 Εᾶὶίὶ,τῷ

2131 5440 2178 5497 Βὶ
2210 5442 2545 5514 ἁμαρτωλῷ.
2578 5443 2787 5499 Statim
2820 5442 2964 5514 editi
2996 5444 3054 5496 et
3100 5445 3222 5514 tres
3259 5456 3439 5514 mss”
3473 5435 3778 5514 ὀχυρώμα-

445 5435 537 5519 75)
570 5443 719 5519 ῌᾱίιί
751 5448 808 5519 et
837 5457 1012 5519 unus“
1038 5435 1468 5515 ms.,”e'yxct'cat.
1503 5439 1610 5495 Alii
1659 5444 1801 5511 tres,
1835 5437 2006 5497 ἔκκει-

2131 5440 2178 5497 Βὶ
2200 5435 2787 5519 “ἁμαρτυξλῷ.-8ιαῒὶω
2820 5435 2964 5519 editi
2996 5444 3054 5496 et
3100 5435 3222 5519 tres
3254 5435 3439 5519 :mss._,
3473 5435 3778 5519 ρχυρώμα-

356 5505 1122 5596 ταξζροέξθκοίίυεεκεῖται.
1254 5505 1266 5515 ’
1411 5582 1424 5596 ⁸
1630 5580 1645 5596 θ
1703 5583 1714 5596 1
1787 5505 1797 5511 ’

2131 5535 2210 5596 Eo:
2240 5505 2519 5596 πρόϐολή.
2556 5515 2697 5587 Reg.
2731 5513 2965 5596 tertius,
2996 5505 3483 5596 nspt6oM,cagtri
3502 5505 3778 5596 ambitus.

424 5585 537 5670 (:76)
565 5585 776 5642 Nostra
832 5577 1007 5670 editio
1063 5589 1122 5641 et
1166 5588 1309 5658 Reg.
1340 5582 1587 5656 primus,
1620 5580 1862 5661 ἀφὲντες.
1895 5586 2008 5643 Alii

2131 5577 2541 5670 Reg.'quartus
2572 5577 2707 5644 cuin
2770 5577 3180 5657 Colbfprimo,
3224 5577 3540 5658 προσϐολή,
3582 5582 3784 5640 minus

354 5655 820 5733 qui_n_qu_e_l_n_ss.,
852 5655 1156 5733 ἀφεθέντες.
1667 5655 1678 5661 ’

2131 5655 2295 5717 recte.

420 5726 541 5803 (77)
568 5728 720 5788 Editi
753 5726 815 5788 et
838 5726 955 5787 ttés
984 5743 1158 5801 mss.,
1178 5726 1440 5785 νοεῖσθαι.
1471 5726 1586 5785 Alii
1616 5733 1702 5786 tre
1936 5749 2009 5787 σι.
