4138 6362
300 337 422 401 357

1144 322 1552 394 COMMENT.
1599 321 1680 391 ΙΝ
1724 325 1995 390 ISAIAM
2042 327 2550 391 PROPHETAM.
2596 330 2769 392 CAP.
2817 330 2890 392 V.

3614 332 3735 398 338

300 469 669 544 περιαιρεῖται
722 469 866 520 πᾶσα
918 461 1187 539 ἀσφάλεια
1232 463 1320 518 καὶ
1366 461 1567 524 παντὸς
1599 459 1966 537 ὀχυρώματος

2106 463 2132 515 ἰ
2159 477 2271 517 non
2297 462 2605 532 putabitur,
2631 480 2803 536 neque
2835 465 3096 536 fodiatur.
3132 465 3341 538 Liquet
3367 467 3501 524 inde
3531 485 3736 526 eorum

301 551 584 635 προϐολή.
647 555 746 611 Καὶ
809 553 992 625 ἀνήσω
1051 554 1142 608 τὸν
1197 549 1497 626 ἀμπελῶνά
1555 570 1688 624 μου,
1747 547 1838 602 καὶ
1897 545 1958 635 οὐ

2106 549 2172 618 ζιιὶ
2223 556 2470 622 peccant
2499 553 2909 610 dimissionem
2946 555 3068 610 fieri
3121 571 3224 628 per
3272 555 3737 630 derelictionem.

310 633 388 724 μὴ
457 647 672 720 τμηθῇ,
734 640 860 699 οὐδὲ
917 643 995 716 μὴ
1057 645 1255 721 σκαφῇ.
1315 642 1590 698 Ἐντεῦθεν
1636 635 1830 708 δῆλον,
1877 633 1959 690 ὅτι

2106 640 2170 692 .it
2198 640 2355 696 enim
2409 641 2716 714 Scriptura
2766 644 2836 699 de
2887 643 2959 699 iis
3009 643 3227 715 quibus
3275 644 3585 718 providet:
3622 648 3740 703 Non
3805 701 3812 706 .

306 739 344 808 ἡ
378 737 558 796 ἄνεσις
586 731 695 790 τῶν
742 730 1084 806 ἁμαρτωλῶν
1133 732 1268 786 κατὰ
1313 728 1691 808 ἐγκατάλειψιν
1736 726 1959 804 γίνεται.

2069 730 2121 782 te
2169 729 2450 801 deseram,
2481 748 2656 802 neque
2708 737 2761 788 te
2813 732 3142 805 derelinquo
3163 735 3210 768 “
3241 750 3254 788 :
3285 750 3314 790 e
3345 735 3638 790 contrario
3669 736 3742 791 de

307 831 403 881 Ὧν
440 825 535 898 μὲν
581 823 686 899 γὰρ
731 825 1066 895 προνοεῖται,
1122 821 1150 874 ὁ
1203 819 1370 894 λόγος
1423 819 1609 898 φησίν.
1660 815 1736 875 OL’)
1791 816 1864 889 μή
1909 833 1965 868 σε

2106 817 2296 888 ριιὶὺιιε
2345 837 2590 892 prorsus
2623 823 2917 894 desperat,
2951 822 3060 878 hos
3096 823 3165 878 ad
3207 823 3401 880 carnis
3431 829 3490 879 et
3518 823 3742 895 cogita-

309 918 439 985 ἀνῶ,
501 909 618 968 οὐδ’
677 910 738 966 ού
801 912 877 984 μή
941 931 996 966 σε
1051 908 1432 985 ἐγκαταλείπω
1485 911 1619 981 (79)’
1681 907 1753 960 ὧν
1807 903 1852 960 δ’
1902 903 1964 958 ἂν

307 1000 592 1066 παντελῶς
623 1000 866 1073 ἀπογνῷ,
912 998 1137 1060 τούτους
1191 997 1410 1060 ἀνέτους
1459 997 1648 1075 ἀφίησι
1697 998 1873 1050 ποιεῖν
1902 991 1970 1046 τὰ

311 1093 596 1165 θελήματα
640 1091 740 1159 τῆς
785 1088 984 1162 σαρκὸς
1031 1088 1121 1142 καὶ
1168 1091 1277 1142 τῶν
1332 1085 1590 1142 διανοιῶν
1643 1084 1842 1150 αὐτῶν,
1895 1082 1969 1143 ὡς

317 1191 415 1253 τῆς
440 1178 793 1248 παιδευτικῆς
841 1177 1155 1255 ἀνωφελοῦς
1200 1176 1385 1238 αὐτοῖς
1437 1174 1718 1249 ἐσομένης.
1751 1173 1969 1242 ’Δνήσω

321 1271 430 1341 οῦν,
462 1269 616 1345 φησὶ,
669 1269 762 1324 τὸν
819 1267 1140 1342 ἀμπελῶνα.
1196 1267 1302 1324 Καὶ
1343 1265 1395 1321 τί
1452 1268 1566 1339 (80)
1613 1266 1676 1320 τὸ
1729 1262 1968 1326 ἐντεῦθεν

319 1360 463 1432 αύτῷ
521 1353 871 1432 συμϐαῖνον;
919 1357 998 1414 Ού
1063 1358 1137 1430 μὴ
1195 1357 1408 1430 τμηθῇ,
1463 1355 1650 1431 φησὶν,
1711 1349 1835 1407 οὐδὲ
1896 1351 1972 1424 μὴ

321 1451 498 1528 σκαφῇ
558 1444 656 1503 ἔτι.
711 1449 914 1524 Ὥσπερ
974 1446 1078 1522 γὰρ
1133 1446 1183 1500 οἱ
1231 1447 1332 1516 τὴν
1384 1442 1630 1518 ἄμπελον
1663 1443 1975 1517 τέμνοντες,

321 1538 643 1615 συνέχουσιν
693 1536 862 1607 αὐτῆς
915 1538 1016 1607 τήν
1060 1533 1312 1608 δύναμιν,
1366 1532 1503 1589 ὥστε
1538 1532 1975 1607 τεταμιευμένως

322 1630 415 1684 καὶ
447 1625 766 1706 σωφρόνως,
816 1625 907 1681 διὰ
951 1629 1052 1691 τῇς
1093 1629 1200 1680 τῶν
1235 1622 1536 1700 ἀναγκαίων
1570 1626 1761 1701 φορᾶς,
1795 1618 1981 1698 προϊέ-

323 1739 433 1774 ναι·
468 1716 612 1772 οὕτω
667 1716 757 1772 καὶ
815 1716 970 1792 ψυχὴ
1021 1712 1473 1788 έπίκαμπτομένη
1523 1718 1639 1774 ταῖς
1705 1709 1976 1784 θλίψεσιν,

326 1806 497 1862 οἱονεὶ
552 1804 904 1862 συστέλλεται
952 1802 1044 1859 κάὶ
1091 1807 1436 1859 ταπεινοῦται
1495 1801 1835 1869 λυσιτελῶς,
1886 1798 1976 1854 καὶ
2012 1829 2058 1893 Β

319 1897 454 1973 πρὸς
505 1897 604 1966 τὴν
663 1895 866 1950 οἰκείαν
915 1895 1110 1964 ἑαυτῆς
1155 1891 1472 1967 ἐπιμέλειαν
1527 1890 1867 1967 έπανάγεται,
1917 1890 1979 1943 τὸ

323 1985 611 2060 ἀναγκαῖον
657 1984 748 2040 καὶ
807 1981 1092 2060 ὠφέλιμον
1148 1983 1200 2037 ἰν
1257 1987 1372 2044 τοῖς
1430 1981 1742 2058 πράγμασιν
1798 1981 1982 2055 αἱρου-

328 2076 485 2150 μένηο
517 2077 553 2145 ἡ
587 2071 645 2130 δὲ
695 2074 950 2152 ἀφεθεῖσα
998 2069 1208 2143 ἄνετος,
1264 2071 1378 2126 οἷόν
1422 2091 1505 2133 τις
1555 2069 1801 2144 ἄμπελος
1845 2071 1982 2140 ἀτη-

331 2164 591 2240 μέλητος,
626 2162 894 2237 ὑλομανεῖ
922 2162 1012 2217 καὶ
1062 2160 1304 2236 ἐκχεῖται
1353 2162 1474 2235 περὶ
1513 2161 1581 2215 τὰ
1613 2161 1864 2236 ἄχρηστα
1892 2159 1982 2214 καὶ

333 2252 615 2332 ἀνωφελῆ,
646 2252 782 2328 πρὸς
824 2254 924 2322 τὴν
969 2256 1078 2307 τῶν
1123 2250 1351 2307 πολλῶν
1405 2251 1614 2322 ἀπάτην
1664 2255 1836 2304 πᾶσαν
1881 2250 1980 2318 τὴν

331 2347 441 2400 τῶν
488 2338 659 2420 ἔργων
706 2339 960 2414 ἐπίδειξιν
1005 2342 1334 2415 ποιουμένη.
1373 2340 1434 2397 Ὁ
1490 2339 1594 2415 γὰρ
1645 2343 1752 2394 τῶν
1811 2339 1986 2416 φθαρ-

333 2437 440 2488 τῶν
471 2433 571 2502 τήν
618 2430 867 2508 έργασίαν
920 2430 1251 2504 ποιούμενος
1295 2427 1489 2502 ὅμοιός
1540 2427 1680 2483 ἐστιν
1725 2425 1982 2502 ἀμπέλῳ,

339 2519 472 2592 ξύλα
517 2520 607 2575 καὶ
657 2519 844 2596 φύλλα
891 2522 1002 2594 (81)
1062 2519 1153 2574 καὶ
1203 2515 1389 2580 ἕλικας
1437 2516 1792 2595 ἐκτρεφούσῃ,
1842 2517 1984 2570 οἶνον

339 2609 397 2666 δὶ
448 2609 784 2689 εὐφροσύνης
857 2609 1172 2682 ποιητικὸν,
1231 2608 1306 2670 εἷς
1366 2607 1647 2678 ἀποθήκας
1702 2603 1988 2682 βασιλικὰς

337 2701 667 2772 ἀποτεθῆναι
700 2697 1018 2772 δυνάμενον,
1054 2699 1131 2772 μὴ
1307 2696 1564 2771 ποιούσῃ.

410 2791 621 2848 147.⁹Ο
669 2787 758 2844 οῦν
821 2788 1024 2850 ἀνεθεὶς
1082 2786 1344 2861 ἁμπελὼν
1405 2784 1502 2842 δύο
1560 2786 1760 2863 πάσχει
1818 2783 1983 2841 δεινοὶ⁸

337 2876 463 2936 ούτε
510 2880 784 2953 τέμνεται,
831 2877 1016 2953 φησὶν,
1065 2876 1187 2933 οὕτε
1217 2878 1532 2933 σκάπτεται.
1584 2875 1815 2951 Εἴρηται
1845 2875 1897 2930 τί
1926 2875 1988 2929 τὸ

342 2971 418 3042 μὴ
475 2969 784 3042 τέμνεσθαι,
831 2965 1076 3022 τουτέστι
1129 2967 1206 3040 μὴ
1265 2962 1816 3035 κατακονδυλίζεσθαι
1872 2968 1991 3026 ταῖς

337 3057 736 3132 περιστάσεσιν,
769 3054 902 3130 ὅπερ
933 3054 1016 3110 ἐπ’
1047 3054 1284 3132 ὠφελείᾳ
1312 3059 1418 3110 τῶν
1453 3048 1795 3126 θλιϐομένων
1837 3050 1990 3107 οἶκο-

340 3148 610 3217 νομεῖται.
646 3145 948 3198 Σκάπτεται
981 3140 1039 3196 δὲ
1069 3142 1096 3196 ὁ
1127 3147 1301 3197 πᾶσαν
1329 3142 1430 3212 τὴν
1461 3141 1844 3216 περικειμένην
1877 3141 1990 3214 (83)

343 3199 490 3305 αὐτῷ
537 3231 674 3303 ὕλην
727 3229 1116 3304 διδασκόμενος
1161 3231 1296 3306 πρὸς
1344 3199 1441 3299 τῇν
1493 3199 1693 3284 οίκείαν
1723 3199 1989 3308 ὠφέλειαν
2022 3199 2065 3266 C

345 3317 645 3394 λαμϐάνειν
678 3322 812 3395 (84).
867 3322 1022 3387 Οἴον,
1072 3320 1309 3398 ἅσκαφός
1355 3319 1498 3375 έστεν
1548 3317 1813 3382 πλούσιος
1842 3319 1870 3373 ὁ
1914 3322 1992 3391 τῷ

350 3408 502 3485 βάρει
553 3414 662 3464 τῶν
691 3409 897 3486 γηίνων
943 3409 1044 3476 τήν
1100 3410 1286 3482 ψυχὴν
1345 3407 1686 3482 πιεζόμενος⁶
1739 3408 1875 3482 πρὸς
1933 3407 1991 3461 ’ὸν

346 3495 468 3554 οὔτε
521 3498 670 3560 ὑετὸς
727 3497 977 3572 οὐράνιος
1031 3492 1360 3551 καταϐαίνειο
1422 3495 1484 3552 οὐ
1539 3499 1642 3572 γὰρ
1703 3495 1996 3574 έφικνεῖταὶ

341 3594 442 3658 τῆς
477 3586 652 3664 ῥίζης,
702 3583 924 3657 πολλῆς
975 3584 1060 3640 ἐπ’
1104 3584 1273 3656 αὐτῆς
1327 3588 1441 3659 (85)
1490 3587 1994 3662 συμπεφορημένης

343 3683 444 3748 τῆς
479 3675 864 3751 ματαιότητος.
923 3676 983 3732 Ὁ
1045 3676 1228 3748 μέντοι
1287 3679 1367 3747 τῷ
1419 3679 1794 3747 κατανυκτικῷ
1845 3674 1995 3751 Λόγῳ

346 3767 814 3830 ἀποσκευάσασθαι
872 3765 962 3820 τὸν
1022 3761 1195 3840 ὄχλον
1248 3768 1357 3820 τῶν
1407 3764 1612 3841 γηίνων
1664 3763 1998 3842 πραγμάτων

346 3856 436 3911 καὶ
469 3860 717 3935 φθαρτῶν
753 3851 1059 3930 διδαχθεὶς,
1106 3853 1196 3908 καὶ
1246 3855 1568 3909 ἀναπνεῦσαι
1622 3855 1714 3929 μὲν
1766 3855 1872 3909 ἀπὸ
1899 3859 2000 3923 τῆς

350 3951 610 4022 συνοχῆς,
642 3942 944 4019 ἐκκαλύψαι
995 3941 1053 3999 δὲ
1100 3944 1292 3998 ἑαυτοῦ
1336 3943 1404 3998 τὰ
1431 3944 1664 4018 κρυπτὰ,
1705 3943 1998 4018 ἀνατρέψαι

351 4033 410 4090 δὲ
432 4035 526 4098 τὰς
557 4037 654 4102 τῆς
683 4033 902 4108 πικρίας
956 4032 1128 4109 ῥίζας,
1176 4031 1266 4087 καὶ
1313 4029 1481 4087 οἷόνεὶ
1527 4034 1751 4107 ξηρᾶναι
1784 4028 1874 4087 διὰ
1902 4052 1999 4105 με-

348 4122 590 4196 τανοίας,
652 4122 808 4186 οὗτός
867 4121 1007 4176 έστιν
1064 4123 1092 4176 ὁ
1145 4120 1384 4200 σκαφείς.
1426 4120 1622 4198 Διόπερ
1674 4119 1764 4175 καὶ
1813 4123 1847 4190 ἡ
1891 4127 1998 4176 τῶν

351 4213 596 4277 ἀκανθῶν
651 4212 814 4288 χύσίς
862 4209 1156 4266 κωλύεται·
1187 4211 1484 4282 τουτέστιν,
1518 4211 1573 4265 αἱ
1608 4212 1865 4286 μέριμναι
1904 4214 2002 4266 τοῦ

356 4302 478 4379 βίου
509 4303 705 4358 τούτου
759 4298 1016 4374 οὐδεμίαν
1065 4297 1241 4370 ἕξουσι
1289 4300 1478 4376 χώραν
1527 4299 1577 4355 έν
1610 4303 1677 4375 τῇ
1723 4300 2002 4374 ἀνατροπῇ

349 4397 457 4449 τῶν
485 4392 712 4470 γηίνων.
746 4393 865 4448 Ἔτι
914 4390 1050 4466 πρὸς
1093 4389 1179 4458 τὸ,
1228 4390 1319 4463 μὴ·
1354 4396 1652 4462 τμηθῆναι,
1703 4390 1793 4444 καὶ
1841 4389 1905 4446 τὸ
1950 4389 2001 4444 έν

350 4487 430 4556 τῶ
499 4483 636 4537 κατά
707 4481 957 4551 Ἰωάννην
1019 4478 1340 4554 Εὐαγγελίῳ
1397 4477 1686 4552 εῗρημένον
1760 4479 2007 4556 παραλη-

351 4572 534 4627 πτέον·
591 4571 730 4645 Ἐγώ
789 4569 904 4644 εἶμι
963 4571 998 4640 ἡ

355 4663 543 4737 Πατήρ
604 4680 709 4734 μου
767 4660 795 4714 ὁ
853 4657 1096 4734 γεωργός
1150 4656 1300 4714 ἐστι.
1362 4662 1471 4711 Πᾶν
1530 4655 1722 4731 κλῆμα
1774 4656 1825 4712 ἐν
1876 4657 2002 4733 ἐμοὶ

362 4753 436 4827 μὴ
498 4750 658 4830 φέρον
717 4748 941 4823 καρπὸν,
1002 4745 1142 4821 α’ίρει
1200 4745 1355 4816 αὐτὸ,
1412 4747 1501 4802 καὶ
1556 4751 1660 4801 πᾶν
1691 4749 1753 4802 τὸ
1795 4750 2001 4826 καρπὸν

360 4843 519 4920 φέρον
556 4887 569 4913 ,
628 4841 870 4914 καθαίρει
920 4836 1049 4891 αὐτὸ
1082 4881 1096 4906 ,
1149 4833 1244 4890 ’ίνα
1292 4835 1498 4913 καρπὸν
1558 4833 1786 4891 πλείονα
1843 4837 2002 4915 φέρῃ.

430 4942 476 4976 “
505 4940 627 4996 Jos.
661 4956 704 5008 ι,
733 4938 788 4992 5.
865 4937 910 4972 ⁴⁸
941 4937 1101 4992 Rom.
1132 4953 1258 5006 xm,
1293 4937 1377 4993 14.
1455 4936 1500 4970 ⁸⁸
1529 4937 1693 4993 Joan.
1725 4955 1820 5009 xv,
1854 4940 1904 5006 1,
1936 4941 1990 4995 2.

430 5041 542 5112 (79)
574 5039 804 5112 Veteres
833 5037 1116 5112 quinque
1151 5035 1316 5112 libri,
1347 5031 1462 5112 οὐδέ
1492 5033 1555 5090 οὐ
1589 5036 1662 5108 μή
1698 5055 1756 5090 σε
1785 5035 2010 5112 έγκατα-

364 5105 556 5239 λείπω.
586 5111 760 5181 Editi,
792 5105 917 5164 ούδὶ
950 5105 1037 5182 inf
1061 5127 1118 5162 σε
1147 5105 1541 5183 ἐγκαταλείψω,
1572 5105 1745 5181 itaque
1774 5105 2009 5169 ledere-

398 5199 638 5239 mauam.

398 5199 638 5240 mquam.

580 5254 726 5336 ξοδ..
751 5257 1020 5336 quartus,
1053 5248 1154 5336 imi
1184 5249 1258 5308 τί.
1289 5252 1458 5336 Deest
1484 5250 1535 5336 τί
1569 5251 1628 5308 in
1660 5251 1936 5336 vulgatis.

436 5323 549 5398 (81)
580 5323 726 5398 Editi
761 5323 1008 5398 mirifice
1037 5325 1451 5398 depravantur,
1483 5324 1542 5381 in
1575 5323 1793 5398 quibus
1823 5325 1908 5382 sic
1935 5323 2012 5382 le-

404 5391 583 5474 imus,
630 5393 966 5474 ξρλαμπέλῳ
992 5391 1131 5474 ,καὶ-
1171 5391 1376 5474 φύλλα.
1407 5398 1482 5454 At
1528 5391 1791 5471 quinque
1841 5414 2011 5466 11188.,

360 5414 583 5527 Eunus,
630 5414 966 5471 ξυΛαμπεΛῳ
1021 5414 1114 5451 και
1171 5414 1413 5474 (peltam.

401 5468 622 5546 μπέλιρ,
653 5468 787 5541 ξύλα
816 5467 906 5523 καὶ
928 5465 1413 5546 ,φύλλαὶρρρὶωᾳ

435 5545 544 5617 (82)
570 5537 812 5617 Yeteres
843 5537 1105 5617 quinque
1131 5537 1290 5617 libri,
1323 5539 1629 5617 p15._Editi,
1662 5537 1746 5597 ού.

435 5555 526 5617 (82.
583 5555 812 5599 veteres
843 5557 1105 5614 quinque
1131 5555 1290 5610 llDrl,
1323 5555 1424 5614 μη.
1457 5555 1629 5610 uult],
1662 5555 1746 5597 ου.

432 5555 758 5765 ξὲῗέηῐξιίἱιὶ,
787 5610 1206 5688 παρακειμένην.
1237 5614 1311 5670 At
1347 5613 1611 5685 quinque
1655 5629 1824 5686 mss.,
1855 5632 2016 5688 περι-

361 5706 646 5762 κειμενην.

2079 905 2309 962 tionum
2345 927 2588 966 suarum
2623 911 2916 967 desideria
2961 913 3245 984 explenda
3277 911 3492 968 liberos
3536 913 3742 969 dimit-

2081 995 2416 1068 tit“,quod
2474 999 2560 1054 eis
2616 1001 2924 1072 profutura
2975 1017 3090 1056 non
3153 1003 3230 1056 sit
3287 1001 3738 1058 animadversio.

2082 1085 2368 1141 Dimittam
2401 1089 2596 1157 igitur,
2635 1089 2849 1160 inquit,
2885 1092 3122 1145 vineam.
3154 1089 3378 1162 Ecquid
3413 1092 3460 1146 ei
3497 1090 3744 1162 posthac

2083 1175 2412 1247 contingit?
2470 1178 2608 1244 Non,
2658 1179 2870 1250 inquit,
2931 1179 3241 1250 putabitur,
3274 1195 3448 1251 neque
3501 1180 3741 1251 fodiatur

2082 1266 2327 1335 amplius
2384 1268 2893 1332 Quemadmodum
2942 1268 3097 1324 enim
3133 1269 3234 1340 qui
3285 1268 3458 1324 vitem
3511 1273 3742 1341 putant,

2085 1353 2422 1426 astringunt
2451 1357 2872 1429 continentque
2910 1359 3038 1429 ejus
3070 1357 3368 1419 virtutem.
3400 1357 3483 1413 sic
3535 1361 3600 1413 ut
3647 1374 3742 1414 ne-

2086 1443 2342 1499 cessaria
2389 1447 2772 1517 profundens,
2803 1451 2958 1502 certa
2983 1447 3404 1519 temperatione
3436 1451 3494 1502 et
3540 1448 3739 1504 mode-

2087 1535 2210 1588 rate
2237 1535 2563 1606 procedat:
2596 1535 2679 1590 ita
2728 1541 2784 1591 et
2833 1535 3031 1591 anima
3077 1535 3499 1592 afﬂictionibus
3545 1535 3744 1592 incur-

2088 1627 2239 1693 vata,
2275 1624 2448 1696 quasi
2494 1624 2885 1696 contrahitur,
2917 1624 3383 1697 humiliaturque
3415 1624 3655 1692 utiliter,
3686 1627 3746 1681 et

2091 1711 2162 1767 ad
2195 1727 2396 1768 curam
2429 1713 2520 1769 sui
2570 1713 2760 1786 ipsius
2805 1713 3138 1770 habendam
3178 1718 3498 1782 revocatur,
3522 1718 3589 1770 ut
3618 1730 3747 1787 quae

2089 1801 2149 1856 in
2181 1800 2355 1858 rebus
2385 1803 2734 1875 peragendis
2785 1803 2840 1858 id
2887 1804 3041 1875 quod
3090 1803 3232 1858 utile
3265 1810 3355 1860 est
3382 1808 3439 1860 et
3467 1803 3750 1860 conduci-

2093 1889 2229 1958 bile,
2263 1889 2459 1964 eligat.
2495 1893 2535 1947 E
2567 1892 2817 1960 diverso,
2843 1910 2971 1965 quas
3006 1893 3255 1948 dimissa
3275 1897 3365 1949 est
3393 1893 3600 1962 libera,
3622 1909 3750 1966 per-

2090 1980 2228 2034 inde
2281 1985 2458 2054 atque
2486 1982 2652 2038 vinea
2701 1982 2992 2054 quaepiam
3043 1981 3311 2053 neglecta
3360 1981 3748 2053 eluxuriatur,

2093 2087 2273 2142 seque
2302 2071 2360 2128 in
2386 2088 2478 2128 res
2503 2089 2683 2130 vanas
2705 2078 2761 2128 et
2794 2072 3036 2128 inutiles
3065 2072 3337 2140 effundit,
3358 2078 3530 2145 atque
3550 2072 3752 2129 omuia

2094 2177 2204 2216 sua
2236 2177 2412 2232 opera
2453 2166 2728 2232 ostentat,
2760 2179 2876 2234 quo
2919 2161 3118 2235 plures
3167 2162 3225 2216 in
3276 2178 3532 2218 errorem
3582 2159 3751 2234 pelli-

2095 2249 2228 2306 ciat.
2253 2251 2361 2315 Qui
2393 2251 2546 2308 enim
2578 2267 2753 2324 opera
2784 2257 2977 2324 patrat
3007 2251 3368 2322 corruptioni
3397 2251 3667 2318 obnoxia,
3700 2249 3753 2306 is

2094 2339 2275 2395 vineas
2306 2340 2627 2396 consimilis
2657 2344 2768 2410 est,
2801 2341 2982 2414 ligna,
3017 2340 3157 2396 folia
3187 2344 3244 2396 et
3274 2339 3575 2412 capreolos
3603 2356 3753 2396 enu-

2097 2429 2316 2499 trienti,
2351 2430 2552 2485 vinum
2585 2435 2784 2487 autem
2815 2447 2932 2486 non
2964 2429 3336 2503 producenti,
3366 2431 3520 2503 quod
3543 2431 3756 2501 jucun-

2099 2520 2340 2574 ditatem
2391 2525 2566 2589 creet,
2600 2521 2876 2594 quodque
2924 2520 3114 2593 possit
3158 2519 3220 2574 in
3267 2518 3566 2592 regalibus
3610 2535 3753 2590 apo-

2099 2609 2286 2665 thecis
2317 2609 2574 2666 recondi.
2943 2640 2946 2643 -

2174 2789 2294 2844 147.
2327 2789 2510 2845 Vinea
2565 2789 2747 2862 igitur
2784 2788 3084 2858 derelicta,
3119 2787 3275 2844 mala
3321 2788 3438 2843 duo
3488 2786 3752 2858 patitur:

2100 2893 2289 2949 neque
2321 2884 2579 2950 putatur,
2634 2879 2848 2950 inquit,
2896 2895 3082 2949 neque
3135 2878 3372 2933 foditur.
3409 2877 3636 2932 Dictum
3666 2881 3758 2933 est

2101 2967 2242 3038 quid
2277 2967 2354 3021 sit
2387 2983 2500 3022 non
2535 2965 2746 3038 putari,
2771 2965 2880 3021 hoc
2905 2969 3016 3032 est,
3042 2963 3479 3020 calamitatibus
3511 2963 3756 3019 minime

2099 3054 2314 3123 vexari,
2333 3054 2391 3108 id
2414 3054 2566 3125 quod
2593 3053 2662 3108 ad
2695 3053 3004 3108 utilitatem
3027 3067 3226 3108 eorum
3247 3051 3350 3124 qui
3370 3052 3751 3122 afﬂictantur,

2103 3141 2458 3198 decernitur.
2483 3141 2589 3206 Qui
2632 3146 2828 3197 autem
2868 3140 3028 3196 omni
3060 3141 3310 3196 materia
3340 3140 3450 3196 sibi
3497 3141 3754 3196 circum-

2105 3231 2296 3304 posita
2328 3231 2407 3286 uti
2442 3231 2681 3286 docetur
2723 3231 2794 3286 ad
2835 3247 3008 3286 suum
3043 3229 3230 3302 ipsius
3261 3231 3660 3297 commodum,
3692 3231 3754 3286 in

2103 3321 2342 3376 foditur.
2367 3319 2630 3392 Exempli
2678 3336 2879 3390 causa,
2913 3320 3078 3375 dives
3129 3320 3301 3390 cujus
3332 3319 3528 3375 anima
3557 3335 3754 3375 rerum

2105 3415 2468 3465 terrenarum
2501 3410 2757 3482 pondere
2789 3408 3097 3482 premitur,
3131 3413 3190 3464 et
3222 3409 3293 3464 ad
3325 3423 3500 3480 quem
3531 3425 3647 3464 non
3677 3407 3764 3462 di-

2105 3497 2324 3554 labitur
2349 3497 2603 3554 coelestis
2635 3497 2853 3570 pluvia,
2877 3498 3072 3553 fossus
3097 3513 3213 3553 non
3245 3500 3352 3552 est.
3381 3497 3582 3569 Neque
3603 3496 3762 3553 enim

2105 3586 2296 3642 imber
2316 3589 2389 3642 ob
2413 3587 2655 3642 multam
2680 3586 2996 3642 vanitatem
3025 3586 3084 3641 in
3110 3586 3306 3641 anima
3329 3591 3660 3658 congestam
3693 3586 3764 3641 ad

2107 3676 2358 3732 radicem
2382 3693 2567 3748 usque
2586 3675 3174 3749 pertingit.Quisquis
3195 3679 3389 3731 autem
3410 3692 3478 3730 ex
3495 3692 3765 3732 sermone

2107 3765 2441 3822 contritioni
2466 3766 2683 3820 ciendaa
2717 3765 2928 3820 idoneo
2959 3764 3167 3820 didicit
3185 3765 3554 3820 terrestrium
3589 3765 3768 3819 ﬂuxa-

2110 3872 2359 3928 rumque
2408 3871 2604 3910 rerum
2651 3855 2884 3909 turbam
2934 3870 3165 3919 exuere,
3195 3854 3269 3909 ab
3318 3853 3592 3926 angustia
3632 3857 3690 3909 et
3732 3869 3767 3908 a

2109 3945 2503 4001 coarctatione
2534 3943 2846 4015 respirare,
2882 3943 3113 3998 occulta
3144 3959 3251 3998 sua
3281 3943 3568 4016 detegere,
3603 3959 3766 3998 ama-

2111 4034 2386 4090 ritudinis
2418 4033 2642 4090 radices
2663 4036 2919 4088 evertere
2941 4049 3006 4087 ac
3025 4031 3206 4087 veluti
3234 4049 3338 4104 per
3359 4032 3766 4104 paenitentiam

2111 4124 2421 4194 arefacere,
2454 4123 2505 4178 is
2547 4121 2742 4178 fossus
2775 4127 2883 4177 est.
2920 4124 3108 4188 Quare
3157 4125 3216 4176 et
3255 4121 3577 4193 impeditur
3620 4121 3770 4178 fusio

2113 4214 2414 4286 spinarum
2439 4216 2495 4268 et
2525 4211 2810 4279 accretio;
2845 4211 2954 4266 hoc
2984 4213 3092 4278 est,
3118 4209 3313 4266 locum
3345 4209 3576 4266 nullum
3609 4209 3774 4266 habi-

2112 4306 2255 4358 turas
2289 4307 2431 4358 sunt
2461 4301 2643 4372 hujus
2673 4299 2801 4355 vita:
2856 4298 3287 4355 sollicitudines
3320 4299 3376 4354 in
3404 4303 3772 4356 terrenorum

2113 4392 2432 4449 eversione.
2468 4392 2717 4462 Insuper
2764 4389 2833 4443 ad
2876 4387 3286 4460 explicandum
3337 4387 3479 4460 quid
3527 4387 3626 4458 sit,
3657 4403 3771 4444 non

2082 4529 2086 4531 .
2115 4483 2323 4554 putari,
2344 4479 2768 4536 assumendum
2795 4482 2884 4534 est
2904 4493 3139 4549 quoque
3165 4477 3220 4533 id
3251 4477 3405 4549 quod
3432 4477 3655 4534 dictum
3681 4481 3772 4534 est

1079 4566 1327 4642 ἄμπελος
1383 4570 1419 4637 ἡ
1479 4567 1718 4639 ἀληθινή
1753 4613 1766 4640 ,
1824 4569 1914 4624 καὶ
1973 4570 1989 4626 ί

2112 4571 2171 4627 in
2201 4570 2448 4626 Joannis
2496 4567 2807 4640 Evangelia
2842 4585 2854 4623 :
2887 4570 2996 4640 Ego
3043 4584 3164 4623 sum
3190 4569 3319 4624 vitis
3347 4583 3495 4634 vera,
3525 4570 3578 4624 et
3607 4569 3772 4624 Pater

2118 4678 2270 4719 meus
2301 4660 2545 4733 agricola
2571 4667 2665 4716 est.
2725 4662 2956 4718 Omnem
3000 4657 3289 4730 palmitem
3321 4660 3377 4714 in
3432 4675 3519 4714 me
3545 4675 3657 4715 non
3683 4661 3772 4730 fe-

2117 4756 2328 4808 rentem
2379 4753 2624 4822 fructum
2675 4749 2839 4814 tollit,
2872 4755 2924 4804 et
2951 4763 3167 4804 omnem
3213 4753 3312 4819 qui
3355 4751 3463 4821 fert
3504 4751 3768 4818 fructum,

2113 4845 2321 4914 purgat
2347 4857 2499 4909 eum,
2524 4848 2585 4895 ut
2611 4839 2856 4909 fructum
2884 4840 3241 4910 capiosiorem
3269 4839 3464 4910 aﬂerat
3483 4839 3546 4892 ω.
3579 4836 3770 4896 Malus

2193 5037 2528 5128 (8p4)\i:lostri
2551 5053 2652 5128 sex
2671 5034 2804 5090 libri
2829 5039 3069 5119 veteres,
3095 5028 3411 5128 λαμϐάνξιν,
3438 5032 3589 5128 Editi
3609 5049 3766 5118 vero,

2121 5103 2482 5176 ἀποϐάλλειν,
2533 5108 2604 5164 ad
2649 5123 2809 5163 suum
2861 5109 3033 5178 ipsius
3082 5103 3429 5164 commodum
3475 5103 3770 5162 materiam

2119 5183 2373 5254 abjicere.
2409 5183 2532 5246 Quo
2556 5185 2774 5254 autem
2808 5179 2868 5254 in
2900 5180 3047 5234 libro
3083 5179 3164 5234 ita
3194 5181 3480 5254 scriptum
3528 5179 3765 5254 invene-

2121 5251 2239 5310 rint
2266 5251 3022 5326 typograpbi_i’arisienses_,
3055 5251 3251 5326 nescio
3280 5253 3428 5326 :__se_d
3461 5254 3616 5306 certo
3648 5251 3770 5307 scio

2122 5327 2180 5382 in
2212 5322 2858 5399 illis—ip'siseodicibus,
2891 5323 3108 5399 quibus
3137 5322 3207 5377 ad
3253 5324 3567 5379 editionem
3599 5339 3766 5399 suam

2123 5394 2528 5466 adornandam
2562 5396 2653 5452 usi
2705 5400 2864 5462 sunt,
2887 5395 3206 5450 etiamnum
3237 5401 3594 5466 constanter
3633 5394 3768 5466 legi,

2123 5465 2442 5542 λαμϐάνειν,
2473 5470 2544 5526 ad
2569 5483 2733 5542 suum
2757 5467 2968 5542 ipsius
3003 5465 3347 5542 commodum
3391 5467 3632 5542 materia
3659 5465 3768 5542 uti.

2121 5535 2344 5599 Ibidem
2375 5535 2911 5612 edititb‘ﬂx-OLSFtOC.
2947 5537 3240 5612 Articulus
3279 5538 3337 5594 in
3371 5537 3732 5612 mss._de_est.

2193 5616 2306 5700 (85)
2334 5606 2944 5700 Εᾴίιίίέπίαύτήχίὲῐ
2971 5608 3232 5700 quinque
3261 5626 3431 5700 m'ss.,
3463 5607 3546 5664 ἐπ’
3575 5607 3767 5678 αὐτῆς.

2119 5679 2438 5764 Aliquanto
2467 5687 2603 5761 post
2630 5685 2750 5741 tres
2779 5695 2952 5756 mam,
2983 5679 3224 5749 ἀκανθῶν
3253 5679 3432 5762 φύσις.
