4138 6368
1274 330 1669 395 APPENDIX
1713 329 2038 394 OPERUM
2084 330 2148 392 S.
2196 328 2483 393 BASILIl
2530 328 2804 394 MAGNI.

3584 288 3611 299 ”
3635 333 3758 399 360

328 475 511 547 igitur
539 473 620 531 rei
653 470 962 529 familiaris
1007 466 1450 526 administrator
1478 466 1563 522 ait
1592 482 1605 520 :
1642 464 1847 521 Fodere
1875 478 1985 519 non

2106 462 2155 517 ⁸0
2189 462 2284 534 μὲν
2316 460 2407 516 οὖν
2452 464 2619 526 κακὸς
2676 462 2988 537 οἷ’κονόμος,
3052 465 3340 538 Σκάπτειν,
3407 467 3596 544 φησὶν,
3655 467 3754 522 οὐκ

328 565 492 621 valeo
506 565 572 634 ⁸⁷,
587 563 781 619 bonus
796 566 991 617 autem
1010 574 1077 614 ac
1099 557 1357 629 prudens
1379 556 1457 613 rei
1479 554 1791 612 familiaris
1808 553 1995 610 admi-

330 653 615 711 nistrator
635 653 777 708 scite
798 646 1222 717 circumfodiet,
1240 646 1348 701 hoc
1365 650 1474 715 est,
1489 661 1599 699 sua
1614 645 1815 700 omnia
1834 659 1989 699 emo-

324 742 509 808 vebit,
540 745 718 813 atque
746 738 898 795 488
945 733 1255 809 principali
1303 751 1422 790 sua
1454 732 1585 788 vita
1641 732 1988 797 accomoda:

325 831 434 887 bit.
457 828 728 887 Ostendit
771 824 1053 881 nimirum
1087 825 1241 895 quod
1274 822 1781 895 quemadmodum
1832 826 1989 876 terra

328 936 458 992 qua
489 919 561 975 ab
593 915 787 972 radice
817 913 1086 981 solvitur,
1112 914 1177 967 fit
1207 912 1422 984 planta
1446 911 1815 979 alimentum,
1839 913 1897 965 et
1920 924 1989 964 ea

328 1024 455 1080 qua
484 1006 537 1063 ei
569 1003 882 1069 incumbit,
905 1001 1240 1074 comprimit
1269 1000 1430 1056 illam
1458 1004 1515 1055 et
1544 1000 1822 1072 degravat
1854 1015 1866 1053 :
1903 998 1987 1053 sic

326 1100 384 1153 et
410 1110 589 1169 opum
622 1091 1041 1165 exsuperantia
1070 1090 1354 1147 divitibus
1383 1088 1756 1155 incumbens,
1781 1103 1985 1143 eorum

328 1184 559 1242 animas
590 1183 895 1254 demergit,
930 1180 1182 1237 alienata
1210 1196 1342 1235 vero
1371 1196 1401 1234 a
1433 1178 1898 1251 possessoribus,
1930 1179 1989 1231 et

326 1272 734 1346 indigentibus
756 1271 1096 1337 distributa,
1114 1275 1257 1325 tunc
1276 1284 1478 1323 eorum
1504 1268 1569 1323 ﬁt
1598 1267 1854 1339 pr0pria.
1875 1266 1984 1321 Sed

326 1379 398 1419 ex
426 1379 495 1419 eo
538 1361 695 1435 quod
748 1374 935 1433 neque
988 1364 1191 1431 putata
1235 1358 1404 1413 vinea
1436 1356 1535 1423 sit,
1573 1372 1764 1429 neque
1806 1355 1985 1425 fossa,

325 1466 695 1524 consequens
723 1454 815 1506 est
845 1453 910 1505 ut
940 1449 997 1503 in
1028 1465 1098 1504 ea
1125 1452 1407 1518 tanquam
1462 1447 1521 1502 in
1577 1451 1733 1502 terra
1762 1443 1987 1501 inculta

326 1544 597 1599 crescant
626 1539 830 1612 spina.
856 1538 1130 1595 Servator
1160 1541 1359 1593 noster
1388 1552 1487 1591 eos
1514 1535 1614 1607 qui
1648 1549 1776 1590 sese
1805 1533 1986 1606 hujus

323 1630 456 1688 vita
486 1628 645 1685 curis
692 1644 760 1685 ac
808 1625 1315 1684 sollicitudinibus
1368 1624 1698 1697 implicant,
1730 1622 1809 1679 ait
1855 1639 1985 1679 esse

324 1724 543 1776 terram
595 1716 799 1790 spinas
847 1716 1289 1789 producentem,
1323 1730 1450 1787 qua
1482 1713 1723 1786 quidem
1773 1712 1987 1783 excipit

2103 548 2301 625 ἰσχύω·
2338 552 2365 606 ὁ
2393 549 2451 607 δὲ
2490 554 2686 624 ἀγαθὸς
2734 554 2823 608 καὶ
2871 554 3140 630 φρόνιμος
3189 554 3482 629 οἰκονόμος
3533 554 3752 628 ἐπιστη-

2102 639 2285 713 μόνως
2340 642 2680 716 περισκάψει·
2740 646 3037 717 τουτέστιν,
3087 644 3399 716 ἀνακινήσει
3455 646 3632 701 πάντα
3684 644 3754 702 τὰ

2099 729 2417 805 ὑπάρχοντα
2462 730 2645 803 αὐτοῦ,
2703 735 2793 787 καὶ
2850 737 2918 807 τῇ
2969 734 3357 811 προηγουμένη
3410 735 3603 790 ἑαυτοῦ

2098 823 2211 893 ζωῇ
2256 821 2669 895 προσὸικειώσει
2704 842 2716 855 ·
2767 820 2998 892 δεικνὺς,
3033 823 3117 878 ὅτι
3141 822 3320 898 ὥσπερ
3352 826 3386 895 ἡ
3407 826 3500 901 γῆ,
3525 825 3751 902 ἀφιστα-

2099 908 2230 981 μένη
2280 909 2373 981 μὲν
2412 917 2511 981 τῆς
2561 910 2738 987 ῥίζης,
2786 913 2963 990 τροφή
3015 917 3112 967 τοῦ
3161 918 3331 991 φυτοῦ
3373 913 3599 989 γίνεται,
3632 914 3750 970 im-

2094 999 2320 1069 κειμένη
2353 996 2409 1054 δὲ
2442 998 2599 1075 αὐτῇ,
2645 995 2821 1056 θλίϐει
2864 1001 3033 1070 αὐτὴν
3065 1001 3155 1057 καὶ
3213 1003 3451 1079 βαρύνει·
3485 1001 3629 1058 οὕτω
3658 1004 3749 1059 καὶ

2095 1089 2130 1156 ἡ
2161 1093 2268 1142 τῶν
2303 1088 2610 1163 χρημάτων
2641 1084 2938 1163 περιϐολή,
2972 1089 3288 1163 ὶπικειμένη
3321 1093 3417 1165 μὲν
3437 1098 3556 1155 τοῖς
3583 1092 3752 1149 πλου·

2094 1180 2268 1247 τοῦσι,
2333 1179 2542 1254 βυθίζει
2594 1178 2769 1234 αὐτῶν
2813 1178 2909 1242 τὰς
2962 1180 3169 1256 ψυχας,
3202 1179 3645 1257 ἀλλοτριουμένη
3694 1181 3753 1239 δὲ

2093 1270 2200 1320 τῶν
2249 1264 2488 1344 ἐχόντων
2543 1267 2621 1331 εἷς
2669 1269 2770 1338 τήν
2819 1273 2926 1324 τῶν
2978 1266 3252 1343 δεομένων
3286 1269 3594 1345 με-άδοσιν,
3625 1273 3751 1329 τότε

2096 1355 2271 1411 αὐτῶν
2304 1356 2479 1413 οἰκεία
2506 1357 2727 1433 γίνεται.
2762 1356 3089 1414 Ἀκολουθεῖ
3121 1357 3179 1415 δὶ
3208 1365 3286 1432 τῷ
3333 1361 3409 1434 μή
3440 1363 3749 1437 τέμνεσθαι,

2099 1442 2239 1518 μηδὲ
2271 1447 2615 1520 σκάπτεσθαι,
2665 1448 2727 1503 τὸ
2774 1443 3079 1504 ἀναϐαίνειν
3126 1450 3201 1512 ὡς
3244 1449 3322 1511 εἰς
3355 1452 3552 1527 χέρσον
3585 1451 3750 1508 ἄκαν-

2095 1545 2213 1598 θαν.
2250 1534 2394 1598 Τοὺς
2425 1535 2787 1613 ένεχομένους
2815 1542 2933 1600 ταῖς
2961 1536 3059 1593 τοῦ
3094 1538 3218 1614 βίου
3244 1540 3536 1615 μερίμναις
3568 1541 3597 1595 6
3628 1546 3748 1595 Σω-

2091 1624 2197 1699 τὴρ
2228 1625 2389 1696 ἡμῶν
2442 1621 2634 1704 ἔφησεν
2688 1626 2820 1681 εἶναι
2868 1632 2969 1702 γῆν
3024 1626 3256 1691 ἀκάνθας
3308 1626 3621 1703 έκρύουσαν,
3665 1625 3751 1685 δε-

2093 1712 2337 1788 χομένην
2373 1715 2466 1787 μὲν
2520 1716 2610 1770 τὸν
2655 1720 2752 1770 τοῦ
2785 1713 2952 1792 λόγου
2990 1716 3221 1791 καρπὸν,
3254 1718 3658 1793 συμπνίγουσαν
3693 1715 3753 1774 δὶ

330 1807 494 1865 verbi
526 1808 803 1874 fructum,
838 1805 939 1861 sed
972 1804 1141 1860 illum
1188 1802 1377 1876 spinis
1421 1801 1754 1859 suﬁ'ocat“-
1787 1800 1990 1872 Itaque

2106 1802 2202 1857 ὕπὸ
2257 1808 2364 1858 τῶν
2411 1803 2663 1907 (ἀκανθῶν
2700 1846 2711 1859 .
2768 1805 2860 1866 Εἷς
2919 1803 3009 1860 οὖν
3070 1807 3185 1879 (87)
3239 1807 3338 1876 τὴν
3397 1807 3754 1885 ἀγεώργητον

327 1897 541 1972 ingens
572 1911 849 1953 curarum
879 1898 1076 1949 turma
1123 1892 1349 1948 invadit
1396 1893 1456 1947 in
1509 1890 1769 1947 animam
1800 1889 1988 1945 incul-

327 1990 473 2043 tam.
506 1985 648 2041 Eam
680 1984 753 2039 ob
783 1999 1025 2039 causam
1052 1982 1135 2038 ait
1169 1999 1182 2037 :
1218 1982 1469 2038 Crescent
1508 1982 1570 2036 in
1612 1994 1676 2035 ea
1723 1983 1991 2050 tanquam

328 2075 391 2130 in
419 2073 628 2129 inculta
657 2076 811 2128 terra
838 2072 1032 2143 spina.

398 2164 523 2219 148.
555 2161 812 2219 Observa
841 2166 1042 2218 autem
1066 2160 1414 2233 prOpbetam
1448 2159 1720 2231 superius
1750 2157 1989 2230 quidem

324 2251 544 2308 dixisse
578 2268 591 2307 ε
636 2251 957 2323 Exspeclavi
1003 2259 1063 2304 ιιι
1110 2252 1321 2323 facere!
1374 2265 1541 2305 uvam
1572 2266 1591 2303 :
1621 2248 1756 2320 fecit
1806 2258 1988 2303 autem

325 2342 554 2413 spinas;
598 2340 693 2395 hic
738 2355 874 2395 vero
914 2338 1142 2395 addidit
1173 2355 1187 2392 :
1225 2340 1286 2393 Et
1316 2341 1575 2394 crescent.
1609 2337 1833 2393 Etenim
1864 2353 1987 2392 ma-

330 2446 508 2504 gnam
540 2430 859 2502 quamdam
913 2427 1223 2499 malitiam,
1256 2433 1313 2484 et
1355 2427 1515 2483 illius
1549 2426 1841 2483 fusionem
1875 2425 1990 2482 late

336 2526 670 2592 serpentem
701 2518 927 2574 indicat
957 2518 1284 2590 Scriptura,
1311 2533 1414 2590 per
1442 2517 1746 2589 spinarum
1780 2532 1986 2572 ascen-

327 2625 462 2667 sum
486 2605 989 2679 acretionemque.
1007 2606 1227 2663 Deinde
1250 2607 1530 2678 quoniam
1556 2622 1734 2678 prava
1754 2610 1894 2661 sunt
1912 2604 1988 2660 vi-

328 2718 457 2758 nea
484 2700 774 2776 germina,
798 2702 872 2757 ab
898 2718 967 2757 ea
995 2700 1222 2756 tollitur
1252 2699 1485 2773 pluvia:
1512 2698 1987 2771 quandoquidem

327 2791 479 2863 ejus,
518 2794 585 2847 ut
613 2807 720 2862 par
750 2797 896 2859 erat,
928 2790 1271 2859 adjumento
1302 2805 1411 2845 usa
1442 2805 1555 2844 non
1591 2792 1701 2844 est.
1727 2787 1915 2852 Quare
1934 2794 1992 2844 et

331 2897 439 2936 nos
461 2897 596 2936 cum
619 2879 926 2936 occasione
947 2878 1120 2934 nobis
1143 2894 1176 2933 a
1197 2877 1313 2934 Deo
1348 2881 1485 2933 data
1515 2893 1630 2933 non
1664 2878 1736 2933 ad
1772 2879 1990 2933 bonum

329 2969 576 3038 utimur,
600 2969 770 3024 nobis
801 2968 1087 3024 adimitur
1116 2970 1347 3023 caleste
1373 2966 1732 3039 prasidium.
1754 2967 1915 3032 Quod
1940 2965 1990 3022 si

330 3059 510 3116 Israel
556 3058 727 3115 vinea
773 3062 884 3129 est,
918 3061 1118 3113 manet
1164 3055 1410 3124 inculta,
1444 3074 1557 3112 non
1610 3057 1804 3112 solum
1837 3056 1990 3127 quod

328 3148 578 3205 Domino
598 3164 717 3204 non
745 3147 1009 3203 attulerit
1044 3146 1268 3202 fructus
1298 3146 1410 3202 sibi
1441 3150 1854 3218 congruentes,
1888 3147 1988 3201 sed

2098 1894 2284 1967 ψυχὴν
2333 1892 2478 1948 πολὺ
2531 1895 2592 1948 τὸ
2645 1892 2858 1963 πλῆθος
2910 1898 3017 1949 τῶν
3074 1900 3375 1971 μεριμνῶν.
3429 1896 3521 1952 Διό
3563 1914 3750 1975 φησιν·

2099 1977 2497 2053 Ἀναόήσονται
2532 1983 2606 2046 εἷς
2630 1982 2788 2038 αὐτὸν
2822 1985 2895 2045 ὡς
2928 1984 3004 2047 εἷς
3038 1986 3236 2060 χέρσον
3271 1987 3512 2042 ἄκανθαι.

2174 2164 2486 2236 148.Ττςρει
2543 2158 2620 2234 δὶ,
2680 2163 2761 2216 ὅτι
2821 2164 2933 2217 ἅνω
2989 2164 3086 2236 μὶν
3146 2165 3309 2219 εἴπεψ
3376 2166 3608 2239 Ἔμεινα
3656 2169 3756 2221 τοῦ

2097 2255 2324 2319 ποιῆσαι
2378 2246 2658 2321 σταφυλὴν
2695 2293 2709 2317 ,
2771 2250 2995 2321 ἐποίησε
3066 2248 3123 2306 δὲ
3196 2251 3471 2317 ἀκάνθας·
3531 2252 3757 2309 ἐνταῦθα

2099 2334 2157 2392 δὲ
2212 2339 2515 2414 προσέθηκε
2570 2340 2632 2393 τὸ
2667 2384 2681 2409 ,
2741 2338 2837 2393 Καὶ
2896 2335 3256 2410 ἀναϐήσονται
3287 2384 3300 2397 .
3358 2343 3598 2418 Μέγεθος
3650 2342 3754 2418 γάρ

2095 2447 2147 2481 τι
2343 2435 2442 2497 τῆς
2493 2427 2704 2497 κακίας,
2732 2429 2822 2483 καὶ
2870 2430 2970 2497 τὴν
3004 2427 3091 2484 ἐπὶ
3138 2428 3285 2486 πολὺ
3331 2431 3492 2508 χύσιν
3526 2433 3554 2485 6
3588 2429 3753 2507 λόγος

2098 2514 2343 2594 έμφαίνει
2413 2514 2502 2572 διὰ
2575 2520 2675 2583 τῆς
2725 2523 2832 2572 τῶν
2892 2518 3137 2575 ἀκανθῶν
3206 2515 3514 2583 ἀναϐάσεως
3548 2565 3560 2577 .
3622 2521 3755 2578 Εἶτα

2099 2604 2285 2676 ἐπειδὴ
2370 2608 2588 2682 πονηρά
2661 2614 2763 2677 τῆς
2848 2607 3102 2682 ἀμπέλου
3176 2610 3245 2664 τὰ
3324 2607 3691 2686 βλαστήματα
3737 2655 3752 2682 ,

2098 2695 2303 2770 αἶ’ρεται
2336 2697 2503 2766 αὑτῆς
2535 2697 2564 2750 6
2606 2696 2784 2759 ὑετόςθ
2811 2695 3106 2775 ἐπειδήπερ
3156 2698 3256 2754 οὐκ
3302 2698 3377 2762 είς
3421 2696 3539 2754 δέον
3581 2698 3755 2775 ὶχρής

2099 2804 2227 2841 σατο
2270 2789 2340 2861 τῇ
2393 2787 2519 2861 παρ’
2575 2786 2742 2841 αὐτοῦ
2795 2789 3044 2862 βοηθείᾳ.
3077 2790 3239 2844 ’Ὠστε
3279 2787 3370 2843 καὶ
3408 2790 3572 2862 ἡμεῖς
3623 2787 3752 2843 ὅταν

2097 2881 2218 2938 ταῖς
2265 2875 2412 2950 παρὰ
2459 2875 2555 2931 τοῦ
2599 2880 2731 2931 Θεοῦ
2783 2873 3099 2950 δεδομέναις
3154 2880 3289 2950 ἡμῖν
3340 2876 3617 2953 ἀφορμαῖς
3674 2876 3750 2949 μή

2101 2964 2178 3027 είς
2235 2964 2431 3041 ἀγαθὸν
2472 2965 2810 3042 κεχρημένοι
2858 2966 3024 3041 ὦμεν,
3077 2968 3383 3045 ἀφαιρεῖται
3432 2969 3591 3039 ἡμῶν
3632 2967 3666 3035 ἡ
3700 2963 3753 3035 ἑξ

2101 3054 2331 3129 οὐρανοῦ
2368 3056 2614 3129 βοήθεια.
2650 3054 2712 3112 Εἰ
2745 3052 2802 3111 δὶ
2833 3056 3096 3129 ἀμπελὼν
3130 3057 3157 3111 6
3190 3054 3437 3132 Ἰσραὴλ,
3468 3054 3756 3130 ἀγεώργηο

2101 3165 2196 3206 τος
2233 3144 2378 3216 μένει
2437 3141 2526 3198 διὰ
2574 3145 2635 3198 τὸ
2699 3150 2775 3218 μὴ
2825 3142 3147 3200 ἀποδιδόναι
3194 3144 3321 3206 τοὺς
3359 3138 3759 3204 ἐπιϐάλλοντας

328 3237 486 3309 quod
517 3253 716 3294 servos
750 3237 914 3309 prius
946 3237 1019 3292 ad
1052 3253 1114 3292 se
1146 3236 1362 3291 missos
1406 3214 1699 3300 ceciderit,
1732 3235 1990 3291 obruerit

2106 3214 2249 3305 αὖτῷ
2276 3232 2519 3307 καρποὺς
2554 3237 2633 3306 τῷ
2687 3214 2948 3310 Δεσπότῃο
2993 3233 3141 3291 ἀλλὰ
3185 3233 3450 3311 πρότερον
3505 3232 3597 3306 μὶν
3628 3229 3758 3293 τοὺς

327 3324 631 3398 lapidibus
660 3329 720 3382 et
748 3325 1044 3391 occiderit,
1069 3341 1135 3382 ac
1183 3329 1479 3397 pastremo
1528 3325 1586 3380 in
1636 3325 1831 3395 ipsum
1863 3324 1988 3380 heri

332 3414 522 3471 ﬁlium
552 3431 766 3471 manus
790 3415 859 3470 ad
895 3431 1094 3471 necem
1124 3415 1179 3469 in
1181 3414 1393 3485 jecerit
1413 3415 1477 3470 ‘°.
1505 3415 1765 3470 Fuerunt
1790 3419 1990 3469 autem

334 3504 644 3578 spinarum
677 3503 919 3559 nomine
939 3504 984 3540 ⁵ο
1021 3503 1315 3576 insignita
1358 3503 1446 3560 ba
1486 3519 1691 3559 omnes
1722 3518 1908 3575 prava
1937 3507 1995 3559 et

333 3592 570 3664 injusta
599 3593 863 3649 actiones
896 3609 909 3648 :
945 3609 1072 3665 qua
1106 3597 1272 3648 terra
1314 3591 1640 3648 maledicta
1676 3595 1827 3648 fetus
1856 3608 1992 3648 cum

335 3681 478 3750 sint,
506 3684 639 3753 jure
677 3698 745 3738 ac
796 3680 1004 3738 merito
1033 3682 1222 3738 nubes
1250 3681 1311 3737 in
1344 3681 1577 3738 vineam
1625 3682 1768 3737 talia
1798 3682 1991 3755 profe-

335 3776 563 3827 rentem
597 3787 714 3826 non
746 3769 948 3843 pluere
969 3772 1153 3842 jussa
1184 3775 1342 3826 sunt.
1375 3771 1584 3842 Ecqua
1615 3772 1852 3827 tandem
1885 3788 1993 3827 nu-

335 3858 462 3925 bes,
496 3858 700 3930 ecquis
742 3858 972 3915 imber?
1014 3859 1309 3915 Conemur
1357 3858 1617 3931 physicis
1665 3859 1995 3917 rationibus

338 3947 413 4004 ad
446 3947 635 4004 nubes
686 3948 1090 4020 spectantibus
1129 3948 1201 4004 ad
1234 3964 1436 4004 eorum
1469 3965 1596 4019 qua
1626 3949 1785 4004 dicta
1833 3954 1995 4017 sunt,

335 4035 787 4109 intelligentiam
813 4037 1163 4109 pertingere.
1185 4040 1285 4093 Est
1306 4037 1488 4110 igitur
1510 4037 1697 4094 nubes
1721 4054 1821 4094 aer
1838 4055 1995 4096 cras-

337 4142 442 4182 sus
466 4141 534 4181 ex
553 4124 817 4182 humidis
836 4125 1154 4198 vaporibus
1175 4140 1207 4182 θ
1231 4130 1384 4182 terra
1404 4126 1671 4183 excitatis
1697 4133 1996 4199 constans,

336 4213 472 4270 dein
504 4231 745 4271 sursum
772 4215 965 4271 ventis
996 4220 1251 4285 evectus,
1274 4214 1633 4288 simulatque
1657 4233 1857 4273 eorum
1891 4233 1999 4290 ope

336 4302 396 4359 in
419 4304 652 4375 justum
686 4320 959 4360 acervum
1001 4309 1391 4377 congregatus
1420 4311 1534 4375 est,
1566 4310 1625 4361 et
1653 4321 1721 4361 ex
1752 4307 1997 4363 humore

336 4391 451 4448 sibi
499 4392 769 4466 insperso
809 4393 1061 4464 gravitas
1112 4394 1415 4450 sufﬁciens
1467 4396 1732 4463 accessit,
1764 4402 1906 4452 tunc
1936 4397 1997 4452 in

337 4485 556 4538 terram
587 4482 864 4555 guttatim
900 4481 1136 4539 labitur.
1172 4484 1299 4538 Hac
1329 4482 1565 4556 quidem
1599 4488 1689 4541 est
1717 4484 1998 4541 imbrium

2102 3321 2544 3392 ἀπεσταλμένους
2591 3320 2823 3385 δούλους
2867 3321 3041 3399 δεῖραι
3087 3324 3176 3378 καὶ
3230 3318 3619 3387 λιθοϐολῆσαι,
3667 3318 3759 3374 καὶ

2102 3411 2438 3482 ἀποκτεῖναι,
2490 3410 2707 3486 ὕστερον
2763 3409 2820 3465 δὲ
2866 3410 2957 3465 καὶ
3007 3410 3153 3481 αὐτῷ
3180 3414 3262 3482 τῷ
3304 3411 3407 3481 υἱῷ
3437 3413 3533 3463 τοῦ
3562 3407 3756 3464 δεσπό-

2099 3520 2196 3555 του
2251 3501 2348 3564 τὰς
2397 3506 2589 3576 χεῖρας
2643 3499 2718 3561 εἷς
2775 3498 2938 3576 φόνον
2983 3492 3288 3555 ἐπιϐαλεῖν.
3330 3497 3495 3555 Αὐταῖ
3546 3499 3662 3570 (89)
3696 3493 3755 3551 δὲ

2101 3595 2266 3645 πᾶσαι
2323 3591 2378 3644 αἱ
2426 3588 2662 3662 πονηραὶ
2712 3587 2803 3642 καὶ
2855 3584 3032 3641 ἄδικοι
3081 3585 3299 3662 πράξεις
3350 3583 3569 3641 ἄκανθαί
3619 3586 3754 3640 εἰσιν

2103 3680 2505 3754 ὡνομασμέναι’
2542 3676 2631 3732 διὰ
2672 3677 2737 3731 τὸ
2785 3680 2888 3751 γῆς
2937 3675 3318 3751 κατηραμένης
3352 3675 3487 3730 εἶναι
3524 3674 3763 3750 βλαστή-

2108 3791 2271 3844 ματα,
2328 3768 2555 3832 εἲκότως
2606 3764 2832 3829 ἐντολὰς
2884 3761 3254 3839 λαμϐάνουσιν
3306 3767 3362 3819 αἱ
3410 3766 3632 3843 νεφέλαι
3662 3767 3762 3819 τοῦ

2108 3861 2186 3933 μὴ
2224 3861 2440 3934 βρέχειν
2495 3855 2583 3912 ἐπὶ
2618 3856 2710 3911 τὸν
2754 3857 2822 3911 τὰ
2871 3858 2984 3929 (90)
3038 3858 3263 3911 τοιαῦτα
3313 3852 3607 3931 ἐκφέροντα
3654 3852 3767 3927 ἀμ-

2105 3946 2343 4005 πελῶνα.
2375 3945 2523 4008 Τίνες
2572 3944 2663 4000 οὖν
2697 3946 2753 3999 αἱ
2802 3943 3045 4022 νεφέλαι,
3087 3945 3174 3999 καὶ
3208 3945 3292 4007 τίς
3328 3946 3355 3999 ὁ
3386 3939 3637 4018 ὄμϐρος
3672 3944 3766 3997 Ἐκ

2105 4045 2206 4107 τῆς
2256 4036 2380 4111 περὶ
2424 4036 2597 4112 νεφῶν
2648 4033 3003 4109 φυσιολογίας
3052 4038 3396 4110 πειραθῶμεν
3448 4033 3525 4096 εἰς
3555 4028 3760 4087 ἔννοιαν

2106 4132 2214 4183 τῶν
2272 4126 2578 4200 εἰρημένων
2638 4123 2836 4180 ἐλθεῖν.
2869 4126 3022 4181 Ἔστι
3080 4124 3258 4179 τοίνυν
3313 4125 3348 4193 ἡ
3397 4120 3600 4201 νεφέλη
3657 4123 3760 4197 ἆήρ

2106 4215 2289 4293 παχὺς
2348 4214 2403 4271 ἐγ
2460 4221 2561 4284 τῆς
2621 4215 2787 4289 ὑγρᾶς
2841 4214 2977 4267 κατᾶ
3033 4216 3136 4288 γῆν
3184 4212 3595 4285 ἀναθυμιάσεως
3637 4231 3762 4265 συν-

2111 4303 2420 4377 ιστάμενος,
2451 4303 2563 4357 εἶτα
2617 4301 2997 4376 μετεωρισθεὶς
3028 4305 3146 4365 τοῖς
3185 4298 3428 4373 ἀνέμοις,
3462 4301 3587 4355 ὅταν
3616 4293 3761 4373 λάϐῃ

2106 4394 2235 4469 παρ’
2266 4392 2439 4447 αὑτῶν
2494 4391 2781 4468 ἀξιόλογον
2827 4389 3122 4466 ἄθροισμα,
3171 4390 3261 4444 καὶ
3309 4389 3371 4444 τὸ
3423 4389 3483 4444 ἐκ
3531 4396 3634 4458 τῆς
3681 4388 3764 4443 ἐν·

2110 4483 2457 4558 εσπαρμένης
2489 4480 2635 4554 αὐτῷ
2690 4483 2805 4555 (91)
2850 4476 3066 4542 νοτίδος
3126 4478 3291 4554 βάρος
3318 4478 3502 4535 ἱκανὸν
3552 4477 3764 4555 ἐγγένη-

339 4575 575 4642 natura,
602 4571 701 4642 qui
735 4588 907 4628 suam
937 4572 1226 4644 originem
1255 4573 1504 4628 trahunt
1532 4590 1567 4629 a
1594 4578 1769 4645 terra,
1795 4592 1860 4631 ac
1892 4576 1990 4632 ite-

2106 4592 2218 4640 ται,
2259 4574 2384 4628 τότε
2433 4570 2697 4647 σταγόνας
2749 4570 2824 4633 εἷς
2871 4570 2972 4639 τὴν
3020 4576 3121 4645 γῆν
3193 4568 3423 4646 ἀφίησι,
3484 4567 3579 4622 Καὶ
3628 4563 3763 4635 αὕτη

340 4674 475 4717 rum
498 4675 602 4732 per
616 4675 755 4717 aera
776 4661 835 4716 in
866 4665 1084 4717 terram
1109 4660 1481 4717 delabuntur.
1508 4662 1809 4734 Ejusmodi
1830 4669 1999 4720 erant

340 4753 402 4806 et
428 4748 747 4821 propheta,
776 4747 934 4821 quia
963 4750 1262 4806 communi
1286 4751 1526 4822 quidem
1560 4756 1770 4809 natura
1799 4754 1999 4810 oriun-

2112 4666 2220 4718 τῶν
2267 4656 2491 4739 ὄμϐρων
2522 4663 2557 4732 ἡ
2590 4660 2771 4739 φύσις,
2821 4660 2927 4716 ἀπὸ
2975 4663 3083 4735 γῆς
3134 4659 3236 4727 τήν
3277 4657 3457 4735 ἀρχὴν
3503 4655 3765 4733 ἐχόντων,

2111 4752 2202 4808 καὶ
2236 4749 2305 4808 δι’
2337 4751 2496 4829 ἀέρος
2520 4749 2688 4806 πάλιν
2717 4748 2805 4805 ἐπὶ
2850 4749 2951 4818 τήν
2981 4754 3087 4823 γῆν
3138 4748 3474 4825 φερομένων.
3515 4749 3770 4802 Τοιοῦτον.

340 4837 423 4908 di,
450 4837 555 4894 Sed
582 4841 824 4910 propter
862 4837 1071 4894 anima
1121 4839 1439 4911 puritatem
1491 4840 1703 4897 virtute
1748 4842 1990 4914 Spiritu:

2114 4842 2250 4910 ἦσαν
2310 4841 2401 4896 καὶ
2458 4841 2511 4895 οἰ
2558 4846 2860 4917 προφῆται,
2921 4836 2980 4892 ἐκ
3038 4837 3135 4911 μὶν
3185 4844 3285 4906 τῆς
3337 4842 3531 4906 κοινῆς
3559 4834 3769 4914 φύσεως

415 5013 459 5048 ‘7
488 5012 628 5070 Luc.
661 5029 777 5087 xv1,
808 5013 861 5069 3.
942 5014 985 5049 ἰε
1020 5014 1156 5071 Luc.
1191 5032 1314 5086 vm,
1348 5016 1435 5071 14.
1512 5017 1555 5052 ⁴⁰
1586 5016 1794 5072 Matth.
1828 5035 1943 5089 xxx,
1975 5018 1990 5073 ε

2106 5019 2167 5072 :9.
2246 5017 2291 5051 ⁸ο
2320 5016 2464 5073 Gen.
2501 5031 2585 5085 ιιι,
2621 5014 2707 5071 18.

417 5181 530 5257 (86)
572 5183 810 5241 Veteres
867 5184 1130 5257 quinque
1185 5184 1342 5253 libri,
1398 5183 1610 5242 ἑαυτοῦ.
1669 5187 1843 5257 Editi,
1904 5187 2005 5243 αὐ-

346 5255 467 5309 τοῦ.

421 5324 535 5398 (87)
562 5323 689 5393 Illa,
737 5323 813 5386 sic
855 5323 972 5397 οὖν,
1013 5331 1149 5394 etc.,
1182 5332 1285 5383 aut
1330 5325 1690 5390 έλλειπτικῶς
1737 5330 1873 5397 dici,
1906 5334 2009 5387 aut

350 5399 565 5474 trunca
583 5412 715 5474 esse
744 5413 937 5468 nemo,
966 5402 1027 5455 ni
1052 5399 1239 5474 fallor,
1265 5400 1438 5474 homo
1455 5400 1839 5474 “dil'ﬁtebitur.
1860 5407 1937 5474 Su
1948 5420 2006 5474 p-

348 5466 515 5546 pleas
544 5468 727 5546 igitur
781 5465 1015 5546 oportet
1055 5465 1297 5528 verbum
1346 5465 1645 5543 ἀναϐαίνει,
1675 5477 1780 5528 aut
1820 5465 2003 5546 aliud,

352 5540 733 5614 Quodgujagis
762 5540 1065 5613 placuerit.

348 5611 386 5685 ,ξ
423 5611 537 5685 (88)
566 5611 668 5669 Sic
710 5611 934 5685 veteres
980 5619 1235 5685 quatuor
1286 5614 1442 5673 libri.
1472 5612 1630 5670 Editi
1680 5629 1815 5671 vero
1844 5612 1936 5670 ὲπί

352 5681 565 5742 Statim
593 5688 735 5759 Reg.
762 5681 1015 5759 tertius;
1029 5681 1199 5762 λόγος
1212 5683 1478 5767 ἐκφαίνει.

2334 5185 2506 5271 Edjti,
2553 5182 2745 5271 ᾼῦταιε
2774 5186 2846 5240 At
2893 5185 3156 5270 quinque
3207 5200 3379 5271 mss,
3425 5180 3603 5271 αὐταί.
3643 5184 3775 5240 Mox

2116 5253 2291 5324 editi,
2312 5256 2374 5330 ai
2399 5253 2488 5311 διὰ
2514 5256 2597 5314 τό.
2628 5260 2701 5315 At
2728 5258 2788 5313 in
2820 5253 3266 5330 quiinque‘mss.
3289 5256 3453 5330 deest
3481 5253 3556 5309 at.

2120 5403 2130 5413 .
2188 5322 2298 5401 (90)
2330 5329 2570 5412 veteres
2599 5322 2863 5403 quinque
2894 5322 3051 5398 libri,
3084 5326 3170 5383 ἐπὶ
3218 5328 3310 5383 τὸν
3362 5326 3449 5384 τά.
3492 5329 3665 5383 Deest
3708 5322 3776 5379 τά

2117 5415 2173 5456 ιη
2209 5417 2455 5457 BXCUSIS.
3042 5428 3047 5432 '

2188 5474 2300 5545 (91)
2335 5473 2507 5545 Editi,
2534 5470 2734 5545 αὐτῶν.
2770 5471 3019 5545 Antiqui
3067 5476 3186 5545 tres
3236 5471 3398 5541 libri,
3450 5468 3609 5543 αὐτῇ.
3663 5467 3776 5524 Alii

2118 5543 2456 5617 dumagitq),
2487 5543 2607 5617 ἀέρι
2634 5543 2925 5617 videlicet,
2969 5544 3201 5602 melius.
3230 5545 3440 5601 Statim
3472 5560 3575 5600 sex
3606 5557 3776 5612 mss.,

2112 5621 2213 5685 τῆν
2241 5612 2459 5692 ἀφίησι.
2493 5612 2669 5685 Editi,
2704 5612 2900 5684 ἐνίησι.
