4138 6376
327 377 440 440 361

1194 375 1600 439 COMMENT.
1647 376 1718 435 ΙΝ
1768 373 2030 434 ISAIAM
2079 373 2580 438 PROPHETAM.
2629 376 2801 437 CAP.
2850 379 2924 437 V.

3625 379 3745 438 362

331 506 678 586 ὡρμημένοι,
714 501 802 563 διὰ
835 503 892 563 δὲ
920 507 1266 582 καθαρότητα
1291 511 1477 582 ψυχῆς
1499 511 1568 580 τῇ
1619 503 1843 578 δυνάμει
1890 505 1986 558 106

2110 507 2158 562 in
2210 506 2464 565 sublime
2517 511 2714 576 erecti,
2759 509 3070 566 animabus
3129 509 3300 565 bonis
3348 513 3406 566 et
3453 509 3749 582 frugiferis

329 597 652 671 Πνεύματος
703 596 1161 672 ὑπερυψούμενοι,
1194 597 1283 652 καὶ
1337 596 1518 671 λόγων
1564 595 1804 669 γονίμων
1861 614 1985 648 στα-

328 687 490 763 γόνας
544 691 666 750 ταῖς
720 691 922 763 ψυχαῖς
983 692 1106 750 ταῖς
1159 687 1376 761 ἀγαθαῖς
1449 684 1538 740 καὶ
1613 683 1984 760 καρποφόροις

329 776 697 846 ένστάζοντες.
746 781 1006 838 Τοιοῦτος
1054 775 1121 845 ἦν
1161 777 1425 845 Μωυσῆς,
1476 774 1676 850 λέγων·
1742 770 1983 846 Προσδο-

328 865 512 921 κάσθω
560 865 635 928 ὡς
699 866 848 929 ὑετὸς
902 866 964 920 τὸ
1017 863 1340 942 ἀπόφθεγμά
1413 883 1554 937 μου·
1626 861 1714 918 καὶ
1795 860 1980 917 πάλιν·

328 958 416 1018 Ὡς
476 957 587 1028 (92)
647 949 856 1029 ὄμϐρος
937 953 1019 1010 ἰπ⁹
1095 951 1385 1030 ἄγρωστιν,
1443 953 1533 1008 καὶ
1587 952 1714 1006 ὡσεὶ
1771 951 1987 1026 νιφετὸς

332 1044 418 1102 ἐπὶ
449 1044 673 1120 χόρτον.
739 1044 904 1099 Λύται
932 1041 1022 1099 οὖν
1083 1044 1136 1098 αἱ
1195 1043 1438 1119 οὐράνιοι
1473 1040 1723 1114 δυνάμεις
1757 1039 1981 1108 ἐντολὴν

336 1129 673 1208 λαμϐάνουσι
727 1137 824 1188 106
887 1134 962 1207 μὴ
1027 1134 1241 1209 βρέχειν
1298 1131 1386 1187 ἐπὶ
1456 1133 1546 1186 τὸν
1611 1129 1981 1208 ἀκανθοφόρον

337 1221 652 1298 ἀμπελῶνα,
683 1223 776 1278 τὸν
807 1227 925 1287 ταῖς
957 1223 1210 1287 ἀκάνθαις
1253 1226 1374 1284 ταῖς
1427 1219 1652 1283 οἰκείαις
1712 1220 1984 1296 στεφανώ-

334 1311 491 1368 σαντά
542 1334 644 1386 μου
692 1312 784 1366 τὸν
839 1311 1140 1383 Δεσπότην.
1195 1312 1293 1366 Διὰ
1321 1315 1485 1366 τοῦτο
1513 1311 1602 1364 νῦν
1636 1312 1815 1380 σιωπή
1874 1309 1984 1364 ἐστι

330 1402 474 1478 παρᾶ
498 1405 568 1476 τῇ
601 1405 890 1478 συναγωγῇ
924 1401 1102 1477 ἐκείνῃ
1151 1399 1321 1476 λόγου
1367 1405 1522 1468 Θεοῦ,
1571 1399 1660 1454 καὶ
1693 1398 1792 1454 οὐκ
1842 1394 1984 1454 ἔστιν

331 1491 406 1548 ἔτι
457 1494 771 1570 προφήτης,
835 1489 960 1548 οὐδὲ
1019 1489 1225 1569 ἅρχων,
1281 1489 1404 1547 οὔτε
1460 1491 1794 1567 ἡγούμενος,
1860 1489 1986 1546 ἀλλ’

333 1581 516 1657 αἲθρία
568 1579 714 1652 δεινή
763 1581 852 1637 καὶ
902 1579 1180 1657 ἀνέφελος,
1236 1586 1337 1648 τῆς
1399 1579 1572 1636 πάλαι
1619 1582 1852 1654 κατάρας
1903 1579 1986 1635 ἐπ’

338 1671 506 1741 αὐτῆς
567 1666 996 1747 βεϐαιουμένης·
1059 1671 1180 1741 ὅτι,
1243 1671 1340 1726 Καὶ
1392 1669 1537 1725 ἔσται
1599 1691 1682 1725 σοι
1739 1670 1767 1724 6
1824 1669 1986 1744 οὐρα-

335 1760 427 1822 νὸς
498 1762 609 1835 (93)
675 1761 806 1838 ὑπὶρ
883 1759 1129 1838 κεφαλῆς
1209 1781 1304 1814 σου
1355 1759 1623 1835 χαλκοῦς,
1681 1759 1771 1813 καὶ
1829 1761 1864 1829 ἢ
1915 1765 1985 1836 γῆ

338 1850 592 1905 ὑποκάτω
651 1871 746 1905 σου
804 1847 1020 1926 σιδηρᾶ·
1080 1850 1167 1905 καὶ
1215 1849 1403 1905 πάλιν
1452 1850 1576 1922 Δῲη
1606 1849 1633 1904 6
1665 1849 1867 1924 Κύριος
1895 1849 1986 1903 τὸν

342 1940 490 1995 ὑετὸν
567 1946 667 2010 τῆς
742 1946 846 2016 γῆς
919 1961 1013 1994 σου
1073 1940 1380 2014 κονιορτὸν,
1450 1939 1540 1994 καὶ
1598 1942 1734 2014 χοῦς
1783 1937 1842 1992 ἐκ
1895 1941 1992 1992 106

341 2030 576 2105 οὐρανοῦ
631 2025 992 2099 καταϐήσεται
1051 2027 1138 2083 ἐπὶ
1198 2029 1256 2082 σὶ
1289 2071 1302 2096 ,
1361 2025 1466 2090 ἕως
1519 2025 1579 2082 ἂν
1630 2026 1856 2102 ἐκτριψῃ
1913 2048 1991 2083 σε.

343 2117 534 2175 Οὐκέτι
586 2119 688 2194 γὰρ
747 2119 800 2171 αῖ
858 2117 1078 2196 νεφέλαι
1133 2119 1188 2172 αἱ
1245 2118 1633 2191 πνευματικαί’
1687 2117 1777 2171 καὶ
1815 2116 1992 2172 οὐκέτι

339 2209 650 2284 προφήτης,
708 2213 807 2276 τῆς
858 2207 1085 2276 ἐντολῆς
1144 2211 1239 2261 τοῦ
1273 2207 1477 2279 Κυρίου
1524 2202 1744 2282 βεϐαίας
1789 2205 1992 2285 φυλατ-

340 2299 595 2370 τομένης·
656 2296 769 2351 Κᾶν
801 2297 855 2350 αἱ
885 2296 1104 2375 νεφέλαι
1133 2294 1190 2352 δὲ
1225 2298 1441 2373 βρέχειν
1487 2295 1776 2372 λέγωνται⁶
1837 2294 1993 2352 οὐδὲν

339 2389 500 2455 ⁵Ῑῖτσιόν
531 2387 559 2440 6
590 2385 792 2460 Κύριός
823 2387 964 2441 ἐστιν
997 2387 1024 2440 ὁ
1059 2385 1293 2462 βρέχων.
1344 2384 1457 2443 Οὐκ
1499 2385 1608 2440 ἐστι
1656 2385 1778 2462 γὰρ,
1835 2385 1997 2464 φησὶν

342 2477 370 2532 6
399 2478 718 2554 προφήτης,
766 2476 985 2545 ὑετίζων
1043 2475 1223 2551 ὥσπερ
1273 2475 1356 2532 σύ.
1391 2475 1494 2530 Καὶ
1525 2473 1690 2530 πάλιν
1723 2473 1781 2529 ἐκ
1827 2495 1995 2549 προσ-

344 2565 496 2620 ώπου
525 2569 623 2620 106
679 2565 816 2620 Θιού
848 2561 1081 2638 εἷ’ρηταιο
1143 2563 1242 2617 Καὶ
1303 2563 1473 2639 βρέξω
1511 2562 1598 2618 ἰπὶ
1647 2561 1809 2617 πόλιν
1849 2561 1994 2636 μίαν,

343 2653 431 2709 ἐπὶ
487 2653 545 2709 δὲ
602 2651 766 2708 πόλιν
831 2654 954 2727 μίαν
1017 2653 1078 2708 οὐ
1136 2652 1337 2729 βρέξωο
1404 2653 1556 2729 μερὶς
1618 2651 1714 2726 μία
1776 2653 1996 2728 βραχή-

347 2764 514 2817 σεται,
574 2743 664 2798 καὶ
725 2742 911 2817 μάρῖς,
974 2741 1055 2820 ἰφ⁹
1108 2743 1292 2812 ἣν·οὐ
1353 2742 1992 2819 βρὲξω,ξηρανθήσεται⁶

346 2833 764 2906 οἷκονομοῠντος
795 2837 892 2888 τοῦ
923 2832 1126 2908 ἀγαθοῦ
1157 2836 1290 2886 Θεοῦ
1327 2834 1426 2902 τὴν
1476 2829 1671 2907 μερίδα
1717 2836 1824 2886 τῶν
1871 2852 1996 2907 χει-

346 2922 518 2998 ρόνων
577 2923 652 2994 μὴ
712 2923 986 2999 βραχῆναι
1023 2921 1156 2996 ὑπὲρ
1187 2925 1284 2976 106
1325 2920 1648 2995 ξηρανθῇναι
1682 2920 1734 2975 ὲν
1764 2920 1899 2995 αὐτῇ
1931 2921 1997 2975 τὰ

343 3015 442 3085 τῆς
515 3011 784 3086 πονηρίας
859 3013 1238 3087 βλαστήματα.
1318 3014 1515 3087 Σαφῶς
1581 3010 1884 3082 παρέστησε
1934 3007 1995 3063 τὸ

2096 596 2361 653 vitalium
2396 599 2704 654 verborum
2753 603 2950 671 guttas
3003 598 3388 654 instillabaut.
3422 599 3576 655 Talis
3624 603 3752 655 erat

2098 685 2345 758 Moyses,
2395 687 2596 743 dicens
2651 707 2663 745 :
2718 691 3066 760 Exspectetur
3115 696 3175 744 ut
3211 689 3428 760 pluvia,
3473 689 3754 759 eloquium

2096 791 2278 831 meum
2306 777 2388 844 5‘;
2422 782 2474 832 et
2509 795 2716 833 rursus
2752 795 2764 834 :
2805 779 2976 846 Quasi
3005 778 3177 834 imber
3222 794 3398 856 super
3417 795 3668 849 gramen,
3701 780 3756 834 et

2093 867 2253 938 quasi
2278 867 2470 938 pluvia
2501 868 2705 921 nivalis
2744 871 2801 921 in
2830 867 3053 922 herbam
3085 867 3151 921 ⁵³.
3183 867 3525 939 Ριιωοίρὶιυι·
3555 867 3754 939 itaque

2094 954 2426 1010 coelestibus
2461 955 2588 1010 istis
2611 956 2946 1023 virtutibus,
2974 973 3044 1011 ne
3069 955 3127 1011 in
3148 955 3377 1012 vineam
3411 956 3752 1028 spiniferam

2095 1044 2321 1116 pluant,
2347 1061 2473 1116 qua:
2496 1045 2812 1100 Dominum
2836 1062 3031 1101 meum
3056 1045 3181 1101 suis
3211 1045 3399 1118 spinis
3431 1047 3750 1103 coronavit.

2095 1135 2282 1198 Quare
2311 1133 2367 1187 in
2401 1150 2698 1206 synagoga
2743 1134 2845 1189 illa
2893 1151 3048 1189 nunc
3100 1134 3304 1190 siletur
3349 1135 3448 1190 Dei
3485 1136 3750 1205 verbum,

2096 1239 2200 1277 nec
2229 1227 2319 1277 est
2349 1222 2604 1294 amplius
2635 1223 2940 1294 propheta,
2977 1240 3164 1294 neque
3221 1223 3514 1296 princeps,
3562 1239 3752 1296 neque

2095 1311 2216 1366 dux
2237 1312 2308 1366 ‘3:
2335 1312 2434 1367 sed
2459 1311 2670 1367 sudum
2694 1329 2886 1384 grave,
2910 1312 3169 1367 nubibus
3194 1311 3370 1367 nullis
3393 1314 3749 1369 obductum:

2095 1402 2313 1474 quippe
2337 1402 2712 1473 pronuntiata
2734 1401 2872 1456 olim
2897 1403 3178 1457 adversus
3199 1417 3326 1456 eam
3348 1404 3500 1458 484
3519 1403 3756 1459 maledi-

2097 1491 2210 1545 ctio
2233 1492 2638 1546 conﬁrmatur.
2668 1491 2980 1558 Nimirum,
3008 1493 3070 1544 Et
3091 1493 3203 1547 erit
3232 1492 3337 1546 tibi
3363 1493 3561 1548 malum
3590 1509 3756 1565 super

2095 1583 2261 1652 caput
2291 1584 2470 1648 tuum,
2500 1595 2718 1637 evneum
2742 1599 2758 1634 :
2785 1590 2837 1636 et
2867 1588 3014 1636 terra
3036 1581 3139 1635 sub
3165 1588 3216 1636 te
3243 1582 3507 1650 ferrea“.
3535 1582 3600 1638 Et
3627 1600 3754 1638 rur-

2097 1686 2201 1726 sus
2235 1687 2247 1726 :
2280 1671 2375 1726 Del
2401 1671 2664 1726 Dominus
2690 1669 2945 1741 pluviam
2976 1673 3137 1727 terra:
3185 1674 3294 1725 tuae
3342 1671 3625 1741 pulverem
3655 1690 3674 1727 :
3704 1674 3760 1727 et

2095 1760 2275 1832 pulvis
2309 1776 2338 1815 e
2364 1760 2493 1815 coelo
2523 1759 2809 1816 descendet
2835 1775 2998 1831 super
3019 1763 3090 1830 te,
3139 1759 3494 1833 quoadusque
3522 1762 3759 1818 attrive-

2099 1851 2178 1904 ril
2217 1853 2268 1906 te
2299 1849 2362 1904 ⁵⁵.
2395 1850 2520 1906 Non
2552 1849 2710 1904 enim
2734 1849 2969 1921 amplus
3001 1852 3233 1904 exstant
3263 1849 3449 1905 nubes
3480 1849 3760 1922 spiritua-

2103 1940 2186 1994 les
2221 1955 2233 1993 :
2269 1954 2458 2010 neque
2489 1938 2748 2011 amplius
2780 1939 3070 2011 reperitur
3102 1938 3384 2010 propheta
3415 1954 3428 1993 :
3463 1939 3756 2011 siquidem

2103 2029 2272 2083 firme
2320 2045 2386 2084 ae
2432 2032 2769 2084 constanter
2799 2033 3067 2084 servatur
3114 2028 3347 2083 Domini
3380 2034 3754 2101 praeceptum.

2106 2117 2226 2172 Etsi
2250 2119 2434 2173 nubes
2465 2117 2662 2189 pluere
2693 2117 2991 2185 dicuntur,
3019 2117 3402 2173 nihilominus
3426 2124 3620 2174 tamen
3655 2123 3759 2192 qui

2106 2207 2254 2279 pluit
2282 2207 2569 2262 Dominus
2600 2210 2736 2262 est:
2788 2207 2910 2264 Non
2961 2211 3048 2262 est
3095 2208 3271 2273 enim,
3325 2208 3404 2262 ait
3452 2208 3758 2280 propheta,

2105 2297 2205 2369 qui
2241 2295 2425 2368 pluat,
2458 2296 2613 2351 sicut
2642 2300 2705 2350 tu
2737 2297 2801 2348 ⁵⁸.
2854 2293 2923 2350 Et
2978 2296 3192 2351 iterum
3247 2298 3317 2352 de
3368 2314 3615 2369 persona
3656 2299 3758 2355 Dei

2106 2385 2330 2440 dictum
2381 2389 2469 2440 est
2519 2401 2532 2439 :
2586 2387 2648 2440 El
2696 2386 2893 2456 pluam
2947 2401 3116 2456 super
3171 2403 3340 2440 unum
3396 2389 3685 2443 ciuitatem
3740 2405 3760 2444 :

2104 2490 2268 2545 super
2296 2491 2469 2529 unam
2501 2483 2682 2530 autem
2722 2476 3006 2531 civitatem
3055 2490 3165 2530 non
3195 2473 3398 2544 pluam
3434 2495 3456 2530 ,ο
3489 2493 3625 2548 pars
3648 2493 3765 2533 una

2108 2565 2438 2635 irrigabilur
2459 2583 2476 2618 :
2497 2569 2547 2619 et
2563 2580 2714 2634 pars,
2746 2581 2909 2636 super
2931 2581 3092 2635 quam
3117 2580 3225 2620 non
3242 2566 3677 2636 pluero,arcscel
3697 2569 3760 2623 ⁵⁷.

2105 2654 2309 2710 Sanxit
2340 2653 2618 2709 nimirum
2667 2654 2822 2710 Deus
2852 2654 3066 2720 bonus,
3099 2671 3171 2709 ne
3212 2654 3484 2724 irrigetur
3515 2657 3764 2714 deterio-

2106 2761 2235 2799 rum
2295 2761 2452 2815 pars,
2503 2747 2567 2798 ut
2617 2743 2676 2798 in
2739 2759 2807 2798 ea
2860 2743 3126 2815 germina
3155 2745 3472 2801 exareﬁant
3502 2746 3760 2802 malitiaa.

2107 2833 2417 2904 Perspicua
2467 2848 2708 2887 sensum
2778 2832 3044 2887 exhibuit
3101 2833 3240 2888 dicti
3300 2833 3499 2904 hujus,
3553 2851 3766 2909 nempe

2107 2923 2333 2978 vineam
2386 2920 2660 2976 Israelem
2708 2921 2922 2990 vocari,
2956 2920 3049 2976 cui
3095 2926 3152 2976 et
3199 2937 3326 2993 quae
3377 2924 3765 2994 praenuntiata

2108 3015 2248 3066 sunt
2277 3014 2335 3064 et
2368 3009 2662 3078 praadicta,
2696 3013 2970 3064 eventura
3002 3025 3130 3064 esse
3165 3010 3475 3066 minitatus
3506 3016 3615 3066 est.

351 3098 610 3172 βούλημα
642 3100 754 3172 (94)
783 3103 880 3154 106
911 3098 1101 3175 λόγου,
1135 3097 1216 3154 ὅτι
1249 3096 1546 3170 ἀμπελῶνα
1574 3098 1664 3152 τὸν
1698 3097 1919 3172 Ἰσραὴλ
1953 3096 2125 3173 λέγει,
2157 3096 2280 3171 περὶ
2312 3097 2370 3150 ’ὸν
2403 3097 2720 3169 γενήσεσθαι
2750 3095 2817 3150 τά
2845 3093 3242 3171 ἐπαγγελθέντα
3271 3096 3359 3151 καὶ
3390 3098 3764 3174 προειρημένα

347 3185 665 3257 ἠπείληται.

422 3278 545 3333 149.
604 3275 702 3330 Καὶ
762 3272 1045 3352 ἅνθρωπος
1117 3279 1214 3330 τοῦ
1287 3271 1486 3344 Ἰούδα,
1556 3275 1816 3351 τεόφυτον
1866 3277 2076 3352 ἠγαορ

353 3364 620 3437 πημένον.
657 3365 888 3438 Διῃρέθη
935 3367 969 3434 ἡ
1031 3363 1373 3440 προσηγορίᾳ
1427 3368 1523 3418 106
1579 3359 1775 3419 Ἰακὼϐ
1807 3364 1882 3426 είς
1912 3364 2005 3419 τὸν

352 3451 574 3529 Ἰσραὴλ
631 3452 722 3506 καὶ
784 3449 1010 3524 Ἰούδαν,
1069 3454 1334 3528 πρότερον
1399 3451 1491 3523 μὲν
1554 3450 1642 3506 ἐπὶ
1697 3457 1794 3506 106
1819 3449 2004 3524 Δαδίδ,

355 3540 490 3612 μετᾶ
515 3541 616 3610 τὴν
647 3540 906 3610 τελευτὴν
937 3539 1035 3595 106
1064 3541 1269 3610 Σαοὺλ,
1332 3542 1678 3617 μερισθέντος
1719 3545 1817 3596 106
1865 3541 2000 3596 λαοῦ

351 3627 432 3692 εἷς
459 3629 552 3684 τὰν
579 3631 694 3684 υἱὸν
726 3629 908 3684 Σαοὺλ
941 3630 1029 3684 καὶ
1059 3630 1152 3685 τὸν
1186 3624 1374 3684 Δαϐὶδ·
1434 3628 1654 3705 ὕστερον
1702 3627 1758 3684 δὲ
1788 3629 1874 3684 ἐπὶ
1904 3635 2002 3685 τοῦ

353 3713 618 3793 Ῥοϐοάμ,
678 3717 767 3774 ὅτε
823 3714 1115 3796 Ἰεροῦοᾶμ
1172 3717 1439 3790 ἀπέστησε
1494 3721 1590 3775 τὰτ
1643 3717 1770 3774 δέκα
1827 3719 2002 3799 φυλὰς

346 3808 463 3871 υἱὸς
523 3804 733 3880 Νάϐατ,
789 3809 847 3870 ’ὃς
881 3807 1149 3884 ἐξήμαρτε
1176 3809 1268 3864 τὸν
1302 3806 1542 3885 Ἰσραήλ.
1595 3810 1694 3864 Διά
1720 3814 1880 3865 τοῦτο
1909 3811 1998 3864 καὶ

350 3901 442 3952 νῦν
491 3895 694 3964 διπλῆς
741 3895 902 3973 ἔτυχε
955 3905 1058 3967 τῆς
1110 3899 1504 3973 προσηγορίας.
1565 3897 1817 3952 Φαίνεται
1845 3895 1902 3952 δὲ
1945 3897 2004 3952 ἐκ

345 3993 448 4057 τῆς
499 3985 763 4064 τετάρτης
789 3991 898 4042 τῶν
931 3985 1232 4043 Βασιλειῶν
1282 3985 1469 4041 πλεῖον
1521 3988 1777 4064 ἁμαρτὼν
1825 3989 1936 4060 (95)
1972 3989 2001 4042 ὁ

347 4073 598 4152 Ἰσραὴλ,
648 4073 732 4130 διὸ
779 4075 870 4130 καὶ
921 4075 1115 4152 τάχιον
1165 4073 1598 4152 ᾐχμαλωτίσθη.
1656 4076 1752 4130 Καὶ
1807 4074 1861 4130 ἐν
1921 4081 2004 4148 τῷ

349 4162 610 4234 Ἰιζεκιήλ
662 4163 1008 4236 ἐννενήκοντα
1059 4165 1153 4238 μὲν
1192 4163 1281 4220 καὶ
1322 4170 1469 4242 τρεῖς
1651 4167 1854 4241 ἡμέραι
1912 4163 1998 4220 ἐπὶ

345 4257 452 4308 τῶν
518 4255 797 4330 ἁμαρτιῶν
853 4258 953 4309 106
1014 4253 1236 4329 Ἰσραὴλ
1297 4253 1686 4330 ἀριθμοῦνται,
1744 4253 2003 4330 τεσσαρά-

345 4363 510 4399 κοντα
541 4341 598 4398 66
629 4343 716 4398 ἐπὶ
745 4347 843 4399 106
873 4341 1072 4402 Ἰούδα.
1107 4343 1203 4398 Διὰ
1231 4348 1393 4399 10610
1419 4343 1510 4398 καὶ
1559 4343 1785 4408 ἐνταῦθα
1831 4345 1859 4398 6
1904 4344 2000 4417 μὲν

347 4431 723 4511 ἆκανθοφόρος
754 4431 1016 4507 ἀμπελὼν
1076 4433 1224 4495 οἶκος
1275 4437 1373 4487 106
1433 4431 1653 4508 Ἰσραὴλ
1696 4434 1922 4509 γίνεται,
1971 4433 2000 4488 ὁ

350 4518 408 4576 δὲ
454 4523 550 4578 106
607 4519 786 4579 Ἰούδα
817 4519 1120 4598 ἅνθρωπος,
1153 4521 1332 4577 οὐκέτι
1381 4521 1666 4595 ἆμπεΛὼν,
1711 4520 1854 4578 ἀλλὰ
1883 4523 2000 4578 νεό-

2188 3276 2310 3332 149.
2357 3277 2420 3331 Et
2468 3275 2625 3332 homo
2671 3277 2838 3346 Juda,
2878 3275 3100 3332 novella
3144 3277 3348 3348 planta
3395 3278 3614 3336 dilecta.
3647 3281 3768 3352 Ap-

2118 3365 2354 3437 pellatio
2385 3365 2564 3421 Jacob
2595 3365 2908 3436 dispertita
2927 3369 3017 3420 est
3047 3365 3104 3420 in
3140 3366 3412 3422 Israelem
3445 3371 3500 3423 et
3527 3367 3765 3423 Judam.

2116 3458 2263 3508 Nam
2296 3453 2554 3526 primum
2588 3455 2822 3524 quidem
2874 3455 3091 3513 Davide
3132 3459 3264 3528 post
3293 3456 3487 3512 Saulis
3518 3462 3767 3514 mortem

2111 3548 2392 3615 regnante
2421 3543 2644 3598 divisus
2676 3548 2765 3599 est
2786 3544 3040 3615 populus
3068 3545 3124 3599 in
3159 3544 3345 3600 {ilium
3367 3545 3561 3602 Saulis
3591 3551 3650 3603 et
3677 3546 3768 3618 ip-

2112 3649 2244 3689 sum
2271 3633 2449 3688 David
2480 3633 2525 3668 ‘3
2558 3649 2571 3688 :
2607 3636 2810 3703 postea
2841 3650 2973 3687 vero
3005 3633 3113 3688 sub
3165 3635 3445 3702 Roboam,
3475 3651 3590 3706 quo
3621 3639 3767 3690 tem-

2113 3738 2250 3794 pore
2277 3721 2585 3777 Jeroboam
2635 3721 2793 3777 ﬁlius
2827 3722 3030 3788 Nabat,
3074 3739 3188 3795 quo
3241 3727 3475 3779 auctore
3506 3723 3765 3794 peccavit

2113 3809 2507 3879 lsrael,tribus
2530 3811 2730 3866 decem
2750 3812 2820 3866 ad
2843 3811 3226 3867 defectionem
3252 3813 3764 3883 impulit".0uare

2111 3901 2437 3956 etiamnum
2461 3899 2752 3969 duplicem
2779 3905 3026 3956 sortttur
3044 3901 3764 3973 appellationem.Constat

2112 3993 2306 4046 autem
2337 4005 2406 4044 ex
2437 3993 2641 4060 quarto
2664 3993 2998 4061 Regnorum
3032 3990 3178 4045 libro
3205 3991 3459 4063 amplius
3490 4007 3764 4064 peccasse

2113 4077 2406 4146 Israelem,
2433 4078 2590 4133 unde
2609 4078 2782 4134 citius
2813 4095 3046 4150 quoque
3076 4080 3366 4136 deductus
3390 4084 3479 4136 est
3501 4081 3559 4135 in
3585 4082 3765 4153 capti-

2109 4167 2368 4222 vitatem.
2431 4168 2500 4222 Et
2555 4167 2612 4221 in
2636 4167 2952 4239 Ezechiele,
2987 4184 3088 4238 pro
3120 4169 3371 4239 peccatis
3425 4169 3623 4238 Israel,
3657 4187 3765 4226 no-

2111 4256 2347 4327 naginta
2376 4260 2494 4311 tres
2525 4255 2651 4312 dies
2682 4260 3104 4324 numerantur;
3139 4274 3242 4328 pro
3265 4257 3430 4315 Judaa
3463 4273 3594 4314 vero
3626 4276 3763 4331 pec-

2111 4345 2280 4414 catis,
2318 4345 2710 4417 quadraginta
2738 4346 2804 4401 ⁸ο.
2856 4349 3222 4418 Quapropter
3272 4351 3329 4402 et
3359 4347 3452 4402 his
3483 4347 3765 4420 spinifera

2110 4435 2348 4506 quidem
2382 4435 2554 4490 vinea
2602 4435 2812 4490 domus
2848 4433 3024 4490 Israel
3055 4440 3144 4491 est
3190 4451 3203 4491 :
3237 4440 3296 4491 at
3341 4436 3502 4492 Judaa
3533 4438 3767 4519 domus,

2112 4523 2309 4590 homo,
2344 4539 2457 4578 non
2494 4527 2684 4590 vinea,
2719 4523 2819 4578 sed
2864 4522 3094 4578 novella
3143 4523 3361 4595 planta,
3394 4541 3770 4598 nequaquam

350 4633 538 4690 φυτον,
571 4610 633 4666 οὐ
685 4611 1124 4687 κεχερσωμένον,
1184 4609 1312 4667 ἀλλ’
1341 4611 1720 4684 ἠγαπημένον.
1751 4612 1843 4676 Τίς
1872 4609 1929 4666 δὲ
1977 4613 1997 4667 6

2114 4611 2355 4684 inculta,
2390 4613 2492 4668 sed
2519 4611 2748 4666 dilecta.
2781 4610 3061 4676 Quisnam
3097 4629 3227 4669 vero
3267 4613 3345 4669 sit
3373 4613 3548 4670 homo
3580 4614 3676 4669 ille
3702 4630 3772 4670 ex

422 4768 465 4803 ⁶¹
499 4767 670 4825 Deut.
701 4785 881 4838 xxxu,
911 4771 974 4823 2.
1070 4768 1114 4802 ⁸²
1145 4767 1289 4823 ibid.
1393 4767 1439 4802 ⁸³
1468 4767 1617 4824 Dan.
1667 4783 1754 4837 in,
1803 4767 1891 4823 38.

1993 4768 2040 4803 ⁸⁴
2072 4767 2242 4824 Deut.
2291 4783 2492 4834 xxvm,
2538 4767 2628 4820 23.

2734 4765 2778 4801 ³⁸
2805 4766 2949 4822 ibid.
2981 4769 3072 4823 24.
3173 4769 3217 4804 ⁵⁸
3247 4769 3466 4826 Jerem.
3514 4785 3630 4839 xw,
3675 4770 3767 4824 22.

349 4840 391 4875 ⁸⁷
422 4847 627 4897 Amos.
660 4856 740 4912 ιν,
768 4843 827 4897 7.
868 4837 871 4838 ⁷
903 4840 948 4874 ⁵⁸
980 4839 1027 4894 ΙΙ
1061 4839 1200 4912 Reg.
1236 4856 1299 4905 ιι,
1335 4839 1421 4894 10.
1499 4840 1544 4875 ⁶⁹
1577 4838 1653 4895 Ill
1684 4840 1824 4911 Reg.
1856 4856 1960 4908 xu,
1989 4842 1997 4892 ξ

2157 4841 2202 4873 ⁶⁰
2232 4837 2435 4894 Ezech.
2469 4854 2546 4904 IV,
2577 4839 2634 4903 5,
2663 4838 2718 4892 6.

421 4996 534 5067 (92)
566 4993 743 5065 Editi,
777 4991 943 5050 Ὠσεί.
985 4997 1060 5050 At
1111 4995 1592 5067 quinquermss”
1622 4994 1732 5056 Ὡς.
1767 4994 1883 5050 Nec
1932 4994 2016 5050 ita

357 5066 539 5124 multo
571 5068 724 5143 intra
750 5067 893 5143 editi
925 5070 981 5123 et
1012 5066 1168 5125 unus
1192 5066 1330 5138 msl,
1354 5066 1408 5120 αἱ
1441 5066 1709 5143 οὐράνιοι.
1743 5067 1846 5123 Alii
1875 5083 2012 5139 qua-

359 5143 509 5212 tuor,
524 5209 531 5212 _
546 5138 600 5192 αἱ
632 5136 896 5212 οὐράνιαι.

432 5209 539 5285 (93)
563 5207 741 5285 apud
773 5211 910 5285 LXX
938 5213 995 5285 e_t
1032 5211 1092 5266 in
1146 5210 1334 5285 tribus
1386 5228 1532 5268 mss.
1579 5211 1814 5285 legitur,
1849 5207 2011 5285 οὐρα-

360 5278 452 5342 νός
482 5278 532 5356 6.
563 5278 680 5339 Hoc
709 5284 838 5356 ipso
869 5284 929 5340 in
961 5283 1313 5356 loconostri
1350 5300 1500 5356 mss.
1535 5278 1740 5339 omnes
1771 5278 2010 5356 habent,

358 5347 624 5442 κεφαλῆς
676 5347 852 5423 Εᾶἱῖἱ,
898 5352 1166 5432 κεφαλήν.
1215 5354 1424 5413 Statim
1475 5356 1591 5411 duo
1643 5372 1810 5424 mss.,
1862 5347 2010 5408 ὑετὸν

356 5443 523 5478 αυτου
550 5444 670 5493 της.

425 5496 540 5568 (94)
571 5497 729 5553 Libri
776 5501 1022 5566 veteres,
1076 5497 1140 5552 16
1203 5494 1486 5574 βούλημα.
1533 5499 1709 5567 Editi,
1758 5497 1823 5551 16
1884 5494 2012 5573 βού-

587 5639 765 5713 Εάίῖί,
827 5641 1106 5713 ἁμαρτεῖν.
1167 5645 1241 5697 At
1297 5641 1560 5714 quinque
1619 5657 1788 5714 mss.,
1837 5641 2012 5716 ἀμαρ-

354 5729 488 5768 των.

645 5841 915 5904 ΡΑτιιοῑ..
965 5839 1079 5902 Gn.
1121 5837 1308 5900 XXX.

2196 4994 2308 5068 (96)
2344 4997 2555 5068 Putare
2585 5009 2648 5048 se
2679 4993 2761 5048 ait
2790 4996 3196 5063 Gombcﬁsius,
3232 4995 3395 5068 illud,
3429 4993 3776 5065 ἐννενήκοντα

2121 5064 2210 5139 καὶ
2241 5064 2422 5139 τρεῖς.
2474 5066 2791 5137 Nonaginta
2842 5072 2971 5138 tres,
3008 5071 3352 5123 mendosum
3382 5064 3552 5139 esse,
3587 5064 3692 5126 nec
3739 5087 3775 5129 ει

2122 5136 2336 5210 Basilio
2370 5139 2694 5210 profectum
2721 5155 2733 5192 :
2760 5140 2930 5210 cujus
2955 5136 3060 5194 nos
3081 5139 3307 5210 judicio
3339 5136 3774 5199 subscribimus

2121 5209 2280 5285 haud
2313 5209 2478 5285 inviti
2497 5227 2525 5285 _:
2559 5211 2661 5285 sed
2701 5209 2950 5285 abuipso
2986 5209 3395 5278 dissentimus,
3430 5214 3488 5268 in
3518 5230 3585 5270 eo
3616 5215 3772 5285 quod

2123 5280 2609 5356 culpam__deriv_et
2649 5283 2707 5336 in
2752 5280 3082 5352 librarium,
3116 5299 3222 5338 nos
3263 5285 3330 5356 in
3380 5285 3575 5356 ipsum
3605 5280 3774 5341 Com-

2124 5352 2395 5428 mentarii
2431 5352 2850 5428 scriptorem;
2873 5369 3046 5428 quem
3079 5369 3112 5407 a
3145 5354 3357 5428 gasilio
3394 5352 3587 5428 ialium
3621 5375 3774 5428 esse,
3818 5417 3822 5422 ,

2121 5442 2191 5480 ex
2222 5425 2558 5481 Praefatione
2588 5424 2905 5480 constabit.
2946 5424 3111 5479 Hunc
3144 5426 3462 5483 Ezechielis
3493 5430 3685 5486 locum
3716 5424 3775 5486 et

2123 5498 2288 5570 docte
2341 5502 2397 5552 et
2443 5496 3576 5570 copiose_interpretansHieronymus,
3606 5503 3774 5557 docet

2123 5569 2446 5642 Bibliorum
2477 5565 2839 5642 eiemplaria
2855 5565 3106 5642 multum
3131 5567 3285 5624 inter
3313 5565 3732 5642 se'discrepare
3755 5587 3769 5627 :

2124 5642 2293 5712 cujus
2321 5640 2499 5712 verba
2527 5637 2667 5712 cum
2695 5637 3006 5712 prolixiora
3037 5638 3177 5709 sint,
3201 5642 3415 5699 referre
3444 5637 3634 5712 nolui;
3666 5643 3771 5698 aed

2122 5710 2341 5769 fontem
2372 5711 2570 5784 ipsum
2601 5710 2778 5768 adeas
2808 5710 3049 5768 suadeo.

3423 5840 3498 5901 12
