4138 6376
344 335 462 398 363

1290 332 1685 396 APPENDIX
1730 321 2059 393 OPERUM
2102 327 2168 391 8.
2216 320 2490 391 BASILII
2537 326 2810 391 MAGNI.

3644 330 3763 395 364

344 470 499 527 Juda
531 469 843 542 oriundus,
876 471 990 527 vita
1020 469 1244 526 ﬂorenti
1280 467 1561 541 praeditus
1591 482 1657 521 ac
1685 479 1817 523 vere
1846 460 1985 518 dile-

2103 457 2155 528 ἐξ
2187 456 2363 516 Ἰούδα
2420 458 2707 523 ἀνατείλας
2738 460 3041 537 ἄνθρωπος,
3101 453 3360 536 ἀκμάζων
3390 465 3462 538 τῇ
3495 466 3611 538 ζωῇ
3664 464 3757 520 καὶ

346 565 500 632 ctus,
532 560 701 617 facile
730 564 999 635 cognosci
1031 564 1221 633 potest
1250 557 1528 630 aquovis,
1562 556 1662 629 qui
1693 554 1833 611 talia
1862 570 1991 609 con-

344 648 619 722 templari
658 651 884 705 noverit
916 667 928 704 :
961 648 1294 719 Exspectari
1340 649 1402 702 ut
1438 647 1643 717 faceret
1661 642 1942 715 judicium
1973 657 1992 695 :

346 740 480 810 fecit
509 743 700 795 autem
729 739 1101 810 iniquitatem,
1123 741 1176 792 et
1203 753 1319 792 non
1340 736 1638 808 justitiam,
1670 734 1773 790 sed
1794 733 1994 789 clamo-

347 844 482 885 rem.
541 827 681 883 Cum
725 827 893 898 juxta
944 823 1343 893 Salomonem,
1395 825 1758 893 Cogitationes
1810 822 1990 893 justo-

348 934 473 974 rum
503 918 623 973 sint
639 913 856 988 judicia
888 914 955 985 ⁸⁸,
996 913 1248 986 exigitur
1276 931 1307 969 a
1348 913 1540 980 nobis,
1574 917 1639 967 ut
1668 927 1801 966 cum
1825 908 1992 981 judi-

349 1005 438 1061 cio
469 1002 755 1059 faciamus
784 1000 1005 1069 omnia,
1046 1001 1192 1057 nihil
1232 1018 1366 1058 vero
1408 1001 1550 1057 citra
1573 998 1889 1070 judicium.
1922 997 1994 1052 Et

351 1091 583 1166 quidem
613 1091 794 1147 vitam
826 1091 954 1148 sine
986 1090 1211 1163 judicio
1251 1095 1311 1147 et
1339 1089 1769 1146 inconsiderate
1799 1092 1989 1143 actam

349 1180 704 1238 comitantur
749 1179 1111 1251 iniquitates.
1145 1182 1290 1235 Nam
1322 1177 1424 1250 qui
1456 1177 1697 1233 minime
1729 1176 1995 1246 sequitur

345 1273 562 1326 rectam
594 1269 904 1337 rationem,
930 1269 1277 1340 necjudicat
1298 1268 1438 1340 quid
1461 1267 1753 1339 agendum
1786 1265 1994 1336 sit,aut

346 1375 463 1414 non
493 1359 787 1431 agendum
819 1373 889 1413 ex
917 1358 1055 1413 data
1080 1357 1227 1429 legis
1251 1356 1529 1429 regula,is
1558 1360 1753 1428 putrat
1774 1354 1991 1426 iniqui-

343 1452 525 1505 tatem
557 1464 572 1503 :
607 1463 714 1504 nec
742 1446 877 1502 facit
897 1445 1214 1518 justitiam,
1234 1446 1333 1502 sed
1355 1444 1648 1513 clamoris,
1673 1442 1991 1500 tumultus-

343 1553 458 1609 que
486 1540 544 1593 et
572 1534 935 1592 confusionis
982 1540 1072 1590 est
1114 1537 1334 1589 auctor.
1385 1532 1777 1598 Quamobrem
1823 1529 1992 1602 quies

343 1642 549 1684 eorum
581 1625 683 1698 qui
706 1623 1056 1695 judicantur
1099 1622 1320 1694 judicia
1345 1623 1513 1695 justa
1540 1620 1825 1694 sequitur,
1856 1635 1988 1677 cum

343 1730 413 1773 ea
442 1732 569 1789 quis
598 1715 827 1771 decreta
846 1716 1007 1779 sunt,
1028 1713 1321 1769 constanti
1342 1710 1773 1783 tranquilloque
1793 1710 1992 1768 animo

340 1803 635 1877 excipiant
665 1819 679 1858 :
712 1807 915 1859 contra
940 1800 1184 1873 clamor,
1216 1800 1629 1872 tumultusque
1671 1800 1990 1857 seditiosus

341 1909 568 1961 eorum,
601 1891 701 1966 qui
734 1892 805 1947 ob
856 1889 1209 1962 injustitiam
1260 1889 1620 1962 indignatur,
1654 1889 1873 1961 judicia
1900 1889 1989 1945 in-

334 1985 501 2055 justa
517 1981 850 2038 comitatur.
874 1980 957 2036 Ad
984 1980 1141 2035 hunc
1168 1984 1364 2035 autem
1387 1979 1699 2035 clamorem
1732 1979 1888 2050 quod
1912 1981 1994 2033 at-

338 2073 511 2144 tinet,
559 2069 868 2143 Apostolus
908 2069 1085 2126 etiam
1135 2069 1432 2137 admonet,
1481 2068 1685 2124 dicens
1733 2085 1744 2121 :
1803 2068 1992 2125 Omnis

339 2160 488 2220 485
548 2160 766 2216 clamor
812 2168 865 2215 et
923 2158 1190 2213 tumultus
1247 2158 1481 2213 tollatur
1545 2173 1585 2214 ιι
1640 2156 1809 2228 vobis,
1867 2173 1991 2213 cum

335 2252 491 2307 omni
516 2250 741 2305 malitia
780 2249 849 2303 ⁸⁸.
900 2248 1004 2303 Est
1033 2251 1229 2303 autem
1262 2250 1319 2301 et
1347 2246 1569 2302 clamor
1597 2248 1807 2317 bonus,
1841 2262 1990 2319 qua-

334 2338 451 2395 lem
484 2343 648 2395 stans
680 2339 736 2393 in
764 2336 982 2409 templo
1004 2336 1275 2393 Christus
1324 2336 1523 2391 emisit
1547 2337 1631 2403 ⁶³ς
1666 2334 1823 2408 quali
1849 2353 1992 2392 usus

337 2432 428 2485 est
457 2433 513 2485 et
543 2427 746 2496 David,
779 2443 911 2482 cum
958 2427 1178 2481 diceret
1218 2442 1231 2480 :
1292 2428 1419 2481 Voce
1448 2441 1569 2481 mea
1599 2425 1669 2480 ad
1701 2426 1991 2481 Dominum

334 2517 585 2573 clamavi
611 2517 677 2572 “.
702 2516 820 2572 Nec
849 2515 1174 2587 quidquam
1204 2520 1295 2571 est
1325 2515 1479 2579 miri,
1514 2514 1559 2569 si
1592 2515 1744 2569 idem
1781 2530 1991 2570 nomen

337 2608 410 2664 ad
442 2623 536 2663 res
567 2605 891 2662 contrarias
912 2605 1306 2677 designandas
1331 2604 1406 2660 sit
1441 2609 1809 2676 usurpatum,
1832 2604 1880 2659 si
1913 2607 1999 2661 vi-

335 2689 1177 2749 delicetmodotumultuosum
1193 2689 1496 2762 quidpiam
1512 2694 1568 2746 et
1582 2691 1990 2749 turbulentum

334 2781 643 2855 signiﬁcet,
670 2780 842 2836 modo
872 2797 1005 2836 vero
1035 2779 1215 2835 altam
1242 2795 1633 2851 magnamque
1663 2778 1988 2837 caelestium

335 2871 678 2944 dogmatum
728 2885 949 2925 vocem.
998 2868 1262 2924 Profecto
1310 2868 1369 2924 in
1424 2868 1693 2940 praesenti
1732 2869 1989 2926 dictione

333 2959 557 3017 clamor
582 2975 718 3015 cum
747 2975 814 3014 eo
844 2957 944 3031 qui
974 2974 1008 3013 a
1037 2957 1309 3013 Sodomis
1338 2962 1397 3013 et
1434 2957 1759 3014 Gomorrha
1785 2975 1985 3015 ascen-

330 3048 422 3107 dit
445 3047 513 3119 ⁸³,
542 3047 888 3106 afﬁnitatem
918 3046 1114 3103 habet.

401 3157 528 3213 450.
568 3159 735 3212 Vens.
766 3155 917 3211 8-10.
955 3158 1071 3221 Vae,
1103 3153 1199 3225 qui
1233 3154 1579 3226 conjungunt
1607 3156 1830 3211 domum
1856 3173 1984 3212 cum

330 3244 510 3317 domo,
531 3250 585 3301 et
612 3261 814 3315 agrum
834 3244 911 3300 ad
937 3259 1137 3314 agrum
1156 3243 1530 3311 admovent,ut
1546 3264 1582 3300 ιι
1608 3248 1863 3314 proximo
1882 3263 1981 3301 au-

332 3336 519 3406 ferant
537 3332 779 3406 aliquid.
802 3333 1065 3404 Nunquid
1088 3331 1405 3388 habitabitis
1419 3333 1525 3389 soti
1544 3349 1716 3405 super
1737 3343 1945 3390 terram
1962 3337 1988 3389 ἵ

335 3423 538 3480 Audita
569 3424 718 3478 enim
732 3431 861 3478 sunt
879 3421 994 3477 haec
1015 3422 1074 3475 in
1097 3421 1323 3477 auribus
1346 3421 1561 3478 Domini
1580 3422 1986 3480 SabaothJVam

335 3515 390 3569 si
414 3512 626 3584 fuerint
650 3511 844 3567 domus
870 3511 1097 3573 multa;
1155 3512 1215 3564 in
1244 3510 1519 3567 desertum
1555 3521 1740 3579 erunt,
1769 3529 1986 3584 magnas

336 3610 392 3660 et
414 3600 682 3675 pulchra,
706 3605 762 3655 et
789 3617 903 3655 non
935 3608 1099 3654 erunt
1120 3602 1217 3670 qui
1237 3599 1481 3656 habitent
1506 3602 1570 3655 in
1598 3602 1695 3657 eis.
1719 3602 1818 3658 Ubi
1835 3603 1984 3657 enim

337 3695 644 3763 operantur
662 3690 842 3746 decem
860 3690 993 3758 fuga
1023 3689 1374 3759 boum,faciet
1404 3688 1761 3761 lagunculam
1786 3707 1981 3748 unam.

338 3781 404 3836 Et
452 3780 550 3850 qui
592 3780 832 3835 seminat
880 3778 1105 3834 artubus
1149 3792 1265 3844 sex,
1313 3778 1479 3849 faciet
1526 3795 1809 3836 mensuras
1843 3786 1982 3837 tres.

335 3867 632 3925 Deﬂentur
661 3884 818 3924 nunc
849 3867 910 3938 ii,
944 3867 1042 3940 qui
1086 3866 1257 3939 plura
1304 3868 1802 3940 concupiscentes,
1852 3886 1981 3942 qua

331 3961 475 4014 sunt
503 3956 1240 4029 proximorum,reseeant;
1261 3956 1362 4028 qui
1384 3972 1572 4029 neque
1591 3958 1717 4015 suis
1748 3959 1984 4032 praediis

332 4045 457 4102 ruri
488 4045 618 4103 sitis
648 4061 836 4117 neque
879 4044 1005 4102 suis
1053 4044 1436 4102 facultatibus
1478 4046 1637 4102 domi
1666 4049 1984 4105 reconditis

331 4134 610 4207 contenti,
632 4135 733 4192 sed
754 4135 814 4190 in
837 4135 995 4207 agris
1019 4134 1311 4190 metandis
1336 4135 1656 4191 vicinorum
1699 4138 1845 4194 fines
1875 4138 1982 4193 im-

326 4225 628 4292 vadentes,
661 4234 915 4296 suosque
952 4224 1474 4296 transgredientes,
1525 4230 1583 4281 et
1629 4225 1979 4284 interclusas

326 4315 655 4372 vicinorum
688 4314 895 4370 domos
945 4311 1054 4369 sibi
1088 4313 1472 4383 ascribentes,
1504 4314 1836 4386 inexplebili
1870 4334 1980 4374 sua

327 4403 575 4460 avaritia
605 4403 667 4459 in
698 4407 1018 4475 angustum
1048 4403 1255 4470 coacti,
1309 4403 1367 4457 in
1416 4403 1542 4459 suis
1589 4421 1718 4461 sese
1763 4406 1978 4463 finibus

325 4492 624 4550 continere
655 4491 898 4547 minime
942 4498 1234 4563 possunt:
1270 4493 1412 4564 quin
1462 4498 1519 4549 et
1564 4493 1828 4564 specioso
1876 4495 1975 4552 illo

2101 544 2377 618 ἀληθινῶς
2428 550 2544 622 (97)
2578 547 2836 625 ὑπάρχων
2868 548 3168 625 ἀγαπητὸς,
3220 551 3285 606 ού
3318 549 3565 627 χαλεπὸν
3623 549 3756 609 ἰδεῖν

2099 641 2180 708 τῷ
2241 635 2588 711 ἐπισταμένῳ
2653 637 2721 693 τὰ
2790 636 3017 695 τοιαῦτα
3083 641 3329 716 θεωρεῖν.
3402 646 3635 715 ’Έμεινα
3668 640 3759 698 ’ίνα

2101 728 2309 801 ποιήσῃ
2384 724 2586 801 κρίσιν,
2659 724 2883 799 ἐποίησε
2958 725 3016 784 δὶ
3091 728 3340 802 ἀνομίαν,
3417 730 3508 785 καὶ
3560 729 3623 787 ού
3680 728 3758 787 δι-

2101 815 2415 886 καιοσύνην,
2494 813 2640 870 ἀλλᾶ
2703 818 2988 893 κραυγήν.
3076 818 3374 896 Ἐπείπιρ,
3452 823 3591 876 κατά
3662 821 3752 877 τὸν

2104 902 2482 977 Σολομῶντα,
2524 906 2809 980 ,Λογισμοὶ
2864 903 3089 962 δικαίων
3146 907 3423 983 κρίματαθ
3499 909 3755 965 ἀπαιτού-

2105 1006 2241 1066 μεθα
2297 996 2411 1068 (98)
2441 995 2615 1050 πάντα
2659 995 2834 1071 κρίσει
2884 1001 3079 1067 ποιεῖν,
3111 997 3202 1052 καὶ
3264 994 3433 1071 μηδὲν
3494 998 3753 1072 ἀκρίτως.

2101 1085 2324 1140 Ἕπεται
2391 1084 2579 1165 μέντοι
2643 1087 2712 1159 τῇ
2760 1084 2967 1161 ἀκρίτῳ
3014 1086 3105 1141 καὶ
3149 1085 3477 1161 ἀνιξετάστῳ
3527 1092 3641 1163 ζωῇ
3688 1090 3758 1144 τὰ

2102 1170 2299 1246 ἄνομα.
2360 1172 2421 1230 Ὀ
2471 1172 2576 1249 γὰρ
2637 1174 2714 1247 μὴ
2746 1174 3013 1246 δπόμενος
3070 1196 3152 1248 τῳ
3207 1175 3355 1252 ὀρθῷ
3407 1173 3582 1253 λόγῳ,
3613 1175 3757 1253 μηδὶ

2100 1261 2298 1337 κρίνων
2350 1263 2413 1317 τὸ
2470 1261 2757 1337 πρακτέον,
2807 1262 2897 1318 καὶ
2953 1265 3031 1337 μὴ
3070 1265 3209 1320 κατᾶ
3231 1266 3322 1320 τὸν
3357 1261 3645 1340 δεδομένον
3697 1266 3758 1324 ἐκ

2098 1356 2196 1406 τοῦ
2220 1350 2389 1425 νόμου
2418 1352 2639 1423 κανόνα,
2671 1351 2903 1426 ἀνομίαν
2943 1355 3051 1426 (99)
3100 1359 3269 1424 ποιεῖ,
3313 1353 3404 1409 καὶ
3434 1352 3497 1410 ού
3547 1351 3753 1411 δικαιο-

2101 1440 2267 1512 σύνης
2309 1439 2450 1497 ἆστὶν
2479 1439 2733 1517 ἐργάτης,
2778 1439 2925 1497 ἀλλὰ
2967 1449 3208 1519 κραυγῆς
3254 1443 3345 1499 καὶ
3377 1439 3610 1520 θορύϐου
3662 1446 3753 1502 καὶ

2101 1529 2421 1606 συγχύσεως
2449 1526 2643 1593 αἶ’τιος.
2681 1531 2829 1586 Διότι
2857 1537 2978 1594 τοῖς
3014 1532 3107 1605 μὶν
3151 1529 3386 1597 δικαίοις
3432 1531 3689 1608 κρίμασιν
3714 1538 3751 1606 ἡ

2100 1617 2309 1695 ἡσυχία
2338 1623 2443 1674 τῶν
2489 1617 2825 1693 κρινομένων
2857 1618 3173 1691 ἀκολουθεῖ,
3204 1620 3475 1685 εὐσταθῶς
3522 1621 3755 1680 καταδε-

2098 1708 2355 1785 χομένων
2407 1707 2473 1763 τὰ
2525 1707 2840 1782 ὀριζόμενα·
2887 1713 3006 1772 τοῖς
3055 1706 3113 1765 δὶ
3137 1706 3348 1775 ἀδίκοις
3398 1713 3611 1787 κραυγή
3659 1713 3753 1768 καὶ

2021 1828 2069 1895 Β
2101 1790 2333 1895 θύρυβος
2409 1796 2826 1895 στασιαστικὸς,
2876 1797 3323 1895 ἀγανακτούντων.
3390 1802 3467 1874 (1)
3534 1798 3623 1856 ἰπὶ
3679 1803 3751 1876 τῇ

2100 1884 2302 1958 ἀδικίᾳ.
2337 1890 2468 1960 Περὶ
2501 1882 2559 1940 δὲ
2587 1892 2691 1956 τῆς
2733 1888 2971 1963 κραυγῆς
3010 1888 3213 1958 ταύτης
3235 1886 3326 1943 καί
3355 1888 3385 1943 6
3413 1887 3754 1951 ’Δπόστολος

2098 1980 2368 2051 παραινεῖ,
2437 1972 2653 2050 λέγων’
2734 1980 2883 2031 Πᾶσα
2952 1978 3162 2052 κραυγὴ
3220 1977 3310 2032 καὶ
3368 1972 3600 2052 θόρυϐος
3655 1978 3754 2055 ἀρ-

2100 2066 2251 2135 θήτω
2309 2064 2400 2140 ἀφ’
2457 2065 2637 2138 ὑμῶν,
2688 2064 2781 2119 σὺν
2830 2066 2977 2135 πάση
3033 2066 3211 2138 κακίᾳ.
3244 2067 3395 2123 Ἔστι
3428 2064 3485 2123 δέ
3531 2089 3615 2130 τις
3660 2066 3753 2124 καὶ

2098 2156 2310 2230 κραυγὴ
2353 2153 2555 2229 ἀστεία,
2617 2155 2677 2224 ἣν
2743 2156 2772 2209 6
2829 2154 3026 2231 Κύριος
3095 2156 3261 2219 ἑστὼς
3321 2155 3375 2212 ἰν
3405 2158 3486 2232 (2)
3510 2161 3590 2230 τῷ
3620 2158 3755 2235 ἱερῷ

2099 2237 2335 2315 ἕκραξινο
2404 2242 2558 2318 ᾖκαὶ
2603 2238 2769 2299 Δαόὶδ
2811 2244 3101 2321 ἐκέχρητο,
3153 2243 3353 2321 λέγων’
3415 2251 3583 2322 Φωνῃ
3648 2267 3754 2321 μου

2100 2333 2237 2408 πρὸς
2303 2333 2504 2410 Κύριον
2581 2333 2834 2409 ἐκέκραξα
2865 2377 2877 2390 .
2938 2333 3035 2388 Καὶ
3097 2330 3250 2389 οὐδὲν
3312 2336 3640 2409 Θαυμαστὸν,
3692 2336 3755 2392 τὸ

2101 2422 2229 2477 αύτὸ
2262 2419 2440 2497 ὄνομα
2496 2421 2585 2478 ἰπὶ
2640 2428 2748 2479 τῶν
2808 2423 3059 2478 ἐναντίων
3088 2424 3370 2500 τετάχθαι,
3428 2424 3517 2481 καὶ
3550 2446 3754 2500 σημαι-

2100 2533 2206 2566 νειν
2239 2516 2330 2567 νῦν
2364 2513 2459 2585 μὶν
2490 2512 2552 2568 τὸ
2597 2510 2916 2588 ταραχῶδες
2966 2512 3054 2567 καὶ
3105 2508 3491 2587 σεσοϐημένον,
3546 2515 3635 2571 νῦν
3697 2513 3757 2571 δὲ

2097 2603 2160 2657 τὸ
2195 2600 2587 2680 μεγαλᾴφωνον
2619 2601 2710 2658 καὶ
2762 2600 3099 2681 μεγαλοφυές
3153 2606 3262 2658 τῶν
3330 2604 3598 2680 οὐρανίων
3659 2601 3752 2660 δο-

2097 2689 2341 2767 γμάτων.
2400 2692 2520 2747 Ἐπί
2558 2693 2739 2765 μέντοι
2763 2698 2864 2761 τῆς
2905 2690 3186 2766 παρούσης
3214 2691 3429 2765 λέξεως,
3461 2695 3496 2763 ἡ
3542 2694 3751 2770 κραυγὴ

2099 2782 2364 2855 συγγενής
2414 2779 2525 2835 ἰστι
2578 2783 2647 2855 τῇ
2697 2781 2803 2836 ἀπὸ
2855 2777 3118 2855 Σοδόμων
3169 2782 3258 2836 καὶ
3312 2781 3596 2858 Γομόῤῥας
3631 2783 3751 2839 ἀνα-

2099 2865 2377 2944 ϐαινούσῃ.

2168 3158 2288 3213 150.
2343 3152 2479 3212 Ούαὶ
2540 3154 2592 3209 οἱ
2646 3155 3004 3219 συνάπτοντες
3074 3151 3249 3210 οἰκίον
3326 3154 3462 3230 πρὸς
3521 3150 3742 3223 οῗκίαν,

2093 3245 2180 3300 καὶ
2258 3242 2423 3319 ἀγρὸν
2495 3243 2631 3320 πρὸς
2706 3245 2867 3321 ἀγρὸν
2924 3243 3246 3322 ἐγγίζοντες,
3298 3241 3389 3299 ’ίνα
3442 3243 3533 3299 τὸν
3589 3243 3742 3315 πλη-

2094 3332 2207 3387 σίον
2264 3330 2572 3410 ἀφέλωνταί
2598 3353 2673 3390 τι.
2734 3334 2823 3402 Μὴ
2885 3332 3168 3403 οῗκήσεται
3202 3334 3362 3406 μόνοι
3392 3332 3480 3389 ἐπὶ
3509 3339 3610 3403 τῆς
3640 3336 3743 3409 γῆς

2090 3421 2364 3491 Ἠκούσθη
2431 3421 2533 3499 γάρ
2591 3420 2666 3482 είς
2709 3420 2777 3476 τὰ
2833 3422 2947 3476 ὦτα
3006 3422 3209 3495 Κυρίου
3267 3415 3501 3485 Σαϐαὼθ
3550 3426 3740 3480 ταῦτα.

2092 3511 2214 3566 Ἐὰν
2297 3510 2399 3587 γὰρ
2481 3510 2741 3584 γένωνται
2826 3508 2992 3563 οἷ’κίαι
3077 3506 3304 3579 πολλοὶ,
3375 3508 3453 3573 είς
3532 3503 3740 3583 ἔρημον

2094 3599 2351 3671 ἔσονται,
2416 3596 2644 3673 μεγάλαι
2703 3599 2781 3670 (3)
2836 3595 2926 3653 καί
2981 3595 3169 3667 καλαὶ,
3226 3598 3315 3652 καὶ
3377 3596 3479 3653 οὐκ
3525 3594 3738 3654 ἔσονται

2092 3690 2149 3744 οἱ
2201 3687 2538 3749 ἐνοικοῦντες
2593 3684 2646 3741 ἂν
2706 3684 2894 3750 αύταῖς
2927 3729 2939 3742 .
3000 3682 3079 3743 Οὗ
3134 3685 3235 3763 γὰρ
3288 3685 3552 3761 ἰργῶνται
3613 3683 3743 3741 δέκα

2095 3778 2254 3855 ζεύγη
2320 3777 2488 3853 βοῶν,
2546 3776 2765 3845 ποιήσει
2823 3773 3084 3849 κεράμιον
3141 3771 3218 3832 ἰν.
3272 3775 3373 3833 Καὶ
3444 3775 3473 3830 6
3504 3772 3740 3847 σπείρων

2092 3862 2330 3942 ἀρτάϐας
2384 3862 2463 3936 ἓξ,
2517 3866 2737 3936 ποιήσει
2802 3862 2971 3939 μέτρα
3026 3863 3169 3940 τρία.
3227 3861 3617 3933 Ταλανίζονται
3647 3867 3741 3918 νῦν

2091 3957 2144 4013 οἱ
2204 3953 2293 4011 διά
2344 3956 2444 4025 τὴν
2498 3956 2597 4009 τοῦ
2626 3950 2880 4016 πλείονος
2930 3950 3221 4027 ἐπιθυμίαν
3267 3952 3337 4007 τὰ
3362 3956 3468 4006 τῶν
3501 3950 3739 4021 πλησίον

2088 4043 2562 4123 παρατεμνόμινοι
2622 4044 2717 4115 (4),
2765 4041 2856 4098 καὶ
2891 4043 3029 4116 μήτε
3086 4040 3138 4097 ἰν
3173 4041 3360 4118 ἀγροῖς
3406 4044 3525 4105 ταῖς
3568 4038 3737 4096 ciust-

2089 4156 2173 4198 αις
2229 4132 2558 4210 ἀρκούμενοι
2632 4133 2876 4202 κτήσεσι,
2950 4128 3092 4204 μήδι
3164 4129 3218 4186 έν
3282 4134 3401 4193 ταῖς
3462 4129 3733 4201 οἰκήσεσιν

2089 4223 2419 4302 ἀρκούμενοι
2475 4226 2591 4284 τοῖς
2620 4221 2697 4294 (5)
2742 4220 2967 4289 ἑαυτῶν,
3025 4218 3172 4275 ἀλλὰ
3221 4219 3609 4294 παρορίζοντες
3644 4219 3737 4292 μὲν

2085 4314 2213 4377 τοὺς
2262 4310 2434 4375 πέλας
2458 4308 2513 4365 ἐν
2541 4313 2611 4383 τῇ
2662 4308 3077 4384 γεωργουμένη,
3124 4302 3739 4384 προσπεριϐαλλόμενοι

2088 4400 2146 4458 δὲ
2173 4402 2242 4457 τὰ
2269 4404 2378 4455 τῶν
2408 4396 2666 4474 γειτόνων
2702 4396 2828 4467 οίκή
2841 4417 3003 4470 ματα,
3038 4396 3140 4451 ὑπὸ
3168 4402 3269 4467 τῆς
3297 4395 3499 4459 οίκιίας
3529 4393 3738 4451 πλεον-

2086 4492 2226 4563 εξίας
2284 4485 2814 4563 στενοχωρούμενοι,
2872 4486 2963 4540 καὶ
3022 4484 3194 4559 μένειν
3252 4484 3303 4539 έν
3333 4490 3455 4547 τοῖς
3510 4484 3740 4548 οἰκείοις

325 4585 610 4655 praetextu
625 4581 697 4637 ad
710 4580 1113 4638 exsatiandam
1126 4597 1289 4637 suam
1305 4582 1604 4639 avaritiam
1616 4585 1964 4653 abutuntur,

2098 4578 2224 4659 ἱροις
2258 4578 2357 4635 ούκ
2388 4575 2735 4653 ἀνεχόμενοι,
2796 4574 2923 4632 ἀλλ’
2969 4572 3181 4649 εὐλόγῳ
3211 4570 3279 4644 δὴ
3312 4573 3480 4649 ταύτῃ
3508 4594 3737 4630 κατακε-

389 4762 436 4801 “
467 4765 634 4819 Prov.
666 4776 769 4833 xu,
799 4760 854 4817 5.
931 4759 978 4795 ⁸³
1008 4758 1217 4832 Ephes.
1250 4777 1325 4831 ιν,
1356 4761 1447 4817 31.
1521 4762 1567 4798 ⁸³
1594 4762 1764 4820 Joan.
1795 4781 1893 4835 vn,
1923 4766 1985 4822 37

2098 4764 2137 4800 ⁵⁸
2167 4759 2322 4819 Psal.
2353 4776 2500 4831 cxu,
2529 4759 2585 4814 2.
2662 4758 2707 4794 ⁸⁸
2733 4759 2876 4813 Gen.
2908 4771 3027 4826 xxx,
3061 4755 3148 4811 13.

529 4946 771 5021 Antiqui
821 4962 921 5002 sex
975 4945 1134 5013 libri,
1174 4942 1264 4998 καὶ
1321 4942 1617 5015 ἀληθινῶς.
1675 4947 1848 5020 Editi,
1877 4945 1969 5001 καὶ

319 5014 769 5231 ἆλῶίὲῖςθοιοτθε
798 5095 917 5145 tres
945 5088 1104 5155 libri,
1136 5086 1511 5159 ἀπαιτούμεοα
1541 5084 1619 5144 δὲ.

334 5230 339 5231 ί
389 5161 481 5231 (99
513 5161 684 5231 _Editi
728 5176 861 5218 eum
921 5160 1113 5217 tribus
1169 5176 1336 5229 mss,
1396 5158 1619 5231 ἀνομίαν

389 5158 503 5233 (99)
533 5161 684 5217 Editi
728 5176 861 5218 eum
921 5160 1113 5217 tribus
1169 5176 1336 5229 mss,
1378 5158 1646 5233 ἀνομίαν.
1677 5161 1791 5218 Alii
1847 5165 1967 5218 tres

320 5228 606 5305 ἁμαρτίαν.
678 5301 688 5305 _
1184 5300 1236 5305 __
1319 5294 1343 5305 Δ

386 5285 465 5377 (ι’)
493 5285 691 5377 Nostri
742 5320 883 5359 mss.
917 5320 1141 5377 omnes,
1169 5294 1406 5377 969360:
1454 5311 1966 5377 erae:aeuxo¢,_tu-

313 5368 525 5451 multus
572 5373 876 5451 seditiosus.
910 5376 1083 5445 Editi,
1119 5368 1371 5451 Θόρυϐος,
1404 5376 1793 5451 στασιαστικῶς
1834 5368 1965 5448 ἀγα-

314 5445 685 5512 νακτούντων,
757 5450 960 5519 quippe
1036 5445 1196 5519 quia'
1255 5449 1582 5506 tumultuose
1660 5445 1964 5517 indignan-

488 5588 726 5674 Vetares
755 5603 856 5643 sex
881 5586 1255 5674 librj‘postri,
1287 5587 1455 5652 ἑστὼς
1487 5587 1563 5645 iv.
1607 5586 1783 5661 Editi,
1813 5586 1961 5651 στάς.

311 5652 518 5720 Statim
548 5666 669 5717 tres
701 5674 869 5730 mss.,
902 5652 1069 5713 Δαϐὶδ
1100 5652 1390 5735 κέχρηται.

2152 4945 2230 5016 (3)
2260 4940 2630 5016 Colbertinus
2681 4939 2932 5016 primus,
2982 4933 3193 5016 ἔσονται
3252 4934 3419 5016 οίκαίαι
3476 4933 3734 5016 μεγάλαι.

2082 5003 2253 5088 Illud,
2287 5015 2627 5088 quod__mox
2654 5003 2944 5088 sequitur,
2970 5008 3189 5088 ποιήσει
3220 5003 3487 5088 κερᾴμιον
3528 5003 3608 5076 ἓν,
3640 5009 3731 5088 ip-

2078 5081 2409 5161 terpretans
2442 5081 2851 5161 Hieronymus,
2875 5084 2961 5161 ita
2988 5083 3234 5139 scribit:
3264 5081 3381 5161 Pro
3402 5081 3734 5161 laguncuta,

2079 5153 2242 5231 quam
2274 5161 2376 5215 soli
2408 5158 2534 5213 LXX
2562 5153 2965 5231 transtulerunt
2992 5173 3017 5231 .f
3043 5169 3229 5211 omnes
3268 5154 3381 5231 atii
3404 5153 3612 5231 _batum
3641 5154 3731 5208 in-

2078 5226 2369 5304 terpretati
2415 5238 2613 5304 sunt...
2644 5229 2708 5284 In
2751 5227 3049 5304 sterilitate
3098 5242 3223 5299 ergo
3251 5226 3446 5304 _nimia
3477 5240 3734 5304 quae}?

2112 5296 2273 5359 uetur
2313 5302 2708 5373 captivitatem,
2739 5299 2921 5373 decem
2968 5296 3173 5370 iugera
3204 5296 3499 5355 vinearum
3522 5296 3732 5370 facient

2112 5321 2273 5359 uetur
2313 5321 2708 5373 captivitatem,
2739 5321 2921 5355 aecem
2968 5321 2987 5367 γ

2077 5321 2288 5440 gutum,
2323 5373 2380 5429 id
2407 5382 2506 5440 est,
2538 5380 2648 5428 tres
2678 5370 2992 5443 amphoras.

2256 5438 2414 5527 ξιξειὶοἰ
2448 5438 2587 5527 ἀὴρ,
2619 5438 3097 5527 περιτεμνόμενοι,

2148 5507 2227 5588 (5)
2257 5507 2429 5584 Editi,
2483 5507 2739 5588 ταῖςηᾹζ
2785 5507 2933 5588 mss}
2963 5510 3176 5588 nostri
3199 5526 3425 5588 omnes,
3454 5513 3593 5572 τοῖς·
3628 5507 3728 5588 ubi

2074 5581 2435 5644 arbitramur
2477 5584 2740 5660 suppleri
2780 5586 2993 5643 debere
3034 5583 3204 5656 illud,
3256 5581 3588 5658 ὑπάρχουσι,
3611 5583 3727 5640 suis

2069 5658 2456 5734 facultatibus.

2097 5661 2197 5717 'acu
2208 5661 2456 5718 (tatibus.
