4138 6394
303 433 419 496 365

1141 433 1548 499 COMMENT.
1592 439 1667 496 ΙΝ
1721 436 1988 497 lSAlAM
2034 432 2542 508 PROPHETAM.
2591 434 2762 496 CAP.
2811 432 2879 497 V.

3607 437 3727 501 366

306 585 586 642 χρημενοι
637 568 902 644 προφάσει
962 568 1098 644 πρὸς
1155 569 1254 638 τὴν
1306 565 1542 642 ἄμετρον
1607 566 1956 644 φιλοκτημο-

2074 568 2226 639 quod
2257 567 2582 623 vicinorum
2631 569 2847 641 praedia
2890 571 3092 640 utpote
3138 569 3436 642 contigua,
3491 573 3549 626 et
3601 571 3728 628 suis

305 655 491 726 σόνην,
521 659 603 728 τῷ
632 658 710 729 (6)
754 653 930 711 δοκεῖν
987 663 1238 735 προσεχῆ
1301 656 1388 710 καὶ
1448 658 1768 729 συνημμένα
1829 658 1959 711 εἶναι

300 744 370 798 τὰ
420 749 530 799 τῶν
583 745 862 820 γειτόνων.
900 747 1040 822 Πρὸς
1097 744 1188 808 οὓς
1245 745 1682 820 ἐλεγκτικώτατα
1731 747 1758 800 6
1801 743 1964 820 λόγος

302 835 636 904 ἀπήντησεν,
699 833 864 888 εἰπών
900 853 912 866 ’
971 835 1063 903 Μὴ
1125 835 1373 905 οἰκήσετε
1455 830 1612 908 μόνοι
1691 833 1778 889 ἐπὶ
1862 840 1961 903 τῆς

303 930 408 997 γῆς
436 943 449 992 ;
478 923 546 979 Εἰ
575 922 674 998 γάρ
708 923 790 978 ὅτι
835 923 1028 998 γείτων
1085 925 1113 978 6
1159 926 1259 994 τήν
1309 923 1587 999 ἐχομένην
1639 930 1741 998 γῆν
1789 944 1962 998 γεωρ-

305 1017 416 1088 γῶν
478 1013 832 1088 ἀφαιρεθῆναι
895 1011 1124 1082 δίκαιος,
1173 1011 1456 1086 δηλονότι,
1507 1013 1704 1068 τούτου
1759 1009 1961 1081 ἐκϐλη-

311 1103 508 1171 θέντος,
560 1098 744 1175 ἕτερός
794 1122 877 1156 σοι
930 1101 1094 1157 πάλιν
1146 1102 1341 1178 γείτων
1395 1102 1814 1180 ἀναφανήσεται,
1873 1103 1958 1156 καὶ

307 1192 370 1246 τὸ
396 1191 523 1246 αὐτό
556 1211 640 1245 σοι
673 1186 748 1263 (7)
781 1190 946 1247 πάλιν
979 1193 1068 1246 καὶ
1097 1192 1234 1266 πρὸς
1262 1193 1462 1247 ἐκεῖνον
1518 1191 1695 1267 λέγειν
1729 1194 1763 1261 ἡ
1794 1189 1962 1245 πλεο-

312 1280 523 1348 νεκτικὴ
556 1276 755 1355 καρδία
791 1275 1120 1352 ὑποϐάλλει,
1154 1278 1385 1356 εὔλογον
1432 1279 1859 1336 ὑποδεικνύουσα
1889 1283 1962 1354 (8)

309 1370 438 1423 εἶναι
490 1373 716 1423 σεαυτοῦ
765 1371 1097 1440 ποιήσασθαι
1143 1371 1210 1424 τὰ
1257 1369 1650 1447 πλησιόχωρα.
1693 1372 1856 1427 Ὅταν
1907 1367 1965 1424 δὲ

300 1458 549 1521 κάκεῖνος
630 1458 942 1534 γυμνωθεὶς
1025 1457 1236 1534 ἀπέλθῃ
1320 1465 1428 1515 τῶν
1511 1457 1685 1530 ἰδίων,
1733 1458 1822 1514 καὶ
1870 1459 1958 1535 γέ-

298 1567 459 1617 νηται
524 1546 687 1622 μέρος
733 1555 832 1617 τῆς
876 1554 977 1618 σῆς
1026 1550 1267 1619 στήσεως
1309 1551 1344 1618 ἡ
1391 1553 1488 1604 τοῦ
1536 1547 1724 1625 τρίτου
1781 1548 1961 1623 χώραο

300 1634 467 1691 πάλιν
519 1633 694 1698 ἄλλος
745 1636 961 1712 γείτων,
994 1634 1160 1692 ἄλλαι
1211 1635 1464 1710 σπουδαὶ,
1511 1635 1810 1708 ἀποδιῶξαι
1867 1637 1960 1710 μὶν

296 1729 410 1780 τῶν
473 1724 830 1802 ὑπαρχόντων
883 1725 1111 1798 ἐκεῖνον,
1146 1728 1338 1783 ἑαυτοῦ
1399 1725 1457 1783 δὶ
1511 1729 1846 1799 ποιήσασθαι
1897 1725 1964 1781 τὰ

295 1817 394 1869 τοῦ
435 1816 692 1889 τετάρτου
747 1817 1013 1892 γείτονος.
1047 1817 1138 1880 Τίς
1196 1815 1287 1872 οῦν
1334 1815 1484 1873 ἔσται
1537 1838 1621 1871 σοι
1681 1816 1809 1891 ὅρος
1863 1822 1963 1885 τῆς

297 1901 585 1977 ἐπιθυμίας
643 1909 741 1959 τοῦ
797 1904 1087 1976 πλείονος;
1120 1905 1256 1982 Πυρὶ
1309 1906 1413 1982 γὰρ
1467 1904 1638 1961 ἔοικεν
1671 1908 1706 1975 ἡ
1768 1903 1959 1960 πλεον-

298 1993 484 2062 εκτικὴ
518 1991 735 2069 καρδία,
770 1991 858 2049 διὰ
885 1995 984 2063 τὴς
1031 1994 1327 2068 καιομένης
1382 1994 1521 2066 ὕλης
1547 2026 1550 2028 τ
1573 1992 1953 2070 πορευομένῳ,

293 2081 384 2135 καὶ
415 2080 482 2136 τά
516 2081 609 2154 μὶν
644 2082 939 2160 φθείροντι,
970 2083 1038 2138 τά
1095 2082 1153 2138 δέ
1210 2083 1592 2160 ἐπερχομένῳ.
1625 2089 1806 2138 ’Ήπου
1857 2103 1953 2138 κα-

295 2171 464 2245 θάπερ
494 2176 592 2225 τοῦ
651 2171 985 2248 ἐμπρησμοῦ
1044 2168 1224 2236 σϐέσις
1277 2175 1482 2248 γίνεται
1515 2176 1549 2243 ἡ
1599 2173 1800 2250 ἀπορία
1857 2176 1954 2243 τῆς

293 2256 452 2332 ὕλης,
487 2261 630 2315 οὕτω
684 2263 772 2316 καὶ
833 2263 934 2331 τήν
993 2261 1385 2333 πλεονεκτικήν
1431 2261 1652 2338 καρδίαν
1712 2263 1801 2318 καὶ
1858 2267 1950 2317 τὸν

293 2346 626 2425 ἀπλήρωτον
659 2350 943 2428 ὀφθαλμὸν
977 2350 1150 2407 έκεῖνο
1179 2350 1367 2424 ἵστησι
1403 2353 1588 2426 μόνον,
1619 2352 1682 2407 τὸ
1745 2349 1953 2425 μηδένα

293 2431 442 2514 ἔχειν
471 2439 563 2494 τὸν
596 2440 1014 2515 συνοριζόμενον
1047 2446 1164 2503 τοῖς
1203 2444 1473 2514 κτήμασι.
1513 2441 1798 2518 Πόῤῥωθεν
1857 2438 1949 2494 οὖν

296 2527 531 2601 ἰώμενος
548 2530 574 2583 ὁ
599 2527 766 2604 λόγος
780 2531 842 2584 τὸ
860 2532 1051 2599 πάθος,
1069 2530 1234 2585 οἰονεί
1258 2528 1469 2601 ἐπᾴδων
1491 2535 1560 2605 τῇ
1582 2529 1814 2608 φιλοκτή
1827 2550 1950 2604 μονι

295 2620 471 2693 ψυχῇ,
501 2619 669 2673 ταῦτά
699 2639 851 2696 φησι·
888 2620 982 2688 Μὴ
1017 2619 1267 2690 οἰκήσετε
1301 2619 1461 2692 μόνοι
1493 2619 1580 2674 ἐπὶ
1611 2627 1710 2689 τῆς
1737 2626 1877 2693 γῆς;

1987 1957 2034 2022 Β

2071 657 2407 728 conjuncta,
2442 657 2530 711 sui
2560 657 2990 729 ipsorumjuris
3015 675 3144 714 esse
3165 658 3729 725 videantur.Quibus

2071 744 2370 816 Scriptura
2394 745 2829 801 olisistitverbis
2845 763 3126 817 perquam
3145 747 3726 819 objurgatoriis,cum

2073 834 2188 890 ait:
2219 835 2482 907 Nunquid
2506 835 2832 891 habitabilis
2850 838 2957 892 soli
3005 853 3170 908 super
3207 841 3412 893 terram
3430 841 3455 890 .9
3481 837 3538 892 Si
3569 838 3726 894 enim

2075 941 2108 980 a
2138 923 2327 979 vicino
2352 930 2562 980 terram
2593 942 2766 995 quam
2787 925 2943 991 colit,
2971 926 3099 982 ideo
3123 943 3354 1000 equum
3379 927 3724 1000 estauferri,

2072 1014 2222 1084 quod
2249 1013 2354 1069 tibi
2381 1014 2658 1084 contigua
2681 1015 2785 1069 sit:
2833 1015 3111 1085 profecto,
3155 1033 3219 1070 eo
3251 1018 3457 1088 ejecto,
3490 1033 3724 1090 compe-

2072 1101 2254 1158 rietur
2285 1119 2518 1158 rursum
2551 1102 2693 1158 alter
2724 1103 2825 1158 tibi
2861 1103 3088 1160 vicinus
3121 1121 3270 1160 esse.
3304 1110 3493 1176 Atque
3532 1107 3724 1161 denuo

2073 1208 2314 1246 avarum
2343 1209 2442 1248 cor
2471 1192 2575 1247 tibi
2609 1197 2905 1265 suggeret,
2938 1197 3002 1247 ut
3024 1193 3131 1248 hoc
3154 1193 3304 1249 idem
3332 1195 3507 1250 etiam
3527 1196 3726 1251 adver-

2073 1297 2174 1337 sus
2199 1281 2365 1336 illum
2384 1283 2579 1336 dicas:
2605 1283 2815 1338 suadet
2839 1282 3084 1350 scilicet,
3110 1283 3250 1348 fore,
3277 1287 3340 1338 ut
3362 1284 3462 1339 fiat
3502 1284 3724 1356 aliquid

2072 1371 2282 1426 rationi
2307 1371 2713 1439 consonum,si
2739 1371 2844 1427 tibi
2867 1377 3080 1427 terrain
3107 1372 3418 1428 ﬁnitimam
3443 1374 3724 1445 vindices,

2073 1463 2392 1530 Postquam
2423 1465 2621 1516 autem
2654 1459 2864 1516 abierit
2894 1459 3013 1531 ille,
3042 1459 3214 1516 bonis
3246 1461 3370 1516 suis
3417 1461 3724 1533 spoliatus,

2071 1553 2127 1604 et
2149 1549 2304 1604 tertii
2328 1565 2464 1621 ager
2487 1549 2879 1622 possessionis
2904 1555 3017 1605 tuas
3045 1555 3270 1622 partem
3295 1551 3551 1605 effecerit
3578 1567 3590 1604 :
3618 1551 3724 1606 ite-

2071 1654 2204 1692 rum
2237 1639 2406 1694 adest
2433 1639 2660 1693 vicinus
2683 1638 2834 1695 alius
2865 1639 3019 1710 :jam
3049 1643 3375 1695 nascuntur
3396 1640 3521 1696 alias
3549 1657 3723 1709 curaa,

2073 1728 2364 1799 quomodo
2398 1727 2565 1783 illum
2599 1729 2838 1799 quidem
2873 1745 2906 1784 a
2939 1728 3063 1784 suis
3091 1728 3324 1800 praediis
3382 1728 3610 1801 abigas,
3659 1745 3727 1784 ac

2072 1816 2265 1889 quarti
2296 1816 2473 1888 hujus
2505 1817 2743 1873 finitimi
2763 1818 2917 1873 bona
2940 1817 3048 1872 tibi
3071 1834 3362 1873 assumas.
3383 1817 3564 1881 Quem
3588 1833 3726 1890 ergo

2072 1905 2248 1961 ﬁnem
2281 1905 2418 1962 huic
2448 1911 2560 1962 tuae
2593 1906 2904 1979 cupiditati
2963 1907 3134 1978 plura
3181 1906 3435 1962 habendi
3481 1905 3726 1980 imposi-

2065 1999 2232 2052 turus
2260 1994 2368 2051 es?
2400 1995 2623 2052 Etenim
2657 2013 2755 2051 cor
2786 2013 3027 2051 avarum
3060 1995 3181 2067 igni
3239 1995 3545 2051 consimile
3596 2012 3728 2053 esse

2064 2084 2294 2140 videtur
2324 2102 2426 2158 per
2456 2102 2764 2142 accensam
2796 2084 3101 2141 materiam
3133 2085 3423 2158 evaganti,
3455 2083 3569 2140 alia
3592 2085 3724 2156 qui-

2064 2175 2197 2229 dem
2232 2175 2570 2246 depascenti
2603 2181 2660 2230 et
2690 2175 3091 2246 corrumpenti
3121 2193 3134 2242 ;
3169 2175 3223 2228 in
3258 2173 3374 2228 alia
3406 2190 3536 2229 vero
3556 2174 3719 2229 invo-

2062 2263 2208 2319 lanti
2238 2280 2304 2319 ac
2336 2263 2640 2320 insilienti.
2694 2264 2953 2320 Profecto
3003 2264 3159 2320 sicut
3211 2264 3467 2319 materiae
3521 2263 3722 2334 inopia

2063 2353 2402 2408 incendium
2436 2353 2790 2426 exstinguit:
2823 2353 2905 2408 ita
2935 2358 2991 2408 et
3047 2371 3144 2409 cor
3186 2353 3503 2408 immodica
3553 2354 3722 2425 cupi-

2063 2441 2243 2498 ditate
2265 2441 2605 2514 acquirendi
2625 2443 2905 2515 ﬂagrans,
2920 2441 3245 2515 oculusque
3263 2441 3718 2514 inexplebiliseo

2063 2533 2349 2587 duntaxat
2372 2538 2691 2598 coercetur,
2717 2533 2868 2603 quod
2898 2533 3193 2588 neminem
3219 2533 3431 2588 habeat
3454 2532 3579 2587 suis
3601 2548 3728 2604 pos-

2062 2620 2434 2677 sessionibus
2465 2621 2776 2679 conﬁnem.
2813 2625 3018 2694 Itaque
3045 2621 3345 2693 Scriptura
3370 2622 3574 2677 morbo
3589 2621 3729 2677 huic

293 2709 621 2765 remedium
651 2711 875 2766 eminus
905 2712 1170 2778 efferens,
1208 2711 1474 2768 animum
1527 2711 1862 2768 divitiarum
1897 2710 2178 2783 cupidum
2237 2712 2419 2769 veluti
2477 2711 2740 2767 carmine
2792 2711 3153 2780 demulcens,
3215 2711 3434 2782 profert
3485 2710 3730 2785 isthazc;

294 2798 556 2870 Nunquid
588 2799 915 2856 habitabilis
944 2801 1050 2856 soli
1077 2818 1241 2874 super
1268 2802 1520 2858 terram?

365 2887 569 2947 i5l.Ei
599 2888 700 2964 γὰρ
734 2887 1017 2962 ἐπιθυμεῖς
1045 2893 1152 2943 τῶν
1181 2893 1276 2944 τοῦ
1294 2889 1760 2966 γείτονος,γείτων
1795 2886 1850 2942 δέ
1871 2909 1956 2942 σοι

302 2976 516 3042 πάντως
547 2976 607 3032 οὐ
641 2976 839 3051 λείψει·
873 2977 1081 3053 ἀνάγκη
1118 2999 1175 3032 σε
1207 2975 1464 3050 δηλονότι
1499 2978 1587 3032 ἐπὶ
1632 2980 1698 3032 τὰ
1755 2976 1959 3052 ἔσχατα

304 3064 504 3140 φθάσαι
533 3072 633 3134 τῆς
663 3067 784 3120 καθ’
813 3068 962 3140 ἡμᾶς
1014 3065 1368 3140 οἰκουμένης.
1417 3067 1481 3122 Εἰ
1506 3063 1564 3121 δὲ
1603 3069 1762 3120 τοῦτο
1813 3067 1957 3138 ἀμή-

310 3171 501 3226 χανον,
532 3153 637 3208 ἀπὸ
666 3157 764 3222 τῆς
792 3155 1018 3230 πρώτης
1068 3153 1275 3216 ἐννοίας
1323 3159 1529 3208 παῦσον
1581 3157 1804 3209 σεαυτοῦ
1854 3154 1954 3221 τήν

299 3241 434 3313 πρὸς
482 3242 543 3296 τὸ
592 3243 756 3297 κακὸν
816 3243 1020 3318 ὁρμὴν,
1052 3244 1096 3296 ὧ
1150 3240 1422 3318 ἄνθρωπε,
1481 3241 1814 3318 ἀρκούμενος
1875 3242 1958 3304 οἷς

2139 2891 2262 2945 451.
2299 2890 2525 2946 Etenim
2557 2891 2606 2945 si
2641 2906 2771 2961 qum
2802 2895 2942 2945 sunt
2970 2888 3146 2944 vicini
3179 2888 3586 2962 concupiscas,
3639 2889 3730 2944 vi-

2069 2978 2239 3034 cinus
2275 2985 2470 3035 autem
2505 2995 2620 3034 non
2651 2978 2728 3034 sit
2760 2978 2963 3050 utique
2995 2977 3101 3032 tibi
3124 2978 3464 3047 defuturus;
3491 2993 3728 3033 necesse

2067 3067 2222 3123 486
2244 3067 2483 3123 omnino
2522 3067 2699 3122 fuerit
2721 3071 2786 3122 ut
2816 3068 2887 3122 ad
2913 3071 3078 3120 terrae
3105 3065 3283 3136 hujus
3319 3075 3530 3122 nostrai
3563 3065 3730 3122 habi-

2066 3155 2265 3212 tabilis
2287 3159 2548 3211 extrema
2570 3155 3055 3226 pertingas.Quod
3074 3155 3120 3210 si
3149 3155 3203 3209 id
3231 3153 3354 3210 fieri
3376 3171 3488 3210 non
3509 3160 3724 3227 potest,

2067 3249 2229 3300 tuam
2253 3245 2444 3316 ipsius
2466 3245 2540 3301 ad
2563 3243 2784 3301 malum
2800 3241 3434 3316 proclivitatem,priori
3459 3247 3560 3298 tuo
3583 3259 3726 3298 con-

298 3325 630 3404 παρέλαϐες,
664 3329 933 3405 ἐπιμένων
975 3333 1061 3393 οἷς
1092 3327 1260 3407 ἔχεις,
1294 3329 1474 3400 εἰδὼς,
1507 3330 1592 3386 ὅτι
1621 3330 1710 3386 καὶ
1750 3332 1952 3406 μεγέθη

2074 3334 2203 3390 silia
2233 3336 2412 3390 fotam
2464 3334 2738 3406 reprime,
2799 3351 2830 3389 ο
2875 3333 3072 3402 homo,
3126 3332 3198 3388 iis
3247 3349 3374 3404 quae
3425 3332 3723 3404 accepisti.

299 3415 510 3485 οἰκιῶν,
544 3414 634 3472 διὰ
661 3419 723 3472 τὸ
777 3419 827 3490 ἐξ
884 3415 1100 3482 ἀδικίας
1161 3426 1441 3491 συστῆναι,
1475 3416 1656 3491 ἔρημά
1706 3417 1815 3473 ἐστι
1845 3422 1952 3473 τῶν

301 3504 631 3580 οἰκητόρων,
660 3506 753 3560 καὶ
777 3504 995 3576 πλῆθος
1027 3507 1219 3582 χώρας
1255 3510 1352 3580 (9),
1386 3507 1445 3562 ἐκ
1494 3508 1806 3579 πλεονεξίας
1865 3529 1957 3561 πε-

305 3589 588 3670 ριϐληθὶν,
622 3593 816 3668 ἄγονον
877 3593 1152 3657 πολλάκις
1204 3600 1311 3651 τῶν
1361 3601 1581 3670 καρπῶν
1635 3593 1958 3672 ἀπεδείχθη.

300 3677 697 3759 Προλαμϐάνει
731 3684 834 3759 γὰρ
867 3683 1142 3747 πολλάκις
1191 3687 1290 3755 τῆν
1338 3684 1642 3758 μέλλουσαν
1681 3689 1859 3761 κρίσιν
1920 3689 1955 3756 ἡ

302 3771 420 3836 θεία
453 3770 604 3845 δίκη,
634 3774 723 3828 καὶ
766 3771 873 3844 ἤδη
907 3773 1002 3836 τὰς
1041 3771 1239 3837 ἀδίκως
1300 3776 1703 3851 πεπορισμένας
1760 3775 1955 3844 οἰκίας,

301 3863 378 3924 εἱς
411 3859 694 3938 ἄχρηστον
726 3863 1064 3936 περιίστησιν
1113 3867 1246 3938 (10),
1280 3864 1384 3919 ἀπὸ
1439 3872 1540 3934 τῆς
1600 3862 1955 3939 πολυανθρώ-

297 3972 405 4007 που
459 3951 729 4023 οἰκησεως
790 3952 882 4007 καὶ
938 3960 1037 4023 τῆς
1096 3952 1351 4029 λαμπρᾶς
1412 3953 1681 4025 εὐθηνίας,
1715 3954 1957 4031 ἐρήμους

297 4044 408 4096 τῶν
441 4039 746 4116 οἰκητόρων
778 4045 1034 4099 ποιοῦσα.
1091 4040 1370 4106 Πολλάκις
1411 4047 1541 4117 γοῦν
1576 4046 1683 4117 (11)
1717 4041 1959 4117 ἔγνωμεν

300 4127 405 4184 ὅλα
428 4129 558 4206 γένη
589 4127 758 4204 ἄρδην
791 4131 1168 4209 ἀφανισθέντι.
1208 4131 1283 4196 ὡς
1313 4133 1516 4208 ἀπορίᾳ
1541 4137 1651 4187 τῶν
1705 4129 1957 4208 διαδεχο-

304 4219 480 4292 μένων
536 4219 910 4296 καταρρυῆναι
965 4221 1104 4296 πρὸς
1145 4228 1245 4296 γῆν
1297 4224 1390 4284 τὰς
1445 4221 1811 4300 μεγαλοφυεῖς
1866 4221 1957 4276 καὶ

304 4307 682 4385 ὑπερηφάνους
715 4313 820 4363 τῶν
883 4308 1200 4382 οἰκημάτων
1254 4309 1602 4372 κατασκευάς.
1639 4310 1813 4367 ’Λλλά
1869 4310 1958 4366 καὶ

302 4394 420 4451 ὅσοι
459 4397 594 4468 μετά
637 4402 984 4472 παρορισμοῦ
1031 4402 1137 4453 τῶν
1187 4396 1426 4469 πλησίον
1474 4399 1602 4463 τοὺς
1632 4398 1792 4474 ὅρους
1850 4404 1955 4455 τῶν

305 4484 525 4540 οἰκείων
573 4487 816 4558 κτήσεων
890 4487 1310 4563 ὑπερεξέτειναν,
1361 4485 1449 4542 διὰ
1492 4489 1555 4542 τὸ
1613 4488 1719 4544 ἀπὸ
1771 4510 1959 4545 στενα-

301 4577 446 4650 γμοῦ
495 4577 604 4629 τῶν
664 4571 1018 4648 ἠδικημένων
1071 4575 1507 4651 συμπεπορίσθαι
1564 4577 1660 4640 τὰς
1717 4580 1958 4652 κτήσεις,

302 4663 526 4759 ¹πάντως
569 4661 982 4759 ἀλλότριοιτῆς
1033 4665 1179 4759 θείας
1226 4662 1626 4759 ἀπεδείχθησαν
1685 4667 1956 4744 εὐλογίας·
1992 4697 2040 4759 D

303 4751 442 4807 ὥστε
501 4750 628 4816 ἔνθα
685 4749 814 4807 δέκα
871 4753 1032 4828 ζεύγη
1098 4753 1239 4829 βοῶν
1266 4752 1572 4829 εἰργάσατο,
1608 4755 1765 4829 μόγις
1797 4759 1961 4829 κερά-

306 4861 430 4912 μιον
461 4840 517 4894 ἓν
569 4848 902 4917 τρυῃθῆναι
961 4843 1095 4916 (12)·
1131 4843 1220 4897 καὶ
1270 4839 1396 4907 ἔνθα
1551 4841 1782 4920 ἀρτάὸαι
1837 4867 1960 4901 κατ-

306 4931 638 5004 εσπάρησαν,
669 4930 794 5007 τρία
828 4929 998 5008 μέτρα
1024 4931 1342 5007 συνάγεσθαι
1390 4937 1497 4989 τῶν
1546 4939 1793 5011 καρπῶν,
1823 4937 1956 5010 ἅπερ

311 5015 422 5072 ἐστὶ
447 5019 939 5096 πολλοστημόριον
967 5025 1075 5076 τῶν
1109 5023 1456 5098 σπερμάτων.

380 5202 457 5274 (6)
485 5203 718 5288 Veteres
748 5207 1008 5280 quinque
1037 5207 1197 5278 libri,
1231 5201 1314 5262 τό.
1366 5208 1517 5264 Editi
1547 5212 1603 5266 et
1633 5209 1793 5266 Colb.
1843 5209 1958 5284 pri-

313 5290 449 5329 mus
502 5293 532 5327 τ
589 5319 600 5330 .

351 5317 471 5434 ,(7)
490 5296 656 5410 Εέίἰιὶ,
687 5346 778 5402 καὶ
806 5347 968 5402 τοῦτό
993 5369 1101 5405 σοι.
1126 5355 1202 5406 At
1231 5350 1417 5407 nostri
1450 5367 1552 5407 sex
1585 5369 1754 5424 mss.,
1776 5352 1863 5406 καὶ
1893 5352 1957 5407 τὸ

306 5435 725 5563 ῗυῖἕ)ῗίίέιοιδθε
754 5491 1014 5563 quinque
1038 5492 1195 5559 libri,
1229 5489 1606 5550 ὗποδεικνῦσα.
1641 5495 1791 5552 Editi
1822 5513 1958 5552 cum

305 5559 445 5634 Reg.
477 5564 674 5638 tertio,
745 5559 1192 5638 ὑποδέκνύουσα.
1235 5570 1354 5622 Ηοο
1402 5569 1530 5638 ipso
1578 5570 1638 5623 in
1681 5569 1806 5624 loco
1858 5584 1959 5626 sex

305 5649 476 5711 {ns-sv
508 5636 1354 5711 «atriensem._Ed_iti,_130tﬁcau.
1382 5636 1589 5711 statim
1637 5656 1739 5696 sex
1786 5657 1958 5711 mss.,

299 5701 540 5836 zzélﬁp.
600 5701 776 5779 Editi,

864 5704 1170 5779 ἀπελασθῇ,
1229 5704 1338 5780 pro
1413 5709 1680 5782 ἀπελαθῇ,
1758 5704 1962 5777 εἰσοιαὲ

2067 3427 2396 3491 contentus,
2427 3423 2499 3477 iis
2528 3439 2654 3493 quas
2686 3421 2974 3493 possides,
3007 3421 3332 3476 immoraris
3358 3437 3369 3474 :
3399 3420 3722 3493 praesertim

2069 3527 2204 3566 cum
2235 3510 2464 3567 noveris
2495 3526 2743 3582 magnas
2763 3510 2898 3567 illas
2928 3512 3102 3577 edes,
3134 3510 3285 3580 quod
3319 3526 3422 3580 per
3480 3509 3722 3580 injusti-

2068 3600 2207 3654 tiam
2240 3604 2588 3655 constructas
2622 3603 2781 3668 sunt,
2815 3599 3054 3656 destitui
3087 3599 3553 3666 habitatoribus;
3597 3615 3723 3654 am-

2067 3687 2343 3760 plamque
2374 3689 2693 3760 regionem,
2728 3705 2853 3759 qua
2883 3705 2951 3743 ex
2984 3688 3227 3742 avaritia
3285 3688 3722 3758 circumjaoeat,

2066 3777 2493 3832 infructuosam
2528 3795 2643 3832 non
2667 3794 2794 3832 raro
2824 3777 3076 3833 ostendi.
3098 3782 3241 3832 Nam
3272 3777 3507 3848 justitia
3529 3776 3727 3831 divina

2067 3883 2218 3938 saepe
2251 3867 2513 3922 futurum
2546 3865 2690 3920 illud
2716 3866 3010 3938 judicium
3036 3866 3338 3938 anticipat,
3364 3868 3599 3938 iamque
3622 3867 3724 3920 do-

2068 3971 2194 4010 mos
2227 3955 2424 4025 inique
2445 3959 2816 4027 comparatas
2836 3954 3057 4010 nullius
3085 3956 3270 4026 frugis
3295 3955 3569 4022 reddit,et
3591 3953 3726 4009 licet

2067 4044 2229 4115 prius
2246 4043 2317 4098 ab
2330 4043 2762 4098 habitatoribus
2779 4043 2980 4100 multis
2998 4041 3728 4116 frequentarentur,splen-

2067 4133 2320 4203 didaque
2352 4148 2530 4203 opum
2561 4132 2730 4203 copia
2755 4132 3141 4204 replerentur,
3177 4133 3441 4187 desertas
3463 4131 3726 4204 inhospi-

2068 4226 2276 4294 tasque
2305 4222 2502 4276 elﬁcit.
2535 4220 2813 4278 Novimus
2844 4238 2984 4276 sane
3013 4222 3278 4293 integras
3310 4219 3566 4276 familias
3607 4237 3723 4276 non

2068 4329 2198 4367 raro
2233 4310 2414 4366 fuisse
2440 4309 2675 4382 penitus
2703 4326 2732 4365 θ
2766 4310 2956 4366 medio
2999 4309 3285 4377 sublatas,
3341 4311 3420 4365 ita
3470 4317 3532 4364 ut
3581 4308 3724 4364 deli-

2069 4401 2360 4457 cientibus
2391 4399 2852 4467 successoribus,
2885 4400 2946 4454 in
2982 4403 3198 4455 terram
3230 4403 3467 4454 ruerent
3497 4397 3725 4471 magni-

2071 4490 2190 4545 ficis
2223 4488 2332 4544 illa:
2365 4506 2430 4544 ac
2463 4489 2729 4560 superbas
2787 4488 3168 4544 aediﬁciorum
3218 4491 3548 4543 structurae.
3600 4491 3725 4544 lmo

2069 4579 2243 4635 etiam
2276 4577 2610 4649 quicunque
2632 4577 2932 4648 usurpatis
2949 4578 3348 4649 proximorum
3372 4577 3554 4649 agris,
3577 4576 3731 4633 limi-

2068 4673 2156 4725 tes
2186 4667 2630 4740 possessionum
2664 4683 2907 4721 suarum
2941 4666 3075 4738 plus
3107 4684 3272 4738 aequo
3311 4667 3724 4738 extenderunt,

2069 4774 2136 4814 eo
2168 4757 2322 4830 quod
2355 4754 2764 4828 possessiones
2792 4753 2905 4809 illae
2935 4771 3051 4811 non
3085 4755 3212 4812 sine
3259 4755 3582 4828 gemitibus
3631 4769 3727 4811 eo-

2070 4864 2201 4903 rum
2234 4846 2334 4918 qui
2367 4845 2582 4915 injuria
2633 4845 3064 4913 afliciebantur,
3123 4846 3355 4902 fuerant
3402 4843 3726 4917 acquisita),

2069 4937 2206 4993 facti
2234 4938 2373 4990 sunt
2403 4933 2644 4989 omnino
2662 4950 2695 4988 a
2716 4932 2916 4989 divina
2934 4933 3340 4990 benedictione
3361 4932 3730 4989 alieni.Unde

2068 5026 2170 5083 ubi
2220 5024 2419 5079 decem
2470 5022 2648 5077 boum
2691 5022 2837 5093 juga
2881 5028 3210 5091 araverant,
3257 5022 3349 5078 vix
3411 5018 3729 5096 laguncula

2142 5208 2219 5279 (9)
2245 5208 2481 5262 Veteres
2505 5221 2613 5280 sex
2642 5203 2797 5280 libri,
2831 5205 3038 5280 χώρας.
3074 5205 3244 5277 Editi,
3295 5203 3498 5280 ἀγρῶν,
3549 5208 3726 5279 paulo

2067 5277 2301 5350 melius,
2335 5280 2435 5335 sed
2467 5279 2594 5333 sine
2634 5277 2755 5332 ulla
2776 5277 3138 5350 austeritate.

2141 5353 2253 5424 (10)
2285 5345 2478 5410 Nostri
2527 5366 2626 5404 sex
2692 5365 2862 5416 11188.,
2920 5345 3278 5420 περιίστησιν.
3346 5348 3520 5419 Editi,
3577 5367 3728 5423 περι-

2068 5443 2267 5481 στωσα.

2141 5499 2248 5566 (11)
2285 5492 2460 5566 Editi,
2494 5485 2847 5566 οὖν-,Δ-Αῑ-εθξ
2878 5505 3057 5560 mss.,
3091 5492 3243 5566 γοῦν.

2141 5559 2250 5639 (12)
2420 5559 2479 5618 in
2511 5561 2682 5639 editis
2714 5559 2948 5639 legitur,
2981 5559 3399 5639 τρυγηθήσεται,
3423 5560 3724 5639 inpostris

2070 5631 2171 5696 sei:
2200 5631 2492 5724 veteribus
2525 5631 2690 5688 libris
2721 5631 3024 5720 scribitur,
3057 5631 3412 5724 τρυγῃθῆχαι.
3438 5633 3722 5724 aliquan-

2072 5717 2127 5766 to
2150 5716 2290 5838 lpost
2312 5705 2495 5764 nostri
2524 5721 2627 5760 sex
2659 5719 2834 5774 mss.,
2871 5698 3122 5777 ἔχει’μὶν
3151 5698 3264 5761 οὖν.
3289 5698 3462 5762 ’ῡοθει
3519 5698 3610 5757 οὖν
3660 5703 3721 5757 in

2072 5800 2144 5838 vu
2172 5781 2344 5838 satis.

2069 5781 2344 5856 vulgatis.

3018 5877 3046 5884 -ι
