4138 6394
396 435 513 497 367

1340 429 1732 492 APPENDIX
1774 426 2100 491 OPERUM
2140 429 2204 490 S.
2253 427 2529 490 BASILII
2579 426 2850 491 MAGNI.

3695 431 3816 496 368

396 585 517 624 una
545 567 1022 631 vindemiabitur,
1056 571 1112 620 et
1142 565 1238 619 ubi
1273 580 1371 620 sex
1401 565 1618 620 artabae
1662 566 1894 620 fuerant
1923 562 2247 628 seminatis,
2283 561 2376 618 vix
2405 566 2525 619 tres
2555 563 2853 620 fructuum
2896 579 3193 620 mensurae
3235 563 3625 638 colligantur:
3683 584 3813 640 quae

395 658 693 716 seminum
725 675 863 730 pars
895 660 980 712 est
1009 654 1276 710 minima.

467 749 589 804 152.
623 749 692 803 Ει
721 746 957 818 quidem
991 743 1281 799 sententia
1312 743 1517 799 isthwo
1547 759 1615 798 ex
1673 760 1734 798 so
1785 743 2027 798 multum

2226 742 2348 798 152.
2383 743 2544 816 Ἔχει
2577 741 2668 814 μὶν
2703 739 2794 796 οὖν
2825 739 2969 797 πολὺ
3001 742 3091 797 καὶ
3138 741 3358 798 αὐτόθεν
3408 744 3471 798 τὸ
3528 743 3813 823 ὠφέλιμον

393 838 569 894 habet
601 833 889 891 utilitatis.
914 833 1022 888 Sed
1056 833 1269 902 quivis,
1303 833 1350 888 si
1370 833 1675 888 studiosus
1696 836 1785 887 est
1805 837 1862 886 et
1887 831 2038 886 labo-

393 943 522 983 rum
558 925 805 998 patiens,
836 939 905 978 ex
936 922 1044 977 hac
1071 922 1382 994 prophetia
1428 923 1598 994 juxta
1642 923 1952 994 mysticum
1986 927 2043 977 et

392 1014 756 1072 reconditum
779 1028 1016 1068 sensum
1042 1012 1410 1067 considerata
1431 1012 1898 1066 emolumentum
1926 1028 2043 1066 ma-

379 1106 482 1177 jus
505 1103 803 1177 percipere
826 1107 1038 1175 potest.
1073 1102 1299 1157 Etenim
1326 1119 1428 1174 per
1451 1101 1919 1174 uniuscujusque
1937 1102 2038 1157 do-

389 1211 553 1252 mum
571 1195 848 1266 dogmata
867 1192 1245 1264 actionesque
1269 1197 1516 1263 possunt
1534 1191 1779 1263 intelligi
1807 1192 1878 1247 ob
1901 1192 2040 1246 den-

386 1302 518 1342 sum
550 1284 998 1352 adunatumque
1030 1282 1368 1347 artiﬁcium,
1403 1283 1552 1351 quod
1578 1282 1633 1335 in
1661 1281 2038 1351 opinionibus

383 1375 454 1431 de
486 1388 834 1444 unoquoque
863 1373 1131 1441 dogmate
1162 1369 1379 1425 habitis
1412 1371 1720 1440 reperitur.
1775 1376 1911 1425 Eam
1963 1371 2037 1426 ob

382 1479 646 1528 causam,
679 1459 1174 1532 quemadmodum
1198 1459 1253 1512 in
1277 1459 1452 1514 domo
1474 1459 1921 1515 fundamentum
1943 1476 2034 1514 re-

383 1553 560 1625 liqua:
591 1554 896 1608 structura:
928 1548 1316 1620 supponitur:
1352 1548 1433 1603 ita
1476 1554 1533 1603 ct
1564 1549 1621 1603 in
1657 1549 2036 1621 dogmatibus

385 1641 655 1714 quaedam
687 1641 859 1696 bases
892 1643 1034 1694 sunt
1059 1655 1124 1693 ac
1157 1638 1447 1709 principia
1479 1639 1694 1710 prima,
1721 1638 2038 1710 quibusin-

386 1731 508 1789 nixi
537 1731 811 1803 dogmata
840 1745 949 1784 sua
980 1727 1406 1794 disseminant;
1438 1732 1494 1782 et
1524 1745 1651 1798 qua:
1683 1733 2033 1800 sequuntur,

387 1821 592 1879 ordine
616 1823 673 1876 et
702 1817 1061 1888 conjunctim
1084 1816 1390 1888 principiis
1422 1817 1629 1888 primis
1659 1823 2032 1875 connectunt.

383 1912 728 1980 Quicunque
744 1907 926 1979 igitur
946 1906 1081 1961 ﬁdei
1102 1906 1338 1978 dogma,
1354 1907 1504 1977 quod
1526 1923 1630 1978 pro
1655 1907 2034 1963 fundamento

383 2017 449 2058 ac
479 1997 768 2072 principio
801 1996 976 2051 habet
1006 1994 1317 2049 Dominum
1352 1999 1619 2050 nostrum
1649 1996 1851 2051 Jesum
1877 1995 2034 2052 Chri-

381 2095 559 2158 stum,
591 2105 726 2143 cum
758 2085 1131 2156 dogmatibus
1163 2084 1370 2140 alienis
1401 2089 1457 2138 et
1484 2103 1515 2138 a
1550 2085 1760 2156 pietate
1792 2086 2032 2142 remotis

379 2177 744 2243 consociant,
770 2175 809 2230 ii
841 2178 980 2230 sunt
1031 2173 1129 2244 qui
1179 2190 1284 2245 per
1333 2175 1694 2245 Scripturam
1746 2177 2037 2230 deflentur

365 2285 482 2326 'ceu
515 2282 639 2323 rem
668 2265 1005 2320 indecorem
1038 2267 1402 2334 peragentes,
1427 2265 1644 2335 quippe
1666 2265 1764 2335 qui
1790 2266 2030 2320 domum

379 2357 581 2415 domui
612 2356 992 2426 conjungant.
1016 2351 1178 2415 Quod
1201 2351 1356 2407 enim
1382 2352 1617 2424 pietatis
1639 2354 1915 2425 dogmata
1936 2355 2034 2409 do-

382 2464 516 2504 mus
548 2443 840 2517 appellata
871 2441 1012 2512 sint,
1049 2441 1326 2496 Dominus
1360 2442 1482 2512 ipse
1545 2460 1644 2513 per
1694 2444 2031 2514 parabolam

381 2553 488 2594 nos
517 2533 769 2599 edocuit,
805 2532 1005 2588 dicens
1029 2549 1041 2586 :
1070 2531 1256 2585 Omnis
1277 2533 1371 2600 qui
1390 2533 1551 2586 audit
1575 2533 1733 2586 verba
1757 2551 1876 2588 mea
1894 2535 2030 2600 hac,

381 2634 436 2682 et
461 2627 595 2697 facit
623 2639 716 2688 ea,
741 2621 1142 2676 assimilabitur
1161 2623 1282 2674 viro
1309 2623 1578 2689 sapienti,
1607 2624 1701 2691 qui
1728 2624 2034 2692 aediﬁcavit

387 2717 608 2773 domum
630 2729 790 2767 suam
818 2727 990 2780 supra
1020 2718 1230 2781 petram
1260 2710 1323 2764 ⁸⁵.
1356 2710 1465 2764 Sed
1499 2717 1555 2765 et
1590 2710 1801 2766 Paulus
1836 2730 1940 2768 nos
1972 2713 2029 2768 in

382 2806 574 2879 priore
596 2803 666 2860 ad
680 2799 1010 2857 Corinthios
1035 2798 1292 2870 Epistola
1313 2800 1519 2854 docere
1549 2800 1798 2864 videtur,
1833 2819 2032 2873 quem-

379 2895 522 2952 libet
549 2908 752 2950 eorum
784 2890 883 2961 qui
933 2888 1230 2944 Christum
1264 2889 1410 2943 487
1469 2888 1862 2961 crediderunt,
1918 2892 2030 2947 sibi

379 2984 493 3058 ipsi
523 2982 810 3038 aadiﬁcare
841 2981 1112 3034 domum.
1161 2977 1602 3034 Fundamentum
1651 2982 1801 3034 enim
1851 2981 2028 3051 aliud,

379 3073 592 3146 inquit,
615 3085 777 3126 nemo
804 3071 979 3140 potest
1007 3083 1228 3138 ponere,
1258 3071 1469 3138 przeter
1510 3069 1565 3122 id
1607 3069 1746 3140 quod
1789 3074 2029 3142 positum

376 3171 477 3235 est,
503 3160 647 3236 quod
674 3162 754 3216 est
781 3162 940 3216 Iesus
973 3156 1234 3211 Christus.
1270 3157 1329 3211 Si
1357 3159 1480 3228 quis
1517 3168 1703 3213 autem
1731 3160 2032 3230 supersedi-

372 3253 515 3326 ﬁcat
543 3266 710 3320 super
727 3248 1160 3320 fundamentum
1192 3246 1310 3315 hoc,
1342 3263 1560 3316 aurum,
1611 3259 1917 3316 argentum,
1951 3255 2030 3306 ta-

377 3345 532 3416 pidcs
559 3341 846 3412 pretiosos,
880 3337 1052 3406 ligna,
1083 3338 1295 3406 fenum,
1345 3337 1614 3407 stipulam
1643 3339 1706 3391 στ.
1740 3340 2023 3402 Quoniam

374 3435 571 3489 autem
601 3445 671 3484 ex
699 3428 794 3496 iis,
827 3425 925 3496 qui
956 3425 1232 3497 dogmata
1260 3426 1634 3492 concinnant,
1667 3426 1764 3481 alii
1787 3429 2025 3498 quidem

2152 832 2185 898 ἡ
2220 828 2383 900 λέξις·
2421 827 2639 885 δυνατὸν
2666 829 2724 886 δὲ
2752 836 2834 903 τῷ
2864 830 3153 909 φιλοπόνῳ
3182 833 3320 887 κατὰ
3371 834 3661 909 ἀναγωγὴν
3723 835 3810 892 ἐπὶ

2150 917 2340 974 πλεῖον
2394 917 2535 994 ἄγειν
2581 921 2641 975 νὸ
2699 920 2806 976 ἀπὸ
2853 927 2954 991 τῆς
2997 922 3331 999 προφητείας
3373 924 3676 998 χρήσιμον.
3710 924 3812 980 Δύ-

2151 1029 2304 1063 ναται
2365 1009 2467 1085 γὰρ
2519 1009 2668 1065 οἰκία
2727 1010 2952 1065 έκάστου
3009 1017 3246 1076 νοεῖσθαι
3304 1012 3371 1066 τὰ
3417 1009 3664 1086 δόγματα
3719 1016 3810 1070 καὶ

2149 1098 2203 1151 αἱ
2256 1099 2500 1175 πράξεις,
2559 1097 2648 1155 διὰ
2703 1101 2765 1155 τὸ
2823 1100 3019 1155 πυκνὸν
3093 1101 3182 1156 καὶ
3254 1101 3537 1175 ἡνωμένον
3594 1110 3695 1173 τῆς
3756 1105 3808 1160 ἐν

2148 1193 2264 1251 τοῖς
2319 1191 2557 1262 νοήμασι
2634 1198 2990 1260 κατασκευῆς,
3043 1192 3167 1264 περὶ
3229 1191 3454 1246 έκάστου
3513 1189 3808 1266 δόγματος.

2149 1278 2297 1332 Διότι
2351 1281 2483 1350 (13),
2537 1279 2714 1354 ὥσπερ
2777 1281 2829 1335 έν
2891 1280 3036 1352 οἰκίᾳ
3083 1279 3342 1354 θεμέλιος
3405 1282 3682 1338 ὑπόκειται
3736 1287 3807 1358 τῇ

2148 1365 2318 1442 λοιπῇ
2350 1374 2671 1444 κατασκευῇ·
2709 1369 2852 1424 οὕτω
2883 1372 2973 1425 καὶ
3018 1369 3105 1425 ἐπὶ
3165 1375 3271 1424 τῶν
3335 1367 3622 1446 δογμάτων
3676 1373 3808 1427 ὑπο-

2149 1457 2318 1521 θέσεις
2347 1461 2490 1521 τινές
2540 1459 2641 1514 εἱσι
2691 1462 2776 1515 καὶ
2822 1464 3037 1534 πρῶται
3087 1461 3277 1536 ἀρχαὶ,
3318 1463 3402 1522 οἷς
3459 1459 3804 1537 ἐπερειδόμε-

2145 1568 2228 1601 νοι
2262 1545 2670 1622 δογματίζουσι,
2702 1551 2770 1604 τὰ
2804 1548 2994 1625 ἐφεξῆς
3029 1549 3348 1613 ἀκολούθως
3403 1550 3494 1605 καὶ
3553 1557 3802 1630 συναφῶς

2144 1641 2262 1700 ταῖς
2291 1639 2534 1712 πρώταις
2568 1638 2769 1714 ἀρχαῖς
2801 1638 3230 1715 συνυφαίνοντες.
3264 1641 3417 1693 Ὅσοι
3453 1636 3544 1693 οὖν
3594 1640 3655 1695 τὸ
3705 1648 3806 1711 τῆς

2143 1726 2374 1790 πίστεως
2427 1725 2630 1802 δόγμα,
2662 1728 2794 1804 ὅπερ
2845 1725 2962 1803 ἔχει
3015 1726 3271 1801 θεμέλιον
3331 1749 3421 1783 και
3481 1729 3660 1804 ἀρχὴν
3709 1731 3802 1785 τὸν

2144 1815 2344 1890 Κύριον
2401 1819 2561 1889 ἡμῶν
2598 1818 2806 1887 Ἰησοῦν
2857 1817 3112 1893 Χριστὸν,
3146 1814 3414 1892 δόγμασιν
3475 1816 3804 1895 ἀλλοτρίοις

2142 1905 2231 1958 καὶ
2266 1905 2434 1975 ξένοις
2464 1913 2564 1976 τῆς
2593 1902 2899 1969 θεοσεϐείας
2936 1905 3411 1977 ἐπισυνάπτουσιν,
3456 1907 3609 1963 οὗτοί
3669 1908 3804 1964 εἰσιν

2143 1993 2235 2058 οὓς
2265 1997 2293 2049 ὁ
2322 1993 2490 2070 λόγος
2521 1995 2768 2072 ὀδύρεται
2802 1997 2949 2070 παρὰ
2993 1997 3056 2051 τὸ
3103 1997 3340 2066 καθῆκον
3400 2001 3714 2069 ποιοῦντας,
3749 1997 3803 2054 έν

2141 2089 2221 2157 τῷ
2244 2085 2523 2140 συνάπτειν
2557 2086 2728 2141 οῗκίαν
2762 2089 2876 2160 (14)
2904 2087 3041 2162 πρὸς
3082 2085 3278 2142 οἰκίαν.
3311 2087 3435 2144 ’Ότι
3495 2085 3599 2164 γὰρ
3659 2085 3807 2144 οἰκία

2141 2175 2208 2228 τὰ
2237 2181 2336 2244 τῆς
2371 2172 2675 2237 θεοσεὸείας
2708 2175 3021 2248 ὠνόμασται
3081 2172 3350 2250 δόγματα,
3383 2174 3545 2238 αὐτὸς
3603 2177 3630 2230 ὁ
3692 2176 3801 2234 Κύ-

2145 2285 2261 2340 ριος
2292 2263 2379 2319 διὰ
2409 2272 2509 2334 τῆς
2541 2260 2864 2341 παραϐολῆς
2892 2267 3040 2337 ἡμᾶς
3074 2262 3301 2338 ἐδίδαξε,
3338 2262 3516 2340 λέγων
3549 2265 3654 2336 ὅτι,
3687 2271 3802 2331 Πᾶς

2143 2358 2290 2417 ὅστις
2367 2355 2554 2409 ἀκούει
2618 2376 2722 2428 μου
2778 2353 2908 2417 τοὺς
2962 2353 3160 2430 λόγους
3229 2358 3338 2427 (45)
3392 2353 3639 2424 τούτους,
3706 2356 3798 2411 καὶ

2142 2450 2289 2498 ποιεῖ
2347 2444 2566 2514 αὐτοὺς,
2623 2445 3028 2518 ὁμοιωθήσεται
3102 2442 3254 2518 ἀνδρὶ
3315 2444 3590 2522 φρονίμῳ,
3652 2443 3802 2509 ὅστις

2142 2531 2474 2607 ᾠκοδόμησε
2555 2535 2654 2603 τήν
2735 2533 2911 2589 οἰκίαν
2993 2533 3159 2589 αὐτοῦ
3243 2534 3328 2588 ἰπὶ
3405 2535 3505 2603 τήν
3575 2535 3800 2612 πέτραν.

2143 2627 2330 2679 "Enixa
2362 2621 2419 2678 δὲ
2448 2625 2536 2678 καὶ
2572 2625 2600 2677 ὁ
2624 2610 2848 2685 ’Παῦλος
2883 2623 2932 2677 ἐν
2966 2628 3034 2697 τῇ
3067 2625 3204 2699 πρὸς
3235 2623 3552 2698 Κορινθίους
3602 2610 3794 2701 πρώτῃ

2142 2710 2410 2767 διδάσκειν
2459 2716 2626 2785 ἡμᾶς,
2661 2712 2743 2767 ὅτι
2797 2710 3022 2774 ἕκαστος
3083 2713 3258 2784 ἑαυτῷ
3307 2711 3478 2768 οἷῖιίαν
3511 2711 3800 2780 οἰκοδομεῖ

2139 2804 2246 2857 τῶν
2294 2803 2368 2866 εἰς
2425 2803 2653 2878 Χριστὸν
2706 2802 3164 2859 πεπιστευκότων.
3215 2801 3477 2876 Θεμέλιον
3532 2805 3655 2880 γὰρ,
3689 2826 3794 2877 φη·

2140 2892 2244 2960 civ,
2301 2891 2472 2947 ἄλλον
2557 2890 2732 2954 οὐδεὶς
2810 2891 3026 2947 δυναται
3083 2898 3274 2960 θεῖναι,
3333 2891 3478 2966 παρά
3534 2893 3624 2946 τὸν
3679 2893 3789 2946 κεί-

2365 2978 2418 3014 ν,
2478 2982 2492 3002 7
2592 3006 2602 3021 ἱ
2677 2984 2732 3013 ν,
2830 2987 2853 2997 ~
3131 2981 3142 2998 ι
3305 2981 3323 3002 ν,
3638 2979 3651 2996 ν

2143 3003 2325 3054 μενον,
2361 3004 2416 3043 ο..
2474 3003 2617 3037 εστι)
2695 2990 2890 3051 Ιησους
2947 2989 3194 3057 Χριστος.
3255 2983 3321 3037 Ει
3381 2978 3437 3034 δέ
3490 3001 3574 3042 τις
3633 3001 3784 3035 εποι-

2136 3069 2368 3143 κοδομεῖ
2419 3071 2503 3126 ἐπὶ
2575 3073 2666 3126 τὸν
2751 3071 3004 3145 θεμέλιον
3061 3075 3276 3142 τοῦτον,
3334 3070 3562 3145 χρυσὸν,
3623 3070 3786 3144 ἄργυο

2139 3181 2230 3236 ρον
2283 3164 2417 3233 (16),
2472 3161 2660 3224 λίθους
2716 3161 2956 3236 τιμίους,
3017 3160 3170 3234 ξύλα,
3230 3159 3454 3236 χόρτον,
3503 3157 3786 3232 καλάμην.

2137 3248 2358 3319 Ἐπειδή
2390 3248 2446 3305 δὲ
2473 3256 2580 3306 τῶν
2626 3251 3134 3320 κατασκευαζόντων
3165 3251 3231 3304 τὰ
3283 3247 3533 3325 δόγματα
3586 3247 3637 3302 oi
3696 3249 3790 3320 μὲν

2135 3339 2380 3415 γέλωτος
2430 3342 2518 3395 καὶ
2579 3340 2792 3417 χλεύης
2846 3339 2964 3413 ἄξια
3007 3345 3342 3418 φρονοῦντες,
3376 3337 3544 3393 οἷόνεὶ
3574 3335 3790 3414 γέλωτα

2138 3427 2524 3500 οἰκοδομοῦσιν
2563 3451 2575 3464 ο
2639 3431 2690 3483 οἱ
2749 3427 2806 3484 δὲ
2863 3429 3233 3504 ἀστειότεροι,
3290 3425 3557 3482 σπουδαῖα
3631 3447 3791 3481 κατα-

377 3523 502 3579 risu
533 3523 590 3576 et
616 3516 872 3573 ludibrio
896 3515 1074 3585 digna
1103 3514 1420 3570 sentientes
1454 3532 1573 3570 rem
1607 3517 2027 3574 aedilicantvel-

2140 3521 2507 3588 σκευάζουσιν·
2543 3521 2570 3573 ὁ
2603 3517 2844 3593 Μιχαίας
2902 3522 3174 3593 καθαιρῶν
3223 3518 3291 3571 τά
3347 3515 3627 3587 οἰκήματα
3673 3516 3789 3587 (17)

380 3613 465 3670 uti
495 3611 784 3667 ludicram
819 3611 876 3661 et
906 3604 1307 3671 deridiculum,
1337 3605 1434 3660 alii
1468 3622 1602 3661 vero
1639 3606 2025 3676 honestiores,

380 3720 473 3760 res
506 3699 689 3757 serias
721 3713 785 3751 ac
816 3693 1141 3750 laudabiles
1170 3698 1440 3748 struunt:
1503 3695 1772 3752 Michmas
1819 3698 2026 3754 domos

369 3807 576 3849 eorum
610 3787 710 3859 qui
729 3783 1009 3840 ridiculos
1036 3799 1098 3838 se
1115 3783 1393 3854 praebent,
1419 3785 1888 3853 domoliens,ait:
1919 3789 2026 3856 Qui

366 3884 427 3938 in
449 3879 610 3944 Gelli,
633 3892 704 3931 ne
724 3873 1193 3945 magniﬁcemini:
1229 3875 1281 3927 et
1304 3876 1401 3944 qui
1455 3876 1512 3928 in
1559 3876 1802 3941 Acarim,
1850 3878 2023 3933 nolite

367 3967 702 4038 rexdiﬁcare
721 3979 790 4019 ex
817 3963 972 4016 domo
1005 3962 1060 4014 in
1085 3960 1328 4014 derisum
1369 3964 1690 4018 vestrum“.
1725 3965 1794 4019 Et
1817 3982 2022 4021 rursus

369 4057 468 4114 ille
499 4057 626 4128 ipse
659 4069 867 4126 pravos
901 4051 1165 4105 doctores
1196 4050 1530 4121 increpans,
1593 4052 1775 4107 dicit:
1825 4054 2023 4110 Audite

363 4162 513 4204 nunc
540 4149 673 4211 haec,
691 4142 856 4199 duces
885 4139 1073 4196 domus
1096 4140 1348 4204 Jacob,et
1371 4141 1577 4211 reliqui
1601 4141 1789 4196 domus
1815 4144 2015 4199 Israel:

361 4238 459 4311 qui
485 4230 892 4291 abominamini
911 4227 1213 4298 judicium,
1265 4237 1316 4282 ct
1363 4232 1552 4284 omnia
1600 4237 1747 4285 recta
1796 4249 2016 4302 perver-

362 4328 517 4383 titis:
551 4324 648 4395 qui
673 4320 964 4389 mdiﬁcatis
1014 4317 1144 4371 Sion
1178 4318 1232 4370 in
1283 4319 1671 4389 sanguz’nibus,
1702 4329 1755 4375 et
1800 4323 2018 4378 λενιιδα-

362 4417 468 4471 lem
498 4417 560 4469 in
619 4407 1008 4481 iniquitatibus
1063 4406 1128 4460 3°.
1191 4406 1471 4476 Quisquis
1531 4408 1689 4462 enim
1740 4411 2019 4482 dogmata

361 4505 550 4562 aliena
581 4495 1070 4566 comminiscitur,
1103 4495 1351 4550 aediﬁcat
1378 4497 1534 4563 Sion,
1589 4498 1698 4553 hoc
1719 4504 1826 4569 est,
1847 4518 2014 4557 suam

359 4592 551 4668 ipsius
581 4587 903 4664 speculam,
935 4587 996 4640 in
1023 4585 1390 4656 sanguinibus
1415 4604 1433 4640 :
1465 4590 1518 4640 et
1551 4588 1653 4658 qui
1711 4591 2018 4646 constituit

2137 3613 2244 3662 τῶν
2304 3606 2744 3683 καταγελάστων,
2777 3607 2844 3664 Οἱ
2903 3607 2954 3661 tv
3016 3606 3131 3675 Γὶθ,
3161 3604 3316 3683 φησὶ,
3355 3605 3430 3678 μὴ
3495 3601 3786 3677 μεγαλύνε-

2137 3709 2272 3761 σθε·
2322 3699 2412 3752 καὶ
2492 3699 2542 3752 οἱ
2621 3697 2672 3750 tv
2751 3701 3038 3772 Ἀκαρείμ,
3103 3696 3178 3769 μή
3263 3691 3677 3766 ἀνοικοδομεῖτε
3735 3693 3787 3763 έξ

2136 3784 2288 3841 οἷ’κου
2336 3787 2471 3842 κατὰ
2510 3785 2724 3863 γέλωτα
2776 3787 2951 3859 ὑμῶν.
3003 3786 3106 3841 Καὶ
3159 3783 3324 3840 πάλιν
3359 3785 3386 3837 ὁ
3445 3782 3603 3844 αὐτὸς
3664 3781 3787 3836 ἑπι-

2132 3874 2391 3947 πλήττων
2453 3879 2763 3952 μοχθηροῖς
2823 3873 3199 3944 διδασκάλοις,
3252 3874 3456 3952 φησίνο
3491 3870 3788 3927 Ἀκούσατε

2134 3963 2199 4034 δὴ
2261 3971 2447 4038 ταῦτα,
2497 3968 2550 4021 οἱ
2605 3967 2906 4041 ἡγούμενοι
2964 3963 3125 4020 οἴκου
3179 3958 3394 4030 Ἰακὼϐ,
3426 3963 3512 4016 καὶ
3575 3961 3628 4016 οἱ
3683 3979 3787 4014 κα-

2129 4054 2386 4110 τάλοιποι
2447 4054 2602 4111 οἷ’κου
2662 4056 2905 4131 Ἰσραὴλ,
2969 4054 3026 4110 οἴ
3081 4051 3505 4130 βδελυσσόμενοι
3587 4054 3781 4126 κρῖμα,

2129 4145 2218 4199 καὶ
2262 4145 2436 4199 πάντα
2499 4146 2568 4200 τὰ
2625 4145 2760 4222 ὀρθὰ
2819 4142 3264 4221 διαστρέφοντες,
3322 4142 3372 4195 οὶ
3426 4137 3782 4211 οἰκοδομοῦν-

2127 4254 2214 4295 τες
2273 4235 2416 4287 Σιὼν
2467 4235 2518 4288 tv
2575 4233 2791 4306 αἶ’μασι,
2847 4235 2935 4288 καὶ
2999 4231 3361 4307 Ἰερουσαλὴμ
3417 4231 3468 4285 tv
3521 4225 3778 4289 ἀδικίαις.

2131 4328 2242 4384 Πᾶς
2274 4325 2386 4396 (48)
2419 4322 2522 4399 γὰρ
2551 4323 2578 4376 ὁ
2603 4323 2670 4376 τὰ
2720 4321 2992 4397 ἀλλότρια
3047 4322 3458 4388 κατασκευάζων
3510 4317 3783 4393 δόγματα,

2129 4409 2416 4485 οἷκοδομεῖ
2471 4413 2568 4481 τὴν
2628 4413 2793 4482 Σιὼν,
2820 4411 3064 4466 τουτέστι
3116 4412 3179 4465 τὸ
3236 4410 3426 4464 ἑαυτοῦ
3480 4409 3785 4477 σκοπευτή-

2129 4522 2272 4577 ριον,
2308 4503 2359 4557 tv
2401 4501 2613 4576 αῗμασυ
2648 4502 2737 4556 καὶ
2770 4503 2797 4556 ὁ
2830 4499 3077 4561 συνιστὰς
3134 4497 3427 4568 ἐκκλησίαν
3489 4516 3787 4572 πονηρευο-

2131 4594 2326 4665 μένων,
2363 4589 2651 4666 οἰκοδομεῖ
2679 4593 2780 4660 τήν
2811 4587 3176 4665 Ἰερουσαλὴμ
3216 4589 3268 4644 tv
3300 4585 3556 4650 ἀδικίαις.
3591 4586 3654 4644 El
3688 4583 3782 4640 οὖν

428 4796 472 4832 ⁸⁸
501 4793 704 4852 Matth.
736 4807 837 4863 v11,
867 4789 960 4843 24.
1033 4787 1078 4822 ⁸⁷
1108 4791 1133 4842 Ι
1163 4787 1290 4842 Cor.
1324 4803 1408 4856 ιιι,
1445 4788 1530 4854 11,
1566 4789 1650 4843 12.
1727 4788 1770 4824 ⁸⁸
1801 4790 1971 4847 Mich.
2005 4809 2021 4846 ι

2138 4795 2168 4849 ).
2246 4794 2291 4830 ⁸³
2320 4792 2496 4849 Mich.
2529 4810 2616 4864 ιιι,
2645 4794 2700 4863 9,
2735 4793 2821 4848 10.

431 4997 544 5067 (13)
577 4985 881 5067 Editi_,__Kai
909 4982 1066 5067 διότι.
1100 4982 1388 5067 Deest-xui
1423 4986 1482 5040 in
1537 4992 1791 5067 utroque
1846 4996 2012 5067 Com-

361 5057 476 5124 hei.
511 5057 654 5122 etin
688 5064 819 5120 aliis
860 5064 1111 5131 quatuor
1161 5057 1483 5131 codicibus.
1537 5063 1649 5114 Nec
1695 5057 1780 5116 ita
1831 5064 2015 5118 multo

366 5145 499 5212 post
528 5139 692 5202 editi,
727 5133 779 5212 αἱ
812 5126 1007 5212 ἀργαί..
1039 5129 1211 5195 lllud,
1245 5126 1322 5212 αἰ,
1348 5133 1621 5212 nequein
1647 5135 2018 5212 Combeﬁ’sia-

366 5200 482 5275 itis,
516 5200 703 5280 neque
736 5209 793 5280 in
828 5200 1043 5280 nostris
1077 5218 1219 5280 mss,
1247 5200 1493 5280 legitur.
1522 5208 1638 5259 Hoc
1662 5206 1788 5277 ipso
1811 5207 1869 5262 in
1892 5209 2016 5280 loco

366 5273 586 5347 excusi,
613 5273 702 5339 αἷς
735 5273 1160 5349 ἐπερειδόμεναι.
1193 5275 1265 5327 At
1309 5275 1494 5329 nostri
1545 5293 1646 5333 sex
1684 5273 1861 5348 inss.,
1915 5278 2016 5350 οἷς,

367 5350 918 5428 δόγμὲσὲγξᾴθῖίςϐξ.
1019 5415 1043 5428 __
1170 5423 1179 5428 _
1211 5420 1218 5428 .
1377 5415 1388 5426 .

435 5416 550 5496 (14)
582 5423 753 5491 Editi,
785 5420 977 5474 οἰκίαν·
1014 5416 1118 5472 ὅτι.
1154 5420 1227 5470 At
1259 5416 1393 5471 libri
1424 5420 1645 5476 veteres
1679 5420 1765 5476 uti
1789 5422 1847 5476 in
1881 5439 2018 5478 con-

365 5503 546 5554 textu.

439 5569 550 5641 (15)
610 5565 904 5641 Antiquos
979 5558 1574 5641 Combeﬁsiincoden,
1635 5558 1831 5635 λόγους
1900 5563 2016 5641 καί.

366 5630 648 5711 Ejusdem
679 5630 861 5711 codex
882 5633 1169 5690 recentior
1197 5635 1254 5686 et
1284 5630 1384 5686 alii
1415 5632 1652 5702 quidam
1682 5630 1815 5692 cum
1848 5638 2021 5693 editis

367 5705 649 5769 omittunt
671 5705 783 5764 καί.

437 5785 552 5862 (16)
583 5786 821 5840 Veteres
851 5778 1078 5852 aliquot
1104 5773 1261 5846 libri,
1293 5775 1540 5850 χρυσίον,
1571 5777 1848 5855 ἀργύριον.

2198 4993 2309 5062 (17)
2343 4992 2492 5047 Editi
2525 4997 2580 5046 et
2609 4993 2725 5046 duo
2757 5007 2921 5056 mss,
2979 4990 3250 5062 καθαιρῶν
3282 4985 3349 5041 τὰ
3397 4986 3638 5057 οἰήματα
3691 4987 3784 5062 [α-

2124 5055 2268 5117 stum
2295 5055 2349 5117 et
2380 5066 2758 5134 arrogantiam
2788 5055 3064 5118 cohibens.
3100 5055 3209 5116 Alii
3243 5066 3362 5117 tres
3385 5055 3552 5126 mss),
3593 5055 3784 5134 καθαί-

2129 5153 2234 5208 lcum
2269 5135 2332 5187 τὰ
2373 5130 2635 5206 ozenam,
2693 5138 2896 5208 fastum
2951 5143 3001 5190 et
3055 5135 3438 5202 arrogantiam
3481 5130 3782 5208 mundam.

2129 5204 2304 5282 Alter,
2365 5204 2609 5282 καθορῶν
2641 5204 2706 5260 τά
2737 5206 3000 5282 οἷ’ήματα,
3030 5209 3241 5282 fastum
3296 5209 3369 5282 et_
3392 5204 3784 5282 arrogantiam

2127 5281 2372 5334 intuens.
2435 5273 2572 5345 Quae
2618 5273 3268 5336 omnia'uuin'vitiosa
3323 5277 3466 5344 sint,
3522 5273 3781 5345 dubitari

2126 5351 2222 5406 vix
2255 5344 2464 5420 potest;
2496 5353 2787 5408 Malumus
2819 5351 3000 5421 igitur
3030 5353 3198 5422 sequi
3227 5349 3623 5406 Colbertinum
3647 5344 3780 5472 lpri-

2130 5441 2312 5472 mum-
2348 5426 2467 5472 nni-
2501 5432 2564 5472 ut
2594 5441 2793 5472 verum
2829 5425 3141 5472 fateamur.
3175 5439 3290 5472 non
3325 5422 3512 5472 nrima
3541 5417 3640 5472 aui
3687 5431 3780 5472 em

2130 5441 2312 5490 mum,
2348 5426 2468 5495 qui,
2501 5432 2564 5481 ut
2594 5441 2794 5480 verum
2829 5425 3141 5495 fateamur,
3175 5439 3290 5478 non
3325 5422 3512 5494 prima
3541 5422 3782 5495 quidem

2130 5486 2335 5563 manu,
2364 5486 2467 5552 sed
2503 5496 2747 5568 antiqua
2779 5501 2974 5550 tamen
2997 5486 3503 5569 rhabet,ixaeatpiiw
3532 5486 3783 5569 ταοὶκή-

2134 5587 2298 5644 ματεκ,
2356 5563 2672 5644 ιίεγηοιίρηέ
2713 5570 2918 5644 domos.
2951 5563 3406 5644 _Combeﬁsiu_s,
3485 5563 3784 5644 conjectu-

2097 5650 2110 5658 '
2133 5637 2196 5695 ra
2225 5641 2514 5697 duntaxat
2543 5642 2780 5707 ductus,
2812 5639 2892 5694 ita
2951 5637 3268 5712 legendum
3311 5640 3438 5708 jam
3478 5637 3786 5709 judicave-

2132 5715 2318 5859 l“2.18)
2351 5784 2503 5841 Libri
2530 5787 2777 5855 veteres,
2808 5784 2942 5846 Πᾶς.
2973 5783 3186 5844 Nostra
3213 5779 3415 5852 editio,
3447 5778 3510 5838 Ὁ
3537 5780 3701 5842 πῶς..
