4138 6368
359 403 476 464 369

1219 397 1621 461 COMMENT.
1669 397 1747 458 IN
1791 398 2059 458 ISAIAM
2107 397 2610 459 PROPHETAM.
2659 397 2830 458 CAP.
2876 397 2951 459 V.

3661 395 3782 457 370

365 531 462 588 δύο
503 530 646 586 ἔστιν
682 527 801 602 εἷ’δη
835 528 1144 605 οἰκοδομῶν
1175 533 1307 603 (19)·
1357 530 1421 585 τὸ
1457 529 1550 604 μὶν
1582 529 1804 606 ἀγαθὸν,
1836 531 1897 584 τὸ
1931 531 2012 585 ἐπὶ

2133 531 2440 587 ecclesiam
2476 531 2730 604 maligne
2744 527 3430 602 agentium,illeexstruit
3448 527 3777 584 Jerusalem

358 624 460 693 τὴν
512 621 736 695 πὲτραν,
796 622 885 676 καὶ
938 619 1025 676 ἐπὶ
1063 621 1154 676 τὸν
1207 617 1460 694 θεμέλιον
1509 625 1605 675 τοῦ
1645 625 1898 692 Χριστοῦ*
1955 621 2016 673 τὸ

362 710 419 768 δὲ
449 708 634 786 ἕτερον
686 709 912 788 φαῦλον,
968 710 997 765 ’ὁ
1043 711 1135 765 καὶ
1161 707 1562 786 καταγέλαστόν
1623 711 1730 764 ἔστι
1789 711 1877 764 καὶ
1908 709 2016 764 ἀπ-

361 799 560 862 ωλείας
597 797 768 854 αἷίτιον
801 799 1168 872 (20),είκότως
1201 800 1227 852 6
1260 797 1423 875 λόγος
1454 797 1726 867 ταλανίζει
1757 799 1883 861 τοὺς
1913 800 2013 866 την

361 891 570 968 ἀγαθὴν
606 887 783 943 οἰκίαν
842 892 909 963 τῇ
959 889 1266 966 φαυλοτέρᾳ
1315 890 1700 955 συνάπτοντας,
1731 888 1819 942 καὶ
1847 889 2014 943 οἱονεὶ

364 981 654 1057 μιγνύντας
712 979 781 1034 τὰ
828 976 1052 1052 ἄμικτα.
1103 980 1444 1050 Ἐπιστήσεις
1476 977 1552 1051 δὲ,
1618 981 1831 1051 μήποτε
1889 981 2012 1033 πάν-

357 1093 444 1134 τες
479 1072 780 1145 ἅνθρωποι,
832 1068 862 1123 6'
903 1091 955 1124 τι
1006 1069 1128 1124 ποτ’
1179 1068 1268 1123 οὖν
1301 1070 1423 1143 περὶ
1459 1067 1714 1138 ἀληθείας
1749 1067 2014 1143 δογματί-

365 1167 558 1232 ζοντες,
591 1159 763 1234 ὑγιὲσι
810 1159 921 1213 τισὶ
968 1159 1056 1213 καὶ
1113 1156 1341 1228 ἀληθέσι
1381 1163 1498 1220 τοῖς
1529 1156 2014 1233 προκατειλημμέ-

362 1271 474 1311 νοις
511 1249 648 1304 κατὰ
691 1249 787 1310 τὰς
841 1246 1026 1310 κοινὰς
1077 1249 1285 1310 ἑννοίας
1315 1247 1405 1302 καὶ
1437 1247 1849 1322 ἔνεσπαρμὲνοις
1910 1247 2013 1303 ὐπὸ

355 1343 450 1394 τοῦ
497 1341 874 1413 Δημιουργοῦ,
923 1335 1098 1405 καλὴν
1132 1333 1352 1412 ἔχοντες
1383 1335 1577 1404 οἰκίαν,
1614 1337 1737 1390 ὅταν
1772 1337 2014 1415 σφαλλό-

359 1447 511 1500 μενοι
543 1433 642 1496 τῆς
675 1425 963 1496 ἀληθείας,
1020 1425 1290 1502 ἀλλότρια
1335 1433 1436 1495 τῆς
1475 1425 1616 1488 Θείας
1666 1423 2013 1489 διδασκαλίας

354 1517 416 1571 ὲκ
444 1522 546 1585 τῆς
595 1512 788 1586 ἔξωθεν
847 1514 1056 1586 ἀπάτης
1115 1514 1498 1590 ἐπεισάγωσιν,
1551 1518 1667 1569 οἷον
1697 1515 1840 1587 οἰκίᾳ
1867 1513 2012 1590 καλῇ

358 1606 713 1660 συνάπτουσιν
749 1603 923 1660 οῗκίαν
955 1605 1056 1675 τὴν
1086 1605 1334 1680 χείρονα.
1359 1605 1457 1659 Καὶ
1486 1609 1652 1659 ταῦτα
1687 1605 1782 1678 μὶν
1815 1603 1892 1666 είς
1922 1605 2012 1659 τὸν

358 1693 487 1770 περὶ
520 1699 620 1763 τῆς
652 1693 828 1758 οἰκίας
860 1693 1046 1769 λόγον.

2127 621 2185 676 in
2216 620 2713 692 injustiis.ltaque
2743 621 2922 676 siduo
2953 622 3089 674 sunt
3122 617 3496 674 aediﬁciorum
3521 632 3773 689 genera:

2126 708 2374 764 alterum
2407 710 2647 780 quidem
2676 711 2917 777 bonum,
2952 708 3009 762 in
3030 713 3195 779 petra
3223 710 3280 762 et
3308 706 3367 761 in
3401 705 3614 761 Christi
3638 705 3777 761 fun-

2123 801 2397 856 damento
2420 802 2773 865 stabititum,
2804 801 3052 856 alterum
3085 816 3218 855 vero
3259 798 3504 865 malum,
3535 801 3594 854 et
3649 797 3778 853 irri-

2125 891 2349 945 sionem
2384 891 2587 945 afferat
2619 895 2676 944 et
2698 890 3038 962 perniciem,
3073 890 3200 960 iure
3231 888 3452 960 optimo
3483 902 3580 943 eos
3611 887 3776 959 luget

2124 980 2547 1051 Scriptura,qui
2570 981 2808 1034 domum
2828 980 3041 1034 bonam
3065 995 3196 1034 cum
3221 977 3507 1034 deteriore
3529 977 3656 1049 conj
3669 993 3774 1032 un-

2125 1075 2289 1141 gunt,
2325 1075 2379 1125 et
2411 1070 2844 1140 quodammodo
2869 1085 3121 1140 quaanon
3137 1071 3387 1139 possunt
3410 1065 3772 1139 permisceri,

2127 1159 2689 1231 permiscent.Velim
2715 1163 2910 1213 autem
2941 1157 3544 1225 animadvertas,num
3570 1170 3778 1211 omnes

2126 1249 2393 1304 homines
2411 1249 2847 1320 qualiacunque
2861 1249 2931 1302 de
2952 1247 3195 1303 veritate
3215 1247 3492 1318 dogmata
3523 1245 3778 1302 tradide—

2126 1339 2265 1404 rint,
2298 1346 2383 1393 ex'
2409 1338 2866 1411 cogitationibus
2917 1336 3275 1408 quibusdam
3317 1336 3477 1391 sanis
3515 1339 3573 1391 et
3601 1335 3776 1402 veris,

2126 1429 2500 1498 iisquejuxta
2531 1443 2870 1482 communes
2899 1427 3164 1482 notiones
3192 1423 3779 1497 praeconceptis,sibi-

2125 1534 2237 1589 que
2272 1517 2343 1572 ab
2375 1516 2584 1588 opiﬁce
2617 1532 2810 1570 rerum
2843 1515 3152 1587 iuspersis,
3187 1515 3426 1570 domum
3469 1513 3776 1585 pulchram

2127 1607 2432 1674 habentes,
2465 1622 2598 1661 cum
2641 1623 2674 1660 a
2703 1605 2942 1660 veritate
2974 1605 3310 1660 aberrantes
3340 1621 3409 1660 ex
3439 1619 3634 1659 errore
3679 1619 3776 1660 ex-

2125 1701 2294 1750 terno
2321 1694 2544 1765 aliquid
2578 1712 2610 1750 a
2643 1694 2842 1749 divina
2867 1694 3132 1749 doctrina
3163 1693 3422 1749 alienum
3457 1697 3514 1749 et
3560 1692 3774 1748 abhor-

359 1802 497 1842 rens
528 1790 828 1858 promunt,
861 1786 1321 1852 animadvertas,
1356 1785 1622 1856 inquam,
1656 1802 1797 1840 num
1828 1784 2005 1842 veluti
2031 1786 2229 1841 domui
2264 1784 2518 1857 pulchrae
2565 1784 2908 1840 deteriorem
2941 1784 3290 1856 adiungant.
3347 1783 3417 1837 Et
3472 1782 3594 1838 haec
3643 1783 3773 1856 qui-

360 1875 493 1932 dem
525 1875 684 1931 dicta
713 1881 885 1931 sunto
915 1876 988 1931 de
1008 1877 1220 1931 domus
1248 1873 1552 1931 vocabulo.

436 1965 559 2020 153.
593 1960 816 2032 Ἐπειδὴ
853 1959 910 2018 δὲ
941 1965 969 2017 6
995 1965 1147 2039 ἅγιος
1179 1962 1240 2018 οὗ
1275 1964 1441 2036 μόνον
1495 1965 1630 2018 Θεοῦ
1675 1962 1817 2017 ἐστιν
1868 1962 2012 2018 οἰκο-

2200 1965 2322 2020 153.
2355 1965 2641 2029 Quoniam
2675 1969 2874 2020 autem
2905 1967 3148 2018 sanctus
3178 1978 3290 2018 non
3313 1962 3410 2018 Dei
3433 1961 3624 2018 solum
3643 1963 3778 2018 adio

370 2049 542 2126 δομή,
577 2050 724 2106 ἀλλὰ
753 2051 842 2106 καὶ
873 2055 1008 2106 Θεοῦ
1031 2052 1321 2128 γεώργιον,
1354 2051 1428 2113 ὠς
1480 2051 1508 2106 6
1559 2052 1824 2124 μακάριος
1877 2056 2018 2106 Ιῐαῦ-

368 2141 466 2204 λός
513 2159 666 2218 φησι·
719 2142 810 2196 καὶ
860 2143 896 2210 ἡ
946 2139 1079 2210 αὗτή
1131 2141 1286 2216 ψυχὴ
1346 2143 1459 2214 (21)
1505 2139 1895 2212 τεθεμελίωται
1945 2140 2020 2203 ὠς

369 2231 540 2306 οἲκία,
602 2232 693 2288 καὶ
759 2232 1047 2310 ἐρρίζωται
1119 2233 1195 2294 ὥς
1264 2231 1427 2311 φυτόν
1486 2234 1598 2304 (’Ev
1649 2231 1828 2308 ἂγάπῃ
1882 2233 2018 2310 γὰρ,

367 2323 572 2400 φησὶν,
634 2321 992 2400 ὲρῥιζωμὲνοι
1043 2321 1135 2378 καὶ
1191 2321 1690 2396 τεθεμελιωμένοι)·
1751 2324 1878 2400 φέρε
1929 2321 2020 2376 καὶ

366 2411 490 2482 περὶ
521 2415 618 2467 τοῦ
667 2413 804 2468 κατὰ
843 2413 936 2468 τὸν
989 2415 1149 2490 ἀγρὸν
1201 2416 1614 2488 προσεγγισμοῦ
1646 2406 2018 2485 διαλάϐωμεν,

366 2503 424 2559 ὅν
459 2505 510 2558 οἱ
541 2501 768 2582 φαύλως
816 2508 1109 2567 ποιοῦντες
1163 2504 1252 2558 καὶ
1305 2501 1681 2578 ὖσφαλμὲνως,
1721 2507 1790 2577 τῇ
1839 2501 2019 2577 ἐγκει-

371 2593 504 2667 μὲνῃ
541 2594 853 2670 κατακρίσει
912 2591 1164 2649 ὑπόδικοι
1222 2592 1482 2668 γίνονται.
1543 2595 1680 2650 ’Όσα
1738 2593 1828 2647 οῦν
1892 2593 2012 2669 περὶ

364 2682 632 2758 γεωργίας
710 2681 922 2758 εἷ’ρηται
957 2725 972 2752 ,
1048 2685 1123 2747 ὡς
1176 2689 1398 2759 συγγενῆ
1456 2687 1572 2744 τοῖς
1632 2684 2018 2758 προκειμὲνοις

368 2772 824 2846 συνεξετάσωμεν.
884 2774 1036 2828 Ἔστι
1072 2773 1166 2846 μὲν
1197 2770 1286 2828 οὖν
1325 2773 1509 2828 ἀστεία
1558 2772 1768 2851 φυτεία,
1795 2775 1829 2842 ἠ
1881 2773 2018 2827 κατὰ

361 2861 451 2916 τὸν
487 2862 826 2936 Σολομῶντα
870 2863 1122 2938 λέγοντα.
1194 2862 1486 2939 Ἐφύτευσά
1540 2884 1634 2936 μοι
1691 2862 2012 2935 ἀμπελῶνα,

365 2950 596 3021 εποίησά
666 2973 760 3025 μοι
827 2954 1038 3024 κήπους
1100 2953 1197 3007 κπὶ
1267 2950 1662 3029 παραδείσους,
1721 2953 1810 3006 καὶ
1889 2952 2014 3029 ἐφύο

364 3058 526 3093 τευσα
573 3039 628 3094 ἐν
677 3041 866 3103 αὐτοῖς
944 3040 1105 3112 ξύλον
1168 3047 1272 3096 πᾶν
1328 3042 1559 3115 καρποῦ.
1613 3043 1765 3097 ’Ἐστι
1828 3039 1885 3094 δέ
1930 3062 2012 3102 τις

367 3126 575 3201 φυτεία,
607 3129 668 3197 ἢν
701 3129 801 3184 οὐκ
848 3129 1130 3208 ἐφύτευσεν
1183 3131 1211 3185 6
1243 3129 1492 3206 οὐράνιος
1523 3131 1732 3205 Πατὴρ,
1765 3129 1885 3198 ἥτις
1925 3128 2013 3184 καὶ

369 3213 672 3290 ἕκριζοῦται
723 3218 859 3274 κατὰ
884 3219 983 3287 τὴν
1027 3217 1260 3288 ἀπειλὴν
1305 3223 1401 3273 τοῦ
1433 3218 1656 3288 Κυρίου.
1710 3217 1856 3289 Αὕτη
1891 3215 1948 3272 δὲ
1976 3223 2011 3288 ἡ

364 3304 551 3379 φυτεία
581 3303 640 3361 ἐκ
672 3309 784 3379 (22)
815 3311 983 3384 φυτοῦ
1037 3305 1302 3381 Σοδόμων
1333 3309 1432 3377 τὴν
1465 3304 1710 3381 ἄμπελον
1752 3303 1890 3382 ἔχει,
1919 3307 2010 3363 καὶ
2045 3340 2086 3406 C

359 3393 460 3461 τήν
491 3392 808 3466 κληματίδα
860 3395 919 3450 ἐκ
959 3396 1266 3472 Γομόρρας,
1319 3399 1408 3452 καὶ
1442 3395 1794 3475 στφραιρυλὴν
1829 3395 2012 3473 χολῆς

360 3487 608 3557 γεωργεῖ,
660 3503 749 3537 και
803 3484 1000 3560 βότρυν
1047 3486 1270 3560 πικρίας
1313 3485 1458 3563 φέρει
1490 3491 1604 3547 τοῖς
1633 3488 2009 3558 κεκτημένοις.

361 3570 544 3642 Θυμὸς
592 3569 895 3647 δρακόντων
944 3574 972 3628 6
1021 3574 1169 3635 οἶνος
1217 3574 1416 3644 αὐτῶν,
1473 3577 1562 3631 καὶ
1625 3576 1795 3649 Θυμὸς
1853 3576 2011 3631 ἀσπί-

358 3679 468 3734 γων
528 3659 745 3724 ἀνίατος
997 3663 1060 3719 Ὁ
1119 3663 1210 3717 οὗν
1265 3665 1664 3742 καταφυτεύσας
1710 3665 1774 3722 τὸ
1822 3665 2010 3720 ἑαυτοῦ

361 3751 689 3825 ἡγεμονικὸν
743 3752 889 3826 πάσῃ
939 3752 1288 3829 καρποφορίᾳ
1332 3757 1697 3829 πνευματικῇ,
1757 3755 1844 3809 καὶ
1895 3760 2012 3817 τοῖς

360 3837 420 3893 ἐκ
476 3838 687 3916 φύσεως
718 3839 1084 3916 ἰρῥιζωθεῖσιν
1136 3841 1284 3914 αὐτῷ
1313 3843 1450 3917 πρὸς
1487 3841 1740 3916 ἐπίδειξιν
1787 3848 2009 3918 καρπῶν

363 3925 714 4000 δικαιοσύνης
757 3931 903 4004 παρᾶ
949 3934 1048 3986 τυῦ
1093 3930 1374 3994 κτίσαντος
1423 3927 1702 3987 ἐπιϐαλὼν
1731 3932 1798 3987 τὰ
1827 3931 1887 3988 ἐκ
1913 3938 2011 3988 τοῦ

358 4023 602 4096 πονηροῦ
635 4024 902 4096 γεωργοῦ,
955 4018 1112 4082 οὗτός
1155 4018 1297 4076 ἐστιν
1327 4023 1355 4076 6
1387 4018 1476 4076 διὰ
1503 4023 1594 4077 τὸν
1630 4022 2009 4098 ἀηγορευμὲο

356 4129 448 4163 νον
496 4111 904 4185 προσιγγισμὸν
967 4110 1134 4186 ἀγροῦ
1191 4111 1328 4186 πρὸς
1379 4109 1542 4187 ἀγρὸν
1579 4111 1684 4166 ὐπὸ
1714 4116 1811 4167 τοῦ
1843 4111 2012 4189 λόγου

354 4196 804 4272 ταλανιζόμενος.
839 4199 937 4255 Διὰ
976 4204 1138 4256 τοῦτο
1190 4201 1278 4256 καὶ
1323 4201 1540 4257 ἀπειλεῖ
1567 4203 1718 4275 αὐτῷ
1745 4203 1844 4272 τὴν
1879 4203 2009 4281 ἀφοο

256 4328 262 4333 -
361 4287 499 4364 ρίαν,
552 4289 627 4352 ὡς
682 4291 756 4364 μή
809 4289 1108 4361 ὲξοίσοντος
1163 4289 1533 4367 ἀναλογοῦντα
1586 4296 1654 4367 τῇ
1688 4289 2012 4364 διδασκαλίᾳ

355 4383 425 4454 τῇ
459 4379 582 4451 περὶ
613 4379 776 4435 αὐτὸν
824 4379 892 4435 τὰ
935 4384 1042 4434 τῶν
1092 4385 1315 4455 καρπῶν
1355 4379 1729 4459 ἐπιδείγματα.
1777 4384 1854 4440 Οὔ
1906 4382 2009 4458 γὰρ

358 4467 625 4545 ἰργῶνται
677 4468 803 4525 δέκα
854 4469 1016 4546 ζεύγη
1072 4470 1239 4544 βοῶν,
1285 4473 1504 4542 ποιήσει
1534 4473 1796 4548 κεράμιον
1825 4471 1902 4528 ἓν.
1946 4473 2008 4529 Ἡ

364 4559 457 4633 μὶν
486 4557 631 4630 λέξις
660 4560 761 4629 τήν
795 4557 1064 4635 ἐγχώριον
1098 4561 1382 4630 συνήθειαν
1417 4559 1560 4636 λέγει
1591 4566 1697 4616 τῶν
1727 4562 1863 4617 κατὰ
1909 4564 2007 4633 τὴν

362 4647 628 4720 Φοινίκην
671 4645 760 4703 διὰ
815 4649 958 4724 βοῶν
1010 4649 1387 4725 ἆροτριώντων
1441 4650 1540 4718 τήν
1593 4650 1858 4722 ἄμπελον·
1894 4653 1921 4706 6
1952 4650 2008 4706 δὲ

2133 2054 2325 2109 ticatio
2358 2055 2576 2123 est,sed
2596 2055 2692 2108 Dei
2711 2053 2888 2108 etiam
2903 2051 3376 2124 agricultura,uti
3397 2053 3606 2109 beatus
3629 2057 3779 2108 Pau-

2131 2142 2226 2198 lus
2259 2143 2341 2198 ait
2360 2144 2403 2178 ⁷ο
2427 2165 2440 2211 ;
2483 2148 2540 2198 et
2561 2142 2838 2214 quoniam
2859 2142 3062 2197 eadem
3095 2141 3550 2196 animafundata
3569 2145 3659 2196 est
3673 2158 3778 2198 ceu

2132 2235 2368 2296 domus,
2400 2250 2466 2289 ac
2506 2235 2766 2288 radicata
2804 2237 3088 2304 tanquam
3141 2231 3340 2304 planta
3377 2232 3461 2302 (In
3507 2230 3782 2289 charitate

2131 2323 2312 2390 enim,
2335 2323 2544 2394 inquit,
2577 2322 2815 2378 radicati
2842 2330 2892 2377 et
2919 2321 3148 2392 fundati
3176 2320 3282 2391 71):
3317 2320 3565 2392 agedum
3600 2320 3776 2376 etiam

2130 2413 2201 2469 de
2231 2413 2354 2484 agri
2378 2415 2448 2468 ad
2469 2429 2676 2485 agrum
2700 2411 3029 2469 admotione
3052 2411 3418 2466 disseramus
3443 2430 3456 2478 ;
3478 2427 3654 2482 quam
3675 2413 3777 2484 qui

2130 2502 2422 2558 malitiose
2453 2507 2510 2557 et
2540 2518 2674 2557 cum
2705 2518 2899 2557 errore
2927 2505 3227 2574 praestant,
3261 2499 3537 2568 subjectae
3579 2499 3776 2555 multa

2129 2595 2280 2650 fiunt
2301 2595 2556 2650 obnoxii.
2589 2595 2961 2665 Quaecunque
3003 2592 3184 2664 igitur
3224 2591 3294 2646 de
3361 2590 3778 2662 agricolatione

2127 2690 2267 2742 sunt
2294 2686 2469 2748 dicta,
2505 2691 2703 2758 utpote
2734 2685 2806 2740 iis
2830 2701 2954 2756 quae
2980 2684 3050 2739 ad
3073 2698 3311 2738 manum
3340 2686 3479 2738 sunt
3499 2681 3774 2751 conﬁnia,

2127 2776 2302 2832 simul
2345 2776 2730 2832 excutiamus.
2765 2781 2914 2830 Sane
2945 2773 3183 2845 elegans
3212 2776 3303 2828 est
3331 2777 3389 2828 et
3404 2773 3586 2842 proba
3616 2770 3777 2844 plan-

2126 2866 2293 2933 tatio,
2330 2865 2428 2920 illa
2450 2864 2675 2921 scilicet
2706 2863 3061 2927 Salomonis,
3093 2861 3193 2932 qui
3217 2861 3326 2917 ait:
3363 2862 3620 2916 Plantavi
3637 2863 3779 2918 mihi

2124 2959 2344 3013 vineam
2365 2975 2382 3010 :
2413 2959 2521 3027 feci
2551 2955 2690 3009 mihi
2719 2957 2901 3010 hortos
2930 2959 2983 3008 et
3024 2954 3298 3024 pomaria,
3343 2959 3393 3006 et
3419 2953 3673 3022 plantavi
3718 2952 3777 3006 in

2125 3048 2202 3102 cis
2227 3047 2440 3115 lignum
2465 3060 2624 3099 omne
2639 3044 2932 3114 fructus".
2962 3040 3486 3111 Contra,plantatio
3509 3041 3778 3110 quaedam

2125 3141 2232 3202 est,
2269 3151 2444 3204 quam
2477 3149 2592 3188 non
2621 3133 2904 3204 plantavit
2931 3132 3096 3186 Pater
3124 3128 3402 3199 ccelestis,
3425 3145 3554 3199 quae
3585 3133 3643 3184 et
3657 3144 3780 3185 era-

2125 3223 2375 3288 dicatur,
2411 3223 2581 3293 juxta
2616 3219 2843 3275 Domini
2874 3216 3392 3277 comminationem
3424 3219 3487 3271 ⁷³.
3513 3217 3641 3273 Haec
3672 3235 3775 3274 au-

2124 3317 2239 3369 tem
2275 3313 2556 3384 plantatio
2579 3312 2755 3368 habet
2774 3311 2952 3367 vitem
2983 3326 3048 3365 ex
3066 3309 3450 3364 Sodomorum
3486 3308 3776 3380 plantaria

2124 3403 2432 3470 consitam,
2466 3407 2523 3457 et
2555 3402 2852 3473 palmitem
2894 3417 2960 3456 ex
2988 3398 3312 3455 Gumorrba
3354 3402 3722 3469 exportatum
3755 3421 3770 3468 ;

2123 3492 2341 3563 profert
2367 3492 2564 3546 itidem
2602 3508 2767 3544 uvam
2804 3489 3158 3560 fellis,atque
3179 3488 3305 3543 suis
3333 3488 3776 3559 possessoribus

2123 3597 2422 3636 racemum
2457 3581 2577 3635 edit
2616 3576 3049 3634 amaritudinis.
3101 3580 3277 3634 Furor
3333 3577 3641 3633 draconum
3685 3578 3768 3634 vi-

2120 3687 2255 3726 num
2285 3687 2496 3736 eorum,
2533 3669 2683 3724 488
2714 3673 2765 3723 ct
2793 3670 2955 3738 furor
2996 3667 3250 3738 aspidum
3305 3666 3642 3723 insanabilis
3697 3669 3764 3725 ⁷⁸.

2122 3760 2229 3824 Qui
2264 3759 2444 3832 igitur
2464 3764 2716 3813 mentem
2739 3773 2906 3812 suam
2941 3756 3100 3812 omni
3131 3757 3494 3827 plantatione
3542 3759 3769 3815 fructus

2121 3847 2312 3904 omnis
2342 3847 2573 3919 generis
2597 3847 2824 3916 ferenti,
2857 3861 3043 3918 eaque
3061 3845 3310 3917 spiritali
3369 3847 3646 3915 consevit,
3680 3853 3772 3904 at-

2123 3938 2310 4010 quein
2335 3937 2643 3992 facultates
2663 3934 2982 3999 naturales,
3008 3951 3136 4006 quae
3168 3934 3369 4007 inipso
3401 3953 3433 3991 a
3462 3937 3772 3993 Conditore

2122 4028 2192 4083 ad
2227 4027 2453 4082 fructus
2485 4025 2724 4097 iustitiae
2756 4025 3134 4096 proferendos
3165 4026 3437 4081 radicataa
3489 4034 3644 4097 sunt,
3686 4026 3771 4082 in-

2112 4116 2256 4188 jecit
2296 4116 2639 4186 nequissimi
2675 4114 2938 4185 agricola)
2972 4114 3220 4183 semina,
3255 4115 3346 4170 hic
3376 4117 3500 4188 ipse
3527 4121 3636 4186 est,
3671 4117 3770 4186 qui

2122 4208 2193 4263 ob
2225 4207 2593 4262 interdictam
2631 4207 2749 4276 agri
2781 4207 2850 4260 ad
2894 4222 3102 4277 agrum
3146 4206 3546 4262 admotionem
3591 4209 3773 4266 miser

2120 4315 2153 4353 a
2181 4297 2481 4368 Scriptura
2502 4298 2866 4368 praedicatur.
2901 4299 3263 4368 Quapropter
3289 4298 3339 4353 ei
3371 4298 3546 4355 etiam
3591 4300 3770 4356 inter-

2121 4387 2382 4442 minatur
2415 4386 2804 4455 sterilitatem,
2852 4390 2916 4440 ut
2959 4386 3058 4458 qui
3105 4387 3400 4443 fructuum
3443 4390 3772 4462 specimina

2119 4476 2396 4532 doctrinae
2415 4476 2528 4531 sibi
2549 4475 2774 4530 traditae
2801 4474 3206 4530 convenientia
3239 4477 3506 4535 editurus
3527 4496 3643 4535 non
3669 4480 3768 4536 sit.

2123 4565 2223 4622 Ubi
2249 4567 2402 4620 enim
2431 4568 2596 4619 arant
2623 4565 2807 4620 decem
2847 4564 2985 4636 juga
3027 4564 3208 4636 boum,
3267 4567 3440 4642 faciet
3497 4569 3769 4641 laguncu-

2123 4653 2237 4710 lam
2259 4672 2447 4710 unam.
2478 4655 2690 4709 Littera
2723 4653 2960 4725 quidem
2983 4655 3230 4726 patriam
3267 4656 3600 4714 Pbmnicum
3633 4675 3771 4715 con-

361 4735 526 4814 λόγος
559 4721 884 4792 ἐνδείκνυται
916 4721 1174 4812 περὶ-τῶν
1223 4721 1724 4816 ἐπαμφοτιριστῶν,
1773 4741 1864 4795 καὶ
1905 4745 2011 4796 τῶν

2127 4745 2491 4801 suetudinem
2517 4744 2705 4810 docet,
2742 4743 2842 4815 qui
2875 4761 3006 4798 cum
3040 4744 3225 4800 bobus
3282 4750 3450 4802 arant
3501 4748 3767 4818 vineam;

364 4824 614 4882 ἐναντίων
647 4823 935 4902 δογμάτων
977 4825 1388 4904 ἐφαπτομίνων,
1427 4828 2012 4885 καὶσυναπτόντοντων

360 4917 497 4992 πρὸς
529 4914 777 4988 ἄλληλα,
808 4914 882 4971 ὦν
915 4913 1148 4992 ἄκαρποί
1179 4915 1312 4972 εἰσιν
1347 4919 1400 4971 αἱ
1431 4917 1623 4994 ψυχαί.

2124 4850 2334 4890 sensus
2367 4848 2500 4888 vero
2531 4848 2630 4888 eos
2661 4832 2902 4898 indicat,
2936 4834 3036 4904 qui
3067 4835 3125 4888 in
3160 4838 3468 4906 utramque
3517 4853 3771 4908 prOpen-

2122 4925 2264 4980 dent
2285 4928 2605 4998 patrem,ac
2625 4924 2915 4980 contraria
2945 4925 3389 4998 amplectuntur
3413 4926 3774 5000 dogmata,et

361 5006 606 5064 alterum
639 5007 804 5064 alteri
836 5011 1226 5065 connectunt:
1261 5026 1514 5081 quorum
1556 5011 1766 5067 animae
1797 5011 2178 5071 infructuosa:
2206 5019 2344 5070 sunt
2365 5031 2431 5070 ac
2463 5012 2715 5070 steriles.

429 5097 550 5154 154.
585 5095 726 5154 Οὐαὶ
785 5097 836 5151 οἱ
895 5095 1232 5173 ἐγειρόμενοι
1289 5097 1351 5152 τὸ
1407 5100 1521 5171 (24)
1577 5099 1744 5176 πρωὶ,
1803 5100 1894 5156 καὶ
1949 5102 2011 5156 τὸ

2197 5105 2317 5160 154.
2350 5107 2528 5160 Vens.
2564 5102 2874 5173 11,1213
2904 5105 2976 5160 iis
2995 5105 3094 5177 qui
3111 5120 3271 5162 mane
3300 5107 3772 5178 surgunt,euice-

431 5261 476 5297 7°
502 5261 669 5320 ICor.
703 5279 790 5332 III,
811 5265 866 5320 9.
943 5264 984 5300 τί
1016 5263 1221 5337 Ephes.
1255 5281 1343 5334 III,
1379 5265 1465 5321 17.
1542 5267 1588 5301 ⁷³
1611 5266 1796 5324 Eccle.
1832 5283 1894 5341 II,
1927 5269 1980 5323 4.

2146 5269 2190 5304 ⁷³
2221 5269 2428 5326 Matth.
2461 5287 2556 5338 xv,
2590 5271 2676 5325 13.
2754 5271 2802 5306 ἠ’
2833 5270 3001 5326 Deut.
3032 5286 3208 5340 xxxn,
3241 5271 3329 5327 33.

423 5443 537 5518 (19)
568 5445 809 5529 Codices
849 5445 1136 5531 quinque.
1180 5440 1514 5518 οἰκοδομῶν.
1570 5447 1725 5504 Editi
1769 5466 1904 5506 vero
1952 5455 2010 5508 et

353 5514 492 5642 Reg.
519 5514 782 5589 primus,
816 5514 1164 5587 οἰκοδομιῶν.
1378 5514 1386 5518 ⁷

367 5589 978 5682 ,ιίεοὶῗνὲἒέίὶθξίὲῗεο
1002 5585 1460 5682 Βιτίτηυεμνὲξι,ογ)
1495 5592 1712 5682 esset»,
1750 5593 2003 5665 dignum.

355 5659 468 5715 Alii
520 5659 761 5746 'uinque
793 5659 962 5716 mss;
995 5659 1190 5732 d’t’nov,
1225 5663 1457 5745 afferam
1494 5659 1835 5734 perniciem:

425 5679 544 5807 (2ί)
570 5733 746 5804 Editi,
778 5733 932 5809 ψυχὴ
963 5731 1074 5794 καί.
1107 5733 1398 5793 Particula
1436 5735 1524 5789 καί
1578 5736 1638 5793 in
1685 5755 1830 5797 mss.
1888 5753 2003 5795 non

2118 5450 2434 5506 invenitur.

2193 5523 2302 5590 (22)
2325 5521 2498 5586 Editi,
2533 5517 2591 5574 ἐκ
2619 5523 2738 5576 τοῦ.
2769 5522 2842 5575 Αι
2871 5537 2971 5577 sex
3002 5537 3170 5590 mss.,
3204 5518 3284 5578 ἐκ.

2191 5592 2302 5666 (23)
2351 5594 2743 5668 Veteres__scx
2795 5592 2948 5663 libri,
2999 5593 3234 5654 ἀνίατος.
3298 5596 3472 5668 Editi,
3534 5595 3771 5666 ἀνίατον,

2119 5682 2202 5721 res
2231 5675 2309 5721 est
2335 5665 2683 5721 insanabilis.

2189 5738 2302 5809 (24)
2331 5737 2568 5807 Antiqui
2599 5737 2713 5794 duo
2743 5733 2905 5810 libri,
2937 5741 3035 5810 τῷ.
