4138 6378
365 375 477 438 371

1302 373 1701 435 ΑΡΡΕΝΟῙΧ
1747 370 2072 434 OPERUM
2121 370 2183 432 S.
2231 371 2517 433 BASILII
2564 372 2833 434 MAGNI.

3670 372 3790 436 3'12

367 526 501 566 ram
522 519 957 584 persequuntur,
985 510 1088 582 qui
1114 510 1433 581 exspectant
1479 522 1805 581 vesperam:
1836 508 2026 563 vinum

2141 503 2326 581 σίκερα
2400 501 2715 575 διώκοντες,
2778 504 2830 559 οἱ
2908 501 3165 577 μένοντες
3236 504 3300 560 τὸ
3377 502 3496 578 ὁψὲσ
3584 504 3614 560 ὁ
3690 503 3790 582 γὰρ

373 601 529 656 enim
548 601 826 657 comburat
851 616 963 656 eos.
997 600 1131 654 Nam
1170 614 1295 652 cum
1348 596 1584 667 cithara,
1634 606 1688 653 et
1740 596 2021 668 psalterio,

372 692 425 747 at
457 691 753 761 tympanis,
788 693 839 744 et
871 690 1044 754 tibiis,
1077 688 1275 741 vinum
1305 686 1492 742 bibum
1523 704 1542 741 :
1571 702 1736 759 Opera
1768 701 1890 740 vero
1921 686 2023 741 Do-

370 780 518 834 mini
536 795 642 834 non
675 778 998 849 respiciunt,
1025 783 1081 831 et
1106 792 1274 847 opera
1294 792 1565 831 manuum
1588 777 1706 845 eius
1728 791 1835 832 non
1850 777 2027 832 consi-

370 868 582 924 derant.
614 864 872 938 Apostoli
889 864 1028 919 dicti
1047 863 1522 935 explanationem
1554 864 1678 936 {illa
1732 865 1863 936 ipsa
1892 880 2023 936 pro-

371 958 579 1032 phetiae
609 972 747 1029 pars
777 955 1078 1012 continet:
1117 971 1253 1010 nam
1289 954 1407 1010 illic
1439 955 1669 1027 inquit;
1703 956 2023 1011 Ebriosire-

368 1062 549 1119 gnum
570 1047 672 1101 Dei
698 1060 810 1100 non
834 1044 1197 1116 possidebunt
1229 1044 1274 1079 ⁷⁸
1301 1060 1322 1106 ;
1357 1043 1453 1099 hic
1504 1049 1737 1100 autem:
1804 1049 1896 1101 Va!
1953 1046 2026 1100 iu

360 1134 466 1205 qui
492 1148 656 1187 mane
683 1135 919 1203 surgunt
949 1136 1002 1187 et
1040 1133 1274 1187 siceram
1311 1140 1741 1203 persequuntur.
1794 1132 2022 1187 Etenim

366 1220 663 1293 potionem
682 1218 1010 1292 quamlibet
1023 1236 1152 1291 quae
1171 1219 1587 1276 temulentium
1606 1220 1795 1277 facere
1814 1224 2021 1292 potest,

366 1310 617 1367 siceram
649 1325 855 1366 vocare
903 1309 1095 1366 solent
1144 1310 1385 1365 Hebrmi.
1438 1309 1642 1382 Itaque
1687 1311 1808 1383 qui,
1858 1313 2027 1382 juxta

370 1399 754 1456 Proverbium
786 1400 855 1467 ⁷⁵,
886 1416 1021 1455 mox
1052 1399 1397 1455 adveniente
1427 1399 1543 1466 die,
1575 1401 1645 1455 ad
1707 1400 1915 1474 pocula
1970 1406 2028 1456 et

369 1488 603 1561 phialas
629 1489 955 1560 conjiciunt
986 1507 1127 1545 suos
1171 1488 1391 1557 oculos,
1417 1489 2026 1562 circumspectantque

370 1579 471 1635 ubi
506 1579 649 1634 ﬁant
676 1579 1165 1650 computationes,
1199 1583 1255 1635 et
1285 1578 1711 1636 circumferunt
1738 1580 1940 1636 oculos
1965 1581 2023 1636 in

370 1669 650 1725 tabernas
682 1685 745 1724 ac
776 1685 1093 1741 cauponas,
1115 1670 1333 1741 quique
1351 1686 1478 1725 sese
1501 1670 1751 1726 invicem
1777 1672 1847 1727 ad
1873 1687 2023 1727 com-

372 1758 697 1831 potandum
730 1759 1287 1826 deducentes,omne
1319 1759 1500 1814 animi
1526 1760 1790 1816 studium
1814 1760 2027 1817 sollici-

372 1844 763 1916 tudinemque
794 1845 851 1899 in
894 1845 1188 1915 ejusmodi
1220 1845 1379 1901 curis
1409 1852 1789 1919 consumunt,
1840 1848 1879 1902 ii
1930 1849 2026 1904 de-
2061 1884 2106 1949 Β

373 1935 591 1991 ﬂentur
614 1951 648 1990 a
676 1935 983 2007 propheta.
1016 1935 1083 1990 Hi
1118 1935 1354 2007 quidem
1389 1935 1615 1992 nullum
1649 1937 1760 1994 sibi
1791 1943 2025 2011 tempus

371 2028 675 2081 reservant
704 2025 774 2081 ad
804 2025 954 2080 mira
997 2026 1089 2081 Dei
1124 2042 1299 2097 opcra
1336 2026 1781 2098 consideranda,
1836 2045 2026 2101 neque

373 2115 445 2172 ad
479 2113 690 2171 ccelum
725 2130 914 2184 neque
952 2116 1025 2171 ad
1071 2115 1203 2186 ejus
1259 2116 1528 2172 decorem
1578 2117 2021 2189 suspiciendum

370 2201 557 2259 oculis
587 2202 714 2259 suis
746 2204 930 2259 otium
964 2204 1346 2276 suppeditant
1384 2208 1449 2259 ut
1477 2222 1544 2260 ex
1576 2222 1775 2262 eorum
1816 2211 2023 2263 ornatu

373 2291 721 2364 perveniant
741 2292 813 2347 ad
844 2292 1175 2349 Conditoris
1201 2293 1593 2365 cognitionem
1616 2295 1660 2329 ⁷⁷
1687 2310 1701 2351 :
1731 2296 1834 2352 sed
1864 2299 2025 2369 tape-

369 2380 536 2438 tibus
566 2381 885 2438 diversiset
908 2382 1131 2438 ﬂoridis
1150 2383 1269 2455 peri
1280 2384 1705 2455 petasmatibus
1738 2387 2028 2443 adornant

376 2469 626 2525 convivii
649 2469 866 2537 locum,
901 2475 1078 2542 atque
1108 2471 1284 2527 inane
1315 2474 1612 2543 quoddam
1649 2475 1915 2530 studium
1935 2492 2028 2531 va-

375 2573 633 2630 namque
664 2557 1031 2630 diligentiam
1065 2560 1124 2615 in
1158 2562 1441 2632 parandis
1463 2562 1691 2633 poculis
1724 2563 2023 2621 adhibent.

373 2646 600 2719 Quippe
619 2663 758 2703 vasa
790 2647 1183 2721 refrigerando
1210 2651 1343 2706 vino
1374 2653 1776 2718 accommoda,
1834 2653 2025 2726 rhyta,

372 2734 909 2808 phialas,poculum
924 2737 1612 2808 hederaceum,crateres,
1638 2745 1698 2795 et
1724 2742 1837 2798 alia
1857 2744 1912 2797 id
1928 2760 2026 2815 ge-

2134 594 2274 656 οἴνος
2337 592 2533 656 αὐτοὺς
2620 591 2933 669 συγκαύσει.
3014 592 3163 649 Μετά
3237 592 3341 669 γὰρ
3400 591 3654 669 κιθάρας,
3700 595 3789 649 καὶ

2132 680 2467 758 ψαλτηρίου,
2526 683 2617 738 καὶ
2674 680 3015 756 τυμπάνων,
3073 683 3165 738 καὶ
3224 682 3437 751 αὐλῶν,
3493 683 3587 738 τὸν
3648 684 3791 740 οἶνον

2132 771 2370 840 πίνουσι,
2426 773 2494 826 τὰ
2552 768 2611 827 δὲ
2667 765 2799 846 ἔργα
2856 772 3066 847 Κυρίου
3120 771 3225 826 οὐκ
3282 766 3646 844 ἰμὸλὲπουσι,
3697 771 3789 828 καί

2131 861 2198 916 τὰ
2264 859 2394 936 ἔργα
2462 865 2569 915 τῶν
2638 865 2841 937 χειρῶν
2920 859 3085 915 αὐτοῦ
3160 861 3223 915 οὐ
3276 864 3619 917 κατανοοῦσι.
3681 867 3788 932 Τῆς

2133 948 2506 1019 ἀποστολικῆς
2538 949 2735 1020 λᾶξεως
2763 950 2865 1018 τὴν
2897 949 3154 1025 ὶξήγησιν
3185 948 3249 1005 to‘
3278 950 3450 1026 παρὸν
3480 954 3645 1006 τοῦτο
3688 952 3788 1024 μὲ·-

2135 1059 2228 1115 ρος
2283 1045 2384 1109 τῆς
2425 1038 2760 1117 προφητείας
2815 1037 3082 1114 περιᾶχει·
3139 1037 3251 1094 ἐκεῖ
3311 1039 3406 1112 μὲν
3466 1041 3570 1115 γάρ
3631 1062 3788 1117 φησι.

2134 1130 2373 1192 Μέουσοι
2488 1128 2761 1203 βασιλείαν
2867 1132 3002 1184 Θεοῦ
3107 1128 3169 1184 οὐ
3264 1127 3786 1204 κληρονομήσουσιν

2133 1215 2362 1281 ἐνταῦθα
2423 1214 2498 1272 δὲ·
2560 1216 2696 1275 Οὐαὶ
2755 1218 2807 1273 οἱ
2864 1216 3225 1292 ἐγειρόμενοι·
3265 1217 3327 1272 τὸ
3383 1218 3553 1294 πρωὶ,
3606 1219 3789 1275 καὶτὸ

2134 1306 2320 1383 σίκερα
2371 1305 2662 1370 διώκοντες
2916 1306 3113 1382 Σίκερα
3139 1308 3241 1381 γὰρ
3297 1312 3400 1362 πᾶν
3450 1306 3513 1362 τὸ
3562 1304 3789 1382 δυνάμε·

2132 1419 2224 1452 νον
2257 1395 2425 1470 μὲθην
2465 1395 2763 1469 ἐμποιῆσαι
2812 1398 2968 1470 πόμᾳ
3008 1402 3125 1459 τοῖς
3174 1391 3449 1471 Ἑϐραίοις
3500 1395 3784 1471 ὀνομάζειν

2136 1486 2379 1556 σύνηθες.
2414 1487 2482 1542 O't
2516 1483 2607 1541 οῦν
2640 1485 2797 1551 εὐθὺς
2846 1485 3165 1561 ἀρχομένης
3216 1492 3317 1555 τῆς
3366 1486 3600 1560 ἡμέρας,
3648 1486 3789 1542 κατᾶ

2134 1576 2232 1643 τὴν
2268 1575 2592 1649 Παροιμίαν,
2643 1574 2729 1629 ἐπὶ
2778 1575 2847 1629 τὰ
2875 1576 3116 1651 ποτήρια
3163 1574 3253 1629 καὶ
3302 1578 3398 1637 τὰς
3453 1572 3653 1652 φιάλας
3703 1572 3790 1631 δι-

2136 1661 2318 1727 δόντες
2352 1664 2551 1719 ἓαυτῶν
2606 1663 2732 1726 τοὺς
2785 1661 3123 1741 ὀφθαλμοὺς,
3190 1665 3278 1718 καὶ
3334 1668 3792 1740 περισκοποῦντες

2134 1757 2241 1809 ποῦ
2278 1752 2436 1808 πότοι
2465 1752 2726 1827 γίνονται·
2789 1751 3124 1808 οῗνοπωλεῖα
3152 1751 3241 1808 καὶ
3299 1751 3578 1824 καπηλεῖα
3634 1773 3793 1827 περι-

2135 1844 2441 1919 αθροῦντες,
2466 1842 2557 1897 καὶ
2589 1839 2875 1913 ἀλλήλους
2904 1842 2992 1897 ἰπὶ
3021 1842 3088 1897 τὰ
3119 1843 3397 1915 συμπόσια
3428 1837 3794 1918 παραλαμϐά-

2135 1952 2340 2001 νοντες,
2371 1931 2460 1987 καὶ
2492 1936 2662 1986 πᾶσαν
2692 1938 2792 2001 τῆς
2829 1933 3014 2007 ψυχῆς
3056 1933 3160 2001 τὴν
3195 1932 3459 2005 μέριμναν
3518 1930 3643 2008 περὶ
3690 1931 3791 2001 τὴν

2132 2026 2239 2077 τῶν
2269 2021 2535 2078 τοιούτων
2594 2020 2854 2098 φροντίδα
2910 2020 3419 2086 καταναλίσκοντες·
3482 2019 3635 2078 οὗτοι
3682 2021 3788 2078 ύπὸ

2131 2110 2229 2168 τοῦ
2285 2113 2573 2190 προφήτου
2620 2116 3106 2185 καταθρηνοῦνται.
3142 2109 3217 2169 Oi’
3240 2111 3432 2186 καιρᾶν
3468 2112 3565 2185 μὲν
3596 2109 3791 2169 οὐδένα

2134 2201 2345 2263 ἑαυτοῖς
2377 2200 2514 2276 πρὸς
2543 2201 2643 2271 τὴν
2669 2205 2777 2255 τῶν
2810 2200 3126 2274 θαυμασίων
3180 2204 3277 2255 τοῦ
3323 2204 3458 2256 Θεοῦ
3514 2200 3790 2268 κατανόη-

2134 2310 2216 2345 σιν
2261 2290 2619 2366 παρὲχουσιν,
2650 2287 2776 2345 οὐδὲ
2807 2286 3018 2345 διδόασι
3060 2287 3275 2365 σχολὴν
3307 2295 3426 2354 τοῖς
3478 2287 3793 2366 ὀφθαλμοῖς

2134 2380 2413 2434 ἀνανεῦσαι
2461 2380 2599 2456 πρὸς
2632 2378 2883 2456 οὐρανὸν,
2914 2378 3003 2434 καὶ
3028 2379 3096 2434 τὰ
3124 2378 3176 2433 ἐν
3208 2378 3357 2452 αὐτῷ
3386 2377 3594 2449 κάλλη,
3655 2378 3795 2434 ὥστε

2134 2466 2194 2524 ὲκ
2219 2471 2319 2533 τῆς
2341 2468 2548 2524 τούτων
2581 2465 3000 2541 διακοσμήσεως
3031 2469 3121 2522 τὸν
3153 2468 3535 2544 γενεσιουργὸν
3568 2467 3788 2539 ἐννοεῖν,

2133 2556 2280 2614 ἀλλᾶ
2306 2558 2395 2612 καὶ
2440 2561 2555 2630 (26)
2601 2562 2935 2631 κοσμοῦντες
2985 2558 3189 2612 ἑαυτῶν
3226 2558 3289 2612 τὸ
3345 2557 3650 2630 συμπόσιον
3692 2558 3789 2613 τά-

2133 2668 2270 2717 πησι
2317 2645 2598 2712 ποικίλοις
2620 2646 2710 2702 καὶ
2751 2648 2990 2711 ἀνθινοῖς
3020 2645 3497 2723 παραπετάσμασι,
3529 2649 3787 2721 περιττὴν

2135 2734 2193 2792 δι
2221 2757 2341 2791 τινα
2371 2734 2611 2804 σπουδὴν
2661 2737 2752 2791 καὶ
2813 2734 3129 2807 ἰπιμίλειαν
3164 2736 3241 2799 εἷς
3294 2737 3395 2804 τὴν
3447 2740 3556 2791 τῶν
3608 2735 3791 2791 ἰκπω-

372 2840 487 2880 nus
498 2823 739 2880 nomina
750 2841 816 2879 ac
829 2824 1048 2895 ﬁguras
1062 2843 1165 2897 pro
1179 2827 1479 2884 ebrietatis
1496 2834 1778 2900 apparatu
1798 2830 2028 2903 ﬁngunt

2141 2827 2321 2901 μάτων
2401 2827 2743 2899 παρασκευὴν
2823 2822 3238 2897 ἐπιδείκνυνται,
3306 2826 3619 2898 ψυκτῆρας,
3696 2825 3790 2879 καὶ

370 2913 550 2983 atque
573 2913 1104 2969 comminiscuntur
1122 2930 1135 2969 :
1152 2916 1318 2987 quasi
1342 2916 1461 2973 haec
1483 2934 1754 2973 vasorum
1774 2920 2027 2977 varietas

2141 2917 2288 2993 ῥυτὰ,
2338 2916 2427 2972 καὶ
2485 2915 2707 2992 φιάλας,
2755 2917 2846 2972 καὶ
2871 2912 3172 2987 κισσύϐιον,
3230 2915 3321 2969 καὶ
3350 2921 3644 2989 κρατῆρας,
3693 2911 3785 2967 καὶ

371 2999 447 3055 ab
476 3000 563 3056 eis
584 3006 910 3057 removeret
948 3003 1299 3071 satietatem,
1326 3009 1383 3059 et
1403 3004 1743 3062 immutatio
1789 3009 2025 3080 poculo-

2141 3008 2449 3063 τὰτοιαῦτα
2477 3006 2721 3081 ὀνόματά
2774 3028 2834 3062 τε
2888 3007 2978 3062 καὶ
3027 3008 3287 3082 σχήματα
3340 3010 3407 3076 τᾷ
3461 3006 3775 3077 παρασκευῇ

371 3104 506 3143 rum
539 3088 966 3161 diversitasque
996 3090 1267 3146 idoneam
1303 3093 1374 3148 ad
1404 3093 1723 3150 bibendum
1756 3098 2027 3153 exercita-

2141 3099 2232 3162 τῆς
2293 3097 2463 3170 μέθης
2496 3097 2857 3159 δπινοοῦντες’
2894 3097 2968 3161 ὡς
2999 3094 3058 3151 ἂν
3085 3096 3149 3151 τὸ
3176 3099 3283 3150 τῶν
3318 3092 3543 3170 ἀγγείων
3589 3089 3791 3169 διάφο-

373 3178 762 3251 tionemipsis
784 3180 1595 3251 preaberet.Deindevicissim
1628 3184 1739 3241 sibi
1772 3186 2020 3244 invicem

2141 3205 2249 3261 ρον,
2279 3185 2372 3241 τὸν
2422 3185 2585 3260 κόρον
2614 3185 2798 3247 αὐτοῖς
2851 3183 3210 3254 ὁποκλέπτοι,
3254 3182 3346 3238 καὶ
3376 3184 3412 3251 ἡ
3452 3185 3561 3236 τῶν
3612 3179 3793 3235 ἐκπω-

374 3267 755 3340 propinantes
796 3272 974 3341 atque
1037 3273 1209 3341 potus
1267 3276 1564 3329 certamen
1623 3274 2022 3345 instituentes,

2141 3252 2323 3348 μάτων
2374 3252 2669 3349 ὑπαλλαγη
2720 3276 2832 3346 (27)
2887 3273 2975 3329 καὶ
3039 3252 3332 3347 μετάϐασις
3379 3270 3570 3338 ἱκανὴν
3603 3267 3786 3330 αὐτοῖς

375 3370 550 3426 quem
574 3356 812 3411 modum
848 3356 917 3412 ad
952 3373 1121 3413 suam
1154 3358 1419 3430 ipsorum
1453 3359 1840 3432 ignominiam
1876 3381 2026 3435 prae-

373 3441 760 3498 termittunt?
791 3445 965 3510 Victi,
995 3447 1266 3511 victores,
1296 3448 1668 3505 inebriantur
1688 3466 1915 3508 omnes.

2136 3363 2211 3423 είς
2242 3363 2303 3419 τό
2334 3362 2507 3419 πίνειν
2542 3359 2832 3437 διατριϐὴν
2866 3362 3095 3435 ἐμποιῇ.
3144 3363 3273 3416 Εἶτα
3328 3357 3801 3434 ἀντιπροπίνοντες

2134 3451 2434 3523 ἀλλήλοις,
2496 3453 2585 3509 καὶ
2639 3452 2716 3515 εἷς
2754 3454 2855 3521 τήν
2888 3451 3021 3527 ὑπὲρ
3053 3448 3149 3505 τοῦ
3179 3450 3350 3506 πίνειν
3385 3446 3629 3522 ἅμιλλαν
3662 3458 3797 3511 καθα

376 3531 617 3593 ιστάντες
668 3532 803 3605 (28),
867 3531 986 3587 τίνα
1030 3529 1339 3609 ὑπερϐολὴν
1384 3536 1460 3599 είς
1511 3537 1773 3614 αἰσχύνην
1822 3538 2282 3612 καταλείπουσιν;
2333 3543 2399 3601 Οἱ
2459 3544 2793 3617 ἡττώμενοι,
2838 3541 2889 3596 οἱ
2933 3544 3213 3609 νικῶντες,
3297 3540 3491 3600 πάντες
3561 3536 3799 3610 μεθύου-

381 3639 484 3675 σιν.

451 3709 574 3765 155.
608 3710 889 3768 Ριωῐοτθιι
915 3716 1112 3769 autem
1138 3718 1280 3770 sunt
1308 3715 1407 3787 qui
1442 3717 1681 3789 praesint
1724 3720 2031 3779 conviviis:

377 3802 521 3855 sunt
548 3801 607 3855 et
634 3799 933 3871 principes
957 3802 1369 3871 pincernarum
1401 3808 1458 3860 et
1482 3806 1951 3876 architriclini,et
1973 3811 2033 3867 in

377 3902 441 3944 re
470 3887 806 3943 inordinata
822 3890 963 3945 ordo
985 3894 1159 3955 est,et
1189 3892 1531 3962 quaedamin
1562 3911 1621 3950 re
1641 3894 2037 3970 incomposita

381 3977 757 4049 compositio.
782 3977 1123 4034 Obruuntur
1152 3980 1283 4036 vino
1316 3983 1591 4053 praefecti,
1620 3984 1875 4042 ministri
1902 3989 2035 4044 vino

380 4069 736 4137 merguntur
782 4082 794 4122 :
848 4068 1223 4139 complentur
1264 4072 1417 4128 489
1477 4074 1677 4128 omnia
1746 4075 2035 4135 risoribus

378 4157 436 4211 et
465 4155 829 4222 temulentis,
859 4157 1261 4229 spectaculum
1315 4162 1502 4217 oculis
1559 4163 2032 4224 Christianorum

376 4242 804 4301 miserandum.
824 4250 1033 4303 Postea
1057 4263 1214 4313 vero,
1234 4253 1739 4323 quemadmodum
1772 4255 1831 4310 in
1851 4256 2037 4313 domi-

375 4330 493 4387 niis
523 4333 841 4391 mundanis
856 4337 1174 4406 potentiam
1201 4344 1380 4409 auget
1408 4340 1732 4398 satellitum
1756 4344 2031 4414 gravitas:

377 4418 463 4475 ita
492 4420 669 4476 etiam
693 4423 1051 4481 temulentis:
1084 4430 1367 4499 tanquam
1420 4429 1631 4502 regina
1680 4433 2031 4505 obsequium

376 4509 674 4575 quoddam
695 4510 755 4566 in
786 4513 987 4569 orbem
1048 4520 1416 4587 praestantes,
1463 4519 1626 4576 cultu
1676 4521 2031 4593 impensiore

2214 3723 2340 3779 455.
2400 3719 2823 3797 Συμποσίαρχοι
2872 3717 2931 3775 δι
2979 3739 3120 3782 τινες
3167 3718 3256 3773 ἐπὶ
3306 3716 3545 3788 τούτοις,
3574 3714 3666 3771 καὶ
3696 3716 3796 3790 ἀρ-

2143 3810 2459 3886 χιοινοχόοι
2505 3809 2596 3865 καὶ
2644 3807 3081 3887 ἀρχιτρίκλινοι,
3141 3808 3230 3864 καὶ
3275 3806 3423 3877 τάξις
3474 3804 3526 3860 ἐν
3581 3804 3794 3876 ἀταξίᾳ,

2141 3899 2231 3955 καὶ
2307 3897 2542 3961 διάθεσις
2598 3897 2651 3954 ἐν
2727 3898 2957 3972 ἀκόσμῳ
3006 3897 3309 3972 πράγματι.
3368 3893 3680 3952 Μεθύουσιν
3740 3894 3795 3948 o't

2143 3988 2444 4045 ἐπιστάται·
2508 3988 2793 4061 μεθύουσιν
2845 3989 2897 4042 οἱ
2955 3988 3240 4063 ὑπηρέτιν
3299 3985 3474 4040 πάντα
3501 3982 3795 4059 γελώντων

2142 4077 2233 4134 καὶ
2307 4076 2613 4151 μεθυόντων
2685 4076 2863 4152 γέμει,
2934 4075 3165 4132 ἐλεεινὸν
3244 4076 3417 4146 θὲαμα
3460 4074 3797 4148 Χριστιανῶν

2147 4165 2473 4243 ὀφθαλμοῖς.
2536 4165 2665 4222 Εἶτα
2699 4163 2909 4238 μέντοι,
2937 4164 3119 4240 ὧσπερ
3148 4168 3270 4226 ταῖς
3301 4162 3502 4237 ἀργαῖς
3529 4165 3646 4223 ταῖς
3671 4154 3795 4229 ἔξω·

2144 4266 2228 4320 θεν
2273 4258 2307 4325 ἡ
2359 4254 2629 4327 σεμνότης
2675 4258 2783 4309 τῶν
2831 4251 3148 4331 δορυφόρων
3178 4254 3281 4321 τὴν
3313 4248 3622 4305 δυναστείαν
3653 4267 3797 4324 παρ-

2142 4344 2307 4415 αύξει*
2378 4343 2522 4399 οὕτω
2582 4343 2672 4397 καὶ
2738 4346 2806 4416 τῇ
2861 4343 2999 4415 μέθῃ
3046 4343 3162 4396 οἷον
3215 4336 3458 4415 βασιλίδι
3510 4337 3796 4414 θεραπείαν

2140 4434 2262 4487 τινὰ
2289 4435 2732 4507 περιστήσαντες,
2764 4431 2827 4486 τὸ
2857 4427 3222 4486 ἐπονείδιστον
3271 4431 3382 4502 (29)
3416 4425 3507 4483 διὰ
3533 4428 3597 4482 τὸ
3629 4427 3799 4501 ὑπερ-

2142 4516 2351 4577 ϐάλλον
2382 4528 2481 4591 τῆς
2510 4518 2750 4589 σπουδῆς
2772 4516 3216 4596 περεστὲλλουσι.
3254 4518 3517 4595 Στέφανοι
3549 4515 3638 4571 ἰπὶ
3666 4514 3801 4571 τού-

376 4594 633 4654 dedecus
671 4600 799 4671 ejus
821 4584 1122 4675 obtsgunt,
1159 4606 1231 4661 At
1292 4584 1413 4663 haec
1461 4625 1707 4679 coronae,
1760 4584 1932 4669 tiores
1972 4612 2028 4667 in

2141 4631 2255 4672 τοις
2301 4611 2391 4665 καὶ
2442 4611 2573 4681 ἄνθη
2632 4605 3170 4681 κατασκεδαννύμενα
3216 4611 3296 4678 τῷ
3344 4604 3655 4679 συμποσίῳ,
3705 4604 3798 4659 καὶ

376 4686 638 4744 convivio
668 4691 990 4762 conspersi,
1027 4700 1345 4765 unguenta,
1366 4695 1752 4767 thymiamata
1780 4705 1839 4756 et
1863 4700 2031 4756 innu-

376 4791 538 4832 mera
568 4778 837 4850 quaedam
868 4779 1300 4839 oblectamenta
1355 4785 1719 4845 extrinsecus
1763 4788 2031 4846 adhibita

445 4954 489 4990 ⁷⁸
518 4957 541 5013 Ι
571 4945 705 5014 σοι-ξ
729 4974 809 5027 v1,
845 4957 934 5015 t0.
1009 4958 1054 4994 ’³⁸
1084 4959 1251 5017 Prov.
1282 4977 1443 5031 χχιιι,
1477 4964 1565 5023 31.
1643 4967 1686 5002 ⁷⁷
1712 4967 1850 5040 Sap.
1882 4984 2006 5038 χιιι,
2037 4968 2093 5024 5.

448 5133 860 5232 (Emittit?!
897 5134 1162 5232 aliis“?
1201 5154 1369 5232 σξθεη
1430 5137 1569 5232 διάῑι
1621 5141 1720 5218 γὰρ
1785 5143 2030 5232 amur,

376 5202 557 5329 inci,
584 5202 860 5295 βασιλείαν
914 5202 1158 5262 ὒεοῦόύ
1206 5202 1748 5287 κληρονομήσουσιν,
1785 5202 2031 5269 ’ἔνταῦθά

414 5295 437 5329 ε
468 5270 734 5364 δείκνυται
784 5278 875 5362 ὁτι.
901 5279 953 5331 o't
1000 5276 1347 5364 ἰγειρόμενοι.
1377 5284 1439 5337 τὸ
1483 5286 1627 5359 πρωὶ
1653 5289 1747 5364 καὶ
1776 5287 1839 5341 τὸ
1872 5286 2030 5364 μὲθυς

380 5366 492 5417 σμα
518 5344 827 5430 διῴκοντες·
848 5352 920 5430 _i_n
953 5344 1301 5430 quibusboc
1334 5344 1692 5415 incom'modi
1726 5365 1836 5428 est,
1871 5344 2025 5429 quod

380 5423 637 5502 secunda
668 5423 1045 5502 periodipars
1063 5427 1317 5495 perfecta
1350 5445 1460 5484 non
1496 5432 1593 5501 sit,
1630 5449 1733 5488 nec
1766 5423 2025 5488 suisnu-

378 5493 556 5571 meris
589 5492 876 5571 absoluta.
905 5492 980 5571 δι
1009 5492 1146 5571 Reg.
1183 5504 1427 5570 quartus
1475 5502 1557 5556 uti
1582 5492 1666 5557 'in
1725 5508 2021 5569 contextu,

378 5566 612 5647 melius.
647 5564 872 5647 Eleaqab
897 5564 1265 5647 _Eusebio_i't_a
1293 5576 1599 5647 mutuatus
1629 5577 1719 5631 est
1777 5564 2026 5647 scriptor

378 5632 827 5718 σοῌὶφεοίξνίί».
850 5640 915 5718 9t
944 5639 1345 5718 cerasialym
1386 5645 1805 5718 immutaverit-

467 5707 557 5779 26)
590 5707 831 5779 Antiqui
852 5712 972 5765 tres
1000 5707 1319 5782 libriﬁna
1347 5714 1458 5772 καί.
1492 5721 1664 5775 Deest
1691 5716 1780 5772 καί
1802 5717 1861 5774 in
1895 5734 2021 5791 per-

2144 4699 2287 4773 μύρα
2331 4699 2418 4754 καὶ
2473 4697 2809 4771 θυμιάματα.
2841 4697 2929 4753 καὶ
2985 4695 3171 4771 μυρίαι
3217 4695 3359 4759 τινες
3404 4691 3594 4765 ἔξωθεν
3647 4694 3785 4766 θυμ-

2139 4785 2290 4859 ηδίαι
2337 4787 2905 4865 προσμηχανώμεναι,
2958 4784 3186 4844 πλείονα
3239 4784 3341 4854 τήν
3375 4780 3640 4859 ἀσχολίαν
3671 4786 3793 4845 τοῖς

2142 5144 2421 5218 vulgatis.

2214 5216 2507 5303 (32295”?-
2542 5214 2795 5303 ῐπίωυὲε
2829 5212 3171 5303 remum-

2357 5278 2595 5347 Veteres
2625 5278 2893 5360 ssxlibri,
2926 5278 3289 5360 καθιστάντες.
3346 5281 3529 5360 _Editj_,
3552 5278 3801 5360 ,καθιέν-

2136 5347 2241 5421 τιξ.
2276 5347 2497 5417 Ibidem
2533 5360 2709 5416 iidem
2736 5358 2818 5414 illi
2850 5347 3102 5422 codices,
3158 5357 3282 5411 τίνα
3338 5347 3656 5426 ὑπερϐολὴν
3716 5351 3795 5416 είς

2135 5432 2403 5521 ἓῖςξχύνην
2438 5430 2628 5521 κκταλ.
2675 5432 2825 5521 Edili
2861 5447 3015 5521 κίοι-ο,
3048 5429 3169 5484 τίνα
3200 5426 3274 5489 είς
3302 5425 3565 5502 αἰσχύνης
3627 5425 3787 5500 ὑπερο

2135 5499 2310 5572 ϐολῆν
2340 5499 2559 5571 καταλ.,
2594 5503 2751 5559 haud
2786 5507 2959 5572 recte.

2208 5565 2319 5647 (29)
2354 5565 2615 5645 Ennaea
2672 5570 3036 5628 ἐπονείδιστον
3086 5571 3274 5647 αὐτῆς.
3323 5574 3399 5627 At
3454 5586 3561 5627 vox
3617 5565 3786 5637 αὐτῆς

2130 5647 2190 5704 in
2215 5646 2433 5707 nostris
2454 5666 2556 5707 sex
2582 5663 2728 5704 mss.
2765 5662 2882 5705 non
2916 5646 3225 5721 reperitur.
