4138 6372
362 415 481 478 3'73

1229 410 1635 474 COMMENT.
1681 412 1759 473 ΙΝ
1802 409 2083 474 ISAIAM
2129 411 2637 477 PROPHETAM.
2679 414 2847 477 CAP.
2897 416 2974 476 ν.

3665 414 3786 475 374

366 542 777 619 ἀπολλυμένοις
806 544 1324 622 παρασκευάζουσιν,
1358 541 1651 620 ἰσόρροπον
1687 542 1870 605 αὐτοῖς

2134 543 2403 602 homines
2425 547 2683 619 perditos
2709 549 2897 622 magis
2917 546 3411 618 exercent,eisque
3436 546 3781 619 supplicium

364 637 433 711 τῇ
464 634 714 710 παρούσῃ
774 632 1100 711 φαιδρότητι
1155 633 1258 702 τὴν
1311 631 1533 688 αἰώνιον
1579 631 1802 689 κόλασιν
1831 630 2024 707 προξε-

364 725 572 781 νοῦντα.
601 724 735 780 Εἶτα
781 723 972 802 πόρῥω
1022 722 1315 799 προϊόντος
1362 726 1461 777 τοῦ
1512 720 1704 791 πότου,
1740 719 1900 777 αύλοὶ
1932 720 2024 777 καὶ

364 811 580 887 κιθάραι
620 813 711 868 καὶ
759 813 1034 888 τύμπανα,
1082 814 1218 867 κατὰ
1271 812 1365 884 μὲν
1418 812 1516 881 τὴν
1567 811 1829 882 ἀλήθειαν
1885 812 2021 865 ἀπο-

362 904 664 977 θρηνοῦντα
714 900 841 965 τοὺς
890 898 1330 973 ἀπολλυμένους,
1393 901 1531 955 κατά
1576 897 1632 955 δὶ
1678 900 1777 969 τὴν
1829 898 2025 969 ἐπιτή-

362 988 537 1046 δευσιν
565 987 672 1045 τῶν
710 990 1037 1064 μεθυόντων,
1072 988 1210 1044 ὥστε
1256 990 1447 1051 αὐτοῖς
1492 990 1664 1051 πάσας
1705 995 1805 1058 τῆς
1835 991 2022 1064 ψυχῆς

358 1079 452 1143 τάς
482 1076 686 1150 ἡδονὰς
720 1084 789 1155 τῇ
844 1076 1094 1153 μελῳδίᾳ
1142 1075 1506 1155 διεγερθῆναι’
1543 1080 1617 1140 ὡς
1666 1077 1765 1133 οὐκ
1793 1076 2020 1150 ἀρκοῦν-

362 1190 453 1232 τος
481 1173 576 1224 τοῦ
626 1167 774 1224 οῖ’νου
804 1172 873 1244 τῇ
918 1169 1046 1242 παρ’
1095 1168 1290 1224 ἑαυτοῦ
1340 1167 1636 1244 θερμότητι
1668 1173 1875 1240 σμῆνος
1906 1166 2020 1221 ἐπι-

362 1261 562 1333 θυμιῶν
594 1261 663 1333 τῇ
695 1256 862 1330 ἀθλίᾳ
889 1261 1045 1335 ψυχῇ
1093 1262 1189 1313 τοῦ
1236 1256 1488 1320 πίνοντος
1527 1256 1825 1332 ἰπεγεῖραι.
1856 1244 2020 1310 Ἀλλ’

354 1346 441 1403 ἵνα
469 1352 635 1403 πᾶσαι
669 1347 857 1412 αὐτοῖς
887 1348 942 1402 αἱ
993 1347 1269 1418 αἰσθήσεις
1318 1347 1422 1401 ὑπὸ
1468 1353 1568 1416 τῆς
1614 1343 1819 1417 ἡδονῆς
1849 1365 2015 1399 κατα-

352 1438 724 1513 γοητευθεῖσαι
755 1435 1115 1513 κατέχωνται·
1170 1436 1225 1490 αἱ
1259 1436 1354 1509 μὲν
1414 1434 1571 1490 ἀκοαὶ
1600 1433 2011 1504 καταυλοῦνται,

357 1527 412 1581 αἰ
466 1524 525 1582 δὶ
572 1527 867 1605 ασφρήσεις
899 1526 1002 1581 ὑπὸ
1045 1530 1156 1580 τῶν
1199 1525 1661 1599 ἀναθυμιωμένων
1710 1526 1822 1597 (31)
1861 1520 2010 1593 πλη-

359 1619 598 1688 ροῦνται,
650 1615 711 1671 τὸ
760 1613 937 1689 στόμα
984 1618 1053 1690 τῇ
1111 1611 1338 1690 παρόδῳ
1383 1617 1479 1668 τοῦ
1530 1612 1679 1669 οἴνου
1722 1614 2008 1689 ὑπηρετεῖ-

358 1703 637 1783 ὀφθαλμοὶ
674 1703 935 1781 βλεπουσι
965 1704 1033 1759 τὰ
1077 1703 1361 1778 γινόμενα,
1401 1701 1614 1776 μᾶλλον
1648 1699 1706 1757 δὲ
1735 1695 2007 1777 παραϐλέ-

354 1814 538 1864 πουσι,
584 1794 685 1864 τὴν
733 1787 1009 1869 ἀκρίϐειαν
1049 1798 1150 1862 τῆς
1197 1792 1500 1863 αἰσθήσεως
1552 1791 1655 1846 ὑπὸ
1700 1796 1801 1859 τῆς
1838 1789 2006 1863 μέθης

2137 637 2418 690 aeternum
2453 638 2721 709 prassenti
2746 637 3027 696 hllaritati
3056 637 3212 694 haud
3242 635 3433 708 impar
3451 637 3779 697 accersunt.

2135 721 2233 778 Dei
2243 724 2353 779 nde
2367 725 2626 781 convivio
2647 725 2881 798 longius
2904 724 3783 798 progrediente,tibias,cithere:-

2135 828 2248 884 que
2274 817 2329 867 et
2358 816 2636 886 tympana
2671 823 3071 888 praeparantur
3098 832 3111 871 :
3139 832 3264 887 quae
3296 831 3356 870 re
3386 814 3623 887 quidem
3652 813 3783 887 ipsa

2131 899 2331 971 lugent
2370 905 2678 975 perituros,
2713 906 2811 961 sed
2864 921 2931 960 ex
2978 905 3345 960 ebriosorum
3393 903 3665 960 instituto
3714 918 3781 960 eo

2133 996 2403 1061 spectant
2445 997 2507 1047 ut
2539 993 2657 1048 sint
2687 993 3081 1063 oblectationi,
3114 1009 3215 1064 per
3241 992 3393 1049 hanc
3426 991 3779 1051 modulatio-

2132 1096 2263 1135 nem
2299 1098 2503 1137 omnes
2528 1082 2584 1136 in
2616 1100 2678 1138 se
2708 1083 2998 1138 suscitant
3018 1081 3197 1137 animi
3220 1081 3581 1154 voluptates:
3609 1080 3778 1152 quasi

2129 1169 2517 1240 cupiditatum
2537 1172 2747 1227 turmis
2763 1172 2821 1227 in
2842 1171 3056 1228 misera
3074 1172 3293 1244 poteris
3314 1170 3511 1226 anima
3527 1169 3780 1230 excitan-

2128 1259 2220 1313 dis
2253 1260 2525 1333 proprius
2554 1261 2669 1316 vini
2704 1261 2861 1317 calor
2886 1261 3029 1318 satis
3048 1277 3165 1317 non
3186 1260 3499 1317 esset.lmc
3527 1275 3685 1330 vero,
3709 1264 3776 1316 ut

2127 1365 2332 1405 omnes
2362 1366 2563 1406 eorum
2584 1368 2792 1407 sensus
2826 1350 3134 1423 praestigiis
3151 1348 3523 1421 voluptatum
3544 1348 3773 1422 decepti

2126 1437 2501 1494 detineantur
2533 1458 2545 1494 :
2580 1456 2753 1494 aures
2785 1440 3062 1497 tibiarum
3105 1441 3387 1495 concentu
3434 1437 3771 1494 demulcen-

2125 1530 2243 1593 tur,
2276 1527 2523 1584 olfactus
2572 1529 2925 1584 sufﬁmentis
2964 1528 3482 1599 cdoramentisque
3512 1526 3770 1599 comple-

2121 1618 2256 1685 tur;
2290 1633 2355 1673 os
2387 1619 2679 1674 subservit
2708 1617 3037 1674 transeunti
3066 1617 3241 1685 vino;
3280 1618 3586 1673 intuentur
3614 1615 3768 1672 oculi

2120 1721 2250 1778 quae
2273 1706 2422 1762 ﬁunt
2449 1724 2461 1771 ;
2493 1706 2580 1763 vel
2614 1707 2808 1780 potius
2833 1708 3267 1781 sensus,vigore
3288 1723 3353 1763 ac
3373 1705 3644 1762 acumine
3665 1722 3768 1778 per

2117 1795 2457 1856 ebrietatem
2485 1797 2699 1866 ablato,
2733 1796 2904 1853 aliter
2927 1813 2993 1853 ac
3016 1800 3156 1853 sunt
3178 1795 3768 1871 vident.Quapropter

353 1882 717 1962 ἀφῃρημένοι.
752 1883 829 1937 Δι’
880 1881 912 1937 ἃ
958 1878 1170 1957 εἵρηται
1215 1882 1300 1952 τὸ,
1357 1880 1492 1979 ρύαὶ
1699 1880 1751 1934 οἰ
1791 1878 2005 1979 ἐγειρό-

2116 1883 2337 1940 dictum
2371 1889 2494 1941 est:
2529 1888 2609 1942 Vm
2638 1888 2708 1942 iis
2729 1888 2824 1959 qui
2841 1902 3005 1943 mane
3029 1893 3287 1958 surgunt,
3308 1889 3359 1942 et
3383 1885 3619 1941 siceram
3637 1898 3766 1954 per-

354 1993 508 2047 μενοι
553 1972 619 2028 τὸ
676 1973 845 2049 πρωὶ,
896 1970 988 2025 καὶ
1034 1971 1098 2026 τὸ
1140 1969 1325 2046 σίκερα
1369 1966 1680 2037 διώκοντες,
1733 1969 1784 2023 οἱ
1819 1965 2007 2040 μένον-

347 2080 434 2124 τες
465 2062 528 2117 τὸ
559 2061 679 2135 όψὶ,
729 2060 821 2115 καὶ
871 2056 1287 2133 διημερεύοντες
1329 2057 1381 2114 ἐν
1429 2058 1667 2127 τούτοις,
1699 2057 1772 2119 ὡς
1805 2054 2010 2130 μηδένα

350 2150 537 2225 καιρὸν
589 2149 802 2212 ἑαυτοῖς
851 2147 1113 2225 παρέχειν
1155 2147 1224 2204 τὰ
1269 2146 1397 2225 ἔργα
1445 2146 1642 2224 Κυρίον
1687 2141 2005 2221 ἐμϐλέπειν,

354 2239 444 2295 καὶ
473 2240 542 2295 τὰ
570 2237 699 2315 ἔργα
740 2243 849 2294 τῶν
901 2241 1105 2316 χειρῶν
1150 2235 1316 2293 αὺτοῦ
1371 2241 1668 2294 κατανοεῖν.
1719 2236 1860 2292 Πότε
1906 2235 2007 2311 γὰρ

356 2326 660 2405 διδαχθῶσι
700 2329 824 2404 περὶ
872 2332 1046 2399 Θεοῦ;
1092 2328 1164 2382 Τὸ
1212 2326 1395 2403 πρωί;
1442 2325 1599 2383 Ἀλλ’
1638 2325 1791 2391 εὐθὺς
1824 2325 2008 2396 ἐξανα-

354 2418 571 2481 στάντες
596 2418 703 2474 ἀπὸ
732 2421 828 2473 τοῦ
881 2417 1074 2483 ὕπνου,
1124 2418 1186 2472 τὸ
1238 2417 1423 2493 σίκερα
1479 2414 1785 2472 διώκουσιν.
1833 2412 2009 2470 Ἀλλὰ

358 2507 629 2582 μεσούσης
658 2508 871 2582 ἡμερας
897 2524 912 2575 ;
946 2504 1128 2561 Ἀλλᾶ
1167 2506 1291 2561 τότε
1322 2503 1389 2575 δὴ
1428 2503 1669 2579 μάλιστα
1697 2504 1884 2566 αὐτοῖς
1912 2500 2009 2559 αό-

356 2598 507 2669 ξησιν
539 2599 630 2652 καὶ
663 2594 903 2651 ἐπίδοσιν
930 2595 959 2650 ὁ
990 2594 1161 2658 πότος
1193 2590 1333 2671 ἔχει.
1369 2594 1525 2652 Ἀλλ’
1555 2594 1779 2669 ἑσπέρας
1807 2612 1821 2661 ;
1850 2591 2009 2650 Ἀλλ’

343 2685 421 2743 ἔτι
453 2688 693 2742 πίνουσι·
746 2685 838 2740 καὶ
867 2687 902 2755 ή
960 2686 1055 2758 μὲν
1103 2685 1286 2762 ἡμέρα
1338 2683 1534 2749 αὐτοὺς
1563 2682 1932 2751 ἐπιλέλοιπεν,
1965 2685 1999 2751 ἡ

343 2773 401 2832 δὲ
436 2777 573 2850 μέθη
608 2774 706 2831 ούκ
736 2772 1028 2831 ιπιλείπει.
1062 2772 1240 2832 Ἀλλά
1292 2772 1530 2847 μάλιστα
1561 2771 1629 2843 δὴ
1660 2777 1761 2840 τῆς
1786 2772 1998 2843 νυκτός,

338 2866 412 2928 ὡς
442 2862 598 2928 ΐδίως
627 2867 747 2939 (33)
777 2863 966 2927 αὐτοῖς
999 2860 1389 2943 διαφερούσης,
1422 2862 1760 2940 ἀντέχονται.

416 3046 539 3101 156.
600 3042 738 3102 Οὐαὶ
792 3039 884 3097 οῦν
945 3043 997 3098 c't
1056 3041 1394 3119 ἐγειρόμενοι
1439 3042 1504 3097 τὸ
1560 3042 1728 3116 πρωὶ,
1788 3043 1877 3097 καὶ
1935 3043 1997 3097 τὸ

342 3131 526 3205 σίκερα
581 3128 898 3202 διώκοντες,
956 3132 1009 3186 οἱ
1070 3130 1320 3203 μένοντες
1398 3130 1461 3185 τὸ
1531 3129 1649 3204 ὀψὲ.
1709 3129 1841 3184 Εἰνα
1894 3131 1994 3200 τήν

2112 1982 2441 2046 sequuntur,
2475 1977 2572 2047 qui
2597 1981 2912 2048 exspectant
2939 1992 3225 2048 vesperam
3267 1978 3323 2032 et
3362 1978 3517 2031 totos
3547 1974 3672 2030 dies
3699 1973 3761 2031 in

2113 2061 2210 2118 his
2238 2069 2563 2135 versantur,
2586 2065 2668 2121 ita
2697 2070 2762 2120 ut
2796 2064 3023 2120 nullum
3074 2064 3186 2122 sibi
3236 2068 3473 2120 servent
3522 2066 3755 2136 tempus

2117 2151 2189 2207 ad
2212 2169 2387 2225 opera
2408 2153 2637 2208 Domini
2664 2154 3068 2227 perspicienda
3096 2156 3153 2210 et
3181 2154 3250 2210 ad
3275 2170 3451 2225 opera
3479 2169 3766 2212 manuum

2117 2241 2247 2310 ejus
2278 2240 2683 2314 intelligenda.
2734 2243 3049 2316 Ecquando
3078 2243 3234 2299 enim
3276 2243 3346 2298 de
3378 2242 3493 2300 Deo
3523 2244 3765 2313 possent

2116 2329 2342 2386 edoceri
2367 2330 2395 2387 Ἰ
2420 2335 2583 2387 Mane
2609 2335 2632 2387 Ρ
2655 2332 2764 2388 Sed
2814 2332 2990 2389 simul
3013 2336 3188 2405 atque
3216 2349 3248 2388 e
3277 2348 3484 2389 somno
3516 2330 3767 2388 suscita—

2118 2418 2160 2474 ti
2192 2436 2258 2475 su
2270 2422 2352 2484 nt,
2376 2420 2618 2476 siceram
2646 2426 3093 2493 persequuntur.
3108 2421 3260 2477 Num
3283 2420 3477 2477 media
3496 2419 3590 2475 die
3608 2419 3636 2474 ?
3656 2420 3763 2477 Sed

2117 2510 2243 2562 tum
2278 2508 2363 2563 vel
2398 2508 2649 2566 maxime
2672 2510 2823 2565 inter
2844 2510 2975 2566 illos
3004 2513 3295 2584 augentur
3316 2525 3381 2564 ac
3404 2507 3771 2564 invalescuut

2115 2599 2597 2670 computationes.
2639 2600 2916 2675 Nunquid
2945 2618 3185 2673 vespere
3220 2601 3248 2657 ?
3296 2601 3405 2656 Sed
3458 2600 3650 2655 adhuc
3680 2598 3769 2655 bi-

2113 2687 2298 2743 bunt:
2324 2694 2381 2745 et
2410 2690 2534 2745 dies
2567 2692 2802 2764 quidem
2836 2691 2969 2747 illos
3000 2691 3216 2759 deficit,
3242 2707 3347 2746 nee
3376 2695 3572 2747 tamen
3606 2690 3768 2761 ipsos

2110 2777 2328 2834 deserit
2369 2780 2642 2837 ebrietas.
2675 2781 2922 2838 Maxime
2970 2786 3164 2838 autem
3207 2797 3310 2853 per
3347 2784 3599 2845 noctem,
3631 2783 3767 2835 tan-

2109 2882 2289 2938 quam
2335 2869 2404 2923 ad
2457 2869 2619 2941 ipsos
2668 2870 2943 2941 peculiari
2986 2870 3122 2941 jure
3180 2871 3546 2936 attinentem,
3582 2867 3763 2924 dediti

2108 2958 2643 3028 compotationibus
2671 2964 2832 3014 sunt.

2180 3042 2300 3097 156.
2336 3045 2422 3101 Vae
2441 3043 2623 3115 igitur
2642 3046 2713 3100 iis
2735 3048 2833 3116 qui
2854 3061 3015 3101 mane
3036 3055 3288 3117 surgunt,
3311 3044 3617 3102 et‘sicsram
3634 3061 3760 3116 per-

2104 3135 2434 3201 sequuntur,
2468 3134 2565 3205 qui
2593 3137 2903 3204 aspectant
2948 3149 3252 3205 vesperam.
3291 3133 3428 3189 Dein
3478 3131 3763 3205 propheta

345 3218 524 3276 αἰτίαν
573 3223 671 3275 τοῦ
716 3216 971 3275 δύνασθαι
1027 3217 1222 3281 αὐτοὺς
1278 3215 1516 3292 διαρκεῖν
1567 3217 1618 3273 ἰν
1671 3222 1750 3290 τῷ
1784 3219 1937 3292 πότῳ
1967 3220 1995 3274 6

2116 3218 2368 3275 declarat
2383 3237 2489 3276 cur
2508 3221 2736 3294 possint
2753 3221 3015 3278 convivio
3037 3221 3367 3278 immorari:
3397 3223 3595 3279 Vinum
3614 3223 3764 3277 enim

342 3310 635 3387 προφήτης
708 3307 893 3387 φησὶν,
965 3308 1028 3365 Ὁ
1085 3307 1191 3383 γὰρ
1266 3283 1411 3369 οἶνός
1497 3283 1992 3383 αύτοὺξσυγκαύ-

2116 3323 2199 3364 eos
2227 3310 2523 3366 comburet.
2548 3310 2792 3365 Causam
2819 3311 2985 3367 atl'ert
3006 3328 3112 3367 cur
3131 3311 3216 3368 eis
3236 3308 3763 3381 insitinexplebilis

342 3416 420 3451 σει
455 3399 592 3469 (34),
635 3398 736 3466 τὴν
786 3395 960 3451 αἰτίαν
1023 3395 1197 3471 λέγων
1247 3396 1369 3459 καθ’
1423 3396 1485 3464 ἣν
1541 3394 1874 3470 ἀπλήρωτος
1906 3394 1997 3451 αὗ-

339 3490 460 3547 τοῖς
509 3484 651 3540 ἆστιν
702 3486 738 3554 ἡ
787 3488 884 3539 τοῦ
928 3482 1098 3539 πίνειν
1149 3482 1431 3557 ἐπιθυμία.
1477 3484 1600 3541 ’Ὀτι
1651 3482 1867 3539 ἐπειδὰν
1894 3506 1994 3539 πο-

340 3571 463 3644 λὺς,
492 3574 678 3651 φηοὶν,
733 3574 761 3628 6
793 3570 1025 3649 ἄκρατος
1074 3572 1331 3648 εἰσχυθῇ,
1381 3570 1608 3627 πλείονα
1653 3572 1752 3642 τήν
1792 3575 1995 3649 θερμα-

338 3662 457 3720 σίαν
507 3660 879 3737 ἰπεισαγαγὼν
936 3665 1019 3734 τῷ
1070 3661 1306 3735 σώματι,
1358 3662 1462 3731 τὴν
1510 3662 1741 3739 φυσικὴν
1791 3659 1995 3734 ἰκμάδα

334 3756 431 3808 τοῦ
460 3753 716 3814 πίνοντος
748 3750 1134 3827 καταφρύσσει.
1185 3749 1338 3819 Εἶτα,
1373 3750 1551 3823 οἶμαι,
1593 3748 1789 3814 αύτοός
1819 3749 1995 3825 ἐαυτῷ

335 3844 365 3898 6
395 3841 542 3906 οἰνος
592 3840 913 3914 ὑπεκκαυμα
966 3838 1252 3914 γινόμενος
1306 3842 1441 3909 (35),
1487 3841 1516 3896 6
1564 3835 1862 3917 προλαϐὼν
1891 3843 1991 3912 τήν

337 3929 684 4009 εὐρυχωρίαν
733 3927 1130 4003 παρασκευάζει
1176 3932 1257 4001 τῷ
1306 3929 1548 3985 εἰσιόντι.
1598 3930 1800 4005 ’Ὠσπερ
1852 3928 1910 3985 δὲ
1936 3930 1991 3984 αἱ

336 4018 635 4098 χαράδραι,
676 4018 1024 4096 ιπιρῥὲοντνς
1082 4018 1177 4091 μὲν
1221 4021 1319 4073 τοῦ
1369 4018 1562 4092 ὑγροῦ,
1594 4017 1828 4093 πλήρεις
1857 4020 1994 4073 εἶναι

339 4108 582 4181 δοκοῦσι,
608 4107 980 4185 παρελθόντος
1012 4104 1089 4175 δὶ,
1140 4106 1299 4184 ξηραὶ
1348 4106 1439 4162 καὶ
1489 4104 1745 4170 λιθώδεις
1781 4107 1871 4163 καὶ
1903 4108 1995 4163 ἄν·

341 4219 496 4274 ικμοι
552 4197 999 4254 καταλείπονται·
1052 4194 1197 4251 οὕτω
1241 4196 1333 4251 καὶ
1393 4196 1461 4251 τὰ
1523 4200 1631 4252 τῶν
1686 4196 1993 4270 μεθυόντων

338 4289 569 4363 σώματα
598 4284 1134 4364 ἄποχαραδρωθιντα
1172 4288 1242 4360 τῇ
1292 4285 1523 4361 ἀμετρίᾳ
1548 4290 1647 4342 τοῦ
1701 4284 1870 4356 οἴνου,
1904 4287 1997 4342 καὶ

336 4379 441 4448 τὴν
484 4375 545 4433 ἐκ
591 4377 806 4457 φύσεως
861 4373 1067 4450 ἰκμάδα
1121 4374 1574 4451 προσκατασύρει.
1635 4377 1700 4430 Ol
1752 4378 1998 4449 μένοντες

335 4467 401 4523 τὸ
455 4466 574 4540 όψι.
626 4464 726 4520 Διά
778 4467 940 4520 τοῦτο
999 4463 1241 4538 μένουσι,
1301 4464 1455 4538 φησὶ,
1509 4466 1572 4520 τὸ
1633 4463 1751 4539 ὀψέ·
1803 4466 1864 4522 Ὀ
1892 4466 1997 4540 γὰρ

337 4559 485 4622 οἶνος
537 4556 735 4621 αύτούς
793 4556 1109 4632 συγκαύσει.
1160 4555 1240 4612 T6
1298 4552 1355 4611 δὶ
1402 4554 1463 4610 lx
1518 4557 1613 4611 τοῦ
1665 4555 1815 4611 ci'vou
1865 4561 1995 4631 πῦρ,

2104 3398 2341 3453 bibendi
2369 3398 2567 3455 libido.
2592 3398 2876 3454 Nimirum
2898 3404 3237 3472 postquam,
3263 3399 3477 3473 inquit,
3504 3399 3756 3455 multum

2106 3485 2186 3540 sit
2236 3486 2378 3540 meri
2422 3488 2707 3549 infusum,
2755 3503 2890 3542 cum
2947 3487 3006 3543 in
3068 3504 3282 3560 corpus
3327 3487 3581 3544 calorem
3639 3504 3763 3542 ma-

2094 3573 2285 3644 jorem
2332 3574 2593 3641 inducat,
2627 3576 2887 3632 nativum
2920 3578 3199 3649 potatoris
3229 3576 3537 3633 humorem
3575 3579 3761 3633 torre-

2103 3664 2262 3720 facit.
2300 3666 2533 3729 Deinde.
2567 3666 2792 3737 Opinor,
2827 3682 2957 3721 cum
2991 3667 3185 3737 ipsum
3218 3665 3331 3721 sibi
3358 3665 3473 3738 ipsi
3514 3666 3579 3720 fit
3606 3664 3759 3721 inci-

2101 3754 2659 3825 tamentum,vinum
2675 3756 2845 3827 ,quod
2872 3754 3539 3828 praeessitﬁngredienti
3560 3754 3754 3812 locum

2103 3843 2447 3916 ampliorem
2475 3845 2925 3917 parat.Quemad
2935 3845 3172 3901 modum
3192 3847 3387 3900 autem
3402 3846 3751 3901 torrentium

2104 3934 2249 3991 alvei
2275 3934 2550 3990 videntur
2578 3951 2707 3989 esse
2737 3934 2914 4006 pleni,
2938 3934 3305 3991 intereadum
3337 3935 3496 3990 unda
3527 3934 3752 3992 effluit:

2104 4029 2486 4098 posteaquam
2554 4040 2678 4079 vere
2726 4024 3151 4096 pertransierit,
3200 4023 3362 4091 sicci,
3406 4024 3651 4097 lapidosi
3700 4028 3757 4082 et

2106 4113 2253 4171 aridi
2288 4117 2632 4185 permanent
2664 4129 2675 4166 :
2711 4112 2795 4169 sic
2826 4113 3000 4168 etiam
3025 4113 3483 4169 temulentorum
3514 4130 3759 4186 corpora

2107 4219 2209 4275 per
2234 4202 2516 4258 nimirum
2550 4202 2751 4257 vinum
2784 4206 3059 4257 excavata
3078 4206 3135 4256 et
3155 4202 3367 4257 effossa
3397 4202 3758 4271 cxsicantur,

2107 4296 2282 4364 atque
2312 4291 2379 4346 ad
2406 4308 2467 4346 se
2489 4290 2796 4348 humorem
2825 4290 3154 4347 naturalem
3175 4289 3552 4359 trahunt.Quz
3573 4306 3764 4364 exspa-

2106 4386 2257 4438 ctant
2286 4395 2584 4451 vesperam.
2618 4381 2701 4437 Ob
2734 4380 2883 4436 hanc
2915 4379 3766 4453 causam,inquit,exspectant

2107 4485 2407 4542 vesperam
2445 4485 2458 4524 :
2497 4470 2695 4525 Vinum
2738 4470 2890 4524 enim
2936 4485 3026 4527 eos
3075 4469 3377 4525 comburat.
3420 4467 3521 4525 Ille
3565 4472 3761 4527 autem

2107 4558 2404 4633 ignis,qui
2438 4575 2472 4613 a
2497 4557 2983 4624 vino,excitatur,
3008 4558 3067 4613 in
3100 4574 3338 4615 carnem
3369 4559 3763 4626 introductus,

339 4648 693 4727 ἆγγινόμενον
735 4652 805 4724 τῇ
839 4648 1017 4724 σαρκὶ,
1061 4642 1277 4722 ἔξαμμα
1325 4646 1529 4723 γίνεται
1586 4651 1695 4703 τῶν
1726 4669 1987 4726 πεπυρω-

2116 4646 2763 4719 iscenditignitajacula
2780 4647 3003 4703 inimici
3018 4646 3305 4704 ".Vinum
3320 4646 3477 4705 enim
3490 4648 3764 4706 rationem

347 4738 520 4815 μενων
557 4737 736 4815 βελῶν
765 4742 864 4794 τοῦ
902 4735 1127 4815 ἐχθροῦ.
1174 4737 1273 4791 Τὸν
1312 4737 1404 4811 μὲν
1433 4736 1537 4812 γὰρ
1579 4735 1867 4811 λογισμὸν,
1898 4738 1991 4795 καὶ

2103 4736 2432 4809 submergit
2461 4741 2518 4791 et
2548 4739 2803 4791 mentem
2829 4751 2843 4802 ;
2878 4736 3136 4808 itemque
3164 4737 3514 4810 cupiditates
3551 4753 3618 4793 ac
3655 4753 3767 4794 vo-

342 4829 437 4885 τὸν
464 4832 592 4884 νοῦν
625 4828 654 4883 6
687 4829 834 4891 οἶνος
883 4821 1288 4896 καταϐαπτίζει,
1337 4826 1434 4890 τὰς
1476 4823 1533 4882 δὶ
1582 4825 1871 4899 ἐπιθυμίας
1904 4828 1995 4883 καὶ

2116 4828 2361 4900 luptates
2394 4824 2742 4895 inﬂammat,
2768 4824 3008 4896 perinde
3039 4831 3216 4898 atque
3246 4825 3441 4882 oleum
3463 4825 3761 4882 ﬂammam

346 4919 441 4983 τάς
489 4914 697 4989 ἡδονὰς
758 4915 938 4993 ὥσπερ
985 4912 1169 4973 ἔλαιον
1219 4914 1402 4995 φλόγα
1449 4914 1682 4987 ἐξάπτει.
1730 4917 1892 4972 Ὥστε
1935 4917 1999 4972 τὸ

2116 4914 2398 4973 ascendit.
2462 4913 2626 4970 Unde
2688 4915 2844 4971 490
2900 4915 3075 4971 verba
3121 4914 3347 4984 isthmc,
3411 4915 3608 4971 Vinum
3672 4930 3765 4971 eos

351 5006 636 5083 εἰρημένον
690 5003 797 5076 ὅτι,
858 5007 916 5062 '0
965 5005 1111 5069 οἰνος
1169 5004 1366 5068 αὐτοὺς
1423 5003 1734 5083 συγκαύσει,
1785 5004 1883 5061 οὐκ
1911 5002 2001 5061 ἐπὶ

2116 5004 2408 5071 comburat,
2441 5018 2558 5060 non
2590 5003 2912 5076 accipimus
2942 5004 3134 5062 solum
3163 5020 3271 5077 pro
3305 5002 3545 5061 bibendi
3573 5002 3765 5061 avidi.

427 5162 472 5199 ⁷⁸
499 5163 711 5237 Ephes.
740 5178 821 5236 vr,
856 5163 946 5221 16.

424 5329 537 5403 (30)
565 5331 718 5388 Editi
749 5335 809 5388 et
837 5348 982 5389 mss.
1014 5330 1306 5401 nonnulli,
1335 5327 1544 5403 αύτοῖς.
1602 5329 1715 5403 Alii
1739 5332 2008 5403 quidam,

354 5398 583 5474 ἰαυτοῗς.
619 5404 749 5461 Mox
773 5402 960 5462 nostri
992 5420 1092 5461 sex
1122 5420 1266 5461 mss.
1292 5398 1521 5457 αἰώνιον
1550 5398 1798 5461 κόλασιν.
1831 5398 2008 5474 Editi,

358 5471 816 5637 Ῐῖῗέίῗνληιίςυί
846 5561 947 5602 sex
976 5545 1133 5612 libri,
1165 5515 1653 5618 ἀναθυμιωμένων.
1687 5544 1859 5615 Editi,
1885 5545 2012 5601 ἀνα-

357 5617 690 5691 θυμιάσεων.
1342 5617 1347 5618 ⁷

378 5761 385 5763 ξ
437 5691 545 5763 (32)
575 5687 773 5763 Nostri
803 5703 917 5763 seu
951 5702 1120 5763 £088.,
1144 5683 1222 5763 ⁸δι’
1361 5684 1573 5761 εἴρηται
1610 5686 1695 5760 τὸ,
1728 5686 1872 5763 cocti,
1903 5693 2013 5746 etc.

360 5756 630 5835 At'editi,
682 5757 772 5817 διὰ
823 5760 985 5815 τοῦτο
1036 5756 1179 5816 οὐαί.
1226 5756 1545 5832 Aliquanto
1592 5756 1725 5834 post
1753 5761 2017 5833 quinque

2120 5347 2291 5404 11189.,
2322 5329 2512 5404 καιρόν
2538 5325 2775 5404 ἑαυτοῖς.
2807 5328 2986 5404 E_(_i_iti_,
3019 5328 3224 5404 αὐτοῖς.

2194 5403 2306 5475 (33)
2355 5399 2593 5475 Antiqui
2648 5406 2768 5459 tres
2840 5399 2995 5471 libri,
3069 5399 3146 5462 ὡς

2122 5469 2305 5618 ἰδιδὶί)
2335 5544 2513 5618 _Ed_iti,
2546 5539 2760 5618 αὐτούς,
2791 5539 2945 5618 φησὶ,
2981 5540 3290 5616 συγκαύσει.
3323 5547 3395 5601 At
3427 5560 3570 5603 mss.
3605 5544 3778 5618 quin-

2124 5613 2261 5690 que,
2290 5613 2482 5690 αύτοὺς
2513 5613 2820 5690 συγκαύσειζ

2139 5683 2309 5813 “ό(35)
2340 5683 2868 5757 νεωτεε’(]υἰη(ιυθ
2915 5683 3073 5754 libri,
3105 5684 3420 5759 γινόμενος.
3474 5686 3650 5755 Editi,
3679 5705 3775 5760 γο-

2125 5780 2152 5815 ν
2194 5779 2378 5834 μενος,

3225 5395 3405 5471 ἰδίως,
3461 5401 3636 5472 Editi,
3699 5402 3775 5466 ὡς
