4138 6378
339 365 458 426 375

1301 358 1693 420 APPENDIX
1736 357 2065 420 OPERUM
2107 356 2173 417 S.
2220 355 2503 417 BASILII
2543 353 2799 417 MAGNI

3651 356 3771 419 376

339 503 480 567 tate,
505 498 604 554 sed
634 512 739 570 pro
760 496 984 569 reliqua
1006 495 1181 551 etiam
1214 493 1474 566 corporis
1504 492 1992 550 inﬂammatione.

2127 490 2209 559 τήν
2239 488 2317 552 είς
2344 489 2408 545 τὸ
2436 486 2609 544 πίνειν
2659 484 2952 561 ἱπιθυμίαν
2987 485 3178 560 μόονο.
3231 484 3380 544 ἀλλὰ
3416 488 3506 544 καὶ
3538 486 3627 544 ἐπὶ
3669 489 3771 560 τὴν

341 586 599 644 Subinde
628 586 928 658 Scriptura
955 584 1236 656 ineptiam
1270 581 1775 654 stoliditatemque
1805 582 1993 654 majo-

344 692 467 734 rem
512 676 817 744 exhibens,
851 671 1223 746 progreditur
1256 689 1270 727 :
1302 673 1443 728 Nam
1469 688 1594 727 cum
1625 672 1864 738 cithara,
1908 671 1999 726 in-

348 767 498 841 quit,
521 769 571 822 et
599 765 877 838 psalterio,
901 767 951 818 ct
979 760 1285 832 tympanis,
1306 763 1355 817 et
1388 761 1540 816 tibiis
1570 762 1759 815 vinum
1789 760 2000 815 bibunt.

345 856 651 913 Enimvero
687 855 937 925 juvenes
985 850 1223 924 quidem
1270 850 1586 906 citharistle
1618 850 1815 904 animo
1849 848 2001 905 malo

346 962 480 1003 cum
521 944 705 1000 oculis
736 941 1077 997 ebrietatem
1126 939 1543 996 anhelantibus
1581 940 2000 1011 irrumpentes,

343 1034 713 1104 tibicinsaque
744 1036 800 1087 et
833 1030 1079 1086 fidicina:
1122 1030 1410 1103 ﬂagitiose
1444 1030 1691 1084 formam
1724 1028 2001 1097 colentes,

342 1121 504 1178 chori
534 1121 777 1192 insuper
806 1136 874 1176 ac
922 1123 1239 1175 concentus
1270 1118 1673 1191 improborum
1716 1133 2004 1189 quorum-

340 1212 475 1267 dam
497 1226 752 1284 quorum
775 1226 1021 1282 corpora
1040 1209 1111 1264 ob
1132 1207 1651 1280 intemperantinm
1671 1208 1854 1263 fracta
1867 1210 2007 1261 sunt

340 1305 398 1359 et
429 1305 723 1367 enervata,
756 1298 1056 1355 communi
1088 1297 1191 1353 illa
1216 1296 1612 1354 modulatione
1642 1296 2005 1353 emollientes

343 1391 591 1458 animos,
627 1389 699 1444 ad
756 1404 991 1443 omnem
1044 1385 1475 1456 turpitudinem
1526 1384 2005 1457 voluptatemque

343 1480 608 1553 iniquam
640 1478 818 1535 hosce
848 1478 1202 1534 temulentos
1234 1481 1570 1548 provocant.
1624 1476 1774 1544 Quid
1808 1480 2002 1531 autem

348 1569 488 1628 inde
517 1567 762 1625 evenit?
810 1567 884 1623 Ut
911 1584 1088 1639 opera
1142 1566 1367 1621 Domini
1418 1583 1533 1622 non
1585 1565 1920 1638 respiciant,
1950 1571 2008 1622 et

349 1676 527 1733 opera
548 1675 833 1714 manuum
859 1659 989 1728 ejus
1018 1673 1131 1711 non
1157 1656 1549 1711 considerent.
1571 1655 1705 1711 Jam
1732 1673 1866 1712 vero
1888 1672 2007 1711 ver-

349 1750 494 1805 bum
524 1748 692 1819 illud,
716 1748 1001 1819 respicere,
1029 1761 1222 1801 rerum
1258 1745 1495 1817 quidem
1531 1744 1848 1801 visibilium
1884 1761 2007 1817 per-

350 1837 680 1911 ceptionem
727 1853 830 1909 per
872 1834 1072 1892 oculos
1133 1834 1546 1890 transmissam
1596 1829 1817 1890 in’dicat
1848 1850 1862 1891 :
1899 1834 2008 1890 hoc

347 1944 506 1996 vero,
537 1926 907 1992 considerare,
932 1942 1060 1980 eam
1094 1940 1271 1997 quam
1304 1940 1475 1980 mens
1507 1923 1843 1996 assequitur
1872 1940 2010 1980 con-

346 2015 790 2089 templationem
844 2013 1097 2071 exhibet.
1149 2014 1437 2078 Quoniam
1483 2013 1666 2086 igitur
1693 2012 2013 2070 invisibilia

349 2106 478 2170 Dei,
508 2121 544 2159 a
570 2108 826 2161 creatura
855 2101 1066 2171 mundi,
1091 2117 1194 2174 per
1222 2118 1307 2169 ea,
1342 2116 1469 2173 quae
1495 2104 1650 2173 facta
1677 2111 1807 2159 sunt
1839 2100 2009 2159 intel-

349 2192 512 2258 lecta,
543 2190 965 2263 conspiciuntur
993 2189 1038 2224 7°
1062 2206 1076 2256 ;
1110 2189 1161 2244 is
1192 2188 1292 2260 qui
1316 2205 1431 2245 non
1457 2189 1697 2261 respicit
1719 2190 1788 2245 ad
1812 2206 2009 2262 opera,

350 2295 424 2336 ne
455 2281 528 2336 ad
559 2295 690 2336 eam
723 2278 962 2351 quidem
1011 2295 1140 2350 quas
1190 2282 1389 2335 mente
1436 2279 1765 2351 comparari
1815 2283 2012 2351 potest

355 2367 806 2441 intelligentiam
840 2368 1173 2424 deducitur.

430 2478 553 2533 157.
585 2475 733 2540 Quid
769 2475 947 2548 igitur
977 2474 1089 2531 sibi
1139 2474 1265 2530 vult
1312 2474 1369 2529 id
1428 2478 1579 2546 quod
1614 2476 1837 2532 dictum
1871 2477 2012 2533 est?

358 2565 646 2623 Videlicet
676 2565 1016 2621 ebrietatem
1051 2564 1374 2638 impietatis
1406 2580 1643 2620 causam
1666 2582 1795 2622 esse
1827 2571 1884 2621 et
1904 2566 2012 2622 ori-

359 2656 557 2729 ginem
584 2674 597 2724 ;
641 2672 775 2710 cum
810 2653 989 2710 menti
1020 2671 1135 2725 qua
1166 2653 1421 2709 maxime
1451 2654 1603 2709 Deus
1636 2653 1876 2726 agnosci
1911 2671 2012 2727 po-

358 2748 497 2813 test,
518 2744 794 2800 tenebras
833 2742 1115 2799 olfundat.
1168 2744 1449 2798 Mannum
1501 2746 1696 2800 autem
1729 2759 1925 2815 opera,
1958 2747 2015 2799 et

360 2850 487 2906 quae
518 2832 578 2888 in
612 2832 876 2888 futurum
911 2832 1306 2904 rependentur
1335 2830 1511 2894 vices.
1535 2836 1677 2887 sunt
1705 2832 1860 2904 ignis
1890 2832 2012 2901 ille,

356 2926 413 2979 et
445 2922 744 2978 cruciatus
776 2921 834 2976 in
866 2920 1093 2977 inferno
1124 2926 1361 2993 paratus
1405 2920 1470 2988 ⁸ο,
1513 2920 1716 2993 lingua
1747 2922 2018 2993 perarida

358 3012 579 3085 exiguaa
609 3015 785 3083 guttae
813 3011 1079 3067 levamen
1109 3014 1407 3083 expetens,
1442 3009 1680 3066 ﬂamma
1717 3011 2019 3068 undelibet

358 3101 754 3172 circumdans,
784 3116 912 3171 qua:
962 3116 1034 3155 ne
1073 3105 1281 3155 aestum
1332 3100 1572 3173 quidem
1600 3100 1657 3155 in
1691 3100 2015 3157 visceribus

360 3207 670 3248 accensum
730 3206 832 3263 per
879 3190 1031 3245 aeris
1083 3189 1526 3262 respirationem
1578 3188 1719 3246 sinit
1778 3190 2013 3262 refrige-

361 3280 477 3337 rari
507 3280 572 3334 ⁸³.
604 3280 714 3335 Pro
743 3279 1085 3336 tibicinibus
1116 3280 1215 3351 qui
1249 3279 1511 3347 aderant,
1532 3279 1700 3335 adest
1727 3281 2013 3352 gemitus;

363 3386 469 3444 pro
511 3370 794 3426 ebrietate
840 3369 1178 3441 immodica,
1210 3368 1578 3426 desineratur
1604 3386 1770 3441 aqua:
1800 3376 1971 3443 gutta
2001 3385 2018 3425 :

365 3460 585 3532 quippe
614 3458 892 3530 quoniam
949 3475 1082 3515 caro
1132 3458 1496 3515 ebriosorum
1532 3459 1666 3533 igne
1696 3460 1755 3515 in
1789 3460 2019 3517 camino

369 3548 690 3616 cruciatur;
716 3564 819 3620 pro
846 3547 922 3603 im
934 3547 1167 3619 pudicio
1189 3547 1542 3619 spectaculis
1576 3549 1874 3606 intersunt
1895 3567 2022 3623 pro-

370 3638 566 3696 fundis
588 3637 840 3694 tenebras
865 3654 878 3705 ;
904 3653 1007 3709 pro
1030 3637 1351 3708 cupiditate
1371 3636 1710 3710 irrequieta,
1735 3639 2023 3711 irrequie-

367 3733 466 3784 tus
494 3727 712 3783 vermis
739 3726 1042 3782 accedit”.
1068 3727 1268 3797 Itaque
1296 3725 1396 3797 qui
1421 3728 1478 3782 in
1502 3727 1846 3784 temulentis
1866 3744 2026 3783 men-

366 3819 487 3872 tem
519 3832 688 3872 suam
714 3816 1126 3888 submergunt,
1151 3815 1352 3871 isthaac
1374 3832 1659 3873 manuum
1691 3833 1870 3889 opera
1893 3833 2025 3873 con-

366 3905 625 3963 siderare
664 3921 778 3961 non
821 3909 1100 3977 possunt;
1143 3908 1201 3961 et
1228 3905 1367 3977 quia
1398 3922 1511 3963 non
1545 3905 1863 3978 praevident
1894 3923 2023 3963 cru-

366 3993 578 4060 ciatus,
610 3994 707 4067 qui
740 3993 901 4066 ipsos
930 3998 1291 4065 exspectant,
1316 3995 1453 4066 jure
1498 4011 1565 4051 ac
1613 3995 1820 4053 merito
1867 3996 2028 4067 luget

366 4081 502 4140 illos
533 4082 857 4156 Scriptura,
888 4083 1201 4158 quasijam
1230 4083 1287 4140 in
1320 4083 1443 4141 haec
1474 4084 1628 4141 mala
1654 4084 2026 4143 incidissent.

367 4171 626 4229 Audiant
654 4171 776 4230 haec
799 4173 898 4245 qui
927 4172 1052 4229 loco
1078 4173 1525 4246 Evangeliorum
1553 4174 1615 4230 in
1648 4175 1873 4231 aedibus
1902 4175 2028 4233 suis

368 4260 629 4320 citharas
659 4262 913 4319 retinent
936 4278 1002 4318 ac
1029 4262 1204 4336 lyrae.
1232 4262 1523 4319 Nimirum
1554 4264 2025 4337 ipsos,tanquam

2109 577 2309 647 λοιπὴν
2337 582 2433 634 τοῦ
2480 578 2737 651 σώματος
2782 576 3027 649 πόρωσιν
3063 573 3426 653 ἰκδεχόμεθα.
3461 579 3598 633 Εἶτα
3627 598 3767 656 παρο

2108 667 2280 739 αύξων
2335 669 2433 736 τήν
2493 666 2718 722 ἀτοπίαν
2751 666 2779 720 ὁ
2826 663 2996 742 λόγος
3047 665 3283 741 πρόεισι*
3343 667 3494 723 Μετά
3532 666 3634 743 γὰρ
3680 688 3766 723 κι-

2109 758 2297 833 θάρας,
2359 757 2516 832 φησὶ,
2574 757 2664 812 καὶ
2741 753 3073 830 ψαλτηρίου,
3139 754 3230 812 καὶ
3297 768 3620 830 τυμπάνων,
3674 758 3767 814 καὶ

2110 846 2317 919 αὐλῶν,
2372 847 2465 901 τὸν
2545 848 2692 901 οἶνον
2767 843 3006 902 πίνουσι.
3081 845 3403 920 Κιθαρισταὶ
3462 846 3568 922 γὰρ
3623 867 3770 910 τινες

2109 935 2244 1004 νέοι,
2296 936 2348 990 οἳ
2401 940 2579 998 κακῶς
2633 935 3036 1011 παραπεσόντες
3097 934 3384 1009 μεθύουσιν
3431 934 3766 1014 όφθαλμοῖςο

2111 1024 2201 1080 καὶ
2233 1023 2559 1100 αὐλητρίδες
2587 1024 2676 1080 καὶ
2710 1023 2995 1099 ψάλτριαι,
3041 1029 3225 1105 κακῶς
3267 1026 3367 1096 τὴν
3420 1025 3565 1100 ὥραν
3600 1023 3769 1082 διατι-

2114 1114 2354 1188 θὲμεναι’
2406 1113 2494 1169 καὶ
2546 1114 2710 1190 χοροὶ
2760 1112 2852 1169 καὶ
2898 1110 3134 1187 συνῳδία
3326 1116 3507 1170 κακῶν
3548 1116 3684 1193 πρὸς
3711 1116 3774 1172 τὸ

2114 1200 2339 1259 ἔκλυτον
2373 1200 2825 1279 διατεθρυμμένοι
2874 1202 2945 1258 τά
2987 1203 3235 1277 σώματα,
3266 1203 3357 1259 καὶ
3401 1201 3490 1259 ἐπὶ
3536 1208 3605 1280 τῇ
3637 1226 3773 1260 παν-

2115 1291 2281 1367 δήμῳ
2315 1295 2551 1365 μουσικῆ
2596 1292 2691 1354 τὰς
2741 1291 2925 1368 ψυχὰς
2977 1292 3380 1361 κατακλῶντες,
3428 1293 3562 1370 πρὸς
3593 1300 3767 1350 πᾶσαν

2114 1382 2345 1458 αἰσχράν
2377 1381 2467 1436 καὶ
2520 1384 2835 1456 παράνομον
2887 1378 3093 1452 ἡδονὴν
3141 1380 3271 1447 τοὺς
3318 1380 3371 1437 ἐν
3420 1387 3489 1458 τῇ
3520 1382 3656 1459 μέθῃ
3690 1381 3777 1439 δι-

2116 1472 2469 1548 ερεθίζουσιν.
2533 1472 2626 1526 Ἐκ
2682 1468 2741 1525 δὲ
2786 1470 2983 1526 τούτου
3028 1471 3083 1526 τί
3131 1466 3459 1545 συμϐαίνεις
3507 1472 3587 1531 Τά
3641 1469 3777 1550 ἔργα

2118 1560 2315 1636 Κυρίου
2348 1562 2425 1634 μή
2460 1554 2776 1633 ἐμϐλέπειν,
2819 1559 2910 1616 καὶ
2958 1560 3026 1615 τά
3053 1556 3182 1637 ἔργα
3225 1565 3335 1616 τῶν
3367 1566 3573 1638 χειρῶν
3611 1562 3776 1620 αὐτοῦ

2120 1652 2197 1724 μὴ
2230 1654 2528 1706 κατανοεῖν.
2563 1646 2740 1706 Ἀλλά
2768 1650 2830 1721 τὸ
2881 1649 2976 1723 μὶν
3012 1644 3306 1723 ἐμϐλέπειν
3337 1652 3437 1721 τὴν
3464 1647 3535 1706 δι’
3564 1651 3777 1728 ὀφθαλ-

2120 1742 2240 1813 μῶν
2290 1737 2599 1812 κατάληψιν
2648 1741 2759 1792 τῶν
2810 1738 3019 1814 ὁρατῶν
3069 1738 3375 1818 ὑποφαίνει,
3404 1739 3467 1795 τὸ
3518 1737 3577 1796 δὲ
3616 1762 3780 1798 κατα-

2117 1832 2259 1884 νοεῖν
2302 1828 2401 1897 τήν
2464 1823 2553 1881 διά
2599 1830 2695 1880 τοῦ
2753 1830 2850 1881 νοῦ
2898 1827 3131 1902 θεωρίαν
3178 1833 3287 1883 τῶν
3337 1828 3585 1904 ἀοράτων
3637 1852 3780 1908 παρ-

2124 1918 2355 1989 ίστησιν.
2415 1914 2565 1972 Ἐπεὶ
2624 1913 2715 1971 οῦν
2764 1916 2839 1970 Τὰ
2896 1915 3100 1993 ἀόρατα
3151 1921 3249 1973 τοῦ
3305 1922 3464 1991 Θεοῦ,
3511 1919 3621 1976 ἀπὸ
3665 1919 3782 1977 κτί-

2121 2028 2257 2071 σεως
2336 2007 2573 2079 κόσμου,
2648 2008 2765 2067 τοῖς
2830 2007 3104 2080 ποιήμασι
3181 2006 3470 2082 νοούμενα,
3546 2014 3781 2087 καθορᾶ-

2119 2114 2229 2152 ται·
2262 2097 2290 2151 6
2322 2096 2398 2169 μὴ
2448 2088 2741 2169 ἰμϐλίπων
2788 2099 2905 2158 τοῖς
2964 2092 3168 2173 ἔργοις,
3220 2093 3350 2152 οὐδὲ
3394 2098 3531 2175 πρὸς
3558 2099 3661 2169 τήν
3693 2095 3783 2155 διὰ

2120 2186 2215 2242 τοῦ
2244 2188 2341 2241 νοῦ
2372 2183 2563 2255 νόησιν
2593 2179 2901 2259 ὁδηγεῖται.

2194 2480 2316 2535 157.
2349 2478 2410 2532 Τί
2443 2474 2535 2532 οὖν
2569 2475 2679 2532 ἔστι
2721 2477 2785 2531 τὸ
2842 2474 3177 2551 λεγόμενον;
3210 2476 3335 2534 ’Ότι
3383 2475 3520 2549 μιθη
3553 2477 3785 2548 ἀθεότη-

2118 2565 2212 2631 τός
2240 2565 2380 2621 ἐστιν
2433 2565 2607 2642 ἀρχὴ,
2665 2560 2943 2627 σκότωσιςι
2972 2563 3105 2621 οὖσα
3151 2570 3250 2620 ἰοὖ
3301 2563 3676 2640 διανοητικοῦ,
3709 2565 3780 2621 δι’

2122 2657 2185 2712 οὗ
2220 2655 2458 2729 μάλιστα
2488 2657 2518 2711 6
2566 2656 2697 2718 Θεὸς
2746 2655 3199 2731 ἐπιγινώσκεσθαι
3248 2654 3502 2733 πέφυκεν·
3547 2655 3679 2732 ἔργα
3719 2653 3778 2712 δὲ

2123 2750 2349 2822 χειρῶν,
2382 2746 2473 2801 καὶ
2503 2748 2538 2815 ἡ
2584 2743 3018 2818 προσδοκωμένη
3070 2742 3366 2813 ἀντίδοσις,
3397 2744 3461 2800 τὸ
3504 2749 3612 2821 πῦρ
3643 2746 3783 2802 ἐκεῖ·

2122 2856 2204 2904 νο,
2233 2835 2321 2890 καὶ
2351 2837 2387 2904 ἡ
2420 2833 2473 2890 ἐν
2513 2829 2645 2905 ᾅδου
2693 2833 2945 2904 κόλασις,
2977 2831 3201 2908 γλῶσσα
3249 2834 3550 2915 κατάξηρος
3584 2840 3784 2909 μικρᾶς

2125 2919 2344 2999 ῥανίδος
2392 2922 2734 2997 παραμυθίαν
2798 2922 3162 2995 ἐπιθυμοῦσα,
3224 2921 3360 3000 φλὸξ
3419 2922 3781 2998 πανταχόθεν,

2125 3009 2252 3067 οὐδὲ
2295 3011 2453 3087 ἀέρος
2502 3012 2774 3081 ἀναπνοὴν
2832 3010 3133 3087 ἀναψύχειν
3185 3013 3278 3067 τὸν
3320 3010 3574 3067 καύσωνα
3606 3012 3699 3069 τὸν
3728 3012 3783 3069 ἔν

2128 3106 2246 3166 τοῖς
2274 3099 2617 3178 σπλάγχνοις
2668 3101 2829 3157 ἐῶσα.
2861 3102 3006 3159 Ἀνθ’
3057 3102 3132 3156 ὧν
3180 3099 3415 3172 αὐληταὶ
3444 3104 3579 3176 (37),
3612 3102 3641 3156 6
3669 3123 3787 3158 στε-

2123 3191 2356 3267 ναγμός·
2390 3192 2508 3247 ἀντὶ
2540 3199 2639 3262 τῆς
2690 3192 2936 3268 ἀμίτρου
2989 3191 3180 3264 μὲθης,
3214 3190 3476 3265 ἐπιθυμία
3507 3191 3787 3266 σταγόνος,

2127 3286 2221 3345 τῦς
2250 3280 2446 3357 σαρκὸς
2493 3286 2602 3336 τῶν
2654 3280 2962 3355 μεθυόντων
3010 3279 3563 3357 ἀποτηγανιζομὲνης
3615 3280 3668 3337 ἐν
3714 3286 3786 3356 τῇ

2128 3370 2366 3443 καμίνῳ·
2401 3370 2516 3425 ἀντὶ
2565 3375 2675 3425 τῶν
2732 3368 2975 3446 ἀσελγῶν
3024 3369 3332 3443 θεαμάτων,
3390 3370 3453 3425 τὸ
3507 3370 3700 3435 σκότος
3725 3371 3790 3426 τὸ

2135 3458 2292 3535 βαθύα
2327 3458 2443 3514 ἀντὶ
2472 3466 2573 3529 τῆς
2606 3456 2914 3533 ἀκοιμήτου
2943 3458 3255 3531 ἐπιθυμίας,
3280 3460 3308 3514 6
3339 3458 3643 3532 ἀκοίμητος

2133 3548 2376 3620 σκώληξ.
2408 3549 2476 3605 O't
2510 3547 2601 3604 οὖν
2636 3548 2688 3604 ἐν
2718 3551 2787 3623 τῇ
2824 3548 2962 3623 μέθῃ
3004 3548 3098 3604 τὸν
3146 3551 3272 3603 νοῦν
3322 3547 3523 3604 ἑαυτῶν
3550 3543 3787 3605 καταϐυ-

2133 3638 2393 3707 θίσαντες,
2443 3643 2723 3694 κατανοεῖν
2773 3642 2941 3694 ταῦτα
2986 3636 3054 3693 τὰ
3096 3635 3225 3713 ἔργα
3260 3642 3368 3694 τῶν
3417 3642 3623 3715 χειρῶν
3654 3636 3786 3694 ἀδυ-

2132 3731 2379 3783 νατοῦσι·
2431 3729 2519 3783 καὶ
2574 3726 2661 3783 διὰ
2717 3728 2780 3783 τὸ
2815 3728 2892 3802 μὴ
2951 3721 3283 3802 προῦλὲπειν
3330 3727 3400 3784 τὰ
3454 3725 3789 3801 άναμὲνοντα

2135 3815 2352 3889 αὐτοὺς,
2385 3816 2610 3880 εἰκότως
2643 3818 2716 3880 ὡς
2742 3814 2854 3888 ἤδη
2903 3814 2957 3873 ἐν
3006 3816 3190 3880 αὐτοῖς
3241 3812 3402 3881 ὄντας
3440 3822 3559 3879 τοῖς
3590 3814 3792 3881 δεινοῖς

2136 3905 2352 3983 ὁλόγος
2397 3905 2667 3983 ὀδύρεται.
2726 3908 3100 3964 Ἀκουὲτωσαν
3159 3907 3364 3965 τούτων
3415 3908 3466 3964 οἱ
3515 3908 3633 3964 ἀντὶ
3679 3912 3789 3964 τῶν

2136 3995 2483 4073 Εὖαγγελίων
2514 3998 2609 4060 τὰς
2639 3998 2864 4072 κιθάρας
2912 3997 3006 4053 καὶ
3050 3999 3146 4061 τὰς
3196 3995 3363 4074 λὺρας
3412 3997 3501 4054 ἰπὶ
3548 3999 3656 4054 τῶν
3704 3995 3790 4053 οἵ·

2135 4106 2245 4142 κων
2275 4088 2385 4161 (39)
2416 4084 2800 4164 φυλάσσοντες.
2833 4085 2916 4142 ὅτι
2949 4087 3025 4150 ὡς
3054 4084 3165 4158 ἤδη
3198 4083 3562 4149 ἀπολωλότας
3592 4087 3622 4143 6
3651 4106 3787 4164 προ-

2137 4178 2315 4253 φήτης
2364 4173 2733 4245 ἀνακαλεῖται,
2781 4175 2841 4232 ἐκ
2880 4182 2984 4247 τῆς
3026 4177 3145 4232 κατ’
3187 4176 3398 4254 ἀγάπην
3451 4174 3791 4251 συμπαθείας

2139 4267 2352 4343 θρηνῶν
2384 4265 2561 4322 αὐτῶν
2591 4266 2693 4336 τὴν
2723 4262 3023 4321 ἀπώλειαν.

366 4351 566 4425 sijam
590 4351 930 4430 .periissent,
965 4355 1195 4409 revocat
1222 4351 1534 4426 propheta,
1579 4358 1757 4427 atque
1787 4370 1892 4428 per
1939 4355 2513 4415 commiserationem
2562 4374 2632 4414 ex
2661 4356 2948 4414 charitate
2994 4361 3182 4414 ortam
3218 4356 3462 4414 exitium
3493 4373 3694 4415 eorum
3729 4359 3825 4413 ac

369 4449 605 4507 ruinam
631 4449 824 4507 deﬂet.

443 4557 565 4614 153.
622 4559 724 4627 Vw,
776 4558 988 4629 inquit,
1044 4560 1115 4613 iis
1164 4560 1263 4630 qui
1310 4574 1437 4617 cum
1485 4560 1733 4633 cithara,
1766 4566 1817 4617 et
1848 4562 2014 4632 tibiis,

2210 4564 2331 4618 158.
2383 4562 2541 4631 Οὐαὶ,
2605 4561 2792 4637 φησὶν,
2853 4562 2905 4616 οἱ
2969 4561 3102 4634 μετά
3153 4560 3398 4634 κιθάρας,
3439 4559 3530 4615 καὶ
3580 4559 3789 4628 αὐλῶν,

367 4651 422 4703 et
451 4647 752 4719 tympanis,
784 4652 835 4704 et
863 4649 1118 4716 psalmis,
1153 4650 1346 4704 vinum
1376 4650 1590 4706 bibunt.
1626 4651 1774 4723 Lyra
1831 4656 2028 4707 autem

368 4753 513 4794 auro
543 4740 604 4791 et
630 4736 803 4792 ebore
833 4741 1110 4793 exornata
1131 4736 1189 4791 in
1220 4736 1341 4793 alta
1369 4737 1646 4810 quapiam
1667 4756 1768 4795 ara
1799 4739 1882 4795 uti
1914 4743 2031 4796 sta-

370 4829 473 4885 tua
501 4831 768 4899 quaedam
799 4844 865 4883 ac
897 4828 1232 4884 daemonum
1280 4828 1503 4885 idolum
1537 4846 1572 4884 a
1610 4834 1668 4886 te
1701 4831 2025 4903 reponitur.

368 4917 557 4990 Atque
586 4917 804 4974 misera
836 4916 1034 4989 aliqua
1062 4916 1275 4973 mulier
1302 4934 1436 4974 cum
1470 4919 1697 4976 discere
1728 4919 2032 4977 debuisset

372 5022 585 5064 manus
614 5007 687 5064 ad
720 5006 916 5063 fusum
954 5007 1290 5070 admovere;
1319 5024 1416 5065 eas
1445 5024 1559 5080 prae
1590 5008 1893 5066 servitutis
1924 5025 2027 5066 ne-

2139 4649 2229 4705 καὶ
2286 4652 2604 4725 τυμπάνων,
2680 4651 2767 4706 καὶ
2840 4648 3100 4726 ψαλμῶν,
3157 4650 3248 4705 τὸν
3308 4652 3456 4704 οἷνον
3527 4651 3795 4712 πίνοντες.

2142 4741 2239 4795 Σοὶ
2268 4738 2325 4795 δὲ
2356 4738 2548 4816 χρυσῷ
2579 4741 2666 4796 καὶ
2717 4740 2971 4818 ἐλέφαντι
3012 4737 3414 4812 πεποικιλμίνη
3445 4740 3481 4809 ἡ
3523 4736 3682 4813 λύρα,
3715 4738 3798 4817 ἐφ’

2142 4826 2359 4903 ὑψηλοῦ
2414 4850 2561 4893 τινος
2614 4830 2808 4905 βωμοῦ
2866 4827 3049 4905 ὥσπερ
3094 4849 3145 4884 τι
3207 4825 3430 4903 ἄγαλμα
3483 4828 3575 4883 καὶ
3635 4825 3797 4883 εἴδω-

2140 4917 2237 4974 λον
2268 4916 2542 4992 δαιμόνων
2594 4919 2888 4975 ἀνάκειταιο
2921 4919 3011 4974 καὶ
3042 4920 3178 4994 γυνή
3223 4939 3306 4980 τις
3334 4916 3516 4988 ἀθλία,
3549 4915 3669 4973 ἀῦτί
3696 4921 3798 4973 τοῦ

2137 5008 2233 5072 τὰς
2277 5014 2471 5085 χεῖρας
2529 5005 2748 5086 ἐρείδειν
2813 5007 2951 5085 πρὸς
3003 5005 3265 5084 ἄτρακτον
3325 5004 3675 5083 διδαχθῆναι,
3708 5004 3801 5063 διὰ

442 5202 487 5238 7’
516 5200 685 5259 Rom.
710 5220 751 5275 ι,
781 5204 873 5259 20.
949 5204 995 5239 ⁸ο
1024 5201 1231 5260 Matth.
1263 5220 1393 5273 xxv,
1427 5204 1515 5260 41.
1592 5205 1634 5241 ⁹¹
1667 5205 1806 5262 Luc.
1841 5223 1954 5279 xvr,
1984 5206 2014 5262 2

2154 5207 2201 5245 ⁸²
2233 5207 2410 5264 Marc.
2445 5225 2525 5278 Ix,
2554 5208 2643 5264 43.

443 5401 552 5475 (36)
582 5404 736 5459 Editi
783 5409 841 5460 et
886 5409 1008 5463 tres
1052 5422 1194 5475 mss.
1247 5401 1500 5471 συνῳδίοιι
1562 5408 1635 5463 At
1690 5407 2023 5465 Combeﬁsii

373 5473 553 5530 codex
586 5478 890 5544 recentior,
919 5473 1200 5547 συνῳδίαι.

443 5548 557 5619 (737)
590 5553 649 5603 In
682 5548 821 5617 illis,
871 5549 979 5602 ἀνθ’
1034 5545 1109 5603 ὧν
1160 5545 1415 5619 αὐληταί,
1446 5554 1583 5615 eto.,
1617 5555 1719 5619 aut
1749 5549 1875 5604 vitii
1917 5549 2020 5606 ali-

372 5618 513 5747 quid
542 5618 721 5687 inest,
752 5626 873 5705 aut,
905 5621 1006 5692 qui
1038 5638 1166 5707 mos
1197 5618 1295 5678 est
1314 5621 1647 5708 scriptoris:
1663 5618 2023 5684 ἐλλειπτικῶς

414 5690 532 5747 icta
561 5697 724 5747 sunt.
753 5693 1013 5747 Aliorum
1044 5698 1153 5747 erit
1182 5710 1250 5747 ea
1278 5696 1348 5747 de
1378 5712 1439 5747 re
1468 5695 1777 5747 lndlclum.

439 5694 532 5748 cta
561 5697 724 5750 sunt.
753 5693 1013 5751 Aliorum
1044 5694 1153 5751 erit
1182 5710 1250 5751 ea
1278 5696 1348 5751 de
1378 5693 1777 5766 re‘judicium.

2207 5410 2320 5481 (38)
2351 5411 2545 5467 Nostri
2577 5427 2677 5467 sex
2717 5426 2886 5479 mss.,
2919 5411 2947 5463 ὁ
3015 5406 3339 5481 ἀκοίμητος.
3400 5409 3573 5475 Editi,
3606 5409 3634 5463 6
3664 5406 3795 5471 ἀθά-

2132 5501 2319 5623 W335
2350 5553 2525 5619 Editi,
2560 5551 2771 5608 οῗκιῶν.
2822 5555 2895 5608 At
2945 5551 3210 5624 quinque
3262 5569 3431 5619 mss.,
3472 5549 3637 5607 οἴκων
3668 5557 3793 5609 Sta-

2132 5624 2452 5701 tim_iidem_
2489 5625 2573 5701 illi
2623 5625 2887 5697 quinque
2936 5640 3107 5696 mss.,
3151 5624 3268 5679 κατ’
3326 5624 3564 5701 ἀγάπην.
3619 5624 3794 5692 Editi,

2131 5694 2266 5751 κατά
2288 5696 2389 5766 τὴν
2428 5694 2665 5774 ἀγάπηνξ
