4138 6392
385 383 500 446 3¹Π

1257 381 1662 443 GOMMENT.
1709 383 1786 440 1N
1833 381 2104 442 lSAIAM
2152 381 2655 444 PBOPHETAM.
2703 380 2872 443 CAP.
2917 379 2990 440 V.

3691 379 3810 440 378

386 515 485 582 τὴν
520 512 579 568 έκ
605 515 708 578 τῆς
754 510 1001 576 δουλείας
1048 511 1284 588 ἀνάγκην
1320 511 1406 569 ἐπὶ
1439 511 1607 587 λύραν
1640 511 1890 568 ἐκτείνειν
1925 515 2036 588 (40)

2165 516 2424 572 aessitate
2454 515 2523 571 ad
2559 515 2742 587 lyram
2796 515 3102 571 admovere
3134 531 3169 570 a
3213 517 3270 570 te
3299 515 3505 570 edocto.
3545 516 3672 570 est:
3706 512 3810 585 qui

390 601 652 678 ἐδιδάχθη
705 602 853 679 παρᾶ
900 608 1017 674 σοῦ,
1081 600 1210 666 ξ’σως
1269 603 1359 658 καὶ
1417 604 1639 677 μισθοὺς
1697 601 2042 672 τελέσαντος,

388 695 534 769 τάχα
561 691 653 748 καὶ
686 697 1002 768 προαγωγῷ
1051 713 1157 747 τινι
1209 693 1420 766 γυναικὶ
1452 689 1806 768 παραδόντος,
1841 691 1875 761 ἢ
1913 693 2047 764 μετὰ

387 784 450 838 τὸ
493 786 666 836 πᾶσαν
713 781 996 856 ἀσέλγειαν
1043 779 1094 835 ἐν
1146 786 1225 854 τῷ
1277 778 1400 853 ἰδίῳ
1452 781 1664 852 σώματι
1709 781 2042 850 ἀπαθλῆσαι,

389 877 508 933 ταῖς
538 873 686 933 νέαις
737 869 1076 945 προκάθηται
1121 875 1231 925 τῶν
1263 869 1470 942 ὁμοίων
1507 867 1854 932 διδάσκαλος.
1888 871 2044 945 Ὑπὲρ

390 962 458 1031 ἧς
503 981 586 1015 σοι
645 959 696 1014 ἐν
748 964 815 1034 τῇ
865 958 1047 1035 ἡμέρᾳ
1094 966 1193 1029 τῆς
1241 959 1468 1036 κρίσεως
1510 957 1735 1014 διπλοῦν
1780 960 1842 1014 τὸ
1888 961 2048 1015 κοκὸν

392 1052 775 1120 ἀπαντήσεται,
839 1051 912 1104 ὧν
989 1069 1048 1104 τε
1126 1049 1286 1111 αὐτὸς
1360 1047 1702 1124 ἀσελγαίνεις
1735 1093 1748 1120 ,
1806 1049 1896 1104 καὶ
1974 1046 2045 1103 ὦν

401 1138 587 1196 ἀθλίαν
616 1138 804 1214 ψυχὴν
825 1135 915 1192 διὰ
939 1142 1194 1214 πονηρῶν
1219 1136 1566 1214 διδαγμάτων
1592 1139 1700 1208 ἀπη
1714 1137 2050 1214 λλοτρίωσας

400 1234 492 1286 τοῦ
529 1233 687 1285 Θεοῦ.
740 1227 874 1284 Εἶτα
917 1227 1240 1302 παρίσταται
1299 1231 1368 1302 τῇ
1419 1226 1560 1304 λύρᾳ
1615 1228 1705 1282 καὶ
1761 1224 2049 1283 ἐπιϐάλλει

396 1324 510 1380 τοῖς
564 1317 829 1396 φθόγγοις
872 1318 968 1380 τὰς
1017 1323 1228 1393 χεῖρας·
1274 1317 1478 1394 γυμνὸς
1515 1319 1542 1371 6
1580 1323 1784 1393 πῆχυς,
1837 1315 2048 1380 ἀναιδὲς

391 1408 453 1464 τὸ
485 1407 802 1483 πρόσωπον.
857 1409 989 1462 Εἶτα
1035 1407 1394 1482 έπέστραπται
1444 1407 1506 1462 τὸ
1557 1406 1856 1480 συμπόσιον
1892 1409 2049 1476 ἅπαν,

392 1497 483 1552 καὶ
517 1498 569 1552 οἱ
603 1495 879 1574 ὀφθαλμοὶ
929 1497 1144 1551 πάντων
1186 1499 1301 1570 (41)
1349 1493 1460 1550 ἐκεῖ
1509 1496 1782 1572 φέρονται,
1813 1497 1903 1551 καὶ
1939 1495 2053 1550 ὦτα

397 1587 686 1657 ὑποσιωπᾷ
727 1590 847 1647 τοῖς
902 1585 1197 1662 κρούμασι,
1247 1586 1336 1640 καὶ
1394 1584 1815 1641 καταστέλλεται
1868 1586 1959 1658 μὲν
2023 1587 2050 1640 ὁ

399 1671 628 1752 θόρυϐος
659 1674 769 1730 ἐκεῖ
798 1677 1210 1750 κατασιγάζεται
1244 1672 1300 1730 δὲ
1331 1675 1359 1728 6
1391 1673 1592 1749 γέλως,
1625 1676 1714 1731 καὶ
1753 1681 1860 1731 τῶν
1891 1676 2051 1731 ἀσελ-

395 1770 506 1841 γῶν
570 1764 829 1841 ῥημάτων
878 1768 912 1835 ἡ
969 1763 1203 1838 ἅμιλλα.
1251 1766 1691 1843 Ἐφησυχάζουσι
1738 1769 1845 1840 (42)
1903 1763 1960 1820 δὲ
2000 1767 2052 1820 οὶ

392 1855 529 1908 κατὰ
559 1853 652 1908 τὸν
704 1853 852 1908 οἶκον
905 1853 1131 1914 ἅπαντες
1174 1855 1243 1926 τῇ
1289 1849 1576 1925 ἀκολάστῳ
1612 1850 1858 1926 μέλῳδιᾳ
1885 1873 2052 1908 κατα·
2084 1880 2132 1944 Β

391 1941 759 2014 κηλούμενοι,
793 1941 906 2017 οὐχ
950 1941 1214 2018 ἡσυχάζει
1249 1939 1306 1996 δὲ
1337 1939 1390 1996 ἐν
1421 1940 1490 2015 τῇ
1520 1945 1615 1995 τοῦ
1647 1947 1781 1996 Θεοῦ
1814 1940 2048 2013 Ἐκκλη-

391 2031 500 2104 σίᾳ,
555 2028 680 2086 οὕτε
735 2031 1021 2101 ὑποσιωπᾷ
1071 2035 1191 2093 ταῖς
1240 2034 1337 2085 τοῦ
1387 2027 1724 2106 Εὐαγγελίου
1765 2036 1988 2106 φωναῖς,
2024 2033 2052 2086 6

395 2121 509 2177 ἐκεῖ
551 2124 796 2176 σιωπῶν.
853 2117 1121 2181 Εἰκότως.
1176 2121 1234 2177 Ὁ
1283 2117 1384 2194 γὰρ
1431 2117 1544 2174 ἐκεῖ
1590 2121 1802 2188 σιωπὴν
1836 2120 2053 2176 ἐπιτάσ-

401 2231 506 2265 σων
550 2209 772 2285 ἐχθρὸς,
825 2207 981 2272 οὗτος
1033 2209 1258 2264 ἐνταῦθα
1299 2209 1389 2263 τὸν
1442 2204 1671 2286 θόρυϐον
1726 2205 2050 2269 ὑποϐάλλει.

398 2298 666 2356 Ἐλεεινὸν
699 2297 874 2372 θέαμα
925 2299 1195 2375 σώφροσιν
1243 2296 1577 2374 ὀφθαλμοῖς,
1623 2300 1699 2372 μὴ
1749 2301 2052 2376 ἱστουργεῖν

398 2394 646 2465 γυναῖκα,
671 2386 1117 2465 ἆλλὰνλυρῳδεῖν
1143 2390 1275 2462 (43)·
1306 2389 1381 2462 μὴ
1413 2387 1513 2443 ὑπὸ
1538 2385 1677 2444 ἷδίου
1704 2391 2055 2465 γνωρίζεσθαι

401 2477 618 2554 ἀνδρὸς,
650 2476 777 2534 ἀλλ’
813 2479 917 2534 61:6
951 2477 1138 2533 ἄλλων
1168 2471 1904 2551 ἀποϐλέπεσθαιοπάνδημον
1942 2480 2055 2554 (44)

401 2570 555 2623 εἶναι·
595 2569 670 2641 μὴ
704 2566 922 2640 ψαλμὸν
956 2563 1100 2637 ᾅδειν
1147 2564 1596 2641 ἐξομολογήσεως
1627 2613 1641 2638 ,
1668 2564 1815 2622 ἀλλά
1843 2564 2056 2640 ᾅσματα

399 2656 624 2732 πόρνης·
691 2657 765 2729 μή
827 2656 956 2710 Θεὸν
1013 2653 1296 2723 ἱκετεύειν,
1358 2653 1485 2710 ἀλλ’
1543 2653 1630 2710 ἐπὶ
1685 2657 1786 2724 τήν
1840 2655 2052 2731 γέενναν

399 2745 718 2822 ἐπείγεσθαι’
759 2745 834 2817 μὴ
887 2744 963 2805 εἰς
1018 2743 1343 2814 Ἐκκλησίαν
1379 2749 1512 2799 Θεοῦ
1566 2747 1678 2818 (45)
1710 2743 2052 2816 σπουδάζειν,

402 2831 549 2889 ἀλλὰ
614 2829 995 2889 συνεκϐάλλειν
1070 2833 1232 2908 ἱαυτῇ
1280 2833 1371 2888 καὶ
1417 2834 1652 2907 ἑτέρους.
1705 2835 1910 2910 Ἐχθρά
1963 2836 2057 2908 μὲν

400 2923 568 2998 ταύτῃ
603 2921 739 2999 ἔρια·
775 2924 1023 2996 στήμονα
1055 2920 1114 2977 δὶ
1160 2924 1435 2998 κατάγειν,
1466 2923 1501 2992 ἢ
1535 2925 1738 2997 κρόκην
1789 2923 2054 3002 στρέφειν,

402 3009 525 3067 οὔτε
557 3010 721 3081 οἶδεν,
752 3009 901 3067 οὕτεε
933 3010 1099 3076 θέλει.
1135 3011 1404 3075 Μέούουσι
1457 3009 1514 3066 δὲ
1545 3017 1796 3077 συνοῦσα,
1826 3013 1893 3067 τὰ
1923 3013 2056 3068 ἐκεί-

397 3120 502 3154 νων
551 3097 880 3171 ἐπιτηδεύει.
931 3101 1149 3161 Ὄυτως
1206 3101 1353 3154 ἱστὸν
1410 3099 1655 3176 ἀράχνης
1719 3100 2054 3178 ὑφαίνουσιν,

404 3190 520 3242 οἷον
573 3188 622 3242 ἐν
678 3187 912 3260 στήμοσί
959 3209 1068 3241 τισι
1111 3193 1230 3249 ταῖς
1267 3187 1640 3259 έντεταμέναις
1695 3195 1910 3262 νευραῖς
1962 3191 2056 3252 τὰς

403 3281 593 3350 χεῖρας
646 3278 847 3330 ἑαυτῶν
894 3271 1293 3331 ἐπιϐάλλουσαι
1325 3320 1340 3346 ,
1382 3276 1558 3331 πυκνᾶ
1615 3274 1670 3332 δὲ
1721 3279 1782 3332 τὸ
1838 3279 2056 3353 κέντρον
2091 3247 2134 3313 C

406 3365 520 3418 οἷον
575 3362 801 3438 κερκίδα
859 3362 965 3419 ὧδε
1039 3365 1128 3420 καὶ
1189 3362 1296 3420 ὧδε
1357 3365 1785 3439 μετακομίσασαι
1823 3413 1836 3435 ,
1891 3367 2060 3443 πέρας

398 3452 555 3507 οὐδὲν
602 3456 702 3521 τῆς
748 3452 1012 3528 ἐνεργείας
1065 3451 1484 3510 ἐπιδεικνύουσι.
1518 3457 1637 3511 Τῶν
1701 3456 1795 3527 μὶν
1844 3456 1946 3532 γὰρ
1972 3477 2057 3510 τε-

396 3545 546 3616 χνῶν
582 3542 702 3594 ὅσαι
753 3541 888 3596 κατὰ
927 3542 1018 3595 τὸν
1054 3540 1170 3615 βίον
1214 3543 1517 3618 ἀναγκαῖαι,
1550 3542 1639 3596 καὶ
1669 3543 1732 3598 τὸ
1762 3541 1919 3605 τέλος
1958 3543 2056 3621 όφ-

398 3628 633 3703 θαλμοῖς
665 3629 972 3707 ἐγκείμενόν
1008 3632 1123 3703 (46)
1167 3629 1330 3704 ἔστιν,
1367 3634 1479 3686 οἷον
1520 3635 1834 3696 τεκτονικῆς
1861 3633 1923 3687 τὸ
1959 3632 2054 3708 βά-

397 3721 547 3796 Θρον,
584 3717 945 3794 οἰκοδομικῆς
979 3719 1148 3789 οἰκία,
1171 3728 1512 3797 ναυπηγικῆς
1540 3723 1601 3777 τὸ
1633 3718 1854 3791 πλοῖον,
1889 3722 2052 3799 ὑφαν-

397 3816 556 3880 τικῆς
603 3810 666 3864 τὸ
723 3808 961 3882 ἱμάτιον,
1015 3808 1382 3886 χαλκευτικῆς
1437 3813 1472 3880 ἡ
1537 3810 1801 3887 μάχαιρα·
1852 3815 1959 3866 τῶν
1999 3809 2056 3867 δὲ

399 3903 834 3973 ματαιοτεχνιῶν
870 3902 1004 3973 (47),
1041 3899 1153 3953 οἷον
1188 3900 1587 3976 κιθαριστικῆς,
1619 3901 1654 3969 ὖ)
1690 3899 2052 3976 ὀρχηστικῆς,

393 3987 429 4058 ἢ
485 3989 818 4059 αὐλητικῆς,
875 3987 910 4058 ἢ
970 3986 1158 4044 ἄλλων
1208 3990 1496 4062 τοιούτων,
1549 3991 1903 4064 παυσαμένης
1953 3993 2052 4057 τῆς

394 4077 683 4155 ἐνεργείας,
744 4076 806 4133 τὸ
867 4075 1023 4152 ἔργον
1080 4081 1192 4152 (48)
1248 4078 1676 4155 συναφανίζεται·
1721 4079 1810 4135 καὶ
1865 4075 2050 4153 ὅντως,

466 4287 580 4370 (40)
609 4287 702 4370 Sic
734 4292 854 4361 Reg
927 4291 1196 4370 quartus.
1219 4289 1424 4370 __I_l_lud,
1455 4289 1553 4370 Eni
1576 4287 1745 4370 λύραν
1779 4287 2052 4370 ἐκτείνειν,

395 4364 454 4417 et
483 4360 541 4414 in
581 4360 711 4416 aliis
771 4360 914 4418 mss.
946 4365 1003 4416 et
1057 4361 1116 4416 in
1168 4361 1341 4419 editis
1392 4360 1779 4420 desideratur.
1828 4363 1942 4421 Nec
1975 4363 2056 4418 ita

395 4431 580 4487 multo
612 4435 744 4509 post
773 4450 873 4509 se};
904 4449 1071 4498 mss.,
1120 4438 1558 4509 προαγωγῶτινι
1607 4433 2052 4509 γυναικίηιΕάἰίί,

393 4502 710 4605 προαγρῖγῴ
765 4502 965 4574 ταύτην
1023 4502 1543 4579 γυναικί.”1ὃῖἀθω
1601 4502 1776 4579 editi,
1835 4504 1871 4575 ἤ
1908 4549 1920 4562 .
1980 4509 2054 4562 At

395 4593 537 4632 mss.
571 4593 630 4644 τι.

461 4617 694 4722 (ἷίίξὶο
725 4651 973 4721 uterque
1003 4648 1163 4704 Colb.
1196 4652 1253 4704 et
1283 4650 1418 4722 Reg.
1448 4651 1766 4706 secundus.
1798 4651 1909 4706 Alii
1933 4655 2050 4708 tres
2081 4617 2129 4682 D

398 4738 565 4785 11188.,
597 4720 814 4781 πάντες.

461 4793 575 4868 (42)
606 4796 844 4868 Veteres
875 4792 990 4847 duo
1020 4789 1178 4858 libri,
1209 4791 1639 4868 ἑφησυχάζουσι.
1672 4793 1887 4850 Nostra
1924 4793 2050 4850 edi-

396 4863 511 4940 tio,_
528 4862 935 4940 ρφησυχάζουι.

465 4931 965 5022 (43Σο015ὸῐιὶἰιιιιε
989 4934 1219 5007 primus
1245 4937 1520 4994 secundis
1541 4936 1722 5008 euris,
1747 4931 1894 4990 ἀλλὰ
1925 4933 2052 5010 λυρ-

397 5025 613 5063 ουογειν
626 5051 637 5063 .

461 5027 736 5151 girl-lla,
770 5077 873 5132 ὑπὸ
905 5075 1090 5132 ἄλλων
1123 5072 1530 5143 ἀποϐλέπεσθαι
1579 5077 1888 5152 πάνδημον,
1913 5083 2050 5147 ete.,

401 5149 484 5233 sic
515 5149 764 5236 verterat
795 5153 1082 5236 interpres
1111 5156 1314 5208 vetus:
1349 5153 1458 5236 S_ea_t
1487 5153 1554 5236 at}
1593 5154 1723 5236 aliis
1748 5149 2054 5236 publicam

401 5223 706 5294 inspectari
735 5223 1097 5292 meretricem,
1127 5225 1563 5297 non_modulari,
1598 5230 1730 5294 etc.,
1764 5223 1944 5297 quam
1969 5226 2053 5280 in-

398 5298 756 5370 terpretandi
791 5297 1076 5370 rationem
1097 5295 1287 5352 verbis
1315 5297 1657 5370 asperrimis
1682 5295 2056 5370 reprehendit

399 5367 806 5441 Combeﬁsius.
842 5368 1041 5438 Neque
1076 5372 1289 5441 tamen
1323 5367 1455 5440 apte
1508 5367 1894 5441 videtur'ipse
1923 5387 2053 5427 ver-

397 5439 565 5508 tisse,
601 5458 734 5497 cum
769 5440 849 5495 ita
877 5439 1152 5512 scripsit:
1198 5439 1430 5498 Publice
1472 5447 1740 5498 conventu
1784 5439 1896 5499 non
1924 5459 2052 5498 can-

397 5515 653 5586 lessionis
674 5513 949 5586 psalmum
983 5513 1290 5586 decumam,
1322 5515 1418 5586 sed
1464 5515 1769 5570 cantilenas
1798 5515 2055 5571 meretri-

399 5584 534 5659 ciae.
569 5584 717 5659 Nam
746 5601 815 5639 ex
843 5599 928 5659 eo,
966 5585 1016 5639 si
1044 5585 1282 5659 viveret,
1330 5585 1518 5659 libens
1561 5603 1880 5658 quaererem
1914 5587 2054 5659 quid

403 5655 520 5711 sibi
554 5657 690 5713 velit
716 5673 847 5732 vox,
881 5653 1035 5732 εἶναι’
1069 5657 1140 5711 ad
1165 5653 1351 5732 quam
1405 5653 1598 5732 virum
1631 5653 2056 5732 peritissimum

404 5674 520 5711 8101
554 5674 690 5713 νθιιι
716 5674 824 5712 VOX
881 5674 1035 5707 ειναι·
1069 5674 1140 5711 αα
1165 5674 1351 5782 διιεω
1405 5675 1598 5714 Virum
1631 5674 2056 5732 permemmum

404 5733 641 5788 constat
660 5746 776 5788 non
799 5726 1140 5788 attendisse.
1216 5729 1379 5787 ident
1407 5730 1561 5788 enim
1593 5747 1797 5789 omnes
1818 5747 1954 5788 eum
1974 5731 2060 5788 in-

2155 605 2403 661 fortasse
2433 609 2490 660 et
2531 607 2858 661 mercedem
2916 603 3271 676 persolvisti,
3334 602 3434 674 qui
3479 603 3724 658 fortasse
3755 607 3813 658 et

2155 695 2343 767 ipsam
2377 694 2631 767 cuipiam
2661 693 2888 750 mulieri
2920 693 3061 749 lenas
3084 693 3378 748 tradidisti
3405 711 3416 748 :
3441 710 3565 763 quae
3589 697 3813 764 postea-

2158 800 2335 854 quam
2369 783 2427 837 in
2463 784 2696 856 preprio
2755 800 2994 855 corpore
3052 783 3200 838 491
3235 781 3541 836 libidinem
3574 797 3810 838 omnem

2155 872 2425 944 explevit,
2461 872 2730 944 praesidet
2775 871 3120 926 mulieribus
3171 870 3534 943 junioribus,
3567 887 3808 942 operum

2158 961 2444 1017 similium
2481 962 2782 1034 magistra.
2816 959 3078 1016 Mulieris
3101 960 3278 1031 hujus
3308 960 3494 1031 gratia
3523 959 3582 1014 in
3614 959 3812 1030 dieju-

2160 1051 2294 1106 dicii
2326 1051 2622 1124 duplicem
2656 1052 2902 1106 daturus
2933 1066 2994 1106 es
3042 1067 3307 1122 poenam:
3342 1056 3468 1104 tum
3501 1049 3659 1122 quod
3689 1049 3816 1120 ipse

2161 1140 2417 1196 lascivus
2447 1158 2531 1208 es,
2557 1146 2681 1196 tum
2705 1141 2858 1212 quod
2894 1157 2997 1213 per
3019 1140 3284 1212 improba
3314 1140 3667 1195 documenta
3687 1139 3812 1194 ani-

2161 1247 2318 1286 mam
2352 1230 2644 1286 infelicem
2670 1248 2703 1284 a
2729 1231 2845 1286 Deo
2877 1228 3243 1286 abalienasti.
3267 1229 3486 1284 Deinde
3507 1232 3660 1284 astat
3680 1245 3814 1284 cum

2160 1318 2305 1393 lyra,
2345 1320 2731 1390 admovetque
2763 1335 2975 1374 manus
3009 1319 3079 1373 ad
3126 1334 3301 1374 sonos
3345 1317 3814 1389 depromendos;

2161 1410 2358 1465 nudus
2390 1400 2631 1481 apparet
2661 1408 2918 1474 cubitus,
2949 1408 3144 1464 vultus
3185 1407 3496 1478 impudens
3525 1406 3816 1478 conspici-

2160 1503 2276 1554 tur.
2311 1500 2462 1554 Tum
2494 1498 2854 1554 convertitur
2885 1497 3213 1553 convivium
3246 1513 3455 1565 omne;
3491 1496 3820 1566 conjiciun-

2161 1593 2260 1644 tur
2286 1587 2428 1644 illuc
2460 1587 2725 1644 omnium
2759 1587 2951 1655 oculi;
2987 1603 3159 1643 aures
3205 1586 3394 1642 tacitae
3426 1602 3568 1641 sono
3600 1584 3821 1657 pulsati

2161 1676 2540 1732 instrumenti
2603 1677 2957 1747 praebentur.
3020 1680 3206 1748 Atque
3247 1681 3311 1731 ut
3364 1674 3484 1730 illic
3514 1675 3822 1731 cohibetur

2161 1766 2476 1837 tumultus,
2508 1767 2591 1822 ita
2622 1783 2856 1838 quoque
2877 1765 3021 1822 risui
3045 1783 3111 1821 ac
3133 1767 3438 1821 verborum
3470 1765 3817 1820 lascivorum

2163 1855 2469 1912 certamini
2490 1855 3156 1930 silentiu'minjungitur.
3178 1858 3596 1911 Faventautem
3616 1869 3821 1910 omnes

2163 1949 2219 2000 et
2249 1945 2636 2016 acquiescant
2667 1944 2725 2000 in
2767 1945 2961 2016 domo,
2994 1944 3228 2016 impura
3275 1943 3387 1999 ista
3419 1941 3822 1998 modulatione

2163 2035 2408 2090 inescati
2440 2053 2451 2090 :
2487 2035 2588 2090 sed
2612 2034 2670 2089 in
2706 2032 2962 2090 Ecclesia
2983 2033 3084 2090 Dei
3117 2049 3231 2088 non
3265 2032 3821 2104 conticescit,neque

2164 2141 2361 2179 vocem
2395 2123 2692 2195 Evangelii
2725 2122 2962 2178 silentio
3002 2121 3186 2190 audit,
3224 2120 3322 2194 qui
3371 2120 3490 2176 illic
3518 2119 3671 2176 silet.
3704 2120 3822 2178 Nec

2166 2214 2407 2269 mirum.
2439 2213 2586 2271 Nam
2612 2211 2888 2268 inimicus
2914 2212 3016 2284 qui
3044 2212 3125 2267 ibi
3155 2211 3363 2268 indicit
3392 2208 3823 2278 silentium,ille

2165 2301 2489 2358 tumultum
2526 2306 2585 2358 et
2629 2301 3128 2373 perturbationem
3160 2300 3256 2356 hic
3314 2299 3596 2372 suggerit.
3630 2297 3823 2355 Castis

2167 2391 2353 2449 oculis
2384 2397 2441 2447 et
2469 2391 2704 2463 pudicis
2743 2391 3146 2463 spectaculum
3177 2395 3263 2446 est
3294 2388 3651 2455 miserabile,
3685 2404 3822 2443 mu-

2165 2480 2366 2537 lierem
2400 2484 2641 2536 texturae
2673 2497 2788 2536 non
2823 2495 3060 2552 Operam
3089 2481 3250 2550 dare,
3279 2480 3377 2536 sed
3411 2479 3536 2551 lyra
3566 2493 3774 2534 canere
3803 2493 3817 2533 :

2167 2588 2282 2626 non
2317 2588 2349 2625 a
2380 2570 2614 2642 proprio
2666 2569 2791 2626 viro
2843 2570 3138 2642 cognosci,
3189 2570 3292 2625 sed
3325 2568 3535 2640 respici
3587 2569 3657 2623 ab
3689 2567 3823 2622 aliis

2167 2659 2334 2732 quasi
2368 2665 2523 2714 esset
2557 2658 2766 2714 mulier
2795 2659 3068 2730 publica;
3104 2676 3218 2714 non
3251 2658 3639 2714 confessionis
3671 2655 3825 2729 psal-

2166 2765 2331 2804 mum
2364 2749 2701 2818 decantare,
2744 2749 2842 2804 sed
2894 2747 3220 2803 cantilenas
3268 2746 3672 2815 meretriciae;
3707 2763 3823 2800 non

2167 2844 2280 2894 Deo
2312 2837 2660 2909 supplicare,
2697 2838 2798 2892 sed
2851 2854 3159 2910 properare
3189 2838 3258 2892 ad
3307 2837 3674 2908 gehennam;
3709 2851 3823 2890 non

2168 2928 2240 2983 ad
2275 2926 2590 2982 Ecclesiam
2618 2926 2713 2981 Dei
2738 2927 3003 2982 studiose
3025 2926 3398 2989 contendere,
3424 2926 3524 2980 sed
3551 2940 3748 2980 secum
3772 2928 3828 2979 et

2167 3015 2313 3072 alios
2345 3015 2481 3070 inde
2512 3032 2775 3070 avocare.
2822 3017 2968 3070 Huic
3011 3015 3212 3070 invise
3272 3019 3410 3070 sunt
3451 3014 3620 3079 lanae,
3654 3017 3828 3084 atque

2169 3105 2455 3159 deducere
2505 3109 2758 3171 stamen,
2812 3109 2914 3159 aut
2961 3110 3210 3160 tramam
3272 3104 3608 3174 intorquere
3641 3117 3826 3172 neque

2170 3191 2302 3260 scit,
2336 3208 2526 3263 neque
2555 3192 2698 3246 vult.
2725 3193 2834 3248 Sed
2859 3194 2999 3264 quia
3021 3196 3286 3248 versatur
3307 3209 3436 3247 cum
3463 3189 3820 3259 temulentis,

2169 3297 2373 3338 eorum
2406 3280 2604 3336 studia
2635 3285 2909 3337 sectatur.
2945 3281 3268 3338 Ordiuntur
3314 3281 3515 3352 utique
3546 3295 3821 3336 araneam

2169 3369 2368 3425 telam.
2391 3370 2680 3426 Nimirum
2707 3373 2778 3426 ad
2799 3372 2943 3427 fides
2964 3375 3269 3427 contentas
3287 3371 3456 3444 quasi
3475 3371 3543 3425 ad
3569 3369 3826 3425 stamina

2168 3460 2433 3530 quaedam
2470 3476 2681 3515 manus
2714 3477 2854 3516 suas
2882 3462 3284 3526 admoventes,
3312 3458 3525 3532 etlyrae
3557 3463 3822 3514 centrum

2167 3548 2334 3618 quasi
2371 3549 2602 3604 radium
2624 3549 2737 3605 huc
2768 3555 2825 3606 et
2856 3549 2991 3605 illuc
3014 3550 3214 3606 crebro
3244 3547 3825 3614 transferentes,nul-

2166 3637 2290 3692 lum
2323 3637 2517 3710 operis
2548 3637 2639 3693 sui
2673 3639 2846 3695 ﬁnem
2883 3640 3218 3695 ostendunt.
3251 3638 3466 3694 Verum
3500 3640 3655 3694 enim
3687 3654 3821 3693 vero

2165 3725 2300 3781 finis
2332 3726 2545 3781 artium
2578 3744 3069 3801 quarumcumque
3093 3745 3219 3800 quae
3245 3744 3310 3783 ae
3335 3728 3488 3783 hanc
3507 3727 3684 3782 vitam
3711 3731 3822 3782 tra-

2166 3815 2495 3871 ducendum
2523 3821 2658 3873 sunt
2685 3817 3046 3889 necessariae,
3071 3817 3258 3873 oculis
3292 3817 3648 3890 spectandus
3675 3816 3822 3887 obji-

2165 3904 2338 3960 citur.
2372 3905 2635 3978 Exempli
2669 3923 2847 3963 causa
2878 3907 3022 3963 artis
3053 3906 3314 3980 lignariae
3345 3906 3478 3962 ﬁnis
3509 3921 3820 3963 scamnum

2163 3997 2293 4050 est:
2328 3995 2834 4063 architectonices,
2881 3998 3130 4054 domus:
3166 3997 3308 4052 artis
3357 3995 3820 4068 compingenda-

2165 4099 2288 4138 rum
2325 4084 2586 4154 navium,
2625 4087 2924 4158 navigium
2963 4086 3197 4158 ipsum:
3250 4084 3536 4154 textrina»,
3569 4085 3749 4141 vestis
3804 4101 3816 4140 :

2163 4294 2547 4363 terpretatum
2579 4308 2728 4361 esse,
2763 4295 2932 4412 quasi
2953 4293 3298 4366 simpliciter
3327 4291 3607 4363 scriplum
3638 4295 3816 4359 esset,

2163 4359 2450 4412 πάνδημον
2490 4365 2563 4412 ir}.
2612 4362 2856 4412 ὼαλιιιν-
2906 4367 3050 4412 Hinc
3085 4365 3249 4412 facile
3299 4365 3440 4412 mihi
3478 4364 3812 4412 nersnnderi

2163 4359 2450 4435 πάνδημον
2489 4365 2564 4437 μὴ
2612 4359 2856 4438 ψαλμόν.
2905 4367 3050 4438 Hinc
3073 4359 3249 4438 :facile
3299 4359 3815 4438 mihi—persuaderi

2167 4442 2382 4520 posset,
2417 4435 2564 4520 duas
2597 4435 2703 4494 has
2732 4435 2925 4520 voces,
2967 4435 3253 4520 πάνδημον
3305 4437 3458 4520 εἶναι,
3484 4435 3521 4491 ο
3554 4436 3816 4509 margine

2163 4509 2223 4563 in
2255 4514 2477 4564 textum
2537 4511 2868 4582 irrepsisse,
2930 4527 3034 4565 nee
3089 4511 3247 4566 aliud
3307 4509 3628 4580 quidquam
3661 4525 3814 4582 esse,

2165 4598 2342 4653 quam
2376 4581 2740 4653 superiorum
2775 4584 3082 4637 verborum
3115 4582 3593 4638 declarationem.
3630 4581 3819 4635 Libra-

2163 4652 2231 4709 rii
2268 4652 2466 4724 igitur,
2501 4655 2670 4725 quasi
2702 4659 3040 4710 vererentur
3069 4672 3142 4710 ne
3188 4656 3322 4726 quis
3373 4658 3637 4726 agmente
3666 4652 3815 4708 scri-

2202 4727 2345 4782 toris
2376 4724 2728 4797 deflecteret,
2760 4728 3014 4797 primum
3059 4726 3118 4781 in
3152 4724 3254 4783 ora
3305 4724 3436 4781 libri
3468 4725 3818 4797 addiderant

2159 4793 2331 4867 illud,
2362 4793 2650 4870 πάνδημον
2672 4793 2825 4865 εἶναι,
2858 4803 2922 4854 ut
2946 4804 3280 4854 moneretur
3306 4798 3486 4852 lector
3510 4795 3815 4870 mulierem

2162 4871 2392 4943 quaeab
2425 4868 2560 4925 aliis
2601 4871 2984 4943 conspicitur,
3025 4871 3236 4943 ipsam,
3276 4871 3680 4943 cujuscunque
3711 4868 3818 4922 viri

2161 4941 2468 5016 mulierem
2493 4959 2642 5011 esse,
2662 4949 2718 4999 et
2737 4941 2807 5000 ad
2831 4942 3030 4999 omnia
3053 4941 3495 5016 paratissimam
3521 4958 3533 4997 :
3555 4941 3658 4996 sed
3682 4956 3817 5012 pos-

2263 5018 2358 5087 tea
2392 5015 2654 5087 idipsum
2686 5017 2982 5073 contextui
3013 5015 3285 5073 assutum
3317 5018 3426 5087 est.

2233 5074 2346 5158 (45)
2380 5074 2616 5143 Veteres
2649 5088 2871 5161 aliquot
2899 5088 3055 5160 libri,
3105 5087 3190 5142 ἒπὶ
3222 5087 3322 5156 τὴν
3369 5083 3578 5160 γέενναν
3606 5078 3817 5155 πέμπε-

2195 5146 2376 5213 θαι....
2399 5157 2622 5214 Κυοίου.

2165 5165 2376 5213 συαι....
2399 5165 2622 5216 Κυρίου.

2235 5179 2780 5300 Ti6;°'§:§;;i'mss.
2813 5230 3103 5298 nonnulli,
3155 5229 3464 5301 ἐκκείμενον
3513 5243 3616 5300 pro
3647 5224 3816 5300 ἐγκεί-

2168 5319 2326 5370 μενον
2337 5345 2348 5356 .

2147 5420 2150 5422 η
2238 5375 2348 5446 (47)
2381 5374 2554 5444 Editi,
2591 5375 3044 5447 ματαιοτεχνιῶν.
3077 5377 3150 5427 At
3182 5389 3352 5444 11188.,
3382 5370 3812 5445 ματαιοτέχνων,

2165 5463 2281 5502 non
2314 5464 2373 5502 re
2474 5490 2485 5500 .

2237 5520 2354 5590 (48)
2377 5451 2616 5589 Αἰῐὲιίᾳυί
2643 5515 2914 5590 treslibri
2935 5516 2997 5568 :6
3019 5513 3175 5588 ἔργον
3191 5515 3420 5590 τούτων,
3446 5515 3813 5590 (ιονωηηοραις.

2163 5580 2371 5646 Statim
2397 5580 2851 5660 Reg-secundus
2871 5592 2928 5660 et
2953 5580 3198 5658 uterque
3222 5580 3610 5651 Colbertinus,
3636 5580 3811 5638 ἄνεσιν

2162 5667 2389 5738 τρυφῆς.
2425 5658 2540 5717 Alii
2571 5676 2712 5716 mss.
2747 5663 2804 5715 et
2831 5658 2997 5728 editi,
3024 5659 3224 5732 τρυφῇ.
