4138 6400
349 381 466 443 379

1282 383 1676 444 APPENDIX
1718 383 2040 446 OPERUM
2090 384 2158 444 S.
2202 380 2485 442 BASILll
2531 380 2806 444 MAGNI.

3648 381 3770 444 380

351 513 494 570 artis
525 512 802 586 ferrariae,
854 515 1107 588 gladius.
1167 516 1278 572 Sed
1312 517 1467 588 quod
1500 518 1572 573 ad
1631 519 1785 572 artes
1817 532 1992 573 vanas

2107 514 2243 568 κατά
2264 514 2364 583 τὴν
2410 510 2784 582 ἆποστολικήν
2835 513 3045 590 φωνὴν,
3088 513 3151 569 τὸ
3198 511 3358 576 τέλος
3404 513 3613 569 τούτων
3667 515 3765 570 ἀπ-

350 602 623 675 pertinet,
656 620 757 659 ceu
792 612 931 660 sunt
960 609 1112 661 artes
1144 604 1427 661 citharam
1465 605 1855 678 pulsandi,vel
1886 604 1997 662 sal-

346 692 534 761 tandi,
566 694 657 750 vel
689 692 831 749 tibia
860 694 1128 759 canendi,
1162 694 1247 749 vel
1280 695 1529 750 altarum
1558 695 1614 750 id
1648 711 1871 766 genus:
1907 695 2000 750 de-

349 780 580 838 sinente
626 782 753 854 ipsa
809 782 1056 854 actione,
1108 782 1284 839 simul
1335 800 1565 855 quoque
1622 801 1769 855 opus
1799 783 1996 855 ipsum

347 872 535 943 perit:
569 877 623 927 et
667 887 818 936 vero,
856 873 1026 941 juxta
1085 872 1467 945 apostolicam
1528 890 1748 939 vocem,
1783 872 1996 927 horum

343 959 481 1015 ﬁnis
510 965 597 1015 est
627 960 900 1017 interitus
921 961 984 1014 ⁸³.
1021 960 1150 1016 Haec
1179 979 1213 1017 a
1245 961 1413 1017 nobis
1446 961 1773 1017 necessario
1804 960 1997 1031 inqui-

343 1049 456 1105 sita
476 1053 615 1104 sunt
637 1050 917 1105 adversus
937 1066 1056 1120 eos,
1079 1051 1264 1123 quiob
1285 1051 1601 1124 plurimam
1624 1051 1683 1105 in
1706 1050 1998 1121 voluptate

341 1138 625 1210 capienda
654 1138 959 1195 mollitiem
1016 1157 1117 1213 per
1147 1157 1394 1211 coenam,
1454 1140 1573 1196 sive
1603 1140 1990 1212 temporibus,

340 1230 407 1283 ut
437 1231 665 1299 putant,
696 1228 1010 1285 hilaritatis
1043 1234 1099 1285 et
1126 1230 1356 1296 laetitiae,
1404 1230 1740 1303 nuptiarum
1775 1226 1999 1285 scilicet

340 1317 496 1374 492
527 1322 629 1373 aut
673 1318 1004 1391 epularum,
1066 1320 1240 1376 tibias
1271 1320 1647 1392 citharasque
1701 1324 1757 1374 et
1787 1319 1997 1374 choros

338 1406 619 1462 adhibent
647 1423 661 1461 :
692 1412 754 1463 ut
783 1425 916 1463 cum
967 1428 999 1464 a
1050 1409 1249 1465 divina
1295 1408 1598 1482 Scriptura
1648 1407 1993 1481 reprehendi

335 1494 774 1568 vituperarique
833 1498 1123 1567 ejusmodi
1185 1497 1381 1553 studia
1441 1496 1737 1566 noveritis,
1786 1495 1997 1551 timore

2105 603 2297 660 ώλεια.
2331 604 2516 659 Ταῦτα
2542 606 2657 664 τοῖς
2691 597 2781 656 διὰ
2808 599 3028 672 πολλὴν
3085 599 3261 657 ἄνεσιν
3291 608 3500 680 τρυφῆς
3529 605 3764 680 χρωμέ-

2107 712 2221 753 νοις
2266 690 2411 766 παρὲι
2455 687 2695 759 δεῖπνον,
2734 688 2860 761 ἤτοι
2905 695 3175 767 συνεχῶς,
3207 690 3242 761 ἢ
3275 690 3329 746 ἰν
3371 693 3455 754 οἷς
3509 689 3762 767 ὑπολαμο

2107 775 2331 835 ὄάνουσι
2384 785 2598 857 καιροῖς
2649 778 2984 858 εὐφροσύνης
3042 782 3272 856 γάμων,
3331 780 3366 851 ἢ
3426 780 3713 837 έπιάσεων
3745 826 3761 851 ,

2106 868 2299 933 αὐλοῖς
2327 868 2416 924 καὶ
2444 869 2718 945 κιθάραις,
2748 869 2834 923 καὶ
2889 874 3109 943 χοροῖς,
3150 868 3461 946 ἀναγκαίως
3507 872 3644 944 ἡμῖν
3689 871 3765 945 ἐξ·

2107 962 2333 1029 ἡτασται
2367 961 2501 1033 (49),
2518 956 2611 1012 ἵνα
2629 958 2728 1028 τὴν
2754 956 2813 1013 ἐκ
2832 962 2930 1012 τοῦ
2962 957 3111 1013 θείου
3134 958 3307 1035 λόγου
3329 954 3600 1029 διαϐολὴν
3628 961 3764 1037 πρὸς

2106 1049 2201 1111 τὰς
2249 1050 2503 1109 τοιαύτας
2544 1044 2916 1119 ἐπιτηδεύσεις
2968 1048 3405 1122 καταμαθόντες,
3452 1044 3607 1127 φόϐῳ
3652 1054 3759 1105 τῶν

2107 1136 2493 1213 ἐπηρτημένων
2554 1133 2763 1205 δεινῶν,
2823 1135 2963 1212 πρὸς
3021 1137 3151 1212 γοῦν
3200 1138 3264 1193 τὸ
3309 1136 3501 1213 ἐφεξῆς
3530 1140 3629 1209 τήν
3662 1159 3762 1193 πο-

2104 1226 2276 1301 νηρὰν
2304 1230 2402 1280 τοῦ
2437 1225 2557 1302 βίου
2590 1224 2742 1299 ὑμῶν
2798 1226 3082 1296 συνήθειαν
3127 1225 3202 1289 είς
3240 1227 3302 1281 τὸ
3354 1225 3568 1303 βέλτιον
3605 1248 3768 1301 μετα-

2107 1309 2317 1384 ϐάλητε
2510 1315 2661 1371 Ἐστι
2708 1311 2766 1369 δὲ
2815 1314 2905 1369 καὶ
2959 1315 3059 1383 τὴν
3114 1312 3355 1371 διάνοιαν
3410 1319 3517 1370 τῶν
3568 1315 3749 1393 ῥητῶν

2103 1410 2222 1468 καθ’
2252 1404 2432 1478 ἑτέραν
2483 1400 2719 1479 ὶκδοχήν
2776 1403 3187 1479 βασανίσαντας,
3219 1404 3393 1480 εὑρεῖν
3439 1424 3490 1460 τι
3521 1404 3608 1461 καὶ
3636 1403 3746 1462 ’ἐτε-

2107 1512 2199 1566 ρον
2230 1490 2478 1571 ὠφελοῦν
2510 1494 2670 1565 ἡμῶν
2702 1492 2797 1554 τὰς
2830 1493 3031 1568 ψυχάς.

338 1584 813 1657 impendentium
846 1587 1159 1657 malorum,
1194 1592 1345 1643 certe
1374 1586 1434 1642 in
1467 1590 1765 1659 posterum
1797 1584 2152 1657 ﬂagitiosam
2181 1583 2311 1639 vitae
2370 1595 2577 1639 vestrm
2633 1583 3121 1640 consuetudinem
3181 1584 3241 1640 in
3274 1584 3488 1642 melius
3521 1602 3759 1659 permu-

338 1675 498 1732 tetis.
532 1676 638 1731 Sed
672 1676 721 1730 si
749 1693 957 1732 rursus
986 1676 1295 1733 verborum
1330 1676 1541 1732 horum
1591 1674 2043 1748 intelligentiam
2088 1674 2261 1746 juxta
2289 1672 2465 1728 aliam
2498 1672 2901 1745 acceptionem
2961 1673 3272 1746 diligenter
3299 1679 3758 1747 perscrutemur,

338 1765 518 1822 etiam
548 1765 708 1821 aliud
742 1765 1042 1837 quidpiam
1073 1766 1637 1837 animabusfnostris
1668 1769 2068 1838 opportunum
2102 1767 2160 1820 et
2189 1761 2332 1819 utile
2364 1761 2627 1818 invenire
2659 1779 3008 1835 possumus.

416 1854 536 1911 159.
571 1854 678 1922 Vae,
711 1854 926 1926 inquit,
977 1856 1051 1911 iis
1080 1856 1176 1927 qui
1204 1872 1365 1912 mane
1391 1864 1648 1926 surgunt,
1679 1863 1733 1911 et
1761 1856 1993 1910 siceram

2176 1852 2299 1908 159.
2329 1848 2481 1919 Οὐαὶ,
2542 1850 2708 1928 φησὶν
2744 1893 2759 1919 ,
2816 1851 2870 1905 οἱ
2923 1850 3261 1927 έγειρόμενοι
3322 1853 3384 1907 τὸ
3440 1852 3609 1928 πρωὶ,
3667 1854 3760 1909 καὶ

334 1952 755 2017 persequuntur.
787 1943 904 1999 Hoc
934 1947 1044 2014 est,
1073 1962 1153 1999 we
1175 1943 1267 2012 iis,
1294 1945 1395 2017 qui
1429 1944 1606 2001 simul
1628 1947 1802 2015 atque
1826 1943 1989 2015 igno-

2107 1940 2162 1995 τὸ
2224 1939 2410 2016 σίκερα
2468 1936 2779 2002 διώκοντες.
2840 1939 3152 2010 Τουτέστιν,
3180 1942 3233 1996 οἱ
3264 1941 3377 2015 ἅμα
3406 1945 3488 2015 τῷ
3527 1940 3760 2012 λυθῆναι

336 2032 539 2088 rantiaa
569 2032 819 2088 tenebrae
850 2032 1284 2089 introductione
1341 2033 1694 2107 cognitionis
1743 2032 1841 2089 Dei
1870 2031 1990 2088 dis-

337 2138 523 2178 cussae
555 2126 714 2192 sunt,
767 2127 964 2178 exorto
1018 2122 1164 2195 ipsis
1208 2122 1340 2180 Sole
1383 2124 1630 2196 justitiae
1660 2138 1794 2180 cum
1827 2121 1993 2195 prius

336 2210 607 2269 scelerati
641 2216 698 2268 et
728 2211 895 2284 impii
922 2217 1139 2282 essent,
1186 2213 1308 2284 jam
1356 2213 1437 2287 pii
1497 2231 1562 2270 ac
1593 2212 1847 2285 religiosi
1884 2229 1991 2268 au-

340 2300 535 2367 diunt,
566 2304 741 2372 atque
766 2302 826 2357 in
857 2301 957 2357 Dei
988 2300 1308 2358 Ecclesiam
1356 2303 1768 2371 admittuntur,
1815 2305 1872 2358 et
1902 2305 1991 2358 ta-

340 2405 478 2446 men
513 2389 597 2445 sic
624 2391 818 2446 carnis
851 2391 1006 2447 vitiis
1037 2392 1375 2461 vincuntur,
1408 2399 1473 2448 ut
1522 2394 1594 2450 de
1625 2398 1818 2449 mente
1849 2392 1990 2464 deji-

344 2479 579 2535 ciantur
607 2496 674 2536 ac
704 2480 1123 2550 deturbentur;
1161 2482 1398 2553 perinde
1427 2489 1600 2555 atque
1630 2482 1713 2537 illi
1743 2482 1843 2554 qui
1876 2500 1991 2555 prae

343 2568 623 2626 ebrietate
648 2575 789 2625 sunt
816 2570 1111 2626 obcaecati.
1143 2571 1310 2627 Tales
1341 2571 1522 2644 igitur
1543 2572 1788 2628 miseros
1819 2572 1996 2629 deﬂet

344 2657 665 2732 Scriptura,
699 2659 796 2732 qui
847 2665 981 2732 post
1028 2665 1324 2732 acceptam
1382 2661 1477 2717 Dci
1508 2660 1834 2718 doctrinam
1865 2678 1993 2718 sese

342 2745 659 2803 libidinum
690 2764 756 2803 ac
794 2748 1186 2821 cupiditatum
1237 2750 1505 2807 ebrietati
1547 2750 1791 2807 dedunt.
1822 2751 1994 2808 Novit

344 2834 641 2908 siquidem
666 2852 795 2892 esse
843 2837 943 2909 qui
991 2854 1053 2893 se
1085 2838 1308 2913 absque
1350 2839 1484 2895 vino
1530 2839 1872 2912 plerumque
1902 2840 1990 2897 in-

344 2923 735 2994 ebrient,cum
755 2925 948 2984 dicat:
988 2926 1076 2984 Va:
1103 2930 1200 2999 qui
1226 2928 1376 2984 ebrii
1401 2931 1528 2985 estis
1548 2930 1747 3003 absque
1775 2932 1905 2987 vino
1925 2930 1990 2988 ⁸⁸.

342 3013 851 3078 Quemadmodum
877 3015 1032 3072 enim
1060 3016 1260 3073 vinum
1286 3017 1439 3074 ultra
1458 3020 1868 3076 necessitatem
1893 3024 1995 3077 aut

343 3101 601 3161 bibentis
632 3104 967 3161 facultatem
998 3105 1279 3164 haustum
1311 3108 1525 3164 rationi
1573 3109 1879 3166 consuevit
1908 3114 1989 3167 te-

339 3193 552 3250 nebras
581 3194 870 3251 obducere
895 3211 909 3251 :
942 3195 1027 3252 sic
1055 3196 1229 3252 etiam
1262 3197 1598 3255 ali‘ectiones
1626 3198 1992 3272 cupiditatis,

337 3287 440 3338 aut
467 3282 722 3339 tristitiae
752 3289 856 3340 aut
881 3285 1001 3353 iras,
1046 3302 1181 3341 cum
1222 3286 1278 3340 in
1330 3293 1585 3343 mentem
1619 3288 1988 3346 dominatum

336 3369 675 3441 habuerint,
708 3388 807 3428 eos
865 3373 962 3445 qui
1022 3372 1169 3447 ipsis
1226 3381 1368 3432 sunt
1424 3375 1680 3449 obnoxii,
1730 3378 1995 3435 efﬁciunt

341 3466 625 3517 amentes.
659 3461 850 3517 Miseri
881 3461 1081 3535 igitur,
1114 3464 1232 3520 imo
1263 3469 1354 3522 ter
1383 3466 1602 3537 miseri,
1654 3468 1749 3539 qui
1784 3484 1846 3525 se
1876 3484 1993 3524 non

340 3546 538 3605 solum
560 3549 800 3607 ineunte
828 3550 944 3608 vita
964 3551 1025 3607 in
1046 3552 1448 3610 temulentiam
1476 3555 1859 3630 immergunt,
1891 3558 1994 3614 sed

341 3637 521 3695 etiam
551 3644 892 3712 exspectant
931 3658 1275 3715 vesperam;
1320 3643 1378 3698 id
1411 3648 1520 3715 est,
1556 3647 1654 3717 qui
1705 3647 1776 3702 ad
1810 3664 1996 3721 usque

339 3727 471 3784 vitae
502 3746 775 3785 occasum
809 3731 1232 3803 cupiditatibus
1281 3749 1345 3789 ac
1376 3733 1535 3791 vitiis
1583 3753 1646 3791 se
1684 3736 1797 3809 ipsi
1828 3737 1992 3793 addi~

341 3822 504 3873 cunt.
538 3820 608 3873 Et
636 3819 872 3889 quidem
908 3835 1023 3875 uno
1046 3821 1217 3877 modo
1238 3820 1552 3879 illustratio
1582 3841 1651 3880 ex
1671 3825 1775 3881 Dei
1795 3826 1989 3899 cogni-

340 3905 499 3962 tione
529 3906 587 3961 in
620 3907 898 3963 cordibus
924 3926 1229 3979 enascens,
1261 3928 1423 3968 mane
1452 3919 1727 3970 vocatur:
1750 3915 1852 3971 sed
1886 3914 1995 3972 hoc

340 3995 499 4052 idem
532 3995 597 4053 fit
629 3996 743 4052 alio
776 3999 970 4065 modo,
995 4000 1163 4070 juxta
1207 4017 1407 4072 quem,
1438 4003 1758 4060 constituta
1782 4005 1906 4076 jam
1941 4010 1998 4061 et

343 4086 600 4159 perfecta
616 4086 861 4156 ratione,
881 4088 1059 4144 vitam
1078 4090 1421 4147 rationalem
1440 4093 1993 4165 auspicamur.Nam

341 4177 559 4232 utrovis
582 4177 755 4231 modo
806 4176 921 4232 vita
961 4178 1122 4249 prior
1165 4178 1350 4252 caligo
1387 4185 1563 4253 atque
1585 4199 1697 4239 nox
1725 4189 1849 4253 est;
1874 4184 1995 4241 sive

340 4267 605 4321 nondum
635 4265 909 4321 absoluta
952 4267 1321 4340 perfectaque
1375 4272 1521 4327 ratio
1552 4272 1649 4343 sit,
1707 4278 1765 4329 et
1794 4274 1996 4331 anima

339 4354 623 4411 immersa
651 4356 730 4411 sit
760 4356 817 4410 in
846 4357 1165 4427 dementia,
1187 4357 1306 4415 sive
1327 4375 1496 4416 mens
1524 4361 1598 4416 ob
1630 4380 1798 4419 suam
1821 4381 1855 4420 a
1882 4368 1995 4421 Deo

339 4441 827 4501 abalienationem
890 4446 1197 4519 profundis
1254 4449 1512 4507 tenebris
1568 4451 1756 4509 velata
1805 4453 1883 4509 sit
1939 4460 1996 4511 et

339 4530 589 4588 obtecta.

410 4621 532 4676 160.
566 4620 771 4694 Itaque
804 4623 892 4680 γέε
919 4626 1011 4693 iis,
1044 4626 1144 4697 qui
1169 4635 1409 4699 surgunt
1454 4645 1636 4699 mane,
1671 4630 1726 4687 id
1771 4637 1861 4689 est
1890 4634 1992 4707 qui

2100 2028 2288 2092 αὐτοῖς
2317 2029 2409 2084 τὸν
2439 2026 2498 2084 ἐκ
2528 2035 2627 2099 τῆς
2675 2028 2901 2104 ἀγνοίας
2929 2030 3119 2085 σκότον
3155 2028 3245 2086 διά
3284 2038 3383 2101 τῆς
3413 2030 3489 2095 εἷς
3518 2033 3756 2107 θεογνω-

2101 2118 2217 2173 σίαν
2273 2117 2599 2195 εἷσαγωγῆς,
2649 2116 3027 2183 ἀνατείλαντος
3077 2117 3264 2183 αὐτοῖς
3308 2123 3406 2175 τοῦ
3457 2118 3623 2190 ἡλίου
3650 2129 3753 2192 τῆς

2102 2203 2472 2278 δικαιοσύνης,
2532 2206 2648 2262 ἀντὶ
2704 2211 2814 2263 τῶν
2870 2207 3150 2284 προτέρων
3209 2204 3429 2283 ἀνόμων
3483 2211 3574 2265 καὶ
3632 2210 3753 2267 ἀσε-

2101 2291 2211 2351 ϐῶν
2245 2298 2357 2369 (51)
2415 2290 2683 2361 θεοσεϐεῖς
2738 2297 3193 2371 χρηματίσαντες,
3224 2298 3315 2353 καὶ
3364 2297 3753 2377 έγκαταλεγέν-

2098 2405 2185 2448 τες
2215 2383 2515 2457 Ἐκκλησία
2546 2389 2699 2441 Θεοῦ·
2735 2384 2908 2448 οὕτως
2960 2386 3064 2441 ὑπὸ
3111 2390 3218 2442 τῶν
3269 2393 3455 2454 παθῶν
3487 2396 3588 2460 τῆς
3623 2410 3752 2464 σαρ-

2099 2473 2195 2538 κός
2251 2473 2770 2548 κατακρατοόμενοι,
2805 2473 2944 2531 ὥστε
2973 2475 3276 2547 έξίστασθιι
3305 2483 3413 2534 τῶν
3466 2484 3753 2554 λογισμῶν

2100 2564 2190 2621 καὶ
2239 2563 2627 2641 ἀνατρέπεσθαι
2667 2564 2840 2635 έξίσου
2895 2570 3013 2628 τοῖς
3076 2565 3181 2621 ὑπὸ
3224 2568 3396 2641 μέθης
3439 2568 3756 2644 έσκοτισμέ-

2099 2676 2238 2717 νοις.
2268 2654 2402 2716 Τοὺς
2434 2655 2525 2709 οὖν
2555 2654 2841 2717 τοιούτους
2873 2655 2901 2710 6
2932 2652 3101 2731 λόγος
3127 2654 3424 2730 ταλανίζει,
3457 2657 3585 2722 τοὺς
3621 2659 3755 2733 μετά

2098 2747 2199 2815 τήν
2232 2748 2328 2798 τοῦ
2379 2747 2514 2799 Θεοῦ
2562 2740 2918 2800 διδασκαλίαν
2972 2742 3313 2809 ἐπιδιδόντας
3362 2746 3583 2811 ἑαυτοὺς
3615 2749 3751 2823 μέθῃ

2100 2836 2308 2892 παθῶν.
2344 2830 2472 2891 Οἵδε
2517 2833 2619 2910 γὰρ
2672 2832 2971 2906 μεθύοντας
3012 2834 3101 2890 καὶ
3133 2834 3309 2911 χωρὶς
3359 2833 3509 2890 οἷ’νου
3538 2836 3749 2891 πολλά-

2100 2946 2206 2995 κις,
2238 2925 2267 2979 6
2318 2921 2515 2998 λέγων·
2565 2922 2704 2979 Οὑαὶ
2761 2924 2813 2978 οἱ
2875 2923 3158 2998 μεθύοντες
3217 2921 3338 2979 ἄνευ
3396 2920 3567 2982 οἷ’νου.
3621 2927 3746 2981 Ὠσ-

2100 3034 2201 3089 περ
2232 3033 2335 3089 γαρ
2368 3013 2396 3068 6
2427 3011 2571 3076 οἶνος
2614 3009 2819 3068 πλείων
2865 3019 2964 3083 τῆς
3012 3012 3204 3090 χρείας
3237 3012 3272 3083 ἢ
3315 3019 3414 3084 τῆς
3463 3011 3744 3088 δυνάμεως

2098 3106 2197 3159 τοῦ
2222 3103 2475 3165 πίνοντος
2525 3101 2775 3177 εἰσρυεὶς,
2826 3101 3088 3157 σκότωσιν
3128 3102 3341 3179 έπάγειν
3384 3107 3463 3176 τῷ
3492 3100 3748 3178 λογισμῷ

2099 3193 2354 3271 πέφυκεν
2390 3189 2534 3246 οὕτω
2580 3190 2672 3246 καὶ
2719 3189 2863 3262 πάθη
2915 3190 3228 3265 έπιθυμὶας,
3258 3190 3294 3261 ἢ
3325 3188 3530 3263 λύπης,
3581 3193 3618 3261 ἢ
3651 3193 3752 3247 θυ-

2105 3285 2231 3356 μοῦ,
2274 3282 2757 3355 κατακρατήσαντα
2802 3284 2899 3336 τοῦ
2949 3280 3246 3357 λογισμοῦ,
3291 3277 3554 3360 ἔκφρονας
3581 3286 3755 3351 ποιεῖ,

2098 3369 2226 3433 τοὺς
2259 3372 2346 3425 ὑπ’
2391 3367 2567 3425 αὐτῶν
2603 3370 3029 3446 κατεχομένους.
3078 3368 3299 3434 ’Άθλιοι
3351 3367 3443 3425 οὖν
3487 3368 3577 3424 καὶ
3606 3390 3759 3445 τρισ-

2103 3456 2286 3526 άθλιοι
2317 3459 2367 3513 οἱ
2402 3461 2478 3532 μή
2517 3457 2676 3532 μόνον
2728 3459 3044 3534 ἀρχομένου
3091 3462 3189 3514 τοῦ
3246 3458 3366 3534 βίου
3393 3461 3463 3533 τῇ
3498 3459 3637 3535 μέθῃ
3670 3460 3759 3535 βε-

2103 3543 2485 3621 ϐαπτισμένοι,
2521 3546 2669 3604 ἀλλά
2697 3548 2785 3603 καὶ
2820 3549 3072 3621 μένοντες
3116 3547 3179 3602 τὸ
3211 3546 3329 3622 ὀψέ·
3374 3547 3676 3621 τουτέστιν,
3710 3550 3763 3603 οἱ

2107 3636 2273 3713 μέχρι
2302 3640 2413 3692 τῶν
2460 3634 2679 3711 δυσμῶν
2725 3643 2826 3708 τῆς
2878 3643 3024 3708 ζωῆς
3054 3635 3276 3701 πάθεσιν
3329 3636 3554 3701 ἑαυτοὺς
3585 3656 3760 3713 παρα-

2102 3725 2429 3799 πέμποντες.
2481 3727 2614 3791 Καθ’
2663 3723 2757 3781 ἕνα
2809 3727 2904 3801 μὶν
2954 3724 3045 3782 οῦν
3092 3725 3293 3802 τρόπον
3343 3726 3372 3782 6
3427 3726 3487 3782 έκ
3521 3728 3619 3800 τῆς
3650 3727 3764 3783 ἑπι-

2101 3814 2352 3892 γνώσεως
2397 3820 2494 3871 τοῦ
2542 3819 2675 3871 Θεοῦ
2721 3819 3003 3894 φωτισμὸς
3048 3814 3400 3893 έγγινόμενος
3454 3822 3573 3879 ταῖς
3628 3837 3758 3893 καρ-

2104 3902 2243 3967 δίαις
2275 3904 2457 3980 πρωία
2487 3903 2719 3980 λέγεται·
2757 3907 2874 3961 καθ’
2904 3902 3087 3982 ἕτερον
3122 3903 3198 3979 δὲ,
3230 3907 3349 3971 καθ’
3395 3906 3454 3961 ὃν
3506 3908 3620 3980 (52)
3667 3908 3762 3983 ἀρ-

2103 3994 2319 4070 χόμεθα
2360 4002 2461 4065 τῆς
2506 3993 2735 4069 λογικῆς
2789 4000 2953 4066 ζωῆς,
3004 3994 3501 4071 συμπληρωθέντος
3529 4000 3626 4051 τοῦ
3658 3993 3760 4051 λό-

2101 4105 2221 4158 γου.
2258 4087 2382 4149 Καθ’
2415 4085 2665 4161 ἑκάτερον
2716 4085 2818 4160 γὰρ
2869 4084 3057 4141 σκοτία
3097 4086 3189 4157 νὺξ
3221 4086 3250 4141 6
3297 4088 3562 4161 πρότερον
3613 4086 3757 4161 βίος,

2102 4171 2346 4243 ἤτοιτοῦ
2389 4172 2562 4250 λόγου
2597 4175 2767 4249 μήπω
2813 4174 3264 4248 τετελειωμένου,
3294 4176 3383 4230 καὶ
3421 4181 3523 4245 τῆς
3571 4178 3757 4252 ψυχῆς

2104 4263 2156 4318 έν
2193 4260 2388 4341 ἀλογίᾳ
2420 4259 2878 4340 βεϐαπτισμένης,
2911 4265 2945 4334 ἢ
2981 4262 3071 4320 διὰ
3116 4265 3217 4334 τὴν
3270 4264 3377 4321 ἀπὸ
3429 4269 3562 4321 Θεοῦ
3593 4263 3760 4321 ἀλλο.

2099 4350 2351 4428 τρίωσιν,
2382 4353 2561 4428 σκότῳ
2597 4355 2753 4431 βαθεῖ
2779 4360 2880 4425 τῆς
2913 4351 3148 4418 διανοίας
3179 4350 3622 4429 κεκαλυμμένης.

2175 4641 2295 4695 160.
2338 4637 2468 4695 Οὐαὶ
2519 4638 2611 4695 οὗν
2661 4642 2714 4695 οἱ
2772 4640 3110 4716 ἒγειρόμενοι
3158 4639 3220 4694 τὸ
3268 4638 3437 4715 πρωὶ,
3484 4638 3758 4697 τουτέστιν

326 4710 660 4782 juventutis
686 4712 1029 4785 insipientia
1054 4731 1256 4773 recens
1272 4722 1444 4773 exuta
1465 4735 1597 4776 cum
1621 4720 1991 4780 turbulentos

2107 4729 2155 4783 οἱ
2188 4726 2308 4805 ἄρτι
2335 4730 2434 4799 τὴν
2471 4730 2531 4785 έκ
2574 4736 2675 4801 τῆς
2725 4710 2984 4801 νεότητος
3029 4726 3213 4785 ἄνοιαν
3264 4710 3372 4804 (53)
3403 4710 3753 4804 ἀποθέμενοι,

335 4801 516 4858 animi
549 4807 745 4859 motus
778 4803 1027 4860 rationis
1056 4804 1111 4861 vi
1154 4810 1392 4864 strenue
1437 4826 1782 4884 oppugnare
1813 4814 1987 4871 debe-

333 4896 483 4963 rent,
508 4891 581 4950 ab
603 4891 678 4951 iis
697 4897 901 4950 contra
920 4894 1629 4973 subvertuntur,vitiaque
1652 4918 1757 4959 ceu
1784 4920 1988 4976 quam-

2098 4820 2189 4873 καὶ
2219 4816 2338 4874 ἀντί
2379 4823 2477 4874 τοῦ
2528 4816 2618 4875 διὰ
2663 4826 2762 4890 τῆς
2810 4823 2908 4875 τοῦ
2959 4818 3131 4896 λόγου
3180 4816 3463 4893 δυνάμεως
3516 4818 3753 4883 εὐτόνως

2097 4907 2483 4964 καταπαλαίειν
2532 4908 2600 4964 τὰ
2654 4910 2827 4981 πάθη,
2886 4907 3314 4983 ἀνατρεπόμενοι
3371 4909 3499 4986 παρ’
3550 4908 3750 4978 αὐτῶν,

335 4978 469 5037 dam
497 4981 839 5040 ebrietatem
871 4986 1301 5044 sectantur.Isti
1332 4988 1505 5061 plane
1535 4991 1853 5050 miserrimi
1886 4995 1986 5068 qui

2107 4996 2188 5053 καὶ
2234 4996 2348 5054 οἷόν
2395 5018 2515 5054 τινα
2568 4997 2738 5075 μέθην
2788 4978 2855 5055 τὰ
2900 4978 3043 5071 πάθη
3097 4978 3543 5074 μεταδιώκοντες.
3575 4994 3754 5054 Ταλα-

401 5157 449 5195 ⁸³
479 5160 730 5236 Philipp.
763 5180 850 5236 ut,
883 5166 969 5222 19.
1045 5165 1093 5203 ⁸⁴
1122 5170 1240 5225 Isa.
1272 5185 1471 5226 xxvm.

756 5338 1028 5418 ὶξετάσθη.
1062 5347 1137 5418 At
1166 5360 1266 5418 sex
1297 5361 1465 5413 mss.,
1499 5345 1800 5418 έξήτασται.

2090 5356 2362 5433 scelerum
2380 5367 2546 5432 atque
2566 5359 2932 5433 impietatum.
2956 5357 3164 5416 Statim
3190 5374 3331 5416 mss.
3357 5359 3652 5429 nonnulli,
3675 5358 3753 5424 εἰς

400 5406 480 5498 ς5)
527 5409 749 5498 Εόίῒαίορ
771 5406 1003 5498 nostra,
1056 5414 1177 5489 βίου
1235 5417 1415 5498 ἡμῶν.
1446 5406 1726 5498 συνήθειαν
1788 5406 1865 5486 εἷς
1919 5426 1983 5480 τὸ

2107 5426 2384 5498 ὶκκλησίαν
2395 5472 2407 5485 .

333 5476 549 5564 βέλτιον
585 5476 1004 5564 μεταϐάλλεται,
1035 5476 1327 5564 corrupte.
1353 5496 1426 5546 At
1456 5476 1978 5564 uterqueCombe—ti

328 5551 387 5607 et
414 5551 512 5607 alii
538 5551 801 5678 quatuor
833 5551 1091 5614 mssfuti
1125 5561 1186 5616 in
1212 5551 1510 5633 contextu,
1545 5551 1718 5623 recte.

399 5623 511 5678 (51)
587 5630 773 5678 eteres
804 5632 1057 5678 mutuor
1088 5631 1219 5678 libri
1253 5635 1356 5678 ita-
1418 5642 1484 5678 nt
1512 5638 1718 5678 ρτιίδίπ

399 5623 511 5696 (51)
538 5623 773 5705 Veteres
804 5632 1063 5705 quatuor
1088 5631 1225 5705 libri
1253 5635 1359 5705 ita,
1386 5623 1829 5705 _ut'edidimus.
1865 5640 1976 5697 Alli

329 5695 444 5752 duo
466 5714 600 5753 cum
634 5695 835 5770 editis,
861 5699 1104 5774 ἀνομιῶν
1144 5704 1233 5757 καὶ
1281 5695 1558 5782 ἀσεϐειῶν,
1592 5710 1704 5768 loco
1731 5695 1980 5784 priorum

2107 5695 2277 5773 ῃὺὶὶό
2307 5695 2628 5793 iusisse;
2642 5695 3371 5793 'qaaaei,";;x.a;;a;at

2165 5502 2276 5573 (52)
2311 5502 2546 5573 Antiqui
2580 5517 2679 5557 sex
2736 5500 2894 5571 libri,
2949 5500 3067 5555 καθ’
3098 5498 3180 5558 δ’ν.
3214 5501 3387 5570 Editi,
3442 5500 3596 5566 καθό.
3631 5503 3749 5560 Ali-

2090 5578 2475 5661 qtilan‘tonp‘o‘st
2498 5578 2751 5661 quatuor
2778 5590 2946 5661 mss,
2984 5573 3174 5647 μήπω.
3208 5574 3374 5661 Edili,
3416 5575 3648 5661 Mite“.

2163 5645 2276 5721 (53)
2308 5644 2484 5721 Editi,
2524 5644 2773 5721 ἄγνοιαν.
2831 5650 2900 5702 At
2932 5644 3075 5721 mss.
3127 5663 3247 5721 sex,
3281 5644 3488 5705 ἄνοιαν.
3518 5646 3634 5705 Nec
3664 5648 3747 5707 ita
