4138 6392
411 395 522 456 381

1280 396 1685 458 COMMENT.
1734 398 1813 459 IN
1856 397 2125 460 lSAIAM
2174 366 2678 461 PROPHETAM.
2724 399 2895 460 CAP.
2944 399 3020 458 v.

3705 395 3825 455 382

410 525 644 581 νώτατοι
671 524 766 600 μὲν
795 526 897 602 γὰρ
929 527 1002 598 οἱ,
1042 526 1354 603 ἀρχομένου
1399 531 1497 582 τοῦ
1550 527 1692 603 βίου,
1722 528 1811 583 καὶ
1862 527 2057 604 λήγον-

2173 529 2411 589 ineunte
2439 535 2498 589 et
2528 532 2833 590 desinente
2858 530 2979 588 vita
3006 545 3123 585 non
3154 528 3540 601 supersedent
3561 527 3633 584 ab
3664 526 3824 599 ejus-

407 635 523 683 τος,
556 620 656 684 τῆς
702 614 961 686 τοιαύτης
1012 616 1181 689 μέθης
1235 617 1311 689 μὴ
1370 615 1768 693 ἀπολήγοντες.
1803 618 2065 693 Διαφοραὶ

410 700 469 758 δὲ
523 701 733 759 πολλαὶ
789 709 897 759 τῶν
940 705 1277 777 μεθυόντων.
1320 706 1387 762 Οἱ
1422 706 1516 779 μὲν
1566 706 1669 783 γὰρ
1722 706 1879 771 εὐθὺς
1932 709 2067 780 μετὰ

404 791 496 847 τὸν
546 787 740 868 ὄρθρον
792 798 892 862 τῆς
951 792 1120 866 μέθης
1176 792 1497 864 ἐπαύσαντο,
1531 794 1582 849 οἱ
1615 793 1672 850 δὲ
1720 794 1808 850 ἐπὶ
1870 796 2063 871 μικρὸν

405 880 766 953 προελθόντες
797 877 1015 952 ἔληξαν,
1050 882 1101 936 οἱ
1132 879 1189 937 δὲ
1222 882 1309 936 ἐπὶ
1340 882 1530 938 πλεῖον
1580 886 1895 957 παρέτειναν
1929 887 2062 957 (54).

408 968 586 1025 Καλὸν
622 970 718 1042 μὶν
761 958 852 1025 ούν
883 971 966 1042 τὸ,
1004 972 1118 1043 ἅμα
1145 975 1224 1043 τῷ
1254 971 1558 1047 ἐγερθῆναι,
1597 978 1825 1044 ζητῆσαι
1853 974 1916 1029 τὸ
1962 994 2063 1044 νη-

410 1056 621 1137 φαλίως
655 1063 812 1128 ζῆσαι
843 1059 935 1115 καὶ
966 1061 1273 1134 ἱερατικῶς,
1303 1058 1398 1115 ’ίνα
1444 1058 1583 1131 ἄξιοι
1632 1062 1919 1137 γενώμεθα
1962 1069 2062 1132 τῆς

413 1146 487 1207 εἷς
535 1147 601 1201 τὰ
653 1146 782 1222 ἅγια
831 1145 1066 1219 εἰσόδου,
1101 1148 1251 1203 οἶκον
1280 1148 1371 1203 καὶ
1421 1148 1607 1223 σίκερα
1662 1152 1738 1223 μὴ
1795 1150 2060 1213 πίνοντες.

413 1234 714 1312 Γέγραπται
768 1236 869 1312 γάρ
904 1255 917 1269 ·
979 1238 1078 1291 Καὶ
1129 1235 1366 1309 ἐλάλησε
1440 1238 1640 1315 Κύριος
1696 1243 1776 1312 τῷ
1827 1239 2061 1312 ’Δαρὼν,

414 1322 591 1399 λέγων
628 1345 640 1357 ·
706 1324 866 1382 Οἶνον
923 1325 1013 1380 καὶ
1072 1324 1260 1400 σίκερα
1314 1326 1377 1381 ού
1438 1328 1514 1399 μὴ
1571 1326 1776 1399 πίεσθε,
1832 1326 1916 1398 σὺ,
1972 1326 2062 1383 καὶ

409 1414 460 1468 οἱ
517 1413 627 1468 υἱοί
682 1435 781 1468 σου
837 1415 973 1487 μετὰ
1048 1419 1167 1484 σοῦ,
1222 1415 1382 1485 ἡνίκα
1428 1414 1490 1471 ἂν
1546 1415 1933 1490 εἶσπορεύησθε
1986 1416 2062 1479 εἷς

406 1502 506 1571 τήν
570 1504 775 1573 σκηνὴν
834 1507 932 1558 τοῦ
994 1505 1319 1580 μαρτυρίου.
1356 1505 1503 1560 Ἐπεὶ
1572 1501 1629 1560 δὲ
1688 1502 1954 1560 δύσκολον
2007 1504 2059 1560 έν

408 1591 702 1669 ἀνθρώπου
732 1590 884 1670 φύσει
915 1595 1326 1668 κατορθωθῆναι
1373 1594 1437 1649 τὸ
1482 1593 1895 1670 ἀναμάρτητον
1929 1593 2062 1650 Δεύ-

407 1699 588 1754 τερος,
613 1680 766 1756 φησῖ,
794 1679 1108 1756 πλοῦς
1135 1681 1292 1747 εὐθὺς
1323 1684 1458 1756 μετὰ
1502 1684 1600 1752 τήν
1660 1683 1870 1758 πρωίαν
1928 1682 2061 1739 ἀνα-

407 1773 601 1837 στῆναι
633 1770 739 1825 ἁπὸ
767 1776 867 1839 τῆς
930 1770 1120 1844 μέθης.
1152 1775 1269 1826 Τῶν
1304 1769 1361 1827 δὲ
1389 1774 1755 1849 χρονιζόντων
1784 1773 1835 1829 έν
1869 1770 2060 1842 οἴνοις,

401 1856 494 1912 καὶ
524 1861 633 1914 τῶν
669 1858 978 1930 ζητούντων
1000 1865 1106 1915 ποῖ’)
1134 1860 1295 1916 πότοι
1323 1859 1583 1935 γίνονται,
1617 1859 1857 1940 ἄσχολός
1918 1861 2058 1918 ἐστιν

403 1948 438 2017 ἡ
468 1943 679 2002 διάνοια
709 1949 831 2023 περὶ
861 1949 961 2017 τὴν
991 1948 1198 2004 τούτων
1228 1947 1468 2025 ἔρευναν,
1501 1944 1639 2006 ὥστε
1680 1952 1756 2025 μὴ
1806 1948 2057 2007 δύνασθαι

403 2030 701 2109 ἐμϐλέπειν
758 2042 878 2100 τοῖς
926 2034 1111 2115 ἔργοις
1172 2037 1372 2115 Κυρίου
1446 2036 1588 2113 μηδὲ
1662 2046 1940 2096 κατανοεῖν
1993 2040 2060 2096 τὰ

403 2120 539 2202 ἔργα
565 2130 675 2181 τῶν
709 2131 914 2204 χειρῶν
947 2126 1133 2185 αὐτοῦ.
1165 2125 1343 2187 Ἀλλὰ
1370 2126 1569 2205 κιθάρα
1614 2129 1704 2185 καὶ
1751 2129 2058 2206 ψαλτήριον

402 2218 501 2284 τήν
540 2214 711 2289 μέθης
761 2215 945 2279 αὐτοῖς
980 2217 1355 2289 συνεπιτείνει,
1385 2219 1454 2273 τὰ
1481 2219 1766 2295 εὑρήματα
1792 2224 1891 2274 τοῦ
1922 2221 2056 2274 Ἰου-

404 2298 532 2373 ϐὰλ,
590 2308 690 2360 τοῦ
747 2305 808 2360 ἐκ
861 2312 962 2376 τῆς
1037 2306 1387 2384 γενεαλογίας
1463 2307 1595 2365 Κάϊν
1671 2310 2006 2380 καθήκοντος
2039 2326 2053 2341 ⁵

409 2387 614 2449 ’Έλαϐε
683 2395 784 2470 γὰρ
857 2396 1052 2467 ἑαυτῷ,
1111 2397 1266 2474 φησὶ.
1328 2395 1524 2473 Λάμεχ
1580 2395 1675 2453 δύο
1748 2403 2005 2473 γυναῖκας
2040 2416 2053 2429 ’

403 2478 579 2556 ὄνομα
622 2486 692 2558 τῇ
746 2488 862 2556 μιᾷ,
897 2481 1086 2554 Ἀδδὰ,
1117 2486 1207 2541 καὶ
1265 2482 1441 2559 ὄνομα
1494 2490 1563 2561 τῇ
1624 2485 1867 2562 δευτέρᾳ,
1919 2487 2057 2543 Σελ-

402 2569 491 2626 λά.
546 2569 647 2626 Καί
700 2565 875 2628 ἔτεκεν
938 2571 1106 2629 Ἀδδὰ
1168 2574 1262 2630 τὸν
1319 2570 1547 2646 Ἰωϐήλ.
1604 2576 1771 2638 Οὗτος
1827 2576 1892 2645 ἦν
1952 2598 2056 2632 πα-

2090 1907 2139 1973 Β

2175 620 2335 675 modi
2365 621 2725 678 temulentia.
2758 620 2916 677 Ebrii
2949 623 3145 676 autem
3178 615 3525 688 multiplicis
3555 620 3695 671 sunt
3724 632 3822 688 ge-

2174 710 2350 766 neris.
2389 710 2499 766 Alii
2532 711 2687 767 enim
2719 711 2916 767 slatim
2953 711 3083 781 post
3123 722 3345 762 aurorae
3395 708 3587 761 ortum
3637 704 3824 761 desie-

2174 802 2312 853 runt
2352 800 2424 855 ab
2485 800 2798 868 ebrietate;
2859 797 2954 853 alii
3008 795 3313 869 paululum
3363 793 3821 866 progredientes,

2172 885 2437 942 fecerunt
2465 888 2643 942 ﬁnem
2669 910 2684 955 ;
2716 885 2818 941 alii
2849 885 3076 940 diutius
3103 900 3231 939 eam
3265 884 3676 955 prorogarunt.
3718 882 3822 936 Ex-

2172 976 2334 1047 pedit
2360 975 2561 1048 igitur,
2616 982 2697 1044 ut,
2755 974 2954 1032 statim
3000 978 3174 1046 atque
3223 971 3538 1043 experrecti
3587 987 3821 1040 sumus,

2174 1065 2367 1121 sobrie
2396 1068 2453 1121 et
2482 1067 2856 1121 sacerdotum
2886 1080 3049 1118 more
3104 1062 3282 1118 vitam
3331 1062 3541 1134 degere
3582 1060 3819 1116 studea-

2173 1169 2345 1221 mus;
2371 1154 2829 1226 quoefﬁciamur
2848 1151 3031 1225 digni,
3052 1150 3151 1222 qui
3176 1149 3818 1222 ingrediamursancta,

2169 1242 2376 1299 vinum
2406 1249 2463 1299 et
2492 1243 2737 1299 siceram
2773 1259 2887 1297 non
2918 1241 3207 1297 bibentes.
3241 1239 3529 1310 Scriptum
3565 1254 3823 1310 namque

2173 1333 2616 1389 estzEtlocutus
2635 1336 2717 1389 est
2749 1333 3020 1387 Dominus
3074 1329 3146 1384 ad
3200 1328 3407 1394 Aaron,
3456 1327 3677 1383 dicens:
3734 1329 3819 1383 Vi-

2169 1438 2302 1478 nam
2321 1429 2373 1478 et
2393 1424 2631 1479 siceram
2652 1438 2759 1477 non
2785 1421 2999 1488 bibetis,
3020 1428 3100 1486 tu,
3132 1422 3184 1475 et
3202 1418 3313 1489 ﬁlii
3331 1419 3417 1472 tui
3454 1425 3652 1486 tecum,
3696 1434 3822 1474 cum

2171 1512 2453 1568 intrabitis
2493 1514 2550 1567 in
2611 1511 3030 1568 tabernaculum
3082 1509 3388 1564 testimonii
3417 1507 3482 1560 ⁸⁵.
3532 1506 3820 1571 Quoniam

2172 1605 2370 1656 autem
2401 1600 2639 1656 difﬁcile
2668 1604 2760 1656 est
2788 1603 3090 1673 peccatum
3124 1613 3240 1653 non
3271 1595 3503 1652 admitti
3534 1595 3594 1650 in
3613 1598 3825 1651 natura

2171 1689 2453 1760 humana,
2486 1690 2664 1746 dicit:
2697 1687 3001 1761 Navigatio
3051 1686 3313 1743 secunda
3339 1688 3431 1741 est
3477 1683 3637 1740 illico
3688 1688 3823 1756 post

2170 1778 2495 1835 diluculum
2528 1780 2601 1835 ab
2630 1777 2909 1834 ebrietate
2938 1791 3269 1848 exsurgere.
3309 1774 3419 1829 Sed
3453 1771 3553 1844 qui
3608 1771 3820 1828 immo-

2170 1872 2380 1924 rantur
2399 1870 2458 1924 in
2481 1867 2652 1935 vinis,
2677 1884 2743 1923 ac
2764 1866 3141 1923 sciscitantur
3162 1863 3260 1920 ubi
3286 1862 3616 1935 potationes
3646 1861 3818 1930 ﬁant,

2168 1974 2373 2015 eorum
2405 1958 2642 2014 animus
2673 1957 2759 2013 sic
2788 1956 2848 2012 in
2888 1955 2962 2011 iis
3001 1950 3428 2025 investigandis
3477 1954 3817 2023 occupatur,

2167 2048 2324 2103 498
2346 2050 2412 2103 ut
2427 2063 2603 2120 opera
2633 2043 2861 2102 Domini
2884 2043 3193 2115 inspicere,
3214 2045 3315 2097 aut
3336 2057 3514 2113 opera
3530 2055 3817 2095 manuum

2165 2136 2297 2208 ejus
2326 2136 2696 2192 considerare
2726 2151 2842 2190 non
2875 2136 3070 2206 queat.
3103 2136 3228 2187 Imo
3252 2146 3455 2189 eorum
3476 2129 3817 2185 ebrietatem

2167 2227 2464 2298 adaugent
2479 2224 2701 2281 cithara
2730 2228 2788 2280 et
2813 2221 3195 2296 psalterium:
3229 2237 3355 2293 quae
3386 2219 3621 2274 inventa
3673 2220 3817 2273 sunt

2165 2314 2416 2384 Jubalis,
2449 2314 2551 2386 qui
2580 2331 2649 2369 ex
2677 2312 2836 2368 Caini
2869 2326 3076 2382 genere
3104 2315 3299 2366 ortum
3361 2308 3552 2363 habet.
3604 2307 3818 2378 Accepit

2165 2406 2316 2460 enim
2342 2404 2473 2471 sibi,
2503 2402 2718 2475 inquit,
2752 2401 2982 2457 Lamech
3009 2400 3147 2456 duas
3173 2413 3410 2455 uxores:
3470 2412 3673 2452 nomen
3714 2397 3820 2452 uni

2165 2494 2342 2562 Adda,
2372 2499 2431 2548 et
2450 2508 2647 2547 nomen
2674 2493 2841 2548 alteri
2868 2491 3038 2547 Sella.
3073 2494 3138 2545 Et
3183 2489 3400 2560 peperit
3440 2485 3595 2542 Adda
3638 2486 3815 2542 Jobel.

2166 2586 2268 2640 Hie
2295 2587 2414 2638 erat
2442 2585 2598 2653 pater
2627 2581 2998 2637 habitantium
3051 2581 3113 2633 in
3156 2577 3427 2643 tentoriis,
3470 2576 3818 2647 pascentium

398 2660 503 2745 τηρ
556 2663 673 2733 (56)
718 2660 1016 2717 οἰκούντων
1087 2662 1139 2717 ὲν
1207 2668 1432 2735 σκηναῖς
1485 2664 1895 2744 κτηνοτρόφων.
1954 2665 2055 2723 Καὶ

2171 2688 2378 2741 pecora.
2408 2672 2473 2726 Et
2528 2685 2726 2727 nomen
2769 2670 2944 2740 fratri
2998 2669 3137 2738 ejus,
3190 2665 3375 2723 Jubal.
3428 2666 3524 2720 Hic
3559 2664 3671 2735 fuit
3718 2665 3815 2735 qui

401 2743 580 2822 ὄνομα
634 2754 713 2822 τῷ
770 2748 993 2829 ἀδελφῷ
1047 2750 1212 2807 αὐτοῦ
1240 2748 1482 2831 Ἰουβάλ’
1518 2754 1676 2816 οὗτος
1720 2743 1786 2824 ἦν
1843 2756 1871 2810 ὁ
1900 2776 2057 2811 κατα-

400 2836 574 2908 δείξας
632 2838 937 2915 ψαλτήριον
990 2841 1077 2895 καὶ
1154 2842 1404 2919 κιθάραν.
1463 2842 1737 2914 Τοιαύτης
1794 2844 1861 2913 ἦν
1911 2842 2057 2909 κιθά.

401 2947 498 3003 ρας
537 2928 627 2982 καὶ
679 2935 947 3000 μουσικῆς
979 2931 1007 2985 ὁ
1039 2925 1219 2985 Λάϐαν
1270 2930 1495 3003 οἰκεῖος,
1531 2934 1647 3005 μεθ’
1681 2936 1747 3002 ἧς
1797 2930 2057 2990 ἐϐούλετο

401 3015 785 3090 παραπέμπειν
845 3019 938 3075 τὸν
991 3015 1209 3076 Ἰακώϐ.
1261 3019 1328 3077 Εἴ
1386 3021 1490 3096 γὰρ
1549 3020 1878 3098 ἀνήγγειλάς
1939 3043 2056 3094 μοι,

405 3102 759 3173 έξαπέστειλα
816 3103 876 3160 ἄν
961 3127 1020 3162 σε
1098 3107 1235 3180 μετὰ
1319 3107 1694 3183 εὐφροσύνης,
1754 3110 1841 3165 καὶ
1925 3113 2060 3182 μετὰ

407 3195 683 3262 μουσικῶν
768 3195 1064 3265 τυμπάνων
1148 3193 1240 3249 καὶ
1311 3197 1567 3270 κιθάρας.
1640 3193 1801 3250 Ἀλλ’
1875 3196 2058 3253 ἀπεδί-

403 3276 631 3363 δρασκεν
676 3282 704 3335 ὁ
756 3284 1231 3359 πατριάρχης,ὡς
1276 3282 1539 3358 ἐμπόδιον
1592 3283 1752 3339 οὖσαν
1805 3286 1939 3363 πρὸς
1997 3288 2057 3342 τὸ
2088 3272 2133 3343 ϐ

401 3361 697 3439 ἐμϐλέπειν
727 3375 846 3433 τοῖς
874 3366 1055 3447 ἔργοις
1088 3372 1317 3446 Κυρίαυ,
1347 3375 1436 3429 καὶ
1492 3379 1769 3430 κατανοεῖν
1807 3361 1874 3430 τὰ
1930 3370 2058 3451 ἔργα

396 3459 504 3510 τῶν
539 3454 746 3532 χειρῶν
778 3457 964 3518 αύτοῦ.

471 3547 594 3602 161.
628 3545 809 3602 Ἀλλὰ
836 3548 926 3602 καὶ
956 3552 1056 3603 τοῦ
1085 3544 1585 3628 Ναϐουχοδονόσορ
1617 3552 1707 3607 ἐπὶ
1735 3556 1832 3608 τοῦ
1876 3553 2054 3630 έγκαι-

398 3638 596 3709 νισμοῢ
623 3642 725 3706 τῆς
756 3635 987 3704 εἷ’κόνος,
1022 3636 1356 3717 σάλπιγγος,
1386 3640 1476 3696 καὶ
1537 3640 1810 3719 σύριγγος,
1838 3643 1928 3698 καὶ
1978 3665 2058 3698 κι-

398 3725 582 3798 θάρας,
638 3726 730 3781 καὶ
788 3722 1099 3801 σαμϐύκης,
1158 3732 1253 3784 καῖ
1321 3729 1654 3808 ψαλτηρίου,
1714 3734 2054 3811 συμφωνίας,

395 3812 485 3868 καὶ
542 3816 745 3879 παντὸς
799 3815 992 3890 γένους
1051 3822 1328 3891 μουσικῶν
1385 3821 1795 3894 συνηχούντων,
1845 3822 1897 3877 oi.
1960 3821 2053 3895 μέν

398 3901 545 3975 λαοὶ,
576 3907 668 3960 καὶ
727 3907 782 3960 αἱ
830 3904 1020 3984 φυλαὶ,
1065 3906 1157 3963 καὶ
1206 3908 1263 3963 αἱ
1309 3907 1556 3985 γλῶσσαι
1602 3910 1930 3966 κατέπιπτον
1959 3932 1971 3944 ·
2006 3913 2058 3967 οἱ

399 3988 457 4047 δὶ
500 3993 593 4048 τὸν
646 3988 996 4051 Βαϐυλώνιον
1049 3996 1188 4050 οἶνον
1236 3995 1410 4053 πίνειν
1462 3997 1743 4075 πόρρωθεν
1805 4002 1919 4071 (57)
1979 4002 2056 4074 μὴ

399 4082 792 4159 ἀνασχόμενοι,
823 4083 913 4139 καὶ
944 4085 1046 4153 τὴν
1069 4086 1278 4162 τρυφὴν
1312 4083 1698 4163 βδελυξάμενοι
1745 4094 1845 4158 τῆς
1904 4089 2056 4164 βασι-

399 4170 563 4238 λικῆς
618 4172 917 4249 τραπέζης,
974 4170 1097 4230 οὔτε
1151 4176 1406 4240 πεσόντες
1487 4176 1910 4252 προσεκύνησαν,
1967 4179 2057 4235 καὶ

395 4261 803 4338 κατεφρόνησαν
876 4261 1056 4335 πάσης
1136 4264 1481 4343 ἀνθρωπίνης
1555 4264 1894 4339 δυναστείας,
1966 4269 2057 4324 καὶ

398 4351 566 4421 αύτήν
615 4349 673 4407 Si
718 4347 1041 4408 κατέσϐεσαν
1088 4356 1190 4423 τὴν
1241 4351 1470 4429 δύναμιν
1522 4360 1620 4411 τοῦ
1650 4355 1844 4433 πυρός.
1880 4357 1940 4413 Εἰ
1999 4355 2058 4412 δὲ

400 4439 701 4516 ἁμάρτημά
757 4440 866 4497 ἐστι
912 4443 975 4497 τὸ
1021 4443 1099 4517 μή
1146 4441 1368 4519 βλέπειν
1415 4446 1485 4500 τὰ
1533 4443 1662 4522 ἔργα
1714 4446 1933 4521 Κυρίου,
1964 4446 2056 4503 καὶ

397 4530 467 4585 τὰ
495 4529 626 4606 ἔργα
660 4536 767 4587 τῶν
816 4536 1020 4608 χειρῶν
1076 4531 1242 4588 αὐτοῦ
1290 4534 1367 4607 μὴ
1412 4539 1717 4606 κατανοεῖν,
1768 4535 2053 4611 έπάρωμεν

2164 2761 2451 2821 adinvenit
2474 2762 2805 2833 psalterium
2833 2767 2883 2815 et
2908 2759 3182 2815 citharam
3200 2757 3265 2812 ⁸⁸.
3300 2754 3545 2810 Citharaa
3594 2769 3661 2808 ac
3692 2769 3818 2808 mu-

2164 2853 2317 2911 sices
2346 2849 2686 2907 istiusmodi
2717 2848 2825 2904 fuit
2853 2847 3147 2903 amantior
3180 2845 3393 2912 Laban,
3428 2858 3679 2915 quacum
3711 2842 3814 2898 Ja-

2166 2942 2274 2998 cob
2304 2941 2590 2996 deducere
2615 2937 2862 2993 volebat.
2886 2936 2948 2992 Si
2975 2937 3128 2992 enim
3150 2934 3442 2990 iudicasses
3468 2931 3628 3001 mihi,
3649 2929 3820 2987 dimi-

2164 3031 2354 3085 sissem
2382 3032 2434 3084 te
2461 3044 2582 3083 cum
2617 3027 2842 3090 laetitia,
2890 3027 2943 3079 et
2973 3040 3095 3079 cum
3146 3022 3394 3089 musicis,
3446 3021 3726 3092 tympanis
3765 3024 3822 3075 et

2165 3118 2381 3173 cithara
2408 3116 2472 3169 ³⁷.
2507 3116 2617 3169 Sed
2653 3112 2985 3186 patriarcha
3013 3114 3314 3168 aversatus
3358 3113 3448 3164 est
3506 3107 3818 3177 musicam,

2170 3210 2231 3262 ut
2261 3222 2385 3276 quae
2415 3203 2837 3276 impedimento
2869 3200 2979 3257 sibi
3019 3201 3217 3255 futura
3271 3201 3446 3265 esset,
3501 3196 3821 3269 quominus

2168 3293 2484 3365 inspiceret
2512 3308 2689 3364 opera
2716 3290 2968 3359 Domini,
3027 3291 3084 3344 et
3132 3303 3309 3360 opera
3356 3301 3638 3340 manuum
3688 3284 3821 3356 ejus

2169 3382 2583 3440 consideraret.

2239 3559 2360 3616 161.
2394 3559 2544 3626 Quin
2576 3558 2752 3614 etiam
2785 3573 2918 3613 cum
2941 3556 3331 3612 dedicaretur.
3358 3553 3825 3611 Nabuchodono-

2167 3664 2266 3705 sor
2287 3644 2906 3722 imago;tuba,fistula,
2930 3645 3496 3713 cithara,sambuca,
3517 3642 3822 3717 psalterio,

2166 3735 2521 3809 symphonia
2550 3738 2607 3792 et
2636 3735 2792 3791 omni
2825 3734 3185 3790 musicorum
3235 3749 3447 3805 genere
3493 3731 3822 3789 resonanti-

2165 3826 2296 3887 bus,
2314 3825 2514 3898 populi
2545 3826 2766 3897 utique,
2791 3830 2849 3879 et
2878 3823 3069 3879 tribus
3091 3827 3148 3879 et
3170 3821 3384 3895 lingua
3414 3836 3542 3877 sese
3571 3826 3824 3893 proster-

2166 3915 2421 3983 nebant;
2458 3915 2558 3988 qui
2591 3914 2868 3986 verojam
2904 3913 3130 3986 pridem
3154 3913 3358 3967 vinum
3398 3911 3820 3984 Babylonicum

2166 4003 2364 4060 bibere
2403 4008 2767 4072 recusarent,
2812 4003 3032 4075 quique
3074 4003 3306 4057 fuerant
3343 3999 3623 4056 exsecrati
3666 4014 3825 4054 men-

2166 4108 2247 4148 sae
2267 4093 2439 4166 regite
2461 4092 2703 4149 delicias
2729 4109 2845 4148 non
2876 4092 3266 4147 adoraverunt
3284 4089 3691 4162 prostrati,sed
3717 4087 3825 4144 hu-

2165 4199 2409 4240 manum
2433 4198 2668 4239 omnem
2689 4179 3621 4253 potentatumcontempsere,imo
3642 4177 3820 4233 etiam

2166 4274 2358 4346 ipsam
2384 4272 2537 4345 ignis
2557 4274 2674 4327 vim
2696 4269 3102 4327 exstinxerunt
3121 4268 3188 4323 ⁸⁸.
3220 4267 3381 4333 Quod
3434 4266 3483 4323 si
3511 4270 3816 4337 peccatum

2166 4367 2399 4419 estnon
2430 4361 2721 4433 inspicere
2768 4375 2947 4431 opera
2998 4357 3252 4426 Domini,
3299 4372 3404 4412 nec
3448 4354 3822 4411 considerare

2167 4468 2345 4524 opera
2377 4466 2658 4506 manuum
2692 4450 2842 4519 ejus,
2905 4445 3293 4504 sustollamus
3339 4444 3552 4500 mentis
3603 4449 3820 4500 nostra

2167 4540 2392 4610 oculos,
2421 4543 2480 4596 et
2508 4539 2764 4595 rationes
2804 4553 3048 4610 operum
3107 4533 3340 4591 Domini
3377 4532 3688 4590 creatrices
3736 4533 3822 4590 in-

399 4619 527 4711 τους
562 4619 886 4711 όφθαλμοὺς
912 4618 1282 4711 τῆςδιανοίας
1319 4625 1504 4711 ἡμῶν,
1533 4625 1622 4679 καὶ
1827 4624 2057 4700 εἰδῶμεν

2171 4634 2642 4700 tueamur;atque
2667 4643 2736 4682 ex
2756 4625 3163 4698 magnitudine
3185 4622 3644 4695 pulchritudinis
3665 4638 3822 4679 crea-

398 4709 528 4773 τοὺς
560 4707 990 4787 δημιουργικοὺς
1024 4710 1228 4787 λόγους
1255 4717 1364 4768 τῶν
1414 4707 1583 4789 ἔργων
1627 4717 1724 4768 τοῦ
1773 4719 1932 4789 Θεοῦ,
1963 4715 2054 4771 καὶ

2171 4722 2456 4784 turarum,
2490 4733 2685 4772 rerum
2719 4714 3092 4771 conditarum
3125 4711 3393 4785 opiﬁcem
3425 4727 3558 4768 cum
3588 4710 3821 4782 opiﬁcio

398 4803 496 4855 τοῢ
525 4797 789 4875 μεγέθυυς
818 4806 919 4870 τῆς
949 4798 1231 4872 καλλονῆς
1258 4806 1365 4858 τῶν
1420 4803 1753 4876 κτισμάτων,
1783 4801 2051 4880 ἀνάλογον

2165 4823 2273 4865 suo
2304 4807 2743 4880 pr0portionem
2774 4803 3094 4876 quamdam
3124 4817 3191 4858 ac
3221 4798 3682 4858 convenientiam
3715 4798 3818 4855 ha-

468 4972 516 5009 "
543 4972 726 5031 Levit.
757 4990 816 5041 x,
843 4973 897 5028 9.
974 4973 1021 5010 ⁸⁸
1050 4972 1194 5032 Gen.
1226 4989 1301 5044 ιν,
1335 4974 1524 5033 19-21.
1599 4975 1643 5012 ⁸⁷
1673 4978 1815 5034 Gen.
1850 4979 2057 5047 xxx1,2

2202 4978 2245 5015 ⁸⁸
2281 4982 2423 5034 Dan.
2456 4994 2544 5046 ιιι,
2574 4976 2611 5031 7
2635 4991 2768 5049 sqq.

475 5160 587 5232 (54)
615 5160 854 5219 Veteres
884 5161 1147 5290 quinque
1169 5162 1327 5248 libri,
1358 5162 1692 5238 παρέτειναν.
1719 5164 1893 5237 Editi,
1916 5183 2054 5240 παρ-

475 5250 622 5287 εινον.
657 5233 823 5290 Haud
858 5250 1035 5290 nrocu
1091 5251 1352 5290 uulnaue
1401 5253 1572 5290 mss..
1621 5234 1907 5290 νηωαλίως
1957 5240 2053 5290 ζῆ-

2171 5166 2456 5224 secundam
2490 5166 2935 5290 navigationem,
2966 5161 3249 5235 inquiunt,
3280 5159 3430 5215 malo
3452 5157 3692 5214 minima
3711 5157 3815 5214 eli-

2171 5238 2499 5290 aendasunt.
2534 5237 2616 5290 Ibi
2664 5254 2757 5290 em
2787 5252 2887 5290 sex
2921 5253 3086 5290 mss..
3119 5232 3433 5290 ἀναστῆναι.
3467 5229 3644 5290 Editi.
3674 5226 3815 5283 ἀπο-

408 5229 823 5314 έτεινενΣΙῌᾶυᾱ
856 5229 1352 5314 proculquinque
1401 5229 1572 5309 mss.,
1621 5229 1907 5314 νηφαλίως
1957 5229 2053 5307 ζῆ·

408 5303 1007 5383 σαξιμΕάΞιίᾱηφάλίως
1040 5303 1157 5383 Cie.-

472 5376 583 5462 (ᾧ)
615 5375 1058 5464 Golbgprit‘uus,
1081 5375 1357 5464 πλοῦτος,
1390 5379 1561 5435 male.
1596 5379 1771 5464 Illud,
1803 5376 2052 5464 δεύτερος

398 5442 596 5525 πλοῦς,
626 5442 1421 5525 abaliisaliter'usurpatum
1443 5468 1594 5525 esse,
1619 5442 1780 5525 patet
1816 5469 1885 5509 ex
1926 5442 2050 5525 A'rij

399 5521 604 5595 stotele
631 5523 806 5595 Ethic.
841 5521 943 5577 lib.
980 5539 1042 5588 ιι,
1077 5521 1290 5595 οιιρ.’8.
1323 5524 1464 5595 Ejus
1516 5521 1643 5595 haec
1693 5529 1869 5595 sunt;
1927 5522 2049 5595 Ἐπὶ

400 5588 490 5643 οὖν
523 5596 621 5646 τοῦ
650 5593 815 5678 μέσου
838 5596 1034 5678 τυχεῖν
1065 5588 1267 5678 ’ἄκῐρως
1318 5588 1750 5678 χαλεπὸνκκατὰ
1783 5588 1874 5649 τὸν
1924 5592 2050 5649 δεύ-

397 5681 576 5741 τερον,
612 5662 764 5741 φασί,
785 5662 992 5741 πλοῦν,
1023 5665 1088 5741 τᾷ
1118 5662 1385 5740 ἐλάχιστα
1438 5662 1675 5737 ληπτέον
1706 5671 1813 5722 τῶν
1845 5671 2050 5738 κακῶν,

399 5736 589 5811 Itaque
615 5736 846 5811 difﬁcile
876 5753 1002 5793 cum
1029 5738 1102 5793 sit
1130 5736 1369 5797 medium
1395 5736 1563 5813 plane
1618 5743 1906 5812 attingere,
1951 5736 2054 5813 per

2161 5238 2499 5310 gendasunt.
2534 5226 2757 5295 Ibidem
2787 5252 2887 5293 sex
2920 5226 3086 5303 mss..,
3119 5226 3433 5302 ἀναστῆναι.
3467 5229 3644 5302 Editi,
3674 5226 3817 5283 ἀπο-

2162 5330 2224 5366 στ

2228 5330 2558 5453 1{Egi-Editi,
2584 5378 2613 5433 ὁ
2638 5378 2839 5452 πατήρ.
2876 5381 2938 5434 In
2955 5378 3170 5453 nostris
3196 5390 3468 5453 εθιςιιιξεἱ
3488 5373 3653 5453 deest
3673 5370 3814 5427 arti-

2235 5385 2349 5510 $56)
2380 5385 2558 5464 Editi,
2584 5385 2613 5433 ὁ
2638 5385 2839 5452 πατήρ.
2876 5385 2938 5434 In
2955 5385 3170 5433 nostris
3196 5392 3297 5432 sex
3319 5390 3463 5458 mss.
3488 5385 3653 5457 deest
3673 5385 3813 5427 aru-

2161 5471 2231 5535 cu
2261 5472 2351 5535 us.
2386 5454 2520 5535 Legl
2550 5455 2939 5535 potestcaput
2961 5466 3017 5505 ιν
3040 5447 3226 5505 Cenes.
3252 5447 3352 5503 ubi
3374 5444 3604 5502 Jubahs
3624 5458 3813 5516 genus

2162 5528 2533 5598 descriptum
2546 5528 2877 5598 invenitur,

2231 5601 2322 5671 (57
2360 5586 2468 5653 ’δίο
2500 5595 2633 5651 libri
2665 5592 2890 5665 antiqui
2922 5608 2937 5660 ;
2970 5596 3029 5646 at
3058 5590 3220 5657 editi,
3254 5586 3534 5663 πόῤῥωθεν
3567 5588 3732 5639 πιεῖν.

2231 5600 2346 5741 (58)
2377 5668 2550 5736 Editi,
2576 5661 2892 5741 échalpoiic
2923 5662 3082 5741 ἡμῶν
3116 5661 3226 5741 καί,
3256 5661 3482 5741 mutila.
3527 5660 3601 5714 At
3650 5658 3732 5712 utc

2231 5658 2346 5743 (585
2377 5668 2550 5743 Editi,
2576 5658 2892 5743 ἑφθαλμόὺς
2923 5658 3082 5743 ἡμῶν
3116 5661 3226 5743 καί,
3256 5658 3482 5743 mutila.
3527 5660 3601 5714 At
3650 5658 3806 5712 uter-

2160 5734 2275 5812 qu'e
2305 5734 2464 5800 Colb.
2499 5734 2557 5796 et
2581 5734 2720 5810 R'eg.
2754 5734 3050 5793 secundus
3081 5734 3170 5791 uti
3201 5735 3264 5790 in
3292 5735 3473 5791 textu.
