4138 6416
316 389 435 451 383

1253 391 1651 453 APPENDIX
1697 389 2021 454 OPEBUM
2067 392 2133 452 S.
2181 388 2461 450 BASILII
2509 387 2784 449 MAGNI.

3625 387 3746 448 384

322 523 554 578 bentem
587 523 1074 598 intelligamus".
1107 528 1173 580 Et
1202 524 1480 597 quoniam
1521 526 1837 582 lnvisibilia
1873 526 1972 582 Dei

2091 526 2197 584 τοῖς
2244 518 2705 595 δημιουργηθεῖσι
2751 518 2845 574 τὸν
2899 522 3007 574 τῶν
3061 539 3392 593 ποιηματων
3441 539 3750 596 γενεσιουρ-

321 627 363 668 α
390 617 646 668 creatura
676 615 885 682 muddi,
915 631 1012 686 per
1033 631 1096 670 ea
1128 629 1255 684 qua".o
1294 618 1449 686 facta
1503 624 1633 671 sunt
1687 617 1973 672 intellecta

317 703 740 774 conspiciuntur
761 705 841 769 θος
875 702 1176 758 sensibilis
1225 708 1629 759 creaturarum
1679 706 1973 776 perceptio

317 792 567 847 fortasse
622 793 776 847 dicta
824 797 913 846 est
958 792 1141 860 visio;
1195 793 1527 865 spiritualis
1586 811 1716 849 vero
1780 811 1974 851 rerum

321 880 645 937 omlestium
663 880 1557 954 comprehcnsio,contemplatio
1574 901 1636 938 ac
1652 884 1974 938 considera-

323 968 405 1025 tio
437 968 725 1039 appellata
745 976 853 1023 est.
891 971 1283 1042 Quapropter,
1309 972 1524 1043 inquit,
1551 973 1726 1044 Opera
1756 974 1976 1028 Domini

322 1073 434 1112 non
462 1059 765 1128 respiciunt
787 1075 807 1120 ;
839 1058 947 1113 hoc
973 1067 1082 1126 est,
1119 1077 1211 1115 res
1265 1061 1574 1116 sensibiles
1627 1063 1812 1117 oculis
1860 1080 1972 1118 non

323 1146 614 1201 lustrant:
647 1151 834 1217 Neque
892 1164 1057 1215 opera
1116 1167 1382 1205 manuum
1423 1153 1539 1215 eius
1577 1152 1974 1215 considerant;

324 1233 433 1289 hoc
464 1239 572 1306 est,
605 1237 818 1292 mentis
850 1238 899 1290 vi
953 1238 1335 1294 invisibilium
1389 1241 1974 1311 comprehensionem

325 1338 441 1377 non
472 1324 808 1395 exquirunt.
845 1330 1125 1382 Cmterum
1159 1345 1274 1399 quo
1307 1327 1453 1384 illud
1481 1330 1726 1385 diluculi
1761 1347 1973 1387 nomen

325 1412 514 1483 magis
545 1413 738 1468 adhuc
800 1415 971 1470 nobis
1030 1415 1379 1485 innotescat,
1441 1435 1978 1492 cognoscamusque

325 1501 580 1556 reditum
604 1519 636 1556 a
659 1504 916 1560 tenebris
943 1505 1246 1560 diliculum
1272 1507 1466 1578 ipsum
1491 1525 1638 1579 esse,
1664 1509 1787 1565 sive
1815 1515 1976 1566 tene-

324 1589 443 1645 bras
465 1590 576 1645 ille:
603 1591 1053 1663 proﬁciscantur
1075 1596 1488 1665 exjuventutis
1516 1598 1831 1669 dementia,
1857 1600 1979 1655 sive

327 1693 398 1734 ex
425 1681 520 1735 Dei
553 1679 917 1752 ignoratione
947 1684 1007 1738 in
1052 1684 1267 1740 animis
1312 1685 1717 1754 innascuntur,
1751 1689 1977 1760 primus

327 1769 388 1824 in
416 1770 719 1826 veritatem
770 1771 1046 1827 introitus
1105 1773 1432 1830 diluculum
1483 1782 1742 1833 vocatur.
1796 1778 1975 1834 Velim

2082 612 2178 687 γὸν
2229 614 2588 682 καθορῶντες.
2649 609 2748 663 Καὶ
2803 604 2992 678 ἐπειδὴ
3048 610 3130 666 Τὰ
3183 607 3389 684 ἀόρατα
3434 613 3534 664 τοῦ
3592 614 3752 682 Θεοῦ,

2083 700 2189 755 ἀπὸ
2279 699 2508 761 κτίσεως
2597 697 2848 772 κόσμου,
2899 702 3022 760 τοῖς
3123 700 3396 771 ποιήμασι
3485 700 3753 773 νοούμενα

2081 796 2420 866 καθορᾶται·
2459 792 2494 858 ἡ
2551 789 2644 862 μὲν
2700 787 2934 859 αίσθητὴ
2986 792 3093 842 τῶν
3142 787 3471 860 ποιημάτων
3526 787 3756 862 ἀντίλη-

2085 883 2175 954 ψις
2224 878 2410 955 ὅρασις
2460 879 2610 952 τάχα
2664 875 2907 951 εἷ’ρηται·
2941 878 2977 947 ἢ
3028 873 3085 931 δε
3127 877 3300 947 νοητή
3358 881 3466 932 τῶν
3528 877 3755 952 ὑπερκο-

2087 968 2262 1042 σμίων
2311 967 2621 1041 κατάληψις
2670 966 2856 1037 νόησις
2905 965 3363 1042 προσηγόρευται.
3414 968 3513 1021 Διὰ
3565 972 3753 1038 τοῦτο,

2085 1058 2168 1117 Τά
2225 1054 2377 1132 ἔργα,
2425 1055 2582 1132 φησὶ,
2636 1059 2732 1109 τοῦ
2791 1053 2995 1129 Κυρίου
3055 1053 3154 1108 οὐκ
3211 1049 3581 1127 ἐμϐλέπουσιο
3623 1076 3752 1110 του-

2083 1148 2254 1217 τέστι,
2287 1151 2405 1208 τοῖς
2437 1144 2721 1215 αἰσθητοῖς
2753 1140 2843 1198 διὰ
2863 1148 2970 1198 τῶν
3015 1139 3190 1216 ὄψεων
3243 1143 3306 1198 οὔ
3349 1138 3752 1218 προϐλέπουσι.

2086 1236 2186 1291 Καὶ
2244 1236 2312 1290 τὰ
2369 1229 2502 1309 ἔργα
2557 1237 2666 1288 τῶν
2727 1236 2932 1307 χειρῶν
2992 1233 3160 1287 αὐτοῦ
3235 1231 3297 1286 οὐ
3371 1237 3749 1288 κατανοοῦσι·

2084 1322 2475 1395 τουτέστι,διά
2519 1330 2620 1393 τῆς
2658 1325 2758 1377 τοῦ
2805 1325 2900 1376 νοῦ
2948 1321 3219 1397 ἐνεργείας
3274 1322 3374 1389 τὴν
3435 1321 3750 1397 κατάληψιν

2083 1422 2194 1471 τῶν
2252 1416 2498 1491 ἀοράτων
2547 1415 2649 1469 οὐκ
2708 1413 3048 1482 ἐκζητοῦσιν.
3107 1414 3222 1468 Ἵνα
3281 1409 3338 1467 δὲ
3397 1410 3474 1467 ἔτι
3530 1411 3746 1486 μᾶλλον

2086 1509 2223 1578 ἡμῖν
2255 1506 2317 1559 τὸ
2347 1512 2448 1574 τῆς
2478 1501 2688 1579 πρωίας
2719 1499 2892 1574 ὄνομα
2945 1505 3223 1576 τρανωθῇ,
3255 1501 3339 1556 δτι
3371 1504 3406 1571 ἡ
3466 1503 3572 1556 ἀπὸ
3630 1503 3751 1557 σκό-

2085 1616 2212 1656 τους
2249 1590 2534 1665 ἐπάνοδος,
2567 1591 2674 1647 εἷίτε
2731 1595 2828 1646 τοῦ
2885 1591 3021 1646 κατὰ
3070 1591 3168 1658 τὴν
3228 1589 3287 1646 ἐκ
3343 1593 3442 1660 τῆς
3491 1585 3750 1661 νεότητος

2089 1681 2337 1760 ἀλογίαν,
2373 1680 2479 1737 εἷ’τε
2506 1686 2604 1736 τοῦ
2647 1688 2749 1750 τῆς
2797 1680 3081 1756 ,ἀγνωσίας
3136 1683 3233 1734 τοῦ
3292 1684 3426 1736 Θεοῦ
3480 1685 3599 1742 ταῖς
3657 1683 3756 1754 ψυ-

2089 1779 2215 1848 χαῖς
2241 1772 2608 1848 ἐγγινομένου,
2644 1773 2678 1840 ἡ
2711 1770 2903 1842 πρώτη
2938 1765 3152 1832 εἴσοδος
3195 1768 3272 1832 εἷς
3328 1769 3428 1838 τὴν
3495 1768 3760 1840 ἀλήθειαν

327 1861 521 1915 autem
554 1858 793 1930 colligas
826 1861 1011 1917 multa
1043 1863 1466 1935 prophetarum
1497 1867 1568 1922 de
1594 1866 1853 1923 diluculo
1875 1871 1976 1923 aut

2091 1861 2268 1939 πρωία
2300 1861 2532 1936 λέγεται.
2571 1859 2822 1932 Συνάξεις
2856 1856 3008 1958 δὲιτὰ
3035 1856 3333 1958 πολλαχζοῦ
3369 1863 3482 1914 τῶν
3530 1879 3756 1937 προφη-

325 1947 397 2002 de
428 1947 620 2018 prima
649 1946 777 2003 luce
799 1948 943 2020 loca,
971 1967 1087 2022 quo
1120 1967 1222 2022 per
1251 1953 1646 2025 complurium
1670 1971 1974 2026 compara~

323 2033 543 2091 tionem
568 2036 865 2106 proposita
885 2040 1176 2095 sententia
1195 2040 1972 2116 elfulgeatExemplicausa,

325 2124 600 2180 Mittebam
627 2125 874 2182 diluculo
901 2129 1190 2199 prophetas
1212 2131 1254 2167 θι
1281 2151 1295 2199 ς
1321 2131 1461 2188 item
1489 2150 1502 2188 :
1528 2135 1684 2190 Mane
1713 2134 1974 2190 eamudies

326 2227 507 2269 vocem
527 2229 703 2269 meam
731 2215 814 2284 9’;
843 2221 932 2271 et:
978 2221 1140 2274 Mane
1168 2220 1394 2277 adstabo
1424 2223 1528 2278 tibi
1575 2231 1628 2278 et
1682 2223 1873 2278 videbo
1885 2224 1930 2259 ⁹³
1957 2244 1970 2292 ;

327 2306 428 2359 et:
485 2304 562 2359 De
601 2313 754 2360 nocte
798 2322 961 2363 mane
1005 2312 1287 2381 consurgit
1324 2312 1552 2382 spiritus
1597 2329 1751 2368 meus
1806 2313 1877 2368 ad
1925 2316 1976 2368 te

333 2393 471 2448 Deus
501 2393 581 2460 9‘;
617 2399 709 2450 et:
743 2395 880 2451 Deus
919 2401 1064 2452 Deus
1108 2415 1279 2469 meus,
1331 2401 1401 2454 ad
1445 2411 1498 2457 te
1556 2420 1588 2457 a
1624 2403 1810 2474 prima
1856 2403 1976 2459 luce

327 2481 494 2552 vigilo
525 2481 601 2550 9';
635 2489 689 2538 et
716 2499 728 2538 :
765 2485 826 2539 In
855 2489 1147 2543 matutinis
1176 2489 1577 2560 interﬁcz'cbam
1623 2508 1808 2549 omnes
1847 2510 1974 2562 pec-

326 2579 536 2627 catores
563 2574 726 2630 terrae
758 2575 844 2644 9°;
901 2574 1077 2632 item:
1135 2579 1213 2632 Ad
1268 2597 1553 2652 vesperum
1602 2582 1978 2639 demorabitur

325 2661 503 2731 ﬂetus,
533 2670 588 2717 et
615 2663 689 2717 ad
718 2666 1054 2720 matutinum
1111 2668 1313 2724 twtitia
1330 2671 1393 2724 ³⁷.
1429 2671 1536 2735 Qui
1569 2673 1636 2727 fit
1666 2672 1868 2744 igitur,
1911 2677 1976 2728 ut

329 2749 624 2821 propheta:
651 2753 1064 2810 convenienter
1094 2756 1229 2812 huic
1261 2758 1358 2815 Dei
1393 2759 1451 2814 in
1485 2760 1756 2817 homines
1803 2763 1974 2820 bene-

335 2838 579 2894 ticentiaa
605 2839 919 2897 mittantur
937 2845 1152 2901 mane?
1173 2847 1319 2911 Quia
1337 2849 1530 2904 omnis
1560 2866 1773 2920 sermo,
1801 2868 1833 2907 ο,
1862 2853 1976 2907 Deo

327 2928 590 2995 veniens,
619 2931 775 2985 venit
804 2932 872 2986 ad
908 2949 1015 2988 nos
1043 2935 1199 2991 ΔΘΑ
1230 2937 1328 3008 qui
1377 2938 1468 2994 Dei
1523 2939 1725 2995 audire
1772 2940 1978 2996 volun-

329 3018 510 3072 tatem
544 3034 892 3089 possumus;
926 3022 1144 3096 quippe
1178 3043 1290 3082 uon
1325 3043 1423 3082 eos
1446 3028 1545 3100 qui
1571 3029 1777 3100 puerili
1800 3029 1979 3085 insci-

330 3105 412 3160 tia
433 3107 790 3175 detinentur,
820 3112 920 3166 sed
944 3127 1043 3168 eos
1065 3115 1283 3185 quibus
1303 3117 1648 3188 insuntjam
1682 3120 1978 3177 naturales

327 3194 594 3252 notiones
623 3199 695 3253 ad
727 3199 1180 3259 discernendum
1212 3205 1434 3262 bonum
1487 3213 1545 3264 et
1593 3208 1839 3282 malum,
1889 3227 1977 3266 re-

2081 1957 2190 2007 τῶν
2224 1952 2347 2028 περὶ
2378 1947 2610 2026 πρωίας,
2651 1949 2686 2018 ἢ
2748 1948 2874 2025 περὶ
2923 1943 3152 2025 ὄρθρου,
3185 1947 3316 2022 ὑπὲρ
3373 1951 3470 2003 τοῦ
3523 1952 3593 2023 τῇ
3641 1952 3752 2004 τῶν

2084 2039 2354 2096 πλειόνων
2414 2039 2703 2116 παραθέσει
2763 2044 2993 2115 φανῆναι
3045 2038 3107 2092 τὸ
3155 2036 3536 2114 προκείμενον.
3588 2039 3745 2109 Οἶον,

2085 2128 2456 2187 Ἀπέστελλον
2545 2124 2746 2203 ὄρθρου
2847 2128 2976 2191 τοὺς
3053 2128 3340 2204 προφήτας
3377 2146 3390 2161 ο
3468 2125 3558 2181 καὶ
3642 2127 3748 2196 τὸ,

2085 2222 2236 2295 Πρωὶ
2269 2218 2554 2291 είσακούσῃ
2607 2224 2708 2287 τῆς
2753 2220 2940 2292 φωνῆς
3001 2234 3129 2289 μου’
3162 2215 3252 2271 καὶ
3310 2215 3394 2285 τὸ,
3430 2216 3583 2290 Πρωὶ
3643 2237 3749 2271 πα-

2085 2309 2425 2385 ραστήσομαί
2485 2329 2569 2363 σοι
2626 2307 2716 2362 καὶ
2777 2303 3056 2380 ἆπὸψομαι
3095 2325 3108 2338 ⁸
3167 2304 3258 2360 καὶ
3484 2305 3595 2376 τὸ,
3655 2307 3751 2363 Ἐκ

2083 2399 2272 2461 νυκτὸς
2333 2396 2574 2473 ὀρθρίζει
2628 2397 2690 2450 τὸ
2744 2395 2958 2469 πνεῦμά
3019 2417 3124 2468 μου
3177 2394 3316 2470 πρὸς
3367 2395 3445 2466 σὶ,
3497 2395 3526 2449 6
3579 2393 3744 2456 Θεός·

2084 2489 2196 2558 καὶ,
2251 2489 2312 2545 Ὁ
2359 2488 2506 2557 Θεὸς,
2569 2485 2596 2540 ὀ
2657 2486 2787 2548 Θεός
2852 2506 2978 2558 μου,
3024 2483 3162 2559 πρὸς
3222 2483 3279 2539 σὲ
3331 2482 3595 2560 ὀρθρίζω·
3656 2484 3746 2540 καὶ

2085 2579 2187 2647 τὸ,
2261 2577 2350 2639 Εἰς
2432 2576 2527 2638 τὰς
2611 2575 2826 2650 πρωίας
2927 2573 3238 2629 ἀπέκτεινον
3332 2573 3538 2635 πάντας
3617 2571 3747 2634 τοῦς

2090 2665 2456 2743 ἁμαρτωλοὺς
2511 2671 2612 2735 τῆς
2671 2670 2811 2739 γῆς·
2859 2664 2949 2720 καὶ
3005 2665 3090 2734 τὸ,
3150 2662 3411 2738 Ἑσπέρας
3479 2659 3746 2732 αὐλισθή-

2089 2778 2233 2813 σεται
2289 2755 2592 2829 κλαυθμὸς,
2623 2754 2712 2809 καὶ
2753 2755 2847 2822 ,εἱς
2903 2754 2964 2808 τὸ
3023 2753 3169 2829 πρωὶ
3226 2751 3571 2828 ἀγαλλίασις.
3621 2756 3746 2813 Πῶς

2089 2843 2204 2916 οὖν,
2229 2841 2641 2906 ἐπιϐαλλόντως
2673 2847 2740 2916 τῇ
2772 2847 2868 2897 τοῦ
2909 2845 3042 2898 Θεοῦ
3083 2841 3361 2917 εὐεργεσίᾳ
3410 2841 3490 2902 εἲς
3535 2841 3746 2915 ἀνθρώο

2089 2957 2223 2998 πους
2256 2935 2539 3010 γινομένῃ,
2565 2932 2710 3009 πρωὶ
2738 2929 3160 2987 ἐποστέλλονται
3191 2931 3248 2984 οἱ
3279 2936 3554 3006 προφῆται
3583 2930 3740 2998 ;”Οτι

2089 3030 2194 3088 πᾶς
2237 3021 2426 3098 λόγος,
2471 3023 2577 3077 ἀπὸ
2619 3025 2752 3076 Θεοῦ
2801 3019 3127 3097 ἐρχόμενος,
3155 3022 3291 3092 ἡμῖν
3341 3023 3457 3080 τοῖς
3509 3015 3739 3090 δυναμέ-

2088 3135 2199 3177 νοις
2230 3111 2546 3169 κατακούειν
2593 3115 2690 3167 τοῦ
2730 3110 2884 3167 Θείου
2918 3113 3028 3183 (6οι
3085 3108 3257 3179 Βουλή
3272 3128 3439 3180 ματος
3499 3103 3743 3183 ἔρχεται,

2090 3208 2197 3259 τῶν
2243 3201 2294 3258 έν
2346 3199 2573 3276 παιδικῇ
2633 3200 2787 3272 ἀνοίᾳ
2835 3195 3005 3254 ὄντων
3039 3197 3101 3253 οὐ
3131 3197 3563 3270 καθαπτόμενος·
3599 3193 3749 3250 ἀλλὰ

239 3286 242 3288 ’
327 3283 660 3357 prehendit.
698 3288 897 3360 Itaque
929 3292 999 3346 de
1031 3293 1104 3347 iis
1129 3293 1393 3366 loquitur
1413 3297 1732 3370 Scriptura,
1757 3269 1857 3371 qui
1881 3300 1978 3355 ubi

2092 3299 2199 3350 τῶν
2233 3292 2474 3369 ἐχόντων
2518 3269 2627 3362 ήδη
2677 3269 2776 3353 τὰς
2819 3291 3047 3367 φυσικὰς
3097 3287 3302 3350 ἑννοίας
3353 3269 3490 3360 πρὸς
3533 3283 3748 3361 διάκρι-

327 3373 587 3446 primum
619 3376 819 3434 oculos
844 3379 916 3435 ad
940 3385 1400 3453 comparandum
1424 3387 1875 3460 intelligentiam
1901 3390 1987 3446 in-

328 3464 665 3536 tenderunt,
700 3471 756 3520 et
787 3469 956 3538 quasi
987 3473 1204 3528 mentis
1262 3473 1488 3531 lumina
1519 3495 1551 3532 a
1582 3478 1773 3549 priore
1816 3479 1984 3551 igno-

329 3552 522 3608 rantia
551 3569 806 3626 erexere,
831 3561 1004 3629 atque
1036 3558 1226 3617 lucem
1261 3563 1518 3636 aliquam
1549 3569 1742 3624 cordis
1761 3569 1984 3625 obtuti-

332 3640 444 3696 bus
476 3659 775 3715 accepere,
800 3645 857 3702 in
887 3646 1047 3718 ipsos
1071 3650 1335 3708 illabitur
1357 3654 1459 3710 Dei
1491 3671 1705 3724 sermo,
1732 3658 1830 3728 qui
1855 3675 1985 3730 quae

329 3732 558 3803 agenda
595 3739 776 3800 sunt,.
817 3740 874 3791 et
923 3753 1050 3808 quae
1107 3745 1406 3814 praestant,
1460 3744 1761 3802 discernit.
1814 3747 1984 3803 Notio

330 3820 534 3875 eadem
577 3823 843 3894 subjecta
891 3831 982 3882 est
1011 3827 1102 3884 his
1130 3830 1303 3886 etiam
1339 3832 1547 3901 psalmi
1578 3837 1807 3905 verbis;
1833 3838 1987 3894 Mane

331 3909 596 3966 exaudies
624 3927 808 3969 vocem
839 3932 1021 3972 meam
1041 3934 1053 3973 :
1076 3935 1246 3976 mane
1276 3922 1472 3978 astabo
1501 3925 1606 3980 tibi
1635 3925 1696 3980 οδ.

405 4088 528 4144 162.
582 4091 853 4155 Quandiu
901 4095 1056 4151 enim
1109 4099 1308 4155 anima
1356 4105 1554 4158 nostra
1605 4109 1873 4161 versatur
1923 4105 1983 4161 in

333 4180 525 4247 nocte,
559 4181 808 4236 necdum
834 4189 1067 4242 exortus
1089 4193 1178 4245 est
1200 4189 1307 4258 sol,
1346 4207 1457 4245 non
1505 4200 1690 4263 potest
1723 4196 1985 4251 exaudiri

335 4283 370 4321 a
394 4266 530 4324 Deo.
558 4268 872 4341 Postquam
897 4291 1031 4330 vero
1055 4293 1087 4332 a
1109 4277 1208 4333 Dei
1250 4279 1618 4351 ignoratione
1661 4290 1986 4357 expurgatu

336 4355 533 4412 anima
549 4359 825 4418 obtulerit
848 4379 1066 4434 preces,
1090 4365 1149 4420 in
1173 4366 1482 4439 splendore
1497 4371 1799 4428 rationalis
1812 4355 1984 4443 spiri-

333 4445 634 4518 tualisque
647 4449 758 4504 diei
775 4452 1245 4520 constituta,tum
1263 4457 1498 4513 demum
1515 4460 1682 4515 Deum
1697 4462 1853 4518 vocis
1867 4481 1983 4519 suae

335 4535 664 4624 auditorem
682 4537 878 4595 habet.
893 4542 1197 4615 Propterea
1213 4547 1383 4603 dicit:
1411 4549 1564 4604 Mane
1584 4551 1769 4606 astabo
1788 4554 1911 4624 tibi,
1935 4559 1986 4610 et

2094 3406 2174 3440 σιν
2236 3382 2412 3438 καλοῦ
2461 3402 2521 3437 τε
2567 3382 2657 3436 καὶ
2705 3383 2892 3437 κακοῦ.
2928 3377 3057 3451 Περὶ
3104 3377 3311 3433 τούτων
3373 3373 3464 3432 οὖν
3497 3376 3526 3430 6
3561 3372 3749 3449 λόγος,

2095 3473 2178 3529 ὅτι
2227 3476 2339 3546 ἅμα
2384 3473 2464 3544 τῷ
2511 3469 2823 3548 παρακύψαι
2872 3466 3070 3528 αὐτοὺς
3129 3465 3206 3528 εἷς
3264 3467 3364 3534 τήν
3415 3464 3631 3534 νόησιν,
3658 3463 3751 3518 καὶ

2096 3565 2261 3621 οἷονεί
2293 3564 2483 3638 ἐπᾶραι
2516 3563 2624 3618 ἀπὸ
2651 3569 2752 3632 τῆς
2781 3559 2889 3634 πρὸ
2940 3559 3138 3614 τούτου
3193 3558 3414 3634 ἀγνοίας
3466 3556 3595 3619 τοὺς
3655 3561 3752 3624 τῆς

2093 3659 2278 3732 ψυχῆς
2310 3651 2653 3732 ὀφθαλμοὺς,
2684 3651 2775 3706 καὶ
2807 3647 3052 3722 δέξασθαί
3080 3668 3204 3703 τινα
3253 3646 3427 3722 αὐγὴν
3477 3650 3593 3708 τοῖς
3648 3651 3751 3714 τῆς

2093 3743 2319 3821 καρδίας
2351 3739 2586 3818 ὄμμασι,
2621 3739 3022 3797 συνεισέπιπτεν
3066 3739 3094 3793 6
3141 3739 3418 3800 τοῦ.Θεοῦ
3468 3733 3655 3810 λόγος,
3683 3735 3754 3789 τὰ

2092 3834 2332 3909 πρακτέα
2379 3831 2468 3889 καὶ
2515 3832 2675 3904 τίμια
2720 3831 2834 3902 (61)
2881 3825 3296 3904 διορίζων.Τοῦ
3343 3825 3511 3880 αὐτοῦ
3565 3822 3746 3900 ἔχεται

2093 3928 2188 3979 νοῦ
2239 3924 2328 3978 καὶ
2378 3922 2441 3976 τὸ
2493 3924 2590 3976 τοῦ
2663 3918 2888 3994 ψαλμοῦ
2921 3937 2935 3951 ·
2987 3918 3057 3972 Τὸ
3109 3915 3254 3993 πρωὶ
3306 3913 3593 3989 εἰσακούσῃ
3647 3920 3746 3983 τῆς

2094 4020 2277 4090 φωνῆς
2306 4029 2429 4083 μου·
2461 4010 2523 4064 τὸ
2553 4007 2697 4084 πρωὶ
2730 4004 3150 4083 παραστήσομαί
3178 4026 3286 4061 σοι.

2165 4105 2288 4160 462.
2321 4104 2464 4162 Ἕως
2529 4099 2622 4172 μὲν
2672 4099 2774 4174 γὰρ
2823 4097 2910 4167 νὺξ
2941 4094 3131 4172 ἤπερὶ
3178 4095 3277 4162 τήν
3330 4093 3514 4169 ψυχὴν
3564 4094 3750 4165 ἡμῶν,

2091 4192 2182 4247 καὶ
2218 4193 2387 4264 μήπω
2435 4184 2763 4260 έπανατείλῃ
2797 4187 2826 4240 6
2857 4183 3041 4255 ἥλιος,
3073 4184 3172 4240 οὐκ
3223 4181 3364 4239 ἔστιν
3413 4182 3752 4250 ἔπακουσθῆ-

2092 4301 2178 4336 ναι
2214 4279 2318 4336 ὑπὸ
2350 4283 2521 4336 Θεοῦ⁶
2569 4273 2783 4332 ἐπειδὰν
2843 4273 2901 4330 δὲ
2952 4273 3387 4348 ἀποκαθαρθεῖσα
3444 4272 3598 4348 ψυχὴ
3652 4277 3754 4341 τῆς

2094 4370 2218 4445 περὶ
2250 4373 2384 4425 Θεοῦ
2423 4365 2668 4444 ἀγνοίας,
2702 4365 2957 4439 ἀνενέγκῃ
3011 4361 3244 4435 δεήσεις,
3279 4362 3330 4418 ἐν
3375 4364 3444 4436 τῇ
3494 4358 3752 4436 λαμπρό-

2093 4481 2216 4531 τητι
2244 4465 2343 4528 τῆς
2377 4456 2605 4533 λογικῆς
2647 4455 2738 4510 καὶ
2769 4455 3141 4528 πνευματικῆς
3191 4450 3402 4527 ἡμέρας
3457 4449 3751 4525 γενομένη,

2097 4548 2446 4606 εἰσακούοντα
2477 4544 2594 4622 ἔχει
2625 4548 2724 4615 τῆς
2757 4551 2945 4623 φωνῆς
2972 4543 3062 4598 τὸν
3096 4543 3247 4598 Θεόν.
3284 4543 3382 4595 Διὰ
3426 4539 3588 4595 τοῦτό
3647 4560 3752 4614 φη-

333 4622 605 4714 videbo".
638 4629 798 4691 Quod
831 4629 880 4684 si
912 4631 996 4686 vis
1046 4634 1156 4689 Deo
1189 4634 1338 4706 sisti,
1373 4636 1641 4709 improbo
1691 4640 1838 4696 nulli
1892 4622 1978 4698 net

2104 4659 2192 4694 σι·
2253 4639 2323 4694 Τὸ
2383 4634 2528 4714 πρωί
2601 4622 3025 4712 παραστήσομαί
3091 4652 3215 4703 σοι,
3274 4630 3365 4684 καὶ
3424 4629 3704 4704 έπάψομαι
3739 4649 3753 4664 ο

332 4712 492 4786 gotio
519 4713 776 4784 intersis,
804 4721 902 4774 sed
931 4722 1014 4776 fac
1037 4739 1165 4794 quas
1198 4725 1378 4798 Moysi
1402 4728 1740 4800 praescripta
1771 4737 1908 4786 sunt
1933 4733 1949 4768 ¹
1973 4749 1985 4787 :

330 4806 414 4859 Tu
447 4808 647 4861 autem
679 4806 760 4862 ibi
794 4812 888 4866 sta
919 4828 1114 4870 coram
1147 4831 1259 4883 me,
1295 4816 1522 4887 ﬁrmus,
1574 4819 1985 4892 inconcussus,

2099 4729 2166 4786 Ei’
2190 4729 2293 4804 γὰρ
2331 4725 2552 4801 μέλλεις
2584 4723 2943 4795 παρίστασθαι
2975 4725 3054 4794 τῷ
3113 4724 3252 4792 Θεῷ,
3290 4716 3483 4793 μηδενὶ
3532 4723 3756 4794 πονηρῷ

2097 4817 2393 4895 παρίστασο
2425 4815 2728 4892 πράγματι,
2763 4811 2908 4869 ἀλλὰ
2935 4812 3081 4866 ποίει
3113 4809 3179 4865 τὰ
3207 4813 3286 4882 τῷ
3335 4813 3556 4866 Μωῦσεῖ
3585 4827 3755 4883 προσ-

473 4939 607 5030 δηειρ·
629 4957 766 5030 31]},
931 4947 1245 5030 “31012.3,
1279 4955 1368 5030 20.
1447 4957 1488 4992 σί
1517 4958 1735 5015 Jerem.
1759 4959 1850 5030 25,
1882 4959 1936 5013 4.

2098 4953 2272 5030 “Psal.
2306 4953 2446 5030 _v_,_li.
2534 4949 2774 5030 _°~’:ibid.
2805 4949 2860 5004 5.
2967 4947 3149 5030 “lea,
3180 4961 3337 5015 χχιιι,
3367 4946 3424 5001 9.
3521 4946 3566 4982 ⁸⁸
3596 4945 3752 5002 Psal.

333 5025 468 5081 Lm,
496 5015 552 5067 2.
629 5014 672 5049 “
696 5016 854 5072 Psal.
889 5033 942 5090 ο,
974 5020 1026 5073 8.
1107 5022 1148 5056 ⁹⁷
1179 5014 1329 5081 Psal.
1363 5045 1518 5099 xx1x,
1547 5032 1582 5085 6
1633 5014 1700 5066 793
1733 5014 1887 5087 Psal.
1922 5047 1978 5097 ν,

2095 5028 2151 5082 5.
2230 5027 2273 5062 ⁰⁹
2304 5014 2448 5081 ibid.
2529 5027 2546 5060 ¹
2581 5023 2756 5079 Exod.
2790 5035 2990 5090 χχχιιι,
3021 5019 3111 5075 21.

403 5158 784 5254 _(_5_9l_!eteres
813 5171 933 5254 tres
967 5169 1099 5254 libri
1124 5172 1216 5230 hio
1247 5179 1303 5254 et
1322 5176 1504 5254 _i_n_fra,
1538 5178 1842 5254 ἐπόψομαι,
1866 5177 1978 5234 καί.

333 5230 476 5357 118%.
511 5234 760 5316 primus,
790 5239 881 5293 καὶ
913 5239 1219 5326 ἐπόψειῑμε.
1259 5230 1982 5327 Ed‘iti,

333 5319 433 5357 aut
481 5320 550 5357 US
583 5312 666 5357 lla
696 5326 931 5357 nnnnnn
962 5319 1207 5357 inihi-inn
1241 5317 1454 5357 Ιοηιίιηπ

332 5309 931 5392 qu’ilbfus‘itaquoque
962 5309 1473 5392 inl'eriusilegitu'r.
1703 5309 1711 5327 ’
1739 5309 1746 5327 ’

365 5375 526 5464 Ξφο)
550 5375 753 5464 Nostri.
777 5375 919 5464 mss,
953 5404 1179 5464 omnes,
1206 5375 1404 5464 Aeetia
1430 5375 1601 5464 Dditi,
1647 5399 1801 5451 Θεοῦ.
1857 5401 1983 5450 Sta-

333 5447 670 5538 liiAmLmss”
729 5447 916 5524 ἀνοίᾳ(
961 5460 1133 5532 Edili,
1165 5447 1396 5538 ’ἀγνοίῴ
1432 5447 1629 5522 θίξιῖά
1657 5447 1675 5450 ν

336 5532 536 5572 sensu.

406 5590 737 5680 (δυὲίοὲίεῐξί
799 5615 929 5680 Βριη
956 5616 1108 5680 mss,
1155 5616 1212 5660 et
1267 5608 1430 5674 editi,
1479 5607 1545 5661 τὰ
1600 5607 1838 5680 πρακτέα
1894 5608 1984 5663 καὶ

329 5658 515 5754 τίμια.
538 5667 647 5754 Sed
677 5669 1063 5754 Combeﬁsius
1085 5658 1545 5754 homo

331 5735 601 5794 tissimus
632 5738 828 5799 locum
862 5743 1017 5802 hunc
1042 5735 1758 5812 emendanduumioensuit.
1775 5735 1982 5828 ip‘siim

2095 5176 2404 5258 audiamus
2442 5191 2456 5258 ξ
2514 5173 2589 5258 'l‘a‘i
2645 5167 2888 5246 πρακτέα
2913 5163 3172 5258 laetiﬁci!
3199 5162 3629 5258 μῇμδιορίςωνκ

2094 5265 2213 5304 meo
2240 5235 2821 5329 periculo’tegas,'non
2865 5249 2926 5298 ut
2953 5241 3100 5324 editi
3121 5243 3174 5296 et
3201 5235 3385 5304 'mss.,
3411 5235 3524 5323 ι’καὶ
3576 5235 3754 5366 τίμα,

2094 5321 2450 5383 decoquitque
2479 5324 2767 5383 interpres.
2803 5319 2938 5383 Quae
2971 5315 3312 5383 conJeetura
3344 5310 3488 5366 mihi
3508 5327 3605 5383 qui
3652 5326 3746 5383 em

2094 5321 2220 5377 deco
2262 5323 2450 5392 aitque
2479 5321 2767 5392 interpres.
2803 5321 2938 5383 Quae
2971 5321 3312 5395 conjectura
3344 5321 3746 5395 mihiquidem

2137 5340 2425 5465 erp'lacet:
2456 5393 2554 5448 sed
2589 5394 2794 5448 contra
2831 5387 3243 5467 auctoritatem
3289 5399 3483 5468 omnis
3526 5399 3758 5456 generis

2095 5409 2381 5519 librorum
2414 5463 2719 5519 uuidniam
2747 5461 3029 5516 innovare
3046 5455 3194 5512 mihi
3217 5455 3423 5519 religio
3450 5461 3559 5512 est.
3586 5455 3754 5510 Haud

2120 5455 2382 5541 ibrbrum
2414 5463 2719 5541 quidpiam
2738 5461 3029 5541 innovare
3046 5455 3194 5541 mihi
3217 5455 3559 5541 religiqest}
3586 5455 3754 5541 Haud

2093 5537 2266 5609 longe
2295 5526 2460 5612 editi,
2491 5526 2766 5612 «siuet
2799 5527 3053 5612 ψαλμοῦ,
3081 5526 3303 5612 Vocula
3332 5526 3392 5582 ἐκ
3406 5527 3480 5612 in
3538 5527 3758 5585 nostris

2097 5597 2374 5688 sexumss.
2395 5597 2597 5688 deest.
2629 5597 2886 5688 subinde
2915 5597 3079 5672 editi,
3096 5599 3226 5688 ,γὰρ’
3243 5597 3530 5688 tdv.‘_l)uo
3585 5616 3754 5688 uisa,

2095 5677 2308 5810 γὰρ.
2339 5685 2413 5738 At
2441 5696 2633 5754 neque
2679 5675 2789 5749 ἐάν,
2851 5670 3151 5747 ιιθςιιοόἱν
3185 5670 3272 5730 ’ἰιι
3321 5672 3455 5731 aliis
3505 5677 3759 5745 quatuor

2117 5768 2209 5826 egi
2242 5769 2329 5810 ur.
