4138 6374
327 369 441 430 38⁸7

1279 362 1674 429 APPENDIX
1720 362 2049 431 OPEHUM
2095 370 2160 431 S.
2207 369 2488 437 BASILII
2535 376 2812 442 MAGNl.

3631 385 3752 452 388

329 503 655 572 poterat,ut
687 516 841 558 unus
873 501 1149 557 omnibus
1177 500 1448 556 evaderet
1475 501 1747 573 superior
1768 517 1948 573 :quan

2097 501 2518 579 αμαρτανόντων
2577 508 2772 585 ὅντων,
2801 512 2877 577 ὡς
2904 515 2967 569 τὸ
2998 512 3165 578 εἶκός·
3189 515 3281 571 καὶ
3312 516 3359 571 εἰ
3387 517 3628 592 πολέμῳ
3652 519 3746 574 αὖ·

330 590 672 663 dcquidem,
700 595 765 647 ut
794 594 1043 655 constat,
1079 588 1245 644 multi
1274 595 1414 645 sunt
1443 590 1546 662 qui
1577 590 1926 662 delinquant
1957 606 1970 646 :

327 684 385 735 et
409 680 459 735 si
483 679 636 736 bello
650 697 749 736 eos
764 678 1333 751 superasset,utique
1354 678 1615 736 diluculo
1637 697 1753 735 uno
1771 696 1975 735 omnes

325 767 507 824 simul
529 768 838 825 occidisset
860 786 875 837 ;
900 767 1003 822 sed
1026 784 1140 821 non
1160 782 1516 839 unoquoque
1547 767 1803 823 diluculo
1829 767 1974 840 ipsis

328 875 439 915 sua
470 875 647 913 manu
674 854 973 911 intulisset
1003 860 1276 911 mortem.
1311 857 1461 922 Quid
1485 857 1667 929 igitur
1697 857 1807 913 hoc
1861 856 1974 913 sibi

320 945 478 1001 vult:
522 947 585 1001 In
631 946 929 1001 matutinis
976 945 1380 1015 z'ntcrfwicbam
1438 962 1622 1002 omne:
1671 955 1974 1019 peccatores

321 1038 507 1101 terra,
541 1042 601 1089 ut
629 1033 997 1105 disperderem
1025 1034 1092 1088 de
1119 1035 1350 1090 civitate
1378 1036 1602 1091 Domini
1629 1052 1814 1092 omne:
1843 1052 1971 1107 cpe-

315 1126 501 1179 rantes
531 1123 877 1194 iniquitatem
894 1121 922 1178 ?
953 1123 1119 1178 Dicta
1141 1123 1341 1180 isthsec
1373 1124 1562 1197 magis
1583 1125 1725 1180 scite
1749 1127 1969 1198 magis-

317 1226 431 1282 que
461 1210 728 1283 opposite
759 1210 1203 1284 intelligamus;
1235 1216 1302 1267 ut
1333 1230 1424 1283 ne,
1453 1214 1607 1284 quod
1642 1214 1805 1269 nefas
1856 1217 1965 1283 est,

316 1299 659 1373 prophetica
714 1316 1111 1372 coarguamus
1159 1300 1414 1357 oracula.
1463 1303 1675 1358 Civitas
1707 1302 1965 1369 Domini,

313 1394 728 1463 coagmentum
747 1394 837 1445 est
861 1394 919 1446 et
937 1390 1282 1446 constitutio
1306 1390 1523 1462 opiﬁcii
1550 1391 1793 1448 humani
1819 1408 1967 1464 :pec-

312 1483 537 1536 catores
564 1494 699 1535 vero
730 1483 894 1535 terra:
929 1496 1042 1534 non
1077 1479 1173 1534 alii
1198 1484 1358 1548 sunt,
1384 1481 1628 1551 quamAii
1655 1482 1726 1537 de
1747 1481 1964 1553 quibus

313 1569 578 1640 loquitur
604 1572 872 1624 Servator
894 1585 906 1624 :
930 1568 1015 1624 Ab
1035 1568 1283 1641 intimis,
1305 1570 1343 1623 Α
1366 1569 1524 1626 corde
1542 1574 1963 1643 exeuntcogita-

314 1658 688 1728 tionesmala’,
718 1657 968 1723 invidia,
1003 1657 1210 1725 credes,
1236 1658 1538 1729 adulteria,
1590 1662 1770 1731 furta,
1818 1662 1964 1733 falsa

313 1748 623 1803 testimonia
652 1746 695 1813 ⁸,
727 1750 785 1802 et
814 1746 909 1803 his
941 1745 1178 1804 similia.
1207 1747 1312 1812 Qui
1360 1752 1559 1804 autem
1589 1765 1653 1805 se
1702 1750 1829 1822 ipse
1871 1768 1963 1808 ex-

2083 596 2191 646 τῶν
2258 596 2677 670 κατεκράτησεν,
2757 600 2808 656 ἐν
2896 603 2993 676 μίᾷ
3064 604 3278 668 πάντως
3343 603 3404 660 ἂν
3460 606 3743 664 ἀπέκτεινε

2083 682 2265 754 πρωίᾳ
2312 683 2438 746 τοὺς
2485 686 2817 761 σύμπαντας⁶
2859 688 2988 746 ἀλλ’
3038 692 3167 768 οὐχὶ
3214 693 3305 749 καὶ
3347 697 3463 750 καθ’
3510 694 3741 768 ἑκάστην

2082 771 2292 842 πρωίαν
2338 773 2595 850 αὐτόχειρ
2656 777 2830 833 αὐτῶν
2885 778 3092 856 ἐγένετο
3150 785 3283 857 (67).
3356 783 3423 842 Τί
3482 785 3573 841 οὗν
3624 786 3736 842 ἐστι

2081 858 2175 951 τὸ,
2226 860 2321 951 Εἰς
2378 863 2473 919 τὰς
2514 865 2723 939 πρωίας
2778 868 3066 924 ἀπέκτενον
3127 873 3329 935 πάντας
3383 873 3510 937 τοὺς
3555 874 3737 951 ἀμαρ-

2078 947 2295 1012 τωλοὺς
2367 959 2469 1021 τῆς
2540 960 2664 1027 γῆς,
2746 961 2843 1011 τοῦ
2919 956 3298 1036 ἐξολοθρεῦσαι
3378 962 3436 1017 ἐκ
3519 947 3739 1030 πόλεως

2082 1038 2287 1112 Κυρίου
2344 1042 2548 1107 πάντας
2624 1045 2750 1107 τοὺς
2828 1045 3222 1122 ἐργαζομένους
3296 1054 3394 1122 τὴν
3455 1053 3732 1128 ἀνομίαν;

2081 1129 2451 1204 Συνετώτερον
2510 1136 2616 1187 τῶν
2668 1132 2971 1209 λεγομένων
3033 1136 3445 1214 ἐπακούσωμεν,
3507 1139 3594 1198 i'va
3654 1146 3731 1218 μὴ

2077 1220 2544 1294 κατηγορήσωμεν
2572 1224 2678 1275 τῶν
2711 1229 3066 1299 προφητικῶν
3123 1226 3346 1304 λογίων,
3381 1230 3409 1285 ὃ
3439 1232 3515 1304 μή
3548 1232 3729 1306 θέμις,

2078 1306 2247 1369 Πόλις
2280 1312 2376 1362 τοῦ
2410 1307 2636 1383 Κυρίου,
2689 1314 2722 1380 ἡ
2766 1312 3017 1376 σύστασίς
3064 1314 3177 1371 ἐστι
3232 1325 3333 1387 τῆς
3385 1320 3727 1395 ἀνθρωπίνης

2074 1404 2429 1467 κατασκευῆς·
2463 1400 2784 1475 ἁμαρτωλοὶ
2812 1399 2868 1456 δὲ
2906 1410 3029 1480 γῆς,
3061 1404 3159 1460 οὐκ
3188 1404 3353 1462 ἄλλοι
3383 1410 3522 1472 τινές
3565 1412 3721 1481 εἰσιν,

2073 1486 2107 1555 ἢ
2166 1487 2288 1561 περὶ
2347 1489 2419 1542 ὧν
2480 1510 2643 1565 φησιν
2697 1492 2733 1560 ἠ
2793 1494 3013 1569 Σωτήρ
3074 1495 3157 1549 ὅτι
3210 1491 3427 1570 ἔσωθεν,
3486 1500 3575 1553 Ἐκ
3626 1504 3725 1566 τῆς

2071 1574 2294 1651 καρδίας
2372 1577 2677 1654 ἐξέρχονται
2750 1577 3104 1657 διαλογισμοὶ
3178 1588 3433 1660 πονηροὶ,
3511 1588 3722 1663 φθόνοι,

2073 1665 2250 1741 φόνοι,
2311 1672 2609 1742 μοιχεῖαι,
2658 1665 2862 1725 κλοπαὶ
2893 1716 2910 1742 ,
2970 1669 3455 1750 ψευδομαρτυρίαι,
3513 1676 3605 1732 καὶ
3654 1679 3722 1733 τὰ

2067 1754 2285 1819 τούτοις
2341 1756 2528 1830 ὅμοια.
2580 1757 2821 1823 Τούτους
2878 1758 2944 1829 δὴ
2973 1763 3084 1837 (68)
3115 1762 3242 1826 τοὺς
3282 1771 3385 1835 τῆς
3408 1772 3508 1841 γῆς
3537 1768 3719 1843 ἀμαρ-

312 1839 545 1910 purgat,
596 1834 743 1892 istos
772 1838 938 1891 terrai
987 1839 1322 1907 peccatores
1379 1853 1449 1892 ex
1505 1842 1734 1895 terrena
1786 1857 1953 1898 carne

2068 1845 2307 1916 τωλοὺς,
2365 1847 2494 1910 τοὺς
2552 1847 2613 1904 ἐκ
2657 1856 2758 1919 τῆς
2801 1834 2996 1925 γηίνης
3036 1834 3230 1927 σαρκὸς
3276 1834 3718 1929 προϊόνταςκαθ

311 1923 688 1996 prodeuntes,
724 1940 825 1996 per
855 1923 1179 1996 quamlibet
1209 1924 1311 1981 Dei
1327 1927 1740 1999 cogitationem
1755 1946 1825 1985 ex
1852 1947 1953 1987 sua

2075 1932 2303 2023 εκάστην
2364 1933 2571 1992 ἔννοιαν
2634 1941 2745 2011 (69)
2801 1923 2899 2007 τήν
2958 1923 3112 2015 περὶ-
3142 1947 3277 1997 Θεοῦ
3321 1923 3635 2023 ’ἐξαφανίζει
3664 1947 3724 2003 ἐκ

311 2016 606 2069 structura
636 2012 801 2085 fugat
829 2017 886 2069 et
918 2014 1109 2084 ejecit.
1140 2013 1343 2085 Itaque
1373 2015 1473 2071 lux
1506 2018 1694 2088 prima
1725 2023 1781 2074 et
1813 2018 1964 2077 dilu-

309 2100 507 2157 culum
540 2101 613 2157 ad
645 2117 1130 2174 unumquemque
1150 2103 1438 2159 salutiferi
1469 2107 1766 2178 dogmatis
1795 2126 1961 2165 exor-

307 2195 437 2248 tum
468 2196 796 2248 nascuntur
826 2193 883 2246 in
915 2192 1136 2262 anima,
1167 2192 1227 2248 in
1259 2211 1375 2266 qua
1404 2194 1664 2252 delendae
1708 2204 1849 2255 sunt
1904 2205 1962 2257 et

306 2279 762 2337 exterminandas
792 2297 997 2336 omnes
1029 2281 1410 2353 cogitationes
1428 2285 1799 2357 iniquitatem
1822 2305 1959 2361 ope-

306 2373 523 2426 rantes.
556 2369 783 2425 Etenim
818 2369 931 2425 nisi
963 2370 1139 2442 primi
1172 2370 1253 2426 illi
1285 2374 1491 2428 anima:
1523 2376 1593 2431 ad
1629 2377 1956 2448 nequitiam

307 2462 505 2514 motus
536 2458 979 2528 abscinduntur,
1004 2475 1242 2516 necesse
1275 2461 1448 2517 fuerit
1469 2464 1852 2535 cogitationes
1883 2468 1956 2522 ad

308 2564 459 2620 opus
490 2547 819 2628 procedere.
851 2547 1020 2603 Verbi
1044 2549 1253 2621 gratia,
1278 2554 1443 2605 terrea
1478 2558 1744 2624 peccator
1798 2556 1953 2628 cogi-

303 2635 446 2691 tatio
476 2639 567 2690 est
597 2635 951 2691 adulterium
985 2651 1330 2708 suggerens,
1361 2655 1487 2710 qua:
1519 2642 1698 2698 efﬁcit
1730 2648 1794 2699 ut
1823 2644 1958 2717 quis

304 2723 611 2780 mulierem
628 2723 925 2779 intueatur
946 2724 1017 2779 ad
1035 2741 1162 2780 eam
1182 2728 1959 2799 concupiscendam°.Proin-

304 2813 383 2868 da
407 2812 519 2868 nisi
551 2811 792 2869 tollatur
822 2830 889 2868 ex
920 2814 1134 2885 anima,
1181 2815 1362 2872 veluti
1423 2817 1617 2890 gladio
1673 2822 1952 2894 quodam,

303 2917 577 2957 sermone
606 2901 963 2973 cupiditates
980 2901 1346 2960 abscindenti
1380 2911 1436 2962 et
1457 2912 1957 2985 exterminanti,et

305 2989 419 3045 nisi
452 2989 512 3045 id
544 2990 647 3046 ﬁat
674 2989 959 3059 diluculo,
992 2990 1102 3047 hoc
1133 2998 1243 3061 est,
1277 2994 1375 3048 ubi
1410 2997 1663 3067 primum
1695 3018 1824 3058 sese
1853 3004 1954 3060 de-

301 3077 555 3134 texerit:
607 3083 740 3150 post
785 3079 1141 3135 adulterium
1200 3081 1257 3136 in
1330 3085 1503 3141 corde
1579 3096 1952 3164 conceptum,

302 3166 599 3225 hominem
628 3168 901 3225 detrudet
929 3168 989 3223 in
1022 3174 1324 3241 peccatum
1346 3173 1462 3229 alio
1491 3178 1751 3248 gravius,
1784 3180 1947 3238 illum

303 3258 522 3330 quippe
543 3258 616 3313 ad
644 3257 842 3329 ipsum
869 3258 1131 3329 corporis
1155 3264 1351 3317 actum
1373 3261 1657 3336 impellet.

377 3434 498 3489 164.
521 3433 889 3490 Arbitramur
909 3433 1003 3490 bis
1024 3450 1282 3492 consona
1312 3455 1440 3496 esse
1471 3441 1672 3500 islhaac
1684 3444 1948 3505 Jeremite

297 3522 517 3578 verba:
562 3522 877 3579 Maledicta:
897 3526 997 3594 qui
1012 3525 1152 3598 facit
1198 3542 1364 3598 apem
1407 3531 1629 3589 Domini
1669 3536 1950 3608 negligen-

300 3616 464 3682 ter,et
494 3613 593 3683 qui
616 3611 892 3667 subtrahit
920 3612 1171 3683 gladium
1196 3616 1511 3675 4983mm
1542 3638 1575 3677 α
1603 3628 1946 3695 sanguine“.

299 3703 581 3778 Quisquis
603 3702 760 3759 enim
796 3703 1289 3777 maledictihujus
1321 3713 1698 3772 acerbitatem
1734 3720 1948 3778 evitare

296 3792 442 3862 vult,
458 3793 721 3865 gladium
744 3810 915 3849 suum
939 3795 1307 3866 spiritualem
1333 3801 1405 3855 ab
1426 3804 1778 3863 eil'undezdo
1808 3826 1945 3866 san-

295 3881 474 3953 guine
504 3882 795 3953 ejusmodi
827 3889 1197 3954 peccatorum
1222 3904 1525 3960 nunquam
1554 3894 1825 3954 cohibere
1854 3900 1948 3956 de-

294 3971 413 4028 bet.
444 3970 581 4026 Tale
610 3970 791 4043 igitur
833 3976 922 4027 est
948 3977 1002 4027 et
1037 3976 1191 4044 quod
1226 3994 1381 4033 nunc
1410 3978 1625 4037 dicitur
1679 3986 1749 4041 de
1797 3988 1946 4045 dilu-

293 4059 448 4116 culo.
475 4059 573 4115 νω
602 4059 712 4127 illi,
752 4062 851 4133 qui
893 4061 1028 4118 licet
1058 4069 1192 4134 post
1241 4066 1490 4138 primam
1547 4077 1771 4132 aetatem
1809 4095 1946 4135 exa-

291 4152 467 4215 ctam,
500 4148 723 4206 ratione
754 4150 810 4205 in
835 4149 963 4222 ipso
1000 4152 1310 4224 exoriente,
1365 4173 1397 4211 a
1456 4161 1713 4219 tenebris
1766 4171 1822 4222 et
1874 4169 1946 4226 ab

290 4238 633 4311 ignorantia:
664 4244 833 4296 nocte
862 4241 1391 4310 emerserit,tamen
1423 4247 1598 4304 simul
1632 4258 1696 4308 ut
1732 4256 1945 4314 excita-

291 4332 390 4385 tus
417 4333 510 4387 est
528 4346 562 4384 a
587 4330 1080 4395 somno,siceram
1102 4337 1380 4390 sectatur.
1408 4336 1486 4392 Ex
1516 4338 1589 4394 iis
1620 4347 1815 4401 autem
1845 4350 1947 4420 qui

289 4434 323 4475 a
352 4418 709 4476 turbulentis
742 4419 1047 4477 affectibus
1078 4421 1287 4477 devicti
1319 4430 1460 4480 sunt
1490 4432 1548 4483 et
1587 4430 1819 4505 dejecti,
1846 4418 1947 4494 alii

289 4505 351 4562 in
372 4506 713 4598 cupiditatis
738 4508 1083 4565 temulentia
1104 4516 1604 4587 permansere;alii
1626 4533 1947 4598 expurgatu

2070 2031 2171 2113 τῇς
2207 2022 2347 2087 ἰδίας
2377 2024 2680 2113 συστάσεως
2712 2031 2821 2101 (70)
2852 2030 2880 2083 ὁ
2913 2030 3102 2085 ἑαυτὸν
3146 2022 3503 2110 ἐκκαθαίρων.
3534 2037 3725 2113 Ηρωία

2072 2112 2165 2201 οὖν
2224 2115 2316 2168 καὶ
2375 2111 2568 2190 ὄρθρος
2637 2114 2689 2171 ἐν
2767 2120 2921 2193 ψυχῇ
2983 2120 3097 2174 καθ’
3156 2121 3385 2192 ἑκάστην
3448 2111 3723 2201 σωτηρίου

2071 2199 2342 2277 δόγματος
2396 2202 2667 2274 ἀνατολὴν
2724 2205 2949 2280 γίνεται·
3005 2205 3056 2261 ἐν
3117 2210 3156 2280 ᾗ
3207 2199 3612 2289 έξαφανίζεσθαι
3641 2212 3726 2270 δεῖ

2068 2293 2269 2356 πάντας
2295 2293 2424 2358 τοὺς
2447 2293 2839 2369 ἐργαζομένους
2868 2297 2966 2365 τήν
3001 2298 3228 2371 ἀνομίαν
3280 2298 3603 2375 λογισμούς.
3655 2304 3721 2362 Εἰ

2067 2383 2172 2457 γὰρ
2229 2384 2304 2455 μή
2362 2384 2429 2438 τὰ
2485 2389 2675 2460 πρῶτα
2729 2386 2865 2456 πρὸς
2937 2386 3204 2463 πονηρίαν
3284 2394 3559 2464 κινήματα
3621 2400 3723 2462 τῆς

2068 2474 2254 2547 ψυχῆς
2313 2471 2634 2546 ἐκτμηθείη,
2695 2473 2901 2550 ἀνάγκη
2962 2475 3039 2539 εἰς
3087 2470 3247 2552 ἔργον
3276 2487 3591 2557 προχωρεῖν
3620 2483 3718 2546 τὰς

2066 2559 2407 2634 ἐνθυμήσεις.
2468 2566 2615 2635 Οἴον,
2670 2571 2772 2637 γῆς
2825 2565 3152 2639 ἁμαρτωλός
3210 2567 3349 2624 ἐστιν
3383 2572 3539 2640 ὁτὴν
3593 2594 3717 2645 μοι·

2066 2650 2220 2725 χείαν
2276 2646 2607 2708 ὑποϐάλλων
2640 2650 2928 2728 λογισμός’
2965 2657 3111 2718 ὅστις
3149 2655 3352 2734 ἐνεργεῖ
3399 2660 3463 2715 τὸ
3514 2657 3715 2735 ἐμϐλέ-

2065 2741 2161 2812 ψαι
2191 2739 2404 2814 γυναικὶ
2462 2741 2599 2815 πρὸς
2649 2742 2713 2796 τὸ
2772 2741 3102 2816 ἐπιθυμῆσαι
3162 2746 3361 2817 αὐτῆς.
3428 2750 3559 2807 -Εὰν
3618 2750 3712 2805 οὖν

2068 2829 2145 2901 μὴ
2176 2828 2492 2903 ἀποκτανθῇ
2520 2829 2579 2885 ἐκ
2606 2837 2706 2900 τῆς
2756 2834 2963 2908 ψυχῆς,
3022 2835 3187 2889 οἱονεὶ
3251 2836 3387 2913 ξίφει
3444 2838 3572 2906 τινὶ,
3631 2845 3710 2911 τῷ

2061 2922 2317 2990 τμητικῷ
2346 2917 2499 2994 λόγῳ
2528 2921 2619 2975 καὶ
2650 2920 2983 2998 ἀφανιστικῷ
3019 2928 3126 2979 τῶν
3157 2926 3363 2996 παθῶν,
3410 2927 3499 2981 καὶ
3545 2931 3704 2983 τοῦτο

2061 3008 2277 3081 γένηται
2311 3006 2363 3062 ἐν
2393 3009 2598 3084 πρωίᾳ,
2627 3011 2894 3078 τουτέστι,
2922 3012 3057 3067 κατὰ
3081 3013 3179 3082 τήν
3230 3013 3307 3075 εἷς
3363 3015 3424 3070 τὸ
3477 3017 3704 3093 φανερὸν

2062 3095 2427 3171 ἀποκάλυψιν·
2477 3099 2612 3171 μετὰ
2657 3101 2757 3169 τὴν
2808 3101 2860 3155 ὲν
2907 3098 3100 3177 καρδίᾳ
3150 3102 3425 3178 μοιχείαν,
3475 3107 3565 3159 καὶ
3617 3105 3704 3161 ἐπὶ

2061 3187 2160 3255 τὴν
2197 3185 2418 3259 μείζονκ
2446 3188 2647 3259 ταύτης
2680 3190 2946 3265 ἁμαρτίαν
2997 3190 3216 3266 προάξει
3262 3194 3354 3248 τὸν
3401 3190 3709 3269 ἄνθρωπον,

2064 3275 2202 3351 πρὸς
2228 3278 2325 3345 τὴν
2361 3274 2451 3332 διὰ
2477 3281 2575 3332 τοῦ
2625 3280 2879 3353 σώματος
2929 3279 3196 3357 ἐνέργειαν
3245 3282 3408 3338 αὐτὸν
3454 3283 3713 3340 ἐκκαλού-

2064 3387 2246 3440 μενος.

2132 3456 2261 3512 164.
2303 3455 2499 3528 Τούτῳ
2528 3477 2820 3531 συμφωνον
2854 3457 3136 3533 ἡγούμεθα
3166 3461 3300 3514 εἶναι
3329 3462 3389 3516 τὸ
3419 3463 3566 3537 παρά
3610 3468 3708 3518 τοῦ

2057 3542 2325 3619 Ἱερεμίου
2409 3542 2734 3620 λεγόμενον,
2811 3548 3233 3622 Ἐπικατάρατος
3311 3551 3339 3604 ὁ
3413 3555 3588 3606 ποιῶν
3640 3552 3708 3607 τὰ

2058 3635 2192 3711 ἔργα
2249 3634 2446 3710 Κυρίου
2523 3633 2748 3709 ἀμελῶς
2820 3636 2911 3690 καὶ
2968 3636 3212 3713 ἀφαιρῶν
3275 3637 3551 3715 μάχαιραν
3612 3642 3708 3697 αὖ-

2053 3728 2153 3778 τυῦ
2184 3723 2275 3798 ἀφ’
2330 3720 2580 3796 αἶ’ματος.
2637 3728 2727 3777 Δεῖ
2782 3724 2886 3798 γὰρ
2938 3725 3029 3779 τὸν
3065 3722 3342 3797 μέλλοντα
3372 3726 3583 3805 φεύγειν
3638 3729 3704 3784 τὸ

2055 3817 2154 3879 τῆς
2202 3814 2436 3889 κατάρας
2489 3814 2647 3888 βαρὺ,
2710 3811 2986 3885 μηδέποτε
3056 3814 3344 3870 ἀναπαύειν
3407 3817 3507 3885 τὴν
3552 3839 3711 3874 πνευ-

2060 3904 2292 3976 ματικὴν
2330 3902 2604 3978 μάχαιραν
2636 3902 2743 3957 ἀπὸ
2771 3907 2868 3958 τοῦ
2912 3903 3049 3959 κατά
3093 3909 3203 3960 τῶν
3234 3905 3470 3961 τοιούτω
3537 3909 3717 3985 ἁμαρ-

2055 3991 2251 4048 τωλῶν
2286 3990 2535 4065 αἶ’ματος.
2588 3995 2848 4048 Τοιοῦτον
2903 3993 2995 4047 οὗν
3041 3991 3154 4049 ἐστι
3198 3994 3382 4051 καὶτὸ
3421 4000 3513 4051 νῦν
3563 3996 3643 4071 εἰρ
3678 4028 3721 4070 ι-

2061 4081 2218 4154 μένον
2250 4082 2373 4157 περὶ
2401 4086 2498 4136 τοῦ
2529 4080 2695 4157 πρωί.
2737 4081 2875 4139 Οὐαὶ
2905 4086 2985 4155 τῷ
3013 4083 3120 4138 ἀπὸ
3152 4084 3374 4146 σκότους
3403 4084 3493 4141 καὶ
3523 4089 3623 4151 τῆς
3656 4085 3710 4142 ἐν

2056 4173 2247 4249 ἀγνοίᾳ
2270 4172 2480 4244 νυκτὸς,
2512 4171 2648 4245 μετὰ
2675 4172 2773 4240 τὴν
2824 4174 3050 4249 πρώτην
3098 4172 3345 4246 ἡλικίαν,
3389 4181 3485 4232 τοῦ
3535 4175 3708 4252 λόγου

2055 4262 2107 4318 ἐν
2161 4261 2308 4334 αὐτῷ
2351 4260 2749 4332 ἀνατείλαντος,
2798 4262 2938 4334 ὁμοῦ
2990 4267 3072 4335 τῷ
3116 4260 3464 4335 διαναστῆναι
3512 4265 3575 4321 ἐκ
3614 4271 3712 4322 τοῦ

2058 4351 2251 4420 ὕπνου,
2306 4350 2369 4405 τὸ
2426 4349 2609 4425 σίκερα
2660 4347 2934 4406 διώκοντι.
2997 4352 3064 4409 Οἱ
3123 4349 3181 4408 δὲ
3237 4353 3339 4409 ὑπὸ
3385 4358 3495 4409 τῶν
3523 4359 3710 4420 παθῶν

2055 4440 2382 4511 νικηθέντες,
2439 4440 2489 4494 οἱ
2533 4440 2628 4511 μὲν
2679 4435 2893 4513 ἔμειναν
2938 4440 2990 4495 ἓν
3035 4444 3104 4515 τῇ
3157 4442 3293 4518 μέθῃ
3339 4447 3436 4498 τοῦ
3478 4444 3707 4509 πάθους.

2056 4532 2109 4584 οἱ
2162 4528 2219 4584 δὲ
2272 4528 2749 4604 ἆποκαθηράμενοι
2778 4529 2869 4584 τὸν
2900 4532 3049 4599 νοῦν,
3091 4526 3428 4603 ἐμϐλέπουσι
3486 4534 3583 4607 μὲν
3629 4533 3709 4608 τῷ

288 4596 800 4665 mente,mundum
831 4604 1219 4670 ornatumque
1247 4601 1564 4663 visibilium
1596 4596 1941 4690 respiciunt;

2065 4617 2241 4693 ιύσμῳ
2286 4622 2394 4674 τῶν
2442 4620 2672 4693 ὁρατῶν,
2719 4622 3043 4675 κατανοοῦσι
3092 4616 3149 4673 δὲ
3199 4620 3293 4681 τὰς
3340 4625 3448 4676 τῶν
3493 4628 3706 4695 νοητῶν

355 4720 377 4755 δ
402 4711 609 4769 Matth.
643 4729 715 4768 xv
738 4713 823 4768 19.
859 4714 880 4749 °
911 4714 1119 4771 Matth.
1151 4734 1183 4771 ν
1210 4718 1299 4775 28.
1363 4720 1409 4757 ¹⁰
1464 4723 1676 4784 Jersm.
1726 4750 1920 4810 xnvm,
1962 4743 2049 4799 10.

286 4827 475 4912 befisii
504 4828 685 4912 codex
716 4827 1226 4912 etaliiﬁncnnulli,
1262 4831 1337 4894 ὡς
1364 4833 1426 4912 τό
1455 4836 1618 4911 εἰκός,
1652 4855 1714 4903 ut
1760 4857 1946 4912 verisz'.

285 4900 538 4991 aligeri,
552 4903 891 4991 constat:
909 4902 1013 4991 Edi
1059 4904 1258 4991 dimus
1285 4900 1918 4991 ᾳυξᾶειηεςῶςτὸνεῖκῖξ

283 4971 357 5055 ob
378 4971 783 5055 auctoritatem
803 4977 1063 5055 veterum
1092 4971 1483 5055 quorumdam
1510 4971 1795 5051 librorum
1806 4971 1939 5055 ἐ’ὲξξί

284 5042 584 5133 fqtepdum
615 5051 831 5133 tamen,
866 5046 1035 5133 nobis
1061 5042 1460 5133 \‘l‘tlUl‘l'pOLlUS
1504 5042 1940 5133 legebdhihii’i:

281 5111 539 5200 castra,
571 5115 978 5200 uti.hodieque
1008 5118 1223 5200 legitur
1244 5111 1302 5177 in
1334 5111 1941 5200 Comme‘a'diiiié"h'd3

282 5184 450 5272 sebii,
485 5186 640 5272 unde
657 5186 783 5271 haec
814 5184 1157 5247 ad‘verbﬁm
1187 5200 1426 5266 sumpta
1454 5184 1939 5272 madidive};

283 5256 441 5311 tione
469 5257 830 5315 docebimus.

353 5327 730 5414 ,Veteres
767 5333 900 5414 duo
942 5332 1098 5402 libri,
1149 5331 1383 5414 ἐγίνετο.
1434 5340 1502 5397 Et
1556 5345 1647 5403 hic
1703 5367 1938 5414 quoque

353 5367 465 5411 2v",
511 5367 730 5386 ’νυνιυσ
767 5367 883 5387 uuu
942 5367 1098 5402 uuu,
1149 5367 1383 5423 ,GIBV‘LU.
1434 5367 1502 5397 nl
1557 5367 1647 5403 mc
1703 5367 1860 5428 quoq

278 5397 449 5471 editi,
473 5396 801 5457 ἀπέκτεινον.
838 5408 909 5458 At
939 5420 1109 5471 mss.,
1137 5406 1447 5466 απέκτενον.

349 5469 461 5547 (es)
486 5474 686 5547 plustri
715 5491 816 5531 sex
847 5490 1014 5543 mss.,
1048 5469 1139 5545 δή,
1169 5478 1343 5547 Editi,
1377 5477 1452 5536 δὲ.

350 5542 718 5628 (69).Μοῑιθι·θ
748 5562 863 5628 non
905 5542 1145 5628 pigebit,
1185 5542 1373 5608 totum
1410 5555 1596 5628 illud,
1647 5564 1765 5626 καθ’
1812 5565 1933 5622 ἐκά.

273 5629 405 5699 ςτηχ
446 5612 692 5699 ἔννοιαν,
757 5623 816 5699 et
862 5612 1325 5699 reliquanusque
1355 5625 1425 5699 a_d
1448 5612 1785 5699 _has’vocevs,

275 5675 731 5753 ἐπιϐουλεύοντος
769 5675 949 5763 ίήμῖν,
986 5675 1785 5777 ἐὺθὺςνῖμεταῖαὶῖίοίμένξυῖί

2056 4857 2197 4941 Reg.
2232 4856 2421 4929 primo
2446 4873 2565 4941 pou
2599 4855 2706 4941 legi
2734 4856 3109 4941 ;“obidqu_ela
3138 4854 3706 4941 Tilmannolquiﬂeo

2049 4928 2247 4985 codice
2276 4946 2418 4984 usus
2443 4928 2860 4989 fuerat,Latine
2882 4928 3177 4983 redditum
3231 4946 3345 4984 non
3379 4928 3563 4986 fuisse
3591 4930 3702 4986 Sed

2050 5000 2173 5057 haec
2202 5017 2346 5056 mss.
2409 4999 2673 5071 Anglicis
2716 5016 2852 5054 cum
2886 5000 3367 5071 interpretatione
3424 5002 3701 5058 Richardi

2050 5071 2394 5146 Montacutii
2420 5071 3339 5146 editioniParisiensiacceesisse
3368 5090 3403 5129 a
3442 5079 3709 5146 typogra-

2050 5144 2183 5217 phis
2213 5144 2552 5199 didicimus.
2584 5143 2782 5217 Neque
2813 5160 2954 5217 sane
2974 5143 3121 5217 illud
3152 5143 3703 5217 omittenda—Inﬁce

2046 5216 2381 5290 Richardus
2404 5215 2796 5290 Montacutius
2827 5215 2887 5271 in
2913 5215 3038 5290 suis
3057 5216 3363 5290 codicibus
3386 5215 3704 5290 repererat,

2045 5288 2249 5361 eadem
2282 5293 2340 5344 et
2368 5287 2428 5342 in
2451 5288 2678 5361 nostris
2708 5286 3021 5360 quoque,si
3056 5287 3300 5359 Regium
3326 5286 3582 5361 primum
3611 5306 3704 5347 ex-

2046 5359 2539 5441 οίρὲεξεξνεεερςτίνίο

2117 5425 2436 5503 (70)Ἐάἶιὶ,
2497 5425 2874 5503 συνειδήσεως,
2932 5444 3005 5484 ea:
3057 5444 3167 5486 sua
3218 5432 3575 5489 conscientia.
3628 5437 3703 5489 At

2046 5501 2309 5574 quinque
2367 5518 2538 5572 mss.,
2582 5501 3038 5574 «unumunum:
3081 5505 3319 5574 propria
3367 5508 3645 5561 structura
3684 5522 3705 5561 :

2044 5571 2228 5645 quam
2251 5574 2557 5630 lectionem
2591 5573 2639 5629 si
2672 5572 2820 5629 nihil
2873 5571 3032 5645 aliud
3067 5571 3446 5631 verisimilem
3496 5578 3703 5632 redde-

2044 5644 2150 5711 ret,
2183 5651 2338 5723 certe
2367 5645 2687 5723 auctoritas
2718 5644 2981 5723 Eusebii,
2999 5646 3153 5720 apud
3176 5647 3703 5723 quemitalegitur,

2043 5734 2174 5778 eam
2202 5718 2347 5777 satis
2372 5718 2766 5778 conﬁrmaret.
