4138 6372
313 337 431 399 389

1198 333 1604 396 COMMENT.
1651 335 1729 394 IN
1775 333 2044 396 ISAIAM
2087 331 2590 394 PROPHETAM.
2639 333 2806 391 CAP.
2856 333 2932 395 ν.

3620 337 3738 398 390

315 469 639 530 ὑποστάσεις
687 467 778 523 καὶ
830 465 1038 528 οὐσίας.
1091 465 1174 524 Τὰ
1208 466 1304 538 μὶν
1349 468 1452 542 γὰρ
1511 467 1679 540 ὁρατὰ
1734 466 1963 522 ἐνατινί-

2086 484 2144 523 ac
2175 482 2376 522 earum
2403 481 2592 521 rerum
2617 483 2744 537 qum
2768 466 2893 521 sola
2915 466 3138 522 ratione
3165 466 3290 540 capi
3318 472 3729 541 possunt,sub-

315 581 451 622 σιως
498 555 690 613 Baiter
754 554 845 611 διὰ
900 561 1063 611 τοῦτο
1132 551 1526 628 Ἐμϐλέπουσι·
1576 557 1640 610 τὰ
1697 553 1754 611 δὲ
1799 557 1968 626 νοητὰ

315 648 515 726 χρῄζει
567 644 740 722 λόγου
789 643 1112 719 διεξοδικοῦ’
1184 642 1268 699 διὸ
1317 644 1552 720 εἶρηται,
1608 647 1964 702 Ιζατανοοῦσι.

319 737 472 806 Πλὴν
506 737 590 791 ὅτι
637 738 856 812 πρῶτον
909 731 990 790 δεῖ
1036 729 1307 808 ἐμϐλέψαι
1365 739 1483 796 τοῖς
1523 731 1704 806 ἔργοις
1751 733 1968 809 Κυρίουο

318 825 407 882 καὶ
437 825 561 882 τότε
608 825 684 887 εἰς
731 825 792 879 τὸ
837 830 1169 892 κατανοῆσαι
1219 822 1353 877 αὐτὰ
1402 821 1710 896 προελθεῖν.
1745 823 1971 885 Ὀποῖος

320 915 385 986 ἦν
419 915 447 971 ὁ
477 914 604 990 περὶ
650 916 761 987 (71)
813 913 1006 968 ἑαυτοῦ
1052 910 1252 987 λέγων’
1307 911 1479 973 Αὐτὸς
1529 911 1632 987 γὰρ
1682 933 1775 984 μοι
1805 908 1975 967 ἔδωκε

320 1011 425 1062 τῶν
530 1003 700 1059 ὅντων
791 1007 984 1080 γνῶσιν
1089 997 1321 1075 ἀψευδῆ,
1426 999 1620 1056 εἰδέναι
1723 1000 1970 1056 σύστασιν

323 1095 550 1167 κόσμου,
594 1092 688 1147 καὶ
748 1091 1016 1167 ἐνέργειαν
1080 1088 1390 1165 στοιχείων,
1436 1088 1614 1164 ἀρχὴν
1673 1088 1763 1142 καὶ
1814 1086 1974 1150 τέλος

331 1183 416 1239 καὶ
477 1181 745 1256 μεσότητα
805 1180 1042 1256 χρόνων,
1099 1183 1316 1254 τροπῶν
1377 1175 1640 1254 ἀλλαγὰς,
1721 1177 1810 1232 καὶ
1886 1198 1976 1250 με·

327 1267 557 1334 ταϐολὰς
614 1273 842 1346 καιρῶν,
906 1269 1163 1325 ἐνιαυτῶν
1231 1267 1492 1340 κύκλους,
1569 1266 1656 1321 καὶ
1736 1265 1974 1342 ἀστέρων

323 1363 509 1430 θέσεις,
564 1359 748 1438 φόσεις
807 1357 984 1429 ζώων,
1047 1356 1138 1412 καὶ
1189 1355 1394 1429 θυμοὺς
1444 1356 1672 1431 θηρίων,
1732 1357 1976 1428 πνευμά-

317 1471 424 1505 των
475 1449 617 1526 βίας,
675 1449 763 1503 καὶ
825 1444 1224 1523 διαλογισμοὺς
1313 1445 1638 1521 ἀνθρώπων,
1713 1441 1974 1522 διαφορὰς

321 1543 530 1616 φυτῶν,
558 1537 649 1593 καὶ
681 1535 938 1611 δυνάμεις
970 1535 1157 1613 ῥιζῶν.

2080 557 2328 613 stantias
2359 557 2734 611 considerant
2757 560 2812 610 ct
2843 556 3151 611 essentias.
3179 556 3445 614 Visibilia
3476 578 3730 633 namque

2077 647 2341 718 indigent
2371 650 2647 701 contenta
2670 645 2972 700 oculorum
3003 646 3152 712 acie;
3180 648 3250 700 ob
3298 648 3353 702 id
3380 649 3728 720 Respiciunt:

2083 753 2211 807 qua)
2243 751 2376 790 vero
2429 734 2651 789 ratione
2683 734 2809 788 sola
2841 739 3061 805 queunt
3090 735 3356 808 intelligi,
3390 754 3647 810 expansa
3675 743 3732 795 et

2085 825 2214 880 fusa
2246 823 2688 880 ratiocinatione
2720 827 2890 894 egent
2919 841 2930 877 :
2958 828 3315 897 quapropter
3345 825 3568 882 dictum
3604 833 3729 884 est:

2087 913 2466 968 Considerant.
2503 913 2652 967 Sunt
2685 915 2880 966 tamen
2927 911 3181 982 primum
3224 914 3590 986 respicienda
3620 917 3733 972 Do-

2085 1001 2230 1056 mini
2265 1017 2458 1072 opera,
2481 1005 2658 1068 atque
2690 1004 2829 1054 tunc
2854 1001 2921 1054 ad
2954 1017 3020 1056 ea
3047 1001 3474 1060 consideranda
3502 1023 3733 1079 progre-

2085 1091 2365 1146 diendum
2397 1094 2503 1145 est.
2539 1089 2839 1160 Ejusmodi
2870 1095 3013 1157 erat,
3048 1090 3146 1161 qui
3177 1091 3247 1147 de
3278 1109 3340 1148 se
3378 1094 3506 1166 ipso
3538 1095 3684 1151 dixit
3717 1115 3730 1153 :

2085 1183 2204 1251 Ipse
2250 1181 2400 1234 enim
2442 1178 2588 1234 dedit
2645 1177 2792 1234 mihi
2841 1178 3039 1233 horum
3090 1196 3212 1252 qum
3265 1189 3392 1237 sunt
3444 1186 3734 1242 scientiam

2084 1284 2293 1339 veram,
2336 1271 2394 1322 ut
2443 1270 2615 1323 sciam
2662 1267 2855 1322 mundi
2903 1269 3332 1340 dispositionem,
3379 1276 3432 1326 et
3479 1276 3737 1331 virtutem

2084 1359 2510 1420 elementorum;
2541 1357 2762 1411 initium
2795 1359 2843 1412 et
2887 1357 3053 1426 ﬁnem
3083 1363 3134 1414 et
3162 1360 3506 1418 medietatem
3535 1368 3737 1436 tempo-

2085 1463 2241 1516 rum,
2299 1447 2719 1502 conversionum
2777 1448 3237 1517 permutationes,
3293 1452 3344 1504 et
3409 1455 3740 1509 mutationes

2091 1543 2422 1603 temporum,
2455 1551 2736 1590 annorum
2785 1551 2995 1602 cursus,
3027 1540 3081 1589 et
3129 1537 3414 1593 stellarum
3443 1541 3606 1609 situs,
3637 1560 3738 1598 na-

323 1635 480 1688 turas
535 1629 886 1697 animalium,
935 1636 986 1685 et
1041 1629 1156 1684 iro:
1209 1627 1529 1697 bestiarum,
1579 1626 1689 1681 vim
1738 1627 2045 1695 ventorum,
2085 1631 2136 1680 et
2177 1625 2538 1694 cogitationes
2584 1623 2887 1691 hominum,
2922 1625 3264 1696 differentias
3312 1628 3660 1702 plantarum,
3689 1636 3743 1688 et

322 1721 550 1777 virtutes
577 1719 832 1776 radicum
854 1720 920 1771 η.

398 1810 522 1866 165.
555 1807 752 1865 Τοίνυν
810 1803 1169 1880 αἰχμάλωτος
1201 1804 1229 1858 ὁ
1280 1801 1412 1865 λαός
1450 1822 1554 1876 μου
1594 1802 1855 1877 ἐγενήηη,
1890 1797 1973 1855 διὰ

2160 1803 2280 1857 165.
2307 1806 2483 1858 Vsus.
2520 1804 2604 1858 13.
2638 1804 2819 1872 Igitur
2844 1805 3095 1876 captivus
3120 1806 3359 1876 pepulus
3386 1823 3535 1864 meus
3562 1811 3744 1880 factus

324 1898 387 1954 τὸ
440 1898 516 1972 μὴ
572 1893 770 1952 εἰδέναι
823 1893 1016 1955 αὐτοὺς
1069 1895 1181 1967 (72)
1229 1893 1322 1947 τὸν
1365 1891 1580 1966 Κύριονι
1627 1892 1714 1945 καὶ
1766 1890 1977 1960 πλῆθος

328 1988 559 2063 ἐγενήθη
632 1989 836 2061 νεκρῶν
885 1980 974 2038 διὰ
1026 1982 1186 2038 λιπὸν
1260 1983 1446 2056 ἄρτου,
1521 1979 1609 2035 καὶ
1657 1977 1814 2054 δίψος
1865 1981 1979 2052 (73)

329 2074 545 2138 ὕδατος.
603 2079 780 2129 Ταῦτα
837 2073 958 2128 καθ’
1032 2070 1271 2148 ἱστορίαν
1340 2068 1561 2125 δυνατὸν
1632 2075 1818 2144 τυχεῖν
1875 2075 1974 2138 τῆς

329 2165 637 2240 ἐξηγήσεως
689 2162 778 2218 ἐπὶ
825 2166 932 2217 τῶν
988 2165 1189 2235 καιρῶν
1225 2167 1324 2230 τῆς
1373 2157 1611 2234 ἐσχάτης
1652 2157 1975 2231 πολιορκίας

325 2256 430 2310 τῶν
462 2251 766 2311 ’[ουδαίων’
797 2256 903 2307 τῶν
937 2251 1030 2324 μὲν
1061 2249 1136 2311 εἷς
1184 2247 1571 2324 αἰχμαλωσίαν
1605 2247 1975 2322 ἀπαχθέντων,

324 2349 432 2400 τῶν
464 2341 521 2398 δὲ
552 2341 603 2398 ἐν
649 2341 799 2414 λιμῷ
829 2340 919 2396 καὶ
970 2337 1114 2413 δίψει
1160 2336 1584 2416 διαφθαρέντων.
1618 2335 1719 2392 Καὶ
1765 2338 1800 2405 ἡ
1834 2333 1981 2390 αἰτία

327 2435 522 2511 σαφὴς,
568 2429 636 2486 δι’
691 2433 754 2500 ἣν
810 2433 976 2484 ταῦτα
1033 2427 1381 2484 πεπόνθασιν⁸
1431 2427 1512 2480 ὅτι
1562 2423 1981 2497 ἐπιδημήσαντα

324 2525 511 2584 αὐτοῖς
533 2522 626 2577 τὸν
660 2520 858 2595 Κύριον
917 2517 1017 2572 οὐκ
1067 2515 1368 2593 ἐπέγνωσαν
1584 2517 1744 2569 Ὥστε
1796 2511 1853 2568 δὲ
1890 2513 1979 2568 καὶ

329 2616 469 2686 ἡμῖν
529 2610 880 2679 οἰκειωθῆναι
934 2609 1033 2677 τὴν
1097 2605 1156 2660 ἐκ
1223 2611 1322 2674 τῆς
1393 2602 1586 2674 λέξεως
1651 2602 1978 2677 παραίνεσιν.

339 2705 553 2759 Ἐκεῖνα
595 2698 850 2776 λέγομεν,
884 2696 966 2752 ὅτι
1018 2694 1069 2750 οἱ
1119 2692 1410 2757 διώκοντες
1463 2694 1525 2747 τὸ
1578 2691 1848 2766 μέθυσμα,
1890 2693 1981 2746 καὶ

335 2790 469 2866 μετὰ
515 2796 615 2858 τῆς
665 2784 1122 2862 ἀπηγορευμένης
1176 2789 1443 2856 μουσικῆς
1486 2782 1579 2836 τὸν
1622 2783 1767 2836 οἶνον
1799 2781 1983 2837 πίνον-

328 2903 438 2954 τες,
467 2880 557 2936 καὶ
588 2877 814 2952 θεάμασι
851 2878 945 2951 μὶν
996 2875 1223 2948 ἀτόποις
1262 2875 1358 2935 τὰς
1412 2868 1563 2946 ὄψεις
1613 2869 1982 2948 ἐνασχολοῦν-

331 2992 442 3038 τες,
475 2973 589 3030 τοῖς
624 2966 682 3022 δὲ
711 2963 887 3042 ἔργοις
944 2964 1140 3040 Κυρίου
1189 2957 1485 3036 ἐμϐλέπειν
1522 2961 1596 3034 μὴ
1631 2960 1980 3036 ἀνεχόμενοι,

329 3057 420 3114 διὰ
449 3059 509 3114 τὸ
542 3054 832 3135 φιλήδονοι
863 3057 1000 3110 εἶναι
1033 3050 1246 3127 μᾶλλον
1271 3053 1306 3122 ἢ
1332 3049 1600 3129 φιλόθεοι,
1625 3048 1980 3125 αἰχμάλωτοι

327 3146 570 3222 γίνονται
601 3143 691 3198 καὶ
748 3143 1062 3218 ὑποχείριοι
1105 3147 1226 3204 τοῖς
1275 3137 1634 3201 ὑπεναντίοις.
1686 3137 1861 3195 Ἀλλὰ
1890 3137 1980 3193 καὶ
2014 3174 2056 3241 C

328 3233 542 3304 πλῆθος
603 3231 653 3287 ἐν
708 3229 888 3293 αὐτοῖς
949 3234 1148 3305 νεκρῶν
1211 3228 1435 3304 ἐγενήοη
1492 3226 1583 3282 διὰ
1640 3225 1828 3301 λιμὸν,
1890 3226 1981 3282 καὶ

325 3321 520 3384 ὕδατος
551 3319 797 3396 ἀπορίαν.
847 3319 914 3377 οι
963 3319 1067 3394 γὰρ
1118 3318 1216 3385 τήν
1269 3311 1670 3372 ἐπιϐάλλουσαν
1717 3322 1836 3378 ταῖς
1883 3319 1985 3391 ψυ-

315 3417 448 3488 χαῖς
499 3410 702 3486 τροθήν
764 3409 840 3482 μή
897 3405 1285 3490 προσιέμενοι,
1339 3406 1520 3482 νεκροὶ
1571 3405 1810 3480 γίνονται
1867 3410 1986 3484 τοῖς

309 3499 740 3577 παραπτώμασι,
800 3497 888 3552 καὶ
951 3497 1004 3550 οἱ
1061 3494 1147 3549 ἐπὶ
1223 3491 1416 3556 ὕδατος
1486 3493 1837 3556 ἀναπαύσεως
1902 3495 1979 3567 μή

308 3587 720 3668 ἐκτρεφόμενοι,
775 3583 921 3660 μηδὲ
981 3587 1267 3655 ζητοῢντες
1324 3590 1469 3638 πιεῖν
1524 3583 1574 3654 ἐξ
1632 3582 1841 3638 ἐκείνου
1886 3587 1983 3639 τοῦ

308 3674 652 3751 ὕδατοςπερὶ
684 3672 746 3729 οὖ
801 3695 932 3749 φησι
987 3673 1127 3749 πρὸς
1170 3674 1270 3742 τήν
1317 3678 1646 3750 Σαμαρεῖτιν
1693 3674 1720 3728 ὁ
1758 3674 1977 3747 Κύριος,

310 3769 394 3823 ὅτι
423 3768 524 3828 "Oc
585 3765 643 3819 ἂν
689 3763 786 3838 πίῃ
845 3761 905 3818 ἐκ
953 3765 1051 3818 τοῦ
1109 3759 1302 3823 ὕδατος
1365 3762 1426 3816 οὗ
1458 3761 1568 3837 ἐγὼ
1607 3759 1770 3816 δώσω
1802 3761 1974 3834 αὐτῷ,

313 3855 374 3911 οὗ
429 3857 504 3929 μὴ
558 3850 767 3927 ὃιψήσᾳ
825 3854 936 3926 (75)
997 3851 1070 3913 είς
1131 3852 1222 3905 τὸν
1283 3853 1467 3905 αἰῶνα·
1528 3852 1678 3906 οὗτοι
1733 3851 1974 3926 γίνονται

311 3943 515 4020 νεκροί.
547 3944 744 4000 ’Ἄκουε
772 3942 895 4016 γὰρ,
950 3939 1032 3995 ὅτι
1091 3946 1309 4009 πΛῆθος
1357 3943 1558 4017 νεκρῶν
1619 3940 1876 4015 ἐγενήθη,
1911 3941 1974 3996 οὐ

312 4032 402 4090 διὰ
433 4031 598 4106 λιμὸν
637 4025 822 4104 μόνον,
876 4027 1022 4086 ἀλλὰ
1050 4028 1142 4083 καὶ
1198 4025 1286 4083 διὰ
1343 4025 1499 4102 δίψαν
1531 4026 1745 4091 ὕδατος·
1781 4026 1968 4100 ἐπειδὴ

313 4124 403 4179 ἀπ’
433 4121 645 4176 ἐκείνου
677 4117 859 4174 ἔπινον
892 4121 992 4172 τοῦ
1052 4115 1264 4184 ὕδατος,
1294 4117 1354 4171 οὗ
1405 4118 1494 4171 καὶ
1526 4120 1560 4188 ἡ
1615 4123 1965 4194 Σαμαρεῖτις·

310 4214 408 4275 "Oc
436 4211 536 4288 γὰρ
569 4209 628 4264 ἂν
658 4209 777 4283 πίῃ,
805 4208 990 4286 φησὶν,
1023 4205 1080 4262 ἐκ
1116 4211 1212 4262 τοῦ
1244 4203 1436 4270 ὕδατος
1487 4205 1713 4276 ἐκείνου,
1748 4205 1965 4282 διψήσει

311 4300 496 4356 πάλιν·
535 4299 634 4354 οὐκ
663 4294 812 4354 ἔπιον
847 4295 904 4352 δὲ
935 4295 995 4351 ἐκ
1034 4299 1132 4350 τοῦ
1181 4293 1376 4360 ὕδατος
1403 4293 1499 4350 τοῦ
1545 4294 1860 4369 ἁλλομένου
1891 4297 1965 4360 είς

314 4393 456 4461 ζωὴν
492 4388 733 4444 αἰώνιον.
761 4385 1160 4462 Προτρεπτικὸν
1195 4382 1252 4440 δὲ
1281 4389 1440 4440 τοῦτο
1492 4385 1578 4440 ἐπὶ
1608 4389 1707 4456 τήν
1739 4391 1960 4464 γνῶσιν,

311 4479 504 4555 Είγάρ
556 4475 647 4532 διὰ
691 4477 752 4531 τὸ
815 4475 888 4549 μή
938 4471 1133 4530 εἰδέναι
1192 4474 1284 4529 τὸν
1345 4473 1543 4550 Κύριον
1603 4473 1958 4550 αἰχμάλωτοι

309 4567 573 4646 γίνονται,
620 4565 894 4636 ζηλωτέον
949 4566 1083 4638 ἡμῖν
1142 4565 1204 4619 τὸ
1261 4571 1363 4634 τῆς
1409 4564 1659 4640 γνώσεως
1689 4564 1956 4642 χάρισμα.

312 4660 476 4732 Τάχα
507 4655 564 4711 δὲ
593 4658 706 4726 (76)
737 4656 772 4724 ἡ
819 4653 1031 4723 ἀληθὴς
1076 4654 1336 4728 νέκρωσις
1367 4651 1428 4708 οὔ
1457 4651 1548 4709 διὰ
1578 4653 1743 4728 λιμὸν
1777 4652 1964 4731 ἄρτου,

315 4745 440 4803 οὐδὲ
467 4744 557 4801 διὰ
587 4742 746 4818 δίψαν
789 4741 983 4808 ὕδατος
1029 4741 1224 4798 τούτου
1262 4746 1358 4798 τοῦ
1391 4743 1674 4814 αἰσθητοῦ,
1703 4743 1848 4799 ἀλλὰ
1881 4743 1970 4799 διὰ

315 4837 479 4910 λιμὸν
532 4831 629 4889 τοῦ
687 4833 910 4888 ἀκοῦσαι
969 4831 1131 4906 λόγον
1195 4831 1390 4907 Κυρίου
1449 4836 1568 4894 ταῖς
1611 4835 1817 4908 ψυχαῖς
1863 4837 1970 4887 τῶν

2086 1899 2186 1958 est,
2217 1908 2278 1948 eo
2308 1891 2446 1962 quod
2476 1893 2582 1963 ipsi
2613 1909 2721 1949 non
2752 1894 3108 1965 cognoverint
3141 1895 3434 1951 Dominum
3465 1915 3484 1951 :
3513 1906 3564 1955 et
3595 1901 3742 1955 mul-

2087 1982 2261 2037 titudo
2289 1982 2642 2037 mortuorum
2668 1984 2778 2054 fuit
2802 1992 3025 2054 propter
3065 1985 3270 2055 famem
3295 1988 3478 2056 panis,
3509 1996 3563 2043 c.’
3588 1991 3743 2045 sitim

2086 2086 2264 2142 aquae.
2283 2076 2412 2128 Hinc
2429 2073 2646 2127 secund
2659 2089 2750 2127 um
2778 2071 3082 2128 historiam
3098 2074 3168 2128 de
3192 2077 3452 2146 tempore
3468 2083 3742 2136 extrema

2087 2162 2422 2219 Judieorum
2439 2161 2764 2218 obsidionis
2780 2166 3027 2233 possunt
3040 2161 3312 2234 explicari
3333 2183 3345 2230 ;
3360 2167 3594 2235 quando
3609 2167 3742 2224 aliis

2087 2251 2147 2306 in
2166 2249 2561 2322 captivitatem
2583 2250 2690 2306 abd
2705 2250 2874 2318 uotis,
2890 2249 2985 2307 alii
3013 2251 3164 2307 fame
3182 2257 3237 2308 et
3256 2251 3350 2308 siti
3369 2254 3741 2314 interierunt.

2091 2339 2156 2395 Et
2187 2356 2366 2395 causa
2398 2355 2502 2395 cur
2531 2339 2654 2395 haec
2689 2339 2900 2395 fuerint
2932 2341 3218 2412 perpessi,
3245 2343 3402 2397 clara
3424 2347 3512 2400 est
3538 2349 3593 2400 et
3627 2363 3745 2402 ma-

2091 2429 2322 2499 nifesta,
2349 2429 2502 2500 quod
2527 2429 2842 2483 Dominum
2875 2444 3009 2483 cum
3041 2428 3185 2500 ipsis
3209 2429 3597 2488 diversantem
3624 2452 3740 2491 non

2091 2534 2430 2588 cognovere.
2467 2519 2655 2583 Quare
2700 2517 3130 2573 animadversio
3162 2518 3219 2573 in
3256 2519 3344 2574 his
3374 2521 3567 2578 verbis
3599 2539 3742 2579 con-

2090 2611 2250 2662 tenta
2283 2607 2451 2661 nobis
2486 2609 2660 2662 etiam
2707 2609 2897 2678 potest
2927 2608 3376 2664 accommodari.
3415 2610 3619 2668 Isthaec
3650 2611 3743 2668 di-

2092 2695 2302 2762 cimus,
2319 2695 2470 2767 quod
2495 2695 2592 2766 qui
2614 2699 3027 2751 consectantur
3046 2697 3406 2767 ebrietatem,
3424 2700 3745 2773 vinumque

2093 2785 2161 2840 ad
2191 2785 2450 2840 musicos
2475 2790 2796 2840 concentus
2825 2784 3170 2840 interdictos
3203 2786 3430 2853 bibunt,
3455 2793 3512 2844 et
3541 2791 3744 2846 oculos

2092 2891 2232 2929 suos
2265 2879 2554 2945 occupant
2598 2874 2654 2927 in
2697 2874 3030 2944 spectandis
3062 2875 3336 2946 turpibus
3367 2879 3741 2948 spectaculis,

2094 2961 2417 3034 noluntque
2440 2979 2615 3033 opera
2635 2961 2864 3016 Domini
2890 2963 3200 3034 respicere,
3217 2980 3282 3018 eo
3306 2966 3459 3036 quod
3483 2966 3744 3040 volupta-

2091 3056 2217 3106 tum
2253 3056 2308 3106 et
2337 3050 2676 3106 deliciarum
2713 3050 2900 3122 magis
2933 3067 3109 3121 quam
3142 3051 3240 3106 Dei
3273 3052 3391 3108 sint
3423 3059 3737 3129 amatores,

2092 3139 2300 3212 captivi
2327 3140 2564 3206 ﬁunt,et
2587 3139 2642 3192 in
2667 3139 3002 3194 servitutem
3027 3139 3368 3210 rediguntur
3384 3143 3455 3197 ab
3480 3144 3738 3202 inimicis

2095 3229 2240 3284 suis.
2275 3229 2424 3295 Quin
2457 3227 2631 3282 etiam
2665 3227 2816 3282 inter
2858 3227 3014 3299 ipsos
3044 3235 3411 3286 mortuorum
3447 3232 3554 3288 fuit
3585 3235 3737 3290 mul-

2091 3318 2300 3385 titudo,
2336 3321 2570 3390 propter
2600 3317 2810 3372 famem
2855 3321 2912 3371 et
2943 3334 3109 3388 aquas
3141 3319 3468 3388 penuriam.
3501 3324 3738 3382 Etenim

2093 3424 2286 3463 escam
2321 3407 2630 3462 animabus
2661 3406 3098 3461 convenientem
3132 3407 3232 3479 qui
3272 3425 3388 3465 non
3419 3411 3740 3491 accipiunt,

2096 3497 2430 3552 moriuntur
2461 3513 2561 3568 per
2593 3500 2826 3568 peccata
2863 3512 2874 3549 :
2911 3501 2967 3551 et
2999 3496 3098 3567 qui
3130 3513 3197 3552 ex
3227 3515 3380 3570 aqua
3411 3502 3743 3564 refectionis

2096 3587 2138 3622 ¹²
2166 3604 2280 3642 non
2314 3586 2710 3653 enutriuntur,
2739 3601 2924 3656 neque
2949 3587 3018 3642 de
3046 3585 3139 3640 illa
3162 3605 3315 3659 aqua
3347 3589 3542 3649 bibere
3565 3600 3742 3652 stata-

2090 3677 2344 3747 gunt,de
2366 3693 2479 3746 qua
2500 3674 2730 3730 locutus
2752 3679 2842 3730 est
2865 3674 3151 3730 Dominus
3173 3677 3242 3731 ad
3269 3678 3736 3742 Samaritanam:

2090 3765 2194 3834 Qui
2224 3766 2431 3820 biberit
2458 3782 2528 3820 ex
2556 3781 2699 3836 aqua
2730 3781 2898 3835 quam
2928 3780 3024 3834 ego
3052 3763 3192 3821 dabo
3241 3768 3312 3834 ei,
3344 3785 3454 3824 non
3499 3773 3647 3828 sitiet
3678 3776 3742 3830 in

2084 3859 2359 3912 mternum
2384 3856 2453 3923 ‘3;
2488 3854 2545 3908 hi
2581 3853 2693 3925 ipsi
2729 3854 2944 3909 mortui
2994 3854 3159 3909 ﬁunt.
3197 3857 3346 3910 Audi
3398 3859 3552 3915 enim
3586 3861 3738 3920 hanc

2086 3947 2449 4000 mortuorum
2476 3943 2916 3999 multitudinem
2941 3943 3260 4015 contigisse
3283 3962 3396 4002 non
3420 3949 3492 4004 ob
3523 3950 3736 4009 famem

2081 4032 2294 4099 solum,
2331 4032 2430 4088 sed
2471 4031 2647 4087 etiam
2697 4036 2935 4104 propter
2966 4048 3130 4102 aqua:
3163 4033 3433 4101 sitim,eo
3475 4040 3630 4111 quod
3663 4042 3737 4098 ab

2077 4122 2179 4178 illa
2221 4123 2490 4178 biberent
2540 4137 2714 4186 aqua,
2750 4119 2903 4176 unde
2949 4125 3006 4176 et
3054 4120 3201 4177 497
3239 4123 3453 4180 mulier
3499 4126 3596 4184 illa
3631 4131 3736 4186 Sa-

2078 4211 2370 4268 maritana
2419 4211 2644 4265 biberat
2677 4227 2689 4264 :
2734 4209 3012 4282 Quisquis
3060 4211 3240 4279 enim,
3271 4211 3485 4285 inquit,
3519 4216 3738 4290 biberit

2073 4318 2140 4358 ex
2194 4301 2295 4356 illa
2346 4317 2519 4372 aqua,
2553 4299 2712 4355 sitiet
2761 4300 2969 4355 iterum
2999 4301 3079 4367 ¹⁶;
3113 4301 3182 4356 de
3223 4318 3377 4373 aqua
3426 4310 3620 4361 autem
3671 4307 3734 4367 in

2070 4392 2246 4446 vitam
2296 4395 2570 4444 (sternam
2606 4388 2852 4444 saliente
2877 4389 2920 4426 ¹⁸
2969 4407 3083 4446 non
3121 4384 3733 4457 biberanthteterum

2071 4481 2129 4549 id
2183 4496 2287 4533 nos
2341 4477 2547 4532 invitat
2607 4478 2676 4532 ad
2741 4478 3187 4550 intelligentiam
3245 4485 3729 4555 Comparandam.

1997 4551 2041 4616 D
2075 4567 2300 4624 Etenim
2336 4568 2408 4634 si,
2432 4571 2741 4640 pr0pterea
2767 4569 2927 4639 quod
2963 4585 3078 4624 non
3111 4551 3510 4642 cognoverunt
3538 4574 3738 4631 Domi-

2077 4674 2242 4724 num,
2276 4657 2652 4712 abducuntur
2680 4657 2920 4727 captivi,
2956 4657 3126 4714 nobis
3159 4659 3352 4716 studio
3384 4663 3541 4717 omni
3574 4665 3740 4721 adni-

2078 4747 2322 4802 tendum
2356 4751 2445 4802 est
2477 4749 2542 4800 ut
2571 4744 2970 4816 intelligentiae
3008 4747 3482 4821 cognitionisque
3512 4751 3734 4808 donum

2080 4851 2538 4906 consequamur.
2575 4833 2866 4891 Fortassis
2917 4839 3109 4891 autem
3145 4852 3302 4892 mors
3332 4853 3466 4894 vera
3514 4857 3628 4895 non
3660 4841 3734 4897 ob

390 5008 430 5043 ¹¹
461 5008 595 5078 Sap.
627 5020 731 5073 vn,
765 5003 954 5058 17-20.
1033 5003 1075 5038 ¹²
1104 5002 1259 5060 Psal.
1293 5019 1432 5071 xxn,
1463 5003 1518 5058 2.
1598 5004 1643 5039 ¹³
1674 5003 1844 5060 Joan.
1881 5021 1956 5073 ιν,

2154 5006 2198 5040 ¹⁴
2225 5004 2369 5060 ibid.
2448 5005 2492 5042 ¹⁸
2522 5004 2662 5061 ibid.
2700 5004 2788 5061 14.
2887 5080 2894 5088 _

396 5177 502 5260 (7.1)
535 5174 1049 5260 Veteresaliquot
1096 5175 1254 5248 libri,
1309 5175 1337 5229 ὁ
1387 5175 1528 5251 περί.
1563 5177 1786 5234 Vocula
1831 5177 1860 5230 ὁ
1908 5178 1969 5234 in

324 5249 493 5305 editis
521 5250 908 5306 desideratur.

415 5322 503 5393 72)
531 5321 704 5386 Editi,
738 5317 924 5393 αὐτοῦ.
957 5321 1202 5393 Athmss.
1232 5317 1763 5393 guinque,a§-¢_odc.

341 5458 352 5473 ,
394 5387 785 5473 (73)Antig.t_1i
831 5397 962 5473 tres.
993 5389 1164 5473 .libri,
1226 5387 1419 5473 ᾄ-ρτοιξ
1449 5389 1538 5473 καὶ
1587 5387 1761 5463 δίψος.
1813 5391 1972 5473 βιὶίιὶ

322 5459 498 5536 ἄρτου
534 5464 624 5519 καὶ
675 5459 855 5534 δίψαν⁸
907 5461 1008 5536 ubi
1060 5459 1272 5536 notari
1303 5468 1517 5535 potest,
1549 5459 1774 5536 vocem_
1807 5460 1972 5536 ἄρτου

323 5533 514 5609 neque
545 5537 605 5594 in
636 5533 870 5591 duObus
901 5533 1030 5616 aliis
1060 5533 1384 5618 codicibus,
1408 5553 1596 5608 neque
1626 5534 1780 5608 apud
1813 5533 1971 5604 LXX,

323 5615 427 5664 aut
456 5610 614 5664 apud
644 5605 964 5662 Eusebium
994 5621 1262 5661 Invenm.

323 5615 427 5666 aut
456 5627 490 5666 a
535 5615 614 5666 ud
648 5615 964 5662 Eusebium
994 5615 1262 5661 Invenirl.

394 5627 530 5756 alii)
563 5678 802 5740 Codices
859 5679 1003 5747 tres,
1059 5670 1314 5754 ἔγνωσαν.
1374 5678 1493 5737 Ηοο
1548 5678 1678 5753 ipso
1728 5675 1789 5734 in
1845 5675 1974 5734 loco

2079 5179 2337 5250 quinque
2371 5195 2540 5250 mss,
2571 5177 2728 5230 Ὥστε
2760 5173 2817 5231 δὲ
2849 5175 2959 5235 καί.
2992 5180 3170 5250 Abest
3200 5174 3257 5233 δὲ
3287 5180 3361 5250 ab
3390 5179 3640 5238 excusis.

2299 5249 2446 5304 Εάὶῐί
2505 5254 2561 5304 et
2613 5249 2754 5325 Reg.
2815 5251 3049 5325 tertius,
3091 5249 3152 5305 οὐ
3215 5253 3288 5324 μὴ
3345 5248 3583 5325 διψήσει.
3617 5252 3734 5308 Alii

2081 5315 2333 5402 quidam“
2380 5337 2549 5402 ipsa,
2609 5315 2864 5402 διψξῆση..
2899 5315 3733 5402 Aliquanto'_pos_t'antiq9us

2083 5391 2624 5466 Combeﬁsiicodex
2662 5398 2718 5447 et
2769 5391 2866 5466 alii
2917 5391 3189 5466 quatuor,
3223 5391 3314 5449 ἀπ’
3363 5395 3567 5450 ἐκείνου
3594 5391 3734 5466 ’ἔπι-

2081 5484 2194 5534 νον,
2232 5482 2334 5520 nec
2367 5464 2535 5519 aliter
2573 5463 2793 5534 legerat
2836 5462 3144 5535 interpres.
3175 5462 3250 5521 λι
3295 5468 3460 5539 editi,
3493 5467 3593 5521 οὐκ
3622 5465 3735 5521 ἔπι-

2081 5556 2195 5590 νον.

2083 5678 2120 5734 d
2154 5607 2267 5734 (7(2)
2299 5605 2473 5673 Editi,
2506 5601 2563 5658 δὲ
2609 5603 2719 5657 καί.
2757 5600 2967 5660 Vocula
3013 5603 3104 5658 καί
3157 5607 3216 5663 in
3273 5609 3535 5682 quinque
3585 5626 3728 5666 mss.

2124 5694 2219 5734 eos
2251 5717 2265 5734 .

2124 5682 2265 5736 eest.
