4138 6372
365 368 477 430 391

1309 352 1705 421 APPENDIX
1746 348 2070 418 OPEBUM
2117 357 2183 417 S.
2230 348 2508 420 BASILII
2553 350 2829 422 MAGNI.

3670 358 3790 421 392

366 502 585 556 famem
630 492 821 570 panis,
855 510 1046 568 neque
1083 494 1155 549 ob
1203 492 1444 562 hujusce
1502 488 1803 547 sensibilis
1853 501 2018 559 aquis

2133 485 2380 557 ἀνηκόων
2410 487 2702 564 ἐγγίνεται.
2735 489 2813 548 Οὐ
2857 490 2959 567 γὰρ
3010 488 3094 545 ἐπ’
3140 486 3287 567 ἄρτῳ
3332 489 3484 563 μόνῳ
3532 491 3650 565 (77)
3694 492 3791 563 C‘l’

365 589 552 656 sitim,
578 587 681 644 sed
716 590 953 660 prOpter
983 586 1196 639 famem
1218 579 1496 638 audiendi
1520 580 1765 636 verbum
1794 575 2018 633 Domini

2134 596 2278 631 σεται
2343 574 2649 653 ἅνθρωπος,
2729 576 2876 635 ἀλλὰ
2953 578 3041 635 ἰπὶ
3109 580 3272 635 παντὶ
3343 578 3553 654 ῥήματι
3621 578 3789 635 ἐκπο-

363 678 428 746 ίθ,
450 678 512 734 in
543 692 749 734 eorum
780 673 882 746 qui
916 689 1031 727 non
1062 669 1401 726 auscultant
1439 669 1671 724 animas
1700 670 2021 745 grassatur,

359 768 481 824 Non
509 766 669 823 enim
698 766 757 819 in
772 777 922 835 pane
949 762 1062 816 solo
1086 761 1234 815 vivet
1266 758 1445 828 homo,
1469 757 1563 813 sed
1595 759 1653 813 in
1678 757 1834 813 omni
1863 756 2022 811 verbo

360 856 502 930 quod
527 852 773 926 procedit
797 850 862 906 de
892 866 984 907 ore
1015 850 1115 906 Dei
1135 850 1200 903 ¹’¹.
1233 848 1317 904 Ob
1367 848 1521 903 hanc
1561 862 1801 903 causam
1832 844 2020 900 Domi-

358 961 466 1000 nus
510 959 622 999 non
676 938 969 1009 interﬁciet
1017 940 1168 1010 fame
1219 939 1441 994 animas
1495 940 1777 1003 iustorum
1800 934 1864 1003 1³,
1915 936 2019 990 et:

357 1034 557 1091 Iunior
582 1031 676 1105 fui
699 1047 717 1083 :
751 1029 956 1085 etenim
983 1029 1164 1096 senui,
1194 1035 1248 1082 et
1285 1042 1398 1081 non
1430 1026 1549 1081 vidi
1567 1026 1786 1096 justum
1816 1021 2020 1077 dereli—

355 1127 526 1189 ctum,
577 1135 677 1175 nec
729 1134 918 1175 semen
972 1118 1095 1190 ejus
1140 1130 1394 1190 quaerens
1439 1130 1614 1187 panes
1635 1114 1714 1182 ¹⁰;
1744 1115 1801 1168 et
1833 1129 1846 1167 :
1877 1108 2021 1168 Filii

356 1211 592 1267 thalami
638 1208 944 1281 nuptialis,
997 1206 1244 1279 quandiu
1290 1221 1422 1263 eum
1470 1204 1587 1259 illis
1643 1210 1722 1259 est
1767 1216 2017 1273 sponsus,

353 1316 468 1357 non
504 1302 732 1372 possunt
766 1297 1029 1369 jejunare
1052 1296 1117 1350 '0.
1151 1294 1259 1350 Ubi
1305 1298 1499 1349 autem
1552 1293 1736 1348 fames
1783 1297 1840 1346 et
1889 1289 2021 1346 sitis

356 1392 726 1463 grassantur,
749 1386 831 1442 ibi
854 1402 1091 1459 quoque
1122 1401 1302 1440 mors.
1331 1384 1696 1455 Quapropter
1726 1397 1797 1435 ne
1830 1397 2022 1452 perea-

358 1497 494 1536 mus
526 1478 703 1546 fama,
726 1474 1022 1532 ccelestem
1049 1472 1466 1543 conquiramus
1486 1486 1722 1544 panem,
1749 1473 1806 1526 et
1827 1485 1899 1525 ne
1920 1469 2019 1524 siti

359 1570 704 1633 aduramur,
725 1563 1103 1635 inquiramus
1134 1578 1346 1633 aquam
1378 1560 1540 1616 illam
1574 1561 1646 1616 de
1676 1575 1790 1631 qua
1819 1558 2017 1614 Domi-

360 1673 474 1714 nus
503 1655 685 1713 dixit:
713 1653 773 1710 Si
802 1654 921 1724 quis
952 1652 1149 1708 biberit
1179 1667 1252 1706 ex
1269 1666 1418 1722 aqua
1440 1650 1541 1705 illa
1565 1665 1731 1721 quam
1754 1663 1850 1719 ego
1880 1647 2017 1704 dabo

358 1749 433 1815 ei,
461 1762 573 1805 non
603 1745 773 1810 sitiet,
804 1744 867 1798 in
891 1746 1167 1799 aeternum
1186 1741 1255 1797 ¹¹.

2134 667 2408 741 ρευομὲνῳ
2454 665 2543 723 διὰ
2591 669 2860 742 στόματος
2919 672 3074 729 Θεοῦ.
3109 669 3210 724 Διὰ
3263 672 3427 725 τοῦτο
3486 666 3565 726 Οὔ
3618 665 3785 742 λιμο-

2129 758 2382 828 κτονήσει
2470 757 2668 835 Κύριος
2755 758 2933 835 ψυχάς
3023 756 3270 814 δικαίων·
3328 758 3444 827 καὶ,
3510 757 3788 834 Νεώτερος

2132 841 2417 920 ἐγευόμηψ
2467 849 2555 903 καὶ
2613 848 2713 923 γὰρ
2777 849 3040 923 ἐγήρασα,
3083 847 3173 903 καὶ
3223 845 3324 903 οὐκ
3378 845 3521 904 εἶδον
3576 844 3783 904 δίκαιον

2131 934 2717 1011 ἐγκαταλελειμμένον,
2778 934 2908 992 οὐδὲ
2963 938 3025 993 τὸ
3095 938 3312 1013 σπέρμα
3367 936 3533 993 αὐλοῦ
3588 941 3783 1008 ζητοῦν

2130 1020 2345 1100 ἄρτους·
2421 1026 2534 1096 καὶ,
2607 1028 2671 1083 Θὶ
2723 1026 2832 1082 υἱοὶ
2916 1031 3014 1082 τοῦ
3098 1031 3412 1106 νυμφῶνος,
3474 1025 3599 1081 ὅσον
3672 1025 3788 1099 μετ’

2129 1112 2304 1169 αὐτῶν
2370 1117 2510 1170 ἐστιν
2580 1117 2608 1171 6
2674 1116 2937 1190 νυμφίος,
3004 1116 3065 1171 οὐ
3152 1113 3399 1172 δύναεται
3481 1114 3784 1187 νηστεύειν.

2127 1203 2299 1258 Ὅπου
2332 1200 2390 1259 δὶ
2437 1201 2623 1279 λιμὸς,
2674 1204 2765 1261 καὶ
2821 1203 2972 1280 δίψα,
3032 1206 3145 1261 ἐκεῖ
3171 1205 3260 1260 καὶ
3290 1208 3327 1277 ἡ
3358 1206 3639 1279 νεκρότης.
3672 1207 3789 1263 Ἵνα

2130 1290 2220 1346 οῦν
2258 1294 2332 1367 μὴ
2390 1291 2902 1369 λιμοκτονηθῶμεν,
2961 1296 3285 1368 ζητήσωμεν
3344 1295 3433 1349 τὸν
3487 1295 3645 1371 ἄρτον
3690 1294 3782 1349 τὸν

2129 1381 2448 1460 ἐπουράνιον
2479 1386 2612 1458 (78),
2649 1382 2789 1458 μηδὲ
2818 1389 2899 1457 τῷ
2930 1382 3072 1459 δίψει
3122 1388 3577 1462 καταφρυγῶμεν,
3611 1384 3780 1455 ζητή-

2129 1492 2307 1544 σωμεν
2333 1473 2395 1527 τὸ
2426 1471 2571 1548 ὕδωρ
2597 1473 2723 1550 περὶ
2783 1475 2845 1528 οὗ
2895 1475 3040 1530 εἶπεν
3097 1475 3126 1528 6
3176 1473 3404 1549 Κύριος,
3437 1472 3520 1530 ὅτι
3553 1474 3672 1529 Ἐάν
3696 1494 3780 1535 τις

2126 1559 2225 1636 πίῃ
2255 1562 2315 1616 ἐκ
2371 1566 2469 1618 τοῦ
2520 1560 2714 1626 ὕδατος
2769 1564 2835 1618 οὗ
2892 1562 3003 1641 ἰγὼ
3063 1561 3225 1618 δώσω
3282 1562 3451 1636 αὐτῷ,
3499 1562 3560 1618 οὐ
3592 1563 3668 1636 μὴ
3700 1560 3780 1617 δι-

2124 1652 2277 1725 ψήσῃ
2316 1650 2391 1713 είς
2419 1652 2511 1708 τὸν
2540 1653 2734 1710 αἰῶνα.
2836 1720 2839 1722 ,
3012 1704 3031 1743 1

433 1837 557 1892 166.
588 1833 764 1890 Vens.
798 1832 886 1899 1-1,
922 1831 1008 1886 15.
1037 1833 1118 1887 Et
1152 1829 1415 1885 dilatavit
1458 1830 1717 1899 infernus
1766 1828 2015 1883 animam

2199 1833 2321 1888 166.
2381 1830 2481 1886 Kal
2534 1830 2831 1888 ἐπλάτυνεν
2907 1833 2935 1887 6
3011 1828 3146 1903 ᾅδης
3203 1832 3302 1901 τὴν
3377 1831 3562 1905 ψυχὴν
3614 1827 3783 1886 αὐτοῦ

359 1942 541 1995 suam,
574 1931 626 1980 et
652 1923 875 1994 aperuit
902 1936 960 1975 os
987 1935 1171 1986 suum,
1200 1922 1261 1974 ut
1314 1935 1430 1973 non
1477 1926 1660 1974 cesset.
1692 1918 1757 1973 Et
1796 1916 2013 1973 descen-

356 2016 486 2071 dent
516 2013 738 2085 inclyti,
767 2015 819 2066 et
847 2011 1063 2079 magni,
1096 2016 1147 2064 et
1185 2007 1407 2074 divites,
1440 2012 1493 2063 et
1540 2008 1851 2079 pestilentes
1878 2007 2016 2077 ejus,

356 2109 409 2161 et
437 2104 537 2176 qui
562 2101 807 2158 exsultat
834 2099 893 2154 in
921 2114 1008 2154 ea.
1044 2101 1110 2153 Et
1141 2096 1540 2152 humiliabitur
1569 2098 1750 2167 homo,
1776 2100 1830 2151 et
1855 2094 2019 2151 dede-

352 2192 639 2250 corabitur
666 2190 772 2261 vir,
797 2190 846 2244 et
874 2188 1022 2243 oculi
1050 2186 1314 2242 sublimes
1345 2186 1813 2242 humiliabuntur.
1837 2184 2019 2240 Nobis

353 2287 421 2338 ut
441 2283 683 2353 poneret
706 2278 780 2334 ob
803 2276 1007 2334 oculos
1031 2276 1328 2348 ingentem
1352 2275 1725 2347 pereuntium
1748 2272 2018 2330 multitu-

356 2370 578 2440 dinem,
599 2369 893 2423 infernum
918 2366 1236 2421 affirmavit
1254 2382 1320 2427 os
1342 2381 1518 2420 suum
1542 2364 2023 2428 dilatare.Quem'

356 2460 675 2517 admodum
710 2457 830 2512 fieri
880 2454 1028 2511 solet
1080 2455 1140 2509 in
1192 2454 1574 2521 animalibus,
1608 2471 1737 2526 quae
1767 2471 1884 2526 prae
1928 2454 2018 2508 in-

356 2554 517 2623 genti
568 2551 722 2603 lame
770 2550 827 2602 et
874 2544 1073 2600 inedia
1101 2561 1294 2599 escam
1327 2544 1493 2599 avide
1551 2545 1812 2615 rapiunt,
1845 2548 2019 2615 atque

365 2655 512 2695 escae
563 2634 855 2691 inhiantia
884 2651 949 2689 os
981 2632 1231 2688 dilatant
1264 2650 1277 2686 :
1315 2633 1414 2701 ita,
1440 2633 1654 2704 inquit,
1678 2637 1735 2687 et
1755 2632 2021 2688 infernus

357 2743 421 2783 os
442 2743 616 2782 suum
645 2724 887 2780 reddere
909 2723 1103 2777 dictus
1130 2726 1218 2777 est
1240 2721 1497 2793 amplius
1520 2726 1695 2793 atque
1720 2722 2018 2793 capacius,

362 2816 632 2872 Fortasse
649 2818 844 2869 autem
880 2812 1051 2867 nobis
1080 2811 1175 2866 hic
1193 2828 1386 2867 sermo
1406 2811 1625 2866 indicat
1642 2827 2019 2867 communem

356 2904 671 2977 quemdam
706 2902 901 2957 locum
924 2900 1022 2972 qui
1051 2901 1129 2956 sit
1159 2901 1215 2954 in
1250 2900 1478 2956 inlimis
1510 2904 1673 2955 terrae
1699 2900 2021 2961 visceribus

356 2994 700 3060 collocatus,
728 2991 923 3064 sitque
955 2990 1245 3046 obscurus
1277 2991 1349 3044 ab
1382 2987 1541 3044 omni
1573 2995 1737 3061 parte
1767 2995 1824 3044 et
1856 2995 2019 3046 tene-

356 3082 804 3151 brosus,sedem
828 3095 958 3135 esse
988 3077 1224 3145 inferni,
1250 3079 1535 3149 docetque
1564 3078 1729 3146 forte,
1756 3081 2017 3135 toramen

366 3171 665 3244 quoddam
708 3168 779 3224 ad
811 3173 976 3224 terra
1026 3183 1280 3223 concava
1326 3167 1676 3239 pertingere,
1710 3184 1813 3239 per
1860 3170 2015 3240 quod

2126 1920 2215 1974 καὶ
2270 1918 2509 1991 διήνοιξε
2562 1922 2625 1976 τὸ
2704 1920 2881 1995 στόμα
2948 1918 3136 1990 αὐτοῦ,
3193 1923 3292 1976 τοῦ
3353 1921 3429 1993 μὴ
3481 1917 3782 1980 διαλιπεῖν.

2128 2009 2226 2063 Καὶ
2280 2005 2675 2081 καταϐήσονται
2736 2011 2787 2065 οἱ
2846 2006 3074 2084 ἔνδοξοι,
3132 2009 3224 2065 καὶ
3273 2009 3325 2064 o't
3387 2007 3640 2086 μεγάλοι,
3691 2008 3783 2063 καὶ

2127 2099 2179 2153 οὶ
2211 2098 2490 2168 πλούσιοι,
2539 2099 2632 2154 καὶ
2686 2100 2739 2154 οἱ
2796 2097 2990 2173 λοιμοὶ
3042 2098 3235 2169 αὐτῆς,
3280 2098 3370 2154 καὶ
3416 2099 3444 2152 6
3499 2096 3781 2173 ἀγαλλιώ-

2132 2209 2290 2263 μενος
2348 2189 2401 2244 ἐν
2475 2189 2611 2264 αὐτῇ
2665 2190 2800 2263 (79),
2878 2190 2981 2245 Καὶ
3053 2189 3514 2258 ταπεινωθήσεται
3572 2185 3786 2262 ἄνθρω-
3822 2238 3836 2245 -

2127 2299 2250 2350 πος,
2308 2279 2397 2333 καὶ
2446 2280 2873 2352 ἀτιμασθήσεται
2924 2277 3085 2353 ἀνὴρ,
3142 2278 3233 2333 καὶ
3286 2279 3338 2333 οἱ
3398 2277 3678 2355 ὀφθαλμοὶ
3732 2278 3785 2331 οἳ

2132 2366 2395 2443 μετέωροι
2471 2370 2994 2439 ταπεινωθήσονται.
3072 2369 3186 2425 Ἵνα
3271 2367 3335 2422 τὸ
3412 2364 3572 2444 άδρὸν
3672 2372 3781 2421 τῶν

2129 2451 2526 2527 ἀπολλυμένων
2586 2457 2614 2510 6
2669 2453 2834 2531 λόγος
2890 2458 3024 2529 ἡμῖν
3084 2456 3428 2531 παραστήσῃ,
3492 2452 3781 2510 πλατύνειν

2128 2541 2229 2621 ἔφη
2261 2544 2352 2599 τὸν
2386 2539 2521 2614 ᾅδην
2552 2544 2614 2599 τὸ
2645 2544 2821 2617 στόμα
2852 2543 3037 2601 αὐτοῦ.
3094 2545 3295 2617 ’Ὠσπερ
3338 2543 3425 2597 ἐπὶ
3454 2547 3563 2599 τῶν
3602 2542 3782 2613 ζώων,

2128 2632 2228 2688 ὅσα
2284 2628 2503 2710 λάϐρως
2544 2634 2648 2688 ὑπὸ
2690 2631 2912 2704 πολλῆς
2957 2630 3161 2696 ἐνδείας
3205 2634 3306 2702 τὴν
3360 2634 3567 2711 τροφὴν
3628 2630 3779 2709 διαρ-

2128 2723 2307 2796 πάζει,
2360 2723 2449 2778 καὶ
2507 2721 2765 2779 πλατύνει
2820 2724 2883 2778 τὸ
2955 2722 3133 2796 στόμα
3207 2722 3646 2800 περιτεινόμενον
3713 2725 3781 2796 τῇ

2126 2816 2326 2889 τροφῇο
2361 2812 2527 2885 οὕτω,
2580 2813 2734 2890 φησὶ,
2767 2812 2857 2867 καὶ
2906 2813 2934 2867 6
2984 2807 3119 2884 ᾅδης
3146 2812 3209 2867 τὸ
3261 2808 3450 2867 ἐαυτοῦ
3495 2810 3673 2884 στόμα
3702 2810 3782 2865 εὖ·

2131 2903 2511 2979 ρυχωρότερον
2567 2908 2744 2957 ποιεῖν
2794 2908 3029 2976 εἴρηται.
3059 2903 3214 2978 Τάχα
3270 2899 3327 2956 δὲ
3382 2903 3517 2973 ἡμῖν
3549 2902 3577 2955 6
3609 2900 3778 2975 λόγος

2130 2988 2455 3046 ἐνδείκνυται
2512 2992 2694 3047 κοινόν
2747 3013 2865 3047 τινα
2921 2992 3089 3047 τόπον
3146 2992 3197 3046 ἐν
3254 2994 3332 3063 τῷ
3382 2987 3636 3062 ἐοωτάτῳ
3674 2995 3775 3058 τῆς

2126 3087 2252 3154 γῆς,
2283 3079 2523 3136 ἐπίσκιον
2566 3083 2929 3157 πανταχόθεν,
2986 3081 3077 3136 καὶ
3110 3079 3360 3153 ἀλαμπῆ,
3407 3079 3469 3135 τὸ
3518 3083 3615 3133 τοῦ
3645 3076 3778 3149 ’ᾲδου

2127 3169 2335 3245 χωρίον
2368 3172 2524 3224 εἶναι·
2588 3170 2813 3243 στόμιον
2845 3166 2902 3224 δέ
2956 3190 3008 3223 τι
3068 3169 3157 3223 ἐπὶ
3202 3168 3270 3223 τὰ
3309 3164 3492 3223 “κοῖλα
3515 3167 3777 3234 καθῆκον,

358 3260 676 3317 animabus
705 3258 777 3314 ad
809 3255 1222 3330 gravissimam
1260 3272 1493 3328 poenam
1527 3257 1824 3312 damnatis
1858 3262 2018 3328 patet

2128 3256 2193 3313 δι’
2219 3259 2280 3312 οὗ
2334 3260 2435 3329 τὴν
2482 3256 2713 3314 κάθοδον
2747 3260 2882 3313 εἴναι
2939 3262 3061 3320 ταῖς
3118 3257 3255 3333 πρὸς
3302 3256 3367 3312 τὸ
3422 3260 3613 3332 χεῖρον
3660 3274 3784 3308 κατ-

363 3352 687 3407 descensus
735 3365 748 3403 :
797 3346 955 3418 quod
1014 3344 1296 3415 foramen,
1357 3350 1422 3400 ut
1477 3345 1667 3400 valeat
1719 3347 2018 3419 suscipere

358 3438 693 3503 universos,
723 3435 796 3490 ob
822 3450 1027 3490 eorum
1057 3432 1158 3504 qui
1206 3433 1506 3489 intereunt
1550 3434 2017 3504 multitudinem,

359 3525 617 3599 amplius
667 3523 749 3579 ait
808 3539 938 3578 esse
994 3522 1209 3577 factum
1261 3538 1327 3577 ac
1377 3521 1573 3578 latius.
1605 3522 1803 3596 Neque
1858 3525 2017 3581 enim

359 3613 581 3672 animal
610 3612 905 3685 quoddam
932 3615 1021 3666 est
1046 3610 1335 3681 infernus,
1362 3627 1551 3682 neque
1581 3616 1843 3684 potestas
1865 3631 2018 3685 quaa-

356 3706 493 3761 dam
521 3702 768 3758 mortuis
788 3701 1081 3771 praetecta,
1096 3700 1267 3771 juxta
1291 3699 1625 3755 fabulosum
1646 3701 2017 3759 ethnicorum

356 3796 784 3850 commentum.
820 3789 887 3844 Hi
919 3788 1103 3861 igitur
1132 3792 1441 3861 propterea
1472 3792 1626 3861 quod
1664 3808 1778 3846 non
1808 3808 2017 3864 cogno.

356 3882 548 3938 verint
580 3876 917 3948 Dominum,
941 3879 1000 3932 in
1052 3877 1447 3950 captivitatem
1503 3881 1747 3951 redacti,
1777 3887 1835 3937 et
1865 3882 2018 3939 fame

356 3986 423 4027 ac
447 3969 544 4027 siti
567 3965 896 4040 spiritualis
920 3965 1185 4022 alimenti
1209 3973 1656 4035 marcescentes,
1682 3984 1814 4024 cum
1837 3969 2017 4043 incly-

355 4057 433 4115 tis
451 4061 507 4113 et
525 4056 758 4129 magnis
774 4060 834 4110 et
848 4054 1127 4111 divitibus
1145 4059 1201 4109 et
1224 4054 1631 4125 pestilentibus
1654 4058 2018 4115 descendunt

356 4148 417 4203 in
440 4147 760 4203 infernum.
781 4145 933 4201 Sunt
957 4147 1154 4199 autem
1187 4145 1302 4199 tria
1331 4160 1463 4216 quas
1492 4147 1895 4217 peccatoribus
1926 4150 2014 4205 in-

351 4241 687 4305 tentantur;
709 4233 1042 4307 captivitas,
1064 4249 1246 4304 mors,
1266 4233 1591 4291 descensus
1613 4235 1671 4290 in
1697 4236 2014 4295 infernum.

352 4326 671 4398 Captivitas
689 4323 931 4396 quidem
954 4322 1081 4394 ipse
1102 4327 1191 4378 est
1213 4339 1247 4378 a
1267 4322 1521 4394 pristina
1536 4324 1656 4381 vita
1672 4324 1897 4399 lapsus,
1916 4346 2019 4401 per

354 4415 557 4472 dolum
609 4413 995 4482 fraudemque
1042 4410 1294 4477 inimici,
1331 4412 1432 4482 qui
1486 4430 1593 4469 nos
1637 4414 1709 4470 de
1756 4417 2016 4487 paradisi

353 4501 721 4559 beatitudine
751 4499 1087 4556 deturbavit
1111 4516 1124 4555 :
1154 4516 1312 4555 mors
1335 4516 1470 4556 vero
1492 4502 1842 4562 abalienatio
1863 4512 1953 4564 est
1981 4525 2017 4565 θ.

2128 3348 2491 3422 εγνωσμέναις
2523 3350 2749 3422 ψυχαῖς·
2784 3347 2813 3402 ’ὁ
2845 3343 2935 3402 διὰ
2979 3348 3042 3402 τὸ
3090 3345 3303 3417 πλῆθος
3333 3349 3441 3400 τῶν
3469 3341 3784 3417 ἀπολλυμέ-

2124 3458 2255 3508 νων,
2301 3435 2439 3491 ὥστε
2488 3435 2841 3509 ὑποδέξασθαι
2891 3435 3113 3505 πάντας,
3159 3432 3606 3510 εὐρυχωρότερόν
3648 3452 3782 3510 φησι

2127 3531 2471 3600 γεγενῆσθαι.
2521 3524 2593 3579 Οὐ
2624 3526 2724 3601 γὰρ
2757 3521 2825 3594 δὴ
2875 3524 3012 3595 ζῶόν
3046 3546 3097 3579 τι
3133 3525 3160 3579 ὁ
3193 3518 3347 3594 ᾅδης,
3384 3519 3510 3577 οὐδὲ
3550 3518 3780 3594 δύναμίς

2124 3634 2209 3676 τις
2241 3614 2634 3689 ἐπιτεταγμὲνη
2693 3616 2805 3689 (80)
2859 3620 2977 3677 τοῖς
3026 3614 3449 3683 ἀποθνήσκουσι,
3502 3610 3640 3666 κατὰ
3674 3611 3776 3678 τήν

2132 3703 2454 3776 μυθοποιίαν
2486 3709 2593 3759 τῶν
2628 3698 2847 3775 ἔξωθεν.
2907 3705 2975 3762 Ol
3002 3702 3091 3759 οὖν
3128 3700 3217 3758 διὰ
3243 3703 3306 3757 τὸ
3341 3703 3416 3775 μὴ
3452 3697 3646 3755 εἰδέναι
3680 3698 3772 3754 τὸν

2128 3792 2353 3869 Κύριον,
2404 3792 2761 3870 αἰχμάλωτοι
2817 3794 3130 3868 γενόμενοι,
3183 3792 3274 3847 καὶ
3324 3789 3479 3864 λιμῷ
3508 3789 3597 3845 καὶ
3632 3785 3777 3863 δίψει

2126 3885 2223 3952 τῆς
2269 3890 2641 3957 πνευματικῆς
2693 3890 2901 3961 τροφῆς
2958 3883 3269 3942 ἐκτακὲντες
3327 3882 3461 3954 (81),
3521 3878 3595 3941 εἰς
3649 3874 3784 3949 ’ᾁδου

2126 3967 2535 4043 καταϐαίνουσι,
2571 3973 2706 4045 μετᾶ
2758 3976 2866 4027 τῶν
2925 3968 3177 4043 ἐνδόξων,
3228 3970 3320 4026 καὶ
3371 3967 3650 4045 μεγάλων,
3692 3966 3784 4022 καὶ

2126 4060 2426 4134 πλουσίων,
2486 4062 2576 4117 καὶ
2634 4061 2874 4135 λοιμῶν.
2931 4061 3063 4137 Τρία
3119 4058 3177 4116 δέ
3228 4060 3338 4115 ἐστι
3387 4059 3454 4114 τὰ
3502 4056 3628 4133 περὶ
3657 4055 3789 4121 τοὺς

2126 4151 2532 4226 ἁμαρτάνοντας
2582 4149 2962 4222 ἀπειληθέντα·
3015 4147 3394 4226 αίχμαλωσία,
3443 4145 3535 4202 καὶ
3582 4147 3787 4221 νέκρω-

2126 4261 2228 4310 σις,
2259 4240 2350 4295 καὶ
2384 4240 2461 4305 εἷς
2488 4239 2620 4311 ᾇδου
2680 4237 2935 4304 κάθοδος.
2968 4238 3347 4315 Αἷίχμαλωσία
3379 4237 3474 4311 μὲν
3505 4234 3605 4314 γάρ
3638 4234 3784 4290 ἐστιν

2124 4332 2159 4400 ἡ
2220 4329 2326 4386 άπὸ
2384 4336 2482 4400 τῆς
2536 4328 2959 4407 προηγουμένης
3016 4334 3162 4400 ζωῆς
3229 4328 3598 4395 κατάπτωσις,
3646 4323 3786 4380 κατὰ

2126 4418 2337 4490 ἀπάτην
2391 4422 2489 4474 τοῦ
2548 4419 2746 4496 ἐχθροῦ
2799 4417 3155 4495 ὐπεξάγοντος
3211 4424 3314 4489 τῆς
3371 4417 3424 4473 ἐν
3473 4420 3554 4488 τῷ
3608 4434 3783 4491 παρα-

2126 4505 2289 4583 δείσῳ
2326 4509 2751 4586 μακαριότητος’
2814 4507 3075 4586 νέκρωσις
3137 4506 3217 4578 δὲ,
3274 4509 3310 4577 ἡ
3367 4512 3468 4576 τῆς
3504 4505 3783 4574 ζωοποιοῦ

355 4595 645 4665 praecepto
674 4589 855 4646 vitam
904 4587 1233 4660 largiente:
1267 4589 1588 4647 descensus
1638 4593 1892 4667 denique
1941 4597 2013 4652 ad

2128 4596 2352 4668 ἐντολῆς
2400 4595 2790 4674 άλλοτρίωσις·
2852 4596 2929 4661 εἷς
2980 4595 3113 4670 ᾅδου
3173 4594 3231 4652 δὲ
3286 4590 3660 4664 κατάϐασις,ὁ
3693 4590 3786 4648 διὰ

352 4682 677 4749 infernum,
710 4683 800 4734 est
828 4695 862 4734 a
898 4677 1016 4734 Deo
1059 4677 1378 4750 separatio,
1404 4696 1535 4751 quae
1576 4681 1649 4737 ob
1698 4682 2016 4754 plurimam

2128 4686 2222 4756 τὴν
2255 4685 2480 4757 πολλὴν
2507 4695 2608 4759 τῆς
2637 4688 2903 4765 ἁμαρτίας
2943 4686 3129 4763 χύσιν,
3171 4685 3262 4740 καὶ
3309 4684 3409 4753 τὴν
3436 4683 3678 4739 ἐναντίαν
3704 4685 3787 4754 τῷ

353 4774 730 4844 peccatorum
754 4766 1089 4840 congeriem
1113 4772 1170 4822 et
1196 4766 1581 4839 affectionem,
1606 4773 1759 4829 498
1781 4790 2016 4833 summo

2128 4775 2311 4851 ἀγαθῷ
2347 4779 2457 4851 (82)
2492 4775 2750 4850 διάθεσιν,
2800 4779 2908 4833 ἀπὸ
2951 4781 3087 4832 Θεοῦ
3135 4774 3427 4852 γινόμενος
3471 4770 3785 4849 χωρισμός.

354 4861 507 4917 bono
562 4859 970 4914 adversantem
1003 4855 1306 4927 contingit.
1340 4856 1485 4912 Nam
1544 4864 1608 4914 ut
1649 4860 1849 4931 justus
1897 4881 2018 4921 una

2128 4868 2332 4944 ’Ὠσπερ
2363 4867 2469 4943 γάρ
2526 4868 2554 4923 6
2605 4864 2814 4929 δίκαιος
2870 4865 2978 4938 ἤδη
3042 4866 3350 4941 συνηγέρθη
3404 4866 3646 4939 Χριστῷ,
3694 4859 3788 4915 καὶ

356 4966 492 5006 cum
522 4948 755 5004 Christo
777 4947 904 5018 jam
938 4945 1324 5013 consurrexit,
1359 4951 1533 5017 atque
1571 4966 1690 5007 una
1719 4968 1854 5009 cum
1886 4953 2016 5026 ipso

2128 4957 2467 5012 συνεκάθισεν
2536 4957 2589 5013 ἐν
2646 4962 2764 5019 τοῖς
2840 4955 3200 5027 ἐπουρανίοις·
3282 4953 3453 5015 οὕτως
3514 4953 3543 5007 6
3603 4946 3791 5011 ἄδικος

358 5038 514 5095 sedit
542 5038 602 5094 in
649 5035 989 5093 caelestibus
1025 5050 1037 5089 :
1073 5035 1154 5089 ita
1183 5033 1442 5105 injustus
1486 5038 1609 5107 jam
1662 5041 1930 5113 captivus
1959 5049 2018 5101 et

2128 5045 2491 5122 αἰχμάλωτος
2548 5044 2658 5118 ἤδη
2689 5046 2781 5103 καὶ
2840 5046 3051 5120 νεκρὸς,
3108 5045 3195 5100 καὶ
3253 5043 3328 5106 εἰς
3383 5039 3509 5113 ᾆδον
3558 5038 3649 5095 διὰ
3673 5038 3787 5095 τῶν

428 5178 471 5215 ¹⁶
500 5181 679 5236 Amos
708 5197 831 5252 vm,
866 5179 953 5236 11.
1033 5175 1078 5214 ιτ
1108 5175 1312 5234 Matth.
1346 5194 1423 5246 IV,
1456 5177 1509 5234 4.
1590 5181 1631 5218 ιδ
1663 5181 1829 5240 Prov.
1863 5202 1922 5256 χ,
1950 5187 2006 5245 3.

2128 5198 2129 5213 ‘
2158 5188 2312 5246 Psal.
2344 5207 2537 5255 xxxvr,
2557 5191 2648 5247 25.
2724 5190 2769 5225 ²⁰
2798 5189 2973 5248 Marc.
3006 5206 3070 5260 ιι,
3100 5188 3187 5245 19.
3263 5188 3307 5223 ²¹
3340 5190 3508 5243 Joan.
3543 5200 3620 5254 1v,
3655 5183 3745 5239 13.

450 5322 544 5465 77)
577 5320 816 5392 Antiqui
850 5326 970 5376 tres
999 5318 1156 5386 libri,
1195 5316 1383 5387 μόνον.

450 5393 522 5446 78
575 5392 811 5449 Veteres
841 5394 957 5465 duo
988 5391 1144 5462 libri,
1175 5388 1336 5465 ἄρτον
1367 5391 1791 5465 τὸν-ἐπιούσιον,
1815 5417 2016 5465 panem

2198 5333 2307 5403 (80)
2338 5333 2491 5389 Editi
2545 5349 2679 5389 cum
2731 5332 2965 5389 duobus
3014 5348 3183 5401 mss.,
3217 5325 3630 5403 ἐπιτεταγμὲνη.
3674 5324 3785 5382 Alii

2128 5406 2242 5460 tres
2274 5422 2444 5465 mss"
2477 5403 2902 5465 ἀποτεταγμένη,

450 5391 957 5478 alveare“?
988 5391 1150 5478 ιίιοτίε
1175 5391 1345 5478 esea
1814 5417 2016 5478 ραηεηι

2128 5391 2242 5478 iras
2270 5391 2444 5478 (ὤεα,
2477 5403 2902 5478 ἀποτεταγμένη.

358 5462 765 5549 ςιιιέηἰᾱίιιῃιίτηἶ
793 5464 975 5521 Paulo
1024 5468 1158 5535 post
1206 5462 1370 5532 editi,
1402 5464 1431 5517 ὂ
1464 5462 1588 5540 ἐγώ.
1632 5472 1705 5526 At
1752 5462 2015 5547 quinque

2195 5476 2304 5549 (81)
2336 5462 2575 5534 Veleres
2621 5462 2883 5549 quinque
2924 5474 3084 5546 libri,
3113 5470 3440 5534 ἑκτακὲντες.
3483 5469 3657 5542 Editi,
3690 5466 3782 5523 ὲν-

358 5533 530 5605 tnss.,
563 5534 627 5590 οὗ
668 5533 692 5590 ἒ
733 5536 798 5590 ώ.
1025 5533 1041 5535 “
1501 5533 1513 5540 ’
1767 5533 1788 5543 “
1914 5533 1935 5547 ⁴

427 5556 749 5697 eam},
782 5601 1394 5697 καὶδτδξγεξλέξυέξξξνρε
1412 5604 1481 5697 ίίυ
1511 5607 1668 5697 οεύτῆρ
1698 5621 1750 5669 ει
1787 5618 1887 5687 qui
1911 5632 2011 5674 οω-

2128 5547 2511 5697 ταῗὲἒῗὲοἰιὶ,
2560 5622 2668 5677 τῶν
2716 5618 2948 5697 ἀγαθῶν.
2997 5620 3067 5677 At
3111 5619 3368 5692 quinque
3415 5630 3561 5673 mss.
3603 5617 3671 5671 ut
3714 5612 3777 5669 in

355 5677 530 5739 saltat
550 5681 613 5737 in
638 5677 912 5755 ea,apud
942 5677 1086 5735 LXX
1116 5691 1494 5754 nequaquam
1526 5677 1761 5755 legitur.
1792 5677 1813 5687 ’
2120 5677 2415 5749 cohts'xtu.
