4138 6404
319 384 441 446 393

1167 371 1579 435 COMMENT.
1630 373 1711 432 IN
1754 369 2033 432 ISAIAM
2073 371 2582 436 PROPHETAM.
2632 375 2803 436 CAP.
2847 376 2922 437 ν.

3633 380 3754 441 394

322 512 462 590 πρὸς
517 508 751 574 θάνατον
808 501 1222 590 ἁμαρτημάτων
1276 495 1692 590 καταϐεϐηκὼς,
1745 498 1986 590 λέγεται,

2122 505 2369 560 nortuus
2385 518 2535 576 esse,
2549 507 2726 577 atque
2749 505 2808 561 in
2829 505 3126 562 infernum
3144 505 3513 562 descendisse
3538 507 3754 564 dicitur

325 584 599 679 Διαφοράς
634 593 693 651 δὲ
721 592 1016 670 ταγμάτων
1045 584 1490 679 καταϐαινόντωνΔ
1526 589 1606 679 ,εἷς
1647 589 1749 679 τὸν,
1789 585 1927 659 ’ᾲδην
1958 588 1985 643 6

326 676 496 767 λόγος
528 684 982 762 ἀπηριθμήσατο.
1002 684 1227 757 Πρῶτον
1258 679 1385 743 τοὺς
1415 676 1684 750 ἐνδόξους·
1703 678 1853 767 οὗτοι
1875 678 1985 751 (83)

329 779 374 837 δ’
502 778 604 834 εἶεν
639 775 692 830 οἱ
723 772 775 828 ἐν
813 769 1091 845 ὑπολήψει
1119 770 1227 825 τινὶ
1260 767 1424 841 δεξιᾷ,
1457 768 1518 823 οὐ
1566 767 1781 832 πάντως
1826 763 1988 843 ἔχον-

326 890 413 933 τες
440 872 523 941 τῷ
554 860 965 943 ἐπιφαινομένῳ
996 859 1237 936 ἐχήματι
1286 860 1385 927 τὴν
1442 857 1501 912 ἐκ
1542 861 1638 912 τοῦ
1688 856 1808 933 βίάυ
1856 875 1991 930 μαρ-

329 960 516 1037 τυρίαν
544 954 976 1013 ἀκολουθοῦσαν·
1016 951 1129 1005 εἶτα
1160 950 1212 1005 οἱ
1265 949 1518 1026 μεγάλοι,
1550 950 1601 1003 οἱ
1651 946 1702 1002 ἐν
1764 945 1988 1037 δυνάμει

333 1034 442 1107 τινὶ
471 1047 559 1104 καὶ
591 1046 743 1121 ἀρχῇ
775 1048 884 1099 τῶν
915 1038 1145 1097 πολλῶν
1180 1040 1555 1116 ὑπερέχοντες·
1582 1038 1672 1093 καὶ
1712 1039 1764 1093 οἱ
1811 1034 1989 1092 πλού-

343 1161 475 1208 σιοι,
509 1139 560 1193 οἳ
589 1133 733 1192 πολὺ
762 1130 983 1203 πλῆθος
1011 1128 1317 1207 χρημάτων
1355 1125 1541 1184 ἄδικον
1588 1121 1992 1203 περιϐεϐλημέ-

344 1251 446 1297 νοι,
513 1226 548 1296 ἢ
605 1225 656 1279 οἱ
710 1222 1002 1298 ἀκόρεστον
1059 1221 1159 1289 τὴν
1221 1219 1512 1293 ἐπιθυμίαν
1571 1222 1668 1275 τοῦ
1742 1215 1994 1281 πλείονος

344 1316 581 1394 ἔχοντες
612 1313 704 1369 καὶ
766 1314 818 1367 οἱ
872 1309 1068 1384 λοιμοὶ
1110 1309 1299 1383 αὐτῆς,
1333 1310 1450 1364 ὅσοι
1484 1306 1638 1379 δίκην
1673 1306 1836 1364 νόσου
1868 1319 1997 1382 φθο-

339 1391 573 1482 ροποιοῦ
613 1401 752 1459 κατὰ
801 1398 1044 1456 διᾶδοσιν
1101 1398 1525 1474 ἐπινεμομένης,
1554 1396 1682 1460 τοὺς
1736 1391 1996 1474 προσιόν-

338 1517 437 1558 τας
471 1497 586 1569 (84)
618 1491 804 1553 αὐτοῖς
839 1487 1264 1568 διαφθείροντες,
1296 1484 1421 1557 ¹ἤτοι
1471 1487 1530 1542 ἐκ
1580 1488 1867 1563 μοχθηρᾶς
1915 1483 1996 1540 δι-

344 1582 659 1650 δασκαλίας,
691 1579 729 1650 ἢ
760 1578 819 1635 ἐκ
866 1583 965 1634 τοῦ
1012 1578 1151 1633 κατὰ
1203 1577 1303 1647 τὴν
1363 1576 1629 1651 ἁμαρτίαν
1686 1575 1995 1652 ἐρεθισμοῦ,

340 1672 535 1747 λοιμοὶ
597 1668 823 1733 δικαίως
899 1664 1438 1744 προσαγορεύονται·
1486 1662 1680 1729 οἵτινες
1742 1658 1998 1720 καταϐαί-

338 1783 526 1818 νουσιν
570 1760 645 1822 sic
693 1759 785 1815 τὸν
831 1755 989 1829 ᾇδην.
1024 1754 1120 1812 Καὶ
1173 1757 1202 1811 6
1250 1752 1694 1831 άγαλλιώμενος,
1735 1754 1916 1833 φησὶν,
1944 1751 1997 1808 ἐν

2098 592 2171 647 ob
2203 591 2441 650 letbalia
2466 601 2723 667 peccata.
2744 595 2919 652 Porro
2941 595 3134 651 varios
3155 594 3389 652 ordines
3419 611 3620 653 eorum
3652 597 3753 669 qui

2097 683 2170 737 ad
2192 681 2411 739 inferos
2428 684 2814 752 descendunt,
2837 684 3131 741 recensuit
3155 685 3754 757 Scriptura.Primum

2098 776 2407 828 enumerat
2456 772 2738 847 inclytos;
2788 773 2850 829 hi
2903 778 3097 830 autem
3157 778 3316 843 sunt,
3350 775 3450 847 qui
3498 777 3753 846 quadam

2098 860 2532 917 existimatione
2588 862 2698 917 sibi
2759 868 3124 934 comparata,
3170 863 3298 919 vita:
3347 864 3755 921 testimonium

2099 950 2367 1007 exteriori
2397 950 2732 1007 habitudini
2753 953 3103 1009 conveniens
3126 952 3471 1026 neutiquam
3496 953 3752 1013 habent:

2100 1039 2311 1096 deinde
2332 1046 2720 1097 numerantur
2740 1042 2960 1113 magni,
2984 1041 3165 1114 quiin
3188 1045 3476 1114 potestate
3498 1044 3754 1116 quadam

2101 1134 2159 1186 et
2179 1130 2239 1186 in
2261 1131 2591 1204 principatu
2614 1131 2922 1188 constituti
2938 1132 3109 1203 vulgo
3130 1135 3410 1204 praestant
3429 1149 3442 1189 :
3463 1136 3590 1188 tum
3616 1132 3758 1190 divi-

2100 1223 2190 1277 tes
2216 1221 2319 1291 qui
2351 1220 2647 1294 ingentem
2681 1221 3020 1277 divitiarum
3053 1221 3281 1294 copiam
3311 1222 3531 1294 injuste
3561 1223 3757 1295 acqni-

2104 1308 2349 1378 sierunt,
2366 1313 2468 1365 aut
2488 1310 2584 1382 qui
2608 1309 2944 1383 inexplebili
2962 1327 3138 1383 opum
3162 1312 3447 1383 majorum
3468 1313 3755 1370 desiderio

2105 1402 2383 1455 tenentur
2413 1415 2427 1454 :
2462 1404 2827 1472 postremum
2872 1400 3001 1471 ejus
3041 1400 3403 1472 pestilentes,
3437 1402 3538 1474 qui
3568 1402 3758 1458 instar

2107 1488 2391 1545 mortiferi
2422 1489 2732 1561 cujusdam
2767 1488 2956 1546 morbi
2995 1506 3100 1562 per
3128 1489 3283 1546 vices
3313 1492 3623 1563 serpentis,
3657 1508 3757 1549 eos

2107 1577 2208 1649 qui
2239 1578 2311 1633 ad
2361 1595 2424 1635 se
2455 1579 2741 1635 accedunt
2769 1582 3231 1652 corrumpentes,
3266 1585 3370 1637 aut
3398 1581 3471 1637 ob
3519 1598 3757 1653 pravam

2110 1667 2459 1737 doctrinam,
2493 1672 2594 1724 aut
2630 1669 2702 1724 ob
2740 1669 3057 1741 quemdam
3089 1668 3352 1725 fomitem
3384 1674 3441 1725 et
3469 1670 3758 1727 incitabu-

2110 1756 2236 1813 lum
2260 1757 2502 1829 peccati,
2518 1758 2654 1827 jure
2677 1773 2743 1814 ac
2765 1758 2972 1814 merito
2995 1758 3378 1813 nominantur
3399 1759 3760 1833 pestilentes.

341 1853 482 1926 αὐτῇ
686 1848 860 1910 Οὗτος
922 1844 970 1902 δ’
1005 1845 1065 1901 ἂν
1112 1843 1196 1917 εἴη
1248 1847 1277 1901 6
1328 1844 1379 1899 ἐν
1430 1844 1585 1920 σαρκὶ
1618 1843 1900 1944 ’ξουδαῖος,
1930 1846 1999 1917 τῇ

2122 1846 2177 1902 Hi
2212 1852 2353 1903 sunt
2375 1846 2476 1919 qui
2500 1847 2867 1903 descendunt
2894 1847 2953 1902 in
2976 1847 3296 1903 infernum.
3322 1849 3389 1904 Et
3406 1850 3521 1920 qui,
3545 1849 3759 1922 inquit,

341 1940 507 2018 γηΐνῃ
532 1937 901 2015 Ἰερουσαλὴμ
930 1933 1427 2011 ἐναγαλλιώμενος,
1459 1934 1597 2010 πρὸς
1638 1930 1695 1989 δὲ
1731 1934 1830 2002 τὴν
1860 1932 1998 1988 ἀπο-

343 2030 603 2104 κειμένην
654 2031 773 2088 τοῖς
822 2023 995 2102 ἁγίοις
1051 2026 1151 2079 τοῦ
1181 2027 1317 2078 Θεοῦ
1350 2025 1460 2097 (86)
1491 2022 1864 2097 μακαριότητα
1922 2022 1998 2095 μὴ

348 2119 592 2197 βλὲπων.
619 2118 788 2190 Τήρει
822 2113 901 2186 δὲ,
933 2113 1015 2170 ὅτι
1047 2113 1132 2169 τὸ.
1167 2113 1254 2171 ’Ev
1287 2112 1447 2186 αὐτῇ,
1480 2112 1616 2167 κατὰ
1659 2113 1761 2182 τὴν
1809 2113 1997 2181 κοινὴν

344 2209 624 2279 συνήθειαν
681 2203 916 2279 εἴρηται.
947 2203 1036 2265 Ὦς
1083 2201 1175 2258 καὶ
1235 2200 1323 2257 ἐπὶ
1371 2206 1479 2256 τῶν
1539 2203 1651 2274 (87)
1705 2198 2000 2256 ἰδιωτικῶν

351 2295 515 2353 οἷόιων
546 2291 823 2355 πολλάκις
871 2291 999 2354 τοὺς
1049 2288 1418 2365 ὑπερέχοντας
1477 2288 1672 2353 αὐτοὺς
1728 2310 2001 2367 προσαγο-

352 2385 601 2461 ρεύεσθαι
654 2382 758 2439 ὑπὸ
813 2385 922 2437 τῶν
997 2379 1349 2435 ἐνοικούντων
1430 2379 1676 2451 σύνηθες.
1737 2379 1999 2437 Τοιοῦτόν

348 2477 460 2535 ἐστι
514 2475 606 2531 καὶ
654 2473 740 2542 τὸ,
784 2471 853 2530 Οἱ
903 2467 1149 2543 θεμέλιοι
1198 2468 1361 2525 αὐτοῦ
1412 2467 1464 2525 ἐν
1509 2474 1626 2532 τοῖς
1686 2466 1832 2539 ὄρεσι
1886 2475 2004 2533 τοῖς

350 2567 550 2642 ἁγίοις.
584 2562 683 2619 Καὶ
719 2563 747 2617 6
778 2558 960 2617 τοίνυν
994 2556 1415 2634 ἀγαλλιώμενος
1460 2558 1511 2615 ἐν
1554 2559 1715 2635 αὐτῇ,
1749 2558 1826 2624 εἷς
1870 2556 2003 2631 ᾇδου

349 2649 559 2725 καταῦή
566 2672 737 2709 σεται.

422 2745 544 2802 467.
600 2740 710 2797 Καὶ
784 2739 1247 2809 ταπεινωθήσεται
1314 2733 1619 2812 ἄνθρωπος,
1697 2737 1851 2815 φησὶ,
1915 2737 2001 2792 καὶ

350 2833 781 2907 ἆτιμασθήσεται
838 2829 997 2904 ἀνήρ.
1041 2826 1118 2886 Οὐ
1156 2825 1311 2899 τόπῳ
1365 2829 1476 2901 (88)
1506 2831 1694 2892 παθεῖν
1749 2825 1860 2882 ἐστι
1908 2827 2006 2896 τὴν

347 2922 698 2989 ταπείνωσιν,
731 2919 860 2975 ὅσον
912 2917 965 2974 ἐν
1017 2916 1352 2994 προαιρέσει.
1393 2916 1645 2990 Ὑψοῦται
1699 2917 1792 2989 μὶν
1825 2917 1927 2992 γὰθ
1977 2917 2005 2972 ὁ

354 3008 565 3072 δίκαιος
591 3013 673 3082 τῷ
698 3006 941 3082 οὐρανίῳ
969 3007 1305 3084 φρονήματι,
1332 3010 1680 3062 ταπεινοῦται
1712 3002 1769 3060 δὲ
1810 3006 1837 3061 ὁ
1887 3006 2007 3061 ἀσε-

355 3094 460 3166 ϐὴς
494 3095 583 3152 διὰ
605 3097 706 3166 τὴν
752 3096 891 3173 πρὸς
932 3095 1001 3150 τὰ
1044 3094 1194 3148 κάτω
1239 3092 1597 3169 συμπάθειαν.
1629 3093 1690 3150 Ὁ
1754 3093 1847 3166 μὶν
1906 3091 2006 3169 γὰρ

360 3186 543 3248 κοινὸς
575 3184 930 3261 ἅνθρωπος,ὁ
964 3182 1152 3258 μόνοις
1183 3183 1290 3256 (89)
1341 3185 1459 3244 τοῖς
1511 3186 1717 3243 κοινοῖς
1766 3188 1868 3250 τῆς
1908 3180 2006 3259 φό-

2109 1938 2346 1993 exsultat
2367 1939 2426 1992 in
2456 1952 2539 1992 ea.
2568 1936 2671 1992 Hic
2693 1935 2791 1992 ille
2819 1935 3252 1992 fueritJudzeus
3284 1937 3409 2008 ipse
3430 1941 3760 1995 secundum

2110 2025 2486 2098 θοι-ηοω,ρυί
2517 2026 2577 2081 in
2607 2026 2870 2082 terrestri
2889 2025 3219 2082 Jerusalem
3250 2025 3520 2097 exsultat,
3551 2044 3656 2084 nec
3687 2029 3761 2084 ad

2110 2115 2535 2172 beatitudinem
2557 2116 2777 2173 sanctis
2803 2114 2898 2172 Dei
2921 2118 3303 2188 praeparatam
3329 2116 3586 2188 respicit.
3608 2115 3760 2173 Illud

2111 2209 2330 2273 autem,
2379 2207 2443 2261 In
2495 2203 2616 2271 illa,
2679 2203 2792 2259 dici
2852 2203 3191 2261 observabis
3239 2205 3413 2276 juxta
3456 2204 3758 2277 vulgatam

2110 2295 2620 2351 consuetudinem.
2656 2294 2742 2350 Ita
2773 2298 2829 2349 et
2857 2294 2918 2349 in
2949 2293 3310 2365 privatorum
3341 2295 3638 2366 domibus,
3667 2311 3763 2350 so-

2112 2384 2233 2440 lent
2265 2384 2373 2456 ipsi
2405 2401 2557 2457 saepe
2589 2385 2661 2440 ab
2703 2383 2775 2439 iis
2809 2385 2910 2456 qui
2942 2400 3040 2439 eas
3071 2383 3358 2453 incolunt,
3389 2385 3582 2441 vocari
3615 2401 3769 2457 prsi-

2113 2474 2387 2530 cellentes
2418 2490 2483 2529 ac
2516 2473 2871 2545 superiores.
2905 2474 3045 2545 Ejus
3094 2474 3325 2546 generis
3370 2479 3458 2530 est
3485 2478 3542 2529 et
3572 2473 3719 2530 illud
3753 2491 3771 2532 :

2113 2565 2493 2620 Fundamenta
2536 2565 2654 2636 ejus
2704 2564 2764 2619 in
2792 2563 3075 2619 montibus
3102 2565 3311 2619 sanctis
3333 2562 3400 2617 2’.
3437 2562 3623 2636 Igitur
3669 2566 3774 2635 qui

2114 2654 2291 2708 etiam
2324 2653 2381 2707 in
2415 2669 2482 2708 ea
2512 2650 2785 2719 exsultat,
2818 2652 2878 2707 in
2909 2651 3208 2707 infernum
3242 2652 3579 2708 descendet.

2189 2743 2311 2797 167.
2347 2746 2442 2812 Et,
2476 2741 2691 2814 inquit,
2742 2742 3132 2797 humiliabilur
3173 2745 3354 2811 homo,
3385 2745 3439 2798 et
3476 2741 3775 2798 dedecora-

2118 2833 2265 2887 bitur
2292 2833 2399 2887 vir.
2431 2830 2557 2886 Non
2605 2846 2769 2902 aeque
2826 2831 2951 2886 loco
3010 2830 3312 2886 humiliari
3369 2829 3675 2903 contingit,
3708 2846 3777 2887 ac

2118 2920 2333 2976 animo.
2360 2920 2666 2975 Exaltatur
2687 2920 3143 2992 quidemjustus
3174 2919 3397 2976 cmlesti
3430 2918 3614 2976 animi
3644 2936 3777 2977 sen-

2118 3027 2208 3078 su,
2243 3008 2464 3081 impius
2493 3026 2627 3064 vero
2667 3014 3031 3064 terrenorum
3068 3009 3264 3066 studio
3297 3009 3629 3082 affectuque
3657 3009 3773 3065 hu-

2118 3097 2399 3153 miliatur.
2426 3098 2610 3153 Homo
2644 3096 2882 3169 quidem
2916 3097 3172 3167 vulgaris
3206 3097 3307 3170 qui
3338 3098 3410 3159 de
3440 3098 3584 3155 solis
3618 3115 3775 3155 com-

2120 3186 2402 3243 munibus
2436 3193 2654 3242 naturae
2677 3186 2916 3242 dotibus
2947 3186 3205 3254 effertur,
3231 3189 3279 3243 si
3308 3188 3636 3244 secundum
3657 3189 3774 3244 vir-

362 3295 503 3337 σεως
543 3251 1002 3347 πλεονεκτήμασιν
1036 3251 1366 3347 ἐπηρμένος,
1420 3270 1497 3343 μὴ
1563 3272 1666 3339 ζῶν
1724 3267 1861 3324 κατᾶ

2122 3280 2300 3331 tutem
2335 3276 2450 3332 sibi
2481 3293 2515 3331 a
2545 3275 2732 3349 prima
2764 3275 3100 3331 conditione
3130 3275 3368 3332 insitam
3395 3293 3774 3350 nequaquam

363 3363 776 3438 ἐνυπάρχουσαν
809 3360 951 3435 αὖτῷ
978 3360 1036 3417 ἐκ
1059 3367 1161 3431 τῆς
1191 3358 1418 3436 πρώτης
1468 3361 1801 3425 κατασκευῆς
1847 3355 2005 3413 δόνα-

364 3474 482 3527 μιν,
514 3455 880 3507 ταπεινοῦται·
916 3452 943 3506 6
970 3448 1027 3505 δὲ
1052 3448 1162 3521 ἤδη
1190 3448 1280 3504 καὶ
1313 3447 1366 3505 ἐν
1396 3452 1654 3524 προκοπῇ
1700 3468 1808 3504 τινι
1855 3447 2007 3525 γενό-

359 3562 539 3617 μενος,
570 3540 662 3596 καὶ
694 3537 840 3614 ἄξιος
886 3538 995 3611 ἤδη
1043 3542 1141 3594 τοῦ
1189 3538 1325 3614 ἀνὴρ
1375 3536 1763 3615 χρηματίζειν,
1794 3536 2006 3594 ἐπειδὰν

354 3629 860 3704 καταμαΛακισθεῖς
916 3625 1051 3700 ἐνδῷ
1104 3627 1242 3702 πρὸς
1293 3627 1360 3683 τὰ
1416 3625 1584 3698 πάθη,
1644 3627 2009 3702 ἀτιμασθήσε-

354 3741 467 3777 ται.
523 3719 621 3774 Διὰ
676 3723 840 3774 τοῦτο
898 3718 926 3774 ὀ
988 3717 1083 3791 μὶν
1138 3718 1460 3792 ’Ἄνθρωπος
1526 3720 2008 3791 ταπεινωθήσεται,

353 3811 382 3866 6
415 3807 473 3864 δὶ
504 3809 672 3883 Ἀνὴρ
722 3807 1172 3881 ἀτιμασθήσεται·
1209 3804 1294 3860 δτι
1343 3805 1371 3860 6
1433 3805 1527 3878 μὲν
1577 3805 1640 3860 τὸ
1687 3808 1800 3880 (90)
1828 3812 2012 3862 κοινὸν

355 3898 459 3954 οὐκ
508 3893 793 3975 ἐφύλαξεν,
823 3896 851 3951 6
883 3892 941 3950 δὲ
969 3893 1061 3950 καὶ
1090 3894 1153 3949 τὸ
1203 3893 1252 3967 ἐξ
1312 3895 1595 3966 ἀσκήσεως
1654 3895 1806 3967 αὐτῷ
1856 3916 2009 3973 περι-

339 3986 631 4064 γενόμενον
666 3984 870 4062 ἀγαθὸν
902 3980 992 4040 διὰ
1021 3990 1121 4054 τῆς
1154 3983 1242 4038 ἐπὶ
1272 3984 1336 4040 τὸ
1380 3988 1570 4061 χεῖρον
1631 3991 1842 4060 τροπῆς
1881 3984 2010 4058 ἐζη-

415 4141 462 4177 ²²
489 4138 645 4197 Psal.
677 4154 907 4209 mxvx,
942 4139 995 4193 1.

560 4292 805 4381 Xeteres
834 4291 1099 4381 quinq‘ue
1129 4290 1288 4377 libri,
1323 4289 1497 4381 οὗτοι.
1534 4291 1709 4360 Editi,
1740 4290 1913 4379 αὐτοί.

440 4361 739 4439 84)Ε(1ἰῒᾷ,
790 4361 919 4426 rei);
974 4361 1351 4434 πλησιῶντας.
1385 4364 1459 4420 At
1521 4381 1667 4422 mss.
1727 4367 2014 4439 quinque,

342 4433 473 4499 τοῦς
512 4433 864 4510 προσιόντας,

418 4498 740 4586 (85)Ἐ(1ἱιξ.
775 4506 876 4586 Καὶ
907 4505 935 4560 6
963 4503 1382 4586 ἀγαλλιώμενος
1412 4503 1512 4586 οὐκ
1551 4498 1691 4586 ἔστι,
1739 4505 2010 4586 φησὶν,ᾼέν

347 4579 523 4654 αὐτῇ,
545 4597 678 4653 quae
708 4579 1128 4654 interpres'pita
1153 4579 1521 4654 reddiderat,
1538 4579 1605 4634 Et
1644 4579 1805 4640 nemo
1836 4582 2012 4638 retin-

349 4629 677 4782 qluet'urjq—ui
702 4653 765 4708 in
778 4629 1254 4721 'e'atgtorialiitui':
1277 4652 1387 4708 Sed
1402 4629 1592 4709 -s"i"ita
1627 4629 1894 4721 $1,361;
1904 4629 2013 4709 Ἐξ-
2047 4629 2093 4694 D

397 4724 600 4781 aarebit
629 4724 836 4781 oratio.
862 4723 1128 4782 Scriptor
1158 4722 1340 4782 enim.
1362 4723 1413 4781 si
1443 4723 1557 4781 sibi
1580 4731 1851 4781 constare
1872 4725 2016 4782 vult.

397 4722 605 4797 mrebit
629 4724 836 4781 oratio.
862 4723 1128 4797 Scriptor
1158 4722 1340 4793 enim,
1362 4723 1413 4781 si
1443 4723 1557 4781 sibi
1580 4731 1851 4797 constare
1872 4725 2016 4797 vult,

352 4797 463 4853 hoc
496 4796 657 4869 dicat
687 4801 937 4869 oportet,
970 4796 1092 4853 fore
1124 4800 1216 4869 ut,
1252 4796 1354 4868 qui
1383 4797 1443 4852 in
1480 4796 1745 4853 terrestri
1776 4796 2018 4854 Jerusa-

355 4869 473 4926 lem
507 4868 891 4941 gloriatur,is
921 4868 1218 4941 cum_aliis
1248 4884 1361 4924 non
1395 4869 1601 4941 paucis
1629 4869 1687 4924 in
1723 4869 2019 4926 infernum

358 4939 698 4998 descendat.
730 4941 841 4997 Sed
872 4940 1032 4997 hunc
1060 4939 1256 5012 locum
1287 4958 1357 4996 ex
1386 4939 1641 5012 quatuor
1671 4958 1813 4998 mss.
1852 4943 2021 4998 resti-

358 5012 974 5086 tuimus.Neque_uon
1005 5011 1184 5086 etiam
1213 5012 1387 5086 lectio
1406 5011 1575 5086 Regii
1601 5012 1759 5086 tertii
1787 5014 2020 5086 probari

404 5089 573 5170 gtest,
602 5085 666 5142 in
697 5082 812 5170 quo
842 5082 928 5170 ita
955 5083 1250 5170 sqriptum
1279 5082 1534 5170 inveniri}
1546 5101 1638 5156 us,
1664 5083 1764 5170 Ιξαὶ
1788 5082 1824 5140 ’ὁ
1855 5083 2022 5160 ἀγαλ-

365 5101 573 5212 petest,
602 5102 666 5142 1n
697 5102 812 5157 quo
842 5101 928 5140 ita
955 5101 1250 5170 scriptum
1279 5101 1638 5156 invenimus,
1666 5101 1764 5138 ιιαι
1796 5101 1824 5140 ο
1855 5101 2022 5160 αγαΛ-

378 5154 621 5233 -ὀμινος,
653 5156 838 5233 φησὶν,
870 5153 1124 5233 ἐχαότῃο
1161 5156 1458 5233 siquidem
1503 5157 1651 5233 duas
1691 5158 1798 5233 bas
1831 5175 2025 5226 voces,

368 5224 464 5304 ἀγα
504 5224 758 5304 idaeas,
787 5224 1425 5303 ἀγαλλιώμενοςξίὰθω
1475 5228 1646 5301 plane
1699 5229 1886 5286 valere
1918 5224 2023 5286 ιιοὲ

361 5302 501 5359 runt
527 5302 617 5358 vel
650 5302 935 5357 infantes.

433 5374 543 5445 (86)
574 5372 748 5440 Illud,
779 5375 877 5427 τοῦ
915 5373 1072 5441 Θεοῦ,
1103 5371 1218 5429 alio
1267 5369 1394 5427 loco
1426 5370 1485 5445 in
1520 5371 1887 5445 tribuspmss.
1922 5390 2027 5444 po-

356 5440 537 5513 nitur,
572 5461 785 5516 nempe
820 5448 949 5515 post
977 5440 1179 5516 vocem
1231 5440 1632 5516 μακαριότητα,
1661 5443 1737 5516 ad
1777 5446 1876 5501 Dei
1906 5440 2028 5502 bea-

359 5463 537 5513 nitur,
572 5463 705 5501 nem
820 5463 949 5515 pos;
977 5463 1179 5529 νοορω
1274 5463 1632 5516 ακαριοτητα,
1659 5463 1737 5528 _aa
1777 5463 1875 5501 νει
1906 5463 2028 5502 oea-

359 5516 684 5666 gﬁtdinem.
707 5463 932 5574 lpbidem
961 5463 1461 5589 edit1,épgkénwv.
1479 5517 1551 5572 At
1574 5532 1836 5589 quinque
1859 5533 2029 5585 mss.,

468 5609 610 5645 πων.

468 5609 585 5644 πων
596 5632 610 5645 .

435 5663 550 5735 (87)
580 5660 713 5735 _I_lla,
743 5656 1074 5735 Ὠς-καὶέπὶ
1103 5661 1238 5735 τῶν,
1261 5658 1683 5735 etc.,_o_bscura
1725 5676 1859 5735 cum
1911 5659 2034 5735 sint

361 5736 423 5794 et
442 5729 757 5795 intellectu
801 5730 1092 5803 difﬁcilia,
1126 5732 1344 5791 mirum
1372 5729 1558 5791 videri
1605 5747 1723 5791 non
1754 5732 1947 5806 debet,
1980 5731 2033 5791 si

650 5864 924 5926 ΡΑι-ιοι.
971 5861 1085 5926 Gn.
1124 5859 1315 5924 XXX.

2118 3366 2281 3436 vivit,
2305 3364 2653 3421 humiliatur
2677 3381 2689 3419 :
2716 3364 2818 3419 sed
2843 3363 2940 3436 qui
2960 3366 3085 3436 jam
3113 3382 3489 3439 progressum
3514 3365 3776 3439 aliquem

2119 3454 2337 3521 fecerit,
2368 3455 2610 3526 jamque
2641 3454 2819 3508 fuerit
2850 3453 3066 3528 dignus
3097 3455 3199 3526 qui
3232 3455 3318 3510 vir
3348 3455 3694 3529 appelletur,
3727 3457 3780 3513 is

2120 3543 2171 3601 si
2200 3542 2498 3600 emollitus
2529 3548 2587 3598 et
2619 3544 2838 3599 fractus
2888 3543 3315 3614 cupiditatibus
3360 3548 3418 3600 et
3446 3544 3602 3602 vitiis
3650 3562 3781 3602 sese

2121 3633 2581 3706 mancipaverit,
2649 3632 3120 3689 dedecorabitur.
3183 3636 3550 3707 Quapropter
3615 3637 3780 3692 Homo

2122 3722 2537 3790 humitiabitur,
2560 3725 2613 3776 et
2640 3722 2731 3776 vir
2761 3720 3220 3777 dedecorabitur:
3245 3723 3463 3796 quippe
3492 3722 3591 3780 ille
3619 3740 3779 3779 com-

2124 3811 2325 3867 munia
2366 3827 2482 3865 non
2532 3809 2883 3877 custodivit;
2919 3810 3012 3865 hic
3041 3827 3178 3866 vero
3231 3815 3433 3883 utpote
3463 3829 3779 3871 conversus

2123 3902 2193 3956 ad
2225 3900 2687 3971 improbitatem,
2719 3897 2894 3953 etiam
2927 3915 2993 3954 eo
3041 3900 3195 3955 bono
3226 3902 3382 3971 quod
3416 3918 3527 3959 usu
3559 3902 3777 3958 εχει-οἱ-

2121 3991 2320 4061 tioque
2351 3988 2465 4044 sibi
2496 3992 2938 4060 comparaverat
2970 3987 3285 4046 mulctatus
3307 3994 3418 4048 est.
3442 3990 3626 4049 Homo
3649 3992 3778 4065 qui-

2124 4297 2350 4352 diverse
2381 4311 2414 4349 a
2443 4293 2583 4351 viris
2625 4292 2988 4351 doctissimis
3016 4294 3372 4351 Montacutio
3403 4298 3460 4352 et
3494 4297 3782 4352 Combefi-

2125 4369 2210 4424 sio
2244 4370 2563 4423 vertantur.
2599 4365 2701 4423 Ille
2747 4366 2829 4422 ita
2881 4366 3304 4438 interpretatus
3334 4371 3424 4424 est
3457 4384 3471 4424 :
3505 4369 3781 4437 Quemad-

2121 4442 2353 4495 modum
2383 4441 2441 4495 in
2474 4440 2711 4511 familiis
2732 4440 3075 4510 privatorum
3104 4444 3289 4509 patres
3307 4456 3371 4495 ac
3398 4447 3604 4496 matres
3621 4442 3786 4510 fami-

2128 4513 2261 4581 lias,
2294 4513 2439 4583 ipsos
2468 4526 2611 4586 saepe
2637 4513 2930 4586 nominari
2971 4513 3144 4586 moris
3174 4516 3273 4586 est,
3304 4513 3377 4586 ab
3406 4514 3658 4569 omnibus
3688 4516 3785 4586 qui

2123 4582 2405 4658 pertinent
2449 4583 2531 4658 _ad
2584 4583 2836 4658 familias
2885 4582 3107 4658 easdem
3136 4584 3281 4658 :_hic
3333 4584 3439 4639 hoc
3499 4582 3786 4650 modo,’Ut

2125 4655 2337 4722 eorum,
2361 4656 2457 4728 qui
2484 4655 2836 4728 pracelluere
2860 4655 3101 4721 nomine,
3126 4655 3194 4710 ab
3219 4656 3312 4722 iis,
3337 4658 3434 4727 qui
3459 4672 3551 4712 eas
3573 4659 3781 4725 colunt,

2127 4727 2498 4802 appellentur.
2524 4727 2652 4802 No_s_
2673 4727 2890 4802 quibus
2923 4732 3132 4782 neutra
3158 4728 3567 4802 interpretatio
3596 4728 3783 4802 place-

2130 4798 2250 4867 b'a't,
2302 4800 2471 4855 aliter
2518 4798 2755 4871 quidem
2806 4799 3171 4871 interpretati
3221 4798 3429 4855 sumus
3464 4816 3477 4857 :
3511 4798 3613 4856 sed
3664 4801 3779 4857 for-

2128 4878 2289 4929 tasse
2321 4889 2439 4929 non
2470 4870 2717 4927 felicius.

2199 4946 2313 5017 (88)
2347 4943 2450 5017 Ubi
2496 4944 2552 4998 in
2584 4943 2759 5017 editis
2789 4946 2846 4999 et
2875 4942 2941 5017 in
2967 4942 3231 5016 quinque
3263 4959 3404 4998 mss.
3439 4942 3673 5017 legitur,
3706 4943 3782 4997 Οὐ

2130 5015 2302 5087 τόπῳ
2326 5015 2537 5083 παθεῖν,
2570 5016 2654 5072 ait
2680 5015 2770 5071 vir
2816 5016 3288 5087 conjecturarum
3338 5015 3786 5087 amantissimus

2131 5084 2542 5161 Combeﬁsius,
2573 5088 2822 5144 fortasse
2851 5084 3163 5160 legendum
3182 5102 3343 5161 esse,
3372 5084 3489 5161 Οὐχ
3510 5085 3659 5148 ὅπως
3687 5108 3786 5143 πα-

2132 5160 2265 5215 θεῖν.
2300 5160 2441 5216 Utut
2472 5159 2593 5215 haec
2642 5164 2806 5226 sunt,
2840 5166 3132 5226 receptam
3181 5159 3490 5216 lectionem
3540 5161 3786 5217 retinui-

2134 5249 2307 5304 mus._
2325 5231 2642 5304 Aliquanto
2690 5235 2823 5304 post
2871 5230 3029 5288 Colb.
3083 5230 3399 5301 secundus,
3437 5234 3787 5295 ταπεινοῦται

2136 5299 2195 5359 δέ
2226 5302 2253 5356 6
2285 5297 2672 5376 ἀνήρῖὶσεϐής.

2210 5376 2316 5447 (89)
2348 5372 2586 5447 Veteres
2634 5373 2859 5447 aliquot
2906 5372 3061 5441 libri,
3096 5374 3123 5428 6
3150 5373 3343 5447 μόνον.
3378 5375 3590 5432 Statim
3629 5377 3791 5447 editi,

2137 5445 2275 5501 κατὰ
2302 5445 2401 5513 τήν
2432 5446 2627 5522 πρώην
2658 5441 3066 5522 ἐνυπάρχουσαν
3104 5441 3244 5517 αὖτῇ
3276 5445 3336 5500 ἐκ
3361 5453 3481 5517 τῆς,
3513 5454 3589 5504 At
3617 5441 3794 5522 quin;

2139 5536 2253 5592 que
2284 5534 2428 5592 mss.
2461 5519 2526 5573 nt
2555 5519 2614 5572 in
2646 5520 2822 5592 testu.
3040 5586 3051 5592 _
3118 5586 3131 5592 _
3181 5534 3189 5540 ’

2211 5592 2322 5662 (90)
2354 5590 2592 5646 Veteres
2625 5588 2888 5662 quinque
2918 5584 3075 5656 libri,
3111 5586 3138 5642 ὁ
3175 5585 3269 5660 μὲν
3297 5588 3380 5646 τό.
3406 5591 3580 5662 Editi,
3609 5589 3636 5647 ὀ
3670 5590 3796 5666 μέν.

2138 5677 2247 5718 τοι.
2670 5682 2675 5685 ’

3444 5864 3521 5927 13
