4138 6386
351 424 471 490 395

1317 413 1715 476 ΛΡΡΕΝΠΙΧ
1758 411 2086 474 OPEltUM
2131 411 2198 471 S.
2242 409 2527 472 BASlLll
2576 412 2849 473 MAGNI.

3653 415 3776 474 396

360 557 496 614 dem
526 551 878 611 humiliatur
902 566 914 606 :
944 549 1099 607 Oculi
1124 547 1272 603 enim
1300 547 1519 603 Domini
1545 545 1831 610 sublimes,
1855 543 2015 599 homo

2140 541 2339 614 μιώθη,
2391 541 2452 599 Ὁ
2505 541 2600 612 μὶν
2648 543 2750 617 γὰρ
2800 539 3084 616 ἄνθρωπος
3124 545 3501 599 ταπεινοῦται’
3552 544 3620 600 υἱ
3677 544 3781 621 γὰρ

359 653 550 704 autem
595 641 892 699 humilis’8
923 657 937 696 :
971 638 1057 693 vir
1104 653 1235 693 vero
1285 636 1693 702 dedecoratur,
1735 638 2018 704 tanquam

362 741 467 809 qui
492 735 697 798 Deum,
721 729 950 787 violatis
982 728 1108 798 ejus
1139 725 1464 798 praeceptis,
1489 726 1666 779 ducat
1689 740 1791 795 pro
1815 720 2018 777 nihilo.

364 825 517 883 Nam
548 822 648 895 qui
679 837 810 877 eum
840 816 1013 874 nihili
1041 816 1289 883 faciunt,
1311 814 1645 871 afficientur
1675 810 2024 884 ignominia,

369 916 460 971 uti
491 910 808 969 didicimus
852 907 912 963 in
960 906 1150 978 primo
1181 905 1514 976 Regnorum
1569 902 1741 969 libro,
1775 900 2021 956 Domino

367 1002 599 1060 dicente
625 1014 637 1055 :
665 996 1045 1066 Gloriﬁcantes
1076 1011 1163 1050 me
1188 992 1525 1064 gloriﬁcabo,
1548 1002 1601 1046 et
1631 991 1728 1061 qui
1754 992 2021 1060 spernunt

366 1108 473 1158 me,
496 1087 805 1158 ignominia
828 1086 961 1157 ipsis
982 1086 1244 1138 inuretur
1262 1080 1434 1136 ".Vir
1459 1080 1636 1151 igitur
1659 1073 2026 1133 dedecorabi-

368 1186 469 1239 tur
485 1178 637 1235 499
654 1192 756 1250 per
772 1191 944 1231 suum
959 1172 1149 1244 ipsius
1163 1176 1463 1243 peccatum
1487 1187 1499 1224 :
1521 1168 1774 1222 dedecus
1796 1167 1951 1219 enim
1972 1167 2028 1218 et

368 1269 679 1327 infamiam
699 1265 875 1320 infert
896 1268 1222 1335 peccatum.
1241 1260 1537 1328 Resurgent
1555 1258 1723 1326 enim,
1742 1254 1953 1324 inquit,
1968 1252 2027 1307 hi

369 1361 438 1417 in
473 1360 645 1414 vitam
678 1358 962 1421 sternam,
992 1359 1044 1406 et
1074 1351 1169 1405 isti
1200 1351 1258 1403 in
1307 1348 1665 1420 opprobrium
1692 1349 1746 1399 et
1792 1342 2026 1399 dedecus

371 1458 641 1508 wternum
663 1445 729 1497 ’⁸.
763 1444 909 1499 Cum
940 1439 1097 1495 enim
1149 1438 1333 1493 honor
1384 1434 1690 1508 dignitatis
1721 1433 1799 1488 sit
1830 1449 2029 1487 remu-

2133 625 2407 706 ὀφθαλμοὶ
2483 630 2687 704 Κυρίου
2762 627 2992 704 ὑψηλοὶ,
3052 632 3079 685 ὁ
3130 627 3188 687 δὶ
3244 628 3530 704 ἄνθρωπος
3597 654 3784 689 ταπει-

2130 717 2237 781 νός’
2282 719 2310 772 ὁ
2351 715 2408 773 δὲ
2457 720 2589 794 ἀνὴρ
2649 718 2991 792 ἀτιμάζεται,
3025 720 3097 782 ὡς
3150 718 3443 791 ἓξουθενῶν
3495 723 3585 777 τὸν
3647 725 3778 778 Θεὸν

2134 803 2223 861 διὰ
2270 814 2375 876 τῆς
2431 813 2539 863 τῶν
2595 807 2833 864 ἐντολῶν
2877 803 3258 885 παραϐάσεως.
3291 810 3358 867 υἱ
3411 810 3514 887 γὲιρ
3571 811 3782 882 ἐξουθε-

2131 901 2339 959 νοῦντες
2368 897 2527 952 αὑτὸν
2588 899 3071 971 ἀτιμασθήσονται,
3107 899 3180 960 ὡς
3232 898 3283 953 έν
3321 903 3391 974 τῇ
3431 902 3623 975 πρώτῃ
3670 908 3779 957 τῶν

2135 984 2434 1041 Βασιλειῶν
2496 986 2806 1058 ἠκούσαμεν
2857 991 2953 1041 τοῦ
3029 988 3232 1058 Κυρίου
3289 987 3547 1063 λέγοντος
3581 1010 3595 1024 ⁸
3646 991 3787 1057 Τοὺς

2136 1071 2455 1145 δοξάζοντάς
2545 1098 2611 1147 με
2688 1072 2919 1150 δοξάσω,
2980 1079 3069 1133 καὶ
3144 1079 3195 1132 οἱ
3263 1077 3658 1148 ἐξουθενοῦντές
3718 1103 3786 1155 με

2134 1163 2620 1236 ἀτιμασθήσονται.
2678 1168 3135 1240 Ἀτιμασθήσεται
3186 1166 3276 1222 οῦν
3329 1168 3468 1245 ἀνὴρ
3528 1170 3631 1225 ὑπὸ
3685 1179 3788 1241 τῆς

2136 1249 2277 1315 ἰδίας
2308 1253 2593 1329 ἁμαρτίας·
2627 1255 2955 1329 ἀτιμοποιὸς
3006 1258 3108 1331 γὰρ
3141 1260 3176 1327 ἡ
3213 1258 3471 1332 ἁμαρτία.
3521 1260 3782 1332 Ἀναστή-

2137 1362 2322 1397 σονται
2354 1342 2476 1419 γὰρ,
2512 1344 2697 1421 φησὶν,
2732 1345 2882 1401 οὗτοι
2918 1345 2994 1407 είς
3027 1347 3171 1416 ζωὴν
3225 1347 3466 1413 αῗώνιον,
3497 1350 3584 1402 καί
3629 1351 3780 1405 οὗτοι

2138 1430 2214 1493 εἷς
2274 1429 2582 1505 ὀνειδισμὸν
2642 1433 2732 1489 καὶ
2781 1437 2892 1508 (91)
2952 1435 3216 1512 αἰσχύνην
3274 1436 3519 1496 αἰώνιον.
3559 1438 3780 1509 Ἐπειδὴ

376 1536 634 1600 neratio;
669 1533 929 1606 dignitas
972 1548 1124 1596 vero,
1160 1526 1394 1582 virtutis
1439 1526 1779 1597 praemium;
1812 1521 2027 1579 sanctis

2140 1522 2244 1596 γαρ
2277 1522 2413 1594 τιμή
2448 1522 2558 1576 ἔστι
2587 1524 2761 1598 γέρως
2790 1521 3071 1594 ἀπόδοσις,
3103 1526 3263 1601 γέρας
3310 1523 3369 1582 δέ
3419 1525 3559 1583 ἐστιν
3618 1528 3782 1593 ἆθλον

379 1627 621 1701 quidem
662 1629 787 1679 tum
833 1621 1041 1686 honor,
1071 1623 1199 1673 tum
1231 1615 1488 1688 dignitas
1535 1613 1834 1681 tribuitur,
1869 1608 2027 1682 impii

2142 1608 2356 1683 ἀρετῆς
2383 1617 2500 1673 τοῖς
2526 1612 2655 1701 ⁸,μὶν
2703 1613 2883 1701 ἁγίοις
2935 1614 3024 1669 καὶ
3072 1615 3210 1687 τιμὴ
3254 1614 3345 1669 καὶ
3390 1614 3550 1693 γέρας
3593 1617 3788 1674 ἀπονέ-

373 1696 510 1773 vero
564 1710 861 1769 contraria
921 1706 1233 1780 recipiunt.
1293 1704 1553 1760 Honorat
1609 1702 1768 1758 enim
1825 1701 2027 1773 dignos

2147 1719 2324 1770 μεται,
2356 1705 2473 1764 τοῖς
2522 1697 2579 1755 δέ
2624 1696 2835 1756 ἀσεϐέσι
2874 1702 2942 1757 τὰ
2998 1701 3226 1759 ἐναντία.
3259 1709 3402 1777 Τιμᾷ
3449 1705 3543 1779 μὲν
3599 1706 3704 1782 γὰρ
3765 1707 3795 1762 ὸ

373 1806 551 1863 Deus.
582 1802 731 1858 Nam
765 1800 892 1871 ipse
922 1802 1013 1853 est
1043 1796 1096 1851 id
1132 1794 1286 1865 quod
1322 1811 1453 1849 vere
1482 1792 1893 1848 honorandum
1924 1794 2027 1859 est,

2145 1788 2275 1851 Θεὸς
2302 1787 2431 1851 τοὺς
2464 1791 2666 1862 ἀξίους.
2702 1791 2871 1854 Αὐτὸς
2916 1792 3017 1867 γάρ
3077 1790 3188 1847 ἐστι
3241 1794 3304 1848 τὸ
3361 1790 3530 1857 ὅντως
3585 1795 3794 1869 τίμιον,

379 1870 1016 1961 honoremquetribuit
1040 1902 1052 1941 :
1078 1901 1260 1956 quare
1288 1882 1387 1955 qui
1419 1881 1745 1955 ignominia
1772 1884 2027 1949 notaturl

2148 1878 2239 1932 καὶ
2294 1884 2465 1951 τιμῆς
2513 1878 2859 1954 παρεκτικόν’
2909 1878 3049 1936 διότι
3104 1881 3169 1936 οὐ
3222 1878 3570 1951 δὺναταιτὴν
3624 1885 3793 1958 τιμὴν

380 1982 662 2038 honorem
696 1975 904 2049 nequit
924 1972 1182 2045 assequi.
1207 1971 1700 2043 Unumquemque
1721 1972 1917 2024 autem
1943 1968 2038 2024 de-

383 2071 666 2127 decorant
687 2063 1072 2137 turpitudinis
1098 2078 1164 2117 ae
1195 2059 1451 2115 infamiae
1476 2059 1635 2124 vitia,
1657 2075 1853 2114 coram
1877 2056 2039 2113 omni

381 2165 650 2215 creatura
696 2153 980 2227 exposita.
1011 2153 1077 2207 Et
1105 2152 1272 2216 oculi,
1308 2149 1521 2221 inquit,
1560 2149 1820 2204 sublimes
1851 2149 2036 2202 humi-

380 2248 686 2305 lialmntur.
720 2243 1063 2313 Quicunque
1093 2240 1290 2296 animo
1322 2254 1562 2295 sursum
1594 2242 1809 2306 erecto,
1842 2242 2039 2292 aucto-

379 2355 502 2394 rem
535 2337 817 2392 borumce
864 2331 1132 2388 omnium
1176 2332 1314 2385 sunt
1361 2326 1582 2393 intuiti,
1614 2326 1654 2381 ii
1685 2326 1886 2382 oculos
1931 2331 2035 2381 ba-

377 2427 519 2483 bent
568 2423 873 2492 sublimes,
906 2424 1109 2491 utpote
1154 2418 1254 2489 qui
1304 2433 1481 2489 super
1537 2415 1735 2471 omnia
1792 2431 2038 2487 corpora

383 2519 643 2571 mentem
676 2527 847 2568 suam
878 2507 1173 2565 attollant.
1196 2506 1307 2562 Sed
1330 2505 1379 2561 si
1399 2510 1603 2577 postea
1623 2504 1696 2559 ob
1720 2503 1897 2560 falsas
1918 2505 2038 2575 Opi-

376 2602 584 2660 niones
614 2605 672 2658 et
702 2602 910 2673 ingens
940 2604 1308 2652 terrenarum
1340 2610 1534 2650 rerum
1566 2593 1856 2663 studium,
1890 2593 2033 2648 nihil

375 2708 580 2749 eorum
614 2707 743 2761 quae
779 2704 991 2760 magna
1034 2690 1195 2752 sunt,
1231 2682 1457 2755 possint
1489 2681 1745 2754 amplius
1775 2687 2036 2737 eontem-

376 2780 549 2855 plari,
582 2780 700 2835 imo
731 2776 914 2834 dediti
965 2775 1089 2831 sint
1135 2773 1238 2830 toti
1290 2773 1583 2843 corporeis
1616 2770 1840 2826 deliciis
1870 2772 2036 2827 volu-

377 2869 784 2944 ptatibusque,
816 2868 942 2935 jure
982 2863 1203 2935 optimo
1236 2861 1514 2916 dicuntur
1542 2859 1864 2915 humiliari.

448 2959 540 3013 68.
571 2956 748 3011 Vsus.
785 2955 872 3011 16.
904 2954 971 3009 Et
1000 2952 1341 3008 exaltabitur
1388 2950 1652 3005 Dominus
1700 2948 1941 3006 Sabaoth
1973 2951 2034 3005 in

366 3046 607 3120 judicio.
649 3049 770 3101 Hoc
827 3048 937 3111 est,
989 3059 1095 3114 per
1150 3056 1379 3112 mquam
1439 3039 1880 3095 retributionem
1937 3056 2033 3094 co-

377 3153 511 3193 rum
573 3152 698 3208 quas
763 3139 906 3190 sunt
965 3131 1127 3205 prius
1188 3136 1685 3197 commemorata,
1735 3128 2036 3184 'exaltatur

377 3226 662 3283 Dominus
698 3229 848 3280 Deus
880 3222 938 3277 in
978 3219 1243 3293 judicio;
1278 3220 1422 3275 adeo
1477 3225 1541 3273 ut
1588 3234 1657 3273 ex
1707 3216 1768 3284 ii,
1801 3233 1927 3288 quae
1960 3217 2032 3272 ad

2145 1974 2501 2044 περιποιῆσαι
2558 1970 2585 2023 ὸ
2644 1970 3023 2043 ἠτιμωμένος.
3084 1970 3371 2043 Ἀτιμάζει
3442 1969 3500 2028 δὶ
3568 1969 3795 2029 ’ἑκαστον

2143 2060 2213 2114 τὰ
2241 2057 2386 2129 πάθη
2412 2064 2513 2128 τῆς
2545 2058 2836 2135 αἰσχύνης,
2870 2060 2957 2114 ἐπὶ
3005 2067 3106 2131 τῆς
3157 2063 3385 2126 κτίσεως
3441 2063 3620 2135 πάσης
3674 2066 3797 2121 ἁνα-

2145 2146 2690 2221 καλυπτόμενα.Καῖ
2740 2149 2793 2204 οἱ
2843 2147 3144 2225 ὀφθαλμοὶ,
3195 2151 3372 2223 φησὶν,
3415 2152 3470 2207 οἱ
3530 2155 3796 2229 μετέωροι

2144 2239 2664 2308 ταπεινωθήσονται.
2706 2239 2863 2296 ’Ὀσοι
2924 2239 3216 2316 ἀπάραντες
3269 2241 3347 2304 είς
3402 2240 3537 2317 ὕψος
3589 2245 3793 2299 ἑαυτῶν

2145 2328 2245 2396 τήν
2304 2324 2563 2400 διάνοιαν,
2605 2324 2746 2382 εἶδον
2801 2328 2891 2382 τὸν
2950 2325 3327 2399 καταδείξαντα
3383 2335 3550 2386 ταῦτα
3603 2333 3796 2403 πάντα,

2147 2417 2297 2472 οὗτοι
2330 2412 2551 2492 ἔχοντες
2589 2417 2895 2493 μετεώρους
2938 2416 3065 2480 τοὺς
3120 2418 3465 2493 ὀφθαλμοὺς,
3494 2425 3576 2494 τῷ
3635 2422 3801 2499 ὑπερ-

2147 2503 2258 2559 άνω
2315 2505 2531 2559 πάντων
2593 2508 2708 2579 (92)
2758 2504 3027 2579 σωμάτων
3084 2507 3300 2582 ἀγαγεῖν
3358 2509 3459 2577 τὴν
3522 2507 3797 2566 διάνοιαν·

2147 2595 2259 2649 εἶτα
2285 2591 2375 2648 διὰ
2403 2591 2773 2667 ψευδοδοξίας,
2807 2596 2897 2649 καὶ
2934 2598 3034 2661 τῆς
3081 2595 3303 2666 πολλῆς
3350 2598 3475 2672 περὶ
3521 2601 3589 2655 τὰ
3635 2598 3800 2658 ὑλικὰ

2145 2680 2531 2758 προσπαθείας,
2567 2680 2723 2739 δύδὶν
2753 2682 2829 2737 ἔτι
2859 2687 2967 2739 τῶν
3005 2683 3259 2760 μεγάλων
3286 2688 3505 2762 θεωρεῖς
3535 2682 3824 2763 ήνέσχονέ

2143 2793 2228 2842 το,
2256 2770 2383 2827 ἀλλ’
2413 2770 2536 2826 ὅλοι
2566 2773 2841 2848 γινόμενοι
2882 2780 2982 2843 τῆς
3042 2782 3360 2847 σωματικῆς
3412 2775 3793 2851 ἀπολαύσεως,

2144 2864 2523 2925 ταπεινοῦσθαι
2558 2859 2780 2924 δικαίως
2813 2861 3065 2937 λέγοντα.

2216 2951 2341 3007 468.
2398 2951 2496 3004 Καὶ
2583 2950 2926 3024 ὑψωθήσεται
2997 2951 3202 3025 Κύριος
3277 2947 3505 3018 Σαϐαὼθ
3564 2954 3614 3009 ἐν
3673 2956 3787 3030 κρί-

2148 3062 2297 3115 ματι.
2331 3039 2614 3113 Τουτέστι,
2644 3042 2780 3096 κατὰ
2824 3042 2926 3110 τὴν
2982 3040 3190 3098 δικαίαν
3250 3042 3336 3099 ἀπὶ
3377 3048 3485 3100 τῶν
3529 3065 3787 3120 προειρη-

2148 3129 2322 3203 μένων
2351 3128 2729 3198 ἀνταπόδοσιν,
2768 3129 2992 3205 ὑψοῦται
3038 3131 3240 3204 Κύριος
3287 3134 3315 3188 ὁ
3375 3133 3503 3196 Θεὸς
3563 3133 3616 3188 έν
3672 3133 3791 3205 κρί-

2149 3240 2297 3291 ματι·
2334 3218 2409 3282 ὠς
2457 3218 2512 3274 ’ἐν
2560 3223 2667 3273 τῶν
2719 3219 2794 3281 εἷς
2844 3217 2999 3291 δόξαν
3050 3225 3181 3277 Θεοῦ
3230 3221 3609 3278 συντεινόντων
3657 3223 3793 3278 εἶναι

374 3316 480 3373 Dei
527 3313 775 3387 gloriam
836 3315 892 3367 et
951 3309 1229 3366 honorem
1287 3309 1525 3377 faciunt,
1558 3306 1668 3362 hoc
1717 3323 1903 3361 unum
1932 3307 2027 3374 sit,

2144 3311 2231 3364 καὶ
2278 3308 2341 3364 τὸ
2379 3308 2467 3363 ἐπὶ
2517 3314 2634 3371 τοῖς
2680 3303 2893 3364 ἀσεϐέσι
2940 3315 3114 3384 κρῖμα
3150 3312 3289 3366 κατά
3327 3312 3426 3380 τὴν
3481 3311 3629 3382 ἀξίαν
3684 3316 3796 3366 τῶν

367 3403 665 3476 judicium
697 3399 984 3470 videlicet,
1018 3398 1174 3470 quod
1226 3398 1298 3453 de
1344 3396 1543 3469 impiis
1593 3413 1696 3468 pro
1728 3394 1953 3451 ratione
1981 3400 2037 3450 et

376 3491 588 3549 merito
637 3505 883 3563 operum
934 3504 968 3542 a
1014 3486 1217 3558 judice
1271 3490 1583 3559 profertur.
1626 3486 1814 3550 Quare
1864 3488 1922 3539 et
1973 3484 2032 3538 in

375 3581 505 3654 ipso
529 3577 756 3653 judicio
808 3575 1060 3633 altitudo
1112 3575 1412 3646 sapientiae
1465 3573 1891 3645 potestatisque
1920 3573 2031 3629 Do-

377 3670 526 3727 mini
584 3667 967 3739 conspicitur.
1010 3664 1513 3731 Quemadmodum
1564 3662 1722 3719 enim
1781 3662 1883 3734 qui
1938 3681 2032 3719 sa-

376 3758 661 3833 pientiam
703 3755 929 3812 ordinis
987 3771 1182 3811 rerum
1242 3753 1568 3809 cmlestium
1627 3751 2029 3824 speculantur,

377 3850 437 3904 in
470 3846 775 3905 stellarum
821 3845 961 3915 situ,
995 3849 1177 3913 motu,
1209 3848 1384 3915 atque
1417 3842 1473 3897 in
1509 3847 1714 3897 mutua
1766 3840 2028 3913 ipsarum

375 3935 724 3994 habitudine
770 3930 1166 4005 eii'ulgentem,
1191 3933 1317 4003 jam
1362 3930 1701 4003 intelligunt
1730 3930 2028 4002 sapientiae

373 4028 506 4100 ejus
557 4023 1072 4097 magniﬁcentiam,
1122 4021 1207 4078 sic
1254 4028 1321 4078 ut
1370 4021 1562 4077 dicere
1612 4020 1842 4077 valeant
1876 4037 1889 4075 :
1919 4024 2026 4077 Sa-

367 4117 591 4190 pientiae
637 4115 754 4187 ejus
805 4129 915 4169 non
973 4118 1053 4169 est
1105 4127 1373 4167 numerus
1395 4112 1470 4180 ²⁶;
1515 4111 1641 4183 pari
1697 4112 1865 4166 modo
1922 4111 2027 4181 qui

360 4205 577 4279 judicii
627 4203 947 4276 respiciunt
992 4202 1266 4272 rationes,
1300 4201 1374 4257 iis
1408 4217 1520 4256 non
1569 4200 1785 4255 minori
1834 4200 2027 4255 futura

366 4300 458 4353 est
487 4292 864 4351 admirationi
896 4292 1019 4346 haec
1040 4289 1252 4362 judicii
1278 4289 1569 4361 sapientia
1596 4293 1652 4344 et
1681 4287 2024 4360 prudentia;

366 4400 474 4440 nec
504 4400 618 4438 non
650 4381 898 4453 aequitas
930 4378 1050 4445 illa,
1085 4396 1203 4450 qua
1242 4378 1329 4433 vel
1378 4395 1480 4450 pro
1531 4378 1795 4433 minimis
1826 4383 1884 4433 et
1915 4379 2022 4432 mi-

366 4470 697 4529 nutissimis
748 4469 1063 4539 unicuique
1111 4468 1380 4524 meritam
1436 4468 1759 4523 mercedem
1811 4483 2024 4538 repen-

365 4562 454 4618 dit
478 4560 542 4616 ²’².
579 4562 851 4614 Fortasse
909 4573 1046 4629 ergo
1103 4556 1356 4629 singulis
1408 4558 1585 4612 rebus
1640 4556 1788 4611 bene
1841 4555 2023 4628 gestis

2145 3393 2314 3472 ἔργων
2362 3397 2705 3473 ἐγγινόμενον
2757 3401 2870 3471 (93)
2917 3398 3063 3474 παρὰ
3115 3400 3211 3453 τοῦ
3254 3405 3473 3473 κριτοῦ·
3509 3400 3649 3457 ὥστε
3704 3403 3793 3457 καὶ

2143 3484 2196 3541 έν
2253 3491 2323 3560 τῇ
2372 3487 2543 3560 κρίσει
2604 3488 2919 3562 θεωρεῖσθαι
2973 3489 3035 3542 τὸ
3094 3487 3232 3562 ὕψος
3258 3495 3357 3558 τῆς
3386 3487 3649 3551 συνέσεως
3703 3490 3798 3545 καί

2140 3582 2241 3644 τῆς
2273 3572 2553 3648 δυνάμεως
2583 3579 2680 3629 τοῦ
2710 3577 2939 3648 Κυρίου.
2971 3579 3177 3654 Ὥσπερ
3222 3576 3321 3651 γὰρ
3367 3577 3419 3632 οἱ
3468 3583 3803 3653 θεωροῦντες

2139 3665 2238 3731 τήν
2296 3662 2485 3740 σοφίαν
2542 3670 2643 3733 τῆς
2701 3661 2989 3736 διατάξεως
3039 3671 3147 3720 τῶν
3183 3665 3468 3741 οὐρανίων,
3500 3667 3637 3721 κατᾶ
3689 3669 3796 3736 τὴν

2138 3757 2244 3808 τῶν
2280 3752 2516 3827 ἀστέρων
2546 3754 2690 3808 θέσιν
2733 3754 2823 3809 καὶ
2874 3756 3041 3830 φορὰν
3097 3754 3187 3810 καὶ
3233 3756 3418 3831 σχέσιν
3481 3757 3541 3825 ἣν
3599 3750 3796 3832 ἔχουσι

2137 3843 2275 3917 πρὸς
2325 3840 2633 3912 ἀλλήλους,
2684 3846 2785 3907 τῆς
2843 3844 3107 3906 συνέσεως
3171 3845 3340 3899 αὐτοῦ
3386 3845 3451 3901 τὸ
3499 3843 3793 3920 μεγαλεῖον

2137 3935 2375 3999 νοοῦσιν,
2408 3930 2547 3986 ὥστε
2576 3928 2635 3986 ἂν
2680 3931 2937 3995 δύνασθαι
2986 3931 3179 4001 εἰπεῖν,
3214 3932 3296 3987 ὅτι
3350 3935 3464 4001 Τῆς
3523 3934 3795 3997 συνέσεως

2135 4020 2300 4076 αὑτοῦ
2358 4020 2458 4076 οὐκ
2512 4018 2653 4075 ἔστιν
2709 4021 2961 4095 ἀριθμός·
2993 4020 3164 4084 οὕτως
3215 4022 3267 4077 οἱ
3320 4020 3615 4097 βλέποντες
3658 4021 3797 4085 τοὺς

2133 4113 2233 4174 τῆς
2266 4110 2494 4185 κρίσεως
2523 4109 2748 4184 λόγους,
2778 4110 2889 4185 οὐχ
2917 4112 3079 4179 ἧττον
3131 4111 3492 4183 θαυμάσονται
3516 4111 3580 4166 τὸ
3632 4109 3684 4166 ἰν
3710 4115 3787 4185 τῇ

2133 4198 2304 4275 κρίσει
2335 4199 2504 4274 σοφὸν
2535 4198 2625 4254 καὶ
2656 4199 2892 4265 συνετὸν,
2919 4199 3009 4254 καὶ
3061 4201 3228 4274 μέχρι
3275 4204 3383 4254 τῶν
3429 4199 3785 4256 λεπτοτάτων

2136 4284 2557 4343 ἀνταποδοτικὸν
2619 4288 2828 4359 ἑκάστῳ
2879 4291 2975 4342 τοῦ
3044 4289 3180 4362 πρὸς
3238 4287 3410 4361 ἀξίαν.
3471 4287 3633 4363 Τάχα
3683 4287 3785 4343 οῦν

2132 4378 2252 4432 καθ’
2300 4375 2524 4431 ἕκαστον
2573 4376 2906 4449 κατόρθωμα
2965 4377 3204 4450 ὑψοῦμεν
3261 4378 3352 4432 τὸν
3413 4376 3588 4432 Θεόνο
3645 4376 3791 4432 ὥστε

2135 4466 2397 4540 ὑψοῦσθαι
2447 4466 2610 4520 αὑτὸν
2665 4464 2716 4519 έν
2755 4469 2825 4537 τῇ
2874 4466 3197 4541 σωφροσύνῃ
3247 4468 3435 4539 ἡμῶν,
3470 4466 3560 4521 καὶ
3612 4466 3789 4540 ὑψοῦ-

2133 4556 2255 4610 σθαι
2284 4555 2443 4610 αὑτὸν
2496 4553 2547 4610 έν
2592 4558 2662 4627 τῇ
2705 4551 3020 4628 δικαιοσύνῃ
3062 4558 3247 4628 ἡμῶν.
3279 4559 3457 4611 Ταῦτα
3497 4553 3556 4610 δὶ
3594 4552 3788 4624 ἐπειδὴ

363 4654 551 4707 Deum
600 4628 1146 4714 exaltemusiadeo
1198 4628 1262 4700 ut
1308 4644 1597 4701 exaltetur
1649 4661 1751 4716 per
1797 4657 2019 4716 tempe-

2140 4643 2220 4700 διὰ
2260 4652 2358 4714 τῆς
2412 4645 2695 4719 συνεργίας
2740 4646 2851 4715 (94)
2897 4648 2995 4699 τοῦ
3046 4648 3180 4699 Θεοῦ
3223 4628 3629 4716 κατορθοῦται,
3658 4645 3789 4699 ὅταν

363 4738 618 4797 rantiam
659 4740 945 4800 nostram,
978 4733 1266 4789 exaltetur
1295 4750 1529 4806 quoque
1578 4750 1680 4805 per
1723 4734 2019 4803 justitiam

361 4833 649 4887 nostram.
673 4828 817 4879 Cum
852 4826 1048 4878 autem
1091 4822 1211 4877 haec
1245 4823 1619 4894 perﬁciantur
1651 4822 1749 4876 Dei
1779 4822 2017 4891 auxilio,

361 4917 462 4977 ubi
497 4933 606 4972 nos
634 4918 943 4985 susceptos
969 4912 1230 4978 erexerit,
1255 4928 1365 4968 sua
1395 4928 1502 4966 nos
1533 4928 1640 4982 ope
1673 4911 2019 4969 sull‘ulciens

359 5024 427 5064 ac
485 5006 750 5069 firmans,
792 5007 917 5056 tum
980 4999 1234 5055 dicimus
1268 5017 1281 5055 :
1316 4999 1582 5055 Emallabo
1639 5004 1715 5064 te,
1763 5001 2015 5071 Domine,

354 5094 627 5168 quoniam
675 5090 969 5161 suscepisti
1013 5103 1102 5143 me
1120 5088 1184 5143 ³⁸.
1218 5092 1367 5144 Sunt
1417 5093 1616 5144 autem
1665 5087 1863 5144 multis
1915 5090 2015 5146 Dei

975 5229 1023 5265 ³⁵
1069 5230 1094 5286 Ι
1139 5233 1280 5305 Reg.
1328 5247 1390 5302 ιι,
1439 5232 1530 5287 30.

422 5236 468 5273 ²³
498 5237 613 5291 Isa.
665 5250 729 5302 ιι,
781 5234 870 5289 11.

347 5324 502 5379 xxnx,
533 5311 588 5362 2.

421 5452 536 5523 (91)
566 5448 741 5515 Editi,
772 5446 862 5500 καὶ
894 5443 992 5523 εἷς.
1023 5448 1096 5503 At
1124 5449 1389 5523 quinque
1424 5462 1564 5502 mss.
1597 5443 1707 5523 aut.

425 5515 537 5595 (92)
569 5523 657 5577 ita
691 5536 833 5575 mss.
868 5515 1161 5592 quinque:
1186 5515 1336 5576 Editi
1377 5534 1533 5585 vero,
1563 5521 1642 5588 τῷ
1676 5516 1810 5592 ὑπὶρ
1851 5515 2015 5572 ἁπάν-

354 5615 541 5740 τωῶίγ)
572 5662 814 5740 Codices
872 5659 1153 5740 quinque,
1211 5658 1810 5740 éwivdpsvov.__Edi.ti,
1847 5658 2015 5740 ,γινό-

362 5727 544 5811 μενονΖ
615 5727 931 5806 Aliquanto
988 5727 1144 5803 post
1181 5727 1322 5788 mss.
1382 5727 1670 5803 nonnulli,
1731 5727 2014 5805 δυνάμεως

1633 5231 1679 5267 ³⁸
1708 5231 1857 5289 Dan.
1904 5249 2016 5305 xu,
2058 5234 2115 5291 2.

2132 4729 2427 4789 ὑπολαϐὼν
2468 4736 2616 4805 ἡμᾶς
2667 4733 2973 4805 ἁνορθώσῃ,
3007 4729 3301 4808 ὑπερείδων
3340 4734 3489 4804 ἡμᾶς
3540 4736 3609 4806 τῇ
3659 4753 3793 4786 συν-

2130 4823 2279 4900 εργίᾳ
2324 4827 2393 4896 τῇ
2438 4828 2566 4897 παρ’
2617 4822 2829 4892 ἑαυτοῦ,
2875 4824 2965 4876 καὶ
3014 4821 3310 4895 στηρίζων,
3342 4822 3467 4877 τότε
3525 4820 3789 4898 λέγομεν·

2126 4913 2355 4987 Ὑψώσω
2409 4933 2485 4977 σε,
2520 4910 2702 4985 Κύριε,
2731 4910 2815 4965 ὅτι
2878 4906 3149 4974 ὑπέλαϐές
3211 4931 3297 4984 με.
3341 4908 3555 4967 Πολλαὶ
3612 4908 3671 4966 δὶ
3728 4912 3793 4965 αἱ

2129 5002 2363 5076 ὑψώσεις
2420 5004 2517 5055 τοῦ
2573 4997 2785 5068 Θεοῦ,ἧ
2846 5020 2905 5054 τε
2950 5004 3086 5055 κατὰ
3132 5004 3332 5075 γνῶσιν
3383 4998 3475 5054 καὶ
3526 4998 3734 5055 σύνεσιν
3776 5017 3790 5032 ’

2126 5090 2218 5145 καὶ
2254 5093 2289 5159 ἡ
2336 5088 2473 5144 κατὰ
2518 5089 2620 5157 τὴν
2669 5084 2908 5161 διέξοδον
2956 5093 3063 5145 τῶν
3128 5087 3434 5166 μεγαλείων
3466 5085 3653 5158 αὑτοῦ,
3687 5087 3787 5142 καὶ

2219 5234 2264 5271 ³⁸
2294 5234 2449 5292 Psal.
2481 5249 2667 5306 CXLVI,
2697 5233 2753 5289 5.
2857 5234 2905 5269 ³⁷
2936 5232 3145 5291 Matth.
3187 5249 3308 5305 va,
3355 5232 3447 5290 27.
3551 5232 3599 5267 ³⁸
3628 5229 3788 5289 Psal.

2121 5454 2574 5591 col’QEthtiqui
2610 5521 2727 5575 duo
2757 5519 2913 5590 libri,
2948 5515 3038 5573 διὰ
3080 5524 3179 5588 τῆς
3225 5517 3509 5593 ἐνεργείας,
3542 5533 3641 5589 per
3666 5517 3789 5593 pir-

2127 5602 2299 5667 ειιζβηι
2320 5596 2419 5667 Dei
2443 5588 2739 5667 efﬁcacem.
2762 5588 2971 5647 Statim
2999 5610 3142 5649 mss.
3164 5588 3446 5666 quinque,
3470 5588 3786 5667 ἐπορθώσῃ.

2124 5663 2300 5735 Editi,
2333 5663 2640 5738 ἀνορθώτῃ.
