4138 6414
312 402 429 463 397

1151 393 1562 457 GOMMENT.
1609 392 1690 453 IN
1732 388 2006 452 lSAlAM
2060 383 2561 448 PROPHE'I‘AM.
2609 384 2778 445 OAP.
2827 384 2904 446 ν.

3609 386 3731 448 398

305 533 445 589 κατᾶ
486 530 587 600 τὴν
619 528 727 585 τῶν
773 524 1054 605 χριμάτων
1106 523 1272 582 αὐτοῦ
1319 523 1570 603 θεωρίαν.
1607 522 1700 578 Διὸ
1752 520 1966 597 εἴρηται

2097 516 2508 575 axaltationes:
2542 515 2657 572 alia
2686 516 2751 571 fit
2807 532 2912 589 per
2973 515 3362 590 cognitionem
3410 521 3467 574 et
3515 519 3733 577 intelli-

306 620 432 698 περὶ
489 623 589 676 τοῦ
640 615 877 689 δικαίου,
911 614 993 671 ὅτι
1032 615 1101 673 Αἱ
1153 615 1386 689 ὑψώσεις
1440 617 1537 669 τοῦ
1594 615 1727 669 Θεοῦ
1784 608 1837 666 iv
1894 613 1973 698 τῷ

313 695 769 789 λάρυγγιαύτοῦ.
801 706 934 763 Εἶτα
986 701 1175 773 ἐπειδὴ
1235 707 1305 778 τῇ
1352 704 1487 759 κατὰ
1529 702 1753 778 θεωρίαν
1810 695 1971 789 ὀρθό-

309 786 436 873 τητι
465 799 528 855 τὸ
561 797 616 854 iv
662 800 734 871 τῇ
784 794 974 872 πράξει
1020 791 1237 849 εὔτονον
1285 793 1650 848 συντέτακται·
1688 790 1784 844 Καὶ
1843 786 1975 864 ῥομ-

315 896 469 969 φαῖαι
524 886 804 959 δίστομοι,
838 883 1001 962 φησὶν
1064 885 1198 957 (95),
1245 881 1297 937 iv
1353 886 1472 943 ταῖς
1526 879 1713 957 χερσὶν
1773 877 1970 947 αὐτῶν,

314 968 561 1035 τουτέστι
594 975 758 1049 λόγοι
787 972 1135 1047 ἰκτὲμνοντες
1163 976 1263 1036 τῆς
1315 974 1499 1046 ψυχῆς
1548 970 1634 1025 καὶ
1698 968 1972 1043 ἐκριζοῦν-

314 1089 403 1131 τες
454 1066 522 1122 τὰ
569 1066 739 1134 πάθη.
776 1060 1002 1130 Ἐπειδὴ
1036 1058 1092 1115 δὲ
1149 1061 1178 1115 ὁ
1230 1061 1430 1135 Κύριος
1481 1053 1713 1122 Σαϐαὼο
1774 1056 1973 1132 Κύριος

326 1158 545 1233 λέγεται
574 1158 678 1209 τῶν
731 1155 1018 1228 στρατιῶν·
1050 1150 1175 1204 τότε
1225 1150 1279 1204 αἱ
1323 1147 1590 1224 στρατιαὶ,
1622 1148 1676 1201 αἱ
1725 1144 1973 1220 λειτουρ-

327 1250 513 1323 γοῦσαι
547 1244 687 1316 αὐτῷ
730 1241 868 1296 κατὰ
895 1239 989 1295 τὸν
1020 1246 1119 1309 τῆς
1151 1238 1380 1315 κρίσεως
1429 1238 1636 1312 καιρὸν,
1697 1235 1973 1310 ὑψώσουσι

336 1335 419 1390 καί
451 1332 764 1403 δοξάσουσιν
799 1329 987 1402 ἐπὶτῷ
1022 1327 1215 1401 δικαίῳ
1245 1327 1334 1383 καὶ
1374 1324 1799 1404 ἀπαραλογίστῳ
1854 1323 1974 1401 κρί-

335 1445 485 1497 ματι.
519 1425 786 1479 Τοιοῦτον
817 1416 873 1474 δὲ
901 1440 954 1473 τι
990 1418 1351 1491 ὑπονοοῦμεν,
1384 1415 1468 1471 δτι
1509 1414 1833 1491 κρινομένου
1878 1416 1975 1469 τοῦ

327 1512 531 1589 Κυρίου
566 1510 704 1585 μετὰ
738 1513 841 1565 ιῶν
876 1508 1176 1584 ἀνθρώπων
1206 1506 1408 1582 (Δύτὸς
1453 1506 1553 1582 γὰρ
1603 1504 1807 1581 Κύριος
1859 1502 1975 1574 ἥξει

318 1602 411 1665 εἷς
471 1601 647 1676 κρίσιν
713 1600 848 1674 μετὰ
895 1602 992 1653 τοῦ
1049 1594 1232 1670 λαοῖι),
1268 1596 1430 1669 μόνος
1490 1595 1518 1650 ὁ
1566 1593 1767 1668 Κύριος
1829 1593 1977 1667 ὑψω-

324 1693 578 1763 θήσεται,
609 1685 827 1749 ούδενὸς
880 1682 1264 1759 δικαιουμένου
1321 1683 1656 1739 κατενώπιον
1880 1681 1976 1736 αύ-

317 1784 439 1838 τοῢ.
473 1778 566 1842 Τίς
605 1779 707 1854 γὰρ
730 1779 758 1832 ὁ
788 1774 1265 1849 συνιξετάζόμενος
1311 1778 1432 1835 ταῖς
1475 1772 1582 1827 ἀπὸ
1618 1775 1714 1827 τοῦ
1760 1771 1977 1826 κτίσαν-

319 1890 415 1933 τος
474 1871 623 1943 ἡμᾶς
682 1863 1038 1942 εὐεργεσίαις,
1079 1863 1169 1918 καὶ
1218 1860 1497 1924 ποικίλαις
1554 1860 1705 1923 ὅσαις
1764 1860 1978 1915 οἷ’κονο-

330 1959 483 2035 μίαις
508 1955 833 2036 φθανούσαις
862 1959 1060 2016 κοινῶς
1107 1952 1197 2009 ἐπὶ
1244 1957 1349 2008 πᾶν
1403 1952 1465 2006 τὸ
1522 1955 1627 2005 τῶν
1689 1950 1982 2026 ἀνθρώπων

323 2050 505 2125 γένος,
534 2042 829 2101 ἀποδοῦναι
868 2044 937 2098 τὰ
969 2040 1057 2098 ἴσα
1086 2042 1176 2098 καὶ
1209 2042 1328 2113 ἄξια
1355 2044 1465 2096 τῶν
1497 2039 1573 2103 εἰς
1602 2038 1760 2095 αὐτὸν
1818 2037 1979 2116 ἐκιθα-

325 2137 503 2194 κότων
536 2135 643 2191 ἀπὸ
674 2140 773 2204 τῆς
807 2131 1011 2210 δωρεᾶς
1037 2129 1134 2187 τοῦ
1174 2130 1373 2207 Κυρίου
1428 2128 1751 2201 δυνήσεταις
1783 2128 1979 2204 Διόπερ

324 2228 628 2303 ἀποροῦσιν
675 2223 728 2278 οἱ
775 2222 946 2299 ἅγιοι,
994 2221 1059 2277 Τί
1111 2217 1482 2275 ἀνταποδώσω
1522 2223 1602 2291 τῷ
1652 2217 1854 2292 Κυρίῳ,
1886 2216 1975 2272 λέ-

318 2335 529 2393 γοντες,
560 2311 687 2388 περὶ
862 2310 1079 2367 πάντων
1110 2311 1183 2365 ὧν
1218 2306 1563 2365 ἀνταπὲδωκέ
1597 2328 1690 2381 μοι
1715 2326 1729 2377 ;

2081 607 2366 683 gentiam,
2427 605 2541 661 alia
2590 621 2744 675 vero,
2803 605 2942 660 dum
3021 612 3371 662 enarrantur
3416 610 3733 682 magnifica

2082 699 2210 769 ejus
2243 712 2438 769 Opera,
2481 699 2538 751 et
2592 694 2731 749 dum
2787 695 2915 765 ejus
2954 695 3184 767 judicia
3240 698 3730 770 contemplamur.

2082 786 2446 858 Quapropter
2501 784 2573 839 de
2614 784 2777 854 justo
2831 784 3050 839 dictum
3134 789 3224 840 est
3272 801 3285 841 :
3349 786 3733 847 Exaltationes

2082 876 2185 932 Dei
2215 876 2270 931 in
2302 876 2525 945 gutture
2551 877 2673 945 ejus
2712 872 2776 927 ὀ.
2811 872 3336 945 Deinde,quoniam
3363 876 3453 933 vis
3484 878 3733 937 actionis

2084 981 2150 1020 ac
2181 963 2429 1018 firmitas
2460 978 2563 1033 per
2594 965 2806 1015 rectam
2838 962 3390 1035 contemplationem
3421 969 3730 1026 constitui-

2085 1056 2199 1124 tur,
2242 1052 2549 1123 subjungit
2580 1068 2592 1105 :
2624 1051 2685 1105 Et
2713 1051 2898 1119 gladii
2927 1052 3204 1123 ancipites
3230 1056 3290 1110 in
3328 1058 3591 1114 manibus
3647 1077 3730 1117 eo-

2081 1158 2205 1197 rum
2233 1140 2300 1208 3°,
2324 1139 2433 1195 hoc
2464 1143 2573 1204 est,
2607 1155 2928 1204 sermones,
2962 1141 3061 1212 qui
3109 1142 3461 1215 cupiditates
3518 1148 3727 1207 animae

2084 1247 2149 1286 ac
2206 1228 2579 1285 turbulentos
2637 1233 2833 1283 motus
2888 1228 3256 1300 abscindunt,
3324 1249 3390 1290 ac
3446 1237 3728 1297 radicitus

2084 1317 2350 1376 evellant.
2384 1318 2487 1374 Sed
2522 1317 2660 1388 quia
2681 1316 2967 1373 Dominus
2996 1319 3249 1376 Sabaoth
3304 1323 3583 1384 Dominus
3637 1329 3727 1384 di-

2085 1408 2239 1464 citur
2268 1406 2660 1475 exercituum;
2685 1411 2826 1461 tunc
2852 1408 3139 1465 exercitus
3160 1410 3210 1466 ei
3242 1414 3729 1487 temporejudicii

2088 1504 2465 1574 famulantes,
2498 1505 2692 1577 ipsum
2724 1507 2866 1561 sunt
2894 1503 3226 1579 exaltaturi,
3261 1513 3434 1582 atque
3468 1513 3729 1572 affecturi

2086 1594 2290 1667 gloria,
2326 1595 2397 1651 ob
2422 1594 2657 1666 justum
2688 1597 2746 1650 et
2774 1610 2948 1651 verax
2971 1594 3285 1666 judicium.
3318 1598 3572 1672 _Aliquid
3620 1605 3734 1662 tale

2088 1685 2352 1740 futurum
2378 1700 2505 1740 esse
2531 1684 2863 1755 opinamur,
2916 1700 3053 1740 cum
3082 1686 3361 1743 Dominus
3421 1690 3736 1750 descendet

2086 1772 2147 1827 in
2172 1771 2464 1845 judicium
2498 1773 2652 1830 500
2674 1789 2806 1829 cum
2832 1772 3330 1846 hominibusUpsc
3358 1778 3517 1835 enim
3547 1782 3720 1840 Domi-

2093 1879 2195 1918 nus
2224 1864 2403 1917 veniet
2430 1864 2489 1917 in
2499 1861 2776 1934 judicium
2804 1878 2930 1917 cum
2956 1864 3156 1934 papula
3185 1864 3278 1936 δι),
3300 1883 3508 1940 nempe
3542 1874 3735 1928 Domi-

2091 1968 2233 2007 num
2281 1949 2473 2006 solum
2524 1953 2841 2006 exaltatum
2894 1950 2963 2006 iri
2997 1952 3066 2023 3’,
3123 1953 3357 2008 nemine
3409 1957 3734 2027 justificato

2089 2056 2286 2096 coram
2318 2040 2468 2111 ipso.
2511 2038 2651 2104 Quis
2709 2039 2888 2108 enim,
2956 2041 3127 2111 cujus
3186 2042 3304 2098 vita
3350 2045 3615 2117 exigetur
3661 2054 3735 2110 ad

2088 2130 2414 2186 Conditoris
2446 2128 2626 2186 nostri
2658 2128 3127 2201 beneficentiam,
3160 2134 3216 2187 et
3246 2132 3317 2187 ad
3349 2134 3540 2196 varias
3596 2137 3730 2199 illas

2089 2218 2559 2291 dispensationes
2591 2235 2717 2290 quae
2750 2219 2820 2274 ad
2854 2235 3027 2275 omne
3058 2236 3243 2291 genus
3273 2220 3582 2281 hominum
3630 2245 3733 2302 ge-

2091 2307 2339 2363 neratim
2360 2306 2721 2380 pertingunt,
2738 2308 3056 2379 rependere
3076 2308 3288 2380 poterit
3310 2314 3462 2383 quod
3497 2331 3732 2388 aequum

321 2408 423 2476 sit,
452 2411 511 2463 et
542 2403 712 2461 bonis
739 2419 773 2459 a
794 2419 858 2460 se
889 2419 958 2458 ex
987 2400 1217 2457 Domini
1250 2401 1404 2456 dono
1427 2398 1684 2471 acceptis
1717 2397 1963 2470 dignum
1991 2395 2019 2452 ?
2051 2397 2441 2463 Quamobrem
2473 2397 2661 2453 sancti
2692 2396 2915 2454 haerent
2954 2414 3020 2453 ac
3073 2398 3363 2471 dubitant,
3429 2403 3731 2466 dicentes:

322 2494 464 2567 Quid
484 2494 790 2550 retribuam
821 2492 1050 2547 Domino
1075 2507 1179 2563 pro
1208 2491 1463 2545 omnibus
1484 2503 1610 2560 qua:
1638 2488 1895 2544 retribuit
1918 2486 2060 2542 mihi
2085 2485 2178 2540 ⁸³7

399 2584 525 2641 169.
583 2580 692 2637 Καὶ
747 2580 776 2634 ὁ
836 2578 967 2640 Θεὸς
1025 2579 1052 2632 ὁ
1102 2579 1253 2652 ἅγιος
1316 2574 1699 2647 δοξασθήσεται
1770 2574 1821 2630 iv
1896 2571 1978 2629 δι-

324 2670 604 2745 καιοσύνῃ.
660 2666 984 2725 Ἀκολουθεῖ
1055 2670 1135 2737 τῷ
1190 2666 1469 2740 ὑψωθῆναι
1526 2663 1578 2719 iv
1638 2663 1862 2739 κρίματι
1919 2663 1980 2717 τὸ

329 2759 656 2834 δοξασοῆναι
687 2757 784 2813 τὸν
830 2757 986 2829 ἅγιον
1031 2752 1085 2809 iv
1130 2751 1467 2830 δικαιοσύνῃ.
1523 2755 1589 2811 Oi.
1640 2752 1980 2828 τεθεωρηκό-

328 2869 417 2912 τες
473 2847 633 2903 αὐτὸν
693 2843 1001 2920 ὑψούμενον
1061 2841 1112 2898 ἐν
1168 2847 1287 2905 τοῖς
1338 2843 1450 2917 (98,
1511 2842 1790 2918 κρίμασιν,
1832 2841 1981 2896 οὗτοι

330 2930 817 3011 καταλαμϐάνουσι
874 2933 977 3002 τὴν
1036 2928 1191 3005 δόξαν
1234 2937 1335 3002 τῆς
1391 2928 1739 3002 δικαιοσύνης
1793 2930 1981 2985 αὐτοῦ.

337 3027 444 3085 Καὶ
531 3024 971 3099 βοσκηθήσονται
1048 3021 1101 3076 0i.
1184 3016 1581 3095 διηρπασμὲνοι
1642 3020 1716 3083 ὡς
1767 3023 1980 3095 ταῦροι,

328 3116 420 3170 καὶ
463 3113 559 3175 τὰς
612 3111 852 3188 ἐρήμους
914 3112 1025 3166 τῶν
1084 3106 1517 3183 ἀπειλημμένων
1573 3106 1728 3184 ἄρνες
1787 3108 1982 3187 φάγον-

334 3220 447 3258 ται.
475 3206 534 3258 '0
562 3198 844 3275 γινόμενος
875 3196 1243 3275 αἰχμάλωτος
1274 3196 1404 3285 λαὸς
1433 3194 1522 3252 διὰ
1549 3198 1610 3253 τὸ
1668 3198 1743 3271 μὴ
1778 3194 1975 3253 εἰδέναι
2009 3219 2052 3285 C

332 3290 426 3345 τὸν
487 3288 706 3364 Κύριον,
748 3286 839 3342 καὶ
890 3292 969 3359 τῷ
1014 3288 1136 3363 περὶ
1186 3287 1249 3343 τὸ
1281 3284 1529 3361 μέθυσμα
1570 3286 1969 3363 ἡμαρτηκέναι.

328 3377 536 3455 τρόπον
589 3374 880 3452 βουκολίου
930 3376 1346 3451 βοσκηθήσεται.
1392 3377 1454 3431 Οἱ
1514 3373 1571 3432 δὲ
1614 3376 1767 3431 αὐτοὶ
1822 3372 1974 3431 οὗτοί

328 3468 465 3523 εἲσιν
491 3468 543 3521 οἱ
570 3463 986 3539 διηρπασμένοι,
1016 3465 1153 3521 κατὰ
1189 3466 1281 3521 τὸν
1328 3469 1424 3520 τοῦ
1467 3464 1974 3542 αἰχμαλωτίζεσθαι

329 3555 525 3618 αὐτοὺς
554 3553 765 3630 καιρόν.
800 3553 978 3623 Δῆλον
1031 3551 1108 3622 δὲ,
1144 3551 1227 3608 ὅτι
1276 3550 1490 3609 ἐπειδὰν
1540 3557 1867 3628 ἡπηθῶμεν
1922 3553 1974 3609 iv

325 3650 404 3719 τῷ
436 3643 667 3717 πολέμῳ
701 3643 806 3699 ὑπὸ
834 3644 942 3698 τῶν
997 3642 1385 3716 ἀντικειμένων
1430 3640 1734 3719 ἐνεργειῶν,
1767 3642 1977 3719 ιειίχμα⁸

330 3732 697 3806 λωτιζόμενοι
730 3732 818 3787 ὑπ’
849 3729 1050 3803 αὐτῶν,
1084 3728 1263 3805 ὥσπερ
1297 3728 1511 3809 λάφυρα
1544 3734 1655 3805 (99)
1690 3733 1824 3806 μετᾶ
1878 3732 1977 3800 τὴν

329 3822 512 3893 νίκην,
571 3818 1002 3894 διαρπαζόμεοα.
1056 3820 1480 3893 Διαρπασθὲντες
1548 3817 1626 3889 δὲ,
1681 3820 1858 3876 οὐκέτι
1918 3822 1985 3877 τὰ

330 3915 437 3968 τῶν
473 3909 716 3986 λογικῶν
753 3906 868 3964 ἴδια
905 3908 982 3971 εἰς
1022 3911 1230 3987 τροφὴν
1288 3909 1386 3977 τήν
1435 3909 1636 3965 ἑαυτῶν
1686 3906 1981 3986 παραλαμ-

334 3996 593 4074 ϐάνομεν,
618 3997 748 4055 ἀλλ’
779 3999 882 4053 ὑπὸ
925 3996 1138 4074 ἀλόγων
1188 3995 1530 4071 κινημάτων,
1566 3998 1640 4061 ὡς
1690 3995 1870 4074 ἔτυχε,
1893 4019 1987 4077 φε-

336 4089 582 4166 ρόμενοι,
613 4087 817 4164 τρόπον
845 4085 1057 4161 ταύρων
1093 4084 1143 4140 iv
1176 4087 1247 4160 τῇ
1296 4083 1499 4162 ἐρημίᾳ
1545 4090 1642 4141 τοῦ
1697 4085 1818 4162 βίου
1866 4087 1988 4142 τού-

331 4199 428 4234 του
489 4174 764 4250 διάξομεν.
800 4176 899 4230 Διὰ
950 4170 1114 4230 τοῦτο
1175 4171 1232 4229 δὲ
1281 4174 1383 4230 ούκ
1438 4174 1575 4243 εἶπε,
1632 4176 1795 4251 βοῶν,
1846 4174 1992 4232 ἀλλὰ

331 4267 568 4342 ταύρων,
626 4266 710 4320 ὅτι
797 4265 851 4318 αἱ
931 4263 1026 4336 μὲν
1091 4262 1213 4340 βόες
1269 4260 1547 4334 ἀλλήλαις
1602 4263 1990 4341 συναγελαζον-

333 4378 447 4425 ται,
483 4357 533 4410 οἰ
587 4358 780 4431 ταῦροι
843 4349 902 4407 δὶ
948 4350 1039 4408 διὰ
1095 4353 1151 4407 εὸ
1210 4350 1494 4425 θυμοειδὶς
1559 4351 1803 4430 ὀργίλως
1834 4349 1991 4430 ἔχον-

335 4466 422 4508 τες
482 4444 620 4519 πρὸς
671 4439 980 4512 ἀλλήλους,
1013 4438 1396 4514 διεσπασμινοι
1445 4443 1520 4513 (4)
1575 4442 1666 4497 ἀπ’
1725 4440 1992 4513 ἀλλήλων

338 4536 614 4607 νέμονται.
651 4528 873 4600 Ἐπειδὴ
934 4528 993 4586 δὶ
1045 4530 1180 4605 μετὰ
1214 4532 1314 4600 τὴν
1367 4529 1752 4605 αἰχμαλωσίαν
1811 4530 1998 4587 πολλά

342 4589 487 4686 εἶξιδς
545 4589 909 4697 ἐρημοῦσθαι,
941 4589 1180 4691 τῷιὺπὸ
1229 4589 1341 4674 τίῦν
1399 4589 1687 4691 πολεμίων
1747 4621 1994 4696 ἀπῆχθαι
2028 4589 2076 4656 D

2166 2575 2285 2630 169.
2322 2580 2389 2632 Et
2443 2576 2585 2632 Deus
2641 2582 2865 2630 sanctus
2920 2575 3325 2647 gloriﬁcabz’tur
3379 2581 3441 2636 in
3487 2582 3734 2655 justitia.

2091 2664 2407 2736 Postquam
2441 2664 2730 2720 oxaltatus
2761 2667 2848 2720 est
2875 2664 2933 2719 in
2958 2664 3207 2736 judicio,
3237 2684 3606 2741 consequens
3649 2679 3742 2732 est

2092 2758 2415 2809 utsanctus
2445 2752 2805 2826 gloriﬁcatur
2834 2753 2892 2808 in
2916 2754 3170 2825 justitia.
3233 2758 3340 2824 Qui
3407 2775 3543 2816 eum
3601 2767 3743 2820 sunt

2091 2841 2469 2914 contemplati
2503 2842 2561 2897 in
2585 2841 2826 2913 judiciis
2856 2841 3198 2912 exaltatum,
3230 2845 3269 2899 ii
3299 2844 3739 2921 gloriamjusti-

2089 2931 2185 2985 tite
2215 2932 2345 3000 ejus
2376 2931 2892 3003 comprehendunt.
2942 2931 3121 2988 Vens.
3182 2933 3274 2991 17.
3333 2937 3401 2992 Ει
3445 2943 3743 3009 pascentur

2092 3018 2296 3091 direpti
2321 3023 2586 3092 tanquam
2608 3024 2761 3076 tauri
2779 3038 2798 3074 :
2829 3026 2882 3076 el
2912 3022 3132 3078 deserta
3160 3037 3380 3095 eorum,
3439 3029 3537 3099 qui
3588 3031 3742 3103 capti

2091 3112 2237 3175 sunt,
2267 3111 2403 3179 agni
2428 3109 3013 3181 comrdent.Poputus
3070 3110 3129 3166 in
3180 3113 3579 3184 captivitatem
3629 3118 3736 3174 ad-

2093 3197 2326 3267 ductus,
2347 3214 2413 3253 eo
2445 3198 2600 3269 quod
2632 3197 2949 3254 Dominum
2970 3216 3081 3255 non
3116 3208 3526 3275 cognoverant,
3560 3210 3617 3262 et
3646 3206 3737 3262 in-

2090 3285 2351 3341 ciderant
2383 3286 2442 3341 in
2486 3285 2785 3342 ebrietatis
2823 3294 3149 3359 peccatum,
3209 3291 3280 3345 ad
3338 3292 3581 3350 modum
3642 3313 3737 3352 ar-

2085 3379 2410 3431 mentorum
2439 3380 2770 3447 pascentur.
2805 3376 2872 3431 Hi
2904 3380 3099 3433 autem
3133 3377 3243 3448 ipsi
3278 3379 3437 3438 fuere
3477 3398 3544 3439 eo
3588 3392 3733 3441 tem-

2085 3480 2224 3536 pore
2257 3463 2492 3535 direpti,
2517 3480 2651 3519 cum
2680 3465 2812 3520 iacti
2867 3471 3008 3520 sunt
3062 3467 3296 3539 captivi.
3348 3469 3596 3530 Planum
3645 3478 3736 3531 est

2087 3558 2285 3608 autem
2317 3569 2444 3622 nos,
2476 3552 2574 3608 ubi
2606 3553 2741 3608 victi
2776 3554 3062 3610 fuerimus
3093 3555 3150 3611 in
3182 3556 3354 3627 bello,
3380 3576 3447 3616 ae
3475 3561 3739 3634 superati

2089 3642 2163 3699 ab
2193 3642 2545 3699 adversariis
2578 3641 2993 3715 potestatibus,
3027 3649 3204 3718 atque
3237 3648 3306 3703 ab
3338 3648 3482 3718 ipsis
3512 3650 3573 3705 in
3616 3666 3739 3707 ser-

2090 3730 2334 3787 vitutem
2367 3731 2610 3800 redacti,
2643 3734 2784 3787 tunc
2806 3739 2937 3803 post
2959 3733 3262 3791 victoriam
3294 3740 3573 3810 tanquam
3604 3756 3745 3796 exu-

2091 3820 2216 3875 vias
2244 3819 2440 3894 diripi.
2493 3820 2639 3877 Gum
2665 3827 2862 3877 autem
2895 3822 3186 3880 fuerimus
3235 3825 3470 3899 direpti,
3502 3826 3570 3884 ea
3621 3845 3752 3900 quae

2095 3909 2472 3965 rationalium
2495 3911 2633 3964 sunt
2666 3908 2921 3980 propria,
2956 3927 3070 3965 non
3104 3912 3360 3984 amplius
3392 3915 3453 3971 in
3481 3921 3750 3974 nostrum

2097 3997 2295 4053 cibum
2329 3996 2717 4067 assumimus,
2750 3997 2850 4052 sed
2901 3998 3184 4070 motibus,
3241 4006 3308 4058 ut
3356 4003 3476 4060 fors
3532 4003 3739 4061 tulerit

2096 4085 2335 4141 vesanis
2367 4091 2425 4141 et
2455 4083 2733 4140 belluinis
2790 4086 3042 4158 abrepti,
3102 4087 3289 4143 instar
3335 4094 3642 4148 taurorum
3691 4092 3751 4147 in

2098 4174 2230 4230 vitae
2254 4174 2431 4246 hujus
2464 4172 2783 4228 solitudine
2815 4177 3039 4230 aetatem
3070 4175 3375 4249 degamus.
3401 4181 3591 4252 Atque
3620 4197 3751 4237 eam

2102 4264 2174 4318 ob
2202 4278 2441 4318 causam
2477 4278 2590 4315 non
2627 4260 2771 4316 dixit
2801 4261 2998 4332 boves,
3033 4265 3133 4318 sed
3166 4269 3389 4334 tauros,
3440 4269 3598 4339 quod
3647 4269 3751 4322 bo-

2101 4353 2214 4407 bus
2235 4352 2389 4406 inter
2411 4366 2473 4405 se
2502 4352 2786 4423 gregatim
2822 4352 3168 4419 viventibus,
3200 4356 3353 4410 tauri
3384 4356 3458 4412 ob
3488 4357 3753 4412 animum

2104 4442 2177 4498 ad
2210 4439 2571 4497 iracundiam
2598 4456 2851 4511 pronum
2884 4440 2970 4496 ira
3004 4441 3058 4495 in
3085 4459 3147 4497 se
3179 4442 3425 4501 invicem
3470 4447 3760 4503 excande-

2108 4535 2359 4598 scentes,
2392 4528 2677 4599 disjuncti
2709 4532 2768 4582 et
2796 4547 2829 4582 a
2860 4545 2922 4584 se
2954 4528 3205 4587 invicem
3238 4537 3494 4605 separati
3524 4552 3768 4607 pascan-

2112 4625 2225 4676 tur.
2254 4618 2538 4682 Quoniam
2574 4624 2770 4670 autem
2809 4618 3118 4673 VBPlSlﬂllle
3168 4627 3291 4675 erat
3334 4620 3462 4678 loca
3518 4624 3768 4696 plurima

343 4709 473 4773 τοὺς
505 4708 825 4783 οῗκήτορας,
885 4704 974 4762 διὰ
1027 4706 1190 4762 τοῦτό
1248 4726 1402 4787 φησι’
1452 4706 1553 4761 Καὶ
1608 4709 1705 4771 τὰς
1761 4708 1982 4784 ἐρήμους

2113 4715 2243 4783 post
2266 4707 2657 4779 captivitatem
2691 4706 2988 4761 desertum
3022 4708 3116 4774 iri,
3168 4726 3302 4764 cum
3363 4699 3763 4769 ab'hostibus

342 4804 452 4857 τῶν
513 4795 949 4872 ἀπειλημμένων
1035 4792 1191 4871 ἄρνες
1265 4796 1552 4876 φάγονται.
1613 4796 1795 4854 Οίονεὶ
1873 4799 2001 4874 γὰρ,

2114 4796 2440 4854 abducendi
2475 4794 2921 4865 essentincolae,
2983 4796 3199 4852 idcirco
3259 4800 3384 4857 ait:
3439 4803 3503 4857 Et
3561 4801 3769 4857 deserta

349 4890 488 4945 κατά
544 4887 811 4961 ἱστορίαν,
872 4885 961 4941 ἐπὶ
1017 4891 1118 4955 τῆς
1188 4880 1539 4947 Βαϐυλωνίας
1599 4885 1982 4964 ἀποληφθέντε

2113 4906 2323 4951 eorum,
2355 4904 2448 4958 qui
2478 4887 2626 4957 capti
2654 4892 2803 4953 sunt,
2852 4888 2985 4957 agni
3029 4889 3328 4946 comedent.
3380 4892 3550 4959 Nam,
3600 4892 3773 4960 juxta

349 4978 668 5054 κατείχοντο
701 4976 753 5030 οἱ
785 4973 1071 5030 ἀνάστατοι
1100 4975 1206 5030 ἀπὸ
1248 4981 1352 5045 τῆς
1403 4974 1666 5037 Ἰουδαίας
1713 4975 1850 5030 κατὰ
1903 4978 1982 5046 τήε

2115 4978 2423 5033 historiam
2464 4975 2530 5041 3‘,
2562 4974 2622 5029 in
2690 4973 2984 5047 Babylone
3042 4976 3217 5032 veluti
3267 4979 3483 5036 inclusi
3537 4980 3767 5036 detine-

424 5095 470 5130 ²⁰
498 5093 652 5152 Psal.
676 5109 861 5160 cxux,
891 5093 946 5148 6.
1023 5092 1069 5129 ⁸ο
1093 5092 1237 5149 ibid.
1315 5094 1358 5130 ⁸¹
1395 5094 1506 5151 Isa.
1542 5110 1624 5160 Ill,
1702 5094 1790 5150 14.
1865 5093 1912 5129 ⁸³
1946 5093 1982 5150 Ιι

2100 5111 2164 5160 n,
2210 5093 2293 5149 11.
2370 5092 2415 5127 ³³
2463 5090 2617 5148 Psal.
2649 5106 2774 5159 cxv,

363 5164 433 5219 1v
462 5136 861 5239 ιίοξῗῖιὲῐζῖἰ
872 5204 884 5219 .

2833 5090 2920 5147 l2.
2997 5092 3112 5148 3"II
3169 5091 3354 5149 Paral.
3416 5111 3607 5166 xxxvr,
3664 5094 3773 5163 20;

429 5281 541 5354 (95)
571 5281 749 5363 Editi,
780 5276 1031 5363 δίστομοί
1061 5299 1247 5358 φησιν.
1277 5280 1425 5338 Illud
1456 5279 1620 5355 φησίν
1654 5283 1714 5337 in
1747 5282 1982 5355 quinqw

2115 5286 2255 5363 τρῖς.
2284 5281 2404 5363 Illa,
2440 5296 2567 5352 quas
2605 5293 2716 5363 non
2765 5277 2844 5363 ita
2894 5278 3078 5363 multo
3126 5285 3261 5351 post
3288 5285 3624 5363 occurrunt,
3684 5280 3777 5336 καὶ

362 5351 507 5410 mss.
524 5351 650 5409 non
682 5351 999 5408 invenitur.

605 5424 848 5481 Veteres
907 5424 1171 5496 quinque
1223 5423 1381 5491 libri,
1432 5423 1792 5479 κατενώπιον.
1847 5424 2024 5492 Editi,

365 5493 626 5551 ἐνώπιον.

440 5567 763 5651 “inﬁniti,
787 5562 928 5651 ἀντί,
954 5569 1195 5651 namss.
1233 5566 1517 5640 quinque,
1550 5565 1693 5641 περί,
1726 5582 1830 5622 nec
1861 5567 2032 5624 aliter

373 5636 484 5699 fuit
515 5636 743 5697 editum
774 5637 932 5710 apud
963 5636 1129 5710 LXX.

450 5712 566 5788 (98)
599 5706 841 5787 Legitur
878 5706 941 5764 in
991 5707 1287 5781 aliquibus
1340 5726 1515 5784 mss.,
1562 5728 1697 5771 τοις.
1741 5708 1918 5782 Editi,
1976 5708 2029 5764 tv

2141 5346 2597 5428 βοσκηβῄσοῖιται,
2631 5356 2762 5404 etc..
2809 5346 2978 5428 Iunge
3011 5346 3229 5428 diversa
3264 5357 3403 5428 sunt
3423 5354 3494 5410 ab
3525 5346 3619 5408 iis'
3653 5369 3782 5424 qua:

2137 5418 2194 5497 et
2223 5427 2279 5479 in
2302 5418 2597 5479 'Hebraico
2627 5418 2967 5498 exemplari,
2996 5426 3049 5498 et
3092 5422 3147 5477 in
3200 5426 3445 5498 Vulgata
3487 5418 3781 5497 leguntur.

2210 5499 2325 5568 (99)
2358 5501 2592 5568 Veteres
2624 5494 2738 5546 duo
2772 5490 2924 5568 libri,
2949 5488 3212 5568 λᾴφυρον.

2211 5557 2492 5639 (1)Ἐ(1ἱίί,
2526 5557 2930 5634 διεσπαρμένοι,
2988 5557 3059 5617 Λί
3092 5557 3358 5640 quinque
3400 5585 3545 5627 mss.
3607 5571 3673 5625 ut
3724 5566 3785 5624 in

2140 5646 2434 5698 contextu.
