4138 6400
360 416 481 477 899

1296 407 1695 470 APPENDIX
1737 405 2065 467 OPEllUM
2111 406 2176 465 S.
2224 405 2513 466 BASILII
2559 405 2838 467 MAGNI.

3662 413 3786 473 400

357 546 570 602 bantur
598 545 660 615 ii,
693 545 794 619 qul
832 546 905 602 ob
927 543 1353 617 expeditionem
1383 538 2003 596 aNabuchodonosore

2120 539 2218 590 τοῦ
2248 530 2739 613 Ναϐουχοδονόσορ
2771 533 3146 611 ἐπιστρατείαν
3174 540 3483 614 γενόμενοι.
3515 542 3625 612 Τὴν
3684 540 3779 599 οὗν

358 636 668 693 adversum
707 652 769 692 se
802 640 1132 705 susceptam
1156 648 1189 687 a
1217 631 1423 687 Judaea
1478 630 1713 684 fuerant
1761 625 2011 699 expulsi.

358 727 598 782 Terram
630 726 811 796 igitur
840 723 911 779 ad
944 738 1043 777 eos
1076 719 1176 793 qui
1210 718 1367 792 capti
1398 722 1456 774 et
1488 736 1601 791 pra:
1637 716 1773 773 belli
1820 731 2014 771 neces-

359 816 532 872 sitate
561 813 777 870 detenti
814 812 1068 878 fuerant,
1100 810 1509 881 pertinentem,
1537 809 1660 879 jam
1702 806 1759 861 in
1815 805 2010 860 ovium

357 903 638 977 pabulum
670 902 987 969 redactam,
1016 898 1419 972 agni,;inquit,
1454 898 1794 969 depascent,
1855 893 2010 966 quod

358 992 759 1050 nullasservet
803 989 1056 1061 antiqua:
1109 986 1491 1044 habitationis
1552 985 1844 1057 reliquias,
1908 988 2010 1043 sed

356 1081 717 1155 profundum
747 1083 1137 1152 tenerumque
1168 1093 1411 1150 gramen
1443 1092 1513 1132 ex
1555 1076 1855 1131 hominum
1915 1092 2010 1147 pc-

358 1170 532 1228 nuria
559 1168 835 1227 cnutriat.
871 1170 1142 1224 Fortasse
1190 1171 1385 1223 autem
1441 1165 1534 1220 hic
1592 1181 1784 1220 sermo
1832 1165 2009 1220 etiam

356 1277 535 1318 sensu
568 1258 908 1332 prophetico
940 1257 1187 1325 indicat,
1221 1257 1376 1328 quod
1410 1272 1544 1309 cum
1594 1255 2012 1310 mandatorum

356 1349 691 1406 divinorum
716 1346 1027 1403 violatores
1056 1362 1122 1401 ex
1155 1345 1399 1415 antiqua
1431 1360 1537 1399 sua
1578 1342 1636 1397 in
1682 1343 1824 1397 locis
1872 1359 2012 1398 san-

358 1439 469 1496 ctis
508 1437 873 1494 habitatione
902 1435 1073 1506 ejecti
1098 1434 1219 1489 sint
1248 1438 1306 1488 et
1335 1431 1606 1505 expulsi;
1640 1449 1769 1502 nos,
1803 1433 1903 1503 qui
1939 1433 2011 1487 ob

358 1532 664 1602 peccatum
697 1542 899 1582 eorum
931 1525 1002 1580 ad
1036 1523 1286 1579 salutem
1335 1539 1435 1595 per
1481 1522 1741 1577 divinam
1784 1522 2014 1594 dispen-

360 1617 648 1675 sationem
668 1615 854 1671 vocati
887 1629 1119 1684 sumus,
1161 1612 1299 1685 agni
1332 1611 1572 1682 quidam
1607 1610 1679 1666 ob
1719 1615 2010 1666 recentem

360 1710 629 1763 nostrum
662 1705 723 1759 in
753 1702 868 1760 ﬁde
898 1707 1094 1759 ortum
1124 1699 1424 1775 appellati,
1445 1700 1503 1755 in
1536 1715 1736 1755 eorum
1771 1699 1870 1771 qui
1915 1716 2008 1755 ca-

359 1795 446 1869 pti
474 1799 615 1851 sunt
643 1792 786 1848 locis
800 1808 1135 1864 pascamur,
1163 1788 1415 1862 spiritali
1445 1786 1834 1860 rationalique
1888 1787 2010 1844 elo-

2123 624 2311 701 χώραν
2338 626 2438 695 τὴν
2473 622 2828 702 διαφέρουσαν
2861 631 2977 689 τοῖς
3010 625 3452 701 ἀπειλημμένοις
3504 629 3596 686 καὶ
3650 652 3780 687 κατ-

2125 714 2413 789 εχομένοις
2445 714 2675 785 ὑπὸτῆς
2713 720 2809 770 τοῦ
2852 713 3105 789 πολέμου
3161 717 3404 793 ἀνάγκης
3462 715 3780 791 μηλόϐοτον

2125 803 2228 858 ὑπὸ
2274 801 2493 872 πολλῆς
2543 803 2775 879 ἐρημίας
2821 804 3124 881 γενομένην
3171 802 3345 881 ἄρνες,
3390 808 3574 885 φησὶν,
3608 808 3782 867 ἐπινε-

2127 894 2411 964 μήσονται,
2447 890 2536 947 διὰ
2581 893 2644 947 τὸ
2706 891 2874 966 μηδὲν
2920 893 3175 969 λείψανον
3223 894 3461 960 παλαιᾶς
3511 898 3782 970 οἰκήσεως

2124 980 2324 1059 φέρειν,
2376 979 2521 1036 ἀλλὰ
2572 983 2788 1056 βαθεῖαν
2839 982 2930 1037 καὶ
2979 981 3197 1052 ἀπαλήν
3251 984 3311 1040 ἐκ
3365 992 3465 1056 τῆς
3522 992 3631 1042 τῶν
3691 989 3780 1045 ἀν-

2124 1071 2356 1145 θρώπων
2409 1069 2640 1147 ἐρημίας
2694 1072 2793 1141 τήν
2847 1073 2983 1127 πόαν
3027 1072 3322 1152 ἐκτρέφειν.
3356 1073 3516 1151 Τάχα
3574 1075 3632 1133 δὲ
3688 1081 3777 1135 καὶ

2123 1164 2477 1237 προφητικῶς
2512 1161 2540 1215 ὁ
2572 1158 2737 1237 λόγος
2767 1160 3084 1235 αἰνίσσεται,
3118 1161 3201 1218 ὅτι
3230 1168 3337 1218 τῶν
3388 1161 3779 1239 παραϐεϐηκό-

2120 1268 2230 1303 των
2286 1249 2354 1303 τὰ
2411 1249 2529 1303 θεῖα
2600 1249 2995 1325 προστάγματα
3069 1245 3442 1321 ἐκϐληθέντων
3513 1261 3615 1325 τῆς
3672 1278 3778 1313 πα-

2123 1337 2282 1402 λαιᾶς
2328 1337 2504 1393 αὐτῶν
2554 1337 2604 1393 ἐν
2655 1343 2773 1403 τοῖς
2823 1339 2998 1414 ἁγίοις
3042 1336 3340 1416 διαγωγῆς,
3372 1344 3538 1417 ἡμεῖς
3593 1345 3643 1400 oi
3694 1351 3777 1419 τῷ

2122 1428 2525 1503 παραπτώματι
2566 1426 2740 1482 αὐτῶν
2791 1428 2928 1505 πρὸς
2979 1429 3043 1484 τὸ
3094 1430 3335 1500 σωθῆναι
3383 1430 3774 1506 οῖκονομηθέν-

2120 1537 2228 1585 τες,
2262 1514 2415 1592 ἄρνες
2444 1517 2586 1579 τινὶς
2619 1514 2708 1571 διὰ
2762 1516 2825 1572 τὸ
2865 1519 2940 1591 (2)
2976 1517 3051 1581 εἷς
3097 1519 3197 1588 τήν
3254 1518 3437 1577 πίστιν
3497 1522 3766 1600 ἀρτιγενες

2127 1605 2526 1680 ὀνομαζόμενοι
2554 1611 2673 1669 τοῖς
2703 1611 2811 1661 τῶν
2862 1606 3292 1682 ἀπειλημμένων
3351 1609 3545 1675 τόποις
3598 1611 3774 1669 ἐπινε-

2126 1695 2359 1769 μόμεθα,
2390 1702 2493 1766 τῆς
2541 1702 2911 1769 πνευματικῆς
2965 1697 3056 1752 καὶ
3116 1696 3345 1773 λογικῆς
3398 1707 3609 1779 τροφῆς
3665 1707 3777 1759 τῶν

2122 1783 2327 1861 λογίων
2357 1788 2455 1840 τοῦ
2486 1782 2644 1857 Θεοῦ,
2677 1785 2791 1841 οἶόν
2830 1806 2982 1849 τινος
3010 1785 3147 1850 πόας
3198 1786 3415 1859 ἁπαλῆς
3457 1788 3776 1847 ἀπολαύον-

359 1884 631 1957 quiorum
664 1881 767 1939 Dei
819 1879 1099 1937 alimento
1154 1881 1441 1951 tanquam
1499 1881 1696 1933 tenero
1754 1876 2003 1949 quodam

2118 1895 2224 1972 τες.
2258 1874 2360 1932 Καὶ
2390 1876 2419 1929 ὁ
2450 1874 2655 1951 Κύριος
2687 1871 2744 1930 δὲ
2770 1880 2898 1939 τους
2931 1876 3225 1953 ἀρτιγενεῖς
3255 1877 3390 1935 κατά
3430 1881 3530 1950 τὴν
3591 1880 3774 1938 πίστιν

357 1973 623 2046 gramine
653 1970 1040 2043 perfruentes.
1065 1967 1215 2034 Quin
1244 1970 1302 2023 et
1337 1966 1619 2023 Dominus
1667 1983 1854 2038 nuper
1910 1981 2003 2039 per

2121 1965 2280 2039 ἄρνας
2322 1965 2786 2041 προσηγόρευσεν,
2836 1965 2888 2020 ἐν
2937 1969 3018 2038 τῷ
3068 1963 3248 2042 λέγειν
3303 1967 3530 2043 Πέτρῳο
3583 1970 3774 2046 Σίμων

357 2063 534 2118 ﬁdem
558 2066 746 2131 natos,
806 2074 986 2132 agnos
1040 2056 1377 2130 appellavit,
1417 2072 1553 2112 cum
1603 2055 1768 2112 Petro
1827 2056 2009 2112 dixit:

354 2153 550 2208 Simon
580 2154 692 2206 Bar
719 2154 888 2216 Jona,
919 2146 1121 2216 diligis
1154 2164 1242 2202 me
1268 2149 1294 2201 .9
1331 2147 1500 2202 Pasce
1544 2161 1713 2218 agnos
1767 2160 1913 2201 meo:
1942 2145 2007 2201 ⁸⁸.

387 2245 395 2251 ’
431 2241 558 2298 170.
587 2237 867 2305 VERSJB,
896 2238 1094 2294 191$
1113 2236 1219 2307 his,
1241 2237 1339 2309 qui
1366 2234 1833 2306 trahuntpeccata
1855 2235 2014 2305 quasi

355 2330 608 2403 funiculo
640 2329 820 2399 tango,
846 2330 895 2383 et
916 2328 1078 2399 quasi
1096 2327 1228 2398 jugi
1256 2327 1493 2396 corrigia
1526 2322 1750 2394 uitulae,
1796 2325 2007 2395 iniqui-

358 2410 516 2490 tates,
542 2419 639 2491 qui
673 2418 900 2473 dicunt:
934 2415 1049 2472 Cito
1079 2418 1521 2488 apprOpinquent
1543 2429 1668 2487 quae
1706 2414 1890 2486 faciet,
1946 2417 2007 2469 ut

346 2509 630 2565 videamus
651 2523 672 2571 ;
702 2515 754 2563 et
770 2507 958 2562 veniat
1013 2505 1310 2560 consilium
1362 2505 1545 2559 sanati
1599 2504 1768 2559 Israel
1797 2510 1859 2558 ut
1914 2517 2005 2558 co-

347 2613 687 2671 gnoscamus.
772 2594 954 2650 Nobis
1016 2593 1161 2665 ipsis
1238 2598 1364 2648 tum
1451 2608 1584 2647 cum
1670 2608 2004 2663 peccamus,

349 2688 498 2745 θοι
535 2683 768 2740 vincula
791 2681 1139 2739 conficimus
1170 2679 1566 2747 ctiuniculos,
1601 2681 1817 2752 quibus
1874 2681 2002 2734 vin-

349 2776 610 2832 ciamur:
636 2773 1053 2845 quippejuxta
1085 2769 1527 2827 multitudinem
1558 2769 1645 2825 vel
1702 2771 2001 2843 magnitu-

350 2868 545 2923 dinem
571 2862 1077 2937 peccatorum,vel
1111 2863 1335 2933 majora
1364 2860 1453 2917 vel
1493 2861 1719 2917 minora
1780 2860 2002 2916 anima-

347 2957 459 3013 bus
491 2954 710 3011 nostris
739 2953 865 3010 lora
896 2952 1208 3019 nectimus,
1243 2949 1481 3023 quibus,
1498 2950 1825 3006 secundum
1847 2949 2004 3005 Jere-

346 3046 528 3103 miam
559 3045 625 3112 ³⁸,
683 3042 865 3100 vincti
924 3058 1136 3097 sumus
1196 3056 1260 3095 ac
1318 3039 1599 3111 colligati.
1651 3039 2000 3110 Quicunque

346 3134 527 3207 igitur
555 3133 872 3188 vincuntur
903 3129 1096 3187 carnis
1128 3145 1328 3197 sensu,
1380 3127 1421 3182 ii
1452 3128 1702 3184 terrenis
1750 3127 2000 3183 vinculis

345 3222 852 3295 constringuntur;
877 3220 1095 3293 quibus
1110 3235 1324 3274 manus
1348 3234 1549 3275 eorum
1574 3234 1639 3273 ac
1665 3218 1843 3290 pedes
1862 3233 1997 3272 cum

343 3311 508 3385 ligali
538 3311 794 3377 fuerunt,
817 3313 948 3381 post
973 3306 1437 3379 justamjudicis
1470 3306 1848 3375 sententiam,
1884 3305 1998 3377 ipsi

342 3404 549 3473 utpote
566 3398 826 3456 damnati
846 3398 1166 3469 ejiciuntur
1193 3396 1251 3452 in
1284 3396 1557 3451 tenebras
1588 3394 1907 3451 exteriores
1930 3395 1996 3450 ³⁷.

344 3489 630 3563 Ligantur
660 3487 897 3560 quidem
925 3502 1138 3541 manus
1170 3485 1242 3541 ob
1276 3484 1447 3554 facta,
1481 3484 1661 3556 pedes
1705 3499 1862 3555 vero,
1924 3483 1996 3539 ob

343 3580 666 3636 incessum.
700 3576 846 3632 Nam
871 3575 1064 3646 reipsa
1091 3573 1505 3646 unusquisque
1528 3572 1843 3646 stringitur
1876 3589 2001 3644 pec-

352 3674 620 3725 catorum
642 3680 884 3722 suorum
919 3663 1161 3729 catenis,
1192 3663 1274 3719 ita
1332 3666 1394 3717 ut
1452 3662 1716 3717 membra
1767 3661 2003 3734 singula

349 3774 478 3830 quin
504 3757 812 3829 peccatum
842 3752 1212 3818 admiserint,
1245 3751 1478 3824 proprio
1509 3750 1764 3823 quodam
1797 3755 1854 3806 et
1900 3767 2002 3824 pe-

347 3845 554 3903 culiari
585 3841 817 3899 vinculo
840 3842 1143 3898 frenentur
1175 3845 1231 3897 et
1260 3841 1683 3913 astringantur.
1748 3842 1837 3898 Va?
1888 3840 1995 3912 igi-

348 3940 464 4004 tur,
497 3932 712 4006 inquit,
746 3933 836 3999 iis,
870 3932 969 4002 qui
1000 3930 1239 3986 trahunt
1275 3940 1500 4003 peccata
1553 3930 1713 4002 quasi
1748 3930 2000 4001 funiculo

349 4025 529 4094 longo,
562 4023 673 4080 hoc
702 4025 815 4087 est,
840 4021 944 4094 qui
967 4019 1180 4075 delicto
1209 4019 1386 4092 priori
1414 4020 1729 4088 secundas,
1772 4020 1999 4086 tertias,

346 4118 403 4170 et
428 4112 574 4169 alias
601 4109 893 4185 gradatim
925 4109 1279 4181 impietates,
1332 4109 1674 4180 injustitias,
1729 4108 2001 4166 lascivias

349 4206 722 4262 connectunt.
756 4200 902 4256 Nam
935 4199 1238 4271 oportebat
1269 4214 1369 4254 eos
1400 4199 1501 4271 qui
1531 4198 1696 4271 prius
1754 4200 1810 4254 in
1866 4215 1999 4272 pec-

349 4295 496 4351 catis
526 4292 759 4348 fuerant
788 4287 1160 4362 deprehensi,
1188 4288 1389 4344 statim
1434 4296 1564 4361 post
1616 4288 1867 4360 primam
1914 4289 1998 4344 vi-

340 4384 561 4440 tiorum
596 4379 1058 4451 implicationem
1092 4394 1202 4433 sua
1229 4377 1496 4449 ipsorum
1526 4382 1769 4449 peccata
1789 4378 2000 4451 delere,

342 4471 564 4529 nedum
605 4468 777 4524 malis
836 4468 951 4523 alia
1002 4468 1392 4539 adjungcrent
1448 4471 1997 4539 connecterentque.

2120 2052 2231 2130 Βὰρ
2261 2057 2439 2122 Ἰωνᾶ,
2475 2052 2654 2131 φιλεῖς
2685 2073 2784 2128 με,
2816 2052 2979 2110 Βόσκε
3005 2054 3072 2110 τὰ
3096 2055 3253 2134 ἀρνία
3288 2079 3411 2133 μοτ.

2194 2233 2316 2291 170.
2351 2230 2487 2290 Οὐαὶ
2521 2232 2572 2287 οἱ
2605 2231 2981 2307 ἐπισπώμενοι
3037 2234 3132 2298 τὰς
3189 2234 3458 2312 ἁμαρτίας
3509 2238 3582 2301 ὡς
3612 2258 3772 2316 σχοι-

2116 2322 2220 2395 νίῳ
2282 2326 2493 2396 μακρῷ,
2552 2321 2643 2377 καὶ
2702 2321 2776 2385 ὡς
2862 2321 3023 2401 ζυγοῦ
3080 2325 3265 2398 ἱμάντι
3326 2322 3619 2400 δαμάλεως
3673 2329 3770 2394 τὰς

2115 2410 2347 2484 ἀνομίας
2416 2412 2531 2486 (3)’
2595 2412 2647 2466 οἱ
2708 2411 2958 2488 λέγοντες
2993 2435 3004 2448 ·
3065 2413 3135 2469 Τὸ
3186 2413 3358 2491 τάχος
3420 2416 3683 2494 ἐγγισὰτω
3736 2418 3769 2475 ἃ

2114 2502 2356 2571 ποιήσει,
2411 2497 2501 2555 ’ίνα
2578 2496 2781 2575 ἴδωμεν
2814 2521 2828 2535 ο
2888 2501 2979 2557 καὶ
3056 2501 3262 2568 ἐλθέτω
3318 2507 3353 2575 ἡ
3418 2505 3595 2582 βουλὴ
3671 2513 3766 2565 τοῦ

2115 2590 2267 2665 ἁγίου
2327 2587 2570 2665 Ἰσραὴλ,
2625 2588 2717 2645 ’ἶνα
2790 2595 3024 2667 γνῶμεν.
3084 2594 3152 2651 Oi
3228 2594 3623 2670 ἁμαρτάνοντες
3691 2596 3772 2654 δε-

2115 2678 2286 2751 σμοὺς
2318 2678 2529 2741 ἑαυτοῖς
2554 2680 2645 2734 καὶ
2703 2680 2924 2755 σχοινία
2982 2684 3065 2745 οἷς
3121 2679 3383 2756 δεδέμεθα
3440 2688 3769 2743 κατασκευὰ-

2115 2773 2301 2841 ζομεν,
2332 2769 2469 2822 κατὰ
2493 2771 2591 2838 τήν
2627 2767 2921 2845 ἀναλογίαν
2949 2776 3046 2825 τοῦ
3103 2768 3352 2843 πλήθους
3410 2775 3444 2843 ἢ
3501 2778 3766 2852 μεγέθους

2109 2861 2215 2911 τῶν
2268 2860 2343 2930 (4)
2392 2857 2826 2933 ἁμαρτημάτων,
2858 2860 2893 2929 ἢ
2944 2859 3169 2933 μείζονα
3217 2860 3252 2931 ἢ
3307 2862 3600 2942 μικρότερα
3647 2867 3769 2920 ἑαυο

2108 2951 2227 3009 τοῖς
2273 2950 2379 3000 τῶν
2425 2950 2618 3022 ψυχῶν
2665 2948 2732 3002 τὰ
2790 2944 2962 3021 δεσμὰ
3011 2949 3329 3020 πλέκοντες,
3364 2952 3451 3030 ὑφ’
3499 2954 3572 3007 ὧν
3628 2953 3764 3009 κατά

2107 3033 2202 3089 τὸν
2234 3034 2498 3109 Ἱερεμίαν
2529 3032 2744 3109 δέσμιοι
2805 3035 3119 3113 ἐγενόμεθα.
3152 3040 3220 3096 Oi
3272 3037 3361 3094 οὖν
3418 3043 3762 3115 κεκρατημέ-

2108 3144 2191 3179 νοι
2227 3123 2329 3179 ὑπὸ
2379 3127 2475 3178 τοῦ
2528 3127 2880 3203 φρονήματος
2934 3133 3036 3196 τῆς
3091 3128 3307 3201 σαρκὸς,
3342 3128 3494 3183 οὗτοι
3548 3127 3763 3204 γηΐνοις

2111 3210 2332 3287 δεσμοῖς
2383 3212 2484 3267 εἷ’σι
2522 3211 2984 3288 κατειλημμένοι,
3037 3216 3121 3294 ὑφ’
3177 3218 3275 3288 ὧν,
3331 3218 3465 3290 μετὰ
3515 3218 3613 3287 τὴν
3676 3215 3764 3274 δι-

2109 3302 2261 3357 καίαν
2295 3306 2392 3357 τοῦ
2421 3306 2610 3377 κριτοῦ
2642 3300 2932 3378 ἀπόφασιν,
2969 3301 3207 3369 δεθέντες
3262 3310 3466 3382 χειρῶν
3512 3307 3604 3362 καὶ
3658 3328 3766 3362 πο-

2111 3388 2244 3463 δῶν,
2284 3392 2335 3445 οἱ
2366 3389 2845 3455 καταδικασθέντες
2904 3388 3269 3450 ἐκϐάλλονται
3327 3395 3404 3459 εἷς
3453 3396 3518 3451 τὸ
3573 3397 3767 3459 σκότος

2108 3481 2170 3535 τὸ
2228 3480 2483 3555 ἐξώτερον
2509 3500 2520 3513 ⁸
2556 3486 2757 3557 χειρῶν
2811 3483 2929 3556 μὶν,
2963 3480 3051 3539 διὰ
3092 3484 3156 3539 τὸ
3203 3484 3522 3561 πρακτικὸν,
3575 3482 3762 3541 ποδῶν

2113 3567 2193 3639 δὲ,
2224 3565 2313 3624 διὰ
2365 3570 2428 3625 τὸ
2485 3572 2824 3645 πορευτικόν.
2863 3578 3077 3649 Σειραῖς
3134 3573 3255 3651 γὰρ,
3313 3577 3393 3647 τῷ
3456 3570 3593 3645 ὄντι,
3652 3580 3761 3630 τῶν

2112 3656 2262 3714 ἰδίων
2322 3661 2602 3736 ἁμαρτιῶν
2678 3656 2905 3724 ἕκαστος
2970 3662 3274 3741 σφίγγεται,
3333 3661 3471 3719 ὥστε
3536 3659 3762 3719 ἕκαστον

2109 3752 2216 3802 τῶν
2249 3747 2651 3824 ἐνεργησάντων
2677 3749 2776 3818 τὴν
2808 3751 3077 3826 ἁμαρτίαν
3112 3748 3294 3825 μελῶν
3338 3748 3466 3824 ἰδίῳ
3516 3751 3623 3806 τινὶ
3681 3750 3764 3807 δε-

2112 3837 2236 3910 σμῴ
2280 3835 2655 3912 κολαζόμενον
2712 3840 3194 3915 κατασφίγγεσθαι.
3228 3840 3370 3899 Οὐαὶ
3419 3839 3535 3910 οὖν,
3569 3841 3758 3916 φησὶν,

2111 3928 2162 3981 οἱ
2220 3925 2592 4001 ἐπισπώμενοι
2644 3929 2739 3990 τάς
2789 3928 3057 4004 ἁμαρτίας
3110 3930 3187 3993 ὡς
3241 3929 3475 4007 σχοινίῳ
3532 3935 3759 4005 μακρῷ·

2106 4015 2399 4089 τουτέστιν,
2433 4017 2485 4071 oi
2529 4017 2862 4093 συνείροντες
2908 4023 2989 4091 τῷ
3018 4020 3270 4096 προτέρῳ
3302 4018 3605 4092 πταίσματι
3637 4017 3761 4075 δεύ-

2106 4127 2236 4182 τερα
2264 4107 2351 4161 καὶ
2384 4107 2540 4176 τρίτα
2569 4109 2665 4181 (5),
2700 4106 2789 4162 καὶ
2840 4109 3084 4181 καθεξῆς,
3118 4102 3458 4182 ἀσεϐήματα,
3491 4109 3584 4165 καὶ
3640 4107 3761 4165 ἀδι-

2108 4196 2471 4269 κήματα,,καὶ
2512 4195 2959 4271 ἀκολαστήματα.
2992 4196 3139 4255 Ἔδει
3198 4200 3300 4276 γὰρ
3358 4198 3486 4262 τοὺς
3542 4198 3762 4276 προλη-

2110 4286 2334 4364 φθέντας
2385 4285 2436 4339 ἐν
2494 4291 2613 4348 ταῖς
2671 4286 2987 4362 ἁμαρτίαις,
3035 4288 3150 4344 ἀντὶ
3200 4293 3294 4344 τοῦ
3353 4288 3609 4365 σωρεύειν
3667 4289 3762 4351 καὶ

2109 4374 2482 4429 ἐπισυνάπτειν
2509 4381 2624 4438 τοῖς
2656 4382 2843 4438 κακοῖς
2890 4372 3064 4453 ἕτερα,
3098 4375 3253 4441 εὐθὺς
3296 4377 3402 4432 ἀπὸ
3448 4381 3550 4444 τῆς
3603 4379 3761 4453 πρώ-

2107 4485 2207 4535 της
2261 4468 2368 4519 τῶν
2424 4469 2602 4519 κακῶν
2652 4463 2871 4535 πλοκῆς
2928 4465 3215 4521 καταλύειν
3270 4468 3339 4522 τὰ
3369 4468 3759 4541 ἁμαρτήματα.

340 4560 491 4616 Fieri
524 4558 763 4631 quidem
808 4573 924 4612 non
973 4560 1166 4627 potest
1222 4558 1287 4610 ut
1333 4570 1449 4610 non
1489 4561 1691 4626 peccet
1738 4554 2000 4611 humana

2115 4555 2200 4623 Μὴ
2235 4555 2493 4627 ἁμαρτεῖν
2544 4554 2641 4628 μὶν
2696 4556 2800 4630 γὰρ
2858 4556 2955 4625 τὴν
3007 4555 3350 4631 ἀνθρωπίνην
3402 4556 3581 4636 φύσιν,
3614 4558 3761 4631 ἁμή-

343 4653 597 4706 natura:
631 4643 1113 4718 quandoquidem
1147 4660 1262 4700 non
1305 4649 1395 4699 est
1443 4645 1644 4714 justus
1701 4643 1762 4699 in
1822 4650 1996 4715 terra,

2115 4663 2293 4720 χανον·
2330 4641 2471 4699 διότι
2504 4643 2601 4699 οὐκ
2647 4640 2756 4700 ἔστι
2813 4642 3019 4708 δίκαιος
3079 4645 3166 4700 ἐπὶ
3216 4652 3317 4715 τῆς
3369 4634 3495 4721 γῆς,
3547 4645 3606 4708 ὅς
3656 4649 3759 4718 (5')

341 4738 444 4812 qui
474 4736 649 4794 faciat
680 4738 924 4801 bonum,
948 4738 1005 4789 et
1030 4750 1063 4788 a
1106 4737 1344 4804 peccato
1401 4733 1694 4790 abstineat
1746 4733 1809 4787 ³⁸.
1850 4735 1996 4789 Fieri

340 4835 537 4886 tamen
572 4830 783 4899 potest,
812 4828 877 4880 ut
899 4824 969 4879 de
1002 4826 1236 4894 peccato
1270 4838 1372 4894 per
1428 4822 1853 4894 proclivitatem
1910 4822 1998 4879 vel

339 4935 443 4991 per
471 4912 1041 4975 insidiatorisnostri
1077 4911 1402 4983 impulsum
1454 4913 1799 4979 commisso,
1857 4930 1995 4970 con-

336 5008 533 5065 festim
555 5010 783 5063 mutata
813 5001 1104 5061 sententia
1136 5017 1380 5074 agamus
1410 5001 1837 5074 paenitentiam,
1891 5020 1996 5060 nec

2108 4736 2326 4805 ποιήσει
2356 4733 2578 4809 ἀγαθὸν,
2607 4733 2696 4789 καὶ
2729 4733 2834 4811 οὐχ
2865 4736 3256 4811 ἁμαρτήσεται.
3295 4735 3524 4791 Δυνατὸν
3559 4733 3638 4809 δὶ,
3652 4735 3761 4791 ἀπὸ

2104 4828 2201 4880 τοῦ
2283 4825 2543 4900 ἁμαρτεῖν
2597 4824 2731 4879 κατά
2781 4824 3107 4900 προπέτειαν
3161 4823 3197 4896 ἢ
3258 4826 3607 4903 συναρπαγὴν
3663 4829 3765 4881 τοῦ

2107 4908 2559 4975 ἐπιϐουλεύοντος
2606 4915 2762 4987 ἡμῖν,
2797 4912 2953 4978 εὐθὺς
3013 4909 3534 4987 μεταϐαλλομένους
3590 4934 3762 4989 μετα-

2104 5007 2270 5072 νοεῖν,
2310 5000 2399 5057 καί
2458 5003 2532 5077 μὴ
2592 5001 2941 5080 ἐπισωρεύειν
2994 5003 3135 5060 κακά
3186 5009 3396 5069 κακοῖς.
3425 5007 3587 5077 Ὥσερ
3645 5004 3753 5078 γὰρ

412 5187 456 5224 ⁸⁸
485 5189 653 5244 Joan.
686 5201 802 5254 xm,
835 5183 922 5240 l5.
999 5182 1270 5239 ssThren.
1305 5198 1392 5253 ιιι,
1422 5182 1492 5238 34
1589 5181 1632 5217 ³⁷
1663 5182 1868 5240 Matth.
1909 5200 2003 5240 xxx

2119 5186 2174 5241 3.
2204 5184 2250 5221 ⁸⁸
2283 5184 2432 5242 Psal.
2457 5201 2582 5255 xm,
2614 5185 2669 5240 3.

410 5389 488 5533 (ἓξ
519 5387 772 5512 υῐθΐςὲλξ
792 5383 977 5454 C01b.,
1012 5380 1100 5438 διὰ
1127 5381 1190 5437 τὸ
1224 5379 1386 5455 μηδέ.

410 5462 462 5532 (3
514 5459 608 5533 Sic
639 5457 679 5533 li
727 5474 774 5511 r1
793 5462 1032 5533 veteres.
1075 5457 1229 5512 Editi
1276 5473 1386 5513 νει-ι

334 5525 477 5595 ὡςξ.ί
510 5525 799 5601 δαμάλεως
828 5528 923 5612 τὰς
942 5528 1245 5612 ἁμαρτιας.

515 5459 608 5530 _Sic
639 5452 774 5530 libri
793 5452 1032 5530 veteres.
1075 5452 1233 5512 Editi
1276 5452 1432 5525 Vero,
1490 5452 1755 5530 ἁμαρτίας
1811 5452 1987 5510 αύτῶν

2115 5452 2357 5519 ιτώσεως
2388 5456 2423 5525 ἢ
2463 5457 2702 5529 μείζονα,
2734 5452 2833 5528 ργῖο
2855 5452 3071 5530 ratione
3098 5474 3284 5527 casus,
3308 5462 3421 5514 etc.

2093 5535 2265 5586 vetus
2287 5530 2827 5602 Combefisiicodex
2858 5534 2915 5585 et
2948 5529 3086 5602 Reg.
3114 5534 3364 5602 quartus
3408 5530 3510 5598 ita,
3572 5533 3640 5585 ut
3668 5528 3760 5586 in

2097 5386 2358 5454 quidem,
2386 5386 2489 5457 sed
2550 5386 2697 5442 satis
2749 5388 2904 5457 apte,
2951 5384 3087 5441 κατὰ
3144 5384 3245 5452 τήν
3307 5381 3758 5457 ἀναλογίανίτῆς

3542 5456 3763 5529 enique

406 5606 485 5677 (4)
524 5595 699 5677 Editi,
732 5599 867 5654 κατὰ
894 5595 1338 5677 τῂν-ἀναλογίαν.
1378 5597 1441 5677 τξ)
1470 5598 1566 5677 τῇς
1600 5598 1859 5677 πτώσεως
1886 5595 1983 5677 re};

2115 5608 2373 5677 :onteggtu
2405 5602 2601 5657 videre
2624 5600 2787 5677 licet.

332 5666 604 5746 «135600;.
641 5666 893 5746 Uterque
909 5671 1092 5737 (3011).,
1117 5666 1254 5746 γατᾷ
1280 5671 1379 5739 τήν
1403 5666 1694 5746 ἀναλογίαν
1744 5676 1843 5746 τῆς
1895 5671 1985 5746 πί-

334 5743 501 5808 στεως
530 5744 566 5814 ἢ
604 5743 860 5819 μεγέθους
890 5746 1020 5808 τῶν,
1052 5746 1160 5799 etc.
1218 5744 1352 5814 Reg.
1410 5743 1703 5799 secundus
1749 5744 1982 5800 brevius

2167 5675 2242 5745 (5)
2258 5673 2506 5747 Veteres
2534 5674 2797 5747 quinque
2826 5670 2982 5742 libri,
3016 5670 3192 5747 τρίτα.
3230 5672 3408 5742 Editi,
3448 5669 3595 5745 τρία.

2168 5744 2271 5817 (5')
2300 5746 2416 5807 Ὃς.
2443 5744 2616 5815 Editi,
2650 5744 2725 5806 ὡς
2780 5746 2939 5803 EDIT.
