  <div class='ocr_page' id='page_1' title='image "/cluster/home/n/w/nwhite01/storage/ocr_20150623/30:no.2/coo.31924054873116/213.png"; bbox 0 0 4138 6370; ppageno 0'>
   <div class='ocr_carea' id='block_1_1' title="bbox 363 394 484 459">
    <p class='ocr_par' dir='ltr' id='par_1_1' title="bbox 363 394 484 459">
     <span class='ocr_line' id='line_1_1' title="bbox 363 394 484 459; baseline 0.008 -1"><span class='ocrx_word' id='word_1_1' title='bbox 363 394 484 459; x_wconf 74' lang='grc'><strong>403</strong></span> 
     </span>
    </p>
   </div>
   <div class='ocr_carea' id='block_1_2' title="bbox 1312 374 2852 464">
    <p class='ocr_par' dir='ltr' id='par_1_2' title="bbox 1312 374 2852 464">
     <span class='ocr_line' id='line_1_2' title="bbox 1312 374 2852 464; baseline 0.003 -7"><span class='ocrx_word' id='word_1_2' title='bbox 1312 374 2083 460; x_wconf 68' lang='grc' dir='ltr'><strong>ΑΡΡΕΝΒΙΧόΡΕιιυΜ</strong></span> <span class='ocrx_word' id='word_1_3' title='bbox 2132 398 2196 460; x_wconf 92' lang='lat' dir='ltr'><strong>s.</strong></span> <span class='ocrx_word' id='word_1_4' title='bbox 2243 398 2531 462; x_wconf 66' lang='lat' dir='ltr'><strong>manu</strong></span> <span class='ocrx_word' id='word_1_5' title='bbox 2574 400 2852 464; x_wconf 82' lang='lat' dir='ltr'><strong>MAGNI.</strong></span> 
     </span>
    </p>
   </div>
   <div class='ocr_carea' id='block_1_3' title="bbox 3669 403 3788 463">
    <p class='ocr_par' dir='ltr' id='par_1_3' title="bbox 3669 403 3788 463">
     <span class='ocr_line' id='line_1_3' title="bbox 3669 403 3788 463; baseline 0.008 -1"><span class='ocrx_word' id='word_1_6' title='bbox 3669 403 3788 463; x_wconf 72' lang='grc'><strong>404</strong></span> 
     </span>
    </p>
   </div>
   <div class='ocr_carea' id='block_1_4' title="bbox 369 528 2028 608">
    <p class='ocr_par' dir='ltr' id='par_1_4' title="bbox 369 528 2026 602">
     <span class='ocr_line' id='line_1_4' title="bbox 369 528 2026 602; baseline 0 -18"><span class='ocrx_word' id='word_1_7' title='bbox 369 533 536 585; x_wconf 89' lang='lat' dir='ltr'><strong>ratus</strong></span> <span class='ocrx_word' id='word_1_8' title='bbox 562 528 873 601; x_wconf 80' lang='lat' dir='ltr'><strong>diligenter</strong></span> <span class='ocrx_word' id='word_1_9' title='bbox 893 529 1175 586; x_wconf 76' lang='lat' dir='ltr'><strong>adhibent</strong></span> <span class='ocrx_word' id='word_1_10' title='bbox 1204 530 1272 586; x_wconf 90' lang='lat' dir='ltr'><strong>ad</strong></span> <span class='ocrx_word' id='word_1_11' title='bbox 1297 532 1747 602; x_wconf 88' lang='lat' dir='ltr'><strong>peccandum,et</strong></span> <span class='ocrx_word' id='word_1_12' title='bbox 1771 529 2026 586; x_wconf 78' lang='lat' dir='ltr'><strong>maxime</strong></span> 
     </span>
    </p>
   </div>
   <div class='ocr_carea' id='block_1_5' title="bbox 2139 528 3791 608">
    <p class='ocr_par' dir='ltr' id='par_1_5' title="bbox 2141 529 3791 608">
     <span class='ocr_line' id='line_1_5' title="bbox 2141 529 3791 608; baseline 0.002 -24"><span class='ocrx_word' id='word_1_13' title='bbox 2141 530 2228 584; x_wconf 83' lang='grc' dir='ltr'><strong>καὶ</strong></span> <span class='ocrx_word' id='word_1_14' title='bbox 2284 530 2481 593; x_wconf 85' lang='grc' dir='ltr'>ταύτας</span> <span class='ocrx_word' id='word_1_15' title='bbox 2540 531 2767 595; x_wconf 79' lang='grc' dir='ltr'>εύτόνως</span> <span class='ocrx_word' id='word_1_16' title='bbox 2826 531 2916 587; x_wconf 83' lang='grc' dir='ltr'><strong>καὶ</strong></span> <span class='ocrx_word' id='word_1_17' title='bbox 2975 531 3243 608; x_wconf 77' lang='grc' dir='ltr'>ἰσχυρῶς.</span> <span class='ocrx_word' id='word_1_18' title='bbox 3286 529 3517 588; x_wconf 80' lang='grc' dir='ltr'>Δυνατὸν</span> <span class='ocrx_word' id='word_1_19' title='bbox 3579 530 3791 605; x_wconf 77' lang='grc' dir='ltr'>μέντοι,</span> 
     </span>
    </p>
   </div>
   <div class='ocr_carea' id='block_1_6' title="bbox 371 618 2023 692">
    <p class='ocr_par' dir='ltr' id='par_1_6' title="bbox 371 618 2023 692">
     <span class='ocr_line' id='line_1_6' title="bbox 371 618 2023 692; baseline -0.002 -17"><span class='ocrx_word' id='word_1_20' title='bbox 371 618 423 675; x_wconf 90' lang='lat' dir='ltr'><strong>si</strong></span> <span class='ocrx_word' id='word_1_21' title='bbox 454 636 553 675; x_wconf 88' lang='lat' dir='ltr'><strong>eos</strong></span> <span class='ocrx_word' id='word_1_22' title='bbox 584 625 922 676; x_wconf 76' lang='lat' dir='ltr'><strong>constanter</strong></span> <span class='ocrx_word' id='word_1_23' title='bbox 979 620 1320 691; x_wconf 81' lang='lat' dir='ltr'><strong>fortiterque</strong></span> <span class='ocrx_word' id='word_1_24' title='bbox 1371 621 1701 692; x_wconf 66' lang='lat' dir='ltr'><strong>perﬁciunt.</strong></span> <span class='ocrx_word' id='word_1_25' title='bbox 1752 622 2023 674; x_wconf 77' lang='lat' dir='ltr'><strong>Attamen</strong></span> 
     </span>
    </p>
   </div>
   <div class='ocr_carea' id='block_1_7' title="bbox 373 707 2024 781">
    <p class='ocr_par' dir='ltr' id='par_1_7' title="bbox 373 707 2024 781">
     <span class='ocr_line' id='line_1_7' title="bbox 373 707 2024 781; baseline 0.001 -20"><span class='ocrx_word' id='word_1_26' title='bbox 373 707 497 763; x_wconf 85' lang='lat' dir='ltr'><strong>ﬁeri</strong></span> <span class='ocrx_word' id='word_1_27' title='bbox 527 712 738 780; x_wconf 84' lang='lat' dir='ltr'><strong>potest,</strong></span> <span class='ocrx_word' id='word_1_28' title='bbox 773 713 836 764; x_wconf 91' lang='lat' dir='ltr'><strong>ut</strong></span> <span class='ocrx_word' id='word_1_29' title='bbox 865 710 935 777; x_wconf 89' lang='lat' dir='ltr'><strong>is,</strong></span> <span class='ocrx_word' id='word_1_30' title='bbox 970 708 1069 780; x_wconf 91' lang='lat' dir='ltr'><strong>qui</strong></span> <span class='ocrx_word' id='word_1_31' title='bbox 1101 714 1338 780; x_wconf 89' lang='lat' dir='ltr'><strong>peccato</strong></span> <span class='ocrx_word' id='word_1_32' title='bbox 1370 710 1599 766; x_wconf 89' lang='lat' dir='ltr'><strong>vinctus</strong></span> <span class='ocrx_word' id='word_1_33' title='bbox 1658 714 1765 780; x_wconf 86' lang='lat' dir='ltr'><strong>est,</strong></span> <span class='ocrx_word' id='word_1_34' title='bbox 1814 726 2024 781; x_wconf 88' lang='lat' dir='ltr'><strong>sequa-</strong></span> 
     </span>
    </p>
   </div>
   <div class='ocr_carea' id='block_1_8' title="bbox 375 797 2022 869">
    <p class='ocr_par' dir='ltr' id='par_1_8' title="bbox 375 797 2022 869">
     <span class='ocr_line' id='line_1_8' title="bbox 375 797 2022 869; baseline 0.002 -20"><span class='ocrx_word' id='word_1_35' title='bbox 375 800 471 852; x_wconf 91' lang='lat' dir='ltr'><strong>tur</strong></span> <span class='ocrx_word' id='word_1_36' title='bbox 502 797 823 868; x_wconf 82' lang='lat' dir='ltr'><strong>Christum,</strong></span> <span class='ocrx_word' id='word_1_37' title='bbox 856 800 924 854; x_wconf 83' lang='lat' dir='ltr'><strong>u&#39;s</strong></span> <span class='ocrx_word' id='word_1_38' title='bbox 953 800 1048 869; x_wconf 84' lang='lat' dir='ltr'><strong>qui</strong></span> <span class='ocrx_word' id='word_1_39' title='bbox 1105 801 1164 853; x_wconf 83' lang='lat' dir='ltr'><strong>in</strong></span> <span class='ocrx_word' id='word_1_40' title='bbox 1212 799 1452 855; x_wconf 80' lang='lat' dir='ltr'><strong>vinculis</strong></span> <span class='ocrx_word' id='word_1_41' title='bbox 1507 808 1655 868; x_wconf 79' lang='lat' dir='ltr'><strong>sunt,</strong></span> <span class='ocrx_word' id='word_1_42' title='bbox 1714 800 2022 855; x_wconf 74' lang='lat' dir='ltr'><strong>dicentem:</strong></span> 
     </span>
    </p>
   </div>
   <div class='ocr_carea' id='block_1_9' title="bbox 374 887 2022 959">
    <p class='ocr_par' dir='ltr' id='par_1_9' title="bbox 374 887 2022 959">
     <span class='ocr_line' id='line_1_9' title="bbox 374 887 2022 959; baseline 0.001 -17"><span class='ocrx_word' id='word_1_43' title='bbox 374 887 613 954; x_wconf 76' lang='lat' dir='ltr'><strong>Exite,et</strong></span> <span class='ocrx_word' id='word_1_44' title='bbox 632 888 705 942; x_wconf 82' lang='lat' dir='ltr'><strong>iis</strong></span> <span class='ocrx_word' id='word_1_45' title='bbox 733 889 829 959; x_wconf 87' lang='lat' dir='ltr'><strong>qui</strong></span> <span class='ocrx_word' id='word_1_46' title='bbox 860 888 917 942; x_wconf 89' lang='lat' dir='ltr'><strong>in</strong></span> <span class='ocrx_word' id='word_1_47' title='bbox 952 888 1601 956; x_wconf 73' lang='lat' dir='ltr'><strong>tenebri:,utrevelenlur</strong></span> <span class='ocrx_word' id='word_1_48' title='bbox 1635 889 1897 944; x_wconf 71' lang='lat' dir='ltr'><strong>“.Vincti</strong></span> <span class='ocrx_word' id='word_1_49' title='bbox 1920 904 2022 944; x_wconf 90' lang='lat' dir='ltr'><strong>au-</strong></span> 
     </span>
    </p>
   </div>
   <div class='ocr_carea' id='block_1_10' title="bbox 371 967 2021 1050">
    <p class='ocr_par' dir='ltr' id='par_1_10' title="bbox 371 967 2021 1050">
     <span class='ocr_line' id='line_1_10' title="bbox 371 967 2021 1050; baseline 0 -18"><span class='ocrx_word' id='word_1_50' title='bbox 371 979 489 1033; x_wconf 90' lang='lat' dir='ltr'><strong>tem</strong></span> <span class='ocrx_word' id='word_1_51' title='bbox 520 993 552 1033; x_wconf 92' lang='lat' dir='ltr'><strong>e</strong></span> <span class='ocrx_word' id='word_1_52' title='bbox 581 993 813 1034; x_wconf 80' lang='lat' dir='ltr'><strong>carcere</strong></span> <span class='ocrx_word' id='word_1_53' title='bbox 841 967 1327 1050; x_wconf 78' lang='lat' dir='ltr'><strong>exeuntes,atque</strong></span> <span class='ocrx_word' id='word_1_54' title='bbox 1355 995 1425 1034; x_wconf 80' lang='lat' dir='ltr'><strong>ex</strong></span> <span class='ocrx_word' id='word_1_55' title='bbox 1450 976 1706 1034; x_wconf 78' lang='lat' dir='ltr'><strong>tenebris</strong></span> <span class='ocrx_word' id='word_1_56' title='bbox 1727 978 1799 1034; x_wconf 89' lang='lat' dir='ltr'><strong>ad</strong></span> <span class='ocrx_word' id='word_1_57' title='bbox 1832 976 2021 1032; x_wconf 86' lang='lat' dir='ltr'><strong>lucem</strong></span> 
     </span>
    </p>
   </div>
   <div class='ocr_carea' id='block_1_11' title="bbox 371 1065 2022 1140">
    <p class='ocr_par' dir='ltr' id='par_1_11' title="bbox 371 1065 2022 1140">
     <span class='ocr_line' id='line_1_11' title="bbox 371 1065 2022 1140; baseline -0.001 -19"><span class='ocrx_word' id='word_1_58' title='bbox 371 1083 567 1122; x_wconf 89' lang='lat' dir='ltr'><strong>veram</strong></span> <span class='ocrx_word' id='word_1_59' title='bbox 593 1065 795 1123; x_wconf 87' lang='lat' dir='ltr'><strong>oculos</strong></span> <span class='ocrx_word' id='word_1_60' title='bbox 825 1084 929 1140; x_wconf 84' lang='lat' dir='ltr'><strong>per</strong></span> <span class='ocrx_word' id='word_1_61' title='bbox 958 1068 1361 1140; x_wconf 81' lang='lat' dir='ltr'><strong>paenitentiam</strong></span> <span class='ocrx_word' id='word_1_62' title='bbox 1394 1065 1747 1132; x_wconf 85' lang='lat' dir='ltr'><strong>attollentes,</strong></span> <span class='ocrx_word' id='word_1_63' title='bbox 1764 1083 2022 1137; x_wconf 88' lang='lat' dir='ltr'><strong>sequun-</strong></span> 
     </span>
    </p>
   </div>
   <div class='ocr_carea' id='block_1_12' title="bbox 374 1153 2024 1228">
    <p class='ocr_par' dir='ltr' id='par_1_12' title="bbox 374 1153 2024 1228">
     <span class='ocr_line' id='line_1_12' title="bbox 374 1153 2024 1228; baseline -0.001 -18"><span class='ocrx_word' id='word_1_64' title='bbox 374 1160 471 1211; x_wconf 88' lang='lat' dir='ltr'><strong>tur</strong></span> <span class='ocrx_word' id='word_1_65' title='bbox 523 1154 848 1224; x_wconf 80' lang='lat' dir='ltr'><strong>Christum,</strong></span> <span class='ocrx_word' id='word_1_66' title='bbox 900 1155 1245 1212; x_wconf 81' lang='lat' dir='ltr'><strong>conﬁtentes</strong></span> <span class='ocrx_word' id='word_1_67' title='bbox 1302 1156 1563 1228; x_wconf 88' lang='lat' dir='ltr'><strong>quidem,</strong></span> <span class='ocrx_word' id='word_1_68' title='bbox 1615 1156 1713 1211; x_wconf 90' lang='lat' dir='ltr'><strong>sed</strong></span> <span class='ocrx_word' id='word_1_69' title='bbox 1777 1153 2024 1209; x_wconf 82' lang='lat' dir='ltr'><strong>manicis</strong></span> 
     </span>
    </p>
   </div>
   <div class='ocr_carea' id='block_1_13' title="bbox 373 1243 2027 1317">
    <p class='ocr_par' dir='ltr' id='par_1_13' title="bbox 373 1243 2027 1317">
     <span class='ocr_line' id='line_1_13' title="bbox 373 1243 2027 1317; baseline -0.001 -17"><span class='ocrx_word' id='word_1_70' title='bbox 373 1244 712 1316; x_wconf 87' lang='lat' dir='ltr'><strong>compediti,</strong></span> <span class='ocrx_word' id='word_1_71' title='bbox 735 1245 919 1301; x_wconf 89' lang='lat' dir='ltr'><strong>donec</strong></span> <span class='ocrx_word' id='word_1_72' title='bbox 952 1262 1054 1317; x_wconf 90' lang='lat' dir='ltr'><strong>per</strong></span> <span class='ocrx_word' id='word_1_73' title='bbox 1081 1245 1236 1301; x_wconf 88' lang='lat' dir='ltr'><strong>bona</strong></span> <span class='ocrx_word' id='word_1_74' title='bbox 1263 1261 1440 1317; x_wconf 90' lang='lat' dir='ltr'><strong>opera</strong></span> <span class='ocrx_word' id='word_1_75' title='bbox 1469 1243 2027 1311; x_wconf 65' lang='lat' dir='ltr'><strong>transmutatiﬁant</strong></span> 
     </span>
    </p>
   </div>
   <div class='ocr_carea' id='block_1_14' title="bbox 374 1333 2024 1407">
    <p class='ocr_par' dir='ltr' id='par_1_14' title="bbox 374 1333 2024 1407">
     <span class='ocr_line' id='line_1_14' title="bbox 374 1333 2024 1407; baseline -0.001 -18"><span class='ocrx_word' id='word_1_76' title='bbox 374 1333 534 1404; x_wconf 81' lang='lat' dir='ltr'><strong>digni</strong></span> <span class='ocrx_word' id='word_1_77' title='bbox 566 1335 665 1406; x_wconf 87' lang='lat' dir='ltr'><strong>qui</strong></span> <span class='ocrx_word' id='word_1_78' title='bbox 697 1335 770 1391; x_wconf 89' lang='lat' dir='ltr'><strong>ab</strong></span> <span class='ocrx_word' id='word_1_79' title='bbox 799 1334 926 1407; x_wconf 89' lang='lat' dir='ltr'><strong>ipso</strong></span> <span class='ocrx_word' id='word_1_80' title='bbox 954 1335 1026 1391; x_wconf 91' lang='lat' dir='ltr'><strong>iis</strong></span> <span class='ocrx_word' id='word_1_81' title='bbox 1058 1335 1155 1407; x_wconf 88' lang='lat' dir='ltr'><strong>qui</strong></span> <span class='ocrx_word' id='word_1_82' title='bbox 1191 1335 1355 1406; x_wconf 86' lang='lat' dir='ltr'><strong>prius</strong></span> <span class='ocrx_word' id='word_1_83' title='bbox 1410 1334 1811 1390; x_wconf 80' lang='lat' dir='ltr'><strong>inenodabilis</strong></span> <span class='ocrx_word' id='word_1_84' title='bbox 1857 1339 2024 1407; x_wconf 87' lang='lat' dir='ltr'><strong>puta-</strong></span> 
     </span>
    </p>
   </div>
   <div class='ocr_carea' id='block_1_15' title="bbox 373 1424 2025 1497">
    <p class='ocr_par' dir='ltr' id='par_1_15' title="bbox 373 1424 2025 1497">
     <span class='ocr_line' id='line_1_15' title="bbox 373 1424 2025 1497; baseline 0.001 -18"><span class='ocrx_word' id='word_1_85' title='bbox 373 1425 590 1480; x_wconf 78' lang='lat' dir='ltr'><strong>bantur</strong></span> <span class='ocrx_word' id='word_1_86' title='bbox 619 1424 874 1483; x_wconf 86' lang='lat' dir='ltr'><strong>vinculis</strong></span> <span class='ocrx_word' id='word_1_87' title='bbox 906 1424 1304 1481; x_wconf 86' lang='lat' dir='ltr'><strong>solvantur.lli</strong></span> <span class='ocrx_word' id='word_1_88' title='bbox 1336 1425 1811 1497; x_wconf 86' lang='lat' dir='ltr'><strong>autem,peccatis</strong></span> <span class='ocrx_word' id='word_1_89' title='bbox 1841 1429 2025 1481; x_wconf 88' lang='lat' dir='ltr'><strong>attra-</strong></span> 
     </span>
    </p>
   </div>
   <div class='ocr_carea' id='block_1_16' title="bbox 376 1514 2026 1588">
    <p class='ocr_par' dir='ltr' id='par_1_16' title="bbox 376 1514 2026 1588">
     <span class='ocr_line' id='line_1_16' title="bbox 376 1514 2026 1588; baseline 0.001 -19"><span class='ocrx_word' id='word_1_90' title='bbox 376 1514 509 1583; x_wconf 91' lang='lat' dir='ltr'><strong>ctis,</strong></span> <span class='ocrx_word' id='word_1_91' title='bbox 569 1514 884 1587; x_wconf 89' lang='lat' dir='ltr'><strong>divinoque</strong></span> <span class='ocrx_word' id='word_1_92' title='bbox 961 1516 1189 1587; x_wconf 87' lang='lat' dir='ltr'><strong>judicio</strong></span> <span class='ocrx_word' id='word_1_93' title='bbox 1248 1519 1606 1588; x_wconf 88' lang='lat' dir='ltr'><strong>contempto,</strong></span> <span class='ocrx_word' id='word_1_94' title='bbox 1676 1514 2026 1587; x_wconf 87' lang='lat' dir='ltr'><strong>plerumque</strong></span> 
     </span>
    </p>
   </div>
   <div class='ocr_carea' id='block_1_17' title="bbox 376 1603 2026 1676">
    <p class='ocr_par' dir='ltr' id='par_1_17' title="bbox 376 1603 2026 1676">
     <span class='ocr_line' id='line_1_17' title="bbox 376 1603 2026 1676; baseline 0.001 -19"><span class='ocrx_word' id='word_1_95' title='bbox 376 1604 571 1659; x_wconf 85' lang='lat' dir='ltr'><strong>verbis</strong></span> <span class='ocrx_word' id='word_1_96' title='bbox 602 1604 727 1660; x_wconf 87' lang='lat' dir='ltr'><strong>suis</strong></span> <span class='ocrx_word' id='word_1_97' title='bbox 750 1603 1071 1660; x_wconf 84' lang='lat' dir='ltr'><strong>accelerant</strong></span> <span class='ocrx_word' id='word_1_98' title='bbox 1094 1603 1308 1675; x_wconf 86' lang='lat' dir='ltr'><strong>minas,</strong></span> <span class='ocrx_word' id='word_1_99' title='bbox 1340 1604 1508 1676; x_wconf 90' lang='lat' dir='ltr'><strong>quasi</strong></span> <span class='ocrx_word' id='word_1_100' title='bbox 1569 1604 1715 1660; x_wconf 91' lang='lat' dir='ltr'><strong>nihil</strong></span> <span class='ocrx_word' id='word_1_101' title='bbox 1764 1605 1878 1660; x_wconf 87' lang='lat' dir='ltr'><strong>sint</strong></span> <span class='ocrx_word' id='word_1_102' title='bbox 1912 1604 2026 1661; x_wconf 89' lang='lat' dir='ltr'><strong>sibi</strong></span> 
     </span>
    </p>
   </div>
   <div class='ocr_carea' id='block_1_18' title="bbox 378 1694 2025 1768">
    <p class='ocr_par' dir='ltr' id='par_1_18' title="bbox 378 1694 2025 1768">
     <span class='ocr_line' id='line_1_18' title="bbox 378 1694 2025 1768; baseline 0.001 -19"><span class='ocrx_word' id='word_1_103' title='bbox 378 1694 680 1760; x_wconf 68' lang='lat' dir='ltr'><strong>nociturae,</strong></span> <span class='ocrx_word' id='word_1_104' title='bbox 709 1711 774 1751; x_wconf 88' lang='lat' dir='ltr'><strong>ac</strong></span> <span class='ocrx_word' id='word_1_105' title='bbox 805 1694 1010 1751; x_wconf 90' lang='lat' dir='ltr'><strong>dicunt</strong></span> <span class='ocrx_word' id='word_1_106' title='bbox 1037 1712 1051 1749; x_wconf 90' lang='lat'><strong>:</strong></span> <span class='ocrx_word' id='word_1_107' title='bbox 1087 1695 1205 1751; x_wconf 74' lang='lat' dir='ltr'><strong>Cito</strong></span> <span class='ocrx_word' id='word_1_108' title='bbox 1235 1697 1683 1767; x_wconf 70' lang='lat' dir='ltr'><strong>appropinquant</strong></span> <span class='ocrx_word' id='word_1_109' title='bbox 1701 1712 1820 1768; x_wconf 64' lang='lat' dir='ltr'><strong>quae</strong></span> <span class='ocrx_word' id='word_1_110' title='bbox 1834 1697 2025 1766; x_wconf 77' lang='lat' dir='ltr'><strong>faciet,</strong></span> 
     </span>
    </p>
   </div>
   <div class='ocr_carea' id='block_1_19' title="bbox 378 1782 2029 1852">
    <p class='ocr_par' dir='ltr' id='par_1_19' title="bbox 378 1782 2029 1852">
     <span class='ocr_line' id='line_1_19' title="bbox 378 1782 2029 1852; baseline 0.001 -15"><span class='ocrx_word' id='word_1_111' title='bbox 378 1785 439 1837; x_wconf 85' lang='lat' dir='ltr'><strong>ut</strong></span> <span class='ocrx_word' id='word_1_112' title='bbox 468 1782 752 1839; x_wconf 73' lang='lat' dir='ltr'><strong>videamus</strong></span> <span class='ocrx_word' id='word_1_113' title='bbox 777 1799 800 1847; x_wconf 85' lang='lat'><em>;</em></span> <span class='ocrx_word' id='word_1_114' title='bbox 830 1792 881 1839; x_wconf 76' lang='lat' dir='ltr'><strong>et</strong></span> <span class='ocrx_word' id='word_1_115' title='bbox 908 1784 1096 1839; x_wconf 81' lang='lat' dir='ltr'><strong>veniat</strong></span> <span class='ocrx_word' id='word_1_116' title='bbox 1155 1784 1445 1839; x_wconf 80' lang='lat' dir='ltr'><strong>consilium</strong></span> <span class='ocrx_word' id='word_1_117' title='bbox 1495 1784 1678 1839; x_wconf 72' lang='lat' dir='ltr'><strong>sancti</strong></span> <span class='ocrx_word' id='word_1_118' title='bbox 1726 1784 1920 1852; x_wconf 80' lang='lat' dir='ltr'><strong>Israel,</strong></span> <span class='ocrx_word' id='word_1_119' title='bbox 1968 1787 2029 1839; x_wconf 85' lang='lat' dir='ltr'><strong>ut</strong></span> 
     </span>
    </p>
   </div>
   <div class='ocr_carea' id='block_1_20' title="bbox 377 1872 2106 1966">
    <p class='ocr_par' dir='ltr' id='par_1_20' title="bbox 377 1872 2106 1966">
     <span class='ocr_line' id='line_1_20' title="bbox 377 1872 2106 1966; baseline 0.001 -38"><span class='ocrx_word' id='word_1_120' title='bbox 377 1888 786 1966; x_wconf 67' lang='lat' dir='ltr'><strong>cognoscamus.</strong></span> <span class='ocrx_word' id='word_1_121' title='bbox 818 1872 995 1945; x_wconf 88' lang='lat' dir='ltr'><strong>Atqui</strong></span> <span class='ocrx_word' id='word_1_122' title='bbox 1029 1872 1331 1929; x_wconf 79' lang='lat' dir='ltr'><strong>funiculus</strong></span> <span class='ocrx_word' id='word_1_123' title='bbox 1359 1872 1466 1966; x_wconf 72' lang='lat' dir='ltr'><strong>ille</strong></span> <span class='ocrx_word' id='word_1_124' title='bbox 1498 1872 1721 1966; x_wconf 74' lang='lat' dir='ltr'><strong>longus</strong></span> <span class='ocrx_word' id='word_1_125' title='bbox 1778 1877 1888 1942; x_wconf 74' lang='lat' dir='ltr'><strong>est,</strong></span> <span class='ocrx_word' id='word_1_126' title='bbox 1923 1874 2021 1966; x_wconf 90' lang='lat' dir='ltr'><strong>qui</strong></span> <span class='ocrx_word' id='word_1_127' title='bbox 2055 1899 2106 1966; x_wconf 81' lang='grc' dir='ltr'><strong>Β</strong></span> 
     </span>
    </p>
   </div>
   <div class='ocr_carea' id='block_1_21' title="bbox 375 1961 2028 2035">
    <p class='ocr_par' dir='ltr' id='par_1_21' title="bbox 375 1961 2028 2035">
     <span class='ocr_line' id='line_1_21' title="bbox 375 1961 2028 2035; baseline 0.002 -18"><span class='ocrx_word' id='word_1_128' title='bbox 375 1967 680 2034; x_wconf 85' lang='lat' dir='ltr'><strong>peccatum</strong></span> <span class='ocrx_word' id='word_1_129' title='bbox 720 1961 892 2035; x_wconf 89' lang='lat' dir='ltr'><strong>longe</strong></span> <span class='ocrx_word' id='word_1_130' title='bbox 949 1966 1240 2019; x_wconf 89' lang='lat' dir='ltr'><strong>remotum</strong></span> <span class='ocrx_word' id='word_1_131' title='bbox 1293 1961 1561 2019; x_wconf 83' lang='lat' dir='ltr'><strong>attrahit.</strong></span> <span class='ocrx_word' id='word_1_132' title='bbox 1609 1961 1815 2035; x_wconf 87' lang='lat' dir='ltr'><strong>Liquet</strong></span> <span class='ocrx_word' id='word_1_133' title='bbox 1871 1964 2028 2020; x_wconf 79' lang='lat' dir='ltr'><strong>enim</strong></span> 
     </span>
    </p>
   </div>
   <div class='ocr_carea' id='block_1_22' title="bbox 373 2048 2031 2124">
    <p class='ocr_par' dir='ltr' id='par_1_22' title="bbox 373 2048 2031 2124">
     <span class='ocr_line' id='line_1_22' title="bbox 373 2048 2031 2124; baseline 0.002 -19"><span class='ocrx_word' id='word_1_134' title='bbox 373 2048 513 2106; x_wconf 88' lang='lat' dir='ltr'><strong>talia</strong></span> <span class='ocrx_word' id='word_1_135' title='bbox 543 2050 656 2107; x_wconf 93' lang='lat' dir='ltr'><strong>dici</strong></span> <span class='ocrx_word' id='word_1_136' title='bbox 688 2053 760 2107; x_wconf 91' lang='lat' dir='ltr'><strong>ab</strong></span> <span class='ocrx_word' id='word_1_137' title='bbox 794 2050 887 2121; x_wconf 88' lang='lat' dir='ltr'><strong>iis,</strong></span> <span class='ocrx_word' id='word_1_138' title='bbox 940 2053 1044 2124; x_wconf 88' lang='lat' dir='ltr'><strong>qui</strong></span> <span class='ocrx_word' id='word_1_139' title='bbox 1090 2055 1338 2109; x_wconf 86' lang='lat' dir='ltr'><strong>venturo</strong></span> <span class='ocrx_word' id='word_1_140' title='bbox 1393 2052 1606 2109; x_wconf 68' lang='lat' dir='ltr'><strong>saeculo</strong></span> <span class='ocrx_word' id='word_1_141' title='bbox 1635 2070 1749 2109; x_wconf 93' lang='lat' dir='ltr'><strong>non</strong></span> <span class='ocrx_word' id='word_1_142' title='bbox 1809 2052 2031 2110; x_wconf 87' lang='lat' dir='ltr'><strong>habent</strong></span> 
     </span>
    </p>
   </div>
   <div class='ocr_carea' id='block_1_23' title="bbox 374 2137 2026 2214">
    <p class='ocr_par' dir='ltr' id='par_1_23' title="bbox 374 2137 2026 2214">
     <span class='ocr_line' id='line_1_23' title="bbox 374 2137 2026 2214; baseline 0.002 -20"><span class='ocrx_word' id='word_1_143' title='bbox 374 2137 575 2208; x_wconf 86' lang='lat' dir='ltr'><strong>ﬁdem,</strong></span> <span class='ocrx_word' id='word_1_144' title='bbox 623 2141 727 2196; x_wconf 86' lang='lat' dir='ltr'><strong>sed</strong></span> <span class='ocrx_word' id='word_1_145' title='bbox 770 2144 1164 2212; x_wconf 79' lang='lat' dir='ltr'><strong>aspernantur</strong></span> <span class='ocrx_word' id='word_1_146' title='bbox 1201 2140 1710 2198; x_wconf 88' lang='lat' dir='ltr'><strong>comminationes.</strong></span> <span class='ocrx_word' id='word_1_147' title='bbox 1745 2141 2026 2214; x_wconf 87' lang='lat' dir='ltr'><strong>Quisquis</strong></span> 
     </span>
    </p>
   </div>
   <div class='ocr_carea' id='block_1_24' title="bbox 374 2227 2029 2303">
    <p class='ocr_par' dir='ltr' id='par_1_24' title="bbox 374 2227 2029 2303">
     <span class='ocr_line' id='line_1_24' title="bbox 374 2227 2029 2303; baseline 0.001 -18"><span class='ocrx_word' id='word_1_148' title='bbox 374 2229 532 2285; x_wconf 89' lang='lat' dir='ltr'><strong>enim</strong></span> <span class='ocrx_word' id='word_1_149' title='bbox 572 2227 788 2285; x_wconf 89' lang='lat' dir='ltr'><strong>Christi</strong></span> <span class='ocrx_word' id='word_1_150' title='bbox 846 2229 1190 2287; x_wconf 80' lang='lat' dir='ltr'><strong>reformidat</strong></span> <span class='ocrx_word' id='word_1_151' title='bbox 1244 2230 1526 2302; x_wconf 83' lang='lat' dir='ltr'><strong>tribunal,</strong></span> <span class='ocrx_word' id='word_1_152' title='bbox 1579 2248 1646 2287; x_wconf 89' lang='lat' dir='ltr'><strong>ac</strong></span> <span class='ocrx_word' id='word_1_153' title='bbox 1696 2231 2029 2303; x_wconf 82' lang='lat' dir='ltr'><strong>juventutis</strong></span> 
     </span>
    </p>
   </div>
   <div class='ocr_carea' id='block_1_25' title="bbox 376 2319 2025 2392">
    <p class='ocr_par' dir='ltr' id='par_1_25' title="bbox 376 2319 2025 2392">
     <span class='ocr_line' id='line_1_25' title="bbox 376 2319 2025 2392; baseline 0.002 -18"><span class='ocrx_word' id='word_1_154' title='bbox 376 2324 614 2391; x_wconf 87' lang='lat' dir='ltr'><strong>peccata</strong></span> <span class='ocrx_word' id='word_1_155' title='bbox 648 2325 874 2376; x_wconf 78' lang='lat' dir='ltr'><strong>revocat</strong></span> <span class='ocrx_word' id='word_1_156' title='bbox 901 2319 960 2375; x_wconf 91' lang='lat' dir='ltr'><strong>in</strong></span> <span class='ocrx_word' id='word_1_157' title='bbox 984 2320 1353 2392; x_wconf 85' lang='lat' dir='ltr'><strong>memoriam,</strong></span> <span class='ocrx_word' id='word_1_158' title='bbox 1399 2319 1704 2378; x_wconf 82' lang='lat' dir='ltr'><strong>fastidiose</strong></span> <span class='ocrx_word' id='word_1_159' title='bbox 1729 2320 2025 2392; x_wconf 85' lang='lat' dir='ltr'><strong>judicium</strong></span> 
     </span>
    </p>
   </div>
   <div class='ocr_carea' id='block_1_26' title="bbox 380 2409 2031 2482">
    <p class='ocr_par' dir='ltr' id='par_1_26' title="bbox 380 2409 2031 2482">
     <span class='ocr_line' id='line_1_26' title="bbox 380 2409 2031 2482; baseline 0.001 -19"><span class='ocrx_word' id='word_1_160' title='bbox 380 2423 582 2479; x_wconf 83' lang='lat' dir='ltr'><strong>urgere</strong></span> <span class='ocrx_word' id='word_1_161' title='bbox 613 2424 728 2464; x_wconf 92' lang='lat' dir='ltr'><strong>non</strong></span> <span class='ocrx_word' id='word_1_162' title='bbox 760 2409 1021 2465; x_wconf 88' lang='lat' dir='ltr'><strong>audebit.</strong></span> <span class='ocrx_word' id='word_1_163' title='bbox 1071 2409 1306 2481; x_wconf 86' lang='lat' dir='ltr'><strong>Contra,</strong></span> <span class='ocrx_word' id='word_1_164' title='bbox 1353 2414 1626 2481; x_wconf 85' lang='lat' dir='ltr'><strong>precatur</strong></span> <span class='ocrx_word' id='word_1_165' title='bbox 1684 2412 1887 2482; x_wconf 90' lang='lat' dir='ltr'><strong>utique</strong></span> <span class='ocrx_word' id='word_1_166' title='bbox 1917 2410 2031 2467; x_wconf 87' lang='lat' dir='ltr'><strong>sibi</strong></span> 
     </span>
    </p>
   </div>
   <div class='ocr_carea' id='block_1_27' title="bbox 380 2487 2033 2563">
    <p class='ocr_par' dir='ltr' id='par_1_27' title="bbox 380 2487 2033 2563">
     <span class='ocr_line' id='line_1_27' title="bbox 380 2487 2033 2563; baseline 0.003 -21"><span class='ocrx_word' id='word_1_167' title='bbox 380 2487 697 2544; x_wconf 89' lang='lat' dir='ltr'><strong>terminum</strong></span> <span class='ocrx_word' id='word_1_168' title='bbox 730 2487 1053 2562; x_wconf 83' lang='lat' dir='ltr'><strong>longiorem</strong></span> <span class='ocrx_word' id='word_1_169' title='bbox 1086 2506 1151 2546; x_wconf 91' lang='lat' dir='ltr'><strong>ac</strong></span> <span class='ocrx_word' id='word_1_170' title='bbox 1190 2490 1583 2561; x_wconf 83' lang='lat' dir='ltr'><strong>remotiorem,</strong></span> <span class='ocrx_word' id='word_1_171' title='bbox 1643 2508 1756 2563; x_wconf 91' lang='lat' dir='ltr'><strong>quo</strong></span> <span class='ocrx_word' id='word_1_172' title='bbox 1806 2493 2033 2547; x_wconf 90' lang='lat' dir='ltr'><strong>diutur-</strong></span> 
     </span>
    </p>
   </div>
   <div class='ocr_carea' id='block_1_28' title="bbox 381 2577 2030 2651">
    <p class='ocr_par' dir='ltr' id='par_1_28' title="bbox 381 2577 2030 2651">
     <span class='ocr_line' id='line_1_28' title="bbox 381 2577 2030 2651; baseline 0.004 -20"><span class='ocrx_word' id='word_1_173' title='bbox 381 2577 532 2634; x_wconf 90' lang='lat' dir='ltr'><strong>niori</strong></span> <span class='ocrx_word' id='word_1_174' title='bbox 562 2583 825 2650; x_wconf 89' lang='lat' dir='ltr'><strong>tempore</strong></span> <span class='ocrx_word' id='word_1_175' title='bbox 854 2596 1023 2634; x_wconf 87' lang='lat' dir='ltr'><strong>suam</strong></span> <span class='ocrx_word' id='word_1_176' title='bbox 1055 2578 1246 2651; x_wconf 88' lang='lat' dir='ltr'><strong>ipsius</strong></span> <span class='ocrx_word' id='word_1_177' title='bbox 1267 2578 1526 2635; x_wconf 89' lang='lat' dir='ltr'><strong>animam</strong></span> <span class='ocrx_word' id='word_1_178' title='bbox 1586 2597 1620 2636; x_wconf 89' lang='lat' dir='ltr'><strong>a</strong></span> <span class='ocrx_word' id='word_1_179' title='bbox 1658 2585 2030 2646; x_wconf 87' lang='lat' dir='ltr'><strong>peccatorum</strong></span> 
     </span>
    </p>
   </div>
   <div class='ocr_carea' id='block_1_29' title="bbox 381 2666 2034 2741">
    <p class='ocr_par' dir='ltr' id='par_1_29' title="bbox 381 2666 2034 2741">
     <span class='ocr_line' id='line_1_29' title="bbox 381 2666 2034 2741; baseline 0.002 -18"><span class='ocrx_word' id='word_1_180' title='bbox 381 2666 658 2723; x_wconf 73' lang='lat' dir='ltr'><strong>sordibus</strong></span> <span class='ocrx_word' id='word_1_181' title='bbox 688 2683 1010 2740; x_wconf 79' lang='lat' dir='ltr'><strong>expurgare</strong></span> <span class='ocrx_word' id='word_1_182' title='bbox 1031 2668 1237 2740; x_wconf 84' lang='lat' dir='ltr'><strong>possit.</strong></span> <span class='ocrx_word' id='word_1_183' title='bbox 1298 2672 1474 2724; x_wconf 90' lang='lat' dir='ltr'><strong>Porro</strong></span> <span class='ocrx_word' id='word_1_184' title='bbox 1509 2668 1846 2741; x_wconf 79' lang='lat' dir='ltr'><strong>Achit0phel</strong></span> <span class='ocrx_word' id='word_1_185' title='bbox 1881 2671 1925 2705; x_wconf 76' lang='lat'><strong>‘0</strong></span> <span class='ocrx_word' id='word_1_186' title='bbox 1976 2676 2034 2726; x_wconf 90' lang='lat' dir='ltr'><strong>et</strong></span> 
     </span>
    </p>
   </div>
   <div class='ocr_carea' id='block_1_30' title="bbox 377 2755 2032 2817">
    <p class='ocr_par' dir='ltr' id='par_1_30' title="bbox 377 2755 2032 2817">
     <span class='ocr_line' id='line_1_30' title="bbox 377 2755 2032 2817; baseline 0.002 -4"><span class='ocrx_word' id='word_1_187' title='bbox 377 2755 562 2813; x_wconf 83' lang='lat' dir='ltr'><strong>Judas</strong></span> <span class='ocrx_word' id='word_1_188' title='bbox 593 2756 713 2810; x_wconf 77' lang='grc'><strong>⁴¹.⁴²</strong></span> <span class='ocrx_word' id='word_1_189' title='bbox 731 2755 1354 2813; x_wconf 64' lang='lat' dir='ltr'><strong>stulteeetinconsultae</strong></span> <span class='ocrx_word' id='word_1_190' title='bbox 1387 2758 1459 2812; x_wconf 90' lang='lat' dir='ltr'><strong>ad</strong></span> <span class='ocrx_word' id='word_1_191' title='bbox 1486 2757 1679 2813; x_wconf 89' lang='lat' dir='ltr'><strong>futura</strong></span> <span class='ocrx_word' id='word_1_192' title='bbox 1704 2758 2032 2817; x_wconf 83' lang='lat' dir='ltr'><strong>festinatio-</strong></span> 
     </span>
    </p>
   </div>
   <div class='ocr_carea' id='block_1_31' title="bbox 378 2843 2032 2917">
    <p class='ocr_par' dir='ltr' id='par_1_31' title="bbox 378 2843 2032 2917">
     <span class='ocr_line' id='line_1_31' title="bbox 378 2843 2032 2917; baseline 0.001 -17"><span class='ocrx_word' id='word_1_193' title='bbox 378 2844 471 2900; x_wconf 89' lang='lat' dir='ltr'><strong>nis</strong></span> <span class='ocrx_word' id='word_1_194' title='bbox 500 2844 740 2901; x_wconf 89' lang='lat' dir='ltr'><strong>evidens</strong></span> <span class='ocrx_word' id='word_1_195' title='bbox 767 2843 1101 2917; x_wconf 84' lang='lat' dir='ltr'><strong>exemplum</strong></span> <span class='ocrx_word' id='word_1_196' title='bbox 1135 2845 1453 2917; x_wconf 69' lang='lat' dir='ltr'><strong>praebuere,</strong></span> <span class='ocrx_word' id='word_1_197' title='bbox 1510 2843 1609 2917; x_wconf 92' lang='lat' dir='ltr'><strong>qui</strong></span> <span class='ocrx_word' id='word_1_198' title='bbox 1667 2845 1821 2916; x_wconf 91' lang='lat' dir='ltr'><strong>quod</strong></span> <span class='ocrx_word' id='word_1_199' title='bbox 1876 2846 2032 2903; x_wconf 88' lang='lat' dir='ltr'><strong>mala</strong></span> 
     </span>
    </p>
   </div>
   <div class='ocr_carea' id='block_1_32' title="bbox 376 2933 2026 3008">
    <p class='ocr_par' dir='ltr' id='par_1_32' title="bbox 376 2933 2026 3008">
     <span class='ocr_line' id='line_1_32' title="bbox 376 2933 2026 3008; baseline 0.002 -19"><span class='ocrx_word' id='word_1_200' title='bbox 376 2934 687 3007; x_wconf 71' lang='lat' dir='ltr'><strong>praesentia</strong></span> <span class='ocrx_word' id='word_1_201' title='bbox 717 2934 931 2990; x_wconf 83' lang='lat' dir='ltr'><strong>futuris</strong></span> <span class='ocrx_word' id='word_1_202' title='bbox 964 2933 1268 3003; x_wconf 87' lang='lat' dir='ltr'><strong>atrociora,</strong></span> <span class='ocrx_word' id='word_1_203' title='bbox 1301 2939 1359 2990; x_wconf 92' lang='lat' dir='ltr'><strong>et</strong></span> <span class='ocrx_word' id='word_1_204' title='bbox 1387 2934 1700 3008; x_wconf 87' lang='lat' dir='ltr'><strong>opprobria</strong></span> <span class='ocrx_word' id='word_1_205' title='bbox 1722 2935 2026 2993; x_wconf 90' lang='lat' dir='ltr'><strong>hominum</strong></span> 
     </span>
    </p>
   </div>
   <div class='ocr_carea' id='block_1_33' title="bbox 377 3022 2029 3097">
    <p class='ocr_par' dir='ltr' id='par_1_33' title="bbox 377 3022 2029 3097">
     <span class='ocr_line' id='line_1_33' title="bbox 377 3022 2029 3097; baseline 0.001 -17"><span class='ocrx_word' id='word_1_206' title='bbox 377 3023 638 3080; x_wconf 87' lang='lat' dir='ltr'><strong>cruciatu</strong></span> <span class='ocrx_word' id='word_1_207' title='bbox 670 3023 950 3097; x_wconf 67' lang='lat' dir='ltr'><strong>gehennae</strong></span> <span class='ocrx_word' id='word_1_208' title='bbox 983 3022 1442 3080; x_wconf 89' lang='lat' dir='ltr'><strong>intolerabiliora</strong></span> <span class='ocrx_word' id='word_1_209' title='bbox 1480 3040 1611 3080; x_wconf 86' lang='lat' dir='ltr'><strong>esse</strong></span> <span class='ocrx_word' id='word_1_210' title='bbox 1668 3024 2029 3082; x_wconf 87' lang='lat' dir='ltr'><strong>arbitraren-</strong></span> 
     </span>
    </p>
   </div>
   <div class='ocr_carea' id='block_1_34' title="bbox 376 3111 2029 3186">
    <p class='ocr_par' dir='ltr' id='par_1_34' title="bbox 376 3111 2029 3186">
     <span class='ocr_line' id='line_1_34' title="bbox 376 3111 2029 3186; baseline 0.001 -16"><span class='ocrx_word' id='word_1_211' title='bbox 376 3117 492 3186; x_wconf 85' lang='lat' dir='ltr'><strong>tur,</strong></span> <span class='ocrx_word' id='word_1_212' title='bbox 517 3111 748 3185; x_wconf 89' lang='lat' dir='ltr'><strong>laqueo,</strong></span> <span class='ocrx_word' id='word_1_213' title='bbox 810 3130 991 3186; x_wconf 91' lang='lat' dir='ltr'><strong>quam</strong></span> <span class='ocrx_word' id='word_1_214' title='bbox 1042 3117 1229 3170; x_wconf 90' lang='lat' dir='ltr'><strong>morte</strong></span> <span class='ocrx_word' id='word_1_215' title='bbox 1286 3117 1493 3185; x_wconf 88' lang='lat' dir='ltr'><strong>sponte</strong></span> <span class='ocrx_word' id='word_1_216' title='bbox 1552 3119 1774 3169; x_wconf 66' lang='lat' dir='ltr'><strong>natura:</strong></span> <span class='ocrx_word' id='word_1_217' title='bbox 1825 3130 2029 3186; x_wconf 68' lang='lat' dir='ltr'><strong>prove-</strong></span> 
     </span>
    </p>
   </div>
   <div class='ocr_carea' id='block_1_35' title="bbox 2132 618 3786 697">
    <p class='ocr_par' dir='ltr' id='par_1_35' title="bbox 2132 618 3786 697">
     <span class='ocr_line' id='line_1_35' title="bbox 2132 618 3786 697; baseline 0.005 -26"><span class='ocrx_word' id='word_1_218' title='bbox 2132 618 2426 693; x_wconf 82' lang='grc' dir='ltr'>γενόμενον</span> <span class='ocrx_word' id='word_1_219' title='bbox 2477 618 2700 694; x_wconf 75' lang='grc' dir='ltr'><strong>δέσμιον</strong></span> <span class='ocrx_word' id='word_1_220' title='bbox 2760 620 3050 697; x_wconf 84' lang='grc' dir='ltr'>ἁμαρτίας,</span> <span class='ocrx_word' id='word_1_221' title='bbox 3111 622 3483 691; x_wconf 76' lang='grc' dir='ltr'>ἀκολουθῆσαι</span> <span class='ocrx_word' id='word_1_222' title='bbox 3542 622 3786 697; x_wconf 81' lang='grc' dir='ltr'><strong>Χριστῷ,</strong></span> 
     </span>
    </p>
   </div>
   <div class='ocr_carea' id='block_1_36' title="bbox 2132 707 3785 784">
    <p class='ocr_par' dir='ltr' id='par_1_36' title="bbox 2132 707 3785 784">
     <span class='ocr_line' id='line_1_36' title="bbox 2132 707 3785 784; baseline 0.004 -24"><span class='ocrx_word' id='word_1_223' title='bbox 2132 712 2211 779; x_wconf 79' lang='grc' dir='ltr'>τῷ</span> <span class='ocrx_word' id='word_1_224' title='bbox 2265 707 2476 783; x_wconf 72' lang='grc' dir='ltr'>ἐροῦντι</span> <span class='ocrx_word' id='word_1_225' title='bbox 2534 716 2652 773; x_wconf 80' lang='grc' dir='ltr'>τοῖς</span> <span class='ocrx_word' id='word_1_226' title='bbox 2705 709 2756 766; x_wconf 86' lang='grc' dir='ltr'><strong>έν</strong></span> <span class='ocrx_word' id='word_1_227' title='bbox 2816 708 3056 784; x_wconf 85' lang='grc' dir='ltr'>δεσμοῖς·</span> <span class='ocrx_word' id='word_1_228' title='bbox 3085 709 3381 781; x_wconf 78' lang='grc' dir='ltr'>Ἐξέλθετε,</span> <span class='ocrx_word' id='word_1_229' title='bbox 3412 710 3503 765; x_wconf 85' lang='grc' dir='ltr'><strong>καὶ</strong></span> <span class='ocrx_word' id='word_1_230' title='bbox 3559 715 3679 775; x_wconf 86' lang='grc' dir='ltr'>τοῖς</span> <span class='ocrx_word' id='word_1_231' title='bbox 3733 710 3785 766; x_wconf 76' lang='grc' dir='ltr'>ἐν</span> 
     </span>
    </p>
   </div>
   <div class='ocr_carea' id='block_1_37' title="bbox 2131 796 3789 877">
    <p class='ocr_par' dir='ltr' id='par_1_37' title="bbox 2131 796 3789 877">
     <span class='ocr_line' id='line_1_37' title="bbox 2131 796 3789 877; baseline 0.002 -26"><span class='ocrx_word' id='word_1_232' title='bbox 2131 801 2213 869; x_wconf 79' lang='grc' dir='ltr'><strong>τῷ</strong></span> <span class='ocrx_word' id='word_1_233' title='bbox 2262 798 2462 868; x_wconf 82' lang='grc' dir='ltr'>σκότει,</span> <span class='ocrx_word' id='word_1_234' title='bbox 2517 798 2970 877; x_wconf 73' lang='grc' dir='ltr'><strong>ἀποκαλυφθῆναι</strong></span> <span class='ocrx_word' id='word_1_235' title='bbox 3018 802 3150 874; x_wconf 86' lang='grc'>(11).</span> <span class='ocrx_word' id='word_1_236' title='bbox 3187 797 3527 873; x_wconf 78' lang='grc' dir='ltr'><strong>Ἐξελθόντες</strong></span> <span class='ocrx_word' id='word_1_237' title='bbox 3575 796 3635 855; x_wconf 72' lang='grc' dir='ltr'>δὲ</span> <span class='ocrx_word' id='word_1_238' title='bbox 3681 799 3789 855; x_wconf 76' lang='grc' dir='ltr'><strong>ἀπὸ</strong></span> 
     </span>
    </p>
   </div>
   <div class='ocr_carea' id='block_1_38' title="bbox 2133 883 3793 963">
    <p class='ocr_par' dir='ltr' id='par_1_38' title="bbox 2133 883 3793 963">
     <span class='ocr_line' id='line_1_38' title="bbox 2133 883 3793 963; baseline 0.002 -24"><span class='ocrx_word' id='word_1_239' title='bbox 2133 883 2384 963; x_wconf 78' lang='grc' dir='ltr'>φυλακῆς</span> <span class='ocrx_word' id='word_1_240' title='bbox 2412 888 2463 942; x_wconf 77' lang='grc' dir='ltr'>οἱ</span> <span class='ocrx_word' id='word_1_241' title='bbox 2494 885 2734 963; x_wconf 73' lang='grc' dir='ltr'>δέσμιοι,</span> <span class='ocrx_word' id='word_1_242' title='bbox 2766 888 2855 944; x_wconf 85' lang='grc' dir='ltr'><strong>καὶ</strong></span> <span class='ocrx_word' id='word_1_243' title='bbox 2884 888 2990 944; x_wconf 84' lang='grc' dir='ltr'>ἀπὸ</span> <span class='ocrx_word' id='word_1_244' title='bbox 3013 893 3111 944; x_wconf 91' lang='grc' dir='ltr'><strong>τοῦ</strong></span> <span class='ocrx_word' id='word_1_245' title='bbox 3143 888 3368 953; x_wconf 77' lang='grc' dir='ltr'>σκότους</span> <span class='ocrx_word' id='word_1_246' title='bbox 3417 893 3499 962; x_wconf 78' lang='grc' dir='ltr'>τῷ</span> <span class='ocrx_word' id='word_1_247' title='bbox 3547 887 3793 963; x_wconf 79' lang='grc' dir='ltr'>ἀληθινῷ</span> 
     </span>
    </p>
   </div>
   <div class='ocr_carea' id='block_1_39' title="bbox 2133 972 3795 1054">
    <p class='ocr_par' dir='ltr' id='par_1_39' title="bbox 2133 972 3795 1054">
     <span class='ocr_line' id='line_1_39' title="bbox 2133 972 3795 1054; baseline 0.003 -24"><span class='ocrx_word' id='word_1_248' title='bbox 2133 974 2273 1054; x_wconf 75' lang='grc' dir='ltr'>φωτὶ</span> <span class='ocrx_word' id='word_1_249' title='bbox 2301 973 2390 1032; x_wconf 72' lang='grc' dir='ltr'><strong>διὰ</strong></span> <span class='ocrx_word' id='word_1_250' title='bbox 2417 985 2516 1048; x_wconf 79' lang='grc' dir='ltr'><strong>τῆς</strong></span> <span class='ocrx_word' id='word_1_251' title='bbox 2553 978 2836 1052; x_wconf 88' lang='grc' dir='ltr'>μετανοίας</span> <span class='ocrx_word' id='word_1_252' title='bbox 2875 972 3271 1054; x_wconf 80' lang='grc' dir='ltr'>έμϐλέψαντες,</span> <span class='ocrx_word' id='word_1_253' title='bbox 3301 975 3520 1034; x_wconf 67' lang='grc' dir='ltr'>ἕπονται</span> <span class='ocrx_word' id='word_1_254' title='bbox 3577 982 3795 1053; x_wconf 78' lang='grc' dir='ltr'>Χριστῷ</span> 
     </span>
    </p>
   </div>
   <div class='ocr_carea' id='block_1_40' title="bbox 2134 1064 3796 1143">
    <p class='ocr_par' dir='ltr' id='par_1_40' title="bbox 2134 1064 3796 1143">
     <span class='ocr_line' id='line_1_40' title="bbox 2134 1064 3796 1143; baseline 0.002 -24"><span class='ocrx_word' id='word_1_255' title='bbox 2134 1064 2664 1143; x_wconf 76' lang='grc' dir='ltr'>έξομολογούμενοι,</span> <span class='ocrx_word' id='word_1_256' title='bbox 2705 1064 2985 1140; x_wconf 78' lang='grc' dir='ltr'><strong>δεδεμένοι</strong></span> <span class='ocrx_word' id='word_1_257' title='bbox 3048 1066 3101 1123; x_wconf 82' lang='grc' dir='ltr'><strong>έν</strong></span> <span class='ocrx_word' id='word_1_258' title='bbox 3160 1064 3536 1143; x_wconf 80' lang='grc' dir='ltr'>χειροπέδαις,</span> <span class='ocrx_word' id='word_1_259' title='bbox 3568 1064 3675 1130; x_wconf 66' lang='grc' dir='ltr'>ἕως</span> <span class='ocrx_word' id='word_1_260' title='bbox 3731 1064 3796 1122; x_wconf 71' lang='grc' dir='ltr'>ἂν</span> 
     </span>
    </p>
   </div>
   <div class='ocr_carea' id='block_1_41' title="bbox 2137 1151 3796 1232">
    <p class='ocr_par' dir='ltr' id='par_1_41' title="bbox 2137 1151 3796 1232">
     <span class='ocr_line' id='line_1_41' title="bbox 2137 1151 3796 1232; baseline 0.002 -24"><span class='ocrx_word' id='word_1_261' title='bbox 2137 1152 2195 1209; x_wconf 87' lang='grc' dir='ltr'><strong>έκ</strong></span> <span class='ocrx_word' id='word_1_262' title='bbox 2224 1161 2321 1224; x_wconf 77' lang='grc' dir='ltr'>τῆς</span> <span class='ocrx_word' id='word_1_263' title='bbox 2369 1160 2477 1210; x_wconf 80' lang='grc' dir='ltr'><strong>τῶν</strong></span> <span class='ocrx_word' id='word_1_264' title='bbox 2532 1157 2746 1232; x_wconf 81' lang='grc' dir='ltr'>ἀγαθῶν</span> <span class='ocrx_word' id='word_1_265' title='bbox 2805 1151 3118 1232; x_wconf 76' lang='grc' dir='ltr'>μεταϐολῇς</span> <span class='ocrx_word' id='word_1_266' title='bbox 3176 1154 3315 1227; x_wconf 72' lang='grc' dir='ltr'>ἄξιοι</span> <span class='ocrx_word' id='word_1_267' title='bbox 3376 1154 3638 1231; x_wconf 76' lang='grc' dir='ltr'>γένωνται</span> <span class='ocrx_word' id='word_1_268' title='bbox 3696 1160 3796 1212; x_wconf 82' lang='grc' dir='ltr'><strong>τοῦ</strong></span> 
     </span>
    </p>
   </div>
   <div class='ocr_carea' id='block_1_42' title="bbox 2134 1242 3796 1325">
    <p class='ocr_par' dir='ltr' id='par_1_42' title="bbox 2134 1242 3796 1325">
     <span class='ocr_line' id='line_1_42' title="bbox 2134 1242 3796 1325; baseline 0.001 -25"><span class='ocrx_word' id='word_1_269' title='bbox 2134 1242 2362 1313; x_wconf 77' lang='grc' dir='ltr'>λυθῆναι</span> <span class='ocrx_word' id='word_1_270' title='bbox 2422 1246 2509 1300; x_wconf 79' lang='grc' dir='ltr'><strong>ὑπ’</strong></span> <span class='ocrx_word' id='word_1_271' title='bbox 2545 1244 2711 1300; x_wconf 78' lang='grc' dir='ltr'>αὑτοῦ</span> <span class='ocrx_word' id='word_1_272' title='bbox 2752 1250 2863 1301; x_wconf 82' lang='grc' dir='ltr'><strong>τῶν</strong></span> <span class='ocrx_word' id='word_1_273' title='bbox 2916 1245 3167 1325; x_wconf 81' lang='grc' dir='ltr'>ἀφύκτων</span> <span class='ocrx_word' id='word_1_274' title='bbox 3219 1246 3357 1309; x_wconf 88' lang='grc' dir='ltr'>τέως</span> <span class='ocrx_word' id='word_1_275' title='bbox 3412 1246 3796 1321; x_wconf 75' lang='grc' dir='ltr'><strong>νομιζομένων</strong></span> 
     </span>
    </p>
   </div>
   <div class='ocr_carea' id='block_1_43' title="bbox 2135 1331 3788 1412">
    <p class='ocr_par' dir='ltr' id='par_1_43' title="bbox 2135 1331 3788 1412">
     <span class='ocr_line' id='line_1_43' title="bbox 2135 1331 3788 1412; baseline 0.001 -24"><span class='ocrx_word' id='word_1_276' title='bbox 2135 1333 2269 1388; x_wconf 70' lang='grc' dir='ltr'>εἶναι</span> <span class='ocrx_word' id='word_1_277' title='bbox 2300 1331 2538 1407; x_wconf 74' lang='grc' dir='ltr'>δεσμῶν.</span> <span class='ocrx_word' id='word_1_278' title='bbox 2570 1335 2737 1393; x_wconf 81' lang='grc' dir='ltr'>Οὗτοι</span> <span class='ocrx_word' id='word_1_279' title='bbox 2768 1332 2846 1403; x_wconf 74' lang='grc' dir='ltr'>δὶ,</span> <span class='ocrx_word' id='word_1_280' title='bbox 2880 1336 2933 1390; x_wconf 72' lang='grc' dir='ltr'>οἱ</span> <span class='ocrx_word' id='word_1_281' title='bbox 2965 1335 3341 1409; x_wconf 65' lang='grc' dir='ltr'><strong>ἐπισπώμενοι</strong></span> <span class='ocrx_word' id='word_1_282' title='bbox 3369 1335 3467 1397; x_wconf 69' lang='grc' dir='ltr'><strong>τὰς</strong></span> <span class='ocrx_word' id='word_1_283' title='bbox 3499 1334 3788 1412; x_wconf 85' lang='grc' dir='ltr'>ἁμαρτίας,</span> 
     </span>
    </p>
   </div>
   <div class='ocr_carea' id='block_1_44' title="bbox 2132 1422 3789 1501">
    <p class='ocr_par' dir='ltr' id='par_1_44' title="bbox 2132 1422 3789 1501">
     <span class='ocr_line' id='line_1_44' title="bbox 2132 1422 3789 1501; baseline 0.001 -24"><span class='ocrx_word' id='word_1_284' title='bbox 2132 1423 2222 1477; x_wconf 83' lang='grc' dir='ltr'><strong>καὶ</strong></span> <span class='ocrx_word' id='word_1_285' title='bbox 2278 1428 2746 1499; x_wconf 77' lang='grc' dir='ltr'>καταφρονοῦντες</span> <span class='ocrx_word' id='word_1_286' title='bbox 2817 1427 2918 1489; x_wconf 78' lang='grc' dir='ltr'><strong>τῆς</strong></span> <span class='ocrx_word' id='word_1_287' title='bbox 2993 1423 3136 1489; x_wconf 71' lang='grc' dir='ltr'>θείας</span> <span class='ocrx_word' id='word_1_288' title='bbox 3201 1423 3452 1501; x_wconf 77' lang='grc' dir='ltr'>κρίσεως,</span> <span class='ocrx_word' id='word_1_289' title='bbox 3511 1422 3789 1501; x_wconf 72' lang='grc' dir='ltr'>ἐπείγουσι</span> 
     </span>
    </p>
   </div>
   <div class='ocr_carea' id='block_1_45' title="bbox 2135 1509 3787 1590">
    <p class='ocr_par' dir='ltr' id='par_1_45' title="bbox 2135 1509 3787 1590">
     <span class='ocr_line' id='line_1_45' title="bbox 2135 1509 3787 1590; baseline 0.002 -23"><span class='ocrx_word' id='word_1_290' title='bbox 2135 1509 2407 1575; x_wconf 85' lang='grc' dir='ltr'>πολλάκις</span> <span class='ocrx_word' id='word_1_291' title='bbox 2464 1517 2542 1585; x_wconf 81' lang='grc' dir='ltr'><strong>τῷ</strong></span> <span class='ocrx_word' id='word_1_292' title='bbox 2598 1511 2748 1588; x_wconf 83' lang='grc' dir='ltr'>λόγῳ</span> <span class='ocrx_word' id='word_1_293' title='bbox 2806 1513 2875 1568; x_wconf 71' lang='grc' dir='ltr'><strong>τὰ</strong></span> <span class='ocrx_word' id='word_1_294' title='bbox 2932 1512 3324 1587; x_wconf 87' lang='grc' dir='ltr'>ἀπειλούμενα,</span> <span class='ocrx_word' id='word_1_295' title='bbox 3358 1513 3432 1576; x_wconf 77' lang='grc' dir='ltr'><strong>ὡς</strong></span> <span class='ocrx_word' id='word_1_296' title='bbox 3473 1510 3641 1586; x_wconf 71' lang='grc' dir='ltr'>μηδὲν</span> <span class='ocrx_word' id='word_1_297' title='bbox 3674 1516 3787 1590; x_wconf 86' lang='grc'><strong>(12)</strong></span> 
     </span>
    </p>
   </div>
   <div class='ocr_carea' id='block_1_46' title="bbox 2135 1600 3794 1680">
    <p class='ocr_par' dir='ltr' id='par_1_46' title="bbox 2135 1600 3794 1680">
     <span class='ocr_line' id='line_1_46' title="bbox 2135 1600 3794 1680; baseline 0.001 -24"><span class='ocrx_word' id='word_1_298' title='bbox 2135 1601 2455 1675; x_wconf 76' lang='grc' dir='ltr'>πεισόμενοι</span> <span class='ocrx_word' id='word_1_299' title='bbox 2500 1602 2628 1678; x_wconf 89' lang='grc' dir='ltr'>παρ’</span> <span class='ocrx_word' id='word_1_300' title='bbox 2674 1601 2877 1671; x_wconf 79' lang='grc' dir='ltr'>αὐτῶκ,</span> <span class='ocrx_word' id='word_1_301' title='bbox 2907 1601 2996 1657; x_wconf 78' lang='grc' dir='ltr'><strong>καὶ</strong></span> <span class='ocrx_word' id='word_1_302' title='bbox 3050 1600 3312 1678; x_wconf 79' lang='grc' dir='ltr'>λέγουσι’</span> <span class='ocrx_word' id='word_1_303' title='bbox 3344 1602 3417 1656; x_wconf 87' lang='grc' dir='ltr'>Τὸ</span> <span class='ocrx_word' id='word_1_304' title='bbox 3471 1600 3645 1680; x_wconf 88' lang='grc' dir='ltr'>τάχος</span> <span class='ocrx_word' id='word_1_305' title='bbox 3701 1601 3794 1677; x_wconf 80' lang='grc' dir='ltr'>έγ-</span> 
     </span>
    </p>
   </div>
   <div class='ocr_carea' id='block_1_47' title="bbox 2135 1688 3791 1767">
    <p class='ocr_par' dir='ltr' id='par_1_47' title="bbox 2135 1688 3791 1767">
     <span class='ocr_line' id='line_1_47' title="bbox 2135 1688 3791 1767; baseline 0.001 -22"><span class='ocrx_word' id='word_1_306' title='bbox 2135 1688 2339 1767; x_wconf 78' lang='grc' dir='ltr'>γισάτω</span> <span class='ocrx_word' id='word_1_307' title='bbox 2390 1691 2423 1746; x_wconf 75' lang='grc' dir='ltr'>ἃ</span> <span class='ocrx_word' id='word_1_308' title='bbox 2471 1692 2713 1763; x_wconf 76' lang='grc' dir='ltr'>ποιήσει,</span> <span class='ocrx_word' id='word_1_309' title='bbox 2753 1688 2846 1745; x_wconf 70' lang='grc' dir='ltr'>’ίνα</span> <span class='ocrx_word' id='word_1_310' title='bbox 2887 1688 3118 1763; x_wconf 73' lang='grc' dir='ltr'>’ίδωμενο</span> <span class='ocrx_word' id='word_1_311' title='bbox 3150 1690 3240 1746; x_wconf 87' lang='grc' dir='ltr'><strong>καὶ</strong></span> <span class='ocrx_word' id='word_1_312' title='bbox 3286 1688 3490 1746; x_wconf 86' lang='grc' dir='ltr'>έλθέτω</span> <span class='ocrx_word' id='word_1_313' title='bbox 3540 1693 3575 1762; x_wconf 76' lang='grc' dir='ltr'><strong>ἡ</strong></span> <span class='ocrx_word' id='word_1_314' title='bbox 3604 1690 3791 1766; x_wconf 61' lang='grc' dir='ltr'>βουλὴ</span> 
     </span>
    </p>
   </div>
   <div class='ocr_carea' id='block_1_48' title="bbox 2135 1776 3796 1857">
    <p class='ocr_par' dir='ltr' id='par_1_48' title="bbox 2135 1776 3796 1857">
     <span class='ocr_line' id='line_1_48' title="bbox 2135 1776 3796 1857; baseline 0.001 -23"><span class='ocrx_word' id='word_1_315' title='bbox 2135 1784 2233 1834; x_wconf 89' lang='grc' dir='ltr'><strong>τοῦ</strong></span> <span class='ocrx_word' id='word_1_316' title='bbox 2290 1779 2448 1855; x_wconf 80' lang='grc' dir='ltr'>ἁγίου</span> <span class='ocrx_word' id='word_1_317' title='bbox 2481 1778 2729 1854; x_wconf 77' lang='grc' dir='ltr'>Ἰσραὴλ,</span> <span class='ocrx_word' id='word_1_318' title='bbox 2766 1776 2848 1834; x_wconf 66' lang='grc' dir='ltr'>ξ’να</span> <span class='ocrx_word' id='word_1_319' title='bbox 2901 1784 3141 1856; x_wconf 83' lang='grc' dir='ltr'>γνῶμεν.</span> <span class='ocrx_word' id='word_1_320' title='bbox 3177 1777 3356 1835; x_wconf 60' lang='lat' dir='ltr'><strong>una</strong></span> <span class='ocrx_word' id='word_1_321' title='bbox 3410 1783 3573 1835; x_wconf 85' lang='grc' dir='ltr'>τοῦτο</span> <span class='ocrx_word' id='word_1_322' title='bbox 3631 1799 3796 1857; x_wconf 87' lang='grc' dir='ltr'>σχοι-</span> 
     </span>
    </p>
   </div>
   <div class='ocr_carea' id='block_1_49' title="bbox 2137 1867 3795 1947">
    <p class='ocr_par' dir='ltr' id='par_1_49' title="bbox 2137 1867 3795 1947">
     <span class='ocr_line' id='line_1_49' title="bbox 2137 1867 3795 1947; baseline 0.001 -24"><span class='ocrx_word' id='word_1_323' title='bbox 2137 1869 2252 1923; x_wconf 87' lang='grc' dir='ltr'>νίον</span> <span class='ocrx_word' id='word_1_324' title='bbox 2307 1868 2536 1943; x_wconf 81' lang='grc' dir='ltr'>μακρὸν,</span> <span class='ocrx_word' id='word_1_325' title='bbox 2569 1869 2670 1940; x_wconf 80' lang='grc' dir='ltr'><strong>τὴν</strong></span> <span class='ocrx_word' id='word_1_326' title='bbox 2728 1868 2919 1947; x_wconf 79' lang='grc' dir='ltr'>πόρῤω</span> <span class='ocrx_word' id='word_1_327' title='bbox 2967 1867 3225 1943; x_wconf 84' lang='grc' dir='ltr'>κειμένην</span> <span class='ocrx_word' id='word_1_328' title='bbox 3282 1868 3547 1946; x_wconf 79' lang='grc' dir='ltr'>ἁμαρτίαν</span> <span class='ocrx_word' id='word_1_329' title='bbox 3604 1867 3795 1924; x_wconf 82' lang='grc' dir='ltr'>έπισυ-</span> 
     </span>
    </p>
   </div>
   <div class='ocr_carea' id='block_1_50' title="bbox 2138 1955 3797 2034">
    <p class='ocr_par' dir='ltr' id='par_1_50' title="bbox 2138 1955 3797 2034">
     <span class='ocr_line' id='line_1_50' title="bbox 2138 1955 3797 2034; baseline 0.001 -22"><span class='ocrx_word' id='word_1_330' title='bbox 2138 1957 2368 2033; x_wconf 85' lang='grc' dir='ltr'>ρόμενον</span> <span class='ocrx_word' id='word_1_331' title='bbox 2427 1956 2608 2027; x_wconf 78' lang='grc' dir='ltr'>Δῆλον</span> <span class='ocrx_word' id='word_1_332' title='bbox 2668 1958 2794 2034; x_wconf 83' lang='grc' dir='ltr'>γὰρ,</span> <span class='ocrx_word' id='word_1_333' title='bbox 2828 1958 2910 2013; x_wconf 76' lang='grc' dir='ltr'><strong>δτι</strong></span> <span class='ocrx_word' id='word_1_334' title='bbox 2957 1958 3277 2021; x_wconf 84' lang='grc' dir='ltr'>ἀπιστοῦτες</span> <span class='ocrx_word' id='word_1_335' title='bbox 3330 1957 3450 2032; x_wconf 82' lang='grc' dir='ltr'><strong>περῖ</strong></span> <span class='ocrx_word' id='word_1_336' title='bbox 3497 1955 3596 2014; x_wconf 85' lang='grc' dir='ltr'><strong>τοῦ</strong></span> <span class='ocrx_word' id='word_1_337' title='bbox 3657 1955 3797 2033; x_wconf 86' lang='grc' dir='ltr'>μέλ-</span> 
     </span>
    </p>
   </div>
   <div class='ocr_carea' id='block_1_51' title="bbox 2138 2045 3796 2125">
    <p class='ocr_par' dir='ltr' id='par_1_51' title="bbox 2138 2045 3796 2125">
     <span class='ocr_line' id='line_1_51' title="bbox 2138 2045 3796 2125; baseline 0 -22"><span class='ocrx_word' id='word_1_338' title='bbox 2138 2045 2333 2109; x_wconf 89' lang='grc' dir='ltr'>λοντος</span> <span class='ocrx_word' id='word_1_339' title='bbox 2389 2046 2612 2116; x_wconf 75' lang='grc' dir='ltr'>αἰῶνος,</span> <span class='ocrx_word' id='word_1_340' title='bbox 2655 2047 2745 2102; x_wconf 87' lang='grc' dir='ltr'><strong>καὶ</strong></span> <span class='ocrx_word' id='word_1_341' title='bbox 2794 2051 3260 2125; x_wconf 76' lang='grc' dir='ltr'>καταφρονοῦντες</span> <span class='ocrx_word' id='word_1_342' title='bbox 3300 2050 3409 2103; x_wconf 78' lang='grc' dir='ltr'><strong>τῶν</strong></span> <span class='ocrx_word' id='word_1_343' title='bbox 3457 2045 3796 2121; x_wconf 87' lang='grc' dir='ltr'>ἀπειλουμέ-</span> 
     </span>
    </p>
   </div>
   <div class='ocr_carea' id='block_1_52' title="bbox 2136 2131 3795 2215">
    <p class='ocr_par' dir='ltr' id='par_1_52' title="bbox 2136 2131 3795 2215">
     <span class='ocr_line' id='line_1_52' title="bbox 2136 2131 3795 2215; baseline 0.001 -24"><span class='ocrx_word' id='word_1_344' title='bbox 2136 2158 2263 2207; x_wconf 81' lang='grc' dir='ltr'>νων,</span> <span class='ocrx_word' id='word_1_345' title='bbox 2293 2140 2519 2191; x_wconf 88' lang='grc' dir='ltr'>τοιαῦτα</span> <span class='ocrx_word' id='word_1_346' title='bbox 2568 2133 2837 2213; x_wconf 87' lang='grc' dir='ltr'>λέγουσιν.</span> <span class='ocrx_word' id='word_1_347' title='bbox 2872 2135 2948 2194; x_wconf 76' lang='grc' dir='ltr'><strong>Οὐ</strong></span> <span class='ocrx_word' id='word_1_348' title='bbox 2996 2137 3099 2212; x_wconf 79' lang='grc' dir='ltr'><strong>γὰρ</strong></span> <span class='ocrx_word' id='word_1_349' title='bbox 3134 2137 3163 2192; x_wconf 81' lang='grc' dir='ltr'><strong>ὁ</strong></span> <span class='ocrx_word' id='word_1_350' title='bbox 3204 2131 3546 2215; x_wconf 78' lang='grc' dir='ltr'>φοϐούμενος</span> <span class='ocrx_word' id='word_1_351' title='bbox 3589 2136 3653 2192; x_wconf 86' lang='grc' dir='ltr'>τὸ</span> <span class='ocrx_word' id='word_1_352' title='bbox 3696 2140 3795 2194; x_wconf 89' lang='grc' dir='ltr'><strong>τοῦ</strong></span> 
     </span>
    </p>
   </div>
   <div class='ocr_carea' id='block_1_53' title="bbox 2139 2221 3789 2302">
    <p class='ocr_par' dir='ltr' id='par_1_53' title="bbox 2139 2221 3789 2302">
     <span class='ocr_line' id='line_1_53' title="bbox 2139 2221 3789 2302; baseline 0.002 -22"><span class='ocrx_word' id='word_1_353' title='bbox 2139 2230 2373 2300; x_wconf 77' lang='grc' dir='ltr'>Χριστοῦ</span> <span class='ocrx_word' id='word_1_354' title='bbox 2435 2222 2812 2302; x_wconf 78' lang='grc' dir='ltr'>δικαστήριον,</span> <span class='ocrx_word' id='word_1_355' title='bbox 2870 2225 2960 2280; x_wconf 82' lang='grc' dir='ltr'><strong>καὶ</strong></span> <span class='ocrx_word' id='word_1_356' title='bbox 3018 2221 3418 2300; x_wconf 81' lang='grc' dir='ltr'>ἀναλαμϐάνων</span> <span class='ocrx_word' id='word_1_357' title='bbox 3476 2229 3547 2300; x_wconf 79' lang='grc' dir='ltr'><strong>τῇ</strong></span> <span class='ocrx_word' id='word_1_358' title='bbox 3594 2227 3789 2302; x_wconf 76' lang='grc' dir='ltr'>μνήμη</span> 
     </span>
    </p>
   </div>
   <div class='ocr_carea' id='block_1_54' title="bbox 2139 2313 3791 2393">
    <p class='ocr_par' dir='ltr' id='par_1_54' title="bbox 2139 2313 3791 2393">
     <span class='ocr_line' id='line_1_54' title="bbox 2139 2313 3791 2393; baseline 0.001 -24"><span class='ocrx_word' id='word_1_359' title='bbox 2139 2315 2205 2369; x_wconf 82' lang='grc' dir='ltr'><strong>τὰ</strong></span> <span class='ocrx_word' id='word_1_360' title='bbox 2235 2313 2295 2369; x_wconf 80' lang='grc' dir='ltr'>ἐκ</span> <span class='ocrx_word' id='word_1_361' title='bbox 2323 2314 2579 2386; x_wconf 81' lang='grc' dir='ltr'>νεότητος</span> <span class='ocrx_word' id='word_1_362' title='bbox 2628 2315 2994 2389; x_wconf 71' lang='grc' dir='ltr'>ἡμαρτημένα</span> <span class='ocrx_word' id='word_1_363' title='bbox 3024 2316 3161 2388; x_wconf 87' lang='grc'>(13),</span> <span class='ocrx_word' id='word_1_364' title='bbox 3190 2313 3463 2388; x_wconf 80' lang='grc' dir='ltr'>τολμήσει</span> <span class='ocrx_word' id='word_1_365' title='bbox 3515 2336 3791 2393; x_wconf 78' lang='grc' dir='ltr'>καταφρο-</span> 
     </span>
    </p>
   </div>
   <div class='ocr_carea' id='block_1_55' title="bbox 2138 2401 3787 2479">
    <p class='ocr_par' dir='ltr' id='par_1_55' title="bbox 2138 2401 3787 2479">
     <span class='ocr_line' id='line_1_55' title="bbox 2138 2401 3787 2479; baseline 0.001 -21"><span class='ocrx_word' id='word_1_366' title='bbox 2138 2407 2378 2474; x_wconf 82' lang='grc' dir='ltr'>νητικῶς</span> <span class='ocrx_word' id='word_1_367' title='bbox 2431 2401 2771 2459; x_wconf 69' lang='grc' dir='ltr'>ἐπισπεύδειν</span> <span class='ocrx_word' id='word_1_368' title='bbox 2829 2405 2927 2473; x_wconf 81' lang='grc' dir='ltr'>τήν</span> <span class='ocrx_word' id='word_1_369' title='bbox 3015 2403 3217 2477; x_wconf 84' lang='grc' dir='ltr'>κρίσιν.</span> <span class='ocrx_word' id='word_1_370' title='bbox 3272 2404 3342 2459; x_wconf 86' lang='grc' dir='ltr'><strong>Τὸ</strong></span> <span class='ocrx_word' id='word_1_371' title='bbox 3395 2402 3636 2460; x_wconf 86' lang='grc' dir='ltr'>έναντίον</span> <span class='ocrx_word' id='word_1_372' title='bbox 3694 2404 3787 2479; x_wconf 74' lang='grc' dir='ltr'>μὶν</span> 
     </span>
    </p>
   </div>
   <div class='ocr_carea' id='block_1_56' title="bbox 2141 2488 3790 2569">
    <p class='ocr_par' dir='ltr' id='par_1_56' title="bbox 2141 2488 3790 2569">
     <span class='ocr_line' id='line_1_56' title="bbox 2141 2488 3790 2569; baseline 0.002 -23"><span class='ocrx_word' id='word_1_373' title='bbox 2141 2488 2256 2565; x_wconf 69' lang='grc' dir='ltr'><strong>οὖν⁹</strong></span> <span class='ocrx_word' id='word_1_374' title='bbox 2315 2490 2405 2547; x_wconf 85' lang='grc' dir='ltr'><strong>καὶ</strong></span> <span class='ocrx_word' id='word_1_375' title='bbox 2488 2491 2825 2569; x_wconf 69' lang='grc' dir='ltr'>προθεσμίας</span> <span class='ocrx_word' id='word_1_376' title='bbox 2880 2492 3055 2565; x_wconf 72' lang='grc' dir='ltr'>ἑαυτῷ</span> <span class='ocrx_word' id='word_1_377' title='bbox 3115 2492 3455 2569; x_wconf 79' lang='grc' dir='ltr'>μακροτέρας</span> <span class='ocrx_word' id='word_1_378' title='bbox 3527 2492 3790 2565; x_wconf 70' lang='grc' dir='ltr'>ἐπιζητεῖ,</span> 
     </span>
    </p>
   </div>
   <div class='ocr_carea' id='block_1_57' title="bbox 2140 2578 3797 2658">
    <p class='ocr_par' dir='ltr' id='par_1_57' title="bbox 2140 2578 3797 2658">
     <span class='ocr_line' id='line_1_57' title="bbox 2140 2578 3797 2658; baseline 0.002 -23"><span class='ocrx_word' id='word_1_379' title='bbox 2140 2580 2278 2657; x_wconf 85' lang='grc' dir='ltr'>πρὸς</span> <span class='ocrx_word' id='word_1_380' title='bbox 2308 2579 2371 2636; x_wconf 87' lang='grc' dir='ltr'>τὸ</span> <span class='ocrx_word' id='word_1_381' title='bbox 2403 2583 2519 2655; x_wconf 71' lang='grc'>(14)</span> <span class='ocrx_word' id='word_1_382' title='bbox 2553 2581 2607 2637; x_wconf 85' lang='grc' dir='ltr'><strong>έν</strong></span> <span class='ocrx_word' id='word_1_383' title='bbox 2638 2579 2854 2637; x_wconf 74' lang='grc' dir='ltr'>πλείονι</span> <span class='ocrx_word' id='word_1_384' title='bbox 2886 2581 3075 2658; x_wconf 80' lang='grc' dir='ltr'>χρόνῳ</span> <span class='ocrx_word' id='word_1_385' title='bbox 3108 2578 3406 2652; x_wconf 78' lang='grc' dir='ltr'>δυνηθῆναι</span> <span class='ocrx_word' id='word_1_386' title='bbox 3453 2582 3555 2653; x_wconf 76' lang='grc' dir='ltr'>τὴν</span> <span class='ocrx_word' id='word_1_387' title='bbox 3606 2583 3797 2638; x_wconf 67' lang='grc' dir='ltr'>ἑαυτοῦ</span> 
     </span>
    </p>
   </div>
   <div class='ocr_carea' id='block_1_58' title="bbox 2139 2669 3800 2747">
    <p class='ocr_par' dir='ltr' id='par_1_58' title="bbox 2139 2669 3800 2747">
     <span class='ocr_line' id='line_1_58' title="bbox 2139 2669 3800 2747; baseline 0.001 -24"><span class='ocrx_word' id='word_1_388' title='bbox 2139 2671 2326 2744; x_wconf 66' lang='grc' dir='ltr'>ψυχὴν</span> <span class='ocrx_word' id='word_1_389' title='bbox 2360 2670 2467 2725; x_wconf 84' lang='grc' dir='ltr'><strong>ἀπὸ</strong></span> <span class='ocrx_word' id='word_1_390' title='bbox 2496 2674 2594 2725; x_wconf 91' lang='grc' dir='ltr'><strong>τοῦ</strong></span> <span class='ocrx_word' id='word_1_391' title='bbox 2626 2669 2799 2747; x_wconf 82' lang='grc' dir='ltr'>ῥύπου</span> <span class='ocrx_word' id='word_1_392' title='bbox 2837 2673 2944 2724; x_wconf 84' lang='grc' dir='ltr'><strong>τῶν</strong></span> <span class='ocrx_word' id='word_1_393' title='bbox 2996 2670 3277 2746; x_wconf 80' lang='grc' dir='ltr'>ἁμαρτιῶν</span> <span class='ocrx_word' id='word_1_394' title='bbox 3329 2670 3662 2745; x_wconf 71' lang='grc' dir='ltr'>ἀποσμῆξαι.</span> <span class='ocrx_word' id='word_1_395' title='bbox 3694 2674 3800 2727; x_wconf 86' lang='grc' dir='ltr'>Τοῦ</span> 
     </span>
    </p>
   </div>
   <div class='ocr_carea' id='block_1_59' title="bbox 2143 2757 3801 2836">
    <p class='ocr_par' dir='ltr' id='par_1_59' title="bbox 2143 2757 3801 2836">
     <span class='ocr_line' id='line_1_59' title="bbox 2143 2757 3801 2836; baseline 0.001 -22"><span class='ocrx_word' id='word_1_396' title='bbox 2143 2757 2199 2814; x_wconf 74' lang='grc' dir='ltr'>δὶ</span> <span class='ocrx_word' id='word_1_397' title='bbox 2232 2763 2340 2834; x_wconf 88' lang='grc'><strong>(15)</strong></span> <span class='ocrx_word' id='word_1_398' title='bbox 2374 2759 2591 2836; x_wconf 79' lang='grc' dir='ltr'>ἀλόγως</span> <span class='ocrx_word' id='word_1_399' title='bbox 2620 2758 2925 2834; x_wconf 75' lang='grc' dir='ltr'>ἐπείγεσθαι</span> <span class='ocrx_word' id='word_1_400' title='bbox 2958 2758 3095 2833; x_wconf 69' lang='grc' dir='ltr'>πρὸς</span> <span class='ocrx_word' id='word_1_401' title='bbox 3121 2759 3189 2815; x_wconf 79' lang='grc' dir='ltr'>τὰ</span> <span class='ocrx_word' id='word_1_402' title='bbox 3249 2758 3547 2833; x_wconf 70' lang='grc' dir='ltr'>μέλλοντα,</span> <span class='ocrx_word' id='word_1_403' title='bbox 3580 2757 3801 2816; x_wconf 87' lang='grc' dir='ltr'>ἀπόδει-</span> 
     </span>
    </p>
   </div>
   <div class='ocr_carea' id='block_1_60' title="bbox 2141 2846 3791 2927">
    <p class='ocr_par' dir='ltr' id='par_1_60' title="bbox 2141 2846 3791 2927">
     <span class='ocr_line' id='line_1_60' title="bbox 2141 2846 3791 2927; baseline 0.001 -23"><span class='ocrx_word' id='word_1_404' title='bbox 2141 2848 2217 2919; x_wconf 80' lang='grc' dir='ltr'><strong>ξις</strong></span> <span class='ocrx_word' id='word_1_405' title='bbox 2248 2847 2542 2927; x_wconf 66' lang='grc' dir='ltr'>Ἀχιτόφελ</span> <span class='ocrx_word' id='word_1_406' title='bbox 2572 2847 2661 2903; x_wconf 65' lang='grc' dir='ltr'>καῗ</span> <span class='ocrx_word' id='word_1_407' title='bbox 2692 2847 2915 2911; x_wconf 82' lang='grc' dir='ltr'>Ἰούδας·</span> <span class='ocrx_word' id='word_1_408' title='bbox 2952 2849 3004 2903; x_wconf 85' lang='grc' dir='ltr'>οἳ</span> <span class='ocrx_word' id='word_1_409' title='bbox 3038 2846 3127 2904; x_wconf 77' lang='grc' dir='ltr'>διὰ</span> <span class='ocrx_word' id='word_1_410' title='bbox 3153 2849 3217 2904; x_wconf 83' lang='grc' dir='ltr'><strong>τὸ</strong></span> <span class='ocrx_word' id='word_1_411' title='bbox 3269 2848 3535 2925; x_wconf 60' lang='grc' dir='ltr'>βαρύτερα</span> <span class='ocrx_word' id='word_1_412' title='bbox 3591 2848 3791 2924; x_wconf 87' lang='grc' dir='ltr'>κρίνειν</span> 
     </span>
    </p>
   </div>
   <div class='ocr_carea' id='block_1_61' title="bbox 2136 2935 3786 3012">
    <p class='ocr_par' dir='ltr' id='par_1_61' title="bbox 2136 2935 3786 3012">
     <span class='ocr_line' id='line_1_61' title="bbox 2136 2935 3786 3012; baseline -0.001 -19"><span class='ocrx_word' id='word_1_413' title='bbox 2136 2940 2205 2993; x_wconf 70' lang='grc' dir='ltr'><strong>τὰ</strong></span> <span class='ocrx_word' id='word_1_414' title='bbox 2258 2939 2497 3012; x_wconf 88' lang='grc' dir='ltr'>παρόντα</span> <span class='ocrx_word' id='word_1_415' title='bbox 2553 2942 2661 2992; x_wconf 80' lang='grc' dir='ltr'><strong>τῶν</strong></span> <span class='ocrx_word' id='word_1_416' title='bbox 2721 2937 2857 3011; x_wconf 87' lang='grc' dir='ltr'>μετᾶ</span> <span class='ocrx_word' id='word_1_417' title='bbox 2911 2941 3098 3011; x_wconf 82' lang='grc' dir='ltr'>ταῦτα,</span> <span class='ocrx_word' id='word_1_418' title='bbox 3130 2939 3220 2994; x_wconf 85' lang='grc' dir='ltr'><strong>καὶ</strong></span> <span class='ocrx_word' id='word_1_419' title='bbox 3271 2939 3359 2993; x_wconf 80' lang='grc' dir='ltr'>τὸν</span> <span class='ocrx_word' id='word_1_420' title='bbox 3391 2935 3445 2993; x_wconf 83' lang='grc' dir='ltr'><strong>έν</strong></span> <span class='ocrx_word' id='word_1_421' title='bbox 3478 2938 3786 3011; x_wconf 87' lang='grc' dir='ltr'>ἀνθρώποις</span> 
     </span>
    </p>
   </div>
   <div class='ocr_carea' id='block_1_62' title="bbox 2139 3023 3788 3103">
    <p class='ocr_par' dir='ltr' id='par_1_62' title="bbox 2139 3023 3788 3103">
     <span class='ocr_line' id='line_1_62' title="bbox 2139 3023 3788 3103; baseline -0.001 -22"><span class='ocrx_word' id='word_1_422' title='bbox 2139 3024 2449 3100; x_wconf 83' lang='grc' dir='ltr'>ὀνειδισμὸν</span> <span class='ocrx_word' id='word_1_423' title='bbox 2506 3034 2608 3096; x_wconf 82' lang='grc' dir='ltr'><strong>τῆς</strong></span> <span class='ocrx_word' id='word_1_424' title='bbox 2663 3026 2715 3082; x_wconf 85' lang='grc' dir='ltr'><strong>έν</strong></span> <span class='ocrx_word' id='word_1_425' title='bbox 2768 3027 2949 3103; x_wconf 68' lang='grc' dir='ltr'>γεέννῃ</span> <span class='ocrx_word' id='word_1_426' title='bbox 2978 3026 3279 3095; x_wconf 84' lang='grc' dir='ltr'>κολάσεως,</span> <span class='ocrx_word' id='word_1_427' title='bbox 3312 3027 3400 3082; x_wconf 83' lang='grc' dir='ltr'>τὸν</span> <span class='ocrx_word' id='word_1_428' title='bbox 3444 3023 3512 3081; x_wconf 84' lang='grc' dir='ltr'><strong>δι’</strong></span> <span class='ocrx_word' id='word_1_429' title='bbox 3538 3026 3788 3102; x_wconf 82' lang='grc' dir='ltr'>ἀγχόνης</span> 
     </span>
    </p>
   </div>
   <div class='ocr_carea' id='block_1_63' title="bbox 2138 3113 3787 3193">
    <p class='ocr_par' dir='ltr' id='par_1_63' title="bbox 2138 3113 3787 3193">
     <span class='ocr_line' id='line_1_63' title="bbox 2138 3113 3787 3193; baseline -0.001 -23"><span class='ocrx_word' id='word_1_430' title='bbox 2138 3116 2363 3171; x_wconf 83' lang='grc' dir='ltr'>θάνατον</span> <span class='ocrx_word' id='word_1_431' title='bbox 2394 3116 2489 3171; x_wconf 83' lang='grc' dir='ltr'>τοὸ</span> <span class='ocrx_word' id='word_1_432' title='bbox 2521 3115 2829 3190; x_wconf 84' lang='grc' dir='ltr'>αὐτομάτου</span> <span class='ocrx_word' id='word_1_433' title='bbox 2854 3116 3249 3193; x_wconf 81' lang='grc' dir='ltr'>προετίμησαν.</span> <span class='ocrx_word' id='word_1_434' title='bbox 3286 3115 3401 3174; x_wconf 76' lang='grc' dir='ltr'>Οὐκ</span> <span class='ocrx_word' id='word_1_435' title='bbox 3431 3113 3492 3169; x_wconf 76' lang='grc' dir='ltr'>ἂν</span> <span class='ocrx_word' id='word_1_436' title='bbox 3536 3114 3638 3191; x_wconf 75' lang='grc' dir='ltr'><strong>γὰρ</strong></span> <span class='ocrx_word' id='word_1_437' title='bbox 3689 3135 3787 3170; x_wconf 88' lang='grc' dir='ltr'>πι-</span> 
     </span>
    </p>
   </div>
   <div class='ocr_carea' id='block_1_64' title="bbox 377 3201 2028 3280">
    <p class='ocr_par' dir='ltr' id='par_1_64' title="bbox 377 3201 2027 3271">
     <span class='ocr_line' id='line_1_64' title="bbox 377 3201 2027 3271; baseline 0.001 -12"><span class='ocrx_word' id='word_1_438' title='bbox 377 3202 583 3271; x_wconf 88' lang='lat' dir='ltr'><strong>nienti,</strong></span> <span class='ocrx_word' id='word_1_439' title='bbox 614 3202 798 3260; x_wconf 89' lang='lat' dir='ltr'><strong>vitam</strong></span> <span class='ocrx_word' id='word_1_440' title='bbox 830 3203 998 3259; x_wconf 85' lang='lat' dir='ltr'><strong>ﬁnire</strong></span> <span class='ocrx_word' id='word_1_441' title='bbox 1020 3201 1377 3259; x_wconf 86' lang='lat' dir='ltr'><strong>maluerunt.</strong></span> <span class='ocrx_word' id='word_1_442' title='bbox 1410 3202 1658 3269; x_wconf 90' lang='lat' dir='ltr'><strong>Etenim,</strong></span> <span class='ocrx_word' id='word_1_443' title='bbox 1707 3202 1755 3259; x_wconf 89' lang='lat' dir='ltr'><strong>si</strong></span> <span class='ocrx_word' id='word_1_444' title='bbox 1782 3207 2027 3260; x_wconf 90' lang='lat' dir='ltr'><strong>venturo</strong></span> 
     </span>
    </p>
   </div>
   <div class='ocr_carea' id='block_1_65' title="bbox 2139 3201 3796 3280">
    <p class='ocr_par' dir='ltr' id='par_1_65' title="bbox 2142 3204 3796 3280">
     <span class='ocr_line' id='line_1_65' title="bbox 2142 3204 3796 3280; baseline -0.001 -20"><span class='ocrx_word' id='word_1_445' title='bbox 2142 3204 2421 3268; x_wconf 87' lang='grc' dir='ltr'>στεύοντες</span> <span class='ocrx_word' id='word_1_446' title='bbox 2453 3206 2574 3279; x_wconf 77' lang='grc' dir='ltr'>περὶ</span> <span class='ocrx_word' id='word_1_447' title='bbox 2626 3209 2721 3261; x_wconf 89' lang='grc' dir='ltr'><strong>τοῦ</strong></span> <span class='ocrx_word' id='word_1_448' title='bbox 2770 3204 3071 3279; x_wconf 75' lang='grc' dir='ltr'>μὲλλοντυς</span> <span class='ocrx_word' id='word_1_449' title='bbox 3117 3204 3314 3268; x_wconf 71' lang='grc' dir='ltr'>αἰῶνος</span> <span class='ocrx_word' id='word_1_450' title='bbox 3362 3205 3796 3280; x_wconf 79' lang='grc' dir='ltr'>ἆπηχονισαντο,</span> 
     </span>
    </p>
   </div>
   <div class='ocr_carea' id='block_1_66' title="bbox 379 3272 2028 3371">
    <p class='ocr_par' dir='ltr' id='par_1_66' title="bbox 379 3291 2028 3364">
     <span class='ocr_line' id='line_1_66' title="bbox 379 3291 2028 3364; baseline -0.001 -13"><span class='ocrx_word' id='word_1_451' title='bbox 379 3292 594 3351; x_wconf 63' lang='lat' dir='ltr'><strong>Baculo</strong></span> <span class='ocrx_word' id='word_1_452' title='bbox 620 3291 1029 3364; x_wconf 81' lang='lat' dir='ltr'><strong>adjunxissent</strong></span> <span class='ocrx_word' id='word_1_453' title='bbox 1084 3291 1281 3361; x_wconf 85' lang='lat' dir='ltr'><strong>ﬁdem,</strong></span> <span class='ocrx_word' id='word_1_454' title='bbox 1327 3291 1564 3348; x_wconf 89' lang='lat' dir='ltr'><strong>minime</strong></span> <span class='ocrx_word' id='word_1_455' title='bbox 1612 3292 1723 3348; x_wconf 86' lang='lat' dir='ltr'><strong>sibi</strong></span> <span class='ocrx_word' id='word_1_456' title='bbox 1783 3298 2028 3350; x_wconf 88' lang='lat' dir='ltr'><strong>mortem</strong></span> 
     </span>
    </p>
   </div>
   <div class='ocr_carea' id='block_1_67' title="bbox 2139 3272 3795 3371">
    <p class='ocr_par' dir='ltr' id='par_1_67' title="bbox 2144 3272 3795 3371">
     <span class='ocr_line' id='line_1_67' title="bbox 2144 3272 3795 3371; baseline -0.001 -22"><span class='ocrx_word' id='word_1_457' title='bbox 2144 3292 2270 3350; x_wconf 87' lang='grc' dir='ltr'>ἀλλ’</span> <span class='ocrx_word' id='word_1_458' title='bbox 2328 3295 2374 3350; x_wconf 84' lang='grc' dir='ltr'>εἶ</span> <span class='ocrx_word' id='word_1_459' title='bbox 2433 3272 2533 3349; x_wconf 41' lang='grc' dir='ltr'>καὶ.</span> <span class='ocrx_word' id='word_1_460' title='bbox 2598 3272 3029 3371; x_wconf 69' lang='grc' dir='ltr'>δυσηρεστοῦντο</span> <span class='ocrx_word' id='word_1_461' title='bbox 3085 3299 3168 3369; x_wconf 75' lang='grc' dir='ltr'>τῷ</span> <span class='ocrx_word' id='word_1_462' title='bbox 3228 3294 3354 3370; x_wconf 84' lang='grc' dir='ltr'>βίῳ,</span> <span class='ocrx_word' id='word_1_463' title='bbox 3409 3272 3795 3370; x_wconf 64' lang='grc' dir='ltr'>προσετίθεσαν</span> 
     </span>
    </p>
   </div>
   <div class='ocr_carea' id='block_1_68' title="bbox 385 3379 2028 3459">
    <p class='ocr_par' dir='ltr' id='par_1_68' title="bbox 385 3381 2028 3454">
     <span class='ocr_line' id='line_1_68' title="bbox 385 3381 2028 3454; baseline 0.001 -16"><span class='ocrx_word' id='word_1_464' title='bbox 385 3382 706 3454; x_wconf 83' lang='lat' dir='ltr'><strong>suspendio</strong></span> <span class='ocrx_word' id='word_1_465' title='bbox 738 3382 1196 3438; x_wconf 85' lang='lat' dir='ltr'><strong>conscivissent:</strong></span> <span class='ocrx_word' id='word_1_466' title='bbox 1232 3384 1350 3438; x_wconf 91' lang='lat' dir='ltr'><strong>imo</strong></span> <span class='ocrx_word' id='word_1_467' title='bbox 1379 3382 1559 3437; x_wconf 89' lang='lat' dir='ltr'><strong>etiam</strong></span> <span class='ocrx_word' id='word_1_468' title='bbox 1581 3381 1720 3437; x_wconf 86' lang='lat' dir='ltr'><strong>licet</strong></span> <span class='ocrx_word' id='word_1_469' title='bbox 1751 3383 1880 3438; x_wconf 65' lang='lat' dir='ltr'><strong>vita</strong></span> <span class='ocrx_word' id='word_1_470' title='bbox 1913 3399 2028 3439; x_wconf 76' lang='lat' dir='ltr'><strong>mo-</strong></span> 
     </span>
    </p>
   </div>
   <div class='ocr_carea' id='block_1_69' title="bbox 2139 3379 3799 3459">
    <p class='ocr_par' dir='ltr' id='par_1_69' title="bbox 2145 3379 3799 3459">
     <span class='ocr_line' id='line_1_69' title="bbox 2145 3379 3799 3459; baseline -0.002 -20"><span class='ocrx_word' id='word_1_471' title='bbox 2145 3380 2206 3439; x_wconf 76' lang='grc' dir='ltr'><strong>ἃν</strong></span> <span class='ocrx_word' id='word_1_472' title='bbox 2251 3389 2369 3446; x_wconf 86' lang='grc' dir='ltr'>τοῖς</span> <span class='ocrx_word' id='word_1_473' title='bbox 2418 3382 2661 3451; x_wconf 78' lang='grc' dir='ltr'>ένταῦθα,</span> <span class='ocrx_word' id='word_1_474' title='bbox 2715 3379 3067 3459; x_wconf 79' lang='grc' dir='ltr'>φοϐερώτερα</span> <span class='ocrx_word' id='word_1_475' title='bbox 3112 3384 3389 3458; x_wconf 75' lang='grc' dir='ltr'>κρίνοντες</span> <span class='ocrx_word' id='word_1_476' title='bbox 3446 3387 3555 3438; x_wconf 83' lang='grc' dir='ltr'>τῶν</span> <span class='ocrx_word' id='word_1_477' title='bbox 3594 3383 3799 3459; x_wconf 87' lang='grc' dir='ltr'>παρόν-</span> 
     </span>
    </p>
   </div>
   <div class='ocr_carea' id='block_1_70' title="bbox 384 3467 2028 3546">
    <p class='ocr_par' dir='ltr' id='par_1_70' title="bbox 384 3472 2028 3545">
     <span class='ocr_line' id='line_1_70' title="bbox 384 3472 2028 3545; baseline -0.001 -15"><span class='ocrx_word' id='word_1_478' title='bbox 384 3472 573 3530; x_wconf 87' lang='lat' dir='ltr'><strong>lestiis</strong></span> <span class='ocrx_word' id='word_1_479' title='bbox 596 3472 966 3529; x_wconf 76' lang='lat' dir='ltr'><strong>afﬁcerentur</strong></span> <span class='ocrx_word' id='word_1_480' title='bbox 992 3493 1006 3541; x_wconf 87' lang='lat'><strong>;</strong></span> <span class='ocrx_word' id='word_1_481' title='bbox 1040 3473 1090 3529; x_wconf 89' lang='lat' dir='ltr'><strong>si</strong></span> <span class='ocrx_word' id='word_1_482' title='bbox 1112 3477 1305 3529; x_wconf 91' lang='lat' dir='ltr'><strong>tamen</strong></span> <span class='ocrx_word' id='word_1_483' title='bbox 1334 3472 1626 3545; x_wconf 88' lang='lat' dir='ltr'><strong>supplicia</strong></span> <span class='ocrx_word' id='word_1_484' title='bbox 1655 3473 1854 3529; x_wconf 85' lang='lat' dir='ltr'><strong>futura</strong></span> <span class='ocrx_word' id='word_1_485' title='bbox 1879 3474 2028 3545; x_wconf 87' lang='lat' dir='ltr'><strong>judi-</strong></span> 
     </span>
    </p>
   </div>
   <div class='ocr_carea' id='block_1_71' title="bbox 2139 3467 3801 3546">
    <p class='ocr_par' dir='ltr' id='par_1_71' title="bbox 2144 3467 3801 3546">
     <span class='ocr_line' id='line_1_71' title="bbox 2144 3467 3801 3546; baseline -0.002 -18"><span class='ocrx_word' id='word_1_486' title='bbox 2144 3494 2252 3528; x_wconf 85' lang='grc' dir='ltr'><strong>των</strong></span> <span class='ocrx_word' id='word_1_487' title='bbox 2282 3473 2350 3528; x_wconf 68' lang='grc' dir='ltr'>τὰ</span> <span class='ocrx_word' id='word_1_488' title='bbox 2382 3470 2677 3546; x_wconf 79' lang='grc' dir='ltr'>μέλλοντα.</span> <span class='ocrx_word' id='word_1_489' title='bbox 2709 3474 2927 3535; x_wconf 84' lang='grc' dir='ltr'>Ὀποῖος</span> <span class='ocrx_word' id='word_1_490' title='bbox 2960 3474 3026 3543; x_wconf 77' lang='grc' dir='ltr'>ἦν</span> <span class='ocrx_word' id='word_1_491' title='bbox 3071 3474 3100 3528; x_wconf 81' lang='grc' dir='ltr'><strong>δ</strong></span> <span class='ocrx_word' id='word_1_492' title='bbox 3153 3467 3300 3541; x_wconf 85' lang='grc' dir='ltr'>Ἰὼϐ,</span> <span class='ocrx_word' id='word_1_493' title='bbox 3333 3470 3536 3546; x_wconf 85' lang='grc' dir='ltr'>λέγων·</span> <span class='ocrx_word' id='word_1_494' title='bbox 3564 3469 3801 3546; x_wconf 74' lang='grc' dir='ltr'>Ὄφελον</span> 
     </span>
    </p>
   </div>
   <div class='ocr_carea' id='block_1_72' title="bbox 387 3558 2028 3639">
    <p class='ocr_par' dir='ltr' id='par_1_72' title="bbox 387 3561 2028 3635">
     <span class='ocr_line' id='line_1_72' title="bbox 387 3561 2028 3635; baseline -0.002 -14"><span class='ocrx_word' id='word_1_495' title='bbox 387 3566 621 3621; x_wconf 84' lang='lat' dir='ltr'><strong>cassent</strong></span> <span class='ocrx_word' id='word_1_496' title='bbox 640 3563 794 3620; x_wconf 72' lang='lat'><strong>508</strong></span> <span class='ocrx_word' id='word_1_497' title='bbox 807 3561 1193 3635; x_wconf 73' lang='lat' dir='ltr'><strong>praesentibus</strong></span> <span class='ocrx_word' id='word_1_498' title='bbox 1224 3579 1352 3619; x_wconf 82' lang='lat' dir='ltr'><strong>esse</strong></span> <span class='ocrx_word' id='word_1_499' title='bbox 1377 3562 2028 3630; x_wconf 68' lang='lat' dir='ltr'><strong>formidabiliora,vitam</strong></span> 
     </span>
    </p>
   </div>
   <div class='ocr_carea' id='block_1_73' title="bbox 2139 3558 3804 3639">
    <p class='ocr_par' dir='ltr' id='par_1_73' title="bbox 2148 3558 3804 3639">
     <span class='ocr_line' id='line_1_73' title="bbox 2148 3558 3804 3639; baseline -0.002 -22"><span class='ocrx_word' id='word_1_500' title='bbox 2148 3559 2413 3637; x_wconf 72' lang='grc' dir='ltr'>δυναίμην</span> <span class='ocrx_word' id='word_1_501' title='bbox 2486 3563 2597 3636; x_wconf 85' lang='grc'><strong>(16)</strong></span> <span class='ocrx_word' id='word_1_502' title='bbox 2649 3560 2878 3636; x_wconf 77' lang='grc' dir='ltr'>έμαυτὸν</span> <span class='ocrx_word' id='word_1_503' title='bbox 2948 3563 3338 3639; x_wconf 83' lang='grc' dir='ltr'>χειρώσασθαι,</span> <span class='ocrx_word' id='word_1_504' title='bbox 3389 3562 3425 3631; x_wconf 75' lang='grc' dir='ltr'>ἦ</span> <span class='ocrx_word' id='word_1_505' title='bbox 3471 3558 3684 3631; x_wconf 72' lang='grc' dir='ltr'>δεηθείς</span> <span class='ocrx_word' id='word_1_506' title='bbox 3740 3580 3804 3635; x_wconf 90' lang='grc' dir='ltr'><strong>γε</strong></span> 
     </span>
    </p>
   </div>
   <div class='ocr_carea' id='block_1_74' title="bbox 387 3651 2036 3723">
    <p class='ocr_par' dir='ltr' id='par_1_74' title="bbox 387 3651 2036 3723">
     <span class='ocr_line' id='line_1_74' title="bbox 387 3651 2036 3723; baseline -0.001 -14"><span class='ocrx_word' id='word_1_507' title='bbox 387 3653 541 3710; x_wconf 89' lang='lat' dir='ltr'><strong>hanc</strong></span> <span class='ocrx_word' id='word_1_508' title='bbox 572 3651 819 3709; x_wconf 88' lang='lat' dir='ltr'><strong>tolerare</strong></span> <span class='ocrx_word' id='word_1_509' title='bbox 852 3669 962 3707; x_wconf 91' lang='lat' dir='ltr'><strong>nou</strong></span> <span class='ocrx_word' id='word_1_510' title='bbox 999 3652 1387 3708; x_wconf 81' lang='lat' dir='ltr'><strong>dubitassent.</strong></span> <span class='ocrx_word' id='word_1_511' title='bbox 1420 3653 1720 3723; x_wconf 84' lang='lat' dir='ltr'><strong>Ejusmodi</strong></span> <span class='ocrx_word' id='word_1_512' title='bbox 1753 3657 1876 3708; x_wconf 90' lang='lat' dir='ltr'><strong>erat</strong></span> <span class='ocrx_word' id='word_1_513' title='bbox 1905 3652 2036 3721; x_wconf 86' lang='lat' dir='ltr'><strong>Job,</strong></span> 
     </span>
    </p>
   </div>
   <div class='ocr_carea' id='block_1_75' title="bbox 385 3740 2036 3814">
    <p class='ocr_par' dir='ltr' id='par_1_75' title="bbox 385 3740 2036 3814">
     <span class='ocr_line' id='line_1_75' title="bbox 385 3740 2036 3814; baseline -0.001 -16"><span class='ocrx_word' id='word_1_514' title='bbox 385 3758 520 3798; x_wconf 91' lang='lat' dir='ltr'><strong>cum</strong></span> <span class='ocrx_word' id='word_1_515' title='bbox 554 3741 810 3797; x_wconf 90' lang='lat' dir='ltr'><strong>diceret:</strong></span> <span class='ocrx_word' id='word_1_516' title='bbox 844 3740 1078 3797; x_wconf 86' lang='lat' dir='ltr'><strong>Utinam</strong></span> <span class='ocrx_word' id='word_1_517' title='bbox 1111 3741 1406 3814; x_wconf 88' lang='lat' dir='ltr'><strong>meipsum</strong></span> <span class='ocrx_word' id='word_1_518' title='bbox 1440 3758 1672 3813; x_wconf 83' lang='lat' dir='ltr'><strong>possem</strong></span> <span class='ocrx_word' id='word_1_519' title='bbox 1699 3758 1869 3796; x_wconf 89' lang='lat' dir='ltr'><strong>manu</strong></span> <span class='ocrx_word' id='word_1_520' title='bbox 1895 3757 2036 3797; x_wconf 89' lang='lat' dir='ltr'><strong>con-</strong></span> 
     </span>
    </p>
   </div>
   <div class='ocr_carea' id='block_1_76' title="bbox 383 3829 2037 3902">
    <p class='ocr_par' dir='ltr' id='par_1_76' title="bbox 383 3829 2037 3902">
     <span class='ocr_line' id='line_1_76' title="bbox 383 3829 2037 3902; baseline 0 -17"><span class='ocrx_word' id='word_1_521' title='bbox 383 3830 577 3899; x_wconf 82' lang='lat' dir='ltr'><strong>ﬁcere,</strong></span> <span class='ocrx_word' id='word_1_522' title='bbox 609 3834 712 3887; x_wconf 87' lang='lat' dir='ltr'><strong>aut</strong></span> <span class='ocrx_word' id='word_1_523' title='bbox 742 3835 897 3886; x_wconf 86' lang='lat' dir='ltr'><strong>certe</strong></span> <span class='ocrx_word' id='word_1_524' title='bbox 920 3832 1268 3902; x_wconf 86' lang='lat' dir='ltr'><strong>deprecatus</strong></span> <span class='ocrx_word' id='word_1_525' title='bbox 1299 3829 1573 3898; x_wconf 88' lang='lat' dir='ltr'><strong>alterum,</strong></span> <span class='ocrx_word' id='word_1_526' title='bbox 1608 3836 1665 3885; x_wconf 88' lang='lat' dir='ltr'><strong>et</strong></span> <span class='ocrx_word' id='word_1_527' title='bbox 1693 3830 1865 3886; x_wconf 70' lang='lat' dir='ltr'><strong>faciet</strong></span> <span class='ocrx_word' id='word_1_528' title='bbox 1888 3830 2037 3885; x_wconf 91' lang='lat' dir='ltr'><strong>mihi</strong></span> 
     </span>
    </p>
   </div>
   <div class='ocr_carea' id='block_1_77' title="bbox 385 3917 2033 3991">
    <p class='ocr_par' dir='ltr' id='par_1_77' title="bbox 385 3917 2033 3991">
     <span class='ocr_line' id='line_1_77' title="bbox 385 3917 2033 3991; baseline -0.001 -16"><span class='ocrx_word' id='word_1_529' title='bbox 385 3918 517 3976; x_wconf 90' lang='lat' dir='ltr'><strong>hoc.</strong></span> <span class='ocrx_word' id='word_1_530' title='bbox 577 3918 724 3975; x_wconf 87' lang='lat' dir='ltr'><strong>Nam</strong></span> <span class='ocrx_word' id='word_1_531' title='bbox 782 3923 839 3975; x_wconf 88' lang='lat' dir='ltr'><strong>et</strong></span> <span class='ocrx_word' id='word_1_532' title='bbox 894 3918 984 3974; x_wconf 90' lang='lat' dir='ltr'><strong>his</strong></span> <span class='ocrx_word' id='word_1_533' title='bbox 1041 3917 1238 3975; x_wconf 79' lang='lat' dir='ltr'><strong>verbis</strong></span> <span class='ocrx_word' id='word_1_534' title='bbox 1286 3919 1635 3976; x_wconf 84' lang='lat' dir='ltr'><strong>ostendebat</strong></span> <span class='ocrx_word' id='word_1_535' title='bbox 1684 3919 2033 3991; x_wconf 64' lang='lat' dir='ltr'><strong>gravitatem</strong></span> 
     </span>
    </p>
   </div>
   <div class='ocr_carea' id='block_1_78' title="bbox 380 4007 2035 4082">
    <p class='ocr_par' dir='ltr' id='par_1_78' title="bbox 380 4007 2035 4082">
     <span class='ocr_line' id='line_1_78' title="bbox 380 4007 2035 4082; baseline 0.001 -19"><span class='ocrx_word' id='word_1_536' title='bbox 380 4007 567 4081; x_wconf 86' lang='lat' dir='ltr'><strong>plagae</strong></span> <span class='ocrx_word' id='word_1_537' title='bbox 594 4012 769 4081; x_wconf 87' lang='lat' dir='ltr'><strong>atque</strong></span> <span class='ocrx_word' id='word_1_538' title='bbox 823 4008 1219 4077; x_wconf 88' lang='lat' dir='ltr'><strong>acerbitatem,</strong></span> <span class='ocrx_word' id='word_1_539' title='bbox 1269 4013 1326 4065; x_wconf 90' lang='lat' dir='ltr'><strong>et</strong></span> <span class='ocrx_word' id='word_1_540' title='bbox 1382 4010 1667 4065; x_wconf 88' lang='lat' dir='ltr'><strong>adversus</strong></span> <span class='ocrx_word' id='word_1_541' title='bbox 1715 4025 1814 4065; x_wconf 88' lang='lat' dir='ltr'><strong>eas</strong></span> <span class='ocrx_word' id='word_1_542' title='bbox 1872 4008 2035 4082; x_wconf 87' lang='lat' dir='ltr'><strong>ipsas</strong></span> 
     </span>
    </p>
   </div>
   <div class='ocr_carea' id='block_1_79' title="bbox 382 4097 2032 4171">
    <p class='ocr_par' dir='ltr' id='par_1_79' title="bbox 382 4097 2032 4171">
     <span class='ocr_line' id='line_1_79' title="bbox 382 4097 2032 4171; baseline 0 -17"><span class='ocrx_word' id='word_1_543' title='bbox 382 4097 660 4171; x_wconf 88' lang='lat' dir='ltr'><strong>quassibi</strong></span> <span class='ocrx_word' id='word_1_544' title='bbox 701 4100 966 4154; x_wconf 88' lang='lat' dir='ltr'><strong>struebat</strong></span> <span class='ocrx_word' id='word_1_545' title='bbox 1025 4097 1273 4153; x_wconf 86' lang='lat' dir='ltr'><strong>insidias</strong></span> <span class='ocrx_word' id='word_1_546' title='bbox 1326 4100 1566 4155; x_wconf 88' lang='lat' dir='ltr'><strong>cavebat</strong></span> <span class='ocrx_word' id='word_1_547' title='bbox 1615 4098 1749 4154; x_wconf 89' lang='lat' dir='ltr'><strong>sibi.</strong></span> <span class='ocrx_word' id='word_1_548' title='bbox 1807 4098 2032 4154; x_wconf 84' lang='lat' dir='ltr'><strong>Etenim</strong></span> 
     </span>
    </p>
   </div>
   <div class='ocr_carea' id='block_1_80' title="bbox 379 4186 2035 4260">
    <p class='ocr_par' dir='ltr' id='par_1_80' title="bbox 379 4186 2035 4260">
     <span class='ocr_line' id='line_1_80' title="bbox 379 4186 2035 4260; baseline 0 -17"><span class='ocrx_word' id='word_1_549' title='bbox 379 4187 481 4260; x_wconf 92' lang='lat' dir='ltr'><strong>qui</strong></span> <span class='ocrx_word' id='word_1_550' title='bbox 513 4203 574 4243; x_wconf 89' lang='lat' dir='ltr'><strong>se</strong></span> <span class='ocrx_word' id='word_1_551' title='bbox 603 4186 718 4260; x_wconf 90' lang='lat' dir='ltr'><strong>ipsi</strong></span> <span class='ocrx_word' id='word_1_552' title='bbox 757 4204 860 4260; x_wconf 89' lang='lat' dir='ltr'><strong>per</strong></span> <span class='ocrx_word' id='word_1_553' title='bbox 880 4187 997 4243; x_wconf 89' lang='lat' dir='ltr'><strong>vim</strong></span> <span class='ocrx_word' id='word_1_554' title='bbox 1029 4187 1101 4243; x_wconf 89' lang='lat' dir='ltr'><strong>de</strong></span> <span class='ocrx_word' id='word_1_555' title='bbox 1134 4188 1326 4243; x_wconf 91' lang='lat' dir='ltr'><strong>medio</strong></span> <span class='ocrx_word' id='word_1_556' title='bbox 1376 4187 1613 4256; x_wconf 89' lang='lat' dir='ltr'><strong>tollunt,</strong></span> <span class='ocrx_word' id='word_1_557' title='bbox 1672 4188 2035 4244; x_wconf 90' lang='lat' dir='ltr'><strong>damnantur</strong></span> 
     </span>
    </p>
   </div>
   <div class='ocr_carea' id='block_1_81' title="bbox 377 4275 2033 4350">
    <p class='ocr_par' dir='ltr' id='par_1_81' title="bbox 377 4275 2033 4350">
     <span class='ocr_line' id='line_1_81' title="bbox 377 4275 2033 4350; baseline -0.001 -17"><span class='ocrx_word' id='word_1_558' title='bbox 377 4276 702 4334; x_wconf 90' lang='lat' dir='ltr'><strong>homicidii.</strong></span> <span class='ocrx_word' id='word_1_559' title='bbox 729 4277 877 4345; x_wconf 79' lang='lat' dir='ltr'><strong>Quia</strong></span> <span class='ocrx_word' id='word_1_560' title='bbox 904 4293 1042 4334; x_wconf 91' lang='lat' dir='ltr'><strong>vero</strong></span> <span class='ocrx_word' id='word_1_561' title='bbox 1077 4276 1253 4333; x_wconf 89' lang='lat' dir='ltr'><strong>etiam</strong></span> <span class='ocrx_word' id='word_1_562' title='bbox 1288 4279 1442 4350; x_wconf 90' lang='lat' dir='ltr'><strong>apud</strong></span> <span class='ocrx_word' id='word_1_563' title='bbox 1496 4275 1742 4333; x_wconf 91' lang='lat' dir='ltr'><strong>Paulum</strong></span> <span class='ocrx_word' id='word_1_564' title='bbox 1803 4277 2033 4334; x_wconf 88' lang='lat' dir='ltr'><strong>inveni-</strong></span> 
     </span>
    </p>
   </div>
   <div class='ocr_carea' id='block_1_82' title="bbox 2147 3648 3800 3725">
    <p class='ocr_par' dir='ltr' id='par_1_82' title="bbox 2147 3648 3800 3725">
     <span class='ocr_line' id='line_1_82' title="bbox 2147 3648 3800 3725; baseline -0.002 -19"><span class='ocrx_word' id='word_1_565' title='bbox 2147 3651 2331 3724; x_wconf 73' lang='grc' dir='ltr'>ἑτέρου</span> <span class='ocrx_word' id='word_1_566' title='bbox 2361 3650 2447 3706; x_wconf 72' lang='grc' dir='ltr'><strong>καὶ</strong></span> <span class='ocrx_word' id='word_1_567' title='bbox 2479 3652 2699 3721; x_wconf 69' lang='grc' dir='ltr'>ποιήσει</span> <span class='ocrx_word' id='word_1_568' title='bbox 2732 3673 2823 3724; x_wconf 86' lang='grc' dir='ltr'><strong>μοι</strong></span> <span class='ocrx_word' id='word_1_569' title='bbox 2855 3655 3038 3708; x_wconf 87' lang='grc' dir='ltr'>τοῦτο.</span> <span class='ocrx_word' id='word_1_570' title='bbox 3073 3652 3168 3709; x_wconf 84' lang='grc' dir='ltr'>Ἐκ</span> <span class='ocrx_word' id='word_1_571' title='bbox 3221 3655 3329 3706; x_wconf 82' lang='grc' dir='ltr'>τῶν</span> <span class='ocrx_word' id='word_1_572' title='bbox 3379 3648 3646 3705; x_wconf 75' lang='grc' dir='ltr'>τοιούτων</span> <span class='ocrx_word' id='word_1_573' title='bbox 3700 3648 3800 3725; x_wconf 82' lang='grc' dir='ltr'><strong>γὰρ</strong></span> 
     </span>
    </p>
   </div>
   <div class='ocr_carea' id='block_1_83' title="bbox 2145 3737 3800 3818">
    <p class='ocr_par' dir='ltr' id='par_1_83' title="bbox 2145 3737 3800 3818">
     <span class='ocr_line' id='line_1_83' title="bbox 2145 3737 3800 3818; baseline -0.002 -23"><span class='ocrx_word' id='word_1_574' title='bbox 2145 3741 2235 3795; x_wconf 90' lang='grc' dir='ltr'><strong>καὶ</strong></span> <span class='ocrx_word' id='word_1_575' title='bbox 2266 3741 2328 3795; x_wconf 82' lang='grc' dir='ltr'><strong>τὸ</strong></span> <span class='ocrx_word' id='word_1_576' title='bbox 2357 3747 2459 3810; x_wconf 79' lang='grc' dir='ltr'>τῆς</span> <span class='ocrx_word' id='word_1_577' title='bbox 2489 3738 2711 3815; x_wconf 74' lang='grc' dir='ltr'>πληγῆς</span> <span class='ocrx_word' id='word_1_578' title='bbox 2743 3740 3007 3818; x_wconf 74' lang='grc' dir='ltr'>εύσφορον</span> <span class='ocrx_word' id='word_1_579' title='bbox 3036 3737 3389 3810; x_wconf 79' lang='grc' dir='ltr'>ένεδείκνυτο,</span> <span class='ocrx_word' id='word_1_580' title='bbox 3419 3739 3509 3794; x_wconf 82' lang='grc' dir='ltr'><strong>καὶ</strong></span> <span class='ocrx_word' id='word_1_581' title='bbox 3555 3738 3620 3793; x_wconf 82' lang='grc' dir='ltr'>τὸ</span> <span class='ocrx_word' id='word_1_582' title='bbox 3676 3737 3800 3815; x_wconf 80' lang='grc' dir='ltr'>περὶ</span> 
     </span>
    </p>
   </div>
   <div class='ocr_carea' id='block_1_84' title="bbox 2142 3824 3799 3904">
    <p class='ocr_par' dir='ltr' id='par_1_84' title="bbox 2142 3824 3799 3904">
     <span class='ocr_line' id='line_1_84' title="bbox 2142 3824 3799 3904; baseline -0.001 -21"><span class='ocrx_word' id='word_1_583' title='bbox 2142 3831 2241 3899; x_wconf 82' lang='grc' dir='ltr'><strong>τήν</strong></span> <span class='ocrx_word' id='word_1_584' title='bbox 2302 3830 2493 3884; x_wconf 68' lang='grc' dir='ltr'>ἑαυτοῦ</span> <span class='ocrx_word' id='word_1_585' title='bbox 2549 3824 2849 3899; x_wconf 68' lang='grc' dir='ltr'>δπιϐουλήν</span> <span class='ocrx_word' id='word_1_586' title='bbox 2903 3825 3130 3894; x_wconf 68' lang='grc' dir='ltr'>εὐλαϐὲς</span> <span class='ocrx_word' id='word_1_587' title='bbox 3176 3827 3488 3899; x_wconf 80' lang='grc' dir='ltr'>διεσώζετο.</span> <span class='ocrx_word' id='word_1_588' title='bbox 3519 3832 3643 3890; x_wconf 85' lang='grc' dir='ltr'>Τοῖς</span> <span class='ocrx_word' id='word_1_589' title='bbox 3697 3827 3799 3904; x_wconf 72' lang='grc' dir='ltr'>γὰρ</span> 
     </span>
    </p>
   </div>
   <div class='ocr_carea' id='block_1_85' title="bbox 2148 3915 3799 3995">
    <p class='ocr_par' dir='ltr' id='par_1_85' title="bbox 2148 3915 3799 3995">
     <span class='ocr_line' id='line_1_85' title="bbox 2148 3915 3799 3995; baseline -0.002 -21"><span class='ocrx_word' id='word_1_590' title='bbox 2148 3917 2340 3995; x_wconf 88' lang='grc' dir='ltr'>βιαίως</span> <span class='ocrx_word' id='word_1_591' title='bbox 2391 3916 2611 3980; x_wconf 71' lang='grc' dir='ltr'>ἑαυτοὺς</span> <span class='ocrx_word' id='word_1_592' title='bbox 2672 3917 3016 3995; x_wconf 81' lang='grc' dir='ltr'>ὑπεξάγουσι,</span> <span class='ocrx_word' id='word_1_593' title='bbox 3065 3920 3379 3993; x_wconf 77' lang='grc' dir='ltr'>κατάκρισις</span> <span class='ocrx_word' id='word_1_594' title='bbox 3438 3915 3799 3995; x_wconf 75' lang='grc' dir='ltr'>ἀνδροφονίας</span> 
     </span>
    </p>
   </div>
   <div class='ocr_carea' id='block_1_86' title="bbox 2143 4003 3795 4083">
    <p class='ocr_par' dir='ltr' id='par_1_86' title="bbox 2143 4003 3795 4083">
     <span class='ocr_line' id='line_1_86' title="bbox 2143 4003 3795 4083; baseline -0.002 -21"><span class='ocrx_word' id='word_1_595' title='bbox 2143 4006 2429 4064; x_wconf 73' lang='grc' dir='ltr'>ἐπίκειται.</span> <span class='ocrx_word' id='word_1_596' title='bbox 2458 4006 2612 4062; x_wconf 83' lang='grc' dir='ltr'>Ἐπεὶ</span> <span class='ocrx_word' id='word_1_597' title='bbox 2645 4003 2703 4062; x_wconf 77' lang='grc' dir='ltr'>δὶ</span> <span class='ocrx_word' id='word_1_598' title='bbox 2748 4008 2837 4062; x_wconf 81' lang='grc' dir='ltr'><strong>καὶ</strong></span> <span class='ocrx_word' id='word_1_599' title='bbox 2900 4006 3047 4082; x_wconf 85' lang='grc' dir='ltr'>παρᾶ</span> <span class='ocrx_word' id='word_1_600' title='bbox 3084 4011 3163 4081; x_wconf 79' lang='grc' dir='ltr'><strong>τῷ</strong></span> <span class='ocrx_word' id='word_1_601' title='bbox 3221 4004 3426 4080; x_wconf 82' lang='grc' dir='ltr'>Παύλῳ</span> <span class='ocrx_word' id='word_1_602' title='bbox 3484 4007 3795 4083; x_wconf 83' lang='grc' dir='ltr'>εὗρηκαμεν</span> 
     </span>
    </p>
   </div>
   <div class='ocr_carea' id='block_1_87' title="bbox 2143 4092 3794 4173">
    <p class='ocr_par' dir='ltr' id='par_1_87' title="bbox 2143 4092 3794 4173">
     <span class='ocr_line' id='line_1_87' title="bbox 2143 4092 3794 4173; baseline -0.002 -21"><span class='ocrx_word' id='word_1_603' title='bbox 2143 4098 2217 4160; x_wconf 85' lang='grc' dir='ltr'><strong>ὡς</strong></span> <span class='ocrx_word' id='word_1_604' title='bbox 2274 4096 2569 4173; x_wconf 86' lang='grc' dir='ltr'>λεγόμενον</span> <span class='ocrx_word' id='word_1_605' title='bbox 2627 4096 2732 4152; x_wconf 82' lang='grc' dir='ltr'><strong>ὑπό</strong></span> <span class='ocrx_word' id='word_1_606' title='bbox 2790 4118 2950 4152; x_wconf 86' lang='grc' dir='ltr'>τινων</span> <span class='ocrx_word' id='word_1_607' title='bbox 3005 4097 3091 4167; x_wconf 87' lang='grc' dir='ltr'>τὸ,</span> <span class='ocrx_word' id='word_1_608' title='bbox 3125 4098 3453 4172; x_wconf 76' lang='grc' dir='ltr'>Ποιήσωμεν</span> <span class='ocrx_word' id='word_1_609' title='bbox 3511 4093 3580 4151; x_wconf 79' lang='grc' dir='ltr'><strong>τὰ</strong></span> <span class='ocrx_word' id='word_1_610' title='bbox 3633 4092 3794 4162; x_wconf 76' lang='grc' dir='ltr'>κακὰ,</span> 
     </span>
    </p>
   </div>
   <div class='ocr_carea' id='block_1_88' title="bbox 2134 4182 3797 4261">
    <p class='ocr_par' dir='ltr' id='par_1_88' title="bbox 2134 4182 3797 4261">
     <span class='ocr_line' id='line_1_88' title="bbox 2134 4182 3797 4261; baseline -0.001 -22"><span class='ocrx_word' id='word_1_611' title='bbox 2134 4184 2229 4241; x_wconf 76' lang='grc' dir='ltr'>’ίνει</span> <span class='ocrx_word' id='word_1_612' title='bbox 2270 4182 2402 4261; x_wconf 75' lang='grc' dir='ltr'>ἔλθῃ</span> <span class='ocrx_word' id='word_1_613' title='bbox 2448 4187 2515 4240; x_wconf 69' lang='grc' dir='ltr'><strong>τὰ</strong></span> <span class='ocrx_word' id='word_1_614' title='bbox 2561 4184 2751 4260; x_wconf 77' lang='grc' dir='ltr'>ἀγαθὰ,</span> <span class='ocrx_word' id='word_1_615' title='bbox 2804 4184 3092 4260; x_wconf 68' lang='grc' dir='ltr'>ἡγούμεθα</span> <span class='ocrx_word' id='word_1_616' title='bbox 3146 4184 3400 4256; x_wconf 86' lang='grc' dir='ltr'>κάκείνην</span> <span class='ocrx_word' id='word_1_617' title='bbox 3444 4184 3545 4254; x_wconf 77' lang='grc' dir='ltr'><strong>τήν</strong></span> <span class='ocrx_word' id='word_1_618' title='bbox 3601 4182 3797 4254; x_wconf 76' lang='grc' dir='ltr'>έπιτή-</span> 
     </span>
    </p>
   </div>
   <div class='ocr_carea' id='block_1_89' title="bbox 2141 4270 3800 4351">
    <p class='ocr_par' dir='ltr' id='par_1_89' title="bbox 2141 4270 3800 4351">
     <span class='ocr_line' id='line_1_89' title="bbox 2141 4270 3800 4351; baseline -0.002 -20"><span class='ocrx_word' id='word_1_619' title='bbox 2141 4272 2318 4331; x_wconf 84' lang='grc' dir='ltr'>δευσιν</span> <span class='ocrx_word' id='word_1_620' title='bbox 2350 4274 2595 4351; x_wconf 86' lang='grc' dir='ltr'>σχοινίον</span> <span class='ocrx_word' id='word_1_621' title='bbox 2651 4275 2786 4330; x_wconf 77' lang='grc' dir='ltr'>εἶναι</span> <span class='ocrx_word' id='word_1_622' title='bbox 2839 4273 3107 4351; x_wconf 83' lang='grc' dir='ltr'>ἁμαρτίας</span> <span class='ocrx_word' id='word_1_623' title='bbox 3168 4272 3425 4349; x_wconf 85' lang='grc' dir='ltr'>μεγάλης</span> <span class='ocrx_word' id='word_1_624' title='bbox 3483 4270 3800 4329; x_wconf 82' lang='grc' dir='ltr'>έπακτικόν.</span> 
     </span>
    </p>
   </div>
   <div class='ocr_carea' id='block_1_90' title="bbox 377 4357 2028 4441">
    <p class='ocr_par' dir='ltr' id='par_1_90' title="bbox 377 4366 2028 4438">
     <span class='ocr_line' id='line_1_90' title="bbox 377 4366 2028 4438; baseline 0 -15"><span class='ocrx_word' id='word_1_625' title='bbox 377 4383 513 4423; x_wconf 88' lang='lat' dir='ltr'><strong>mus</strong></span> <span class='ocrx_word' id='word_1_626' title='bbox 543 4366 656 4423; x_wconf 89' lang='lat' dir='ltr'><strong>dici</strong></span> <span class='ocrx_word' id='word_1_627' title='bbox 689 4383 723 4422; x_wconf 88' lang='lat' dir='ltr'><strong>a</strong></span> <span class='ocrx_word' id='word_1_628' title='bbox 751 4366 1108 4438; x_wconf 90' lang='lat' dir='ltr'><strong>quibusdam</strong></span> <span class='ocrx_word' id='word_1_629' title='bbox 1143 4383 1157 4423; x_wconf 90' lang='lat'><strong>:</strong></span> <span class='ocrx_word' id='word_1_630' title='bbox 1187 4368 1474 4423; x_wconf 78' lang='lat' dir='ltr'><strong>Faciamus</strong></span> <span class='ocrx_word' id='word_1_631' title='bbox 1503 4370 1677 4438; x_wconf 82' lang='lat' dir='ltr'><strong>mala,</strong></span> <span class='ocrx_word' id='word_1_632' title='bbox 1718 4371 1780 4423; x_wconf 82' lang='lat' dir='ltr'><strong>ut</strong></span> <span class='ocrx_word' id='word_1_633' title='bbox 1809 4368 2028 4423; x_wconf 78' lang='lat' dir='ltr'><strong>veniant</strong></span> 
     </span>
    </p>
   </div>
   <div class='ocr_carea' id='block_1_91' title="bbox 2139 4357 3805 4441">
    <p class='ocr_par' dir='ltr' id='par_1_91' title="bbox 2140 4357 3805 4441">
     <span class='ocr_line' id='line_1_91' title="bbox 2140 4357 3805 4441; baseline -0.005 -20"><span class='ocrx_word' id='word_1_634' title='bbox 2140 4365 2367 4441; x_wconf 86' lang='grc' dir='ltr'>Λέγεται</span> <span class='ocrx_word' id='word_1_635' title='bbox 2418 4364 2521 4439; x_wconf 74' lang='grc' dir='ltr'><strong>γὰρ</strong></span> <span class='ocrx_word' id='word_1_636' title='bbox 2579 4363 2852 4440; x_wconf 90' lang='grc' dir='ltr'>γεγονέναι</span> <span class='ocrx_word' id='word_1_637' title='bbox 2906 4361 2967 4418; x_wconf 76' lang='grc' dir='ltr'>ἐκ</span> <span class='ocrx_word' id='word_1_638' title='bbox 3020 4370 3120 4433; x_wconf 83' lang='grc' dir='ltr'><strong>τῆς</strong></span> <span class='ocrx_word' id='word_1_639' title='bbox 3172 4359 3393 4434; x_wconf 81' lang='grc' dir='ltr'>πολλῆς</span> <span class='ocrx_word' id='word_1_640' title='bbox 3466 4357 3805 4438; x_wconf 73' lang='grc' dir='ltr'>διαστροφῆς</span> 
     </span>
    </p>
   </div>
   <div class='ocr_carea' id='block_1_92' title="bbox 377 4444 2028 4529">
    <p class='ocr_par' dir='ltr' id='par_1_92' title="bbox 377 4454 2028 4529">
     <span class='ocr_line' id='line_1_92' title="bbox 377 4454 2028 4529; baseline 0 -18"><span class='ocrx_word' id='word_1_641' title='bbox 377 4455 518 4512; x_wconf 86' lang='lat' dir='ltr'><strong>bona</strong></span> <span class='ocrx_word' id='word_1_642' title='bbox 544 4454 609 4526; x_wconf 74' lang='grc'><strong>⁸³,</strong></span> <span class='ocrx_word' id='word_1_643' title='bbox 642 4454 1049 4512; x_wconf 84' lang='lat' dir='ltr'><strong>existimamus</strong></span> <span class='ocrx_word' id='word_1_644' title='bbox 1069 4456 1219 4512; x_wconf 87' lang='lat' dir='ltr'><strong>hanc</strong></span> <span class='ocrx_word' id='word_1_645' title='bbox 1251 4455 1426 4512; x_wconf 89' lang='lat' dir='ltr'><strong>etiam</strong></span> <span class='ocrx_word' id='word_1_646' title='bbox 1485 4458 1694 4529; x_wconf 88' lang='lat' dir='ltr'><strong>agendi</strong></span> <span class='ocrx_word' id='word_1_647' title='bbox 1744 4457 2028 4513; x_wconf 83' lang='lat' dir='ltr'><strong>rationem</strong></span> 
     </span>
    </p>
   </div>
   <div class='ocr_carea' id='block_1_93' title="bbox 2139 4444 3803 4529">
    <p class='ocr_par' dir='ltr' id='par_1_93' title="bbox 2139 4444 3803 4528">
     <span class='ocr_line' id='line_1_93' title="bbox 2139 4444 3803 4528; baseline -0.004 -19"><span class='ocrx_word' id='word_1_648' title='bbox 2139 4452 2227 4509; x_wconf 87' lang='grc' dir='ltr'><strong>καὶ</strong></span> <span class='ocrx_word' id='word_1_649' title='bbox 2278 4450 2504 4524; x_wconf 85' lang='grc' dir='ltr'>τοιαύτη</span> <span class='ocrx_word' id='word_1_650' title='bbox 2549 4473 2635 4515; x_wconf 87' lang='grc' dir='ltr'><strong>τις</strong></span> <span class='ocrx_word' id='word_1_651' title='bbox 2686 4451 2886 4528; x_wconf 82' lang='grc' dir='ltr'>γνώμη</span> <span class='ocrx_word' id='word_1_652' title='bbox 2971 4452 3120 4525; x_wconf 87' lang='grc' dir='ltr'>παρᾶ</span> <span class='ocrx_word' id='word_1_653' title='bbox 3183 4454 3306 4514; x_wconf 77' lang='grc' dir='ltr'>τοῖς</span> <span class='ocrx_word' id='word_1_654' title='bbox 3355 4444 3665 4519; x_wconf 83' lang='grc' dir='ltr'>Ἰουδαίοις,</span> <span class='ocrx_word' id='word_1_655' title='bbox 3717 4445 3803 4503; x_wconf 73' lang='grc' dir='ltr'><strong>δτι</strong></span> 
     </span>
    </p>
   </div>
   <div class='ocr_carea' id='block_1_94' title="bbox 376 4533 2028 4619">
    <p class='ocr_par' dir='ltr' id='par_1_94' title="bbox 376 4544 2028 4617">
     <span class='ocr_line' id='line_1_94' title="bbox 376 4544 2028 4617; baseline 0.001 -18"><span class='ocrx_word' id='word_1_656' title='bbox 376 4544 578 4600; x_wconf 86' lang='lat' dir='ltr'><strong>funem</strong></span> <span class='ocrx_word' id='word_1_657' title='bbox 635 4560 765 4600; x_wconf 87' lang='lat' dir='ltr'><strong>esse</strong></span> <span class='ocrx_word' id='word_1_658' title='bbox 812 4549 1119 4616; x_wconf 90' lang='lat' dir='ltr'><strong>peccatum</strong></span> <span class='ocrx_word' id='word_1_659' title='bbox 1176 4561 1350 4617; x_wconf 88' lang='lat' dir='ltr'><strong>grave</strong></span> <span class='ocrx_word' id='word_1_660' title='bbox 1400 4544 1801 4602; x_wconf 88' lang='lat' dir='ltr'><strong>inducentem.</strong></span> <span class='ocrx_word' id='word_1_661' title='bbox 1850 4547 2028 4600; x_wconf 84' lang='lat' dir='ltr'><strong>Aiunt</strong></span> 
     </span>
    </p>
   </div>
   <div class='ocr_carea' id='block_1_95' title="bbox 2139 4533 3803 4619">
    <p class='ocr_par' dir='ltr' id='par_1_95' title="bbox 2139 4533 3803 4619">
     <span class='ocr_line' id='line_1_95' title="bbox 2139 4533 3803 4619; baseline -0.005 -21"><span class='ocrx_word' id='word_1_662' title='bbox 2139 4540 2326 4612; x_wconf 71' lang='grc' dir='ltr'>ἐπειδὴ</span> <span class='ocrx_word' id='word_1_663' title='bbox 2359 4544 2395 4612; x_wconf 73' lang='grc' dir='ltr'>ἡ</span> <span class='ocrx_word' id='word_1_664' title='bbox 2430 4540 2610 4619; x_wconf 76' lang='grc' dir='ltr'>φθορᾶ</span> <span class='ocrx_word' id='word_1_665' title='bbox 2639 4538 3010 4618; x_wconf 79' lang='grc' dir='ltr'>προσδοκᾶται</span> <span class='ocrx_word' id='word_1_666' title='bbox 3036 4543 3115 4613; x_wconf 79' lang='grc' dir='ltr'>τῷ</span> <span class='ocrx_word' id='word_1_667' title='bbox 3143 4537 3348 4611; x_wconf 79' lang='grc' dir='ltr'>πλήθει</span> <span class='ocrx_word' id='word_1_668' title='bbox 3378 4540 3480 4607; x_wconf 78' lang='grc' dir='ltr'><strong>τῆς</strong></span> <span class='ocrx_word' id='word_1_669' title='bbox 3537 4533 3803 4613; x_wconf 79' lang='grc' dir='ltr'>ἁμαρτίας</span> 
     </span>
    </p>
   </div>
   <div class='ocr_carea' id='block_1_96' title="bbox 374 4623 2028 4712">
    <p class='ocr_par' dir='ltr' id='par_1_96' title="bbox 374 4632 2028 4706">
     <span class='ocr_line' id='line_1_96' title="bbox 374 4632 2028 4706; baseline -0.001 -15"><span class='ocrx_word' id='word_1_670' title='bbox 374 4633 532 4691; x_wconf 90' lang='lat' dir='ltr'><strong>enim</strong></span> <span class='ocrx_word' id='word_1_671' title='bbox 554 4632 842 4705; x_wconf 86' lang='lat' dir='ltr'><strong>ejusmodi</strong></span> <span class='ocrx_word' id='word_1_672' title='bbox 868 4649 1101 4706; x_wconf 86' lang='lat' dir='ltr'><strong>quoque</strong></span> <span class='ocrx_word' id='word_1_673' title='bbox 1150 4635 1507 4691; x_wconf 76' lang='lat' dir='ltr'><strong>sententiam</strong></span> <span class='ocrx_word' id='word_1_674' title='bbox 1539 4634 1765 4692; x_wconf 86' lang='lat' dir='ltr'><strong>animos</strong></span> <span class='ocrx_word' id='word_1_675' title='bbox 1793 4634 2028 4691; x_wconf 76' lang='lat' dir='ltr'><strong>Judaeo-</strong></span> 
     </span>
    </p>
   </div>
   <div class='ocr_carea' id='block_1_97' title="bbox 2139 4623 3803 4712">
    <p class='ocr_par' dir='ltr' id='par_1_97' title="bbox 2140 4623 3803 4712">
     <span class='ocr_line' id='line_1_97' title="bbox 2140 4623 3803 4712; baseline -0.006 -23"><span class='ocrx_word' id='word_1_676' title='bbox 2140 4636 2478 4712; x_wconf 69' lang='grc' dir='ltr'>γενήσεσθαι,</span> <span class='ocrx_word' id='word_1_677' title='bbox 2533 4630 2661 4710; x_wconf 67' lang='grc' dir='ltr'>φέρε</span> <span class='ocrx_word' id='word_1_678' title='bbox 2704 4632 3027 4704; x_wconf 76' lang='grc' dir='ltr'>ποιήσωμεν</span> <span class='ocrx_word' id='word_1_679' title='bbox 3073 4629 3142 4685; x_wconf 81' lang='grc' dir='ltr'>τὰ</span> <span class='ocrx_word' id='word_1_680' title='bbox 3186 4628 3346 4700; x_wconf 74' lang='grc' dir='ltr'>κακὰ,</span> <span class='ocrx_word' id='word_1_681' title='bbox 3377 4626 3467 4683; x_wconf 80' lang='grc' dir='ltr'><strong>καὶ</strong></span> <span class='ocrx_word' id='word_1_682' title='bbox 3514 4628 3577 4683; x_wconf 86' lang='grc' dir='ltr'>τὸ</span> <span class='ocrx_word' id='word_1_683' title='bbox 3636 4623 3803 4702; x_wconf 73' lang='grc' dir='ltr'>ἔσχα-</span> 
     </span>
    </p>
   </div>
   <div class='ocr_carea' id='block_1_98' title="bbox 372 4712 2028 4802">
    <p class='ocr_par' dir='ltr' id='par_1_98' title="bbox 372 4723 2028 4802">
     <span class='ocr_line' id='line_1_98' title="bbox 372 4723 2028 4802; baseline -0.001 -18"><span class='ocrx_word' id='word_1_684' title='bbox 372 4740 505 4785; x_wconf 91' lang='lat' dir='ltr'><strong>rum</strong></span> <span class='ocrx_word' id='word_1_685' title='bbox 528 4723 808 4799; x_wconf 84' lang='lat' dir='ltr'><strong>subiisse,</strong></span> <span class='ocrx_word' id='word_1_686' title='bbox 833 4741 904 4783; x_wconf 78' lang='lat' dir='ltr'><strong>ex</strong></span> <span class='ocrx_word' id='word_1_687' title='bbox 925 4724 1109 4782; x_wconf 88' lang='lat' dir='ltr'><strong>multa</strong></span> <span class='ocrx_word' id='word_1_688' title='bbox 1140 4743 1372 4783; x_wconf 89' lang='lat' dir='ltr'><strong>morum</strong></span> <span class='ocrx_word' id='word_1_689' title='bbox 1405 4727 1787 4799; x_wconf 80' lang='lat' dir='ltr'><strong>perversitate</strong></span> <span class='ocrx_word' id='word_1_690' title='bbox 1810 4744 1824 4785; x_wconf 88' lang='lat'><strong>:</strong></span> <span class='ocrx_word' id='word_1_691' title='bbox 1851 4726 2028 4802; x_wconf 87' lang='lat' dir='ltr'><strong>quip-</strong></span> 
     </span>
    </p>
   </div>
   <div class='ocr_carea' id='block_1_99' title="bbox 2139 4712 3800 4802">
    <p class='ocr_par' dir='ltr' id='par_1_99' title="bbox 2140 4712 3800 4799">
     <span class='ocr_line' id='line_1_99' title="bbox 2140 4712 3800 4799; baseline -0.007 -19"><span class='ocrx_word' id='word_1_692' title='bbox 2140 4746 2232 4780; x_wconf 92' lang='grc' dir='ltr'><strong>τον</strong></span> <span class='ocrx_word' id='word_1_693' title='bbox 2267 4721 2460 4799; x_wconf 89' lang='grc' dir='ltr'>μέτρον</span> <span class='ocrx_word' id='word_1_694' title='bbox 2504 4727 2606 4792; x_wconf 79' lang='grc' dir='ltr'>τῆς</span> <span class='ocrx_word' id='word_1_695' title='bbox 2635 4717 2849 4784; x_wconf 83' lang='grc' dir='ltr'>ἀδικίας</span> <span class='ocrx_word' id='word_1_696' title='bbox 2897 4717 3309 4797; x_wconf 79' lang='grc' dir='ltr'>πληρώσωμεν,</span> <span class='ocrx_word' id='word_1_697' title='bbox 3343 4716 3484 4772; x_wconf 80' lang='grc' dir='ltr'>ὥστε</span> <span class='ocrx_word' id='word_1_698' title='bbox 3548 4712 3800 4771; x_wconf 67' lang='grc' dir='ltr'>ἐπελθεῖν</span> 
     </span>
    </p>
   </div>
   <div class='ocr_carea' id='block_1_100' title="bbox 439 4973 2028 5054">
    <p class='ocr_par' dir='ltr' id='par_1_100' title="bbox 439 4978 2021 5054">
     <span class='ocr_line' id='line_1_100' title="bbox 439 4978 2021 5054; baseline 0 -15"><span class='ocrx_word' id='word_1_699' title='bbox 439 4981 486 5018; x_wconf 76' lang='grc'><em>³³</em></span> <span class='ocrx_word' id='word_1_700' title='bbox 514 4980 630 5041; x_wconf 86' lang='lat' dir='ltr'><strong>lea.</strong></span> <span class='ocrx_word' id='word_1_701' title='bbox 660 4997 813 5054; x_wconf 69' lang='grc' dir='ltr'>χιιι,</span> <span class='ocrx_word' id='word_1_702' title='bbox 843 4981 898 5036; x_wconf 87' lang='grc'><strong>9.</strong></span> <span class='ocrx_word' id='word_1_703' title='bbox 940 4980 985 5015; x_wconf 72' lang='grc' dir='ltr'><strong>ιο</strong></span> <span class='ocrx_word' id='word_1_704' title='bbox 1022 4980 1073 5036; x_wconf 87' lang='lat' dir='ltr'><strong>Il</strong></span> <span class='ocrx_word' id='word_1_705' title='bbox 1103 4978 1244 5053; x_wconf 84' lang='lat' dir='ltr'><strong>Reg.</strong></span> <span class='ocrx_word' id='word_1_706' title='bbox 1276 4996 1415 5050; x_wconf 83' lang='lat' dir='ltr'><strong>xvn,</strong></span> <span class='ocrx_word' id='word_1_707' title='bbox 1459 4980 1551 5038; x_wconf 86' lang='lat'><strong>23.</strong></span> <span class='ocrx_word' id='word_1_708' title='bbox 1593 4982 1663 5037; x_wconf 70' lang='grc' dir='ltr'><strong>ιι.</strong></span> <span class='ocrx_word' id='word_1_709' title='bbox 1712 4981 1758 5016; x_wconf 69' lang='grc'>⁸³</span> <span class='ocrx_word' id='word_1_710' title='bbox 1812 4980 2021 5039; x_wconf 84' lang='lat' dir='ltr'><strong>Matth.</strong></span> 
     </span>
    </p>
   </div>
   <div class='ocr_carea' id='block_1_101' title="bbox 2139 4973 2787 5054">
    <p class='ocr_par' dir='ltr' id='par_1_101' title="bbox 2139 4973 2787 5051">
     <span class='ocr_line' id='line_1_101' title="bbox 2139 4973 2787 5051; baseline -0.014 -14"><span class='ocrx_word' id='word_1_711' title='bbox 2139 4996 2234 5051; x_wconf 84' lang='lat' dir='ltr'><strong>vn,</strong></span> <span class='ocrx_word' id='word_1_712' title='bbox 2264 4980 2321 5036; x_wconf 88' lang='grc'><strong>5.</strong></span> <span class='ocrx_word' id='word_1_713' title='bbox 2343 4979 2390 5015; x_wconf 69' lang='grc'>⁸³</span> <span class='ocrx_word' id='word_1_714' title='bbox 2421 4977 2589 5036; x_wconf 81' lang='lat' dir='ltr'><strong>Rom.</strong></span> <span class='ocrx_word' id='word_1_715' title='bbox 2614 4992 2701 5047; x_wconf 79' lang='grc' dir='ltr'>ιιι,</span> <span class='ocrx_word' id='word_1_716' title='bbox 2731 4973 2787 5029; x_wconf 91' lang='grc'><strong>8.</strong></span> 
     </span>
    </p>
   </div>
   <div class='ocr_carea' id='block_1_102' title="bbox 2201 5238 3802 5321">
    <p class='ocr_par' dir='ltr' id='par_1_102' title="bbox 2201 5238 3802 5321">
     <span class='ocr_line' id='line_1_102' title="bbox 2201 5238 3802 5321; baseline -0.011 -13"><span class='ocrx_word' id='word_1_717' title='bbox 2201 5252 2315 5321; x_wconf 78' lang='grc'>(14)</span> <span class='ocrx_word' id='word_1_718' title='bbox 2346 5247 2587 5321; x_wconf 84' lang='lat' dir='ltr'><strong>Antiqui</strong></span> <span class='ocrx_word' id='word_1_719' title='bbox 2615 5247 2733 5303; x_wconf 91' lang='lat' dir='ltr'><strong>duo</strong></span> <span class='ocrx_word' id='word_1_720' title='bbox 2761 5242 3088 5321; x_wconf 65' lang='lat' dir='ltr'><strong>libri,_1rpb_c</strong></span> <span class='ocrx_word' id='word_1_721' title='bbox 3141 5243 3228 5299; x_wconf 86' lang='grc' dir='ltr'>τό.</span> <span class='ocrx_word' id='word_1_722' title='bbox 3288 5240 3467 5321; x_wconf 60' lang='grc' dir='ltr'><strong>ξρἰξ,</strong></span> <span class='ocrx_word' id='word_1_723' title='bbox 3525 5238 3662 5314; x_wconf 79' lang='grc' dir='ltr'>πρὸς</span> <span class='ocrx_word' id='word_1_724' title='bbox 3718 5242 3802 5312; x_wconf 81' lang='grc' dir='ltr'><strong>τῷ</strong></span> 
     </span>
    </p>
   </div>
   <div class='ocr_carea' id='block_1_103' title="bbox 436 5248 2028 5330">
    <p class='ocr_par' dir='ltr' id='par_1_103' title="bbox 436 5248 2019 5330">
     <span class='ocr_line' id='line_1_103' title="bbox 436 5248 2019 5330; baseline 0 -22"><span class='ocrx_word' id='word_1_725' title='bbox 436 5251 549 5330; x_wconf 78' lang='grc'>(11)</span> <span class='ocrx_word' id='word_1_726' title='bbox 603 5252 783 5330; x_wconf 44' lang='grc' dir='ltr'><strong>βάίιί-</strong></span> <span class='ocrx_word' id='word_1_727' title='bbox 840 5256 898 5308; x_wconf 90' lang='lat' dir='ltr'><strong>et</strong></span> <span class='ocrx_word' id='word_1_728' title='bbox 938 5256 1071 5330; x_wconf 29' lang='lat' dir='ltr'><strong>‘tres</strong></span> <span class='ocrx_word' id='word_1_729' title='bbox 1120 5268 1291 5330; x_wconf 60' lang='lat'><strong>11188.,</strong></span> <span class='ocrx_word' id='word_1_730' title='bbox 1344 5248 2019 5330; x_wconf 51' lang='lat' dir='ltr'><strong>daomlupQﬁvat._Uter-</strong></span> 
     </span>
    </p>
   </div>
   <div class='ocr_carea' id='block_1_104' title="bbox 2139 5248 3069 5330">
    <p class='ocr_par' dir='ltr' id='par_1_104' title="bbox 2201 5248 3069 5330">
     <span class='ocr_line' id='line_1_104' title="bbox 2201 5248 3069 5330; baseline -0.01 -23"><span class='ocrx_word' id='word_1_731' title='bbox 2201 5252 2315 5330; x_wconf 44' lang='grc' dir='ltr'><strong>(ᾗ)</strong></span> <span class='ocrx_word' id='word_1_732' title='bbox 2346 5248 2587 5330; x_wconf 48' lang='lat' dir='ltr'><strong>antiqui</strong></span> <span class='ocrx_word' id='word_1_733' title='bbox 2615 5248 2733 5303; x_wconf 88' lang='lat' dir='ltr'><strong>duo</strong></span> <span class='ocrx_word' id='word_1_734' title='bbox 2761 5248 3069 5330; x_wconf 36' lang='lat' dir='ltr'><strong>“brium?!</strong></span> 
     </span>
    </p>
   </div>
   <div class='ocr_carea' id='block_1_105' title="bbox 2200 5307 3470 5395">
    <p class='ocr_par' dir='ltr' id='par_1_105' title="bbox 2200 5307 3470 5395">
     <span class='ocr_line' id='line_1_105' title="bbox 2200 5307 3470 5395; baseline -0.009 -16"><span class='ocrx_word' id='word_1_735' title='bbox 2200 5307 2314 5395; x_wconf 59' lang='lat'><strong>(15}</strong></span> <span class='ocrx_word' id='word_1_736' title='bbox 2358 5325 2441 5379; x_wconf 90' lang='lat' dir='ltr'><strong>Ita</strong></span> <span class='ocrx_word' id='word_1_737' title='bbox 2476 5307 2622 5395; x_wconf 70' lang='lat' dir='ltr'><strong>mea.</strong></span> <span class='ocrx_word' id='word_1_738' title='bbox 2655 5332 2881 5395; x_wconf 87' lang='lat' dir='ltr'><strong>omnes.</strong></span> <span class='ocrx_word' id='word_1_739' title='bbox 2900 5307 3070 5395; x_wconf 54' lang='lat' dir='ltr'><strong>:Ed&#39;iti</strong></span> <span class='ocrx_word' id='word_1_740' title='bbox 3103 5332 3261 5395; x_wconf 75' lang='lat' dir='ltr'><strong>vero,</strong></span> <span class='ocrx_word' id='word_1_741' title='bbox 3289 5313 3360 5368; x_wconf 84' lang='grc' dir='ltr'>Τὸ</span> <span class='ocrx_word' id='word_1_742' title='bbox 3392 5307 3470 5368; x_wconf 74' lang='lat' dir='ltr'><strong>8t.</strong></span> 
     </span>
    </p>
   </div>
   <div class='ocr_carea' id='block_1_106' title="bbox 365 5321 2020 5401">
    <p class='ocr_par' dir='ltr' id='par_1_106' title="bbox 365 5321 2020 5401">
     <span class='ocr_line' id='line_1_106' title="bbox 365 5321 2020 5401; baseline -0.002 -20"><span class='ocrx_word' id='word_1_743' title='bbox 365 5321 482 5401; x_wconf 63' lang='lat' dir='ltr'><strong>gub</strong></span> <span class='ocrx_word' id='word_1_744' title='bbox 524 5324 709 5396; x_wconf 86' lang='lat' dir='ltr'><strong>Colb.,</strong></span> <span class='ocrx_word' id='word_1_745' title='bbox 757 5321 1202 5401; x_wconf 79' lang='grc' dir='ltr'>ἀποκαλύφθητε.</span> <span class='ocrx_word' id='word_1_746' title='bbox 1255 5321 1394 5399; x_wconf 79' lang='lat' dir='ltr'><strong>Reg.</strong></span> <span class='ocrx_word' id='word_1_747' title='bbox 1457 5321 1777 5396; x_wconf 56' lang='lat' dir='ltr'><strong>secundus,</strong></span> <span class='ocrx_word' id='word_1_748' title='bbox 1827 5324 2020 5379; x_wconf 85' lang='grc' dir='ltr'>ἀνακα-</span> 
     </span>
    </p>
   </div>
   <div class='ocr_carea' id='block_1_107' title="bbox 367 5332 2028 5524">
    <p class='ocr_par' dir='ltr' id='par_1_107' title="bbox 367 5332 2020 5524">
     <span class='ocr_line' id='line_1_107' title="bbox 367 5332 2020 5452; baseline -0.002 -71"><span class='ocrx_word' id='word_1_749' title='bbox 367 5339 482 5452; x_wconf 54' lang='grc' dir='ltr'><strong>ἳμθ</strong></span> <span class='ocrx_word' id='word_1_750' title='bbox 524 5332 709 5396; x_wconf 86' lang='lat' dir='ltr'><strong>Colb.,</strong></span> <span class='ocrx_word' id='word_1_751' title='bbox 757 5332 1202 5401; x_wconf 79' lang='grc' dir='ltr'>ἀποκαλυφθητε.</span> <span class='ocrx_word' id='word_1_752' title='bbox 1255 5332 1394 5399; x_wconf 77' lang='lat' dir='ltr'><strong>Reg.</strong></span> <span class='ocrx_word' id='word_1_753' title='bbox 1457 5332 1777 5396; x_wconf 56' lang='lat' dir='ltr'><strong>secundus,</strong></span> <span class='ocrx_word' id='word_1_754' title='bbox 1827 5332 2020 5379; x_wconf 85' lang='grc' dir='ltr'>ἀνακα-</span> 
     </span>
     <span class='ocr_line' id='line_1_108' title="bbox 407 5405 2014 5524; baseline 0 0"><span class='ocrx_word' id='word_1_755' title='bbox 407 5405 760 5524; x_wconf 38' lang='lat' dir='ltr'><strong>“flgitium</strong></span> <span class='ocrx_word' id='word_1_756' title='bbox 790 5472 1011 5524; x_wconf 84' lang='lat' dir='ltr'><strong>nostra.</strong></span> <span class='ocrx_word' id='word_1_757' title='bbox 1038 5467 1115 5524; x_wconf 78' lang='grc' dir='ltr'><strong>ὡς</strong></span> <span class='ocrx_word' id='word_1_758' title='bbox 1149 5464 1309 5524; x_wconf 75' lang='grc' dir='ltr'>μηδέ.</span> <span class='ocrx_word' id='word_1_759' title='bbox 1343 5468 1580 5524; x_wconf 87' lang='lat' dir='ltr'><strong>Veteres</strong></span> <span class='ocrx_word' id='word_1_760' title='bbox 1610 5470 1836 5524; x_wconf 86' lang='lat' dir='ltr'><strong>aliauot</strong></span> <span class='ocrx_word' id='word_1_761' title='bbox 1854 5465 2014 5524; x_wconf 89' lang='lat' dir='ltr'><strong>libri.</strong></span> 
     </span>
    </p>
   </div>
   <div class='ocr_carea' id='block_1_108' title="bbox 2139 5332 3798 5524">
    <p class='ocr_par' dir='ltr' id='par_1_108' title="bbox 2139 5332 3798 5524">
     <span class='ocr_line' id='line_1_109' title="bbox 2200 5332 3470 5395; baseline -0.009 -16"><span class='ocrx_word' id='word_1_762' title='bbox 2200 5332 2314 5395; x_wconf 84' lang='grc'>(15)</span> <span class='ocrx_word' id='word_1_763' title='bbox 2358 5332 2441 5379; x_wconf 87' lang='lat' dir='ltr'><strong>lta</strong></span> <span class='ocrx_word' id='word_1_764' title='bbox 2476 5337 2622 5377; x_wconf 79' lang='lat' dir='ltr'><strong>mea.</strong></span> <span class='ocrx_word' id='word_1_765' title='bbox 2655 5332 2881 5374; x_wconf 91' lang='lat' dir='ltr'><strong>omnes.</strong></span> <span class='ocrx_word' id='word_1_766' title='bbox 2916 5332 3070 5373; x_wconf 66' lang='lat' dir='ltr'><strong>nam</strong></span> <span class='ocrx_word' id='word_1_767' title='bbox 3103 5332 3261 5380; x_wconf 86' lang='lat' dir='ltr'><strong>vero,</strong></span> <span class='ocrx_word' id='word_1_768' title='bbox 3290 5332 3360 5368; x_wconf 79' lang='grc' dir='ltr'><strong>ἰο</strong></span> <span class='ocrx_word' id='word_1_769' title='bbox 3392 5332 3470 5368; x_wconf 91' lang='grc' dir='ltr'>οε.</span> 
     </span>
     <span class='ocr_line' id='line_1_110' title="bbox 2196 5386 3798 5524; baseline -0.009 -73"><span class='ocrx_word' id='word_1_770' title='bbox 2196 5393 2518 5524; x_wconf 46' lang='grc' dir='ltr'>(16γὶΕάὶιὶ,</span> <span class='ocrx_word' id='word_1_771' title='bbox 2552 5386 2852 5475; x_wconf 68' lang='grc' dir='ltr'>ἐδυνάμην.</span> <span class='ocrx_word' id='word_1_772' title='bbox 2886 5389 2957 5472; x_wconf 64' lang='grc' dir='ltr'><strong>μ</strong></span> <span class='ocrx_word' id='word_1_773' title='bbox 3008 5387 3195 5473; x_wconf 75' lang='lat' dir='ltr'><strong>nostri</strong></span> <span class='ocrx_word' id='word_1_774' title='bbox 3252 5403 3355 5443; x_wconf 83' lang='lat' dir='ltr'><strong>sex</strong></span> <span class='ocrx_word' id='word_1_775' title='bbox 3402 5398 3572 5468; x_wconf 61' lang='lat' dir='ltr'><strong>mam.</strong></span> <span class='ocrx_word' id='word_1_776' title='bbox 3607 5396 3798 5433; x_wconf 81' lang='grc' dir='ltr'>ουναι-</span> 
     </span>
     <span class='ocr_line' id='line_1_111' title="bbox 2139 5454 3797 5524; baseline -0.007 -5"><span class='ocrx_word' id='word_1_777' title='bbox 2139 5486 2260 5524; x_wconf 62' lang='grc' dir='ltr'>ιην.</span> <span class='ocrx_word' id='word_1_778' title='bbox 2348 5483 2460 5522; x_wconf 92' lang='lat' dir='ltr'><strong>unc</strong></span> <span class='ocrx_word' id='word_1_779' title='bbox 2488 5465 2622 5521; x_wconf 77' lang='lat' dir='ltr'><strong>Jobi</strong></span> <span class='ocrx_word' id='word_1_780' title='bbox 2653 5461 2853 5518; x_wconf 87' lang='lat' dir='ltr'><strong>locum</strong></span> <span class='ocrx_word' id='word_1_781' title='bbox 2883 5475 3147 5516; x_wconf 78' lang='lat' dir='ltr'><strong>Invenire</strong></span> <span class='ocrx_word' id='word_1_782' title='bbox 3177 5475 3293 5515; x_wconf 90' lang='lat' dir='ltr'><strong>non</strong></span> <span class='ocrx_word' id='word_1_783' title='bbox 3326 5454 3797 5524; x_wconf 81' lang='lat' dir='ltr'><strong>potu1.Fortssse</strong></span> 
     </span>
    </p>
   </div>
   <div class='ocr_carea' id='block_1_109' title="bbox 433 5454 3797 5550">
    <p class='ocr_par' dir='ltr' id='par_1_109' title="bbox 433 5454 3797 5550">
     <span class='ocr_line' id='line_1_112' title="bbox 433 5454 3797 5550; baseline -0.004 -26"><span class='ocrx_word' id='word_1_784' title='bbox 433 5454 760 5550; x_wconf 37' lang='lat' dir='ltr'><strong>(&#39;léjhfjlditio</strong></span> <span class='ocrx_word' id='word_1_785' title='bbox 790 5472 1011 5533; x_wconf 86' lang='lat' dir='ltr'><strong>nostra,</strong></span> <span class='ocrx_word' id='word_1_786' title='bbox 1038 5467 1115 5530; x_wconf 82' lang='grc' dir='ltr'><strong>ὡς</strong></span> <span class='ocrx_word' id='word_1_787' title='bbox 1149 5464 1309 5540; x_wconf 79' lang='grc' dir='ltr'>μηδέ.</span> <span class='ocrx_word' id='word_1_788' title='bbox 1343 5468 1580 5525; x_wconf 87' lang='lat' dir='ltr'><strong>Veteres</strong></span> <span class='ocrx_word' id='word_1_789' title='bbox 1610 5470 1836 5542; x_wconf 89' lang='lat' dir='ltr'><strong>aliquot</strong></span> <span class='ocrx_word' id='word_1_790' title='bbox 1854 5465 2014 5535; x_wconf 90' lang='lat' dir='ltr'><strong>libri,</strong></span> <span class='ocrx_word' id='word_1_791' title='bbox 2127 5454 2260 5550; x_wconf 64' lang='grc' dir='ltr'>μήν.</span> <span class='ocrx_word' id='word_1_792' title='bbox 2294 5454 2460 5550; x_wconf 79' lang='lat' dir='ltr'><strong>Hunc</strong></span> <span class='ocrx_word' id='word_1_793' title='bbox 2488 5454 3797 5550; x_wconf 33' lang='lat' dir='ltr'><strong>Jobilocu&#39;muignvenirenonupotuiliogtppie</strong></span> 
     </span>
    </p>
   </div>
   <div class='ocr_carea' id='block_1_110' title="bbox 360 5524 2028 5616">
    <p class='ocr_par' dir='ltr' id='par_1_110' title="bbox 360 5524 2013 5616">
     <span class='ocr_line' id='line_1_113' title="bbox 360 5524 2013 5616; baseline 0 0"><span class='ocrx_word' id='word_1_794' title='bbox 360 5524 715 5616; x_wconf 52' lang='grc' dir='ltr'>ὡςῖμὴδεγε.</span> <span class='ocrx_word' id='word_1_795' title='bbox 807 5606 819 5616; x_wconf 91' lang='grc'>.</span> <span class='ocrx_word' id='word_1_796' title='bbox 933 5524 1011 5616; x_wconf 72' lang='grc'>,⁷</span> <span class='ocrx_word' id='word_1_797' title='bbox 1100 5524 1224 5616; x_wconf 76' lang='grc' dir='ltr'><strong>’ἶ’</strong></span> <span class='ocrx_word' id='word_1_798' title='bbox 1426 5608 1436 5616; x_wconf 91' lang='grc'>.</span> <span class='ocrx_word' id='word_1_799' title='bbox 2001 5524 2013 5535; x_wconf 87' lang='grc'><em>”</em></span> 
     </span>
    </p>
   </div>
   <div class='ocr_carea' id='block_1_111' title="bbox 2139 5524 3783 5616">
    <p class='ocr_par' dir='ltr' id='par_1_111' title="bbox 2139 5524 3783 5616">
     <span class='ocr_line' id='line_1_114' title="bbox 2139 5524 3783 5616; baseline -0.008 -22"><span class='ocrx_word' id='word_1_800' title='bbox 2139 5524 2465 5616; x_wconf 42' lang='lat' dir='ltr'><strong>amentem</strong></span> <span class='ocrx_word' id='word_1_801' title='bbox 2489 5533 2748 5616; x_wconf 64' lang='lat' dir='ltr'><strong>cuipiam</strong></span> <span class='ocrx_word' id='word_1_802' title='bbox 2781 5532 2979 5616; x_wconf 73' lang='lat' dir='ltr'><strong>venire</strong></span> <span class='ocrx_word' id='word_1_803' title='bbox 3013 5531 3247 5616; x_wconf 69' lang='lat' dir='ltr'><strong>poterit,</strong></span> <span class='ocrx_word' id='word_1_804' title='bbox 3292 5524 3471 5616; x_wconf 65' lang='lat' dir='ltr'><strong>verba</strong></span> <span class='ocrx_word' id='word_1_805' title='bbox 3535 5524 3783 5616; x_wconf 65' lang='lat' dir='ltr'><strong>quidpm</strong></span> 
     </span>
    </p>
   </div>
   <div class='ocr_carea' id='block_1_112' title="bbox 428 5595 2028 5685">
    <p class='ocr_par' dir='ltr' id='par_1_112' title="bbox 428 5595 2010 5685">
     <span class='ocr_line' id='line_1_115' title="bbox 428 5595 2010 5685; baseline -0.002 -17"><span class='ocrx_word' id='word_1_806' title='bbox 568 5608 740 5685; x_wconf 75' lang='lat' dir='ltr'><strong>Editi,</strong></span> <span class='ocrx_word' id='word_1_807' title='bbox 764 5606 835 5685; x_wconf 59' lang='grc' dir='ltr'><strong>τά</strong></span> <span class='ocrx_word' id='word_1_808' title='bbox 858 5607 1114 5685; x_wconf 83' lang='grc' dir='ltr'>νεότητος</span> <span class='ocrx_word' id='word_1_809' title='bbox 1142 5608 1530 5685; x_wconf 70' lang='grc' dir='ltr'>ἡμαρτημένα.</span> <span class='ocrx_word' id='word_1_810' title='bbox 1586 5613 1825 5685; x_wconf 14' lang='grc' dir='ltr'>Ᾱέίῐηεε.</span> <span class='ocrx_word' id='word_1_811' title='bbox 1859 5625 2010 5685; x_wconf 70' lang='lat' dir='ltr'><strong>npu-</strong></span> 
     </span>
    </p>
   </div>
   <div class='ocr_carea' id='block_1_113' title="bbox 2139 5595 3784 5685">
    <p class='ocr_par' dir='ltr' id='par_1_113' title="bbox 2139 5595 3784 5685">
     <span class='ocr_line' id='line_1_116' title="bbox 2139 5595 3784 5685; baseline -0.007 -23"><span class='ocrx_word' id='word_1_812' title='bbox 2139 5609 2248 5665; x_wconf 83' lang='lat' dir='ltr'><strong>lobi</strong></span> <span class='ocrx_word' id='word_1_813' title='bbox 2281 5595 2700 5685; x_wconf 11' lang='lat' dir='ltr'><strong>nongessefsed</strong></span> <span class='ocrx_word' id='word_1_814' title='bbox 2731 5595 3123 5685; x_wconf 61' lang='lat' dir='ltr'><strong>periphrasin}</strong></span> <span class='ocrx_word' id='word_1_815' title='bbox 3158 5595 3502 5685; x_wconf 77' lang='lat' dir='ltr'><strong>quamdam,</strong></span> <span class='ocrx_word' id='word_1_816' title='bbox 3536 5595 3655 5685; x_wconf 76' lang='lat' dir='ltr'><strong>qua</strong></span> <span class='ocrx_word' id='word_1_817' title='bbox 3682 5595 3784 5685; x_wconf 74' lang='lat' dir='ltr'><strong>in-</strong></span> 
     </span>
    </p>
   </div>
   <div class='ocr_carea' id='block_1_114' title="bbox 358 5673 2028 5761">
    <p class='ocr_par' dir='ltr' id='par_1_114' title="bbox 358 5673 2009 5761">
     <span class='ocr_line' id='line_1_117' title="bbox 358 5673 2009 5761; baseline -0.003 -21"><span class='ocrx_word' id='word_1_818' title='bbox 358 5673 536 5761; x_wconf 46' lang='lat' dir='ltr'><strong>nulli,</strong></span> <span class='ocrx_word' id='word_1_819' title='bbox 559 5683 629 5738; x_wconf 79' lang='grc' dir='ltr'><strong>τὰ</strong></span> <span class='ocrx_word' id='word_1_820' title='bbox 655 5673 1012 5761; x_wconf 35' lang='grc' dir='ltr'>’ἔνι’νεότηῖοξ</span> <span class='ocrx_word' id='word_1_821' title='bbox 1038 5673 1419 5759; x_wconf 63' lang='grc' dir='ltr'>ἡμαρτημένα.</span> <span class='ocrx_word' id='word_1_822' title='bbox 1440 5683 1545 5741; x_wconf 80' lang='lat' dir='ltr'><strong>Alii</strong></span> <span class='ocrx_word' id='word_1_823' title='bbox 1576 5683 1840 5757; x_wconf 85' lang='lat' dir='ltr'><strong>quidam,</strong></span> <span class='ocrx_word' id='word_1_824' title='bbox 1857 5681 1925 5736; x_wconf 81' lang='grc' dir='ltr'><strong>τὰ</strong></span> <span class='ocrx_word' id='word_1_825' title='bbox 1948 5679 2009 5736; x_wconf 77' lang='grc' dir='ltr'>ὲκ</span> 
     </span>
    </p>
   </div>
   <div class='ocr_carea' id='block_1_115' title="bbox 2139 5673 3781 5761">
    <p class='ocr_par' dir='ltr' id='par_1_115' title="bbox 2139 5673 3781 5761">
     <span class='ocr_line' id='line_1_118' title="bbox 2139 5673 3781 5761; baseline -0.007 -27"><span class='ocrx_word' id='word_1_826' title='bbox 2139 5699 2342 5761; x_wconf 47' lang='grc' dir='ltr'>ηοτρι-οε</span> <span class='ocrx_word' id='word_1_827' title='bbox 2362 5673 3242 5761; x_wconf 46' lang='lat' dir='ltr'><strong>signiﬁCareﬁolu—erit,_Jobum</strong></span> <span class='ocrx_word' id='word_1_828' title='bbox 3298 5679 3547 5731; x_wconf 85' lang='lat' dir='ltr'><strong>mortem</strong></span> <span class='ocrx_word' id='word_1_829' title='bbox 3594 5673 3651 5725; x_wconf 91' lang='lat' dir='ltr'><strong>et</strong></span> <span class='ocrx_word' id='word_1_830' title='bbox 3680 5673 3781 5725; x_wconf 85' lang='lat' dir='ltr'><strong>tu-</strong></span> 
     </span>
    </p>
   </div>
   <div class='ocr_carea' id='block_1_116' title="bbox 356 5749 2028 5827">
    <p class='ocr_par' dir='ltr' id='par_1_116' title="bbox 356 5749 1612 5827">
     <span class='ocr_line' id='line_1_119' title="bbox 356 5749 1612 5827; baseline -0.002 -18"><span class='ocrx_word' id='word_1_831' title='bbox 356 5749 612 5827; x_wconf 76' lang='grc' dir='ltr'>νεότητος</span> <span class='ocrx_word' id='word_1_832' title='bbox 641 5749 1029 5827; x_wconf 80' lang='grc' dir='ltr'>ἡμαρτημένα.</span> <span class='ocrx_word' id='word_1_833' title='bbox 1065 5749 1093 5755; x_wconf 42' lang='grc'><strong>⁷⁷</strong></span> <span class='ocrx_word' id='word_1_834' title='bbox 1161 5749 1172 5759; x_wconf 87' lang='grc'><em>’</em></span> <span class='ocrx_word' id='word_1_835' title='bbox 1248 5749 1282 5756; x_wconf 68' lang='grc'><strong>’⁷</strong></span> <span class='ocrx_word' id='word_1_836' title='bbox 1590 5749 1612 5757; x_wconf 78' lang='grc'><em>’</em></span> 
     </span>
    </p>
   </div>
   <div class='ocr_carea' id='block_1_117' title="bbox 2139 5749 3307 5827">
    <p class='ocr_par' dir='ltr' id='par_1_117' title="bbox 2139 5749 3307 5824">
     <span class='ocr_line' id='line_1_120' title="bbox 2139 5749 3307 5824; baseline -0.006 -13"><span class='ocrx_word' id='word_1_837' title='bbox 2139 5749 2348 5812; x_wconf 79' lang='lat' dir='ltr'><strong>nulum</strong></span> <span class='ocrx_word' id='word_1_838' title='bbox 2379 5749 2492 5814; x_wconf 70' lang='lat' dir='ltr'><strong>sibi</strong></span> <span class='ocrx_word' id='word_1_839' title='bbox 2522 5749 2798 5824; x_wconf 89' lang='lat' dir='ltr'><strong>cupidius</strong></span> <span class='ocrx_word' id='word_1_840' title='bbox 2825 5751 3127 5822; x_wconf 88' lang='lat' dir='ltr'><strong>precatum</strong></span> <span class='ocrx_word' id='word_1_841' title='bbox 3158 5762 3307 5805; x_wconf 86' lang='lat' dir='ltr'><strong>esse.</strong></span> 
     </span>
    </p>
   </div>
  </div>
