4138 6386
394 361 512 420 405

1249 358 1654 420 COMMENT.
1705 359 1782 418 IN
1830 359 2101 420 ISAIAM
2144 361 2651 424 PROPHETAM.
2697 364 2868 424 CAP.
2914 364 2988 422 V.

3625 428 3638 435 μ
3701 361 3823 422 406

393 489 492 557 τὴν
547 485 797 561 ἀλλαγὴν
849 487 961 558 (17)
992 486 1099 540 τῶν
1147 485 1453 558 παρόντων,
1487 490 1576 542 καὶ
1620 488 1671 542 ἐν
1703 493 1771 562 τῇ
1819 486 2031 562 βελτίον

2175 508 2244 562 pe
2301 510 2431 548 cum
2494 512 2608 564 praa
2663 501 3028 567 peccatorum
3089 493 3470 549 multitudine
3543 491 3820 547 interitus

393 577 714 634 καταπάσαι
745 576 986 651 γενέσθαι
1015 575 1079 628 τὰ
1111 575 1414 648 σύμπαντα.

2162 587 2602 652 exspectaretur
2631 590 2688 638 et
2719 586 2980 652 exitium,
3041 584 3350 638 dicebant:
3405 583 3681 653 Agedum,
3734 581 3818 633 fa-

392 671 623 726 ciamus
659 669 836 738 mala,
869 674 927 722 et
958 675 1182 723 extram
1213 668 1546 739 iniquitatis
1579 668 2012 739 adimpleamus
2047 687 2419 728 mensuram:
2455 674 2535 728 ita
2587 679 2647 728 ut
2680 675 2875 728 veniat
2914 690 3111 728 rerum
3170 673 3545 744 praesentium
3598 671 3819 726 immu-

391 763 558 831 tatio,
594 765 651 814 et
683 761 959 814 universa
991 759 1046 812 in
1085 758 1311 813 meliori
1342 763 1500 814 statu
1538 761 1994 815 constituantur.

466 853 589 906 172.
626 848 762 906 Οὐαὶ
810 848 861 902 οἱ
913 845 1157 920 λέγοντες
1212 847 1274 900 τὸ
1323 847 1563 922 πονηρὸν
1615 846 1807 916 καλὸν,
1858 848 1947 902 καὶ
1995 848 2056 904 τὸ

395 937 562 994 καλὸν
622 936 887 1009 πονηρόν·
944 938 995 990 οἱ
1054 937 1286 997 τιθέντες
1343 936 1405 990 τὸ
1464 936 1657 998 σκότος
1689 942 1825 1011 φῶς,
1872 937 2056 992 καὶτὸ

402 1033 515 1107 φῶς
576 1025 787 1088 σκότος·
847 1025 900 1080 o't
951 1023 1185 1089 τιθέντες
1235 1025 1296 1078 τὸ
1353 1023 1525 1099 γλυκὺ
1585 1026 1798 1100 πικρὸν,
1858 1027 1945 1080 καὶ
1993 1027 2055 1080 τὸ

407 1117 598 1191 πικρὸν
628 1113 822 1191 γλυκύ.
850 1112 1070 1168 Τελείου
1121 1113 1177 1168 δέ
1217 1113 1329 1168 ἐστι
1375 1118 1474 1170 τοῦ
1509 1112 1597 1169 διὰ
1634 1116 1732 1183 τὴν
1759 1112 1865 1184 ἕξιν
1898 1137 2054 1189 γεγυ-

412 1207 683 1280 μνασμένα
711 1201 936 1281 ἔχοντος
964 1204 1031 1258 τὰ
1063 1203 1413 1277 αἰσθητήρια,
1461 1201 1749 1279 διακρίνειν
1799 1202 2052 1258 δύνασθαι

402 1298 500 1364 τὴν
530 1299 625 1349 τοῦ
655 1293 829 1348 καλοῦ
881 1293 1036 1366 φύσιν
1084 1292 1190 1346 ἀπὸ
1237 1297 1334 1347 τοῦ
1382 1294 1654 1367 πονηροῦ·
1697 1295 1789 1348 καὶ
1822 1291 2052 1366 δοκίμου

398 1381 740 1458 τραπεζίτου,
770 1382 830 1435 τὸ
859 1380 1027 1435 καλὸν
1060 1379 1331 1454 κατέχειν,
1376 1381 1480 1434 ἀπὸ
1513 1378 1570 1434 δὲ
1621 1381 1818 1442 παντὸς
1875 1378 2050 1442 εἴδους

396 1475 642 1546 πονηροῦ
678 1469 994 1545 ἀπέχεσθαι·
1030 1467 1420 1543 διεφθαρμένον
1457 1467 1514 1522 δὶ
1543 1467 1770 1544 ἔχοντος
1814 1473 1914 1533 τῆς
1949 1473 2050 1542 ψυ-

394 1567 506 1636 χῆς
536 1561 599 1616 τὸ
651 1561 957 1637 κριτήριον,
1009 1556 1421 1632 ἐνηλλαγμένας
1470 1559 1566 1619 τὰς
1602 1558 1894 1632 μαρτυρίας
1924 1558 2047 1632 περὶ

2239 852 2361 907 172.
2396 853 2567 909 Vens.
2601 855 2688 907 20.
2731 856 2813 909 Vae
2845 855 2938 926 qui
2992 854 3179 909 dicitis
3235 854 3447 908 malum
3494 853 3711 917 bonum,
3761 855 3820 905 et

2168 940 2368 995 bonum
2426 942 2676 997 malum:
2723 945 2819 1012 qui
2851 944 3052 1013 ponitis
3094 944 3346 998 tenebras
3394 942 3588 1005 lucem,
3633 943 3687 995 et
3727 939 3818 993 lu-

2165 1045 2280 1084 cem
2309 1031 2606 1085 Ienebras:
2641 1033 2738 1101 qui
2765 1032 2972 1101 ponitis
3001 1030 3160 1085 dulce
3186 1046 3464 1096 amarum,
3491 1033 3543 1085 et
3562 1044 3819 1084 amarum

2164 1118 2338 1174 dulce.
2373 1121 2469 1174 Est
2503 1128 2693 1174 autem
2728 1119 2962 1190 perfecti
3021 1118 3150 1183 viri,
3200 1120 3368 1188 cujus
3417 1123 3556 1174 sunt
3603 1132 3816 1174 sensus

2165 1224 2266 1279 per
2296 1209 2558 1263 habitum
2594 1206 2914 1272 exercitati,
2948 1213 3215 1262 naturam
3252 1207 3388 1261 boni
3417 1224 3449 1262 a
3481 1206 3634 1261 malo
3688 1205 3813 1261 dis-

2162 1297 2431 1369 tinguere
2493 1314 2664 1369 posse
2721 1299 2804 1365 “;
2866 1297 3127 1368 itemque
3208 1295 3442 1351 solertis
3509 1293 3812 1362 mensarii,

2163 1387 2315 1456 quod
2355 1388 2571 1442 bonum
2607 1390 2718 1455 est,
2759 1385 3030 1449 retinere,
3089 1389 3266 1455 atque
3325 1383 3398 1437 ab
3454 1383 3614 1438 omni
3673 1379 3816 1437 mali

2162 1477 2357 1546 specie
2389 1475 2685 1531 abstinere
2713 1476 2759 1510 ⁴⁸
2786 1492 2798 1530 :
2833 1475 2934 1530 sed
2963 1475 3062 1546 qui
3095 1478 3429 1544 corruptam
3466 1471 3814 1542 habetjudi-

2160 1565 2329 1620 candi
2357 1564 2715 1630 facultatem,
2741 1566 2869 1632 eius
2895 1564 3072 1619 estde
3099 1562 3570 1631 uniuscujusque
3587 1560 3814 1615 meritis

390 1657 494 1719 τῆς
542 1650 768 1705 ἑκάστου
823 1647 972 1718 ἀξίας
1025 1642 1366 1702 ἀποδιδόναι.
1413 1647 1511 1701 Καὶ
1555 1643 1697 1701 ἔοικε
1747 1644 1934 1716 πολλή
1967 1667 2035 1702 τι‹

2158 1654 2458 1709 instabilis
2490 1654 2829 1708 testimonia
2860 1652 3138 1724 proferre.
3174 1654 3362 1722 Atque
3393 1665 3607 1720 magna
3662 1665 3815 1718 quee-

393 1706 647 1816 εὗχέρεια
699 1737 834 1793 εἶναι
1006 1735 1312 1809 ἀνθρωπεία
1362 1737 1474 1808 (18)
1525 1734 1677 1810 φύσει
1728 1737 1864 1812 πρὸς
1890 1706 1952 1790 to
1981 1735 2035 1790 τᾶ

2159 1745 2291 1799 dam
2324 1742 2572 1797 facilitas
2602 1741 2878 1796 humanae
2910 1744 3134 1794 natura;
3191 1739 3386 1794 inesse
3431 1738 3662 1793 videtur
3709 1737 3810 1791 ad-

391 1828 600 1884 έναντία
649 1825 885 1898 δοξάζειν
932 1828 1000 1898 τῇ
1049 1827 1168 1897 περὶ
1217 1823 1439 1879 ἕκαστον
1491 1825 1737 1897 ἀληθείᾳ.
1785 1825 1882 1879 Καὶ
1936 1825 2044 1881 εἷ’θι

391 1917 480 1974 ἐπὶ
517 1917 718 1989 μόνους
762 1914 887 1977 τοὺς
933 1911 1036 1984 ἔξω
1081 1920 1181 1982 τῆς
1229 1915 1366 1967 κατᾶ
1411 1915 1506 1975 τὰς
1556 1914 1767 1992 Γραφᾶς
1815 1915 2046 1978 πίστεως

391 2005 615 2084 ἔφθανεν
647 2009 683 2076 ἡ
717 2003 981 2082 διαφωνία
1012 2003 1169 2073 αὕτη·
1206 2004 1257 2057 οἳ
1304 2001 1586 2067 ίσοπαλεῖς
1627 2001 1879 2078 λέγοντες
1909 2005 2042 2059 εἶναι

387 2097 519 2158 τοὺς
573 2093 696 2170 περὶ
756 2094 980 2148 ἑκάστου
1050 2092 1370 2167 πράγματος
1428 2090 1629 2166 λόγους
1663 2137 1677 2160 ,
1724 2095 1813 2147 καὶ
1872 2098 2044 2147 πᾶσαν

389 2184 670 2259 ένάργειαν
707 2184 836 2254 (19),
885 2182 948 2235 τὸ
988 2180 1110 2234 ὅσον
1161 2179 1242 2258 ἐφ’
1294 2181 1525 2249 ἑαυτοῖς,
1578 2181 1652 2243 εἲς
1701 2177 2039 2256 ἀμφιϐολίαν

388 2271 604 2349 ἄγουσι·
666 2270 874 2344 μέλανα
932 2270 1062 2324 εἶναι
1120 2270 1212 2324 τὸν
1273 2266 1537 2343 ἄργυπον,
1595 2268 1653 2324 ἐκ
1709 2275 1808 2324 τοῦ
1866 2271 1952 2326 ἰοῦ
1983 2271 2041 2325 ’ὸν

387 2361 601 2441 ἀφίησι,
633 2359 722 2414 καὶ
769 2357 977 2432 μέλανα
1024 2358 1154 2412 εἶναι
1201 2357 1295 2411 τὸν
1349 2355 1534 2429 ἥλιον,
1567 2356 1626 2411 ὲκ
1661 2362 1759 2412 τοῦ
1806 2360 1919 2430 (20)
1956 2379 2044 2432 με-

387 2451 593 2507 λαίνειν
651 2449 719 2504 τὰ
775 2447 1002 2520 σώματα
1032 2448 1113 2508 οἷς
1160 2446 1218 2501 ἂν
1277 2443 1362 2500 ἐπὶ
1405 2444 1570 2500 πλέον
1620 2446 2038 2521 προσὸμιλήσῃ,

385 2540 655 2616 λέγοντεςο
714 2542 804 2592 καί
854 2536 913 2590 ἐκ
966 2540 1073 2590 τῶν
1131 2535 1393 2590 τοιούτων
1448 2535 1509 2589 τὸ
1553 2542 1654 2604 τῆς
1704 2534 1913 2611 ἐποχῆς
1945 2557 2041 2591 κα-

381 2632 771 2699 τασκευάζουσι
824 2625 1027 2702 δόγμα,
1086 2626 1162 2687 ὡς
1213 2629 1312 2694 τῆς
1369 2626 1670 2696 αἰσθήσεως
1738 2625 2040 2702 παραλογι-

386 2721 558 2794 σμοὺς
614 2717 880 2794 ἐχούσης,
933 2717 1020 2770 καὶ
1085 2715 1191 2790 οὐχ
1250 2717 1338 2770 οἶά
1394 2715 1504 2770 ἐστι
1560 2719 1628 2789 τῇ
1687 2717 1839 2793 φύσει
1885 2737 2044 2772 κατα-

387 2805 782 2882 λαμϐανούσης
828 2807 896 2860 τὰ
938 2804 1255 2879 πράγματα,
1297 2802 1422 2858 ἀλλ’
1455 2804 1557 2858 ὑπὸ
1610 2805 1705 2877 μὲν
1736 2807 2040 2884 ζωγραφίας

391 2897 763 2970 ἀπατωμένων
813 2899 922 2949 τῶν
975 2891 1297 2968 όφθαλμῶνσ
1360 2891 1447 2946 ἐπὶ
1507 2891 1564 2948 δὲ
1609 2898 1706 2948 τοῦ
1752 2895 2042 2970 τραχήλου

389 2994 490 3057 τῆς
522 2991 838 3062 περιστερᾶς
890 2980 1092 3037 ἄλλοτε
1146 2979 1318 3042 ἄλλας
1371 2984 1544 3057 χρόας
1589 2980 2040 3055 μεταλαμὸανόν-

2156 1831 2444 1889 versantia
2468 1831 2942 1901 uniuscujusque
2964 1827 3044 1884 rei
3058 1827 3282 1883 veritati
3299 1844 3425 1882 com
3437 1824 3806 1882 miniscendi.

2159 1926 2225 1976 Et
2245 1923 2472 1976 utinam
2499 1921 2568 1974 ad
2594 1936 2692 1975 eos
2718 1918 2876 1974 solos
2898 1917 2995 1990 qui
3021 1934 3056 1972 a
3074 1917 3508 1988 Scripturarum
3534 1915 3648 1969 ﬁde
3669 1917 3811 1969 sunt

2153 2011 2432 2076 extranei,
2466 2008 2829 2081 pervenisset
2858 2007 3060 2061 isthtec
3089 2005 3501 2076 discrepantia.
3526 2003 3632 2067 Qui
3658 2004 3803 2058 dum

2151 2101 2355 2155 dicunt
2385 2113 2687 2154 sermones
2714 2098 2783 2152 de
2831 2090 2890 2150 re
2937 2094 3202 2166 qualibet
3253 2093 3485 2148 habitos
3535 2093 3800 2163 ejusdem

2151 2187 2429 2261 ponderis
2455 2203 2584 2242 esse
2631 2202 2699 2240 ac
2749 2185 3052 2250 momenti,
3102 2199 3358 2250 omnem,
3401 2187 3689 2253 quantum
3740 2181 3802 2235 in

2151 2277 2296 2348 ipsis
2327 2283 2434 2338 est,
2468 2276 2825 2330 evidentiam
2858 2274 2917 2327 in
2970 2271 3214 2343 ancipiti
3261 2270 3571 2326 collocant.
3622 2268 3806 2323 Aiunt

2150 2366 2418 2421 videlicet
2449 2370 2759 2436 argentum
2784 2379 2913 2417 esse
2931 2363 3164 2434 nigrum
3190 2366 3428 2432 propter
3448 2359 3804 2430 rubiginem,

2152 2473 2269 2527 qua
2291 2452 3008 2526 perfunditur,ipsumque
3031 2450 3214 2505 solem
3242 2450 3477 2519 nigrum
3491 2447 3805 2518 esse,quod

2150 2561 2216 2600 ea
2246 2559 2490 2616 corpora
2521 2543 2740 2612 quibus
2769 2540 2996 2595 diutius
3024 2539 3394 2604 immoratur,
3446 2537 3803 2608 nigrescant.

2155 2640 2335 2704 Atque
2363 2649 2432 2687 ex
2461 2631 2800 2700 bujusmodi
2843 2629 3169 2683 rationibus
3201 2642 3377 2682 suum
3408 2627 3480 2681 de
3509 2625 3804 2681 assensio-

2151 2725 2244 2778 nis
2288 2721 2610 2777 retentione
2658 2721 2874 2789 dogma
2919 2721 3176 2782 struunt,
3233 2721 3517 2786 tanquam
3567 2715 3806 2771 fallatur

2151 2828 2384 2875 sensus,
2419 2826 2523 2865 nec
2555 2825 2647 2864 res
2678 2806 2882 2881 quales
2912 2813 3120 2861 natura
3141 2805 3448 2868 exsistunt,
3475 2805 3803 2875 apprehen-

2152 2904 2271 2957 dat.
2307 2901 2418 2956 Sed
2453 2904 2517 2953 ut
2547 2914 2652 2969 per
2680 2897 2966 2968 picturam
3002 2894 3376 2965 decipiuntur
3404 2893 3597 2960 oculi;
3628 2894 3710 2948 ita
3739 2893 3800 2948 in

2152 2991 2439 3046 columbae
2469 2988 2616 3042 collo
2649 2987 2796 3040 alios
2816 2991 2873 3040 et
2895 2983 3040 3038 alios
3063 2983 3285 3038 colores
3311 2983 3800 3053 recipiunt,prout

391 3096 498 3130 των
531 3076 667 3149 πρὸς
695 3074 791 3136 τὰς
838 3071 1105 3132 ἐκκλίσεις
1155 3073 1268 3143 (2i)
1294 3075 1392 3125 τοῦ
1445 3072 1606 3140 ζώου.
1640 3073 1730 3126 καὶ
1777 3074 1871 3134 τὰς
1903 3075 2035 3150 πρὸς

2155 3081 2310 3134 varie
2339 3077 2596 3132 ﬂectitur
2625 3073 2864 3138 animal,
2897 3088 3078 3142 exque
3109 3071 3256 3125 radii
3287 3087 3354 3126 ac
3382 3071 3530 3124 lucis
3560 3071 3797 3140 objectu

389 3165 486 3230 τὴν
520 3163 706 3217 ἀκτῖνα
749 3163 981 3237 σχέσεις,
1033 3155 1638 3233 συμμεταϐαλλομένης
1683 3169 1782 3231 τῆς
1833 3159 2033 3236 ὅψεως.

395 3251 496 3306 Διᾶ
523 3255 684 3306 τοῦτο
714 3249 1092 3320 ἐπιστήσαντες
1129 3252 1198 3322 τῇ
1245 3247 1334 3302 διὰ
1362 3254 1468 3304 τῶν
1523 3249 1823 3324 ὀφθαλμῶν
1871 3273 2031 3306 κατα-

386 3339 580 3413 λήψει,
614 3337 738 3395 οὔτε
779 3342 845 3413 τῇ
901 3337 1079 3414 ἡμέρᾳ
1134 3337 1484 3405 συντίθενται,
1547 3335 1670 3393 οὔτε
1722 3341 1822 3409 τήν
1873 3340 2034 3397 νύκτα

379 3429 780 3503 ὁμολογοῦσιν,
825 3427 884 3482 ἐκ
933 3425 991 3482 δὲ
1038 3431 1138 3481 τοῦ
1187 3425 1497 3482 ἀκολούθου
1536 3428 1625 3482 καὶ
1658 3428 1735 3490 εἷς
1769 3429 2034 3501 ἀθεότητα

374 3517 697 3573 ἐκπίπτουσι
733 3520 865 3590 (22),
908 3519 1047 3590 μήτε
1101 3517 1146 3570 εἰ
1190 3517 1422 3592 προνοίᾳ
1473 3522 1607 3572 Θεοῦ
1657 3517 1940 3574 διοικεῖται
1969 3520 2032 3575 τὸ

371 3611 519 3676 πᾶν,
596 3608 735 3679 μήτε
812 3606 858 3660 εἰ
945 3605 1266 3678 αὐτομάτως
1336 3607 1553 3683 φέρεται
1637 3609 2028 3680 συντιθέμενοι.

369 3692 539 3756 Ἵδοις
571 3692 629 3750 δὲ
661 3691 720 3749 ἂν
753 3693 1005 3756 πολλοὺς
1039 3695 1128 3749 καὶ
1157 3699 1264 3748 τῶν
1314 3695 1748 3751 πεπιστευκότων
1780 3703 1896 3760 τοῖς
1939 3719 2030 3752 νο-

377 3789 559 3856 μικοῖς
609 3782 701 3839 καί
746 3788 1112 3862 προφητικοῖς
1160 3785 1469 3859 γράμμασι,
1520 3789 1587 3858 τῇ
1638 3806 1760 3862 περι
1807 3784 2029 3842 ἕκαστον

373 3871 584 3927 ἐντάσει
646 3874 782 3947 μετὰ
823 3872 1190 3944 πιθανύτητος
1224 3873 1692 3950 ἀπομαχομένους
1740 3875 1876 3950 πρὸς
1927 3877 2026 3945 τὴν

375 3961 657 4037 ἱνάργιιαν
715 3965 851 4035 (23),
910 3961 1049 4017 ὥστε
1102 3964 1424 4036 σαθροῦσθαι
1480 3964 1569 4018 καὶ
1619 3962 2026 4030 διασαλεύεσθαι

371 4052 436 4105 τὸ
467 4049 519 4106 ἐν
551 4056 671 4112 τοῖς
703 4048 964 4127 δόγμασιν
999 4050 1222 4121 ἀληθές.
1274 4049 1452 4107 Ἀλλὰ
1499 4053 1766 4109 πιστεύειν
1820 4055 1915 4127 μὲν
1953 4056 2028 4118 εἷς

375 4141 610 4214 Χριστὸν
658 4143 870 4211 Ἰησοῦν
940 4139 1279 4216 ὁμολογοῦσί
1321 4162 1461 4205 τινες
1490 4185 1505 4212 ,
1556 4142 1896 4218 εὑρίσκονται
1969 4143 2028 4200 δὲ

443 4277 490 4310 ⁴⁴
523 4276 694 4332 Hebr.
720 4293 774 4346 ν,
807 4277 895 4332 14.
973 4277 1018 4313 ⁸⁸
1049 4277 1072 4333 Ι
1104 4278 1313 4335 Thess.
1345 4296 1399 4348 v,
1431 4278 1524 4334 22.

767 4411 983 4520 et‘qug.
1010 4408 1739 4520 Brifgtlﬁz‘tﬁVFWXXaY‘lﬁv.
1772 4422 1898 4520 Atti!

371 4498 486 4570 que
512 4500 661 4549 ms.,
683 4481 790 4570 ,τὴν
822 4480 1097 4570 ἀλλῇιγῇν.
1130 4480 1525 4570 Statimmtres
1566 4480 1736 4570 mss.,
1787 4480 2024 4570 γενέσθαι

372 4553 443 4630 τὰ
467 4553 1125 4630 συμπτῴλχιατω-Ιὺίάοω
1183 4558 1242 4612 in
1292 4557 1466 4630 editis
1512 4553 1746 4630 legitur,
1801 4553 1900 4614 Καὶ
1949 4561 2022 4618 οἱ.

341 4625 486 4709 ,βοά
522 4643 625 4709 pro
655 4625 777 4708 illo.
802 4625 900 4680 Καὶ
926 4626 1005 4709 9t,
1038 4628 1346 4709 in_nostris
1393 4644 1490 4684 sex
1511 4625 1812 4688 codicibus
1834 4633 2022 4706 scrip-

369 4699 500 4751 tum
530 4697 886 4754 invenimus.
920 4697 1054 4752 Οὐαὶ
1083 4699 1153 4753 οἱ.

442 4768 556 4839 (18)
589 4769 738 4846 Editi
770 4776 827 4846 et
859 4770 994 4846 Reg.
1032 4771 1264 4843 tertius,
1307 4768 1634 4846 ἀνθρωπίνῃ.
1688 4772 1801 4829 Alii
1852 4774 2024 4846 quin-

373 4854 488 4916 que
507 4839 1024 4916 mss.,‘dvepwneiqz.

443 4912 557 4987 (19)
594 4913 743 4968 Editi
777 4912 965 4970 nostri
987 4912 1096 4970 sex
1145 4930 1315 4984 mss.,
1365 4913 1654 4987 ἐνέργειαν,
1708 4933 1811 4971 nec
1858 4916 2026 4972 aliter

372 4979 514 5065 legit
539 4979 858 5065 interpres,
891 5004 1026 5042 cum
1050 4992 1253 5056 vertat,
1285 4979 1605 5065 mnarng
1626 4979 1742 5044 uim
1771 4996 2026 5065 operato—

373 5056 538 5110 riam.
571 5055 773 5127 Neque
801 5065 997 5116 tamen
1032 5055 1283 5130 magnus
1315 5059 1412 5114 ille
1442 5055 1724 5116 librorum
1757 5055 2026 5116 omnium

377 5141 698 5208 consensus
729 5130 891 5208 facit,
917 5137 985 5187 ut
1024 5132 1108 5186 ita
1156 5130 1277 5208 legi
1325 5137 1592 5208 oportere
1629 5137 1859 5208 putem.
1906 5135 2026 5188 lmo

375 5199 512 5281 mibi
529 5199 1062 5281 persuasissimum
1081 5207 1170 5257 est
1191 5199 1473 5281 mendum
1488 5219 1617 5281 esse
1629 5199 2025 5281 librariorum,

371 5272 495 5341 qui,
513 5273 1057 5348 _cum_scribendum
1080 5280 1257 5343 esset,
1281 5272 1579 5348 ἐνάργειαν,
1601 5276 1838 5333 incaute
1885 5272 2028 5332 acri;

369 5345 619 5423 pserint,
654 5341 944 5423 tvtpvetav.
979 5341 1265 5423 Atqueea
1294 5341 1458 5402 de'r'e
1486 5341 1573 5402 eo'
1603 5350 1802 5423 minus
1852 5349 2030 5423 dubi-

369 5417 692 5492 tariposse
719 5417 992 5492 arbitror,
1027 5417 1184 5492 quod
1216 5434 1354 5492 non
1381 5435 1514 5492 raro
1567 5422 1810 5489 accidat,
1860 5427 1924 5474 ut
1969 5420 2028 5474 in

371 5486 606 5542 duabus
627 5487 718 5544 his
734 5486 1392 5546 vocibuseisoribendis
1406 5489 1706 5548 offendant
1722 5486 2033 5555 librarii,et

373 5557 548 5633 aliam
575 5559 690 5615 alia
705 5567 1088 5618 commutent.
1110 5563 1247 5633 Ejus
1261 5562 1497 5633 reicum
1516 5564 1702 5620 multa
1714 5565 1834 5619 sint
1846 5579 2033 5620 exem-

375 5630 492 5707 pla,
527 5647 715 5707 unum
741 5634 1029 5707 duntaxat
1044 5630 1314 5707 proferre
1342 5631 1504 5701 libet,
1535 5639 1689 5704 quod
1714 5652 1841 5691 sese
1864 5633 2034 5707 quasi

377 5699 704 5776 αὐτομάτως
731 5705 940 5762 offerre
967 5699 1199 5763 videtur
1242 5705 1390 5762 Nam
1417 5699 1534 5763 non
1553 5699 1651 5764 'ita
1671 5707 1856 5765 multo
1878 5699 2034 5778 post,

2148 3170 2498 3238 conspectus
2531 3168 2810 3218 mutatur.
2843 3161 3209 3232 Quapropter
3240 3175 3370 3214 cum
3405 3159 3669 3212 animum
3703 3159 3797 3213 in-

2145 3259 2396 3312 tendunt
2425 3255 2495 3307 ad
2528 3268 2655 3308 eam
2685 3267 2812 3322 quae
2845 3265 2947 3321 per
2976 3248 3178 3304 oculos
3209 3249 3277 3302 ﬁt
3333 3247 3791 3319 perceptionem,

2145 3361 2333 3417 neque
2363 3345 2514 3399 diem
2547 3356 2676 3396 esse
2725 3343 3016 3405 statuunt,
3065 3353 3253 3408 neque
3291 3337 3643 3391 conﬁtentur
3693 3351 3795 3390 no-

2143 3441 2316 3500 ctem,
2351 3438 2524 3505 atque
2581 3431 2788 3485 exinde
2835 3430 3228 3499 prolabuntur
3271 3426 3332 3481 in
3388 3425 3790 3496 impietatem:

2141 3539 2330 3592 neque
2361 3519 2628 3577 convenit
2656 3517 2810 3573 inter
2839 3517 2970 3570 illos
3028 3521 3224 3570 utrum
3280 3515 3380 3570 Dei
3432 3513 3795 3586 providentia

2143 3615 2545 3686 gubernentur
2574 3607 2794 3671 omnia,
2829 3623 2899 3659 an
2923 3610 3144 3660 temere
3165 3609 3224 3659 et
3247 3603 3483 3659 fortuito
3506 3603 3789 3659 ferantur.

2141 3703 2286 3766 Quin
2322 3706 2380 3755 et
2406 3699 2603 3753 videas
2637 3695 2922 3767 plurimos
2953 3695 3128 3748 etiam
3161 3709 3230 3748 ex
3255 3692 3352 3762 iis,
3381 3693 3481 3762 qui
3504 3691 3790 3761 legalibus

2138 3796 2197 3848 et
2246 3786 2603 3861 prOpheticis
2650 3785 2806 3841 504
2851 3781 3168 3852 Scripturis
3211 3782 3526 3849 credidere,
3591 3780 3790 3837 animo

2139 3881 2392 3952 quodam
2425 3878 2484 3931 in
2519 3875 2692 3930 rebus
2724 3872 2976 3944 singulis
3008 3871 3450 3943 propugnandis
3494 3870 3788 3925 obstinate

2139 3985 2272 4024 cum
2304 3962 2818 4022 verisimilitudine
2848 3958 3250 4031 perspicuitati
3279 3974 3345 4014 ac
3367 3957 3670 4013 evidentia:
3693 3973 3789 4014 re-

2136 4057 2368 4126 luctari,
2400 4056 2484 4109 sic
2517 4057 2583 4108 ut
2612 4052 2956 4122 dogmatum
2987 4047 3250 4102 labascat
3282 4048 3495 4102 veritas
3553 4053 3610 4103 et
3655 4063 3792 4102 con-

2137 4146 2413 4202 cutiatur.
2447 4143 2569 4198 lmo
2603 4135 2866 4194 nonnulli
2896 4137 3129 4192 credere
3159 4152 3220 4190 se
3243 4136 3482 4206 quidem
3505 4137 3790 4193 conﬁten-

1902 4417 2030 4474 uin-

2154 4414 2240 4472 lbi
2269 4417 2327 4470 et
2353 4412 2412 4467 in
2443 4409 2616 4486 editis
2646 4408 2790 4486 etin
2817 4407 3009 4462 tribus
3033 4422 3174 4486 mss.
3207 4405 3441 4486 legitur,
3493 4404 3788 4486 ἀπομαχο.

2141 4487 2335 4560 μένους
2360 4484 2498 4560 πρὸς
2527 4482 2628 4549 τὴν
2656 4478 2948 4560 ἐνέργειαν,
2982 4496 3112 4560 noxi
3134 4480 3382 4560 dubium
3425 4482 3516 4560 est
3544 4479 3686 4548 quin
3712 4478 3788 4560 ex

2135 4546 2266 4616 aliis
2299 4546 2491 4614 tribus
2522 4546 2662 4609 mss.
2697 4546 3012 4624 legendum
3046 4549 3143 4619 sit,
3165 4546 3628 4624 ἀπομαχομένους
3649 4549 3785 4624 πρᾷς

2135 4630 2430 4705 ἐνάργειαν,
2459 4618 2786 4705 pugnantes“
2802 4623 3062 4705 aduersus
3088 4618 3448 4705 θιιίᾱετξίιίίήιζ
3475 4618 3585 4678 Sed
3642 4618 3786 4694 quid

2135 4691 2351 4777 plura?
2369 4691 2504 4756 cum
2525 4691 2633 4777 ilic
2665 4695 2778 4777 legi
2809 4697 3040 4777 debere,
3073 4692 3244 4747 πάσαν
3265 4691 3562 4777 ένᾶρχειαγ,
3588 4691 3787 4777 inemo

2135 4763 2456 4863 pegat'urus
2490 4769 2587 4838 sit,
2613 4763 2867 4863 ‘nisiiqui
2908 4771 2967 4823 et
3011 4767 3137 4838 ipse
3187 4764 3324 4840 πρὸς
3359 4763 3470 4834 ’τὴν
3515 4763 3788 4839 ἐνάργειαν

2131 4840 2339 4916 cinctui“
2367 4854 2513 4907 εσθαι
2540 4840 2810 4897 voluerit.

2174 4863 2444 5002 υ(20))(816
2475 4917 2702 4985 antiqui
2737 4913 2960 4982 aliquot
3009 4907 3166 4964 libri.
3216 4907 3429 4964 Nostra
3480 4908 3677 4978 editio,
3727 4905 3788 4963 ὲκ

2131 5010 2240 5043 των
2253 5029 2265 5045 ο

2205 5060 2316 5130 (21)
2365 5058 2561 5130 Editi,
2591 5051 2910 5130 ἐπικλίσει-ς.
2963 5053 3034 5130 At
3079 5051 3341 5130 quinque
3388 5069 3555 5121 mss.,
3607 5048 3787 5105 ἐκκλί-

2135 5122 2270 5192 σείς.
2303 5122 2446 5204 Reg.
2481 5122 2728 5200 primus,
2761 5122 3073 5204 ἐκκλῃ-σίας,
3101 5123 3382 5204 pessime.

2210 5191 2320 5272 (22)
2350 5191 2435 5258 Itth
2467 5191 2612 5255 mss.
2644 5215 2869 5272 omnes.
2905 5191 3446 5272 Εόὶιίλμπίπτουσι,
3476 5195 3607 5250 Mox
3642 5195 3784 5267 Reg.

2139 5262 2436 5330 secundus
2463 5279 2519 5328 et
2548 5271 2707 5326 Colb.
2743 5269 2988 5341 primus,
3021 5262 3154 5341 ego?)
3182 5262 3426 5341 ⁸διοικεῖ.

2210 5345 2323 5417 (23)
2356 5345 2504 5400 Editi
2537 5348 2593 5417 et
2622 5334 2936 5417 tresmssq
2969 5336 3116 5417 πρὸς
3135 5336 3234 5401 τὴν
3267 5334 3553 5417 ἐνέργειαν,
3575 5415 3581 5417 Α
3602 5339 3790 5417 minor.

2138 5411 2231 5472 sua
2264 5411 2374 5472 vim
2402 5415 2621 5487 agendi,
2652 5412 2925 5487 pessime.
2961 5415 3034 5462 At
3065 5416 3309 5487 uterque
3339 5411 3592 5487 Colb._et
3640 5411 3786 5487 pitag.

2141 5478 2461 5556 secundus:
2489 5478 2626 5561 πρὸς
2652 5478 2755 5561 τὴν
2778 5480 3074 5553 ἐνάργειαν,
3121 5478 3391 5561 adversus
3434 5478 3789 5561 evidentiam,

2141 5561 2381 5632 optime.
2413 5548 2594 5630 [Jegas
2649 5555 2837 5611 velim
2870 5548 3007 5622 quae
3066 5548 3241 5620 paulo
3300 5555 3435 5606 ante
3485 5554 3559 5609 de
3609 5553 3791 5609 simili

2142 5633 2354 5688 mendo
2384 5632 2663 5686 diximus.
