4138 6376
322 381 443 444 40⁵7

325 606 568 675 Perfecti
595 606 653 661 in
679 607 862 663 eodem
891 624 1079 676 sensu,
1111 612 1209 663 aut
1256 610 1314 663 in
1368 608 1558 664 eadem
1608 607 1880 663 sententia
1911 604 1975 672 ιο,

326 693 429 749 sed
462 694 523 750 in
553 696 876 752 discordias
917 698 1170 753 maxime
1201 698 1352 753 inter
1375 715 1435 754 se
1458 698 1853 769 repugnantes
1886 693 1978 747 di-

322 781 627 841 viduntur.
667 786 782 840 Alii
812 785 1048 856 quidem
1084 788 1158 841 ob
1189 787 1653 859 simplicitatem,
1687 784 1786 839 alii
1844 797 1979 837 vero

326 887 434 927 nec
463 872 632 944 pauci
664 874 734 928 ob
766 873 1133 947 principatus
1174 876 1440 931 studium
1473 891 1539 931 ac
1576 873 1810 929 inanem
1861 870 1979 940 glo—

326 960 497 1029 riam,
532 960 704 1033 vulgo
736 964 1041 1019 ostendere
1069 965 1274 1021 volunt
1303 982 1482 1037 quam
1513 965 1634 1020 sint
1664 961 1981 1034 sapientes,

326 1066 618 1122 quamque
648 1052 980 1125 cognitione
1011 1054 1235 1110 caeteris
1266 1058 1563 1127 praestent.
1621 1053 1984 1123 QuaprOptcr

325 1140 535 1196 referta
567 1145 710 1198 sunt
741 1143 939 1199 omnia
972 1144 1312 1200 hominibus
1358 1142 1783 1200 dissidentibus
1829 1140 1987 1195 inter

327 1244 390 1283 se
419 1229 811 1303 dogmataque
842 1233 1170 1304 pugnantia
1199 1232 1595 1288 tradentibus:
1627 1231 1846 1303 quippe
1878 1244 1985 1285 suo

328 1317 575 1390 quisque
607 1321 867 1393 dogmati
902 1324 1118 1378 tuendo
1158 1323 1461 1394 praefracte
1508 1321 1754 1388 insistit,
1810 1324 1987 1391 atque

326 1406 569 1463 alterius
593 1409 809 1480 placita
831 1416 1086 1466 evertere
1114 1416 1173 1467 et
1193 1411 1493 1466 confutare
1514 1409 1986 1466 accerrimacon-

326 1496 591 1553 tentione
616 1504 880 1555 conatur.
921 1500 1151 1556 Utinam
1184 1504 1378 1557 autem
1411 1500 1452 1555 ii
1506 1499 1605 1572 qui
1657 1498 1986 1556 doctrinam

332 1587 716 1656 apostolicam
748 1589 1109 1659 observasse,
1142 1595 1318 1663 atque
1342 1590 1413 1646 ab
1438 1589 1722 1663 apostolis
1746 1604 1849 1660 per
1871 1592 1988 1643 tra-

334 1675 618 1731 ditionem
668 1678 965 1750 accepisse
1022 1695 1085 1736 se
1146 1679 1445 1753 Evangelii
1512 1677 1988 1750 praedicationem

1258 388 1658 449 APPENDIX
1702 380 2031 445 OPERUM
2076 381 2142 444 S.
2186 381 2469 444 BASILII
2514 382 2791 445 MAGNI.

327 516 425 569 tur
464 513 525 569 in
572 514 776 574 Jesum
826 517 1146 590 Christum,
1195 535 1300 576 nec
1348 522 1546 576 tamen
1596 516 1974 573 inveniuntur

2101 511 2167 580 αὴ
2227 512 2656 586 Κατηρτισμένοι

3626 387 3747 448 408

2742 512 2794 568 ἐν
2873 518 2952 585 τῷ
3010 513 3159 587 αύτῷ
3231 535 3336 584 vet,
3410 515 3501 571 καὶ
3564 513 3617 571 ἐν
3674 518 3746 590 τῇ

2089 599 2224 674 αὐτῇ
2276 604 2495 678 γνώμῃ,
2554 602 2684 658 ἀλλ’
2738 602 2814 667 είς
2864 604 2961 664 τὰς
3006 602 3398 669 ἰναντιωτάτας
3446 602 3747 682 διαφωνίας

2090 689 2542 765 ἀποσχιζὸμενοι’
2579 692 2631 747 o't
2672 693 2767 766 μὲν
2799 689 2888 748 διὰ
2932 691 3275 769 ἲδιωτισμὸν,
3310 693 3409 751 οὐκ
3455 693 3635 772 ὀλίγοι
3688 692 3747 751 δὲ

2088 779 2177 833 καὶ
2228 780 2279 833 οἳ
2326 777 2417 836 διὰ
2459 779 2754 858 φιλαρχίαν
2795 785 2910 858 (24)
2960 785 3051 838 καὶ
3099 781 3428 857 κενοδοξίαν,
3478 782 3743 841 ἐνεπιδεί-

2089 880 2309 933 κνυσθαι
2343 869 2590 935 θέλοντες
2612 876 2729 935 τοῖς
2758 870 2994 935 πολλοῖς
3035 874 3110 936 ὡς
3142 870 3246 951 ἄρα
3285 875 3385 929 εἶεν
3436 873 3621 949 σοφοὶ,
3652 875 3741 930 καὶ

2092 956 2226 1033 ὐπὶρ
2247 957 2373 1021 τοὺς
2406 957 2611 1022 ἄλλους
2656 962 2756 1030 τὴν
2800 966 3000 1037 γνῶσιν
3053 960 3243 1040 ἔχουσι
3440 965 3538 1019 Διὰ
3577 967 3746 1020 τοῦτο

2092 1047 2261 1100 πάντα
2311 1049 2640 1124 μαχομένων
2697 1048 2976 1121 ἀλλήλοις
3037 1051 3128 1107 καὶ
3181 1050 3745 1129 ἀντιδογματιζόντων

2092 1133 2475 1211 πεπλήρωται·
2527 1137 2751 1194 ἑκάστου
2807 1137 3134 1218 φιλονείκως
3186 1146 3265 1215 τῷ
3329 1139 3457 1216 ἲδίῳ
3514 1140 3753 1220 δόγματι

2093 1226 2517 1300 παρισταμένου,
2567 1228 2656 1283 καὶ
2705 1230 2842 1302 μετά
2894 1226 3190 1295 διατάσεως
3245 1228 3624 1310 σφοδροτάτης
3678 1232 3748 1288 τὰ

2093 1320 2191 1369 τοῦ
2249 1316 2432 1391 ἑτέρου
2489 1315 2806 1392 ἀνατρέπειν
2870 1319 2962 1374 καὶ
3030 1316 3338 1397 διελέγχειν
3398 1321 3745 1395 βιαζομένου.

2095 1401 2332 1478 Ὄφελον
2394 1401 2439 1459 δ’
2498 1406 2551 1460 οἱ
2606 1406 2902 1483 αύχοῦντες
2958 1412 3071 1483 (26)
3126 1410 3225 1479 τήν
3260 1408 3632 1481 ἀποστολικὴν
3664 1406 3749 1466 δι-

2098 1490 2392 1549 δασκαλίαν
2417 1497 2790 1570 τετηρηκέναι,
2838 1498 2929 1552 καὶ
2977 1498 3112 1552 κατὰ
3160 1495 3430 1574 διαδοχὴν
3479 1498 3571 1553 ἀπ’
3610 1497 3750 1555 ὲκεί-

2096 1604 2202 1638 νων
2251 1583 2315 1638 τὸ
2364 1586 2625 1660 κήρυγμα
2670 1590 2766 1640 τοῦ
2811 1586 3149 1663 Εύαγγελίου
3198 1586 3614 1667 παρειληφέναι,
3663 1585 3754 1643 διὰ

2098 1679 2196 1742 τῆς
2229 1674 2353 1750 περὶ
2382 1679 2488 1728 τῶν
2523 1671 2811 1749 δογμάτων
2841 1675 3155 1753 ὁμοφωνίας
3183 1674 3473 1748 ἐδείκνυον,
3506 1675 3591 1733 ὅτι
3624 1682 3754 1751 μιᾶς

336 1763 685 1836 gloriantur,
718 1768 1098 1824 ostenderent
1143 1784 1249 1839 per
1294 1785 1462 1825 suam
1510 1767 1665 1824 circa
1712 1769 1983 1840 dogmata

2101 1760 2202 1817 εἶσι
2238 1761 2375 1839 μέρη
2551 1771 2651 1834 τῆς
2680 1769 2914 1840 Χριστοῦ
2940 1764 3292 1836 Ἐκκλησίας.

339 1854 714 1911 concordiam
745 1872 809 1913 se
839 1857 1017 1913 unius
1050 1858 1316 1915 Ecclesiae
1346 1858 1558 1914 Christi
1598 1861 1793 1931 partes
1840 1872 1989 1913 esse.
2023 1891 2073 1957 Β

415 1943 537 1999 173.
571 1944 686 2001 Nec
714 1962 849 2002 vero
881 1947 952 2003 ad
985 1947 1293 2004 scientiam
1324 1947 1519 2005 solum
1550 1951 1610 2004 et
1650 1947 1723 2003 ad
1778 1944 1994 2003 doctri-

342 2045 503 2098 nam,
535 2034 637 2091 sed
669 2035 739 2091 ad
772 2052 951 2109 opera
978 2036 1157 2093 etiam
1196 2038 1457 2094 extendit
1504 2053 1567 2093 se
1612 2036 1814 2092 isthmc
1862 2051 1993 2109 per-

2177 1944 2301 2001 173.
2331 1942 2446 2001 Ούκ
2474 1943 2559 2000 ἰπὶ
2605 1945 2704 2015 τήν
2737 1948 2937 2022 γνῶσιν
2993 1942 3052 2002 δὲ
3108 1944 3273 2020 μόνον
3322 1947 3509 2024 φθάνει
3547 1943 3685 2018 αὕτη
3714 1947 3752 2017 ἠ

2100 2034 2342 2109 ταραχὴ,
2375 2031 2520 2090 ἀλλᾶ
2561 2035 2652 2090 καὶ
2701 2033 2789 2090 ἐπὶ
2835 2036 2930 2099 τὰς
2981 2035 3223 2113 πράξεις’
3257 2031 3406 2114 εἷ’περ
3449 2035 3602 2094 Εἰσὶν
3635 2032 3754 2092 ὁδοὶ

339 2122 595 2179 turbatio
616 2140 636 2178 :
669 2126 965 2196 siquidem
997 2126 1135 2183 Sunt
1164 2128 1273 2185 viae
1301 2127 1408 2184 viri
1427 2142 1551 2198 quae
1573 2126 1832 2183 videntur
1880 2140 1983 2182 esse

2102 2120 2298 2199 ἀνδρὸς
2357 2120 2613 2179 δοκοῦσαι
2672 2123 2825 2200 ὀρθαὶ
2885 2126 3037 2196 εἶναι,
3093 2125 3161 2181 τὰ
3213 2121 3271 2182 δὲ
3314 2123 3605 2182 τελευταῖα
3650 2126 3756 2182 αύ-

338 2218 524 2267 rectaz:
558 2216 858 2272 novissima
887 2222 1078 2272 tamen
1120 2233 1317 2273 earum
1362 2220 1607 2289 spectant
1645 2216 1705 2271 in
1751 2214 1983 2287 fundum

2101 2215 2207 2266 τῶν
2266 2214 2377 2286 (28)
2440 2210 2629 2287 βλέπει
2689 2212 2764 2276 εἷς
2846 2215 3093 2285 πυθμένα
3176 2211 3329 2287 ᾃδου·
3403 2212 3539 2286 καῖ,
3601 2216 3754 2271 Ἐστι

334 2300 553 2372 inferni
574 2302 648 2370 ‘7;
682 2307 760 2371 et,
790 2305 884 2361 Est
910 2306 1082 2375 iustus
1112 2307 1212 2379 qui
1238 2306 1387 2377 perit
1420 2307 1482 2362 in
1520 2305 1750 2379 justitia
1779 2321 1903 2375 sua,
1937 2307 1983 2360 et

2101 2298 2305 2363 δίκαιος
2364 2299 2753 2375 ἀπολλύμενος
2809 2301 2860 2356 έν
2921 2300 3117 2377 δικαίῳ
3173 2303 3359 2374 αὐτοῦ,
3410 2305 3499 2360 καὶ
3550 2299 3751 2375 ἀσεϐὴς

330 2389 533 2460 impius
553 2392 652 2463 qui
679 2396 862 2450 manet
888 2396 949 2450 in
989 2397 1220 2453 malitia
1247 2413 1350 2452 sua
1378 2397 1445 2451 ιθ.
1476 2395 1728 2462 Etenim,
1762 2394 1810 2451 si
1842 2393 1985 2467 quid

327 2479 724 2550 contemplatu
757 2480 995 2537 difﬁcile
1025 2486 1134 2550 est,
1166 2483 1240 2539 ad
1269 2482 1327 2539 id
1358 2500 1546 2556 genus
1579 2484 1832 2556 pertinet
1852 2499 1986 2539 vera

318 2565 574 2634 justitia.
608 2567 740 2624 Ideo
770 2575 829 2624 et
853 2570 1129 2628 Salomon
1161 2572 1363 2627 isthmc
1395 2577 1677 2644 tanquam
1720 2571 1875 2628 inter
1922 2588 1985 2627 se

326 2654 494 2727 paria
513 2672 580 2711 ac
608 2658 858 2729 zequalia
887 2659 1067 2715 simul
1101 2666 1432 2729 enumerat,
1467 2662 1555 2717 bis
1586 2661 1781 2717 verbis
1808 2686 1821 2716 :
1848 2661 1982 2716 Aui-

325 2743 647 2802 madvertas
703 2751 754 2803 et
804 2749 1133 2819 parabotam
1188 2754 1239 2805 et
1309 2750 1601 2806 obscurum
1656 2765 1981 2820 sermonem,

327 2831 585 2908 dictaque
611 2839 967 2909 sapientium,
996 2842 1047 2894 et
1078 2841 1378 2911 aenigmata
1407 2841 1484 2896 ηε
1520 2840 1802 2913 intelligas
1812 2841 1982 2912 justi-

331 2924 467 2979 tiam
520 2942 729 2995 veram,
781 2936 834 2983 et
873 2929 1161 2999 judicium
1206 2929 1417 3001 dirigas
1462 2930 1527 2986 ⁸ο.
1575 2929 1739 2985 Multi
1804 2930 1986 3002 igitur

330 3012 544 3085 raptim
568 3021 625 3070 et
655 3015 1001 3074 festinanter
1022 3019 1649 3092 pronuntiantjudicia
1671 3020 1982 3076 mutationi

329 3103 620 3174 obnoxia;
655 3106 874 3179 quippe
924 3107 1023 3180 qui
1079 3113 1398 3181 antequam
1450 3126 1544 3166 res
1594 3114 1833 3182 pateant
1881 3126 1985 3181 per

324 3191 600 3250 idoneam
632 3195 1142 3253 ratiocinationem
1176 3197 1543 3271 multamque
1574 3198 1980 3272 investigatio—

2101 2390 2275 2465 μένων
2308 2390 2362 2446 έν
2415 2390 2576 2462 κακίᾳ
2630 2390 2816 2448 αὐτοῦ.
2880 2391 2946 2447 Εἴ
3000 2394 3103 2470 γάρ
3154 2391 3207 2449 τί
3263 2392 3373 2449 ἔστι
3432 2390 3743 2471 δυσθεώρη-

2094 2501 2209 2552 τον,
2240 2479 2437 2537 τούτου
2482 2484 2580 2536 τοῦ
2627 2479 2814 2557 γένους
2860 2479 2921 2537 ἂν
2963 2480 3047 2553 εἵη
3100 2483 3187 2538 καὶ
3233 2484 3268 2553 ἡ
3296 2481 3512 2555 ἀληθὴς
3543 2480 3746 2540 δικαιο-

2096 2568 2252 2641 σύνη.
2300 2570 2393 2625 Διὸ
2436 2569 2586 2625 καὶὸ
2618 2567 2889 2643 Σολομὼν
2945 2572 3020 2633 ὡς
3071 2570 3318 2645 ὁμότιμα
3361 2577 3533 2628 ταῦτα
3571 2570 3749 2644 ἀλλή-

2095 2655 2217 2723 λοις
2268 2659 2606 2733 συναριθμεῖ,
2667 2656 2865 2736 λέγων’
2924 2658 3133 2731 Νοῆσαί
3183 2681 3243 2717 τε
3287 2656 3610 2738 παραϐολὰς
3659 2660 3750 2717 καὶ

2094 2749 2366 2804 σκοτεινὸν
2422 2746 2616 2823 λόγον⁹
2678 2748 2862 2825 ῥήσεις
2917 2770 2977 2805 τε
3026 2754 3207 2830 σοφῶν
3266 2752 3356 2807 καὶ
3415 2750 3746 2829 αῗνίγματασ

2093 2845 2297 2908 νοῆσαι»
2364 2833 2715 2909 δικαιοσύνην
2800 2837 2984 2910 ἀληθῆ
3070 2839 3162 2896 καὶ
3242 2846 3414 2915 κρῖμα
3486 2838 3747 2905 κατευθύ-

2091 2947 2223 2984 νειν.
2280 2925 2492 2983 Πολλοὶ
2541 2928 2633 2983 οὗν
2686 2927 2822 2983 κατὰ
2880 2931 3228 3006 συναρπαγὴν
3277 2927 3742 3006 παρηλλαγμένας

2091 3018 2188 3079 τὰς
2217 3016 2420 3092 κρίσεις
2467 3015 2773 3094 ἐκφέρουσι.
2827 3015 2934 3093 πρὸ
2976 3018 3338 3093 καταλήψεως
3380 3025 3480 3088 τῆς
3524 3017 3576 3092 ἐξ
3621 3019 3744 3073 ἱκα-

2091 3110 2186 3160 νοῦ
2245 3104 2412 3181 λόγου
2475 3106 2567 3161 καὶ
2626 3105 2714 3161 ἐπὶ
2770 3104 2970 3163 πλεῖον
3029 3107 3405 3183 έρευνηθὲντος
3462 3105 3746 3183 ἐγγινομέο

2090 3217 2189 3267 νης
2250 3198 2414 3269 (29),
2473 3190 2848 3259 ἀϐασανίστως
2903 3196 3040 3253 κατὰ
3094 3199 3418 3272 προπέτειαν
3475 3196 3570 3260 τὰς
3623 3196 3746 3271 περὶ

324 3298 482 3350 nem,
514 3289 734 3341 temere
765 3301 831 3343 ac
861 3287 1042 3343 nimis
1075 3294 1404 3361 properato,
1439 3289 1696 3360 dogmati
1740 3289 1981 3345 cuilibet

2101 3252 2318 3341 ἑκάστου
2347 3252 2644 3360 ’δόγματος
2706 3252 3021 3363 ῥιπτοῦντες
3071 3252 3508 3363 συγκαταθέσεις.
3556 3252 3631 3343 ⁷Ἣ
3692 3252 3751 3340 δὶ

323 3371 745 3428 assentiuntur.
781 3374 975 3430 Potest
1006 3381 1201 3431 autem
1265 3378 1462 3433 nativa
1512 3377 1842 3433 dialectices
1890 3377 1978 3433 vis

2101 3382 2189 3444 τῆς
2253 3372 2603 3444 διαλεκτικῆς
2664 3374 2822 3450 φύσις
2884 3376 3121 3449 μάλιστα
3176 3376 3526 3432 πεπίστευται
3582 3378 3751 3430 ταῦτα

324 3475 393 3516 ac
421 3460 689 3531 facultas,
724 3468 788 3520 ut
816 3466 1016 3536 opinio
1047 3471 1157 3533 est,
1190 3467 1312 3523 haec
1344 3473 1644 3540 praestare,
1695 3469 1977 3524 nimirum

2101 3465 2349 3540 παρέχειν
2402 3462 2681 3528 δύνασθαι·
2735 3462 2964 3539 διαιρεῖν
3012 3468 3271 3543 εύκρινῶς
3318 3466 3414 3528 τὰς
3464 3469 3571 3520 τῶν
3603 3485 3747 3542 πρα-

324 3549 601 3607 distincte
634 3567 829 3608 rerum
891 3559 1133 3609 naturas
1187 3556 1495 3613 dividere:
1546 3557 1859 3613 manifesta
1913 3574 1980 3613 ac

323 3636 502 3709 plana
532 3641 718 3696 facere
743 3657 870 3713 quea
895 3643 1162 3713 ejusdem
1187 3649 1327 3700 sunt
1345 3645 1608 3717 generis:
1647 3646 1981 3702 discernere

318 3742 457 3799 'qum
489 3733 630 3785 sunt
657 3731 968 3788 contraria.
1000 3732 1390 3797 Quamobrem
1421 3734 1522 3805 qui
1555 3734 1666 3790 sibi
1700 3740 1826 3791 erat
1849 3752 1983 3791 con-

330 3817 490 3872 scius
522 3833 584 3873 se
615 3817 811 3873 divina
840 3818 948 3874 hac
979 3820 1284 3876 dialectica
1315 3824 1628 3893 praeditum
1670 3841 1825 3893 esse,
1865 3826 1981 3880 aie-

330 3905 469 3962 bat:
498 3906 810 3962 Iucundum
841 3910 914 3964 sit
942 3909 1050 3964 tibi
1073 3907 1357 3981 eloquium
1387 3927 1570 3967 meum
1592 3913 1659 3969 ⁸³.
1693 3911 1801 3979 Qui
1823 3913 1980 3968 enim

328 3994 485 4051 rixas
516 3999 574 4051 et
597 3996 795 4069 jurgia
834 3999 1090 4055 excitant
1143 4005 1319 4073 atque
1367 4001 1565 4058 animo
1612 4004 1982 4061 contentioso

327 4084 754 4155 aggrediuntur
775 4087 1240 4159 negotia,eorum
1257 4090 1841 4162 dialecticejucunda
1864 4110 1978 4149 non

324 4176 429 4240 est,
464 4174 563 4228 sed
596 4182 922 4247 exasperat.
957 4179 1100 4231 Cum
1128 4182 1326 4233 autem
1380 4179 1503 4234 sint
1554 4181 1732 4236 trium
1780 4183 1982 4253 conju-

323 4261 612 4334 gationes,
645 4262 794 4320 lucis
824 4268 881 4320 et
911 4268 1309 4337 tenebrarum,
1344 4268 1481 4323 boni
1512 4273 1569 4324 et
1600 4269 1760 4342 mali,
1793 4271 1980 4327 amari

323 4357 383 4408 et
412 4352 627 4418 dulcis,
661 4353 858 4412 haecne
884 4372 1067 4411 unum
1105 4362 1245 4413 sunt
1277 4357 1560 4429 subjecto,
1594 4377 1665 4415 an
1701 4377 1735 4416 a
1772 4378 1835 4416 se
1886 4361 1981 4417 in—

321 4442 510 4497 vicem
543 4457 754 4515 genere
783 4444 1113 4500 diﬂ‘erunt?
1143 4445 1288 4501 Nam
1323 4464 1391 4503 ex
1414 4447 1808 4521 intelligentia
1838 4450 1979 4507 sim-

325 4529 567 4602 pliciore
594 4537 959 4604 compertum
992 4538 1082 4590 est
1110 4539 1167 4590 et
1195 4535 1587 4607 exploratum,
1619 4538 1820 4594 referri
1852 4557 1978 4595 ma-

2087 3552 2309 3630 γμάτων
2362 3552 2567 3632 φύσεις,
2622 3553 2712 3608 καὶ
2764 3554 2828 3608 τὰ
2881 3556 3117 3631 ὁμογενῆ
3172 3555 3485 3630 γνωρίζειν,
3535 3552 3627 3609 καί
3678 3553 3746 3609 τὰ

2091 3641 2302 3697 ἐναντία
2355 3640 2668 3715 διακρίνειν.
2719 3641 2916 3719 Διόπερ
2959 3641 3216 3699 συνειδὼς
3267 3645 3383 3718 (30)
3432 3644 3606 3715 ἑαυτῷ
3643 3643 3745 3712 τὴν

2092 3731 2234 3786 Θείαν
2287 3728 2637 3801 διαλεκτικὴν
2692 3728 2901 3808 ἔχοντι,
2961 3731 3120 3809 ἔλεγε
3174 3732 3259 3804 τὸ,
3319 3730 3604 3803 Ἠδυνθείη
3659 3753 3745 3788 σοι

2091 3825 2125 3893 ἡ
2161 3820 2391 3898 διαλογή
2446 3843 2569 3896 μου.
2625 3823 2690 3878 Ἠ
2733 3822 2837 3899 γὰρ
2875 3827 2982 3879 τῶν
3036 3823 3319 3901 ἐριστικῶν
3370 3822 3462 3880 καὶ
3503 3820 3746 3901 φιλονεί-

2089 3934 2200 3976 κως
2276 3907 2663 3967 ἐπιϐαινόντων
2737 3917 2854 3973 τοῖς
2909 3911 3188 3988 πράγμασι
3259 3909 3577 3982 διαλεκτικὴ
3638 3912 3751 3989 οὐχ

2089 4000 2268 4075 ἡδεῖα,
2302 4000 2447 4058 ἀλλὰ
2493 4000 3003 4076 παραπικραίνουσά
3051 4002 3137 4066 τίς
3179 4001 3315 4061 ἐστι.
3356 4005 3540 4080 Τριῶν
3576 3998 3633 4058 δὶ
3658 4023 3752 4058 συ-

2094 4095 2292 4167 ζυγιῶν
2342 4089 2539 4160 οὐσῶν,
2588 4090 2767 4168 φωτὸς
2812 4090 2902 4146 καὶ
2953 4092 3205 4165 σκότους,
3245 4094 3417 4148 κακοῦ
3463 4091 3555 4148 καὶ
3586 4111 3758 4162 πονη-

2092 4181 2211 4259 ροῦ,
2252 4184 2453 4257 πικροῦ
2495 4179 2586 4235 καὶ
2634 4178 2887 4255 γλυκέος,
2938 4181 3169 4258 πότερον
3217 4177 3272 4237 ἵν
3320 4179 3431 4237 ἐστι
3479 4186 3559 4254 τῷ
3613 4180 3755 4237 ὁπο-

2089 4270 2326 4344 κειμένῳ
2368 4274 2557 4337 ταῦτα,
2609 4268 2644 4339 ἢ
2703 4271 2840 4325 κατὰ
2894 4270 3051 4345 γένος
3113 4268 3382 4342 ἀλλήλων
3425 4267 3755 4340 ἀποδιέστηο

2088 4381 2177 4416 κεν
2226 4362 2336 4435 (31)
2351 4382 2375 4430 ;
2403 4360 2494 4422 Ὠς
2545 4359 2641 4433 μὶν
2692 4356 2786 4414 οὖν
2835 4359 2972 4434 πρὸς
3018 4359 3083 4415 τὸ
3133 4358 3509 4438 ἁπλούστερον
3566 4359 3753 4438 σαφὶς,

2091 4452 2176 4507 ὅτι
2204 4450 2266 4505 τὸ
2295 4449 2536 4523 πονηρὸν
2571 4448 2661 4504 ἐπὶ
2682 4455 2784 4519 τῆς
2814 4454 2923 4504 τῶν
2953 4451 3102 4520 ἠθῶν
3138 4450 3454 4528 μοχθηρίας
3482 4448 3753 4506 τέτακται’

2090 4541 2265 4596 καλὸν
2320 4536 2379 4595 δὲ
2420 4538 2696 4614 ὁρίζονται
2740 4538 2938 4615 ἀγαθὸν
2987 4539 3288 4597 ἐπαινετόν.
3320 4536 3516 4607 Πάλιν,
3565 4537 3754 4600 σκότος

327 4618 456 4675 lum
489 4619 562 4675 ad
595 4635 825 4676 morum
857 4622 1007 4680 505
1062 4625 1433 4696 pravitatem.
1491 4629 1713 4682 Bonum
1764 4634 1982 4703 autem,

2101 4631 2222 4705 μὲν,
2282 4629 2389 4705 ἀὴρ
2449 4627 2813 4705 ἐστερημένος
2870 4629 3073 4708 φωτός
3132 4633 3250 4708 φῶς
3298 4625 3377 4700 δὶ,
3428 4626 3587 4684 οὐσία

331 4714 400 4768 ut
429 4709 725 4782 deﬁnitur,
756 4712 919 4770 estid
937 4715 1091 4786 quod
1116 4716 1651 4774 commendandum
1676 4723 1768 4777 est
1786 4723 1843 4777 et
1863 4719 1988 4779 lau-

2098 4718 2385 4789 διαλυτική
2447 4717 2703 4781 σπότούς.
2762 4717 2960 4792 Πάλιν,
3011 4717 3187 4796 γλυκὺ
3241 4716 3337 4794 μέν
3385 4716 3496 4774 ἔστι
3536 4714 3759 4788 λειότης

405 4828 451 4865 ⁴⁸
479 4832 505 4884 Ι
537 4827 667 4886 Cor.
702 4844 742 4901 ι,
774 4830 861 4886 10.
938 4831 980 4866 ⁴“¹
1013 4831 1179 4889 Prov.
1210 4848 1330 4902 xvr,
1362 4833 1455 4891 25.
1530 4834 1575 4870 ⁴⁸
1607 4835 1792 4894 Eccle.
1825 4855 1926 4910 vn,
1961 4841 1983 4897 1

2126 4841 2173 4877 ⁸ο
2202 4839 2366 4897 Prov.
2401 4855 2442 4910 ι,
2476 4838 2532 4895 6.
2610 4837 2656 4875 ⁵ο
2684 4837 2831 4895 ibid.
2866 4841 2919 4907 3,
2995 4838 3040 4876 ³1
3073 4837 3231 4896 Psal.
3265 4852 3388 4907 cm,
3425 4837 3516 4894 34.

405 4944 517 5018 (24)
545 4945 878 5032 ‘Bece‘ntior
931 4948 1264 5032 Combeﬁ‘sii
1324 4951 1546 5032 code§,_
1584 4948 1671 5006 διὰ
1720 4954 1985 5032 φιλαργυτ

332 5012 474 5092 ρίαν,
500 5012 567 5092 et
592 5019 679 5074 ita
708 5017 924 5092 legisse

333 5162 623 5254 tanien-et.
653 5161 751 5254 alii
783 5164 1045 5254 quinque
1078 5182 1246 5254 mss,
1274 5162 1363 5254 8‘1?
1394 5161 1717 5254 φιλαρχίαν,
1744 5171 1808 5228 ob
1828 5174 1985 5245 prin-

332 5232 847 5319 cipatus'studium,
866 5232 1121 5319 rectius.
1150 5232 1313 5319 Hua'ud
1335 5232 1504 5313 longe
1529 5232 1987 5319 quinquc_mss.,

331 5298 1014 5368 ἐν-επιδείκνυσθαι.Ἐ(]ιῐὶ
1074 5317 1132 5366 et
1178 5312 1317 5385 Reg.
1368 5298 1639 5384 quartus,
1691 5298 1989 5370 ὶπίδέίέᾷιὶί

332 5385 476 5438 σθαι.

406 5448 519 5519 (25)
550 5447 794 5521 Antiqui
824 5467 925 5506 sex
958 5452 1110 5521 libri,

334 5588 531 5677 ἔχωσι,
567 5609 746 5677 quam
777 5588 988 5667 ticum.

410 5666 518 5740 (26)
550 5666 644 5723 Sic
701 5666 846 5724 mss.
892 5669 1079 5725 nostri
1125 5687 1347 5729 omnes.
1396 5672 1573 5744 Editi,
1623 5672 1678 5727 οἱ
1724 5676 1993 5751 καυγοῦνσ

334 5753 445 5800 τις·

977 5022 1276 5092 putandus
1296 5095 1308 5099 _
1332 5027 1421 5099 est
1464 5022 1833 5099 Tilmann'us,
1859 5022 1987 5099 'qui

328 5089 589 5169 verterit,
606 5105 724 5169 per
737 5089 1066 5169 auiditatem
1121 5095 1476 5169 cumulandae
1512 5100 1782 5169 pecuniae.
1818 5089 1988 5157 'Ed'iti

1141 5457 1333 5532 γνῶσι-ν
1363 5451 1574 5532 ἔχουσι,
1608 5457 1732 5532 Yox
1773 5456 1987 5532 ἔχουσι.

335 5536 649 5593 operarum
697 5521 1012 5593 diligentiae
1059 5521 1466 5585 intercederet.
1518 5529 1717 5585 Malim
1790 5521 1987 5587 tamen

2169 4957 2442 5041 (2?”on-
2473 4949 2616 5039 μέλη
2649 4952 2761 5041 hoc
2790 4952 2916 5012 loco
2936 4955 3473 5041 magis‘arrideret';
3495 4952 3758 5041 sedicui‘n

2097 5023 2363 5086 in'editis
2394 5033 2452 5083 et
2475 5023 2538 5081 in
2571 5026 2797 5101 nostris
2820 5043 2921 5101 sex
2948 5023 3093 5084 mss.
3131 5027 3366 5101 legatur
3397 5023 3561 5099 μέρη,
3583 5023 3758 5096 quid-

2097 5118 2276 5186 quam
2310 5098 3067 5186 mutare,nefasdu1§imus:
3195 5098 3216 5101 “
3364 5098 3405 5186 7'
3470 5098 3475 5099 ί
3521 5166 3581 5186 m
3669 5164 3723 5186 μ’

2168 5174 2278 5247 (28)
2310 5172 2486 5240 Editi,
2516 5166 2712 5241 αὐτῆς,
2770 5170 2941 5229 male.
2997 5176 3075 5227 At
3117 5187 3264 5227 mss.
3311 5166 3607 5235 nonnulli,
3662 5166 3757 5220 αὗ-

2095 5262 2200 5299 των
2213 5289 2225 5301 .

2193 5319 2281 5390 29)
2312 5317 2548 5390 Veteres
2580 5313 2802 5390 aliquot
2833 5311 3395 5390 libri,_lwcvop.tvr,<.

2193 5321 2281 5390 29)
2313 5321 2548 5372 Veteres
2580 5321 2802 5384 aliquot
2833 5321 2989 5382 libri,
3014 5321 3395 5388 ιγγενομενης.

2170 5321 2283 5463 ί30)
2314 5385 2545 5463 Editi,}
2572 5381 2852 5446 συνειδώς.
2887 5390 2962 5441 At
2991 5386 3050 5442 in
3083 5387 3302 5443 nostris
3332 5401 3434 5442 sex
3464 5398 3610 5439 mss.
3665 5396 3760 5437 ar-

2095 5460 2316 5523 ticulus
2343 5460 2732 5515 desideratur.

2170 5534 2283 5609 (ἓξ)
2314 5537 2402 5609 με
2433 5547 2575 5609 ωθξ·
2609 5544 2836 5609 omnes:
2868 5527 3043 5593 Editi’
3078 5525 3381 5609 δξέστηῖωνξ

2170 5536 2256 5609 (31
2314 5537 2402 5587 Ita
2433 5547 2575 5587 mss.
2609 5544 2836 5611 omnes.
2868 5534 3043 5593 Editi,
3078 5534 3381 5616 διέστηκεν,
3576 5598 3605 5611 __

2169 5534 2285 5677 (32g
2316 5601 2629 5677 Procopius
2660 5605 2726 5656 ut
2757 5599 2871 5656 alia
2900 5601 3215 5673 permulta,
3245 5606 3329 5659 ita
3359 5598 3481 5677 illa,
3515 5614 3650 5677 3w;
3697 5589 3759 5648 δὶ

2100 5670 2276 5749 οὐσία,
2306 5682 2441 5743 et0.,
2465 5670 2538 5749 ab
2560 5678 2799 5749 auctore
2809 5670 3012 5749 nostro
3034 5679 3346 5749 mutuatus
3365 5676 3484 5749 est._
3512 5670 3624 5749 Sed
3657 5683 3756 5749 ne-

2098 5752 2220 5813 scio
2246 5736 2543 5823 quomodo
2561 5744 2829 5817 contigit,
2846 5749 2913 5803 ut
2933 5745 3182 5803 miriﬁce
3201 5746 3418 5805 foedata
3437 5741 3558 5801 sint
3575 5736 3757 5798 Verba
