  <div class='ocr_page' id='page_1' title='image "/cluster/home/n/w/nwhite01/storage/ocr_20150623/30:no.2/coo.31924054873116/216.png"; bbox 0 0 4138 6424; ppageno 0'>
   <div class='ocr_carea' id='block_1_1' title="bbox 388 410 512 475">
    <p class='ocr_par' dir='ltr' id='par_1_1' title="bbox 388 410 512 475">
     <span class='ocr_line' id='line_1_1' title="bbox 388 410 512 475; baseline 0.016 -2"><span class='ocrx_word' id='word_1_1' title='bbox 388 410 512 475; x_wconf 70' lang='grc'>409</span> 
     </span>
    </p>
   </div>
   <div class='ocr_carea' id='block_1_2' title="bbox 1227 406 2974 474">
    <p class='ocr_par' dir='ltr' id='par_1_2' title="bbox 1227 406 2974 474">
     <span class='ocr_line' id='line_1_2' title="bbox 1227 406 2974 474; baseline 0.001 -4"><span class='ocrx_word' id='word_1_2' title='bbox 1227 408 1633 471; x_wconf 81' lang='lat' dir='ltr'>COMMENT.</span> <span class='ocrx_word' id='word_1_3' title='bbox 1679 408 1761 471; x_wconf 89' lang='lat' dir='ltr'>IN</span> <span class='ocrx_word' id='word_1_4' title='bbox 1803 406 2080 471; x_wconf 81' lang='lat' dir='ltr'><strong>ISAIAM</strong></span> <span class='ocrx_word' id='word_1_5' title='bbox 2122 408 2629 473; x_wconf 83' lang='lat' dir='ltr'>PROPHETAM.</span> <span class='ocrx_word' id='word_1_6' title='bbox 2678 412 2853 474; x_wconf 82' lang='lat' dir='ltr'>CAP.</span> <span class='ocrx_word' id='word_1_7' title='bbox 2900 412 2974 474; x_wconf 84' lang='lat' dir='ltr'>V.</span> 
     </span>
    </p>
   </div>
   <div class='ocr_carea' id='block_1_3' title="bbox 3692 417 3813 478">
    <p class='ocr_par' dir='ltr' id='par_1_3' title="bbox 3692 417 3813 478">
     <span class='ocr_line' id='line_1_3' title="bbox 3692 417 3813 478; baseline 0 -1"><span class='ocrx_word' id='word_1_8' title='bbox 3692 417 3813 478; x_wconf 71' lang='grc' dir='ltr'>ΜΟ</span> 
     </span>
    </p>
   </div>
   <div class='ocr_carea' id='block_1_4' title="bbox 388 536 2037 619">
    <p class='ocr_par' dir='ltr' id='par_1_4' title="bbox 388 536 2037 619">
     <span class='ocr_line' id='line_1_4' title="bbox 388 536 2037 619; baseline -0.003 -21"><span class='ocrx_word' id='word_1_9' title='bbox 388 542 578 619; x_wconf 82' lang='grc' dir='ltr'>χυμοῦ</span> <span class='ocrx_word' id='word_1_10' title='bbox 604 538 643 611; x_wconf 71' lang='grc' dir='ltr'>ἢ</span> <span class='ocrx_word' id='word_1_11' title='bbox 673 536 856 615; x_wconf 83' lang='grc' dir='ltr'>χυλοῦ</span> <span class='ocrx_word' id='word_1_12' title='bbox 880 540 981 609; x_wconf 86' lang='grc' dir='ltr'>τήν</span> <span class='ocrx_word' id='word_1_13' title='bbox 1007 539 1293 615; x_wconf 78' lang='grc' dir='ltr'>γευστικὴν</span> <span class='ocrx_word' id='word_1_14' title='bbox 1322 537 1598 608; x_wconf 76' lang='grc' dir='ltr'>ἡδύνουσα</span> <span class='ocrx_word' id='word_1_15' title='bbox 1643 538 1918 610; x_wconf 76' lang='grc' dir='ltr'>αἴσθησιν·</span> <span class='ocrx_word' id='word_1_16' title='bbox 1951 546 2037 593; x_wconf 81' lang='grc' dir='ltr'>πι-</span> 
     </span>
    </p>
   </div>
   <div class='ocr_carea' id='block_1_5' title="bbox 2153 536 3812 619">
    <p class='ocr_par' dir='ltr' id='par_1_5' title="bbox 2156 541 3812 618">
     <span class='ocr_line' id='line_1_5' title="bbox 2156 541 3812 618; baseline 0.005 -23"><span class='ocrx_word' id='word_1_17' title='bbox 2156 541 2366 597; x_wconf 89' lang='lat' dir='ltr'>dabile.</span> <span class='ocrx_word' id='word_1_18' title='bbox 2399 546 2665 612; x_wconf 87' lang='lat' dir='ltr'>Rursus;</span> <span class='ocrx_word' id='word_1_19' title='bbox 2696 544 2946 600; x_wconf 79' lang='lat' dir='ltr'>tenebrae</span> <span class='ocrx_word' id='word_1_20' title='bbox 2996 560 3095 601; x_wconf 90' lang='lat' dir='ltr'>aer</span> <span class='ocrx_word' id='word_1_21' title='bbox 3141 549 3232 602; x_wconf 90' lang='lat' dir='ltr'>est</span> <span class='ocrx_word' id='word_1_22' title='bbox 3262 545 3389 602; x_wconf 91' lang='lat' dir='ltr'>luce</span> <span class='ocrx_word' id='word_1_23' title='bbox 3444 547 3745 618; x_wconf 85' lang='lat' dir='ltr'>privatus:</span> <span class='ocrx_word' id='word_1_24' title='bbox 3781 564 3812 603; x_wconf 91' lang='lat' dir='ltr'>e</span> 
     </span>
    </p>
   </div>
   <div class='ocr_carea' id='block_1_6' title="bbox 387 627 2046 705">
    <p class='ocr_par' dir='ltr' id='par_1_6' title="bbox 387 627 2046 705">
     <span class='ocr_line' id='line_1_6' title="bbox 387 627 2046 705; baseline -0.002 -19"><span class='ocrx_word' id='word_1_25' title='bbox 387 632 516 705; x_wconf 81' lang='grc' dir='ltr'>κρὸν</span> <span class='ocrx_word' id='word_1_26' title='bbox 551 627 611 686; x_wconf 70' lang='grc' dir='ltr'>δὲ</span> <span class='ocrx_word' id='word_1_27' title='bbox 668 628 781 685; x_wconf 69' lang='grc' dir='ltr'>ἐστι</span> <span class='ocrx_word' id='word_1_28' title='bbox 839 628 1061 705; x_wconf 80' lang='grc' dir='ltr'>γευστὸν</span> <span class='ocrx_word' id='word_1_29' title='bbox 1119 627 1452 705; x_wconf 77' lang='grc' dir='ltr'>ἐκτραχύνον</span> <span class='ocrx_word' id='word_1_30' title='bbox 1499 629 1600 700; x_wconf 77' lang='grc' dir='ltr'>τὴν</span> <span class='ocrx_word' id='word_1_31' title='bbox 1659 632 1862 705; x_wconf 74' lang='grc' dir='ltr'>γεῦσιν.</span> <span class='ocrx_word' id='word_1_32' title='bbox 1897 627 2046 686; x_wconf 82' lang='grc' dir='ltr'>Κατὰ</span> 
     </span>
    </p>
   </div>
   <div class='ocr_carea' id='block_1_7' title="bbox 393 716 2045 795">
    <p class='ocr_par' dir='ltr' id='par_1_7' title="bbox 393 716 2045 795">
     <span class='ocr_line' id='line_1_7' title="bbox 393 716 2045 795; baseline -0.002 -19"><span class='ocrx_word' id='word_1_33' title='bbox 393 720 486 795; x_wconf 74' lang='grc' dir='ltr'>μὲν</span> <span class='ocrx_word' id='word_1_34' title='bbox 516 718 613 775; x_wconf 72' lang='grc' dir='ltr'>οὖν</span> <span class='ocrx_word' id='word_1_35' title='bbox 645 721 745 788; x_wconf 76' lang='grc' dir='ltr'>τὴν</span> <span class='ocrx_word' id='word_1_36' title='bbox 808 717 1183 794; x_wconf 70' lang='grc' dir='ltr'>ἁπλουστέραν</span> <span class='ocrx_word' id='word_1_37' title='bbox 1236 719 1453 788; x_wconf 84' lang='grc' dir='ltr'>νόησιν,</span> <span class='ocrx_word' id='word_1_38' title='bbox 1478 722 1734 775; x_wconf 73' lang='grc' dir='ltr'>τοσοῦτον</span> <span class='ocrx_word' id='word_1_39' title='bbox 1794 716 2045 790; x_wconf 68' lang='grc' dir='ltr'>διέστηκε</span> 
     </span>
    </p>
   </div>
   <div class='ocr_carea' id='block_1_8' title="bbox 387 802 2045 885">
    <p class='ocr_par' dir='ltr' id='par_1_8' title="bbox 387 802 2045 885">
     <span class='ocr_line' id='line_1_8' title="bbox 387 802 2045 885; baseline -0.002 -21"><span class='ocrx_word' id='word_1_40' title='bbox 387 814 557 865; x_wconf 74' lang='grc' dir='ltr'>ταῦτα</span> <span class='ocrx_word' id='word_1_41' title='bbox 603 806 899 878; x_wconf 77' lang='grc' dir='ltr'>ἀλλήλων.</span> <span class='ocrx_word' id='word_1_42' title='bbox 930 807 1023 869; x_wconf 85' lang='grc' dir='ltr'>Τίς</span> <span class='ocrx_word' id='word_1_43' title='bbox 1068 804 1159 862; x_wconf 80' lang='grc' dir='ltr'>οὗν</span> <span class='ocrx_word' id='word_1_44' title='bbox 1220 805 1391 868; x_wconf 75' lang='grc' dir='ltr'>οὕτως</span> <span class='ocrx_word' id='word_1_45' title='bbox 1443 802 1677 885; x_wconf 74' lang='grc' dir='ltr'>ἔκφρων,</span> <span class='ocrx_word' id='word_1_46' title='bbox 1729 807 1803 871; x_wconf 85' lang='grc' dir='ltr'>ὡς</span> <span class='ocrx_word' id='word_1_47' title='bbox 1854 805 1906 861; x_wconf 82' lang='grc' dir='ltr'>ἐν</span> <span class='ocrx_word' id='word_1_48' title='bbox 1952 827 2045 861; x_wconf 84' lang='grc' dir='ltr'>νυ-</span> 
     </span>
    </p>
   </div>
   <div class='ocr_carea' id='block_1_9' title="bbox 387 894 2044 976">
    <p class='ocr_par' dir='ltr' id='par_1_9' title="bbox 387 894 2044 976">
     <span class='ocr_line' id='line_1_9' title="bbox 387 894 2044 976; baseline -0.002 -22"><span class='ocrx_word' id='word_1_49' title='bbox 387 899 473 955; x_wconf 84' lang='grc' dir='ltr'>κτὶ</span> <span class='ocrx_word' id='word_1_50' title='bbox 536 897 729 976; x_wconf 78' lang='grc' dir='ltr'>βαθείᾳ</span> <span class='ocrx_word' id='word_1_51' title='bbox 783 894 980 965; x_wconf 74' lang='grc' dir='ltr'>ἑστὼς,</span> <span class='ocrx_word' id='word_1_52' title='bbox 1038 901 1154 972; x_wconf 79' lang='grc' dir='ltr'>φῶς</span> <span class='ocrx_word' id='word_1_53' title='bbox 1214 896 1502 971; x_wconf 83' lang='grc' dir='ltr'>ὀνομάζειν</span> <span class='ocrx_word' id='word_1_54' title='bbox 1560 898 1622 953; x_wconf 83' lang='grc' dir='ltr'>τὸ</span> <span class='ocrx_word' id='word_1_55' title='bbox 1680 896 1895 965; x_wconf 81' lang='grc' dir='ltr'>σκότος,</span> <span class='ocrx_word' id='word_1_56' title='bbox 1952 895 2044 950; x_wconf 86' lang='grc' dir='ltr'>καὶ</span> 
     </span>
    </p>
   </div>
   <div class='ocr_carea' id='block_1_10' title="bbox 392 984 2042 1065">
    <p class='ocr_par' dir='ltr' id='par_1_10' title="bbox 392 984 2042 1065">
     <span class='ocr_line' id='line_1_10' title="bbox 392 984 2042 1065; baseline -0.004 -19"><span class='ocrx_word' id='word_1_57' title='bbox 392 988 818 1065; x_wconf 72' lang='grc' dir='ltr'>συγκεχυμένων</span> <span class='ocrx_word' id='word_1_58' title='bbox 854 987 1006 1059; x_wconf 81' lang='grc' dir='ltr'>αύτῷ</span> <span class='ocrx_word' id='word_1_59' title='bbox 1034 991 1143 1042; x_wconf 80' lang='grc' dir='ltr'>τῶν</span> <span class='ocrx_word' id='word_1_60' title='bbox 1190 986 1491 1060; x_wconf 77' lang='grc' dir='ltr'>ὀφθαλμῶν</span> <span class='ocrx_word' id='word_1_61' title='bbox 1529 985 1579 1041; x_wconf 75' lang='grc' dir='ltr'>ἐν</span> <span class='ocrx_word' id='word_1_62' title='bbox 1624 987 1704 1059; x_wconf 79' lang='grc' dir='ltr'>τῷ</span> <span class='ocrx_word' id='word_1_63' title='bbox 1735 985 1937 1055; x_wconf 81' lang='grc' dir='ltr'>σκότει,</span> <span class='ocrx_word' id='word_1_64' title='bbox 1968 984 2042 1048; x_wconf 87' lang='grc' dir='ltr'>ὡς</span> 
     </span>
    </p>
   </div>
   <div class='ocr_carea' id='block_1_11' title="bbox 399 1073 2043 1156">
    <p class='ocr_par' dir='ltr' id='par_1_11' title="bbox 399 1073 2043 1156">
     <span class='ocr_line' id='line_1_11' title="bbox 399 1073 2043 1156; baseline -0.003 -21"><span class='ocrx_word' id='word_1_65' title='bbox 399 1079 505 1135; x_wconf 81' lang='grc' dir='ltr'>ὑπὸ</span> <span class='ocrx_word' id='word_1_66' title='bbox 552 1077 729 1156; x_wconf 71' lang='grc' dir='ltr'>φωτὸς</span> <span class='ocrx_word' id='word_1_67' title='bbox 777 1074 1277 1150; x_wconf 83' lang='grc' dir='ltr'>καταλαμπόμενος</span> <span class='ocrx_word' id='word_1_68' title='bbox 1321 1073 1662 1146; x_wconf 84' lang='grc' dir='ltr'>διακεῖσθαι;</span> <span class='ocrx_word' id='word_1_69' title='bbox 1704 1074 1799 1138; x_wconf 91' lang='grc' dir='ltr'>Τίς</span> <span class='ocrx_word' id='word_1_70' title='bbox 1860 1073 1917 1130; x_wconf 65' lang='grc' dir='ltr'>δὲ</span> <span class='ocrx_word' id='word_1_71' title='bbox 1972 1078 2043 1149; x_wconf 78' lang='grc' dir='ltr'>τῇ</span> 
     </span>
    </p>
   </div>
   <div class='ocr_carea' id='block_1_12' title="bbox 398 1163 2043 1246">
    <p class='ocr_par' dir='ltr' id='par_1_12' title="bbox 398 1163 2043 1246">
     <span class='ocr_line' id='line_1_12' title="bbox 398 1163 2043 1246; baseline -0.004 -21"><span class='ocrx_word' id='word_1_72' title='bbox 398 1169 571 1246; x_wconf 79' lang='grc' dir='ltr'>γεύσει</span> <span class='ocrx_word' id='word_1_73' title='bbox 601 1170 703 1222; x_wconf 81' lang='grc' dir='ltr'>τῶν</span> <span class='ocrx_word' id='word_1_74' title='bbox 738 1170 948 1240; x_wconf 80' lang='grc' dir='ltr'>πικρῶν</span> <span class='ocrx_word' id='word_1_75' title='bbox 993 1165 1388 1242; x_wconf 83' lang='grc' dir='ltr'>ἀλγυνόμενος,</span> <span class='ocrx_word' id='word_1_76' title='bbox 1424 1166 1499 1228; x_wconf 85' lang='grc' dir='ltr'>ὡς</span> <span class='ocrx_word' id='word_1_77' title='bbox 1548 1165 1635 1221; x_wconf 77' lang='grc' dir='ltr'>ἐπὶ</span> <span class='ocrx_word' id='word_1_78' title='bbox 1683 1166 1795 1240; x_wconf 85' lang='grc'>(33)</span> <span class='ocrx_word' id='word_1_79' title='bbox 1840 1163 2043 1241; x_wconf 88' lang='grc' dir='ltr'>γλυκύ-</span> 
     </span>
    </p>
   </div>
   <div class='ocr_carea' id='block_1_13' title="bbox 399 1252 2042 1329">
    <p class='ocr_par' dir='ltr' id='par_1_13' title="bbox 399 1252 2042 1329">
     <span class='ocr_line' id='line_1_13' title="bbox 399 1252 2042 1329; baseline -0.004 -16"><span class='ocrx_word' id='word_1_80' title='bbox 399 1278 560 1328; x_wconf 83' lang='grc' dir='ltr'>τητος</span> <span class='ocrx_word' id='word_1_81' title='bbox 589 1253 759 1329; x_wconf 75' lang='grc' dir='ltr'>ἡδονῇ</span> <span class='ocrx_word' id='word_1_82' title='bbox 787 1252 1051 1310; x_wconf 76' lang='grc' dir='ltr'>διάκειται</span> <span class='ocrx_word' id='word_1_83' title='bbox 1080 1282 1095 1325; x_wconf 82' lang='lat'><strong>;</strong></span> <span class='ocrx_word' id='word_1_84' title='bbox 1127 1255 1203 1313; x_wconf 84' lang='lat' dir='ltr'>T6</span> <span class='ocrx_word' id='word_1_85' title='bbox 1248 1252 1307 1310; x_wconf 71' lang='grc' dir='ltr'>δὲ</span> <span class='ocrx_word' id='word_1_86' title='bbox 1362 1254 1618 1326; x_wconf 73' lang='grc' dir='ltr'>αἰσθητὸν</span> <span class='ocrx_word' id='word_1_87' title='bbox 1674 1252 1881 1316; x_wconf 87' lang='grc' dir='ltr'>κάλλος</span> <span class='ocrx_word' id='word_1_88' title='bbox 1936 1252 2042 1308; x_wconf 89' lang='grc' dir='ltr'>τίνι</span> 
     </span>
    </p>
   </div>
   <div class='ocr_carea' id='block_1_14' title="bbox 394 1340 2041 1424">
    <p class='ocr_par' dir='ltr' id='par_1_14' title="bbox 394 1340 2041 1424">
     <span class='ocr_line' id='line_1_14' title="bbox 394 1340 2041 1424; baseline -0.003 -23"><span class='ocrx_word' id='word_1_89' title='bbox 394 1350 498 1401; x_wconf 83' lang='grc' dir='ltr'>τῶν</span> <span class='ocrx_word' id='word_1_90' title='bbox 531 1343 854 1424; x_wconf 76' lang='grc' dir='ltr'>ὀφθαλμοὺς</span> <span class='ocrx_word' id='word_1_91' title='bbox 883 1342 1125 1420; x_wconf 66' lang='grc' dir='ltr'>ἑχόντων</span> <span class='ocrx_word' id='word_1_92' title='bbox 1174 1342 1273 1399; x_wconf 88' lang='grc' dir='ltr'>ούκ</span> <span class='ocrx_word' id='word_1_93' title='bbox 1330 1340 1627 1421; x_wconf 62' lang='grc' dir='ltr'>εὔγνωστον</span> <span class='ocrx_word' id='word_1_94' title='bbox 1656 1362 1670 1413; x_wconf 84' lang='grc'>;</span> <span class='ocrx_word' id='word_1_95' title='bbox 1702 1344 1828 1400; x_wconf 78' lang='grc' dir='ltr'>’Ὀτι</span> <span class='ocrx_word' id='word_1_96' title='bbox 1881 1340 1932 1397; x_wconf 68' lang='grc' dir='ltr'>ἐν</span> <span class='ocrx_word' id='word_1_97' title='bbox 1972 1345 2041 1416; x_wconf 77' lang='grc' dir='ltr'>τῇ</span> 
     </span>
    </p>
   </div>
   <div class='ocr_carea' id='block_1_15' title="bbox 391 1431 2041 1511">
    <p class='ocr_par' dir='ltr' id='par_1_15' title="bbox 391 1431 2041 1511">
     <span class='ocr_line' id='line_1_15' title="bbox 391 1431 2041 1511; baseline -0.002 -21"><span class='ocrx_word' id='word_1_98' title='bbox 391 1435 527 1511; x_wconf 87' lang='grc' dir='ltr'>πρὸς</span> <span class='ocrx_word' id='word_1_99' title='bbox 574 1431 804 1505; x_wconf 84' lang='grc' dir='ltr'>ἄλληλα</span> <span class='ocrx_word' id='word_1_100' title='bbox 849 1438 957 1489; x_wconf 79' lang='grc' dir='ltr'>τῶν</span> <span class='ocrx_word' id='word_1_101' title='bbox 1012 1437 1190 1510; x_wconf 77' lang='grc' dir='ltr'>μερῶν</span> <span class='ocrx_word' id='word_1_102' title='bbox 1238 1436 1350 1510; x_wconf 82' lang='grc'>(34)</span> <span class='ocrx_word' id='word_1_103' title='bbox 1395 1432 1702 1508; x_wconf 81' lang='grc' dir='ltr'>συμμετρίᾳ</span> <span class='ocrx_word' id='word_1_104' title='bbox 1763 1432 1897 1507; x_wconf 84' lang='grc' dir='ltr'>μετὰ</span> <span class='ocrx_word' id='word_1_105' title='bbox 1942 1434 2041 1501; x_wconf 78' lang='grc' dir='ltr'>τῆς</span> 
     </span>
    </p>
   </div>
   <div class='ocr_carea' id='block_1_16' title="bbox 393 1519 2045 1601">
    <p class='ocr_par' dir='ltr' id='par_1_16' title="bbox 393 1519 2045 1601">
     <span class='ocr_line' id='line_1_16' title="bbox 393 1519 2045 1601; baseline -0.002 -22"><span class='ocrx_word' id='word_1_106' title='bbox 393 1523 826 1601; x_wconf 64' lang='grc' dir='ltr'>ἱπιφαινομὲνης</span> <span class='ocrx_word' id='word_1_107' title='bbox 878 1523 1138 1601; x_wconf 79' lang='grc' dir='ltr'>εύχροίας</span> <span class='ocrx_word' id='word_1_108' title='bbox 1186 1521 1481 1597; x_wconf 80' lang='grc' dir='ltr'>αὐτομάτῳ</span> <span class='ocrx_word' id='word_1_109' title='bbox 1531 1543 1640 1577; x_wconf 88' lang='grc' dir='ltr'>τινι</span> <span class='ocrx_word' id='word_1_110' title='bbox 1696 1522 1787 1576; x_wconf 87' lang='grc' dir='ltr'>καὶ</span> <span class='ocrx_word' id='word_1_111' title='bbox 1845 1519 2045 1599; x_wconf 75' lang='grc' dir='ltr'>φυσικῇ</span> 
     </span>
    </p>
   </div>
   <div class='ocr_carea' id='block_1_17' title="bbox 392 1611 2044 1691">
    <p class='ocr_par' dir='ltr' id='par_1_17' title="bbox 392 1611 2044 1691">
     <span class='ocr_line' id='line_1_17' title="bbox 392 1611 2044 1691; baseline -0.004 -21"><span class='ocrx_word' id='word_1_112' title='bbox 392 1611 535 1688; x_wconf 84' lang='grc' dir='ltr'>ὁλκῇ</span> <span class='ocrx_word' id='word_1_113' title='bbox 566 1617 1007 1691; x_wconf 80' lang='grc' dir='ltr'>προσοικειοῦται</span> <span class='ocrx_word' id='word_1_114' title='bbox 1052 1611 1182 1676; x_wconf 80' lang='grc' dir='ltr'>τοὺς</span> <span class='ocrx_word' id='word_1_115' title='bbox 1236 1611 1683 1689; x_wconf 68' lang='grc' dir='ltr'>ἐντυγχάνοντας·</span> <span class='ocrx_word' id='word_1_116' title='bbox 1716 1611 1806 1668; x_wconf 91' lang='grc' dir='ltr'>καὶ</span> <span class='ocrx_word' id='word_1_117' title='bbox 1858 1611 2044 1685; x_wconf 78' lang='grc' dir='ltr'>μέντοι</span> 
     </span>
    </p>
   </div>
   <div class='ocr_carea' id='block_1_18' title="bbox 390 1700 2041 1779">
    <p class='ocr_par' dir='ltr' id='par_1_18' title="bbox 390 1700 2041 1779">
     <span class='ocr_line' id='line_1_18' title="bbox 390 1700 2041 1779; baseline -0.003 -22"><span class='ocrx_word' id='word_1_118' title='bbox 390 1703 481 1758; x_wconf 84' lang='grc' dir='ltr'>καὶ</span> <span class='ocrx_word' id='word_1_119' title='bbox 535 1704 599 1758; x_wconf 84' lang='grc' dir='ltr'>τὸ</span> <span class='ocrx_word' id='word_1_120' title='bbox 656 1700 886 1779; x_wconf 72' lang='grc' dir='ltr'>αἲσχρὸν</span> <span class='ocrx_word' id='word_1_121' title='bbox 938 1700 1161 1766; x_wconf 81' lang='grc' dir='ltr'>αὐτόθεν</span> <span class='ocrx_word' id='word_1_122' title='bbox 1202 1705 1353 1757; x_wconf 89' lang='grc' dir='ltr'>ποιεῖ</span> <span class='ocrx_word' id='word_1_123' title='bbox 1384 1703 1497 1776; x_wconf 88' lang='grc'>(35)</span> <span class='ocrx_word' id='word_1_124' title='bbox 1543 1702 1644 1770; x_wconf 80' lang='grc' dir='ltr'>τήν</span> <span class='ocrx_word' id='word_1_125' title='bbox 1693 1701 2041 1778; x_wconf 76' lang='grc' dir='ltr'>ἀποστροφὴν</span> 
     </span>
    </p>
   </div>
   <div class='ocr_carea' id='block_1_19' title="bbox 390 1789 760 1867">
    <p class='ocr_par' dir='ltr' id='par_1_19' title="bbox 390 1789 760 1867">
     <span class='ocr_line' id='line_1_19' title="bbox 390 1789 760 1867; baseline 0.005 -21"><span class='ocrx_word' id='word_1_126' title='bbox 390 1796 508 1854; x_wconf 83' lang='grc' dir='ltr'>τοῖς</span> <span class='ocrx_word' id='word_1_127' title='bbox 539 1789 760 1867; x_wconf 78' lang='grc' dir='ltr'>ὁρῶσιν.</span> 
     </span>
    </p>
   </div>
   <div class='ocr_carea' id='block_1_20' title="bbox 2158 630 3807 707">
    <p class='ocr_par' dir='ltr' id='par_1_20' title="bbox 2158 630 3807 707">
     <span class='ocr_line' id='line_1_20' title="bbox 2158 630 3807 707; baseline 0.004 -22"><span class='ocrx_word' id='word_1_128' title='bbox 2158 630 2387 687; x_wconf 89' lang='lat' dir='ltr'>diverso</span> <span class='ocrx_word' id='word_1_129' title='bbox 2420 631 2518 687; x_wconf 84' lang='lat' dir='ltr'>lux</span> <span class='ocrx_word' id='word_1_130' title='bbox 2548 634 2886 690; x_wconf 84' lang='lat' dir='ltr'>substantia</span> <span class='ocrx_word' id='word_1_131' title='bbox 2916 638 3024 704; x_wconf 88' lang='lat' dir='ltr'>est,</span> <span class='ocrx_word' id='word_1_132' title='bbox 3058 650 3185 707; x_wconf 81' lang='lat' dir='ltr'>quae</span> <span class='ocrx_word' id='word_1_133' title='bbox 3217 634 3483 690; x_wconf 85' lang='lat' dir='ltr'>dissolvit</span> <span class='ocrx_word' id='word_1_134' title='bbox 3515 636 3807 693; x_wconf 80' lang='lat' dir='ltr'>tenebras.</span> 
     </span>
    </p>
   </div>
   <div class='ocr_carea' id='block_1_21' title="bbox 2157 720 3811 798">
    <p class='ocr_par' dir='ltr' id='par_1_21' title="bbox 2157 720 3811 798">
     <span class='ocr_line' id='line_1_21' title="bbox 2157 720 3811 798; baseline 0.004 -24"><span class='ocrx_word' id='word_1_135' title='bbox 2157 720 2374 777; x_wconf 86' lang='lat' dir='ltr'>Iterum</span> <span class='ocrx_word' id='word_1_136' title='bbox 2408 721 2577 778; x_wconf 82' lang='lat' dir='ltr'>dulce</span> <span class='ocrx_word' id='word_1_137' title='bbox 2635 723 2851 779; x_wconf 63' lang='lat' dir='ltr'>laevitas</span> <span class='ocrx_word' id='word_1_138' title='bbox 2882 729 2974 778; x_wconf 89' lang='lat' dir='ltr'>est</span> <span class='ocrx_word' id='word_1_139' title='bbox 3024 724 3290 782; x_wconf 89' lang='lat' dir='ltr'>humoris</span> <span class='ocrx_word' id='word_1_140' title='bbox 3336 728 3440 780; x_wconf 89' lang='lat' dir='ltr'>aut</span> <span class='ocrx_word' id='word_1_141' title='bbox 3468 726 3651 792; x_wconf 84' lang='lat' dir='ltr'>succi,</span> <span class='ocrx_word' id='word_1_142' title='bbox 3685 742 3811 798; x_wconf 65' lang='lat' dir='ltr'>quae</span> 
     </span>
    </p>
   </div>
   <div class='ocr_carea' id='block_1_22' title="bbox 2154 810 3809 886">
    <p class='ocr_par' dir='ltr' id='par_1_22' title="bbox 2154 810 3809 886">
     <span class='ocr_line' id='line_1_22' title="bbox 2154 810 3809 886; baseline 0.003 -21"><span class='ocrx_word' id='word_1_143' title='bbox 2154 810 2438 865; x_wconf 85' lang='lat' dir='ltr'>exhilarat</span> <span class='ocrx_word' id='word_1_144' title='bbox 2468 817 2680 883; x_wconf 84' lang='lat' dir='ltr'>gustus</span> <span class='ocrx_word' id='word_1_145' title='bbox 2704 829 2939 867; x_wconf 90' lang='lat' dir='ltr'>sensum</span> <span class='ocrx_word' id='word_1_146' title='bbox 2969 828 2980 866; x_wconf 89' lang='lat'><strong>:</strong></span> <span class='ocrx_word' id='word_1_147' title='bbox 3006 829 3273 869; x_wconf 88' lang='lat' dir='ltr'>amarum</span> <span class='ocrx_word' id='word_1_148' title='bbox 3294 831 3427 870; x_wconf 89' lang='lat' dir='ltr'>vero</span> <span class='ocrx_word' id='word_1_149' title='bbox 3455 819 3544 869; x_wconf 90' lang='lat' dir='ltr'>est</span> <span class='ocrx_word' id='word_1_150' title='bbox 3567 815 3623 869; x_wconf 87' lang='lat' dir='ltr'><strong>id</strong></span> <span class='ocrx_word' id='word_1_151' title='bbox 3657 816 3809 886; x_wconf 88' lang='lat' dir='ltr'>quod</span> 
     </span>
    </p>
   </div>
   <div class='ocr_carea' id='block_1_23' title="bbox 2156 899 3813 975">
    <p class='ocr_par' dir='ltr' id='par_1_23' title="bbox 2156 899 3813 975">
     <span class='ocr_line' id='line_1_23' title="bbox 2156 899 3813 975; baseline 0.003 -22"><span class='ocrx_word' id='word_1_152' title='bbox 2156 899 2294 953; x_wconf 87' lang='lat' dir='ltr'>dum</span> <span class='ocrx_word' id='word_1_153' title='bbox 2326 901 2691 971; x_wconf 85' lang='lat' dir='ltr'>degustatur,</span> <span class='ocrx_word' id='word_1_154' title='bbox 2750 905 2989 972; x_wconf 86' lang='lat' dir='ltr'>gustum</span> <span class='ocrx_word' id='word_1_155' title='bbox 3035 906 3358 974; x_wconf 86' lang='lat' dir='ltr'>exasperat.</span> <span class='ocrx_word' id='word_1_156' title='bbox 3418 904 3813 975; x_wconf 85' lang='lat' dir='ltr'>Itaquejuxta</span> 
     </span>
    </p>
   </div>
   <div class='ocr_carea' id='block_1_24' title="bbox 2155 988 3810 1064">
    <p class='ocr_par' dir='ltr' id='par_1_24' title="bbox 2155 988 3810 1064">
     <span class='ocr_line' id='line_1_24' title="bbox 2155 988 3810 1064; baseline 0.004 -22"><span class='ocrx_word' id='word_1_157' title='bbox 2155 988 2571 1060; x_wconf 91' lang='lat' dir='ltr'>simpliciorem</span> <span class='ocrx_word' id='word_1_158' title='bbox 2596 994 2654 1046; x_wconf 91' lang='lat' dir='ltr'>et</span> <span class='ocrx_word' id='word_1_159' title='bbox 2678 991 2864 1062; x_wconf 88' lang='lat' dir='ltr'>magis</span> <span class='ocrx_word' id='word_1_160' title='bbox 2882 990 3108 1046; x_wconf 84' lang='lat' dir='ltr'>obviam</span> <span class='ocrx_word' id='word_1_161' title='bbox 3127 991 3579 1064; x_wconf 82' lang='lat' dir='ltr'>intelligentiam</span> <span class='ocrx_word' id='word_1_162' title='bbox 3604 992 3810 1048; x_wconf 70' lang='lat' dir='ltr'>isthmc</span> 
     </span>
    </p>
   </div>
   <div class='ocr_carea' id='block_1_25' title="bbox 2155 1078 3814 1153">
    <p class='ocr_par' dir='ltr' id='par_1_25' title="bbox 2155 1078 3814 1153">
     <span class='ocr_line' id='line_1_25' title="bbox 2155 1078 3814 1153; baseline 0.003 -20"><span class='ocrx_word' id='word_1_163' title='bbox 2155 1078 2297 1133; x_wconf 88' lang='lat' dir='ltr'>adeo</span> <span class='ocrx_word' id='word_1_164' title='bbox 2331 1078 2585 1134; x_wconf 90' lang='lat' dir='ltr'>multum</span> <span class='ocrx_word' id='word_1_165' title='bbox 2646 1079 2798 1134; x_wconf 90' lang='lat' dir='ltr'>inter</span> <span class='ocrx_word' id='word_1_166' title='bbox 2841 1096 2902 1135; x_wconf 88' lang='lat' dir='ltr'>se</span> <span class='ocrx_word' id='word_1_167' title='bbox 2958 1080 3269 1137; x_wconf 89' lang='lat' dir='ltr'>dissident.</span> <span class='ocrx_word' id='word_1_168' title='bbox 3329 1081 3470 1145; x_wconf 89' lang='lat' dir='ltr'>Quis</span> <span class='ocrx_word' id='word_1_169' title='bbox 3516 1081 3700 1153; x_wconf 85' lang='lat' dir='ltr'>igitur</span> <span class='ocrx_word' id='word_1_170' title='bbox 3730 1082 3814 1138; x_wconf 88' lang='lat' dir='ltr'>ita</span> 
     </span>
    </p>
   </div>
   <div class='ocr_carea' id='block_1_26' title="bbox 2153 1167 3812 1240">
    <p class='ocr_par' dir='ltr' id='par_1_26' title="bbox 2153 1167 3812 1240">
     <span class='ocr_line' id='line_1_26' title="bbox 2153 1167 3812 1240; baseline 0.002 -18"><span class='ocrx_word' id='word_1_171' title='bbox 2153 1167 2395 1224; x_wconf 88' lang='lat' dir='ltr'>demens</span> <span class='ocrx_word' id='word_1_172' title='bbox 2427 1173 2535 1239; x_wconf 91' lang='lat' dir='ltr'>est,</span> <span class='ocrx_word' id='word_1_173' title='bbox 2573 1173 2636 1224; x_wconf 91' lang='lat' dir='ltr'>ut</span> <span class='ocrx_word' id='word_1_174' title='bbox 2664 1168 2721 1222; x_wconf 90' lang='lat' dir='ltr'>in</span> <span class='ocrx_word' id='word_1_175' title='bbox 2768 1169 3058 1240; x_wconf 85' lang='lat' dir='ltr'>profunda</span> <span class='ocrx_word' id='word_1_176' title='bbox 3087 1174 3256 1226; x_wconf 90' lang='lat' dir='ltr'>nocte</span> <span class='ocrx_word' id='word_1_177' title='bbox 3303 1170 3688 1239; x_wconf 89' lang='lat' dir='ltr'>constitutus,</span> <span class='ocrx_word' id='word_1_178' title='bbox 3722 1171 3812 1226; x_wconf 90' lang='lat' dir='ltr'>lu-</span> 
     </span>
    </p>
   </div>
   <div class='ocr_carea' id='block_1_27' title="bbox 2154 1258 3809 1330">
    <p class='ocr_par' dir='ltr' id='par_1_27' title="bbox 2154 1258 3809 1330">
     <span class='ocr_line' id='line_1_27' title="bbox 2154 1258 3809 1330; baseline 0.003 -19"><span class='ocrx_word' id='word_1_179' title='bbox 2154 1271 2275 1311; x_wconf 84' lang='lat' dir='ltr'>cem</span> <span class='ocrx_word' id='word_1_180' title='bbox 2308 1261 2472 1313; x_wconf 88' lang='lat' dir='ltr'>vocet</span> <span class='ocrx_word' id='word_1_181' title='bbox 2500 1258 2791 1323; x_wconf 84' lang='lat' dir='ltr'>tenebras,</span> <span class='ocrx_word' id='word_1_182' title='bbox 2826 1260 2883 1312; x_wconf 92' lang='lat' dir='ltr'>et</span> <span class='ocrx_word' id='word_1_183' title='bbox 2912 1258 3135 1313; x_wconf 81' lang='lat' dir='ltr'>interea</span> <span class='ocrx_word' id='word_1_184' title='bbox 3177 1260 3316 1314; x_wconf 86' lang='lat' dir='ltr'>durn</span> <span class='ocrx_word' id='word_1_185' title='bbox 3349 1261 3475 1330; x_wconf 85' lang='lat' dir='ltr'>ejus</span> <span class='ocrx_word' id='word_1_186' title='bbox 3506 1260 3695 1316; x_wconf 89' lang='lat' dir='ltr'>oculis</span> <span class='ocrx_word' id='word_1_187' title='bbox 3726 1264 3809 1315; x_wconf 91' lang='lat' dir='ltr'>te-</span> 
     </span>
    </p>
   </div>
   <div class='ocr_carea' id='block_1_28' title="bbox 2155 1345 3810 1417">
    <p class='ocr_par' dir='ltr' id='par_1_28' title="bbox 2155 1345 3810 1417">
     <span class='ocr_line' id='line_1_28' title="bbox 2155 1345 3810 1417; baseline 0.003 -17"><span class='ocrx_word' id='word_1_188' title='bbox 2155 1346 2345 1400; x_wconf 71' lang='lat' dir='ltr'>nebrzs</span> <span class='ocrx_word' id='word_1_189' title='bbox 2377 1345 2783 1412; x_wconf 73' lang='lat' dir='ltr'>offunduntur,</span> <span class='ocrx_word' id='word_1_190' title='bbox 2816 1346 2891 1401; x_wconf 85' lang='lat' dir='ltr'>sit</span> <span class='ocrx_word' id='word_1_191' title='bbox 2922 1346 3165 1417; x_wconf 84' lang='lat' dir='ltr'>perinde</span> <span class='ocrx_word' id='word_1_192' title='bbox 3203 1347 3470 1414; x_wconf 76' lang='lat' dir='ltr'>affectus,</span> <span class='ocrx_word' id='word_1_193' title='bbox 3503 1365 3569 1404; x_wconf 89' lang='lat' dir='ltr'>ac</span> <span class='ocrx_word' id='word_1_194' title='bbox 3599 1348 3649 1405; x_wconf 90' lang='lat' dir='ltr'>si</span> <span class='ocrx_word' id='word_1_195' title='bbox 3678 1347 3810 1405; x_wconf 91' lang='lat' dir='ltr'>luce</span> 
     </span>
    </p>
   </div>
   <div class='ocr_carea' id='block_1_29' title="bbox 2151 1433 3809 1509">
    <p class='ocr_par' dir='ltr' id='par_1_29' title="bbox 2151 1433 3809 1509">
     <span class='ocr_line' id='line_1_29' title="bbox 2151 1433 3809 1509; baseline 0.002 -20"><span class='ocrx_word' id='word_1_196' title='bbox 2151 1433 2593 1490; x_wconf 83' lang='lat' dir='ltr'>illustraretur?</span> <span class='ocrx_word' id='word_1_197' title='bbox 2621 1435 2762 1500; x_wconf 87' lang='lat' dir='ltr'>Quis</span> <span class='ocrx_word' id='word_1_198' title='bbox 2781 1434 2986 1489; x_wconf 84' lang='lat' dir='ltr'>itidem</span> <span class='ocrx_word' id='word_1_199' title='bbox 3020 1436 3091 1490; x_wconf 91' lang='lat' dir='ltr'>de</span> <span class='ocrx_word' id='word_1_200' title='bbox 3113 1435 3193 1490; x_wconf 87' lang='lat' dir='ltr'>rei</span> <span class='ocrx_word' id='word_1_201' title='bbox 3225 1435 3601 1492; x_wconf 68' lang='lat' dir='ltr'>amarulentus</span> <span class='ocrx_word' id='word_1_202' title='bbox 3631 1442 3809 1509; x_wconf 89' lang='lat' dir='ltr'>gustu</span> 
     </span>
    </p>
   </div>
   <div class='ocr_carea' id='block_1_30' title="bbox 2154 1523 3814 1598">
    <p class='ocr_par' dir='ltr' id='par_1_30' title="bbox 2154 1523 3814 1598">
     <span class='ocr_line' id='line_1_30' title="bbox 2154 1523 3814 1598; baseline 0.002 -20"><span class='ocrx_word' id='word_1_203' title='bbox 2154 1523 2379 1593; x_wconf 88' lang='lat' dir='ltr'>dolens,</span> <span class='ocrx_word' id='word_1_204' title='bbox 2415 1523 2494 1579; x_wconf 88' lang='lat' dir='ltr'>ita</span> <span class='ocrx_word' id='word_1_205' title='bbox 2553 1523 2830 1590; x_wconf 76' lang='lat' dir='ltr'>afficitur,</span> <span class='ocrx_word' id='word_1_206' title='bbox 2891 1524 3060 1595; x_wconf 89' lang='lat' dir='ltr'>quasi</span> <span class='ocrx_word' id='word_1_207' title='bbox 3103 1540 3171 1580; x_wconf 82' lang='lat' dir='ltr'>ex</span> <span class='ocrx_word' id='word_1_208' title='bbox 3227 1524 3538 1581; x_wconf 89' lang='lat' dir='ltr'>dulcedine</span> <span class='ocrx_word' id='word_1_209' title='bbox 3581 1530 3814 1598; x_wconf 81' lang='lat' dir='ltr'>caperet</span> 
     </span>
    </p>
   </div>
   <div class='ocr_carea' id='block_1_31' title="bbox 2150 1613 3814 1686">
    <p class='ocr_par' dir='ltr' id='par_1_31' title="bbox 2150 1613 3814 1686">
     <span class='ocr_line' id='line_1_31' title="bbox 2150 1613 3814 1686; baseline 0.002 -19"><span class='ocrx_word' id='word_1_210' title='bbox 2150 1613 2506 1685; x_wconf 89' lang='lat' dir='ltr'>voluptatem</span> <span class='ocrx_word' id='word_1_211' title='bbox 2530 1614 2559 1668; x_wconf 70' lang='lat'>‘2</span> <span class='ocrx_word' id='word_1_212' title='bbox 2587 1614 2716 1669; x_wconf 89' lang='lat' dir='ltr'>Jam</span> <span class='ocrx_word' id='word_1_213' title='bbox 2739 1630 2874 1669; x_wconf 87' lang='lat' dir='ltr'>vero</span> <span class='ocrx_word' id='word_1_214' title='bbox 2903 1631 2937 1669; x_wconf 87' lang='lat' dir='ltr'>a</span> <span class='ocrx_word' id='word_1_215' title='bbox 2957 1630 3216 1685; x_wconf 88' lang='lat' dir='ltr'>quonam</span> <span class='ocrx_word' id='word_1_216' title='bbox 3240 1615 3343 1686; x_wconf 89' lang='lat' dir='ltr'>qui</span> <span class='ocrx_word' id='word_1_217' title='bbox 3374 1614 3578 1671; x_wconf 90' lang='lat' dir='ltr'>oculos</span> <span class='ocrx_word' id='word_1_218' title='bbox 3600 1615 3814 1671; x_wconf 89' lang='lat' dir='ltr'>habeat</span> 
     </span>
    </p>
   </div>
   <div class='ocr_carea' id='block_1_32' title="bbox 2151 1702 3813 1778">
    <p class='ocr_par' dir='ltr' id='par_1_32' title="bbox 2151 1702 3813 1778">
     <span class='ocr_line' id='line_1_32' title="bbox 2151 1702 3813 1778; baseline 0.002 -21"><span class='ocrx_word' id='word_1_219' title='bbox 2151 1702 2471 1759; x_wconf 85' lang='lat' dir='ltr'>internosci</span> <span class='ocrx_word' id='word_1_220' title='bbox 2506 1702 2673 1758; x_wconf 84' lang='lat' dir='ltr'>facile</span> <span class='ocrx_word' id='word_1_221' title='bbox 2700 1719 2814 1759; x_wconf 92' lang='lat' dir='ltr'>non</span> <span class='ocrx_word' id='word_1_222' title='bbox 2846 1707 3043 1777; x_wconf 87' lang='lat' dir='ltr'>potest</span> <span class='ocrx_word' id='word_1_223' title='bbox 3059 1704 3364 1761; x_wconf 84' lang='lat' dir='ltr'>sensibilis</span> <span class='ocrx_word' id='word_1_224' title='bbox 3394 1703 3813 1778; x_wconf 82' lang='lat' dir='ltr'>pulchritudo?</span> 
     </span>
    </p>
   </div>
   <div class='ocr_carea' id='block_1_33' title="bbox 2153 1791 3811 1868">
    <p class='ocr_par' dir='ltr' id='par_1_33' title="bbox 2153 1791 3811 1868">
     <span class='ocr_line' id='line_1_33' title="bbox 2153 1791 3811 1868; baseline 0.001 -21"><span class='ocrx_word' id='word_1_225' title='bbox 2153 1792 2443 1849; x_wconf 86' lang='lat' dir='ltr'>Nimirum</span> <span class='ocrx_word' id='word_1_226' title='bbox 2475 1791 2852 1865; x_wconf 87' lang='lat' dir='ltr'>pulchritudo</span> <span class='ocrx_word' id='word_1_227' title='bbox 2883 1810 2985 1866; x_wconf 90' lang='lat' dir='ltr'>per</span> <span class='ocrx_word' id='word_1_228' title='bbox 3019 1797 3290 1851; x_wconf 90' lang='lat' dir='ltr'>mutuam</span> <span class='ocrx_word' id='word_1_229' title='bbox 3325 1795 3645 1868; x_wconf 83' lang='lat' dir='ltr'>quamdam</span> <span class='ocrx_word' id='word_1_230' title='bbox 3677 1811 3811 1867; x_wconf 88' lang='lat' dir='ltr'>par-</span> 
     </span>
    </p>
   </div>
   <div class='ocr_carea' id='block_1_34' title="bbox 392 1880 3813 1954">
    <p class='ocr_par' dir='ltr' id='par_1_34' title="bbox 392 1880 3813 1954">
     <span class='ocr_line' id='line_1_34' title="bbox 392 1880 3813 1954; baseline -0 -14"><span class='ocrx_word' id='word_1_231' title='bbox 392 1884 542 1940; x_wconf 89' lang='lat' dir='ltr'>tium</span> <span class='ocrx_word' id='word_1_232' title='bbox 601 1882 1046 1940; x_wconf 86' lang='lat' dir='ltr'>convenientem</span> <span class='ocrx_word' id='word_1_233' title='bbox 1103 1881 1257 1938; x_wconf 91' lang='lat' dir='ltr'>bono</span> <span class='ocrx_word' id='word_1_234' title='bbox 1304 1881 1484 1939; x_wconf 90' lang='lat' dir='ltr'>colori</span> <span class='ocrx_word' id='word_1_235' title='bbox 1532 1880 1807 1938; x_wconf 85' lang='lat' dir='ltr'>emicanti</span> <span class='ocrx_word' id='word_1_236' title='bbox 1857 1881 2235 1953; x_wconf 84' lang='lat' dir='ltr'>conjunctam</span> <span class='ocrx_word' id='word_1_237' title='bbox 2288 1881 2469 1939; x_wconf 89' lang='lat' dir='ltr'>illieio</span> <span class='ocrx_word' id='word_1_238' title='bbox 2518 1884 2778 1954; x_wconf 88' lang='lat' dir='ltr'>quodam</span> <span class='ocrx_word' id='word_1_239' title='bbox 2810 1883 3079 1941; x_wconf 89' lang='lat' dir='ltr'>ultroneo</span> <span class='ocrx_word' id='word_1_240' title='bbox 3110 1887 3167 1940; x_wconf 93' lang='lat' dir='ltr'>et</span> <span class='ocrx_word' id='word_1_241' title='bbox 3188 1882 3441 1940; x_wconf 88' lang='lat' dir='ltr'>naturali</span> <span class='ocrx_word' id='word_1_242' title='bbox 3472 1883 3674 1940; x_wconf 91' lang='lat' dir='ltr'>obvios</span> <span class='ocrx_word' id='word_1_243' title='bbox 3696 1881 3813 1940; x_wconf 84' lang='lat' dir='ltr'>sibi</span> 
     </span>
    </p>
   </div>
   <div class='ocr_carea' id='block_1_35' title="bbox 391 1971 2956 2043">
    <p class='ocr_par' dir='ltr' id='par_1_35' title="bbox 391 1971 2956 2043">
     <span class='ocr_line' id='line_1_35' title="bbox 391 1971 2956 2043; baseline 0 -15"><span class='ocrx_word' id='word_1_244' title='bbox 391 1971 684 2040; x_wconf 86' lang='lat' dir='ltr'>conciliat,</span> <span class='ocrx_word' id='word_1_245' title='bbox 716 1976 774 2027; x_wconf 89' lang='lat' dir='ltr'>et</span> <span class='ocrx_word' id='word_1_246' title='bbox 800 1971 925 2028; x_wconf 89' lang='lat' dir='ltr'>vice</span> <span class='ocrx_word' id='word_1_247' title='bbox 952 1987 1123 2027; x_wconf 88' lang='lat' dir='ltr'>versa</span> <span class='ocrx_word' id='word_1_248' title='bbox 1152 1971 1496 2027; x_wconf 84' lang='lat' dir='ltr'>deformitas</span> <span class='ocrx_word' id='word_1_249' title='bbox 1527 1974 1737 2043; x_wconf 87' lang='lat' dir='ltr'>suapte</span> <span class='ocrx_word' id='word_1_250' title='bbox 1768 1975 1981 2026; x_wconf 89' lang='lat' dir='ltr'>natura</span> <span class='ocrx_word' id='word_1_251' title='bbox 2012 1986 2152 2026; x_wconf 90' lang='lat' dir='ltr'>suos</span> <span class='ocrx_word' id='word_1_252' title='bbox 2184 1987 2218 2027; x_wconf 88' lang='lat' dir='ltr'>a</span> <span class='ocrx_word' id='word_1_253' title='bbox 2249 1985 2311 2026; x_wconf 84' lang='lat' dir='ltr'>se</span> <span class='ocrx_word' id='word_1_254' title='bbox 2340 1975 2696 2043; x_wconf 87' lang='lat' dir='ltr'>spectatores</span> <span class='ocrx_word' id='word_1_255' title='bbox 2727 1972 2956 2028; x_wconf 88' lang='lat' dir='ltr'>avertit.</span> 
     </span>
    </p>
   </div>
   <div class='ocr_carea' id='block_1_36' title="bbox 457 2055 2037 2134">
    <p class='ocr_par' dir='ltr' id='par_1_36' title="bbox 457 2055 2037 2134">
     <span class='ocr_line' id='line_1_36' title="bbox 457 2055 2037 2134; baseline -0.004 -16"><span class='ocrx_word' id='word_1_256' title='bbox 457 2061 584 2118; x_wconf 76' lang='grc'>474.</span> <span class='ocrx_word' id='word_1_257' title='bbox 614 2056 778 2115; x_wconf 84' lang='grc' dir='ltr'>Ἀλλ’</span> <span class='ocrx_word' id='word_1_258' title='bbox 806 2056 977 2114; x_wconf 77' lang='grc' dir='ltr'>ἔοικεν</span> <span class='ocrx_word' id='word_1_259' title='bbox 1014 2056 1077 2114; x_wconf 84' lang='grc' dir='ltr'>ού</span> <span class='ocrx_word' id='word_1_260' title='bbox 1108 2057 1234 2134; x_wconf 77' lang='grc' dir='ltr'>περὶ</span> <span class='ocrx_word' id='word_1_261' title='bbox 1290 2062 1398 2113; x_wconf 80' lang='grc' dir='ltr'>τῶν</span> <span class='ocrx_word' id='word_1_262' title='bbox 1454 2059 1592 2113; x_wconf 78' lang='grc' dir='ltr'>κατὰ</span> <span class='ocrx_word' id='word_1_263' title='bbox 1636 2059 1735 2127; x_wconf 79' lang='grc' dir='ltr'>τὴν</span> <span class='ocrx_word' id='word_1_264' title='bbox 1793 2055 2037 2129; x_wconf 74' lang='grc' dir='ltr'>αἶ’σθησιν</span> 
     </span>
    </p>
   </div>
   <div class='ocr_carea' id='block_1_37' title="bbox 2153 2055 3811 2134">
    <p class='ocr_par' dir='ltr' id='par_1_37' title="bbox 2223 2061 3811 2133">
     <span class='ocr_line' id='line_1_37' title="bbox 2223 2061 3811 2133; baseline 0.002 -18"><span class='ocrx_word' id='word_1_265' title='bbox 2223 2061 2343 2115; x_wconf 80' lang='grc'>174.</span> <span class='ocrx_word' id='word_1_266' title='bbox 2379 2061 2447 2115; x_wconf 88' lang='lat' dir='ltr'>Et</span> <span class='ocrx_word' id='word_1_267' title='bbox 2475 2061 2714 2133; x_wconf 89' lang='lat' dir='ltr'>quidem</span> <span class='ocrx_word' id='word_1_268' title='bbox 2746 2079 2862 2118; x_wconf 87' lang='lat' dir='ltr'>non</span> <span class='ocrx_word' id='word_1_269' title='bbox 2895 2062 3124 2118; x_wconf 86' lang='lat' dir='ltr'>videtur</span> <span class='ocrx_word' id='word_1_270' title='bbox 3148 2077 3277 2119; x_wconf 89' lang='lat' dir='ltr'>esse</span> <span class='ocrx_word' id='word_1_271' title='bbox 3307 2078 3501 2118; x_wconf 86' lang='lat' dir='ltr'>sermo</span> <span class='ocrx_word' id='word_1_272' title='bbox 3531 2062 3603 2117; x_wconf 90' lang='lat' dir='ltr'>de</span> <span class='ocrx_word' id='word_1_273' title='bbox 3631 2061 3811 2118; x_wconf 87' lang='lat' dir='ltr'>rebus</span> 
     </span>
    </p>
   </div>
   <div class='ocr_carea' id='block_1_38' title="bbox 389 2145 2042 2227">
    <p class='ocr_par' dir='ltr' id='par_1_38' title="bbox 389 2145 2042 2227">
     <span class='ocr_line' id='line_1_38' title="bbox 389 2145 2042 2227; baseline -0.001 -23"><span class='ocrx_word' id='word_1_274' title='bbox 389 2149 681 2227; x_wconf 83' lang='grc' dir='ltr'>γνωρίμων</span> <span class='ocrx_word' id='word_1_275' title='bbox 715 2149 744 2204; x_wconf 87' lang='lat'>6</span> <span class='ocrx_word' id='word_1_276' title='bbox 773 2147 937 2226; x_wconf 85' lang='grc' dir='ltr'>λόγος</span> <span class='ocrx_word' id='word_1_277' title='bbox 992 2147 1148 2217; x_wconf 77' lang='grc' dir='ltr'>εἶναι,</span> <span class='ocrx_word' id='word_1_278' title='bbox 1191 2145 1319 2203; x_wconf 85' lang='grc' dir='ltr'>ἀλλ’</span> <span class='ocrx_word' id='word_1_279' title='bbox 1354 2146 1504 2222; x_wconf 82' lang='grc' dir='ltr'>εἷ’περ</span> <span class='ocrx_word' id='word_1_280' title='bbox 1558 2149 1621 2203; x_wconf 86' lang='grc' dir='ltr'>Ἡ</span> <span class='ocrx_word' id='word_1_281' title='bbox 1675 2145 1869 2217; x_wconf 81' lang='grc' dir='ltr'>ἐντολή</span> <span class='ocrx_word' id='word_1_282' title='bbox 1931 2154 2042 2202; x_wconf 89' lang='grc' dir='ltr'>Κυ-</span> 
     </span>
    </p>
   </div>
   <div class='ocr_carea' id='block_1_39' title="bbox 388 2234 2039 2316">
    <p class='ocr_par' dir='ltr' id='par_1_39' title="bbox 388 2234 2039 2316">
     <span class='ocr_line' id='line_1_39' title="bbox 388 2234 2039 2316; baseline -0.002 -21"><span class='ocrx_word' id='word_1_283' title='bbox 388 2239 506 2315; x_wconf 90' lang='grc' dir='ltr'>ρίου</span> <span class='ocrx_word' id='word_1_284' title='bbox 563 2237 871 2314; x_wconf 70' lang='grc' dir='ltr'>τηλαυγὴς,</span> <span class='ocrx_word' id='word_1_285' title='bbox 926 2238 1236 2316; x_wconf 74' lang='grc' dir='ltr'>φωτίζουςα</span> <span class='ocrx_word' id='word_1_286' title='bbox 1284 2235 1629 2316; x_wconf 68' lang='grc' dir='ltr'>ὀφθαλμοὺς,</span> <span class='ocrx_word' id='word_1_287' title='bbox 1688 2236 1779 2292; x_wconf 82' lang='grc' dir='ltr'>καὶ</span> <span class='ocrx_word' id='word_1_288' title='bbox 1832 2234 2039 2312; x_wconf 81' lang='grc' dir='ltr'>λύχνος</span> 
     </span>
    </p>
   </div>
   <div class='ocr_carea' id='block_1_40' title="bbox 383 2324 2039 2403">
    <p class='ocr_par' dir='ltr' id='par_1_40' title="bbox 383 2324 2039 2403">
     <span class='ocr_line' id='line_1_40' title="bbox 383 2324 2039 2403; baseline -0.002 -18"><span class='ocrx_word' id='word_1_289' title='bbox 383 2334 499 2386; x_wconf 81' lang='grc' dir='ltr'>τοῖς</span> <span class='ocrx_word' id='word_1_290' title='bbox 552 2328 682 2384; x_wconf 81' lang='grc' dir='ltr'>ποσὶ</span> <span class='ocrx_word' id='word_1_291' title='bbox 738 2332 838 2384; x_wconf 81' lang='grc' dir='ltr'>τοῦ</span> <span class='ocrx_word' id='word_1_292' title='bbox 882 2324 1094 2383; x_wconf 78' lang='grc' dir='ltr'>δικαίου</span> <span class='ocrx_word' id='word_1_293' title='bbox 1125 2328 1154 2382; x_wconf 85' lang='lat'>6</span> <span class='ocrx_word' id='word_1_294' title='bbox 1187 2326 1354 2403; x_wconf 90' lang='grc' dir='ltr'>λόγος</span> <span class='ocrx_word' id='word_1_295' title='bbox 1386 2326 1498 2382; x_wconf 75' lang='grc' dir='ltr'>ἐστὶ</span> <span class='ocrx_word' id='word_1_296' title='bbox 1538 2330 1634 2381; x_wconf 79' lang='grc' dir='ltr'>τοῦ</span> <span class='ocrx_word' id='word_1_297' title='bbox 1679 2330 1812 2382; x_wconf 80' lang='grc' dir='ltr'>Θεοῦ</span> <span class='ocrx_word' id='word_1_298' title='bbox 1850 2330 1985 2400; x_wconf 88' lang='grc'>(36),</span> <span class='ocrx_word' id='word_1_299' title='bbox 2011 2327 2039 2381; x_wconf 97' lang='lat'>6</span> 
     </span>
    </p>
   </div>
   <div class='ocr_carea' id='block_1_41' title="bbox 388 2413 2036 2495">
    <p class='ocr_par' dir='ltr' id='par_1_41' title="bbox 388 2413 2036 2495">
     <span class='ocr_line' id='line_1_41' title="bbox 388 2413 2036 2495; baseline -0.002 -21"><span class='ocrx_word' id='word_1_300' title='bbox 388 2420 465 2493; x_wconf 83' lang='grc' dir='ltr'>μὴ</span> <span class='ocrx_word' id='word_1_301' title='bbox 498 2420 635 2474; x_wconf 80' lang='grc' dir='ltr'>κατὰ</span> <span class='ocrx_word' id='word_1_302' title='bbox 665 2418 860 2495; x_wconf 73' lang='grc' dir='ltr'>ἀρετὴν</span> <span class='ocrx_word' id='word_1_303' title='bbox 891 2421 1018 2487; x_wconf 82' lang='grc' dir='ltr'>ζῶν,</span> <span class='ocrx_word' id='word_1_304' title='bbox 1044 2414 1193 2473; x_wconf 85' lang='grc' dir='ltr'>ἀλλᾶ</span> <span class='ocrx_word' id='word_1_305' title='bbox 1219 2421 1338 2478; x_wconf 88' lang='grc' dir='ltr'>τοῖς</span> <span class='ocrx_word' id='word_1_306' title='bbox 1370 2413 1584 2478; x_wconf 82' lang='grc' dir='ltr'>ὑλικοῖς</span> <span class='ocrx_word' id='word_1_307' title='bbox 1624 2414 1844 2480; x_wconf 77' lang='grc' dir='ltr'>πάθεσιν</span> <span class='ocrx_word' id='word_1_308' title='bbox 1880 2413 2036 2491; x_wconf 79' lang='grc' dir='ltr'>ἐγκυ-</span> 
     </span>
    </p>
   </div>
   <div class='ocr_carea' id='block_1_42' title="bbox 384 2504 2034 2583">
    <p class='ocr_par' dir='ltr' id='par_1_42' title="bbox 384 2504 2034 2583">
     <span class='ocr_line' id='line_1_42' title="bbox 384 2504 2034 2583; baseline -0.004 -18"><span class='ocrx_word' id='word_1_309' title='bbox 384 2507 665 2583; x_wconf 81' lang='grc' dir='ltr'>λιόμινος,</span> <span class='ocrx_word' id='word_1_310' title='bbox 695 2507 856 2570; x_wconf 80' lang='grc' dir='ltr'>οὗτος</span> <span class='ocrx_word' id='word_1_311' title='bbox 887 2505 948 2561; x_wconf 80' lang='grc' dir='ltr'>ἂν</span> <span class='ocrx_word' id='word_1_312' title='bbox 984 2505 1067 2578; x_wconf 84' lang='grc' dir='ltr'>εἷή</span> <span class='ocrx_word' id='word_1_313' title='bbox 1101 2507 1129 2561; x_wconf 87' lang='lat'>6</span> <span class='ocrx_word' id='word_1_314' title='bbox 1160 2507 1251 2561; x_wconf 82' lang='grc' dir='ltr'>τὸν</span> <span class='ocrx_word' id='word_1_315' title='bbox 1286 2506 1337 2561; x_wconf 72' lang='grc' dir='ltr'>ἰν</span> <span class='ocrx_word' id='word_1_316' title='bbox 1370 2505 1530 2576; x_wconf 82' lang='grc' dir='ltr'>κακίᾳ</span> <span class='ocrx_word' id='word_1_317' title='bbox 1583 2504 1700 2581; x_wconf 89' lang='grc' dir='ltr'>βίον</span> <span class='ocrx_word' id='word_1_318' title='bbox 1749 2504 1927 2578; x_wconf 79' lang='grc' dir='ltr'>ὥσπερ</span> <span class='ocrx_word' id='word_1_319' title='bbox 1983 2527 2034 2560; x_wconf 89' lang='grc' dir='ltr'>τι</span> 
     </span>
    </p>
   </div>
   <div class='ocr_carea' id='block_1_43' title="bbox 385 2591 2036 2676">
    <p class='ocr_par' dir='ltr' id='par_1_43' title="bbox 385 2591 2036 2676">
     <span class='ocr_line' id='line_1_43' title="bbox 385 2591 2036 2676; baseline -0.003 -23"><span class='ocrx_word' id='word_1_320' title='bbox 385 2602 501 2676; x_wconf 76' lang='grc' dir='ltr'>φῶς</span> <span class='ocrx_word' id='word_1_321' title='bbox 535 2595 1078 2676; x_wconf 83' lang='grc' dir='ltr'>ὖπερασπαζόμενος,</span> <span class='ocrx_word' id='word_1_322' title='bbox 1108 2595 1200 2650; x_wconf 77' lang='grc' dir='ltr'>τὸν</span> <span class='ocrx_word' id='word_1_323' title='bbox 1235 2592 1293 2650; x_wconf 66' lang='grc' dir='ltr'>δὲ</span> <span class='ocrx_word' id='word_1_324' title='bbox 1322 2595 1459 2650; x_wconf 82' lang='grc' dir='ltr'>κατὰ</span> <span class='ocrx_word' id='word_1_325' title='bbox 1502 2595 1603 2663; x_wconf 78' lang='grc' dir='ltr'>τήν</span> <span class='ocrx_word' id='word_1_326' title='bbox 1660 2591 1888 2663; x_wconf 75' lang='grc' dir='ltr'>ἐντολὴν</span> <span class='ocrx_word' id='word_1_327' title='bbox 1940 2599 2036 2649; x_wconf 79' lang='grc' dir='ltr'>τοῦ</span> 
     </span>
    </p>
   </div>
   <div class='ocr_carea' id='block_1_44' title="bbox 382 2683 2039 2764">
    <p class='ocr_par' dir='ltr' id='par_1_44' title="bbox 382 2683 2039 2764">
     <span class='ocr_line' id='line_1_44' title="bbox 382 2683 2039 2764; baseline -0.003 -22"><span class='ocrx_word' id='word_1_328' title='bbox 382 2685 589 2764; x_wconf 88' lang='grc' dir='ltr'>Κυρίου</span> <span class='ocrx_word' id='word_1_329' title='bbox 650 2686 769 2742; x_wconf 81' lang='grc' dir='ltr'>οἷόν</span> <span class='ocrx_word' id='word_1_330' title='bbox 828 2705 883 2741; x_wconf 86' lang='grc' dir='ltr'>τι</span> <span class='ocrx_word' id='word_1_331' title='bbox 937 2685 1132 2746; x_wconf 79' lang='grc' dir='ltr'>σκότος</span> <span class='ocrx_word' id='word_1_332' title='bbox 1188 2684 1679 2762; x_wconf 72' lang='grc' dir='ltr'>ἀποστρεφόμενος.</span> <span class='ocrx_word' id='word_1_333' title='bbox 1732 2685 1828 2739; x_wconf 81' lang='grc' dir='ltr'>Καὶ</span> <span class='ocrx_word' id='word_1_334' title='bbox 1887 2685 1915 2738; x_wconf 91' lang='lat'>6</span> <span class='ocrx_word' id='word_1_335' title='bbox 1972 2683 2039 2738; x_wconf 75' lang='grc' dir='ltr'>τὰ</span> 
     </span>
    </p>
   </div>
   <div class='ocr_carea' id='block_1_45' title="bbox 381 2771 2035 2856">
    <p class='ocr_par' dir='ltr' id='par_1_45' title="bbox 381 2771 2035 2856">
     <span class='ocr_line' id='line_1_45' title="bbox 381 2771 2035 2856; baseline -0.004 -22"><span class='ocrx_word' id='word_1_336' title='bbox 381 2776 585 2856; x_wconf 67' lang='grc' dir='ltr'>γλυκέα</span> <span class='ocrx_word' id='word_1_337' title='bbox 610 2780 691 2851; x_wconf 83' lang='grc' dir='ltr'>τῷ</span> <span class='ocrx_word' id='word_1_338' title='bbox 722 2773 957 2852; x_wconf 83' lang='grc' dir='ltr'>λάρυγγι</span> <span class='ocrx_word' id='word_1_339' title='bbox 986 2779 1085 2829; x_wconf 78' lang='grc' dir='ltr'>τοῦ</span> <span class='ocrx_word' id='word_1_340' title='bbox 1117 2771 1330 2829; x_wconf 82' lang='grc' dir='ltr'>δικαίου</span> <span class='ocrx_word' id='word_1_341' title='bbox 1362 2772 1522 2850; x_wconf 88' lang='grc' dir='ltr'>λόγια</span> <span class='ocrx_word' id='word_1_342' title='bbox 1570 2775 1683 2848; x_wconf 90' lang='lat'>(37)</span> <span class='ocrx_word' id='word_1_343' title='bbox 1736 2778 1833 2829; x_wconf 78' lang='grc' dir='ltr'>τοῦ</span> <span class='ocrx_word' id='word_1_344' title='bbox 1879 2777 2035 2843; x_wconf 80' lang='grc' dir='ltr'>θεοῦ,</span> 
     </span>
    </p>
   </div>
   <div class='ocr_carea' id='block_1_46' title="bbox 385 2859 2035 2943">
    <p class='ocr_par' dir='ltr' id='par_1_46' title="bbox 385 2859 2035 2943">
     <span class='ocr_line' id='line_1_46' title="bbox 385 2859 2035 2943; baseline -0.004 -20"><span class='ocrx_word' id='word_1_345' title='bbox 385 2866 517 2943; x_wconf 74' lang='grc' dir='ltr'>ὖπὶρ</span> <span class='ocrx_word' id='word_1_346' title='bbox 553 2865 680 2942; x_wconf 68' lang='grc' dir='ltr'>μᾶλι</span> <span class='ocrx_word' id='word_1_347' title='bbox 712 2859 845 2921; x_wconf 74' lang='grc' dir='ltr'>ὅντα</span> <span class='ocrx_word' id='word_1_348' title='bbox 871 2867 940 2939; x_wconf 78' lang='grc' dir='ltr'>τῇ</span> <span class='ocrx_word' id='word_1_349' title='bbox 992 2866 1166 2938; x_wconf 74' lang='grc' dir='ltr'>νοητῇ</span> <span class='ocrx_word' id='word_1_350' title='bbox 1212 2862 1377 2918; x_wconf 76' lang='grc' dir='ltr'>αὐτοῦ</span> <span class='ocrx_word' id='word_1_351' title='bbox 1426 2862 1627 2939; x_wconf 82' lang='grc' dir='ltr'>γεύσει,</span> <span class='ocrx_word' id='word_1_352' title='bbox 1662 2860 1750 2918; x_wconf 79' lang='grc' dir='ltr'>διὰ</span> <span class='ocrx_word' id='word_1_353' title='bbox 1798 2864 1860 2919; x_wconf 87' lang='grc' dir='ltr'>τὸ</span> <span class='ocrx_word' id='word_1_354' title='bbox 1918 2862 2035 2919; x_wconf 84' lang='grc' dir='ltr'>ἐπί-</span> 
     </span>
    </p>
   </div>
   <div class='ocr_carea' id='block_1_47' title="bbox 382 2952 2037 3031">
    <p class='ocr_par' dir='ltr' id='par_1_47' title="bbox 382 2952 2037 3031">
     <span class='ocr_line' id='line_1_47' title="bbox 382 2952 2037 3031; baseline -0.003 -19"><span class='ocrx_word' id='word_1_355' title='bbox 382 2977 549 3013; x_wconf 89' lang='grc' dir='ltr'>πονον</span> <span class='ocrx_word' id='word_1_356' title='bbox 608 2960 717 3011; x_wconf 80' lang='grc' dir='ltr'>τῶν</span> <span class='ocrx_word' id='word_1_357' title='bbox 772 2953 1211 3030; x_wconf 83' lang='grc' dir='ltr'>προσταγμάτων</span> <span class='ocrx_word' id='word_1_358' title='bbox 1283 2952 1776 3031; x_wconf 76' lang='grc' dir='ltr'>ἀποστρεφόμενος,</span> <span class='ocrx_word' id='word_1_359' title='bbox 1837 2973 2037 3027; x_wconf 86' lang='grc' dir='ltr'>συγκα-</span> 
     </span>
    </p>
   </div>
   <div class='ocr_carea' id='block_1_48' title="bbox 386 3039 2034 3118">
    <p class='ocr_par' dir='ltr' id='par_1_48' title="bbox 386 3039 2034 3118">
     <span class='ocr_line' id='line_1_48' title="bbox 386 3039 2034 3118; baseline -0.002 -18"><span class='ocrx_word' id='word_1_360' title='bbox 386 3047 734 3118; x_wconf 67' lang='grc' dir='ltr'>τατιθᾶμενος</span> <span class='ocrx_word' id='word_1_361' title='bbox 767 3041 826 3099; x_wconf 78' lang='grc' dir='ltr'>δὶ</span> <span class='ocrx_word' id='word_1_362' title='bbox 852 3048 934 3117; x_wconf 76' lang='grc' dir='ltr'>τῷ</span> <span class='ocrx_word' id='word_1_363' title='bbox 965 3040 1101 3116; x_wconf 83' lang='grc' dir='ltr'>λείῳ</span> <span class='ocrx_word' id='word_1_364' title='bbox 1152 3048 1252 3112; x_wconf 84' lang='grc' dir='ltr'>τῆς</span> <span class='ocrx_word' id='word_1_365' title='bbox 1284 3039 1513 3113; x_wconf 77' lang='grc' dir='ltr'>ἡδονῆς,</span> <span class='ocrx_word' id='word_1_366' title='bbox 1549 3042 1705 3104; x_wconf 81' lang='grc' dir='ltr'>οὗτος</span> <span class='ocrx_word' id='word_1_367' title='bbox 1759 3039 1820 3097; x_wconf 81' lang='grc' dir='ltr'>ἂν</span> <span class='ocrx_word' id='word_1_368' title='bbox 1880 3040 2034 3117; x_wconf 73' lang='grc' dir='ltr'>λέγοι</span> 
     </span>
    </p>
   </div>
   <div class='ocr_carea' id='block_1_49' title="bbox 390 3128 2037 3209">
    <p class='ocr_par' dir='ltr' id='par_1_49' title="bbox 390 3128 2037 3209">
     <span class='ocr_line' id='line_1_49' title="bbox 390 3128 2037 3209; baseline -0.001 -22"><span class='ocrx_word' id='word_1_369' title='bbox 390 3132 455 3187; x_wconf 82' lang='grc' dir='ltr'>τὸ</span> <span class='ocrx_word' id='word_1_370' title='bbox 508 3134 701 3205; x_wconf 81' lang='grc' dir='ltr'>πικρὸν</span> <span class='ocrx_word' id='word_1_371' title='bbox 755 3135 866 3207; x_wconf 84' lang='grc'>(38)</span> <span class='ocrx_word' id='word_1_372' title='bbox 894 3130 1090 3209; x_wconf 83' lang='grc' dir='ltr'>γλυκὺ,</span> <span class='ocrx_word' id='word_1_373' title='bbox 1124 3130 1215 3186; x_wconf 85' lang='grc' dir='ltr'>καὶ</span> <span class='ocrx_word' id='word_1_374' title='bbox 1269 3131 1333 3186; x_wconf 84' lang='grc' dir='ltr'>τὸ</span> <span class='ocrx_word' id='word_1_375' title='bbox 1390 3128 1564 3207; x_wconf 80' lang='grc' dir='ltr'>γλυκὺ</span> <span class='ocrx_word' id='word_1_376' title='bbox 1622 3132 1844 3207; x_wconf 85' lang='grc' dir='ltr'>πικρόν.</span> <span class='ocrx_word' id='word_1_377' title='bbox 1886 3130 2037 3187; x_wconf 81' lang='grc' dir='ltr'>Κατᾶ</span> 
     </span>
    </p>
   </div>
   <div class='ocr_carea' id='block_1_50' title="bbox 394 3215 2034 3295">
    <p class='ocr_par' dir='ltr' id='par_1_50' title="bbox 394 3215 2034 3295">
     <span class='ocr_line' id='line_1_50' title="bbox 394 3215 2034 3295; baseline 0.001 -20"><span class='ocrx_word' id='word_1_378' title='bbox 394 3219 564 3277; x_wconf 86' lang='grc' dir='ltr'>ταύτᾶ</span> <span class='ocrx_word' id='word_1_379' title='bbox 595 3218 662 3291; x_wconf 81' lang='grc' dir='ltr'>δὴ</span> <span class='ocrx_word' id='word_1_380' title='bbox 690 3220 781 3276; x_wconf 88' lang='grc' dir='ltr'>καὶ</span> <span class='ocrx_word' id='word_1_381' title='bbox 810 3221 931 3295; x_wconf 78' lang='grc' dir='ltr'>περὶ</span> <span class='ocrx_word' id='word_1_382' title='bbox 959 3224 1056 3275; x_wconf 77' lang='grc' dir='ltr'>τοῦ</span> <span class='ocrx_word' id='word_1_383' title='bbox 1084 3219 1259 3276; x_wconf 79' lang='grc' dir='ltr'>καλοῦ</span> <span class='ocrx_word' id='word_1_384' title='bbox 1290 3215 1403 3275; x_wconf 74' lang='grc' dir='ltr'>ἔστι</span> <span class='ocrx_word' id='word_1_385' title='bbox 1461 3217 1807 3289; x_wconf 79' lang='grc' dir='ltr'>διανοεῖσθαι,</span> <span class='ocrx_word' id='word_1_386' title='bbox 1841 3222 1924 3276; x_wconf 81' lang='grc' dir='ltr'>ὅτι</span> <span class='ocrx_word' id='word_1_387' title='bbox 1971 3220 2034 3277; x_wconf 90' lang='grc' dir='ltr'>τό</span> 
     </span>
    </p>
   </div>
   <div class='ocr_carea' id='block_1_51' title="bbox 389 3307 2036 3386">
    <p class='ocr_par' dir='ltr' id='par_1_51' title="bbox 389 3307 2036 3386">
     <span class='ocr_line' id='line_1_51' title="bbox 389 3307 2036 3386; baseline 0.001 -21"><span class='ocrx_word' id='word_1_388' title='bbox 389 3308 668 3381; x_wconf 82' lang='grc' dir='ltr'>ἀληθινῶς</span> <span class='ocrx_word' id='word_1_389' title='bbox 698 3307 863 3365; x_wconf 80' lang='grc' dir='ltr'>καλὸν</span> <span class='ocrx_word' id='word_1_390' title='bbox 894 3310 956 3366; x_wconf 84' lang='grc' dir='ltr'>τὸ</span> <span class='ocrx_word' id='word_1_391' title='bbox 985 3308 1036 3364; x_wconf 72' lang='grc' dir='ltr'>ἰν</span> <span class='ocrx_word' id='word_1_392' title='bbox 1066 3312 1134 3384; x_wconf 80' lang='grc' dir='ltr'>τῇ</span> <span class='ocrx_word' id='word_1_393' title='bbox 1181 3308 1335 3386; x_wconf 69' lang='grc' dir='ltr'>ψυχῇ</span> <span class='ocrx_word' id='word_1_394' title='bbox 1395 3307 1706 3386; x_wconf 80' lang='grc' dir='ltr'>σύμμετρόν</span> <span class='ocrx_word' id='word_1_395' title='bbox 1763 3309 1876 3365; x_wconf 76' lang='grc' dir='ltr'>ἐστι</span> <span class='ocrx_word' id='word_1_396' title='bbox 1917 3313 2036 3366; x_wconf 79' lang='grc' dir='ltr'>κατ’</span> 
     </span>
    </p>
   </div>
   <div class='ocr_carea' id='block_1_52' title="bbox 2152 2151 3809 2224">
    <p class='ocr_par' dir='ltr' id='par_1_52' title="bbox 2152 2151 3809 2224">
     <span class='ocr_line' id='line_1_52' title="bbox 2152 2151 3809 2224; baseline 0.001 -20"><span class='ocrx_word' id='word_1_397' title='bbox 2152 2165 2282 2219; x_wconf 64' lang='lat' dir='ltr'>quae</span> <span class='ocrx_word' id='word_1_398' title='bbox 2312 2165 2490 2205; x_wconf 91' lang='lat' dir='ltr'>sensu</span> <span class='ocrx_word' id='word_1_399' title='bbox 2523 2151 2967 2222; x_wconf 88' lang='lat' dir='ltr'>percipiuntur:</span> <span class='ocrx_word' id='word_1_400' title='bbox 3003 2152 3104 2206; x_wconf 86' lang='lat' dir='ltr'>sed</span> <span class='ocrx_word' id='word_1_401' title='bbox 3153 2167 3288 2206; x_wconf 93' lang='lat' dir='ltr'>cum</span> <span class='ocrx_word' id='word_1_402' title='bbox 3336 2152 3672 2224; x_wconf 69' lang='lat' dir='ltr'>Praeceptum</span> <span class='ocrx_word' id='word_1_403' title='bbox 3704 2151 3809 2206; x_wconf 90' lang='lat' dir='ltr'>Do-</span> 
     </span>
    </p>
   </div>
   <div class='ocr_carea' id='block_1_53' title="bbox 2150 2238 3809 2311">
    <p class='ocr_par' dir='ltr' id='par_1_53' title="bbox 2150 2238 3809 2311">
     <span class='ocr_line' id='line_1_53' title="bbox 2150 2238 3809 2311; baseline 0.002 -19"><span class='ocrx_word' id='word_1_404' title='bbox 2150 2238 2298 2294; x_wconf 81' lang='lat' dir='ltr'>mini</span> <span class='ocrx_word' id='word_1_405' title='bbox 2325 2239 2565 2295; x_wconf 82' lang='lat' dir='ltr'>lucidum</span> <span class='ocrx_word' id='word_1_406' title='bbox 2596 2240 2696 2310; x_wconf 87' lang='lat' dir='ltr'>sit,</span> <span class='ocrx_word' id='word_1_407' title='bbox 2754 2241 3086 2295; x_wconf 76' lang='lat' dir='ltr'>illuminans</span> <span class='ocrx_word' id='word_1_408' title='bbox 3143 2241 3325 2296; x_wconf 75' lang='lat' dir='ltr'>oculos</span> <span class='ocrx_word' id='word_1_409' title='bbox 3361 2240 3430 2311; x_wconf 75' lang='grc'>⁵³,</span> <span class='ocrx_word' id='word_1_410' title='bbox 3463 2245 3522 2297; x_wconf 90' lang='lat' dir='ltr'>et</span> <span class='ocrx_word' id='word_1_411' title='bbox 3578 2242 3809 2296; x_wconf 71' lang='lat' dir='ltr'>lucerna</span> 
     </span>
    </p>
   </div>
   <div class='ocr_carea' id='block_1_54' title="bbox 2144 2328 3810 2402">
    <p class='ocr_par' dir='ltr' id='par_1_54' title="bbox 2144 2328 3810 2402">
     <span class='ocr_line' id='line_1_54' title="bbox 2144 2328 3810 2402; baseline 0.001 -18"><span class='ocrx_word' id='word_1_412' title='bbox 2144 2328 2374 2399; x_wconf 73' lang='lat' dir='ltr'>pedibus</span> <span class='ocrx_word' id='word_1_413' title='bbox 2397 2329 2542 2399; x_wconf 86' lang='lat' dir='ltr'>justi</span> <span class='ocrx_word' id='word_1_414' title='bbox 2572 2330 2813 2385; x_wconf 90' lang='lat' dir='ltr'>verbum</span> <span class='ocrx_word' id='word_1_415' title='bbox 2856 2329 2958 2385; x_wconf 90' lang='lat' dir='ltr'>Dei</span> <span class='ocrx_word' id='word_1_416' title='bbox 3008 2330 3087 2385; x_wconf 88' lang='lat' dir='ltr'>sit</span> <span class='ocrx_word' id='word_1_417' title='bbox 3106 2329 3169 2401; x_wconf 76' lang='grc'>⁸³,</span> <span class='ocrx_word' id='word_1_418' title='bbox 3204 2330 3475 2402; x_wconf 86' lang='lat' dir='ltr'>quisquis</span> <span class='ocrx_word' id='word_1_419' title='bbox 3517 2347 3634 2386; x_wconf 91' lang='lat' dir='ltr'>non</span> <span class='ocrx_word' id='word_1_420' title='bbox 3664 2328 3810 2385; x_wconf 88' lang='lat' dir='ltr'>vivit</span> 
     </span>
    </p>
   </div>
   <div class='ocr_carea' id='block_1_55' title="bbox 2146 2417 3805 2491">
    <p class='ocr_par' dir='ltr' id='par_1_55' title="bbox 2146 2417 3805 2491">
     <span class='ocr_line' id='line_1_55' title="bbox 2146 2417 3805 2491; baseline 0.001 -17"><span class='ocrx_word' id='word_1_421' title='bbox 2146 2422 2203 2474; x_wconf 91' lang='lat' dir='ltr'>et</span> <span class='ocrx_word' id='word_1_422' title='bbox 2230 2417 2464 2474; x_wconf 89' lang='lat' dir='ltr'>virtutis</span> <span class='ocrx_word' id='word_1_423' title='bbox 2521 2418 2883 2491; x_wconf 68' lang='lat' dir='ltr'>prasscripto,</span> <span class='ocrx_word' id='word_1_424' title='bbox 2941 2420 3041 2473; x_wconf 91' lang='lat' dir='ltr'>sed</span> <span class='ocrx_word' id='word_1_425' title='bbox 3098 2418 3347 2474; x_wconf 86' lang='lat' dir='ltr'>terrenis</span> <span class='ocrx_word' id='word_1_426' title='bbox 3406 2422 3464 2474; x_wconf 90' lang='lat' dir='ltr'>et</span> <span class='ocrx_word' id='word_1_427' title='bbox 3505 2419 3805 2491; x_wconf 88' lang='lat' dir='ltr'>corporeis</span> 
     </span>
    </p>
   </div>
   <div class='ocr_carea' id='block_1_56' title="bbox 2145 2506 3805 2580">
    <p class='ocr_par' dir='ltr' id='par_1_56' title="bbox 2145 2506 3805 2580">
     <span class='ocr_line' id='line_1_56' title="bbox 2145 2506 3805 2580; baseline 0.001 -17"><span class='ocrx_word' id='word_1_428' title='bbox 2145 2508 2443 2564; x_wconf 87' lang='lat' dir='ltr'>volutatur</span> <span class='ocrx_word' id='word_1_429' title='bbox 2473 2508 2802 2575; x_wconf 73' lang='lat' dir='ltr'>affectibus,</span> <span class='ocrx_word' id='word_1_430' title='bbox 2837 2506 3037 2579; x_wconf 85' lang='lat' dir='ltr'>utique</span> <span class='ocrx_word' id='word_1_431' title='bbox 3086 2506 3184 2563; x_wconf 91' lang='lat' dir='ltr'>ille</span> <span class='ocrx_word' id='word_1_432' title='bbox 3213 2508 3340 2580; x_wconf 90' lang='lat' dir='ltr'>ipse</span> <span class='ocrx_word' id='word_1_433' title='bbox 3388 2508 3565 2564; x_wconf 90' lang='lat' dir='ltr'>fuerit</span> <span class='ocrx_word' id='word_1_434' title='bbox 3588 2509 3689 2580; x_wconf 89' lang='lat' dir='ltr'>qui</span> <span class='ocrx_word' id='word_1_435' title='bbox 3718 2506 3805 2564; x_wconf 87' lang='lat' dir='ltr'>vi-</span> 
     </span>
    </p>
   </div>
   <div class='ocr_carea' id='block_1_57' title="bbox 2146 2596 3806 2670">
    <p class='ocr_par' dir='ltr' id='par_1_57' title="bbox 2146 2596 3806 2670">
     <span class='ocr_line' id='line_1_57' title="bbox 2146 2596 3806 2670; baseline 0.001 -17"><span class='ocrx_word' id='word_1_436' title='bbox 2146 2601 2265 2653; x_wconf 87' lang='lat' dir='ltr'>tam</span> <span class='ocrx_word' id='word_1_437' title='bbox 2299 2597 2653 2654; x_wconf 87' lang='lat' dir='ltr'>malitiosam</span> <span class='ocrx_word' id='word_1_438' title='bbox 2687 2597 2865 2652; x_wconf 89' lang='lat' dir='ltr'>veluti</span> <span class='ocrx_word' id='word_1_439' title='bbox 2893 2596 3080 2652; x_wconf 90' lang='lat' dir='ltr'>lucem</span> <span class='ocrx_word' id='word_1_440' title='bbox 3114 2597 3372 2669; x_wconf 86' lang='lat' dir='ltr'>aliquam</span> <span class='ocrx_word' id='word_1_441' title='bbox 3407 2597 3806 2670; x_wconf 85' lang='lat' dir='ltr'>amplectitur,</span> 
     </span>
    </p>
   </div>
   <div class='ocr_carea' id='block_1_58' title="bbox 2144 2686 3802 2759">
    <p class='ocr_par' dir='ltr' id='par_1_58' title="bbox 2144 2686 3802 2759">
     <span class='ocr_line' id='line_1_58' title="bbox 2144 2686 3802 2759; baseline 0.001 -19"><span class='ocrx_word' id='word_1_442' title='bbox 2144 2687 2322 2741; x_wconf 89' lang='lat' dir='ltr'>vitam</span> <span class='ocrx_word' id='word_1_443' title='bbox 2381 2703 2514 2742; x_wconf 88' lang='lat' dir='ltr'>vero</span> <span class='ocrx_word' id='word_1_444' title='bbox 2573 2687 2876 2759; x_wconf 82' lang='lat' dir='ltr'>praeceptis</span> <span class='ocrx_word' id='word_1_445' title='bbox 2945 2686 3179 2741; x_wconf 87' lang='lat' dir='ltr'>Domini</span> <span class='ocrx_word' id='word_1_446' title='bbox 3237 2690 3659 2758; x_wconf 86' lang='lat' dir='ltr'>congruentem</span> <span class='ocrx_word' id='word_1_447' title='bbox 3715 2687 3802 2742; x_wconf 89' lang='lat' dir='ltr'>uti</span> 
     </span>
    </p>
   </div>
   <div class='ocr_carea' id='block_1_59' title="bbox 2144 2775 3801 2847">
    <p class='ocr_par' dir='ltr' id='par_1_59' title="bbox 2144 2775 3801 2847">
     <span class='ocr_line' id='line_1_59' title="bbox 2144 2775 3801 2847; baseline 0 -15"><span class='ocrx_word' id='word_1_448' title='bbox 2144 2776 2420 2832; x_wconf 89' lang='lat' dir='ltr'>tenebras</span> <span class='ocrx_word' id='word_1_449' title='bbox 2442 2777 2728 2847; x_wconf 83' lang='lat' dir='ltr'>quasdam</span> <span class='ocrx_word' id='word_1_450' title='bbox 2748 2781 3068 2831; x_wconf 87' lang='lat' dir='ltr'>aversatur.</span> <span class='ocrx_word' id='word_1_451' title='bbox 3086 2779 3153 2831; x_wconf 83' lang='lat' dir='ltr'>Et</span> <span class='ocrx_word' id='word_1_452' title='bbox 3173 2775 3273 2847; x_wconf 91' lang='lat' dir='ltr'>qui</span> <span class='ocrx_word' id='word_1_453' title='bbox 3291 2776 3363 2831; x_wconf 94' lang='lat' dir='ltr'>ob</span> <span class='ocrx_word' id='word_1_454' title='bbox 3387 2777 3801 2832; x_wconf 87' lang='lat' dir='ltr'>mandatorum</span> 
     </span>
    </p>
   </div>
   <div class='ocr_carea' id='block_1_60' title="bbox 2146 2863 3803 2936">
    <p class='ocr_par' dir='ltr' id='par_1_60' title="bbox 2146 2863 3803 2936">
     <span class='ocr_line' id='line_1_60' title="bbox 2146 2863 3803 2936; baseline 0.001 -15"><span class='ocrx_word' id='word_1_455' title='bbox 2146 2864 2528 2921; x_wconf 84' lang='lat' dir='ltr'>difﬁcultates</span> <span class='ocrx_word' id='word_1_456' title='bbox 2560 2864 2795 2936; x_wconf 89' lang='lat' dir='ltr'>eloquia</span> <span class='ocrx_word' id='word_1_457' title='bbox 2850 2865 2951 2920; x_wconf 89' lang='lat' dir='ltr'>Dei</span> <span class='ocrx_word' id='word_1_458' title='bbox 3011 2863 3253 2936; x_wconf 84' lang='lat' dir='ltr'>fastidit,</span> <span class='ocrx_word' id='word_1_459' title='bbox 3315 2863 3450 2920; x_wconf 89' lang='lat' dir='ltr'>licet</span> <span class='ocrx_word' id='word_1_460' title='bbox 3495 2865 3616 2919; x_wconf 91' lang='lat' dir='ltr'>sint</span> <span class='ocrx_word' id='word_1_461' title='bbox 3650 2865 3803 2936; x_wconf 86' lang='lat' dir='ltr'>justi</span> 
     </span>
    </p>
   </div>
   <div class='ocr_carea' id='block_1_61' title="bbox 2146 2953 3803 3027">
    <p class='ocr_par' dir='ltr' id='par_1_61' title="bbox 2146 2953 3803 3027">
     <span class='ocr_line' id='line_1_61' title="bbox 2146 2953 3803 3027; baseline 0.001 -18"><span class='ocrx_word' id='word_1_462' title='bbox 2146 2954 2414 3011; x_wconf 86' lang='lat' dir='ltr'>faucibus</span> <span class='ocrx_word' id='word_1_463' title='bbox 2444 2958 2501 3011; x_wconf 89' lang='lat' dir='ltr'>et</span> <span class='ocrx_word' id='word_1_464' title='bbox 2531 2953 2824 3026; x_wconf 89' lang='lat' dir='ltr'>spirituali</span> <span class='ocrx_word' id='word_1_465' title='bbox 2858 2955 2985 3026; x_wconf 90' lang='lat' dir='ltr'>ejus</span> <span class='ocrx_word' id='word_1_466' title='bbox 3019 2954 3218 3026; x_wconf 87' lang='lat' dir='ltr'>gustui</span> <span class='ocrx_word' id='word_1_467' title='bbox 3250 2953 3423 3009; x_wconf 91' lang='lat' dir='ltr'>melle</span> <span class='ocrx_word' id='word_1_468' title='bbox 3452 2953 3715 3010; x_wconf 89' lang='lat' dir='ltr'>dulciora</span> <span class='ocrx_word' id='word_1_469' title='bbox 3735 2955 3803 3027; x_wconf 79' lang='lat'>“,</span> 
     </span>
    </p>
   </div>
   <div class='ocr_carea' id='block_1_62' title="bbox 2146 3042 3801 3115">
    <p class='ocr_par' dir='ltr' id='par_1_62' title="bbox 2146 3042 3801 3115">
     <span class='ocr_line' id='line_1_62' title="bbox 2146 3042 3801 3115; baseline 0 -16"><span class='ocrx_word' id='word_1_470' title='bbox 2146 3043 2197 3099; x_wconf 90' lang='lat' dir='ltr'>si</span> <span class='ocrx_word' id='word_1_471' title='bbox 2226 3044 2582 3100; x_wconf 84' lang='lat' dir='ltr'>assentiatur</span> <span class='ocrx_word' id='word_1_472' title='bbox 2608 3043 2924 3115; x_wconf 85' lang='lat' dir='ltr'>voluptatis</span> <span class='ocrx_word' id='word_1_473' title='bbox 2953 3043 3179 3098; x_wconf 90' lang='lat' dir='ltr'>lenitati</span> <span class='ocrx_word' id='word_1_474' title='bbox 3206 3061 3222 3113; x_wconf 70' lang='grc' dir='ltr'>ς</span> <span class='ocrx_word' id='word_1_475' title='bbox 3267 3042 3368 3098; x_wconf 89' lang='lat' dir='ltr'>ille</span> <span class='ocrx_word' id='word_1_476' title='bbox 3397 3043 3609 3099; x_wconf 81' lang='lat' dir='ltr'>dixerit</span> <span class='ocrx_word' id='word_1_477' title='bbox 3638 3061 3801 3099; x_wconf 72' lang='lat' dir='ltr'>ama.</span> 
     </span>
    </p>
   </div>
   <div class='ocr_carea' id='block_1_63' title="bbox 2145 3131 3801 3198">
    <p class='ocr_par' dir='ltr' id='par_1_63' title="bbox 2145 3131 3801 3198">
     <span class='ocr_line' id='line_1_63' title="bbox 2145 3131 3801 3198; baseline 0 -11"><span class='ocrx_word' id='word_1_478' title='bbox 2145 3148 2276 3187; x_wconf 90' lang='lat' dir='ltr'>rum</span> <span class='ocrx_word' id='word_1_479' title='bbox 2310 3131 2497 3198; x_wconf 91' lang='lat' dir='ltr'>dulce,</span> <span class='ocrx_word' id='word_1_480' title='bbox 2532 3135 2590 3185; x_wconf 91' lang='lat' dir='ltr'>et</span> <span class='ocrx_word' id='word_1_481' title='bbox 2633 3131 2803 3186; x_wconf 89' lang='lat' dir='ltr'>dulce</span> <span class='ocrx_word' id='word_1_482' title='bbox 2857 3147 3149 3187; x_wconf 74' lang='lat' dir='ltr'>amarum.</span> <span class='ocrx_word' id='word_1_483' title='bbox 3205 3135 3356 3187; x_wconf 87' lang='lat' dir='ltr'>Sane</span> <span class='ocrx_word' id='word_1_484' title='bbox 3385 3132 3588 3187; x_wconf 92' lang='lat' dir='ltr'>eodem</span> <span class='ocrx_word' id='word_1_485' title='bbox 3623 3132 3801 3188; x_wconf 89' lang='lat' dir='ltr'>etiam</span> 
     </span>
    </p>
   </div>
   <div class='ocr_carea' id='block_1_64' title="bbox 2145 3221 3803 3293">
    <p class='ocr_par' dir='ltr' id='par_1_64' title="bbox 2145 3221 3803 3293">
     <span class='ocr_line' id='line_1_64' title="bbox 2145 3221 3803 3293; baseline 0.001 -17"><span class='ocrx_word' id='word_1_486' title='bbox 2145 3222 2320 3277; x_wconf 90' lang='lat' dir='ltr'>modo</span> <span class='ocrx_word' id='word_1_487' title='bbox 2348 3221 2721 3277; x_wconf 90' lang='lat' dir='ltr'>sentiendum</span> <span class='ocrx_word' id='word_1_488' title='bbox 2761 3223 2850 3275; x_wconf 90' lang='lat' dir='ltr'>est</span> <span class='ocrx_word' id='word_1_489' title='bbox 2880 3221 2952 3276; x_wconf 92' lang='lat' dir='ltr'>de</span> <span class='ocrx_word' id='word_1_490' title='bbox 3000 3222 3172 3288; x_wconf 91' lang='lat' dir='ltr'>bono,</span> <span class='ocrx_word' id='word_1_491' title='bbox 3210 3236 3343 3275; x_wconf 91' lang='lat' dir='ltr'>eum</span> <span class='ocrx_word' id='word_1_492' title='bbox 3392 3221 3451 3276; x_wconf 91' lang='lat' dir='ltr'>id</span> <span class='ocrx_word' id='word_1_493' title='bbox 3483 3222 3639 3293; x_wconf 88' lang='lat' dir='ltr'>quod</span> <span class='ocrx_word' id='word_1_494' title='bbox 3670 3238 3803 3279; x_wconf 89' lang='lat' dir='ltr'>vere</span> 
     </span>
    </p>
   </div>
   <div class='ocr_carea' id='block_1_65' title="bbox 2143 3301 3802 3382">
    <p class='ocr_par' dir='ltr' id='par_1_65' title="bbox 2143 3301 3802 3382">
     <span class='ocr_line' id='line_1_65' title="bbox 2143 3301 3802 3382; baseline 0.001 -15"><span class='ocrx_word' id='word_1_495' title='bbox 2143 3314 2235 3367; x_wconf 89' lang='lat' dir='ltr'>est</span> <span class='ocrx_word' id='word_1_496' title='bbox 2256 3311 2499 3375; x_wconf 88' lang='lat' dir='ltr'>bonum,</span> <span class='ocrx_word' id='word_1_497' title='bbox 2519 3310 2598 3364; x_wconf 90' lang='lat' dir='ltr'>sit</span> <span class='ocrx_word' id='word_1_498' title='bbox 2615 3310 2881 3382; x_wconf 70' lang='lat' dir='ltr'>quaedam</span> <span class='ocrx_word' id='word_1_499' title='bbox 2905 3301 2964 3364; x_wconf 81' lang='lat' dir='ltr'>in</span> <span class='ocrx_word' id='word_1_500' title='bbox 2985 3309 3181 3365; x_wconf 85' lang='lat' dir='ltr'>anima</span> <span class='ocrx_word' id='word_1_501' title='bbox 3201 3326 3339 3380; x_wconf 87' lang='lat' dir='ltr'>erga</span> <span class='ocrx_word' id='word_1_502' title='bbox 3354 3310 3628 3366; x_wconf 86' lang='lat' dir='ltr'>virtutem</span> <span class='ocrx_word' id='word_1_503' title='bbox 3653 3312 3802 3368; x_wconf 88' lang='lat' dir='ltr'>bene</span> 
     </span>
    </p>
   </div>
   <div class='ocr_carea' id='block_1_66' title="bbox 385 3396 2037 3501">
    <p class='ocr_par' dir='ltr' id='par_1_66' title="bbox 385 3396 2032 3501">
     <span class='ocr_line' id='line_1_66' title="bbox 385 3396 2032 3501; baseline 0.001 -47"><span class='ocrx_word' id='word_1_504' title='bbox 385 3398 586 3472; x_wconf 71' lang='grc' dir='ltr'>ἀρετὴν</span> <span class='ocrx_word' id='word_1_505' title='bbox 616 3396 950 3501; x_wconf 69' lang='grc' dir='ltr'>διακειμένη.</span> <span class='ocrx_word' id='word_1_506' title='bbox 982 3398 1231 3469; x_wconf 85' lang='grc' dir='ltr'>Μεσότης</span> <span class='ocrx_word' id='word_1_507' title='bbox 1285 3397 1388 3475; x_wconf 81' lang='grc' dir='ltr'>γὰρ</span> <span class='ocrx_word' id='word_1_508' title='bbox 1443 3397 1535 3453; x_wconf 78' lang='grc' dir='ltr'>καί</span> <span class='ocrx_word' id='word_1_509' title='bbox 1587 3400 1895 3501; x_wconf 57' lang='grc' dir='ltr'>συμμεξρία</span> <span class='ocrx_word' id='word_1_510' title='bbox 1948 3420 2032 3463; x_wconf 91' lang='grc' dir='ltr'>τις</span> 
     </span>
    </p>
   </div>
   <div class='ocr_carea' id='block_1_67' title="bbox 2153 3396 3804 3501">
    <p class='ocr_par' dir='ltr' id='par_1_67' title="bbox 2153 3398 3804 3471">
     <span class='ocr_line' id='line_1_67' title="bbox 2153 3398 3804 3471; baseline 0.001 -16"><span class='ocrx_word' id='word_1_511' title='bbox 2153 3399 2354 3456; x_wconf 84' lang='lat' dir='ltr'>affecta</span> <span class='ocrx_word' id='word_1_512' title='bbox 2384 3399 2792 3455; x_wconf 86' lang='lat' dir='ltr'>mediocritas:</span> <span class='ocrx_word' id='word_1_513' title='bbox 2826 3400 3026 3454; x_wconf 87' lang='lat' dir='ltr'>Virtus</span> <span class='ocrx_word' id='word_1_514' title='bbox 3060 3399 3217 3453; x_wconf 92' lang='lat' dir='ltr'>enim</span> <span class='ocrx_word' id='word_1_515' title='bbox 3250 3398 3530 3471; x_wconf 88' lang='lat' dir='ltr'>quiddam</span> <span class='ocrx_word' id='word_1_516' title='bbox 3564 3405 3654 3457; x_wconf 89' lang='lat' dir='ltr'>est</span> <span class='ocrx_word' id='word_1_517' title='bbox 3682 3415 3804 3456; x_wconf 91' lang='lat' dir='ltr'>me-</span> 
     </span>
    </p>
   </div>
   <div class='ocr_carea' id='block_1_68' title="bbox 382 3484 2037 3568">
    <p class='ocr_par' dir='ltr' id='par_1_68' title="bbox 382 3484 2033 3568">
     <span class='ocr_line' id='line_1_68' title="bbox 382 3484 2033 3568; baseline 0.001 -26"><span class='ocrx_word' id='word_1_518' title='bbox 382 3490 417 3557; x_wconf 81' lang='grc' dir='ltr'>ἠ</span> <span class='ocrx_word' id='word_1_519' title='bbox 452 3488 638 3565; x_wconf 78' lang='grc' dir='ltr'>ἀρετή·</span> <span class='ocrx_word' id='word_1_520' title='bbox 671 3488 727 3543; x_wconf 76' lang='grc' dir='ltr'>αἱ</span> <span class='ocrx_word' id='word_1_521' title='bbox 786 3484 843 3543; x_wconf 76' lang='grc' dir='ltr'>δὲ</span> <span class='ocrx_word' id='word_1_522' title='bbox 899 3488 979 3568; x_wconf 77' lang='grc' dir='ltr'>ἐφ’</span> <span class='ocrx_word' id='word_1_523' title='bbox 1012 3487 1235 3564; x_wconf 62' lang='grc' dir='ltr'>ἑκάτερα</span> <span class='ocrx_word' id='word_1_524' title='bbox 1287 3488 1385 3558; x_wconf 79' lang='grc' dir='ltr'>τὴν</span> <span class='ocrx_word' id='word_1_525' title='bbox 1447 3487 1642 3565; x_wconf 74' lang='grc' dir='ltr'>ἀρετὴν</span> <span class='ocrx_word' id='word_1_526' title='bbox 1694 3484 2033 3544; x_wconf 77' lang='grc' dir='ltr'>ἐκϐαίνουσαι</span> 
     </span>
    </p>
   </div>
   <div class='ocr_carea' id='block_1_69' title="bbox 2153 3484 3803 3568">
    <p class='ocr_par' dir='ltr' id='par_1_69' title="bbox 2153 3487 3803 3561">
     <span class='ocr_line' id='line_1_69' title="bbox 2153 3487 3803 3561; baseline 0.001 -17"><span class='ocrx_word' id='word_1_527' title='bbox 2153 3489 2311 3545; x_wconf 84' lang='lat' dir='ltr'>dium</span> <span class='ocrx_word' id='word_1_528' title='bbox 2342 3505 2409 3545; x_wconf 91' lang='lat' dir='ltr'>ac</span> <span class='ocrx_word' id='word_1_529' title='bbox 2439 3487 2906 3544; x_wconf 85' lang='lat' dir='ltr'>mediocre.Cum</span> <span class='ocrx_word' id='word_1_530' title='bbox 2937 3492 3132 3544; x_wconf 88' lang='lat' dir='ltr'>autem</span> <span class='ocrx_word' id='word_1_531' title='bbox 3164 3503 3230 3543; x_wconf 80' lang='lat' dir='ltr'>ex</span> <span class='ocrx_word' id='word_1_532' title='bbox 3261 3487 3544 3544; x_wconf 88' lang='lat' dir='ltr'>alterutra</span> <span class='ocrx_word' id='word_1_533' title='bbox 3574 3493 3737 3561; x_wconf 88' lang='lat' dir='ltr'>parte</span> <span class='ocrx_word' id='word_1_534' title='bbox 3769 3507 3803 3546; x_wconf 86' lang='lat' dir='ltr'>a</span> 
     </span>
    </p>
   </div>
   <div class='ocr_carea' id='block_1_70' title="bbox 381 3571 2036 3653">
    <p class='ocr_par' dir='ltr' id='par_1_70' title="bbox 381 3571 2036 3653">
     <span class='ocr_line' id='line_1_70' title="bbox 381 3571 2036 3653; baseline 0.001 -21"><span class='ocrx_word' id='word_1_535' title='bbox 381 3571 687 3653; x_wconf 75' lang='grc' dir='ltr'>ὑπερϐολαὶ</span> <span class='ocrx_word' id='word_1_536' title='bbox 767 3578 859 3633; x_wconf 85' lang='grc' dir='ltr'>καὶ</span> <span class='ocrx_word' id='word_1_537' title='bbox 946 3576 1246 3653; x_wconf 74' lang='grc' dir='ltr'>ἐλλείψεις,</span> <span class='ocrx_word' id='word_1_538' title='bbox 1315 3577 1545 3653; x_wconf 78' lang='grc' dir='ltr'>ἀμετρία</span> <span class='ocrx_word' id='word_1_539' title='bbox 1615 3581 1726 3653; x_wconf 85' lang='grc'>(39)</span> <span class='ocrx_word' id='word_1_540' title='bbox 1789 3579 1879 3634; x_wconf 80' lang='grc' dir='ltr'>καὶ</span> <span class='ocrx_word' id='word_1_541' title='bbox 1954 3580 2036 3634; x_wconf 77' lang='grc' dir='ltr'>αἶ’-</span> 
     </span>
    </p>
   </div>
   <div class='ocr_carea' id='block_1_71' title="bbox 376 3663 2037 3744">
    <p class='ocr_par' dir='ltr' id='par_1_71' title="bbox 376 3663 2037 3744">
     <span class='ocr_line' id='line_1_71' title="bbox 376 3663 2037 3744; baseline 0.002 -24"><span class='ocrx_word' id='word_1_542' title='bbox 376 3686 531 3742; x_wconf 92' lang='grc' dir='ltr'>σχος.</span> <span class='ocrx_word' id='word_1_543' title='bbox 566 3667 722 3736; x_wconf 80' lang='grc' dir='ltr'>Οῖον,</span> <span class='ocrx_word' id='word_1_544' title='bbox 779 3667 817 3737; x_wconf 79' lang='grc' dir='ltr'><strong>ἡ</strong></span> <span class='ocrx_word' id='word_1_545' title='bbox 881 3668 974 3741; x_wconf 77' lang='grc' dir='ltr'>μὶν</span> <span class='ocrx_word' id='word_1_546' title='bbox 1036 3664 1257 3743; x_wconf 84' lang='grc' dir='ltr'>ἀνδρεία</span> <span class='ocrx_word' id='word_1_547' title='bbox 1315 3667 1569 3741; x_wconf 83' lang='grc' dir='ltr'>μεσότης,</span> <span class='ocrx_word' id='word_1_548' title='bbox 1634 3663 1916 3744; x_wconf 75' lang='grc' dir='ltr'>ὑπερϐολὴ</span> <span class='ocrx_word' id='word_1_549' title='bbox 1979 3666 2037 3724; x_wconf 78' lang='grc' dir='ltr'>δὲ</span> 
     </span>
    </p>
   </div>
   <div class='ocr_carea' id='block_1_72' title="bbox 374 3750 2031 3832">
    <p class='ocr_par' dir='ltr' id='par_1_72' title="bbox 374 3750 2031 3832">
     <span class='ocr_line' id='line_1_72' title="bbox 374 3750 2031 3832; baseline 0.002 -22"><span class='ocrx_word' id='word_1_550' title='bbox 374 3755 499 3832; x_wconf 76' lang='grc' dir='ltr'>περὶ</span> <span class='ocrx_word' id='word_1_551' title='bbox 555 3754 761 3828; x_wconf 82' lang='grc' dir='ltr'>ταύτην</span> <span class='ocrx_word' id='word_1_552' title='bbox 828 3755 1120 3831; x_wconf 85' lang='grc' dir='ltr'>θρασύτης,</span> <span class='ocrx_word' id='word_1_553' title='bbox 1175 3756 1262 3811; x_wconf 79' lang='grc' dir='ltr'>καὶ</span> <span class='ocrx_word' id='word_1_554' title='bbox 1335 3750 1510 3812; x_wconf 77' lang='grc' dir='ltr'>ἔνδεια</span> <span class='ocrx_word' id='word_1_555' title='bbox 1575 3755 1778 3826; x_wconf 83' lang='grc' dir='ltr'>ταύτης</span> <span class='ocrx_word' id='word_1_556' title='bbox 1833 3754 2031 3814; x_wconf 79' lang='grc' dir='ltr'>δειλία.</span> 
     </span>
    </p>
   </div>
   <div class='ocr_carea' id='block_1_73' title="bbox 372 3842 2029 3922">
    <p class='ocr_par' dir='ltr' id='par_1_73' title="bbox 372 3842 2029 3922">
     <span class='ocr_line' id='line_1_73' title="bbox 372 3842 2029 3922; baseline 0 -21"><span class='ocrx_word' id='word_1_557' title='bbox 372 3845 580 3902; x_wconf 73' lang='grc' dir='ltr'>Οὐκοῦν</span> <span class='ocrx_word' id='word_1_558' title='bbox 608 3842 820 3908; x_wconf 84' lang='grc' dir='ltr'>κάλλος</span> <span class='ocrx_word' id='word_1_559' title='bbox 855 3845 950 3920; x_wconf 72' lang='grc' dir='ltr'>μὲν</span> <span class='ocrx_word' id='word_1_560' title='bbox 979 3848 1190 3921; x_wconf 83' lang='grc' dir='ltr'>ψυχῆς,</span> <span class='ocrx_word' id='word_1_561' title='bbox 1221 3844 1285 3900; x_wconf 85' lang='grc' dir='ltr'>τὸ</span> <span class='ocrx_word' id='word_1_562' title='bbox 1311 3846 1429 3900; x_wconf 85' lang='grc' dir='ltr'>κατ’</span> <span class='ocrx_word' id='word_1_563' title='bbox 1457 3846 1657 3922; x_wconf 82' lang='grc' dir='ltr'>ἀρετὴν</span> <span class='ocrx_word' id='word_1_564' title='bbox 1694 3844 2029 3921; x_wconf 83' lang='grc' dir='ltr'>σύμμετρον·</span> 
     </span>
    </p>
   </div>
   <div class='ocr_carea' id='block_1_74' title="bbox 372 3932 2029 4013">
    <p class='ocr_par' dir='ltr' id='par_1_74' title="bbox 372 3932 2029 4013">
     <span class='ocr_line' id='line_1_74' title="bbox 372 3932 2029 4013; baseline -0.001 -21"><span class='ocrx_word' id='word_1_565' title='bbox 372 3936 567 4013; x_wconf 82' lang='grc' dir='ltr'>αἶσχος</span> <span class='ocrx_word' id='word_1_566' title='bbox 601 3932 679 4009; x_wconf 74' lang='grc' dir='ltr'>δὲ,</span> <span class='ocrx_word' id='word_1_567' title='bbox 716 3936 773 3991; x_wconf 77' lang='grc' dir='ltr'>αἱ</span> <span class='ocrx_word' id='word_1_568' title='bbox 805 3935 911 3991; x_wconf 83' lang='grc' dir='ltr'>ἀπὸ</span> <span class='ocrx_word' id='word_1_569' title='bbox 960 3935 1149 3998; x_wconf 86' lang='grc' dir='ltr'>κακίας</span> <span class='ocrx_word' id='word_1_570' title='bbox 1186 3932 1523 4012; x_wconf 80' lang='grc' dir='ltr'>ἐγγινόμεναι</span> <span class='ocrx_word' id='word_1_571' title='bbox 1574 3936 1850 4012; x_wconf 88' lang='grc' dir='ltr'>ἀμετρίαι.</span> <span class='ocrx_word' id='word_1_572' title='bbox 1886 3935 2029 3993; x_wconf 88' lang='grc' dir='ltr'>Τού-</span> 
     </span>
    </p>
   </div>
   <div class='ocr_carea' id='block_1_75' title="bbox 368 4022 2031 4099">
    <p class='ocr_par' dir='ltr' id='par_1_75' title="bbox 368 4022 2031 4099">
     <span class='ocr_line' id='line_1_75' title="bbox 368 4022 2031 4099; baseline -0.001 -17"><span class='ocrx_word' id='word_1_573' title='bbox 368 4046 498 4089; x_wconf 91' lang='grc' dir='ltr'>τους</span> <span class='ocrx_word' id='word_1_574' title='bbox 523 4023 614 4081; x_wconf 79' lang='grc' dir='ltr'>οὖν</span> <span class='ocrx_word' id='word_1_575' title='bbox 645 4022 920 4095; x_wconf 85' lang='grc' dir='ltr'>ταλανίζει</span> <span class='ocrx_word' id='word_1_576' title='bbox 966 4025 993 4080; x_wconf 90' lang='lat'>6</span> <span class='ocrx_word' id='word_1_577' title='bbox 1025 4023 1212 4099; x_wconf 85' lang='grc' dir='ltr'>λόγος,</span> <span class='ocrx_word' id='word_1_578' title='bbox 1244 4023 1370 4088; x_wconf 80' lang='grc' dir='ltr'>τοὺς</span> <span class='ocrx_word' id='word_1_579' title='bbox 1400 4025 1500 4095; x_wconf 80' lang='grc' dir='ltr'>τήν</span> <span class='ocrx_word' id='word_1_580' title='bbox 1559 4026 1654 4099; x_wconf 79' lang='grc' dir='ltr'>μὶν</span> <span class='ocrx_word' id='word_1_581' title='bbox 1712 4024 1899 4081; x_wconf 83' lang='grc' dir='ltr'>κακίαν</span> <span class='ocrx_word' id='word_1_582' title='bbox 1954 4025 2031 4088; x_wconf 83' lang='grc' dir='ltr'>ὡς</span> 
     </span>
    </p>
   </div>
   <div class='ocr_carea' id='block_1_76' title="bbox 371 4110 2031 4191">
    <p class='ocr_par' dir='ltr' id='par_1_76' title="bbox 371 4110 2031 4191">
     <span class='ocr_line' id='line_1_76' title="bbox 371 4110 2031 4191; baseline -0.001 -20"><span class='ocrx_word' id='word_1_583' title='bbox 371 4114 569 4190; x_wconf 81' lang='grc' dir='ltr'>ἀγαθὸν</span> <span class='ocrx_word' id='word_1_584' title='bbox 632 4114 1018 4189; x_wconf 73' lang='grc' dir='ltr'>αἱρουμένους,</span> <span class='ocrx_word' id='word_1_585' title='bbox 1075 4114 1175 4185; x_wconf 79' lang='grc' dir='ltr'>τήν</span> <span class='ocrx_word' id='word_1_586' title='bbox 1232 4110 1289 4169; x_wconf 63' lang='grc' dir='ltr'>δὲ</span> <span class='ocrx_word' id='word_1_587' title='bbox 1346 4113 1542 4191; x_wconf 73' lang='grc' dir='ltr'>ἀρετὴν</span> <span class='ocrx_word' id='word_1_588' title='bbox 1614 4115 1691 4177; x_wconf 85' lang='grc' dir='ltr'>ὡς</span> <span class='ocrx_word' id='word_1_589' title='bbox 1767 4114 2031 4190; x_wconf 87' lang='grc' dir='ltr'>πονηρίαν</span> 
     </span>
    </p>
   </div>
   <div class='ocr_carea' id='block_1_77' title="bbox 370 4200 2030 4282">
    <p class='ocr_par' dir='ltr' id='par_1_77' title="bbox 370 4200 2030 4282">
     <span class='ocr_line' id='line_1_77' title="bbox 370 4200 2030 4282; baseline 0 -23"><span class='ocrx_word' id='word_1_590' title='bbox 370 4202 798 4282; x_wconf 79' lang='grc' dir='ltr'>ἀποφεύγοντας.</span> <span class='ocrx_word' id='word_1_591' title='bbox 831 4202 1166 4275; x_wconf 77' lang='grc' dir='ltr'>Ἐξεταστὲον</span> <span class='ocrx_word' id='word_1_592' title='bbox 1211 4200 1270 4258; x_wconf 73' lang='grc' dir='ltr'>δὲ</span> <span class='ocrx_word' id='word_1_593' title='bbox 1324 4203 1415 4258; x_wconf 82' lang='grc' dir='ltr'>καὶ</span> <span class='ocrx_word' id='word_1_594' title='bbox 1462 4204 1564 4274; x_wconf 78' lang='grc' dir='ltr'>τὴν</span> <span class='ocrx_word' id='word_1_595' title='bbox 1617 4202 1788 4259; x_wconf 76' lang='grc' dir='ltr'>αἰτίαν</span> <span class='ocrx_word' id='word_1_596' title='bbox 1848 4201 1918 4259; x_wconf 86' lang='grc' dir='ltr'>δι’</span> <span class='ocrx_word' id='word_1_597' title='bbox 1967 4205 2030 4274; x_wconf 85' lang='grc' dir='ltr'>ἣν</span> 
     </span>
    </p>
   </div>
   <div class='ocr_carea' id='block_1_78' title="bbox 370 4290 2027 4370">
    <p class='ocr_par' dir='ltr' id='par_1_78' title="bbox 370 4290 2027 4370">
     <span class='ocr_line' id='line_1_78' title="bbox 370 4290 2027 4370; baseline -0.001 -20"><span class='ocrx_word' id='word_1_598' title='bbox 370 4293 460 4350; x_wconf 62' lang='grc' dir='ltr'>ἐπὶ</span> <span class='ocrx_word' id='word_1_599' title='bbox 500 4295 595 4370; x_wconf 75' lang='grc' dir='ltr'>μὶν</span> <span class='ocrx_word' id='word_1_600' title='bbox 644 4298 744 4350; x_wconf 76' lang='grc' dir='ltr'>τοῦ</span> <span class='ocrx_word' id='word_1_601' title='bbox 773 4291 946 4350; x_wconf 80' lang='grc' dir='ltr'>καλοῦ</span> <span class='ocrx_word' id='word_1_602' title='bbox 972 4293 1057 4367; x_wconf 83' lang='grc' dir='ltr'>τὸ,</span> <span class='ocrx_word' id='word_1_603' title='bbox 1088 4293 1374 4369; x_wconf 68' lang='grc' dir='ltr'>Λὶγοντες,</span> <span class='ocrx_word' id='word_1_604' title='bbox 1405 4291 1653 4370; x_wconf 80' lang='grc' dir='ltr'>εἷ’ρηται’</span> <span class='ocrx_word' id='word_1_605' title='bbox 1692 4293 1779 4349; x_wconf 74' lang='grc' dir='ltr'>ἐπὶ</span> <span class='ocrx_word' id='word_1_606' title='bbox 1832 4290 1891 4349; x_wconf 74' lang='grc' dir='ltr'>δὲ</span> <span class='ocrx_word' id='word_1_607' title='bbox 1930 4298 2027 4349; x_wconf 77' lang='grc' dir='ltr'>τοῦ</span> 
     </span>
    </p>
   </div>
   <div class='ocr_carea' id='block_1_79' title="bbox 371 4379 2024 4463">
    <p class='ocr_par' dir='ltr' id='par_1_79' title="bbox 371 4379 2024 4463">
     <span class='ocr_line' id='line_1_79' title="bbox 371 4379 2024 4463; baseline 0.001 -24"><span class='ocrx_word' id='word_1_608' title='bbox 371 4383 574 4463; x_wconf 69' lang='grc' dir='ltr'>φωτὸς,</span> <span class='ocrx_word' id='word_1_609' title='bbox 632 4382 724 4439; x_wconf 83' lang='grc' dir='ltr'>καὶ</span> <span class='ocrx_word' id='word_1_610' title='bbox 794 4386 892 4439; x_wconf 76' lang='grc' dir='ltr'>τοῦ</span> <span class='ocrx_word' id='word_1_611' title='bbox 967 4379 1198 4457; x_wconf 74' lang='grc' dir='ltr'>γλυκέος</span> <span class='ocrx_word' id='word_1_612' title='bbox 1250 4381 1451 4453; x_wconf 75' lang='grc' dir='ltr'>ούκέτι,</span> <span class='ocrx_word' id='word_1_613' title='bbox 1513 4383 1801 4459; x_wconf 68' lang='grc' dir='ltr'>Λέγοντες,</span> <span class='ocrx_word' id='word_1_614' title='bbox 1859 4383 2024 4455; x_wconf 75' lang='grc' dir='ltr'>ἀλλὰ,</span> 
     </span>
    </p>
   </div>
   <div class='ocr_carea' id='block_1_80' title="bbox 368 4469 2027 4549">
    <p class='ocr_par' dir='ltr' id='par_1_80' title="bbox 368 4469 2027 4549">
     <span class='ocr_line' id='line_1_80' title="bbox 368 4469 2027 4549; baseline -0.002 -17"><span class='ocrx_word' id='word_1_615' title='bbox 368 4472 641 4539; x_wconf 73' lang='grc' dir='ltr'>Τιθὲντες.</span> <span class='ocrx_word' id='word_1_616' title='bbox 698 4470 834 4547; x_wconf 81' lang='grc' dir='ltr'>Ούαὶ</span> <span class='ocrx_word' id='word_1_617' title='bbox 901 4472 1004 4549; x_wconf 84' lang='grc' dir='ltr'>γὰρ</span> <span class='ocrx_word' id='word_1_618' title='bbox 1064 4472 1117 4526; x_wconf 79' lang='grc' dir='ltr'>οἱ</span> <span class='ocrx_word' id='word_1_619' title='bbox 1173 4469 1428 4548; x_wconf 71' lang='grc' dir='ltr'>λέγοντες</span> <span class='ocrx_word' id='word_1_620' title='bbox 1484 4473 1547 4527; x_wconf 82' lang='grc' dir='ltr'>τὸ</span> <span class='ocrx_word' id='word_1_621' title='bbox 1610 4471 1780 4528; x_wconf 86' lang='grc' dir='ltr'>καλὸν</span> <span class='ocrx_word' id='word_1_622' title='bbox 1850 4494 2027 4544; x_wconf 87' lang='grc' dir='ltr'>πονη-</span> 
     </span>
    </p>
   </div>
   <div class='ocr_carea' id='block_1_81' title="bbox 370 4559 2020 4641">
    <p class='ocr_par' dir='ltr' id='par_1_81' title="bbox 370 4559 2020 4641">
     <span class='ocr_line' id='line_1_81' title="bbox 370 4559 2020 4641; baseline 0.001 -24"><span class='ocrx_word' id='word_1_623' title='bbox 370 4562 502 4640; x_wconf 83' lang='grc' dir='ltr'>ρόν⁶</span> <span class='ocrx_word' id='word_1_624' title='bbox 552 4561 666 4632; x_wconf 78' lang='grc' dir='ltr'>καὶ,</span> <span class='ocrx_word' id='word_1_625' title='bbox 727 4561 867 4619; x_wconf 88' lang='grc' dir='ltr'>Ούαὶ</span> <span class='ocrx_word' id='word_1_626' title='bbox 922 4561 974 4615; x_wconf 74' lang='grc' dir='ltr'>οἱ</span> <span class='ocrx_word' id='word_1_627' title='bbox 1041 4559 1273 4626; x_wconf 68' lang='grc' dir='ltr'>τιθέντες</span> <span class='ocrx_word' id='word_1_628' title='bbox 1328 4561 1391 4617; x_wconf 84' lang='grc' dir='ltr'>τὸ</span> <span class='ocrx_word' id='word_1_629' title='bbox 1446 4562 1638 4625; x_wconf 87' lang='grc' dir='ltr'>σκότος</span> <span class='ocrx_word' id='word_1_630' title='bbox 1699 4565 1814 4641; x_wconf 82' lang='grc' dir='ltr'>φῶς</span> <span class='ocrx_word' id='word_1_631' title='bbox 1870 4565 2020 4637; x_wconf 84' lang='grc'>(40)⁹</span> 
     </span>
    </p>
   </div>
   <div class='ocr_carea' id='block_1_82' title="bbox 441 4714 2114 4787">
    <p class='ocr_par' dir='ltr' id='par_1_82' title="bbox 441 4714 2114 4787">
     <span class='ocr_line' id='line_1_82' title="bbox 441 4714 2114 4787; baseline 0.004 -16"><span class='ocrx_word' id='word_1_632' title='bbox 441 4716 487 4753; x_wconf 78' lang='grc'>⁵³</span> <span class='ocrx_word' id='word_1_633' title='bbox 520 4714 671 4773; x_wconf 88' lang='lat' dir='ltr'>Psal.</span> <span class='ocrx_word' id='word_1_634' title='bbox 706 4731 867 4787; x_wconf 86' lang='lat' dir='ltr'>xvm,</span> <span class='ocrx_word' id='word_1_635' title='bbox 896 4716 954 4771; x_wconf 83' lang='lat'>9.</span> <span class='ocrx_word' id='word_1_636' title='bbox 1030 4714 1077 4751; x_wconf 79' lang='grc'>⁸⁸</span> <span class='ocrx_word' id='word_1_637' title='bbox 1107 4714 1265 4773; x_wconf 88' lang='lat' dir='ltr'>Psal.</span> <span class='ocrx_word' id='word_1_638' title='bbox 1296 4730 1493 4785; x_wconf 81' lang='lat' dir='ltr'>cxvm,</span> <span class='ocrx_word' id='word_1_639' title='bbox 1529 4715 1651 4771; x_wconf 89' lang='grc'>105.</span> <span class='ocrx_word' id='word_1_640' title='bbox 1727 4716 1775 4752; x_wconf 70' lang='grc'>⁸⁸</span> <span class='ocrx_word' id='word_1_641' title='bbox 1803 4715 1950 4774; x_wconf 89' lang='lat' dir='ltr'>ibid.</span> <span class='ocrx_word' id='word_1_642' title='bbox 1988 4717 2114 4778; x_wconf 89' lang='grc'><strong>103.</strong></span> 
     </span>
    </p>
   </div>
   <div class='ocr_carea' id='block_1_83' title="bbox 369 4887 2027 4968">
    <p class='ocr_par' dir='ltr' id='par_1_83' title="bbox 369 4887 2027 4968">
     <span class='ocr_line' id='line_1_83' title="bbox 369 4887 2027 4968; baseline -0.001 -23"><span class='ocrx_word' id='word_1_643' title='bbox 369 4889 656 4968; x_wconf 71' lang='lat' dir='ltr'>Procopii,</span> <span class='ocrx_word' id='word_1_644' title='bbox 690 4892 961 4968; x_wconf 68' lang='lat' dir='ltr'>qumhoe</span> <span class='ocrx_word' id='word_1_645' title='bbox 989 4891 1164 4968; x_wconf 81' lang='lat' dir='ltr'>modo</span> <span class='ocrx_word' id='word_1_646' title='bbox 1194 4891 1474 4968; x_wconf 71' lang='lat' dir='ltr'>leguntur</span> <span class='ocrx_word' id='word_1_647' title='bbox 1501 4906 1636 4965; x_wconf 88' lang='lat' dir='ltr'>pag.</span> <span class='ocrx_word' id='word_1_648' title='bbox 1681 4892 1790 4948; x_wconf 88' lang='lat'>83:</span> <span class='ocrx_word' id='word_1_649' title='bbox 1824 4893 1939 4968; x_wconf 50' lang='lat' dir='ltr'>ea:</span> <span class='ocrx_word' id='word_1_650' title='bbox 1968 4887 2027 4968; x_wconf 56' lang='grc' dir='ltr'>δὲ</span> 
     </span>
    </p>
   </div>
   <div class='ocr_carea' id='block_1_84' title="bbox 372 4905 2031 5038">
    <p class='ocr_par' dir='ltr' id='par_1_84' title="bbox 372 4905 2031 5038">
     <span class='ocr_line' id='line_1_84' title="bbox 372 4905 2027 5017; baseline -0.001 -72"><span class='ocrx_word' id='word_1_651' title='bbox 372 4905 656 5017; x_wconf 56' lang='lat' dir='ltr'>t&#39;rooopu,</span> <span class='ocrx_word' id='word_1_652' title='bbox 690 4907 818 4964; x_wconf 65' lang='lat' dir='ltr'>qua</span> <span class='ocrx_word' id='word_1_653' title='bbox 849 4905 961 4949; x_wconf 79' lang='lat' dir='ltr'>nec</span> <span class='ocrx_word' id='word_1_654' title='bbox 989 4905 1164 4948; x_wconf 81' lang='lat' dir='ltr'>mouo</span> <span class='ocrx_word' id='word_1_655' title='bbox 1194 4905 1474 4961; x_wconf 79' lang='lat' dir='ltr'>leguntur</span> <span class='ocrx_word' id='word_1_656' title='bbox 1501 4906 1636 4965; x_wconf 86' lang='lat' dir='ltr'>pag.</span> <span class='ocrx_word' id='word_1_657' title='bbox 1681 4905 1790 4948; x_wconf 68' lang='lat'>63:</span> <span class='ocrx_word' id='word_1_658' title='bbox 1824 4905 1939 4968; x_wconf 78' lang='grc' dir='ltr'>φως</span> <span class='ocrx_word' id='word_1_659' title='bbox 1968 4905 2027 4945; x_wconf 78' lang='grc' dir='ltr'>οε</span> 
     </span>
     <span class='ocr_line' id='line_1_85' title="bbox 372 4959 2031 5038; baseline 0.002 -22"><span class='ocrx_word' id='word_1_660' title='bbox 372 4959 529 5038; x_wconf 75' lang='grc' dir='ltr'>οὐσία</span> <span class='ocrx_word' id='word_1_661' title='bbox 596 4964 862 5038; x_wconf 35' lang='grc' dir='ltr'>ιαχυτικὴ-</span> <span class='ocrx_word' id='word_1_662' title='bbox 914 4962 1162 5038; x_wconf 67' lang='grc' dir='ltr'>σκότους.</span> <span class='ocrx_word' id='word_1_663' title='bbox 1222 4965 1447 5038; x_wconf 86' lang='lat' dir='ltr'>Vitium</span> <span class='ocrx_word' id='word_1_664' title='bbox 1507 4964 2031 5038; x_wconf 82' lang='lat' dir='ltr'>cumperspiceret</span> 
     </span>
    </p>
   </div>
   <div class='ocr_carea' id='block_1_85' title="bbox 371 5032 2030 5108">
    <p class='ocr_par' dir='ltr' id='par_1_85' title="bbox 371 5032 2030 5108">
     <span class='ocr_line' id='line_1_86' title="bbox 371 5032 2030 5108; baseline 0 -18"><span class='ocrx_word' id='word_1_665' title='bbox 371 5032 549 5108; x_wconf 81' lang='lat' dir='ltr'>homo</span> <span class='ocrx_word' id='word_1_666' title='bbox 579 5032 1006 5108; x_wconf 70' lang='lat' dir='ltr'>sagacissimus</span> <span class='ocrx_word' id='word_1_667' title='bbox 1037 5036 1362 5102; x_wconf 88' lang='lat' dir='ltr'>Curterius,</span> <span class='ocrx_word' id='word_1_668' title='bbox 1396 5040 1530 5108; x_wconf 82' lang='lat' dir='ltr'>apte</span> <span class='ocrx_word' id='word_1_669' title='bbox 1562 5032 2030 5108; x_wconf 47' lang='lat' dir='ltr'>quidem‘emen-</span> 
     </span>
    </p>
   </div>
   <div class='ocr_carea' id='block_1_86' title="bbox 376 5105 2035 5237">
    <p class='ocr_par' dir='ltr' id='par_1_86' title="bbox 376 5105 2035 5237">
     <span class='ocr_line' id='line_1_87' title="bbox 376 5105 2035 5181; baseline 0.001 -21"><span class='ocrx_word' id='word_1_670' title='bbox 376 5106 553 5175; x_wconf 78' lang='lat' dir='ltr'>davit,</span> <span class='ocrx_word' id='word_1_671' title='bbox 584 5105 720 5163; x_wconf 83' lang='lat' dir='ltr'>cum</span> <span class='ocrx_word' id='word_1_672' title='bbox 746 5106 807 5162; x_wconf 91' lang='lat' dir='ltr'>in</span> <span class='ocrx_word' id='word_1_673' title='bbox 835 5108 1099 5181; x_wconf 88' lang='lat' dir='ltr'>margine</span> <span class='ocrx_word' id='word_1_674' title='bbox 1129 5108 1387 5181; x_wconf 79' lang='lat' dir='ltr'>scripsit,</span> <span class='ocrx_word' id='word_1_675' title='bbox 1412 5105 1532 5163; x_wconf 75' lang='grc' dir='ltr'>διασ</span> <span class='ocrx_word' id='word_1_676' title='bbox 1583 5108 1751 5179; x_wconf 77' lang='grc' dir='ltr'>ιτική,</span> <span class='ocrx_word' id='word_1_677' title='bbox 1782 5106 2035 5179; x_wconf 89' lang='lat' dir='ltr'>sed,opi-</span> 
     </span>
     <span class='ocr_line' id='line_1_88' title="bbox 377 5127 2031 5237; baseline 0.001 -4"><span class='ocrx_word' id='word_1_678' title='bbox 377 5192 499 5237; x_wconf 83' lang='lat' dir='ltr'>nor.</span> <span class='ocrx_word' id='word_1_679' title='bbox 532 5195 650 5234; x_wconf 90' lang='lat' dir='ltr'>non</span> <span class='ocrx_word' id='word_1_680' title='bbox 683 5194 833 5234; x_wconf 88' lang='lat' dir='ltr'>vere.</span> <span class='ocrx_word' id='word_1_681' title='bbox 867 5179 1124 5237; x_wconf 89' lang='lat' dir='ltr'>Dubium</span> <span class='ocrx_word' id='word_1_682' title='bbox 1158 5181 1314 5237; x_wconf 89' lang='lat' dir='ltr'>enim</span> <span class='ocrx_word' id='word_1_683' title='bbox 1346 5198 1462 5237; x_wconf 87' lang='lat' dir='ltr'>non</span> <span class='ocrx_word' id='word_1_684' title='bbox 1493 5127 1681 5237; x_wconf 48' lang='lat' dir='ltr'>hgheo</span> <span class='ocrx_word' id='word_1_685' title='bbox 1720 5180 1859 5237; x_wconf 84' lang='lat' dir='ltr'>cuin</span> <span class='ocrx_word' id='word_1_686' title='bbox 1891 5182 2031 5235; x_wconf 89' lang='lat' dir='ltr'>Pro-</span> 
     </span>
    </p>
   </div>
   <div class='ocr_carea' id='block_1_87' title="bbox 377 5179 2031 5251">
    <p class='ocr_par' dir='ltr' id='par_1_87' title="bbox 377 5179 2031 5251">
     <span class='ocr_line' id='line_1_89' title="bbox 377 5179 2031 5251; baseline 0.002 -19"><span class='ocrx_word' id='word_1_687' title='bbox 377 5192 499 5251; x_wconf 85' lang='lat' dir='ltr'>nor,</span> <span class='ocrx_word' id='word_1_688' title='bbox 532 5195 650 5234; x_wconf 90' lang='lat' dir='ltr'>non</span> <span class='ocrx_word' id='word_1_689' title='bbox 683 5194 833 5234; x_wconf 89' lang='lat' dir='ltr'>vere.</span> <span class='ocrx_word' id='word_1_690' title='bbox 867 5179 1124 5237; x_wconf 82' lang='lat' dir='ltr'>Dubium</span> <span class='ocrx_word' id='word_1_691' title='bbox 1158 5179 1314 5251; x_wconf 80' lang='lat' dir='ltr'>enim</span> <span class='ocrx_word' id='word_1_692' title='bbox 1346 5198 1462 5251; x_wconf 87' lang='lat' dir='ltr'>non</span> <span class='ocrx_word' id='word_1_693' title='bbox 1493 5179 1681 5237; x_wconf 81' lang='lat' dir='ltr'>habeo</span> <span class='ocrx_word' id='word_1_694' title='bbox 1720 5180 1859 5251; x_wconf 90' lang='lat' dir='ltr'>quin</span> <span class='ocrx_word' id='word_1_695' title='bbox 1891 5182 2031 5235; x_wconf 88' lang='lat' dir='ltr'>Pro-</span> 
     </span>
    </p>
   </div>
   <div class='ocr_carea' id='block_1_88' title="bbox 373 5249 2033 5323">
    <p class='ocr_par' dir='ltr' id='par_1_88' title="bbox 373 5249 2033 5323">
     <span class='ocr_line' id='line_1_90' title="bbox 373 5249 2033 5323; baseline 0.002 -19"><span class='ocrx_word' id='word_1_696' title='bbox 373 5249 576 5321; x_wconf 90' lang='lat' dir='ltr'>copius</span> <span class='ocrx_word' id='word_1_697' title='bbox 609 5257 672 5306; x_wconf 88' lang='lat' dir='ltr'>ut</span> <span class='ocrx_word' id='word_1_698' title='bbox 704 5256 932 5319; x_wconf 54' lang='lat' dir='ltr'>cratera,</span> <span class='ocrx_word' id='word_1_699' title='bbox 956 5254 1037 5308; x_wconf 86' lang='lat' dir='ltr'>ita</span> <span class='ocrx_word' id='word_1_700' title='bbox 1056 5269 1254 5310; x_wconf 89' lang='lat' dir='ltr'>vocem</span> <span class='ocrx_word' id='word_1_701' title='bbox 1288 5250 1576 5323; x_wconf 80' lang='grc' dir='ltr'>διαλυτική</span> <span class='ocrx_word' id='word_1_702' title='bbox 1611 5253 1684 5309; x_wconf 87' lang='lat' dir='ltr'>ab</span> <span class='ocrx_word' id='word_1_703' title='bbox 1714 5249 2033 5323; x_wconf 78' lang='lat' dir='ltr'>interprete</span> 
     </span>
    </p>
   </div>
   <div class='ocr_carea' id='block_1_89' title="bbox 371 5320 2031 5402">
    <p class='ocr_par' dir='ltr' id='par_1_89' title="bbox 371 5320 2031 5402">
     <span class='ocr_line' id='line_1_91' title="bbox 371 5320 2031 5402; baseline -0.001 -25"><span class='ocrx_word' id='word_1_704' title='bbox 371 5320 573 5402; x_wconf 60' lang='lat' dir='ltr'>nostro</span> <span class='ocrx_word' id='word_1_705' title='bbox 604 5324 1316 5402; x_wconf 41' lang='lat' dir='ltr'>sumpserim-pariterque</span> <span class='ocrx_word' id='word_1_706' title='bbox 1339 5320 1678 5402; x_wconf 63' lang='lat' dir='ltr'>scripserit:</span> <span class='ocrx_word' id='word_1_707' title='bbox 1703 5328 1817 5402; x_wconf 83' lang='grc' dir='ltr'>φῶς</span> <span class='ocrx_word' id='word_1_708' title='bbox 1837 5320 1910 5402; x_wconf 35' lang='grc' dir='ltr'>-δὶ</span> <span class='ocrx_word' id='word_1_709' title='bbox 1939 5320 2031 5377; x_wconf 79' lang='grc' dir='ltr'>οό-</span> 
     </span>
    </p>
   </div>
   <div class='ocr_carea' id='block_1_90' title="bbox 371 5390 2033 5467">
    <p class='ocr_par' dir='ltr' id='par_1_90' title="bbox 371 5390 2033 5467">
     <span class='ocr_line' id='line_1_92' title="bbox 371 5390 2033 5467; baseline 0.004 -20"><span class='ocrx_word' id='word_1_710' title='bbox 371 5392 463 5447; x_wconf 88' lang='grc' dir='ltr'>σία</span> <span class='ocrx_word' id='word_1_711' title='bbox 520 5390 811 5462; x_wconf 74' lang='grc' dir='ltr'>διαλυτικὴ</span> <span class='ocrx_word' id='word_1_712' title='bbox 873 5390 1120 5465; x_wconf 72' lang='grc' dir='ltr'>σκότους,</span> <span class='ocrx_word' id='word_1_713' title='bbox 1179 5390 1279 5454; x_wconf 61' lang='lat' dir='ltr'>hia:</span> <span class='ocrx_word' id='word_1_714' title='bbox 1333 5390 1513 5455; x_wconf 60' lang='lat' dir='ltr'>auten:</span> <span class='ocrx_word' id='word_1_715' title='bbox 1568 5390 1882 5455; x_wconf 63' lang='lat' dir='ltr'>substantia</span> <span class='ocrx_word' id='word_1_716' title='bbox 1928 5405 2033 5467; x_wconf 76' lang='lat' dir='ltr'>est,</span> 
     </span>
    </p>
   </div>
   <div class='ocr_carea' id='block_1_91' title="bbox 371 5467 1104 5540">
    <p class='ocr_par' dir='ltr' id='par_1_91' title="bbox 371 5467 1104 5540">
     <span class='ocr_line' id='line_1_93' title="bbox 371 5467 1104 5540; baseline 0.004 -18"><span class='ocrx_word' id='word_1_717' title='bbox 371 5481 501 5540; x_wconf 49' lang='grc' dir='ltr'>ηαξ</span> <span class='ocrx_word' id='word_1_718' title='bbox 520 5539 523 5540; x_wconf 16' lang='grc' dir='ltr'><em>ν</em></span> <span class='ocrx_word' id='word_1_719' title='bbox 541 5469 803 5540; x_wconf 67' lang='lat' dir='ltr'>tenebras</span> <span class='ocrx_word' id='word_1_720' title='bbox 833 5467 1104 5525; x_wconf 74' lang='lat' dir='ltr'>dissolvit.</span> 
     </span>
    </p>
   </div>
   <div class='ocr_carea' id='block_1_92' title="bbox 445 5536 2035 5609">
    <p class='ocr_par' dir='ltr' id='par_1_92' title="bbox 445 5536 2035 5609">
     <span class='ocr_line' id='line_1_94' title="bbox 445 5536 2035 5609; baseline 0.001 -15"><span class='ocrx_word' id='word_1_721' title='bbox 445 5537 561 5609; x_wconf 81' lang='lat'>(33)</span> <span class='ocrx_word' id='word_1_722' title='bbox 589 5539 791 5595; x_wconf 90' lang='lat' dir='ltr'>Nostri</span> <span class='ocrx_word' id='word_1_723' title='bbox 824 5555 925 5595; x_wconf 86' lang='lat' dir='ltr'>sex</span> <span class='ocrx_word' id='word_1_724' title='bbox 956 5556 1124 5608; x_wconf 90' lang='lat' dir='ltr'>mss.,</span> <span class='ocrx_word' id='word_1_725' title='bbox 1176 5537 1252 5603; x_wconf 85' lang='grc' dir='ltr'>ὠς</span> <span class='ocrx_word' id='word_1_726' title='bbox 1280 5536 1389 5597; x_wconf 77' lang='grc' dir='ltr'>ἐπί.</span> <span class='ocrx_word' id='word_1_727' title='bbox 1439 5539 1612 5608; x_wconf 90' lang='lat' dir='ltr'>Editi,</span> <span class='ocrx_word' id='word_1_728' title='bbox 1646 5539 1721 5600; x_wconf 83' lang='grc' dir='ltr'>ὡς</span> <span class='ocrx_word' id='word_1_729' title='bbox 1751 5536 1874 5593; x_wconf 81' lang='grc' dir='ltr'>ὑπό.</span> <span class='ocrx_word' id='word_1_730' title='bbox 1905 5542 2035 5595; x_wconf 85' lang='lat' dir='ltr'>Mox</span> 
     </span>
    </p>
   </div>
   <div class='ocr_carea' id='block_1_93' title="bbox 370 5608 2032 5697">
    <p class='ocr_par' dir='ltr' id='par_1_93' title="bbox 370 5608 2032 5697">
     <span class='ocr_line' id='line_1_95' title="bbox 370 5608 2032 5697; baseline 0.001 -33"><span class='ocrx_word' id='word_1_731' title='bbox 370 5608 553 5697; x_wconf 57' lang='lat' dir='ltr'>iidem</span> <span class='ocrx_word' id='word_1_732' title='bbox 612 5612 845 5669; x_wconf 88' lang='lat' dir='ltr'>codices</span> <span class='ocrx_word' id='word_1_733' title='bbox 902 5614 959 5666; x_wconf 87' lang='lat' dir='ltr'>et</span> <span class='ocrx_word' id='word_1_734' title='bbox 1015 5612 1282 5685; x_wconf 88' lang='lat' dir='ltr'>totidem,</span> <span class='ocrx_word' id='word_1_735' title='bbox 1340 5610 1423 5667; x_wconf 71' lang='grc' dir='ltr'>ὅτι</span> <span class='ocrx_word' id='word_1_736' title='bbox 1473 5609 1525 5668; x_wconf 74' lang='grc' dir='ltr'>ἰν</span> <span class='ocrx_word' id='word_1_737' title='bbox 1568 5613 1660 5686; x_wconf 75' lang='grc' dir='ltr'>τῇ.</span> <span class='ocrx_word' id='word_1_738' title='bbox 1715 5608 2032 5681; x_wconf 68' lang='grc' dir='ltr'>Εᾶὶιί,ὃιν</span> 
     </span>
    </p>
   </div>
   <div class='ocr_carea' id='block_1_94' title="bbox 369 5700 2036 5831">
    <p class='ocr_par' dir='ltr' id='par_1_94' title="bbox 369 5700 2036 5831">
     <span class='ocr_line' id='line_1_96' title="bbox 369 5700 2036 5831; baseline -0.001 -18"><span class='ocrx_word' id='word_1_739' title='bbox 369 5700 561 5829; x_wconf 62' lang='grc' dir='ltr'>τῃ(34)</span> <span class='ocrx_word' id='word_1_740' title='bbox 590 5753 744 5812; x_wconf 87' lang='lat' dir='ltr'>Editi</span> <span class='ocrx_word' id='word_1_741' title='bbox 773 5755 834 5811; x_wconf 91' lang='lat' dir='ltr'>et</span> <span class='ocrx_word' id='word_1_742' title='bbox 860 5755 1001 5825; x_wconf 84' lang='lat' dir='ltr'>Reg.</span> <span class='ocrx_word' id='word_1_743' title='bbox 1034 5754 1269 5827; x_wconf 85' lang='lat' dir='ltr'>tertius,</span> <span class='ocrx_word' id='word_1_744' title='bbox 1298 5757 1407 5811; x_wconf 78' lang='grc' dir='ltr'>τῶν</span> <span class='ocrx_word' id='word_1_745' title='bbox 1439 5753 1647 5831; x_wconf 80' lang='grc' dir='ltr'>μελῶν.</span> <span class='ocrx_word' id='word_1_746' title='bbox 1671 5756 1741 5814; x_wconf 83' lang='lat' dir='ltr'>At</span> <span class='ocrx_word' id='word_1_747' title='bbox 1770 5753 2036 5830; x_wconf 89' lang='lat' dir='ltr'>quinque</span> 
     </span>
    </p>
   </div>
   <div class='ocr_carea' id='block_1_95' title="bbox 2144 3579 3805 3650">
    <p class='ocr_par' dir='ltr' id='par_1_95' title="bbox 2144 3579 3805 3650">
     <span class='ocr_line' id='line_1_97' title="bbox 2144 3579 3805 3650; baseline 0.001 -14"><span class='ocrx_word' id='word_1_748' title='bbox 2144 3581 2357 3636; x_wconf 90' lang='lat' dir='ltr'>virtute</span> <span class='ocrx_word' id='word_1_749' title='bbox 2387 3580 2737 3646; x_wconf 86' lang='lat' dir='ltr'>deﬂectitur,</span> <span class='ocrx_word' id='word_1_750' title='bbox 2767 3580 2888 3635; x_wconf 88' lang='lat' dir='ltr'>sive</span> <span class='ocrx_word' id='word_1_751' title='bbox 2920 3579 3270 3650; x_wconf 87' lang='lat' dir='ltr'>excedendo,</span> <span class='ocrx_word' id='word_1_752' title='bbox 3304 3580 3424 3636; x_wconf 89' lang='lat' dir='ltr'>sive</span> <span class='ocrx_word' id='word_1_753' title='bbox 3456 3580 3805 3650; x_wconf 86' lang='lat' dir='ltr'>deficieudo,</span> 
     </span>
    </p>
   </div>
   <div class='ocr_carea' id='block_1_96' title="bbox 2144 3668 3803 3741">
    <p class='ocr_par' dir='ltr' id='par_1_96' title="bbox 2144 3668 3803 3741">
     <span class='ocr_line' id='line_1_98' title="bbox 2144 3668 3803 3741; baseline 0.001 -17"><span class='ocrx_word' id='word_1_754' title='bbox 2144 3670 2333 3725; x_wconf 91' lang='lat' dir='ltr'>oritur</span> <span class='ocrx_word' id='word_1_755' title='bbox 2354 3669 2784 3725; x_wconf 90' lang='lat' dir='ltr'>inconcinnitas</span> <span class='ocrx_word' id='word_1_756' title='bbox 2806 3668 3287 3741; x_wconf 87' lang='lat' dir='ltr'>deformitasque.</span> <span class='ocrx_word' id='word_1_757' title='bbox 3310 3669 3573 3741; x_wconf 84' lang='lat' dir='ltr'>Exempli</span> <span class='ocrx_word' id='word_1_758' title='bbox 3596 3686 3803 3741; x_wconf 87' lang='lat' dir='ltr'>causa,</span> 
     </span>
    </p>
   </div>
   <div class='ocr_carea' id='block_1_97' title="bbox 2143 3757 3800 3829">
    <p class='ocr_par' dir='ltr' id='par_1_97' title="bbox 2143 3757 3800 3829">
     <span class='ocr_line' id='line_1_99' title="bbox 2143 3757 3800 3829; baseline 0.002 -16"><span class='ocrx_word' id='word_1_759' title='bbox 2143 3759 2422 3815; x_wconf 85' lang='lat' dir='ltr'>fortitudo</span> <span class='ocrx_word' id='word_1_760' title='bbox 2455 3757 2829 3814; x_wconf 89' lang='lat' dir='ltr'>mediocritas</span> <span class='ocrx_word' id='word_1_761' title='bbox 2861 3758 3129 3829; x_wconf 70' lang='lat' dir='ltr'>quaedam</span> <span class='ocrx_word' id='word_1_762' title='bbox 3163 3765 3247 3814; x_wconf 87' lang='lat' dir='ltr'>est</span> <span class='ocrx_word' id='word_1_763' title='bbox 3279 3775 3292 3813; x_wconf 91' lang='lat'>:</span> <span class='ocrx_word' id='word_1_764' title='bbox 3320 3759 3473 3829; x_wconf 91' lang='lat' dir='ltr'>quod</span> <span class='ocrx_word' id='word_1_765' title='bbox 3508 3763 3703 3815; x_wconf 88' lang='lat' dir='ltr'>autem</span> <span class='ocrx_word' id='word_1_766' title='bbox 3737 3759 3800 3816; x_wconf 89' lang='lat' dir='ltr'>in</span> 
     </span>
    </p>
   </div>
   <div class='ocr_carea' id='block_1_98' title="bbox 2143 3847 3801 3919">
    <p class='ocr_par' dir='ltr' id='par_1_98' title="bbox 2143 3847 3801 3919">
     <span class='ocr_line' id='line_1_100' title="bbox 2143 3847 3801 3919; baseline 0.001 -15"><span class='ocrx_word' id='word_1_767' title='bbox 2143 3865 2210 3904; x_wconf 91' lang='lat' dir='ltr'>ea</span> <span class='ocrx_word' id='word_1_768' title='bbox 2241 3849 2552 3915; x_wconf 88' lang='lat' dir='ltr'>redundat,</span> <span class='ocrx_word' id='word_1_769' title='bbox 2586 3847 2864 3915; x_wconf 88' lang='lat' dir='ltr'>audacia;</span> <span class='ocrx_word' id='word_1_770' title='bbox 2898 3849 3056 3919; x_wconf 90' lang='lat' dir='ltr'>quod</span> <span class='ocrx_word' id='word_1_771' title='bbox 3089 3852 3284 3903; x_wconf 88' lang='lat' dir='ltr'>autem</span> <span class='ocrx_word' id='word_1_772' title='bbox 3319 3848 3480 3915; x_wconf 83' lang='lat' dir='ltr'>deﬁt,</span> <span class='ocrx_word' id='word_1_773' title='bbox 3514 3847 3801 3906; x_wconf 83' lang='lat' dir='ltr'>timiditas</span> 
     </span>
    </p>
   </div>
   <div class='ocr_carea' id='block_1_99' title="bbox 2139 3936 3800 4008">
    <p class='ocr_par' dir='ltr' id='par_1_99' title="bbox 2139 3936 3800 4008">
     <span class='ocr_line' id='line_1_101' title="bbox 2139 3936 3800 4008; baseline -0.001 -13"><span class='ocrx_word' id='word_1_774' title='bbox 2139 3941 2401 3995; x_wconf 88' lang='lat' dir='ltr'>vocatur.</span> <span class='ocrx_word' id='word_1_775' title='bbox 2461 3939 2666 4008; x_wconf 90' lang='lat' dir='ltr'>Itaque</span> <span class='ocrx_word' id='word_1_776' title='bbox 2723 3936 2935 3993; x_wconf 63' lang='lat' dir='ltr'>animas</span> <span class='ocrx_word' id='word_1_777' title='bbox 2991 3936 3369 4005; x_wconf 87' lang='lat' dir='ltr'>pulchritudo</span> <span class='ocrx_word' id='word_1_778' title='bbox 3423 3938 3800 3994; x_wconf 90' lang='lat' dir='ltr'>mediocritas</span> 
     </span>
    </p>
   </div>
   <div class='ocr_carea' id='block_1_100' title="bbox 2140 4025 3800 4099">
    <p class='ocr_par' dir='ltr' id='par_1_100' title="bbox 2140 4025 3800 4099">
     <span class='ocr_line' id='line_1_102' title="bbox 2140 4025 3800 4099; baseline 0.002 -19"><span class='ocrx_word' id='word_1_779' title='bbox 2140 4028 2409 4099; x_wconf 80' lang='lat' dir='ltr'>quaedam</span> <span class='ocrx_word' id='word_1_780' title='bbox 2441 4030 2531 4082; x_wconf 89' lang='lat' dir='ltr'>est</span> <span class='ocrx_word' id='word_1_781' title='bbox 2560 4027 2622 4082; x_wconf 92' lang='lat' dir='ltr'>in</span> <span class='ocrx_word' id='word_1_782' title='bbox 2652 4025 2864 4081; x_wconf 87' lang='lat' dir='ltr'>virtute</span> <span class='ocrx_word' id='word_1_783' title='bbox 2896 4025 3007 4081; x_wconf 90' lang='lat' dir='ltr'>sita</span> <span class='ocrx_word' id='word_1_784' title='bbox 3033 4041 3045 4080; x_wconf 91' lang='lat'>:</span> <span class='ocrx_word' id='word_1_785' title='bbox 3081 4025 3310 4081; x_wconf 82' lang='lat' dir='ltr'>foeditas</span> <span class='ocrx_word' id='word_1_786' title='bbox 3337 4043 3494 4097; x_wconf 88' lang='lat' dir='ltr'>vero,</span> <span class='ocrx_word' id='word_1_787' title='bbox 3525 4043 3800 4084; x_wconf 80' lang='lat' dir='ltr'>excessus</span> 
     </span>
    </p>
   </div>
   <div class='ocr_carea' id='block_1_101' title="bbox 2139 4114 3798 4185">
    <p class='ocr_par' dir='ltr' id='par_1_101' title="bbox 2139 4114 3798 4185">
     <span class='ocr_line' id='line_1_103' title="bbox 2139 4114 3798 4185; baseline 0 -13"><span class='ocrx_word' id='word_1_788' title='bbox 2139 4121 2280 4173; x_wconf 92' lang='lat' dir='ltr'>sunt</span> <span class='ocrx_word' id='word_1_789' title='bbox 2305 4115 2393 4171; x_wconf 91' lang='lat' dir='ltr'>vel</span> <span class='ocrx_word' id='word_1_790' title='bbox 2416 4116 2730 4171; x_wconf 85' lang='lat' dir='ltr'>defectusa</span> <span class='ocrx_word' id='word_1_791' title='bbox 2753 4114 2977 4169; x_wconf 86' lang='lat' dir='ltr'>malitia</span> <span class='ocrx_word' id='word_1_792' title='bbox 3001 4119 3383 4185; x_wconf 84' lang='lat' dir='ltr'>emergentes.</span> <span class='ocrx_word' id='word_1_793' title='bbox 3405 4116 3798 4181; x_wconf 86' lang='lat' dir='ltr'>Quamobrem</span> 
     </span>
    </p>
   </div>
   <div class='ocr_carea' id='block_1_102' title="bbox 2137 4203 3801 4279">
    <p class='ocr_par' dir='ltr' id='par_1_102' title="bbox 2137 4203 3801 4279">
     <span class='ocr_line' id='line_1_104' title="bbox 2137 4203 3801 4279; baseline -0.002 -17"><span class='ocrx_word' id='word_1_794' title='bbox 2137 4206 2442 4279; x_wconf 86' lang='lat' dir='ltr'>Scriptura</span> <span class='ocrx_word' id='word_1_795' title='bbox 2471 4221 2570 4261; x_wconf 89' lang='lat' dir='ltr'>eos</span> <span class='ocrx_word' id='word_1_796' title='bbox 2601 4204 2849 4259; x_wconf 90' lang='lat' dir='ltr'>miseros</span> <span class='ocrx_word' id='word_1_797' title='bbox 2879 4203 3175 4274; x_wconf 81' lang='lat' dir='ltr'>praedicat,</span> <span class='ocrx_word' id='word_1_798' title='bbox 3209 4203 3308 4274; x_wconf 91' lang='lat' dir='ltr'>qui</span> <span class='ocrx_word' id='word_1_799' title='bbox 3354 4204 3644 4260; x_wconf 87' lang='lat' dir='ltr'>malitiam</span> <span class='ocrx_word' id='word_1_800' title='bbox 3678 4205 3801 4261; x_wconf 87' lang='lat' dir='ltr'>vel-</span> 
     </span>
    </p>
   </div>
   <div class='ocr_carea' id='block_1_103' title="bbox 2138 4288 3800 4365">
    <p class='ocr_par' dir='ltr' id='par_1_103' title="bbox 2138 4288 3800 4365">
     <span class='ocr_line' id='line_1_105' title="bbox 2138 4288 3800 4365; baseline -0.001 -14"><span class='ocrx_word' id='word_1_801' title='bbox 2138 4296 2221 4351; x_wconf 84' lang='lat' dir='ltr'>uti</span> <span class='ocrx_word' id='word_1_802' title='bbox 2258 4296 2476 4352; x_wconf 90' lang='lat' dir='ltr'>bonum</span> <span class='ocrx_word' id='word_1_803' title='bbox 2508 4294 2758 4365; x_wconf 85' lang='lat' dir='ltr'>probant</span> <span class='ocrx_word' id='word_1_804' title='bbox 2787 4288 2859 4348; x_wconf 59' lang='lat' dir='ltr'>ao&#39;</span> <span class='ocrx_word' id='word_1_805' title='bbox 2875 4296 3311 4358; x_wconf 86' lang='lat' dir='ltr'>consectantur,</span> <span class='ocrx_word' id='word_1_806' title='bbox 3344 4292 3621 4348; x_wconf 90' lang='lat' dir='ltr'>virtutem</span> <span class='ocrx_word' id='word_1_807' title='bbox 3666 4309 3800 4351; x_wconf 89' lang='lat' dir='ltr'>vero</span> 
     </span>
    </p>
   </div>
   <div class='ocr_carea' id='block_1_104' title="bbox 2136 4378 3801 4456">
    <p class='ocr_par' dir='ltr' id='par_1_104' title="bbox 2136 4378 3801 4456">
     <span class='ocr_line' id='line_1_106' title="bbox 2136 4378 3801 4456; baseline -0.002 -15"><span class='ocrx_word' id='word_1_808' title='bbox 2136 4389 2422 4456; x_wconf 88' lang='lat' dir='ltr'>tanquam</span> <span class='ocrx_word' id='word_1_809' title='bbox 2454 4382 2893 4454; x_wconf 87' lang='lat' dir='ltr'>improbitatem</span> <span class='ocrx_word' id='word_1_810' title='bbox 2938 4378 3255 4438; x_wconf 87' lang='lat' dir='ltr'>declinant.</span> <span class='ocrx_word' id='word_1_811' title='bbox 3288 4380 3575 4438; x_wconf 61' lang='lat' dir='ltr'>Caterum</span> <span class='ocrx_word' id='word_1_812' title='bbox 3604 4381 3801 4454; x_wconf 90' lang='lat' dir='ltr'>inqui-</span> 
     </span>
    </p>
   </div>
   <div class='ocr_carea' id='block_1_105' title="bbox 2136 4471 3797 4543">
    <p class='ocr_par' dir='ltr' id='par_1_105' title="bbox 2136 4471 3797 4543">
     <span class='ocr_line' id='line_1_107' title="bbox 2136 4471 3797 4543; baseline -0.002 -12"><span class='ocrx_word' id='word_1_813' title='bbox 2136 4476 2386 4531; x_wconf 88' lang='lat' dir='ltr'>rendum</span> <span class='ocrx_word' id='word_1_814' title='bbox 2419 4472 2595 4529; x_wconf 90' lang='lat' dir='ltr'>etiam</span> <span class='ocrx_word' id='word_1_815' title='bbox 2619 4476 2711 4527; x_wconf 90' lang='lat' dir='ltr'>est</span> <span class='ocrx_word' id='word_1_816' title='bbox 2732 4488 2909 4543; x_wconf 88' lang='lat' dir='ltr'>quam</span> <span class='ocrx_word' id='word_1_817' title='bbox 2942 4471 3013 4527; x_wconf 90' lang='lat' dir='ltr'>ob</span> <span class='ocrx_word' id='word_1_818' title='bbox 3039 4487 3279 4527; x_wconf 87' lang='lat' dir='ltr'>causam</span> <span class='ocrx_word' id='word_1_819' title='bbox 3305 4472 3375 4528; x_wconf 90' lang='lat' dir='ltr'>de</span> <span class='ocrx_word' id='word_1_820' title='bbox 3397 4472 3549 4528; x_wconf 91' lang='lat' dir='ltr'>bono</span> <span class='ocrx_word' id='word_1_821' title='bbox 3573 4473 3797 4529; x_wconf 88' lang='lat' dir='ltr'>dictum</span> 
     </span>
    </p>
   </div>
   <div class='ocr_carea' id='block_1_106' title="bbox 2138 4561 3799 4633">
    <p class='ocr_par' dir='ltr' id='par_1_106' title="bbox 2138 4561 3799 4633">
     <span class='ocr_line' id='line_1_108' title="bbox 2138 4561 3799 4633; baseline -0.002 -11"><span class='ocrx_word' id='word_1_822' title='bbox 2138 4565 2251 4623; x_wconf 87' lang='lat' dir='ltr'>sit:</span> <span class='ocrx_word' id='word_1_823' title='bbox 2288 4563 2395 4633; x_wconf 85' lang='lat' dir='ltr'>Qui</span> <span class='ocrx_word' id='word_1_824' title='bbox 2422 4562 2646 4623; x_wconf 68' lang='lat' dir='ltr'>dicitis;</span> <span class='ocrx_word' id='word_1_825' title='bbox 2678 4561 2749 4618; x_wconf 90' lang='lat' dir='ltr'>de</span> <span class='ocrx_word' id='word_1_826' title='bbox 2781 4561 2909 4618; x_wconf 91' lang='lat' dir='ltr'>luce</span> <span class='ocrx_word' id='word_1_827' title='bbox 2938 4577 3073 4617; x_wconf 88' lang='lat' dir='ltr'>vero</span> <span class='ocrx_word' id='word_1_828' title='bbox 3124 4564 3182 4617; x_wconf 90' lang='lat' dir='ltr'>et</span> <span class='ocrx_word' id='word_1_829' title='bbox 3210 4561 3283 4617; x_wconf 88' lang='lat' dir='ltr'>de</span> <span class='ocrx_word' id='word_1_830' title='bbox 3335 4561 3494 4618; x_wconf 90' lang='lat' dir='ltr'>dulci</span> <span class='ocrx_word' id='word_1_831' title='bbox 3525 4578 3639 4619; x_wconf 89' lang='lat' dir='ltr'>non</span> <span class='ocrx_word' id='word_1_832' title='bbox 3672 4578 3799 4619; x_wconf 84' lang='lat' dir='ltr'>am-</span> 
     </span>
    </p>
   </div>
   <div class='ocr_carea' id='block_1_107' title="bbox 2138 4892 2692 4963">
    <p class='ocr_par' dir='ltr' id='par_1_107' title="bbox 2138 4892 2692 4963">
     <span class='ocr_line' id='line_1_109' title="bbox 2138 4892 2692 4963; baseline -0.011 -14"><span class='ocrx_word' id='word_1_833' title='bbox 2138 4907 2309 4959; x_wconf 89' lang='lat' dir='ltr'>mss.,</span> <span class='ocrx_word' id='word_1_834' title='bbox 2340 4892 2450 4945; x_wconf 83' lang='grc' dir='ltr'>τῶν</span> <span class='ocrx_word' id='word_1_835' title='bbox 2490 4892 2692 4963; x_wconf 78' lang='grc' dir='ltr'>μερῶν.</span> 
     </span>
    </p>
   </div>
   <div class='ocr_carea' id='block_1_108' title="bbox 2235 4959 3597 5036">
    <p class='ocr_par' dir='ltr' id='par_1_108' title="bbox 2235 4959 3597 5036">
     <span class='ocr_line' id='line_1_110' title="bbox 2235 4959 3597 5036; baseline -0.001 -16"><span class='ocrx_word' id='word_1_836' title='bbox 2235 4965 2324 5031; x_wconf 88' lang='grc'>35)</span> <span class='ocrx_word' id='word_1_837' title='bbox 2354 4959 2596 5036; x_wconf 76' lang='lat' dir='ltr'>veteres</span> <span class='ocrx_word' id='word_1_838' title='bbox 2627 4978 2728 5018; x_wconf 77' lang='lat' dir='ltr'>sex</span> <span class='ocrx_word' id='word_1_839' title='bbox 2756 4959 2913 5036; x_wconf 82' lang='lat' dir='ltr'>libri,</span> <span class='ocrx_word' id='word_1_840' title='bbox 2944 4962 3113 5036; x_wconf 80' lang='grc' dir='ltr'>ποιεῖ.</span> <span class='ocrx_word' id='word_1_841' title='bbox 3147 4960 3328 5031; x_wconf 88' lang='lat' dir='ltr'>Editi,</span> <span class='ocrx_word' id='word_1_842' title='bbox 3358 4959 3597 5036; x_wconf 79' lang='grc' dir='ltr'>ἐμποιεῖ.</span> 
     </span>
    </p>
   </div>
   <div class='ocr_carea' id='block_1_109' title="bbox 2235 5030 3793 5106">
    <p class='ocr_par' dir='ltr' id='par_1_109' title="bbox 2235 5030 3793 5106">
     <span class='ocr_line' id='line_1_111' title="bbox 2235 5030 3793 5106; baseline -0.004 -15"><span class='ocrx_word' id='word_1_843' title='bbox 2235 5030 2323 5106; x_wconf 86' lang='grc'>36)</span> <span class='ocrx_word' id='word_1_844' title='bbox 2355 5035 2530 5101; x_wconf 89' lang='lat' dir='ltr'>Editi,</span> <span class='ocrx_word' id='word_1_845' title='bbox 2556 5036 2653 5087; x_wconf 77' lang='grc' dir='ltr'>τοῦ</span> <span class='ocrx_word' id='word_1_846' title='bbox 2683 5030 2902 5105; x_wconf 81' lang='grc' dir='ltr'>Κυρίου.</span> <span class='ocrx_word' id='word_1_847' title='bbox 2937 5032 3009 5088; x_wconf 86' lang='lat' dir='ltr'>At</span> <span class='ocrx_word' id='word_1_848' title='bbox 3054 5049 3197 5106; x_wconf 80' lang='lat' dir='ltr'>mss.</span> <span class='ocrx_word' id='word_1_849' title='bbox 3232 5030 3458 5103; x_wconf 81' lang='lat' dir='ltr'>omnes,</span> <span class='ocrx_word' id='word_1_850' title='bbox 3511 5036 3608 5088; x_wconf 76' lang='grc' dir='ltr'>τοῦ</span> <span class='ocrx_word' id='word_1_851' title='bbox 3638 5032 3793 5106; x_wconf 64' lang='grc' dir='ltr'>Θεοῦ,</span> 
     </span>
    </p>
   </div>
   <div class='ocr_carea' id='block_1_110' title="bbox 2234 5103 3794 5178">
    <p class='ocr_par' dir='ltr' id='par_1_110' title="bbox 2234 5103 3794 5178">
     <span class='ocr_line' id='line_1_112' title="bbox 2234 5103 3794 5178; baseline -0.003 -16"><span class='ocrx_word' id='word_1_852' title='bbox 2234 5103 2324 5177; x_wconf 85' lang='grc'>37)</span> <span class='ocrx_word' id='word_1_853' title='bbox 2358 5110 2446 5163; x_wconf 89' lang='lat' dir='ltr'>Ita</span> <span class='ocrx_word' id='word_1_854' title='bbox 2477 5122 2618 5178; x_wconf 70' lang='lat' dir='ltr'>mss,</span> <span class='ocrx_word' id='word_1_855' title='bbox 2652 5103 2856 5162; x_wconf 85' lang='lat' dir='ltr'>nostri.</span> <span class='ocrx_word' id='word_1_856' title='bbox 2888 5108 2961 5161; x_wconf 92' lang='lat' dir='ltr'>At</span> <span class='ocrx_word' id='word_1_857' title='bbox 2998 5105 3141 5162; x_wconf 87' lang='lat' dir='ltr'>editi</span> <span class='ocrx_word' id='word_1_858' title='bbox 3192 5106 3366 5178; x_wconf 89' lang='lat' dir='ltr'>paulo</span> <span class='ocrx_word' id='word_1_859' title='bbox 3398 5107 3583 5176; x_wconf 84' lang='lat' dir='ltr'>aliter,</span> <span class='ocrx_word' id='word_1_860' title='bbox 3616 5104 3717 5161; x_wconf 77' lang='lat' dir='ltr'>Kal</span> <span class='ocrx_word' id='word_1_861' title='bbox 3751 5103 3794 5158; x_wconf 78' lang='grc' dir='ltr'>εἰ</span> 
     </span>
    </p>
   </div>
   <div class='ocr_carea' id='block_1_111' title="bbox 2141 5175 3798 5254">
    <p class='ocr_par' dir='ltr' id='par_1_111' title="bbox 2141 5175 3798 5254">
     <span class='ocr_line' id='line_1_113' title="bbox 2141 5175 3798 5254; baseline 0 -22"><span class='ocrx_word' id='word_1_862' title='bbox 2141 5175 2413 5254; x_wconf 72' lang='grc' dir='ltr'>γλυκέα...</span> <span class='ocrx_word' id='word_1_863' title='bbox 2444 5175 2722 5254; x_wconf 40' lang='grc' dir='ltr'>τὰ-λόγια.</span> <span class='ocrx_word' id='word_1_864' title='bbox 2755 5179 2925 5254; x_wconf 52' lang='lat' dir='ltr'>haud</span> <span class='ocrx_word' id='word_1_865' title='bbox 2983 5178 3153 5254; x_wconf 67' lang='lat' dir='ltr'>longe</span> <span class='ocrx_word' id='word_1_866' title='bbox 3199 5175 3363 5254; x_wconf 74' lang='lat' dir='ltr'>editi,</span> <span class='ocrx_word' id='word_1_867' title='bbox 3386 5178 3425 5254; x_wconf 30' lang='lat'>.6</span> <span class='ocrx_word' id='word_1_868' title='bbox 3482 5175 3798 5254; x_wconf 81' lang='grc' dir='ltr'>συγκατατι-</span> 
     </span>
    </p>
   </div>
   <div class='ocr_carea' id='block_1_112' title="bbox 2144 5246 3621 5324">
    <p class='ocr_par' dir='ltr' id='par_1_112' title="bbox 2144 5246 3621 5324">
     <span class='ocr_line' id='line_1_114' title="bbox 2144 5246 3621 5324; baseline 0.001 -20"><span class='ocrx_word' id='word_1_869' title='bbox 2144 5246 2526 5324; x_wconf 30' lang='grc' dir='ltr'>θὲμενοςκδϐἀ</span> <span class='ocrx_word' id='word_1_870' title='bbox 2553 5246 2845 5324; x_wconf 79' lang='lat' dir='ltr'>articulus</span> <span class='ocrx_word' id='word_1_871' title='bbox 2876 5250 2934 5304; x_wconf 90' lang='lat' dir='ltr'>in</span> <span class='ocrx_word' id='word_1_872' title='bbox 2967 5246 3128 5324; x_wconf 66' lang='lat' dir='ltr'>nullo</span> <span class='ocrx_word' id='word_1_873' title='bbox 3148 5246 3367 5324; x_wconf 82' lang='lat' dir='ltr'>codice</span> <span class='ocrx_word' id='word_1_874' title='bbox 3386 5246 3621 5324; x_wconf 75' lang='lat' dir='ltr'>legitur.</span> 
     </span>
    </p>
   </div>
   <div class='ocr_carea' id='block_1_113' title="bbox 2215 5320 3795 5396">
    <p class='ocr_par' dir='ltr' id='par_1_113' title="bbox 2215 5320 3795 5396">
     <span class='ocr_line' id='line_1_115' title="bbox 2215 5320 3795 5396; baseline -0.001 -17"><span class='ocrx_word' id='word_1_875' title='bbox 2215 5320 2325 5395; x_wconf 88' lang='lat'>(38)</span> <span class='ocrx_word' id='word_1_876' title='bbox 2357 5321 2484 5396; x_wconf 74' lang='lat' dir='ltr'>Illa,</span> <span class='ocrx_word' id='word_1_877' title='bbox 2514 5321 2576 5396; x_wconf 74' lang='grc' dir='ltr'>τὸ</span> <span class='ocrx_word' id='word_1_878' title='bbox 2605 5320 3332 5396; x_wconf 31' lang='lat' dir='ltr'>magpdvtethedidimus</span> <span class='ocrx_word' id='word_1_879' title='bbox 3356 5320 3469 5388; x_wconf 51' lang='lat' dir='ltr'>ita,—</span> <span class='ocrx_word' id='word_1_880' title='bbox 3488 5323 3573 5380; x_wconf 90' lang='lat' dir='ltr'>uti</span> <span class='ocrx_word' id='word_1_881' title='bbox 3605 5324 3667 5396; x_wconf 90' lang='lat' dir='ltr'>in</span> <span class='ocrx_word' id='word_1_882' title='bbox 3697 5336 3795 5378; x_wconf 88' lang='lat' dir='ltr'>ve-</span> 
     </span>
    </p>
   </div>
   <div class='ocr_carea' id='block_1_114' title="bbox 2140 5392 3797 5466">
    <p class='ocr_par' dir='ltr' id='par_1_114' title="bbox 2140 5392 3797 5466">
     <span class='ocr_line' id='line_1_116' title="bbox 2140 5392 3797 5466; baseline -0.001 -16"><span class='ocrx_word' id='word_1_883' title='bbox 2140 5392 2367 5451; x_wconf 81' lang='lat' dir='ltr'>teribus</span> <span class='ocrx_word' id='word_1_884' title='bbox 2400 5393 2565 5466; x_wconf 80' lang='lat' dir='ltr'>libris</span> <span class='ocrx_word' id='word_1_885' title='bbox 2588 5392 2806 5466; x_wconf 85' lang='lat' dir='ltr'>scripta</span> <span class='ocrx_word' id='word_1_886' title='bbox 2837 5392 3189 5449; x_wconf 88' lang='lat' dir='ltr'>invenimus.</span> <span class='ocrx_word' id='word_1_887' title='bbox 3216 5399 3290 5449; x_wconf 84' lang='lat' dir='ltr'>At</span> <span class='ocrx_word' id='word_1_888' title='bbox 3318 5393 3378 5450; x_wconf 91' lang='lat' dir='ltr'>in</span> <span class='ocrx_word' id='word_1_889' title='bbox 3411 5395 3583 5453; x_wconf 89' lang='lat' dir='ltr'>editis</span> <span class='ocrx_word' id='word_1_890' title='bbox 3612 5395 3797 5452; x_wconf 87' lang='lat' dir='ltr'>inver-</span> 
     </span>
    </p>
   </div>
   <div class='ocr_carea' id='block_1_115' title="bbox 2141 5465 2762 5538">
    <p class='ocr_par' dir='ltr' id='par_1_115' title="bbox 2141 5465 2762 5538">
     <span class='ocr_line' id='line_1_117' title="bbox 2141 5465 2762 5538; baseline -0.005 -15"><span class='ocrx_word' id='word_1_891' title='bbox 2141 5484 2207 5524; x_wconf 88' lang='lat' dir='ltr'>so</span> <span class='ocrx_word' id='word_1_892' title='bbox 2239 5467 2442 5523; x_wconf 90' lang='lat' dir='ltr'>ordine</span> <span class='ocrx_word' id='word_1_893' title='bbox 2471 5465 2762 5538; x_wconf 87' lang='lat' dir='ltr'>leguntur.</span> 
     </span>
    </p>
   </div>
   <div class='ocr_carea' id='block_1_116' title="bbox 2214 5532 3357 5611">
    <p class='ocr_par' dir='ltr' id='par_1_116' title="bbox 2214 5532 3357 5611">
     <span class='ocr_line' id='line_1_118' title="bbox 2214 5532 3357 5611; baseline -0.002 -18"><span class='ocrx_word' id='word_1_894' title='bbox 2214 5538 2326 5611; x_wconf 87' lang='lat'>(39)</span> <span class='ocrx_word' id='word_1_895' title='bbox 2360 5532 2774 5611; x_wconf 56' lang='lat' dir='ltr'>Libri&#39;aliquot</span> <span class='ocrx_word' id='word_1_896' title='bbox 2803 5538 3047 5611; x_wconf 66' lang='lat' dir='ltr'>veteres,</span> <span class='ocrx_word' id='word_1_897' title='bbox 3081 5532 3357 5611; x_wconf 73' lang='grc' dir='ltr'>ᾁμετρίαι.</span> 
     </span>
    </p>
   </div>
   <div class='ocr_carea' id='block_1_117' title="bbox 2215 5603 3796 5677">
    <p class='ocr_par' dir='ltr' id='par_1_117' title="bbox 2215 5603 3796 5677">
     <span class='ocr_line' id='line_1_119' title="bbox 2215 5603 3796 5677; baseline -0.002 -12"><span class='ocrx_word' id='word_1_898' title='bbox 2215 5603 2327 5677; x_wconf 80' lang='grc'>(40)</span> <span class='ocrx_word' id='word_1_899' title='bbox 2359 5610 2568 5664; x_wconf 87' lang='lat' dir='ltr'>Totum</span> <span class='ocrx_word' id='word_1_900' title='bbox 2600 5603 2767 5673; x_wconf 77' lang='lat' dir='ltr'>illud,</span> <span class='ocrx_word' id='word_1_901' title='bbox 2813 5603 2923 5674; x_wconf 76' lang='grc' dir='ltr'>καὶ,</span> <span class='ocrx_word' id='word_1_902' title='bbox 2975 5603 3198 5660; x_wconf 74' lang='grc' dir='ltr'>Οὗαὶόὶ</span> <span class='ocrx_word' id='word_1_903' title='bbox 3226 5603 3457 5670; x_wconf 73' lang='grc' dir='ltr'>τιθέντες</span> <span class='ocrx_word' id='word_1_904' title='bbox 3512 5609 3574 5665; x_wconf 83' lang='grc' dir='ltr'>τὸ</span> <span class='ocrx_word' id='word_1_905' title='bbox 3606 5608 3796 5670; x_wconf 87' lang='grc' dir='ltr'>σκότος</span> 
     </span>
    </p>
   </div>
   <div class='ocr_carea' id='block_1_118' title="bbox 2144 5677 3634 5753">
    <p class='ocr_par' dir='ltr' id='par_1_118' title="bbox 2144 5677 3634 5753">
     <span class='ocr_line' id='line_1_120' title="bbox 2144 5677 3634 5753; baseline 0.004 -19"><span class='ocrx_word' id='word_1_906' title='bbox 2144 5683 2290 5753; x_wconf 78' lang='grc' dir='ltr'>φῶς,</span> <span class='ocrx_word' id='word_1_907' title='bbox 2310 5677 2390 5738; x_wconf 79' lang='lat' dir='ltr'>ex</span> <span class='ocrx_word' id='word_1_908' title='bbox 2418 5681 2712 5739; x_wconf 86' lang='lat' dir='ltr'>veteribus</span> <span class='ocrx_word' id='word_1_909' title='bbox 2743 5678 3006 5751; x_wconf 88' lang='lat' dir='ltr'>quinque</span> <span class='ocrx_word' id='word_1_910' title='bbox 3033 5677 3199 5734; x_wconf 91' lang='lat' dir='ltr'>libris</span> <span class='ocrx_word' id='word_1_911' title='bbox 3227 5681 3496 5739; x_wconf 89' lang='lat' dir='ltr'>additum</span> <span class='ocrx_word' id='word_1_912' title='bbox 3526 5688 3634 5740; x_wconf 90' lang='lat' dir='ltr'>est.</span> 
     </span>
    </p>
   </div>
   <div class='ocr_carea' id='block_1_119' title="bbox 2212 4965 2230 5179">
    <p class='ocr_par' dir='ltr' id='par_1_119' title="bbox 2212 4965 2230 5179">
     <span class='ocr_line' id='line_1_121' title="bbox 2212 4965 2230 5179; baseline 0 0"><span class='ocrx_word' id='word_1_913' title='bbox 2212 4965 2230 5179; x_wconf 66' lang='grc' dir='ltr'>ἓ</span> 
     </span>
    </p>
   </div>
  </div>
