4138 6402
3664 365 3784 423 412

362 366 472 425 411
1311 369 1702 429 APPENDIX
1749 365 2077 430 OPEltUM
2120 366 2186 426 S.
2231 364 2520 427 BASILII
2563 363 2837 425 MAGNI.

366 495 525 567 plius
555 495 677 551 hinc
740 498 936 568 verba,
988 499 1094 566 Qui
1147 497 1352 564 dicitis,
1417 505 1698 570 usurpata
1750 497 1890 563 sint,
1922 496 2017 551 sed

2140 494 2255 562 καὶ,
2314 491 2451 551 Ούαὶ
2513 493 2565 547 οἱ
2633 493 2865 556 τιθέντες
2921 493 2983 547 τὸ
3038 490 3211 567 γλυκὺ
3276 490 3494 567 πικρόν.
3555 492 3786 563 Μήποτε

364 585 589 656 ἱεῐΙιδιο,
636 587 744 654 Qui
794 589 1015 658 ponitis.
1083 589 1165 642 Vas
1224 587 1375 642 enim
1430 590 1527 659 qui
1581 588 1769 643 dicitis
1825 587 2017 641 bonum

2138 581 2227 637 οὖν
2258 582 2285 635 6
2319 581 2483 658 λόγος
2542 578 2891 652 ἐνδείκνυται,
2927 582 3009 635 ὅτι
3068 581 3214 655 παρὰ
3268 579 3362 641 τὰς
3417 580 3637 654 πρώτας
3690 584 3788 635 τοῦ

363 675 612 737 malum;
643 683 725 746 et,
762 677 840 730 Vae
870 677 965 746 qui
1007 677 1220 748 ponitis
1264 676 1522 731 tenebras
1572 677 1796 740 lucem;
1825 679 1901 742 et,
1941 676 2017 731 Va

2141 670 2262 747 βίου
2293 672 2545 746 αἱρέσεις,
2580 668 2669 725 διὰ
2697 674 2793 725 τοῦ
2826 670 2993 746 λόγου
3044 669 3212 743 μόνου
3264 666 3645 746 σφαλλόμεθα,
3693 691 3781 744 γε·

364 765 464 835 qui
489 765 697 834 ponitis
746 764 899 819 dulce
931 781 1212 821 amarum.
1262 769 1411 819 Num
1448 766 1629 836 igitur
1676 766 1830 823 506
1863 765 2029 819 docet

365 852 669 924 Scriptura
721 870 824 908 nos
860 852 914 907 in
978 852 1185 925 primis
1232 854 1360 909 vitae
1418 854 1709 915 institutis
1740 852 2026 925 eligendis

365 961 469 1016 per
497 943 682 999 solam
728 944 1015 1000 rationem
1075 944 1133 1000 in
1167 962 1424 1001 errorem
1488 945 1721 1002 delabi:
1757 946 1853 1003 sed
1889 961 2022 1001 cum

361 1031 768 1089 devenerimus
796 1034 867 1089 ad
900 1033 1029 1106 ipsa
1073 1050 1270 1105 Opera,
1307 1051 1410 1090 nec
1462 1040 1656 1091 tamen
1689 1039 1821 1107 post
1852 1050 2024 1106 expe-

360 1119 632 1176 rientiam
666 1138 700 1177 a
728 1120 882 1177 malo
906 1123 1346 1191 recesserimus,
1381 1130 1507 1179 tum
1541 1141 1647 1179 nos
1679 1122 1846 1179 nobis
1879 1122 2024 1194 ipsis

358 1209 525 1281 quasi
559 1211 847 1281 quasdam
882 1228 1124 1284 operum
1161 1219 1346 1268 metas
1400 1215 1783 1285 praestituere,
1815 1229 1881 1268 ac
1912 1213 2021 1266 im-

364 1302 524 1355 mota
556 1298 790 1355 malitiae
848 1317 1025 1373 Opera
1084 1302 1373 1358 reddere?
1424 1302 1703 1374 Quisquis
1760 1303 1914 1358 enim
1949 1300 2021 1357 ab

360 1388 873 1460 intemperantiam
899 1389 1315 1463 voluptateque
1335 1392 1403 1446 ad
1425 1392 1871 1463 temperantiam
1897 1407 2024 1446 sese

364 1494 479 1534 non
510 1480 816 1549 convertit,
879 1496 1148 1535 amarum
1197 1480 1312 1535 sibi
1372 1481 1541 1537 dulce
1582 1480 1764 1552 ponit.
1828 1484 1893 1534 Et
1923 1478 2023 1551 qui

359 1567 537 1622 vitam
571 1584 698 1638 qua:
732 1585 802 1624 ex
831 1568 1141 1642 Evangelio
1172 1568 1536 1625 instituenda
1565 1574 1675 1638 est,
1711 1569 1879 1642 fugit,
1902 1567 2022 1623 imo

365 1655 464 1729 qui
495 1656 815 1713 belluinam
846 1662 904 1713 et
927 1657 1173 1715 rationis
1202 1663 1497 1731 expertem
1520 1658 1696 1714 vitam
1722 1656 2023 1730 amplecti-

363 1750 480 1817 tur,
514 1745 625 1802 sibi
654 1745 822 1818 ponit
847 1746 1040 1804 lucem
1085 1748 1375 1804 tenebras.
1427 1747 1535 1814 Qui
1567 1751 1762 1804 autem
1795 1747 1889 1803 his
1919 1764 2021 1820 pa-

360 1833 708 1906 trocinatur,
743 1852 810 1891 ac
841 1837 1120 1893 audacter
1141 1837 1631 1910 impudenterque
1663 1837 1923 1909 loquitur
1951 1837 2023 1892 de

362 1922 577 1996 ineptis
608 1927 665 1979 et
697 1924 971 1981 absurdis
1002 1926 1473 1994 actionibus,ille
1503 1929 1593 1983 est
1621 1927 1716 1998 qui
1748 1926 1889 1982 dicit
1919 1926 2022 1982 bo.

363 2027 501 2067 num
536 2012 962 2085 malum,juxta
994 2014 1361 2087 Apostolum,
1396 2016 1496 2088 qui
1521 2033 1632 2071 non
1664 2014 1796 2070 illos
1828 2013 2021 2071 solum

363 2099 760 2172 reprehendit,
822 2102 919 2174 qui
978 2103 1101 2161 haec
1150 2104 1393 2176 faciunt,
1427 2105 1528 2161 sed
1584 2120 1684 2161 eos
1712 2104 1889 2159 etiam
1923 2103 2024 2175 qui

365 2189 702 2246 assentiunt
763 2191 1110 2249 facientibus
1144 2193 1207 2251 ³⁵.
1271 2193 1497 2250 Rursus
1529 2195 1580 2250 is
1637 2193 1802 2266 ponit
1830 2191 2022 2249 lucem

363 2277 657 2348 tenebras,
691 2280 790 2353 qui
823 2280 1127 2338 lucernam
1159 2283 1323 2356 ponit
1352 2284 1557 2339 subter
1601 2282 1888 2352 modium,
1922 2285 2024 2337 aut

2134 759 2357 831 νόμενοι
2408 756 2464 813 δὲ
2515 758 2566 813 ἐν
2615 764 2732 821 ταῖς
2777 759 3021 833 πράξεσι,
3055 758 3148 813 καὶ
3204 756 3343 831 μηδὲ
3378 758 3513 831 μετὰ
3544 760 3654 833 (41)
3683 761 3781 829 τὴν

2134 854 2323 922 πεῖραν
2383 848 2743 926 ἀφιστάμενοι
2797 853 2892 903 τοῦ
2949 853 3138 919 κακοῦ,
3172 851 3294 902 οἷον
3355 846 3516 924 ὅρους
3576 847 3787 913 ἑαυτοῖς

2132 942 2239 992 τῶν
2302 936 2477 1014 ἔργων
2534 937 2814 1010 τιθέμεθα,
2866 937 3095 1007 ἀκίνητα
3141 938 3377 1000 τιθᾶντες
3432 941 3533 1003 τῆς
3596 937 3787 1000 κακίας

2131 1030 2199 1082 τὲ
2229 1022 2397 1102 ἔργα;
2431 1028 2491 1084 Ὀ
2520 1028 2623 1103 γὰρ
2678 1027 2783 1081 ἀπὸ
2832 1025 3125 1089 ἀκολασίας
3179 1025 3267 1081 καὶ
3318 1023 3645 1103 φιληδονίας
3705 1028 3782 1102 μὴ

2137 1117 2548 1189 μετατιθὲἡενος
2573 1116 2651 1177 εἷς
2694 1116 3068 1194 σωφροσύνην,
3098 1116 3311 1187 τίθησιν
3363 1116 3539 1189 ἑαυτῷ
3585 1116 3650 1171 τὸ
3696 1138 3785 1172 πι-

2130 1207 2260 1281 κρὸν
2293 1205 2487 1280 γλυκύ.
2523 1205 2624 1261 Καὶ
2657 1206 2684 1260 6
2717 1205 2930 1282 φεύγων
2963 1206 3056 1278 μὲν
3103 1206 3204 1273 τήν
3252 1206 3391 1260 κατὰ
3434 1206 3496 1260 τὸ
3542 1205 3784 1283 Εύαγγὲ-

2133 1293 2254 1351 λιον
2293 1296 2460 1365 ζωὴν,
2492 1294 2584 1349 τὸν
2633 1291 2689 1349 δὲ
2730 1292 2986 1365 κτηνώδη
3017 1293 3107 1349 καὶ
3158 1292 3362 1370 ἄλογον
3426 1292 3545 1371 βίον
3592 1294 3778 1373 αἱρού-

2136 1406 2319 1457 μενος,
2378 1385 2592 1455 τίθησιν
2675 1385 2850 1455 ἑαυτῷ
2910 1385 2974 1439 τὸ
3030 1387 3147 1462 φῶς
3206 1383 3419 1446 σκότος.
3478 1385 3538 1441 Ὀ
3593 1383 3781 1458 μέντοι

2134 1474 2455 1549 συνηγορῶν
2540 1472 2779 1541 τούτοις,
2835 1474 2923 1528 καὶ
3006 1471 3590 1550 ἐμπαῤῥησιαζόμενος
3658 1479 3781 1536 ταῖς

2132 1564 2360 1626 ἀτόποις
2416 1564 2692 1638 πράξεσιν,
2755 1563 2916 1625 οὗτός
2998 1562 3139 1618 ἐστιν
3190 1563 3219 1619 6
3280 1562 3450 1638 λέγων
3500 1563 3562 1619 τὸ
3612 1561 3780 1620 καλὸν

2132 1654 2397 1729 πονηρὸν,
2445 1653 2583 1707 κατᾶ
2631 1652 2725 1707 τὸν
2776 1651 3134 1725 Ἀπόστολον,
3171 1648 3517 1731 μεμφόμενον
3547 1657 3663 1714 τοῖς
3721 1651 3784 1707 ού

2136 1744 2298 1818 μόνον
2359 1746 2606 1797 ποιοῦσιν
2667 1741 2822 1811 αὐτὰ,
2876 1739 3024 1797 ἀλλὰ
3079 1742 3168 1797 καὶ
3226 1738 3606 1797 συνευδοκοῦσι
3663 1746 3783 1805 τοῖς

2133 1832 2449 1907 πράττουσι.
2482 1828 2762 1902 Τίθησιδὶ
2805 1829 2866 1885 τὸ
2926 1834 3039 1906 φῶς
3095 1831 3289 1896 σκότος
3347 1832 3374 1887 6
3430 1831 3525 1887 τὸν
3579 1828 3785 1908 λύχνον

2128 1922 2298 1983 τιθεὶς
2358 1921 2462 1975 ὑπὸ
2519 1922 2611 1974 τὸν
2670 1918 2883 1993 μόδιον,
2916 1918 2952 1990 ἢ
2982 1917 3275 1976 καλύπτων
3327 1924 3409 1993 τῷ
3458 1918 3656 1989 σκεύει,
3690 1921 3782 1976 καὶ

2135 2013 2210 2086 μὴ
2248 2009 2416 2074 τιθεὶς
2444 2010 2607 2064 αὐτὸν
2638 2008 2725 2064 ἐπὶ
2754 2010 2853 2078 τήν
2901 2005 3144 2086 λυχνίαν.
3178 2009 3257 2068 Τὸ
3309 2010 3402 2084 μὲν
3455 2008 3570 2084 οὖν,
3604 2007 3779 2086 λέγειν

2128 2102 2191 2156 τὸ
2223 2098 2386 2155 καλὸν
2420 2099 2681 2174 πονηρὸν,
2716 2098 2804 2153 ἐπὶ
2846 2104 2945 2154 τοῦ
2994 2096 3335 2175 δογματίζειν
3384 2099 3779 2176 παρείληπταιο

2129 2188 2190 2246 τό
2251 2186 2565 2259 δὶ,τιθὲναι
2624 2191 2740 2266 φῶς
2791 2188 2986 2251 σκότος
3046 2190 3181 2264 (42),
3216 2187 3302 2244 ἐπὶ
3361 2193 3463 2245 τοῦ
3522 2186 3614 2245 διὰ
3668 2193 3779 2246 τῶν

2133 2278 2373 2352 πράξεων
2407 2275 2654 2350 ἐθισμοῦ.

361 2364 619 2423 occultat
647 2385 783 2425 vase
814 2371 1091 2441 quodam,
1125 2388 1232 2429 nec
1262 2388 1392 2428 eam
1424 2372 1593 2445 ponit
1622 2389 1801 2444 super
1859 2369 2275 2427 candelabrum
2300 2369 2362 2420 ⁸⁸.
2426 2368 2814 2431 Quamobrem
2873 2368 3049 2424 verba
3086 2367 3189 2424 illa
3217 2367 3402 2425 dicere
3434 2368 3633 2426 bonum
3661 2386 3778 2425 mu-

371 2455 503 2524 lum,
539 2462 824 2529 usurpata
881 2465 1020 2515 sunt
1074 2460 1146 2514 ad
1206 2460 1571 2534 designanda
1625 2461 1943 2534 dogmata:
2003 2459 2128 2515 ham
2179 2474 2333 2525 vero,
2389 2472 2592 2529 ponere
2623 2456 2799 2512 lucem
2853 2456 3124 2526 tenebras,
3158 2457 3643 2514 consuetudinem
3674 2476 3776 2532 per

367 2546 535 2599 actus
568 2544 921 2616 acquisitam
957 2546 1311 2619 signiﬁcant.

438 2630 561 2687 175.
581 2630 755 2688 Vsus.
771 2635 861 2689 21.
892 2638 1101 2707 νκᾳιιί
1113 2638 1480 2708 intelligenles
1495 2640 1622 2693 estis
1635 2641 1693 2693 in
1713 2637 2017 2693 vobismeti-

2203 2635 2328 2691 475.
2391 2631 2528 2691 Οὐαὶ
2587 2633 2639 2687 οἱ
2696 2631 2905 2687 συνετοὶ
2964 2631 3016 2688 ἐν
3076 2632 3310 2704 ἑαυτοῖς⁹
3369 2631 3460 2688 καὶ
3546 2632 3779 2701 ὶνώπιον

358 2735 497 2791 pszs,
528 2727 579 2777 et
597 2737 781 2777 coram
806 2724 956 2780 vobis
976 2726 1109 2796 ipsis
1131 2728 1384 2784 scientes.
1410 2726 1563 2783 Sane
1581 2743 1695 2783 non
1721 2726 1804 2781 illi
1827 2725 2016 2781 solum

2130 2722 2330 2778 ἑαυτῶν
2391 2724 2505 2795 (43)
2566 2721 2945 2795 ἐπιστήμονες.
3003 2725 3264 2778 "Amata:
3339 2718 3397 2777 δὲ
3465 2727 3631 2778 ταῦτα
3716 2722 3778 2779 ού

361 2806 454 2864 his
486 2810 677 2866 verbis
707 2819 1109 2885 coarguuntur
1130 2816 1231 2887 qui
1257 2817 1564 2872 offendunt
1582 2816 1642 2872 in
1666 2815 2015 2883 actionibus,

2130 2812 2296 2886 μόνον
2328 2816 2436 2866 τῶν
2467 2813 2603 2867 κατὰ
2632 2813 2850 2889 πράξεις
2880 2809 3295 2890 σφαλλομένων,
3329 2808 3476 2868 ἀλλὰ
3522 2813 3609 2867 καὶ
3662 2816 3773 2867 τῶν

360 2898 462 2952 sed
496 2898 672 2955 etiam
704 2900 764 2968 ii,
827 2902 927 2973 qui
985 2903 1043 2958 in
1101 2903 1513 2961 incredulitate
1567 2910 1623 2961 et
1653 2904 2017 2978 ignoratione

2130 2901 2177 2956 ἑν
2212 2899 2451 2973 ἀπιστίᾳ,
2493 2899 2581 2955 καῖ
2611 2904 2679 2974 τῇ
2709 2901 2950 2975 ἀγνωσία
2991 2904 3059 2975 τῇ
3090 2900 3166 2964 εἷς
3224 2900 3313 2956 τὸν
3362 2900 3556 2974 Κύριον
3606 2902 3767 2973 ἡμῶν

359 2985 593 3042 Domini
626 2989 809 3045 nostri
859 2990 1000 3046 Jesu
1053 2992 1266 3049 Christi
1327 2994 1685 3050 detinentur.
1719 2994 1824 3057 Qui
1857 2993 2015 3049 enim

2130 2991 2337 3059 Ἰησοῦν
2398 2990 2631 3064 Χριστὸν
2684 2990 3088 3066 κατεχομένων.
3121 2991 3184 3047 Ὁ
3210 2989 3309 3066 γὰρ
3363 2989 3440 3063 μὴ
3497 2987 3763 3044 πιστεύων

360 3090 475 3129 non
507 3077 693 3132 credit
721 3095 870 3135 verze
928 3079 1064 3149 luci,
1100 3082 1143 3117 ⁵⁷
1191 3084 1292 3138 sed
1350 3101 1411 3139 se
1441 3083 1768 3156 ipseIt‘acit
1795 3082 2013 3139 diaboli

2130 3078 2200 3141 εἷς
2230 3079 2293 3134 τὸ
2325 3084 2440 3158 φῶς
2471 3079 2533 3134 τὸ
2564 3077 2850 3150 ἀληθινὸν,
2883 3076 3030 3133 ἀλλὰ
3060 3082 3228 3134 ποιῶν
3268 3078 3451 3134 ἑαυτὸν
3497 3077 3611 3133 υἱὸν
3663 3081 3766 3132 τοῦ

358 3162 546 3219 ﬁlium
598 3166 663 3237 ⁸⁸,
718 3167 766 3223 is
820 3173 985 3225 vocat
1040 3170 1230 3228 lucem
1289 3174 1579 3243 tenebras,
1639 3178 1695 3227 et
1741 3173 2013 3229 tenebras

2130 3163 2408 3238 διαϐόλου,
2445 3168 2601 3230 οὗτος
2637 3166 2785 3243 λέγει
2816 3168 2879 3223 τὸ
2925 3173 3037 3247 φῶς
3084 3167 3295 3240 σκότος,
3326 3168 3417 3223 καὶ
3465 3167 3528 3223 τὸ
3576 3165 3771 3229 σκότος

358 3250 573 3347 lucem.
607 3254 1112 3318 Quemadmodum
1169 3261 1350 3334 igitur
1398 3262 1499 3318 lux
1531 3261 1805 3318 dominus
1836 3266 1926 3318 est
1944 3262 2009 3329 5°,

2130 3262 2259 3336 φῶς.
2293 3260 2499 3333 Ὥσπερ
2533 3255 2625 3312 οὖν
2657 3261 2771 3335 φῶς
2803 3258 2944 3312 ἑστιν
2987 3258 3016 3312 6
3065 3255 3283 3332 Κύριος,
3316 3255 3459 3312 οὕτω
3501 3256 3591 3310 καὶ
3639 3255 3772 3331 γλυο

358 3341 440 3398 ita
470 3348 528 3397 et
578 3344 823 3402 dulcedo
875 3352 967 3403 est
994 3349 1068 3405 iis
1125 3351 1222 3422 qui
1259 3351 1450 3424 ipsum
1510 3350 1755 3409 solerter
1781 3355 1839 3407 et
1869 3352 2013 3408 scite

358 3432 730 3503 degustant:
786 3452 920 3491 cum
971 3436 1116 3510 ipsis
1173 3439 1412 3497 delicias
1465 3458 1673 3497 suaves
1733 3458 1797 3497 ac
1853 3440 2015 3497 omni

359 3518 541 3575 animi
567 3521 943 3593 jucunditate
976 3527 1215 3585 refertas
1259 3530 1532 3600 praebeat.
1597 3531 1785 3596 Quare
1816 3529 1913 3602 qui
1948 3546 2014 3586 eo

358 3608 691 3682 degustato,
725 3618 999 3685 expertus
1024 3617 1148 3688 jam
1182 3622 1271 3674 est
1322 3618 1731 3675 dulcissimam
1776 3619 1928 3674 hanc
1957 3623 2015 3674 et

358 3699 775 3757 suavissimam
809 3703 1276 3775 delectationem,
1301 3708 1442 3763 dicit
1469 3725 1480 3763 :
1508 3708 1725 3766 Gusiale
1752 3714 1802 3765 et
1834 3708 2018 3765 i’ilete

356 3789 622 3859 quoniam
652 3792 837 3847 suavis
866 3801 943 3849 est
980 3794 1245 3853 Dominus
1266 3796 1329 3851 ⁸ο.
1366 3797 1565 3867 Itaque
1612 3799 1712 3869 qui
1742 3815 1856 3854 non
1891 3814 2015 3855 cre-

358 3875 446 3931 dit
475 3875 534 3932 in
572 3878 879 3936 Dominum
913 3881 1138 3954 Jesum,
1170 3884 1311 3939 dicit
1341 3885 1508 3942 dulce
1539 3903 1828 3942 amarum.
1863 3891 2013 3943 Rur-

358 3980 487 4037 sus,
518 3965 619 4037 qui
654 3984 767 4024 non
825 3972 1013 4028 credit
1062 3972 1122 4028 in
1180 3974 1521 4045 Dominum,
1552 3976 1600 4031 is
1657 3993 1846 4049 neque
1877 3993 2013 4033 cum

356 4068 505 4110 verae
529 4054 984 4127 pulchritudinis
1016 4067 1227 4119 natura
1249 4065 1560 4134 consentit,
1586 4083 1769 4137 neque
1799 4067 2014 4123 admit-

355 4142 429 4199 tit
459 4142 648 4217 ipsius
702 4150 1284 4223 contemplationem.
1343 4154 1487 4210 Nam
1521 4172 1589 4211 ea
1647 4173 1774 4228 qia:
1805 4157 2017 4213 divinas

358 4236 582 4290 natura:
615 4238 854 4311 propria
901 4244 989 4296 est
1044 4240 1423 4314 pulchritudo
1463 4261 1578 4300 non
1615 4244 1671 4301 in
1732 4245 2017 4302 concinna

360 4324 761 4383 membrorum
818 4328 1214 4402 proportione,
1248 4349 1351 4389 nec
1407 4332 1467 4389 iu
1498 4333 1710 4390 eximio
1740 4334 2014 4407 quopiam

358 4410 573 4479 colore,
604 4416 707 4487 qui
738 4416 797 4472 in
856 4433 1096 4492 corpore
1149 4421 1519 4480 efﬂorescens
1577 4427 1731 4480 creet
1760 4423 2014 4481 oblecta-

359 4504 650 4571 mentum,
710 4506 811 4561 sed
868 4506 929 4563 in
986 4508 1112 4565 sola
1168 4515 1364 4567 mente
1395 4511 1649 4569 maxime
1694 4515 2018 4586 expurgata

359 4587 747 4661 dignoscitur,
775 4594 948 4665 juxta
968 4595 1288 4670 psalmum,
1322 4600 1613 4658 dicentem
1641 4620 1656 4669 ;
1680 4601 1866 4674 Specie
1894 4606 2013 4673 tua,

356 4684 407 4734 et
431 4650 849 4750 pulchritudine
880 4650 1058 4742 ιιιαῐ⁴⁵¹⁸
1095 4650 1373 4760 Ωιιίειίιιὶε
1433 4689 1615 4763 igitur
1641 4650 1794 4748 vadis
1827 4650 2016 4765 ipsius
2044 4650 2093 4716 Β

356 4766 545 4824 oculis
575 4769 801 4827 decoris
835 4772 1014 4829 divini
1072 4774 1329 4849 fulgores
1384 4779 1624 4836 minime
1653 4780 1886 4854 excipit,
1920 4781 2015 4837 hic

354 4855 500 4913 dicit
528 4856 749 4916 bonum
778 4860 1025 4920 malum.
1057 4868 1177 4920 Hoc
1203 4871 1395 4923 autem
1418 4874 1630 4941 negato
1657 4870 2012 4943 rejectoque,

352 4948 642 5006 contrario
674 4951 882 5023 utique
903 4952 1504 5025 assentitur.Etenim,
1523 4958 1575 5013 si
1604 4959 1892 5017 Dominus
1912 4960 2015 5016 lux

2124 3347 2292 3417 κύτης
2349 3347 2462 3402 ἑστὶ
2519 3353 2635 3408 τοῖς
2698 3346 3082 3420 ἑπιστημόνως
3164 3346 3329 3401 αὑτοῦ
3402 3345 3721 3424 γευομὲνοις
3756 3364 3770 3378 ·

2122 3433 2310 3506 ἡδεῖαν
2344 3435 2601 3511 παρὲχων
2647 3434 2739 3490 καὶ
2787 3437 2966 3508 πάσης
3012 3432 3287 3509 θυμηδίας
3337 3435 3612 3512 γέμουσαν
3673 3436 3771 3505 τήν

2124 3522 2447 3580 ἀπολαυσιν.
2482 3525 2580 3579 Διᾶ
2634 3529 2796 3580 τοῦτο
2854 3526 2882 3579 6
2939 3527 3269 3602 γευσάμενος
3325 3524 3514 3598 αὐτοῦ,
3569 3525 3661 3579 καὶ
3719 3524 3773 3578 ἑν

2123 3614 2283 3690 πείρᾳ
2328 3613 2622 3690 γενόμενος
2676 3621 2776 3684 τῆς
2847 3611 3076 3686 ἡδίστης
3131 3614 3220 3669 καὶ
3274 3617 3583 3689 προσηνοῦς
3638 3612 3775 3667 ἁπο-

2126 3702 2389 3776 λαύσεως,
2452 3701 2643 3778 λέγει·
2704 3702 2990 3776 Γεύσασθε,
3042 3705 3133 3758 καὶ
3194 3700 3335 3759 ἴδετε
3388 3702 3471 3759 ὅτι
3528 3703 3773 3780 χρηστὸς

2124 3795 2152 3850 6
2187 3793 2407 3871 Κύριος.
2439 3794 2501 3851 Ὁ
2543 3793 2723 3849 τοίνυν
2763 3803 2839 3867 μή
2870 3795 3137 3850 πιστεύων
3174 3794 3249 3857 είς
3292 3795 3382 3850 τὸν
3428 3794 3624 3869 Κύριον
3656 3796 3771 3864 Ἰη-

2124 3888 2249 3940 σοῦν
2280 3885 2425 3962 λέγει
2457 3885 2518 3939 τὸ
2548 3883 2723 3960 γλυκὺ
2773 3883 2988 3960 πικρόν.
3019 3886 3081 3942 Ὀ
3133 3882 3189 3940 εὶ
3242 3886 3320 3957 μή
3375 3883 3642 3939 πιστεύων
3692 3880 3773 3945 εἷς

2121 3974 2213 4030 τὸν
2238 3974 2460 4051 Κύριον,
2494 3970 2622 4029 οὐδὲ
2651 3977 2719 4047 τῇ
2758 3978 2854 4029 τοῦ
2885 3975 2999 4048 (44)
3032 3975 3296 4043 ἀληθινοῦ
3320 3971 3564 4035 κάλλους
3594 3970 3770 4027 συντί-

2124 4064 2272 4119 θεται
2324 4061 2501 4139 φύσει,
2554 4059 2679 4117 οὐδὲ
2733 4060 3093 4138 καταδέχεται
3142 4064 3239 4132 τὴν
3300 4061 3529 4139 θεωρίαν
3584 4061 3770 4118 αὐτοῦ.

2123 4152 2195 4207 Ού
2224 4153 2325 4228 γὰρ
2357 4153 2410 4207 ἑν
2440 4156 2509 4227 τῇ
2542 4151 2876 4226 εὐαρμοστίᾳ
2903 4156 3010 4207 τῶν
3046 4149 3254 4226 μελῶν,
3289 4148 3413 4207 οὐδὲ
3443 4153 3494 4206 ἑν
3545 4148 3776 4227 εὖχροίᾳ

2121 4241 2225 4298 τινὶ
2284 4245 2352 4316 τῇ
2411 4239 2717 4315 ἑπανθούσῃ
2756 4245 2837 4313 τῷ
2892 4243 3128 4315 σώματι,
3161 4241 3224 4297 τὸ
3281 4241 3508 4319 τερπνὸν
3563 4234 3775 4317 ἔχοντιο

2123 4328 2270 4386 ἀλλὰ
2301 4331 2441 4407 μόνῃ
2472 4329 2541 4405 τῇ
2596 4326 2807 4401 διανοίᾳ
2855 4333 2924 4405 τῇ
2968 4331 3087 4395 καθ’
3136 4325 3448 4408 ὑπερϐολὴν
3507 4342 3785 4406 κεκαθαρ-.

2129 4420 2263 4497 μένῃ
2292 4420 2356 4475 τὸ
2399 4420 2601 4494 κυρίως
2641 4418 2808 4475 καλὸν
2864 4420 2917 4475 ἑν
2960 4422 3033 4492 τῇ
3088 4421 3206 4494 θείᾳ
3262 4420 3415 4499 φύσει
3447 4419 3771 4496 γινώσκεται

2122 4510 2259 4566 κατὰ
2303 4511 2395 4566 τὸν
2441 4508 2683 4585 ψαλμὸν,
2715 4509 2808 4565 τὸν
2859 4508 3121 4587 λέγονταθ
3171 4512 3256 4585 Τῇ
3305 4508 3607 4585 ὡραιότητί
3653 4528 3771 4579 σου,

2122 4602 2213 4655 καὶ
2257 4603 2338 4673 τῷ
2389 4598 2584 4655 κάλλει
2635 4619 2752 4655 σου.
2786 4600 2848 4658 Ὀ
2904 4597 2995 4654 οὖν
3040 4598 3136 4663 τὰς
3182 4599 3455 4674 ἀστραπὰς
3485 4603 3582 4654 τοῦ
3628 4596 3772 4652 θείου

2123 4688 2367 4752 κάλλους
2393 4693 2472 4762 τῷ
2503 4689 2695 4743 ἑαυτοῦ
2726 4683 2937 4763 ὄμματι
2981 4689 3058 4762 μὴ
3108 4686 3582 4764 παραδεχόμενος,
3615 4688 3772 4750 οὗτος

2126 4778 2271 4854 λέγει
2302 4778 2364 4834 τὸ
2392 4777 2560 4833 καλὸν
2588 4777 2852 4851 πονηρόν·
2886 4778 2940 4832 ἑν
2972 4774 3030 4832 δὲ
3055 4780 3124 4852 τῇ
3154 4776 3351 4833 τούτου
3381 4778 3625 4854 ἀρνήσει,
3650 4797 3774 4831 συν-

2122 4868 2325 4926 τίθεται
2373 4864 2635 4939 δηλονότι
2681 4871 2762 4939 τῷ
2810 4866 3053 4939 ἑναντίῳ.
3085 4866 3151 4924 Εἰ
3193 4866 3299 4944 γὰρ
3347 4870 3462 4945 φῶς
3494 4868 3523 4923 6
3553 4867 3774 4942 Κύριος·

2122 4958 2315 5021 σκότος
2372 4954 2633 5027 δηλονότι
2684 4956 2714 5011 ὁ
2755 4955 3149 5031 ἀντικείμενος·
3183 4956 3228 5012 εἰ
3276 4956 3506 5034 γλυκεῖα
3547 4959 3583 5028 ἡ
3616 4955 3777 5034 φύσις

420 5147 669 5243 3:30:13.
684 5166 740 5243 Δι,
767 5151 859 5243 3_2.
936 5154 983 5193 ⁸⁸
1015 5153 1221 5212 Matth.
1252 5172 1310 5226 ν,
1341 5156 1431 5213 15.
1509 5158 1551 5195 ⁵⁷
1582 5159 1750 5217 Joan.
1782 5177 1824 5234 ι,
1853 5161 1909 5219 9.
1984 5161 2017 5198 ⁸⁸

2130 5161 2275 5219 toan.
2309 5176 2396 5228 ιιι,
2434 5159 2520 5217 10.
2595 5159 2641 5196 ⁸⁹
2676 5159 2849 5217 Joau.
2881 5174 3007 5232 vm,
3061 5161 3149 5219 12.
3223 5146 3270 5197 ⁶⁶
3298 5159 3450 5218 Psal.
3480 5176 3686 5229 χχχιιι,
3714 5158 3801 5243 9.Δ

348 5216 394 5253 ⁶¹
428 5220 583 5276 Psal.
612 5216 759 5288 xciv,
790 5226 848 5281 5.

421 5400 765 5497 (jglﬂbiex
786 5406 1057 5497 guinque
1088 5426 1229 5497 mss.
1262 5410 1576 5483 edidimus,
1607 5413 1759 5486 μετά,
1784 5413 1999 5488 legitur
2101 5413 2287 5497 ﬁcere
2318 5413 2702 5497 typographis
2730 5413 3067 5497 visumest.

349 5471 407 5525 in
440 5471 635 5542 editis,
668 5471 829 5533 κατὰῖ
857 5471 977 5534 non
1003 5480 1084 5536 ita
1113 5488 1284 5540 recte.

2182 5483 2489 5559 (t3)_Edit_i
2520 5483 2585 5543 et
2635 5487 2776 5559 Reg.
2834 5487 3068 5554 tertius,
3122 5483 3320 5541 αὐτῶν.
3359 5483 3470 5540 Alii
3503 5486 3770 5559 quinque

421 5545 661 5630 (42)_Hze
715 5548 844 5630 dum
891 5568 1082 5630 voces,
1108 5557 1253 5630 apti):
1315 5553 1526 5630 σκότος,
1562 5555 1621 5610 in
1654 5556 1869 5630 nostris
1901 5573 2001 5613 sex

2130 5545 2287 5630 nas,
2313 5555 2538 5613 ἑαυτῶν.

351 5630 492 5700 ξιτεδ.
519 5617 750 5700 desunt.
776 5625 1041 5700 Fortasse
1067 5617 1178 5700 hic',
1204 5632 1268 5683 ut
1288 5627 1427 5683 alibi
1445 5617 1619 5700 saepe,
1639 5628 1831 5700 ellipsi
1857 5646 2000 5686 usus

351 5646 492 5670 uiua.
519 5646 750 5699 ut'wuut.
776 5646 1041 5678 portasse
1067 5646 1178 5691 m0,
1204 5646 1268 5683 ut
1288 5646 1427 5683 ιιιιοι
1445 5646 1522 5683 Θω
1569 5646 1619 5696 Θ,
1639 5646 1831 5700 θιιιρει
1857 5646 2000 5686 118118

347 5686 540 5745 fuerat
570 5693 895 5764 interpres:
930 5694 1034 5750 sed
1066 5696 1116 5751 si
1144 5698 1227 5756 ita
1256 5703 1367 5770 est,
1398 5646 1562 5772 quod)
1586 5700 1785 5758 deerat
1812 5701 1872 5758 id
1904 5701 2002 5759 ad-

2180 5623 2299 5715 (46)
2328 5630 2505 5701 Editi,
2556 5623 2684 5685 οὐδὲ
2726 5630 2847 5685 τοῦ.
2907 5632 2985 5686 At
3027 5629 3289 5703 quinque
3335 5644 3507 5700 mss.,
3567 5624 3769 5703 οὒδλῇτ

2110 5719 2233 5758 του.
