4138 6416
354 366 474 426 4ίό

1343 360 1735 419 APPENDIX
1779 356 2106 421 OPERUM
2150 360 2214 420 S.
2261 360 2543 424 BASlLII
2587 361 2867 424 MAGNI.

3661 357 3782 415 416

357 497 513 569 quod
545 496 721 552 rebus
768 493 1019 566 singulis
1052 490 1349 563 proprium
1401 490 1478 545 sit
1525 508 1590 547 ac
1639 490 2009 560 conveniens,

2128 489 2290 563 ἑαυτῇ
2320 493 2381 547 τὸ
2418 487 2636 568 βέϐαιον
2688 488 2915 568 ἔχουσα,
2974 490 3364 564 ἀμετάπτωτος
3398 485 3502 542 ὑπὸ
3531 490 3629 541 τοῦ
3684 482 3781 539 λό-

356 586 638 641 inveniat.
673 584 934 639 Scientia
972 586 1170 637 autem
1218 578 1453 635 habitus
1484 585 1571 635 est
1601 580 1658 635 in
1693 597 1754 636 se
1785 580 2013 636 stabilis

356 678 416 731 et
441 674 674 741 ﬁrmus,
707 690 776 729 ac
807 672 1028 727 ratione
1071 669 1486 724 immutabilis.
1518 670 1721 726 Sciens
1753 687 1885 725 vero
1919 669 2016 725 ille

357 769 468 831 est,
502 763 600 835 qui
646 759 1167 832 contemplationes
1200 759 1270 813 ad
1306 761 1776 830 consequendam
1827 760 2017 815 besti-

359 853 628 910 tudinem
665 852 1062 907 conducenles
1103 848 1570 921 comprehendit,
1596 854 1889 920 quatenus
1919 865 2019 904 cas

349 944 476 1014 jam
518 941 726 997 habitu
775 939 1140 1009 ﬁrmiterque
1188 939 1247 993 in
1298 954 1362 993 se
1420 939 1547 1011 ipso
1597 938 1876 993 continet.
1912 937 2018 992 Sa-

360 1032 579 1104 pientia
622 1033 820 1085 autem
873 1029 1091 1083 dicitur
1136 1027 1383 1084 scientia
1427 1044 1555 1083 esse
1601 1027 1932 1083 divinarum
1965 1029 2021 1082 et

358 1120 756 1175 humanarum
820 1134 1044 1184 rerum,
1077 1122 1134 1173 et
1181 1134 1495 1173 causarum
1546 1117 1832 1188 ipsarum.
1867 1117 2019 1182 Quo-

359 1208 521 1264 niam
575 1212 775 1264 autem
826 1207 1117 1278 sapientia
1164 1207 1292 1278 ipsa
1341 1206 1611 1261 Christus
1659 1206 1833 1272 est“,
1882 1221 2019 1260 eum

358 1297 629 1354 dicemus
696 1297 1060 1368 sapientem,
1133 1296 1231 1367 qui
1301 1295 1749 1367 participatione
1804 1290 2020 1350 Christi

360 1391 658 1461 quatenus
690 1386 983 1458 sapientia
1012 1390 1120 1456 est,
1155 1386 1279 1455 jam
1314 1389 1505 1439 exstat
1546 1385 1854 1456 perfectus.
1882 1383 2019 1449 Qui-

355 1476 552 1549 spiam
583 1481 783 1533 autem
816 1474 1151 1547 intelligens
1200 1490 1328 1529 esse
1373 1474 1638 1530 noscitur
1667 1490 1766 1546 per
1798 1476 2018 1546 perfec-

354 1566 579 1622 tionem
633 1565 929 1621 seminum
990 1562 1393 1635 intelligentia;
1441 1563 1499 1618 in
1551 1563 1721 1619 nobis
1775 1578 2018 1618 manen-

354 1655 529 1711 tium.
566 1654 873 1726 Quispiam
903 1670 1037 1709 vero
1070 1652 1262 1708 sciens
1293 1656 1403 1723 est,
1438 1657 1731 1725 quatenus
1762 1656 2018 1708 contem-

356 1743 647 1818 plationes
670 1744 740 1799 ad
772 1742 1196 1799 beatitudinem
1219 1743 1676 1814 comparandam
1699 1742 2017 1797 attinentes

2122 602 2242 657 γου.
2279 583 2630 657 Ἐ’πιστήμων
2665 580 2742 652 δὲ,
2786 584 2812 636 6
2866 580 3000 637 κατὰ
3054 580 3116 636 τὸ
3175 574 3656 655 ὶμπεριειληφὶναι
3710 574 3779 630 τὰ

2128 672 2393 745 ἀναγκαῖα
2443 678 2549 728 τῶν
2608 672 2682 735 εἰς
2738 671 3116 747 μακαριότητα
3164 668 3536 743 θεωρημάτων
3565 709 3583 738 ,
3642 665 3778 729 καθὸ

2126 759 2234 831 ἤδη
2266 760 2490 825 ἑκτικῶς
2543 762 2632 816 καὶ
2692 756 2924 837 βεϐαίως
2970 760 3183 835 συνέχει
3224 756 3275 812 ἐν
3311 758 3507 828 ἑαυτῷ.
3571 754 3776 832 Σοφίαν

2129 848 2186 905 δὲ
2244 874 2405 929 φησιν
2485 852 2615 907 εἶναι
2690 850 2999 923 ἐπιστήμην
3060 846 3217 912 θείων
3274 845 3363 901 καὶ
3424 843 3783 921 ἀνθρωπίνων

2127 943 2482 1016 πραγμάτων,
2537 939 2628 995 καὶ
2670 945 2777 996 τῶν
2827 940 3035 995 τούτων
3081 937 3288 993 αίτιῶν.
3342 931 3566 1004 Ἐπειδὴ
3600 931 3659 988 δὲ
3690 931 3784 988 αύ-

2126 1029 2353 1107 τοσοιρία
2385 1031 2413 1085 6
2446 1029 2679 1105 Χριστὸς
2710 1028 2847 1102 ἐστὲ,
2879 1029 3043 1101 σοφὸν
3085 1026 3311 1102 ἐροῦμεν
3361 1024 3451 1107 τρν
3482 1022 3621 1079 κατὰ
3656 1043 3781 1097 μετ·

2129 1089 2282 1193 οχὴνΙ
2321 1089 2580 1192 Χριστοῦ,
2630 1089 2765 1173 καθὸ
2812 1089 2972 1196 ἆοφίοὶ
3035 1089 3168 1189 ἐστὶ,
3212 1089 3668 1187 τετελεὶιωμᾶνονί
3721 1112 3782 1169 Ὀ

2130 1204 2187 1262 δὲ
2216 1209 2431 1270 συνετὸς
2463 1212 2665 1262 νοεῖται
2713 1206 2849 1262 κατὰ
2896 1204 3239 1280 ἀπαρτισμὸν
3290 1206 3398 1258 τῶν
3433 1200 3484 1257 ὲν
3517 1204 3652 1275 ἡμῖν
3681 1208 3781 1270 τῆς

2130 1298 2384 1359 συνέσεως
2436 1298 2782 1373 σπερμάτων.
2832 1297 2892 1352 Ὁ
2925 1292 2981 1349 δὲ
3025 1292 3367 1367 ἐπιστήμων,
3406 1290 3544 1347 κατὰ
3570 1292 3632 1346 τὸ
3680 1290 3781 1365 ἐμ-

2128 1384 2540 1461 περιειληφὲναι
2600 1385 2666 1441 τὰ
2741 1386 3004 1460 ἀναγκαῖα
3070 1383 3147 1448 εἶς
3215 1380 3588 1457 μακαριότητα
3644 1381 3781 1445 θεώ-

2129 1479 2348 1549 ρήματα
2380 1523 2394 1547 ,
2448 1476 2581 1547 μετᾶ
2636 1479 2730 1529 τοῦ
2788 1472 2897 1545 ἤδη
2962 1474 3189 1536 ἑκτικῶς
3247 1472 3340 1528 καὶ
3396 1469 3607 1547 παγίως
3662 1491 3779 1526 συν-

2129 1566 2275 1640 ἐχειν
2303 1568 2415 1638 (55)
2472 1564 2523 1619 ἐν
2583 1566 2777 1637 ἑαυτῷ.
2811 1562 3060 1637 Ιίῧρομεν
3112 1559 3169 1617 δὲ
3225 1559 3277 1617 ἐν
3335 1564 3405 1636 τῇ
3459 1557 3660 1634 Ἐξόδῳ
3685 1561 3777 1616 τὸν

2126 1653 2517 1729 χρηματισμὸν
2575 1652 2807 1728 λέγοντα
2859 1652 2983 1728 περὶ
3032 1655 3140 1707 τῶν
3189 1649 3613 1727 ἀρχιτεκτόνων,
3646 1651 3781 1723 Ἐμ-

2126 1741 2327 1814 πλήσω
2358 1742 2552 1805 αὐτους
2594 1736 2811 1816 Πνεῦμα
2860 1743 3003 1797 θεῖον
3035 1742 3293 1803 συνέσεως
3320 1738 3412 1796 καὶ
3442 1738 3779 1813 ἐπιστήμης.

357 1833 820 1907 comprehendit,
854 1849 987 1889 cum
1030 1833 1155 1904 jam
1200 1831 1334 1888 illas
1366 1831 1571 1888 habitu
1625 1835 1682 1888 et
1728 1830 2016 1888 stabiliter

2128 1834 2224 1889 Διᾶ
2251 1832 2438 1905 τούτο,
2467 1833 2588 1889 οὐαὶ
2617 1838 2696 1907 τῷ
2732 1834 2808 1907 μὴ
2840 1831 3146 1898 ἀνατιθίντι
3173 1833 3275 1902 τὴν
3307 1830 3478 1887 αἰτίαν
3521 1836 3624 1901 τῆς
3657 1850 3783 1885 συν-

353 1923 415 1980 in
451 1923 645 1996 eeipso
678 1923 961 1980 continet.
985 1921 1324 1978 Invenimus
1355 1926 1552 1978 autem
1585 1920 1644 1977 in
1665 1922 1859 1978 Exodo
1889 1937 2011 1977 ora-

355 2012 581 2080 culum,
615 2013 772 2085 quod
832 2012 903 2068 de
960 2011 1297 2068 architectis
1345 2010 1487 2068 dicit
1537 2028 1551 2067 :
1603 2009 1861 2082 Implebo
1913 2026 2012 2066 eos

357 2100 582 2173 Spiritu
633 2100 787 2158 508
841 2100 1036 2157 divino
1091 2100 1494 2173 intelligentia
1551 2103 1609 2156 et
1665 2099 1922 2157 scientias
1942 2100 2010 2156 ⁸³.

353 2191 725 2263 Quapropter
743 2207 825 2246 vae
855 2190 907 2247 ei
939 2191 1041 2262 qui
1070 2190 1469 2263 intelligentiae
1497 2194 1555 2247 et
1585 2190 1843 2246 scientiae
1874 2205 2013 2245 cau-

342 2296 483 2336 sam
511 2284 568 2336 et
595 2280 884 2352 originem
933 2279 1051 2335 Deo
1100 2296 1216 2335 non
1267 2279 1558 2336 attribuit.
1590 2279 1775 2336 Nemo
1831 2279 2016 2351 igitur

356 2368 475 2425 sibi
503 2368 760 2425 vindicet
789 2384 884 2425 res
923 2373 1138 2437 tantas,
1172 2385 1281 2425 nec
1317 2368 1625 2437 scientem,
1661 2386 1766 2426 nec
1798 2369 2014 2426 intelli-

359 2464 616 2532 gentem,
640 2477 748 2517 nec
780 2460 1109 2534 sapientem
1142 2476 1271 2517 esse
1303 2477 1366 2518 se
1394 2462 1551 2519 dicat
1583 2479 1596 2519 :
1630 2463 1732 2518 sed
1763 2478 1899 2518 cum
1931 2479 2018 2519 sa-

361 2549 600 2621 pientia,
633 2550 965 2606 divinarum
1001 2550 1515 2624 humanarumque
1546 2569 1741 2608 rerum
1774 2551 2019 2609 scientia

342 2639 452 2709 sit,
491 2640 701 2695 harum
733 2657 975 2696 causam
1007 2640 1253 2713 Spiritui
1293 2646 1497 2697 sancto
1541 2641 1813 2698 ascribat.
1849 2647 2019 2713 Egre—

2122 1922 2283 1985 ἐσεως
2340 1923 2432 1978 καὶ
2480 1930 2578 1994 τῆς
2648 1922 2956 1997 ἐπιστήμης
2996 1926 3138 1996 Θεῷ.
3188 1918 3396 1993 Μηδεὶς
3463 1917 3556 1976 οὖν
3610 1919 3784 1993 ἑαυτῷ

2122 2007 2449 2085 λαμϐανέτω
2524 2012 2591 2067 τὰ
2649 2012 2975 2085 τηλικαῦτα,
3048 2012 3188 2084 μήτε
3441 2007 3785 2082 ἐπιστήμονα

2122 2102 2329 2170 ἑαυτὸν,
2366 2106 2505 2175 μήτε
2566 2102 2782 2157 συνετὸν
2818 2100 3024 2177 λέγων,
3058 2103 3199 2175 μήτε
3230 2098 3416 2178 σοφόν.
3447 2095 3779 2175 Ἐπειδήπερ

2124 2192 2158 2260 ἠ
2206 2192 2368 2270 σοφία
2416 2192 2691 2264 ἐπιστήμη
2750 2189 2859 2246 ἐστὶ
2908 2188 3065 2257 θείων
3111 2190 3203 2246 καὶ
3244 2187 3592 2265 ἀνθρωπίνων
3642 2207 3783 2263 πρα-

2125 2282 2455 2356 γμάτων,τῷ
2485 2281 2625 2355 ἁγίῳ
2657 2280 2924 2355 Πνεύματι
2957 2282 3055 2351 τὴν
3088 2279 3295 2336 τούτων
3327 2276 3501 2334 αῖτίαν
3536 2275 3781 2334 ἆνατιθὲ-

2123 2392 2223 2428 τω.
2257 2368 2620 2441 Ἑξελεύσεται
2649 2371 2751 2446 γάρ
2786 2365 2983 2447 ῥάϐδος
3015 2369 3075 2426 ἰκ
3102 2376 3203 2441 τῆς
3235 2367 3391 2446 ῥίζης
3426 2367 3643 2435 Ἰεσσαὶ,
3690 2367 3776 2423 καὶ

2128 2456 2286 2525 ἄνθος
2319 2458 2379 2514 ἐκ
2405 2466 2506 2529 τῆς
2537 2459 2696 2535 ῥίζης
2744 2454 3091 2530 ἀναϐήσεται.
3139 2458 3239 2513 Καὶ
3274 2456 3635 2515 ἀναπαύσεται
3667 2457 3776 2530 (57)

2129 2550 2212 2606 ἐπ’
2239 2549 2369 2605 αὐτὸ
2401 2553 2621 2623 Ηνεῦμα
2651 2553 2804 2622 Θεοῦ,
2837 2553 3051 2622 πνεῦμα
3098 2547 3310 2626 σοφίας,
3359 2546 3453 2603 καὶ
3500 2545 3781 2617 συνέσεως,

2127 2640 2218 2696 καὶ
2248 2640 2315 2695 τὰ
2343 2640 2490 2710 ἑξῆς.

346 2728 531 2785 dietur
558 2728 715 2785 enim
746 2731 906 2798 virga
934 2728 999 2785 de
1030 2729 1219 2785 radice
1264 2731 1431 2797 Jesse,
1464 2734 1518 2787 et
1544 2732 1643 2801 ﬂos
1672 2731 1737 2788 de
1768 2732 1966 2788 radice
1993 2731 2262 2788 ascendet.
2290 2733 2355 2787 Et
2383 2732 2679 2803 requiescet
2723 2744 2889 2802 super
2930 2745 3058 2785 eum
3100 2727 3352 2801 Spiritus
3394 2727 3512 2796 Dei,
3554 2727 3789 2800 spiritus

348 2820 664 2890 sapientia,
696 2826 748 2875 et
776 2820 1090 2875 intellectus
1108 2820 1174 2890 7°,
1206 2824 1315 2875 etc.

429 2906 553 2962 177.
573 2907 748 2963 Vens.
772 2909 861 2963 22.
890 2910 973 2964 Va:
996 2910 1162 2979 fortes
1184 2910 1373 2974 vestri,
1400 2914 1452 2964 et
1474 2913 1570 2982 qui
1595 2910 1787 2966 bibunt
1806 2913 2019 2980 vinum,

363 3003 415 3052 et
437 3000 687 3067 potentes
717 2998 816 3069 qui
845 2999 1075 3053 miscent
1104 3000 1356 3055 siceram.
1385 3000 1499 3055 Lex
1529 3004 1584 3054 et
1616 3002 2020 3057 sacerdotibus

354 3102 489 3140 mox
542 3091 745 3142 sancta
774 3086 1141 3160 ingressuris
1194 3105 1306 3143 usu
1339 3088 1458 3144 vini
1504 3105 1571 3144 ac
1614 3088 1810 3145 siceres
1839 3090 2018 3147 inter-

2208 2912 2329 2967 177.
2382 2908 2521 2967 Οὐαὶ
2578 2908 2631 2963 οἱ
2704 2905 2983 2982 ἰσχύοντες
3045 2907 3222 2979 ὑμῶν,
3276 2905 3365 2960 καὶ
3425 2905 3476 2959 οἱ
3532 2903 3779 2966 πίνοντες

2131 3000 2222 3055 τὸν
2287 3000 2454 3070 οΤνον,
2515 2995 2603 3053 καί
2671 2997 2723 3051 οἱ
2786 2993 3036 3052 δυνάσται
3114 2996 3166 3050 οἱ
3237 2998 3523 3068 κιρνῶντες
3577 2994 3638 3048 τὸ
3698 2992 3779 3048 σί-

2129 3109 2279 3163 κερα.
2329 3089 2424 3143 Καὶ
2476 3093 2594 3149 τοῖς
2648 3086 2875 3158 ἱερεῦσιν
2922 3082 3242 3161 ἀπαγορεύει
3286 3085 3315 3138 6
3361 3082 3553 3157 νόμος,
3610 3081 3780 3157 εἰσερ-

352 3173 499 3230 dicit
521 3176 589 3242 '“,
612 3179 670 3231 et
702 3175 773 3231 iis
807 3192 1044 3249 quoque
1076 3176 1177 3248 qui
1224 3182 1508 3233 vocantur
1536 3178 1812 3245 Nazareni,
1848 3184 1911 3235 ut
1939 3180 2016 3235 di-

2135 3176 2398 3255 χομένοις
2429 3176 2507 3239 εἷς
2535 3177 2602 3231 τὰ
2632 3178 2780 3252 ἅγια,
2814 3173 2943 3247 οἷ’νῳ
2973 3175 3061 3229 καὶ
3097 3174 3282 3250 σίκερα
3307 3173 3608 3249 κεχρῆσθαι

361 3266 525 3319 ctum
563 3268 654 3320 est
678 3263 739 3319 in
772 3265 1164 3322 Numerorum
1196 3265 1367 3331 libro,
1394 3266 1502 3322 hoc
1535 3268 1707 3324 modo
1741 3285 1755 3324 :
1789 3270 2019 3326 Locutus

359 3355 439 3409 est
466 3352 621 3408 enim
653 3354 921 3410 Dominus
950 3354 1022 3411 ad
1050 3355 1307 3427 Moyscm,
1341 3357 1532 3413 dicens
1562 3374 1581 3412 :
1614 3360 1853 3430 Loquere
1880 3360 2016 3429 ﬁliis

359 3441 555 3509 Israel,
577 3450 629 3496 et
658 3440 804 3497 dices
833 3442 911 3497 ad
940 3457 1027 3498 eos
1048 3459 1067 3496 :
1095 3442 1184 3498 Vir
1213 3447 1311 3498 aut
1337 3444 1546 3499 mulier
1564 3447 1660 3517 qui
1685 3461 2015 3517 magnopere

360 3530 565 3585 noverit
594 3539 778 3585 votum
800 3530 1144 3601 puriﬁcandi
1190 3537 1494 3601 puritatem
1541 3535 1792 3604 Domino,
1824 3553 1856 3591 a
1888 3537 2014 3591 vino

360 3625 414 3674 et
439 3620 616 3675 sicera
642 3620 1051 3691 imperabit".
1077 3621 1143 3676 Et
1160 3621 1219 3676 in
1244 3620 1569 3679 Proverbiis
1602 3623 1877 3680 Salomon
1901 3624 2009 3681 ait:

351 3709 607 3765 Potentes
639 3708 900 3765 iracundi
926 3714 1073 3776 sunt,
1096 3711 1287 3766 vinum
1309 3728 1421 3767 non
1443 3712 1653 3782 bibant,
1674 3730 1743 3769 ne
1775 3714 2014 3771 bibentes

348 3796 744 3853 obliviscantur
791 3799 1166 3867 sapientia".
1199 3799 1345 3856 Nam
1395 3800 1581 3857 divini
1612 3802 1771 3858 verbi
1822 3804 2012 3859 admi-

353 3886 598 3958 nistros,
629 3903 697 3943 ac
745 3903 845 3943 eos
895 3887 1110 3959 quibus
1160 3888 1469 3946 hominum
1531 3893 1865 3948 concredita
1922 3895 2014 3949 est

357 3991 520 4046 cura,
544 3992 788 4048 prorsus
820 3976 892 4033 ab
923 3976 997 4032 iis
1017 3994 1141 4048 quas
1164 3984 1422 4035 mentem
1445 3982 1811 4052 perturbant,
1837 3982 2014 4038 absti-

356 4079 495 4120 nere
517 4081 623 4136 par
642 4065 838 4121 fuerit.
855 4070 1245 4139 Posteaquam
1264 4068 1417 4124 enim
1446 4070 1699 4126 multum
1723 4071 2014 4128 introierit

354 4153 522 4221 meri,
542 4155 713 4225 quasi
734 4158 1020 4227 tyrannus
1047 4157 1287 4228 quidam
1310 4159 1382 4214 ad
1406 4176 1598 4216 arcem
1623 4161 1904 4229 ascendit,
1928 4166 2008 4218 at-

356 4258 470 4315 que
502 4242 649 4298 nihil
682 4260 794 4300 non
828 4243 1097 4317 iniquum
1130 4246 1453 4319 imperans,
1478 4266 1512 4304 a
1542 4266 1778 4306 summo
1799 4250 2012 4308 vertice

349 4330 703 4404 irrequietos
734 4333 795 4389 in
825 4334 1021 4391 anima
1051 4336 1347 4394 tumultus
1375 4337 1605 4395 excitat.
1633 4341 1756 4396 imo
1788 4341 2011 4397 ratione

355 4418 485 4491 ipsa
509 4419 570 4476 in
593 4421 934 4477 servitutem
960 4423 1214 4493 primum
1239 4425 1491 4493 redacta,
1517 4442 1749 4482 omnem
1776 4427 2011 4484 concin-

355 4509 601 4563 nitatem
619 4525 689 4564 ex
707 4509 1022 4582 disciplina
1039 4516 1226 4569 ortam
1245 4515 1551 4570 confundit
1568 4516 2010 4588 perturbatque,

353 4599 411 4652 et
466 4596 625 4653 risus
674 4596 1001 4672 indecoros,
1023 4618 1222 4658 vocem
1274 4603 1696 4672 turbulentam,
1740 4622 2014 4678 procaces

354 4682 498 4756 iras,
514 4685 866 4759 cupiditates
889 4689 1221 4763 ell‘renatas,
1241 4691 1552 4749 stimulum
1573 4710 1640 4750 ac
1662 4693 1919 4751 furorem
1943 4695 2015 4751 ad

353 4789 588 4833 omnem
621 4775 889 4851 iniquam
918 4779 1282 4853 voluptatem
1315 4788 1728 4851 provocantem
1761 4785 2016 4842 exsuscio

422 4920 466 4956 ⁵⁸
499 4922 521 4977 Ι
552 4923 678 4979 Cor.
710 4938 750 4994 ι,
783 4922 873 4979 24.
950 4924 995 4961 ⁸⁸
1022 4925 1201 4982 Exod.
1233 4942 1388 5000 xxxx,
1419 4927 1473 4983 3.
1550 4929 1594 4965 7°
1624 4929 1759 4987 Isai.
1792 4946 1873 5003 x1,
1908 4932 1959 5003 1,
1988 4929 2046 4986 2.

356 5066 566 5194 saltim.
602 5070 825 5129 Ibidem
870 5074 1031 5144 editi,
1064 5072 1178 5129 ἐπεὶ
1212 5071 1287 5134 δέ.
1334 5078 1405 5133 At
1455 5095 1599 5136 mss.
1652 5095 1773 5149 sex,
1829 5075 2017 5147 ἐπειδὴ

571 5213 785 5271 Nostra
837 5218 1038 5285 editio,
1075 5218 1312 5295 συνέχει.
1355 5222 1420 5274 At
1476 5225 1721 5295 uterque
1751 5224 2011 5281 Combel‘.

358 5294 413 5341 et
440 5284 543 5365 alii
574 5298 826 5365 quatuor
851 5307 1019 5365 mss.,
1053 5284 1322 5365 συνὲχέιν.

427 5356 544 5438 ,(βϐ)
578 5362 640 5411 ln
688 5359 863 5438 editis
905 5368 961 5438 et
993 5356 1050 5417 in
1100 5356 1237 5438 Reg.
1270 5362 1441 5438 tertio
1490 5362 1724 5438 legitur,
1761 5362 1920 5438 μηδέ’
1957 5369 2016 5423 in

364 5426 682 5518 aliisg'vero
728 5426 1257 5518 ,codicib.us_,‘p1ﬁ—cus.
1284 5437 1447 5490 llaud
1507 5426 1723 5518 procul.
1761 5426 1905 5518 editi
1963 5445 2020 5518 et

364 5516 520 5584 pnus
555 5517 689 5584 me,
710 5500 910 5584 ἐπειδὴ
944 5500 1133 5584 ~nimii
1158 5500 1425 5584 quinque
1449 5500 1934 5584 iuss._,§1rct81§nsp
1957 5513 2015 5581 ἡ.

364 5572 628 5656 §ubinde
656 5572 1163 5656 editi,_&vattQE‘tt_xt,
1182 5572 1343 5634 baud
1380 5585 1547 5637 recte.
1584 5572 1737 5636 Libri
1766 5572 2016 5656 abstini,

360 5642 685 5727 ἀνατιθέτω,
718 5650 776 5702 et
918 5649 1059 5722 legit
1074 5642 1395 5727 interpres.

439 5714 554 5787 (57)
586 5715 682 5773 Sic
720 5719 950 5777 codices
974 5714 1273 5793 quisque]
1302 5720 1455 5778 Β)άὶιί
1480 5736 1616 5781 vero
1646 5727 1704 5782 et
1733 5742 1889 5784 unus
1919 5741 2020 5784 co-

2127 3268 2218 3323 καὶ
2248 3272 2364 3330 τοῖς
2421 3264 2789 3339 καλουμένοις
2836 3263 3181 3336 Ναζιραίοις,
3230 3261 3305 3324 ὡς
3339 3259 3551 3335 εἷ’ρηται
3582 3259 3634 3316 ἐν
3662 3263 3781 3324 τοῖς

2124 3359 2430 3432 Ἀριθμοῖς,
2459 3359 2651 3411 τοῦτον
2684 3353 2777 3409 τὸν
2815 3352 3041 3429 τρόπον·
3107 3349 3381 3422 Ἐλάλησε
3425 3350 3528 3427 γὰρ
3576 3348 3780 3425 Κύριος

2125 3447 2263 3520 πρὸς
2336 3448 2598 3512 Μωυσῆν,
2688 3441 2884 3518 λέγων⁹
2958 3439 3214 3513 Λάλησον
3279 3444 3399 3502 τοῖς
3476 3439 3618 3501 υἱοῖς
3684 3440 3780 3493 ’[σ-

2124 3533 2292 3611 ραὴλ,
2351 3534 2442 3589 καὶ
2494 3531 2634 3609 ἐρεῖς
2690 3530 2826 3601 πρὸς
2877 3528 3098 3595 αύτούς·
3154 3528 3318 3604 Ἀνὴρ
3390 3526 3427 3597 ἢ
3477 3529 3640 3603 γυνὴ,
3725 3525 3783 3589 δς

2122 3622 2182 3678 ἂν
2264 3622 2521 3698 μεγάλως
2595 3618 2812 3693 εὔξηται
2888 3619 3058 3696 εὐχὴν
3119 3617 3508 3698 ἀφαγνίσασθαι
3565 3615 3781 3693 ἁγνείαν

2124 3712 2324 3788 Κυρίῳ,
2402 3712 2508 3767 ἀπὸ
2584 3707 2734 3765 οἷ’νου
2806 3709 2898 3763 καὶ
2978 3707 3164 3784 σίκερα
3244 3706 3617 3783 ἆγνιθήσεται.
3676 3703 3781 3763 Καὶ

2121 3800 2172 3858 ἐν
2200 3808 2317 3865 ταῖς
2375 3800 2710 3878 Παροιμίαις
2742 3800 2771 3854 6
2831 3797 3102 3872 Σολομών
3157 3816 3341 3874 φησιν’
3400 3796 3468 3854 Οἱ
3522 3792 3774 3850 δυνάσται

2123 3888 2394 3966 θυμώδεις
2448 3890 2605 3961 εἰσὶν,
2664 3889 2808 3944 οἶνον
2873 3889 2948 3963 μή
3004 3886 3304 3943 πινέτωσαν
3363 3887 3501 3960 (59),
3554 3883 3647 3941 ’ίνα
3703 3885 3781 3959 μὴ

2119 3982 2335 4043 πιόντες
2404 3978 2771 4036 ἐπιλάθωνται
2828 3980 2927 4047 τῆς
2987 3976 3193 4056 σοφίας.
3259 3976 3457 4051 Πρέπει
3504 3974 3606 4050 γὰρ
3656 3977 3775 4036 τοῖς

2122 4075 2473 4147 θεραπευταῖς
2502 4073 2599 4124 τοῦ
2631 4068 2776 4133 θείου
2810 4066 2997 4142 λόγου,
3029 4066 3119 4121 καὶ
3150 4070 3267 4127 τοῖς
3295 4065 3395 4135 τὴν
3426 4067 3535 4119 τῶν
3568 4063 3782 4137 ἀνθρώ-

2120 4182 2235 4216 πων
2288 4158 2603 4233 ἐπιμέλειαν
2655 4153 3187 4234 ἐγκεχειρισμένοις,
3249 4154 3420 4225 πάντη
3475 4152 3775 4229 ἀπέχεσθαι

2119 4254 2226 4305 τῶν
2276 4248 2651 4323 ἑμποιούντων
2702 4246 2940 4301 θόλωσιν
2985 4249 3065 4318 τῷ
3117 4246 3459 4319 ἡγεμονικῷ.
3522 4239 3776 4301 Ἐπειδὰν

2120 4339 2222 4415 γὰρ
2246 4338 2421 4401 πολὺς
2454 4337 2675 4411 εἰσπέσῃ
2709 4336 2738 4391 6
2768 4332 3019 4410 ἅγρατος,
3075 4334 3189 4389 οἷόν
3248 4354 3333 4395 τις
3380 4332 3644 4408 τύραννος
3689 4329 3781 4387 ἰπὶ

2118 4428 2217 4496 τὴν
2246 4424 2547 4504 ἀκρόπολιν
2606 4422 2957 4501 ἀναδραμὼν,
3006 4422 3113 4478 ἀπὸ
3165 4428 3265 4492 τῆς
3317 4422 3487 4498 ἄκρας
3533 4426 3784 4498 κορυφῆς

2120 4516 2416 4592 ἀσιγήτους
2466 4510 2735 4592 θορύϐους
2785 4510 3006 4586 ἐμποιεῖ
3054 4514 3124 4586 τῇ
3156 4513 3335 4586 ψυχῇ,
3364 4506 3581 4572 οὐδενὸς
3609 4528 3782 4584 παρα-

2122 4605 2296 4680 νόμου
2328 4602 2652 4683 φειδόμενος
2681 4604 3067 4680 ἰπιτάγματος·
3127 4597 3256 4656 ἀλλ’
3285 4598 3444 4654 αὐτὸν
3499 4595 3782 4655 δουλωσά-

2130 4715 2289 4769 μενος
2318 4697 2535 4771 πρῶτον
2590 4693 2682 4748 τὸν
2732 4692 3027 4768 λογισμὸν,
3086 4693 3257 4744 πᾶσαν
3313 4687 3411 4759 τήν
3470 4706 3530 4743 τε
3559 4687 3619 4743 ἐκ
3646 4706 3780 4741 παι-

2126 4781 2356 4848 δεύσεως
2413 4782 2820 4859 ἐνυπάρχουσαν
2855 4778 3218 4853 διακόσμησιν
3273 4781 3473 4854 συγχεῖ
3517 4777 3605 4833 καὶ
3655 4796 3784 4833 κατ-

2124 4931 2166 4967 ⁷¹
2197 4930 2327 4988 Lev.
2360 4947 2418 5003 x,
2447 4930 2503 4987 9.
2592 4929 2638 4965 ⁷³
2665 4927 2843 4985 Num.
2873 4942 2953 4999 vx,
2986 4924 3103 4981 1-3.
3180 4922 3227 4959 ⁷⁸
3259 4922 3423 4980 Prov.
3455 4938 3609 4994 xxxx,
3643 4919 3696 4994 4,
3725 4920 3787 4978 5.
3847 4999 3857 5007 ι

2130 5080 2241 5136 dex
2287 5075 2737 5152 ἐπσναπαύσεται.
2790 5074 3014 5152 Ibidem
3064 5070 3232 5152 editi,
3263 5069 3352 5152 Ξπῖ
3392 5069 3664 5152 51erth
3691 5084 3790 5152 νοτ

2125 5156 2281 5209 teres
2315 5153 2447 5208 libri
2481 5152 2562 5208 ita
2591 5151 2745 5207 inter
2776 5163 2839 5204 se
2876 5144 3263 5209 dissentiunt,
3296 5147 3361 5199 ut
3389 5143 3449 5199 in
3479 5142 3671 5199 tribus
3701 5142 3791 5196 uti

2125 5226 2283 5297 apud
2336 5223 2476 5307 LXX
2515 5217 2890 5307 legatur-nte?
2937 5215 3119 5273 αὑτόν·
3154 5216 3215 5272 in
3247 5214 3381 5273 aliis
3410 5231 3544 5274 vero
3591 5213 3791 5270 tribus

2126 5294 2206 5351 ἐπ’
2239 5294 2390 5358 αὐτὸ,
2425 5296 2585 5358 ἄνθος
2615 5294 2905 5352 Videlicet.
3431 5357 3435 5358 ν

2152 5310 2205 5350 π’
2239 5310 2390 5352 αὐτὸ.
2425 5310 2585 5352 ανθος
2615 5310 2905 5352 νιαθιιοθτ.

2239 5316 2390 5364 αυτο,
2425 5316 2585 5358 ανυος
2615 5316 2905 5352 νιαϐιιῠθι.

2196 5369 2314 5439 (58)
2343 5368 2582 5440 Antiqui
2613 5373 2733 5425 tres
2763 5363 2921 5441 libri,
2960 5360 3035 5433 μὴ
3069 5363 3395 5441 κεχρῆσθαι,
3425 5357 3641 5441 inepte.

2201 5434 2315 5511 (59)
2345 5434 2534 5497 Codei
2567 5458 2742 5511 unus,
2794 5436 3087 5511 πιξτωσαν.
3120 5434 3437 5511 ᾼιὶςμιιρῐο
3472 5434 3612 5511 post
3642 5443 3786 5511 mss.

2129 5499 2403 5599 quatuor,
2432 5516 2552 5599 τοῖς
2578 5512 2706 5582 τήν.
2727 5499 2915 5599 'Edirt‘i,
2945 5508 3087 5599 τοῖςὶ
3132 5499 3394 5599 B‘ub‘inde
3421 5499 3585 5599 editi,
3617 5499 3790 5555 πάντα

2127 5575 2449 5710 ἆῖἑχεσθάι.
2472 5586 2547 5643 Αι
2572 5575 2819 5655 uterque
2841 5577 3101 5636 Combef.
3128 5579 3186 5632 et
3210 5575 3311 5631 alii
3337 5580 3591 5647 quatuor
3615 5590 3790 5640 mss.,

2128 5675 2169 5710 π
2206 5675 2328 5710 ‘I‘tn.

2128 5675 2300 5727 παντη
2313 5697 2328 5713 .
