4138 6404
350 397 470 456 417

350 526 573 604 αράσσει
607 566 623 595 ,
675 522 926 601 γέλωτας
991 523 1156 576 κινῶν

354 610 678 691 θορυϐώδη,
715 611 880 691 ὀργὰς
925 614 1237 686 προπετεῖς,
1271 607 1563 683 ἐπιθυμίας
1612 605 2015 684 ἀχαλινώτους,

357 706 577 781 οἶστρον
638 702 731 758 καὶ
798 700 986 775 μανίαν
1047 698 1136 754 ἐπὶ
1192 704 1363 754 πᾶσαν
1411 699 1728 771 παράνομον
1787 694 2017 767 ἡδονήν.

358 797 456 852 Διὰ
483 797 648 849 τοῦτο
687 792 764 867 μὴ
798 790 1098 845 πινέτωσαν
1143 790 1255 863 (61)
1305 788 1357 843 οἱ
1406 785 1658 843 δυνάσται
1718 786 1882 858 οἶνον,
1915 783 2021 840 εἶτε

360 886 413 941 οἱ
446 885 628 960 ἀρχήν
654 901 779 936 τινα
807 876 1253 951 πεπιστευμένοι,
1287 877 1376 931 καὶ
1429 874 1712 950 δημοσίων
1761 874 2020 951 πραγμά-

359 995 466 1031 των
500 969 846 1044 οἲκονομίαν·
881 963 989 1023 εἷίτε
1037 968 1094 1020 0i.
1145 963 1233 1020 διὰ
1278 967 1378 1035 τὴν
1425 965 1606 1040 ἀκμὴν
1655 971 1755 1034 τῆς
1796 961 2019 1034 ἡλικίας

364 1063 418 1120 έν
465 1061 688 1134 δυνάμει
754 1053 905 1120 ὄντες
948 1059 1257 1130 σωματικῇ.
1310 1056 1377 1113 Οἳ
1441 1055 1542 1131 γάρ
1572 1057 1836 1127 τοιοῦτοι,
1866 1052 2019 1131 φύσει

370 1153 727 1228 τυγχάνοντες
774 1146 914 1222 πρὸς
954 1146 1051 1208 τὰς
1112 1145 1278 1221 ὀργὰς
1338 1146 1449 1218 (62)
1493 1143 1843 1218 εὐερὲθιστοι,
1877 1140 2022 1197 ἐπει-

374 1240 465 1298 δάν
495 1239 582 1294 καί
612 1238 673 1293 τὸ
700 1241 800 1292 τοῦ
833 1233 983 1291 οἷ’νου
1015 1229 1401 1309 προσλάϐωσιν
1456 1228 1690 1307 ἔξαμμα,
1725 1234 1840 1288 οἶὸν
1900 1251 2022 1286 τινα

368 1329 547 1406 φλόγα
576 1327 801 1405 ἀφθόνῳ
833 1323 1074 1401 χορηγίᾳ
1111 1330 1213 1392 τῆς
1269 1323 1569 1397 καιομένης
1619 1320 1759 1393 ὕλης
1818 1320 1907 1377 ἐπὶ
1954 1321 2018 1375 τὸ

366 1418 505 1493 μέγα
562 1416 884 1491 ἐξαίρουσιν.
935 1414 1087 1469 Ἐπεὶ
1142 1409 1200 1468 δὲ
1256 1414 1317 1470 Ὀ
1384 1413 1478 1485 μὲν
1539 1410 1833 1486 ἐλάχιστος
1892 1430 2017 1485 συγ-

359 1504 605 1583 γνωστός
680 1501 819 1559 ἔστιν
902 1501 1086 1564 ἐλέους
1120 1499 1397 1557 ’δυνατοὶ
1475 1498 1533 1555 δὶ
1603 1498 1842 1561 δυνατῶς
1900 1497 2019 1552 ἐτα-

362 1597 678 1668 σθήσονται’
710 1590 801 1647 διὰ
856 1594 1023 1647 τοῦτο
1084 1591 1207 1646 οὐαὶ
1263 1596 1380 1652 τοῖς
1417 1589 1697 1665 ἰσχύουσιν
1757 1589 1863 1644 ἀπὸ
1919 1590 2018 1657 τῆς

359 1689 459 1740 τοῦ
490 1681 638 1739 οἷ’νου
673 1676 884 1761 βλάϐης
912 1680 1002 1736 καὶ
1027 1684 1126 1735 τοῦ
1176 1678 1385 1756 σίκερα.
1416 1681 1484 1734 Ὦ
1529 1679 1630 1753 γὰρ
1680 1676 1825 1732 πολὺ
1874 1697 2018 1752 παρ-

361 1773 559 1846 ἔθεντο,
591 1769 975 1849 περισσότερον
998 1770 1388 1839 ἀπαιτήσουσιν
1424 1767 1608 1826 αὐτόν.

1190 388 1599 452 COMMENT.
1642 387 1723 449 IN
1763 385 2041 449 ISAIAM
2085 386 2595 449 PROPHE'I‘AM.
2643 389 2817 451 CAP.
2865 392 2944 452 V.

1245 522 1357 594 (60)
1441 522 1701 596 ἀπρεπεῖς
1733 560 1748 587 ,
1825 519 2012 594 φωνὴν

2131 522 2238 576 tat.
2272 520 2662 584 Quamobrem
2703 538 2819 578 non
2872 523 3078 581 bibant
3104 526 3305 583 vinum
3357 533 3647 601 potentes,
3680 545 3779 586 ne-

3662 397 3782 456 M8

2129 624 2243 680 que
2299 608 2340 663 ii
2399 610 2615 681 quibus
2671 612 3041 685 principatus
3097 617 3370 687 quidam,
3429 624 3532 676 aut
3586 636 3781 676 rerum

2130 698 2498 771 publicarum
2559 701 2990 758 administratio
3048 707 3382 762 concredita
3439 713 3548 778 est,
3598 725 3783 780 neque

2129 788 2170 843 ii
2201 788 2303 860 qui
2332 789 2404 843 ob
2435 789 2622 844 astatis
2654 790 2910 862 vigorem
2955 795 3251 866 corporeis
3282 796 3508 853 viribus
3541 798 3782 870 pollent.

2130 877 2434 933 Enimvero
2462 878 2561 949 qui
2596 882 2734 933 sunt
2762 881 3069 952 ejusmodi,
3101 888 3303 955 utpote
3334 890 3542 957 suapte
3574 891 3784 943 natura

2131 969 2200 1020 ad
2234 966 2355 1022 iras
2396 966 2589 1038 proni,
2620 972 2932 1039 postquam
2969 972 3151 1029 fomes
3183 975 3361 1029 etiam
3391 976 3512 1031 vini
3550 980 3608 1031 et
3638 976 3783 1032 inci-

2129 1060 2459 1112 tamentum
2513 1058 2779 1128 accessit,
2812 1062 3192 1131 suppeditata
3248 1064 3481 1121 abunde
3512 1066 3781 1135 materia,

2131 1161 2257 1216 quas
2307 1150 2446 1217 apta
2496 1150 2587 1202 est
2634 1145 2852 1202 ustioni
2902 1153 2958 1203 et
3004 1149 3237 1221 idonea,
3268 1152 3424 1209 velut
3479 1155 3783 1211 ﬂammam

2132 1235 2451 1307 quamdam
2484 1236 2542 1290 in
2589 1234 2843 1291 sublime
2886 1237 3180 1295 attollunt.
3217 1243 3500 1307 Quoniam
3535 1248 3732 1300 autem
3766 1261 3780 1301 :

2133 1326 2352 1396 Exiguo
2402 1324 2718 1380 conceditur
2769 1326 3183 1391 misericordia;
3226 1335 3466 1400 potentes
3511 1348 3640 1389 vero
3687 1349 3782 1405 po-

2128 1417 2302 1469 tenter
2340 1422 2610 1469 tormenta
2648 1416 2940 1486 patientur
2961 1417 3035 1485 1‘;
3066 1416 3280 1474 idcirco
3309 1436 3389 1474 vae
3429 1421 3682 1478 fortibus
3711 1422 3785 1478 ob

2130 1507 2429 1573 acceptum
2481 1520 2515 1558 a
2562 1503 2693 1558 vino
2752 1510 2809 1559 et
2856 1522 2890 1560 a
2941 1506 3130 1561 sicera
3185 1508 3627 1565 detrimentum.
3680 1511 3784 1566 Cui

2130 1592 2286 1648 enim
2326 1590 2582 1647 multum
2630 1592 2915 1649 traditum
2967 1597 3075 1665 est,
3110 1594 3364 1667 amplius
3415 1597 3487 1653 ab
3529 1597 3658 1671 ipso
3691 1616 3786 1657 re-

2129 1685 2398 1753 poscetur
2418 1682 2459 1736 ⁷.

434 1866 559 1920 178.
595 1861 662 1919 Εἴ
711 1858 801 1917 οὖν
855 1857 1249 1936 έγκεχείρισταί
1317 1879 1401 1913 σοι
1463 1857 1750 1931 οἰκονομία
1775 1877 2014 1969 δμυστη-

2203 1857 2325 1913 178.
2362 1859 2585 1930 Itaque,
2619 1859 2670 1915 si
2716 1857 3037 1916 commissa
3083 1860 3192 1916 tibi
3240 1862 3320 1918 sit
3371 1864 3788 1937 mysteriorum

366 1954 524 2030 ρίων,
558 1950 728 2027 λόγος
786 1949 994 2028 σοφίας,
1048 1945 1276 2021 δύναμις
1326 1948 1613 2023 γνώσεως·
1647 1946 1709 2000 σὺ
1771 1944 1828 2001 δὲ
1886 1945 2014 2018 οἷ’νῳ

2131 1946 2515 2019 dispensatio,
2538 1963 2732 2004 sermo
2776 1948 3099 2020 sapientiae,
3132 1950 3382 2008 facultas
3412 1953 3691 2027 scientias,
3724 1960 3787 2012 tu

366 2038 810 2121 βεϐαπτισμένην
851 2040 950 2108 τὴν
980 2040 1167 2114 ψυχὴν
1200 2039 1511 2116 περιφέρεις
1532 2055 1546 2069 ·
1578 2041 1695 2121 πῶς
1754 2035 1881 2112 οὐχὶ
1932 2032 2017 2090 δι-

359 2120 531 2194 καίως
592 2128 844 2207 ὀδύρεται
895 2149 952 2183 σε
1009 2130 1037 2183 ὁ
1093 2129 1426 2206 προφήτηςς
1477 2127 1600 2184 ⁹Ὀτι
1659 2120 1804 2202 ἔχων
1858 2123 2015 2201 ἰσχὺν

359 2220 756 2296 πνευματικὴν,
808 2219 1004 2287 ἀσθενῆ
1065 2216 1233 2286 αὐτὴν
1275 2221 1451 2277 ποιεῖς
1508 2219 1576 2289 τῇ
1637 2215 1868 2290 ἀμετρίᾳ
1919 2219 2017 2270 τοῖ’)

361 2312 536 2369 οἴνου.
570 2308 671 2365 Καὶ
703 2309 864 2382 ὁ(63)
898 2304 1282 2381 ὁποιῳδήποτε
1336 2304 1490 2361 πάθει
1531 2311 1631 2374 τῆς
1690 2307 1876 2379 ψυχῆς
1928 2325 2017 2360 κε-

361 2399 733 2479 κρατημένος,
766 2396 934 2452 οἷονεί
984 2396 1060 2459 είς
1096 2393 1265 2470 μέθην
1299 2395 1549 2471 ἐναχθεῖς
1597 2394 1735 2449 κατὰ
1779 2394 1879 2462 τὴν
1932 2393 2016 2471 ἰγ-

360 2488 660 2567 γενομένην
710 2487 862 2560 αύτῷ
918 2486 1022 2542 ὑπὸ
1091 2489 1189 2540 τοῦ
1250 2483 1454 2549 πάθους
1532 2482 1798 2555 ἔκστασιν,
1849 2482 2020 2538 πίνειν

364 2580 507 2636 οἶνον
558 2577 798 2653 λέγεται,
830 2573 920 2632 καὶ
965 2579 1150 2649 κιρνᾷν
1200 2574 1372 2645 ἑαυτῷ
1413 2571 1619 2647 σίκερα’
1654 2571 1787 2648 ὕπερ
1844 2571 2018 2648 ἑρμη-

362 2668 658 2743 νευόμενον
690 2660 938 2742 ἔγνωμεν
988 2667 1256 2738 μέθυσμα·
1289 2666 1353 2718 τὸ
1410 2664 1512 2739 γὰρ
1563 2659 2019 2738 ἀπαρακολούθη-

357 2776 455 2814 τον
492 2755 704 2830 ὁμοίως
733 2755 823 2809 καὶ
852 2754 959 2809 ἀπὸ
994 2751 1197 2822 λύπης,
1231 2749 1321 2806 καί
1380 2751 1487 2806 ἀπὸ
1542 2745 1735 2829 φόϐου,
1768 2750 1858 2805 καὶ
1904 2753 2017 2823 (64)

357 2845 587 2919 ἡδονῆς,
634 2844 728 2900 καὶ
777 2840 1070 2914 ἐπιθυμίας
1113 2839 1376 2917 ἐγγίνεται
1432 2844 1499 2914 τῇ
1545 2842 1723 2915 ψυχῇ,
1759 2843 1856 2894 τοῦ
1916 2836 2019 2893 λο..

358 2939 563 3013 γισμοῦ
619 2930 1031 3010 κεκρατημένου
1088 2930 1192 2986 ὑπὸ
1238 2933 1335 2983 τοῦ
1394 2928 1624 2992 πάθους·
1655 2928 1793 2984 ὥστε
1849 2930 2015 3002 ἡμεῖς

362 3027 416 3079 οἱ
446 3022 724 3095 δυνάσται,
757 3021 809 3076 οἱ
856 3021 956 3089 τὴν
1004 3016 1331 3094 προστασίαν
1380 3020 1477 3072 τοῦ
1526 3015 1662 3072 λαοῦ
1710 3015 2014 3093 ἐγκεχειριο

369 3112 583 3185 σμένοι,
613 3110 708 3165 κᾶν
763 3108 851 3165 ἐπὶ
904 3106 1074 3162 ποσὸν
1136 3106 1239 3161 ὑπὸ
1284 3109 1383 3161 τοῦ
1430 3106 1635 3167 πάθους
1665 3106 2014 3181 κρατώμεθα,

366 3200 457 3255 καὶ
490 3197 735 3272 δοκῶμεν
788 3197 917 3253 αὐτὸ
962 3197 1074 3270 (65)
1116 3198 1545 3271 κατακιρνῶντες
1600 3199 1680 3267 τῷ
1738 3195 2011 3269 λογισμῷ,

2126 2041 2323 2094 tamen
2348 2036 2615 2093 animum
2636 2037 2770 2094 vino
2792 2040 3142 2096 immersam
3164 2041 3568 2116 circumferas,
3594 2061 3788 2103 nonne

2121 2127 2257 2197 jure
2283 2126 2506 2198 optimo
2533 2129 2590 2182 te
2621 2126 2796 2183 deﬂet
2817 2144 2883 2184 ac
2903 2127 3262 2185 lamentatur
3285 2131 3610 2203 propheta?
3637 2134 3785 2190 Nam

2127 2232 2263 2271 cum
2297 2232 2475 2288 penes
2500 2219 2557 2271 te
2588 2215 2666 2271 sit
2693 2217 2781 2273 vis
2811 2217 3160 2290 spiritualis,
3187 2236 3313 2276 eam
3343 2220 3461 2276 vini
3494 2222 3787 2295 intempe-

2128 2304 2319 2361 rantia
2357 2305 2554 2361 reddis
2597 2304 2971 2362 imbecillam.
3006 2308 3075 2363 Et
3104 2309 3500 2382 qualicunque
3545 2313 3784 2369 tandem

2128 2393 2508 2451 succubuerit
2535 2395 2670 2466 quis
2700 2396 3125 2468 perturbationi
3157 2399 3390 2470 animas,
3418 2400 3470 2456 is
3501 2403 3785 2474 tanquam

2128 2484 2188 2539 in
2225 2483 2566 2540 ebrietatem
2599 2483 2899 2555 inductus,
2925 2501 3025 2557 per
3058 2485 3211 2543 hanc
3241 2489 3456 2544 mentis
3488 2489 3790 2547 alienatio-

2131 2589 2263 2628 nem
2294 2589 2362 2628 ex
2399 2573 2540 2629 vitio
2570 2578 2783 2639 ortam,
2812 2574 3011 2631 bibere
3041 2575 3266 2643 vinum,
3288 2584 3345 2632 et
3387 2578 3500 2633 sibi
3535 2579 3785 2638 siceram

2129 2662 2376 2717 miscere
2401 2661 2656 2718 dicitur:
2685 2663 2839 2734 quod
2876 2680 3090 2720 nomen
3124 2666 3396 2723 novimus
3423 2667 3471 2722 si
3505 2666 3787 2741 interpre-

2126 2755 2320 2806 temur
2348 2751 2688 2806 ebrietatem
2729 2752 3082 2824 significare.
3108 2754 3254 2809 Nam
3299 2755 3526 2812 ratione
3558 2757 3784 2813 vitiosis

2127 2840 2433 2896 affectibus
2468 2841 2620 2897 509
2662 2842 3039 2911 inserviente,
3068 2843 3189 2914 pari
3224 2846 3397 2899 modo
3429 2851 3487 2900 et
3518 2846 3782 2914 tristitia,

2126 2934 2183 2984 et
2214 2930 2407 2997 timor,
2424 2937 2480 2985 et
2500 2929 2792 3000 voluptas,
2808 2934 2865 2986 et
2887 2931 3201 3002 cupiditas,
3225 2932 3477 3005 ineptias
3499 2951 3566 2991 ac
3594 2937 3780 3008 stupi-

2126 3018 2371 3072 ditatem
2402 3018 2461 3073 in
2495 3019 2693 3073 anima
2725 3024 3054 3090 procreant.
3090 3021 3207 3076 Nos
3249 3020 3448 3093 itaque
3488 3027 3779 3094 potentes,

2124 3107 2224 3177 qui
2259 3106 2470 3178 populo
2517 3124 2728 3162 sumus
2760 3108 3037 3179 praefecti,
3080 3108 3129 3163 si
3160 3108 3245 3164 vel
3298 3110 3611 3167 minimum
3640 3111 3783 3168 vitio

2123 3196 2604 3264 succumbamus,
2631 3195 2763 3251 licet
2785 3196 3027 3253 rationis
3050 3201 3586 3269 temperamentum
3611 3200 3782 3256 adhi-

369 3287 636 3365 χαλινοῦν
695 3291 773 3359 τῷ
828 3285 976 3362 λόγῳ
1023 3284 1113 3340 καὶ
1174 3285 1414 3361 έπέχειν,
1443 3285 1545 3339 οὐκ
1574 3279 1674 3355 ἔξω
1706 3284 1864 3358 ἔσμεν
1915 3288 2012 3340 τοῦ

2131 3284 2561 3354 bcntes,vitium
2586 3285 2811 3340 ratione
2834 3286 3059 3341 frenare
3082 3304 3147 3341 ac
3168 3286 3433 3344 inhibere
3449 3288 3779 3357 videamur,

362 3378 743 3448 ταλανίζεσθαι
795 3375 883 3432 ἐπὶ
947 3382 1063 3439 τοῖς
1124 3375 1419 3438 τοιούτοις.
1476 3375 1627 3445 Μέθη
1686 3376 1787 3451 γὰρ
1843 3373 2014 3443 δεινὴ,

363 3465 653 3547 φιλοδοξία
707 3468 841 3540 (66),
881 3466 970 3520 καὶ
1024 3462 1313 3543 φιλαρχία.
1348 3465 1529 3519 Δεινὸν
1589 3462 1837 3538 μέθυσμα
1884 3464 2018 3540 φθό-

360 3578 472 3630 νος,
497 3553 669 3611 δεινὸν
702 3558 737 3624 ἡ
776 3553 1080 3628 ὑπόκρισις,
1111 3553 1201 3609 καὶ
1231 3555 1266 3623 ἡ
1297 3557 1393 3608 τοῦ
1422 3552 1657 3623 πλησίον
1684 3551 2009 3609 καταλαλιά·

359 3646 440 3709 οἷς
501 3646 823 3720 μεθυσθεῖσα
878 3647 913 3714 ἡ
965 3643 1120 3719 ψυχὴ
1177 3640 1581 3698 ἐπιλανθάνεται
1639 3649 1740 3710 τῆς
1797 3642 2009 3721 σοφίας·

360 3731 525 3790 Οὐδὲν
578 3733 680 3811 γὰρ
733 3732 876 3788 οὕτω
915 3732 1201 3809 συγχεῖτά
1248 3731 1354 3786 ἀπὸ
1416 3731 1607 3807 σοφίας
1658 3732 2008 3807 θεωρήματα,

359 3824 436 3887 ὡς
463 3828 627 3879 τοῦτο
656 3823 719 3878 τὸ
750 3823 921 3886 πάθος
949 3821 1041 3877 καὶ
1080 3826 1225 3876 πᾶσα
1255 3819 1512 3896 ἁμαρτία.
1546 3824 1669 3883 Πῶς
1718 3818 1775 3875 δὲ
1805 3821 1833 3877 ὁ
1863 3815 2009 3895 ἔχων

361 3912 548 3991 σοφίαν
583 3909 847 3987 θυμώδης
880 3910 1022 3966 ἐστίν
1050 3929 1063 3981 ;
1095 3912 1221 3968 ’Ότι
1255 3907 1408 3964 οὔπω
1455 3910 1546 3964 τὸν
1597 3909 1776 3979 ἀπαθῆ
1837 3908 2008 3985 λέγει,

355 4000 504 4059 ἀλλὰ
529 4000 669 4064 τέως
707 4001 831 4075 περὶ
886 4004 985 4056 τοῦ
1042 4000 1447 4073 μετριοπαθοῦς
1507 3995 1833 4075 διαλέγεται.
1868 3998 2012 4053 Καθά

353 4092 445 4148 καὶ
502 4091 554 4146 ἐν
615 4088 819 4166 ἑτέροις
878 4087 1060 4164 λέγει·
1116 4089 1338 4163 ’Ἄφρων
1399 4087 1706 4164 αὐθημερὸν
1767 4085 2013 4165 ἐξαγγέλ-

357 4179 443 4237 λει
503 4181 695 4255 ὀργὴν,
759 4179 925 4257 σοφὸς
985 4176 1043 4233 δὲ
1096 4175 1410 4251 ταμιεύεται
1465 4178 1602 4231 κατὰ
1663 4176 1847 4253 μέρος.
1907 4179 2011 4233 Τε-

355 4269 736 4345 ταμιευμένως
770 4266 861 4323 οὖν
896 4268 995 4339 τήν
1029 4267 1196 4344 ὀργὴν
1229 4264 1519 4344 προφέρειν
1572 4265 1717 4341 λέγει
1772 4267 1865 4321 τὸν
1915 4265 2008 4321 λό-

358 4357 547 4435 γισμῷ
596 4358 713 4431 (67)
774 4359 1113 4433 ἡνιοχοῦντα
1168 4355 1230 4410 τὸ
1287 4357 1477 4427 πάθος,
1509 4355 1631 4419 καθ’
1686 4355 1715 4410 ’ὀ
1774 4352 2008 4431 εἷ’ρηται·

358 4447 668 4525 Ὀργίζεσθε
729 4446 816 4500 καὶ
897 4447 973 4518 μὴ
1051 4445 1400 4519 ἁμαρτάνετε.
1456 4444 1517 4500 Ὁ
1579 4440 1636 4498 δὲ
1688 4443 1883 4519 Κύριος
1947 4445 2015 4499 τὰ

2130 3373 2517 3428 nihilominus
2557 3378 2753 3429 tamen
2787 3374 2858 3429 ob
2909 3374 3251 3445 hujusmodi
3283 3393 3491 3433 causas
3526 3379 3781 3436 dicimur

2128 3463 2350 3519 miseri.
2368 3462 2508 3519 Nam
2532 3462 2730 3535 gloriae
2752 3480 2912 3519 vanae
2942 3465 3156 3537 cupido
3178 3470 3236 3521 et
3257 3468 3621 3539 principatus
3651 3474 3780 3525 stu-

2123 3553 2308 3622 dium,
2332 3552 2525 3626 gravis
2557 3551 2807 3610 ebrietas
2832 3557 2942 3609 est.
2968 3554 3171 3610 Gravis
3201 3556 3550 3613 temulentis
3576 3562 3667 3614 est
3695 3559 3782 3613 in-

2121 3642 2298 3712 vidia,
2334 3640 2659 3715 hypocrisis
2691 3645 2747 3697 et
2777 3658 2845 3698 ea
2876 3659 2999 3711 quas
3033 3644 3314 3701 adversus
3350 3647 3682 3717 proximum
3716 3649 3783 3704 fit

2126 3730 2502 3787 obtrectatio:
2525 3730 2740 3803 quibus
2763 3730 2935 3788 malis
2961 3732 3250 3789 inebriata
3272 3734 3471 3790 anima
3493 3736 3783 3792 oblivisci-

2124 3826 2224 3879 tur
2252 3822 2571 3894 sapientiae.
2602 3821 2758 3877 Nihil
2791 3821 2947 3879 enim
2978 3823 3063 3879 sic
3088 3824 3366 3880 obturbat
3393 3830 3449 3880 et
3469 3818 3782 3882 confundit

2120 3911 2674 3983 contemplationem
2701 3912 3023 3983 sapientiae,
3054 3919 3117 3968 ut
3138 3914 3346 3969 vitium
3370 3913 3541 3983 illud,
3565 3933 3630 3971 ac
3654 3933 3785 3988 pec-

2120 4006 2313 4057 catum
2347 4016 2540 4056 omne.
2573 4001 2695 4064 Quo
2736 4006 2932 4057 autem
2967 4006 3137 4073 pacto
3166 4002 3402 4074 sapiens
3446 4003 3623 4060 fuerit
3666 4004 3783 4060 ira-

2120 4106 2188 4146 cu
2201 4090 2271 4144 nd
2284 4088 2392 4145 us?
2412 4089 2560 4155 Quia
2580 4090 2843 4144 nondum
2866 4098 2937 4145 de
2960 4106 3026 4145 eo
3049 4090 3329 4162 loquitur,
3351 4092 3452 4163 qui
3477 4093 3784 4149 affectibus

2123 4180 2201 4236 sit
2234 4195 2474 4251 prorsus
2519 4179 2826 4250 immunis,
2853 4180 2954 4235 sed
3006 4179 3292 4236 hactenus
3321 4182 3393 4237 de
3423 4197 3490 4237 eo
3523 4182 3784 4253 disserit,

2121 4268 2294 4339 cujus
2316 4268 2555 4323 affectus
2579 4271 2811 4323 exstant
2834 4267 3175 4324 mediocres.
3198 4269 3707 4332 Quemadmodum
3724 4275 3783 4326 et

2124 4356 2263 4412 alibi
2285 4355 2465 4411 dicit:
2489 4357 2763 4427 [nsipiens
2784 4356 2978 4412 eadem
2994 4356 3081 4413 die
3101 4357 3281 4428 prodit
3300 4359 3444 4412 iram
3461 4359 3505 4393 ⁷⁸
3525 4379 3544 4414 :
3566 4362 3785 4431 sapiens

2120 4462 2247 4503 vero
2287 4462 2409 4501 eam
2452 4453 2693 4501 reservat
2735 4461 2838 4517 per
2882 4454 3065 4518 partes
3086 4447 3150 4499 ⁷⁷.
3178 4446 3379 4517 Itaque
3411 4448 3511 4519 qui
3561 4448 3785 4506 ratione

357 4536 673 4612 τελειότερα
751 4531 1074 4603 διατάσσων,
1129 4532 1292 4612 φησὶν
1351 4530 1596 4607 ἐκτεμεῖν
1653 4533 1894 4598 καθόλου
1951 4535 2012 4589 τὸ

2131 4535 2507 4608 cupiditatem
2557 4551 2624 4589 ac
2672 4535 2878 4590 vitium
2931 4535 3141 4605 frenat,
3175 4536 3247 4591 ab
3295 4552 3361 4591 eo
3414 4535 3562 4592 iram
3612 4555 3787 4610 parce

357 4626 556 4697 πάθος,
590 4623 720 4699 οὐχὶ
746 4621 997 4692 κολάζειν
1029 4621 1260 4680 κελεύει.

2041 4611 2088 4674 D
2120 4630 2178 4681 et
2224 4626 2520 4681 moderate
2578 4624 2826 4694 proferri
2875 4625 3053 4693 dicit;
3104 4624 3260 4681 sicut
3309 4626 3598 4698 scriptum
3648 4633 3785 4683 est:

355 4717 681 4774 Irascimim'
708 4723 760 4771 et
785 4715 957 4772 nolite
981 4729 1212 4787 peccare
1236 4712 1300 4768 ⁷³.
1333 4713 1617 4769 Dominus
1650 4717 1845 4769 autem
1896 4714 1998 4787 qui
2038 4714 2211 4786 jubet
2256 4712 2605 4788 perfectiora
2624 4714 2691 4781 π,
2718 4713 2800 4770 ait
2829 4714 3036 4769 vitium
3068 4714 3215 4769 illud
3248 4732 3378 4771 esse
3410 4717 3643 4788 penitus
3676 4719 3780 4773 ab—

357 4804 776 4876 scindendum,
807 4820 924 4861 non
954 4804 1404 4876 temperandum
1435 4818 1502 4859 ac
1536 4802 1968 4875 castigandum.

427 4950 474 4986 7‘
501 4951 642 5022 Sap.
670 4964 752 5020 v1,
783 4948 839 5004 7.
915 4947 960 4984 ⁷⁵
991 4947 1132 5004 Luc.
1164 4963 1266 5019 xu,
1300 4947 1388 5002 48.
1464 4945 1508 4982 ⁷⁸
1540 4946 1703 5003 Prov.
1738 4964 1840 5019 xu,
1877 4949 1962 5004 16.

2131 4952 2278 5005 Prov.
2311 4966 2427 5019 xxx,
2461 4950 2544 5005 11.
2622 4949 2666 4985 ⁷⁸
2696 4946 2850 5005 Psal.
2884 4964 2960 5016 ιν,
2991 4948 3046 5003 5.
3122 4948 3168 4983 7°
3196 4946 3397 5004 Mattb.
3432 4963 3487 5018 v,
3518 4945 3608 5001 29.

451 5159 544 5234 61)
574 5161 816 5234 Veteres
846 5159 1075 5234 aliquot
1104 5159 1261 5228 libri,
1405 5159 1697 5234 πιέτωσαν.

449 5092 543 5162 60)
574 5089 750 5162 Illud,
779 5092 969 5160 κινῶν,
1000 5106 1070 5146 ex
1100 5090 1241 5162 Reg.
1276 5092 1488 5162 quarto
1519 5089 1789 5146 additum
1819 5093 1928 5147 est.

449 5092 522 5146 60
574 5092 750 5158 Illud,
779 5092 969 5160 κινῶν,
1000 5106 1070 5146 ex
1100 5092 1241 5162 Reg.
1276 5092 1486 5162 quarto
1519 5092 1789 5146 additum
1819 5093 1928 5147 est.

451 5164 516 5218 61
574 5161 816 5219 Veteres
846 5162 1075 5234 aliquot
1104 5161 1261 5228 libri,
1297 5160 1372 5234 μὴ
1405 5159 1697 5216 πιέτωσαν.

429 5092 547 5308 iBZi
578 5232 733 5290 Editi
782 5238 842 5291 et
889 5234 1033 5308 Reg.
1059 5235 1319 5308 primus,
1351 5232 1498 5308 apo;
1519 5234 1624 5308 τὰς
1654 5229 1878 5308 ἡδονάς,
1909 5232 2022 5289 Alii

578 5232 733 5290 Editi
782 5238 842 5291 et
889 5232 1033 5307 Reg.
1060 5232 1319 5307 primus,
1351 5232 1615 5307 apag-cci;

361 5304 829 5396 ειμιῖιιέιειεξεεετι
850 5304 1110 5396 πεδί,τά
1143 5304 1329 5396 ἀρκεῖς.
1354 5304 1570 5396 διαιίφ
1596 5306 1760 5396 Regii
1781 5306 2020 5396 Primae

358 5372 419 5436 et
466 5372 738 5451 quartus,
769 5372 1185 5452 προσλάϐωσιν’
1209 5372 1438 5452 ἓξαλμα,
1479 5372 1811 5452 αοεερεῖἰπί
1846 5380 2018 5452 impe-

360 5448 533 5507 tum':
564 5467 701 5522 qua:
724 5448 1017 5522 scriptura
1074 5449 1249 5522 alicui
1302 5448 1540 5522 librario
1571 5467 1730 5522 cum,
1764 5466 1904 5522 non,
1932 5448 2020 5505 ita

360 5520 926 5594 multumiplacerlet,
958 5520 1334 5594 inmmargine
1365 5521 1528 5594 Regii
1562 5521 1735 5594 primi
1784 5521 2017 5594 sapien:

355 5601 446 5653 ter
502 5588 766 5675 addidit,
825 5588 959 5675 ista}:
1027 5588 1390 5675 ξξαμμᾶζηΕίι
1444 5588 1581 5675 vero.
1633 5588 2018 5675 ἔξαμμαζάθεί

357 5669 631 5741 oportere
660 5682 731 5722 ex
772 5663 949 5721 editis
996 5670 1053 5720 et
1103 5662 1177 5723 ex'
1218 5662 1349 5722 aliis
1380 5670 1632 5737 quatuor
1662 5662 1803 5721 mss.
1840 5662 2017 5721 disci-

358 5755 517 5799 mus.

2200 5091 2312 5164 (63)
2345 5096 2427 5147 Ita
2456 5090 2719 5163 quinque
2767 5093 3018 5164 mss.rAt
3065 5089 3127 5146 in
3176 5088 3348 5147 editis
3398 5104 3562 5160 aeque
3608 5104 3674 5144 ac
3722 5088 3783 5144 in

2131 5162 2272 5231 Reg.
2296 5162 2495 5234 primo
2531 5165 2696 5219 deest
2726 5163 3030 5234 articulus.

2201 5231 2320 5306 (6U
2348 5235 2604 5306 Uterque
2628 5234 2810 5300 Colb.,
2844 5232 2932 5286 καὶ
2961 5231 3089 5288 ἀπό.

2201 5301 2313 5377 ((55)
2348 5301 2520 5432 ltdéiti,
2553 5305 2719 5379 αὐτῷ.
2751 5309 2824 5361 Αι
2855 5309 3099 5376 uterque
3129 5302 3384 5360 Combsf.
3418 5306 3476 5359 et
3512 5301 3610 5359 alii
3642 5319 3784 5376 qua-

2201 5396 2280 5432 OI'.
2309 5398 2405 5431 αυτ
2448 5421 2460 5432 .

2157 5396 2280 5433 UOI'.
2309 5396 2460 5433 αυτο.

2129 5381 2493 5523 ωῗὲὀῗὲδὲὶὶ
2547 5455 2622 5523 εἰςΔ
2653 5449 2793 5520 Reg.
2830 5445 3080 5523 primus,
3128 5445 3218 5499 καὶ
3263 5441 3571 5523 φιλοδοξία.
3605 5445 3780 5519 Illud,

2126 5521 2237 5588 καί,
2275 5525 2330 5577 in
2364 5522 2496 5578 aliis
2527 5517 2786 5592 quinque
2819 5517 2957 5592 mss.
2989 5517 3173 5592 deest.

2201 5585 2312 5665 (67)
2345 5594 2496 5650 Editi
2532 5585 2590 5665 ἐι
2610 5585 2748 5665 Reg.
2774 5588 3023 5665 primus,
3046 5588 3137 5642 τὸν
3168 5585 3457 5665 λογισμόν.
3479 5588 3784 5665 ΑῙῘῘᾼΕῙΠῘΠ-

2128 5659 2243 5738 que
2296 5659 2467 5738 mss,,
2512 5664 2601 5718 τὸν
2652 5659 2930 5734 λδγίσμῷ,
2981 5676 3107 5715 eum
3154 5659 3260 5732 qua“
3304 5662 3526 5718 ratione
3570 5659 3781 5737 frenat,

2130 5737 2366 5807 Optime.
