4138 6412
338 389 457 452 42!

1182 382 1592 446 COMMENT.
1635 381 1717 443 IN
1758 376 2028 441 ISAIAM
2072 375 2579 442 PROPHETAM.
2625 380 2795 442 CAP.
2841 382 2920 444 ν.

3641 388 3759 448 422

337 518 397 577 δὲ
426 519 479 575 οἱ
528 517 637 574 ἀπὸ
694 521 804 572 τῶν
857 519 956 571 106
985 515 1196 588 κόσμου
1232 513 1429 569 τούτου
1480 510 1814 590 πραγμάτων
1845 507 1987 587 γνώ-

2106 508 2190 566 les
2220 513 2378 582 sunt,
2399 511 2497 584 qui
2528 529 2598 568 ex
2628 512 2809 586 hujus
2858 515 3065 571 mundi
3114 515 3292 574 rebus
3337 516 3598 576 illustres
3621 535 3754 577 eva-

335 630 513 688 ριμοι,
574 606 663 661 ἐπὶ
724 606 921 680 σαθρᾶς
956 599 1265 680 βεϐηκότης
1321 610 1420 673 τῆς
1467 602 1699 680 βάσεως,
1751 598 1992 655 διάκεκοι

331 700 425 755 τὸν
476 695 584 753 ἔσω
643 693 954 772 ἄνθρωπον,
1011 696 1065 767 Lf,
1123 692 1413 765 ἀνωμαλίᾳ
1469 696 1577 747 τῶν
1635 694 1732 746 106
1778 689 1991 761 κόσμου

332 786 534 843 τούτου
601 784 940 860 πραγμάτων
992 785 1280 851 συζῶν-τες.
1334 781 1425 836 Διὶ
1468 784 1630 836 τοῦτο
1674 778 1732 834 δν
1784 777 1989 855 τρόπον

333 878 663 947 καυθήσεται
713 871 939 946 καλάμη
993 871 1097 926 ὑπὸ
1144 866 1409 941 ἄνθρακος
1457 870 1648 946 πυρὸς,
1681 866 1824 924 οὕτω
1855 866 1989 943 φησί

336 962 843 1039 κατιφλεγήσεσθαι
874 961 970 1023 τὰς
1006 958 1156 1037 ῥίζας
1193 959 1368 1014 αὐτῶν
1415 958 1520 1014 ὑπὸ
1552 957 1759 1036 φλογὸς
1811 957 1988 1029 ἀνημ-

348 1056 539 1129 vim.

422 1163 543 1218 480.
572 1157 832 1231 Ἀνθραξκ
863 1153 922 1210 δέ
952 1154 1064 1210 ἐστι
1111 1159 1218 1230 πῦρ
1271 1152 1491 1231 γεῶδες,
1553 1154 1687 1228 μετά
1740 1154 1841 1222 τὴν
1888 1155 1988 1222 τῆς

348 1248 547 1328 φλογὸς
576 1243 812 1321 πάροδον
862 1248 931 1318 τῇ
980 1243 1263 1320 παχυτᾶρᾳ
1297 1242 1400 1328 ὕλῃ
1428 1243 1807 1316 ὶναπομεῖναψ
1837 1243 1988 1299 Ἐπεὶ

345 1327 435 1393 06v
462 1338 512 1391 oi
553 1336 812 1409 ἐμπαθῶς
866 1338 1057 1403 ζῶντες
1113 1331 1314 1386 οῗκεῖον
1373 1327 1561 1407 ἔχουσι
1608 1332 1670 1386 τὸ
1723 1335 1831 1386 τῶν
1882 1352 1987 1385 πα-

340 1432 446 1491 θῶν
502 1428 634 1498 πῦρ,
695 1424 769 1485 ὡς
801 1424 829 1477 6
888 1419 1155 1482 πλούσιος
1214 1416 1360 1475 ἔνδον
1394 1421 1509 1496 εἶχε
1537 1422 1636 1490 τὴν
1668 1420 1845 1475 αἰτίαν
1887 1421 1984 1489 τὴν

334 1514 815 1591 καταφρύσσουσαν
845 1510 1008 1566 αὐτὸν
1057 1515 1136 1581 τῷ
1195 1507 1360 1582 δίψει,
1419 1507 1509 1564 διὰ
1558 1514 1721 1564 τοῦτο
1749 1514 1866 1570 τοῖς
1896 1507 1988 1563 πί-

333 1625 485 1658 νουσι
513 1603 605 1657 τὸν
639 1601 785 1657 οἶνον
816 1598 1036 1655 ἀπειλεῖ
1083 1599 1158 1661 ὡς
1198 1597 1475 1675 οἰνόφλυξι
1506 1597 1597 1652 τὸν
1633 1596 1691 1652 ἐκ
1732 1603 1834 1667 τῆς
1862 1596 1990 1652 καύ-

333 1713 470 1754 σεως
525 1687 855 1769 ἀφανισμόν.
917 1685 1138 1756 Ἐπειδή
1195 1685 1253 1741 δὶ
1316 1685 1406 1741 καὶ
1458 1682 1633 1741 ἕνεκεν
1685 1684 1875 1760 δώρων
1925 1686 1987 1740 τὸ

333 1778 542 1837 δίκαιον
589 1777 992 1854 διαστρέφουσι,
1050 1777 1139 1832 καὶ
1186 1777 1286 1843 τὴν
1335 1775 1483 1851 ῥίζαν
1536 1774 1711 1830 αὐτῶν
1754 1795 1985 1849 συγκαυ-

2103 598 2252 654 dunt
2281 615 2346 654 ac
2376 602 2679 673 conspicui
2709 619 2722 657 :
2748 603 2964 677 quippe
3004 605 3163 676 putri
3198 605 3584 664 fundamento
3615 608 3760 679 nixi,

2103 692 2155 744 et
2179 688 2351 760 juxta
2394 690 2730 747 interiorem
2764 693 3065 750 hominem
3099 696 3287 765 vacui,
3318 697 3474 753 inter
3503 700 3756 755 munda-

2103 793 2313 832 narum
2355 795 2550 834 rerum
2594 779 3050 839 inconstantiam
3083 802 3148 841 ac
3179 785 3644 859 inrequalitatem
3676 788 3757 844 vi-

2099 869 2221 921 tam
2250 870 2422 923 Suam
2453 869 2791 925 traducunt.
2818 872 2960 927 Eam
2985 874 3057 929 ob
3089 889 3355 944 causam,
3379 877 3757 947 quemadmo-

2101 954 2242 1009 dum
2296 961 2500 1012 uretur
2539 958 2759 1030 stipula
2808 977 2842 1014 ο
2889 961 3141 1019 carbone
3187 963 3366 1036 ignis,
3399 965 3481 1020 ita
3529 966 3758 1023 radices

2100 1059 2302 1100 eorum
2334 1062 2368 1101 a
2398 1045 2639 1103 ﬂamma
2684 1064 2931 1104 accensa
2962 1051 3218 1107 afﬁrmat
3245 1053 3631 1111 combustum
3662 1053 3753 1110 iri.

2174 1152 2294 1206 180.
2328 1153 2431 1208 Est
2478 1158 2674 1210 autem
2718 1156 2894 1211 carbo
2927 1156 3101 1228 ignis,
3124 1159 3295 1229 quasi
3344 1160 3641 1216 terrestris
3690 1176 3758 1216 ac

2100 1241 2366 1312 spissior,
2394 1242 2494 1314 qui
2543 1253 2677 1315 post
2726 1245 2983 1300 materias
3035 1247 3346 1303 transitum
3378 1249 3439 1303 in
3470 1250 3759 1306 crassiore

2101 1331 2347 1386 materia
2368 1334 2955 1399 remanet.Quoniam
2986 1335 3168 1406 igitur
3196 1336 3235 1390 ii
3259 1337 3357 1407 qui
3385 1337 3538 1394 inter
3558 1340 3760 1395 turbu-

2099 1417 2289 1474 lentos
2301 1420 2482 1475 animi
2496 1421 2742 1477 affectus
2756 1422 2976 1493 vivunt,
2988 1425 3495 1495 perturbationum
3514 1445 3755 1484 suarum

2099 1507 2317 1564 habent
2346 1510 2540 1581 ignem
2573 1510 3472 1584 peculiarem,quemadmodum
3507 1522 3564 1572 et
3594 1517 3756 1574 dives

2099 1596 2195 1652 ille
2230 1598 2584 1654 intrinsecus
2614 1599 2869 1656 habebat
2898 1618 3161 1670 causam,
3189 1620 3319 1676 quae
3341 1621 3443 1676 per
3475 1605 3637 1661 sitim
3670 1606 3759 1677 ip-

2099 1701 2232 1741 sum
2265 1686 2633 1759 incendebat,
2654 1688 2873 1746 idcirco
2896 1689 3098 1746 vinum
3130 1691 3471 1750 bibentibus
3494 1693 3580 1750 uti
3599 1693 3761 1751 vino-

2098 1772 2277 1830 lentis
2295 1779 2625 1833 extremum
2644 1792 2748 1849 per
2762 1778 3063 1835 ﬂammam
3078 1780 3325 1837 exitium
3340 1783 3756 1839 comminatur.

334 1868 588 1941 θήσεσθαί
644 1888 807 1946 φησιν
874 1867 975 1921 ὑπὸ
1008 1863 1211 1943 φλογὸς
1241 1864 1585 1938 ἀνημμὲνης·
1623 1864 1773 1940 ῥίζαν
1807 1862 1983 1939 λέγων

2104 1863 2205 1918 Sed
2238 1864 2378 1935 quia
2408 1873 2646 1938 propter
2675 1883 2923 1923 munera
2952 1869 3128 1925 etiam
3155 1871 3258 1941 jus
3291 1876 3650 1942 pervertunt,
3681 1873 3764 1929 ait

329 1960 430 2028 τὴν
461 1955 823 2037 φιλαργυρίαν
857 1953 1137 2024 δηλονότι,
1198 1954 1321 2030 περὶ
1353 1954 1420 2022 ἧς
1468 1953 1558 2008 καὶ
1590 1953 1618 2007 ό
1647 1951 1983 2014 Ἀπόστολος

331 2049 666 2126 ἀπεφήνατο,
743 2044 826 2100 ὅτι
894 2043 1042 2113 Ῥίζα
1102 2044 1319 2098 πάντων
1375 2046 1491 2106 τῶν,
1531 2046 1712 2096 κακῶν
1762 2042 1902 2096 ὶστιν
1949 2043 1985 2110 ἡ

332 2134 685 2216 φιλαργυρία.
739 2133 877 2190 Ἀπὸ
930 2130 988 2188 δὲ
1027 2133 1285 2200 τοιαύτης
1313 2131 1466 2207 ῥίζης
1499 2132 1689 2185 ὁποῖον
1721 2131 1783 2185 τὸ
1832 2127 1989 2192 ἄνθος

332 2226 476 2291 εἰκὸς
523 2219 852 2294 ἀναϐαίνειν,
904 2221 940 2291 ἢ
987 2226 1258 2295 κονιορτῷ
1310 2219 1714 2294 παραπλήσιον,
1774 2218 1986 2293 ἀστάτῳ

333 2315 487 2394 φύσει
535 2313 627 2370 καὶ
661 2309 1060 2384 σκεδαννυμένῃ
1102 2310 1176 2368 εἷς
1220 2308 1388 2385 ἀέρος
1422 2311 1489 2363 Ἠ
1524 2311 1758 2382 μήποτε,
1803 2307 1985 2384 ὥσπερ

333 2393 362 2461 6
408 2403 693 2479 κονιορτὸς
737 2398 1046 2475 ἑμποδίζῶν
1099 2405 1217 2461 ταῖς
1267 2400 1581 2465 ἀναπνοαῖς,
1643 2393 1986 2453 ἐπιϐουλεύει

329 2496 490 2568 ἡμῶν
549 2496 619 2566 τῇ
680 2490 813 2566 ζωῇ·
858 2489 1001 2545 οὕτω
1030 2488 1214 2543 καὶτὰ
1251 2495 1352 2555 τῆς
1415 2486 1778 2562 φιλαργυρίας
1827 2484 1985 2557 ἄνθη,

330 2582 385 2637 αἱ
415 2580 743 2651 πλεονεξίαι,
777 2579 833 2634 αἱ
885 2575 1113 2645 ἀδικίαι,
1144 2577 1208 2632 τὸ
1239 2573 1459 2648 ψεῦδος,
1510 2575 1564 2629 αἱ
1614 2575 1982 2653 συκοφαντίαι,

326 2671 395 2726 τὸ.
442 2669 587 2726 ἄλλα
633 2669 733 2723 ὅσα
785 2671 886 2733 τῆς
935 2670 1179 2740 πονηρᾶς
1227 2664 1385 2741 ῥίζης
1435 2663 1547 2718 ἐστὶ
1601 2662 1982 2738 βλαστήματα,

292 2759 644 2835 ,ἀναιρετικὰ
689 2761 790 2828 τῆς
835 2762 981 2826 ζωῆς
1032 2759 1189 2827 ἡμῶν
1239 2753 1373 2820 ἐστι,
1432 2756 1500 2827 τῇ
1531 2748 1862 2829 καθαρότητι
1889 2756 1987 2807 106

326 2850 636 2924 πνεύματος
667 2842 1056 2920 ἐμποδίζοντα.
1105 2839 1327 2920 Σφόδρα
1372 2839 1429 2896 δὲ
1455 2840 1989 2917 παρατετηρημὲνως

330 2939 434 2994 οὐκ
481 2938 635 3007 εἷπε,
684 2935 781 2990 Καὶ
837 2935 866 2989 6
921 2931 1128 3005 καρπὸς
1182 2929 1382 3001 αὐτῶν,
1438 2926 1623 2997 ἀλλὰ,
1696 2931 1772 2986 Τὸ
1828 2926 1988 2993 ἄνθος

335 3027 537 3081 αὐτῶν.
590 3022 790 3092 Ἀτελῆ
840 3021 942 3098 γὰρ
991 3021 1059 3074 τὰ
1105 3025 1205 3089 τῆς
1252 3018 1446 3080 κακίας
1502 3015 1883 3093 βλαστήματα,
1932 3016 1984 3071 ὲν

340 3115 482 3185 αὐτῇ
508 3117 579 3187 τῇ
612 3112 926 3188 βλαστήοει,
983 3108 1073 3164 καὶ
1131 3112 1213 3180 τῷ
1268 3107 1473 3181 πρώτῳ
1528 3104 1676 3170 ἄνθει
1732 3106 1988 3184 ἀφανιζό-

349 3223 503 3277 μενα.
612 3200 768 3258 Εἶδον
859 3200 960 3276 γὰρ
1060 3198 1152 3253 τὸν
1241 3191 1408 3265 ἀσεϐῆ
1493 3194 1936 3270 ὑπεροψούμενον
1967 3238 1982 3265 ,

340 3292 434 3348 καὶ
491 3288 796 3363 παρῆλθον,
852 3289 940 3343 καὶ
991 3285 1109 3342 ἰδοὺ
1138 3287 1237 3341 οὑκ
1263 3285 1354 3355 ἦν.
1383 3286 1446 3342 Ὀ
1499 3286 1592 3358 μὶν
1626 3282 1717 3339 οὖν
1751 3280 1981 3352 δίκαιος,

338 3381 416 3442 ὡς
442 3379 507 3434 τό
559 3375 722 3449 ξύλον
779 3376 889 3432 ἐστὶ
938 3376 999 3431 τὸ
1054 3372 1456 3453 πεφυτευμένον
1507 3367 1654 3448 παρᾶ
1694 3373 1790 3434 τὰς
1847 3369 1984 3443 διεξ-

335 3464 500 3530 όδους
556 3470 663 3521 τῶν
725 3463 956 3534 ὑδάτων,
1014 3462 1258 3534 διηνεκεῖ
1309 3466 1378 3536 τῇ
1426 3460 1656 3539 ἐπιῤῥοῇ
1709 3468 1811 3531 τῆς
1843 3466 1988 3531 ζωῆς

332 3553 758 3631 καταρδόμενος·
799 3559 898 3610 τοῦ
945 3551 1005 3609 δὶ
1051 3549 1387 3628 ἁμαρτωλοῦ
1444 3553 1479 3621 ἡ
1536 3550 1657 3626 ῥίζα
1686 3551 1989 3625 συγκαυθή-

336 3667 508 3713 σεται,
585 3644 686 3699 Καὶ
759 3645 824 3699 τὸ
900 3641 1062 3708 ἄνθος
1142 3642 1217 3704 ὡς
1298 3640 1580 3714 κονιορτὸς
1638 3636 1986 3710 ἀναϐήσεται.

335 3735 483 3791 Διότι
544 3733 643 3789 οὔκ
699 3731 979 3803 ἥθέλησαν
1047 3732 1139 3786 τὸν
1216 3731 1383 3804 νόμον
1456 3729 1656 3805 Κυρίου
1707 3731 1821 3802 (73)
1878 3735 1988 3784 Σα-

336 3820 506 3893 ϐαὼθ,
574 3822 721 3878 ἀλλὰ
787 3822 850 3877 τὸ
917 3819 1107 3897 λόγιον
1168 3823 1265 3875 106
1324 3819 1486 3894 ἁγίου
1562 3815 1783 3893 Ἰσραήλ
1851 3838 1990 3892 παρο

339 3913 585 3983 ώξυναν.
648 3911 837 3983 Νόμον
897 3910 986 3964 καὶ
1049 3906 1235 3984 λόγιον
1282 3904 1580 3981 διαφόρους
1632 3904 1775 3980 λέγει
1826 3925 1992 3982 προσ-

338 3999 570 4077 ηγορίας
631 3999 851 4075 Κυρίου,
913 3998 1011 4054 Διὰ
1064 4001 1226 4053 τοῦτο
1287 3997 1362 4060 ὡς
1418 3995 1544 4069 περὶ
1602 3992 1857 4069 ἐμψύχου
1894 3998 1993 4049 106

342 4088 541 4166 λογίου
573 4091 601 4145 6
630 4090 923 4167 προφήτης
978 4086 1129 4166 φησί’
1190 4088 1260 4140 Τὸ
1291 4083 1479 4160 λόγιον
1514 4082 1713 4159 Κυρίου
1740 4083 1992 4158 παρώξυ-

338 4200 457 4236 ναν.
487 4179 671 4252 Νόμος
699 4180 804 4254 γὰρ
838 4181 942 4246 ζῶν
974 4176 1065 4232 καὶ
1096 4175 1273 4251 Λόγος
1304 4177 1439 4229 Θεοῦ
1471 4173 1499 4228 6
1542 4173 1840 4246 μονογενὴς
1868 4172 1996 4235 Υἱὸς

336 4270 480 4343 (74),
512 4265 582 4322 δι’
615 4264 678 4321 οὗ
705 4266 774 4321 τὰ
802 4266 997 4322 πάντα.

413 4376 542 4431 481.
597 4373 700 4431 Καὶ
757 4370 1017 4446 ἐθυμώθη
1077 4371 1219 4448 ὀργῇ
1268 4370 1469 4442 Κύριος
1529 4362 1759 4423 Σαϐαὼθ
1787 4365 1875 4422 ἰπὶ
1902 4368 1994 4421 τὸν

340 4461 474 4519 λαὸν
543 4462 730 4534 αὐτοῦ,
797 4460 891 4516 καὶ
959 4456 1197 4515 ἐπέϐαλε
1269 4460 1370 4527 τὴν
1451 4462 1617 4534 χεῖρα
1692 4455 1855 4511 αύτοῦ
1911 4454 1995 4511 ἐπ’

338 4551 579 4620 αὖτοὺς,
654 4551 743 4606 καὶ
821 4549 1075 4620 ἐπάταξεν
1161 4546 1398 4609 αὐτοὺς.
1495 4545 1593 4603 Καὶ
1667 4544 1994 4619 παρωξύνθη

2099 1952 2352 2009 radicem
2384 1954 2646 2025 ipsorum
2677 1972 2807 2012 esse
2837 1959 3300 2014 comburendam
3332 1976 3367 2015 a
3392 1959 3632 2016 ﬂamma
3663 1977 3758 2017 ac-

2098 2057 2304 2111 censa;
2323 2044 2581 2099 radicem
2599 2044 2866 2101 videlicet
2887 2046 3195 2118 appellans
3214 2050 3625 2118 avaritiam,de
3640 2066 3761 2121 qua

2098 2135 2156 2185 et
2184 2131 2500 2202 Apostolus
2530 2133 2682 2188 hanc
2712 2135 3062 2190 sententiam
3094 2136 3269 2192 tulit:
3296 2137 3483 2193 Radix
3510 2140 3758 2194 omnium

2096 2220 2370 2276 malorum
2399 2230 2475 2276 est
2505 2222 2746 2279 avaritia
2768 2223 2831 2278 ⁸¹.
2864 2224 3107 2288 Qualem
3139 2228 3335 2281 autem
3368 2226 3570 2282 ﬂorem
3602 2227 3757 2283 veri-

2097 2308 2290 2364 simile
2312 2314 2400 2365 est
2421 2311 2494 2365 ab
2518 2310 2862 2381 hujusmodi
2887 2312 3079 2368 radice
3105 2330 3423 2383 emergere,
3445 2314 3560 2370 nisi
3593 2314 3758 2371 simi-

2096 2395 2213 2453 lem
2237 2397 2456 2470 pulveri
2475 2405 2683 2471 suapte
2701 2404 2914 2456 natura
2934 2401 3198 2458 instabili
3215 2408 3273 2458 et
3294 2402 3353 2457 in
3375 2419 3510 2458 aera
3531 2404 3757 2475 eﬂ‘usofl

2095 2487 2211 2541 Aut
2237 2488 2404 2557 forte,
2429 2490 2930 2559 quemadmodum
2956 2490 3148 2561 pulvis
3175 2492 3620 2562 respirationem
3644 2494 3756 2549 im-

2098 2576 2364 2646 pediens,
2386 2576 2516 2631 vitae
2547 2581 2763 2632 1108th
2786 2578 3031 2633 molitur
3059 2580 3306 2634 insidias
3331 2598 3345 2649 ;
3376 2580 3456 2636 ita
3485 2585 3542 2637 et
3572 2582 3757 2637 avari-

2095 2664 2190 2719 tiae
2222 2665 2418 2732 ﬂores,
2448 2664 2807 2737 inexplibilis
2840 2668 3223 2738 pecuniarum
3256 2669 3572 2739 cupiditas,
3601 2671 3757 2742 inju-

2098 2753 2294 2820 stitia,
2329 2754 3090 2825 mendacium,_calumnise,
3127 2766 3185 2812 et
3233 2757 3350 2813 alia
3398 2775 3760 2830 quascunque

2097 2842 2313 2898 radicis
2338 2859 2524 2913 pravae
2550 2844 2819 2914 germina
2848 2851 3006 2915 sunt,
3026 2845 3205 2900 vitam
3234 2850 3497 2901 nostram
3522 2848 3758 2918 penitus

2095 2928 2336 2996 tollunt,
2354 2946 2488 2985 cum
2512 2930 2757 3001 spiritus
2780 2933 3135 2989 munditiam
3170 2935 3550 3006 prepediant.
3578 2935 3758 2992 Caste-

2096 3034 2225 3073 rum
2262 3019 2582 3089 prudenter
2611 3021 2932 3076 admodum
2957 3038 3072 3077 non
3095 3022 3278 3078 dixit:
3304 3024 3372 3078 Et
3406 3025 3635 3080 fructus
3657 3041 3759 3081 eo-

2096 3123 2252 3172 rum,
2275 3108 2398 3174 sed,
2421 3109 2542 3163 Flos
2582 3124 2791 3164 eorum.
2811 3110 2958 3164 Nam
3003 3110 3347 3182 imperfecta
3387 3118 3628 3167 manent
3655 3130 3756 3167 ne-

2098 3196 2297 3267 quitiis
2315 3196 2601 3267 germina,
2615 3204 2673 3252 et
2690 3197 3047 3269 simulatque
3063 3201 3396 3270 germinare
3414 3217 3479 3256 ac
3498 3201 3756 3272 primum

2098 3283 2304 3340 ﬂorere
2346 3286 2646 3355 cceperint,
2699 3293 3091 3343 marcescunt.
3131 3288 3262 3344 Vidi
3305 3289 3464 3344 enim
3519 3291 3759 3361 impium

2093 3374 2563 3444 superexaltatum
2589 3391 2608 3428 :
2640 3382 2694 3430 et
2729 3376 2988 3444 transivi,
3022 3386 3073 3431 et
3119 3392 3242 3433 ecce
3286 3394 3400 3434 non
3449 3382 3566 3433 erat
3588 3379 3654 3432 ⁸³.
3690 3380 3758 3434 Et

2097 3462 2338 3533 quidem
2370 3463 2573 3533 justus
2604 3463 2783 3518 veluti
2823 3463 3078 3535 lignum,
3108 3468 3432 3521 secundum
3469 3468 3758 3523 decursus

2096 3567 2387 3622 aquarum
2420 3550 2714 3608 consitum
2733 3552 2800 3623 ⁸³,
2823 3553 3102 3610 continuo
3124 3557 3254 3609 vitas
3284 3553 3516 3627 allapsu
3548 3556 3756 3626 irriga-

2097 3643 2199 3694 tur
2221 3656 2233 3694 :
2259 3640 2361 3695 sed
2383 3641 2765 3697 comburetur
2786 3643 3105 3712 peccatoris
3129 3644 3314 3712 radix,
3336 3645 3401 3699 Et
3418 3645 3517 3713 ﬂos
3544 3653 3606 3700 ut
3633 3645 3756 3713 pul-

2097 3730 2180 3784 vis
2207 3730 2485 3785 ascendet.
2509 3733 2651 3786 Nam
2678 3728 2983 3786 noluerunt
3030 3731 3205 3800 legem
3243 3732 3471 3788 Domini
3489 3732 3756 3788 ~Sabaoth

2098 3817 2193 3873 sed
2221 3818 2501 3889 eloquium
2528 3822 2706 3873 sancti
2739 3818 2917 3874 Israel
2945 3823 3431 3875 exacerbaverant.
3463 3821 3673 3893 Legem
3701 3826 3762 3877 et

2101 3906 2402 3977 eloquium
2435 3906 2692 3978 appellat
2710 3907 2942 3965 diversa
2967 3908 3201 3964 Domini
3224 3910 3485 3966 nomina.
3510 3911 3651 3966 Eam
3685 3911 3761 3965 ob

2102 4011 2226 4050 rem
2258 3995 2544 4066 propheta
2580 3996 2652 4051 de
2696 3996 2989 4066 ejusmodi
3037 3996 3268 4069 eloquio
3299 4003 3580 4070 tanquam
3632 3999 3759 4055 ani-

2104 4089 2262 4139 mato
2294 4084 2378 4140 ait
2406 4101 2419 4139 :
2455 4085 2760 4156 Eloquium
2794 4087 2903 4141 Dei
2930 4086 3314 4142 irritaverant.
3348 4091 3449 4142 Est
3476 4088 3634 4143 enim
3671 4087 3765 4144 lex

2103 4173 2231 4229 viva
2259 4172 2515 4228 Verbum
2547 4173 2663 4241 Dei,
2684 4172 3026 4245 unigenitus
3044 4174 3249 4241 Filius,
3275 4191 3377 4246 per
3397 4192 3577 4247 quam
3609 4180 3764 4233 facta
3789 4214 3797 4223 ο

2105 4266 2246 4318 sunt
2270 4261 2471 4318 omnia
2489 4262 2555 4317 3‘.

2177 4368 2301 4424 181.
2330 4367 2505 4423 VIRS.
2536 4368 2623 4422 25.
2660 4370 2736 4422 Et
2763 4367 3091 4437 indignatus
3135 4374 3216 4425 est
3246 4371 3334 4425 ira
3365 4372 3631 4426 Dominus
3661 4372 3765 4428 Sa-

2107 4456 2273 4513 baoth
2289 4457 2383 4513 51
2396 4459 2437 4512 1
2461 4456 2718 4513 adversus
2736 4458 2999 4529 populum
3019 4469 3262 4525 suum,et
3279 4462 3518 4516 immisit
3536 4478 3767 4517 manum

2104 4563 2266 4602 suam
2292 4561 2456 4611 super
2484 4561 2593 4612 eos,
2638 4555 2690 4601 et
2729 4549 3000 4617 percussit
3028 4563 3136 4613 eos,
3169 4550 3236 4604 Et
3265 4551 3588 4607 exacerbati
3638 4555 3769 4606 sunt

336 4640 406 4695 τὰ
461 4636 588 4715 ὅρη,
642 4640 730 4694 καὶ
776 4639 1004 4712 ἐγενήθη
1063 4638 1133 4692 τὰ
1190 4638 1488 4709 θνησιμαῖα
1544 4634 1719 4690 αὐτῶν
1774 4634 1850 4698 ὡς
1902 4655 1989 4689 κο-

2107 4640 2335 4703 montes,
2367 4640 2421 4690 et
2445 4635 2599 4708 facta
2627 4640 2758 4690 sunt
2805 4637 3098 4692 morticina
3129 4653 3320 4693 eorum
3371 4641 3510 4694 sicut
3561 4643 3770 4695 stercus

339 4730 474 4803 πρία
548 4728 601 4783 ἐν
683 4728 832 4800 μέσῳ
909 4726 1058 4783 6606.
1136 4727 1233 4780 Καὶ
1312 4724 1364 4780 ὲν
1423 4729 1554 4781 πᾶσι
1628 4722 1847 4785 τούτοις
1898 4724 1989 4779 οὐκ

2105 4728 2172 4782 in
2199 4723 2377 4780 medio
2396 4727 2522 4782 via.
2549 4727 2613 4780 Et
2642 4725 2704 4778 in
2736 4725 2989 4781 omnibus
3009 4725 3098 4781 his
3118 4742 3225 4780 non
3253 4735 3331 4784 est
3357 4744 3579 4784 aversus
3607 4733 3771 4800 furor

338 4818 657 4896 ἀπεστράφη
713 4818 742 4872 6
801 4818 976 4890 θυμὸς
1032 4816 1225 4884 αὐτοῦ,
1286 4812 1414 4869 ἀλλ’
1473 4811 1553 4868 ἔτι
1607 4815 1642 4883 ἡ
1698 4811 1823 4888 χεὶρ
1882 4815 1997 4886 (75)

340 4904 553 4981 ὑψηλή.
587 4907 652 4963 Ἡ
680 4910 789 4960 τῶν
826 4903 1132 4981 ἰσχυόντων
1182 4903 1270 4958 καὶ
1329 4906 1437 4957 τῶν
1499 4899 1771 4957 δυναστῶν
1817 4901 1997 4976 ἁμαρ-

2106 4816 2242 4887 ejus,
2274 4814 2369 4869 sed
2398 4813 2577 4869 adhuc
2617 4830 2819 4870 manus
2852 4815 3083 4871 excelsa.
3114 4817 3376 4871 Fortium
3409 4817 3766 4889 potentium-

2108 4920 2221 4975 que
2241 4907 2543 4975 peccatum
2566 4901 2664 4958 iras
2685 4920 2716 4959 a
2736 4903 2986 4959 Domino
3005 4905 3285 4960 adversus
3310 4906 3590 4977 populum
3616 4922 3772 4961 com-

340 4995 427 5051 τία
456 4992 585 5051 ὁδὸν
618 4994 842 5066 ἐποίησε
869 4997 939 5068 τῇ
976 4993 1111 5071 ὀργῇ
1141 4996 1211 5067 τῇ
1240 4993 1378 5048 κατᾶ
1407 4996 1503 5047 106
1536 4995 1672 5046 Λαοῦ
1710 4989 1989 5064 κινουμένῃ

2110 4998 2279 5047 motas
2297 4991 2453 5047 viam
2476 4992 2774 5063 patefacit.
2792 4993 3186 5059 Quamobrem
3213 4993 3406 5064 priore
3433 4992 3559 5048 loco
3582 4993 3731 5049 dixit
3755 5011 3769 5049 :

344 5086 485 5161 napi!
544 5082 745 5157 Κυρίου
791 5125 804 5139 .
884 5084 983 5138 Διά
1036 5087 1199 5138 τοῦτο
1254 5081 1517 5156 πρότερον
1566 5080 1630 5134 τὸ
1668 5124 1683 5149 ,
1757 5077 1888 5133 Οὐαὶ
1946 5080 1998 5133 o't

344 5172 626 5251 ἰσχύοντες
683 5172 861 5246 ὑμῶν,
921 5173 1012 5228 καὶ
1071 5173 1125 5227 0i
1174 5169 1444 5226 δυνάσται·
1497 5166 1701 5225 ἔπειταο
1748 5169 1846 5224 Καὶ
1881 5166 1999 5223 ἐθυ-

2113 5085 2204 5137 Vae
2231 5082 2400 5151 forte:
2428 5082 2600 5136 vestri
2627 5086 2680 5136 et
2715 5086 3003 5152 potentes;
3051 5080 3263 5136 deinde
3312 5080 3621 5153 subjungit
3655 5098 3669 5138 :
3704 5084 3772 5137 Et

2108 5169 2430 5242 indignatus
2460 5177 2536 5225 est
2566 5173 2656 5225 ira
2697 5173 2971 5227 Dominus
3002 5169 3262 5227 adversus
3288 5172 3554 5243 populum
3582 5187 3771 5239 suum,

405 5330 454 5367 ⁸¹
487 5330 509 5387 Ι
540 5329 693 5386 Tim.
724 5345 805 5402 v1,
840 5329 927 5383 10.
1003 5327 1050 5362 ⁸³
1078 5325 1230 5382 Psal.
1264 5340 1457 5394 xxxvr,
1484 5322 1578 5391 35,
1606 5323 1697 5379 36.
1773 5324 1819 5360 ⁸³
1848 5322 1989 5382 Psal.

2106 5323 2162 5379 3.
2238 5323 2284 5358 ⁸⁸
2312 5322 2483 5379 Joan.
2518 5339 2561 5395 ι,
2591 5322 2648 5380 3.

332 5565 377 5616 Κ
553 5490 732 5559 Editi,
761 5486 929 5562 νόμον
960 5490 1060 5542 106
1102 5483 1331 5562 Κυρίου.
1366 5488 1440 5541 At
1483 5501 1585 5542 sex
1626 5501 1797 5558 mss.,
1826 5485 1997 5559 νόμον

382 5580 446 5616 oo
479 5581 561 5616 ου.

382 5581 561 5617 υοιου.

431 5635 520 5706 74)
554 5632 794 5690 Veteres
816 5630 1042 5706 aliquot
1071 5627 1429 5706 libri,_A6~{0_c
1459 5626 2001 5706 9t06_,_6_l_.i.ovcys_vi;c

2110 5481 2326 5563 ρεδςλδ
2363 5481 2689 5563 Novo-few]:
2734 5484 2921 5563 9506,.
2952 5481 3187 5563 Verbum.
3237 5483 3401 5563 Deus,
3453 5485 3774 5558 Unigenitus

2108 5558 2227 5613 Dei.
2261 5557 2333 5612 At
2363 5556 2501 5625 Reg.
2537 5555 2834 5625 secundus
2867 5556 2928 5609 ut
2960 5555 3031 5625 in_
3053 5556 3352 5625 contextu.

2182 5628 2296 5702 (7f?)
2330 5618 2506 5698 Editi,
2702 5618 2843 5680 ἔστιν
2878 5625 2911 5691 ἡ
2945 5622 3071 5697 χεὶρ
3102 5620 3292 5682 αὐτοῦ.
3318 5629 3392 5685 At
3420 5644 3569 5688 mss.
3601 5627 3773 5702 quin.

338 5693 517 5781 0:64,,
547 5706 776 5764 Verbum
828 5693 951 5775 Dei,
997 5693 1544 5775 unigen'ilus'Deus.
1592 5693 1779 5770 Editi,
1823 5693 2005 5776 Ᾰόγός
2112 5693 2229 5774 que
2256 5693 2359 5768 ita,
2393 5703 2459 5756 ut
2489 5693 2809 5756 edidimus.
