4138 6376
392 326 514 388 423
1371 324 1768 389 APPENDIX
1808 326 2139 392 OPERUM
2182 327 2250 390 S.
2294 327 2578 393 BASILII
2620 329 2901 393 MAGNI.
3696 338 3821 398 424

393 475 528 517 cum
557 456 832 515 videlicet
873 460 930 514 et
976 457 1103 530 ipse
1133 458 1204 514 ad
1256 457 1591 529 exemplum
1642 460 2028 533 prmfectorun

2166 461 2325 533 μώθη
2401 461 2542 537 ὀργῇ
2596 460 2798 533 Κύριος
2849 461 2936 516 ἐπὶ
2993 460 3087 518 τὸν
3147 461 3279 519 λαὸν
3326 464 3517 534 αὑτοῦ,
3548 462 3821 537 δηλονότι

389 552 722 606 versaretur
752 548 813 603 in
841 548 1117 618 peccatis,
1139 551 1412 618 essetque
1434 549 1674 620 dignus,
1692 550 1791 621 qui
1815 549 2028 622 ﬂagelli

2155 549 2245 604 καὶ
2276 549 2460 622 αὑτοῦ,
2492 550 2628 605 κατά
2678 551 2909 624 μίμησιν
2958 554 3065 606 τῶν
3114 553 3495 628 προεστώτων,
3548 553 3599 609 ἐν
3632 557 3815 629 ἀμαρ-

391 638 609 695 furoris
640 655 706 693 ac
760 637 857 693 irae
908 636 1140 693 Domini
1170 640 1488 708 pateretur.
1512 638 1615 695 Est
1657 644 1851 695 autem
1885 640 2028 695 fumi

2154 638 2293 701 τίαις
2326 640 2649 715 γενομένου,
2681 640 2771 694 καὶ
2822 640 2971 711 ἀξίου
3024 636 3180 703 ὄντος
3221 643 3407 696 παθεῖν
3438 644 3506 698 τά
3558 643 3665 699 ἀπὸ
3710 650 3815 701 τοῦ

392 729 662 801 quaedam
696 726 1003 799 sanguinis
1035 726 1190 782 circa
1239 742 1340 782 cor
1385 726 1672 799 ebullitio,
1708 745 1741 783 a
1770 728 2028 800 quopiarr

2156 734 2335 802 θυμοῦ
2365 730 2454 785 καὶ
2497 732 2595 799 τῆς
2630 729 2798 806 ὀργῆς
2836 734 2932 784 τοῦ
2965 730 3186 803 Κυρίου.
3223 733 3376 788 Ἔστι
3409 728 3467 788 δὲ
3499 732 3670 805 θυμὸς
3696 736 3821 807 (76)

389 817 570 874 veluti
603 821 832 871 tumore
879 832 946 871 ex
996 815 1312 871 humorum
1340 817 1717 889 vaporatione
1765 819 1920 874 circa
1949 835 2047 873 cor

391 910 681 969 concreto,
698 921 910 961 nomen
935 907 1209 971 sortitus;
1235 907 1322 961 ira
1343 922 1475 961 vero
1498 911 1587 962 est
1609 908 1906 979 appetitus
1927 909 2047 963 vin-

392 997 577 1053 dictas.
602 999 806 1067 Itaque
855 994 1018 1051 furor
1045 993 1321 1050 velociter
1358 1001 1683 1052 commovet
1730 997 2042 1065 affectum;

387 1087 473 1142 ira
500 1102 636 1141 vero
680 1084 997 1141 ﬁrmiorem
1033 1100 1100 1139 ac
1131 1090 1597 1155 perseverantem
1630 1086 1900 1154 gtristitiee
1949 1102 2044 1141 ex-

387 1175 699 1248 pletioncm
744 1173 986 1230 indicat.
1011 1173 1257 1229 Credere
1287 1174 1524 1245 quidem
1575 1175 1736 1244 pium
1773 1175 1947 1230 fuerit
1976 1192 2044 1232 ac

387 1263 748 1337 religiosum,
780 1263 853 1319 de
884 1262 999 1318 Deo
1040 1266 1314 1318 neutrum
1362 1261 1593 1334 proprie
1623 1263 1736 1318 dici
1769 1281 1782 1318 :
1820 1264 1921 1320 sed
1953 1265 2041 1320 hae

382 1370 554 1410 voces
585 1353 844 1426 figurata:
876 1356 1018 1408 sunt
1036 1356 1093 1407 et
1121 1349 1441 1407 translatae.
1465 1351 1590 1407 Non
1621 1352 1777 1408 enim
1811 1358 2039 1424 pertur-

383 1443 542 1499 batio
564 1440 687 1497 ulla
715 1439 776 1495 in
798 1441 913 1497 Deo
931 1449 1041 1510 esl,
1063 1456 1253 1510 neque
1283 1439 1603 1495 adventitia
1635 1440 1756 1496 ulla
1785 1442 2041 1514 qualitas

384 1532 593 1589 cadere
620 1534 813 1603 potest
841 1530 900 1585 in
931 1531 1061 1599 ejus
1093 1529 1438 1585 essentiam.
1462 1529 1679 1585 Verum
1705 1532 1859 1587 actio
1880 1534 2039 1602 ejus-

386 1622 562 1689 modi,
598 1636 725 1693 quw
756 1619 816 1675 in
848 1619 1017 1675 nobis
1059 1617 1368 1685 excitatur,
1400 1618 1730 1691 appellatur
1758 1620 1937 1677 furor.
1972 1623 2042 1678 Et

384 1712 632 1768 fortasse
661 1726 862 1766 severa
893 1714 950 1765 et
978 1708 1172 1781 gravis
1201 1707 1505 1779 castigatio
1532 1708 1620 1765 ira
1652 1709 1868 1765 dicitur
1899 1727 1911 1767 :
1948 1728 2035 1768 re-

2159 820 2297 888 ζέσις
2352 822 2447 873 τοῦ
2496 818 2620 893 περὶ
2668 815 2890 894 καρδίαν
2940 817 3193 893 α’ίματος,
3241 820 3389 896 παρά
3429 821 3493 876 τὸ
3544 822 3709 878 οἱονεὶ
3764 822 3820 894 ἐξ

2156 907 2562 981 ἀναθυμιάσεως
2595 912 2701 963 τῶν
2753 912 2949 982 χυμῶν
2995 910 3379 983 συνιστάμενον
3413 908 3625 985 οἷ’δημα
3681 912 3816 987 περὶ

2151 999 2251 1067 τὴν
2285 995 2509 1072 καρδίαν
2541 997 2953 1070 ὠνομασμένος·
3004 997 3143 1073 ὀργὴ
3177 995 3235 1053 δέ
3275 997 3416 1053 ἐστιν
3457 995 3632 1074 ὄρεξις
3663 1001 3819 1058 ἀντι-

2155 1085 2464 1158 λυπήσεως.
2496 1089 2656 1142 Ὥστε
2702 1087 2764 1142 τὸ
2820 1087 2913 1160 μὶν
2967 1086 3143 1159 ὀξεῖαν
3175 1084 3418 1162 ἔχειτοῦ
3447 1089 3655 1152 πάθους
3705 1092 3813 1159 τὴν

2152 1176 2390 1247 κίνησιν,
2424 1176 2488 1231 τὸ
2538 1173 2596 1230 δὲ
2641 1175 3019 1250 μονιμωτέραν
3064 1176 3153 1231 καὶ
3202 1178 3651 1253 παρατεταμένην
3702 1179 3813 1253 ἆμ-

2152 1265 2325 1344 φαίνέι
2379 1267 2477 1335 τήν
2531 1264 2619 1321 ἐπὶ
2667 1269 2736 1340 τῇ
2786 1264 2935 1341 λύπῃ
2990 1264 3371 1341 ἐκπλήρωσιν.
3436 1267 3555 1323 Ἐπί
3619 1267 3813 1341 μέντοι

2151 1359 2283 1410 Θεοῦ
2316 1352 2599 1430 οὐδέτερον
2650 1357 2828 1409 αὐτῶν
2871 1352 3082 1430 κλρίως
3132 1351 3382 1429 λέγεσθαι
3434 1352 3640 1418 εὐσεϐές
3690 1357 3807 1412 ἐστι

2147 1442 2564 1518 παραδέξασθαι,
2618 1440 2765 1499 ἀλλά
2818 1442 3075 1518 τροπικαὶ
3124 1443 3179 1497 αἱ
3230 1444 3425 1521 φωναί.
3471 1445 3545 1498 O6
3572 1447 3672 1522 γάρ
3703 1448 3809 1501 πά-

2148 1535 2240 1596 θσς
2273 1538 2425 1603 Θεοῦ,
2460 1530 2586 1588 οὑδὲ
2613 1533 2747 1606 αὑτῇ
2778 1536 2847 1607 τῇ
2876 1532 3034 1604 οὑσίᾳ
3062 1532 3226 1587 αὑτοῦ
3258 1526 3624 1607 συμϐεϐηκός·
3673 1533 3810 1590 ἀλλ’

2146 1625 2181 1692 ἡ
2231 1623 2355 1697 περὶ
2403 1625 2551 1695 ἡμᾶς
2594 1619 2778 1678 τοιάδε
2821 1621 3057 1696 ἐνέργεια
3111 1622 3284 1695 θυμὸς
3333 1621 3803 1699 προσηγόρευται.

2148 1712 2245 1767 Καὶ
2276 1714 2440 1788 τάχα,
2471 1714 2505 1782 ἡ
2560 1712 2654 1784 μὲν
2701 1710 2952 1773 ἐπίπονος
3001 1707 3304 1774 παίδευσις.
3341 1710 3499 1787 ὀργή·
3534 1713 3563 1767 6
3623 1708 3682 1767 δὲ
3707 1734 3807 1768 τα-

384 1800 693 1875 prebensio
713 1817 863 1865 vere,
889 1817 1013 1872 quas
1035 1799 1417 1873 cogitationes
1447 1804 1679 1858 nostras
1709 1802 2028 1874 perturbat,

2148 1802 2324 1877 ραχὴν
2383 1804 2545 1873 ἡμῶν
2602 1800 2847 1873 ἐμποιῶν
2904 1802 3019 1874 (77)
3070 1805 3188 1863 τοῖς
3222 1799 3512 1877 λογισμοῖς
3544 1798 3800 1877 ἔλεγχος,

384 1892 546 1947 furor
574 1893 972 1961 nuncupatur.
1006 1889 1235 1945 Etenim
1275 1889 1433 1946 Deus
1464 1891 1657 1947 furore
1694 1890 2033 1948 exstimula-

381 1984 503 2051 tus,
525 1995 624 2035 eos
646 1978 863 2050 quibus
889 1982 1214 2048 succenset,
1237 1979 1439 2035 turbat
1459 1996 1526 2035 ac
1546 1979 1876 2049 confundit,
1900 1997 2035 2037 nec-

382 2069 524 2124 dum
544 2069 705 2140 ipsos
722 2066 842 2123 ullo
860 2066 1609 2139 dignatursermonejuxta
1629 2068 1771 2123 illud
1786 2068 2032 2136 dictum,

379 2162 448 2214 In
492 2159 687 2229 furore
727 2173 828 2212 suo
872 2156 1219 2212 conturbabit
1261 2173 1350 2213 eos
1369 2157 1433 2211 ⁸⁵.
1458 2158 1563 2222 Qui
1615 2163 1810 2214 autem
1862 2159 2031 2215 casti-

378 2251 593 2319 gantur
625 2246 685 2301 in
717 2244 825 2314 ira,
859 2245 918 2300 hi
956 2244 1268 2317 disciplina
1298 2251 1615 2301 censentur
1643 2246 1825 2319 digni,
1860 2252 2035 2319 prout

377 2334 594 2392 dicitur
622 2353 635 2391 :
660 2336 801 2391 Tunc
832 2335 1086 2407 loquetur
1104 2335 1176 2390 ad
1203 2350 1291 2391 eos
1322 2336 1383 2391 in
1413 2336 1501 2391 ira
1527 2352 1631 2391 sua
1649 2336 1714 2392 ⁸⁸.
1742 2336 1849 2400 Qui
1873 2337 2031 2393 enim

378 2425 451 2481 ob
473 2427 709 2498 peccata
732 2424 1128 2497 redarguitur,
1155 2424 1413 2481 nondum
1435 2429 1522 2480 est
1545 2425 1869 2498 castigatus
1892 2441 1906 2481 :
1932 2425 2031 2496 qui

378 2518 572 2571 autem
604 2515 949 2585 castigatur,
983 2513 1238 2568 ostendit
1278 2513 1548 2569 accedere
1579 2531 1641 2569 se
1673 2515 1801 2585 jam
1833 2513 2029 2586 aliquo

378 2606 548 2675 pacto
570 2604 638 2658 ad
664 2603 997 2658 scientiam.
1024 2604 1246 2673 Itaque,
1261 2603 1309 2657 si
1334 2602 1586 2673 castigat
1605 2602 1694 2658 ira
1716 2603 1877 2658 furor
1896 2620 2029 2659 vero

376 2693 665 2764 objurgat,
686 2692 771 2746 ira
794 2691 976 2747 lurori
1000 2691 1453 2762 praestatQuare
1480 2696 1536 2746 et
1553 2691 1839 2747 Jeremias
1865 2708 1878 2746 :
1906 2692 2029 2747 Cor-

373 2784 499 2853 ripe
536 2797 653 2849 nos,
689 2782 936 2848 Domine,
960 2789 1337 2836 verumtamen
1384 2782 1449 2836 in
1490 2781 1706 2852 judicio
1735 2786 1787 2837 et
1830 2797 1936 2836 non
1969 2783 2027 2836 in

324 2922 327 2923 ν
371 2874 561 2942 furore
580 2870 643 2923 ⁸⁷.
678 2870 804 2924 Non
835 2870 991 2924 enim
1033 2868 1181 2923 dixit
1214 2887 1227 2924 :
1263 2870 1328 2924 Et
1359 2886 1474 2924 non
1517 2869 1576 2923 in
1608 2868 1726 2936 ira;
1760 2870 2027 2941 quando-

373 2959 612 3031 quidem
632 2958 936 3026 correctio,
958 2975 1026 3012 ex
1040 2958 1267 3028 judicio
1291 2958 1568 3029 profecta,
1598 2957 1908 3029 benignior
1937 2962 2029 3014 est

371 3053 428 3103 et
458 3047 656 3104 mitior
685 3064 860 3118 quam
888 3064 1016 3119 quin
1050 3063 1149 3118 per
1189 3047 1447 3102 furorem
1495 3054 1551 3102 et
1601 3047 1749 3102 iram
1780 3047 2025 3103 adbibe-

372 3142 486 3193 tur.
522 3135 803 3207 Quisquis
848 3136 1005 3191 enim
1038 3136 1353 3208 corripitur
1382 3135 1440 3190 in
1467 3135 1711 3205 judicio,
1747 3141 1805 3191 et
1835 3154 1866 3192 a
1897 3153 2022 3192 ser-

2146 1891 2313 1964 θνμὸς
2368 1890 3124 1966 προσηγόρευται.Ταράσσει
3189 1889 3283 1962 μὲν
3341 1888 3442 1966 γὰρ
3500 1893 3582 1961 τῷ
3620 1890 3800 1964 θυμῷ,

2148 1977 2379 2053 μηδέπω
2411 1977 2578 2054 λόγου
2629 1979 2789 2049 ἀξιῶν
2839 1978 2965 2040 τοὺς
3014 1982 3096 2040 οἷς
3123 1979 3389 2052 θυμοῦται
3424 1977 3452 2033 ὅ
3483 1978 3635 2048 Θεὸς,
3667 1980 3805 2036 κατά

2142 2070 2204 2124 τὸ
2255 2069 2566 2145 είρημένον,
2620 2068 2704 2123 ὅτι
2753 2071 2841 2125 ’Ev
2890 2072 3047 2141 θυμῷ
3091 2068 3255 2123 αὑτοῦ
3304 2067 3519 2145 ταράξει
3576 2068 3798 2136 αὐτούς.

2144 2156 2502 2220 Διδασκαλίας
2562 2156 2619 2213 δὲ
2676 2158 2727 2213 ἐν
2764 2158 2899 2232 όργῇ
2958 2158 3008 2211 οἱ
3065 2154 3451 2230 παιδευόμενοι
3499 2158 3793 2231 ἀξιοῦνται,

2141 2248 2279 2302 κατά
2314 2248 2376 2302 τὸ
2434 2246 2746 2323 εἰρημένον,
2806 2248 2888 2301 ὅτι
2947 2245 3078 2301 Τότε
3134 2244 3366 2317 λαλήσει
3415 2247 3553 2322 πρὸς
3594 2246 3793 2310 αὐτοὺς

2143 2336 2193 2391 ἐν
2251 2337 2390 2411 ὀργῇ
2435 2338 2636 2395 αὑτοῦ.
2696 2338 2757 2393 Ὀ
2809 2338 2902 2409 μὲν
2956 2337 3060 2411 γὰρ
3112 2334 3485 2411 ἐλεγχόμενος
3533 2336 3620 2392 ἐπὶ
3674 2342 3790 2399 τοῖς

2141 2426 2578 2501 ἡμαρτημένοις,
2609 2422 2761 2480 οὕπω
2811 2422 3180 2479 πεπαίδευται·
3215 2426 3244 2479 6
3276 2421 3334 2479 δὲ
3374 2422 3784 2499 παιδευόμενος,

2139 2513 2247 2586 ἤδη
2299 2519 2411 2589 (78)
2469 2514 2736 2591 ἐγγότητά
2788 2535 2911 2569 τινα
2958 2514 3094 2588 πρὸς
3150 2512 3461 2588 ἐπιστήμην
3515 2514 3784 2592 ἐμφαίνει.

2139 2605 2202 2662 Εἰ
2260 2603 2350 2659 οὖν
2411 2602 2651 2659 παιδεύει
2699 2605 2793 2676 μὲν
2831 2603 2989 2679 ὀργὴ,
3022 2601 3243 2679 ἐλέγχει
3272 2600 3330 2659 δὲ
3361 2605 3555 2678 θυμὸς,
3605 2606 3786 2661 ἀνυσι-

2143 2695 2385 2769 μώτερον
2436 2696 2470 2762 ἡ
2515 2693 2650 2769 ὀργή
2708 2697 2806 2748 τοῦ
2857 2696 3051 2765 θυμοῦ.
3102 2693 3202 2747 Διά
3248 2697 3409 2748 τοῦτο
3447 2696 3537 2748 καί
3569 2695 3598 2749 6
3632 2697 3789 2769 Ἰερε-

2142 2784 2288 2856 μίας·
2352 2779 2643 2837 Παίδευσον
2701 2784 2874 2855 ἡμᾶς,
2934 2782 3115 2856 Κύριε,
3177 2779 3323 2851 πλὴν
3374 2781 3425 2837 ἐν
3467 2782 3641 2855 κρίσει
3698 2784 3788 2838 καὶ

2141 2872 2215 2944 μὴ
2246 2870 2296 2925 ἐν
2358 2876 2537 2944 θυμῷ,
2589 2871 2665 2928 Οὑ
2720 2871 2820 2947 γάρ
2879 2870 3014 2926 εἷπε·
3057 2872 3155 2925 Καὶ
3215 2871 3289 2944 μὴ
3345 2870 3397 2924 ἐν
3444 2870 3602 2946 ὀργῇ·
3636 2869 3787 2939 πλὴν

2136 2960 2484 3036 χρηστοτέρα
2514 2960 2545 3014 ἀ
2570 2957 2873 3029 παίδευσις,
2905 2961 2940 3030 ἡ
2973 2959 3080 3015 ἀπὸ
3110 2958 3357 3034 κρίσεως,
3381 2964 3484 3028 τῆς
3530 2959 3638 3013 ἀπὸ
3682 2963 3781 3014 τοῦ

2134 3052 2309 3122 θυμοῦ
2360 3050 2446 3104 καὶ
2490 3056 2592 3118 τῆς
2645 3049 2834 3124 ὀργῆς.
2885 3049 2944 3105 Ὁ
2993 3049 3096 3124 γὰρ
3146 3047 3197 3102 ἐν
3246 3046 3415 3123 κρίσει
3448 3044 3783 3120 παιδευθεὶς,

2135 3139 2505 3217 φωτιζόμενος
2537 3138 2640 3193 ὑπὸ
2688 3142 2786 3193 τοῦ
2836 3135 3026 3213 λόγου,
3078 3133 3491 3212 ὠφεληθήσεται
3523 3135 3628 3189 ἀπὸ
3674 3140 3784 3191 τῶν

369 3242 543 3282 mone
597 3225 949 3295 illustratur,
998 3243 1066 3279 ex
1116 3225 1212 3280 Dei
1257 3224 1501 3295 judiciis
1549 3226 2022 3281 emolumentum

2140 3208 2230 3282 τοῦ
2279 3208 2411 3283 Θεοῦ
2467 3228 2750 3301 κριμάτων
2790 3208 2928 3303 πρὸς
2981 3226 3045 3281 τὸ
3097 3208 3267 3299 μηδὲν
3321 3222 3552 3299 ἀκρίτως
3602 3223 3783 3300 πράσ-

367 3320 750 3387 percepturus
771 3320 862 3370 cst
883 3320 1058 3385 atque
1081 3314 1417 3379 utilitatem,
1438 3331 1571 3369 cum
1605 3314 1751 3370 nihil
1788 3320 2029 3387 peragat

367 3403 512 3458 citra
542 3401 861 3473 judicium,
892 3403 1009 3457 imo
1035 3402 1295 3473 perﬁciat
1321 3402 1519 3458 omnia
1543 3419 1678 3458 cum
1701 3404 2022 3473 sanojudi—

368 3489 488 3558 cio;
512 3490 595 3547 sic
622 3496 810 3545 utnec
836 3490 1021 3561 ipsius
1044 3490 1652 3562 cogitationcsjudicii
1676 3491 1794 3546 sint
1820 3508 2022 3563 exper-

363 3579 657 3650 tes,juxt9.
683 3578 740 3633 id
763 3580 918 3650 quod
944 3579 1166 3634 dictum
1200 3584 1292 3634 est
1316 3596 1328 3634 :
1356 3580 1725 3649 Cogitationes
1747 3581 2023 3651 justorum

346 3669 571 3741 judicia
591 3668 655 3723 ⁸⁸.
688 3669 754 3723 Et
784 3668 1021 3740 quidem
1046 3667 1258 3738 judicii
1294 3673 1576 3739 tempore,
1615 3685 1747 3724 cum
1783 3686 2021 3724 manum

360 3773 533 3814 suam
567 3755 786 3829 populo
817 3756 1102 3827 injecerit,
1134 3763 1358 3812 montes
1385 3756 1561 3813 etiam
1592 3757 1872 3813 dicuntur
1892 3775 2023 3814 esse

359 3845 768 3902 cxacerbandi.
805 3845 1094 3903 Nimirum
1132 3846 1353 3901 indicat
1381 3847 1687 3917 Scriptura
1708 3847 1753 3881 ⁸⁸
1784 3864 2020 3903 omnem

362 3933 539 3989 simul
569 3950 914 3989 concurrere
937 3938 1267 3989 creaturam
1292 3934 1363 3990 ad
1389 3933 1794 3991 ulciscendum
1817 3952 2020 4008 pecca-

355 4026 534 4079 tores.
564 4023 1071 4089 Quemadmodum
1104 4022 1261 4078 enim
1297 4023 1602 4096 plagarum
1646 4026 2015 4097 Egyptiaca-

356 4128 488 4168 rum
508 4117 769 4183 tempore
791 4112 862 4167 ab
881 4112 1042 4167 omni
1060 4116 1225 4183 parte
1242 4128 1341 4168 eos
1364 4113 1681 4169 invadebat
1699 4114 2017 4183 bellum,ab

354 4219 506 4270 aere,
528 4218 563 4257 a
602 4206 777 4268 terra,
805 4202 877 4256 ab
925 4218 1116 4272 aqua:
1143 4201 1228 4255 sic
1260 4206 1317 4256 et
1349 4203 1541 4267 modo,
1567 4219 1699 4258 cum
1736 4204 2017 4259 Dominus

354 4290 571 4363 populo
597 4307 842 4346 manum
865 4306 1036 4345 suam
1062 4290 1132 4345 ad
1163 4289 1358 4360 ipsum
1394 4292 1844 4363 percutiendum
1870 4292 2015 4363 inje-

2137 3338 2269 3382 σειν,
2318 3314 2464 3372 ἀλλά
2511 3315 2686 3371 πάντα
2732 3316 2905 3390 κρίσει
2959 3315 3101 3391 ὀγιεῖ
3158 3311 3453 3385 ἐπιτελεὶν,
3512 3312 3652 3368 ὥστε
3700 3312 3792 3368 καὶ

2132 3404 2327 3466 αὐτοὺς
2376 3402 2521 3480 ἔχειν
2572 3404 2699 3467 τοὺς
2750 3404 3050 3481 λογισμοὺς
3103 3403 3501 3479 κεκριμένους,
3546 3401 3701 3458 κατὰ.
3729 3403 3793 3458 τὸ

2134 3494 2417 3570 εἰρημένον
2446 3512 2457 3524 ·
2510 3494 2781 3567 Λογισμοὶ
2831 3490 3095 3560 δικαίων,
3142 3489 3402 3565 κρίματα.
3464 3491 3615 3548 Κατά
3669 3489 3791 3565 μέν·

2130 3605 2218 3637 τοι
2249 3583 2338 3637 τὸν
2366 3583 2554 3658 καιρὸν
2606 3588 2706 3651 τῆς
2765 3580 3018 3657 κρίσεως,
3077 3580 3207 3656 δταρ
3268 3574 3506 3655 ἐπιϐάλῃ
3570 3580 3788 3655 (79)τῷ

2132 3669 2250 3745 λαῷ
2297 3673 2395 3740 τὴν
2430 3677 2593 3747 χεῖρα
2623 3672 2810 3740 αὐτοῦ,
2863 3670 2953 3725 καὶ
3009 3671 3076 3725 τά
3129 3666 3229 3746 ὅρη
3285 3671 3789 3745 παροξυνθήσεσθαι

2134 3760 2364 3837 λέγεται’
2410 3758 2719 3823 δεικνύντος
2787 3764 2885 3815 τοῦ
2949 3758 3138 3837 λόγου,
3198 3758 3284 3815 ὅτι
3334 3763 3480 3814 πᾶσα
3522 3761 3557 3829 ἡ
3608 3760 3786 3823 κτίσις

2129 3851 2518 3906 συνεπιτίθεται
2548 3854 2616 3925 τῇ
2667 3847 2941 3920 ἐκδικήσει
2970 3855 3078 3905 τῶν
3131 3848 3510 3927 ἀμωρτωλῶν.
3542 3851 3631 3912 Ὧς
3682 3850 3783 3926 γάρ

2128 3937 2346 3993 ἐπὶτῶν
2378 3937 2609 4014 πληγῶν
2667 3941 2773 3991 τῶν
2835 3937 3245 4012 Αἰγυπτιακῶν,
3298 3937 3637 4012 πανταχόθεν
3688 3936 3785 3991 αὖ·

2124 4032 2240 4090 τοῖς
2283 4028 2310 4082 ὁ
2352 4025 2618 4099 πόλεμος·
2671 4025 2777 4081 ἀπὸ
2826 4026 3004 4101 ἀέρος,
3054 4026 3163 4081 ἀπὸ
3209 4032 3336 4101 γῆς,
3396 4026 3506 4081 ἀπὸ
3559 4022 3780 4101 ϐδατοςξ

2126 4116 2267 4172 οὕτω
2324 4116 2415 4171 καὶ
2467 4098 2583 4184 νῦν,
2633 4115 2759 4171 ὅταν
2815 4098 3090 4191 ἐπιϐάλλῃ
3135 4098 3235 4186 τὴν
3286 4120 3448 4193 χεῖρα
3494 4115 3663 4172 αὐτοῦ
3693 4098 3785 4172 ἐπὶ

2122 4203 2213 4258 τὸν
2245 4202 2374 4258 λαὸν
2430 4205 2457 4258 6
2505 4202 2730 4278 Κύριος,
2782 4208 2878 4257 τοῦ
2928 4204 3157 4274 πατάξαι
3203 4201 3381 4258 αὐτόν·
3434 4203 3525 4259 καὶ
3567 4204 3635 4260 τά
3682 4200 3787 4280 ὅρη

2127 4294 2609 4366 παροξυνθήσεται,
2664 4294 2731 4347 τά
2781 4290 2838 4347 δὲ
2884 4295 3180 4365 θνησιμαῖα
3208 4298 3304 4348 τοῦ
3357 4290 3517 4362 λαοῦ,
3569 4293 3645 4356 ὡς
3695 4314 3787 4348 κο-
3892 4328 3899 4335 ›

354 4380 516 4436 cerit.
543 4379 693 4446 Quin
725 4380 905 4435 etiam
954 4379 1342 4435 exacerbandi
1387 4385 1617 4436 montes
1650 4387 1809 4451 sunt,
1843 4387 2017 4453 atque

2140 4382 2256 4458 τρία
2317 4379 2403 4437 διά
2451 4384 2550 4451 τὴν
2610 4382 2831 4456 ἀτιμίαν
2887 4382 2937 4436 ἐν
3011 4382 3162 4456 μέσῳ
3208 4386 3309 4448 τῆς
3355 4380 3487 4438 ὁδοῦ
3536 4382 3780 4457 κείμενα,

359 4468 670 4523 morticina
702 4467 901 4539 populi
943 4472 1008 4522 ut
1051 4472 1280 4524 stercus
1310 4484 1413 4540 per
1445 4468 1595 4525 512
1626 4470 2012 4542 ignominiam

2140 4474 2652 4543 ιαταπατηθήσεται.
2714 4472 2926 4543 Νόησόν
3013 4493 3106 4545 μοι
3181 4470 3308 4535 τοὺς
3364 4471 3417 4526 ἐν
3494 4473 3784 4549 ἁμαρτίαις

355 4561 414 4613 et
443 4557 697 4612 dedecus
745 4557 804 4611 in
846 4556 1038 4612 media
1068 4557 1161 4613 via
1206 4557 1464 4628 jacentia
1492 4558 2012 4616 conculcabantur.

2140 4562 2478 4636 γενομένους,
2540 4560 2992 4635 ἐναπομείναντας
3021 4567 3138 4624 τοῖς
3193 4562 3475 4637 πράγμασι
3514 4566 3607 4617 τοῦ
3657 4561 3779 4637 βίου

359 4645 709 4702 Consideres
734 4645 903 4701 velim
927 4662 1027 4702 eos
1050 4647 1151 4719 qui
1176 4647 1235 4702 in
1260 4648 1518 4720 peccatis
1538 4649 1866 4720 constituti,
1886 4650 2014 4705 vitae

2140 4649 2339 4721 εούτου,
2394 4649 2483 4704 καὶ
2536 4651 2637 4705 ὑπὸ
2699 4655 2807 4705 τῶν
2859 4649 3244 4724 ἀντικειμένων
3294 4647 3574 4723 δυνάμεων
3622 4671 3782 4706 κατα-

352 4735 536 4807 hujus
566 4735 960 4791 immorantur
988 4736 1261 4807 negotiis,
1286 4742 1462 4809 atque
1495 4738 1915 4810 proculcantur
1944 4740 2015 4796 ab

355 4824 710 4881 adversariis
741 4825 1135 4896 potestatibus
1163 4843 1174 4881 :
1202 4842 1455 4897 quorum
1478 4844 1575 4883 cor
1596 4846 1730 4885 cum
1762 4846 1876 4885 non
1910 4830 2017 4885 du-

352 4919 520 4970 catur
550 4913 915 4986 poenitentia,
936 4914 1196 4971 affirmat
1219 4915 1456 4971 Domini
1489 4933 1686 4975 sermo
1718 4918 1868 4973 iram
1901 4935 2018 4974 non

355 5019 486 5060 esse
508 5004 580 5060 ab
603 5002 688 5060 eis
709 5004 1111 5069 avertendam,
1136 5005 1234 5060 sed
1269 5004 1595 5062 etiamnum
1626 5023 1863 5064 manere
1894 5024 2016 5065 ma-

356 5109 499 5148 num
531 5092 842 5165 excelsam,
864 5092 924 5149 id
948 5096 1055 5160 est,
1080 5098 1333 5150 erectam
1356 5095 1428 5150 ad
1462 5094 1747 5152 ultionem
1780 5114 2018 5154 sumen-

359 5182 514 5237 dam.
540 5181 765 5255 Quippe
798 5199 1041 5239 manum
1070 5186 1235 5238 vocat
1267 5183 1546 5239 virtutem
1579 5186 1893 5256 vindicem,
1927 5202 2019 5242 se-

2126 4739 2523 4814 πατουμένους,
2557 4742 2629 4795 ὧν
2677 4737 2766 4795 διὰ
2812 4741 2910 4810 τὴν
2956 4739 3327 4814 ἀμετανόητον
3380 4738 3603 4816 καρδίαν
3634 4737 3785 4796 ὁλό-

2124 4850 2219 4906 γος
2294 4834 2392 4884 τοῦ
2459 4830 2659 4904 Κυρίου
2728 4829 2915 4908 φησὶν,
2966 4829 3065 4885 οὐκ
3118 4830 3629 4907 ἀποστραφήσεσθαι
3687 4831 3781 4885 τὸν

2129 4920 2322 4992 θυμὸν,
2356 4917 2502 4975 ἀλλά
2532 4915 2607 4974 ἔτι
2646 4918 2821 4992 μένειν
2863 4921 2960 4989 τήν
2994 4925 3157 4995 χεῖρα
3189 4917 3429 4992 ὑψηλήν·
3479 4921 3781 4994 τουτέστιν,

2129 5007 2443 5085 ἐπηρμένην
2499 5008 2575 5070 είς
2608 5005 2905 5079 ἐκδίκησιν,
2965 5013 3128 5086 χεῖρα
3172 5007 3346 5085 λέγων
3392 5011 3494 5080 τὴν
3523 5006 3784 5065 κολαστι-

2128 5098 2227 5166 κήν
2306 5095 2560 5171 δύναμιν,
2622 5100 2758 5153 κατά
2808 5098 2897 5153 τὸν
2943 5093 3095 5154 ’[ώ6’
3142 5098 3274 5175 Χεὶρ
3328 5098 3431 5175 γάρ
3490 5098 3689 5172 Κυρίου
3747 5101 3784 5170 ἡ

2130 5186 2385 5261 ἁψαμένη
2450 5187 2555 5259 μού
2586 5186 2717 5241 ἐστι’
2764 5188 2854 5243 καὶ
2887 5187 2938 5244 ἐν
2971 5186 3152 5260 τούτῳ
3181 5191 3277 5242 τοῦ
3309 5181 3573 5243 διαϐόλοῦ
3623 5193 3790 5264 χεῖρα

425 5349 469 5385 ⁸⁵
500 5348 652 5406 Psal-
687 5366 748 5417 II,
778 5352 832 5408 5.
909 5352 954 5387 ⁸⁵
986 5351 1129 5407 ibid.
1208 5352 1252 5387 ⁸⁷
1281 5350 1498 5408 Jerem.
1533 5369 1590 5425 κ,
1620 5353 1709 5408 24.
1787 5354 1831 5389 ⁸⁸
1863 5360 2026 5410 Prov.

2140 5374 2165 5426 :,
2196 5356 2251 5413 5.
2328 5358 2373 5394 ⁸ο
2402 5360 2535 5429 Sep.
2569 5375 2625 5429 ν,
2660 5359 2746 5415 18.

431 5518 752 5596 (Ἱϐλῐῧάἰῐὶ,
785 5520 956 5594 θυμὸς
1011 5518 1127 5595 μέν.
1156 5521 1378 5579 Vocula
1425 5521 1520 5596 μέν
1554 5522 1613 5579 in
1648 5525 1869 5581 nostris
1917 5542 2018 5583 sex

357 5609 504 5650 mss.
540 5594 728 5649 deest.

431 5666 537 5739 (7‘7)
574 5666 810 5725 Veteres
841 5665 1067 5738 aliquot
1098 5664 1253 5736 libri,
1286 5669 1481 5724 ποιῶν.

2198 5528 2313 5599 (78)
2370 5527 2462 5582 Sic
2530 5544 2671 5584 mss.
2733 5546 2853 5584 sex.
2911 5527 3089 5598 Editi,
3151 5527 3179 5583 6
3240 5523 3298 5583 δὲ
3352 5525 3789 5605 πεπαιδευμένος

2125 5596 2308 5745 ἤδῖίίθ)
2341 5671 2518 5745 Editi,
2550 5664 2850 5747 ἐπιϐάλλῃ.
2883 5676 2960 5733 At
2988 5687 3093 5734 sex
3121 5686 3293 5747 mse.,
3316 5664 3578 5747 ἐπιϐάλῃ.
