4138 6370
290 341 414 402 ιεις

1121 338 1529 401 COMMENT.
1571 338 1658 400 IN
1698 338 1971 401 ISAIAM
2011 339 2527 408 PROPHETAM.
2569 346 2746 408 CAP.
2790 347 2894 408 Vl.

3604 346 3726 408 426

294 472 553 549 λὲγοντος
610 468 665 524 ἒν
713 470 792 540 τῷ
847 472 1023 541 καιρῷ
1075 474 1178 539 τῆς
1230 466 1534 533 κολάσεως·
1597 469 1675 529 Ού
1721 471 1830 542 μὴν
1874 467 1951 538 δὲ,

2088 476 2324 530 :undum
2356 476 2470 533 Job
2506 495 2518 533 :
2554 482 2770 534 Manus
2820 480 2968 534 enim
3014 480 3238 536 Domini
3263 486 3362 551 est,
3392 496 3513 554 qua:
3538 496 3627 537 me
3652 486 3731 537 te-

293 559 444 617 ἀλλὰ
474 556 801 614 ἀπόστειλον
828 558 927 626 τὴν
971 557 1134 634 χεῖρά
1181 579 1298 626 σου,
1331 558 1420 613 καὶ
1470 560 1598 633 ἅψαι
1640 563 1747 614 τῶν
1780 559 1953 614 ὀστῶν

295 649 485 706 αὐτοῦ.

366 830 494 884 482.
543 828 849 903 Τοιγαροῦν
930 824 1050 899 ἀρεῖ
1122 824 1399 897 σύσσημον
1468 824 1519 880 ἐν
1590 830 1706 887 τοῖς
1760 824 1953 897 ἔθνεσι,

291 924 412 981 τοῖς
476 917 686 993 μακρὰν
741 914 832 971 καὶ
886 919 1005 977 τοῖς
1059 912 1238 991 ἐγγὺς,
1286 915 1377 969 καὶ
1418 921 1591 991 συριεῖ
1620 913 1813 977 αὐτοὺς
1844 917 1957 986 (80)

298 1009 388 1064 ἀπ’
438 1006 608 1082 ἄκρου
658 1010 761 1075 τῆς
819 1010 945 1080 γῆς.
994 1004 1098 1060 Καὶ
1150 1002 1268 1057 ἰδοὺ
1321 1003 1464 1079 ταχὺ
1512 1003 1729 1082 κούφως
1762 1001 1955 1079 ἔρχον-

300 1119 413 1157 ται.
441 1097 588 1153 Κατὰ
630 1094 726 1168 μὶν
770 1094 833 1149 τὸ
882 1092 1046 1169 ῥητὸν
1096 1090 1236 1164 δύξει
1280 1093 1380 1162 τὴν
1433 1094 1747 1167 Ῥωμαϊκὴν
1799 1090 1955 1146 δύνα-

314 1208 402 1260 μιν
433 1187 529 1254 τὴν
560 1183 646 1239 ἐπὶ
678 1184 792 1258 (81)
820 1185 889 1257 τῇ
940 1179 1145 1258 ἰσχάτῃ
1192 1180 1489 1259 πολιορκίᾳ
1528 1181 1854 1246 ἐπελθοῦσαν

310 1273 666 1350 Ἰερουσαλὴμ
696 1274 724 1327 ὁ
756 1271 923 1348 λόγος
974 1270 1363 1348 προφητεύειν.
1399 1273 1486 1328 Ἐν
1539 1270 1730 1344 ἐκείνῳ
1771 1270 1872 1347 γὶρ
1904 1272 1955 1326 οἱ

301 1363 678 1440 στρατιωτικοὶ
732 1359 1038 1436 κατάλογοι
1104 1358 1569 1437 συνεπληροῦντο,
1632 1359 1691 1415 ἔκ
1745 1382 1803 1415 τε
1848 1365 1954 1415 τῶν

303 1454 508 1529 μακρὰν
568 1452 735 1517 ἐθνῶν
790 1450 879 1505 καὶ
939 1448 999 1505 ἐκ
1050 1454 1160 1505 τῶν
1219 1450 1499 1527 σύνεγγυς,
1547 1454 1655 1530 τῶν
1706 1450 1827 1524 περὶ
1858 1450 1956 1519 τὴν

300 1542 498 1616 Συρίαν
549 1541 640 1596 καὶ
686 1534 969 1614 Ἀραϐίαν,
1018 1539 1109 1595 καὶ
1158 1535 1304 1594 ἄλλα
1355 1538 1507 1610 ἔθνη,
1559 1538 1659 1593 ὅσα
1704 1536 1955 1614 παρακείη

307 1653 438 1705 μινα
466 1630 535 1705 τῇ
573 1627 809 1701 Ἰουδαίᾳ
836 1627 1279 1706 ἐστρατολογεῖτο
1329 1630 1475 1703 παρὰ
1501 1633 1610 1683 τῶν
1651 1628 1955 1701 Ῥωμαίων.

298 1722 368 1776 Γὸ
401 1720 495 1794 μὲν
528 1717 619 1774 οὖν
656 1718 935 1791 σύσσημον
990 1717 1042 1773 ἰν
1093 1724 1223 1780 τοῖς¹
1255 1716 1458 1773 ἔθνεσιν
1494 1716 1658 1787 ἤρθη’
1691 1716 1955 1786 τουτέστι,

2063 564 2189 634 tigit
2210 564 2273 619 νο.
2300 566 2366 620 Et
2394 566 2453 622 in
2486 567 2614 639 ipso
2652 568 2754 622 hoc
2785 568 2934 623 libro
2960 568 3231 624 diabolus
3254 573 3520 640 tempore
3549 568 3725 626 casti-

2065 653 2318 725 gationis
2351 655 2422 710 de
2454 673 2633 711 manu
2686 656 2949 727 loquitur
2980 674 2994 712 :
3030 658 3402 730 Nequaquam,
3435 658 3529 714 sed
3570 661 3731 715 mille

2067 758 2294 797 manum
2318 748 2495 813 tuam,
2528 752 2578 799 et
2605 753 2776 816 lange
2806 761 2927 801 ossa
2956 748 3073 817 ejus
3092 747 3159 800 ⁹¹.

2141 832 2261 886 182.
2295 832 2467 889 Vens.
2501 835 2693 890 26-30.
2731 836 2914 902 Igitur
2958 836 3200 892 clarabit
3245 838 3472 907 signum
3518 840 3579 892 in
3619 854 3727 892 na-

2064 921 2311 975 tionibus
2343 923 2661 993 longinquis
2704 930 2756 977 el
2798 926 3143 995 proPinquis,
3176 926 3225 979 et
3254 925 3506 980 sibilabit
3535 941 3628 980 eas
3657 927 3726 981 ab

2066 1015 2312 1066 extremo
2338 1020 2526 1068 terrae.
2560 1014 2633 1066 Et
2654 1027 2771 1067 εσσε
2790 1014 2896 1067 είεό
2921 1014 3116 1068 leviter
3147 1015 3395 1069 veniunt.
3419 1013 3726 1086 Scriptura

2068 1100 2303 1168 quidem
2336 1101 2406 1155 ad
2446 1100 2700 1156 litteram
2726 1101 2907 1155 videri
2932 1102 3118 1173 possit
3141 1101 3538 1158 Romanorum
3560 1118 3724 1159 exer-

2067 1188 2248 1243 citum
2283 1190 2615 1259 praedicere,
2647 1190 2745 1262 qui
2782 1190 2838 1244 in
2872 1194 3129 1246 extrema
3159 1191 3461 1247 obsidione
3488 1191 3721 1248 Jeroso-

2066 1275 2282 1348 lymam
2315 1279 2545 1334 invasit.
2580 1280 2726 1334 Nam
2763 1280 2821 1334 in
2855 1280 2963 1335 hoc
2994 1285 3277 1351 apparatu
3309 1279 3534 1336 indices
3565 1280 3719 1337 mili-

2066 1370 2223 1422 tares
2253 1367 2699 1439 complebantur
2721 1375 2845 1425 tum
2873 1385 2939 1423 ex
2965 1367 3320 1441 longinquis,
3341 1374 3464 1424 tum
3498 1386 3566 1425 ex
3597 1388 3725 1442 pro-

2069 1456 2309 1528 pinquis
2331 1458 2631 1530 gentibus,
2656 1475 2867 1529 nempe
2890 1475 2958 1513 ex
2994 1457 3068 1512 iis
3093 1474 3219 1529 quas
3243 1457 3396 1513 circa
3416 1457 3637 1531 Syriam
3670 1462 3729 1516 et

2066 1544 2340 1599 Arabiam
2376 1546 2683 1601 habitant:
2716 1546 2855 1617 quin
2899 1550 2957 1600 et
2988 1545 3113 1600 alia:
3145 1546 3432 1611 nationes,
3457 1562 3734 1617 quascun-
3764 1546 3768 1551 “

2069 1648 2182 1702 que
2217 1633 2485 1704 adjacent
2509 1636 2742 1704 Iudaeae,
2767 1653 2799 1690 a
2833 1634 3113 1691 Romanis
3143 1635 3214 1690 ad
3250 1634 3523 1690 militiam
3555 1635 3738 1692 ascri-

2074 1720 2378 1777 behantur.
2411 1722 2677 1778 Erectum
2740 1728 2830 1778 est
2885 1723 3087 1795 itaque
3131 1723 3188 1778 in
3250 1723 3529 1796 gentibus
3587 1723 3735 1778 illud

296 1811 361 1865 τὸ
394 1814 628 1882 σημεῖον
663 1810 775 1881 (82)
823 1811 921 1862 τοῦ
962 1811 1196 1879 σταυροῦ
1245 1812 1342 1862 τοῦ
1387 1804 1821 1883 ἀναδειχθέντος.
1855 1807 1957 1864 Καὶ

342 1899 357 1914 ι
436 1899 452 1914 \
524 1892 573 1914 ,'_
687 1896 702 1914 θ
756 1896 770 1914 ς
846 1897 860 1914 \
996 1896 1006 1914 1
1181 1896 1194 1914 ἳ
1239 1894 1259 1914 Ν
1297 1897 1341 1914 Ι-
1452 1899 1466 1914 ο
1515 1894 1559 1914 ἢκ
1598 1898 1632 1914 ο.
1845 1898 1863 1914 \
1892 1898 1906 1914 \

2088 1810 2344 1882 signum;
2389 1812 2498 1867 hoc
2539 1818 2650 1880 est,
2685 1814 2919 1884 signum
2953 1812 3144 1869 crucis
3178 1829 3303 1884 qua:
3341 1813 3629 1885 apparuit.
3665 1814 3737 1870 Et

299 1899 367 1954 τὰ
396 1899 489 1971 μὲν
523 1892 650 1968 ἔθνη
685 1896 773 1953 ἰπὶ
800 1897 899 1966 τήν
946 1896 1124 1952 πίστιν
1176 1894 1410 1969 ἐκλήθη,
1443 1899 1478 1966 ἡ
1512 1894 1569 1951 δὲ
1598 1898 1964 1971 Ἰερουσαλὴμ

302 1991 371 2061 τῇ
404 1992 750 2062 καταστροφῆ
798 1982 1097 2062 παρεδόθη.
1132 1984 1289 2042 Οὕτω
1336 1984 1394 2039 δὶ
1444 1983 1584 2061 ταχὺ
1624 1986 1714 2040 καὶ
1745 1985 1965 2062 κούφως

306 2074 575 2154 ἤρχοντο,
626 2075 895 2144 τοσαύτην
948 2073 1167 2152 ἔχοντες
1219 2075 1527 2149 προθυμίαν
1581 2073 1656 2138 είς
1701 2074 1763 2130 τὸ
1794 2072 1961 2130 πολε-

305 2171 423 2240 μεῖν
457 2210 470 2236 ,
534 2164 675 2219 ὥστε
748 2164 838 2219 καὶ
895 2167 1004 2219 τῶν
1061 2168 1277 2242 τροφῶν
1350 2162 1815 2233 ἐπιλανθάνεσθαι,
1874 2165 1964 2218 καὶ

309 2253 450 2331 μηδὲ
516 2255 586 2310 τὰ
660 2254 945 2325 σιτηρέσια
1001 2252 1335 2327 ἀναμένειν,
1401 2251 1543 2327 μηδὲ
1614 2254 1965 2317 ἀναπαύσεως

310 2343 538 2410 δεῖσθαι,
575 2341 719 2417 μηδὲ
769 2342 1112 2407 ἀποτίθεσθαι
1160 2343 1223 2398 τὸ
1247 2347 1355 2398 τῶν
1395 2340 1791 2417 πολεμούντων
1822 2350 1962 2420 σχῆο

502 2431 531 2453 Ὗ
669 2431 696 2455 θ’
1226 2453 1247 2466 Α
1337 2430 1358 2464 1
1848 2431 1862 2450 ἱ
1946 2431 1959 2450 \

316 2455 410 2508 μα.
456 2435 621 2491 Ουτοι
657 2452 843 2508 ωσπερ
894 2432 1083 2509 στερεὰ
1119 2431 1288 2507 πέτρα
1336 2432 1726 2508 ιλογίσθησαν,
1775 2453 1864 2487 και
1904 2453 1970 2486 τα

310 2524 528 2599 ἅρματα
600 2522 776 2577 αὐτῶν
839 2521 914 2583 ὡς
974 2518 1280 2596 καταιγίδες
1314 2541 1326 2553 ·
1388 2520 1574 2596 ὅμοιοι
1628 2519 1810 2576 λέουσι
1867 2522 1969 2589 τὴν

314 2611 497 2688 ἴσχὺν,
529 2612 616 2667 καὶ
671 2612 934 2685 σκύμνοις
983 2609 1218 2666 λεόντων
1270 2611 1368 2679 τὴν
1426 2612 1625 2685 ὁρμήν·
1661 2611 1735 2665 ὧν
1774 2612 1809 2680 ἡ
1864 2610 1968 2686 βοὴ

313 2702 389 2764 ὡς
420 2700 696 2772 θαλάσσης
742 2699 1142 2773 κυμαινούσης,
1172 2700 1261 2754 ὅτε
1290 2699 1382 2754 καὶ
1432 2696 1582 2755 οὐδὲν
1631 2697 1773 2756 ἄλλο
1806 2700 1833 2753 ὁ
1864 2720 1971 2753 πο-

313 2789 655 2865 λεμούμενος
705 2786 836 2852 λαὸς
884 2789 1048 2865 ἑώρα,
1099 2787 1226 2844 ἀλλ’
1274 2786 1310 2858 ἢ
1358 2787 1548 2851 σκότος
1597 2787 1834 2866 σκληρὸν
1882 2787 1971 2845 ἰπὶ

306 2882 413 2946 τῆς
442 2886 541 2954 γῆς
574 2880 709 2953 (83)-

871 3166 1285 3224 ΚΕΦΔΛΑΙΟΝ
1334 3166 1402 3230 ς’.

393 3273 540 3328 182⁸⁸.
596 3269 703 3327 Καὶ
783 3269 989 3345 ἐγίνετο
1062 3274 1162 3326 τοῦ
1234 3271 1481 3326 ἆνιαυτοῦ
1556 3268 1618 3326 οὗ
1699 3272 1970 3328 ἀπέθανεν

320 3358 504 3429 Ὀζίας
561 3360 589 3415 ὁ
648 3357 939 3436 βασιλεὺς,
999 3357 1143 3416 εἶδον
1217 3360 1310 3415 τὸν
1387 3360 1590 3435 Κύριον
1671 3363 1806 3435 (84).
1874 3360 1973 3416 Καὶ

324 3448 601 3519 ἀπεστάλη
660 3447 799 3524 πρὸς
847 3468 913 3521 με
973 3448 1028 3505 ’ὲν
1078 3453 1187 3503 τῶν
1236 3450 1492 3527 σεραφίμ.
1526 3449 1671 3526 Πρὸς
1702 3450 1832 3514 τοὺς
1869 3449 1974 3505 ἀπὸ

324 3536 552 3598 κτίσεως
604 3536 694 3591 καὶ
751 3531 1032 3605 καταϐλῆς
1085 3536 1297 3610 κόσμου
1349 3538 1539 3611 ἁγίους
1581 3537 1663 3592 ἀεὶ
1706 3536 1977 3593 ἀποστίλ-

318 3638 505 3681 Αονται
563 3627 701 3680 θεῖαι
760 3621 1039 3698 δυνάμεις,
1096 3627 1159 3681 τὸ
1218 3628 1413 3702 σαθρὸν
1470 3634 1572 3696 τῆς
1627 3625 1975 3700 ἀνθρωπίνης

311 3713 521 3791 φύσεως
568 3714 1054 3791 ἱπανορθούμεναι.
1114 3715 1423 3787 Ἀπεστάλη
1480 3716 1660 3771 τοίνυν
1709 3716 1800 3771 καὶ
1841 3715 1978 3791 πρὸς

309 3800 559 3872 Ἡσαΐαν,
610 3802 698 3859 ἰπὶ
742 3807 827 3876 τῷ
872 3802 1147 3881 περιελεῖν
1194 3803 1362 3859 αὐτοῦ
1408 3805 1504 3867 τὰς
1567 3805 1834 3881 ἁμαρτίας
1885 3804 1977 3859 καὶ

311 3890 598 3967 καθαρίσαι
634 3937 647 3950 .
699 3892 1007 3963 Ἀπεστάλη
1065 3890 1143 3962 δὶ,
1191 3891 1380 3963 ἕπειδὴ
1429 3891 1662 3964 ἤκουσεν
1714 3891 1980 3970 ὀδυρομέσ

316 4003 413 4036 νου
441 3982 537 4044 τὰς
569 3979 713 4043 ῗδίας
763 3981 1165 4059 ταλαιπωρίας,
1216 3984 1306 4039 καὶ
1355 3980 1763 4059 ὁμολογοῦντος
1793 3984 1894 4053 τὴν
1925 3982 1977 4038 ἰν

315 4069 611 4145 λογισμοῖς
658 4069 825 4125 αὐτοῦ
876 4070 1167 4145 ἁμαρτίαν.
1222 4074 1361 4129 Εῖπε
1413 4072 1515 4149 γὰρ
1566 4073 1652 4141 τὸ,
1700 4079 1766 4127 Ὢ
1810 4070 1978 4134 τάλας

321 4158 451 4234 ἐγὼ,
531 4157 618 4214 ὅτι
686 4160 1082 4237 κατανενυγμαι
1115 4178 1130 4193 ’
1192 4158 1277 4216 ὅτι
1353 4160 1642 4237 ἄνθρωπος
1708 4157 1781 4216 ὥν
1817 4205 1834 4233 ,
1889 4161 1980 4217 καὶ

323 4248 599 4324 ἀκάθαρτα
656 4248 824 4324 χείλη
883 4243 1028 4325 ἔχων
1065 4293 1080 4318 ,
1139 4249 1192 4305 ἐν
1273 4252 1423 4324 μέσῳ
1501 4250 1638 4305 λαοῦ
1711 4251 1984 4325 ἀκάθαρτα

318 4336 488 4412 χείλη
546 4335 775 4412 ἔχοντος
830 4336 937 4414 ἰγὼ
994 4338 1151 4394 οἰκῶ.
1203 4342 1388 4396 Ταῦτα
1444 4338 1600 4415 ἔλεγε
1651 4339 1801 4395 καὶὸ
1838 4344 1980 4395 [Ιαῦ-

317 4423 434 4489 λος·
499 4424 870 4503 Ταλαίπωρος
929 4427 1041 4501 ἐγὼ
1094 4429 1418 4504 ἄνθρωπος,
1475 4430 1560 4491 τίς
1640 4450 1707 4502 με
1765 4428 1979 4504 ῥύσεται

2074 1901 2309 1971 quidem
2331 1906 2535 1974 gentes
2554 1902 2622 1956 ad
2646 1903 2818 1957 ﬁdem
2839 1904 3037 1956 accitae
3054 1906 3195 1957 sunt
3217 1919 3230 1957 :
3251 1901 3578 1959 Jerusalem
3600 1919 3735 1958 vero

2073 1989 2253 2044 ruinas
2275 1991 2489 2046 tradita
2509 1996 2598 2046 est
2621 1996 2677 2046 et
2699 1991 3284 2047 evorsioniFortasse
3306 1996 3499 2046 autem
3526 1991 3605 2046 ita
3621 1991 3736 2046 cito

2046 2084 2129 2143 ,et
2159 2078 2362 2135 leviter
2386 2081 2718 2143 veniebant,
2739 2083 2896 2153 quod
2921 2085 3045 2136 erat
3075 2079 3209 2136 belli
3241 2078 3479 2153 gerendi
3504 2080 3734 2136 deside-

2076 2168 2229 2223 rium
2260 2186 2374 2241 quo
2406 2170 2793 2237 ducebantur,
2818 2175 2882 2225 ut
2920 2169 3408 2225 obliviscerentur
3436 2186 3736 2225 commea-

2077 2261 2269 2323 tuum,
2286 2274 2471 2328 neque
2492 2258 2858 2328 operirentur
2876 2258 3124 2314 militare
3148 2257 3505 2329 stipendium
3521 2274 3740 2330 ,neque

2076 2345 2573 2402 intermissionem
2602 2364 2667 2402 ac
2695 2347 3094 2403 laxamentum
3121 2351 3522 2417 exposcerent,
3548 2362 3741 2420 neque

2078 2440 2353 2491 exuerent
2386 2452 2449 2492 se
2480 2436 2719 2492 militari
2754 2438 2978 2493 habitu.
3014 2437 3111 2492 Isti
3146 2436 3315 2508 quasi
3356 2436 3545 2492 solida
3574 2443 3741 2509 petra

2079 2524 2263 2580 habiti
2298 2531 2457 2593 sunt,
2484 2532 2540 2581 et
2570 2543 2781 2581 currus
2811 2543 3011 2581 eorum
3048 2526 3214 2597 quasi
3250 2525 3534 2598 procellae.
3563 2526 3742 2580 Erant

2082 2631 2251 2686 pares
2285 2613 2557 2670 leonibus
2584 2615 2661 2679 vi,
2691 2621 2748 2670 et
2789 2614 3024 2671 leonum
3058 2615 3270 2671 catulis
3301 2614 3559 2687 impetu;
3592 2631 3739 2687 quo-

2083 2719 2212 2757 rum
2248 2704 2360 2758 fuit
2389 2702 2611 2759 clamor
2638 2702 2815 2758 veluti
2861 2704 3045 2759 maris
3087 2703 3415 2771 aestuantis,
3440 2721 3557 2776 quo
3586 2708 3741 2759 tem-

2083 2808 2223 2861 pore
2255 2791 2507 2865 populus
2559 2794 2661 2863 qui
2709 2793 3185 2865 oppugnabatur,
3218 2792 3362 2849 nihil
3416 2792 3576 2848 aliud
3626 2791 3742 2848 nisi

2084 2897 2313 2936 crassas
2344 2881 2619 2937 tenebras
2650 2881 2708 2936 in
2739 2886 2897 2937 terra
2920 2897 3161 2953 sparsas
3191 2882 3489 2938 cernebat.

2718 3169 2952 3227 CAPUT
2993 3170 3092 3226 VI.

2155 3277 2303 3332 182'.
2327 3276 2503 3333 Vens.
2537 3279 2590 3346 1,
2620 3278 2673 3332 6.
2711 3281 2777 3333 Et
2803 3279 3010 3346 factum
3040 3284 3120 3332 est
3157 3292 3326 3345 anno,
3358 3291 3463 3348 quo
3490 3283 3743 3333 mortuus

2081 3374 2163 3421 est
2193 3365 2354 3421 Ozias
2385 3382 2486 3421 rea:
2513 3383 2532 3420 :
2562 3369 2680 3422 vidi
2735 3368 3033 3422 Dominum
3088 3368 3154 3420 Et
3205 3366 3402 3421 missus
3429 3372 3507 3421 est
3548 3363 3622 3420 ad
3656 3380 3745 3421 me

2082 3470 2231 3510 unus
2260 3454 2325 3510 de
2352 3454 2654 3526 seraphim.
2688 3455 2927 3526 Semper
2955 3471 2989 3510 a
3020 3454 3209 3527 prima
3258 3453 3467 3509 mundi
3518 3453 3746 3510 consti-

2086 3545 2312 3600 tutione
2343 3549 2398 3600 et
2429 3544 2652 3616 origine
2682 3545 2751 3599 ad
2777 3549 3016 3599 sanctos
3047 3543 3367 3598 mittuntur
3394 3543 3609 3599 divinae
3639 3560 3748 3615 po-

2084 3638 2351 3697 testates,
2385 3650 2510 3704 qua:
2568 3633 2839 3688 humanae
2872 3638 3096 3688 natura:
3144 3632 3468 3689 resarciant
3498 3631 3750 3687 inﬁrmi-

2089 3726 2291 3777 tatem.
2316 3722 2535 3779 Missus
2561 3721 2744 3795 igitur
2762 3726 2852 3777 est
2881 3722 3059 3777 etiam
3093 3722 3164 3777 ad
3198 3720 3413 3777 Isaiam
3445 3737 3625 3789 unus,
3647 3719 3752 3791 qui

2090 3812 2161 3865 ab
2194 3827 2259 3865 eo
2292 3812 2549 3867 auferret
2587 3820 2845 3882 peccata,
2879 3811 3195 3882 ipsumque
3224 3810 3504 3882 expiaret.
3533 3809 3750 3865 Missus

2089 3904 2179 3954 est
2209 3903 2402 3956 autem
2438 3904 2823 3971 posteaquam
2858 3899 3188 3970 (Dominus)
3221 3914 3355 3954 eum
3386 3897 3613 3954 audivit
3640 3896 3754 3953 mi-

2091 3987 2276 4042 serias
2309 4004 2449 4043 suas
2478 3987 2815 4055 deflentem,
2849 3992 3275 4060 peccatumque
3315 3987 3374 4041 in
3419 4004 3528 4044 sua
3558 3989 3755 4043 mente

2092 4077 2458 4133 reconditum
2510 4077 2908 4133 conﬁtentem.
2954 4076 3105 4132 Dixit
3147 4077 3302 4132 enim
3338 4077 3540 4147 (Vens.
3569 4077 3625 4148 5)
3660 4093 3675 4133 :
3705 4079 3754 4134 0

2088 4167 2258 4220 miser
2302 4182 2423 4235 ego,
2460 4166 2592 4236 quia
2637 4173 2997 4236 compunctus
3040 4181 3162 4220 sum
3190 4183 3209 4220 :
3241 4165 3373 4236 quia
3424 4165 3581 4221 homo
3627 4180 3756 4220 cum

2089 4259 2218 4321 sim,
2251 4258 2303 4309 et
2334 4255 2622 4309 immunda
2653 4254 2802 4310 labia
2841 4254 3091 4316 habeam,
3122 4255 3183 4307 in
3212 4256 3396 4310 medio
3426 4254 3621 4326 papuli
3648 4255 3758 4308 im-

2090 4344 2301 4399 munda
2357 4343 2513 4397 labia
2562 4342 2818 4398 habentis
2847 4358 2944 4411 ego
2984 4343 3190 4398 habito.
3220 4343 3352 4398 Haec
3409 4342 3639 4397 dicebat
3695 4347 3755 4398 et

2095 4433 2315 4487 Paulus
2348 4449 2361 4487 :
2391 4430 2603 4504 Infelix
2640 4447 2737 4499 ego
2780 4431 2959 4499 homo,
2991 4433 3115 4502 quis
3141 4448 3228 4488 ms
3256 4431 3515 4487 liberabit
3543 4430 3609 4486 de
3637 4446 3759 4486 cor-

325 4512 387 4569 ἰκ
440 4518 540 4570 τοῦ
599 4515 856 4589 σώματος
929 4520 1032 4572 τοῦ
1107 4517 1339 4573 θανάτου
1393 4518 1592 4573 τούτου
1644 4538 1658 4587 ;
1706 4517 1835 4575 Εἶτα
1892 4519 1971 4573 καῖ

2089 4537 2222 4594 pore
2253 4522 2444 4575 mortis
2474 4521 2636 4591 hujus
2658 4520 2751 4574 9’?
2794 4520 3015 4575 Deinde
3057 4519 3232 4575 etiam
3265 4519 3359 4577 hic
3410 4520 3538 4592 ipse
3585 4519 3758 4592 quasi

316 4604 483 4665 αὐτὸς
536 4604 612 4666 ὡς
662 4606 853 4679 τυχὼν
905 4604 1052 4668 θείας
1109 4605 1451 4679 ἀντιλήψεως
1509 4606 1732 4683 ἑπάγει·
1797 4608 1981 4683 Εὐχα-

2090 4613 2215 4681 jam
2249 4617 2602 4665 consecutus
2624 4609 2888 4664 divinum
2921 4609 3280 4677 subsidium,
3314 4609 3518 4665 addit:
3544 4608 3761 4665 Gratias

331 4697 502 4768 ριστῶ
549 4697 631 4764 τῷ
687 4697 806 4765 Θεῷ
859 4690 949 4750 διὰ
1000 4696 1180 4765 Ἰησοῦ
1229 4697 1484 4771 Χριστοῦ.
1530 4697 1659 4751 Eine
1710 4693 1768 4750 δὲ
1814 4698 1896 4764 τὸ,
1929 4703 1971 4751 ’ί

2099 4715 2201 4771 ago
2232 4700 2339 4754 Deo
2367 4714 2466 4770 per
2501 4700 2685 4754 Jesum
2739 4698 3023 4753 Christum
3046 4698 3111 4753 ⁸³.
3148 4700 3295 4753 Dixit
3342 4704 3537 4754 autem
3586 4697 3754 4756 illud.

330 4779 502 4844 τάλας
543 4781 669 4858 ἐγὼ,
721 4779 1045 4859 διορπικῶς
1096 4782 1173 4846 εἷς
1223 4780 1430 4839 ἔννοιαν
1482 4782 1653 4839 ἐλθὼν
1694 4786 1793 4854 τῆς
1838 4785 1992 4861 βασι-

2105 4788 2331 4844 Omiser
2343 4802 2462 4857 ego,
2486 4791 2798 4858 postquam
2823 4803 3069 4859 regnum
3094 4787 3195 4843 Dei
3221 4786 3318 4860 qui
3348 4802 3525 4860 super
3541 4785 3759 4842 solium

395 4908 442 4944 ’θ
470 4907 604 4965 Job.
635 4924 756 4977 xxx,
784 4909 875 4965 21.
954 4909 999 4947 ’ί
1029 4910 1164 4968 Job.
1195 4928 1259 4976 ιι,
1291 4912 1345 4967 5.
1424 4911 1470 4947 ⁹²
1503 4911 1666 4967 Rom.
1698 4927 1798 4977 vn,
1830 4911 1921 4967 24.

2088 4912 2220 4969 .bid.
2253 4913 2345 4968 25.

398 5032 509 5109 (80)
541 5032 731 5089 Codex
777 5035 1112 5093 Combetisii
1167 5036 1479 5105 recentior,
1517 5034 1609 5091 καὶ
1667 5039 1840 5109 συριεῖ
1888 5032 1991 5089 αὖ·
2100 5035 2486 5109 Οοηείαιιῐίσο
2544 5034 2755 5109 Magno
2792 5035 3040 5109 inicmlo
3070 5036 3259 5091 visam
3298 5034 3502 5109 luisse
3559 5036 3763 5090 narrat

339 5106 471 5163 τοῖς.

408 5176 519 5244 (81)
550 5174 748 5250 Εᾶὶιίν
780 5175 882 5245 τὴν
943 5173 1032 5232 ὶπί
1091 5177 1503 5234 Οὐεσπασιανοῦ
1559 5175 1632 5247 ἰν,
1686 5182 1999 5250 imperante

344 5246 691 5317 Vespasiano.
722 5248 799 5304 At
828 5266 928 5304 sex
964 5267 1108 5307 mss.
1142 5256 1208 5306 ut
1238 5253 1295 5306 in
1331 5257 1628 5307 contextu.

406 5318 521 5395 (82)
556 5320 640 5395 Ita
680 5336 826 5377 mss.
859 5321 1036 5389 Editi,
1086 5326 1317 5394 σημεῖον
1346 5321 1432 5393 τό,
1463 5323 1519 5377 id
1570 5321 1725 5395 quod
1758 5321 1840 5377 ita
1869 5322 1997 5377 red-

2104 5108 2390 5165 Eusebius
2422 5107 2524 5180 lib.
2558 5123 2577 5162 1
2607 5108 2680 5162 De
2706 5109 2819 5163 vita
2852 5108 3058 5180 Cousl.,
3091 5125 3220 5180 cap.
3243 5108 3335 5162 28.

2173 5181 2286 5255 (83)
2317 5180 2456 5235 Post
2487 5179 2607 5234 baao
2638 5179 2832 5255 verba,
2865 5177 2953 5233 ἐπὶ
2993 5185 3094 5248 τῆς
3138 5175 3263 5255 γῆς,
3292 5176 3438 5233 nihil
3465 5175 3765 5255 invenitur

2108 5250 2368 5322 amplius
2416 5267 2607 5322 neque
2657 5250 2715 5304 in
2767 5268 2915 5308 mss.
2947 5250 3247 5321 neque'in
3296 5250 3550 5306 excusis.
3574 5252 3766 5322 Quare

2109 5314 2264 5379 credi
2300 5314 2735 5393 merito'potest
2782 5314 3268 5392 scriptor-totum
3299 5328 3478 5393 caput
3517 5314 3764 5393 nouab-

339 5389 572 5467 diderat
620 5392 933 5462 interpres,
959 5389 1185 5467 signum
1213 5398 1393 5451 crucis
1417 5389 1707 5467 ejusfqni
1752 5411 1854 5466 per
1878 5411 1999 5467 eam
2112 5395 2356 5451 solvisse
2389 5412 2401 5450 ε
2439 5389 2556 5450 sed
2592 5394 2720 5467 ejus
2766 5389 2977 5466 capitis
3021 5394 3198 5449 ﬁnem
3252 5395 3311 5449 in
3343 5389 3766 5464 compendium

334 5463 905 5538 deelaratus_est_et
963 5465 1302 5538 designatus.
1348 5463 1474 5533 Qua
1530 5463 2005 5537 interpretatione
2114 5469 2401 5538 duntaxat
2432 5466 2748 5538 redegisse.

331 5533 590 5661 Kulchra
623 5534 945 5591 admodum
975 5533 1273 5595 sententia
1308 5555 1552 5610 prorsus
1582 5533 2003 5609 corrumpitur.

389 5621 486 5661 am
519 5606 772 5661 dubium
824 5624 939 5661 non
972 5618 1082 5661 est.
1115 5612 1257 5661 uuin
1313 5612 1566 5661 anrintor
1614 5609 1876 5661 indicare
1904 5626 2003 5661 vo-

389 5621 490 5683 am_
519 5606 772 5683 dubium
824 5624 939 5683 non
972 5618 1082 5677 est,
1115 5612 1257 5683 quin
1311 5606 1566 5683 scriptor
1614 5606 1876 5664 indicare
1904 5626 2007 5663 vn-

339 5676 526 5736 luerit
582 5677 796 5736 miram
858 5678 1020 5736 illam
1068 5676 1273 5740 crucis
1326 5676 1779 5756 apphrilimzem,
1830 5698 2009 5753 quam

668 5807 945 5872 ΡΑι-ιοι.
990 5807 1105 5873 Ga.
1147 5808 1341 5872 xxx.

2187 5537 2493 5609 (8.4)0015.
2526 5530 2779 5609 primus,
2824 5533 3022 5609 Κύριον
3072 5534 3380 5605 καθήμενον
3433 5530 3769 5609 ἰπὶ-θρόνου

2120 5599 2339 5681 ὑψηλοῦ
2384 5607 2475 5662 καὶ
2521 5599 2852 5681 ἐπηρμένου.
2910 5599 3229 5681 'Aliqu‘anto'
3282 5614 3415 5678 post
3463 5599 3635 5681 editi,
3680 5599 3770 5659 διὰ

2120 5674 2329 5751 Ἰησοῦν
2355 5677 2608 5756 Χριστόν.
2631 5674 2707 5736 λι
2735 5694 2838 5735 lex
2866 5674 3042 5747 mem,
3069 5674 3159 5732 διὰ
3186 5674 3369 5747 Ἰησοῦ
3400 5679 3664 5753 Χριστοῦ.

3369 5806 3445 5866 ιι
