4138 6456
338 391 462 451 427

1290 381 1686 444 APPENDIX
1729 380 2057 443 OPERUM
2101 381 2166 442 S.
2211 381 2496 443 BASlLll
2544 381 2819 443 MAGNI.

3651 380 3778 441 428

340 522 636 580 excelsum
657 525 717 578 et
737 521 1023 576 elevatum
1054 516 1313 586 sedebat,
1337 519 1514 588 atque
1538 515 1826 570 mundum
1851 515 1996 570 adeo

2113 511 2266 576 λείας
2295 510 2391 568 τοῖ’)
2421 517 2555 569 Θεοῦ
2599 515 2708 588 (85)
2759 515 2856 568 τοῖ’)
2899 513 3214 586 καθημίνου
3257 510 3345 567 ἰπὶ
3389 511 3582 588 Θρόνου
3625 513 3776 587 ὑψη-

340 618 575 668 vastum
623 610 805 682 gloria
853 627 962 664 sua
1007 604 1564 676 adimplebat,clare
1613 605 1810 659 animo
1871 621 2002 674 per-

344 701 653 774 epexisset.
678 700 831 757 513
855 696 1076 752 Etenim
1105 700 1424 764 antequam
1448 694 1632 749 Deum
1661 701 1854 748 mente
1880 709 2003 764 per-

345 792 586 862 ciperet,
611 805 725 842 non
758 785 1116 857 comperitur
1141 784 1358 839 dixisse
1387 801 1400 839 :
1425 786 1471 841 0
1503 784 1672 838 miser
1699 799 1821 851 ego.
1857 781 2000 836 Nam

346 885 403 935 et
429 878 720 934 Abraham
752 875 901 946 ipse,
926 890 1062 929 cum
1096 877 1249 927 Deus
1272 889 1401 927 sese
1428 872 1539 943 ipsi
1571 871 1847 938 ostendit,
1872 875 1999 925 tum

344 967 560 1023 dixisse
613 965 862 1020 refertur
899 980 910 1017 :
948 965 1053 1033 Ego
1106 970 1291 1017 autem
1320 979 1441 1016 sum
1471 965 1623 1016 terra
1674 965 1729 1015 et
1772 961 1913 1015 cinis
1935 961 1998 1013 οδ.

342 1055 626 1112 Similiter
655 1054 830 1108 etiam
882 1058 940 1107 et
991 1052 1218 1123 Moyses
1252 1050 1413 1105 omni
1457 1049 1857 1120 Egyptiorum
1908 1065 1999 1103 sa-

341 1143 560 1218 pientis.
590 1141 860 1198 eruditus
881 1142 945 1205 9‘,
978 1147 1057 1209 et,
1092 1145 1157 1193 ut
1189 1139 1425 1194 credere
1458 1155 1563 1209 par
1594 1142 1704 1202 est.
1739 1137 1846 1192 hos
1875 1153 2000 1192 om-

340 1251 447 1290 nes
477 1230 696 1304 ingenii
730 1230 1074 1286 dexteritate
1107 1244 1172 1283 ac
1203 1227 1587 1297 intelligentia
1618 1243 1998 1297 exsuperans,

337 1324 552 1394 linguae
597 1319 926 1376 haesitantia
957 1326 1013 1373 et
1043 1317 1316 1372 tarditate
1361 1316 1627 1370 laborare
1658 1331 1720 1370 se
1753 1332 1867 1370 non
1897 1317 2000 1370 ad-

336 1412 630 1477 vertebat;
663 1408 762 1464 sed
797 1407 896 1462 ubi
945 1405 1262 1460 Dominum
1306 1403 1541 1459 oracula
1593 1404 1861 1458 edentem
1896 1421 2000 1458 au-

339 1501 507 1568 divit,
539 1505 681 1554 tunc
713 1496 990 1568 loquendi
1024 1492 1434 1550 difficultatem
1467 1509 1533 1548 ac
1565 1492 1779 1565 linguae
1812 1493 1996 1547 tardi-

342 1597 522 1646 tatem
553 1586 740 1644 sensit
763 1587 824 1639 ⁸⁸.

415 1679 536 1732 183.
572 1681 749 1732 Vens.
781 1677 835 1744 6,
869 1676 920 1728 7.
955 1675 1020 1729 Et
1051 1674 1111 1728 in
1141 1688 1319 1727 manu
1365 1688 1466 1726 sua
1515 1671 1757 1726 habebat
1807 1671 2000 1726 carbo-

340 1786 487 1839 nem,
543 1783 700 1838 quem
751 1765 957 1835 forcipe
1011 1763 1216 1816 tulerat
1268 1761 1335 1815 de
1394 1762 1585 1828 altari,
1617 1769 1667 1815 et
1719 1762 1895 1831 tetigit
1945 1777 2002 1814 οε

340 1874 544 1914 meum.
580 1855 688 1920 Qui
735 1855 887 1908 hanc
935 1851 1356 1923 interpretatur
1403 1851 1755 1905 sententiam
1808 1849 2001 1905 animo

338 1947 605 2010 Judaico,
629 1943 896 1998 dicturus
917 1945 1007 1996 est
1037 1940 1242 2010 utique
1274 1938 1592 1994 Dominum
1617 1938 1675 1992 in
1702 1937 1897 2010 aliquo
1929 1938 2004 1992 ci-

338 2036 536 2092 vitatis
565 2029 1073 2104 Jerosolymitanae
1117 2028 1242 2084 loco
1295 2028 1481 2083 fuisse
1514 2028 1730 2094 visum,
1764 2028 1823 2082 in
1856 2027 2002 2083 solio

337 2123 564 2181 excelso
595 2127 650 2177 et
680 2121 900 2176 elevato
951 2119 1249 2174 sedentem
1284 2134 1296 2172 :
1329 2116 1747 2188 seraphimque
1779 2117 1838 2171 in
1871 2118 2000 2187 ejus

336 2215 586 2273 circuitu
617 2209 872 2276 stetisse,
905 2213 962 2263 et
1000 2211 1303 2276 sumptum
1351 2221 1419 2261 ex
1459 2203 1998 2261 holocautornatum

338 2320 440 2361 ara
470 2303 664 2373 ignem
697 2298 783 2354 ori
816 2296 1110 2368 prophetae
1154 2296 1224 2349 ad
1268 2294 1425 2349 labia
1457 2294 1584 2364 ejus
1616 2295 1998 2366 expurganda

339 2394 411 2450 ab
445 2407 560 2446 uno
591 2386 886 2459 eeraphim
911 2384 1174 2441 oblatum
1208 2383 1409 2438 fuisse.
1435 2383 1552 2437 Nos
1575 2399 1706 2437 vero
1739 2383 1836 2450 qui
1862 2399 1988 2453 quae

337 2483 396 2538 in
428 2481 555 2553 lege
605 2478 1028 2541 memorantur,
1065 2473 1383 2545 imaginem
1417 2487 1548 2527 esse
1577 2470 1903 2526 caelestium
1935 2475 1993 2527 et

337 2572 610 2628 umbram
631 2565 1190 2629 credimus,omnem
1209 2566 1484 2617 creaturae
1497 2565 1624 2615 tum
1641 2559 1990 2632 spiritualis,

337 2667 465 2717 tum
497 2658 608 2714 sub
642 2671 853 2711 sensus
884 2651 1148 2707 cadentis
1188 2657 1402 2706 emtum
1449 2655 1506 2704 et
1554 2649 1990 2705 universitatem

339 2751 584 2806 domum
616 2743 901 2809 dicimus;
939 2739 1105 2794 illum
1137 2755 1270 2794 vero
1307 2739 1402 2792 Dei
1445 2738 1502 2792 in
1541 2755 1746 2793 omnes
1777 2738 1991 2809 princi-

339 2843 542 2912 patum
567 2851 633 2890 ac
655 2829 980 2887 dominium
999 2827 1250 2883 dicimus
1273 2825 1487 2882 solium
1511 2826 1820 2890 elevatum,
1841 2843 1995 2881 sera-

337 2928 502 3000 phim
533 2927 752 2991 autem,
785 2918 1048 2975 caelestes
1081 2917 1344 2972 virtutes.
1379 2916 1435 2971 Si
1471 2915 1651 2984 enim,
1676 2915 1831 2986 quod
1863 2913 1993 2986 qui-

337 3019 474 3072 dam
507 3011 730 3085 opinati
763 3014 922 3075 sunt,
958 3007 1073 3061 duo
1122 3004 1248 3060 οωΙὶ
1291 3003 1708 3075 hemisphaeria
1755 3003 1994 3060 alternis

333 3104 562 3162 vicibus
602 3116 665 3156 se
710 3114 889 3170 super
933 3100 1150 3151 terram
1209 3094 1627 3165 conspicienda
1677 3094 1992 3164 praebeant,

336 3199 586 3264 utroque
617 3206 717 3245 sex
763 3185 1032 3259 partibus
1074 3189 1356 3255 tanquam
1391 3182 1501 3238 alis
1531 3181 1889 3253 quibusdam
1921 3183 1991 3238 ad

2114 600 2214 657 λοῦ
2274 602 2362 657 καὶ
2422 603 2756 678 ἐπηρμένου,
2809 601 2900 656 καὶ
2960 600 3398 673 πεπληρωκότος
3445 605 3546 667 τῆς
3605 600 3776 674 δόξης

2112 691 2279 745 αὐτοῦ
2338 692 2428 745 τὸν
2487 690 2817 762 τηλικοῦτον
2871 691 3100 764 κόσμον.
3162 691 3296 766 Πρὶν
3355 692 3459 766 γὰρ
3518 689 3774 762 ἐννοῆσαι

2112 780 2264 848 Θεὸν,
2326 780 2392 834 οὐ
2450 781 2689 858 φαίνεται
2746 779 2912 835 εἷ’πὼν
2960 783 3073 854 (86)
3130 782 3210 837 τὸ.
3275 781 3340 835 Ὦ
3393 781 3562 842 τάλας
3619 779 3766 856 ἐγώ.

2114 869 2263 925 Ἐπεὶ
2318 870 2408 923 xui
2441 871 2467 925 ὁ
2501 865 2772 947 Ἀϐραὰμ,
2829 870 2918 924 ὅτε
2977 865 3133 947 ὤφθη
3195 869 3340 941 αὒτῷ
3385 870 3413 923 ὁ
3463 870 3614 937 Θεὸς,
3644 871 3779 924 τότε

2111 954 2514 1034 ἀναγέγραπται
2566 959 2798 1034 εἰρηκὼς
2846 959 2930 1027 τὸ,
2973 960 3118 1034 Ἐγὼ
3170 956 3227 1014 δί
3257 959 3371 1032 εἶμι
3401 966 3470 1033 γῆ
3504 958 3595 1014 καὶ
3636 980 3779 1014 σπο-

2113 1044 2226 1109 δός.
2288 1047 2446 1105 Οὕτω
2506 1045 2564 1103 δὲ
2607 1051 2720 1122 (87)
2773 1047 2863 1103 xui
2920 1053 3159 1116 Μωυσῆς
3216 1045 3614 1122 παιδευόμενος
3673 1049 3776 1122 μὶν

2110 1136 2254 1211 πάσῃ
2308 1137 2470 1215 σοφίᾳ
2517 1138 2850 1213 Αἰγυπτίων,
2881 1137 2970 1192 καὶ
3016 1137 3091 1200 ὡς
3127 1136 3270 1200 είκὸς
3313 1133 3605 1193 διαϐαίνων
3634 1140 3778 1193 πάν-

2108 1247 2204 1288 τας
2238 1226 2429 1288 αὐτοὺς
2471 1231 2539 1301 τῇ
2591 1225 2785 1304 εὐφυΐᾳ
2828 1226 2915 1282 xui
2964 1229 3033 1300 τῇ
3085 1227 3316 1296 συνέσει,
3368 1225 3467 1281 οὐκ
3509 1226 3778 1301 ᾐσθάνετο

2112 1315 2303 1370 ἑαυτοῦ
2363 1314 2708 1394 ἷσχνοφώνου
2855 1318 2969 1390 (88)
3023 1312 3455 1392 βραδυγλώσσου
3498 1336 3509 1348 ·
3569 1315 3658 1371 ὅτε
3713 1314 3777 1372 δὲ

2109 1401 2309 1472 ἤκουσε
2352 1409 2449 1459 τσῦ
2498 1403 2962 1480 χρηματίζοντος,
3013 1406 3136 1459 τότε
3181 1411 3281 1474 τῆς
3332 1404 3572 1482 ἀφωνίας
3601 1404 3772 1460 αὐτοῦ

2110 1493 2198 1547 καὶ
2228 1500 2327 1562 τῆς
2362 1493 2497 1568 περὶ
2516 1495 2617 1563 τὴν
2638 1491 2890 1569 γλῶσσαν
2929 1491 3269 1570 βραδύτητος
3299 1493 3520 1569 ᾔσθετο.

2182 1671 2307 1727 483.
2370 1671 2467 1726 Καὶ
2525 1670 2576 1726 ἰν
2739 1671 2910 1748 ,χειρὶ
2968 1671 3133 1727 αὐτοῦ
3193 1671 3334 1747 εἶχεν
3396 1670 3654 1746 ἄνθρακα,
3713 1675 3774 1729 ’ὀν

2113 1762 2182 1832 τῇ
2259 1755 2443 1814 λαϐίδι
2530 1756 2722 1815 ἔλαϐεν
2796 1761 2902 1815 ἀπὸ
2985 1766 3083 1815 τοῦ
3163 1760 3594 1835 θυσιαστηρίου,
3679 1764 3772 1818 καὶ

2111 1845 2289 1922 ἥψατο
2347 1853 2446 1904 τοῦ
2504 1850 2774 1923 στόματός
2846 1872 2971 1923 μου.
3031 1853 3090 1908 Ὀ
3152 1851 3246 1923 μὲν
3315 1848 3629 1914 Ἰουδαϊκῶς
3686 1851 3771 1923 ἐξ·

2113 1937 2420 2012 ηγούμενος
2461 1939 2524 1993 τὸ
2577 1938 2764 2014 ῥητὸν,
2799 1937 2930 2013 ἐρεῖ,
2985 1940 3060 2001 ὡς
3102 1940 3203 2015 ἄρα
3235 1940 3263 1994 ὁ
3294 1939 3491 2014 Κύριος
3542 1942 3774 2015 ἑώραται

2112 2024 2199 2080 ἐπὶ
2231 2031 2311 2098 τῷ
2340 2029 2475 2081 κατὰ
2529 2025 2894 2102 Ἰερουσαλὴμ
2937 2028 3113 2100 τόπῳ,
3165 2031 3477 2102 καθήμενος
3527 2027 3618 2084 ἐπὶ
3643 2031 3774 2106 θρόο

2109 2135 2204 2168 νου
2257 2115 2477 2188 ὑψηλοῦ
2526 2117 2615 2170 xui
2665 2114 3002 2192 ἐπηρμένου,
3042 2116 3131 2170 καὶ
3180 2116 3249 2171 τὰ
3295 2117 3536 2195 σεραφῖμ
3586 2119 3776 2193 κύκλῳ

2111 2202 2274 2258 αὐτοῦ
2321 2205 2605 2275 ἑστηκότα·
2655 2204 2743 2258 καὶ
2795 2204 2852 2259 ὲκ
2899 2209 2995 2259 τοῦ
3044 2205 3432 2280 Θυσιαστηρίου
3480 2212 3586 2261 τῶν
3637 2207 3771 2264 ὁλο-

2107 2294 2480 2366 καυτωμάτων
2550 2295 2612 2349 τὸ
2692 2298 2796 2368 πῦρ
2875 2291 3082 2370 ληφθὲν
3133 2295 3280 2370 παρᾶ
3352 2300 3448 2350 τοῦ
3502 2297 3764 2374 σεραφείμ

2103 2383 2461 2457 προσηνέχθη
2496 2385 2608 2455 (89)
2657 2387 2736 2454 τῷ
2787 2383 3015 2455 στόματι
3066 2388 3162 2437 τοῦ
3210 2385 3517 2460 προφήτου,
3560 2385 3634 2449 εἰς
3662 2407 3756 2440 κα-

2102 2472 2365 2544 θαρισμὸν
2417 2477 2523 2526 τῶν
2577 2469 2812 2546 χειλέων
2855 2472 3041 2527 αὐτοῦ.
3073 2473 3264 2545 Ἡμεῖς
3299 2470 3357 2528 δὶ
3389 2474 3440 2527 οἱ
3470 2495 3757 2530 πεπιστευ-

2100 2559 2278 2627 κότες,
2332 2559 2412 2614 ὅτι
2464 2558 2770 2638 ὑπόδειγμα
2818 2582 2868 2616 τι
2919 2561 3008 2616 καὶ
3059 2561 3184 2616 σκιὰ
3382 2567 3485 2617 τῶν
3521 2563 3752 2640 ὶπουρα-

2098 2648 2226 2703 νίων
2258 2648 2368 2704 ἐστι
2417 2649 2485 2704 τὰ
2532 2651 2668 2705 κατὰ
2711 2652 2802 2704 τὸν
2857 2650 3049 2722 νόμον,
3086 2652 3230 2705 οἷκον
3287 2651 3382 2723 μὲν
3429 2649 3666 2728 λέγομεν
3697 2657 3761 2710 τὸ

2101 2737 2318 2808 σύμπαν
2379 2737 2628 2810 σύστημα
2679 2741 2776 2806 τῆς
2828 2746 3032 2809 νοητῆς
3080 2740 3170 2793 καὶ
3201 2740 3464 2812 αἰσθητῆς
3506 2742 3759 2804 κτίσεως

2104 2826 2295 2899 θρόνον
2357 2823 2413 2880 δε
2470 2825 2780 2900 ἐπηρμένον
2837 2827 2937 2894 τὴν
2991 2825 3076 2881 ἐπὶ
3140 2829 3356 2882 πάντων
3426 2828 3609 2903 ἀρχὴν
3669 2831 3760 2884 καὶ

2105 2912 2415 2970 δεσποτείαν
2462 2919 2559 2969 τοῦ
2609 2919 2762 2970 Θεοῦ’
2815 2915 3050 2993 σεραφὶμ
3097 2913 3152 2970 δὲ
3199 2916 3294 2978 τὰς
3350 2917 3756 2992 ὑπερκοσμίους

2106 3001 2377 3078 δυνάμεις.
2427 3003 2489 3061 Ei
2540 3005 2664 3078 γὰρ,
2711 3003 2842 3079 ὅπερ
2893 3003 3290 3080 ἰφαντάσθησάν
3339 3026 3504 3069 τινες,
3555 3006 3625 3061 τὰ
3654 3003 3751 3061 δύο

2102 3097 2200 3149 τοῦ
2249 3093 2478 3169 οὐρανοῦ
2526 3094 2860 3171 ἡμισφαίρια
2898 3095 2995 3148 ἀνὰ
3039 3095 3200 3170 μὲρος
3249 3095 3380 3169 ὑπὲρ
3427 3101 3530 3171 γῆς
3561 3096 3754 3172 φαινό-

2109 3203 2262 3256 μενα,
2311 3181 2363 3256 ἓξ
2401 3181 2614 3259 μέρεσιν
2667 3184 2957 3257 ἑκατέρων,
3011 3183 3179 3237 οἷονιί
3209 3203 3318 3238 τισι
3348 3189 3591 3258 πτεροῖς,
3619 3184 3757 3257 πρὸς

333 3284 592 3340 velocem
621 3282 847 3333 motum
875 3279 1096 3340 utente,
1115 3273 1210 3338 qui
1245 3272 1370 3328 ﬁeri
1403 3275 1592 3344 potest
1622 3275 1688 3326 ut
1713 3271 1897 3327 missa
1917 3271 1994 3327 sit

2105 3272 2202 3340 τὴν
2253 3271 2425 3342 ὀξεῖαν
2478 3274 2591 3345 (91)
2639 3271 2851 3343 κίνησιν
2897 3272 3280 3347 κεχρημὲνων,
3335 3276 3454 3335 πῶς
3505 3271 3759 3328 ἱπεστὲλ-

336 3373 551 3428 barum
600 3367 803 3433 altera,
841 3369 942 3420 aut
988 3365 1059 3417 ab
1108 3363 1222 3417 alia
1271 3362 1494 3431 avulsa,
1517 3360 1988 3431 quandoquidem
2037 3364 2041 3368 ’

341 3459 621 3516 continua
650 3459 740 3510 est
770 3451 898 3509 coeli
942 3450 1196 3506 natura?
1225 3449 1463 3520 Verum,
1487 3454 1553 3504 ut
1581 3465 1871 3520 coeperam
1907 3450 1991 3504 di-

343 3546 759 3617 cere,virtutes
780 3540 1043 3596 caelestes
1073 3543 1311 3612 propter
1339 3555 1635 3594 summam
1663 3555 1832 3593 suam
1857 3554 1991 3593 san-

339 3634 684 3693 ctimoniam
708 3631 917 3686 habitae
945 3632 1085 3684 sunt
1109 3627 1318 3699 dignae,
1339 3643 1468 3698 quea
1491 3627 1702 3683 throno
1731 3626 1993 3699 proxime

337 3728 632 3791 astarent;
667 3736 920 3792 quarum
951 3734 1067 3772 una
1097 3718 1255 3770 venit
1285 3717 1356 3771 ad
1388 3716 1750 3787 prophetam.
1778 3715 1989 3780 Quem-

336 3813 654 3870 admodum
675 3808 832 3865 enim
858 3807 1013 3861 Deus
1039 3805 1303 3861 omnium
1332 3805 1693 3876 gubernator
1713 3806 1782 3860 ad
1808 3805 1992 3860 homi-

336 3920 481 3959 num
522 3916 723 3956 curam
745 3914 774 3953 e
795 3895 936 3952 cmlo
969 3893 1257 3966 respicere
1290 3894 1445 3948 haud
1478 3893 1738 3949 fastidit:
1773 3894 1855 3949 ita
1886 3911 1990 3950 nec

333 3991 722 4066 particulares
741 3985 856 4042 illa)
876 3985 1121 4040 virtutes
1139 3984 1209 4039 ad
1231 3983 1622 4055 impertienda
1646 3982 1987 4039 hominibus

330 4080 617 4138 beneﬁcia
646 4074 1045 4132 ministerium
1069 4089 1243 4128 suum
1267 4074 1580 4143 denegant.
1611 4073 1850 4144 Accepit
1880 4073 1987 4144 igi-

327 4176 427 4228 tur
457 4167 751 4240 seraphin!
788 4163 887 4219 ille
938 4162 1155 4234 forcipe
1201 4163 1516 4216 carbonem
1549 4162 1620 4216 ab
1653 4161 1844 4216 altari.
1880 4163 1986 4217 Te-

327 4277 462 4318 cum
488 4261 698 4330 reputa
719 4252 889 4326 quale
914 4251 1087 4306 fuerit
1108 4249 1291 4305 altare
1314 4249 1484 4317 illud,
1504 4250 1574 4304 ad
1601 4251 1754 4321 quod
1790 4251 1987 4306 aditus

325 4351 407 4406 ita
436 4346 694 4404 difﬁcilis
716 4347 859 4408 erat,
883 4346 945 4396 ut
976 4357 1048 4395 ne
1079 4339 1292 4394 audeat
1311 4339 1549 4408 quidem
1582 4339 1778 4410 ipsum
1805 4355 1982 4394 manu

2103 3358 2230 3414 λετο
2256 3361 2318 3415 τὸ
2373 3356 2556 3435 ἕτερον
2607 3359 2836 3428 τούτων,
2897 3360 2931 3429 ἢ
2991 3365 3108 3423 πῶς
3166 3361 3442 3416 ἀπεσπᾶτο
3497 3361 3603 3416 ἀπὸ
3659 3366 3758 3416 τοῦ

2102 3447 2300 3514 ἄλλου,
2335 3450 2689 3521 συνημμένης
2737 3453 2833 3504 τοῦ
2881 3449 3110 3523 οὐρανοῦ
3157 3457 3256 3518 τῆς
3298 3449 3510 3527 φύσεως
3539 3447 3705 3519 οὔσης
3739 3470 3752 3518 ;

2100 3535 2280 3606 Ἀλλ’,
2317 3536 2449 3613 ὅπερ
2499 3538 2671 3613 εἶπον,
2722 3536 2972 3612 δυνάμεις
3021 3537 3404 3611 ὑπερκόσμιαι,
3450 3546 3554 3608 τῆς
3597 3537 3754 3615 ἐγγυ-

2099 3625 2245 3683 τάτω
2299 3627 2533 3690 στάσεως
2595 3625 2685 3682 διὰ
2730 3630 2828 3697 τὴν
2881 3626 2931 3681 ἐν
2983 3628 3232 3703 ἁγιασμῷ
3292 3627 3568 3701 ἀκρότητα
3618 3649 3752 3683 κατ-

2099 3714 2419 3788 ηξιωμὲναι·
2473 3717 2546 3770 ὧν
2597 3719 2632 3786 ἡ
2684 3718 2783 3790 μία
2830 3714 2967 3786 ἦλθε
3005 3715 3138 3790 πρὸς
3188 3716 3279 3770 τὸν
3312 3718 3627 3794 προφήτην.
3662 3718 3753 3779 Ὠς

2097 3806 2198 3881 γὰο
2232 3805 2260 3859 ὁ
2309 3804 2397 3859 ἰπὶ
2437 3807 2649 3860 πάντων
2695 3806 2825 3870 Θεὸς
2874 3805 2972 3860 οὐκ
3008 3803 3219 3877 ἐπαξιοῖ
3274 3808 3386 3878 (92)
3439 3804 3749 3861 διακόπτειν

2098 3891 2158 3948 ἐκ
2177 3898 2273 3948 τοῦ
2305 3893 2532 3968 οὖρανοῦ
2577 3895 2714 3969 πρὸς
2755 3896 2856 3964 τήν
2897 3893 3212 3966 ἐπιμάλειαν
3258 3899 3369 3948 τῶν
3419 3895 3750 3970 ἀνθρώπων,

2099 3980 2223 4038 οὐδὲ
2252 3983 2306 4037 αἱ
2341 3985 2554 4058 μερικαὶ
2590 3981 2846 4056 δυνάμεις
2899 3984 2997 4052 τὴν
3051 3981 3322 4037 διακονίαν
3374 3984 3507 4058 ὑπὲρ
3540 3984 3754 4060 εὺεργε-

2098 4070 2215 4134 σίας
2264 4077 2370 4126 τῶν
2421 4073 2724 4147 ἀνθρώπων
2773 4074 3080 4146 ἀρνοῦνται.
3124 4067 3354 4128 Ἔλαϐεν
3400 4071 3494 4128 οὖν
3550 4074 3614 4128 τὸ
3665 4095 3752 4128 σε·

2097 4160 2302 4238 ραφεῖμ
2330 4161 2437 4215 ἀπὸ
2462 4166 2556 4216 τοῦ
2589 4161 2974 4236 θυσιαστηρίου
3021 4166 3090 4235 τῇ
3137 4156 3341 4218 λαϐίδι.
3377 4163 3752 4236 Ἐνθυμήθητι

2095 4248 2331 4319 πηλίκον
2363 4251 2424 4304 τὸ
2476 4253 2878 4322 Θυσιαστήριον,
2927 4253 3077 4314 ὅπως
3116 4253 3225 4322 (93)
3260 4249 3642 4326 δυσπρόσιτον,
3678 4253 3754 4315 ὡς

2099 4341 2174 4412 μὴ
2226 4341 2574 4412 κατατολμᾷν
2628 4341 2796 4395 αὐτοῦ
2843 4340 2905 4396 τὰ
2947 4340 3212 4419 σεραφείμ
3255 4344 3322 4414 τῇ
3373 4340 3520 4416 χειρὶ
3575 4362 3750 4418 προσ-

325 4437 627 4509 seraphim
677 4433 984 4503 attingere,
1019 4429 1120 4484 sed
1168 4428 1384 4499 forcipe
1418 4429 1612 4499 ignem
1648 4427 1706 4482 in
1741 4445 1981 4484 manum

2105 4427 2370 4493 ίπτεσθαι.
2399 4428 2544 4484 ἀλλὰ
2577 4427 2665 4484 διὰ
2693 4437 2792 4499 τῆς
2827 4425 3052 4491 λαϐίδος
3087 4425 3384 4501 λαμϐάνειν
3415 4430 3478 4483 τὸ
3517 4433 3624 4504 πῦρ
3670 4431 3753 4495 εἰς

324 4526 592 4597 accipiat.
629 4527 693 4577 Et
739 4521 998 4590 sumpsit
1041 4518 1376 4572 carbonem.
1413 4516 1645 4588 Accipit
1695 4518 1888 4588 ignem
1921 4517 1982 4573 in

2105 4519 2188 4586 τήν
2236 4523 2419 4593 χεῖρα.
2463 4520 2566 4574 Καὶ
2622 4514 2814 4574 ἔλαϐεν
2866 4518 3141 4594 ἄνθρακα.
3198 4513 3475 4590 Λάμϐάνει
3525 4520 3585 4572 τὸ
3633 4523 3744 4589 πῦρ

323 4631 590 4673 manum.
625 4607 968 4681 Cujusmodi
1017 4613 1107 4662 est
1154 4606 1272 4676 hic,
1314 4605 1414 4677 qui
1466 4611 1702 4676 peccata
1745 4607 1985 4677 expiat?

2105 4606 2166 4669 εἰς
2199 4609 2296 4675 τὴν
2330 4613 2513 4683 χεῖρα.
2561 4606 2816 4664 Ιιοδαπὸν
2866 4612 2978 4683 (94)
3024 4612 3185 4664 τοῦτο
3233 4608 3295 4662 τὸ
3327 4612 3455 4683 πῦρ,
3504 4609 3532 4661 ὃ
3564 4608 3742 4683 ἁμαρ-

320 4706 472 4763 Num
507 4703 655 4759 forte
675 4698 1084 4771 cognationem
1124 4695 1301 4752 habet
1331 4712 1464 4751 cum
1488 4713 1554 4752 eo
1585 4695 1738 4768 igne,
1763 4696 1834 4751 de
1864 4713 1978 4768 quo

2105 4696 2204 4762 πίας
2245 4696 2487 4774 καθαίρει
2525 4717 2538 4767 ;
2580 4699 2648 4754 Ἦ
2701 4701 2915 4771 μήποτε
2961 4697 3206 4775 συγγενὶς
3257 4696 3464 4769 ἐκείνῳ,
3508 4696 3632 4773 περὶ
3680 4695 3747 4751 οὗ

387 4886 432 4922 ⁰⁴
461 4883 604 4942 Gen.
637 4894 800 4945 xvm,
831 4877 923 4931 27.
1002 4875 1045 4910 ⁸⁵
1073 4877 1198 4929 Act.
1232 4891 1310 4946 v1,
1341 4874 1432 4929 22.
1509 4874 1553 4910 ³⁸
1584 4875 1762 4930 Exod.
1798 4892 1875 4944 1v,
1913 4875 1999 4930 10.

2079 5053 2501 5128 interpretatus
2531 5055 2627 5128 sit,
2659 5055 2729 5111 ad
2763 5057 2983 5128 justam
3013 5057 3328 5114 motionem.
3361 5038 3512 5111 Editi
3543 5058 3748 5114 tamen

2080 5131 2137 5184 et
2167 5129 2304 5255 ξος.
2338 5128 2545 5185 tertius
2594 5127 2835 5201 habent,
2868 5127 3069 5201 ὀξεῖαν,
3110 5129 3181 5187 ad
3226 5129 3464 5188 velocem
3509 5131 3747 5200 motum,

2079 5216 2174 5257 reo
2203 5217 2255 5256 e.

383 5063 495 5134 (85)
528 5056 902 5134 Antiquisex
933 5052 1088 5134 libri,
1117 5053 1219 5104 τοῦ
1249 5054 1400 5108 Θεοῦ.
1425 5051 1606 5134 Editi,
1636 5056 1733 5108 τοῦ
1767 5050 1932 5119 θείου.

405 5123 496 5202 86)
524 5123 706 5197 Editi;
736 5128 932 5202 λέγων.
965 5127 1037 5181 At
1065 5141 1165 5202 sex
1196 5141 1360 5202 mss,
1382 5123 1585 5202 εἰπών.

405 5193 495 5274 87)
525 5193 761 5260 Veteres
793 5193 1238 5274 quatuorlibri,
1270 5193 1682 5274 8é.'_Editi,_313.

530 5276 623 5331 Sic
655 5267 900 5330 mss-At
929 5267 1467 5351 OditiLIFXYOQPu'JVOU
1497 5267 1608 5351 καί.

2131 5271 2502 5351 _(92)_l_\los_tra
2529 5273 2856 5351 _edit_io_e_t_
2909 5275 3089 5351 codex
3137 5273 3318 5351 Fr.__i_.
3353 5269 3415 5326 οὗ
3463 5269 3744 5351 καταξιιξί.

401 5341 492 5419 89)
523 5351 784 5419 Itamss.
818 5360 1042 5419 omnes.
1086 5341 1263 5419 Editi,
1293 5341 1749 5419 προσενηνέχθαι.
1877 5413 1887 5419 _

2105 5341 2164 5398 ιε’
2191 5341 2493 5419 antiquior
2521 5344 2861 5404 Combefisii
2909 5345 3092 5403 codex
3120 5351 3177 5402 et
3206 5345 3302 5402 alii
3338 5341 3745 5419 quatuor,706x

407 5279 475 5332 88
530 5278 623 5331 Sic
655 5291 796 5330 mss.
827 5278 900 5328 At
929 5278 1092 5334 editi,
1129 5278 1467 5351 ἰσχνοφώνου
1497 5278 1608 5325 καί.
1641 5319 1658 5334 ,

381 5278 496 5492 (89)
523 5351 610 5402 Ita
640 5363 784 5401 mss.
818 5360 1042 5399 omnes.
1086 5341 1263 5409 Editi,
1293 5342 1749 5416 προσενηνέχθαι.

381 5421 474 5493 (90
525 5417 698 5487 Editi,
737 5413 1112 5493 ὑποδείγματα.
1149 5412 1238 5466 καὶ
1261 5413 1462 5493 extat.
1491 5418 1563 5471 At
1610 5431 1753 5493 mss.
1789 5413 1966 5493 quin-

2149 5278 2261 5345 (92)
2292 5278 2315 5328 Γ

2105 5348 2148 5398 ιι
2195 5345 2314 5400 anti

2105 5414 2315 5493 .nuﬁtoi:

309 5485 421 5562 que
452 5485 520 5548 ut
549 5493 608 5546 in
641 5485 948 5562 contextu.
967 5486 1177 5542 Statim
1211 5487 1373 5555 editi,
1399 5492 1498 5554 τῆς
1529 5506 1606 5542 τε.
1639 5487 1818 5542 Abest
1845 5505 1904 5539 τε
1933 5504 1968 5543 a

2148 5489 2260 5562 (93)
2290 5487 2484 5544 Nostri
2516 5505 2616 5544 sex
2645 5504 2813 5562 _mss.,
2846 5485 3016 5562 όπως.
3051 5486 3428 5562 Εᾴἱῐὶλοῦτω,

307 5558 455 5621 mss.
491 5561 730 5619 nostris.
899 5630 908 5632 _
1240 5628 1250 5632 _
1682 5630 1691 5632 _
1868 5629 1882 5632 Α

2135 5558 2258 5632 ,(94)
2291 5563 2530 5617 Veteres
2557 5560 2816 5632 quinque
2846 5559 3001 5630 libri,
3038 5558 3313 5618 Ποὸαπόν.
3347 5559 3518 5628 Editi,
3553 5565 3741 5615 Ποτα-

377 5637 490 5709 (91)
519 5635 762 5690 Veteres
811 5630 1090 5709 q_uin‘que‘
1121 5628 1275 5709 libri,
1317 5627 1488 5709 egigni,
1521 5647 1625 5686 nec
1668 5630 1826 5709 jure_
1851 5629 1959 5709 de-

2105 5630 2198 5709 :_6v.
2234 5627 2449 5709 Ibidem
2482 5627 3016 5709 uterque—Col_b._et_
3036 5627 3532 5709 Reg._secundus,
3564 5632 3738 5706 ἀμαρ-

301 5699 484 5768 bitari
509 5710 707 5782 potest
754 5699 899 5776 quin
947 5699 1029 5757 ita
1077 5699 1283 5772 legerit
1328 5699 1696 5773 Tilmannus,
1729 5702 1830 5773 qui
1877 5701 1962 5758 sic
2067 5700 2204 5767 τίας.
2239 5704 2346 5762 Alii
2379 5710 2499 5763 tres
2532 5699 2675 5762 mes.
2708 5709 2766 5761 et
2797 5704 2957 5780 editi,
2991 5699 3281 5780 ἁμαρτίαν.
