4138 6368
342 382 469 441 429

1168 380 1578 443 COMMENT.
1623 381 1702 442 IN
1747 379 2025 442 ISAIAM
2062 379 2574 445 PBOPHETAM.
2619 383 2793 448 CAP.
2839 385 2944 447 Vl.

3649 393 3776 453 I30

343 509 591 583 εἴρηται,
653 507 735 564 ὅτι
814 507 992 571 Αὐτὸς
1075 510 1215 582 ὑμᾶς
1306 511 1555 586 βαπτίσει
1615 511 1667 565 ἐν
1729 507 1980 582 Ηνεόματ

2119 511 2340 568 dictum
2371 518 2496 571 est:
2528 516 2647 584 Ipse
2676 532 2764 572 vos
2807 517 3109 588 baptizabit
3139 521 3198 574 in
3230 519 3440 592 Spiritu
3485 524 3670 577 sancio
3715 526 3769 579 et

341 599 482 676 ἀγίῳ
521 598 615 653 καὶ
674 598 844 672 πυρί;
880 596 1102 668 Ἐπειδὴ
1167 597 1224 652 δὲ
1275 600 1303 654 ὁ
1353 598 1547 674 ἄνθραξ
1595 597 1701 675 πῦρ
1755 599 1884 667 ἐστι,
1937 602 1982 669 τί

2116 603 2239 670 igni
2257 601 2338 656 97?
2370 604 2477 657 Sed
2509 604 2647 675 quia
2677 607 2848 660 carbo
2882 606 3038 677 ignis
3084 608 3178 663 ille
3223 614 3331 674 est,
3356 609 3457 681 qui
3485 611 3545 666 in
3579 616 3768 668 mate-

339 688 629 764 παχυτέρᾳ
661 684 771 757 ἤδη
805 687 894 741 καὶ
927 683 1260 762 γεωδεστέρᾳ
1298 688 1404 762 ὕλῃ
1447 688 1800 761 ἐναπομεῖναν
1845 690 1982 760 (μετι

2115 690 2201 744 ria
2224 691 2348 760 jam
2381 693 2667 747 crassiore
2697 711 2762 748 ac
2794 697 2983 766 magis
3016 697 3274 751 terrestri
3309 704 3572 755 remanet
3601 700 3762 772 (nam

339 778 445 854 γὰρ
489 778 552 832 τὸ
582 774 964 851 παραδραμεῖν
1015 777 1076 831 τὸ
1127 777 1359 850 ἀνθηρὸν
1408 784 1507 846 τῆς
1557 777 1846 852 φλογὸς,ἡ
1879 777 1998 851 περὶ

338 868 441 936 τήν
474 870 712 940 παχεῖαν
764 865 902 936 ὕλην
954 864 1050 920 τοῦ
1103 866 1274 941 πυρὸς
1323 865 1518 937 ὀμιλια
1576 864 1834 940 ἄνθρακες
1880 865 2001 919 ὀνο-

347 957 657 1030 μάζονται),
688 952 833 1030 τάχα
875 953 966 1008 οὖν
1012 954 1269 1027 σημαίνει
1314 956 1416 1023 τὴν
1467 955 1517 1010 ἐν
1562 959 1630 1029 τῇ
1691 956 1847 1030 σαρκὶ
1903 960 1999 1009 τοῦ

342 1046 545 1120 Κυρίου
605 1046 718 1117 (95)
779 1041 1094 1116 ἐπιδημίαν.
1157 1044 1302 1113 Φησὶ
1359 1045 1494 1120 γάρ’
1529 1047 1592 1101 Ὁ
1642 1045 1813 1119 Λόγος
1871 1043 1995 1118 σὰρξ

345 1134 574 1210 ἐγένετο·
605 1135 697 1189 καὶ
752 1137 787 1204 ἡ
838 1134 967 1211 σὰρξ
1026 1135 1117 1188 τὸν
1178 1133 1237 1189 ἐκ
1281 1142 1381 1204 τῆς
1429 1135 1684 1204 θεότητος
1715 1135 1993 1213 φωτισμὸν

349 1221 742 1297 ὑποδεξαμένη,
774 1224 913 1278 κατά
964 1224 1058 1297 μὶν
1105 1224 1168 1278 τὸ
1214 1226 1522 1297 σωματικὸν
1582 1225 1836 1295 αἶ’σθητήο
1863 1223 1998 1278 κατά

338 1311 394 1368 δὲ
448 1315 551 1381 τήν
604 1313 740 1389 πρὸς
802 1312 931 1368 Θεὸν
990 1309 1182 1367 ἕνωσιν
1240 1311 1472 1388 διαυγὴς
1500 1313 1588 1368 καὶ
1620 1313 1992 1386 ἐκλάμπουσα.

339 1401 550 1471 Ἐκείνη
587 1399 644 1456 δὲ
674 1404 708 1471 ἡ
741 1401 867 1476 σὰρξ
900 1400 1003 1478 ἦρε
1031 1403 1127 1462 τὰς
1181 1401 1444 1476 ἁμαρτίας
1489 1407 1585 1457 τοῦ
1640 1401 1871 1474 κόσμου,
1904 1403 1994 1456 καὶ

333 1492 431 1554 τὰς
493 1492 727 1564 ἀνομίας
777 1493 939 1564 ἡμῶν
980 1489 1368 1567 περιεκάθηρεν
1405 1511 1416 1524 ·
1450 1493 1512 1560 ἣν
1558 1488 1626 1546 δι’
1674 1490 1991 1566 αἰνίγματος

334 1582 563 1653 ἡμῖν,ἡ
624 1579 932 1656 προφητεία
988 1578 1315 1654 παρέστησε.
1349 1574 1536 1635 Ναδὰϐ
1599 1580 1694 1652 μὲν
1748 1581 1848 1654 γὰρ
1902 1579 1989 1633 καὶ

333 1664 560 1726 Ἀϐιοὺδ
613 1668 951 1738 κατεκάησαν
1003 1665 1285 1743 ἀλλοτρίῳ
1335 1669 1464 1744 πυρῖ
1510 1668 1872 1744 χρησάμενοι·
1926 1667 1990 1721 τὸ

330 1757 390 1815 δὲ
420 1759 689 1836 σεραφεὶμ
718 1758 822 1812 ἀπὸ
869 1762 972 1813 τοῦ
1023 1757 1180 1832 ἁγίοῦ
1219 1759 1409 1832 πυρὸς,
1439 1763 1535 1812 τοῦ
1583 1757 1635 1812 ἐν
1683 1762 1764 1830 τῷ
1811 1755 1990 1829 νοητῷ

331 1847 708 1922 θυσιαστηρίῳ
732 1851 838 1902 τῶν
889 1845 1164 1916 ἀληθινῶν
1217 1844 1700 1920 ὁλοκαρπωμάτων
1735 1850 1868 1920 (96),
1894 1847 1986 1900 τὸν
2015 1882 2068 1950 Β

604 1931 739 1950 ...ο
894 1935 1018 1950 ,.
1139 1931 1814 1950 ...«.-κο,....-
1937 1933 1977 1950 εκ.

331 1936 572 2012 ἄνθρακα
602 1931 820 2007 ἔλαϐεν,
855 1935 959 2011 οὐχ
1006 1936 1198 2006 ἑαυτῷ,
1226 1935 1372 1991 ἀλλὰ
1418 1940 1486 2010 τῇ
1537 1931 1741 1991 λαϐίδι.
1768 1939 1885 1991 Ἵνα
1933 1933 1989 1990 δὲ

333 2023 497 2100 δείξῃ,
545 2025 722 2080 ὅτιτὸ
754 2029 862 2098 πῦρ
893 2025 955 2079 τὸ
991 2022 1236 2098 οὐράνιον
1279 2025 1407 2100 οὑχὶ
1451 2024 1611 2093 καίει,
1657 2023 1802 2080 ἀλλὰ
1854 2035 1986 2087 καθ-

331 2116 490 2190 αίρει,
545 2119 612 2188 τῇ
675 2114 824 2190 χειρί
883 2111 1302 2186 ὑποδεξάμενον,
1354 2113 1496 2169 οὕτω
1549 2114 1810 2190 προσάγει
1869 2119 1988 2176 τοῖς

330 2204 568 2282 χείλεσι.
604 2204 865 2280 Συγγενες
905 2204 971 2272 ἦν
1003 2203 1183 2276 τούτῳ
1212 2201 1292 2276 τῷ
1324 2203 1454 2280 πυρὶ
1507 2204 1595 2258 καὶ
1645 2205 1706 2258 τὸ
1744 2202 1832 2258 ἐπὶ
1883 2212 1982 2274 τῆς

332 2295 519 2371 βάτου,
555 2294 583 2348 ὃ
617 2290 754 2347 εἶδεν
786 2294 898 2366 (97)
931 2295 1134 2357 Μωσῆς
1168 2291 1505 2366 ἐπικείμενον
1537 2294 1632 2366 μὲν
1675 2298 1754 2364 τῷ
1810 2298 1980 2370 φυτῷ,

331 2384 407 2457 μή
439 2388 732 2438 κατακαῖον
767 2379 825 2436 δὶ
852 2383 952 2450 τὴν
999 2381 1182 2457 βάτον.
1215 2383 1371 2457 Τάχα
1429 2378 1486 2436 δὲ
1542 2385 1576 2451 ἡ
1632 2377 1789 2444 λαϐίς
1839 2379 1980 2436 ἐστιν

326 2475 361 2542 ἡ
392 2472 444 2528 ἐν
479 2471 687 2545 ἑκάστῳ
719 2470 1102 2547 ἐνυπάρχουσα
1145 2469 1522 2542 ἐπιτηδειότης
1555 2472 1692 2546 πρὸς
1717 2473 1816 2539 τὴν
1873 2475 1982 2527 τῶν

321 2562 428 2618 ἀπὸ
487 2561 623 2617 Θεοῦ
679 2558 986 2633 δεδομένων
1055 2561 1265 2637 ἀγαθῶν
1346 2558 1629 2636 ὑποδοχὴν
1689 2560 1825 2616 κατὰ
1879 2562 1976 2630 τήν

319 2650 614 2727 ἀναλογίαν
648 2653 750 2720 τῆς
810 2649 864 2704 ἐν
914 2647 1123 2722 ἑκάστῳ
1183 2649 1540 2726 ὑπαρχούσης
1591 2651 1728 2727 πρὸς
1773 2652 1834 2706 τὸ
1886 2673 1980 2706 κα-

320 2745 418 2803 λὸν
452 2743 802 2804 οῗκειώσεως.

395 2837 516 2890 184.
578 2833 675 2889 Καὶ
732 2829 946 2901 ἤκουσα
1001 2837 1102 2900 τῆς
1163 2837 1349 2908 φωνῆς
1408 2829 1612 2908 Κυρίου
1672 2830 1926 2906 λεγοντος
1961 2853 1974 2866 .

318 2921 449 2978 Τίνα
507 2917 819 2976 ἀποστείλω
881 2921 1016 2993 (98),
1077 2918 1166 2974 καὶ
1221 2919 1304 2982 τίς
1359 2921 1717 2996 πορεύσειαι;
1778 2922 1979 2978 Μωσέα

327 3013 423 3084 μὶν
451 3011 550 3065 οὐκ
574 3009 772 3086 ἐρωτᾷ,
806 3006 937 3064 ἀλλ’
968 3008 1042 3070 ὡς
1073 3005 1217 3085 ἔχων
1245 3005 1493 3081 ἕτοιμον,
1526 3009 1658 3087 φησί
1684 3029 1696 3041 ’
1731 3010 1828 3065 Καὶ
1882 3015 1974 3064 νῦν

329 3097 511 3173 δεῦρο,
560 3097 844 3154 ἀποστελῶ
914 3117 971 3153 σε
1046 3100 1183 3172 πρὸς
1262 3099 1464 3174 Φαραὼ
1534 3098 1760 3172 βασιλέα
1816 3099 1976 3173 Αἰγύη

329 3207 490 3244 πτου.
551 3185 690 3258 Πρὸς
753 3187 935 3257 μέντοι
991 3185 1082 3240 τὸν
1134 3185 1354 3241 Ἡσαΐαν
1414 3186 1583 3262 φησί·
1645 3186 1778 3244 Τίνα
1835 3188 1976 3242 ἀπο-

2114 778 2213 832 ubi
2236 780 2343 832 ﬂos
2364 780 2634 851 viresque
2658 781 2905 837 ﬂammas
2930 787 3337 854 pertransiere.
3359 787 3621 858 reliquim
3651 789 3761 844 illas

2111 885 2238 938 quae
2269 869 2421 922 circa
2442 885 2703 924 crassam
2743 871 2888 926 hanc
2919 872 3074 942 ignis
3098 876 3402 930 materiam
3429 883 3759 948 versantur,

2109 963 2391 1012 vocantur
2411 959 2735 1029 carbones),
2764 962 3008 1016 fortasse
3036 962 3216 1033 igitur
3239 964 3501 1020 futurum
3527 965 3762 1021 Domini

2109 1046 2167 1100 in
2202 1062 2374 1100 carne
2425 1048 2740 1100 adventum
2793 1048 3102 1118 signiﬁcat.
3143 1051 3359 1106 Dicitur
3387 1053 3540 1108 enim
3578 1072 3590 1110 :
3633 1056 3760 1110 Ver-

2109 1136 2237 1190 bum
2281 1152 2407 1190 caro
2452 1139 2665 1205 factum
2710 1139 2787 1190 est
2808 1137 2852 1171 9⁸
2887 1154 2898 1190 :
2936 1143 3110 1208 atque
3161 1156 3314 1207 caro,
3364 1142 3760 1201 illustrations

2107 1225 2432 1280 divinitatis
2471 1230 2768 1296 suscepta,
2801 1228 2957 1282 514
2998 1227 3165 1295 juxta
3209 1231 3264 1283 id
3316 1231 3552 1301 quidem
3603 1235 3756 1304 quod

2107 1319 2229 1368 erat
2259 1313 2942 1384 corporeum,sensibilis
2966 1322 3121 1381 erat;
3150 1321 3208 1370 at
3238 1319 3561 1374 secundum
3586 1338 3755 1377 suam

2105 1419 2237 1457 cum
2265 1404 2375 1456 Deo
2399 1402 2701 1467 unionem,
2731 1401 3022 1471 pellucida
3045 1410 3169 1458 erat
3189 1409 3244 1459 et
3275 1405 3628 1465 illuminata.
3652 1409 3758 1466 Illa

2103 1497 2298 1546 autem
2332 1507 2464 1546 caro
2494 1491 2737 1545 sustulit
2759 1497 2997 1562 peccata
3022 1494 3226 1546 mundi
3249 1495 3313 1562 ον,
3336 1500 3392 1549 et
3413 1497 3755 1568 iniquitates

2104 1586 2334 1635 nostras
2356 1581 2726 1652 perpurgavit
2751 1583 2801 1648 1;
2823 1597 2998 1649 quam
3033 1580 3088 1636 in
3112 1583 3420 1653 aenigmate
3451 1585 3756 1655 prophetia

2103 1671 2271 1724 nobis
2295 1669 2578 1724 exhibuit.
2601 1669 2800 1723 Nadab
2829 1669 3069 1739 quidem
3101 1675 3157 1724 et
3185 1671 3371 1726 Abiud
3397 1675 3754 1729 concremati

2102 1764 2260 1823 sunt,
2286 1763 2486 1830 utpote
2527 1758 2717 1813 alieno
2749 1758 2882 1828 igne
2916 1758 3000 1812 usi
3024 1759 3072 1824 ²;
3108 1760 3404 1830 seraphim
3438 1777 3574 1818 vero
3606 1762 3754 1819 illeo

2100 1851 2301 1901 sancto
2325 1847 2480 1917 igne,
2504 1845 2561 1898 in
2587 1845 2836 1916 spiritali
2859 1844 2959 1900 illa
2980 1862 3247 1901 verorum
3273 1847 3751 1907 holocaustorum

2102 1953 2203 1991 ara
2235 1935 2445 2006 posito,
2480 1951 2593 1989 non
2629 1951 2730 2005 per
2758 1950 2840 2003 se,
2874 1935 2974 1990 scd
3015 1951 3149 1990 cum
3196 1936 3410 2008 forcipe
3441 1941 3752 1996 carbonem

2099 2025 2492 2096 sumpsit.Sed
2520 2028 2582 2078 ut
2603 2024 2895 2089 ostendat,
2921 2023 3116 2095 ignem
3141 2023 3437 2082 cmlestem
3462 2044 3576 2082 non
3599 2045 3753 2084 com-

2096 2117 2324 2180 burere,
2350 2114 2449 2168 sed
2497 2128 2818 2183 expurgare
2855 2129 2867 2167 :
2900 2113 3057 2167 hunc
3089 2129 3264 2169 manu
3299 2122 3639 2188 susceptum
3671 2118 3753 2175 ita

2093 2204 2265 2260 labiis
2297 2205 2586 2258 admovet.
2622 2201 2768 2256 Huic
2812 2201 2932 2273 igni
2983 2202 3138 2274 ignis
3170 2203 3267 2258 ille
3299 2205 3510 2261 similis
3541 2213 3665 2262 erat
3695 2211 3754 2263 et

2095 2293 2309 2359 afﬁnis,
2343 2292 2439 2362 qui
2490 2292 2549 2345 in
2599 2291 2745 2346 rubo
2796 2293 3102 2362 apparuit;
3153 2308 3326 2363 quem
3357 2293 3504 2349 vidit
3557 2295 3748 2353 Moses

2094 2384 2302 2454 plantaa
2351 2381 2814 2446 incumbentem,
2849 2397 2954 2435 nec
2984 2385 3179 2436 tamen
3232 2384 3445 2438 rubum
3495 2401 3746 2442 exuren-

2091 2478 2208 2528 tem
2231 2473 2271 2526 ³.
2307 2472 2576 2527 Fortasse
2619 2474 2814 2524 autem
2848 2470 3075 2541 forceps
3106 2485 3235 2525 eam
3287 2471 3621 2529 facultatem
3655 2475 3744 2531 in-

2091 2563 2264 2630 dicat,
2299 2577 2416 2632 qua
2465 2561 2715 2631 quisque
2761 2559 3042 2630 praeditus
3073 2560 3228 2615 bona
3258 2575 3290 2614 a
3320 2565 3434 2616 Deo
3464 2579 3747 2620 concessa

2090 2652 2344 2721 recipere
2374 2648 2548 2717 valet,
2583 2665 2684 2719 pro
2731 2647 2956 2703 ratione
2995 2648 3124 2719 ejus
3171 2648 3272 2720 qui
3323 2650 3641 2724 unicuique
3670 2654 3742 2709 ad

2089 2741 2366 2796 virtutem
2399 2738 2554 2794 inest
2584 2736 2844 2792 habitus.

2162 2830 2284 2884 184.
2317 2828 2496 2884 Vnas.
2526 2828 2578 2880 8.
2616 2829 2685 2879 Ft
2731 2825 2920 2880 audivi
2966 2841 3152 2882 vorem
3184 2828 3420 2884 Domini
3461 2828 3696 2886 dicentis
3725 2849 3743 2885 :

2090 2921 2255 2989 Quem
2306 2919 2543 2984 mittam,
2577 2919 2625 2970 et
2655 2917 2778 2986 quis
2808 2916 2952 2970 ibit?
2986 2915 3180 2970 Mosen
3213 2915 3451 2986 quidem
3507 2933 3620 2972 non
3655 2918 3745 2974 in-

2086 3013 2343 3079 terrogat
2376 3023 2388 3060 :
2425 3007 2525 3062 sed
2572 3005 2744 3076 quasi
2797 3020 2930 3058 eum
2972 3003 3098 3074 jam
3151 3003 3393 3060 haberet
3445 3012 3742 3078 paratum,

2087 3099 2205 3154 ait:
2241 3098 2304 3152 Et
2330 3111 2480 3150 nunc
2517 3095 2660 3161 veni,
2685 3094 2907 3148 mittam
2957 3097 3009 3148 te
3036 3094 3110 3148 ad
3158 3093 3514 3150 Pharaonem
3558 3111 3745 3168 regem

2088 3188 2314 3258 Αἶρε]ρεί
2336 3187 2372 3237 δ.
2407 3187 2478 3238 At
2507 3199 2641 3238 vero
2675 3183 2745 3238 ad
2782 3182 2988 3237 Isaiam
3034 3182 3115 3237 ait
3146 3199 3158 3238 :
3191 3187 3366 3252 Quem
3410 3184 3658 3253 mittam,
3690 3191 3742 3242 et

326 3274 550 3344 στείλω,
584 3274 674 3330 καὶ
730 3274 814 3337 τίς
872 3275 1225 3346 πορεύσεται;
1257 3276 1348 3339 Τίς
1401 3251 1490 3330 οιῦν
1545 3278 1578 3345 ἡ
1631 3275 1776 3330 αἰτία
1809 3295 1821 3346 ;
1853 3280 1973 3334 Ὀτι

2099 3251 2380 3350 inii-ibit?
2411 3273 2724 3344 Ecqua-:‘est
2754 3270 2975 3325 causa?
3007 3269 3152 3335 Quia
3181 3251 3300 3327 illic
3332 3273 3570 3344 quidem
3603 3251 3738 3330 mit-

319 3363 438 3418 ἐκεῖ
496 3365 591 3435 μὲν
653 3361 742 3417 ἐπὶ
796 3363 976 3438 ἀγαθῶ
1034 3363 1124 3418 καὶ
1183 3363 1464 3438 εὐεργεσίᾳ
1684 3369 1781 3420 τοῦ
1839 3366 1974 3420 λαοῦ

316 3451 686 3507 ἀπεστέλλετο
717 3453 944 3522 Μωσῆς,
979 3451 1204 3506 ἐνταῦθα
1235 3450 1291 3506 δὲ
1340 3455 1675 3530 σκυθρωπιῖΜ
1722 3455 1972 3530 πραγμά-

313 3564 424 3598 των
459 3540 709 3596 διακονία
738 3541 1049 3616 πρόκειται.
1083 3543 1182 3595 Διὰ
1223 3547 1385 3596 τοῦτο
1434 3541 1622 3616 ἐκείνῳ
1657 3543 1752 3616 μὲν
1805 3544 1976 3620 πρόσ-

315 3651 522 3707 ταγμα,
571 3629 751 3702 τούτῳ
803 3627 864 3684 δὲ
915 3628 997 3684 ἐπ’
1051 3627 1291 3700 ἐξουσίας
1338 3630 1533 3706 ἀφείθη
1582 3633 1617 3700 ἡ
1668 3632 1972 3708 ὑπουργία”

321 3718 464 3776 διότι
497 3719 815 3798 πεφύκαμεν
858 3720 911 3772 οἱ
964 3716 1237 3794 ἅνθρωποι
1287 3720 1420 3794 ἅπερ
1469 3719 1532 3775 ἂν
1579 3719 1778 3776 ἐκόντει
1836 3721 1975 3778 ἑλώ-

322 3811 478 3883 μεθα,
528 3807 626 3864 κᾶν
679 3806 916 3862 ἐπίπονα
958 3807 1015 3882 ᾖ,
1059 3805 1475 3882 καταδέχεσθαι.
1513 3808 1610 3864 Διὰ
1662 3814 1824 3864 τοῦτο
1874 3812 1974 3866 αὐ-

318 3901 411 3955 τὸν
475 3897 732 3975 βούλεται
784 3896 974 3952 ἑκόντα
1016 3895 1399 3968 καταδέξασθαι
1435 3899 1536 3967 τήν
1582 3898 1898 3969 ἀποστολὴν
1947 3902 1976 3955 ὁ

321 3989 545 4064 Κύριος.
583 3987 682 4044 Καὶ
732 3985 816 4041 ὅτι
880 3986 974 4060 μὶν
1036 3987 1196 4063 χρεία
1241 3993 1344 4056 τῆς
1401 3987 1736 4058 ἀποστολῆς,
1788 3986 1972 4060 ἔδειξε,

314 4079 378 4134 τὸ
408 4076 467 4132 δὲ
495 4075 709 4132 εὔθετον
745 4075 821 4138 εἷς
857 4072 1132 4131 διακονίαν
1168 4076 1466 4150 πρόσωπον
1521 4076 1571 4147 ἐξ
1623 4077 1790 4147 αὐτῆς
1844 4078 1978 4154 βούο

319 4166 470 4222 λεται
529 4168 631 4236 τῆς
688 4163 996 4241 προθυμίας
1050 4165 1407 4243 ἀναφανῆναι.
1441 4166 1539 4219 Διὰ
1583 4169 1742 4220 τοῦτο
1773 4171 1975 4235 Μωσῆς

319 4256 416 4329 μὲν
445 4253 534 4309 ἐπὶ
566 4252 915 4331 περιφάνειαν
953 4253 1098 4328 βίου,
1131 4255 1223 4308 καὶ
1255 4252 1391 4309 λαοῦ
1432 4252 1694 4310 τοσούτου
1742 4276 1976 4330 προστα-

315 4345 431 4399 σίαν
479 4341 844 4415 καλούμενος,
878 4348 1238 4416 παραιτεῖται·
1271 4343 1367 4404 Τίς
1418 4344 1553 4416 εἰμι,
1585 4343 1668 4398 δτι
1720 4343 1979 4419 πορεύσο-

320 4454 415 4507 μαι
470 4433 608 4506 πρὸς
665 4431 869 4506 Φαραὼ
932 4429 1158 4504 βασιλέα
1215 4431 1518 4506 Αἴγύπτου,
1551 4433 1640 4487 καὶ
1703 4436 1778 4506 (1)
1813 4433 1977 4504 ἐξάξω

2085 3369 2316 3426 tebatur
2349 3365 2540 3419 Moses
2579 3362 2798 3416 bonum
2832 3360 3296 3433 beneﬁciumque
3346 3362 3406 3416 in
3453 3363 3739 3435 populum

2085 3456 2438 3513 collaturus:
2461 3452 2554 3507 hic
2571 3456 2769 3507 autem
2793 3449 3188 3504 ministerium
3217 3453 3564 3522 proponitur
3581 3452 3739 3509 circa

2084 3562 2177 3601 res
2210 3542 2511 3598 molestas.
2547 3538 2829 3605 Quocirca
2857 3536 2942 3590 illi
2981 3536 3315 3608 injungitur
3345 3543 3735 3610 praceptum;

2084 3635 2222 3690 huic
2249 3648 2380 3687 vero
2413 3627 2766 3698 relinquitur
2791 3625 3072 3681 obeundae
3104 3624 3411 3697 legationis
3442 3632 3734 3698 potestas;

2087 3727 2394 3796 propterea
2421 3717 2574 3790 quod
2599 3733 2704 3771 nos
2727 3715 3000 3770 homines
3022 3731 3089 3769 ea
3110 3731 3237 3786 qua:
3268 3713 3513 3771 libentes
3540 3732 3742 3788 geren-

2087 3815 2163 3868 da
2193 3808 2575 3880 suscipimus,
2597 3805 2834 3860 tametsi
2864 3804 3070 3871 ardua,
3097 3803 3392 3859 sustinere
3421 3805 3738 3862 soleamus.

2088 3903 2222 3957 Eam
2257 3899 2328 3953 ob
2361 3912 2599 3953 causam
2624 3897 2836 3965 sponte
2858 3892 2930 3947 ab
2963 3891 3114 3947 Isaia
3136 3891 3260 3946 vult
3279 3892 3565 3949 Dominus
3588 3893 3742 3951 hanc

2087 3988 2439 4061 legationem
2472 3982 2672 4054 recipi.
2707 3985 2890 4052 Atque
2922 3979 3326 4036 necessitatem
3362 3982 3602 4053 quidem
3642 4000 3742 4040 os-

2085 4077 2274 4133 tendit
2303 4072 2638 4144 legationis,
2672 4071 2772 4126 sed
2810 4076 3007 4125 tamen
3039 4068 3186 4137 vult,
3218 4075 3285 4125 ut
3313 4087 3382 4125 ex
3413 4071 3594 4127 animi
3621 4072 3742 4129 ala-

2087 4168 2291 4222 critate
2340 4161 2706 4234 exploratum
2757 4161 2834 4214 sit
2880 4174 2946 4211 ac
2995 4165 3378 4230 compertum,
3426 4177 3741 4231 personam

2089 4257 2271 4311 fuisse
2323 4250 2618 4322 explenda:
2678 4246 3176 4302 administrationi
3229 4247 3521 4303 idoneam.
3554 4252 3745 4313 Quare

2087 4349 2276 4400 Moses
2309 4341 2378 4397 ad
2415 4335 2966 4410 splendidissimum
2998 4335 3130 4390 vita:
3161 4351 3347 4406 genus
3390 4341 3446 4391 et
3488 4338 3559 4393 ad
3594 4339 3742 4394 tanti

2088 4433 2287 4506 populi
2323 4429 2726 4501 praefecturam
2761 4425 3002 4491 accitus,
3033 4424 3240 4478 abnuit
3271 4430 3328 4480 et
3357 4425 3742 4498 deprecatur:

313 4523 407 4578 τὸν
440 4521 574 4576 λαὸν
608 4520 668 4575 ἐκ
713 4527 818 4594 γῆς
871 4520 1152 4595 Αἰγύπτου
1178 4548 1192 4589 ;
1223 4520 1313 4574 καὶ
1354 4518 1522 4576 πάλιν
1549 4542 1560 4554 ·
1610 4523 1831 4594 Δέομαι,
1865 4523 1979 4577 Κύ-

2099 4525 2222 4593 Qui:
2253 4537 2399 4586 sum,
2429 4526 2490 4574 ut
2533 4532 2759 4587 pergam
2789 4514 2859 4569 ad
2888 4513 3234 4568 Pharaonem
3282 4530 3470 4584 regem
3498 4517 3743 4588 zEgypti,

319 4633 424 4690 ριε,
458 4611 565 4686 οὐχ
595 4609 780 4671 ἱκανός
815 4609 928 4682 εἶμι
955 4610 1092 4686 πρὸς
1121 4617 1221 4679 τῆς
1252 4610 1383 4685 χθὶς
1417 4607 1542 4665 οὐδὲ
1571 4611 1676 4683 πρὸ
1714 4619 1814 4680 τῆς
1859 4613 1975 4688 τρί-

2099 4622 2142 4669 et
2170 4611 2393 4666 educam
2422 4607 2685 4679 populum
2733 4619 2802 4658 ex
2846 4607 3002 4658 terra
3034 4603 3298 4675 AEgypti5
3321 4604 3348 4658 7
3400 4605 3470 4659 Et
3518 4622 3727 4661 rursus

315 4722 418 4772 της
479 4699 715 4774 ἡμέρας,
776 4695 907 4753 οὐδὲ
963 4698 1053 4776 ἀφ’
1113 4698 1175 4752 οὗ
1233 4695 1382 4771 ἤρξω
1441 4695 1630 4753 λαλεῖν
1685 4703 1764 4770 τῷ
1821 4701 1977 4776 θερά-

2099 4705 2290 4758 Precor
2347 4697 2595 4760 Domine,
2624 4710 2736 4749 non
2781 4709 2904 4747 sum
2964 4693 3197 4747 idoneus
3250 4698 3378 4749 ante
3426 4693 3746 4751 hesternum

316 4791 478 4846 ποντί
513 4791 589 4863 (2)
624 4807 749 4843 σουσ
784 4785 875 4842 καὶ
929 4787 1120 4842 πάλιν·
1151 4785 1374 4860 Δέομαι,
1407 4786 1590 4860 Κύριε,
1623 4789 1975 4864 προχείρισαι

2099 4805 2261 4862 neque
2291 4795 2416 4842 ante
2444 4786 2678 4840 tertium
2710 4781 2878 4848 diem,
2910 4797 3091 4852 neque
3120 4798 3190 4837 ea:
3218 4797 3325 4854 quo
3353 4784 3568 4854 coepisti
3597 4783 3749 4853 loqui

320 4878 492 4935 ἄλλον
576 4875 872 4952 δυνάμενον
933 4876 992 4931 ὃν
1052 4875 1394 4940 ἀποστελεῖς.
1452 4875 1666 4940 Ἠσαίας
1730 4875 1786 4932 δὲ
1845 4875 1977 4932 οὐδὲ

2099 4880 2156 4935 ιιι
2185 4876 2463 4950 famulum
2510 4875 2667 4927 tuum
2688 4872 2729 4926 ⁸.
2763 4872 2833 4926 Et
2863 4869 3078 4926 iterum
3109 4887 3130 4925 :
3161 4869 3441 4942 Supplice,
3494 4871 3747 4944 Domine,

387 5008 432 5044 ’7
464 5005 672 5062 Matth.
706 5021 792 5072 ιιι,
827 5005 913 5060 11.
990 5005 1034 5040 ⁸³
1063 5007 1230 5060 Joan.
1264 5022 1302 5074 1,
1340 5006 1428 5060 14.
1505 5006 1549 5042 ⁹⁹
1575 5006 1745 5062 Joan.
1779 5022 1820 5074 ι,
1853 5005 1943 5060 29.

2099 5006 2248 5062 Iobr.
2281 5020 2321 5066 ι,
2344 5001 2398 5056 3.
2473 5000 2495 5034 ⁸
2526 4998 2657 5054 Lev.
2692 5013 2752 5066 Χ,
2782 4997 2837 5052 2.
2915 4996 2936 5031 ³
2967 4994 3144 5052 Exod.
3179 5011 3262 5061 ιιι,
3294 4996 3350 5051 2.
3429 4996 3450 5032 ⁴
3479 4993 3623 5051 ibid.
3657 4995 3748 5052 10.

322 5078 344 5113 ⁵
373 5079 510 5136 ibid.
548 5079 635 5133 11.
711 5077 734 5112 ⁸
763 5077 944 5134 Exod.
975 5093 1054 5143 ιν,
1089 5078 1175 5132 10.

388 5205 500 5277 (95)
531 5200 708 5277 Editi.
739 5203 836 5277 του
867 5203 1023 5277 θεοῦ.
1045 5204 1120 5277 At
1145 5202 1408 5274 quinque
1434 5219 1601 5274 mss.,
1623 5205 1720 5256 τοῦ
1751 5198 1972 5277 Κυρίου.

312 5273 492 5335 Alius
511 5275 713 5349 codex,
743 5275 840 5349 τοῦ
871 5273 1131 5349 Χριστοῦ.

388 5350 504 5421 (96)
538 5348 634 5403 Sio
666 5343 934 5421 quinque
970 5363 1117 5402 mss.
1149 5347 1221 5401 At
1267 5343 1409 5401 editi
1453 5349 1510 5400 et
1557 5347 1706 5421 Reg._
1729 5345 1978 5421 primus,

314 5416 1158 5492 ὁλοκαυτωμάτων.Ἁιίςυοηιο
1186 5421 1318 5490 post
1340 5435 1439 5473 sex
1464 5434 1628 5490 mss.,
1652 5416 1782 5491 οὐχὶ
1813 5416 1976 5474 καίει.

312 5494 492 5560 Editi,
525 5489 586 5546 οὐ
619 5489 791 5560 καίει.

2159 5199 2274 5272 (98)
2298 5195 2719 5272 Libriveteres
2741 5208 2856 5272 non
2887 5190 2981 5272 h_i_c
3014 5191 3336 5272 modo,_sed
3366 5189 3427 5272 in
3459 5191 3747 5272 sequenti-

2186 5233 2196 5236 -
2357 5233 2464 5253 ιυ..
2504 5233 2719 5249 ww“...
2741 5233 2856 5248 μυ..
2887 5233 2981 5246 ...ν
3016 5233 3185 5247 ...νυν
3233 5233 3336 5247 υ-..
3368 5233 3427 5246 η,
3459 5233 3521 5246 ην
3567 5233 3745 5248 πω,-

2088 5233 2409 5328 διίέκίίιὶἔω
2467 5267 2621 5322 inter
2673 5281 2735 5320 se
2782 5263 3111 5336 dissident._
3135 5233 3251 5319 Alii
3299 5263 3456 5317 enim
3504 5233 3746 5336 hiabant,

2088 5340 2398 5409 ἀποστελῶ,
2430 5341 2645 5394 mittam
2671 5355 2689 5392 :
2716 5335 2848 5409 alii,
2868 5331 3209 5409 ἀποστείλω,
3233 5337 3415 5409 mitto.

2162 5402 2544 5488 (99)_Editi_et
2575 5411 2713 5479 Reg.
2768 5402 3017 5488 primus,
3052 5403 3141 5488 ίπζ
3186 5404 3373 5488 ἀγαθῇ
3397 5402 3487 5458 καὶ
3536 5403 3746 5488 εὐεργε-

2093 5475 2200 5558 aia.
2233 5475 2342 5542 ᾸΙίἱ
2378 5484 2639 5558 quinque
2659 5475 3154 5558 ἶηεξ.,“ἐπίἀγαθά
3179 5475 3285 5558 ,καὶ
3327 5475 3654 5552 εὐεργεσίας.

389 5547 1056 5640 (ω’)ΑΕάὶῐὶηξδὼν-Δμὲν.
1088 5559 1309 5640 Vocula
1361 5559 1564 5640 pivuin
1606 5559 1841 5640 nostgis
1882 5576 1982 5640 sex

2161 5547 2238 5640 (1)
2269 5547 2462 5640 limiti
2497 5547 2679 5640 βεεν.
2698 5549 2808 5634 καὲο
2826 5547 3280 5640 Εέἰίῖνξκσξξὲῖὶι·
3302 5547 3431 5640 ,Δί
3463 5547 3481 5640 ί
3505 5618 3520 5640 ε

389 5559 503 5640 (97)
536 5563 710 5632 Editi,
755 5559 883 5614 ἰδὼν
939 5561 1056 5632 μέν.
1088 5559 1309 5617 Vocula
1361 5559 1452 5633 μέν
1506 5560 1564 5616 in
1614 5559 1832 5616 nostris
1882 5576 1982 5616 sex

317 5655 466 5696 mss.
501 5637 686 5692 deest.
720 5634 836 5690 Nec
879 5633 963 5688 ita
1001 5633 1183 5706 multo
1211 5633 1368 5706 infra
1397 5632 1560 5706 editi,
1593 5634 1726 5688 Θεοῦ
1757 5627 1979 5706 διδομέ-

2161 5560 2209 5630 (1
2269 5559 2462 5613 Nostri
2497 5571 2667 5621 mss.,
2698 5559 2808 5606 καί.
2842 5559 3016 5619 Editi,
3051 5559 3137 5602 καί
3175 5559 3280 5630 οτι.

2165 5559 2238 5702 (2i
2271 5631 2358 5688 Ita
2387 5627 2522 5686 libri
2563 5624 2788 5698 antiqui
2834 5637 3059 5680 omnes.
3095 5619 3264 5688 Edlll,
3297 5617 3433 5689 πρὸς
3465 5618 3558 5675 τὸν
3593 5615 3744 5695 θερά-

315 5730 446 5770 νων.
478 5713 555 5768 At
585 5724 732 5768 mss.
765 5720 996 5777 omnes,
1029 5701 1360 5779 δεδομόνων.
1545 5701 1554 5706 ⁷
1885 5701 1895 5706 ⁷

2099 5701 2284 5758 ποντα.
