4138 6376
393 414 506 474 l3!

1339 397 1734 462 APPENDIX
1777 396 2102 459 OPERUM
2145 396 2216 458 S.
2261 396 2548 457 BASlLII
2591 395 2873 458 MAGNI.

3695 398 3811 458 I39

393 547 538 617 elige
565 545 743 599 alium
774 545 872 611 qui
912 543 1098 612 possit,
1131 553 1285 608 quem
1333 537 1519 590 mittes
1537 535 1578 588 τ.
1611 533 1794 589 Isaias
1841 537 2038 586 autem

2173 532 2400 583 τοιοῦτον
2429 528 2680 596 ἀκούσας,
2697 526 2844 583 ἀλλὰ
2877 527 3054 600 μόνην
3077 528 3176 596 τήν
3202 524 3392 602 χρείαν
3416 524 3698 604 διδαχθεὶς
3714 537 3813 599 τῆς

391 635 529 690 licet
556 633 702 690 nihil
727 631 1060 700 hujusmodi
1087 628 1372 691 audisset,
1395 627 1496 679 sed
1524 630 1679 678 esset
1700 623 1889 677 solam
1915 628 2049 675 mit-

392 727 582 780 tendie
605 722 916 793 legationis
929 718 1338 772 necessitatem
1353 715 1618 777 edoctus,
1639 729 1700 766 se
1719 712 1844 782 ipse
1861 711 2050 765 libens

395 813 715 877 obtulit,ac
746 826 858 879 prie
891 822 1120 860 summo
1153 821 1350 858 amore
1382 809 1439 856 et
1469 801 1664 856 studio
1697 799 1896 870 injecit
1925 814 2052 853 sese

393 902 452 956 in
485 900 676 954 media
709 895 984 968 pericula,
1011 911 1115 948 nec
1147 893 1216 947 ad
1253 892 1439 946 ullum
1465 891 1754 944 malorum
1782 906 1908 958 quas
1938 887 2048 942 sibi

392 996 558 1045 erant
588 1006 621 1042 a
653 985 864 1057 populo
903 983 1227 1050 inferenda,
1261 981 1532 1036 attendit.
1569 979 1824 1033 Observa
1853 983 2052 1031 autem

393 1077 690 1149 propheta)
737 1080 1076 1129 accuratam
1127 1080 1184 1126 et
1231 1073 1721 1139 circumspectam
1775 1066 2053 1137 loquendi

392 1164 864 1222 rationem.Nam
889 1163 959 1217 ad
985 1169 1132 1215 duas
1155 1158 1478 1214 sententias
1513 1158 1839 1227 propositas
1867 1171 2053 1208 unum

391 1253 664 1310 adhibuit
713 1267 1064 1322 responsum
1101 1266 1112 1302 :
1149 1250 1314 1316 Quem
1365 1249 1604 1309 mittam,
1644 1255 1693 1300 et
1746 1247 1868 1314 quis
1919 1245 2059 1297 ibit?

389 1347 522 1400 Ecce
552 1359 652 1411 ego
679 1359 824 1407 sum,
850 1343 1008 1394 mitte
1037 1355 1141 1394 me.
1163 1338 1419 1406 Necjam
1453 1335 1690 1404 adjecit,
1708 1341 1774 1388 bt
1795 1349 1900 1404 ego
1924 1334 2015 1387 ibo
2042 1348 2054 1387 :

390 1434 688 1504 siquidem
721 1436 812 1485 est
854 1429 1039 1483 nostri
1092 1426 1318 1482 arbitrii
1352 1431 1409 1480 et
1450 1423 1755 1494 potestatis
1803 1424 2060 1492 recipere

390 1522 778 1590 legationem:
801 1518 1152 1572 confirmare
1176 1523 1368 1569 autem
1390 1514 1460 1568 ad
1484 1513 2061 1584 profectionem,ejus

391 1617 481 1667 est
494 1609 594 1680 qui
616 1605 814 1680 gratis:
835 1607 980 1676 largi
993 1605 1146 1660 tione
1163 1621 1267 1657 nos
1281 1602 1636 1668 corroborat,
1655 1600 1753 1654 Dei
1770 1598 2056 1652 videlicet-

397 1700 548 1757 515
586 1698 810 1768 Itaque,
834 1698 1121 1766 quantum
1148 1693 1399 1763 pertinet
1427 1692 1498 1745 ad
1523 1691 1579 1744 id
1605 1689 1760 1759 quod
1783 1705 1851 1743 ex
1875 1687 2058 1742 libera

390 1787 696 1843 voluntate
720 1785 1031 1855 pendebat,
1060 1781 1207 1836 dixit
1235 1799 1246 1835 :
1275 1781 1404 1836 Ecce
1434 1795 1530 1849 ego
1555 1795 1701 1846 sum,
1735 1778 1894 1832 mitte
1925 1792 2008 1830 me
2035 1793 2053 1830 :

395 1876 551 1948 quod
576 1879 771 1929 autem
796 1877 922 1926 erat
941 1870 1164 1942 gratiis,
1187 1868 1423 1934 reliquit
1445 1868 1716 1923 Domino.
1746 1866 1866 1921 Non
1897 1865 2052 1920 enim

394 1964 694 2037 pollicitus
726 1967 815 2017 est
852 1977 979 2016 sese
1021 1959 1443 2030 profecturum,
1478 1962 1679 2027 utpote
1713 1972 1831 2009 suis
1864 1955 2054 2026 ipsius

406 2050 769 2108 inﬁrmitatis
807 2048 1099 2104 conscius.
1133 2046 1310 2102 Audit
1348 2051 1544 2100 autem
1580 2060 1773 2098 vocem
1831 2043 2054 2097 Domini

401 2142 453 2198 is
477 2141 652 2196 etiam
677 2139 849 2208 cujus
872 2134 1189 2208 corporalis
1213 2134 1450 2190 auditus
1481 2133 1635 2187 ictus
1659 2149 1774 2187 non
1797 2141 1883 2187 est
1904 2136 2054 2198 tum,

402 2246 536 2286 cum
579 2245 748 2284 mens
796 2243 1000 2284 eorum
1049 2225 1263 2296 quibus
1309 2223 1464 2278 Deus
1513 2222 1828 2278 consilium
1879 2237 2052 2274 suum

396 2318 652 2374 revelare
683 2317 952 2380 voluerit,
979 2333 1011 2369 ει
1041 2315 1155 2370 Deo
1199 2313 1573 2368 informatur.
1608 2310 1674 2365 Hi
1723 2309 1876 2364 enim
1911 2326 2055 2380 quo-

395 2425 522 2464 rum
561 2407 796 2462 animus
828 2405 1182 2460 informatur
1213 2400 1497 2456 ineffabili
1530 2400 1785 2470 quadam
1820 2399 2054 2464 virtute,

395 2501 652 2552 mentem
673 2495 840 2549 valde
863 2498 1144 2549 attentam
1169 2507 1236 2546 ac
1261 2507 1468 2562 puram
1491 2489 1914 2552 custodientes,
1937 2504 2058 2542 ser-

399 2599 636 2640 monem
670 2583 768 2637 Dei
798 2581 974 2637 veluti
1007 2580 1066 2635 in
1093 2596 1153 2635 se
1175 2596 1385 2635 sonum
1419 2579 1687 2632 edentem
1721 2577 2057 2648 possident;

399 2672 634 2728 etiamsi
685 2688 780 2726 aer
833 2689 949 2726 non
1002 2669 1254 2740 excipiat
1286 2669 1505 2722 formas
1554 2666 1730 2730 ullas,
1766 2681 1955 2736 neque
1987 2665 2060 2719 ad

403 2779 608 2818 aurem
641 2760 1025 2815 transmittat.
1062 2759 1204 2812 Nam
1240 2759 1296 2811 in
1331 2755 1624 2827 prophetas
1661 2755 1858 2809 animo
1890 2753 2058 2825 quasi

400 2852 459 2905 in
496 2851 751 2922 quodam
787 2848 936 2903 libro
967 2846 1326 2901 voluntatem
1363 2861 1529 2899 suam
1565 2843 1834 2898 inscribit
1869 2844 2056 2896 Deus:

405 2946 460 2996 et
493 2939 698 2994 audire
720 2938 939 2992 dicitur
962 2936 1033 3004 is,
1059 2936 1156 3006 qui
1193 2936 1246 2988 in
1274 2936 1470 2988 animo
1493 2933 1690 2988 divina
1711 2949 1886 2986 sensa
1907 2931 2060 2986 exci-

403 3028 509 3102 pit.
563 3027 954 3093 Quamobrem
1019 3029 1324 3097 postquam
1379 3022 1522 3077 dixit
1570 3021 1854 3094 propheta
1889 3038 1900 3075 :
1934 3022 2064 3076 Ecce

401 3135 525 3174 sum
572 3133 690 3186 ego,
726 3116 882 3171 mitte
913 3130 997 3169 me
1028 3131 1046 3169 ,ο
1072 3114 1143 3169 ad
1185 3113 1493 3182 sequentia
1540 3111 1687 3166 nihil
1738 3110 2058 3182 respondit.

401 3207 527 3262 Non
563 3206 722 3261 enim
755 3205 900 3259 dixit
932 3221 944 3258 :
983 3205 1098 3274 Ego
1147 3203 1274 3267 ibo;
1313 3206 1616 3272 propterea
1666 3200 1820 3271 quod
1877 3200 2064 3269 major

2161 617 2648 686 ἀποστολῆς,ἒκὼν
2675 619 2859 672 ἑαυτὸν
2894 615 3151 688 ἐπέδωκε,
3170 616 3258 671 καὶ
3295 617 3482 689 μίσοις
3513 613 3668 687 ἐνέϐη
3700 624 3815 683 τοῖς

2162 703 2361 768 δεινοῖς
2388 711 2456 780 τῇ
2492 702 2770 781 ὑπερϐολῇ
2802 714 2900 777 τῆς
2933 706 3171 782 ἀγάπης,
3207 703 3378 778 μηδὲν
3427 706 3533 760 τῶν
3586 705 3808 778 μελλόν.

2162 817 2268 850 των
2332 796 2615 871 ἐπάγεσθαι
2674 797 2826 868 αὐτῷ
2883 796 3029 870 παρά
3094 800 3190 849 τοῦ
3252 794 3388 850 λαοῦ
3437 793 3812 870 λογισάμενος.

2169 889 2472 960 ΙΙαρατήρει
2534 884 2591 940 δὲ
2647 885 2708 939 τὸ
2768 880 2986 958 ἀκριϐὲς
3060 885 3152 956 ,καὶ
3209 885 3670 956 περιεσκεμμένον
3722 891 3812 941 106

2163 977 2471 1050 προφήτου.
2505 976 2646 1048 Πρὸς
2702 975 2802 1050 γὰρ
2865 971 2959 1028 δύο
3015 972 3216 1047 λόγους
3272 972 3394 1046 μίαν
3429 979 3667 1028 ποιεῖται
3717 977 3810 1044 τὴν

2167 1064 2481 1137 ἀπόκρισιν⁶
2544 1066 2680 1120 Τίνα
2736 1061 3069 1133 ἀποστείλω,
3129 1062 3219 1116 καὶ
3301 1063 3385 1125 τίς
3457 1063 3809 1137 πορεύσεται;

2167 1151 2306 1206 Ἰδοὺ
2367 1152 2477 1224 ἐγώ
2531 1152 2668 1224 εἰμι,
2698 1149 3023 1206 ἀπόστειλον
3089 1172 3174 1224 με.
3203 1149 3398 1208 Οὐκέτι
3460 1152 3810 1224 προσέθηκενο

2168 1242 2265 1294 Καὶ
2348 1239 2454 1314 ἐγὼ
2530 1240 2893 1314 πορεύσομαι.
2953 1241 3022 1294 Τὸ
3086 1241 3180 1312 μὲν
3229 1240 3330 1314 γὰρ
3387 1237 3634 1309 δέξασθαι
3714 1242 3810 1310 τήν

2168 1329 2504 1400 ἀποστολὴν,
2557 1330 2638 1406 ἐφ’
2686 1332 2844 1402 ἡμῖν·
2877 1330 2940 1384 τὸ
2985 1327 3043 1384 δὲ
3093 1327 3482 1403 δυναμωθῆναι
3533 1330 3664 1402 πρὸς
3716 1332 3811 1400 τήν

2169 1419 2414 1490 πορείαν,
2446 1423 2541 1473 τοῦ
2592 1416 2834 1480 διδόντος
2882 1420 2981 1487 τὴν
3028 1419 3190 1492 χάριν
3239 1417 3299 1473 ὲκ
3338 1422 3440 1473 106
3475 1417 3807 1494 ἐνισχύοντος

2171 1513 2325 1565 Θεοῦ.
2357 1510 2534 1576 Ὥστε,
2567 1508 2596 1562 ὃ
2632 1508 2724 1579 μὶν
2778 1514 2878 1576 τῆς
2926 1507 3293 1582 προαιρέσεως
3344 1507 3434 1575 ἦν,
3474 1507 3634 1562 εἶπεν·
3677 1507 3806 1562 Ἰδοὺ

2171 1596 2275 1671 ἐγώ
2329 1596 2464 1668 εἰμι,
2494 1595 2818 1650 ἀπόστειλόν
2881 1617 2967 1667 με·
3002 1597 3030 1650 ὃ
3077 1593 3134 1649 δὲ
3179 1598 3279 1660 τῆς
3339 1593 3572 1670 χάριτος
3626 1597 3810 1667 ἦν,τῷ

2169 1686 2353 1759 Κυρίῳ
2410 1685 2720 1742 κατέλιπεν.
2779 1683 2856 1742 Ού
2915 1685 3017 1759 γὰρ
3108 1684 3483 1760 ίπηγγείλατο
3549 1687 3811 1758 πορευθή-

2168 1777 2368 1843 σεσθαι,
2403 1773 2493 1829 διὰ
2548 1775 2612 1828 τὸ
2668 1774 3073 1829 ἐπαισθάνεσθαι
3130 1781 3231 1843 τῆς
3273 1775 3467 1828 ἑαυτοῦ
3531 1775 3805 1837 ἀσθενείας.

2163 1865 2380 1920 Ἀκούει
2415 1861 2471 1918 δὲ
2502 1870 2689 1939 φωνῆς
2723 1862 2925 1938 Κυρίου
2964 1863 3052 1918 καὶ
3101 1864 3128 1917 6
3164 1864 3238 1934 μή
3285 1861 3523 1938 πληγεὶς
3561 1865 3657 1932 τήν
3704 1885 3806 1918 σω-

2170 1953 2404 2024 ματικὴν
2460 1951 2650 2020 ἀκοὴν,
2707 1955 2807 2005 106
2883 1953 3221 2025 ἡγεμονικοῦ
3293 1951 3645 2024 τυπουμένου
3711 1952 3808 2007 ἀπὸ

2167 2045 2321 2108 Θεοῦ,
2367 2043 2452 2102 οἷς
2509 2039 2567 2094 ἃν
2631 2039 2792 2114 ἐθὲλῃ
2849 2041 2910 2094 τὸ
2974 2041 3234 2113 βούλημα
3289 2043 3608 2119 φανεροῦνὸ
3663 2040 3802 2106 Θεός.

2169 2131 2382 2208 Ἀφάτῳ
2439 2131 2542 2204 γάρ
2591 2151 2696 2183 τινι
2747 2127 2970 2202 δυνάμει
3021 2130 3476 2206 φαντασιούμενοι
3525 2131 3614 2186 τὸν
3664 2137 3800 2199 νοῦν,

2169 2222 2220 2274 οἱ
2268 2221 2667 2292 ἀπερίσπαστον
2708 2221 2870 2276 αὐτὸν
2931 2221 3020 2276 καὶ
3079 2222 3313 2293 καθαρὸν
3370 2220 3612 2297 ἔχοντες,
3643 2224 3798 2277 οἱονεί

2169 2309 2471 2386 ἐειηχοῦντα
2528 2311 2740 2374 δαυτοῖς
2791 2304 2978 2386 ἔχουσι
3027 2310 3119 2365 τὸν
3169 2310 3334 2386 λόγον
3394 2316 3493 2366 106
3533 2316 3676 2366 6506'
3705 2310 3794 2364 κᾶν

2170 2400 2198 2453 6
2229 2399 2334 2474 ἀὴρ
2371 2408 2446 2472 μή
2481 2397 2694 2469 δέξηται
2726 2398 2855 2462 τοὺς
2896 2399 3120 2467 τύπους,
3158 2397 3300 2472 μηδὲ
3346 2402 3416 2471 τῇ
3460 2401 3588 2474 ἀκοῇ
3635 2420 3792 2474 παρα-

2169 2488 2379 2562 πέμπῃ.
2421 2490 2598 2542 Οἱονεὶ
2657 2490 2757 2562 γὰρ
2813 2483 3013 2562 βιϐλίῳ
3061 2488 3192 2557 τινὶ,
3239 2490 3302 2544 τὸ
3353 2490 3540 2544 ἑαυτοῦ
3595 2487 3796 2559 θέλημα

2170 2577 2423 2655 ἐγγράφει
2458 2579 2484 2631 6
2516 2577 2646 2639 Θεὸς
2671 2581 2739 2650 τῇ
2771 2580 2926 2652 ψυχῇ
2974 2581 3070 2632 106
3117 2580 3426 2655 προφήτου·
3457 2580 3545 2634 καὶ
3601 2578 3796 2632 ἀκούειν

2173 2666 2389 2741 λέγεται
2423 2668 2451 2721 6
2483 2667 2549 2720 τὰ
2597 2672 2712 2729 θεῖα
2761 2669 3012 2738 νοήματα
3071 2664 3472 2740 ὑποδεξάμενος
3523 2667 3589 2742 τῇ
3636 2670 3805 2742 ψυχῇ,

2173 2751 2261 2808 διὰ
2289 2760 2450 2809 τοῦτο
2484 2752 2541 2808 δὲ
2574 2758 2645 2824 (3)
2676 2755 2759 2823 16,
2795 2753 2934 2810 Ἰδού
2968 2755 3082 2828 εἶμι
3131 2755 3254 2830 ἐγὼ,
3289 2753 3605 2811 ἀπόστειλον
3665 2777 3747 2827 με,
3781 2756 3806 2808 6

2173 2847 2462 2920 προφήτης
2519 2844 2711 2908 εἰπὼν,
2770 2845 2830 2898 τὸ
2888 2843 3077 2921 ἐφεξῆς
3130 2845 3524 2914 ἀπεσιωπησεν.
3577 2846 3651 2900 Οὐ
3706 2844 3802 2918 γὰρ

2175 2935 2340 2998 εἶπεν,
2374 2933 2513 3008 Ἐγὼ
2565 2933 2926 3007 πορεύσομαι,
2962 2931 3100 2988 διότι
3151 2937 3328 3006 μεῖζον
3377 2933 3466 2987 καὶ
3524 2933 3651 3006 ὑπὲρ
3705 2931 3800 2984 αὐ-

2171 3023 2261 3077 τὸν
2318 3023 2381 3077 τὸ
2449 3021 2792 3097 ἐπάγγελμα.
2824 3025 2991 3098 Ὅπερ
3051 3022 3150 3077 οὐκ
3203 3017 3391 3076 ἔλαϐεν
3430 3023 3616 3093 ἑαυτῷ,
3649 3024 3802 3074 τοῦτο

2174 3112 2202 3166 6
2257 3111 2454 3183 Κύριος
2515 3111 2830 3188 ἐχαρίσατο.
2902 3112 3034 3168 Εἶπε
3088 3114 3192 3189 γὰρ
3251 3112 3429 3184 αὐτῷ·
3487 3109 3805 3186 Πορεύθητι,

2171 3203 2259 3256 καὶ
2325 3201 2475 3256 εἰπὸν
2532 3204 2610 3270 (4)
2672 3206 2752 3273 τῷ
2823 3200 2943 3274 λαῷ
2997 3203 3200 3274 τούτῳ.
3255 3202 3317 3259 Ὀ
3380 3200 3560 3272 μέντοι
3615 3197 3808 3273 λεγων,

399 3296 613 3351 fuisset
634 3293 925 3364 ejusmodi
955 3291 1320 3364 pollicitatio,
1347 3307 1452 3344 nec
1475 3291 1664 3361 ipsius
1690 3289 1914 3344 viribus
1937 3306 2058 3360 par.

2180 3289 2321 3348 Ἰδού
2354 3290 2466 3363 εἶμι
2519 3291 2647 3365 ἐγὼ,
2679 3290 3027 3366 τεθαρᾇκὼς
3058 3293 3135 3363 (5)
3182 3288 3314 3360 ἤδη,
3368 3290 3442 3352 ὡς
3504 3283 3816 3361 μεταλαϐὼν

402 3384 565 3450 Quod
602 3388 794 3438 autem
831 3381 942 3437 sibi
979 3397 1094 3434 non
1127 3380 1461 3445 vindicavit,
1494 3379 1548 3432 id
1598 3378 1647 3432 ei
1696 3377 1945 3450 largitus
1976 3383 2064 3433 est

399 3471 710 3527 Dominus.
764 3469 921 3525 Dixit
972 3468 1128 3524 enim
1184 3469 1294 3540 ipsi
1341 3467 1538 3539 (Vens.
1563 3467 1654 3537 9):
1691 3467 1850 3538 Vade,
1883 3470 1929 3522 et
1980 3467 2068 3522 die:

394 3561 604 3633 populo
633 3559 780 3614 huic.
806 3560 876 3614 Et
916 3558 1155 3630 quidem
1188 3575 1321 3612 cum
1355 3556 1530 3612 dicit:
1558 3558 1691 3612 Ecce
1727 3574 1850 3612 sum
1889 3573 1986 3626 ego
2009 3558 2065 3624 l';

396 3649 523 3721 jam
559 3649 862 3703 confidens
893 3651 1177 3718 tanquam
1213 3648 1340 3717 ejus
1382 3647 1482 3717 qui
1523 3650 1628 3711 est,
1666 3647 1854 3700 iactus
1883 3646 2068 3716 parti-

403 3755 563 3811 ceps,
586 3737 740 3793 inter
770 3753 836 3792 ea
861 3754 988 3809 quas
1021 3740 1160 3790 sunt
1190 3751 1252 3791 se
1283 3736 1407 3807 ipse
1434 3751 1826 3790 annumerare
1858 3735 2064 3802 audet;

406 3831 582 3898 atque
631 3826 740 3882 hoc
799 3827 965 3891 dixit,
1002 3831 1312 3898 postquam
1375 3824 1531 3879 labia
1590 3823 1778 3896 ipsius
1837 3825 2071 3879 fuerant

405 3917 716 3970 mundata.
743 3915 850 3980 Qui
883 3921 1080 3969 autem
1114 3914 1173 3967 in
1209 3914 1619 3984 iniquitatibus
1643 3917 1818 3984 jacet,
1853 3919 1910 3967 et
1939 3915 2068 3983 ejus

402 4005 502 4076 qui
536 4010 645 4071 est,
676 4004 975 4075 agnitione
1009 4020 1120 4058 non
1149 4005 1421 4066 donatur,
1446 4019 1558 4056 non
1597 4007 1786 4073 potest
1808 4003 1919 4057 sibi
1952 4002 2065 4073 ipsi

400 4093 811 4150 testimonium
846 4092 988 4148 illud
1015 4093 1255 4148 reddere
1282 4110 1294 4147 :
1319 4094 1450 4147 Ecce
1477 4109 1599 4146 sum
1631 4108 1744 4163 ego.
1781 4093 2066 4155 Quoniam

399 4189 598 4240 autem
646 4183 844 4254 posuit
874 4182 1029 4238 Deus
1060 4181 1314 4254 primum
1351 4179 1668 4253 apostolos,
1693 4181 1903 4235 deinde
1937 4199 2067 4253 pro-

394 4273 650 4346 phetas'
685 4289 697 4327 :
734 4289 801 4327 ea
843 4273 914 4327 de
965 4289 1143 4326 causa
1193 4276 1250 4324 et
1303 4271 1485 4326 Isaias
1539 4272 1796 4342 primum
1857 4272 2070 4341 accipit

2172 3384 2268 3434 106
2318 3376 2496 3450 ὄντος,
2530 3379 2581 3433 ἐν
2625 3385 2742 3441 τοῖς
2791 3381 2937 3434 οὖσιν
2989 3380 3238 3455 ἀριθμεῖν
3292 3380 3478 3434 ἑαυτὸν
3509 3375 3812 3450 ἀποτολμᾷ·

2177 3470 2263 3523 καὶ
2295 3473 2454 3524 τοῦτο
2481 3469 2595 3523 εἶπε
2631 3471 2762 3542 μετά
2789 3470 2850 3524 τὸ
2882 3470 3213 3544 καθαρθῆναι
3252 3468 3418 3523 αὐτοῦ
3449 3469 3514 3522 τὰ
3545 3467 3734 3543 χείλη.
3763 3467 3818 3520 Ὀ

2178 3556 2234 3613 δὲ
2281 3558 2331 3612 ἐν
2379 3559 2632 3631 ἀνομίαις
2677 3561 2988 3634 τυγχάνων,
3035 3558 3125 3612 καὶ
3181 3565 3280 3626 τῆς
3329 3557 3672 3632 ἐπιγνώσεως
3727 3557 3820 3611 106

2177 3643 2331 3708 ὄντος
2379 3650 2452 3720 μή
2511 3647 2956 3720 καταξιούμενος,
3007 3645 3068 3702 ού
3119 3644 3335 3702 δύναται
3387 3648 3561 3718 ἑαυτῷ
3621 3667 3819 3720 μαρτυ-

2179 3742 2288 3810 ρεῖν
2326 3737 2409 3808 τὸ,
2471 3734 2612 3791 Ἰδού
2663 3735 2774 3810 εθμι
2826 3736 2951 3813 ἐγώ.
3013 3733 3232 3804 Ἐπειδὴ
3289 3733 3346 3791 δὲ
3401 3734 3552 3800 ἔθετο
3611 3737 3638 3790 6
3697 3735 3821 3796 Θεὸς

2177 3829 2392 3901 πρῶτον
2457 3825 2815 3898 ἀποστόλους,
2851 3823 3095 3900 δεύτερον
3144 3826 3468 3901 προφήτας·
3523 3823 3612 3879 διὰ
3666 3829 3822 3879 τοῦτο

2175 3913 2266 3967 καὶ
2299 3915 2326 3968 6
2355 3913 2578 3978 Ἡσαΐας
2607 3918 2822 3986 πρῶτον
2858 3915 2920 3968 τὸ
2949 3921 3047 3984 τῆς
3099 3915 3412 3984 ἀποστολῆς
3459 3912 3678 3990 δέχεται
3724 3913 3824 3988 χά-

2179 4023 2366 4079 ρισμα.
2403 4003 2502 4060 Καὶ
2562 4006 2804 4073 Μωυσῆς
2865 4002 2922 4058 δὲ
2975 4008 3086 4058 τῶν
3139 4003 3460 4058 ἀποστόλων
3499 4004 3635 4060 ἐστί.
3670 4007 3826 4076 Δεῦρε

2177 4093 2304 4166 γὰρ,
2357 4093 2544 4170 φησὶν,
2603 4091 2890 4148 ἀποστελῶ
2966 4114 3022 4146 σε
3094 4094 3230 4166 πρὸς
3307 4093 3508 4166 Φαραὼ
3606 4090 3825 4166 βασιλέα

2179 4181 2480 4256 Αἰγύπτου.
2512 4183 2605 4236 Καὶ
2659 4182 2925 4258 Ἱερεμίας
2978 4179 3035 4236 δὶ
3073 4181 3281 4250 ἀκούει,
3316 4181 3400 4236 δτι
3449 4181 3596 4256 Πρὸς
3628 4185 3825 4261 πάντας

2179 4270 2271 4334 οὓς
2301 4269 2360 4325 ἃν
2395 4270 2762 4341 ὲξαποστείλω
2795 4275 2874 4341 (6)
2906 4292 2983 4341 σε,
3015 4271 3276 4346 πορεύσῃ.

397 4361 764 4434 apostolatus
802 4378 1044 4416 munus.
1081 4361 1234 4424 Quin
1266 4365 1322 4413 et
1352 4364 1575 4432 Moyses
1611 4366 1949 4415 recensetur
1979 4362 2131 4416 inter
2171 4361 2488 4433 apostolos.
2526 4364 2658 4418 Veni
2685 4364 2868 4431 enim,
2900 4363 3111 4434 inquit,
3138 4367 3360 4418 mittam
3388 4365 3442 4417 te
3469 4361 3540 4417 ad
3577 4362 3829 4416 Pharao-

393 4467 520 4505 nem
548 4466 726 4522 regem
752 4451 813 4503 ¹⁰.
849 4450 959 4505 Sed
993 4454 1049 4504 et
1077 4449 1374 4504 Jeremias
1405 4449 1571 4502 audit
1604 4464 1615 4503 :
1655 4448 1729 4503 Ad
1759 4465 1941 4504 omnes
1970 4450 2041 4504 ad
2069 4466 2202 4521 quos
2230 4453 2433 4506 misero
2460 4455 2531 4518 te,
2560 4453 2665 4506 ibis
2696 4453 2758 4506 η.

468 4539 590 4593 185.
623 4538 798 4594 Vnus.
829 4538 884 4602 9,
921 4539 1004 4593 10.
1045 4537 1208 4602 Vade,
1254 4547 1306 4593 et
1357 4537 1446 4592 dic
1494 4537 1694 4609 populo
1744 4539 1922 4593 huic:
1954 4539 2060 4592 Au-

2252 4540 2376 4594 185.
2414 4539 2742 4612 Πορεύθητι,
2781 4539 2868 4592 καὶ
2927 4537 3075 4592 εἰπὸν
3123 4542 3204 4610 τῷ
3260 4535 3381 4609 λαῷ
3427 4538 3628 4610 τούτῳ·
3664 4538 3824 4606 Ἀκοῇ

395 4628 515 4684 dita
556 4629 823 4695 audietis,
857 4635 911 4682 et
959 4643 1071 4681 non
1113 4627 1468 4697 intelligetis,
1501 4631 1551 4682 et
1598 4629 1952 4696 respicientes
1983 4644 2069 4682 re-

393 4719 658 4788 spicietis,
693 4725 744 4771 et
773 4732 883 4770 non
935 4717 1219 4770 videbitis.
1256 4717 1624 4770 lnn-assatum
1673 4719 1750 4769 est
1797 4717 1948 4770 enim
1977 4732 2071 4770 cor

389 4807 584 4880 populi
611 4806 796 4879 hujus,
821 4809 873 4861 et
903 4807 1145 4860 auribus
1177 4809 1425 4876 graviter
1454 4807 1775 4876 audierunt,
1798 4810 1853 4860 et
1883 4806 2067 4862 oculos

395 4913 518 4952 suos
563 4897 884 4953 clauserunt
912 4913 929 4947 :
961 4910 1030 4948 ne
1055 4897 1197 4965 forte
1249 4896 1469 4950 videant
1499 4896 1691 4960 oculis,
1723 4900 1775 4950 et
1827 4895 2062 4951 auribus

2181 4626 2456 4695 ἀκούσετε,
2513 4628 2602 4681 καὶ
2682 4628 2743 4682 οὐ
2827 4628 2902 4700 μή
2979 4633 3174 4696 συνῆτε
3233 4630 3330 4696 (7),
3378 4626 3467 4681 καὶ
3534 4625 3825 4702 βλέποντες

2183 4714 2429 4790 βλέψετε,
2462 4721 2550 4771 καί
2610 4717 2671 4770 ού
2724 4719 2799 4789 μὴ
2849 4715 3020 4787 ἴδητε.
3071 4715 3384 4790 Ἐπαχύνθη
3445 4717 3548 4791 γὰρ
3609 4719 3644 4786 ἡ
3702 4735 3831 4788 καρ·

2178 4803 2267 4859 δία
2309 4811 2405 4860 106
2458 4805 2596 4860 λαοῦ
2643 4806 2858 4875 τούτου,
2901 4808 2987 4861 καὶ
3051 4811 3170 4868 τοῖς
3228 4805 3326 4859 dici
3390 4806 3603 4881 βαρέως
3662 4803 3832 4873 ἤκου-

2176 4915 2291 4963 σαν,
2351 4895 2440 4949 καὶ
2498 4895 2623 4958 τοὺς
2693 4893 3014 4973 ὀφθαλμοὺς
3091 4895 3266 4951 αὐτῶν
3349 4894 3834 4968 ἱκάμμυσαν,μή-

461 5095 482 5129 τ
512 5093 690 5150 Exod.
723 5110 800 5162 IV,
834 5092 924 5148 13.
999 5092 1020 5127 ⁸
1056 5093 1234 5148 Exod.
1265 5109 1356 5161 ιιι,
1389 5093 1476 5148 14.
1555 5094 1576 5128 °
1607 5093 1626 5148 Ι
1660 5093 1789 5150 Cor.
1825 5111 1928 5164 xu,
1961 5095 2052 5149 28.

2173 5100 2178 5128 δ
2208 5097 2386 5151 Exod.
2421 5113 2507 5167 ιιι,
2543 5097 2628 5151 10.
2709 5098 2749 5132 ¹¹
2780 5097 2998 5153 Jerem.
3036 5113 3072 5163 ι,
3103 5097 3158 5153 7.

472 5298 547 5369 (3)
577 5296 750 5366 Edili,
784 5292 841 5350 δὶ
886 5292 1098 5366 ἐπειδή.
1135 5297 1305 5362 Illud,
1340 5295 1554 5367 ἐπειδή,
1587 5299 1751 5354 abest
1783 5317 1811 5352 a
1847 5300 2066 5355 nostris

401 5385 501 5423 sex
568 5369 898 5435 codicibus;
965 5386 1089 5431 nec,
1152 5375 1216 5424 ut
1269 5371 1494 5441 opinor,
1555 5370 1811 5426 dubitari
1866 5377 2067 5441 potest

403 5441 545 5532 qpin
589 5441 802 5495 melius
854 5441 1024 5496 absit.
1061 5440 1321 5497 Subinde
1371 5445 1510 5514 Reg.
1541 5448 1807 5512 quartus,
1843 5440 1975 5514 ὅπερ
2009 5440 2066 5496 δὶ

412 5531 532 5565 ουκ.

504 5584 557 5648 4)
589 5581 769 5644 Editi,
801 5578 890 5632 καὶ
924 5579 1055 5634 εἷπε.
1095 5588 1163 5635 At
1196 5600 1337 5638 mss.
1373 5599 1492 5652 sex,
1529 5582 1698 5639 εἷπον.

503 5656 559 5723 5)
593 5655 678 5708 Ita
709 5657 963 5726 quatuor
993 5669 1136 5726 mss.
1166 5669 1300 5726 cum
1340 5661 1588 5726 utroque
1619 5655 2066 5726 Combeﬁsiano.

414 5721 592 5794 Ed'itii,
621 5721 1057 5798 τεθαρρηκότως.
1093 5724 1316 5781 Ibidem
1356 5721 1519 5795 editi,
1551 5730 1646 5780 106
1686 5723 1857 5788 ὅντως
1888 5722 2068 5798 ὄντος,

2179 5306 2312 5375 apte
2365 5303 2628 5375 quidem,
2681 5305 2780 5359 sed
2835 5302 3172 5375 reclamant
3203 5301 3389 5358 nostri
3441 5317 3541 5356 sex
3587 5316 3736 5356 mss.
3784 5301 3840 5355 in

2175 5373 2399 5444 quibus
2427 5391 2529 5430 vox
2577 5394 2732 5435 οντος
2778 5376 2961 5431 deest.
3001 5376 3112 5431 Nec
3160 5373 3244 5430 ita
3301 5377 3485 5429 multo
3547 5379 3682 5444 post
3741 5390 3845 5428 sex

2178 5463 2344 5512 mss.,
2379 5446 2467 5498 καὶ
2500 5449 2657 5499 10610
2691 5446 2826 5516 εἶπε.
2865 5453 3030 5516 Deest
3057 5449 3219 5499 τοῦτο
3251 5446 3309 5501 in
3343 5445 3616 5516 vulgatis.

2247 5510 2529 5588 (6)6Editi,
2580 5517 2664 5570 ἐὰν
2709 5515 3075 5588 ἐξαποστελῶ.
3107 5519 3351 5573 Veteres
3397 5510 3516 5572 tr‘es
3565 5515 3727 5583 libri,
3777 5510 3838 5566 ἃν

2178 5587 2482 5643 ἀποστελῶ.
2521 5590 2624 5645 Alii
2659 5587 2796 5661 tres,
2831 5588 2889 5642 ἅν
2921 5588 3306 5657 ἐξαποστείλω.

2251 5662 2323 5731 (7)
2354 5662 2489 5735 Reg.
2528 5664 2774 5734 primus,
2814 5662 2890 5733 μή
2925 5666 3152 5716 συνεῖτε.
