4138 6386
355 373 478 434 433

1187 371 1595 432 COMMENT.
1644 371 1717 429 IN
1766 371 2034 432 ISAlAM
2082 369 2589 432 PROPHETAM.
2635 373 2806 434 CAP.
2861 374 2954 434 VI.

3665 377 3788 434 434

355 523 490 558 ποτε
542 498 709 556 ’ίδωσι
767 505 885 563 τοῖς
956 499 1287 578 ὀφθαλμοῖς,
1338 500 1427 555 καὶ
1498 505 1615 563 τοῖς
1671 500 1800 554 ὠσὶν
1861 499 1994 555 ἀκού

2127 503 2408 570 audiant,
2460 509 2511 559 et
2559 504 2717 559 corde
2770 506 3113 576 intelligant,
3157 514 3210 561 et
3272 508 3681 572 convertantur,
3729 510 3780 562 et

357 613 516 658 σωσι,
564 591 656 646 καὶ
707 593 778 664 τῇ
832 587 1032 662 καρδίᾳ
1091 595 1312 658 συνῶσι,
1367 589 1458 644 καὶ
1518 588 1876 664 ἔπιστρὲψωσι
1938 593 2013 663 (8)

429 681 444 735 ἱ
506 680 556 703 λθ
841 679 853 699 ’
937 679 960 714 1Ι
1153 684 1178 693 ~
1335 679 1348 698 ἱ
1430 678 1444 697 ε

354 703 424 736 κα
510 701 736 754 ιασομαι
796 701 1013 743 αυτοδς.
1074 685 1248 734 Τουτο
1295 701 1357 734 το
1418 680 1579 753 ρητὸν
1634 679 1928 754 ἀνέγραψεν
1987 685 2012 734 6

354 776 570 835 Λουκᾶς
627 769 679 824 ἐν
736 775 857 832 ταῖς
935 768 1182 842 Πράξεσι.
1245 770 1343 822 Καὶ
1410 767 1685 838 ἀπεστάλη
1756 769 1890 842 πρός
1947 791 2015 842 με

351 859 407 914 ’ἐν
468 864 576 914 τῶν
640 858 896 936 σεραφίμ.
953 860 1075 914 ’Ότι
1136 855 1363 929 δύναμίς
1416 857 1496 918 τίς
1568 856 1708 911 ἐστιν
1780 858 2012 932 ὑπερκό-

355 971 538 1023 σμιος,
572 950 874 1023 καθαρτική
936 950 1014 1022 (9)
1066 947 1334 1020 ἀνομιῶν,
1396 944 1668 1001 διακονίαν
1724 968 2010 1001 πεπιστευ-

362 1039 535 1112 μενη,
612 1038 675 1092 τὸ
753 1037 1020 1114 σεραφεῖμ
1091 1036 1159 1091 τὰ
1229 1037 1576 1111 γεγραμμένα
1663 1035 2008 1110 παρίστησιν.

359 1125 720 1184 ’Δπὲσταλται
779 1125 872 1182 οὖν
929 1130 1100 1182 ταῦτα
1163 1125 1230 1181 τὰ
1309 1125 1656 1201 λειτουργικὰ
1728 1124 2010 1199 πνεύματα

361 1219 495 1292 πρὸς
542 1219 686 1289 ἡμᾶς
741 1216 869 1278 τοὺς
923 1213 1228 1288 μέλλοντας
1280 1213 1647 1286 κληρονομεῖν
1711 1214 2004 1289 σωτηρίαν.

360 1309 613 1380 Ἔρχεται
665 1302 722 1359 δὲ
771 1304 872 1359 οὐκ
928 1303 1250 1360 αὐθεντικῖυς
1306 1301 1432 1358 οὐδὲ
1483 1303 1839 1372 αὐτεξουσίως
1896 1303 2006 1358 ἐπι.

352 1396 691 1467 σκεπτόμενα
735 1397 901 1467 ἡμᾶς.
937 1393 1033 1448 Καὶ
1067 1393 1169 1469 γὰρ
1229 1392 1620 1467 προηγουμένη
1676 1393 1769 1466 μὶν
1829 1392 2004 1447 αὐτῶν

353 1483 466 1553 ζωὴ
501 1483 590 1538 καὶ
648 1485 785 1539 κατὰ
841 1483 1020 1562 φύσιν⁹
1053 1487 1132 1554 τῷ
1191 1479 1386 1537 κάλλει
1425 1482 1521 1536 τοῦ
1579 1486 1712 1537 Θεοῦ
1771 1481 2004 1537 ἐνατενί-

352 1579 480 1645 ζειν,
539 1573 629 1628 καὶ
690 1572 849 1628 αὐτὸν
911 1569 1147 1642 δοξάζειν
1213 1569 1892 1645 διηνεκῶςοπεριστατική
1949 1568 2006 1625 δέ

346 1662 430 1724 τίς
495 1661 636 1732 ἐστιν
693 1660 928 1737 ἐνέργεια
983 1663 1018 1730 ἡ
1076 1661 1214 1732 πρὸς
1268 1662 1416 1732 ἡμᾶς
1486 1659 1612 1722 τοὺς
1688 1661 2005 1733 ἀνθρώπους

349 1750 654 1828 ἐπιστροφὴ
680 1754 794 1822 (10)
827 1750 916 1805 καὶ
967 1747 1272 1823 ἐπιμέλεια.
1309 1751 1406 1804 Διά
1446 1754 1628 1822 τοῦτο,
1670 1748 2002 1820 Ἀπεστάλη,

347 1840 504 1917 φησὶ,
537 1841 677 1916 πρός
720 1862 788 1913 με
832 1838 886 1894 ἓν
932 1843 1040 1894 τῶν
1080 1840 1338 1916 σεραφίμ.
1371 1841 1556 1895 Ἕοικε
1603 1836 1660 1893 δὶ
1710 1841 1737 1893 ὁ
1786 1841 2000 1916 προφη-
2033 1878 2082 1944 Β

341 1951 464 2000 της,
498 1931 588 1985 ὅτε
619 1927 726 1984 εἶδε
747 1933 855 1984 τῶν
899 1929 1136 2006 σεραφὶμ
1181 1930 1280 1998 τὴν
1323 1928 1612 2004 ἐνέργειαν,
1645 1926 1798 1983 οὐδὲν
1853 1926 1994 1984 ἄλλο

343 2018 647 2074 ποιούντων
679 2019 714 2086 ἢ
750 2017 1080 2094 ἀγιαζόντων
1110 2018 1203 2071 τὸν
1248 2016 1398 2085 Θεὸν,
1431 2018 1554 2072 τότε
1585 2017 1660 2079 εἷς
1711 2017 1993 2088 συναίσθη-

344 2129 425 2163 σιν
452 2111 552 2174 τῆς
593 2107 648 2162 ἂν
690 2112 808 2171 τοῖς
853 2105 1015 2168 ἰδίοις
1062 2105 1300 2182 χείλεσιν
1353 2105 1680 2180 ἀκαθαρσίας
1727 2106 1992 2176 ἐληλυθὲ-

341 2219 448 2267 ναι,
485 2199 568 2252 ὅτι
627 2199 717 2251 καὶ
763 2197 1075 2269 ἀνθρώπινα
1127 2193 1310 2262 λαλεῖ,
1348 2195 1438 2251 καὶ
1485 2195 1746 2268 ἐμόλυνεν
1803 2197 1993 2251 ἑαυτοῦ

341 2287 439 2355 τὴν
470 2285 722 2363 γλῶσσαν
755 2283 1028 2346 πολλάκις
1056 2291 1172 2346 τοῖς
1201 2286 1323 2360 περὶ
1351 2292 1452 2354 τῆς
1505 2285 1868 2358 ματαιότητος
1896 2291 1993 2340 τοῦ

340 2377 553 2448 κόσμου
586 2376 917 2451 ῥήμασι.Τῇ
969 2372 1060 2429 οὖν
1101 2375 1236 2450 πρὸς
1284 2374 1462 2428 ἐκεῖνα
1507 2374 1784 2451 συγκρίσει
1838 2397 1995 2430 κατα·

340 2466 542 2541 νυγεὶς,
569 2466 656 2520 καὶ
687 2461 772 2520 ὅτι
800 2465 870 2519 τὰ
902 2464 994 2537 μὲν
1035 2461 1188 2518 οὐδὲν
1233 2460 1416 2540 ἕτερον
1467 2463 1773 2541 φθέγγεται,
1805 2466 1839 2533 ἢ
1898 2466 1992 2520 τὸν

341 2556 610 2628 ἁγιασμὸν
659 2561 761 2623 τῆς
811 2554 1067 2623 θεότητος
1111 2547 1292 2624 ἐκϐοᾷ·
1326 2553 1486 2615 αὐτὸς
1531 2552 1587 2607 δὲ
1632 2553 1692 2607 τὸ
1739 2553 1994 2609 πλεῖστον

339 2649 458 2706 τοῖς
510 2643 879 2718 ἀνθρωπίνοις
941 2643 1221 2717 πράγμασι
1281 2643 1382 2710 τὴν
1431 2642 1621 2697 ἑαυτοῦ
1670 2645 1851 2720 φωνὴν
1906 2642 1993 2698 ἐν·

341 2731 764 2808 ασχολουμένην
811 2729 950 2808 ἔχει’
984 2728 1074 2785 διὰ
1118 2736 1279 2786 τοῦτο
1323 2731 1488 2786 εἶπενο
1517 2732 1582 2786 Ὢ
1638 2731 1806 2794 τάλας
1864 2731 1992 2808 ἐγὼ,

340 2822 423 2877 ὅτι
505 2821 904 2895 κατανὲνυγμαι
939 2839 952 2851 ’
1011 2822 1095 2876 ὅτι
1175 2821 1456 2896 ἅνθρωπος
1540 2819 1662 2899 ὢν,.
1696 2821 1788 2876 καὶ
1864 2823 1996 2876 ἀκά-

343 2922 512 2987 θαρτα
565 2909 734 2987 χείλη
797 2908 966 2986 ἔχων,
1026 2909 1076 2964 ἂν
1139 2911 1286 2982 μέσῳ
1343 2909 1478 2965 λαοῦ
1533 2910 1668 2964 οίκῶ
1726 2910 1998 2986 ἀκάθαρτα

343 2999 514 3074 χείλη
544 2999 790 3076 ἔχοντος.
827 2999 986 3056 Οὕτω
1024 2997 1114 3053 καὶ
1159 3005 1361 3069 Μωσῆς
1409 2999 1546 3061 τὲως
1591 3002 1690 3057 οὐκ
1735 2999 1996 3074 ᾐσθάνετο

347 3089 542 3142 ἑαυτοῦ
603 3088 951 3164 ίσχνοφώνου
1005 3083 1160 3151 ὄντος
1204 3087 1294 3142 καὶ
1343 3085 1789 3164 βραὸυγλὼσσου,
1822 3087 1881 3151 ὅς
1934 3109 1997 3163 γε

348 3177 496 3248 πάσῃ
526 3177 692 3253 σοφίᾳ
733 3175 1042 3251 Αἰγυπτίων
1074 3174 1424 3244 πεπαίδευτο,
1457 3178 1544 3231 καὶ
1589 3173 1824 3233 διέϐαινε
1861 3180 1995 3232 πάν-

346 3284 442 3326 τας
472 3246 674 3326 αὐτοὺς
705 3267 771 3338 τῇ
806 3246 997 3342 εὐφυΐᾳ
1023 3265 1112 3320 καὶ
1163 3268 1232 3339 τῇ
1291 3265 1515 3320 συνέσει’
1545 3266 1634 3321 ὅτε
1687 3264 1744 3320 δὲ
1795 3264 1993 3336 ἤκουσε
2024 3246 2067 3314 C

341 3357 443 3407 τοῦ
477 3352 938 3428 χρηματίζοντος,
967 3353 1088 3409 τότε
1130 3353 1264 3409 εἶδεν
1315 3355 1507 3409 ἑαυτοῦ
1549 3357 1647 3425 τὴν
1701 3357 1994 3413 ἀσθένειαν.

341 3442 444 3496 Καὶ
479 3437 756 3516 Ἀϐραὰμ,
784 3441 873 3498 ὅτε
902 3437 1056 3522 ὤφθη
1093 3443 1241 3516 αὐτῷ
1275 3445 1302 3499 ὁ
1335 3445 1484 3514 Θεὸς,
1514 3445 1638 3500 τότε
1675 3445 1816 3500 εἶπεν
1873 3447 1996 3500 ἑαυ-

335 3531 432 3586 τὸν
465 3538 570 3605 γῆν
605 3531 696 3586 καὶ
729 3529 954 3588 σποδόν.
991 3533 1400 3607 Ηαραπλησίως
1450 3532 1540 3588 οὖν
1584 3533 1801 3598 τούτοις
1846 3535 1936 3589 καὶ
1968 3536 1996 3590 δ

339 3617 585 3692 Ἡσαΐας,
645 3621 780 3692 μετὰ
834 3621 896 3674 τὸ
954 3618 1086 3676 ίδεῖν
1145 3621 1238 3676 τὸν
1292 3624 1598 3695 καθήμενον
1654 3623 1742 3678 ἰπὶ
1802 3625 1996 3696 Θρόνου

345 3707 568 3781 ὑψηλοῦ
597 3707 688 3763 καὶ
720 3707 1056 3784 ἐπηρμινου,
1089 3709 1179 3764 καὶ
1226 3715 1496 3786 θεωρῆσαι
1545 3714 1646 3781 τὴν
1697 3708 1851 3783 δόξαν
1905 3713 1994 3767 τὸν

341 3798 632 3870 σύμπαντα
672 3798 818 3852 οἶκον
875 3802 972 3852 τοῦ
1018 3797 1228 3872 κόσμου
1287 3798 1740 3874 πεπληρωκυῖαν,
1797 3802 1885 3856 καὶ
1935 3803 2002 3856 τὰ

340 3886 532 3960 κύκλῳ
575 3886 742 3942 αὐτοῦ
800 3887 1040 3964 σεραφὶμ
1097 3889 1231 3959 μετὰ
1288 3888 1604 3960 ἆκπλήξεως
1641 3889 1847 3961 ἐκείνην
1901 3893 2001 3960 τὴν

342 3976 528 4052 φωνήν
588 3975 956 4054 ἀναφέροντα·
1004 3975 1126 4032 τότε
1177 3978 1363 4032 ἑαυτὸν
1420 3979 1769 4056 ταλαίπωρον
1825 4001 1998 4056 προσ-

339 4065 626 4140 ηγόρευσε,
653 4065 777 4120 τότε
806 4067 912 4134 τήτ
941 4064 992 4120 ἐν
1033 4071 1149 4128 τοῖς
1197 4065 1438 4142 χείλεσιν
1482 4069 1674 4124 ἑαυτοῦ
1718 4072 1832 4143 (11)
1863 4071 1999 4124 ἀκα-

344 4155 565 4224 θαρσίαν
599 4153 840 4229 ἐπέγνω·
877 4153 962 4209 διὸ
1010 4156 1101 4210 καὶ
1149 4156 1357 4228 ἠξιώθη
1405 4160 1507 4222 τῆς
1550 4155 1640 4213 διὰ
1679 4163 1785 4213 τῶν
1839 4179 1997 4232 σερα-

342 4243 451 4321 φὶμ
507 4245 843 4320 καθάρσεως.
895 4247 1202 4321 Παρατήρει
1263 4243 1341 4316 δὲ,
1388 4245 1470 4302 δτι
1531 4246 1631 4303 οὐκ
1677 4246 1766 4303 ἐπὶ
1823 4255 1995 4303 πᾶσαν

340 4334 534 4407 πρᾶξιν
595 4331 687 4387 καὶ
735 4331 1000 4408 ἐνέργειαν
1056 4333 1124 4403 ἦν
1201 4333 1366 4390 αὐτοῦ
1439 4337 1506 4390 τὰ
1582 4336 1999 4412 παραπτώματα

339 4419 804 4496 κεχυμένα,ἀλλὰ
837 4423 1002 4498 μέχρι
1034 4424 1146 4498 (i2)
1172 4423 1406 4500 χειλέων
1437 4425 1527 4480 καὶ
1559 4427 1745 4503 Λόγων
1781 4427 1999 4503 ὑπῆρχε

341 4511 508 4583 μόνον
543 4509 810 4567 συνεσταλ
818 4511 971 4584 μένα.

412 4691 539 4747 486.
573 4687 672 4744 Καὶ
721 4686 773 4744 ἐν
831 4690 901 4762 τῇ
953 4689 1102 4765 χειρὶ
1165 4691 1309 4766 εἶχεν
1370 4690 1630 4769 ἄνθρακα,
1661 4693 1720 4749 ’ὀν
1773 4698 1842 4769 τῇ
1893 4693 1998 4751 λα-

341 4774 455 4834 ϐίδι
535 4772 730 4834 ἔλαϐεν
811 4775 918 4832 ἀπὸ
999 4781 1099 4834 τοῖν⁹
1180 4780 1590 4857 Θυσιαστηρίου,
1647 4784 1736 4837 καὶ
1819 4783 1998 4859 ἥψατο

2124 592 2335 647 sanaho
2367 594 2877 648 illos.Sententiam
2913 595 3061 649 hanc
3091 595 3288 650 retulit
3312 597 3368 650 in
3393 597 3636 651 Actibus
3665 596 3779 649 Lu-

2127 699 2225 736 cas
2261 683 2321 735 ¹².
2355 683 2420 736 Et
2449 684 2647 736 missus
2669 684 2838 738 estad
2867 700 2952 739 me
2998 701 3141 738 unus
3180 700 3249 740 ea:
3273 684 3582 756 seraphim.
3618 683 3776 740 Scri-

2125 778 2307 842 pturas
2333 771 3106 844 docent(Vsas.6)seraphim
3133 773 3426 828 caelestem
3457 774 3772 845 quamdam

2122 861 2396 915 virtutem
2430 861 2949 931 esse,iniquitates
3005 867 3448 933 expurgantem,
3510 862 3602 918 cui
3637 878 3774 918 con-

2122 949 2344 1005 credita
2377 950 2809 1004 administratio
2841 955 2948 1005 est.
2992 951 3155 1006 Missi
3189 952 3370 1022 igitur
3398 955 3537 1006 sunt
3584 951 3772 1006 admi-

2123 1039 2444 1094 nistratorii
2468 1039 2550 1092 illi
2583 1039 2827 1108 spiritus
2853 1040 2922 1093 ad
2949 1042 3175 1110 nos,qui
3201 1056 3411 1095 sumus
3441 1039 3624 1094 futuri
3658 1039 3774 1094 hai-

2121 1129 2288 1184 redes
2320 1128 2529 1185 salutis
2564 1129 2627 1182 13.
2661 1130 2769 1182 Sed
2822 1145 2934 1182 non
2969 1145 3075 1183 sua
3105 1129 3472 1195 auctoritate,
3508 1133 3608 1183 aut
3664 1120 3773 1183 suo

2119 1218 2360 1274 arbitrio
2411 1218 2653 1273 veniunt
2696 1234 2811 1272 non
2844 1217 3110 1272 invisuri.
3139 1218 3364 1272 Etenim
3390 1218 3683 1290 praecipua
3712 1221 3769 1272 et

2118 1306 2406 1362 naturalis
2436 1323 2637 1362 eorum
2670 1307 2789 1360 vita
2817 1311 2927 1376 est,
2969 1305 3468 1376 pulchritudinem
3503 1307 3600 1361 Dei
3636 1323 3766 1360 cum

2116 1396 2278 1452 omni
2301 1396 2621 1451 attentione
2649 1395 3253 1466 comtemplari,eique
3269 1396 3491 1466 jugiter
3519 1395 3766 1465 gloriam

2117 1488 2274 1543 dare.
2309 1485 2654 1541 Sollicitudo
2682 1489 2878 1540 autem
2915 1489 2972 1539 et
3002 1501 3143 1539 cura
3171 1501 3308 1555 erga
3356 1501 3462 1540 nos
3496 1485 3765 1540 homines

2116 1575 2400 1638 adhibita,
2437 1575 2656 1630 functio
2711 1574 2978 1644 quaedam
3020 1580 3109 1628 est
3160 1574 3498 1628 adventitia.
3558 1574 3765 1637 Quam-

2116 1666 2316 1722 obrem
2341 1665 2457 1719 ait:
2520 1665 2728 1720 Missus
2792 1667 2869 1719 est
2917 1663 2987 1717 ad
3044 1679 3129 1717 me
3181 1679 3325 1717 unus
3360 1679 3430 1718 ea:
3457 1661 3761 1733 seraphim.

2114 1753 2360 1807 Videtur
2389 1757 2584 1807 autem
2619 1751 3064 1823 propheta,cum
3086 1751 3382 1822 seraphim
3409 1751 3760 1807 famulatum

2116 1841 2644 1914 conspexisset,qui
2681 1840 2824 1894 nihil
2856 1840 3012 1895 aliud
3049 1844 3227 1910 agunt
3258 1839 3368 1894 nisi
3398 1841 3555 1910 quod
3577 1845 3758 1895 Deum

2113 1932 2431 2003 priedicent
2452 1935 2743 1999 sanctum,
2776 1935 2915 1983 tunc
2972 1928 3457 1984 animadvertisse
3505 1929 3759 2000 impuri-

2105 2027 2285 2075 tatem
2343 2021 2518 2076 labiis
2577 2019 2700 2076 suis
2760 2018 3134 2085 insidentem,
3197 2019 3352 2089 quod
3385 2023 3442 2072 et
3470 2019 3540 2072 de
3581 2018 3756 2072 rebus

2105 2110 2380 2165 humanis
2415 2111 2602 2164 fuerat
2633 2108 2885 2173 locutus,
2918 2112 2974 2162 et
3002 2106 3194 2162 verbis
3227 2108 3295 2161 ad
3335 2106 3487 2162 510
3545 2107 3754 2161 mundi

2107 2200 2283 2269 hujus
2307 2201 2625 2254 vanitatem
2649 2197 3053 2269 spectantibus
3066 2211 3470 2267 saepenumero
3488 2195 3752 2267 linguam

2104 2308 2271 2346 suam
2307 2289 2668 2360 inquinaret.
2705 2289 2905 2357 Itaque
2935 2286 3006 2341 ob
3065 2286 3564 2356 comparationem
3614 2302 3750 2340 cum

2104 2379 2400 2451 seraphim
2434 2377 2554 2432 illis
2592 2376 2797 2430 initam
2857 2374 3293 2447 compungitur,
3340 2374 3559 2445 quippe
3612 2375 3752 2445 quia

2104 2468 2400 2538 seraphim
2417 2465 2575 2520 aliud
2595 2464 2740 2518 nihil
2761 2463 3225 2535 loquuntur,nisi
3249 2463 3404 2534 quod
3427 2462 3755 2517 divinitatis

2105 2559 2362 2613 clamant
2392 2553 2843 2612 sanctimoniam
2877 2571 2889 2607 :
2919 2560 3140 2622 contra,
3174 2553 3362 2623 ipsius
3399 2568 3601 2608 vocem
3659 2568 3753 2607 res

2103 2648 2379 2703 humanae
2412 2645 2752 2718 plerumque
2784 2647 3159 2714 occuparant.
3192 2641 3582 2708 Quamobrem
3615 2641 3760 2696 dixit

2104 2739 2304 2809 (Vsus.
2335 2736 2416 2807 5.)
2439 2753 2456 2790 .·
2490 2735 2530 2792 0
2563 2737 2728 2790 miser
2747 2751 2843 2806 ego
2872 2735 3008 2804 quia
3035 2741 3390 2804 compunctus
3419 2747 3543 2786 sum
3575 2747 3594 2785 :
3626 2731 3763 2802 quia

2105 2827 2262 2883 homo
2294 2843 2418 2881 cum
2446 2828 2578 2890 sim,
2608 2830 2660 2880 et
2683 2824 2972 2879 immunda
3003 2824 3152 2877 labia
3183 2821 3434 2887 habeam,
3468 2824 3529 2875 in
3570 2820 3758 2875 medio

2102 2915 2305 2990 populi
2346 2915 2531 2971 habito
2560 2913 2848 2970 immunda
2878 2913 3028 2968 labia
3057 2912 3330 2967 habentis.
3376 2911 3660 2965 Eumdem
3691 2909 3765 2964 ad

2105 3007 2348 3062 modum
2380 3009 2438 3060 et
2467 3005 2656 3061 Moses
2692 3021 2802 3059 non
2862 3006 3034 3058 antea
3094 2999 3462 3055 intellexerat
3519 2997 3761 3053 balbum

2106 3111 2235 3151 esse
2265 3111 2328 3150 se
2358 3099 2414 3151 et
2443 3094 2868 3164 tardiloquum:
2903 3091 3003 3162 qui
3032 3095 3232 3145 tamen
3273 3087 3434 3144 omni
3462 3087 3758 3159 Egyptio-

2107 3200 2236 3238 rum
2272 3181 2565 3255 sapientia
2601 3184 2788 3236 fuerat
2814 3181 3105 3248 eruditus,
3134 3178 3413 3248 lillosque
3443 3193 3647 3232 omnes
3669 3177 3761 3230 in-

2107 3273 2261 3346 genii
2295 3273 2560 3327 acumine
2593 3289 2658 3327 ac
2688 3267 3087 3326 intellihentia
3113 3271 3422 3339 superarat
3446 3267 3510 3320 ¹⁴.
3544 3265 3760 3320 Verum

2108 3378 2241 3417 cum
2283 3360 2506 3417 audivit
2541 3361 2718 3415 Deum
2750 3357 2986 3413 oracula
3045 3359 3338 3420 edentem,
3394 3358 3519 3408 tum
3583 3369 3754 3408 suam

2109 3451 2342 3520 agnovit
2372 3447 2780 3504 infirmitatem
2814 3446 2878 3500 ι’.
2913 3445 3201 3500 Abraham
3247 3457 3478 3514 quoque
3521 3440 3758 3512 quando

2108 3539 2263 3595 Deus
2294 3555 2355 3595 se
2387 3539 2438 3594 ei
2471 3537 2737 3593 exhibuit
2767 3535 3419 3607 conspiciendum,tunc
3450 3529 3761 3586 confessus

2105 3632 2195 3684 est
2215 3644 2342 3683 esse
2373 3644 2434 3682 se
2464 3632 2680 3682 terram
2708 3630 2766 3680 et
2795 3624 3049 3679 cinerem
3109 3623 3170 3676 ¹⁶.
3205 3621 3406 3691 Itaque
3463 3622 3522 3673 et
3578 3617 3765 3673 Isaias

2110 3719 2351 3789 perinde
2383 3721 2560 3788 atque
2593 3715 2698 3784 illi,
2733 3719 3118 3786 posteaquam
3149 3709 3294 3763 vidit
3346 3709 3644 3762 sedentem
3701 3704 3763 3759 in

2110 3807 2254 3862 solio
2285 3806 2510 3862 excelso
2543 3811 2600 3860 et
2630 3803 2872 3873 elevato,
2905 3799 3272 3871 gloriamque
3327 3795 3764 3866 contemplatus

2109 3900 2199 3950 est
2228 3901 2409 3952 totam
2443 3895 2647 3950 mundi
2680 3894 2921 3948 domum
2955 3889 3460 3961 adimplentem,et
3492 3883 3591 3940 ubi
3621 3900 3760 3939 con-

2109 3984 2299 4057 spexit
2329 3983 2624 4054 seraphim
2659 3983 2718 4036 in
2751 3979 2944 4035 throni
2969 3979 3212 4033 circuitu
3248 3975 3411 4030 illam
3464 3990 3635 4028 suam
3667 3989 3760 4026 vo-

2108 4090 2232 4128 cem
2265 4090 2399 4129 cum
2434 4079 2688 4128 tremore
2708 4071 3215 4134 emittentes,tunc
3246 4065 3446 4136 seipse
3478 4063 3762 4117 miserum

2106 4162 2572 4236 eppellavit,tum
2602 4161 2892 4216 labiorum
2922 4173 3163 4213 suorum
3197 4152 3470 4226 cognovit
3510 4148 3759 4222 impuri-

2108 4258 2308 4320 tatem,
2349 4267 2535 4323 eoque
2600 4249 2841 4304 habitus
2873 4245 3218 4317 estdignus,
3242 4242 3340 4313 qui
3370 4259 3404 4296 a
3459 4237 3758 4310 seraphim

2106 4345 2477 4414 purgaretur.
2513 4338 2767 4394 Observa
2792 4341 3010 4400 autem,
3043 4334 3172 4402 ejus
3203 4331 3417 4386 delicta
3449 4329 3518 4384 ad
3551 4344 3758 4400 quam-

2106 4429 2250 4486 libet
2301 4429 2589 4485 actionem
2648 4433 2704 4482 st
2775 4425 3173 4496 operationem
3224 4432 3600 4492 nequaquam
3632 4431 3762 4472 sese

2107 4517 2463 4589 extendisse,
2486 4517 2589 4574 sed
2620 4515 2912 4572 labiorum
2943 4517 3118 4570 tenus
3147 4512 3205 4567 et
3234 4521 3575 4566 sermonum
3603 4506 3762 4561 dun-

2026 4627 2074 4692 ι)
2109 4613 2266 4664 taxat
2295 4607 2646 4664 constitisse.

2181 4698 2304 4753 186.
2339 4696 2514 4752 Vsus.
2547 4697 2603 4764 6,
2633 4695 2688 4750 7.
2722 4695 2787 4749 Et
2816 4694 2878 4748 in
2931 4706 3105 4747 manu
3161 4687 3392 4745 habebat
3446 4688 3760 4754 carbonem,

2109 4803 2279 4860 quam
2338 4786 2551 4858 forcipe
2601 4784 2806 4841 tulerat
2849 4786 2912 4839 de
2940 4781 3137 4852 altari,
3168 4785 3222 4834 et
3252 4779 3434 4850 tetigit
3462 4792 3522 4832 os
3549 4789 3760 4831 meum.

409 4952 456 4988 ί²
495 4955 624 5006 Act.
665 4965 865 5022 xxvm,
905 4951 996 5021 26,
1036 4951 1128 5008 28.
1208 4953 1254 4990 *3
1292 4953 1465 5011 Hebr.
1507 4971 1548 5027 ι,
1591 4955 1678 5010 14.
1758 4957 1806 4992 ¹⁴
1842 4957 1970 5028 Act,

2142 4957 2238 5014 22.
2316 4957 2360 4994 ³⁵
2399 4957 2576 5030 Eyod.
2615 4973 2694 5027 ιν,
2735 4956 2822 5010 10.
2899 4955 2940 4993 ιθ
2979 4954 3120 5011 Gen.
3163 4968 3323 5022 mu,
3361 4949 3452 5006 27.

415 5125 486 5195 (8)
514 5126 610 5201 ita
641 5140 740 5180 sex
773 5140 941 5201 mss.
979 5128 1053 5180 At
1084 5125 1248 5195 editi,
1307 5124 1709 5201 ἰπιστρὲψουσι.
1763 5131 1987 5186 Ibidem

345 5193 1140 5277 nostriseam-ssniaiaoimi,
1164 5193 1400 5277 satiabo;
1436 5193 1550 5277 nec.
1569 5202 1737 5258 aliter
1775 5201 1990 5274 legitur

337 5269 490 5335 apud
526 5267 695 5324 LXX.
729 5267 881 5322 Editi
914 5267 1048 5324 vero
1070 5275 1125 5325 et
1153 5267 1426 5329 Actorum
1471 5273 1736 5330 Graecum
1795 5267 1987 5330 ciem-

330 5341 485 5411 plar,
515 5339 606 5392 καὶ
639 5337 900 5410 ἲάσωμαι,
934 5349 989 5396 et
1015 5358 1206 5398 sanem
1245 5359 1350 5399 eos.

406 5411 694 5491 (ῼὶΕέὶῐὶ,
722 5411 1078 5491 καθαρτικήν..
1113 5419 1182 5469 At
1212 5431 1313 5470 sex
1337 5417 1841 5491 _mss._xa0ap11xvﬁ.

403 5483 519 5556 (40)
551 5484 700 5562 ﬂag.
735 5481 1017 5562 quartus,
1047 5481 1373 5562 ἐπιστροφή.
1407 5481 1817 5562 aliiquinque
1841 5505 1983 5544 mss.

329 5553 466 5610 cum
500 5553 698 5620 editis,
730 5553 963 5638 στροφῄ.
992 5553 1063 5612 et
1093 5557 1176 5613 ita
1209 5553 1454 5685 quoque
1483 5553 1732 5616 editum-
1758 5560 1986 5616 inveni-

329 5643 466 5685 mus
497 5628 657 5685 anud
679 5631 1191 5685 Proconlummasz.
1260 5632 1350 5685 00.
1393 5631 1511 5685 Hoc
1537 5637 1626 5685 est
1656 5649 1669 5685 :
1717 5630 1851 5685 Cum
1878 5651 1986 5685 auo

328 5643 466 5686 mus
497 5628 657 5699 apud
679 5628 1191 5700 Procopium,pag.
1229 5628 1374 5686 10οῘ
1393 5631 1511 5688 Ηοο
1537 5637 1626 5688 est
1656 5649 1669 5686 :
1717 5630 1851 5687 Cum
1878 5651 1986 5688 auo

323 5701 436 5756 tem
465 5697 882 5758 convertuntur
924 5697 1015 5753 illi
1052 5697 1287 5770 spiritus
1338 5704 1408 5759 ad
1435 5719 1554 5775 nos,
1580 5704 1862 5776 nostrique
1889 5720 1985 5762 cu-

2096 5148 2220 5186 ram
2253 5132 2579 5201 msczpiunt,
2603 5132 2737 5201 tunc
2765 5129 3075 5183 adventitio
3105 5127 3334 5201 quodam
3367 5137 3596 5178 munere
3622 5136 3752 5192 per-

2096 5200 2426 5275 funguntur.
2461 5205 2646 5267 Quam
2680 5200 2989 5275 lectionem
3021 5200 3198 5270 recipi
3222 5214 3390 5275 posse
3423 5211 3537 5275 non
3572 5209 3749 5275 nega-

2099 5263 2233 5330 mus
2284 5263 2572 5346 quidem:
2630 5273 2739 5346 sed
2784 5272 2924 5346 quin
2959 5263 3192 5340 praestet
3223 5263 3366 5346 legi,
3423 5263 3748 5346 intersaepti,

2100 5365 2214 5402 non
2247 5333 2667 5402 dubitavimus.
2694 5333 2840 5397 Nam
2875 5333 2995 5396 haec
3015 5357 3203 5407 voces,
3228 5333 3526 5414 ἐπῖστροφή
3561 5340 3618 5391 et
3635 5333 3749 5388 iiu-

2101 5417 2564 5490 μὲλειαηοριί-[ῐιο
2595 5417 2749 5470 inter
2770 5430 2830 5490 se
2863 5415 3325 5490 conjunguntur;
3360 5426 3552 5479 voces,
3585 5425 3746 5482 στρο-

2098 5483 2184 5566 ξρή,
2205 5496 2263 5566 et
2317 5483 2624 5566 ἐπιμέλεια,
2646 5485 2875 5566 nopuita
2906 5483 3230 5566 commode,

2168 5564 2278 5634 (11]
2313 5553 2555 5634 Antiqui
2590 5553 2888 5634 t'r_es_li_bri,
2922 5553 3105 5634 αὐτοῦ.

2167 5621 2281 5704 ξ12)
2315 5621 2490 5704 Εάἰῐὶξ
2525 5626 2676 5704 μετά.
2705 5625 2962 5699 Uterque
2984 5623 3239 5683 Combet‘.
3277 5627 3334 5680 et
3363 5621 3461 5680 alii
3491 5625 3747 5696 quatuor

2095 5703 2272 5763 mea.
2301 5703 2486 5777 μέχρι.
