4138 6370
365 373 484 434 435

366 611 497 651 esse
527 597 597 652 de
629 598 835 671 templi
880 597 1146 662 altari,ex
1177 615 1290 668 quo
1314 599 1611 670 seraphim
1645 601 1870 672 accepit
1900 619 2021 655 car-

367 681 579 740 bonem
613 687 677 743 in
709 704 873 743 suam
909 704 1147 741 manum
1183 689 1254 742 ab
1289 687 1456 742 altari
1491 687 1963 745 holocaustorum
2003 705 2016 744 :

369 779 428 827 at
449 775 776 829 secundum
809 775 1131 839 veritatem,
1161 781 1466 846 propterea
1498 778 1653 845 quod
1686 777 1880 832 cultus
1911 777 2019 832 Ju-

368 861 574 917 daicus
605 862 844 933 imagini
879 868 936 917 et
967 864 1189 918 umbrae
1248 864 1574 919 cmlestium
1626 867 2017 936 exprimenda:

370 950 743 1020 subserviret,
768 951 999 1007 coaleste
1030 953 1327 1024 quoddam
1362 953 1541 1008 altare
1572 953 2018 1025 intelligendum

369 1042 497 1106 est;
529 1038 636 1094 hoc
680 1045 790 1107 est,
850 1041 1013 1096 locus
1058 1043 1451 1112 expurgandis
1494 1042 1708 1098 animis
1747 1043 2018 1109 idoneus,

369 1128 524 1183 unde
556 1127 713 1198 ignis
735 1128 833 1184 ille
856 1146 1118 1202 purgans
1141 1132 1212 1186 ad
1253 1131 1497 1186 virtutes
1529 1132 1661 1185 illas
1711 1132 2023 1186 sanctitate

367 1215 635 1286 praeditas
666 1218 973 1274 emittitur.
1011 1220 1137 1274 Tali
1177 1220 1309 1291 igne
1343 1237 1441 1274 cor
1499 1219 1762 1292 Cleophze
1822 1225 1879 1276 et
1925 1221 2016 1273 Si-

365 1306 556 1360 monis
587 1306 997 1372 incalescebat,
1030 1307 1277 1363 Domino
1332 1308 1416 1363 eis
1461 1309 1834 1380 adaperiente
1861 1309 2016 1364 Scri-

364 1395 662 1464 pturas”.
696 1399 804 1450 Cor
827 1412 1030 1451 eorum
1084 1397 1183 1467 qui
1242 1396 1456 1469 spiritu
1519 1398 1758 1463 ferveni,
1810 1398 2016 1468 hujus-

365 1481 523 1536 modi
554 1481 672 1554 igni
705 1482 1330 1539 incenditur.Similem
1398 1486 1590 1556 ignem
1649 1486 1874 1558 accepit
1927 1490 2017 1541 Je-

363 1570 598 1635 remias,
621 1570 871 1643 ideoque
926 1573 1200 1630 dicebat:
1263 1577 1328 1628 Et
1386 1578 1564 1644 [actus
1620 1583 1695 1630 est
1752 1576 1897 1644 ignis
1957 1578 2016 1630 in

360 1661 665 1718 visceribus
724 1666 882 1730 meis,
944 1674 994 1720 et
1060 1666 1358 1720 dissolutus
1434 1683 1559 1720 sum
1623 1668 1864 1739 undique
1949 1669 2011 1722 ίθ.

365 1749 617 1806 Multum
651 1758 846 1807 autem
879 1753 1116 1808 honoris
1163 1770 1229 1809 ac
1260 1753 1592 1809 reverentiae
1641 1754 1812 1809 altari
1877 1755 2012 1809 huic

364 1839 622 1896 exhiberi
655 1857 720 1895 ex
761 1857 826 1897 eo
857 1842 1132 1908 ostendit,
1168 1843 1322 1913 quod
1355 1842 1499 1898 illud
1533 1861 1642 1899 sua
1671 1843 1860 1915 ipsius
1892 1861 2011 1899 ma-
2039 1878 2090 1946 Β

364 1945 442 1984 nu
474 1929 759 2002 attingere
816 1931 1112 2002 seraphim
1168 1949 1282 1987 non
1343 1933 1573 1997 audeat,
1634 1935 1735 1988 sed
1796 1933 2012 2004 forcipe

365 2019 536 2088 quasi
568 2019 757 2074 medio
789 2019 1066 2090 quopiam
1114 2019 1510 2076 instrumento
1544 2027 1762 2077 utatur.
1812 2026 2010 2092 Itaque

360 2107 672 2161 carbonem
697 2106 1100 2178 intelligamus
1122 2124 1451 2164 sermonem
1476 2111 1805 2180 verum,qui
1829 2109 2010 2180 ignito

359 2196 615 2265 quodam
642 2201 700 2251 et
724 2196 1124 2268 objurgatorio
1159 2198 1331 2254 modo
1366 2197 1738 2254 mendacium
1799 2215 2008 2269 expur-

357 2288 456 2355 get
483 2299 708 2351 eorum,
741 2287 958 2357 quibus
993 2287 1064 2342 ab
1096 2287 1199 2342 illa
1227 2288 1445 2342 virtute
1475 2289 1739 2343 studiose
1769 2305 1834 2344 ac
1861 2294 2007 2344 stre-

357 2387 472 2426 nue
499 2388 733 2443 operam
765 2390 936 2429 suam
998 2375 1172 2430 dante
1225 2374 1442 2432 allatus
1501 2380 1609 2432 est.
1673 2377 2006 2432 Putandum

355 2475 614 2533 namque
644 2467 735 2518 est
764 2463 1058 2534 seraphim
1087 2480 1326 2520 manum
1390 2482 1493 2537 pro
1530 2465 1804 2534 facultate
1856 2467 2010 2521 bona

361 2550 777 2621 suppeditante
801 2552 1206 2623 accipiendam
1238 2570 1387 2609 esse.
1423 2555 1491 2608 Et
1511 2554 1657 2609 dixit
1685 2554 1878 2624 (Vens.
1910 2557 2004 2622 7):

359 2637 493 2693 Ecce
520 2641 703 2711 tetigit
723 2639 826 2694 hoc
861 2639 1016 2696 labia
1045 2645 1163 2711 tua,
1195 2645 1479 2711 etauferel
1517 2646 1834 2715 iniquitates
1864 2654 2006 2700 tuas.

353 2735 406 2783 et
433 2734 652 2799 peccata
683 2734 782 2786 tua
832 2731 1223 2802 perpurgabit.
1275 2731 1505 2787 Dictum
1535 2733 1591 2786 id
1619 2732 1801 2788 fuisse
1852 2733 2008 2788 Isaiae

355 2817 506 2874 517
543 2817 650 2874 soli
680 2819 1144 2875 existimandum
1177 2837 1292 2876 non
1327 2826 1437 2889 est,
1472 2823 1570 2876 sed
1604 2825 1662 2876 et
1709 2821 2004 2890 omnibus,

355 2923 503 2977 quos
550 2907 739 2980 tangit
778 2908 1000 2980 ignitus
1032 2925 1098 2963 ac
1127 2926 1300 2965 verus
1332 2927 1547 2974 sermo,
1603 2909 1704 2981 qui
1765 2927 2007 2980 prorsus

352 2996 546 3051 abolet
577 3014 702 3068 quas
733 2997 1188 3053 committuntur
1221 3005 1430 3070 printer
1479 2999 1736 3054 divinam
1796 2999 2003 3071 legem,

350 3089 527 3157 atque
559 3093 794 3158 peccata
823 3087 1519 3159 expurgat.Excipiamus
1550 3097 1746 3144 autem
1782 3095 1840 3143 et
1899 3106 2004 3145 nos

349 3173 529 3228 divini
560 3174 731 3231 Verbi
765 3177 1102 3240 adventum,
1139 3180 1203 3231 ut
1234 3177 1289 3230 in
1313 3192 1410 3231 ore
1444 3183 1644 3232 nostro
1694 3176 1852 3232 velut
1909 3178 1996 3233 in-

1305 376 1701 438 APPENDIX
1747 377 2077 441 OPERUM
2120 379 2186 438 S.
2236 377 2520 441 BASILll
2567 381 2840 444 MAGNI.

375 507 537 570 Quod
571 507 809 578 quidem
860 509 929 564 ad
963 509 1202 564 verbum
1261 508 1492 574 attinet,
1550 509 1779 566 videtur
1816 526 2002 566 sermo

2127 512 2226 562 τοῦ
2287 509 2555 581 στόματός
2619 533 2744 583 μου.
2779 513 2965 566 Ἐοικε
3018 509 3244 583 μὶν,ὡς
3285 507 3422 582 πρὸς
3479 505 3542 560 τὸ
3601 503 3794 598 ῥητὸν,
3897 533 3913 550 ⁸

3672 373 3792 433 436

2129 598 2252 673 περὶ
2282 603 2379 652 τοῦ
2411 599 2460 654 ἦν
2491 605 2570 671 τῷ
2621 606 2736 672 ναῷ
2788 599 3178 673 θυσιαστηρίου
3223 598 3249 652 6
3291 597 3457 670 λόγος
3511 593 3668 663 εἶναι,
3704 594 3774 671 ἀφ

2129 688 2191 740 οῦ
2222 681 2385 742 ἔλαϐε
2415 689 2476 742 τὸ
2512 690 2776 766 σεραφεῗμ
2807 689 2882 751 εἰς
2940 689 3038 757 τὴν
3081 693 3244 762 χεῖρα
3293 686 3483 740 ἑαυτοῦ
3531 683 3638 737 ἀπὸ
3693 686 3793 737 τοῦ

2129 778 2512 852 θυσιαστηρίου
2565 784 2672 832 τῶν
2735 778 3224 853 όλοκαρπωμάτων
3279 773 3543 849 ἄνθρακα·
3596 773 3670 833 ὡς
3731 769 3792 826 δὲ

2127 866 2262 941 πρὸς
2291 867 2389 934 τὴν
2451 867 2736 938 ἀλήθειαν,
2770 866 2858 923 διὰ
2915 869 2976 922 τὸ
3031 868 3130 936 τὴν
3163 863 3470 932 Ἰουδαϊκήν
3532 862 3790 936 λατρείαν

2131 952 2486 1030 ὑποδείγματι
2561 957 2650 1011 καὶ
2727 961 2851 1027 σκιᾷ
2925 961 3033 1011 τῶν
3101 954 3428 1027 ἐπουρανίων
3487 950 3792 1028 λατρεύειν,

2127 1044 2444 1120 ἐπουράνιόν
2472 1067 2523 1100 τι
2577 1049 2689 1123 χρὴ
2743 1054 2885 1102 νοεῖν
2926 1049 3336 1122 θυσιαστήριοψ
3369 1043 3636 1105 τουτέστι,
3669 1063 3789 1118 χω-

2128 1133 2240 1207 ρίον
2275 1141 2618 1209 καθαρισμοῦ
2649 1140 2869 1212 ψυχῶν,
2906 1139 3026 1200 ὅθεν
3076 1134 3410 1208 ἐκπέμπεται
3460 1137 3581 1194 ταῖς
3631 1133 3789 1206 ἁγια-

2129 1222 2377 1295 ζομέναις
2413 1222 2670 1298 δυνάμεσι
2721 1227 2783 1280 τὸ
2830 1225 3121 1301 καθάρσιον
3175 1229 3303 1300 πῦρ.
3352 1221 3596 1294 Τοιοότῳ
3651 1221 3786 1296 πυρὶ

2126 1311 2346 1367 Κλεόπα
2421 1315 2510 1368 καὶ
2593 1314 2844 1387 Σίμωνος
2905 1314 3112 1369 ἐκαίετο
3180 1317 3286 1385 (13)
3337 1315 3371 1382 ἡ
3423 1308 3633 1386 καρδία,
3691 1311 3783 1365 ὅτε

2126 1397 2400 1476 διήνοιγεν
2429 1404 2615 1465 αὐτοῖς
2647 1405 2674 1458 ὁ
2717 1404 2917 1479 Κύριος
2944 1404 3040 1467 τὰς
3091 1401 3320 1480 Γραφάς.
3352 1401 3595 1473 Τοιοότῳ
3653 1411 3780 1474 θερ-

2128 1489 2407 1561 μαίνονται
2441 1492 2570 1566 πυρὶ
2600 1493 2697 1561 τὴν
2731 1490 2955 1569 καρδίαν
3003 1493 3055 1546 οἱ
3101 1497 3182 1564 τῷ
3231 1490 3498 1562 πνεύματι
3548 1489 3777 1558 ζέοντες.

2124 1581 2384 1635 Τοιοῦτον
2444 1576 2606 1636 ἔλαϐε
2665 1587 2771 1656 πῦρ
2834 1581 3114 1655 Ἱερεμίας·
3171 1578 3256 1635 διὸ
3309 1579 3398 1634 καὶ
3457 1576 3644 1652 ἔλεγε·
3679 1577 3781 1633 Καὶ

2125 1666 2331 1743 ἐγένετο
2389 1675 2493 1743 πῦρ
2553 1670 2603 1724 ἐν
2660 1676 2778 1732 τοῖς
2856 1670 3105 1745 ἐγκάτοις
3181 1691 3307 1743 μου,
3366 1669 3456 1723 καὶ
3514 1672 3781 1741 παρεῖμαι

2122 1759 2407 1814 πάντοθεν.
2452 1759 2736 1831 Ἐμφαίνει
2799 1757 2857 1814 δὲ
2909 1759 3132 1828 πολλὴν
3206 1759 3304 1827 τὴν
3386 1757 3510 1832 περὶ
3567 1757 3630 1810 τὸ
3690 1758 3782 1810 θυ-

2122 1849 2435 1917 σιαστήριον
2465 1850 2636 1920 τιμὴν
2692 1849 2783 1902 καὶ
2844 1843 3122 1916 εὐλά6;ιαν
3178 1846 3240 1902 τὸ
3303 1848 3377 1920 μὴ
3437 1852 3779 1921 καταθαρσῆ-

2123 1939 2301 2009 σαιτῇ
2336 1933 2445 2006 ἰδίᾳ
2469 1938 2614 2012 χειρὶ
2669 1935 2974 2015 ἐφάψασθαι
3023 1937 3085 1992 τὸ
3132 1937 3420 2013 σερανρεὶμ,
3455 1934 3580 1991 ἀλλ’
3615 1935 3780 1990 οἱονεὶ

2123 2025 2316 2099 μεσίτῃ
2351 2027 2452 2079 τινὶ
2486 2028 2792 2100 χρήσασθαι
2823 2031 2893 2100 τῇ
2942 2022 3147 2082 λαϐίδι.
3183 2029 3487 2098 Νοήσωμεν
3526 2023 3618 2079 οῦν
3680 2021 3774 2080 ἅν-

2123 2116 2292 2189 θρακα
2319 2113 2479 2190 λόγον
2513 2113 2716 2186 ἀληθῆ,
2752 2112 3030 2192 διαπόρως
3060 2116 3150 2170 καὶ
3199 2113 3527 2190 ἐλεγκτικῶς
3581 2116 3774 2178 καθαί-

2120 2222 2283 2276 ροντα
2339 2205 2450 2277 (14)
2503 2205 2566 2258 τὸ
2624 2201 2844 2278 ψεῦδος·
2879 2207 2961 2266 οἷς
3025 2204 3083 2259 ἂν
3131 2204 3236 2258 ἀπὸ
3294 2211 3394 2272 τῆς
3445 2201 3773 2280 δραστηρίου

2120 2288 2411 2364 δυνάμεως·
2438 2296 2804 2368 προσενεχθῇ.
2839 2295 2949 2362 Τὴν
3001 2293 3104 2370 γὰρ
3157 2298 3318 2368 χεῖρα
3362 2296 3460 2347 τοῦ
3509 2292 3771 2367 σεραφεὶμ

2120 2379 2390 2455 ἐνέργειαν
2440 2382 2553 2456 χρὴ
2619 2388 2761 2437 νοεῖν
2822 2382 3038 2457 ἀγαθῶν
3107 2383 3442 2458 παρεκτικήν
3485 2384 3612 2454 (15).
3661 2380 3768 2436 Καὶ

2119 2469 2303 2524 εἶπεν·
2357 2467 2498 2527 Ἰδοὺ
2570 2469 2750 2545 ἥψατο
2824 2475 2984 2526 τοῦτο
3056 2476 3164 2526 τῶν
3218 2469 3452 2547 χειλέων
3507 2491 3622 2539 σου,
3680 2470 3770 2526 καὶ

2118 2559 2310 2624 ἀφελεῖ
2363 2560 2460 2623 τὰς
2531 2559 2760 2633 ἀνομίας
2819 2581 2935 2628 σου,
3003 2561 3090 2614 καὶ
3175 2561 3270 2622 τὰς
3344 2559 3609 2636 ἁμαρτίας
3677 2579 3771 2615 σου

2118 2650 2514 2723 περικαθαριεῖ.
2561 2647 2632 2702 Οὐ
2682 2650 2816 2724 πρὸς
2867 2649 3033 2721 μόνον
3085 2647 3303 2704 Ἡσαΐαν
3356 2647 3642 2723 νομιστέον
3697 2645 3772 2702 εἷο

2121 2738 2334 2808 ρῆσθαι,
2389 2735 2536 2792 ἀλλὰ
2588 2737 2679 2792 καὶ
2757 2739 2894 2813 πρὸς
2949 2736 3175 2805 πάντας,
3230 2739 3302 2792 ὧν
3354 2737 3681 2802 καθάπτεται
3741 2737 3769 2790 6

2119 2823 2381 2901 διάπυρος
2433 2828 2521 2880 καὶ
2579 2826 2792 2898 ἄληθής
2852 2826 3037 2903 λόγος,
3072 2831 3364 2902 περιαιρῶν
3397 2829 3512 2899 (16)
3549 2827 3616 2880 τὰ
3663 2820 3764 2895 ἔξω

2113 2919 2210 2968 τοῦ
2242 2915 2384 2968 θείου
2414 2915 2588 2987 νόμου
2641 2914 3058 2988 ἐπιτελούμενα,
3090 2916 3179 2970 καὶ
3239 2913 3297 2969 ἐκ
3345 2919 3452 2969 τῶν
3512 2915 3758 2989 ἁμαρτη-

2113 3007 2280 3066 τικῶς
2356 3007 2745 3080 πραττομένων
2824 3010 3120 3080 καθαιρῶν.
3182 3003 3460 3076 Δεξώμεθα
3535 3000 3593 3057 δε
3666 3001 3756 3056 καὶ

2113 3095 2275 3166 ἡμεῖς
2310 3092 2455 3148 θείου
2515 3095 2696 3169 Λόγου
2756 3091 3079 3167 ἐπιδημίαν,
3107 3091 3200 3148 ’ίνα
3257 3093 3424 3148 οἲονεὶ
3482 3090 3761 3167 ἐγκαθεζό-

2117 3203 2277 3254 μενος
2309 3189 2424 3245 τοῖς
2466 3184 2725 3256 στόμασιν
2759 3186 2943 3257 ἡμῶν,
2975 3184 3064 3238 καὶ
3098 3180 3368 3256 μηδεμίαν
3402 3182 3591 3258 χώραν
3622 3200 3766 3256 παρ-

347 3263 568 3330 sidens,
603 3263 918 3336 locumque
951 3264 1181 3320 nullum
1218 3267 1524 3320 mendacio
1567 3267 1854 3337 praebens,
1895 3284 1995 3321 ex-

2122 3253 2257 3345 ἒχων
2309 3277 2386 3343 τῷ
2437 3253 2643 3346 ψεύδει,
2702 3253 2968 3348 καθαρίσῃ
3037 3253 3200 3346 ἡμῶν
3248 3253 3350 3328 -τὰ
3406 3253 3612 3347 -χείλη,
3676 3253 3765 3324 καὶ

353 3360 567 3424 purget
596 3352 751 3408 labia
783 3359 1004 3420 nostra,
1039 3359 1096 3409 et
1126 3358 1350 3410 auferat
1377 3355 1719 3425 iniquitates
1751 3361 1994 3410 nostras.

359 3440 711 3496 Incredibile
747 3447 940 3498 autem
976 3459 1089 3497 non
1123 3449 1211 3498 est
1242 3445 1552 3499 carbonem
1598 3445 1655 3499 in
1705 3445 1862 3499 verbi
1896 3462 2003 3498 na-

347 3533 540 3585 turam
574 3535 865 3586 mutatum
897 3530 989 3599 iri,
1013 3532 1186 3602 juxta
1215 3532 1616 3588 testimonium
1654 3532 1866 3604 psalmi
1915 3533 2000 3588 di-

347 3619 535 3674 centis
568 3633 582 3674 :
617 3621 861 3690 Ignitum
892 3621 1173 3690 eloquium
1201 3625 1360 3676 tuum
1409 3623 1773 3691 vehementer,
1796 3625 1848 3678 et
1882 3638 2000 3678 ser-

345 3724 444 3763 uus
465 3713 594 3763 tuus
622 3709 817 3764 dilexit
850 3709 1002 3764 illud
1047 3711 1106 3764 ιθ.

421 3798 544 3853 187.
579 3799 748 3854 Vens.
781 3799 834 3853 8.
877 3800 940 3853 Et
997 3799 1186 3854 audici
1233 3813 1412 3854 vocem
1460 3800 1682 3856 Domini
1725 3801 1996 3856 dicentis:

347 3887 515 3955 Quem
569 3888 789 3941 mittam
845 3895 897 3943 et
952 3890 1076 3958 quis
1107 3887 1208 3943 ibit
1237 3889 1312 3943 ad
1346 3889 1615 3961 populum
1682 3890 1885 3946 hunc?
1933 3895 2001 3946 Et

343 3976 467 4031 dixi
497 3991 510 4030 :
543 3976 679 4030 Ecce
707 3992 802 4046 ego
829 3993 972 4044 sum,
1003 3978 1154 4031 mitte
1184 3993 1288 4032 me.
1312 3978 1498 4042 Quaeri
1519 3979 1656 4049 jure
1689 3995 1755 4035 ac
1788 3980 1997 4035 merito

341 4068 555 4137 potest,
589 4081 693 4120 cur
727 4066 957 4138 Moyses
992 4066 1212 4121 missus
1244 4067 1610 4138 deprecetur,
1661 4074 1720 4124 et
1749 4086 1855 4125 cur
1909 4068 1996 4126 le-

339 4154 572 4226 gatione
603 4159 870 4210 recusata
893 4154 1214 4226 plurimum
1250 4154 1526 4212 reclamet
1556 4174 1574 4212 :
1628 4161 1808 4213 Isaias
1857 4176 1990 4215 vero

337 4248 504 4300 tanta
535 4260 666 4299 cum
701 4243 997 4300 alacritate
1030 4259 1158 4299 sese
1189 4244 1414 4299 offerat.
1449 4245 1678 4318 Moyses
1705 4246 1860 4302 enim
1896 4265 1989 4305 ne-

337 4350 634 4405 quaquam
694 4333 1112 4404 interrogatur,
1174 4333 1339 4401 Quem
1372 4335 1648 4390 millam?
1706 4336 1809 4392 sed
1869 4337 1990 4408 ipse

335 4423 396 4478 in
434 4423 670 4494 propria
699 4439 950 4494 persona
974 4422 1190 4494 excipit
1232 4425 1579 4479 mandatum
1616 4441 1628 4478 :
1689 4427 1753 4480 Et
1818 4443 1987 4494 nunc,

337 4510 548 4582 inquit,
605 4512 731 4568 veni
789 4527 804 4566 :
861 4511 1081 4566 mittam
1133 4519 1181 4567 te
1237 4512 1307 4567 ad
1358 4513 1701 4568 Pharaonem
1732 4516 1790 4569 in
1817 4515 1988 4587 Ai'gy-

2115 3359 2290 3438 ἀιρέλῃ
2328 3364 2438 3434 (17)
2471 3363 2564 3424 τὰς
2614 3362 2880 3437 ἁμαρτίας
2937 3365 3120 3434 ἡμῶν.
3156 3362 3274 3419 Οὐκ
3316 3361 3593 3421 ἀπιθάνως
3653 3356 3710 3414 δὲ
3739 3360 3766 3414 6

2115 3447 2306 3521 ἄνθραξ
2356 3450 2434 3513 εἷς
2488 3451 2587 3519 τὴν
2645 3455 2742 3505 τοῦ
2803 3447 2971 3528 λόγου
3036 3450 3191 3526 φύσιν
3258 3447 3763 3524 μεταληφθήσεται,

2112 3539 2248 3592 κατᾶ
2300 3540 2398 3607 τὴν
2458 3544 2555 3593 τοῦ
2613 3539 2837 3613 ψαλμοῦ
2891 3539 3208 3616 μαρτυρίαν,
3243 3539 3522 3614 λὲγοντος·
3585 3539 3765 3594 Πεπυα

2113 3628 2357 3701 ρωμένον
2417 3629 2478 3682 τὸ
2533 3627 2718 3704 λόγιόν
2776 3650 2872 3684 σου
2931 3625 3158 3708 σφόδρα,
3192 3627 3282 3684 καὶ
3333 3629 3361 3682 6
3410 3624 3610 3689 δοῦλός
3668 3647 3764 3682 σου

2111 3715 2387 3789 ἠγάπησεν
2424 3719 2538 3790 (18)
2569 3716 2721 3773 αὐτό.

2185 3805 2304 3859 187.
2343 3804 2445 3858 Καὶ
2512 3801 2719 3873 ἤκουσα
2777 3813 2964 3884 φωνῆς
3023 3805 3224 3882 Κυρίου
3285 3803 3579 3879 λέγοντος·
3637 3802 3761 3856 Τίνα

2111 3891 2460 3960 ἀποστείλω,
2517 3893 2608 3947 καὶ
2679 3893 2759 3955 τίς
2854 3894 3172 3970 πορεύσεται
3247 3895 3383 3969 πρὸς
3455 3895 3549 3948 τὸν
3621 3888 3756 3945 λαὸν

2105 3985 2335 4050 τοῦτον;
2391 3981 2485 4036 Καὶ
2545 3983 2721 4036 εἶπον·
2760 3981 2884 4038 Ιδοό
2942 3983 3054 4056 εῗ’μι
3115 3983 3244 4058 ἐγὼ,
3279 3981 3600 4038 ἀπόστειλόν
3667 4000 3753 4052 με.

2109 4072 2398 4140 Ζητήσεως
2438 4068 2606 4140 ἄξιον,
2657 4071 2709 4124 τί
2773 4069 2977 4140 δήποτε
3025 4078 3230 4140 Μωσῆς
3266 4073 3359 4144 μὲν
3419 4076 3759 4145 παραιτεῖται

2107 4158 2486 4232 πεμπόμενος,
2517 4159 2607 4213 καὶ
2641 4159 2727 4214 ἐπὶ
2760 4158 3018 4215 πλεῖστον
3074 4159 3420 4235 ἀπομάχεται
3479 4161 3580 4228 τήν
3631 4159 3762 4214 ἀπο-

2101 4246 2303 4316 στολὴν
2353 4248 2810 4324 παραιτούμενοςο
2844 4247 3070 4311 Ἡσαΐας
3133 4247 3190 4304 δὲ
3245 4249 3388 4304 οὕτω
3447 4249 3764 4325 προχείρως

2099 4336 2286 4391 ἑαυτὸν
2343 4333 2648 4395 ἐπιδίδωσι.
2699 4338 2910 4406 Μωσῆς
2971 4338 3065 4411 μὶν
3120 4338 3220 4412 γὰρ
3283 4337 3408 4413 οὐχὶ
3471 4337 3760 4412 ἐρωτᾶται,

2101 4426 2238 4482 Τίνα
2267 4424 2578 4481 ἀποστείλω
2604 4445 2616 4496 ;
2650 4423 2777 4480 ἀλλ’
2807 4425 2966 4488 αὐτὸς
2997 4427 3074 4491 εἷς
3106 4427 3398 4501 πρόσωπον
3449 4424 3665 4502 δέχεται
3695 4427 3758 4482 τὸ

2100 4513 2415 4590 ἐπίταγμα·
2481 4513 2584 4571 Καὶ
2668 4519 2780 4583 νῦν,
2841 4515 2998 4592 φησὶ,
3061 4513 3220 4591 δεῦρο
3253 4535 3267 4549 ο
3328 4515 3635 4571 ἀποστείλω
3701 4536 3759 4569 σε

331 4608 490 4673 ptum
541 4604 593 4655 et
649 4599 840 4656 educes
898 4601 1165 4671 populum
1247 4617 1429 4656 meum
1516 4602 1660 4672 ﬁlios
1720 4603 1893 4659 Israel
1923 4604 1989 4660 de

2122 4603 2238 4677 πρὸς
2292 4603 2494 4680 Φαραὼ
2579 4603 2656 4669 εἷς
2731 4602 3007 4680 ΑἹγυπτον
3071 4606 3206 4678 (19),
3263 4604 3354 4658 καὶ
3412 4603 3610 4677 ἐξάξεις
3661 4605 3752 4659 τὸν

379 4755 454 4790 ἰτ
475 4759 611 4811 Luc.
643 4770 796 4822 xxxv,
837 4753 927 4809 32.
1005 4754 1048 4789 ¹⁸
1085 4753 1302 4811 Jerem.
1336 4771 1430 4822 xx,
1468 4755 1523 4812 9.
1603 4756 1648 4792 ¹⁹
1687 4756 1840 4812 Psal.
1875 4774 2068 4815 cxvm.
2100 4760 2225 4819 140.

411 4909 523 4984 (13)
555 4909 717 4984 Quod
760 4909 884 4984 ait
904 4907 1215 4984 interpres,
1241 4925 1337 4984 cor
1370 4908 1640 4984 _Cleophze
1669 4928 1722 4984 ei
1748 4909 1996 4984 Simonis

339 4981 472 5053 igne
506 4981 798 5053 ejusmodi
861 4982 1177 5046 incaluisse,
1236 4981 1291 5035 id
1325 4981 1437 5036 nisi
1464 4981 1630 5037 valde
1660 4982 1854 5051 fallor,
1923 5001 1992 5039 ex

333 5069 544 5126 apocry
588 5053 866 5110 hislibris
888 5069 1019 5108 sum
1067 5057 1194 5107 tum
1217 5059 1324 5108 est.
1359 5053 1506 5109 Nam
1537 5070 1672 5109 cum
1703 5055 1990 5126 CleOphas

337 5126 491 5180 apud
546 5071 760 5180 Eucam
801 5142 952 5180 xxrv.
991 5069 1075 5180 1g.
1110 5124 1269 5180 solus
1301 5125 1656 5180 nominetur.
1691 5143 1796 5180 nec
1827 5128 1988 5180 ouis-

337 5126 491 5196 apud
515 5124 760 5197 lLucam
801 5142 952 5191 xxrv,
991 5124 1075 5191 18,
1110 5124 1269 5180 solus
1301 5125 1656 5192 nominetur,
1691 5143 1796 5181 nec
1827 5124 1988 5197 quis-

337 5213 518 5270 quam
536 5196 782 5253 idoneus
806 5198 1317 5270 scriptoralterum
1335 5197 1690 5268 discipulum
1723 5196 1985 5270 unquam

337 5268 678 5341 nominarit,
713 5268 1118 5324 nomen’illius
1151 5269 1413 5339 ignotum
1450 5285 1577 5324 esse
1609 5275 1768 5341 puto.

409 5340 450 5412 (1
465 5340 516 5411 4)
548 5340 722 5412 Editi,
752 5343 1134 5411 καθαιροῦντα,
1159 5356 1265 5396 nec
1297 5358 1466 5395 secus
1498 5340 1638 5412 legit
1670 5342 1982 5412 interpres,

334 5411 435 5481 qui
463 5411 702 5467 verterit
729 5412 799 5466 ad
839 5413 1142 5468 tollendum
1199 5427 1229 5467 e
1269 5413 1446 5468 medio
1504 5411 1870 5469 mendacium.
1896 5411 1981 5469 Ad

330 5496 434 5556 sex
465 5499 634 5556 mss.,
664 5482 1013 5556 καθαίροντα,
1043 5486 1165 5556 υἰηιΔ
1186 5483 1388 5556 habens
1417 5484 1698 5556 purgandi
1747 5485 1978 5556 menda-

328 5555 424 5627 cii,
459 5554 700 5626 optime.
734 5551 864 5627 Mox
914 5555 1086 5627 editi,
1143 5554 1249 5609 ἀπὸ
1304 5551 1428 5624 τῆς
1460 5551 1703 5619 διανοίας
1742 5552 1976 5627 δραστη-

333 5625 475 5699 ρίου.
499 5622 580 5682 Ἀι
607 5643 717 5685 vox
749 5622 986 5688 διανοίας
1018 5622 1080 5684 in
1106 5627 1324 5686 nostris
1361 5622 1465 5686 sex
1492 5645 1637 5687 mss.
1671 5622 1788 5686 non
1818 5622 1981 5686 inve-

330 5697 510 5758 hitur.

2175 4913 2288 4989 (15)
2318 4914 2469 4989 Editi
2501 4918 2558 4969 et
2586 4918 2707 4971 tres
2736 4931 2904 4989 mss,
2936 4914 3264 4989 πρακτικήν,
3298 4915 3560 4989 bonorum
3620 4911 3758 4986 efﬂ-

2100 4988 2344 5060 ctricem.
2383 4988 2448 5060 ,ιι
2477 4995 2721 5058 uterque
2751 4987 2914 5060 Golb.
2951 4987 3084 5044 cum
3119 4988 3266 5060 Reg:
3292 4988 3574 5060 secundo,
3623 5005 3760 5058 παρ-

2101 5059 2407 5132 εκτικῄνθῒ.
2436 5059 2517 5114 ita
2547 5074 2777 5130 quoque
2806 5059 3021 5132 legitur
3050 5059 3752 5132 apud’Procopium,pag.

2101 5130 2220 5183 100.
2258 5130 2473 5184 Ibidem
2506 5136 2624 5187 tres
2655 5129 2825 5201 m88.,
2854 5129 2944 5184 καὶ
2976 5129 3107 5184 εἶπὲ
3135 5150 3250 5201 μοι.

2168 5203 2278 5270 (16)
2314 5203 2465 5256 Editi
2497 5207 2553 5258 et
2608 5203 2748 5274 Reg.
2784 5200 3014 5272 tertius,
3068 5200 3391 5276 περιαίρων.
3435 5200 3545 5256 Alii
3604 5217 3749 5272 qua-

2097 5275 2432 5348 tuor‘mssq
2465 5277 2758 5348 περιαιρῷν
2789 5280 2962 5331 recte.

2122 5344 2280 5466 1:37)
2366 5344 2608 5402 Veteres
2653 5344 2894 5416 aliquot
2982 5345 3138 5418 libri,

2093 5433 2228 5469 εΛει.

2162 5487 2276 5566 (18)
2308 5486 2565 5566 Uterque
2597 5487 2784 5560 Colb.,
2819 5487 3079 5566 φυλάσσει
3146 5504 3336 5547 servus
3393 5495 3518 5544 tuus
3575 5496 3750 5543 custo-

3228 5342 3526 5418 καθαρίσει.
3539 5385 3575 5400 ..
3654 5343 3749 5421 ἀφ-

2086 5557 2168 5612 dit
2201 5558 2369 5614 illud.

2157 5629 2272 5708 (1.9)
2307 5633 2392 5688 Ita
2423 5648 2570 5691 mss.
2603 5631 2830 5691 omnesi
2868 5633 3046 5706 Editi,
3078 5633 3216 5708 πρὸς
3268 5628 3473 5708 Φαραὼ
3518 5626 3747 5704 βασιλέα

2083 5697 2384 5776 Αἰγύπτου.
