4138 6364
300 379 418 440 437

1132 374 1544 437 COMMENT.
1589 372 1665 434 IN
1713 369 1984 432 lSAIAM
2027 367 2535 430 PROPHETAM.
2582 368 2752 429 CAP.
2799 368 2905 430 VI.

3602 363 3724 426 438

301 510 434 566 λαόν
499 532 606 584 μου
677 508 806 572 τοὺς
866 509 1016 571 υἱοὺς
1101 507 1323 584 Ἰσραὴλ
1380 505 1439 562 ἐκ
1493 513 1594 582 γῆς
1660 503 1957 580 Αἰγύπτου.

2076 513 2225 558 terra
2283 505 2503 574 ngypti
2548 503 2610 556 *0.
2664 504 2874 558 Contra
2933 503 3220 576 permittit
3250 518 3312 558 se
3343 501 3467 574 ipse
3519 498 3720 567 Isaias,

298 601 521 661 ’Ῑίσαῖας
556 597 633 667 δὲ,
686 597 954 672 ἀορίστως
1011 601 1109 652 τυῦ
1159 597 1324 672 λόγου
1383 596 1476 651 τὸν
1537 593 1954 665 διακονούμενον

296 693 365 763 τῇ
395 687 681 762 ἀποστολῇ
734 687 1142 757 ἐπιζητοῦντος,
1178 685 1362 741 ἐαυτὸν
1414 680 1738 740 ὑποϐάλλει.
1779 683 1838 736 Τί
1865 680 1956 736 οὖν

298 799 512 857 φαμεν;
548 777 664 836 Οὐκ
694 777 1119 853 ἁπομαχόμιναί
1169 776 1275 830 εἶσι
1321 780 1426 830 τῶν
1480 774 1643 850 ἁγίων
1690 774 1744 826 αἱ
1776 769 1952 826 διαθέ-

298 890 408 933 σεις
465 869 591 943 περί
648 869 711 922 τὸ
767 867 896 922 αὐτὸ
954 873 1184 942 πρᾶγμα
1247 865 1496 927 ἐναντίως
1549 859 1774 940 ἔχουσαι
1814 861 1951 934 πρὸς

301 955 573 1028 ἀλλήλας.
622 955 782 1012 Ἀλλ’
814 955 898 1011 ὅτι
954 959 1161 1025 Μωσῆς
1223 955 1315 1028 μὲν
1367 950 1487 1029 ᾔδει
1539 955 1636 1024 τὴν
1675 953 1950 1018 ὑπόθεσιν,

301 1049 367 1116 ἧς
397 1043 568 1101 ’ένεκεν
627 1042 1011 1110 ἀπέστέλλετο,
1071 1040 1161 1098 διὰ
1213 1047 1373 1097 τοῦτο
1406 1041 1566 1096 ὥκνει
1621 1040 1756 1114 πρός
1783 1061 1842 1094 τε
1887 1039 1950 1092 τὸ

305 1133 581 1190 ἀνένδοτον
609 1141 711 1205 τῆς
769 1131 996 1210 καρδίας
1051 1137 1150 1188 τοῦ
1204 1133 1405 1204 Φαραὼ
1461 1125 1814 1198 ἀποϐλέπων,
1859 1129 1949 1184 καὶ

306 1225 437 1299 πρὸς
482 1226 542 1278 τὸ
592 1221 872 1285 δυσπειθὲς
921 1220 1087 1277 πάλιν
1141 1221 1232 1277 καὶ
1285 1219 1602 1297 δυσάγωγον
1647 1224 1744 1274 τοῦ
1787 1218 1945 1274 λαοῦ.

302 1319 491 1389 Πεῖραν
546 1315 648 1388 γὰρ
706 1314 822 1389 εἶχε
867 1320 968 1382 τῆς
1032 1310 1424 1386 ἀγνωμοσύνης
1477 1314 1585 1364 τῶν
1646 1306 1946 1376 Ἰουδαίων,

297 1403 378 1458 ὅτι
417 1404 506 1458 καὶ
558 1401 991 1478 εὐεργετηθέντες
1052 1399 1415 1478 ἐφυγάδευσαν
1475 1399 1657 1454 αὐτόν.
1718 1400 1810 1453 Διὸ
1858 1396 1946 1452 καὶ

293 1493 392 1562 τήν
425 1492 614 1547 κακίαν
643 1493 819 1547 αὐτῶν
875 1493 952 1564 μὴ
1013 1493 1212 1566 φέρων,
1264 1492 1398 1566 πρὸς
1425 1491 1524 1559 τὴν
1559 1489 1609 1544 έν
1651 1493 1719 1563 τῇ
1753 1488 1947 1563 ἐρήμῳ

301 1581 542 1656 ἡσυχίαν
596 1581 957 1657 ἀνεχώρησέν,
1009 1579 1097 1634 έπὶ
1155 1579 1421 1656 προφάσει
1470 1584 1566 1635 τοῦ
1612 1579 1946 1652 ποιμαίνειν,

293 1670 422 1732 τοὺς
452 1674 560 1725 τῶν
602 1669 819 1726 πόλεων
869 1671 961 1724 καὶ
1008 1674 1114 1724 τῶν
1171 1667 1398 1724 πολλῶν
1443 1667 1738 1744 ἀνθρώπων
1786 1668 1946 1742 θορύ-

295 1754 427 1822 ϐους
487 1757 922 1834 ἀποδιδράσκων.
987 1759 1084 1813 Διά
1138 1760 1298 1818 τοῦτὸ
1357 1778 1510 1834 φησι*
1562 1759 1656 1820 Τίς
1700 1758 1834 1830 εἶ’μι,
1865 1758 1948 1811 ὅτι

2067 593 2200 648 licet
2231 610 2419 648 sermo
2469 593 2772 662 suspensis
2821 597 2879 647 et
2936 593 3172 648 incertis
3217 592 3407 648 verbis
3461 587 3718 645 admini-

2067 688 2259 738 strum
2294 683 2364 738 ad
2399 683 2732 737 obeundam
2778 683 3125 750 legationem
3179 685 3533 754 exposceret.
3567 677 3717 746 Quid
3756 741 3760 744 ,

2065 782 2246 854 igitur
2269 781 2691 852 respondemus
2711 779 2738 834 ?
2758 779 3141 852 Nequaquam
3179 783 3442 851 pugnant
3470 779 3623 833 inter
3653 791 3715 832 se

2065 876 2404 927 sanctorum
2438 869 2643 934 animi,
2677 868 2844 939 quasi
2895 870 3082 925 forent
3116 870 3225 925 sibi
3273 869 3514 924 invicem
3559 867 3714 922 circa

2062 978 2184 1017 rem
2230 960 2494 1017 eamdem
2553 957 2802 1014 adversi.
2859 959 2968 1012 Sed
3027 976 3162 1014 cum
3218 959 3479 1014 novisset
3521 961 3711 1012 Moses

2061 1069 2322 1120 causam,
2357 1056 2427 1105 ob
2459 1065 2637 1121 quam
2683 1047 3046 1115 mittebatur,
3079 1049 3208 1104 ideo
3253 1064 3480 1104 moram
3513 1047 3708 1103 trahe-

2061 1148 2181 1211 bat,
2215 1141 2370 1215 quod
2399 1137 2579 1196 simul
2629 1145 2688 1193 et
2733 1137 2805 1192 ad
2839 1153 2931 1191 cor
2987 1137 3307 1192 Pharaonis
3365 1135 3706 1207 inﬂexibile,

2058 1251 2116 1302 et
2145 1245 2216 1299 ad
2251 1239 2537 1313 populum
2569 1234 2938 1293 incredulum
2973 1234 3598 1306 atqueintractabilem
3624 1251 3708 1291 re-

2059 1334 2329 1406 spiceret.
2365 1333 2499 1384 Erat
2528 1343 2788 1398 namque
2826 1330 3100 1397 expertus
3146 1326 3442 1397 ingratum
3477 1325 3709 1380 Judaeo-

2059 1439 2190 1478 rum
2221 1421 2509 1482 animum,
2542 1416 2644 1488 qui
2677 1415 2762 1470 vel
2793 1415 3094 1470 beneﬁciis
3127 1413 3314 1469 aﬂ'ecti
3345 1431 3482 1468 eum
3512 1415 3713 1486 fugere

2059 1514 2390 1584 coegerant.
2425 1506 2707 1574 Quocirca
2764 1521 2881 1558 non
2935 1504 3129 1559 ferens
3188 1519 3389 1558 eorum
3436 1502 3712 1574 maligni-

2059 1607 2262 1666 tatem,
2295 1597 2539 1654 secessit
2569 1596 2628 1650 in
2680 1593 3020 1650 solitudinis
3069 1593 3352 1664 quietem,
3404 1597 3581 1663 atque
3615 1607 3716 1662 per

2059 1691 2314 1762 speciem
2348 1686 2624 1760 pascendi
2657 1684 2872 1756 gregis,
2921 1683 3224 1738 civitatum
3277 1680 3718 1752 multorumque

2059 1780 2366 1835 hominum
2403 1774 2696 1831 tumultus
2739 1772 3070 1828 declinavit.
3123 1771 3264 1826 Eam
3311 1770 3384 1826 ob
3437 1787 3558 1825 rem
3592 1769 3714 1824 ait:

293 1848 640 1922 πορεύσομαι
733 1849 870 1924 πρὸς
966 1847 1190 1923 Φαραὼ,
1272 1848 1363 1902 καὶ
1448 1846 1530 1903 ὅτι
1615 1846 1778 1920 ἐξάξῶ
1855 1848 1946 1902 τὸν

2076 1882 2196 1949 Quis
2223 1895 2369 1943 sum,
2401 1884 2459 1932 ut
2490 1875 2689 1930 vadam
2732 1872 2806 1928 ad
2854 1873 3219 1939 Pharaonem,
3279 1880 3332 1926 et
3377 1875 3441 1924 ut
3485 1875 3718 1925 educam

294 1937 425 1993 λαὸν
459 1941 571 2011 (20)
607 1938 666 1992 ἐκ
713 1942 817 2013 γῆς
865 1937 1182 2014 Αἷγύπτου;
1234 1935 1374 1994 Οὔτε
1415 1938 1519 2012 γὰρ
1577 1937 1779 2012 Φαραὼ
1828 1935 1951 1991 ἄνευ

301 2025 558 2102 μεγάλων
599 2031 779 2082 κακῶν
835 2024 1219 2098 ἐξαποστέλλει
1276 2028 1368 2082 τὸν
1419 2025 1571 2099 λαὸν,
1622 2027 1711 2080 καὶ
1743 2028 1770 2081 6
1821 2024 1954 2089 λαὸς

297 2115 396 2172 οὐκ
450 2113 678 2178 εὔκολος
746 2121 1250 2192 μεταχειρισθῆναι,
1322 2109 1644 2170 ἀντιϐαίνων
1698 2115 1778 2170 ἀεὶ
1835 2119 1953 2177 τοῖς

298 2207 434 2281 πρὸς
461 2204 735 2279 σωτηρίαν
783 2205 949 2260 αὐτοῦ
998 2202 1441 2278 ἐπιμελομένοιςο
1495 2205 1738 2260 Δείκνυσι
1773 2202 1830 2259 δὶ
1853 2206 1952 2274 τήν

302 2293 542 2350 διάνοιαν
578 2293 821 2357 Μωσέως
862 2295 950 2349 καὶ
999 2294 1067 2348 τὰ
1097 2294 1309 2372 ἐφεξῆς.
1368 2296 1494 2350 Ὅτε
1542 2294 1644 2369 γὰρ
1693 2296 1826 2368 μετά
1856 2296 1953 2364 τὴν

314 2385 678 2460 μοσχοποιίαν
730 2381 856 2446 δοὺς
912 2384 1011 2453 τήν
1071 2385 1232 2459 χάριν
1295 2389 1377 2456 τῷ
1452 2386 1734 2459 θεράποντι
1794 2384 1959 2439 αὐτοῦ

317 2475 450 2550 ὑπὲρ
480 2478 580 2540 τῆς
614 2475 1052 2549 συγχωρήσιοως
1093 2478 1192 2529 τοῦ
1221 2475 1613 2549 ἁμαρτήματος
1641 2479 1736 2528 τοῦ
1767 2473 1904 2529 λαοῦ
1935 2475 1964 2528 6

314 2564 469 2634 Θεὸς,
527 2561 839 2619 τελευταῖόν
910 2584 1062 2640 φησι’
1142 2563 1407 2635 Ηορεύου,
1465 2564 1555 2618 καὶ
1623 2561 1808 2638 ὁδήγει
1872 2564 1964 2618 τὸν

314 2649 445 2706 λαὸν
516 2655 733 2725 τοῦτον,
811 2652 901 2706 καὶ
977 2650 1319 2722 ἐξαποστελῶ
1391 2649 1621 2728 ἄγγελόν
1703 2674 1807 2725 μου
1863 2649 1964 2724 ἔμ-

312 2740 544 2815 προσθέν
600 2761 716 2796 σου·
775 2739 828 2795 τί
887 2739 978 2795 οὗν
1039 2743 1305 2809 Maio-ﬁo;
1367 2739 1589 2814 Δέομαι,
1673 2740 1861 2816 Κύριε,
1917 2740 1963 2794 εί

317 2830 394 2902 μὴ
443 2828 604 2892 αὐτὸς
659 2829 722 2884 σὺ
781 2829 1100 2906 προπορεύῃ
1159 2831 1272 2903 (21)
1329 2832 1512 2901 ἡμῶν,
1569 2832 1644 2904 μή
1692 2829 1962 2906 ἀναγάγῃς

313 2921 462 2991 ἡμᾶς
519 2918 779 2984 ἐντεῦθεν.
832 2919 892 2972 Τί
947 2917 1038 2973 οὖν
1099 2921 1133 2988 ἡ
1195 2917 1408 2974 διάνοια
1434 2924 1530 2974 to?)
1579 2917 1807 2996 ὰνδρός;
1843 2922 1965 2978 ’Ότι

314 3006 643 3078 ἁμαρτωλὸς
687 3008 716 3062 6
763 3005 915 3078 λαὸς,
966 3008 1055 3062 καὶ
1103 3008 1300 3084 χρῄζει
1346 3013 1442 3064 τοῦ
1493 3010 1740 3086 ἀφιέντος
1789 3012 1965 3086 ἁμαρ-

317 3094 462 3156 τίας.
494 3095 623 3171 ὅπερ
655 3096 909 3172 ἀγγέλοις
955 3094 1215 3152 ἀδύνατον
1267 3101 1401 3171 (22).
1449 3099 1696 3175 Τιμωροὶ
1733 3100 1827 3172 μὲν
1854 3105 1963 3154 τῶν

324 3184 778 3257 ἁμαρτανομένων
810 3185 1046 3261 ἄγγελοι,
1089 3189 1503 3262 συγχωρητικοὶ
1535 3185 1592 3243 δὶ
1629 3193 1736 3244 τῶν
1773 3189 1886 3261 πλη
1899 3213 1967 3263 μ-

327 3270 682 3345 μέλουμένων
725 3273 920 3331 οὐκέτι.
954 3275 1045 3330 Διᾶ
1071 3281 1232 3332 τοῦτο
1282 3277 1528 3348 ἐπιζητεῖ
1574 3279 1734 3332 αὐτὸν
1766 3277 1964 3344 ἐλθεῖψ

319 3360 617 3434 τουτέστιν,
677 3363 706 3417 ὃ
762 3362 852 3418 καὶ
903 3369 990 3419 νῦν
1050 3387 1206 3441 φησι,
1261 3366 1615 3442 Προχείρισαι
1675 3365 1846 3424 ἄλλον
1905 3369 1963 3424 ’ὸν

318 3448 664 3513 ἀποστελεῖς⁹
719 3453 1017 3525 τουτέστιν,
1078 3453 1281 3518 ἐλθέτω
1331 3457 1359 3510 6
1431 3454 1692 3527 ἀληθινὸς
1733 3459 1966 3530 νομοθέ-

315 3560 436 3609 της,
471 3540 498 3593 6
525 3537 747 3603 δυνατὸς
781 3543 1005 3619 Σῶτὴρ,
1037 3545 1066 3598 6
1100 3545 1270 3617 μόνος
1303 3543 1447 3619 ἔχων
1482 3544 1721 3618 ἐξουσίαν
1753 3546 1965 3624 ἀφιέναι

315 3628 604 3703 ἁμαρτίας,
665 3628 888 3701 Ἐπειδὴ
923 3629 980 3687 δὲ
1039 3631 1194 3688 οὔπω
1253 3634 1392 3703 ἦλθε
1433 3635 1496 3690 τὸ
1547 3633 1832 3708 πλήρωμα
1855 3642 1962 3692 τῶν

313 3723 542 3792 καιρῶν,
585 3720 675 3774 καὶ
734 3717 841 3775 ἔδει
897 3721 949 3776 έν
999 3726 1117 3786 τοῖς
1169 3721 1364 3785 τύποις
1421 3725 1808 3798 προεθισθῆναι
1863 3726 1962 3794 τήν

317 3808 733 3884 ἀνθρωπὸτητα,
768 3808 857 3865 διὰ
895 3817 1058 3868 τοῦτο
1099 3813 1201 3866 οὐκ
1244 3812 1572 3884 εἰσηκούσθη
1620 3818 1717 3868 τοῦ
1746 3817 1964 3890 προφή-

314 3917 410 3952 του
463 3901 498 3968 ἠ
550 3895 786 3968 αἴτησις.
844 3899 1065 3963 Ἡσαΐας
1129 3901 1336 3974 μέντοι,
1394 3903 1530 3975 μετὰ
1583 3902 1646 3956 τὸ
1705 3904 1962 3981 ἀφεθῆναι

313 3987 408 4048 τὰς
437 3988 702 4063 ἁμαρτίας
758 3987 942 4060 αὐτοῦ,
992 3986 1178 4059 ἐπειδὴ
1240 3988 1478 4066 εἷ’ρηκεν,
1538 3992 1620 4046 ὅτι
1668 3991 1754 4045 Ἐν
1817 3993 1966 4066 μέσῳ

317 4074 455 4130 λαοῦ
542 4074 647 4152 ἐγῶ
724 4076 858 4132 οἰκῶ
924 4077 1199 4152 ἀκάθαρτα
1277 4077 1445 4154 χείλη
1523 4075 1768 4156 ἔχοντος·
1856 4082 1968 4137 εἶτά

316 4161 536 4232 ἤκουσε·
599 4165 700 4228 Τίς
757 4168 1076 4244 πορεύσεται
1151 4169 1288 4243 πρὸς
1359 4169 1451 4224 τὸν
1524 4167 1656 4225 λαὸν
1735 4175 1965 4242 τοῦτον;

317 4253 562 4326 Νομίσας
591 4253 677 4309 ἐπὶ
707 4260 786 4326 τῷ
844 4258 911 4310 τὰ
959 4254 1318 4332 παραπλήσια
1370 4257 1653 4323 κάκείνους
1681 4260 1969 4336 εὐεργετη-

317 4343 475 4413 θῆναι
510 4348 786 4414 ζητεῖσθαι
815 4346 904 4400 τὸν
933 4344 1428 4420 ἀποστελλόμενον,
1482 4347 1585 4402 ὑπὸ
1615 4349 1968 4425 περιχαρείας

317 4429 505 4486 ἐαυτὸν
535 4427 981 4503 ὑποϐάλλει,“ίνα
1026 4434 1294 4497 κάκείνοις
1351 4435 1619 4512 ἀφεθῶσιν
1681 4438 1736 4492 αἱ
1793 4440 1968 4513 ἁμαρ-

316 4520 448 4578 τίαι.
513 4518 680 4592 Ἰδοὺ,
736 4524 920 4598 φησὶν,
977 4522 1104 4599 ἐγὼ,
1163 4522 1488 4580 ἆπόστιιλόν
1543 4547 1629 4598 με.
1686 4529 1847 4582 "Qun
1885 4525 1971 4583 εύ-

2061 1970 2327 2041 populum
2367 1966 2433 2020 de
2468 1969 2615 2020 terra
2658 1959 2998 2032 [Egi/pii“?
3045 1959 3244 2030 Neque
3302 1958 3458 2014 enim
3491 1958 3716 2013 Pharao

2067 2060 2324 2115 dimittet
2355 2053 2662 2127 populum,
2693 2051 2806 2105 nisi
2839 2048 3078 2104 attritus
3123 2047 3487 2120 gravissimis
3518 2047 3715 2112 malis,

2067 2163 2175 2204 nec
2207 2143 2461 2217 populus
2504 2139 2690 2197 facilis
2743 2141 2832 2193 est
2878 2141 3153 2202 tractatu,
3201 2136 3320 2191 imo
3368 2152 3603 2207 semper
3641 2135 3716 2190 iis

2070 2236 2170 2309 qui
2201 2234 2392 2305 ipsius
2424 2228 2599 2286 saluti
2649 2226 2988 2291 consulunt,
3039 2223 3380 2280 reluctatur.
3431 2227 3718 2279 Caeterum

2070 2341 2127 2392 et
2157 2349 2287 2405 quae
2317 2331 2670 2401 sequuntur,
2704 2324 2882 2380 Mosis
2924 2325 3205 2396 detegunt
3257 2323 3547 2378 animum.
3575 2325 3720 2376 Cum

2071 2424 2226 2482 enim
2257 2423 2435 2490 Deus,
2468 2417 2717 2474 conﬂato
2753 2415 2880 2485 jam
2911 2413 3114 2481 vitulo,
3162 2413 3412 2486 gratiam
3453 2413 3725 2484 imperti-

2073 2516 2252 2571 visset
2283 2509 2500 2566 famulo
2532 2523 2660 2576 suo,
2693 2522 2760 2560 ac
2793 2503 2988 2576 populi
3043 2507 3342 2574 peccatum
3394 2502 3726 2558 condonas-

2075 2607 2182 2670 set,
2217 2607 2342 2657 tum
2378 2599 2618 2654 demum
2652 2595 2770 2650 ait:
2804 2592 2924 2658 Abi,
2957 2596 3009 2648 et
3038 2592 3154 2647 dux
3180 2595 3290 2647 esto
3319 2591 3509 2663 populi
3537 2590 3723 2662 hujus,

2073 2706 2127 2758 et
2157 2701 2378 2756 mittam
2433 2693 2692 2765 angelum
2745 2707 2928 2746 meum
2984 2693 3113 2744 ante
3165 2697 3215 2745 te
3235 2689 3300 2744 9’.
3338 2688 3486 2753 Quid
3544 2688 3729 2762 igitur

2075 2787 2313 2847 Moses?
2344 2787 2594 2852 Obsecro,
2645 2782 2893 2846 Domine,
2953 2779 3068 2833 nisi
3097 2786 3155 2834 tu
3186 2780 3304 2850 ipse
3355 2779 3726 2850 proﬁciscaris

2074 2888 2200 2935 ante
2230 2893 2349 2944 nos,
2379 2890 2450 2929 ne
2475 2889 2573 2928 nos
2604 2871 2733 2926 hinc
2761 2869 2959 2925 educas
2979 2867 3042 2920 ³³.
3078 2869 3214 2934 Quae
3251 2866 3434 2939 igitur
3461 2872 3588 2922 erat
3616 2866 3721 2921 viri

2075 2967 2368 3024 sententia
2387 2963 2414 3018 ?
2444 2961 2732 3034 Populum
2756 2958 2924 3013 illum
2956 2957 3210 3028 peccatis
3231 2956 3548 3012 obnoxium
3572 2972 3722 3022 esse,

2078 3073 2252 3139 atque
2282 3062 2545 3134 indigere
2597 3075 2686 3125 eo,
2717 3057 2813 3128 qui
2864 3057 3126 3111 remittat
3177 3059 3435 3127 peccata,
3475 3053 3532 3108 id
3567 3054 3724 3125 quod

2076 3154 2270 3228 angeli
2303 3156 2577 3224 praestare
2601 3165 2713 3203 non
2746 3150 3015 3219 possunt.
3039 3143 3244 3216 Angeli
3277 3141 3567 3199 mulctant
3590 3143 3726 3214 qui-

1999 3253 2043 3319 α
2080 3248 2211 3302 dem
2245 3241 2678 3312 delinquentes,
2712 3253 2778 3291 ac
2801 3235 3186 3303 ulciscuntur,
3219 3232 3431 3288 delicta
3453 3248 3586 3287 vero
3611 3247 3728 3286 non

2079 3337 2301 3407 queunt
2330 3329 2682 3385 condonare.
2733 3323 3121 3388 Quamobrem
3173 3321 3456 3393 efﬂagitat
3502 3325 3567 3375 ut
3603 3319 3731 3391 ipse

2074 3423 2310 3487 veniat;
2343 3419 2452 3473 hoc
2483 3421 2595 3479 est,
2631 3415 2784 3486 quod
2838 3418 2897 3467 et
2945 3427 3101 3466 nunc
3148 3411 3328 3466 dicit:
3364 3411 3523 3478 Elige
3551 3410 3731 3465 alium

2077 3529 2236 3585 quem
2279 3510 2478 3564 mittas
2499 3505 2582 3572 ";
2633 3504 2744 3559 hoc
2793 3505 2906 3566 est,
2963 3500 3158 3556 veniat
3207 3516 3379 3555 verus
3411 3498 3726 3570 legislator,

2077 3615 2287 3683 potens
2319 3606 2415 3660 ille
2445 3605 2736 3665 Servator,
2791 3598 2891 3670 qui
2941 3597 3101 3654 solus
3152 3600 3499 3670 potestatem
3547 3595 3728 3651 habet

2076 3697 2561 3755 remittendorum
2587 3693 2955 3762 peccatorum
2974 3687 3036 3741 ³⁸.
3057 3686 3344 3751 Quoniam
3368 3690 3564 3741 autem
3584 3701 3728 3740 non-

2077 3790 2216 3844 dum
2243 3787 2557 3840 advenerat
2582 3778 2880 3851 plenitudo
2907 3777 2950 3812 ³⁸
2967 3781 3320 3848 temporum,
3344 3781 3399 3832 et
3415 3775 3726 3830 hominum

2076 3894 2263 3951 genus
2296 3875 2458 3946 prius
2485 3869 2692 3943 ﬁguris
2712 3869 2755 3903 9"
2788 3867 3184 3923 assuefactum
3231 3865 3514 3938 oportuit,
3547 3865 3726 3920 idcir-

2076 3984 2143 4022 co
2179 3964 2471 4038 prophetaa
2500 3958 2697 4031 petitio
2731 3955 3005 4012 exaudita
3034 3972 3149 4010 non
3180 3958 3288 4038 est.
3324 3955 3504 4010 Isaias
3525 3957 3720 4008 autem

2080 4061 2210 4127 post
2240 4067 2575 4109 concessam
2610 4052 2978 4120 peccatorum
3012 4061 3256 4100 suorum
3282 4042 3534 4111 veniam,
3566 4042 3721 4100 518

2080 4169 2214 4208 cum
2273 4149 2558 4205 dixisset:
2620 4146 2684 4200 In
2739 4142 2916 4198 medio
2969 4143 3160 4214 populi
3213 4156 3307 4212 ego
3365 4139 3567 4208 habito,
3617 4143 3732 4196 im-

2078 4240 2288 4297 munda
2319 4239 2468 4294 labia
2515 4234 2790 4303 habentis,
2850 4238 2977 4287 tum
3030 4230 3288 4286 audivit:
3351 4231 3486 4298 Quis
3528 4231 3635 4285 ibit
3663 4229 3736 4284 ad

2077 4330 2343 4403 populum
2375 4327 2566 4381 hunc?
2597 4324 2781 4379 Batus
2813 4320 2995 4393 quaeri
3040 4320 3139 4391 qui
3189 4319 3518 4374 mitteretur
3550 4319 3620 4374 ad
3655 4318 3739 4374 si-

2081 4418 2247 4476 milia
2277 4414 2561 4472 beneﬂoia
2591 4413 2651 4467 in
2698 4428 2798 4468 eos
2850 4408 3225 4473 conferenda,
3257 4423 3373 4479 prae
3420 4406 3742 4462 immodica

2082 4517 2284 4574 laetitia
2312 4532 2374 4570 se
2405 4514 2531 4584 ipse
2563 4511 2754 4577 oﬂ'ert,
2787 4513 2850 4563 ut
2881 4512 2937 4565 et
2966 4505 3112 4578 ipsis
3143 4510 3380 4577 peccata
3409 4504 3743 4560 relaxaren-

320 4609 492 4685 λογος
518 4593 770 4666 κάκείνου
898 4593 1246 4687 παραίτησις,
1300 4613 1392 4668 καὶ
1439 4593 1635 4669 τούτου
1683 4618 1717 4685 ἡ
1767 4619 1963 4691 προθυ-

2084 4615 2198 4663 tur.
2232 4607 2364 4660 Ecce
2393 4617 2512 4672 ego,
2545 4599 2764 4671 inquit,
2793 4598 2951 4653 mitte
2976 4613 3085 4651 me.
3112 4599 3313 4664 Itaque
3349 4597 3406 4649 et
3453 4593 3612 4650 illius
3642 4609 3746 4648 ex-

327 4699 445 4773 μία.
500 4701 782 4779 ’Λσφαλής
841 4685 1025 4775 μέντοι
1090 4704 1125 4772 ἡ
1185 4701 1473 4779 ἀπόκρισις
1530 4707 1628 4758 τοῦ
1687 4685 1866 4780 ἁγίου,
1901 4707 1963 4768 ὡς

2089 4697 2312 4755 cusatio
2342 4699 2399 4751 et
2426 4694 2605 4764 hujus
2634 4691 2828 4747 alacer
2875 4705 3155 4745 assensus
3210 4686 3542 4742 rationibus
3566 4685 3746 4756 justis

325 4787 515 4868 ὠφελη
528 4789 688 4863 μένου
712 4787 822 4862 ἤδη
857 4790 917 4846 έκ
945 4797 1046 4860 τῆς
1075 4788 1162 4846 διὰ
1190 4796 1300 4847 τῶν
1334 4791 1612 4868 ἀνθράκων
1645 4795 1979 4870 καθάρσεως.

2090 4787 2514 4843 innitebautur.
2549 4780 2686 4836 Erat
2714 4793 2856 4835 sane
2886 4776 3074 4834 sancti
3106 4775 3287 4847 hujus
3319 4774 3622 4847 responsio
3653 4788 3748 4829 se-

328 4862 595 4942 Εἰπόντος
625 4879 730 4955 γὰρ
777 4882 874 4934 τοῦ
927 4879 1153 4955 Κυρίου,
1200 4880 1340 4938 Τίνα
1385 4862 1714 4955 ἀποστείλω,
1763 4862 1852 4938 καὶ
1901 4884 1963 4940 τίι

2093 4892 2253 4942 cura,
2287 4878 2345 4930 et
2374 4869 2566 4927 omnis
2599 4867 2843 4940 periculi
2875 4883 3103 4938 expers,
3157 4864 3260 4938 qui
3287 4865 3412 4936 jam
3445 4879 3514 4920 ex
3541 4862 3750 4918 carbo-

329 4967 686 5040 πορεύσεται;
746 4969 882 5044 πρὸς
942 4969 1037 5042 μὲν
1113 4970 1200 5042 τὸ,
1270 4967 1632 5040 Ἀποστείλω,
1697 4970 1814 5026 ἷδού
1868 4972 1984 5046 εἶμι

2097 4982 2239 5021 num
2271 4960 2617 5034 purgatione
2673 4973 2841 5029 opem
2891 4961 2950 5010 et
3009 4954 3345 5026 praesidium
3405 4950 3752 5025 accepisset.

334 5055 454 5132 ἐγώ·
487 5058 626 5135 πρὸς
681 5055 740 5112 δὲ
785 5057 870 5128 τὸ,
922 5059 1023 5122 Τίς
1071 5057 1412 5134 πορεύσεται,
1469 5059 1650 5115 οὐκέτι
1698 5063 1868 5135 εἶπεν,
1901 5061 1963 5117 ετ

2095 5063 2242 5120 Cum
2301 5059 2456 5116 enim
2505 5057 2752 5114 dixisset
2804 5054 3132 5110 Dominus:
3194 5054 3368 5122 Quem
3414 5053 3656 5120 mittam,
3704 5057 3759 5108 et

331 5147 427 5201 Kal
465 5149 580 5222 (23)
627 5146 990 5225 πορεύσομαι.
1055 5145 1183 5204 οἶδε
1231 5148 1334 5226 γὰρ
1395 5148 1477 5206 ὅτι
1537 5153 1669 5206 Θεοῦ
1730 5161 1963 5226 συνεργοὶ

2098 5156 2220 5224 quis
2250 5151 2401 5206 ibit?
2430 5149 2501 5204 ad
2535 5145 2679 5202 illud
2727 5144 2989 5216 quidem,
3025 5147 3199 5215 ()ucm
3245 5145 3482 5213 mittam,
3509 5155 3758 5212 respon-

400 5284 448 5359 ’Ψ
478 5283 658 5359 Exod.
690 5286 902 5359 m,10.
981 5285 1027 5323 ²¹
1077 5285 1246 5359 ibid,
1285 5285 1371 5342 11.
1449 5286 1494 5322 ²²
1551 5286 1728 5344 Exod.
1759 5303 1936 5359 xxxu,
1995 5285 2086 5341 34.

327 5371 392 5428 u,
420 5358 476 5412 7.
555 5357 600 5394 ³⁸
627 5357 820 5414 Galat.
851 5375 929 5430 ιν,
959 5360 1016 5416 4.
1093 5358 1137 5394 ³⁷
1168 5358 1189 5415 Ι
1220 5358 1348 5415 Cor.
1382 5375 1438 5431 x,
1473 5359 1561 5415 11.

401 5510 514 5584 (20)
544 5508 1122 5584 Εάίιὶ,ίλαὸνηαύτοῖξ.
1177 5509 1515 5584 Ἴθι-αὐτοῦ
1571 5512 1631 5569 in
1691 5531 1836 5571 mss.
1869 5527 1986 5584 non

329 5580 813 5660 legiturqStatim
843 5583 1009 5653 editi,
1055 5580 1405 5654 έξαποστιλιῖ
1447 5588 1515 5642 At
1572 5603 1669 5644 sex
1701 5602 1870 5660 mem,
1901 5583 1988 5656 ἐξ·

330 5652 664 5712 ατῖοστέλλει
678 5697 691 5714 .

403 5728 521 5804 (24)
553 5725 787 5801 Antiqui
817 5726 936 5783 duo
966 5723 1124 5800 libri,
1156 5721 1533 5804 προπορεύσῃ.

2163 5285 2210 5320 ³³
2239 5283 2418 5340 Exod.
2475 5295 2680 5348 xxxm,
2731 5278 2819 5335 15.
2894 5276 2940 5312 ³⁸
2996 5275 3172 5332 Exod.
3221 5292 3298 5346 ιν,
3333 5275 3422 5331 13.
3499 5273 3545 5311 ³⁸
3575 5273 3756 5332 Marc.

2167 5511 2278 5582 (22)
2311 5509 2475 5584 Regii
2509 5506 2737 5584 primus
2768 5508 2830 5584 et
2853 5507 3125 5584 quartus,
3159 5498 3258 5556 οὐκ
3288 5496 3585 5584 ἀδυνατοχ.

2171 5566 2281 5653 (23)
2312 5566 2464 5639 Editi
2495 5566 2552 5640 ἐι
2580 5580 2759 5653 codex
2791 5566 3144 5653 _Coinbe_fisii_
3175 5569 3604 5653 recentiorzﬁu
3651 5566 3756 5653 lla!

2097 5642 2226 5712 ποὺ.
2255 5642 2479 5712 Vocula
2503 5655 2602 5708 τοῦ
2644 5652 2707 5708 in
2755 5650 2938 5707 altero
2988 5645 3323 5704 Combeﬂsii
3383 5643 3584 5702 codice
3612 5642 3758 5701 etin

2099 5727 2232 5786 aliis
2262 5726 2623 5800 quibusdam
2652 5739 2772 5781 non
2803 5719 3112 5792 reperitur.
