4138 6406
357 402 475 463 439

1298 393 1695 457 APPENDIX
1739 393 2066 456 OPERUM
2112 391 2177 453 S.
2224 390 2509 453 BASILII
2558 389 2829 451 MAGNI.

3664 387 3809 448 440

358 533 481 590 dit:
516 533 648 589 Ecce
702 547 826 587 sum
857 544 994 604 ego:
1056 529 1125 584 ad
1167 528 1278 584 hoc
1334 544 1489 595 vero,
1543 527 1676 597 Qui:
1731 528 1858 595 ibit,
1892 543 2007 582 non

2145 522 2284 599 ίρεία
2312 522 2447 596 πρὸς
2475 522 2574 591 τὴν
2607 519 2895 596 ἐνέργειαν·
2953 515 3142 594 διόπερ
3182 517 3212 572 8
3264 518 3361 590 μὶν
3404 518 3801 596 προαιρέσεως

360 622 498 678 item
529 620 874 694 respondit:
923 620 991 674 Et
1039 619 1153 673 ibo.
1204 622 1450 674 Noverat
1497 617 1654 672 enim
1705 634 1854 688 opus
1881 632 2011 671 esse

356 709 477 766 Deo
508 709 777 780 adjutore
808 707 879 762 ad
914 708 1207 778 agendum
1237 724 1250 762 :
1275 722 1457 778 quare
1486 705 1643 777 quod
1668 704 1862 760 liberae
1888 710 2012 760 erat

357 797 678 854 voluntatis
708 801 766 852 et
809 794 1057 865 arbitrii,
1090 795 1148 849 id
1199 794 1451 862 obtulit;
1486 794 1641 866 quod
1695 808 1828 847 vero
1860 793 2011 847 indi-

359 888 534 959 gebat
562 885 917 958 perﬁciente,
946 884 1003 938 id
1056 883 1291 940 silentio
1330 886 1726 955 praetermisit.
1780 882 2012 939 Dictum

362 980 453 1032 est
490 979 685 1030 autem
718 989 1142 1045 saepenumero.
1163 974 1453 1043 quomodo
1484 972 1685 1028 audiat
1716 974 2010 1046 quispiam

360 1078 559 1118 vocem
589 1060 846 1117 Domini.
880 1060 1174 1117 Nimirum
1217 1077 1384 1116 mens
1433 1062 1562 1131 ejus
1593 1065 1693 1133 qui
1722 1063 2014 1134 ejusmodi

363 1152 515 1207 dono
545 1150 845 1223 dignatur,
877 1149 989 1206 sibi
1023 1167 1123 1222 per
1152 1148 1505 1205 ineffabilem
1553 1151 1871 1221 quamdam
1903 1151 2013 1206 vir-

359 1244 546 1297 tutem
576 1239 745 1312 ﬁngit
773 1238 876 1295 Dei
926 1256 1284 1306 sermonem,
1334 1239 1638 1295 insonante
1667 1240 1764 1307 iis,
1796 1241 1893 1313 qui
1923 1241 2015 1296 di-

363 1330 464 1404 gni
495 1333 636 1385 sunt
689 1330 908 1385 virtute
965 1328 1181 1399 divina,
1236 1346 1352 1385 non
1385 1330 1457 1384 ad
1517 1346 1689 1385 aures
1732 1331 2014 1403 corporis,

362 1419 466 1475 sed
490 1418 682 1491 ipsam
703 1422 926 1490 partem
950 1419 1301 1489 praecipuam
1325 1418 1504 1472 animi
1526 1435 1728 1473 eorum
1753 1420 1852 1491 qui
1876 1437 2019 1491 pur-

362 1504 481 1576 gati
512 1510 675 1571 sunt,
710 1510 971 1560 mentem
1030 1504 1252 1559 scilicet
1308 1505 1683 1572 informante,
1712 1512 1799 1562 'ac
1843 1506 2019 1562 tacite

364 1595 768 1665 perceptiones
799 1609 996 1649 rerum
1027 1610 1094 1649 ac
1124 1594 1348 1664 species
1380 1593 1439 1647 in
1492 1592 1578 1649 eis
1609 1594 1779 1665 quasi
1809 1594 2018 1651 inscri-

367 1685 565 1755 bente,
600 1685 657 1739 id
714 1685 872 1755 quod
928 1683 1087 1740 auris
1134 1700 1272 1740 voce
1301 1683 1569 1740 sensibili
1620 1703 1901 1756 percussa
1945 1687 2018 1742 ad

368 1789 557 1845 usque
600 1774 788 1828 nostri
847 1773 1029 1829 animi
1089 1789 1332 1830 sensum
1391 1774 1757 1830 transmittit.
1792 1776 2023 1831 Audivit

2120 613 2212 683 ἦν,
2246 617 2409 666 τοῦτο
2441 608 2730 666 ἐπέδωκεν·
2777 609 2806 663 ὃ
2852 605 2908 663 δὲ
2950 612 3111 662 τοῦτο
3158 604 3498 671 τελειοῦντος
3557 604 3803 685 ἔχρῃζε,

2118 706 2279 757 τοῦτο
2311 702 2679 771 ἀπεσιώπησε.
2718 703 2841 761 Πῶς
2876 695 2934 752 δὶ
2977 697 3160 751 ἀκούει
3200 699 3299 766 τῆς
3332 705 3521 771 φωνῆς
3554 698 3798 775 Κυρίου,

2121 789 2392 852 πολλάκις
2421 790 2654 863 εἷ’ρηται.
2688 788 2761 849 ὡς
2822 786 2922 860 ἄρα
2976 787 3038 841 τὸ
3086 786 3418 862 ἡγεμονικὸν
3462 792 3560 842 τοῦ
3590 788 3799 858 ἀξιου-

2125 881 2284 953 μένου
2316 887 2411 949 τῆς
2435 877 2693 948 τοιαύτης
2718 875 2947 952 χάριτος
2997 877 3187 954 ἀφάτῳ
3215 876 3322 931 τινὶ
3374 874 3599 950 δυνάμει
3647 898 3797 954 φαν-

2120 973 2399 1025 τασιοῦται
2433 967 2597 1043 λόγον
2628 971 2784 1035 Θεοῦ,
2834 973 2934 1035 τῆς
2965 966 3111 1028 θείας
3157 963 3441 1039 δυνάμεως
3470 964 3803 1043 ἐνηχούσης

2120 1062 2237 1120 τοῖς
2270 1057 2463 1130 ἀξίοις,
2515 1058 2580 1112 οὐ
2613 1054 2700 1111 διά
2728 1062 2830 1125 τῆς
2888 1061 3205 1128 σωματικῆς
3265 1057 3459 1125 ἀκοῆς,
3493 1055 3620 1112 ἀλλ’
3652 1056 3800 1112 αὐτὸ

2122 1148 2185 1203 τὸ
2235 1147 2566 1222 ἡγεμονικὸν
2617 1149 2724 1201 τῶν
2777 1143 3191 1220 κεκαθαρμένων
3248 1147 3347 1215 τὴν
3407 1143 3647 1201 διάνοιαν
3695 1168 3801 1202 τυ-

2123 1237 2361 1307 πούσης,
2434 1235 2523 1290 καὶ
2594 1236 2759 1290 οἱονεῖ
2837 1234 3215 1312 ἐγγραφούσης
3294 1237 3408 1308 (24)
3469 1237 3802 1299 αὐτοῖς,τά

2124 1329 2375 1396 νοήματα
2426 1325 2561 1380 κατὰ
2609 1324 2673 1379 τὸ
2728 1326 3109 1396 σιωπώμενον·
3173 1322 3304 1397 ὅπερ
3353 1326 3488 1398 ἡμῖν
3545 1322 3636 1380 διὰ
3684 1333 3797 1395 τῆς

2124 1416 2388 1485 αίσθητῆς
2418 1420 2604 1491 φωνῆς
2661 1411 3021 1485 πλησσομένη
3055 1414 3090 1482 ἡ
3125 1412 3263 1481 ἀκοή
3321 1411 3409 1467 ἐπὶ
3459 1414 3559 1483 τὴν
3598 1415 3791 1470 συναί-

2127 1516 2316 1574 σθησιν
2369 1510 2470 1573 τῆς
2517 1506 2704 1578 ψυχῆς
2754 1502 3130 1578 παραπέμπει.
3178 1506 3403 1573 Νοητῆς
3457 1501 3550 1558 οῦν
3576 1501 3791 1573 ἤκουσε

2129 1596 2312 1671 φωνῆς
2369 1596 2437 1666 τῇ
2495 1590 2691 1667 καρδίᾳ
2749 1591 3124 1667 ἐγγενομένης,
3210 1591 3342 1663 ὅπερ
3406 1593 3497 1647 καὶ
3555 1593 3608 1649 έν
3664 1599 3791 1657 τοῖς

2130 1683 2319 1747 ὕπνοις
2364 1677 2649 1755 συμϐαίνει
2707 1680 2969 1755 γίνεσθαι.
3033 1679 3275 1737 Ἀκούειν
3330 1683 3431 1758 γὰρ
3493 1681 3795 1757 δοκοῦμεν,

2136 1769 2366 1845 μηδενὸς
2424 1770 2816 1848 φθεγγομένου,
2877 1769 3004 1825 ἀλλ’
3062 1769 3193 1845 οὐχὶ
3249 1770 3514 1842 αἰσθητῆς
3565 1770 3657 1827 διὰ
3693 1777 3799 1827 τοῦ

368 1862 550 1934 igitur
601 1862 972 1934 spiritualem
1030 1879 1229 1919 vocem
1278 1863 1338 1918 in
1383 1864 1556 1920 corde
1602 1870 2018 1921 resonantem:

2145 1862 2295 1936 ἀέρος
2324 1861 2461 1937 πρὸς
2518 1860 2646 1923 τοὺς
2701 1860 2905 1933 πόρους
2957 1867 3057 1928 τῆς
3107 1860 3278 1930 ἀκοῆς
3321 1860 3659 1935 ἐνεχθείσης.
3689 1858 3802 1920 Οὕ-

372 1951 528 2020 quod
561 1955 621 2004 et
651 1950 711 2005 in
743 1950 992 2006 somniis
1022 1951 1147 2006 ﬁeri
1196 1953 1506 2024 contingit.
1562 1954 1843 2010 Videmur
1871 1956 2029 2011 enim

2145 1973 2249 2015 τως
2295 1948 2384 2005 οὖν
2446 1947 2609 2004 Λαλεῖ
2659 1949 2687 2003 ὁ
2762 1947 2919 2017 Θεὸς,
2992 1948 3082 2003 καὶ
3156 1949 3329 2012 οὕτως
3388 1950 3683 2005 ἀκούουσιν
3743 1953 3800 2007 οἱ

374 2038 601 2109 audire,
655 2039 890 2095 nemine
937 2039 1254 2110 loquente;
1317 2058 1423 2097 nec
1452 2047 1647 2098 tamen
1703 2059 1811 2098 vox
1841 2046 2029 2099 sensi-

2143 2041 2308 2116 ἅγιοι.

375 2125 513 2182 bilis
569 2142 673 2198 per
729 2143 921 2183 aerem
981 2128 1241 2183 defertur
1296 2130 1368 2185 ad
1416 2129 1577 2186 auris
1633 2137 1885 2187 meatus.
1934 2133 2026 2188 Sic
2058 2133 2240 2206 igitur
2267 2132 2530 2203 loquitur
2559 2131 2735 2200 Deus,
2764 2130 2966 2202 sicque
2996 2130 3248 2185 audiunt
3277 2131 3485 2187 sancti.

459 2215 582 2269 188.
616 2214 789 2271 Vens.
843 2216 899 2280 9,
961 2217 1048 2272 10.
1111 2218 1271 2288 Valle,
1331 2219 1543 2290 inquit,
1594 2228 1650 2276 et
1703 2221 1792 2277 die
1831 2226 2037 2294 populo

385 2305 516 2361 huic
538 2322 558 2361 :
590 2305 736 2361 Aure
760 2305 1015 2373 audietis,
1050 2309 1103 2362 et
1127 2323 1234 2363 non
1269 2308 1631 2378 intelligetis;
1651 2314 1703 2365 et
1730 2313 2039 2382 respicien-

384 2397 466 2449 tes
494 2396 828 2465 respicietis,
859 2399 1037 2452 etnon
1072 2397 1346 2457 videbitis.
1368 2401 1755 2455 Incrassatum
1787 2411 1867 2456 est
1888 2404 2040 2457 enim

384 2500 476 2541 τοι·
500 2485 699 2557 populi
727 2486 911 2556 huius,
944 2496 995 2543 et
1024 2489 1256 2543 auribus
1283 2492 1400 2544 suis
1426 2492 1675 2560 graviter
1716 2492 2035 2561 audierunt,

382 2575 435 2629 et
464 2574 649 2630 oculos
701 2590 823 2630 suo:
878 2573 1226 2642 clauserunt,
1264 2593 1335 2633 ne
1387 2582 1528 2647 forte
1571 2579 1788 2634 videant
1836 2586 2037 2647 acutis,

382 2665 436 2718 et
465 2663 694 2719 auribus
724 2663 984 2734 audiant,
1033 2668 1084 2719 cl
1128 2665 1287 2720 corde
1333 2666 1685 2739 intelligant,
1736 2673 1787 2724 et
1815 2686 2039 2726 conver-

384 2754 596 2820 tantur,
627 2756 681 2808 et
707 2757 923 2808 sanaho
977 2770 1087 2810 eos.
1146 2754 1356 2809 Beatus
1397 2756 1616 2812 Paulus
1670 2758 1809 2813 dum
1843 2759 2040 2814 Romae

384 2856 518 2895 cum
549 2839 771 2897 Judaais
802 2842 1143 2913 disputaret,
1172 2846 1526 2900 sententiam
1556 2845 1704 2901 hanc
1738 2849 2041 2920 perspicue

383 2931 442 2985 et
466 2929 764 2986 evidenter
793 2931 867 2986 ad
899 2935 1164 3004 tempora
1180 2933 1468 2989 adventus
1497 2934 1729 2990 Domini
1762 2937 2038 3009 referens,

384 3017 447 3073 in
483 3018 635 3073 Actis
684 3019 957 3076 dicebat:
1006 3022 1152 3077 Bene
1209 3023 1358 3077 enim
1407 3022 1648 3093 Spiritu:
1704 3037 1926 3081 sanctus
1960 3028 2036 3082 lo-

382 3112 540 3163 cutus
567 3112 647 3164 est
692 3123 795 3177 per
841 3110 1050 3166 Isaiam
1094 3111 1417 3182 praphetam
1466 3112 1537 3168 ad
1579 3120 1765 3183 patres
1812 3121 2035 3183 vestros,

381 3194 611 3251 dicens:
677 3197 835 3265 Vade,
894 3207 947 3254 et
987 3198 1075 3254 dic
1123 3199 1330 3271 populo
1390 3201 1522 3257 huic
1544 3201 1611 3270 ³⁸,
1647 3208 1757 3258 etc.
1817 3204 1885 3260 Et
1917 3204 2040 3260 haec

383 3283 675 3340 sententia
705 3287 960 3342 maxime
1015 3290 1267 3343 ostendit
1312 3291 1653 3361 prophetam
1705 3310 1808 3348 ceu
1841 3294 2039 3349 divino

384 3371 586 3428 afflatu
645 3372 1268 3449 loquentem:quippe
1327 3379 1555 3435 audivit
1612 3381 1866 3453 populus
1895 3386 2036 3438 Jeu

382 3476 734 3532 sermonem,
768 3479 874 3519 nec
905 3469 1102 3521 tamen
1135 3465 1455 3537 intellexit;
1490 3474 1549 3524 et
1580 3486 1919 3541 quanquam
1944 3488 2043 3543 pa-

384 3553 537 3605 trata
566 3550 641 3605 ab
672 3566 739 3606 eo
772 3550 1056 3608 miracula
1083 3560 1366 3622 cerneret,
1399 3573 1468 3612 ea
1499 3574 1615 3613 non
1646 3558 1897 3615 videbat.
1918 3561 2044 3615 Haec

385 3637 545 3693 enim
577 3638 890 3711 sententia,
922 3657 1055 3695 cum
1088 3641 1147 3697 in
1195 3644 1461 3700 futurum
1514 3649 1748 3719 tempus
1781 3647 2045 3715 inclinet,

383 3727 663 3782 vaticinia
695 3727 766 3782 ad
802 3730 1125 3800 posteriora
1176 3737 1433 3804 tempora
1486 3740 1749 3806 spectare
1781 3737 2042 3807 indicat;

389 3819 447 3869 et
483 3814 620 3871 inde
651 3815 986 3873 declaratur
1032 3819 1215 3876 divini
1257 3822 1468 3893 judicii
1502 3826 1767 3895 aequitas.
1817 3827 2046 3883 Etenim

393 3918 527 3957 cum
563 3903 748 3959 Isaias
768 3905 1014 3962 dixisset
1042 3907 1258 3966 habere
1283 3927 1345 3966 se
1374 3912 1532 3969 labia
1563 3913 1956 3981 immunda,et
1975 3917 2047 3972 de

392 3991 610 4063 pepulo
632 3991 853 4063 pariter
882 3997 1286 4067 subjunxisset
1307 4001 1399 4055 ειη
1428 4000 1606 4056 medio
1633 4004 1829 4074 populi
1862 4004 2048 4061 habito

391 4081 685 4138 immunda
734 4083 881 4140 labia
925 4085 1195 4159 habentis,
1250 4083 1594 4147 concessum
1644 4091 1697 4148 ei
1730 4091 1839 4148 fuit
1870 4093 2047 4150 venies

390 4169 635 4240 donum,
665 4171 975 4246 eidemque
1024 4192 1123 4248 per
1175 4195 1357 4234 unum
1392 4196 1423 4235 e
1472 4181 1767 4252 seraphim
1800 4184 2051 4239 accessit

390 4261 684 4332 purgatio,
745 4262 964 4335 populo
996 4282 1113 4321 non
1172 4267 1352 4323 item:
1404 4269 1698 4340 siquidem
1757 4271 1884 4343 pari
1929 4289 2047 4329 non

389 4349 782 4406 movebantur
827 4352 1037 4409 affectu
1090 4362 1147 4410 et
1194 4357 1479 4428 propheta
1531 4364 1590 4413 et
1638 4359 1914 4432 populus.
1946 4360 2051 4417 Ille

2220 2221 2339 2276 188.
2402 2218 2666 2293 Πορεύου,
2726 2218 2884 2296 φησὶ,
2939 2217 3031 2272 καὶ
3087 2219 3238 2272 εἶπον
3280 2222 3360 2290 τῷ
3416 2217 3538 2291 λαῷ
3590 2221 3794 2293 τούτῳ·

2145 2312 2315 2381 Ἀκοῇ
2375 2307 2648 2377 ἀκούσετε,
2708 2308 2797 2362 καὶ
2856 2307 2922 2362 οὗ
2952 2307 3029 2380 μὴ
3105 2314 3320 2375 συνῆτε·
3398 2310 3486 2361 καί
3566 2306 3793 2383 βλέπον-

2146 2418 2233 2461 τες
2292 2395 2520 2471 βλέψετε
2573 2398 2710 2467 (25),
2784 2396 2876 2450 καὶ
2937 2394 2998 2450 ού
3070 2396 3146 2466 μή
3221 2392 3393 2465 ἴδῆτε.
3478 2396 3787 2471 Ἐπαχύνθη

2148 2487 2252 2561 γὰρ
2296 2487 2331 2555 ἡ
2386 2482 2581 2559 καρδία
2635 2489 2732 2539 τοῦ
2764 2482 2899 2540 λαοῦ
2955 2483 3173 2554 τούτου,
3222 2485 3310 2539 καῖ
3370 2488 3489 2547 τοῖς
3543 2484 3671 2540 ὠσὶν
3700 2484 3797 2540 αὖ·

2148 2580 2256 2629 τῶν
2321 2574 2528 2650 βαρέως
2584 2572 2848 2650 ἤκοιίσαν,
2907 2574 3000 2628 καὶ
3044 2572 3172 2636 τοὺς
3249 2572 3572 2649 ἀφθαλμοὺς
3627 2574 3800 2630 αὐτῶν

2150 2663 2467 2737 έκάμμυσαν
2495 2706 2509 2731 ,
2596 2659 2811 2735 μήποτε
2886 2659 3044 2716 ἴδωσι
3114 2668 3232 2725 τοῖς
3306 2662 3654 2740 ὀφθαλμοῖς,
3711 2662 3801 2719 καὶ

2147 2758 2263 2815 τοῖς
2319 2752 2450 2807 ὠσὶν
2507 2753 2778 2807 ἀκούσωσι
2835 2754 2969 2825 (26),
3047 2751 3137 2807 καὶ
3193 2756 3262 2827 τῇ
3322 2750 3522 2826 καρδίᾳ
3580 2757 3799 2824 συνῶσι,

2148 2842 2238 2897 καὶ
2297 2840 2681 2915 έπιστρέψωσι,
2710 2840 2801 2895 καὶ
2864 2840 3088 2913 ἰάσομαι
3118 2840 3330 2902 αὐτούς.
3391 2843 3566 2898 Τουτο
3615 2840 3677 2895 τὸ
3704 2840 3804 2916 ρη-

2149 2931 2240 2986 τὸν
2296 2934 2478 3009 σαφῶς
2530 2929 2621 2985 καὶ
2671 2927 3079 3006 ἀναντιρῥήτως
3127 2928 3213 2984 έπὶ
3263 2932 3391 2992 τοῦς
3432 2928 3668 3004 χρόνους
3708 2930 3797 3006 φέ-

2151 3040 2259 3095 ρων
2289 3027 2391 3088 τῆς
2446 3022 2544 3074 τοῦ
2604 3018 2806 3093 Κκρίου
2865 3016 3181 3091 ἐπιδημίας,
3213 3019 3242 3072 ὁ
3282 3018 3545 3092 μακάριος
3578 3016 3798 3082 Παῦλος

2149 3105 2334 3184 ἔλεγεν
2387 3108 2442 3162 έν
2496 3114 2616 3172 ταῖς
2693 3107 2942 3182 Πράξισι,
3005 3108 3180 3170 τοῖςέν
3252 3108 3439 3182 Ῥώμῃ
3510 3104 3801 3170 Ἰουδαίοις

2149 3196 2564 3273 διαλεγόμενος·
2600 3197 2801 3261 Καλῶς
2857 3199 2961 3273 γὰρ
2990 3198 3054 3252 τὺ
3112 3201 3333 3271 Πνεῦμα
3377 3196 3440 3251 τὸ
3491 3196 3641 3273 ἅγιον
3674 3194 3803 3251 na-

2150 3287 2287 3358 λησε
2344 3284 2433 3342 διὰ
2510 3286 2730 3343 Ἡσαΐου
2798 3291 2894 3342 τοῦ
2965 3289 3255 3365 προφήτου
3323 3286 3460 3363 πρὸς
3514 3285 3638 3347 τοὺς
3695 3305 3805 3340 πα·-

2149 3379 2306 3451 τέρας
2364 3377 2518 3451 ὑμῶν
2576 3380 2711 3451 (27),
2762 3376 2943 3453 λέγον·
2996 3375 3324 3452 Ηορεύθητι,
3378 3374 3468 3431 καὶ
3522 3377 3674 3430 εἷπον
3727 3378 3807 3448 τῷ

2152 3464 2271 3538 λαῷ
2299 3466 2499 3539 τούτῳ.
2531 3467 2621 3521 καὶ
2678 3469 2745 3521 τὰ
2792 3466 2937 3536 έξῆς.
2971 3465 3075 3523 Καὶ
3126 3468 3288 3520 τοῦτο
3350 3461 3589 3536 μάλιστα
3617 3464 3680 3518 τὸ
3712 3462 3807 3538 ῥη-

2153 3557 2245 3611 τὸν
2304 3556 2396 3610 τὸν
2451 3558 2762 3631 προφήτην.
2799 3555 2876 3619 ὡς
2930 3555 3109 3610 θεόθεν
3170 3552 3649 3631 ἀποφθεγγόμενον
3708 3573 3806 3607 πα-

2158 3646 2490 3722 ρασκευάζει·
2544 3644 2762 3722 ἐπείπερ
2819 3642 3050 3714 ἤκουσεν
3094 3643 3122 3698 ὁ
3179 3641 3310 3705 λαὸς
3354 3643 3448 3697 τὸν
3494 3643 3680 3713 Ἰησοῦ
3711 3639 3809 3697 λό-

2156 3756 2251 3811 γον
2287 3737 2425 3807 (28),
2486 3732 2573 3789 καί
2616 3733 2679 3789 οῦ
2737 3740 2953 3804 συνῆκε·
3007 3732 3097 3789 καὶ
3160 3730 3377 3807 βλέπων
3419 3731 3487 3785 τὰ
3520 3732 3609 3787 ὑπ’
3641 3729 3805 3785 αὐτοῦ

2154 3824 2411 3899 γινόμενα
2460 3824 2732 3896 τεράστια,
2792 3822 2899 3898 οὐχ
2976 3821 3139 3898 έώρα.
3212 3820 3304 3882 Εἰς
3367 3818 3639 3892 μέλλοντα
3700 3819 3804 3894 γὰρ

2156 3914 2352 3989 χρόνον
2403 3910 2654 3968 ἐκκλῖνον
2683 3912 2747 3967 τὸ
2780 3910 2942 3987 ῥητὸν
2984 3908 3233 3989 έμφαίνει
3261 3909 3362 3977 τήν
3427 3908 3502 3969 εἰς
3554 3906 3809 3983 ὑστέρους

2155 4002 2391 4079 χρόνους
2437 4006 2544 4056 τῶν
2597 3998 3091 4078 προφητευομένων
3145 4002 3254 4071 (29)
3303 3996 3598 4074 ἀναφοράν,
3630 3996 3719 4050 καὶ
3750 3993 3805 4050 έν

2154 4091 2333 4164 τούτῳ
2369 4091 2433 4145 τὸ
2462 4088 2688 4165 εὔλογον
2741 4096 2843 4160 τῆς
2869 4093 2967 4144 τοῦ
3013 4092 3149 4145 Θεοῦ
3177 4085 3408 4159 κρίσεως
3438 4085 3804 4162 ἀναφαίνεται.

2155 4180 2423 4242 Εἰπόντος
2452 4179 2557 4254 γὰρ
2588 4183 2687 4234 τοῦ
2717 4176 2963 4248 Ἡσαΐου,
2993 4177 3077 4232 ὅτι
3129 4178 3437 4251 Ἀκάθαρτα
3465 4173 3631 4251 χείλη
3668 4169 3807 4249 ἔχω·

2155 4269 2245 4324 καὶ
2304 4269 2637 4342 συνάψαντος
2694 4268 2785 4323 καὶ
2831 4267 2957 4343 περὶ
3012 4268 3110 4320 τοῦ
3167 4264 3323 4335 λαοῦ,
3362 4264 3445 4319 ὅτι
3509 4265 3598 4319 Ἐν
3662 4261 3811 4337 μέσῳ

2159 4357 2296 4414 λαοῦ
2373 4359 2509 4413 οίκῶ
2586 4358 2857 4432 ἀκάθαρτα
2931 4352 3096 4431 χείλη
3157 4350 3400 4430 ἔχοντος.
3482 4351 3632 4424 αὑτῷ
3712 4352 3810 4424 μὶν

385 4437 544 4492 enim
577 4439 723 4495 vidit
755 4440 909 4497 διο
946 4443 1256 4501 Dominum
1283 4446 1541 4503 Sabaoth
1562 4447 1623 4503 in
1654 4448 1801 4505 solio
1832 4450 2032 4506 seden-

2153 4446 2315 4519 έδόθη
2347 4450 2382 4516 ἡ
2415 4448 2578 4523 χάρις
2599 4453 2702 4517 τῆς
2742 4445 3171 4523 συγχωρήσεως,
3216 4443 3306 4498 καὶ
3354 4445 3389 4513 ἡ
3446 4442 3708 4516 κάθαρσις
3737 4435 3811 4494 δι’

387 4528 533 4592 tem,
563 4530 742 4600 atque
772 4528 849 4585 iis
879 4546 1008 4603 que
1060 4532 1313 4592 intuitus
1360 4540 1471 4607 est,
1529 4537 1800 4595 adhibuit
1827 4538 2043 4596 fidem:

387 4611 449 4669 hi
480 4629 614 4673 vero
639 4615 776 4676 licet
822 4619 1140 4679 Dominum
1188 4625 1455 4682 viderent
1501 4643 1704 4685 secum
1743 4628 2047 4686 diversan-

451 4803 497 4840 ³³
526 4804 649 4865 Act.
680 4820 883 4880 xxvm,
916 4808 1006 4884 25,
1038 4810 1130 4869 26.

454 5001 570 5074 (24)
598 5003 959 5088 Nlostrihsex
1009 5007 1148 5088 libri
1190 5013 1438 5088 veteres,
1488 5012 1824 5088 γραφούσης.
1858 5015 2033 5084 Editi,

384 5066 780 5156 έγγραξρούσης.
815 5082 940 5156 Quo
970 5086 1169 5137 autem
1199 5066 1537 5156 testimonii).
1566 5066 1659 5143 ita
1678 5066 2036 5156 editum‘sit:

381 5147 759 5228 nescio_:__s_ed_
787 5152 928 5228 quin
963 5157 1199 5224 prestat
1232 5155 1479 5228 ita_legi,
1512 5175 1626 5213 non
1654 5160 1875 5216 dubito.
1915 5147 2034 5216 lbi;

381 5216 515 5304 dpm
549 5220 687 5304 editi
707 5225 768 5304 e_t
787 5216 1245 5304 quinq'ue_rn_ss.,_
1266 5216 1478 5304 αὐτοῖςί
1497 5232 1565 5304 At
1592 5230 1750 5287 Cnlb.
1782 5233 2032 5304 primus,

379 5284 968 5415 animic.6paulo'posi
1002 5298 1166 5370 editi,
1210 5284 1343 5371 άπερ
1393 5284 1549 5370 ἡμῖν.
1587 5284 2030 5361 negatae;

536 5402 550 5415 .
616 5381 739 5415 πεο-

378 5375 550 5425 num,
582 5375 739 5425 οπερ.

448 5382 856 5521 (ξ’)ῗξᾯονοδ
911 5439 1138 5521 aliquot
1190 5441 1364 5509 libri,
1418 5440 1740 5499 ἀκούσετε...
1802 5444 2031 5521 βλέψετε

378 5498 555 5586 mdis.
586 5504 917 5586 axem...
957 5498 1219 5586 βκιψητι.

452 5573 834 5660 (26)]3ᾱὶέλεῐ
863 5573 1002 5660 Reg.
1045 5573 1293 5657 primus,
1331 5583 1538 5660 βαρέως
1587 5585 1878 5660 ἀκούσωσι.
1907 5589 2030 5646 Vox

373 5650 540 5777 prior
567 5650 627 5705 in
661 5650 793 5708 aliis
825 5650 1089 5730 quinque
1137 5650 1286 5713 mss;
1316 5650 1517 5743 esset.
1548 5659 1864 5734 Aliquanto
1897 5668 2031 5735 post

404 5732 497 5777 res
529 5737 698 5777 11138.-
730 5722 1132 5777 ἑπιστοέὼουσι.
1163 5728 1282 5777 Hoc
1312 5746 1440 5777 man
1473 5730 1675 5777 mlnnn
1704 5739 1824 5777 tm:
1856 5751 2025 5777 mal-

404 5732 497 5779 res
529 5737 698 5798 mss.,
730 5722 1132 5802 ὲπιᾱτρέψόυσι.
1163 5728 1282 5787 Hoc
1312 5729 1440 5803 ipso
1471 5732 1532 5789 in
1548 5722 1680 5790 loco
1704 5739 1825 5792 tres
1856 5722 2028 5804 mss.,

2156 4538 2276 4602 ἑνὸς
2301 4541 2409 4592 τῶν
2443 4536 2701 4613 σεραφὶμ,
2733 4539 2814 4607 τῷ
2843 4533 2902 4590 δὲ
2946 4533 3064 4605 λαῷ
3089 4531 3293 4588 οὐκέτι·
3326 4527 3519 4599 έπειδὴ
3547 4526 3676 4585 ούδὶ
3703 4528 3806 4597 τὴν

2156 4623 2390 4682 διάθεσιν
2419 4625 2614 4702 ὁμοίαν
2646 4627 2800 4701 εῒχον
2833 4621 2865 4680 b'
2912 4643 2972 4679 τε
3026 4621 3319 4698 προφήτης
3362 4619 3452 4676 καὶ
3499 4619 3529 4674 ὁ
3558 4616 3715 4680 λαός.
3744 4615 3809 4675 Ὀ

2145 5012 2421 5091 ξ’ᾴσωμαι,Δ
2440 5031 2649 5091 sanem.
2683 5011 2946 5091 Subinde
2975 5010 3140 5091 editi,
3161 5009 3252 5091 fi);
3273 5005 3362 5091 ἐπὶ
3392 5008 3519 5072 τοὺς
3549 5005 3806 5085 χρόνους·

2142 5083 2362 5145 Vocula
2391 5083 2467 5148 ὡς
2497 5088 2559 5144 in
2589 5086 2810 5144 nostris
2840 5102 2938 5142 sex
2965 5083 3330 5141 m'ss.'deest.

2215 5162 2324 5232 (27)
2358 5159 2508 5232 Editi
2541 5165 2598 5216 et
2630 5159 2812 5216 nostri
2857 5173 3172 5232 sexﬂmssq
3197 5153 3691 5232 _bp6av,_ad_patre_s
3720 5168 3808 5208 ve-

2140 5223 2408 5288 stros.'At
2440 5231 2496 5286 in
2532 5233 2694 5289 Actis
2723 5247 2921 5299 xxvm,
2951 5231 3044 5300 25,
3097 5223 3334 5301 legitur,
3380 5223 3565 5300 ἡμῶν,
3600 5223 3673 5279 ad
3698 5240 3804 5296 pa-

2141 5313 2247 5360 tres
2270 5308 2506 5359 nostros.

2142 5447 2174 5449 A7
2211 5376 2527 5449 (28)_Editi,
2588 5373 2721 5437 λαὸς
2747 5377 2845 5449 τοῦ
2872 5367 3347 5449 ,Ἰησοῦ-..λόγωι
3391 5372 3646 5449 ‘Vetere‘s
3684 5367 3802 5449 duo

2139 5436 2459 5533 liEri‘,"7labc
2488 5436 2589 5501 τόῦ
2609 5436 2787 5517 Ἰησοῦ
2817 5436 3005 5518 λόγον.
3036 5442 3148 5498 Alii
3206 5436 3348 5513 tres,
3391 5436 3524 5504 λαὸς
3570 5438 3661 5493 τὸν
3688 5437 3796 5509 Ἰη-

2139 5517 2607 5665 σοῖἳὲίῖῗῖἑιηυθ
2637 5588 2821 5665 βοιδη
2850 5589 2961 5642 τῶν
3010 5582 3368 5661 πραγμάτων,
3398 5585 3553 5642 docet
3584 5597 3669 5639 res
3695 5597 3794 5638 re-

2134 5662 2397 5735 ferendas
2424 5662 2556 5733 esse,
2591 5662 2789 5719 minus
2812 5664 2984 5718 recte.
