4138 6376
407 352 519 410 Ml

1236 350 1641 411 GOMMENT.
1689 351 1768 410 IN
1814 351 2082 412 lSAIAM
2132 353 2641 415 PROPHETAM.
2690 354 2862 415 CAP.
2907 355 3015 414 Vl.

3715 351 3834 410 442

413 483 506 556 μὲν
539 481 644 556 γὰρ
694 477 802 534 εἶδε
851 478 1050 554 Κύριον
1100 474 1330 534 Σαϐαὼθ
1373 482 1682 553 καθήμενον
1716 481 1802 536 ἐπὶ
1837 483 2049 556 θρόνου1

2173 488 2312 555 tem,
2348 485 2589 541 minime
2619 487 3010 542 crediderunt.
3049 486 3112 540 Et
3141 484 3236 540 ille
3254 483 3472 538 auditis
3506 481 3834 553 seraphim,

407 571 496 626 καὶ
554 569 859 624 ἐπίστευσεν
913 571 996 631 οἷς
1045 568 1319 633 ἐθεάσατο
1367 572 1418 624 οἱ
1452 568 1508 625 δὲ
1542 570 1832 645 βλέποντες
1867 567 2062 642 ἐπιδηξ

412 665 612 734 μοῦντα
640 659 732 713 τὸν
769 658 982 733 Κύριον,
1044 659 1143 714 οὐκ
1191 659 1490 716 ἐπίστευον.
1531 661 1624 716 Καὶ
1688 662 1714 714 ὁ
1765 662 1857 732 μὲν
1910 660 2066 715 ἀκού-

407 771 499 812 σας
531 754 640 804 τῶν
667 749 925 827 σεραφῖμ,
961 753 1154 815 συνῆκε
1183 751 1282 816 τὴν
1317 747 1643 824 δοξολογίαν
1858 752 2059 805 αὐτῶν·

407 841 461 896 οἱ
493 837 551 894 δὲ
583 839 872 900 ἀκούοντες
895 843 1002 892 τῶν
1039 838 1300 915 ῥημάτων
1351 843 1448 893 τοῦ
1500 845 1782 914 Σωτῆρος,
1833 839 1892 894 οὐ
1941 861 2063 894 κατ-

408 926 683 1003 εδέχοντο.
735 929 831 982 Καὶ
881 932 979 982 τοῦ
1031 929 1125 1001 μὶν
1164 930 1198 998 ἡ
1254 926 1450 1001 καρδία
1492 934 1886 1003 κατανυγεῖσα,
1947 950 2065 984 συν-

411 1017 600 1090 ῄσθετο
629 1023 728 1085 τῆς
763 1014 902 1078 ἲδίας
936 1016 1218 1093 ἁμαρτίας·
1256 1015 1339 1072 διὸ
1389 1017 1555 1072 εἶπενο
1602 1019 1669 1072 ’Ώ
1714 1015 1884 1082 τάλας
1931 1017 2062 1093 ἐγὼ,

420 1105 557 1161 διότι
619 1107 1050 1182 κατανὲνυγμαιο
1119 1111 1226 1160 τῶν
1287 1103 1344 1160 δὲ
1403 1105 1682 1182 ἐπαχύνθη
1847 1105 2059 1182 καρδία,

419 1197 549 1270 πρὸς
575 1196 634 1250 τὸ
668 1193 938 1268 μηδεμίαν
973 1190 1158 1250 λαϐεῖν
1192 1192 1398 1250 ἔννοιαν
1432 1197 1503 1250 ὧν
1552 1198 1889 1272 ἡμάρτανον,
1923 1195 2062 1270 μηδὲ

413 1285 730 1360 προσελθεῖν
773 1290 852 1356 τῷ
921 1282 1205 1359 δυναμένῳ
1263 1286 1449 1346 αὐτοῖς
1494 1286 1697 1363 ἀφιέναι
1747 1287 1839 1348 τὰς
1886 1289 2059 1362 ἁμαρ-

405 1373 542 1435 τίας.
578 1375 676 1428 Διὰ
701 1379 862 1429 τοῦτο
895 1375 922 1428 ὁ
954 1375 1048 1446 μὶν
1078 1373 1402 1450 ἐκαθαρίσθη
1432 1377 1569 1447 (31),
1625 1373 1675 1428 cl
1730 1371 1786 1428 δὲ
1832 1374 2060 1448 ἀφείθη-

2175 575 2403 629 divinas
2437 574 2640 630 laudes
2672 576 2743 630 ab
2801 577 2948 646 ipsis
3001 575 3340 629 decantatas
3391 571 3715 639 intellexit;
3766 571 3826 626 hi

2175 669 2372 718 autem
2401 665 2572 719 verba
2603 666 2982 720 exaudientes
3013 664 3362 730 Servatoris,
3394 678 3462 716 ea
3502 677 3618 715 non
3664 677 3830 715 exce-

2175 770 2329 823 pere.
2363 757 2550 824 Atque
2581 770 2680 808 cor
2710 754 2947 824 quidem
2974 753 3132 808 illius
3155 756 3357 823 utpote
3384 754 3829 820 compunctum,

2176 843 2476 913 proprium
2538 843 2723 896 sensit
2782 848 3105 913 peccatum,
3156 845 3514 913 quapropter
3563 837 3744 893 dixit:
3790 837 3828 892 0

2172 933 2342 986 miser
2364 948 2476 1002 ego,
2516 934 2648 1002 quia
2685 941 3036 1002 compunctus
3084 947 3245 985 sum:
3295 929 3505 984 horum
3554 944 3687 982 vero
3733 943 3832 982 cor

2171 1019 2565 1076 incrassatum
2599 1026 2706 1086 est,
2773 1030 2829 1074 ul
2878 1037 2946 1075 ne
3001 1019 3114 1075 ullo
3170 1023 3537 1091 peccatorum
3581 1033 3826 1071 suorum

2172 1125 2346 1164 sensu
2382 1114 2781 1180 tangerentur,
2816 1125 3005 1180 neque
3037 1109 3376 1163 accederent
3404 1108 3473 1160 ad
3515 1121 3672 1170 eum,
3725 1105 3825 1175 qui

2173 1199 2318 1269 ipsis
2349 1205 2582 1269 peccata
2602 1199 2931 1253 condonare
2956 1203 3196 1268 poterat.
3223 1197 3409 1259 Quare
3432 1194 3530 1248 illo
3556 1205 3823 1264 purgato,

2172 1287 2231 1342 hi
2264 1289 2319 1342 in
2357 1289 2480 1343 suis
2511 1287 2768 1344 derelicti
2799 1294 2936 1341 sunt
2969 1285 3242 1358 peccatis,
3271 1284 3423 1338 sicut
3452 1288 3508 1338 et
3539 1283 3824 1338 Dominus

2173 1379 2243 1432 ad
2277 1395 2375 1432 eos
2409 1377 2642 1432 locutus
2673 1383 2799 1432 est:
2827 1377 3209 1432 Morieminiin
3244 1376 3484 1445 peccatis
3527 1374 3720 1428 vestris
3755 1372 3819 1426 9°.

406 1482 499 1516 σαν
530 1462 581 1517 ὲν
615 1468 732 1525 ταῖς
765 1463 1072 1537 ἁμαρτίαιςθ
1107 1463 1181 1525 ὡς
1214 1463 1301 1518 καὶ
1337 1465 1364 1518 ὁ
1400 1464 1593 1536 Κύριος
1623 1461 1723 1541 ἔφη
1757 1465 1892 1538 πρὸς
1923 1463 2138 1535 αὐτοὺς,
2169 1463 2252 1520 ὅτι
2283 1467 2666 1529 Ἀποθανεῖσθε
2697 1465 2748 1519 ἐν
2780 1469 2896 1527 ταῖς
2931 1461 3219 1537 ἁμαρτίαις
3256 1462 3431 1533 ὑμῶν.

479 1553 606 1609 189.
646 1551 802 1626 Τάχα
835 1549 892 1606 δέ
920 1572 1001 1612 τις
1031 1551 1403 1620 ἀντιστήσεται
1442 1553 1592 1623 ὑμῶν
1627 1557 1704 1624 τῷ
1737 1551 1910 1627 λόγῳ,
1972 1551 2061 1609 διὰ

403 1640 466 1695 τὸ
517 1639 786 1716 εἶρῆσθαι,
833 1641 1000 1696 Εἶπον
1041 1645 1122 1712 τῷ
1173 1640 1290 1712 λαῷ
1335 1641 1532 1714 τούτῳ·
1585 1641 1646 1695 οὐ
1702 1644 2060 1718 προσιέμενος

407 1729 494 1784 ἐπὶ
523 1729 652 1792 τοὺς
682 1729 916 1807 χρόνους
943 1735 1041 1785 τοῦ
1097 1733 1358 1805 Σωτῆρος
1403 1735 1568 1784 ταῦτα
1599 1731 2057 1808 προφητεύεσθαι.

411 1819 469 1874 Εἰ
502 1819 605 1894 γὰρ
636 1821 720 1890 τὸ,
770 1819 957 1893 Τούτῳ
991 1822 1126 1894 (32),
1160 1817 1428 1874 δεικτικόν
1469 1819 1602 1892 ἐστι,
1637 1818 1814 1883 οὐδεὶς
1849 1819 1906 1876 δὲ
1951 1828 2059 1876 τῶν

407 1909 511 1963 ἀπὸ
539 1913 636 1963 τοῦ
691 1907 1045 1982 δεικνυμένου
1096 1907 1232 1963 λαοῦ
1263 1907 1508 1982 ⁹ἤμελλεν
1541 1909 1753 1964 ἀκούειν
1797 1915 1894 1965 τοῦ
1941 1918 2059 1966 Σω-

413 2005 605 2072 τῆρος,
656 1997 691 2068 ἢ
750 1997 971 2074 βλέπειν
1020 1998 1184 2054 αὐτοῦ
1231 2001 1298 2053 τὰ
1345 1998 1634 2072 θαυμάσιω
1685 2005 1802 2063 πῶς
1833 2001 2057 2074 ἁρμόζει

410 2088 493 2157 τὸ,
544 2091 640 2159 Τῷ
668 2086 787 2160 λαῷ
813 2089 1010 2162 τούτῳ,
1041 2093 1160 2150 τοῖς
1189 2093 1444 2144 τοσοῦτον
1497 2094 1593 2143 τοῦ
1625 2091 1912 2167 προφήτου
1964 2111 2059 2162 με-

406 2177 802 2253 ταγενεστέροις
829 2197 842 2247 ;
874 2179 1062 2251 Ἡμεῖς
1095 2176 1153 2234 δὶ
1202 2177 1252 2249 ἐξ
1303 2177 1488 2234 ἄλλων
1532 2178 1794 2254 ῥημάτων
1843 2199 2057 2257 προφη-

402 2272 567 2321 τικῶν
629 2265 814 2344 ῥᾳδίαν
867 2267 1018 2323 λύσιν
1077 2267 1454 2341 ἐπινοήσωμεν
1513 2272 1592 2340 τῷ
1668 2263 2054 2344 προϐλήματι·

400 2354 632 2427 Εἴρηται
674 2359 775 2434 γὰρ
834 2354 888 2412 ἓν
957 2379 1063 2412 τινι
1119 2361 1227 2412 τῶν
1283 2354 1531 2411 δώδεκα’
1623 2356 1761 2418 Λαός
1823 2378 1948 2429 μου,
1997 2358 2049 2412 τί

2244 1557 2365 1611 189.
2401 1557 2563 1612 Forte
2597 1564 2790 1612 autem
2826 1556 3120 1628 quispiam
3155 1552 3563 1608 adversabitur
3608 1554 3818 1605 nostra:

2171 1647 2495 1715 sententiae,
2525 1663 2593 1701 ex
2623 1663 2689 1701 eo
2721 1647 2874 1716 quod
2910 1645 3126 1699 dictum
3162 1648 3286 1698 est:
3326 1641 3430 1695 Dic
3455 1639 3821 1710 populohuzc:

2172 1751 2276 1789 nec
2307 1752 2698 1790 concessurus
2745 1741 2833 1789 est
2881 1734 3002 1788 haec
3053 1731 3327 1787 vaticinia
3380 1730 3451 1785 ad
3501 1725 3818 1783 Salvatoris

2171 1831 2434 1897 tempora
2490 1841 2618 1881 esse
2677 1826 2999 1881 referenda.
3060 1823 3288 1879 Etenim
3348 1822 3395 1876 si
3457 1837 3584 1887 vox,
3659 1819 3815 1885 Huic,

2171 1932 2492 1987 pronomen
2524 1921 2611 1970 est
2638 1915 3185 1982 demonstrativum,
3218 1910 3417 1967 nullus
3442 1914 3638 1964 autem
3665 1924 3734 1962 ex
3753 1922 3821 1962 eo

2171 2005 2384 2075 populo
2429 2005 2528 2075 qui
2585 2004 3121 2070 demonstrabatur,
3166 2000 3478 2056 auditurus
3525 2003 3651 2051 erat
3697 1994 3820 2050 Sal-

2166 2099 2447 2163 vatorem,
2481 2097 2582 2149 aut
2631 2096 2758 2164 ejus
2801 2093 3126 2147 intuiturus
3174 2087 3492 2155 miracula;
3545 2084 3646 2157 qui
3694 2082 3822 2139 fieri

2169 2186 2363 2254 potest
2394 2188 2457 2238 ut
2510 2182 2629 2252 illa,
2690 2183 2896 2254 Populo
2943 2181 3090 2251 huic,
3149 2177 3498 2234 conveniant
3556 2176 3652 2245 iis,
3715 2174 3819 2244 qui

2168 2274 2332 2327 tanto
2363 2271 2662 2328 intervallo
2697 2277 2828 2342 post
2861 2271 3202 2343 prephetam
3235 2273 3402 2322 erant
3424 2263 3632 2319 victuri
3660 2261 3814 2318 PNos

2162 2365 2357 2416 autem
2389 2379 2457 2416 ex
2489 2361 2620 2416 aliis
2652 2361 2844 2416 verbis
2877 2358 3230 2432 prepbeticis
3261 2355 3616 2412 solutionem
3641 2367 3808 2408 exco-

399 2445 631 2518 ἐποίησά
688 2468 795 2515 σοι⁹
849 2447 884 2516 ἢ
947 2447 998 2502 τί
1056 2445 1306 2517 ἐλύπησά
1359 2467 1438 2513 σε,
1487 2446 1521 2515 ἢ
1553 2447 1606 2501 τί
1647 2447 2049 2523 παρηνόχλησά

2165 2449 2502 2520 gitabimus,
2535 2467 2651 2522 qua
2681 2452 2976 2522 proposita
3007 2450 3249 2520 quaestio
3280 2444 3588 2501 encdanda
3642 2440 3809 2497 facile

396 2555 520 2605 σοι;
577 2536 933 2613 Ἀποκρίθητί
999 2557 1122 2610 μοι.
1187 2536 1337 2590 Διότι
1399 2535 1671 2610 ἀνήγαγόν
1733 2557 1790 2590 σε
1841 2535 1901 2590 ἐκ
1947 2538 2050 2611 γῆς

394 2623 700 2699 Αἰγύπτου,
774 2626 866 2680 καὶ
953 2624 1004 2695 ἒξ
1083 2621 1238 2680 οἴκου
1325 2623 1576 2686 δουλείας
1652 2623 2045 2699 ἰλυτρωσάμην

395 2733 473 2782 σε,
542 2714 632 2768 καὶ
709 2714 1058 2785 ἐξαπέστειλα
1124 2709 1434 2785 ἔμπροσθέν
1513 2735 1608 2768 σου
1671 2714 1764 2768 τὸν
1819 2720 2044 2783 Μωσῆν,

392 2803 484 2857 καὶ
544 2804 770 2880 Ἀαρὼν,
821 2804 910 2859 καὶ
965 2805 1213 2878 Μαριάμ.
1269 2805 1471 2878 ’Ὠσπερ
1522 2803 1625 2878 γὰρ
1669 2803 1792 2858 τύτε
1842 2804 1970 2878 οὒχὶ
2019 2804 2046 2857 ὁ

393 2892 530 2947 κατὰ
557 2893 646 2947 τὸν
699 2896 986 2971 προφήτην
1042 2893 1171 2954 λαὸς
1221 2890 1326 2948 εἶδε
1371 2895 1469 2962 τήν
1501 2892 1862 2969 Αἴγυπτονπῆ
1897 2890 2046 2962 ὡδη-

397 2983 543 3054 γήθη
576 2983 721 3057 παρὰ
761 2988 866 3038 τῶν
910 2981 1328 3057 προειρημένων
1362 2986 1497 3057 (33),
1553 2982 1641 3037 καὶ
1687 2981 1841 3056 ὅμως
1889 2981 2048 3044 αὐτὸς

402 3069 712 3140 ὀνειδίζεται
763 3073 837 3134 ὡς
887 3072 974 3127 ἐπὶ
1022 3078 1140 3134 ταῖς
1210 3071 1484 3146 ἐργασίαις
1531 3072 1752 3135 ταύταις
1799 3073 2046 3146 ἀγνωμο-

2159 2538 2255 2592 sit.
2289 2540 2514 2594 Dictum
2547 2546 2637 2595 est
2668 2540 2822 2594 enim
2859 2539 2914 2593 in
2948 2537 3146 2608 aliquo
3176 2554 3206 2593 e
3227 2533 3532 2591 duodecim
3558 2531 3808 2604 prophe-

2156 2627 2268 2682 tis:
2303 2630 2507 2699 Populc
2535 2645 2711 2694 meus,
2741 2627 2873 2700 quid
2899 2628 3013 2702 feci
3043 2629 3165 2690 tibi,
3199 2632 3298 2680 aut
3327 2625 3466 2697 quid
3492 2627 3544 2678 te
3597 2621 3804 2678 contri—

2156 2720 2319 2786 stavi,
2352 2720 2535 2774 autin
2563 2735 2665 2792 quo
2690 2720 2944 2774 molestus
2999 2719 3088 2787 fui
3135 2714 3279 2771 tibi?
3328 2713 3602 2785 Responde
3645 2711 3806 2766 mihi.

2159 2809 2301 2876 Quia
2328 2809 2504 2863 eduxi
2533 2817 2585 2864 te
2613 2808 2679 2863 de
2704 2811 2863 2863 terra
2893 2807 3148 2879 Egi/pii,
3178 2810 3232 2861 et
3260 2805 3324 2860 de
3366 2804 3524 2858 domo
3569 2804 3803 2857 servitu-

2156 2899 2226 2952 ιίδ
2259 2899 2467 2953 redemi
2511 2902 2584 2965 le,
2620 2906 2671 2952 et
2707 2899 2836 2952 misi
2883 2907 3012 2951 ante
3061 2900 3111 2950 te
3159 2895 3358 2961 Mosen,
3409 2901 3461 2948 et
3506 2893 3704 2956 Aaron,
3756 2896 3808 2944 et

2155 2985 2388 3041 Mariam
2418 2987 2480 3038 ³ο.
2517 2985 3024 3049 Quemadmodum
3055 2983 3210 3038 enim
3243 2987 3382 3037 tunc
3414 2979 3667 3051 populus
3708 2976 3806 3049 qui

2158 3075 2453 3147 prophetae
2484 3080 2650 3130 aetate
2683 3075 2930 3140 vivebat,
2965 3091 3082 3127 non
3123 3072 3266 3126 vidit
3311 3073 3651 3142 IEgyptum,
3701 3083 3806 3120 nec

403 3163 504 3212 νῶν
535 3178 546 3190 ·
609 3159 751 3214 οὕτω
798 3161 888 3215 καὶ
936 3166 1026 3215 νῦν
1080 3158 1349 3216 δείκνυται
1401 3162 1495 3234 μὲν
1547 3161 1607 3215 τὸ
1659 3159 1909 3233 σύστημα
1949 3165 2048 3215 τοῦ

2165 3165 2448 3218 deductus
2473 3167 2562 3218 est
2587 3180 2620 3217 a
2651 3163 2813 3234 prius
2842 3161 3181 3216 memoratis
3213 3159 3486 3226 ducibus,
3518 3161 3575 3212 et
3603 3161 3805 3212 tamen

403 3243 539 3300 λαοῦ
595 3247 658 3300 τὸ
714 3247 848 3303 κατὰ
905 3249 995 3303 τὸν
1051 3252 1364 3328 προφήτην·
1426 3245 1750 3304 ἐκϐαίνειδὲ
1806 3248 1952 3321 αὐτῷ
1979 3249 2047 3302 τὰ

395 3337 833 3413 προφητευθάντα
897 3338 1030 3394 κατά
1103 3340 1203 3408 τὴν
1268 3339 1450 3415 γενεὰν
1522 3346 1621 3408 τῆς
1684 3343 1780 3394 τοῦ
1846 3339 2045 3413 Κυρίου

394 3421 730 3498 ἐπιφανείας.
768 3427 974 3505 Πέφυκε
1001 3425 1058 3483 δὲ
1105 3428 1194 3482 καὶ
1242 3429 1278 3498 ἡ
1316 3429 1571 3499 συνήθεια
1616 3435 1921 3504 κεχρῆσθαι
1967 3432 2046 3499 τῷ

387 3511 627 3586 τοιούτῳ
677 3513 848 3589 λόγῳ,
891 3517 952 3572 δν
1002 3518 1090 3572 καὶ
1141 3516 1542 3591 ἀλλοιούμενόν
1595 3539 1737 3579 τινες
1767 3537 2045 3592 προσαγο-

392 3601 566 3676 ρεύειν
599 3601 874 3662 εῒώθασιν.
907 3606 1063 3673 Οἴον,
1090 3607 1181 3661 τὸν
1216 3605 1375 3662 αὐτὸν
1425 3611 1675 3668 νοοῦντες
1728 3607 1900 3682 χορὸν
1951 3605 2046 3660 τὸν

391 3688 452 3745 ἐκ
478 3689 719 3747 τοσῶνδε
749 3691 956 3770 ἀνδρῶν
992 3715 1316 3751 συνεπωτα·
1381 3697 1492 3751 εἶτα
1548 3697 1666 3758 ἑνὸς
1727 3695 1909 3766 ὑπεξε)
1926 3694 2045 3760 06v-

389 3799 508 3848 τος,
538 3782 626 3836 καὶ
661 3783 846 3854 ὶτὲρου
898 3785 991 3838 τὸν
1039 3785 1247 3840 ἐκείνου
1275 3780 1444 3840 τὸπον
1495 3784 2043 3860 ἀνυιπληρώσαντος,

392 3869 420 3923 ὁ
470 3869 634 3933 αὐτὸς
682 3870 900 3945 λάγεται
952 3875 1344 3951 μὲνειν““*χορός
1373 3918 1384 3932 ,
1431 3875 1531 3930 Καὶ
1584 3874 1630 3929 εἰ
1689 3871 1938 3949 δεύτερος
1987 3871 2043 3929 Si

393 3959 654 4034 ὑπεξέλθῃ
685 3963 818 4034 (34),
876 3965 967 4018 καὶ
1014 3963 1062 4018 εἴ
1107 3962 1311 4039 τρίτος,
1344 3964 1434 4018 καὶ
1473 3969 1632 4019 τοῦτο
1680 3961 1918 4018 ἐπιπολὺ
1949 3965 2041 4037 γέ-

388 4069 558 4116 νοιτο,
583 4049 673 4104 καὶ
705 4051 913 4125 ἑκάστῳ
941 4050 1130 4127 ἳτερος
1161 4052 1539 4127 ἀντεισαχθείη
1588 4074 1694 4124 τις,
1743 4051 1880 4108 κατὰ
1931 4054 2041 4125 (35)

392 4137 586 4210 μικρὸν
637 4138 1118 4213 ὑπαλλοιουμένου
1168 4147 1264 4197 τοῦ
1308 4148 1503 4217 χοροῦ·
1539 4145 1591 4197 οἱ
1640 4143 1734 4216 μὲν
1783 4144 1902 4197 καθ’
1949 4138 2045 4196 ἕνα

390 4221 818 4304 διημείφθησαν,
850 4230 886 4298 ἡ
924 4228 1106 4302 μέντοι
1136 4232 1476 4308 προσηγορία
1504 4237 1584 4304 τῷ
1614 4237 1771 4308 χορῷ
1816 4235 1852 4301 ἡ
1905 4231 2040 4301 αὐτὴ

389 4310 736 4384 διασώζεται.
798 4316 956 4375 Οὒτω
1003 4319 1094 4374 καὶ
1119 4319 1284 4383 πόλις
1343 4323 1378 4391 ἡ
1441 4320 1576 4391 αὐτὴ
1638 4317 2042 4396 εἶναιλὲγεται,

385 4403 477 4457 καὶ
504 4403 868 4480 στρατόπεδον
927 4409 990 4464 τὸ
1043 4409 1196 4465 αὐτό.
1231 4408 1294 4464 οὐ
1321 4414 1402 4483 τῷ
1447 4411 1539 4466 τὸν
1759 4411 1876 4466 καθ’
1919 4406 2042 4466 ἕκα-

458 4653 506 4690 ²⁰
531 4653 700 4712 Joan.
731 4671 858 4728 vm,
888 4657 980 4714 21.
1059 4660 1105 4696 ³ο
1135 4658 1313 4716 Mich.
1345 4675 1424 4732 v1,
1456 4659 1511 4729 3,
1542 4660 1597 4717 4.

450 4896 572 4979 (30)
601 4896 756 4954 Editi
787 4901 843 4954 et
871 4903 1032 4979 Reg.-
1071 4900 1322 4979 prjmus,
1369 4903 1468 4979 τὴν
1523 4898 1871 4977 δοξολογίαν.
1923 4902 2038 4959 Alii

450 4917 572 4979 (συ)
602 4917 756 4954 nam
787 4917 843 4954 et.
871 4917 1014 4972 neg.
1114 4919 1322 4975 rlmus,
1369 4917 1468 4972 την
1523 4917 1871 4977 οοξολογιαν.
1923 4917 2036 4959 Am

380 4983 647 5057 qumque
673 4987 846 5057 mea,
873 4977 973 5057 τῆς
1007 4917 1345 5057 δοὲοιλογίας.
1377 4975 1694 5048 Aliquanto
1727 4979 1860 5049 post
1915 4980 2036 5032 tres

381 5040 560 5119 mea
579 5045 680 5119 τῆς
710 5040 911 5119 almis:
936 5040 1223 5119 ἀμαρὲίαςὲ

375 5112 562 5246 “Si?
619 5115 860 5208 Antiqui
914 5112 1016 5173 sex
1055 5112 1232 5188 'libri,
1286 5115 1607 5193 ἐκαθαρίσθη
1672 5119 1848 5186 Editi,
1915 5114 2036 5172 ἐκα-

407 5200 572 5251 αρθη-
687 5206 689 5208 ’

443 5201 758 5336 figi-Editi,
793 5257 914 5330 λαῷ
943 5258 1142 5336 τούτῳ.
1176 5261 1281 5336 S_e_d
1317 5262 1502 5317 nostri
1533 5278 1634 5318 sex
1666 5279 1812 5318 mss.
1839 5278 2034 5336 vocem

373 5329 630 5407 priorem
692 5347 807 5386 non
869 5329 1145 5388 exhibent
1194 5332 1342 5388 Mox.
1406 5341 1678 5407 quartus,
1752 5337 1850 5388 τοῦ
1925 5329 2038 5386 δει-

375 5398 680 5470 κνυομὲνου

435 5471 560 5551 ,(133)
777 5477 836 5526 et
866 5476 986 5551 tres
1027 5491 1196 5551 mea,
1245 5479 1340 5551 τοῦ
1383 5476 1806 5551 προειρημένου.
1833 5479 1926 5551 _At
1977 5477 2035 5531 in

374 5543 569 5622 tribus
593 5544 728 5600 aliis
750 5560 907 5622 mss;
936 5543 1310 5622 legitur,1_€bv
1343 5543 1572 5622 προειρη
1585 5543 1783 5622 μίνων.
1828 5548 2037 5622 Proco-

378 5615 606 5758 ἓξὲξ,
638 5631 773 5689 pag.
809 5614 931 5682 103,
964 5614 1082 5673 non
1115 5614 1301 5677 multo
1331 5614 1521 5694 aliter,
1551 5614 1698 5696 θίαρά
1723 5623 1832 5675 τῶν
1891 5619 2038 5694 εἰρη-

2155 3253 2265 3308 hoc
2295 3253 2347 3307 ei
2386 3253 2789 3322 exprobratur,
2831 3251 2987 3322 quod
3021 3251 3231 3304 borum
3266 3247 3682 3304 beneﬁciorum
3731 3245 3809 3298 sit

2153 3341 2505 3396 immemor:
2539 3340 2619 3396 ita
2648 3345 2706 3395 et
2754 3356 2909 3394 nunc
2957 3338 3288 3394 ostendilur
3336 3336 3572 3408 quidem
3622 3339 3807 3389 coitus

2157 3431 2378 3504 populi,
2414 3431 2514 3503 qui
2543 3435 2708 3485 estate
2741 3429 3032 3500 prophetis
3062 3428 3309 3496 vivebat,
3341 3427 3439 3482 sed
3493 3430 3690 3480 tamen
3741 3440 3809 3478 ea

2157 3535 2283 3591 quae
2314 3520 2440 3591 ipse
2468 3519 2817 3574 vaticinatus
2845 3522 2956 3585 est,
2987 3521 3251 3588 tempore
3300 3514 3400 3570 illo
3449 3529 3565 3585 quo
3612 3513 3808 3568 Domi-

2162 3625 2271 3663 nus
2300 3608 2594 3681 apparuit,
2627 3623 2891 3663 evenere.
2924 3606 3073 3670 Quin
3103 3604 3279 3661 etiam
3313 3605 3371 3658 id
3403 3603 3462 3658 in
3495 3617 3657 3658 more
3704 3617 3807 3672 po-

2159 3698 2335 3752 situm
2370 3703 2476 3764 est,
2509 3703 2575 3752 ut
2604 3697 2724 3752 haec
2755 3695 3033 3768 loquendi
3064 3695 3213 3750 ratio
3248 3696 3587 3763 usurpatur,
3623 3705 3803 3760 quam

2156 3786 2426 3842 nonnulli
2458 3785 2648 3841 solent
2677 3786 3000 3840 variantem
3031 3783 3346 3854 appellare.
3373 3778 3633 3850 Exempli
3663 3794 3810 3832 cau-

2157 3893 2244 3945 sa,
2277 3893 2411 3930 cum
2440 3891 2625 3930 unum
2657 3879 2715 3929 et
2742 3874 3013 3929 eumdem
3048 3873 3294 3928 chorum
3337 3887 3407 3926 ex
3456 3874 3610 3924 certo
3662 3883 3807 3938 quo-

2154 3965 2284 4020 dam
2316 3965 2575 4020 virorum
2609 3979 2854 4019 numero
2885 3965 3250 4017 constantem
3292 3959 3489 4015 animo
3548 3955 3659 4014 sibi
3711 3972 3805 4010 re-

2157 4059 2554 4126 praesentant;
2606 4070 2721 4108 uno
2781 4069 2910 4107 mox
2957 4055 3224 4117 exeunte,
3286 4053 3345 4104 et
3401 4047 3582 4104 altero
3640 4044 3802 4100 illius

2155 4143 2350 4199 locum
2383 4145 2661 4213 replente,
2714 4141 2868 4195 idem
2921 4140 3134 4195 chorus
3182 4139 3399 4194 dicitur
3440 4150 3806 4208 permanere.

2157 4240 2506 4302 Quanquam
2556 4235 2750 4285 autem
2791 4229 2956 4296 alter,
3007 4234 3109 4283 aut
3155 4227 3332 4283 etiam
3381 4225 3593 4282 tertius
3641 4239 3810 4297 egre-

2157 4320 2369 4391 dialur,
2402 4320 2580 4391 idque
2615 4319 2878 4375 crebrius
2915 4318 3160 4386 accidat,
3210 4320 3269 4372 et
3315 4313 3469 4371 alius
3514 4311 3809 4385 quispiam

2157 4411 2218 4466 in
2233 4411 2704 4480 uniuscujusque
2728 4407 2922 4464 locum
2945 4407 3352 4462 introducatur
3371 4421 3390 4460 :
3415 4405 3640 4460 mutato
3669 4417 3810 4474 pau-

2243 4903 2334 4974 34)
2363 4899 2604 4974 Antiqui
2636 4904 2754 4974 tres
2791 4897 2945 4966 libri,
2979 4893 3286 4974 ὑπεξέλθοι.

2243 4904 2309 4958 34
2363 4903 2604 4974 Antiqui
2636 4904 2754 4956 tres
2791 4903 2945 4966 libri,
2979 4903 3286 4968 ὑπεξέλθοι.

2220 4903 2334 5047 (35)
2366 4974 2517 5030 Editi
2546 4976 2602 5029 et
2635 4973 2894 5044 quinque
2915 4988 3090 5047 mss,
3153 4965 3530 5047 avncaalesln
3581 4968 3660 5047 τῷ
3705 4984 3805 5047 κατ

2145 5042 2235 5101 τάζ
2265 5042 2335 5102 At
2365 5047 2503 5118 Reg.
2540 5042 2970 5118 quartus—utin
3003 5046 3294 5118 contextu.
3327 5042 3650 5118 Aliquanto
3673 5042 3809 5118 post

2148 5119 2290 5175 editi
2319 5123 2377 5175 et
2407 5109 2838 5190 RBE-primus,
2885 5112 2973 5169 ἕνα
3021 5112 3414 5190 διειλήφθησαν
3443 5109 3639 5168 Ἱῑηιὶθ.
3676 5109 3806 5164 ίΑΙὶἰ

2149 5191 2411 5264 quinque
2427 5185 2617 5264 imissf,
2649 5185 2738 5256 διη
2751 5187 3073 5264 palpo-qua»,
3109 5185 3274 5264 bene.
3606 5249 3637 5264 _

2217 5250 2332 5334 (3c)
2367 5250 2647 5334 Editi,1§3
2678 5250 2806 5334 τούς
2837 5250 2948 5334 Α’Λι
2974 5250 3156 5315 nostri
3192 5275 3292 5334 sex
3348 5272 3517 5334 ms_s.,
3564 5250 3644 5324 τῷ
3689 5250 3801 5334 τόν.

2148 5325 2325 5400 Illud,
2352 5335 2450 5400 τήν
2484 5325 2649 5401 αὐτὴν
2686 5328 3065 5398 διασώζεσθαι,
3099 5332 3252 5401 quod
3288 5328 3548 5400 proxime
3607 5325 3801 5401 sequi.

2148 5410 2263 5470 tur,
2298 5397 2434 5462 huic
2462 5397 2890 5460 loco'maxime
2943 5397 3249 5458 convenire
3288 5397 3416 5455 'non
3469 5397 3802 5469 negaverim

2147 5478 2410 5549 quidem,
2441 5477 2732 5549 sedunde
2768 5475 2817 5527 id
2847 5479 3155 5549 sumptum
3189 5475 3287 5549 sit,
3319 5471 3546 5549 nescire
3579 5486 3667 5549 me
3711 5470 3794 5549 fa-

2146 5543 2291 5605 teor.
2325 5543 2471 5605 Nam
2506 5547 2636 5604 illos
2665 5546 2826 5617 ipsos
2858 5543 3112 5617 codices,
3145 5545 3361 5616 quibus
3396 5543 3657 5617 usi_su_n_t
3705 5545 3798 5611 ty-

2187 5620 2454 5692 cgrapbi,
2488 5623 2546 5676 in
2578 5612 2852 5692 manibus
2882 5615 3069 5692 habeo
3093 5612 3115 5692 ξ(
3135 5612 3242 5692 nec
3269 5620 3466 5671 tamen
3489 5614 3549 5670 in
3579 5612 3673 5668 bis
3689 5626 3801 5666 nec

2172 5709 2205 5748 n
2225 5687 2370 5748 'alii's
2400 5692 2507 5749 has
2536 5704 2704 5747 voces
2731 5687 2996 5745 invenire
3023 5687 3209 5760 potui.
