4138 6372
375 334 496 393 445

1194 334 1599 397 COMMENT.
1645 335 1724 398 IN
1769 335 2042 398 ISAIAM
2087 335 2592 399 PROPHETAM.
2639 337 2812 399 CAP.
2858 335 2995 400 VII.

3676 339 3796 398 446

377 467 553 539 σπορᾷ
591 463 939 540 γεγενῆσθαι,
994 462 1216 540 βαλάνῳ
1265 466 1645 542 παριικάζεται
1695 466 2028 542 ἔκπιπτούσῃ
2057 470 2110 536 Α
2141 469 2372 541 rintque
2404 470 2874 542 dispersi,glaudi
2897 469 3535 526 esuathecadecidenti
3559 485 3792 540 compa-

374 553 557 623 ἐκτῆς
612 555 792 624 θήκης
841 554 1031 623 αὐτῆς.
1080 556 1158 612 Τὸ
1209 553 1284 625 δὲ,
1339 555 1565 633 Σπέρμα
1612 557 1787 632 ἅγιον,
1815 557 1878 611 τὸ
1900 559 2028 627 στή-

375 643 541 716 λωμα
574 643 770 713 αὐτης,
821 643 881 698 ἐκ
935 649 1042 698 τῶν
1097 642 1464 710 Θεοδοτίωνος
1520 646 1832 720 πρόσκειται
1897 649 2028 720 (40),

377 735 452 806 μὴ
513 731 762 806 κείμενον
815 734 962 809 παρᾶ
1042 733 1158 796 τοῖς
1231 729 1665 807 Ἑϐδομήκονταθ
1745 735 2026 811 ἀξιόλογον

2142 564 2364 614 rantur.
2397 559 2542 615 Illud
2578 565 2796 628 autem,
2857 559 3048 616 Semen
3096 563 3366 625 sanctum,
3404 559 3792 630 fulcimentum

2139 650 2278 721 ejus,
2313 667 2342 704 e
2375 650 2792 705 Tbeodotionis
2842 651 3322 722 interpretatione
3354 648 3652 720 adjicitur,
3683 664 3789 702 nec

2142 739 2429 810 reperitur
2451 740 2605 810 apud
2631 741 3037 811 Septuaginta;
3058 741 3157 795 sed
3191 739 3568 809 tamen,quod
3605 739 3673 792 ad
3701 754 3792 792 eo-

371 827 494 876 νοῦν
531 821 606 886 ὡς
637 822 775 898 πρὸς
803 823 904 890 τήν
963 828 1072 878 τῶν
1129 822 1658 900 προαποδεδομένων
1707 823 2007 890 ἀκολουθία

2141 845 2271 883 rum
2304 846 2432 900 quae
2465 829 2628 900 prius
2663 831 2876 884 tradita
2896 833 3034 884 sunt
3064 830 3273 884 seriem
3292 832 3514 899 spectat
3543 844 3783 882 sensum

369 908 504 987 ’έχον
534 914 670 984 (41).
729 913 1056 988 Συνάγονται
1104 913 1204 989 γὰρ
1251 914 1400 968 οὗτοι
1445 914 1518 977 ὡς
1577 911 1906 989 τερέϐινθος,
1938 935 2007 969 κα

2141 917 2317 973 habet
2350 923 2671 974 memoratu
2688 919 2954 989 dignum.
2988 917 3353 988 Colliguntur
3373 917 3531 972 enim
3563 916 3788 972 hisicut

375 1002 450 1062 ὡς
511 999 766 1077 βάλανος,
821 1001 872 1055 tv
922 1007 1001 1074 τῷ
1055 1003 1298 1080 γενέσθαι
1358 1004 1569 1080 σπέρμα
1627 1006 1778 1080 ἅγιον
1852 1003 1903 1058 έν
1956 1007 2024 1077 τῇ

379 1091 558 1146 στάσει
606 1090 692 1145 καὶ
749 1086 1063 1166 βεϐαιότητι
1124 1092 1350 1150 ἑαυτῶν.
1408 1093 1761 1158 Ἀκολούθως
1814 1091 1870 1148 δὲ
1907 1099 2024 1155 τοῖς

380 1178 665 1254 πολλαχοῦ
723 1182 870 1256 παρά
926 1185 992 1256 τῇ
1055 1187 1242 1260 Γραφῇ
1318 1185 1590 1257 κειμένοις
1665 1183 1754 1238 καὶ
1800 1182 2024 1238 ἰειταῦθα

377 1268 704 1346 φαίνεταιτὸ
762 1270 1003 1346 χρηστὸν
1057 1270 1216 1334 τέλος
1271 1277 1378 1328 τῶν
1435 1272 1517 1328 ἆπ¹
1559 1273 1830 1348 εὐεργεσίᾳ
1857 1271 2024 1328 κολα-

372 1357 635 1430 ζομένων.
691 1358 919 1430 Πατάξω
978 1361 1110 1434 γὰρ,
1165 1361 1321 1439 φησὶ,
1388 1364 1541 1438 καγὼ
1617 1362 1861 1436 ἰάσομαι.
1923 1361 2020 1416 Καὶ

366 1445 526 1511 αὐτὸς
559 1447 742 1524 ἀλγεῖν
774 1455 943 1518 ποιεῖ,
977 1449 1068 1506 καί
1125 1450 1291 1506 πάλιν
1335 1451 1781 1522 ἀποκαθίστησιν,
1835 1453 1896 1506 Οἱ
1928 1449 2018 1506 οὗν

363 1536 630 1614 πρότερον
685 1539 827 1611 ἀκοῇ
869 1540 1180 1612 ἀκούοντες,
1241 1541 1329 1596 καὶ
1385 1543 1462 1614 μὴ
1519 1544 1805 1613 συνιέντες,
1835 1540 1924 1596 καὶ
1956 1541 2020 1595 τὰ

365 1626 488 1697 ἑξῆς
541 1633 850 1698 ποιοῦντες,
905 1631 1070 1707 μέχρι
1126 1631 1409 1704 τοσούτου,
1467 1629 1569 1693 ἕως
1623 1636 1719 1686 τοῦ
1779 1633 1855 1704 μή
1908 1633 2017 1704 (42)

361 1723 730 1782 κατοικεῖσθαι
763 1719 976 1788 πάλεις,
1023 1721 1112 1775 καὶ
1169 1719 1220 1776 ἓν
1275 1725 1343 1794 τῇ
1395 1718 1665 1798 διασπορᾷ
1710 1721 2018 1796 γινόμενοι,

363 1807 438 1867 ὡς
479 1805 642 1880 μόλις
670 1809 732 1863 τὸ
765 1806 1078 1865 ἆπιδὲκατον
1126 1815 1224 1865 τοῦ
1251 1809 1387 1866 λαοῦ
1439 1818 1831 1887 περισωθῆναι·
1866 1810 2017 1865 οὗτοι

363 1894 530 1951 πάλιν
563 1896 1062 1970 πληθυνθήσονται,
1111 1901 1197 1955 καὶ
1289 1899 1454 1956 πάλιν
1514 1903 2018 1978 καρποφορήσουσι,

363 1986 764 2059 παραπλησίως
813 1984 1108 2065 τεριόίνθῳ
1139 1989 1226 2044 καὶ
1289 1989 1534 2063 βαλάνῳ,
1591 1991 1806 2066 σπέρμα
1861 1991 2016 2066 ἅγιον

364 2073 641 2152 φέροντες,
675 2077 727 2132 ἂν
758 2082 837 2148 τῷ
868 2078 1148 2147 ἱστηκέναι
1198 2077 1404 2156 ἑδραῖοι
1451 2079 1540 2135 καὶ
1589 2081 1665 2154 μὴ
1704 2079 2014 2154 μετακινού-

366 2185 539 2236 μενοι,
571 2165 662 2221 καὶ
694 2166 1017 2244 ἇρῥιζῶσθαι
1050 2166 1102 2224 ἔν
1131 2168 1335 2245 ἀγάπῃ.

921 2611 1340 2668 ΚΕΦΑΑΑΙΟΝ
1383 2617 1447 2669 Σ.

428 2714 552 2770 191.
615 2714 712 2768 Καὶ
772 2713 981 2789 ἐγένετο
1049 2715 1102 2771 έν
1168 2721 1288 2778 ταῖς

348 2801 572 2858 Ἰωάθαν
633 2808 732 2858 τοῦ
802 2805 924 2860 υἱοῦ
1002 2805 1185 2875 Ὀζίου
1250 2805 1520 2882 βασιλέως
1575 2803 1782 2876 Ἰούδα,
1842 2804 2006 2878 ἀνέϐη

347 2890 528 2946 Ῥασῖν
595 2892 848 2967 βασιλεὺς
907 2895 1107 2968 Ἀρὰμ,
1158 2896 1247 2950 καὶ
1303 2895 1477 2950 Φακεὶ
1546 2896 1661 2958 υἱὸς
1719 2894 2008 2968 Ῥομιλίου

355 2977 614 3052 βασιλεὺς
697 2981 954 3057 Ἰσραὴλ,
1039 2983 1128 3039 ἐπὶ
1209 2983 1604 3058 Ἰερουσαλὴμ,
1690 2985 2006 3058 πολεμῆσαι

357 3066 548 3136 αυτὴν,
609 3069 699 3124 καὶ
766 3072 864 3126 οὐκ
938 3070 1292 3144 ἠδυνήθησαν
1384 3073 1751 3148 πολιορκῆσαι
1815 3075 2003 3144 αὐτήν.

1366 2718 1600 2793 ἡμέραις
1677 2718 1851 2792 Ἀχὰζ
1914 2721 2011 2772 τοῦ
2095 2769 2106 2778 ,

2137 1007 2527 1076 terebinthus,
2552 1013 2607 1063 et
2637 1008 2786 1063 sicut
2816 1007 3063 1062 balanus
3103 1011 3254 1074 tum,
3285 1007 3432 1063 521
3495 1022 3626 1061 cum
3685 1021 3788 1076 per

2136 1113 2304 1152 suam
2337 1097 2722 1152 stabilitatem
2753 1095 3258 1166 constantiamque
3288 1111 3487 1150 semen
3511 1097 3784 1149 sanctum

2136 1187 2304 1242 ﬁunt.
2338 1191 2620 1243 Caeterum
2655 1186 2770 1251 hic,
2807 1185 3022 1256 pariter
3051 1202 3114 1239 ac
3143 1185 3200 1238 in
3237 1184 3439 1238 multis
3469 1185 3784 1255 Scriptura:

2132 1276 2296 1342 locis,
2324 1276 2456 1331 finis
2487 1292 2685 1330 eorum
2721 1274 2818 1346 qui
2854 1273 3040 1345 poenis
3072 1272 3331 1327 beneficii
3366 1274 3488 1327 loco
3513 1272 3779 1326 afficiun-

2133 1373 2251 1433 tur,
2295 1366 2452 1422 utilis
2482 1381 2611 1422 esse
2627 1364 2973 1420 ostenditur.
3008 1363 3321 1416 Percutiam
3354 1361 3533 1426 enim,
3566 1363 3776 1434 inquit,

2131 1466 2183 1514 el
2209 1473 2305 1528 ego
2333 1456 2537 1512 sanabo
2557 1455 2621 1510 ³³.
2655 1453 2869 1524 Etipse
2913 1467 3159 1507 maerore
3219 1449 3470 1520 conﬁcit,
3531 1467 3598 1505 ac
3650 1468 3777 1506 rur-

2133 1563 2233 1600 sus
2261 1549 2499 1599 recreat.
2523 1542 2630 1606 Qui
2661 1541 2843 1613 igitur
2863 1540 3026 1613 prius
3057 1540 3265 1594 auditu
3299 1537 3640 1607 audiebant,
3675 1553 3780 1592 nec

2129 1639 2326 1688 tamen
2370 1631 2789 1701 intelligebant,
2851 1634 2908 1684 et
2937 1646 3026 1698 ea,
3085 1645 3211 1700 qua
3269 1630 3620 1697 sequuntur,
3678 1642 3778 1697 pa-

2129 1723 2386 1791 trabant,
2421 1738 2604 1794 eoque
2663 1737 2755 1775 res
2812 1718 3202 1785 adducebant,
3264 1722 3330 1770 ut
3357 1716 3620 1770 civitates
3663 1731 3780 1770 non

2129 1813 2559 1882 habitarentur,
2593 1811 2814 1882 quique
2834 1809 2919 1864 sic
2949 1806 3442 1879 dispergebantur
3469 1810 3535 1860 ut
3563 1804 3657 1859 vix
3685 1804 3782 1859 de-

2131 1903 2284 1957 cima
2317 1900 2515 1974 populi
2551 1917 2686 1973 pars
2719 1901 3020 1970 superstes
3049 1901 3203 1952 esset
3233 1913 3299 1950 ac
3329 1893 3530 1963 salva;
3563 1892 3604 1948 ii
3629 1891 3781 1948 mul-

2127 1993 2556 2066 tiplicabuntur
2591 1992 2826 2058 iterum,
2859 1993 3116 2060 suntque
3147 1988 3400 2042 fructum
3435 2002 3641 2041 rursus
3659 1985 3779 2041 edi-

2127 2084 2266 2145 turi.
2299 2083 2540 2153 perinde
2573 2098 2638 2136 ac
2678 2079 3048 2136 terebinthus
3078 2083 3136 2133 et
3182 2076 3374 2150 glans,
3407 2093 3606 2131 semen
3641 2093 3776 2131 san-

2126 2179 2284 2228 ctum
2317 2170 2696 2243 proferentes,
2723 2172 3026 2240 propterea
3056 2167 3209 2239 quod
3237 2164 3390 2220 firmi
3421 2165 3690 2220 steterint
3721 2169 3779 2218 et

2125 2260 2389 2326 stabiles,
2421 2276 2528 2316 nec
2559 2259 2777 2315 fuerint
2805 2257 3141 2326 transmoti,
3166 2255 3284 2311 imo
3323 2271 3458 2310 vero
3497 2254 3556 2308 in
3588 2253 3774 2309 chari-

2120 2355 2238 2408 tate
2269 2349 2496 2406 radices
2523 2347 2767 2420 egerint.

2752 2609 2988 2666 CAPUT
3018 2609 3144 2666 VII.

2195 2720 2317 2775 191.
2359 2720 2696 2790 Vens.1,2.
2732 2720 2795 2774 Et
2840 2721 3054 2791 factum
3103 2721 3184 2774 est
3230 2719 3292 2771 in
3342 2715 3532 2771 diebus
3589 2711 3771 2768 Achaz

2119 2811 2230 2882 ﬁlii
2255 2815 2538 2877 Joalham,
2564 2811 2670 2872 ﬁlii
2723 2810 2874 2866 Ozias
2929 2811 3074 2878 regis
3127 2807 3288 2873 Iuda,
3320 2805 3564 2862 ascendit
3596 2805 3772 2860 Rasin

2118 2915 2222 2954 rex
2249 2900 2437 2967 Aram,
2470 2903 2521 2955 et
2553 2900 2764 2954 Phacee
2785 2898 2941 2969 ﬁlius
3006 2899 3260 2953 Romeliz
3326 2912 3426 2950 rex
3481 2894 3669 2962 Israel,
3705 2895 3770 2948 in

2115 2989 2440 3057 Jerusalem,
2472 2989 2549 3042 ad
2579 2988 2948 3057 pra’liandum
2987 2995 3175 3042 contra
3203 3002 3332 3041 eam
3362 3001 3381 3039 :
3411 2987 3460 3040 el
3517 2999 3624 3038 non
3663 2998 3768 3052 po-

2121 3085 2685 3146 tueruntOppugnare
2703 3092 2844 3131 eam.
2896 3076 2958 3130 Et
2986 3075 3390 3130 annuntialum
3445 3080 3523 3127 est
3576 3067 3775 3127 domui

359 3155 458 3208 Καὶ
525 3155 798 3232 ἀνηγγέλη
877 3161 952 3224 είς
1026 3163 1119 3218 τὸν
1206 3165 1358 3219 οἷ8ον
1443 3159 1652 3232 Δαϐὶδ,
1715 3161 2002 3239 λέγοντες.

2122 3167 2331 3222 David:
2364 3168 2465 3238 qui
2493 3168 2772 3232 dicebant,
2804 3167 3088 3224 Consensil
3117 3167 3286 3220 Aram
3323 3181 3447 3219 cum
3477 3163 3761 3234 Ephraim.

359 3245 748 3323 Σννεφώνησεν
812 3250 992 3324 ’Δρὰμ
1060 3253 1196 3326 πρὸς
1255 3253 1346 3307 τὸν
1418 3250 1703 3328 Ἐφραίμ.
1767 3253 1865 3307 Καὶ
1927 3253 2006 3324 ἐξ·

353 3330 480 3404 έστη
514 3337 731 3412 ἡψυχὴ
791 3339 976 3409 αὐτοῦ,
1031 3342 1120 3396 καὶ
1169 3344 1203 3411 ἡ
1261 3343 1416 3417 ψυχὴ
1466 3346 1564 3396 τοῦ
1623 3339 1758 3396 λαοῦ
1818 3341 2003 3411 αὐτοῦ,

349 3421 408 3475 ὃν
476 3423 681 3498 τρόπυν
750 3426 800 3481 ἂν
871 3426 1065 3504 δρυμῷ
1132 3431 1292 3501 ξύλον
1381 3432 1486 3486 ὑπὸ
1543 3429 1850 3504 πνεύματος
1918 3453 2007 3486 σα-

349 3507 540 3577 λευθῆ.
575 3514 638 3570 Ὀ
662 3521 761 3585 τῆς
785 3515 982 3588 λέξεως
1014 3524 1140 3582 νοῦς
1170 3519 1419 3584 τοιοῦτός
1448 3519 1577 3576 ἐστι’
1601 3519 1705 3575 Δύο
1737 3518 2003 3595 βασιλεῖς,

349 3600 377 3654 ὁ
396 3605 498 3667 τῆς
527 3603 847 3678 Συρίας,καὶ
875 3608 903 3661 ὁ
933 3612 1031 3663 τοῦ
1065 3607 1308 3685 Ἰσραὴλ,
1337 3604 1602 3681 ἀνέϐησαν
1623 3609 1711 3665 ἐπὶ
1744 3612 2006 3685 Ἰερουσα-

348 3687 550 3762 λήμεῖς
582 3692 946 3767 πόλεμον,8αὶ
979 3697 1078 3754 οὐ4
1107 3696 1384 3768 ἡδύναντπ
1413 3697 1780 3775 πολιορκῆσαι
1813 3698 1998 3770 αὐτήν.

348 3785 558 3854 ’Όνομα
591 3779 650 3837 δὲ
678 3789 758 3858 τῷ
793 3787 886 3859 μὶν
923 3788 1137 3864 βασιλεῖ
1165 3789 1379 3864 Συρίας,
1411 3789 1612 3858 Ῥασὶν,
1645 3794 1726 3862 τῷ
1758 3787 1815 3844 δὶ
1850 3791 2002 3864 βασι-

349 3866 437 3924 λεῖ
468 3872 717 3947 Ἰσραὴλ,
752 3877 948 3936 Φακιέ.
982 3877 1190 3943 ἸῙλθον
1223 3876 1280 3934 δὲ
1311 3877 1534 3956 ἄγγελοι
1565 3879 2002 3952 καταμηνύοντες

347 3963 426 4032 τῷ
460 3959 735 4035 βασιλιΟῷ
767 3964 906 4039 οἴκῳ
933 3969 1031 4036 τὴν
1074 3969 1382 4043 συμρωνίαν
1428 3974 1536 4024 τῶν
1587 3964 2002 4036 ϐασιλέων,τοῦ

350 4068 408 4102 τε
435 4050 614 4123 Σύρου
645 4052 734 4106 καὶ
763 4059 858 4109 τοῦ
889 4056 1136 4131 Ἰσραήλ.
1188 4059 1248 4116 Ὀ
1295 4060 1394 4132 γὰρ
1447 4058 1623 4133 Σύρος
1653 4058 1831 4131 Ἀράμ
1866 4057 2004 4112 κατὰ

343 4138 442 4206 τὴν
469 4135 752 4196 διάλεκτον
786 4148 891 4198 τῶν
953 4141 1220 4222 Ἑϐραίων
1282 4146 1552 4203 καλεῖται·
1587 4148 1614 4202 ὁ
1675 4144 1733 4202 δὲ
1775 4145 1999 4222 Ἰσραὴλ

347 4227 588 4306 Ἐφραῒμ
637 4230 985 4306 ὀνομάζεται,
1034 4233 1122 4290 διὰ
1166 4238 1229 4292 τὸ
1287 4235 1348 4292 ἐκ
1399 4244 1498 4307 τῆς
1556 4235 1735 4312 φυλῆς
1789 4235 1998 4307 ἐκείνης

346 4316 637 4402 ὡρμῆσθαι
667 4321 760 4376 τὸν
820 4325 920 4394 τήν
976 4325 1300 4381 ἀποστασίαν
1352 4325 1402 4399 ἐξ
1448 4326 1628 4402 ἀρχῆς
1658 4325 2000 4396 πεποιηκότα

342 4401 651 4481 Ἱσροϐοάμ.
685 4411 1013 4489 Κατεπλάγη
1067 4413 1160 4469 οὖν
1211 4414 1241 4470 8
1280 4435 1339 4470 τε
1399 4401 1653 4491 βασιλεὺς
1679 4415 1769 4470 καὶ
1803 4415 1830 4470 ὁ
1863 4412 1997 4478 λαὸς

2116 3256 2182 3310 Et
2210 3260 2515 3326 stupe/acta
2543 3265 2625 3312 est
2657 3258 2847 3310 anima
2877 3257 3013 3327 ejus,
3047 3262 3099 3309 et
3130 3255 3322 3310 anima
3375 3252 3571 3324 populi
3623 3251 3764 3322 ejus,

2116 3345 2258 3399 sicut
2287 3345 2503 3414 lignum
2532 3346 2592 3400 in
2620 3345 2766 3399 silva
2793 3361 2829 3398 α
2860 3347 3013 3398 vento
3043 3347 3311 3397 movetur.
3336 3341 3391 3396 Is
3418 3341 3598 3410 hujus
3631 3355 3764 3393 sen-

2116 3433 2315 3487 tentiae
2347 3450 2560 3489 census
2591 3438 2712 3489 est:
2746 3433 2872 3488 Duo
2904 3448 3254 3504 reges,unus
3286 3429 3483 3504 Syriae,
3508 3427 3655 3484 alter
3681 3428 3766 3481 Is-

2116 3520 2359 3577 raelitici
2383 3521 3002 3593 populi,ascenderunt
3023 3521 3081 3575 in
3093 3519 3417 3575 Jerusalem
3437 3519 3510 3573 ad
3540 3515 3764 3573 bellum

2114 3611 2462 3682 gerendum,
2495 3628 2602 3667 nec
2632 3628 2760 3667 eam
2807 3627 3142 3684 expugnare
3173 3612 3508 3681 potuerunt.
3542 3607 3764 3663 Nomen

2115 3699 2234 3771 regi
2267 3699 2463 3772 Syriae,
2497 3701 2668 3756 Rasin
2703 3716 2718 3756 :
2752 3701 2873 3772 regi
2903 3716 3035 3755 vero
3096 3698 3293 3761 Israel,
3355 3697 3597 3753 Pbacee.
3658 3698 3795 3750 Ven

2117 3796 2329 3843 nerunt
2359 3793 2554 3844 autem
2588 3789 2799 3858 nuntii,
2838 3789 2934 3861 qui
2977 3788 3144 3860 regiae
3196 3787 3394 3841 domui
3428 3785 3767 3840 nuntiarent

2113 3880 2606 3950 conspirationem
2627 3895 2830 3952 regum
2862 3878 2988 3951 Syri
3011 3884 3068 3934 et
3096 3876 3273 3934 Israel
3303 3878 3367 3932 ⁸⁵.
3403 3877 3582 3948 Syrus
3605 3875 3763 3931 enim

2105 3969 2274 4039 juxta
2307 3968 2597 4024 llebraicez
2616 3968 2833 4040 linguae
2865 3969 3278 4040 proprietatem
3303 3970 3544 4022 vocatur
3564 3965 3761 4028 Aram;

2113 4057 2293 4113 Israel
2336 4074 2466 4114 vero
2488 4059 2830 4114 nominatur
2858 4059 3145 4129 Ephraim,
3178 4056 3332 4128 quod
3374 4073 3442 4110 ex
3472 4054 3569 4110 illa
3599 4055 3758 4110 tribu

2110 4147 2392 4218 prodierit
2418 4147 2731 4202 Jeroboam
2763 4144 2864 4218 qui
2921 4146 3087 4200 initio
3127 4145 3336 4200 defecit
3355 4143 3417 4200 ³⁷.
3454 4144 3656 4215 Itaque
3689 4143 3761 4198 iis

2110 4235 2349 4302 auditis,
2387 4235 2919 4308 perculsuslimore
2950 4241 3041 4290 est
3095 4238 3152 4288 et
3209 4249 3328 4297 rex,
3387 4237 3445 4288 et
3503 4231 3758 4303 populus

2107 4326 2386 4393 omnis,et
2415 4327 2496 4382 ita
2521 4326 2973 4382 comn‘otusl‘uit
2993 4323 3533 4394 etconturbatus,ut
3554 4337 3757 4377 eorum

2106 4414 2401 4470 tumultus
2431 4415 2588 4472 silvae
2623 4415 2781 4488 ligno
2813 4416 2968 4487 quod
2999 4411 3521 4470 vehementissimo
3551 4413 3753 4466 vento-

342 4494 479 4593 ιὲπας
510 4495 597 4593 ἰπὶ
635 4501 704 4573 τῇ
760 4501 919 4575 άκοῇ’
976 4505 1066 4558 καὶ
1100 4502 1273 4566 οὕτως
1323 4502 1537 4574 ἐσείσθη
1571 4503 1660 4559 καὶ
1696 4503 1996 4580 ἐταράχθη,

2122 4521 2238 4558 rum
2272 4503 2411 4560 ﬂatu
2473 4505 2751 4577 agitatur,
2807 4506 3189 4560 conferretur.
3224 4503 3292 4557 Et
3347 4500 3588 4573 quidem
3633 4499 3755 4555 haec

345 4580 482 4639 ὥστε
541 4586 884 4660 ὁμοιωθῆναι
932 4592 1024 4647 τὸν
1084 4590 1281 4648 κλόνον
1341 4592 1517 4648 αὐτῶν
1568 4590 1716 4666 ξύλῳ
1757 4593 1994 4669 δρυμοῦ,

343 4671 448 4728 ἀπὸ
474 4672 846 4752 σφοδροτάτου
875 4679 1184 4755 πνεύματος
1234 4681 1448 4755 ἀνέμων
1501 4682 1855 4755 σαλευομὲνῳ
1885 4685 1994 4756 (43)

342 4761 405 4817 Ἦ
442 4764 537 4836 μὲν
587 4763 678 4820 οὖν
727 4766 877 4838 ἁπλῆ
939 4766 1196 4846 διήγησις
1233 4775 1344 4825 τῶν
1395 4769 1646 4846 ῥημάταν
1692 4769 1845 4836 αὕτη.
1889 4773 1995 4828 Βα-

344 4851 571 4921 σανίζων
616 4851 662 4908 δ’
710 4856 771 4910 ἄν
818 4877 904 4919 τις
945 4858 1006 4912 τὸ
1068 4857 1257 4934 ῥητὸν,
1321 4858 1472 4933 εὕροι
1515 4860 1636 4915 τινὰ
1683 4858 1996 4930 οἰκειότητα

341 4941 475 5013 πρὸς
505 4944 656 5016 ἡμᾶς
685 4945 775 5000 καὶ
803 4946 904 5015 τήν
939 4945 1242 5022 οἰκοδομὴν
1272 4955 1376 5019 τῆς
1426 4947 1761 5020 Ἐκκλησίας
1803 4947 1862 5004 ὲκ
1887 4953 1996 5004 τῶν

341 5028 766 5106 ἱστορουμένων.
797 5035 947 5100 Τίνες
981 5035 1072 5092 οὖν
1125 5037 1256 5094 εἰσιν
1308 5039 1361 5096 οἱ
1407 5039 1863 5117 συμφωνήσαντες
1895 5036 1994 5094 ἀλ-

338 5117 537 5191 λήλοις
597 5121 866 5199 βασιλεῖς,
922 5128 1060 5182 κατὰ
1110 5125 1337 5202 δύναμιν
1397 5127 1751 5202 ἐξετάσωμεν.
1803 5129 1995 5204 Ἥγοῦ-

2107 4600 2195 4651 est
2225 4595 2534 4651 verborum
2568 4595 2818 4667 simplex
2840 4595 3114 4651 narratio.
3136 4593 3242 4649 Sed
3275 4591 3482 4664 siquis
3503 4589 3757 4662 diligen-

2105 4684 2226 4740 tius
2265 4683 2414 4740 hanc
2436 4690 2838 4756 perscrutatur
2868 4684 3246 4751 sententiam,
3305 4681 3358 4737 ei
3416 4697 3486 4737 ex
3523 4680 3595 4735 iis
3625 4694 3754 4749 quae

2105 4779 2569 4830 commemorata
2581 4779 2860 4830 suntcom
2869 4780 3096 4845 pertum
3121 4769 3527 4842 erit,nonnihil
3542 4769 3752 4824 horum

2105 4863 2178 4918 ad
2212 4879 2319 4918 nos
2350 4868 2406 4918 et
2436 4863 2508 4918 ad
2542 4864 2808 4921 Ecclesiae
2827 4863 3271 4921 aediﬁcationem
3303 4858 3756 4935 pertinere.Qui-

2104 4967 2240 5008 nam
2273 4953 2454 5025 igitur
2476 4953 2597 5010 sint
2626 4945 2790 5028 reges
2813 4955 3042 5028 isti,qui
3072 4954 3225 5011 inter
3243 4969 3307 5010 se
3337 4946 3752 5022 conspirarint,

2105 5058 2208 5114 pro
2256 5042 2410 5098 virili
2438 5042 2857 5115 inquirendum
2905 5045 3076 5102 nobis
3141 5048 3250 5101 est.
3309 5040 3595 5114 Equidem
3654 5036 3756 5111 qui

2103 5147 2298 5187 sermo
2331 5148 2435 5204 per
2459 5133 2641 5205 hujus
2673 5134 2871 5191 saeculi
2913 5134 3262 5207 sapientiam
3325 5132 3605 5188 adversus
3654 5126 3758 5183 Dei

398 5256 443 5292 ⁸⁸
471 5258 640 5316 Deut.
665 5277 842 5334 mn,
868 5262 957 5319 39.
993 5264 1038 5300 ³⁸
1071 5264 1143 5319 IV
1172 5267 1312 5337 Reg.
1344 5281 1460 5336 xm,
1491 5265 1528 5320 5
1564 5268 1623 5322 et
1650 5279 1818 5338 seqq.
1849 5265 1893 5301 ³⁷
1926 5263 2006 5320 III

2123 5282 2177 5336 g.
2211 5283 2268 5332 κ,
2298 5268 2370 5322 26
2400 5283 2414 5336 ;
2446 5285 2549 5337 xu,
2579 5270 2670 5325 20.

542 5394 780 5474 Yeteres
810 5399 927 5474 d‘uo
960 5399 1118 5474 libri,
1147 5397 1587 5474 πρόκειται,ηοη
1618 5400 1701 5474 ita
1730 5403 1907 5474 recte.

2165 5403 2482 5478 (43)_Editi,
2519 5399 2916 5478 σαλευομένου,
2958 5404 3142 5478 male.
3175 5405 3318 5477 Reg.
3381 5402 3622 5478 tertius,
3671 5420 3738 5456 σα

399 5465 511 5536 (41)
546 5467 780 5549 Editiqt
837 5470 976 5543 Reg.
1029 5465 1281 5544 primus,
1336 5465 1502 5548 ἔχειν.
1561 5473 1678 5530 Alii
1727 5473 1989 5546 quinque
2097 5465 2621 5549 leuoutvmvﬁihilo
2649 5465 3311 5549 mélius.1¢.liiquinquve
3343 5465 3752 5549 masque);on

327 5551 454 5593 mss
467 5579 479 5593 .
497 5580 511 5606 ,
546 5541 700 5607 ἕχον,
734 5541 902 5597 bene.

331 5557 511 5606 mss.,
546 5557 571 5592 ε
618 5559 700 5607 ον,
734 5557 902 5597 nene.

331 5608 510 5752 p.342)
557 5557 803 5686 ἐκιῐὶσυὶ
835 5629 938 5670 sex
981 5613 1139 5688 libri,
1195 5611 1300 5679 ῐως
1354 5618 1474 5674 τοῦ.
1531 5615 1707 5686 Editi,
1763 5610 1867 5678 ἕως
1921 5615 1984 5671 οὗ

2102 5544 2268 5620 μινῴ,
2301 5544 2544 5631 optime.
2576 5551 2782 5631 §tatim
2813 5549 2978 5619 editi,
3028 5544 3136 5603 τῗύν
3195 5544 3398 5624 ρἠῶν.
3454 5551 3520 5604 At
3567 5545 3750 5603 nostri

2099 5619 2272 5688 mss.,
2302 5619 2410 5676 τῶν
2444 5619 2705 5696 ῥημάτων
