4138 6406
298 343 415 398 447

1249 341 1644 402 APPENDIX
1690 341 2016 403 OPERUM
2065 342 2131 400 S.
2178 339 2463 401 BASlLll
2511 337 2781 401 MAGNI.

3604 340 3720 400 M8

301 467 606 524 scientiam
641 470 899 538 effertur,
931 487 1065 526 eum
1097 472 1350 526 arbitror
1388 489 1491 544 per
1518 474 1685 527 Aram
1721 471 1948 543 signiﬁ-

2072 490 2165 542 μαι
2195 468 2375 523 τοίνυν
2423 469 2514 522 τὸν
2567 468 2658 540 μὲν
2709 466 3066 539 ἐπαιρόμενον
3093 469 3161 540 τῇ
3196 466 3360 541 σοφίᾳ
3387 471 3486 522 τοῦ
3516 466 3714 533 αἰῶνος

302 559 443 612 cari.
478 563 650 614 Aram
683 562 838 614 enim
875 561 920 616 si
954 561 1086 632 quis
1119 563 1556 632 interpretetur,
1581 568 1751 615 sonat
1775 563 1953 616 subli-

302 664 448 703 men.
482 649 641 703 Talis
671 655 865 704 autem
900 656 988 704 est
1018 667 1210 706 sermo
1247 652 1576 722 principum
1638 651 1818 720 hujus
1845 669 1950 705 saa-

297 736 439 802 culi,
468 753 600 791 cum
634 739 786 793 circa
819 741 1262 801 astronomiam.
1297 742 1585 795 motiones
1617 742 1949 809 stellarum,

293 827 821 894 conjunctiones,et
852 829 1066 895 ﬁguras
1099 837 1710 900 versetur.causasque
1737 829 1945 884 huma-

299 930 509 968 narum
571 931 764 969 rerum
821 916 956 971 hinc
1010 917 1335 987 dependere
1377 920 1650 973 afﬁrmet.
1689 920 1740 974 Is
1773 935 1944 988 porro

296 1001 568 1058 sublimis
582 1010 670 1058 est
688 1010 810 1059 tum
830 1008 902 1060 ob
917 1006 1408 1062 existimationem
1425 1009 1492 1062 de
1507 1024 1569 1062 se
1582 1011 1946 1078 conceptam,

297 1095 422 1144 tum
447 1091 518 1145 ob
551 1093 867 1162 superbum
904 1093 1071 1149 illum
1108 1097 1345 1156 fastum,
1379 1113 1554 1166 quem
1588 1098 1637 1150 is
1659 1096 1820 1151 solus
1847 1096 1946 1166 qui

295 1183 537 1233 sanctus
555 1186 663 1248 est,
697 1168 890 1236 verbis
922 1184 1184 1239 veritatis
1215 1191 1472 1238 evertere
1521 1201 1587 1239 ac
1619 1185 1948 1254 deprimere

295 1268 778 1339 novit,siquidem
803 1271 1052 1340 Spiritus
1065 1274 1248 1328 sancti
1270 1275 1482 1328 virtute
1495 1275 1695 1343 dejicit
1711 1289 1944 1328 omnem

293 1357 668 1413 altitudinem
695 1377 823 1414 sese
849 1363 1130 1417 adversus
1171 1363 1271 1418 Dei
1322 1363 1628 1418 scientiam
1664 1362 1946 1417 extollen-

291 1451 408 1500 tem
442 1446 952 1505 ‘3°“.Arbitramur
981 1456 1178 1506 autem
1202 1453 1532 1520 scientiam,
1559 1469 1684 1522 qua:
1707 1451 1944 1522 quidem

294 1553 363 1590 ex
396 1539 689 1609 susceptis
718 1539 1039 1611 Scripturis
1061 1542 1273 1596 divinis
1307 1529 1700 1605 hauriturlsed
1737 1559 1769 1596 a
1791 1547 1946 1596 recto

295 1641 470 1680 sensu
497 1627 722 1682 detorta
752 1629 1203 1701 est,t‘alsumque
1223 1647 1435 1685 nomen
1469 1630 1943 1700 habet,Ephraim

293 1715 486 1770 vocari
509 1716 570 1770 ‘5.
597 1718 903 1772 Jeroboam
929 1719 1083 1774 enim
1117 1721 1188 1774 ab
1218 1719 1323 1774 hac
1347 1721 1502 1774 tribu
1553 1721 1808 1790 sumpsit
1838 1719 1947 1774 ori-

293 1802 618 1875 ginem,qui
652 1806 923 1876 primusa
954 1809 1178 1864 semine
1206 1809 1378 1863 David
1408 1810 1559 1866 522
1584 1809 1819 1864 discidit
1842 1809 1942 1862 tri-

293 1893 406 1948 bus
438 1895 634 1949 decem
658 1897 794 1965 “hac
825 1897 1152 1952 Salomonis
1175 1901 1365 1954 factus
1395 1899 1535 1954 olim
1568 1915 1770 1954 servus
1802 1897 1946 1969 fugi-

292 1983 621 2050 tivus,abiit
649 1985 705 2039 in
742 1986 1420 2059 ngytum,sororemque
1441 1989 1810 2043 Theceminae
1838 2004 1944 2042 ux-

296 2070 416 2126 oris
441 2071 757 2129 Pbaraonis
788 2075 848 2129 in
879 2077 1323 2131 matrimonium
1358 2075 1526 2131 duxit
1547 2078 1609 2130 ιτ.
1644 2076 1747 2131 Hic
1778 2081 1833 2130 et
1862 2075 1944 2128 vi-

297 2160 457 2216 tulas
487 2178 695 2218 aureas
725 2164 973 2233 finxit,et
994 2165 1120 2219 dies
1135 2167 1314 2221 festos
1335 2166 1549 2221 ecorde
1577 2183 1683 2221 suo
1706 2165 1859 2220 eruit
1878 2165 1945 2235 ‘5,

300 2249 442 2305 Cum
476 2251 656 2322 igitur
686 2253 920 2322 gentilis
953 2270 1145 2310 sermo
1177 2256 1330 2310 fastu
1383 2267 1556 2326 atque
1613 2254 1948 2326 arrogantia

299 2337 372 2390 ob
405 2337 739 2395 dialecticas
770 2343 1310 2412 argumentationes
1347 2345 1576 2414 plenus,
1608 2344 1948 2398 societatem

307 2440 442 2480 cum
475 2426 749 2484 heretico
806 2434 862 2485 et
911 2448 1176 2502 perverso
1243 2449 1510 2488 sermone
1567 2434 1780 2501 inierit,
1816 2439 1952 2487 tunc

307 2516 477 2568 Aram
534 2533 664 2571 cum
727 2518 1001 2588 Ephraim
1063 2521 1275 2576 dicitur
1306 2522 1675 2593 conspirare:
1735 2522 1952 2593 quippe

306 2605 458 2658 ardes
492 2605 723 2661 Davidis
756 2607 1116 2680 aediﬁciaque
1149 2610 1309 2681 cupit
1349 2610 1638 2678 demoliri,
1681 2616 1737 2664 et
1759 2609 1949 2665 locum

303 2693 424 2746 veri
456 2693 649 2750 cultus
682 2696 1002 2753 devastare.
1036 2699 1165 2754 Voti
1195 2704 1391 2754 tamen
1426 2717 1665 2771 compos
1718 2717 1832 2755 non
1867 2699 1949 2754 lit.

304 2785 505 2852 Neque
537 2784 690 2837 enim
726 2785 1052 2842 Jerusalem
1115 2805 1447 2860 expugnare
1509 2791 1741 2860 poterit,
1798 2789 1947 2860 quod

305 2875 539 2925 tueatur
568 2888 694 2926 eam
731 2890 796 2928 ac
827 2875 1100 2931 defendat
1120 2877 1502 2934 Dominus.Et
1532 2879 1778 2934 fortasse
1797 2878 1855 2932 hi
1881 2893 1951 2932 ne

303 2967 578 3029 poterunt
609 2963 846 3032 quidem
883 2965 1036 3019 inter
1064 2983 1125 3021 se
1154 2968 1516 3038 conspirare,
1547 2968 1658 3022 nisi
1693 2967 1952 3022 abunda-

301 3049 450 3102 verit
483 3054 746 3104 nostrum
791 3061 1114 3122 peccatum.
1151 3059 1296 3110 Nam
1324 3057 1362 3110 ii
1395 3056 1570 3110 etiam
1631 3056 1730 3127 qui
1783 3057 1952 3126 juxta

303 3134 612 3192 historiam
645 3140 704 3194 in
737 3141 943 3197 diebus
975 3144 1164 3199 Acbaz
1187 3146 1617 3216 conspirarant,
1657 3146 1952 3216 conspira-

2063 559 2258 613 τούτου
2290 558 2426 612 κατὰ
2454 564 2554 626 τῆς
2586 558 2835 631 γνώσεως
2866 554 2963 610 τοῦ
2993 561 3127 612 Θεοῦ
3159 555 3328 630 λόγον
3364 559 3475 629 (44)
3509 555 3714 628 δηλοῦ-

2065 649 2186 701 σθαι
2219 645 2307 701 διὰ
2335 647 2424 701 τὸν
2465 646 2668 720 Ἀράμ·
2723 644 3082 716 ἒμμηνεύεται
3131 647 3232 721 γὰρ
3279 647 3307 700 6
3358 646 3535 722 Ἀρὰμ
3588 669 3713 720 μετ-

2064 738 2253 810 έωρος.
2287 739 2550 796 Τοιοῦτος
2583 732 2640 788 δὲ
2687 735 2714 788 ὁ
2760 733 2927 808 λόγος
2971 738 3079 788 τῶν
3128 734 3409 810 ἀρχόντων
3453 740 3549 789 τοῦ
3581 735 3714 790 αἰῶ-

2061 846 2152 887 νος
2210 824 2429 890 τούτου,
2487 823 2872 898 ἀστρονομίαις
2933 823 3222 898 προσέχῶν
3294 823 3384 877 καὶ
3436 826 3711 895 κινήσεσιν

2061 913 2320 988 ἀστέρων,
2381 914 2471 968 καὶ
2530 911 2900 985 συμπλοκαῖς,
2965 914 3056 967 καὶ
3133 915 3406 988 σχήμασι,
3467 914 3711 978 κάκεῖθεν

2055 1009 2161 1058 τῶν
2219 1004 2571 1077 ἀνθρωπίνων
2649 1002 2982 1077 πραγμάτων
3041 1004 3136 1064 τὰς
3211 1001 3386 1064 αίτίας
3439 1004 3711 1078 ἠρτῆσθαι

2058 1091 2259 1167 λέγων.
2293 1093 2578 1168 Μετέωρος
2610 1089 2686 1160 δε,
2737 1091 2828 1146 καὶ
2861 1090 2950 1146 διὰ
2995 1091 3095 1160 τὴν
3129 1089 3306 1162 οῗήσιν
3355 1091 3443 1146 κσὶ
3481 1093 3544 1148 τὸ
3574 1092 3714 1148 ἀλα-

2061 1183 2269 1250 ζονικὸν
2323 1181 2488 1236 αὐτοῦ
2552 1179 2789 1254 ἔπαρμα,
2821 1181 2849 1235 ὃ
2913 1181 3079 1252 μόνος
3119 1179 3236 1236 οἶδε
3289 1183 3564 1254 καθαιρεῖν
3597 1185 3712 1254 (45)

2055 1277 2172 1332 τοῖς
2207 1267 2397 1346 λόγοις
2451 1273 2548 1338 τῆς
2612 1271 2891 1338 ἀληθείας,
2927 1270 2955 1323 6
3012 1270 3188 1344 ἅγιος,
3245 1269 3312 1342 τῇ
3360 1267 3583 1342 δυνάμει
3613 1277 3712 1326 τοῦ

2056 1361 2369 1433 ΙΙνεύματος
2399 1355 2762 1414 καταϐάλλων
2797 1364 2899 1413 πᾶν
2934 1358 3135 1431 ὕψωμα
3187 1357 3546 1430 έπαιρόμενον
3575 1364 3713 1415 κατά

2054 1455 2156 1516 τῆς
2185 1448 2435 1523 γνώσεως
2465 1452 2560 1502 τοῦ
2600 1451 2752 1503 Θεοῦ.
2805 1448 2920 1514 Τὴν
2975 1443 3031 1500 δὲ
3083 1445 3220 1500 κατά
3245 1444 3568 1522 παραδοχὴν
3601 1454 3708 1503 τῶν

2057 1537 2209 1592 θείων
2244 1542 2470 1614 Γραφῶν
2518 1543 2802 1604 συστᾶσαν,
2857 1534 3295 1611 ἐκτετραμμένην
3342 1538 3439 1604 τῆς
3475 1538 3704 1606 εὐθείας,

2055 1628 2144 1681 καὶ
2202 1624 2554 1699 ψευδώνυμον
2615 1630 2835 1700 γνῶσιν,
2897 1626 3129 1701 Ἐσραῒμ
3201 1626 3483 1700 ἡγούμεθα
3537 1647 3707 1701 προσ-

2058 1716 2426 1791 αγορεύεσθαι.
2461 1712 2686 1782 Ἐπειδὴ
2731 1715 2822 1768 ἀπ’
2857 1714 3021 1782 αὐτῆς
3061 1713 3290 1788 ὥρμητο
3335 1709 3646 1787 Ἱεροϐοάμ,
3680 1717 3708 1771 6

2055 1811 2271 1878 πρῶτας
2336 1805 2640 1879 ἀποσχίσας
2698 1809 2794 1858 τοῦ
2848 1805 3158 1878 σπέρματος
3226 1798 3391 1858 Δαῦὶδ
3443 1805 3540 1866 τὰς
3583 1802 3711 1860 δέκα

2055 1893 2252 1972 φυλὰς,
2286 1895 2346 1950 ὃς
2375 1895 2463 1948 καὶ
2527 1891 2797 1968 δραπέτης
2853 1893 2984 1948 ποτὶ
3030 1897 3128 1947 τοῦ
3173 1891 3539 1965 Σολομῶντος
3568 1895 3713 1970 γενό-

2061 2004 2243 2055 μενος,
2286 1983 2362 2045 εἰς
2411 1983 2687 2058 Αἴγυπτου
2719 1980 2952 2053 ἀπῆλθε,
3014 1982 3103 2036 καὶ
3143 1983 3242 2050 τήν
3275 1979 3520 2057 ἀδελφὴν
3553 1989 3709 2038 Θεκε-

2061 2073 2216 2146 μίνας
2243 2080 2342 2141 τῆς
2389 2073 2643 2147 γυναικὸς
2698 2073 2900 2147 Φαραὼ
2945 2071 3080 2146 πρὸς
3139 2073 3314 2145 γάμον
3368 2067 3584 2130 ἔλαϐεν.
3617 2076 3713 2135 "Oc

2055 2163 2144 2217 καὶ
2195 2163 2287 2223 τὰς
2318 2166 2524 2236 χρυσᾶς
2578 2159 2843 2232 δαμάλεις
2892 2159 3179 2227 ἀνέπλασε,
3212 2160 3302 2215 καὶ
3358 2161 3546 2233 ὶορτάς
3598 2165 3709 2236 (46)

2058 2249 2359 2324 ἀνέπεμψεν
2394 2251 2499 2304 ἀπὸ
2546 2256 2645 2319 τῆς
2678 2248 2904 2325 καρδίας
2952 2249 3136 2305 αὐτοῦ.
3187 2252 3351 2306 ’Ὸταν
3377 2250 3473 2304 οὗν
3507 2252 3534 2304 6
3573 2250 3709 2305 ἐθνι-

2061 2341 2156 2404 κὸς
2180 2339 2363 2414 λόγος,
2397 2341 2423 2393 δ
2461 2339 2600 2414 μέγα
2632 2344 2844 2414 φρονῶν
2869 2338 2954 2392 ἐπὶ
3009 2336 3376 2401 διαλεκτικαῖς
3425 2339 3706 2415 ἆπιχειρή-

2064 2451 2229 2500 σεσιν,
2280 2426 2557 2502 ἐπιπλακῇ
2607 2433 2686 2500 νῷ
2735 2429 2992 2502 αἱρετικῷ
3047 2427 3138 2482 καὶ
3188 2428 3706 2503 παρατετράμμένῳ,

2063 2524 2372 2596 συμφωνεῖν
2407 2516 2621 2593 λέγεται
2673 2519 2701 2572 6
2746 2519 2858 2590 (47)
2912 2516 3088 2591 Ἀρὰμ
3134 2517 3272 2585 πρὸς
3317 2518 3410 2571 τὸν
3451 2519 3710 2596 Ἑφραῗμ,

2061 2608 2350 2681 έπιΘυμίαν
2383 2606 2525 2682 ἔχων
2555 2606 2802 2671 καθελεῖν
2833 2607 2902 2661 τὰ
2943 2612 3040 2661 τοῦ
3072 2601 3237 2661 Δαείδ
3270 2604 3713 2680 οἰκοδομήματα,

2060 2699 2148 2752 καὶ
2211 2697 2548 2772 ἐκπορθῆσαι
2601 2697 2692 2751 τὸν
2747 2696 2914 2750 τόπον
2969 2703 3067 2764 τῆς
3124 2694 3390 2766 ἀληθινῆς
3439 2697 3716 2772 Λατρείας.

2063 2785 2139 2844 Ού
2177 2789 2282 2859 μήν
2336 2808 2396 2860 γε
2442 2785 2770 2860 περιγίνεται
2817 2790 2914 2840 τοῦ
2965 2789 3190 2840 σκοποῦ.
3247 2785 3321 2840 Ού
3350 2785 3450 2860 γὰρ
3483 2783 3715 2856 δυνιζσε-

2058 2897 2146 2931 ται
2180 2874 2609 2950 ἐκπολιορκῆσαι
2654 2873 2745 2929 διὰ
2790 2875 2880 2929 τὸν
2935 2875 3360 2947 ὁπερασπίζοντα
3401 2874 3571 2942 αὐτῆς
3603 2874 3711 2930 Κύ-

2063 2986 2202 3041 ριον.
2233 2966 2384 3039 Τάχα
2435 2962 2491 3019 δὶ
2547 2962 2672 3018 οὐδὲ
2717 2961 2967 3018 δύνανται
3014 2968 3364 3039 συμφωνῆσαι
3412 2961 3582 3024 οὗτοι,
3619 2961 3706 3015 ἐὰν

2066 3055 2140 3127 μὴ
2173 3057 2208 3123 ἡ
2241 3052 2480 3125 ἁμαρτία
2509 3057 2671 3126 ἡμῶν
2729 3052 3028 3127 πλεονάσῃ.
3073 3047 3293 3118 Ἐπειδὴ
3344 3049 3432 3104 καὶ
3483 3051 3535 3103 οἱ
3573 3049 3711 3104 κατὰ

2057 3145 2157 3212 τήν
2208 3143 2976 3220 ἱστορίανσυμφωνήσαντες,
3037 3139 3089 3194 έν
3137 3145 3255 3201 ταῖς
3330 3137 3562 3214 ἡμέραις
3616 3143 3712 3192 τοῦ

300 3224 518 3280 tionem
552 3233 817 3285 mutuam
852 3233 1253 3301 patefecerunt
1283 3235 1355 3288 ob
1399 3241 1702 3306 peccatum
1734 3234 1948 3304 Acbaz,

2062 3232 2258 3308 Ἀχάζ,
2289 3235 2390 3302 τὴν
2432 3233 2566 3310 πρὸς
2623 3229 2908 3302 ἀλλήλους
2974 3227 3349 3284 ἐπεδείκνυντο
3396 3227 3709 3304 συμφωνίαν

303 3315 403 3385 qui
437 3332 550 3370 non
585 3317 719 3372 fecit
776 3326 1000 3375 rectum
1053 3338 1248 3376 coram
1307 3323 1572 3391 Domino,
1624 3324 1725 3378 sed
1759 3323 1942 3377 ﬁlium

303 3420 478 3458 suum
511 3407 770 3462 traduxit
795 3408 852 3461 in
884 3409 1038 3480 igne,
1069 3416 1128 3466 et
1159 3411 1427 3468 adolebat
1479 3414 1536 3467 in
1593 3413 1836 3468 excelsis
1868 3413 1937 3469 ⁸³.

303 3497 579 3548 Attamen
615 3495 902 3552 malorum
935 3514 1138 3570 regum
1173 3501 1454 3557 adversus
1520 3501 1806 3556 Ecclesiae
1853 3517 1948 3555 co-

307 3587 483 3636 natus
512 3585 824 3640 conturbat
865 3587 1119 3643 Davidiis
1176 3590 1438 3657 domum,
1474 3590 1790 3662 populique
1821 3589 1949 3644 ani-

308 3687 472 3725 mum
513 3675 753 3743 stupore
787 3675 1068 3745 percellit,
1105 3678 1183 3733 ita
1211 3685 1276 3732 ut
1306 3680 1376 3733 ob
1410 3680 1721 3750 strepitum
1744 3697 1811 3735 ex
1841 3678 1949 3733 hac

303 3761 638 3816 turbatione
671 3779 1028 3833 nascentem,
1054 3767 1212 3839 ligno
1236 3769 1598 3825 infructuose
1623 3769 1952 3825 consimilis

306 3849 403 3903 sit.
449 3849 562 3904 Sed
590 3853 878 3925 benignus
915 3856 1083 3919 Deus,
1120 3858 1588 3928 pertubationem
1619 3875 1821 3914 eorum
1855 3876 1951 3914 sa-

307 3954 476 4007 nans,
513 3941 693 3995 mittit
752 3943 1158 4016 prOpheticum
1191 3964 1544 4018 sermonem,
1587 3949 1688 4019 qui
1719 3964 1748 4003 e
1779 3949 1953 4004 corde

307 4027 509 4100 populi
558 4031 808 4102 expellat
864 4034 1161 4106 timorem,
1220 4038 1362 4092 dum
1414 4038 1559 4093 dicit
1589 4038 1786 4111 (VERS.
1820 4039 1852 4092 4
1887 4055 1899 4092 :
1937 4039 1952 4110 )

308 4116 384 4170 Nc
421 4118 634 4187 timeas,
689 4136 862 4194 neque
910 4124 1102 4178 anima
1149 4132 1246 4180 tua
1298 4127 1614 4197 inﬁrmatur
1658 4143 1691 4181 a
1747 4126 1954 4183 duobus

309 4205 478 4276 lignis
504 4210 910 4282 fumigantibus
941 4215 1081 4269 istis.

381 4387 507 4446 192.
547 4387 692 4445 Vide
723 4394 914 4447 autem
959 4409 1102 4448 num
1137 4393 1310 4450 etiam
1342 4411 1411 4450 ex
1460 4395 1589 4468 ipsa
1643 4396 1955 4454 nominum

307 4475 788 4547 interpretatione
808 4497 1013 4538 ansam
1047 4483 1239 4555 possis
1299 4485 1558 4556 arripere
1588 4501 1656 4541 ea
1686 4503 1813 4558 quas
1881 4487 1953 4543 ad

305 4564 670 4624 hunclocum
690 4572 1180 4642 spectant,adbuc
1209 4572 1952 4648 diluoidiusperspiciendi.

2057 3318 2274 3394 aiam»
2308 3322 2572 3398 ἁμαρτίαν
2603 3325 2700 3375 τοῦ
2729 3321 2926 3396 Ἀχάζ,
2969 3318 3025 3381 ὃς
3057 3317 3156 3372 οὐκ
3205 3317 3429 3387 ἐποίησε
3469 3318 3530 3372 τὸ
3564 3315 3711 3378 etet;

2059 3409 2291 3465 ἆνώπιον
2320 3414 2434 3485 (48)
2495 3411 2712 3486 Κυρίου,
2747 3409 2895 3464 ἀλλᾶ
2947 3409 3038 3463 τὸν
3097 3405 3213 3461 υίὸν
3246 3407 3416 3461 αὐτοῦ
3449 3403 3631 3480 διῆγεν
3661 3403 3712 3459 έν

2058 3501 2213 3576 πυρὶ,
2242 3501 2332 3554 καὶ
2393 3500 2588 3574 ἂθυμία
2632 3501 2686 3554 ἒν
2735 3506 2852 3561 τοῖς
2900 3495 3155 3572 ὑψηλοῖς.
3205 3495 3466 3572 Ταράσσει
3525 3496 3710 3566 μέντοι

2057 3589 2150 3644 τὸν
2180 3592 2328 3644 οἷκον
2363 3585 2549 3658 Δαϐὲδ,
2604 3589 2694 3644 καὶ
2743 3588 2976 3660 έξίστησι
3027 3588 3125 3655 τὴν
3185 3586 3369 3660 ψυχὴν
3422 3587 3519 3638 τοῦ
3552 3582 3708 3647 λαοῦ,

2061 3679 2199 3734 ὥστε
2248 3679 2337 3734 καὶ
2400 3681 2509 3753 (49)
2569 3679 2797 3754 ἀκάρπῳ
2855 3676 3001 3750 ξύλῳ
3056 3675 3455 3752 προσεοικέναι,
3505 3670 3594 3727 διὰ
3622 3674 3715 3728 τὸν

2061 3769 2168 3822 ἀπὸ
2197 3776 2294 3837 τῆς
2318 3776 2565 3844 ταραχῆς
2591 3767 2947 3843 ἐγγενόμενον
2980 3763 3200 3833 κλόνον,
3234 3767 3269 3834 ἡ
3300 3767 3710 3835 τῶνηπονηρῶν

2067 3858 2334 3934 βασιλέων
2394 3861 2532 3915 κατὰ
2579 3865 2686 3915 τῶν
2747 3857 3090 3930 Ἐκκλησιῶν
3143 3856 3506 3931 ἆπιχείρησις.
3557 3851 3716 3907 Ἀλλ’

2064 3947 2217 4020 ὅμως
2250 3950 2276 4004 ὁ
2310 3948 2698 4024 φιλάνθρωπος
2745 3948 2894 4017 Θεὸς,
2939 3944 3248 4022 θεραπεύων
3281 3945 3458 3999 αὐτῶν
3487 3945 3586 4012 τὴν
3619 3963 3712 3996 τα-

2065 4039 2264 4113 ραχὴν,
2308 4039 2510 4111 πέμπει
2569 4037 2907 4114 προφητικὸν
2970 4035 3158 4113 λόγον,
3215 4033 3564 4105 ἐξελαύνοντα
3621 4031 3712 4086 τὸν

2064 4123 2232 4204 φόϐον
2263 4132 2369 4182 τῶν
2401 4125 2638 4203 καρδιῶν
2670 4131 2772 4182 τοῦ
2815 4126 2973 4194 λαοῦ,
3007 4123 3097 4180 διὰ
3123 4128 3220 4179 τοῦ
3253 4122 3454 4198 λέγειν’
3490 4122 3584 4190 Μὴ
3617 4141 3716 4198 φο-

2065 4211 2186 4286 ϐοῦ,
2252 4214 2394 4290 μηδὲ
2450 4219 2484 4285 ἡ
2541 4218 2694 4291 ψυχή
2776 4237 2872 4270 σου
2947 4214 3236 4270 ἀσθενείτω
3297 4213 3400 4268 ἀπὸ
3457 4215 3564 4265 τῶν
3617 4207 3714 4264 δύο

2064 4305 2240 4380 ξύλων
2270 4310 2379 4362 τῶν
2411 4304 2818 4379 καπνιζομένων
2847 4303 3077 4360 τούτων.

2139 4399 2261 4453 192.
2294 4398 2437 4472 ’Όρα
2469 4392 2526 4450 δὶ
2558 4395 2603 4449 εὶ
2628 4393 2850 4450 δύνασαι
2899 4394 2988 4448 καὶ
3039 4392 3100 4447 ἐκ
3146 4398 3247 4462 τῆς
3288 4395 3393 4446 τῶν
3427 4386 3711 4462 όνυμάτων

2065 4484 2360 4560 ὖρμηνείας
2412 4484 2662 4560 ἀφορμὰς
2739 4479 2924 4538 λαϐεῖν
2999 4486 3096 4536 τοῦ
3145 4477 3223 4538 ἔτι
3273 4479 3590 4555 τρανότερον
3648 4477 3715 4530 τὰ

2064 4576 2203 4632 κατὰ
2256 4576 2348 4632 τὸν
2404 4576 2573 4632 τόπον
2637 4572 2789 4632 ἰδεῖν.
2843 4571 3233 4648 Ἑρμηνεύεται
3288 4570 3387 4644 γὰρ
3461 4571 3489 4624 6
3547 4567 3714 4643 Ἀχὰζ

376 4663 728 4751 “fnllmcor.
754 4684 818 4751 ξ,
847 4669 899 4723 5.
934 4669 978 4705 ⁸⁸
1003 4671 1249 4751 IIbReg.
1279 4688 1362 4744 ιι,
1393 4673 1482 4728 26.
1517 4674 1562 4710 ⁴⁸
1595 4674 1671 4731 ΙΙΙ
1705 4674 1843 4749 Reg.
1876 4692 1948 4732 xu

2062 4677 2129 4748 3;
2163 4676 2241 4733 III
2273 4681 2526 4751 Reg.x1,
2558 4678 2611 4733 ι.
2643 4677 2686 4712 η
2718 4674 2862 4732 ibid.
2900 4675 2989 4744 19,
3013 4674 3167 4746 juxt.
3206 4673 3371 4726 axx.
3403 4668 3548 4726 “III
3570 4671 3711 4740 Reg.

305 4749 407 4806 xu,
438 4736 527 4793 28.
561 4738 606 4774 ‘9
637 4737 714 4794 IV
751 4739 894 4814 Reg.
926 4759 1046 4815 ινι,
1075 4745 1132 4799 2.

519 4838 760 4920 éntigui
789 4857 892 4920 sex
920 4840 1076 4920 libri,
1108 4839 1288 4920 λόγον.
1325 4843 1495 4912 Editi,
1529 4840 1727 4920 λόγου.

522 4909 702 4990 ﬁditi,
732 4909 1103 4990 καθαιρήσειν.
1135 4909 1206 4970 At
1231 4932 1331 4971 sex
1360 4909 1529 4983 mss.,
1561 4909 1858 4990 καθαιρεῖν.

377 4979 489 5058 (46)
521 4979 695 5058 Illud,
723 4979 1056 5058 xal‘sdpéac,
1117 4992 1251 5056 etc.,
1309 4996 1362 5042 et
1418 5003 1447 5042 θ
1493 4979 1655 5045 corde
1711 4979 1808 5046 tuo
1839 4990 1954 5046 die:

304 5053 467 5130 festos
485 5057 789 5130 emisit,ita
820 5053 1064 5130 intelligi
1099 5053 1306 5112 debere
1321 5059 1573 5116 arbitror
1605 5079 1617 5116 :
1644 5062 1799 5126 Quos
1825 5063 1950 5118 dies

306 5126 878 5201 testosinstituerat,
912 5131 949 5185 ii
987 5126 1102 5185 (icti
1133 5138 1299 5185 erant
1329 5137 1386 5185 et
1413 5135 1821 5201 commentitii,
1847 5151 1951 5190 nec

307 5194 749 5278 aliugdeoquam
785 5194 1044 5257 ab'illius
1069 5203 1556 5278 pravis_m_oribus
1589 5194 1850 5278 proiecti.

641 5271 900 5344 quinque
934 5265 1084 5329 mss:
1121 5278 1192 5344 At
1222 5273 1382 5334 editi.
1404 5278 1502 5344 τῷ.

376 5337 489 5421 (i8)
519 5337 692 5421 Editi,
716 5337 862 5404 εύθές
895 5345 947 5398 έν
980 5343 1308 5421 ὀφθαλμοῖς.
1367 5337 1632 5421 At_'_mss.
1668 5366 1780 5421 se;
1797 5352 1861 5402 ut
1890 5348 1949 5402 in

307 5413 596 5488 contextu:
631 5413 889 5488 Quantas
921 5413 1191 5473 tenebras
1211 5417 1296 5471 vel
1321 5417 1742 5474 eruditissimis
1768 5419 1951 5475 homi-

306 5479 482 5562 nibus
513 5483 776 5541 oll‘undat
806 5487 892 5562 vel
927 5488 1171 5562 minima
1203 5489 1507 5562 scripturis
1545 5492 1950 5562 mutatio,jam

307 5552 881 5636 observaveremulti
916 5576 930 5616 :
962 5562 1113 5630 quod
1143 5552 1397 5636 idem-et
1453 5561 1549 5617 hic
1579 5552 1952 5636 quoquevan-

307 5625 496 5707 notari
530 5633 740 5707 potest.
769 5629 913 5707 Nam
939 5625 1052 5687 non
1084 5633 1269 5707 multo
1299 5631 1473 5707 intra,
1499 5625 1634 5707 cum
1665 5625 1952 5707 interpres

306 5695 367 5750 in
399 5695 546 5770 Reg:
567 5702 758 5771 primo
791 5701 1049 5774 legisset,
1079 5702 1170 5757 καὶ
1198 5695 1566 5775 εὐθυμία,ἐἰο
1598 5695 1950 5782 interpreta-

1980 4852 2029 4918 D
2059 4851 2156 4904 tus
2197 4855 2283 4905 est
2313 4865 2326 4903 :
2360 4849 2427 4904 Et
2457 4846 2680 4920 quidem
2702 4845 2998 4920 immodica
3022 4843 3306 4920 _secur_'ilas
3345 4839 3588 4920 turbavit
3617 4838 3713 4894 do-

2058 4936 2214 4993 mum
2251 4921 2426 4976 David
2458 4912 2478 4975 Ξ
2510 4937 2625 4993 quo
2655 4918 2797 4990 quid
2852 4916 3114 4993 ineptius
3150 4913 3280 4993 _dici
3337 4912 3545 4993 possit,
3595 4927 3714 4965 non

2059 4991 2249 5071 video.
2281 4994 2388 5047 Sed
2421 4993 2471 5048 si
2501 4987 2870 5071 Tilmannus,
2903 4987 3114 5071 horum
3144 4987 3712 5071 Commentariorum

2061 5063 2454 5135 interpres,ex
2479 5063 2607 5135 aliis
2635 5057 2898 5135 quinque
2923 5059 3140 5117 nostris
3166 5057 3466 5135 codicibus
3495 5070 3600 5126 pro
3619 5057 3710 5135 εὐ-

2059 5129 2231 5206 θυμία
2259 5129 2519 5210 legisset,
2569 5129 2972 5210 tOu'ptat,'_e_ur_n
3002 5137 3122 5188 tam
3154 5129 3408 5210 graviter
3426 5130 3714 5210 peccatu-

2060 5197 2194 5281 run;
2227 5197 2427 5281 fuisse,
2485 5197 2678 5273 nemo,
2713 5197 2824 5261 nisi
2857 5206 3118 5281 iniquus,
3151 5197 3530 5281 existimabit.
3562 5197 3711 5281 Nam

2061 5270 3002 5356 facile__i_ntellexissetrespexisse
3061 5275 3525 5356 scriptorem'ail
3589 5270 3711 5356 illa,

2061 5368 2187 5422 quis
2211 5351 2297 5422 μιν,
2324 5356 2463 5422 Reg.
2502 5368 2615 5412 xvx.
2637 5351 2703 5422 fi,
2763 5342 3041 5422 leguntur
3074 5342 3242 5422 :UK'ai
3301 5342 3589 5422 t0u0_la(_c,_
3621 5342 3711 5422 καῖ

2062 5413 2254 5494 ἔΘυμία
2287 5421 2337 5475 ἒν
2369 5413 2485 5484 τόῖς
2519 5413 2779 5495 ὑψηλοῖς,
2821 5413 2907 5476 “Et
2961 5417 3337 5488 sacriﬁcabat,
3381 5420 3434 5470 et
3461 5413 3715 5471 adolebat

2060 5497 2121 5550 in
2147 5496 2399 5551 excelsis.

2131 5567 2248 5638 (49)
2290 5568 2524 5623 Veteres
2545 5582 2647 5621 sex
2675 5563 2832 5634 libri,
2865 5559 3005 5616 ὥστε
3048 5555 3160 5638 καί.
3194 5560 3372 5638 Abest
3399 5554 3488 5638 καί
3519 5556 3717 5638 abex-

2058 5629 2263 5711 οιιὲὶεἶΔ
2301 5638 2434 5711 Mox_
2463 5639 2625 5705 editi,
2655 5629 2904 5711 ταραχῆς
2959 5631 3273 5711 γενόμενον.
3319 5629 3562 5702 Antiqui
3592 5632 3714 5684 tres

2059 5708 2220 5778 libri,
2251 5700 2626 5786 ἐγγενόμενον.
2658 5700 2772 5767 Alii
2799 5700 2942 5780 fres,
2973 5700 3351 5780 ἒγγινόμενον.
