4138 6410
371 417 496 477 449

1198 415 1607 478 COMMENT.
1651 414 1733 474 ΙΝ
1775 413 2048 475 ISAIAM
2093 414 2603 477 PROPHETAM.
2651 416 2818 477 CAP.
2864 417 2993 478 VII.

3686 421 3808 480 450

377 545 762 622 κατάσχεσις·
827 545 1071 615 ἰωάθαν,
1135 547 1258 602 Ἰαῶ
1324 544 1602 600 συντέλεια
1660 545 1772 616 (50)
1807 562 1819 576 ο
1882 544 1910 597 6
1983 539 2042 596 δὲ

2166 545 2346 600 ΑΟΙΊΒΖ
2396 546 2574 613 enim,
2659 547 2710 603 si
2763 547 3188 618 interpreteris,
3248 550 3464 606 dicitur
3520 553 3802 624 retentio;

377 640 582 708 Ὀζίας,
646 635 808 712 ἰσχὺς
867 637 1030 690 Ἰαὼ·
1095 635 1123 689 6
1180 632 1238 688 δὲ
1294 635 1488 708 Ἀρὰμ,
1549 634 1623 695 ὡς
1680 631 2038 706 προείπαμεν,

385 728 683 802 μετέωρος·
743 727 772 780 6
829 723 887 780 δὲ
945 725 1139 792 Φακεὲ,
1195 721 1452 794 διάνοιξις
1486 741 1498 754 ’
1533 723 1560 776 6
1620 720 1678 776 δὲ
1731 720 2042 793 Ῥομελίας,

385 819 663 892 μετέωρος
705 820 1037 890 περιτομῆς.
1073 817 1366 888 Συμφωνεῖ
1414 810 1502 866 οὗν
1553 813 1580 866 ὁ
1632 811 1902 884 μετέωρος
1945 809 2042 865 λό-

379 928 499 983 γος,
531 906 624 961 καὶ
708 906 736 959 6
820 899 1297 978 ἐπαγγελλόμενος
1352 900 1687 977 σαφηνιστὴς
1742 902 1874 953 εἶναι
1931 903 2040 953 τῶν

384 998 540 1060 θείων
599 997 825 1069 Γραφῶν
887 991 1074 1066 λόγος.
1108 994 1276 1044 Τοῦτο
1325 991 1427 1063 γὰρ
1459 989 1705 1066 ἐμφαίνει
1760 990 1788 1043 6
1846 988 2038 1054 Φακεὲ,

386 1081 822 1161 ἑρμηνευόμενος
909 1075 1188 1148 διάνοιξις,
1259 1078 1424 1133 οἱονεὶ
1511 1077 1850 1154 σαφηνισμὸν
1933 1080 2042 1130 τῶν

393 1169 897 1242 ἀποκεκλεισμένων
951 1174 1053 1236 τῆς
1116 1170 1332 1242 Γραφῆς
1420 1169 1730 1242 μαρτυριῶν
1790 1162 1860 1219 δι’
1920 1165 2040 1219 ἑαυ-

390 1267 486 1318 τοῦ
532 1262 645 1331 (51)
697 1256 1154 1332 ὑπισχνούμενος.
1186 1258 1309 1313 ’Ότι
1370 1253 1426 1310 δὲ
1457 1258 1492 1324 ἡ
1524 1255 1660 1310 κατᾶ
1687 1258 1788 1323 τῆς
1838 1256 2039 1328 Ἰερου-

388 1352 580 1424 σαλήμ
609 1349 897 1427 συμφωνία
927 1353 1036 1402 τῶν
1094 1345 1188 1401 δύο
1243 1345 1530 1420 βασιλέων,
1561 1349 1659 1400 τοῦ
1711 1366 1770 1400 τε
1827 1344 1913 1399 ἐπὶ
1969 1347 2038 1418 τῇ

387 1442 552 1518 σοφίᾳ
579 1445 678 1494 τοῦ
706 1438 918 1510 κόσμου
963 1440 1316 1514 φρονοῦντος,
1348 1435 1436 1490 καὶ
1488 1439 1584 1489 τοῦ
1630 1432 2042 1510 ὶπαγγελλομά-

381 1551 480 1585 νου
533 1529 602 1584 τὰ
656 1526 1047 1599 κεκαλυμμδνα
1104 1532 1203 1594 τῆς
1281 1527 1496 1601 Γραφῆς
1554 1523 1930 1590 ἀναπτύσσειν,
1987 1522 2039 1576 ἄν

385 1617 622 1693 δόγμαοι
653 1616 744 1671 καὶ
794 1615 983 1690 λόγοις
1033 1613 1295 1674 ἐναντίοις
1343 1613 1572 1688 γίνεται,
1606 1611 2038 1687 προσδοκώντων

388 1705 748 1782 ὑποχειρίους
775 1702 1043 1778 λήψεσθαι
1073 1701 1201 1764 τοὺς
1261 1702 1327 1756 τὰ
1380 1708 1480 1770 τῆς
1509 1701 1836 1771 Ἑκκλησίας
1895 1698 2042 1755 δεδι-

387 1794 718 1871 δαγμένους,
779 1792 839 1848 ἐκ
883 1796 990 1847 τῶν
1041 1790 1230 1868 ἐφεξῆς
1290 1788 1686 1846 ἀποδείκνυται.
1743 1785 2042 1846 Έϐουλεύ-

386 1906 548 1940 σαντο
578 1883 681 1959 γὰρ
734 1880 1228 1980 βουλήνςπονηραν
1256 1881 1283 1933 6
1311 1879 1490 1980 Ἀρὰμ
1698 1879 1788 1934 καὶ
1826 1881 1871 1980 ‘6
1928 1879 2043 1940 υἱὸς
2074 1914 2121 1980 Β

385 1979 488 2030 τοῦ
561 1970 875 2045 Ῥομελίου,
950 1968 1246 2044 λέγοντες·
1304 1963 1724 2042 Ἀναϐησόμεθα
1799 1967 1874 2032 εἷς
1940 1970 2039 2038 τὴν

386 2060 676 2134 Ἰουδαίαν,
761 2060 851 2115 καὶ
950 2057 1392 2128 συλλαλήσαντες
1484 2057 1698 2127 αὐτοῖς,
1778 2057 2041 2131 ἀποστρὲ-

384 2155 559 2226 ψομεν
593 2152 707 2224 (53)
741 2148 941 2209 αὐτοὺς
995 2147 1132 2223 πρὸς
1164 2149 1330 2218 ἡμᾶς.
1385 2150 1582 2222 Σαφῶς
1635 2146 1736 2221 γὰρ
1798 2148 1826 2200 6
1879 2145 2044 2221 λόγος

384 2241 736 2315 παρίστησιν,
770 2237 853 2292 ὅτι
903 2234 992 2291 διὰ
1041 2243 1142 2304 τῆς
1191 2234 1243 2289 ἐν
1295 2239 1373 2307 τῷ
1418 2231 1759 2309 διαλέγεσθαι
1817 2236 2040 2298 πιθανό-

382 2350 551 2400 τητος
585 2327 870 2397 ἐλπίζουσι
931 2325 1023 2380 τὸν
1084 2325 1230 2379 οἶκον
1294 2319 1458 2378 Δαϐὶδ
1517 2324 1850 2399 ἀποστρέψαι
1907 2324 2042 2399 πρὸς

385 2418 629 2479 ἑαυτούς.
665 2413 1124 2491 Ἐπαγγίλλονται
1158 2411 1216 2468 δὲ
1257 2414 1348 2467 καὶ
1406 2411 1634 2488 βασιλέα
1687 2415 2040 2483 καταστήσειν

383 2507 479 2563 τὸν
527 2507 642 2561 υἱὸν
699 2499 942 2573 Ταόεήλ·
977 2501 1328 2578 ἑρμηνεύεται
1389 2498 1446 2555 δὲ
1497 2503 1524 2555 6
1567 2496 1784 2570 Ταϐεήλ
1842 2502 2043 2575 ἀγαθὸς

387 2596 519 2658 Θεός
553 2597 688 2668 (54).
740 2589 907 2650 Ἴδιον
956 2589 1014 2646 δὲ
1057 2595 1162 2645 τῶν
1210 2589 1595 2662 ἐπιτιθεμένων
1643 2593 1712 2663 τῇ
1746 2587 2047 2661 Ἐκκλησία

385 2687 447 2741 τὸ
503 2687 884 2760 ὑπισχνεῖσθαι
933 2678 1273 2755 παραδώσειν
1331 2679 1398 2733 τὰ
1437 2679 1560 2754 περὶ
1616 2683 1711 2734 τοῦ
1769 2681 1896 2733 Ι*ἱοῦ
1948 2684 2045 2734 τοῦ

387 2779 542 2831 Θεοῦ·
570 2773 663 2828 καὶ
696 2770 785 2827 διὰ
811 2777 914 2840 τῆς
959 2769 1220 2838 τοιαύτης
1276 2767 1687 2843 χρηστολογίας
1743 2767 2045 2838 ἰξαπατῶσι

385 2865 514 2925 τοὺς
565 2860 1002 2937 ἀκεραιοτὲρους.
1053 2859 1172 2912 Ὅτι
1228 2855 1286 2912 δὲ
1343 2861 1510 2912 ταῦτα
1566 2857 1858 2932 αἰνίγματά
1911 2857 2046 2928 ἐστι,

391 2953 482 3010 διὰ
526 2960 628 3024 τῆς
679 2950 925 3028 ἱστορίας
973 2949 1110 3027 πρὸς
1147 2949 1248 3018 τὴν
1295 2953 1385 3003 νῦν
1431 2950 1752 3003 κατάστασιν
1780 2953 1887 3002 τῶν
1924 2950 2046 3005 Ἐκ-

390 3044 642 3114 κλησιῶν
683 3040 934 3119 φέροντα,
967 3043 1152 3113 σαφῶς
1192 3039 1220 3093 ὁ
1251 3036 1416 3113 λόγος
1455 3037 1664 3110 προϊὼν
1717 3037 2044 3112 ἄπογυμνοῖ,

396 3131 606 3208 λίγων·
639 3133 757 3185 ’Ζὰν
793 3131 868 3204 μὴ
900 3128 1246 3199 πιστεύσητε,
1279 3125 1403 3182 οὐδὲ
1437 3129 1511 3199 μὴ
1545 3133 1762 3196 συνῆτε.

475 3311 597 3367 193.
660 3309 764 3365 Καὶ
839 3308 951 3362 εἶπε
1023 3307 1217 3378 Κύριος
1295 3307 1432 3382 πρὸς
1502 3305 1720 3361 Ἡσαΐαν
1757 3325 1769 3336 ·

397 3399 478 3462 είς
537 3399 858 3466 συνάντησιν
917 3397 1110 3471 Ἀχὰζ,
1167 3395 1230 3450 σὺ
1286 3396 1376 3450 καὶ
1435 3397 1462 3450 6
1518 3395 1897 3473 καταλειφθεὶς
1947 3397 2053 3452 Ἰα-

393 3483 530 3544 σοὺό
591 3488 621 3543 ὀ
680 3486 800 3548 υἱός
855 3507 972 3555 σου,
1033 3485 1110 3549 είς
1174 3488 1274 3555 τήν
1333 3480 1731 3558 κολυμϐήθραν
1787 3493 1888 3554 τῆς
1942 3486 2052 3539 ἅνω

391 3575 525 3633 ὁδοῦ
594 3579 694 3630 τοῦ
755 3574 928 3650 ἀγροῦ
1000 3577 1099 3629 τοῦ
1173 3575 1442 3653 γναφίως,
1502 3575 1591 3629 καὶ
1663 3573 1802 3649 ἐρεῖς
1854 3573 2001 3648 αύτῷ
2038 3594 2052 3608 ο

396 3665 646 3738 Φύλαξαι
725 3669 824 3719 τοῦ
900 3666 1200 3739 ἡσυχάσαι,
1269 3663 1359 3718 καὶ
1423 3666 1497 3737 μὴ
1568 3659 1762 3742 φοϐοῦ,
1824 3663 1964 3737 μηδὲ
2015 3668 2051 3735 ἠ

394 3758 547 3832 ψυχή
599 3776 697 3809 σου
758 3754 1043 3809 ἀσθενείτω
1111 3753 1216 3808 ἀπὸ
1271 3756 1380 3807 τῶν
1431 3749 1527 3807 δύο
1578 3751 1752 3823 ξύλων
1813 3757 1918 3807 τῶν
1963 3751 2055 3808 δα-

396 3843 510 3900 λῶν
561 3849 670 3900 τῶν
729 3843 1140 3916 καπνιζομὲνων
1189 3841 1421 3900 τούτων.
1479 3843 1644 3900 ’Όταν
1730 3841 1830 3918 γὰρ
1919 3843 2054 3918 ὀργή

395 3939 492 3990 τοῦ
572 3937 751 4007 θυμοῦ
834 3953 939 4005 μου
1018 3932 1263 4007 γένηται,
1317 3929 1486 3986 πάλιν
1563 3931 1807 4004 ἰάσομαι.
1863 3931 1970 3987 Καὶ
2029 3934 2058 3986 6

401 4025 518 4086 υἱὸς
604 4027 703 4077 τοῦ
788 4021 984 4096 Ἀρὰμ,
1039 4021 1129 4076 καὶ
1190 4021 1217 4075 6
1266 4020 1384 4083 υἱὸς
1459 4025 1556 4076 τοῦ
1615 4019 1926 4094 Ῥομελίου,
1975 4022 2058 4075 ὅτι

401 4109 797 4169 ἐϐουλεύσαντο
881 4107 1090 4184 βουλὴν
1165 4110 1409 4184 πονηρὰν
1486 4109 1610 4184 περὶ
1687 4113 1803 4180 σοῦ,
1875 4109 2060 4185 λέγον-

399 4223 509 4265 τες·
575 4194 1000 4273 Ἀναῦησόμιθα
1084 4199 1159 4261 είς
1231 4200 1332 4269 τὴν
1382 4197 1668 4271 Ἰουδαίαν,
1715 4200 1804 4254 καὶ
1863 4198 2063 4255 συλλα-

404 4291 674 4362 λήσαντες
778 4287 1006 4356 αὐτοῖς,
1099 4287 1516 4362 ἀποστρέψομεν
1630 4287 1824 4349 αὐτοὺς
1925 4291 2062 4362 πρὸς

406 4384 580 4455 ἡμᾶς,
625 4378 717 4433 καὶ
790 4375 1185 4453 βασιλεύσομεν
1255 4376 1424 4446 αὐτῆς
1479 4379 1593 4449 (55)
1643 4378 1736 4431 τὸν
1790 4379 1906 4432 υἱὸν
1963 4385 2065 4434 Τα-

404 4466 564 4542 ϐεήλ,
621 4464 758 4522 Τάδε
816 4465 959 4542 λέγει
1022 4465 1259 4540 Κύριος·
1294 4465 1373 4522 Ού
1435 4468 1510 4538 μὴ
1575 4465 1732 4541 μείνῃ
1793 4469 1826 4532 ἢ
1889 4466 2063 4542 βουλή

403 4559 564 4630 αὕτη,
600 4554 726 4612 οὑὸὶ
779 4554 948 4611 ἔσται’
977 4553 1105 4610 ἀλλ’
1154 4557 1188 4624 ἡ
1237 4553 1450 4631 κεφαλὴ
1499 4558 1596 4609 τοῦ
1647 4556 1847 4631 Ἀρὰμ,
1881 4564 2068 4631 Δαμα-

1825 3303 2048 3376 ⁹¹Εξελθε
2079 3289 2121 3356 C

2150 634 2428 702 Joathan,
2473 644 2572 690 Juo
2619 639 3060 704 consummatio;
3117 638 3306 703 Ozias,
3361 639 3624 708 fortitudo
3652 642 3798 702 Jao.‘

2154 730 2350 789 Aram,
2386 730 2448 778 ut
2478 743 2657 796 supra
2688 727 2908 782 dictum
2941 733 3050 796 est,
3098 730 3390 795 sublimis;
3423 730 3662 796 Phacee,
3691 734 3797 787 ad-

2153 817 2362 884 apertio
2386 832 2406 875 ,·
2443 815 2754 879 Bomelias,
2786 818 2964 872 elatus
3008 821 3471 876 circumcisionis.
3515 822 3714 891 Itaque
3744 826 3801 876 et

2153 920 2344 958 sermo
2377 907 2472 974 qui
2506 904 2781 960 sublimis
2809 911 2918 972 est,
2951 913 3007 961 et
3028 924 3218 962 sermo
3241 911 3340 980 qui
3373 926 3436 964 se
3465 910 3796 965 divinarum

2151 993 2583 1063 Soripturarum
2637 993 2944 1062 pollicetur
2984 1011 3113 1050 esse
3156 997 3618 1067 explanatorem,
3649 997 3802 1054 inter

2151 1096 2214 1137 se
2247 1081 2606 1151 conspirant.
2639 1082 2807 1147 Nam,
2862 1082 3075 1138 Pbacee
3116 1101 3290 1155 quem
3339 1085 3800 1157 interpretantur

2152 1169 2582 1239 adapertionem,
2610 1171 2664 1224 id
2690 1170 2945 1226 indicat:
2975 1172 3142 1242 quasi
3166 1175 3462 1230 recondita
3484 1175 3797 1247 Scriptura:

2151 1259 2495 1315 testimonia
2526 1258 2828 1330 promittat
2855 1276 2964 1314 sua
2993 1259 3180 1331 ipsius
3212 1278 3388 1332 opera
3421 1263 3798 1334 explanatum

2151 1348 2243 1402 iri.
2277 1349 2440 1410 Quod
2499 1353 2697 1404 autem
2747 1349 3000 1404 duorum
3060 1366 3260 1421 regum
3306 1352 3457 1421 (tum
3516 1355 3663 1422 ejus,
3697 1353 3800 1424 qui

2153 1435 2437 1508 gloriatur
2465 1437 2536 1492 de
2567 1437 2772 1492 mundi
2793 1437 3104 1508 sapientia,
3135 1443 3258 1493 tum
3282 1440 3432 1508 ejus,
3467 1441 3566 1510 qui
3589 1458 3650 1497 se
3673 1442 3801 1498 abs-

2153 1529 2319 1580 trusa
2365 1527 2676 1596 Scriptura:
2734 1525 2861 1581 loca
2917 1527 3224 1597 proﬁtetur
3297 1528 3798 1600 explanaturum)

2153 1615 2434 1669 adversus
2479 1614 2806 1670 Jerusalem
2859 1616 3191 1685 concordia,
3243 1617 3707 1673 existimantium
3740 1635 3802 1674 s0

2153 1719 2252 1758 eos
2300 1704 2400 1773 qui
2451 1721 2544 1758 res
2599 1704 3029 1760 ecclesiasticas
3076 1705 3265 1759 edocti
3324 1713 3484 1774 sunt,
3517 1707 3575 1761 in
3629 1723 3800 1764 suam

2155 1799 2500 1864 potestatem
2548 1795 2907 1863 redacturos,
2956 1795 3015 1848 in
3067 1796 3359 1866 dogmatis
3403 1798 3803 1869 doctrinisque

2154 1883 2306 1939 inter
2335 1900 2396 1938 se
2455 1884 2854 1954 pugnantibus
2913 1884 3104 1954 posita
3151 1885 3246 1953 sit,
3308 1903 3378 1940 ex
3421 1887 3802 1958 sequentibus

2151 1979 2329 2048 patet.
2367 1973 2628 2028 inierunt
2683 1972 2838 2026 enim
2897 1971 3210 2026 consilium
3273 1971 3496 2028 malum
3545 1975 3716 2029 Aram
3748 1979 3805 2030 et

2151 2065 2311 2120 ﬁlius
2343 2062 2638 2126 Romeliae,
2671 2061 2930 2116 dicentes
2970 2060 3167 2132 (Vens.
3201 2062 3293 2132 6):
3345 2063 3712 2118 Ascendemus
3742 2066 3804 2119 in

2151 2153 2429 2220 Iudaeam,
2461 2164 2510 2206 et
2556 2151 2920 2220 colloquentes
2966 2167 3089 2204 cum
3137 2154 3214 2205 eis
3264 2155 3567 2207 avertemus
3615 2169 3701 2208 eos
3729 2153 3802 2208 ad

2149 2259 2274 2298 nos.
2315 2241 2606 2296 Nimirum
2643 2240 2811 2294 docet
2843 2239 3146 2310 perspicue
3179 2240 3468 2295 sententia
3509 2240 3710 2296 isthmc
3741 2241 3800 2296 id

2152 2348 2249 2388 eos
2283 2346 2572 2402 sperasse,
2624 2334 2689 2384 ut
2743 2329 2814 2383 ad
2849 2343 2911 2383 se
2966 2329 3277 2383 verborum
3337 2331 3613 2385 suasione
3645 2332 3800 2388 528

2154 2423 2482 2475 averterent
2515 2417 2745 2472 Davidis
2775 2417 3039 2472 domum.
3075 2419 3197 2472 lmo
3236 2418 3412 2473 etiam
3454 2418 3807 2488 pollicentur

2154 2509 2581 2564 oonstituturos
2597 2522 2660 2560 se
2677 2521 2871 2575 regem
2887 2504 3070 2559 filium
3087 2505 3320 2561 Tabeel.
3342 2508 3806 2578 Interpretantur

2157 2603 2348 2652 autem
2380 2595 2613 2664 Tabeel,
2674 2597 2878 2650 bonum
2924 2596 3116 2649 Deum.
3150 2596 3254 2659 Qui
3298 2602 3494 2650 autem
3531 2597 3804 2652 Ecclesiis

2156 2685 2483 2742 moliuntur
2510 2683 2778 2748 insidias,
2811 2683 2883 2737 iis
2915 2683 3207 2754 peculiare
3231 2688 3320 2738 est
3342 2685 3622 2755 polliceri,
3656 2703 3718 2741 se
3739 2702 3807 2741 ea

2157 2792 2283 2846 quis
2315 2775 2387 2829 ad
2422 2772 2520 2828 Dei
2553 2773 2766 2828 Filium
2791 2779 3079 2842 spectant,
3111 2773 3434 2830 tradituros
3461 2792 3474 2840 ;
3499 2780 3680 2845 atque
3702 2774 3805 2830 tali

2158 2862 2662 2934 blandiloquentia
2685 2863 2746 2915 in
2776 2878 3032 2916 errorem
3061 2861 3363 2931 pellioiunt
3392 2863 3804 2934 simpliciores.

2158 2952 2287 3008 Haec
2344 2957 2540 3006 autem
2599 2951 2914 3021 aenigmata
2971 2965 3120 3018 esse,
3172 2966 3297 3021 qua;
3354 2967 3458 3022 per
3501 2951 3808 3007 historiam

2159 3043 2511 3098 adumbrata
2533 3041 2599 3094 ad
2625 3044 2970 3111 praesentem
2991 3039 3384 3095 Ecclesiarum
3399 3043 3550 3095 statu
3560 3044 3629 3094 m'
3637 3041 3807 3112 perti-

2158 3134 2359 3194 neant,
2393 3129 2723 3184 luculenter
2751 3129 3010 3183 ostendit
3030 3129 3314 3184 orationis
3337 3128 3541 3193 series,
3574 3129 3664 3184 his
3685 3146 3808 3185 ver-

2159 3219 2251 3274 bis
2282 3219 2476 3284 (Vsas.
2508 3220 2561 3286 9)
2587 3235 2599 3271 :
2633 3219 2751 3274 Nisi
2778 3217 3155 3282 credideritis,
3186 3233 3300 3272 non
3329 3218 3670 3288 intelligetis.

2236 3308 2354 3362 193.
2405 3307 2581 3362 Vens.
2639 3306 2751 3361 3-9.
2811 3307 2879 3361 Et
2933 3307 3080 3362 dixit
3134 3307 3394 3360 Dommus
3451 3307 3520 3361 ad
3565 3308 3806 3362 Isaiam:

2163 3398 2428 3469 Egredere
2457 3399 2518 3452 in
2547 3413 2833 3452 occursum
2880 3397 3078 3466 Achaz,
3111 3399 3169 3450 tu
3196 3399 3248 3451 et
3277 3397 3374 3466 qui
3413 3396 3707 3451 derelictus
3735 3399 3814 3452 est

2159 3487 2333 3546 Jasub
2363 3487 2514 3556 ﬁlius
2571 3489 2716 3555 tuus,
2765 3485 2834 3540 ad
2878 3486 3152 3556 piscinam
3206 3487 3507 3556 superioris
3534 3487 3644 3542 viae
3689 3502 3815 3557 agri

2159 3575 2422 3647 fullonis.
2447 3577 2512 3630 Et
2532 3575 2676 3631 dices
2697 3577 2788 3631 ei:
2821 3574 3074 3643 Observa,
3099 3579 3161 3629 ut
3181 3575 3351 3629 sileas
3373 3591 3386 3629 :
3409 3580 3462 3629 et
3492 3591 3561 3629 ne
3580 3577 3778 3630 timeas
3795 3593 3814 3630 :

2161 3682 2336 3737 neque
2365 3667 2554 3720 anima
2583 3670 2686 3720 tua
2708 3665 3024 3734 inﬁrmetur
3051 3682 3085 3718 α
3115 3665 3321 3719 duobus
3354 3665 3523 3734 lignis
3554 3666 3817 3719 titionum

2163 3756 2564 3827 fumigantium
2615 3754 2868 3820 istorum,
2926 3754 3060 3806 Cum
3116 3754 3269 3807 enim
3326 3755 3412 3807 ira
3465 3754 3673 3823 furoris
3702 3754 3820 3808 mei

2167 3845 2463 3912 exstiterit,
2509 3860 2732 3898 rursum
2779 3842 3003 3898 sanabo.
3059 3846 3123 3898 Et
3178 3843 3330 3912 ﬁlius
3359 3844 3544 3911 Aram,
3575 3850 3626 3897 et
3669 3842 3819 3913 ﬁlius

2170 3935 2448 4001 Romeliae,
2479 3935 2750 4004 quoniam
2780 3935 3028 3987 inierunt
3057 3933 3357 3988 consilium
3408 3933 3622 3987 malum
3653 3932 3718 3988 de
3747 3941 3818 4002 te,

2168 4022 2444 4077 dicentes:
2496 4021 2861 4077 Ascendemus
2921 4024 2981 4076 in
3034 4021 3314 4091 Judaeum,
3376 4029 3430 4077 et
3461 4023 3824 4093 colloquentes

2169 4128 2294 4168 cum
2321 4113 2425 4173 eis,
2457 4119 2760 4166 avertemus
2801 4127 2894 4166 eos
2940 4111 3016 4165 ad
3063 4127 3180 4178 nos,
3213 4120 3266 4165 et
3314 4113 3707 4166 constituemus
3738 4127 3823 4164 re-

2170 4217 2292 4270 gem
2321 4202 2439 4272 ejus
2475 4201 2655 4270 ﬁlium
2690 4200 2894 4256 Tabeel.
2944 4201 3072 4257 ch
3118 4205 3302 4255 autem
3331 4199 3466 4254 dicit
3519 4201 3822 4255 Dominus:

2173 4292 2290 4346 Non
2319 4292 2567 4345 manebit
2614 4290 2908 4345 consilium
2963 4289 3081 4356 hoc,
3137 4305 3315 4359 neque
3341 4291 3468 4343 erit.
3531 4288 3631 4343 Sed
3660 4293 3825 4357 caput

2174 4381 2368 4440 Aram,
2415 4380 2713 4434 Damascus
2745 4395 2766 4440 ,ο
2821 4383 2875 4432 et
2916 4387 3077 4449 caput
3135 4379 3410 4444 Damasci,
3472 4380 3666 4433 Rasin.
3719 4378 3824 4432 Sed

2173 4469 2357 4525 adhuc
2385 4471 2672 4540 sexaginta
2729 4476 2779 4525 et
2827 4469 3068 4540 quinque
3113 4469 3296 4537 annis,
3357 4468 3562 4537 deﬁciet
3592 4483 3826 4538 regnum

2175 4560 2442 4631 Ephraim
2474 4557 2538 4614 de
2566 4567 2786 4629 poputo,
2817 4561 2868 4613 et
2905 4561 3071 4625 caput
3118 4557 3382 4629 Ephraim
3427 4561 3738 4626 Somorum,
3773 4567 3828 4614 et

479 4757 594 4836 (59)
626 4757 711 4812 Ita
762 4771 904 4836 mss.
966 4752 1617 4836 omnes._‘Editi,_._vo_ce
1647 4752 1771 4807 Ἰαῶ
1794 4755 2065 4836 _omi_ssa,
2094 4760 2143 4826 D
2175 4773 2289 4828 que
2320 4755 2478 4836 polb.
2539 4759 2599 4836 et
2653 4758 2793 4836 Reg.
2843 4755 3174 4836 secum-dus,
3233 4753 3260 4806 6
3293 4754 3490 4836 Ἀράμ,
3525 4771 3558 4809 a
3585 4753 3826 4836 “quibus

406 4824 628 4885 Ἰωάθὰν
663 4824 964 4880 συντέλεια.
1025 4825 1362 4881 Exscribere
1423 4825 1563 4880 libet
1608 4841 1734 4895 quae
1794 4825 1904 4881 hoo
1940 4824 2064 4885 loco

405 4902 466 4956 in
497 4916 699 4956 vocem
733 4899 857 4952 ’[αῶ
889 4898 1192 4953 annotavit
1221 4897 1308 4952 vir
1351 4897 1791 4952 eruditissimus
1821 4899 2064 4955 Combe-

406 4972 594 5028 ﬁsius.
629 4971 719 5028 Sic
747 4969 964 5042 inquit,
997 4985 1196 5042 nomen
1218 4970 1511 5040 proprium
1530 4970 1627 5024 Dei
1655 4977 1706 5024 et
1736 4975 2066 5040 tetragram-

403 5053 617 5100 matum
654 5041 882 5116 antiqui
937 5041 1238 5116 eﬁ‘erebant
1268 5059 1288 5098 :
1342 5043 1722 5116 nouitiumque
1777 5050 1878 5109 est,
1918 5044 2066 5116 quod

404 5133 553 5173 nunc
579 5114 807 5172 Jehova'
835 5114 1002 5169 multi
1028 5114 1280 5169 scribunt
1324 5121 1377 5169 et
1423 5114 1629 5185 legunt,
1675 5115 1794 5184 fere
1834 5131 1867 5168 α
1899 5115 2064 5185 Gala-

405 5191 539 5244 tino.
575 5187 890 5260 Aliquanto
923 5190 1056 5256 post
1086 5185 1226 5241 editi
1259 5189 1314 5240 et
1339 5184 1486 5260 Beg.’
1510 5185 1762 5260 primus,
1796 5184 2061 5260 προείπο-

407 5279 528 5333 μινἶ
560 5257 663 5314 Alii
687 5255 1160 5333 'quinque_mss.,
1193 5255 1552 5330 προείπαμεν.
1603 5255 1864 5314 Subinde
1895 5259 2064 5331 editi,

409 5328 1010 5406 μετέωρος-περιτομῇ.
1046 5334 1117 5384 At
1149 5328 1450 5406 Bei_mss._,
1471 5336 1812 5406 ςιτεριτομῆςἶ

479 5404 561 5470 (51
577 5397 600 5474 )’
621 5397 860 5474 Editi'et
890 5397 1027 5474 Reg.
1061 5402 1380 5473 secundus,
1413 5397 1483 5454 δι’
1508 5397 1720 5457 ἑαυτοῦ.
1746 5397 1866 5457 Άίίἱ
1901 5402 2067 5473 quin-

406 5469 521 5548 que
555 5469 727 5548 rhes.,
760 5469 832 5548 δι’
862 5469 1051 5528 αὐτοῦ.

479 5547 593 5619 (52)
625 5545 883 5619 Editi_et
938 5549 1059 5619 tres
1108 5561 1250 5619 mss.
1306 5544 1334 5599 6
1368 5543 1638 5619 Ἐφραίμ,
1692 5543 1864 5619 male.
1918 5545 2066 5601 Nam

479 5549 572 5619 (52
625 5549 777 5600 Editi
825 5550 883 5600 et
938 5549 1059 5600 tres
1108 5561 1250 5602 mss.
1306 5549 1334 5599 6
1368 5549 1566 5619 Ἐφραΐ
1617 5587 1629 5610 ,
1692 5549 1864 5600 male.
1918 5549 2066 5601 Nam

408 5617 531 5686 illa,
626 5614 1007 5698 ’Ecppa’tpmxui
1040 5615 1067 5668 6
1114 5617 1230 5679 υἱὸς
1261 5621 1361 5698 τοῦ
1415 5565 1724 5698 Ῥυμεῗίου,
1768 5617 2067 5698 diversum

409 5687 714 5764 populum
730 5687 1066 5764 significare
1087 5705 1221 5745 cum
1245 5687 1547 5764 deberent,
1572 5705 1759 5764 unum
1788 5694 1988 5764 tamen
2011 5695 2070 5748 et

412 5759 690 5824 eumdem
720 5759 1076 5837 signiﬁcant,
1108 5762 1497 5821 Israelitioum
1533 5759 1780 5821 scilicet.
1814 5763 1882 5820 At
1911 5765 2068 5822 uter-

2175 4824 2292 4884 non
2320 4828 2403 4884 ita
2434 4827 2687 4899 multum
2711 4824 3004 4899 dissident
3027 4826 3191 4892 LXX,
3216 4824 3369 4899 apud
3404 4824 3552 4897 quos
3581 4826 3660 4879 ita
3689 4824 3828 4895 legi-

2175 4908 2309 4956 tur:
2344 4900 2433 4954 καὶ
2465 4899 2492 4952 6
2536 4897 2665 4974 ,υἱὸς
2695 4901 2792 4952 τοῦ
2850 4897 3048 4974 ’Δράμ,
3096 4904 3229 4965 etc.,
3256 4897 3312 4953 et
3369 4899 3520 4968 ﬁlius
3568 4905 3751 4951 Aram
3780 4906 3830 4952 et

2174 4972 2718 5048 ﬁliusARomcli‘rx“
2781 5041 2791 5048 _
2850 5046 2855 5048 _
2919 4972 2926 4974 6
3017 5041 3072 5048 __
3410 5039 3422 5048 .
3478 5041 3496 5048 _
3619 5037 3628 5048 .

2248 5045 2361 5116 (53)
2391 5044 2628 5099 Veteres
2660 5041 2794 5097 libri
2842 5046 2973 5116 tam
3017 5041 3133 5104 hic,
3183 5056 3356 5116 quam
3406 5039 3580 5116 intra,
3614 5039 3698 5092 ita
3727 5055 3826 5116 va-

2177 5106 2514 5184 riaqt'inter
2544 5131 2626 5183 se,
2663 5119 2727 5170 ut
2758 5116 2927 5169 modo
2962 5113 3185 5184 legatur
3200 5106 3620 5184 ἆναϐησώμεθᾳ,
3655 5111 3828 5184 modo

2177 5181 2579 5259 ἀναϐησόμεθα,
2614 5180 2832 5259 ίῑιίοᾷοΔ
2861 5180 3311 5259 ἀττοσηπῖρᾶιίνομιν,⁸
3355 5180 3530 5259 modo
3561 5180 3831 5257 ἀποστρέ-

2175 5260 2373 5334 ψομεν,
2396 5253 2578 5334 modo
2613 5253 3045 5334 paqtls'iawp‘sv,
3079 5253 3252 5334 modo
3288 5253 3702 5334 βασιλιεύσομεγ.

2299 5279 2373 5326 εν,
2405 5279 2578 5314 moao
2613 5279 3045 5334 βασιλενσωμεν,
3079 5279 3252 5314 moao
3288 5279 3702 5326 Ρασικευσομιν,

2251 5279 2546 5456 ἔξᾶ)
2577 5335 2634 5387 et
2688 5331 2826 5402 Reg.
2890 5329 3134 5400 primus,
3169 5330 3197 5382 6
3229 5322 3379 5388 Θεός.
3431 5325 3534 5382 Alii
3569 5326 3832 5398 quinque

2177 5418 2349 5470 mss.,
2382 5407 2536 5464 Θεός·

2250 5467 2364 5546 (55⁷)
2395 5476 2556 5541 Quod
2590 5473 2675 5546 ait
2703 5471 3112 5546 Combefisius,
3155 5471 3222 5546 in
3277 5471 3474 5526 codice
3507 5469 3656 5546 Fr_._1
3691 5467 3828 5546 legi,

2181 5539 2576 5621 βασιλεύσομεν
2609 5543 2813 5621 αὐτοῖς,
2866 5543 3100 5621 id__non_
3152 5543 3234 5597 ita
3283 5559 3435 5621 esss‘
3460 5539 3648 5621 oculis
3680 5539 3830 5621 meis

2179 5607 2372 5674 cerno.
2406 5607 2554 5678 Nam
2603 5633 2668 5673 eo
2725 5607 3035 5670 in'codice
3087 5613 3240 5686 lego,
3289 5609 3698 5688 βασιλεύσωμεν
3732 5607 3825 5662 αύ-

2176 5690 2296 5753 τῆς.
