4138 6384
379 382 494 443 451

1321 377 1718 438 APPENDIX
1762 377 2090 438 OPERUM
2129 375 2198 437 S.
2239 373 2526 436 BASILH
2572 375 2848 437 MAGNI.

3679 382 3805 442 ωε

366 520 532 586 caput
559 511 851 568 Somorum
880 511 1031 579 ﬁlius
1062 507 1334 564 Romeliz.
1389 510 1449 562 Et
1477 509 1592 562 nisi
1639 507 2002 577 credideritis,

2129 505 2285 567 σκόςο
2344 503 2433 559 καὶ
2491 505 2526 572 ἡ
2586 501 2797 581 κεφαλὴ
2860 486 3176 577 Δαμασκοῦ,
3229 506 3431 564 Ῥασίν.
3493 508 3656 566 Ἀλλ’
3714 505 3792 566 ἔτι

367 619 478 659 non
507 601 843 670 intelligetis.
867 599 1150 670 Equidem
1175 597 1430 652 arbitror
1458 596 1772 668 prophetas
1807 613 2021 667 nequa-

368 708 547 765 quam
568 692 894 762 percepisse
913 687 1154 741 verbum
1181 685 1276 740 Dei
1296 684 1499 740 sensili
1523 686 1728 739 auditu
1755 701 1857 756 per
1869 686 2020 740 aeris

364 781 800 854 percussionem
828 796 839 833 :
865 777 965 830 sed
989 791 1124 828 cum
1150 775 1357 828 animae
1382 773 1677 845 spirituali
1711 790 1882 828 aures
1899 790 2017 829 suae

366 887 481 925 non
514 869 726 929 desint,
759 867 827 920 ad
865 864 995 919 illas
1027 864 1174 917 citra
1213 862 1398 918 ullum
1434 879 1647 917 sonum
1685 863 2019 934 pervenisse

365 976 559 1014 rerum
593 956 1054 1028 signiticatarum
1088 953 1381 1008 notitiam.
1419 954 1601 1023 Atque
1630 952 1735 1006 hoc
1768 954 1852 1008 eis
1883 969 2017 1009 con-

365 1049 625 1119 tingebat
655 1044 966 1117 splendore
1013 1059 1157 1097 vera:
1213 1042 1358 1097 lucis
1391 1043 1463 1097 ad
1514 1058 1716 1098 eorum
1762 1048 2017 1097 mentem

362 1132 1240 1208 pertingente,illustrandisque
1264 1131 1567 1203 prophetis
1590 1131 2014 1187 subserviente.

357 1228 519 1278 Hanc
549 1228 744 1277 autem
778 1237 976 1276 vocem
1001 1220 1404 1292 percipiebant
1429 1219 1510 1287 hi,
1546 1220 1652 1291 qui
1678 1237 1712 1274 a
1742 1221 2017 1276 sensibus

358 1311 719 1383 corruptioni
750 1309 1018 1365 obnoxiis
1055 1315 1444 1376 excesserant,
1483 1313 1658 1379 atque
1709 1325 1886 1380 quam
1919 1325 2015 1364 ce-

357 1399 556 1456 leriter
587 1417 617 1454 e
647 1415 887 1470 corpore
934 1397 1132 1469 egredi
1182 1398 1518 1452 studebant.
1571 1397 1715 1451 Cum
1767 1396 1921 1452 enim
1957 1399 2016 1452 in

359 1489 690 1544 divinarum
727 1503 922 1542 rerum
947 1485 1441 1555 contemplatione
1458 1491 1725 1541 versatus
1757 1487 2012 1557 animus,

359 1579 432 1633 ab
464 1595 530 1633 ea
578 1594 749 1649 quam
800 1593 932 1631 cum
985 1591 1228 1646 corpore
1287 1575 1462 1629 habet
1494 1574 1928 1630 necessitudine
1958 1580 2016 1630 et

357 1669 770 1738 conjunctione
801 1682 929 1721 sese
949 1681 1224 1731 avocans,
1248 1665 1404 1720 exire
1435 1664 1689 1721 dicitur:
1722 1683 1855 1721 cum
1880 1681 2012 1720 vero

354 1757 632 1812 humanis
653 1755 946 1810 detinetur
970 1755 1219 1826 negotiis
1243 1753 1329 1808 vel
1361 1754 1432 1808 ob
1470 1755 1861 1809 necessariam
1890 1771 2011 1810 cor-

353 1847 512 1919 poris
535 1844 994 1908 servitutem,vel
1018 1844 1171 1914 quod
1197 1843 1372 1898 rebus
1398 1844 1900 1914 prastantioribus
1925 1849 2010 1899 at-

2131 594 2394 664 ὲξήκαντα
2453 593 2544 648 καὶ
2613 592 2768 648 πέντε
2843 592 2977 648 ἐτῶν
3035 598 3171 669 (56),
3222 595 3462 672 ἐκλείψει
3522 601 3557 668 ἠ
3633 601 3794 676 βασι-

2132 681 2253 738 λεία
2295 683 2536 757 Ἐφραὶμ
2587 682 2692 737 ἀπὸ
2743 687 2841 737 τοῦ
2882 681 3038 738 λαοῦο
3075 687 3159 739 καὶ
3221 689 3255 756 ἡ
3307 685 3522 763 κεφαλή
3549 691 3794 767 Ἐφραὶμ

2132 772 2396 846 Σομόρων
2434 790 2446 803 ·
2507 770 2596 825 καὶ
2673 773 2707 841 ἠ
2788 771 3000 847 κεφαλή
3086 775 3353 850 Σομόρων
3427 777 3455 830 6
3510 777 3624 842 υἱὸς
3692 783 3790 834 τοῦ

2129 859 2440 932 Ῥομελίου.
2474 861 2576 916 Καὶ
2625 859 2712 915 ἐὰν
2761 860 2836 933 μὴ
2870 861 3216 935 πιστεύσητε,
3251 862 3377 919 οὐδὲ
3433 867 3507 938 μὴ
3570 871 3784 933 συνῆτε.

2128 950 2396 1024 Ἠγοῦμαι
2424 949 2626 1019 τοίνυν,
2659 948 2741 1004 ὅτι
2776 950 2837 1004 οὐ
2871 952 2982 1024 (57)
3027 949 3116 1007 διὰ
3159 955 3257 1024 τῆς
3304 954 3569 1026 αἰσθητῆς
3615 957 3786 1028 ἀκοῆς

2126 1035 2517 1112 πλησσομένου
2545 1043 2644 1094 τοῦ
2669 1039 2824 1112 ἀέρος
2856 1039 3099 1095 συνίεσαν
3141 1044 3230 1097 τὸν
3279 1047 3377 1097 τοῦ
3425 1050 3558 1100 Θεοῦ
3617 1045 3784 1122 λόγον

2128 1129 2180 1182 οἳ
2210 1135 2518 1204 προφῆται·
2554 1126 2678 1183 ἀλλ’
2710 1126 2896 1200 ἐπειδή
2953 1129 3092 1186 ἐστιν
3147 1132 3262 1187 ὦτα
3312 1141 3516 1204 νοητῆς
3547 1120 3784 1212 'quﬁc,

2129 1216 2209 1272 ἐπ’
2261 1217 2436 1272 ἐκεῖνα
2489 1215 2679 1292 ἓφθανε
2737 1221 2916 1292 γυμνά
2975 1227 3160 1297 φωνῆς
3235 1223 3302 1276 τὰ
3378 1226 3782 1297 σημαινόμενα.

2127 1307 2232 1364 Καὶ
2263 1312 2423 1362 τοῦτο
2470 1307 2659 1370 αὐτοῖς
2691 1305 2899 1382 ἐγίνετο
2930 1312 3063 1381 (58),
3095 1316 3197 1380 τῆς
3228 1310 3397 1385 αὐγῆς
3429 1317 3526 1367 τοῦ
3581 1313 3782 1384 ἀληθι-

2126 1401 2219 1451 νοῦ
2271 1397 2452 1471 φωτὸς
2501 1396 2807 1473 φθανούσης
2847 1398 3028 1453 αὐτῶν
3072 1397 3162 1454 ἐπὶ
3204 1401 3267 1454 τὸ
3299 1403 3656 1476 ἡγεμονικὸν,
3687 1405 3776 1458 καὶ

2124 1483 2484 1554 διακονούσης
2511 1489 2592 1557 τῷ
2618 1490 2887 1561 φωτισμῷ
2936 1490 3043 1540 τῶν
3093 1493 3414 1566 προφητῶν.
3448 1490 3661 1562 Ταύτης
3721 1490 3781 1547 δὶ

2124 1569 2598 1647 ἀντελαμϐάνοντο
2657 1581 2757 1645 τῆς
2825 1581 3011 1652 φωνῆς
3067 1575 3119 1630 οί
3175 1577 3458 1651 γενόμενοι
3516 1576 3616 1650 ἔξω
3672 1582 3778 1636 τῶν

2122 1666 2368 1742 φθαρτῶν
2422 1663 2935 1738 αἰσθητηρίων,καί
2996 1665 3048 1720 οἱ
3105 1663 3426 1732 σπεύδοντες
3481 1669 3617 1744 πρὸς
3675 1673 3776 1741 τὴν

2119 1753 2226 1808 ἀπὸ
2256 1758 2352 1808 τοῦ
2384 1754 2638 1826 σώματος
2671 1749 2871 1825 ἔξοδον.
2905 1756 3033 1811 "Ore
3077 1757 3190 1828 (59)
3225 1756 3319 1829 μὲν
3363 1757 3462 1831 γὰρ
3510 1759 3647 1829 πρὸς
3705 1765 3776 1836 τῇ

2121 1843 2318 1917 θεωρίᾳ
2371 1847 2481 1897 τῶν
2543 1841 2699 1905 θείων
2753 1842 2953 1918 γίνεται
2999 1846 3032 1912 ἡ
3062 1846 3239 1920 ψυχή,
3274 1844 3612 1922 συλλέγουσα
3658 1849 3778 1905 ἑαυ-

351 1902 591 1992 iendere
622 1953 736 1990 non
785 1902 1051 2005 amplius.
1083 1940 1282 2006 queat,
1321 1902 1487 2005 quasi
1519 1935 1590 1989 ab
1650 1934 1904 1990 externis
1934 1935 2002 1990 ad

2116 1933 2213 2000 τήν
2243 1933 2348 1986 ἀπὸ
2377 1934 2477 2000 τῆς
2520 1935 2656 2007 πρὸς
2701 1953 2764 1985 τι)
2813 1936 2973 2004 σῶμα
3020 1902 3351 2005 ἐπιπιλοκῆς,
3384 1902 3575 2007 ἐξιέναι
3626 1935 3778 2016 λεγε-

347 2026 630 2083 interiora
661 2043 722 2080 se
755 2026 980 2080 confert
1009 2042 1022 2089 ;
1057 2025 1298 2096 perinde
1339 2041 1405 2079 ac
1455 2024 1505 2079 si
1541 2024 1823 2096 reciperet
1853 2042 1914 2080 se
1945 2025 2004 2080 in

346 2117 584 2172 domum
606 2116 924 2186 quamdam
949 2118 1044 2168 aut
1063 2113 1378 2182 civitatem,
1395 2115 1654 2185 corporis
1670 2113 2005 2168 affectiones

345 2205 821 2277 participaturus.
849 2201 1134 2266 Quoniam
1155 2201 1332 2270 igitur
1356 2219 1459 2273 par
1475 2205 1601 2256 erat
1624 2207 1687 2256 ut
1708 2201 1805 2256 Dei
1831 2203 2006 2256 verba

345 2294 575 2348 audiret
606 2293 912 2364 propheta,
947 2291 1074 2346 ideo
1106 2290 1157 2344 ei
1189 2296 1325 2345 ante
1380 2291 1579 2346 omnia
1619 2291 1837 2345 dictum
1872 2295 2000 2346 est:

346 2383 610 2453 Egredere
641 2392 718 2452 tu,
750 2392 803 2437 et
845 2382 996 2452 ﬁlius
1041 2384 1186 2436 tuus.
1221 2381 1362 2435 Tale
1413 2387 1503 2435 est
1533 2382 1788 2453 quodam
1825 2382 1998 2436 modo

344 2471 487 2526 illud
521 2471 696 2526 etiam
728 2469 990 2531 Genesis.
1011 2470 1181 2540 juxta
1203 2469 1458 2540 primum
1491 2470 1794 2525 oraculum
1818 2473 1997 2525 Abra-

340 2559 432 2616 hae
463 2561 795 2617 redditum:
849 2559 1124 2632 Egredere
1151 2559 1218 2613 de
1264 2563 1415 2614 terra
1446 2569 1562 2627 tua,
1601 2568 1654 2614 et
1699 2561 1765 2614 de
1788 2575 1996 2630 cogna-

338 2653 489 2706 tione
518 2659 633 2719 tua,
686 2655 736 2705 et
784 2649 848 2704 de
903 2649 1060 2704 domo
1105 2649 1286 2718 palris
1341 2649 1421 2702 tui
1445 2648 1490 2682 ⁵ο
1519 2648 1662 2703 Nam
1698 2649 1996 2719 perfectis-

337 2740 532 2794 simus
564 2755 841 2811 egressus
899 2743 990 2794 est
1041 2753 1322 2792 ascensus
1379 2737 1452 2792 ab
1510 2737 1788 2792 omnibus
1822 2739 1997 2794 rebus

339 2830 657 2898 corporeis,
695 2844 822 2898 quas
856 2832 996 2882 sunt
1026 2831 1183 2880 terra
1212 2825 1538 2896 appellate,
1570 2831 1772 2895 estque
1806 2826 1998 2898 fugaa

339 2916 636 2980 sensibus,
658 2918 756 2987 qui
779 2915 1048 2988 cognatio
1064 2919 1204 2969 sunt
1221 2915 1738 2980 vocati,etanimus
1755 2931 1994 2971 aversus

338 3020 372 3060 ι
399 3004 517 3060 vita
539 3005 772 3059 crimini
792 3003 1062 3069 obnoxia,
1083 3003 1142 3057 in
1163 3019 1280 3074 qua
1303 3003 1432 3074 quis
1451 3003 1760 3058 contrariis
1780 3004 1995 3059 studiis

338 3111 466 3165 qua;
497 3095 706 3148 domus
730 3093 912 3165 patris
935 3098 1278 3164 nuncupata
1300 3098 1457 3160 sunt,
1485 3109 1613 3148 sese
1647 3095 1805 3164 prius
1831 3093 1994 3147 addi-

335 3189 518 3238 xerat.
552 3184 709 3240 524
740 3183 807 3236 Et
838 3183 1010 3253 paulo
1063 3187 1194 3254 post
1226 3183 1510 3253 scriptum
1545 3189 1634 3236 est
1685 3183 1756 3237 de
1787 3184 1990 3237 eodem

2112 2040 2220 2075 ται·
2255 2020 2380 2076 ὅταν
2441 2018 2498 2075 δὲ
2553 2022 2690 2096 πρὸς
2741 2026 2857 2083 τοῖς
2912 2021 3277 2098 ἀνθρωπίνοις
3335 2023 3495 2095 ἐστὶν,
3538 2025 3574 2096 ἢ
3633 2030 3774 2085 κατὰ

2113 2109 2177 2164 τὸ
2209 2111 2499 2185 ἀναγκαῖον
2529 2117 2630 2178 τῆς
2671 2114 2769 2164 τοῦ
2824 2111 3081 2183 σώματος
3133 2113 3442 2187 θεραπείας,
3474 2117 3509 2185 ἡ
3563 2113 3656 2173 διὰ
3708 2119 3772 2174 τὸ

2119 2200 2194 2272 μὴ
2246 2196 2529 2284 δύνασθαιῄ
2561 2197 2820 2254 ἐπιπλὲον
2880 2199 3203 2265 ἐκτείνεσθαι
3264 2204 3401 2278 πρὸς
3454 2206 3521 2258 τὰ
3579 2203 3765 2284 διαφέ-

2115 2308 2278 2361 ροντα
2307 2287 2471 2342 οἷονεί
2504 2282 2694 2358 ἔξωθεν
2729 2288 2816 2342 ἐπὶ
2873 2290 2937 2344 τὰ
2996 2288 3101 2344 ἔσω
3149 2290 3414 2366 πάρεισιν,
3452 2292 3629 2369 ὥσπερ
3681 2282 3764 2358 εἷς

2113 2376 2286 2430 οἰκίαν
2313 2377 2452 2445 τινὰ,
2483 2376 2516 2445 ἢ
2550 2376 2626 2437 εἷς
2671 2376 2833 2432 πόλιν
2857 2378 2995 2452 πρὸς
3040 2379 3139 2448 τὴν
3175 2376 3263 2434 ἐπὶ
3310 2381 3373 2435 τὸ
3421 2385 3582 2454 σῶμα
3632 2405 3762 2456 συμ-

2106 2467 2331 2520 πάθειαν
2391 2465 2808 2543 ἐπιστρέφουσα.
2869 2467 3021 2524 Ἐπεὶ
3090 2466 3182 2522 οὖν
3240 2465 3348 2524 ἔδει
3409 2469 3592 2546 λὸγων

2107 2559 2239 2610 Θεοῦ
2299 2555 2520 2610 ἀκοῦσαι
2573 2555 2664 2609 τὸν
2724 2559 3042 2634 προφήτην,
3081 2555 3168 2612 διὰ
3219 2563 3382 2614 τοῦτο
3411 2561 3518 2636 πρὸ
3549 2562 3764 2617 πάντων

2104 2644 2251 2716 αὐτῷ
2309 2642 2520 2720 ε’ίρηται
2575 2645 2660 2713 τδ,
2693 2645 2911 2715 Ἔξελθε
2966 2651 3028 2700 σῦ
3086 2648 3244 2702 καὶὸ
3297 2649 3413 2711 υἱός
3475 2671 3592 2707 σου.
3639 2653 3768 2708 Τοι-

2107 2739 2262 2788 οῦτον
2297 2732 2355 2789 δέ
2384 2734 2504 2796 πώς
2537 2733 2764 2788 ἐστικαὶ
2793 2735 2857 2789 τὸ
2887 2733 2942 2790 ἐν
2974 2739 3183 2792 Γενὲσει
3216 2739 3353 2792 κατά
3395 2739 3486 2792 τὸν
3539 2744 3764 2814 πρῶτον

2105 2823 2498 2897 χρηματισμὸν
2576 2821 2866 2897 εἰρημένον
2934 2828 3012 2896 τῷ
3067 2820 3336 2900 Ἀϐραάμ.
3400 2826 3621 2896 Ἔξελθε
3700 2829 3763 2883 ἐκ

2101 2915 2202 2980 τῆς
2260 2919 2364 2986 γῆς
2423 2932 2542 2983 σου,
2587 2913 2676 2966 καὶ
2734 2911 2794 2966 ἐκ
2847 2919 2949 2982 τῆς
3005 2915 3310 2989 συγγενείας
3367 2935 3486 2983 σου,
3545 2916 3634 2970 καὶ
3693 2915 3755 2972 ἐκ

2101 3006 2199 3057 τοῦ
2257 2999 2414 3055 οτίκου
2489 3005 2588 3055 τοῦ
2663 3001 2866 3077 πατρός
2943 3023 3059 3060 σου.
3117 3002 3438 3074 Τελειοτάτη
3507 3004 3611 3080 γὰρ
3671 3003 3755 3076 ἔξ-

2103 3088 2229 3155 οδος
2261 3093 2393 3164 (61),
2427 3093 2462 3161 ἡ
2493 3091 2600 3145 ἀπὸ
2651 3092 2869 3146 πάντων
2917 3097 3025 3147 τῶν
3087 3097 3410 3165 σωματικῶν
3469 3089 3752 3167 ἀνάϐασις,

2103 3183 2255 3235 ἅτινα
2286 3179 2498 3255 ε’ίρηται
2529 3187 2622 3255 γῆ·
2657 3181 2745 3235 καὶ
2778 3183 2812 3250 η
2845 3180 2952 3236 ἀπὸ
3006 3185 3114 3236 τῶν
3164 3180 3532 3257 αἶ’σθητηρίων
3590 3185 3758 3261 φυγὴ,

336 3272 712 3328 Abrahamo:
767 3273 974 3326 Eduxit
1023 3287 1146 3326 eum
1201 3276 1345 3326 Deus
1397 3272 1550 3340 foras
1570 3272 1636 3324 δι.
1674 3275 1990 3342 Postquam

2113 3269 2239 3345 Ξέπερ
2299 3268 2612 3342 ὠνόμασται
2695 3271 2976 3344 συγγένεια
3007 3290 3019 3302 ·
3081 3271 3171 3325 καὶ
3228 3272 3290 3326 τὸ
3351 3272 3760 3350 ἀποστραφῆναι

337 3363 493 3418 enim
523 3361 827 3431 conspexit
857 3360 1002 3415 illud
1035 3377 1152 3431 quo
1185 3361 1493 3415 tenebatur
1522 3361 1859 3432 egrediendi
1892 3362 1992 3416 de-

337 3450 644 3519 siderium,
679 3451 804 3521 ipse
850 3466 986 3504 eum
1035 3449 1212 3504 veluti
1263 3466 1441 3504 manu
1487 3451 1656 3504 duxit
1692 3451 1764 3504 ad
1798 3450 1994 3520 operis

337 3539 774 3611 perfectionem.
799 3538 945 3593 Nam
973 3555 1122 3610 opus
1146 3555 1247 3610 per
1269 3554 1331 3592 se
1356 3554 1470 3592 non
1497 3544 1720 3608 poterat
1742 3539 1990 3595 efﬁcere.

341 3629 526 3694 Quare
556 3633 612 3682 et
641 3628 700 3683 in
734 3627 923 3698 primo
953 3631 1263 3699 praecepto,
1296 3625 1345 3682 si
1379 3627 1550 3682 modo
1582 3627 1785 3682 exierit
1815 3627 1991 3692 foras,

341 3717 630 3773 honorum
677 3717 1060 3773 truendorum
1112 3717 1326 3789 accipit
1373 3717 1847 3789 promissionem.
1882 3718 1993 3774 Sed

339 3821 473 3860 cum
506 3807 804 3862 eduxisset
833 3823 967 3861 eum
1003 3812 1172 3875 Deus,
1208 3811 1348 3860 tunc
1377 3807 1575 3878 ipsum
1609 3823 1865 3877 superna
1895 3807 1994 3862 ubi

337 3896 607 3951 Christus
639 3901 748 3960 est,
783 3911 1042 3966 qurerere
1074 3895 1292 3950 docuit.

2101 3360 2192 3414 τὸν
2226 3358 2468 3414 ὑπαίτιον
2530 3358 2670 3434 βίον,
2705 3357 2756 3413 ἐν
2817 3357 2863 3430 ᾧ
2895 3358 3136 3430 ᾠκείωτο
3156 3362 3278 3433 ’(62)
3318 3361 3584 3435 πρότερον
3644 3366 3762 3424 τοῖς

2102 3447 2360 3510 ἐναντίοις
2389 3445 2834 3521 ἐπιτηδεύμασιν,
2871 3449 3004 3522 ἅπερ
3037 3447 3183 3510 οἶκος
3235 3446 3448 3522 ε’ίρηται
3504 3453 3600 3504 τοῦ
3659 3471 3760 3504 πα-

2100 3537 2249 3612 τρός.
2283 3537 2381 3590 Καὶ
2442 3538 2556 3608 μετ’
2613 3535 2798 3611 ὀλίγον
2857 3533 2916 3592 δὶ
2972 3537 3094 3611 περὶ
3152 3542 3250 3591 τοῦ
3299 3538 3470 3592 αὐτοῦ
3503 3533 3762 3613 Ἀϐραὰμ

2104 3628 2422 3702 γέγραπται,
2505 3624 2589 3680 ὅτι
2673 3627 2971 3701 Ἐξήγκγεν
3058 3625 3215 3680 αὐτὸν
3309 3627 3336 3680 6
3418 3627 3550 3691 Θεὸς
3634 3624 3758 3698 ἔξω.

2106 3713 2330 3784 Ἐπειδὴ
2365 3717 2467 3791 γὰρ
2503 3712 2634 3770 εἶδεν
2668 3715 2832 3770 αὐτοῦ
2880 3717 2979 3786 τὴν
3027 3717 3162 3791 πρὸς
3212 3718 3276 3770 τὸ
3324 3715 3557 3788 ἐξελθεῖν
3617 3736 3759 3792 προσ

2107 3806 2327 3879 θυμίαν,
2360 3804 2518 3867 αὐτὸς
2572 3803 2731 3860 αὐτὸν
2795 3805 2930 3881 πρὸς
2986 3805 3048 3860 τὸ
3099 3803 3308 3860 τέλειον
3356 3812 3456 3875 τῆς
3488 3804 3757 3881 ἐνεργείας

2105 3894 2563 3970 ἐχειραγώγησεν.
2601 3893 2772 3954 Αὑτὸς
2819 3893 2919 3969 γὰρ
2970 3894 3089 3958 καθ’
3119 3894 3305 3947 ἑαυτὸν
3358 3892 3466 3968 οὐχ
3525 3893 3640 3956 οἶός
3697 3915 3758 3949 τε

335 3985 401 4053 ῆν
462 3989 709 4052 ποιῆσαι.
747 3983 844 4038 Διὰ
894 3987 1076 4053 τοῦτο,
1109 3982 1197 4036 καὶ
1251 3981 1338 4036 ἐπὶ
1397 3983 1492 4055 μὶν
1550 3982 1646 4036 τοῦ
1695 3984 1920 4056 πρώτου
1969 3986 2412 4060 προστάγματος,
2445 3983 2490 4037 εὶ
2539 3980 2747 4053 ἐξέλθοι
2801 3976 2926 4054 ἔξω,
2958 3980 3288 4057 ἐπαγγελίαν
3323 3977 3592 4055 λαμϐάνει
3653 3990 3755 4053 τῆς

339 4073 716 4135 ἀπολαύσεως.
748 4075 879 4129 "Ore
909 4070 965 4126 δὲ
991 4071 1247 4147 ἐξήγαγεν
1280 4071 1439 4127 αὐτὸν
1473 4073 1500 4126 6
1531 4072 1679 4142 Θεὸς,
1715 4070 1985 4128 ἐδίδασκεν
2020 4073 2179 4130 αὐτὸν
2206 4073 2272 4127 τὰ
2305 4072 2414 4127 ἅνω
2449 4078 2655 4144 ζητεῖν,
2688 4073 2748 4126 οὗ
2781 4073 2809 4127 6
2835 4073 3064 4148 Χριστός
3089 4071 3254 4129 ἐστιν.

409 4166 529 4218 194.
564 4167 710 4229 Quin
744 4172 800 4218 et
834 4164 1026 4218 Moses
1076 4179 1210 4218 cum
1261 4180 1323 4218 se
1351 4164 1422 4218 ab
1474 4163 1992 4220 administratione

332 4253 727 4308 humanarum
751 4269 945 4307 rerum
967 4252 1768 4324 submovisset,mentemque
1785 4258 1990 4309 contu-

331 4342 499 4397 lisset
525 4343 593 4396 ad
630 4342 958 4396 divinorum
991 4341 1359 4411 eloquiorum
1406 4341 1987 4414 contemplationem,

2176 4165 2294 4219 194.
2332 4162 2427 4215 Καὶ
2463 4164 2669 4231 Μωσῆς
2701 4159 2778 4229 δὲ,
2813 4160 2903 4216 ὅτε
2931 4160 3038 4216 τῶν
3077 4161 3433 4238 ἀνθρωπίνων
3482 4159 3584 4232 ἔξω
3639 4160 3754 4236 ἐγέ-

2099 4272 2221 4305 νετο
2254 4253 2391 4323 (63),
2423 4248 2828 4326 ἀποσχολάζων
2859 4254 2938 4321 τῷ
2968 4255 3042 4322 νῷ
3071 4251 3209 4325 πρὸς
3250 4251 3347 4318 τήν
3381 4249 3608 4324 θεωρίαν
3643 4254 3751 4304 τῶν

2102 4337 2330 4416 λογίων,
2367 4338 2557 4412 ἔπηξεν
2587 4337 2687 4409 ἔξω
2715 4345 2816 4408 τῆς
2842 4334 3207 4414 παρεμϐολῆς
3243 4339 3450 4415 μακρὰν
3478 4339 3576 4407 τὴν
3628 4339 3750 4392 ὲαυ-
3803 4360 3810 4366 ’

329 4433 501 4502 longe
533 4450 564 4486 a
595 4432 804 4486 castris
856 4430 1301 4485 tabernaculum
1353 4447 1527 4486 suum
1581 4431 1704 4486 ﬁxit
1728 4433 1791 4485 ⁵³.
1838 4432 1986 4495 Qua-

2113 4433 2190 4483 τοῦ
2222 4431 2449 4500 σκηνήν.
2499 4428 2592 4483 Διὸ
2639 4427 2729 4482 καὶ
2759 4432 2864 4490 πᾶς
2896 4429 2924 4482 6
2959 4433 3134 4498 ζητῶν
3179 4428 3272 4482 τὸν
3323 4427 3516 4502 Κύριον
3567 4427 3752 4498 ἐξεπο-

332 4526 568 4591 propter
589 4520 860 4590 quisquis
892 4519 1187 4590 quaerebat
1217 4518 1557 4585 Dominum,
1589 4521 1659 4575 ad
1706 4521 1984 4576 taberna-

2113 4517 2278 4572 ιεύετο
2310 4517 2386 4582 εἷς
2414 4520 2512 4587 τὴν
2549 4519 2771 4588 σκηνήν.
2804 4521 2965 4572 ’Ὠστε
3015 4518 3042 4572 6
3091 4513 3352 4571 ἐπιπλέον
3405 4511 3748 4586 διαϐεϐηκὼς

330 4607 528 4662 culum
561 4608 987 4679 egrediebatur.
1011 4607 1212 4678 Itaque
1237 4609 1336 4679 qui
1361 4625 1422 4663 se
1445 4607 1766 4680 plurimum
1794 4625 1980 4665 remo-

2113 4609 2198 4662 ὶπὸ
2229 4612 2336 4662 τῶν
2370 4606 2748 4683 ἀνθρωπίνων,
2779 4603 2883 4678 ἔξω
2914 4608 3012 4676 τὴν
3044 4607 3236 4661 ἑαυτοῦ
3283 4607 3579 4676 καταπῆξει
3612 4626 3746 4676 σκη-

398 4801 442 4835 ⁵⁰
471 4799 611 4855 Gen.
645 4817 743 4866 x11,
783 4801 830 4854 1.
907 4799 949 4834 ⁸¹
985 4799 1125 4854 Gen.
1159 4815 1251 4868 xv,
1281 4801 1338 4856 5.
1414 4801 1460 4835 ¹²
1491 4801 1667 4857 Exod.
1703 4818 1906 4872 χχχιιι,
1944 4801 1994 4857 1.

2089 4986 2276 5060 οἰκείῳ
2304 4987 2573 5061 vni-quod
2632 4989 2839 5046 vitium
2900 5007 3034 5047 cum
3092 5008 3209 5047 non
3255 4989 3747 5046 animadverteret

2086 5061 2801 5135 Combetisius,_cumque
2843 5063 3140 5120 Tilmanni
3195 5061 3743 5135 interpretationem

2087 5134 2399 5189 emendare
2427 5133 2892 5209 vel_let,_meli_ora
2915 5153 3032 5192 non
3059 5134 3326 5209 protulit.
3357 5133 3449 5209 Sic
3475 5133 3635 5209 enim
3661 5135 3746 5188 in-

327 5200 607 5280 positi-res
639 5221 808 5275 mss.,
841 5200 1424 5280 Staxcvoupévrlqjtz)_.:
1487 5271 1512 5280 η
1773 5200 1790 5206 ’

2113 5210 2442 5280 erpretatur
2475 5207 2560 5261 vir
2592 5207 2805 5278 alioqui
2838 5200 3288 5280 linguai-Graecae
3320 5204 3739 5278 peritissimus,

399 5278 515 5352 (59)
540 5271 914 5352 Υοιθιοεέθχ
942 5271 1110 5343 libri,
1132 5273 1240 5352 ὅτε.
1276 5271 1446 5352 Editi,
1481 5271 1667 5352 ὅταν--.
1800 5346 1811 5352 _
2086 5271 2222 5344 Qua:
2249 5279 2406 5352 prius
2434 5281 2554 5352 vita
2573 5271 2800 5350 propria
2821 5271 2986 5336 erat:
3009 5283 3070 5336 in
3089 5297 3204 5352 qua
3235 5271 3428 5347 agebat
3459 5281 3518 5332 ut
3548 5271 3743 5352 suane

396 5344 692 5422 (‘60)_E_diti
724 5349 1302 5422 et__Reg.Asecundus,
1338 5344 1527 5419 λόγον.
1562 5347 1670 5422 Alii
1712 5346 1975 5418 quinque
2081 5344 2326 5420 propr-ia.
2363 5356 2435 5403 At
2463 5344 2626 5422 Regii
2673 5344 2973 5408 secundus
3022 5358 3078 5407 et
3098 5344 3360 5422 'quartus
3407 5365 3541 5405 cum
3575 5349 3738 5404 Golb.

325 5437 492 5494 mss,
529 5417 756 5494 Advexi,
781 5417 1083 5494 Hoc—ipso
1143 5421 1198 5474 in
1261 5419 1384 5476 loco
1425 5417 1618 5475 nostri
1671 5417 1772 5475 sex
1803 5417 1971 5489 mss,
2081 5417 2341 5476 secundo
2375 5417 2704 5494 conjuncta,
2739 5422 2983 5494 ᾠκείωτο
3025 5425 3085 5479 in
3115 5417 3222 5494 Qua
3268 5424 3393 5494 quis
3421 5423 3581 5494 prius
3611 5437 3743 5494 con-

321 5490 572 5546 ἀκοῦσαι.
606 5490 781 5557 Editi,
815 5490 1084 5566 ἀκούεινζ
1446 5563 1458 5566 _
1848 5561 1859 5566 _

2113 5495 2251 5566 πανίί
2295 5490 2496 5550 studiis
2540 5511 2654 5550 sese
2693 5490 3041 5552 addixerat:
3084 5490 3210 5566 quae
3270 5490 3564 5565 scriptura
3593 5493 3740 5564 quin

319 5636 359 5691 ΐ-
396 5564 504 5636 (61)
538 5564 714 5636 Editi,
744 5564 778 5632 ἡ
813 5559 1016 5632 ἔξοδος.
1052 5563 1224 5620 Deest
1253 5563 1538 5620 articulus
1569 5564 1629 5618 in
1663 5561 1970 5636 pervulga-
2080 5565 2252 5638 plane
2284 5566 2598 5691 integratet
2620 5567 2959 5639 incorrupta
2980 5570 3076 5639 sit,
3100 5559 3510 5624 dubitaturum
3535 5559 3742 5638 qu'em-

345 5652 416 5691 ιε.
2079 5654 2259 5691 quam
2290 5655 2407 5691 non
2439 5655 2514 5691 nu
2547 5655 2600 5691 ο.

345 5636 416 5693 is.
2079 5636 2259 5696 uuam
2290 5636 2600 5696 non'nuto.

391 5655 503 5782 (.62)
533 5707 686 5766 Editi
718 5710 776 5766 et
802 5711 923 5765 tres
955 5721 1094 5765 mss.
1141 5711 1415 5780 corrupte
1443 5707 1676 5766 duabus
1704 5706 1966 5782 vocibus,
2079 5654 2264 5782 qu(.63m)
2290 5655 2474 5770 laris?

397 4992 512 5060 (56)
541 4989 730 5044 Codex
757 5004 935 5060 unus,
963 4983 1080 5055 ἔτη.

545 5061 718 5147 βάίῐί,
750 5057 900 5133 οὐχί.
937 5062 1005 5115 At
1034 5075 1178 5147 mss;
1200 5059 1489 5147 quinque,
1525 5059 1608 5116 ού.

542 5138 624 5188 Ita
657 5131 1078 5216 mssﬁpmnes.
1139 5131 1599 5216 I'Editi,~'syévero.
1663 5133 1975 5206 Aliquanto

2150 5711 2264 5785 (63)
2297 5707 2540 5772 Veteres
2572 5709 2796 5784 aliquot
2822 5710 2980 5785 libri,
3013 5707 3214 5786 ἐγίνετο
