4138 6368
365 343 486 403 455

1303 334 1702 395 APPENDIX
1743 334 2076 398 OPERUM
2119 333 2185 396 S.
2231 335 2518 397 BASILII
2562 336 2839 399 MAGNI.

3611 345 3797 413 .456

362 472 495 540 tuti,
527 469 682 543 ignis
710 467 1018 540 splendore
1043 465 1269 539 praediti
1331 482 1448 521 non
1490 469 1647 534 sunt,
1718 466 1818 522 sed
1881 483 1990 521 sun

2131 485 2218 527 τες
2254 465 2348 538 μὲν
2380 469 2476 520 τοῦ
2509 470 2678 541 φυτοῦ
2706 467 2768 521 τὸ
2797 468 3047 540 ζωτικὸν,
3080 469 3170 523 καὶ
3197 473 3293 524 τοῦ
3327 468 3495 539 ξύλου
3533 473 3594 527 τὸ
3622 471 3791 549 ἐσχυ-

361 563 601 618 titiones
633 559 1012 629 fumigantes,
1055 556 1150 626 qui
1185 572 1283 610 eos
1315 573 1346 610 a
1414 554 1631 626 quibus
1689 560 2018 627 tanguntur

362 653 691 720 denigrant,
737 648 1172 718 maculantque,
1214 653 1270 702 et
1299 645 1500 702 oculos
1560 647 1672 701 sibi
1753 647 2014 718 proxime

360 741 765 798 accedentium
801 742 1113 809 provocant
1142 737 1210 790 ad
1256 736 1734 807 lacrymas.Quod
1763 735 1811 790 si
1837 750 2010 790 nosse

359 833 447 886 vis
505 834 788 900 quantum
860 827 1057 881 afferat
1103 825 1433 880 detrimenti
1485 826 1682 879 fumus
1736 826 2008 880 titionum

362 916 1156 990 fumigantium,memineris
1176 915 1631 984 Salomonis,qui
1653 914 1794 968 dicit
1819 931 1830 966 :
1857 916 2014 969 Sicut

357 1026 465 1065 uva
496 1009 688 1063 acerba
728 1009 830 1061 den
845 1005 987 1060 libus
1012 1013 1088 1058 est
1120 1005 1317 1071 noxia,
1351 1009 1401 1058 et
1428 1007 1614 1074 fumus
1658 1004 1833 1058 oculis
1854 1022 1875 1057 :
1933 1005 2012 1056 sic

354 1101 622 1169 iniquitas
633 1097 714 1152 eis
731 1097 826 1167 qui
838 1099 1143 1149 utunturea
1159 1093 1395 1147 5°.Enim
1416 1093 2011 1163 vero,opinor,pecca-

357 1193 482 1243 tum
517 1188 572 1240 in
622 1184 897 1255 nequitiae
945 1183 1275 1239 actionibus
1341 1183 1543 1248 situm,
1603 1186 1841 1236 vocatur
1900 1198 2012 1237 uva

360 1277 605 1332 acerba:
639 1291 787 1330 noxa
817 1289 948 1327 vero
971 1288 1004 1326 a
1036 1272 1179 1327 falsa
1209 1271 1456 1325 scientia
1506 1277 1703 1325 ortum
1760 1269 2006 1337 habens,

359 1383 425 1424 ac
467 1364 683 1421 mentis
714 1368 929 1418 nostris
960 1362 1076 1416 vim
1108 1359 1346 1415 videndi
1376 1360 1768 1426 confundens,
1813 1359 2013 1415 fumus

357 1455 590 1512 dicitur.
625 1456 764 1509 Cum
792 1455 977 1506 autem
1031 1449 1331 1514 exstiterit,
1392 1447 1607 1520 inquit,
1660 1451 1749 1503 ira
1805 1449 2012 1518 luroris

349 1547 488 1606 mei,
519 1559 741 1597 rursum
771 1540 986 1596 sonabo
1018 1539 1130 1592 Hoc
1152 1538 1622 1609 est,postplagas
1653 1536 2008 1591 emendandi

352 1650 536 1689 cauaa
568 1631 839 1698 inflictas,
875 1629 972 1685 ubi
1015 1629 1282 1683 idoneam
1316 1643 1380 1681 ac
1396 1626 1787 1682 sufﬁcientem
1810 1627 2008 1680 videro

353 1721 850 1786 emendationem,
883 1735 997 1773 non
1021 1717 1211 1772 sinam
1244 1733 1344 1772 eos
1389 1716 1578 1788 poenis
1640 1717 2008 1788 gravioribus

351 1810 619 1867 afﬂictari
646 1827 659 1875 ;
685 1809 849 1880 quasi
869 1806 1098 1876 aegrotis
1123 1807 1555 1861 dicatmedicus
1583 1805 1720 1861 :Ubi
1750 1806 2003 1876 primum

350 1915 613 1967 secuero,
647 1904 703 1952 et
733 1898 1042 1953 admovero
1076 1895 1422 1962 cauterium,
1458 1911 1649 1966 neque
1681 1899 1874 1966 partes
1912 1909 2006 1947 se-

351 1997 500 2056 ctas,
535 2003 724 2058 neque
757 1986 952 2041 ulcera
982 2002 1050 2040 ex
1081 1984 1317 2040 cauterii
1354 1984 1586 2038 ustione
1644 1981 2010 2038 remanentis.

346 2078 660 2150 negligam.
698 2077 1016 2147 Postquam
1051 2075 1207 2130 enim
1233 2075 1288 2129 id
1324 2075 1499 2128 fuerit
1517 2073 1836 2140 factum,ob
1855 2073 2006 2142 quod

345 2170 669 2221 nascuntur
688 2164 1120 2230 molestiae,tum
1141 2164 1380 2217 demum
1403 2161 1693 2216 medelam
1711 2161 2001 2232 reliquam

343 2255 654 2326 inducens,
688 2254 994 2310 restituam
1028 2252 1364 2308 sanitatem.

416 2522 540 2578 196.
576 2523 637 2576 Et
688 2522 841 2591 ﬁlius
893 2525 1063 2576 Aram
1113 2523 1165 2575 et
1223 2520 1376 2590 ﬁlius
1407 2519 1693 2586 Romeliae,
1741 2517 2007 2588 quoniam

342 2613 590 2668 inierunt
639 2613 936 2666 consilium
994 2611 1224 2676 malum,
1284 2610 1574 2665 dicentes:
1640 2609 2008 2662 Asc-endemus

345 2702 680 2758 inludazam
707 2707 760 2758 et
791 2701 1156 2772 colloquentes
1213 2715 1337 2752 cum
1387 2700 1490 2765 eis,
1541 2700 1854 2751 avertemus
1908 2711 2010 2750 eos

339 2791 413 2846 ad
441 2807 558 2862 nos,
590 2796 644 2847 et
670 2793 1065 2846 constituemus
1123 2804 1306 2858 regem
1363 2791 1487 2853 eius
1546 2785 1730 2855 ﬁlium
1786 2783 2001 2839 Tabeel.

339 2882 462 2934 Haec
491 2886 679 2934 autem
735 2879 871 2933 dicit
928 2879 1190 2932 Dominus
1244 2877 1525 2932 Sabaoth:
1586 2875 1701 2930 Non
1759 2872 2005 2928 manebit

345 2969 643 3024 consilium
664 2967 782 3032 hoc,
815 2983 993 3037 neque
1022 2968 1149 3021 erit.
1183 2965 1486 3036 Siquidem
1514 2963 1628 3016 duo
1696 2977 2002 3016 sermones

341 3080 374 3117 a
402 3059 646 3116 veritate
678 3057 850 3113 alieni
897 3058 1241 3128 conspirant
1305 3055 1589 3108 adversus
1654 3050 2003 3124 Ecclesium,

337 3154 464 3206 tum
495 3148 652 3203 ﬁlius
680 3155 879 3212 Aram;
923 3164 1026 3204 seu
1077 3163 1270 3202 sermo
1329 3143 1626 3212 sublimis,
1694 3142 1978 3198 adversus

2127 555 2242 628 ρὸν,
2275 557 2350 627 μὴ
2384 553 2605 630 ἔχοντες
2650 553 2706 610 δὲ
2734 557 2797 610 τὸ
2828 560 2922 610 τοῦ
2972 558 3144 632 πυρὸς
3177 561 3435 635 φωτεινὸν
3471 564 3607 635 (70),
3641 561 3790 620 ἀλλὰ

2125 641 2286 698 δαλοὶ
2332 645 2738 717 καπνιξόμενοι,
2796 644 3142 718 μελαίνοντες
3205 649 3298 720 μὲν
3364 650 3492 712 τοὺς
3544 652 3787 726 ἁπτομέ-

2123 754 2249 796 νους
2278 734 2454 787 αὐτῶν
2481 733 2570 787 καὶ
2606 732 2950 805 σπιλοῦντες,
3001 733 3248 812 δακρύειν
3303 735 3359 792 δὲ
3401 739 3530 802 τοὺς
3577 740 3788 798 ὀφθαλ-

2128 821 2265 894 μοὺς
2297 827 2402 876 σῶν
2458 821 2788 898 ἐγγιζόντων
2850 828 3366 900 παρασκευάζοντες.
3403 827 3465 881 Εἰ
3520 827 3578 884 δὲ
3608 831 3783 896 Θέλεις

2122 918 2315 979 νοῆσαι
2372 913 2472 980 τήν
2528 913 2634 967 ἀπὸ
2692 917 2799 966 τῶν
2860 915 3272 988 καπνιζομένων
3331 915 3512 972 δαλῶν
3569 918 3786 995 βλάϐην

2121 1001 2417 1073 γινομένην
2447 1000 2552 1054 ἀπὸ
2606 1006 2701 1055 τοῦ
2735 1001 2784 1056 ἐν
2845 1004 3033 1068 αὐτοῖς
3089 1010 3316 1073 καπνοῦ,
3381 1009 3652 1079 μνήσθητι
3687 1016 3787 1065 τοῦ

2125 1087 2491 1175 Σολομῶντος
2577 1090 2847 1166 λέγοντος·
2909 1096 3114 1168 ’Ὠσπερ
3189 1091 3327 1167 ὅμαξ
3391 1093 3579 1151 ὀδοῦσι
3646 1098 3785 1175 βλα-

2121 1173 2297 1253 ϐερὸν,
2357 1181 2445 1235 καὶ
2505 1181 2710 1244 καπνὸς
2769 1177 3033 1253 ὄμμασιν·
3095 1182 3237 1237 οὕτω
3296 1186 3613 1261 παρανομία
3647 1173 3788 1252 τοῖς

2119 1270 2435 1344 χρωμένοις
2487 1269 2644 1343 αὐτῇ.
2707 1271 2871 1343 Οἶμαι
2926 1271 3027 1347 γὰρ
3088 1268 3309 1349 ὄμφακα
3371 1275 3465 1346 μὶν
3537 1277 3784 1352 εἰρῆσθαι

2118 1360 2218 1427 τὴν
2250 1357 2356 1413 ἀπὸ
2387 1363 2492 1413 τῶν
2538 1366 2639 1428 τῆς
2689 1359 2880 1422 κακίας
2924 1362 3168 1436 πράξεων
3231 1363 3519 1436 ἁμαρτίαν,
3580 1368 3781 1422 καπνὸν

2122 1444 2179 1501 δὲ
2205 1448 2302 1516 τήν
2328 1447 2433 1502 ἀπὸ
2464 1455 2562 1518 τῆς
2605 1446 2968 1522 ψευδωνύμου
3017 1449 3265 1526 γνώσεως
3321 1448 3557 1528 βλάϐην,
3597 1457 3660 1510 τὸ
3699 1453 3778 1510 δι-

2121 1537 2374 1610 ορατικὸν
2404 1545 2505 1606 τῆς
2537 1542 2720 1614 ψυχῆς
2771 1542 2930 1611 ἡμῶν
2979 1541 3337 1615 συγχέουσαν.
3390 1544 3554 1599 Ὅταν
3607 1541 3664 1598 δὲ
3691 1544 3777 1620 7!:-

2116 1647 2297 1695 νηται,
2330 1627 2518 1704 φησὶν,
2581 1628 2721 1704 ὀργή
2775 1633 2870 1683 τοῦ
2927 1634 3102 1702 θυμοῦ
3139 1651 3264 1701 μου,
3317 1629 3481 1686 πάλιν
3529 1632 3778 1707 ἰάσομαι,

2117 1715 2396 1786 Τουτέστι,
2457 1719 2592 1791 μετᾶ
2648 1717 3214 1792 τὰςλέπιστρεπτικάς
3271 1718 3512 1796 πληγὰς,
3564 1722 3780 1780 ἐπειδὰν

2119 1807 2316 1867 ἱκανῶς
2351 1805 2580 1880 ἔχουσαν
2646 1805 2745 1861 ἴδω
2795 1809 2893 1876 τήν
2956 1805 3268 1882 διόρθωσιν,
3321 1811 3424 1865 οὐκ
3453 1814 3647 1890 ἀφήσω
3682 1813 3778 1868 αύ-

2116 1893 2243 1955 τοῦς
2275 1894 2327 1949 ἐν
2387 1901 2503 1957 τοῖς
2559 1897 3050 1972 σκυθρωποτέρΟιςο
3115 1899 3294 1969 ὥσπερ
3357 1899 3414 1953 ἂν
3471 1899 3519 1954 εἷ’
3558 1901 3651 1955 καὶ
3701 1902 3780 1957 ία-

2115 1984 2243 2058 τρὸς
2296 1983 2446 2060 λέγοι
2506 1988 2616 2059 (71)
2676 1991 2791 2046 τοῖς
2849 1985 3168 2059 κάμνουσιν·
3227 1990 3393 2045 ’Όταν
3452 1991 3626 2062 τέμω,
3686 1992 3778 2046 καὶ

2119 2071 2244 2128 ὅταν
2277 2074 2648 2148 καυτηριάσω,
2710 2071 2834 2130 οὔτε
2879 2076 2978 2144 τήν
3006 2078 3206 2148 τομὴν,
3242 2074 3365 2133 οὔτε
3415 2080 3481 2133 τὰ
3537 2080 3643 2136 ἀπὸ
3680 2086 3778 2137 τοῦ

2116 2162 2384 2238 καυτῆρος
2413 2161 2548 2234 ἕλκη
2605 2163 2935 2235 ἀτημάλητα
2989 2164 3325 2240 καταλείψω.
3385 2168 3635 2224 Ἐπειδὰν
3667 2172 3774 2246 γὰρ

2119 2253 2320 2326 ἀνυσθῇ
2380 2257 2584 2324 τοῦτο,
2639 2251 2689 2308 δι
2748 2255 2777 2308 ’ὀ
2835 2255 2902 2308 τὰ
2959 2253 3189 2310 ἐπίπονα
3265 2253 3773 2332 παραλαμϐάνεται,

2114 2342 2239 2396 τότε
2267 2342 2366 2409 τὴν
2432 2340 2766 2415 λειπομένην
2824 2344 2937 2415 (72)
2997 2346 3280 2418 θεραπείαν
3336 2345 3646 2424 ἐπαγαγὼν,
3697 2349 3773 2413 εἷς

2115 2431 2214 2500 τὴν
2255 2431 2434 2505 ὑγείαν
2468 2432 2926 2502 ἀποκαταστήσω.

2191 2523 2312 2577 196.
2350 2520 2446 2575 Καὶ
2509 2523 2537 2576 6
2587 2523 2705 2582 υἱὸς
2756 2526 2853 2576 τοῦ
2914 2521 3229 2596 ’Λρᾶμ,καὶ
3283 2525 3311 2578 6
3368 2525 3484 2588 υἱὸς
3529 2532 3625 2582 τοῦ
3653 2529 3772 2583 Ῥο-

2121 2607 2336 2681 μελίου,
2416 2609 2497 2663 ὅτι
2556 2612 2670 2682 (73)
2748 2605 3141 2666 ἐϐοῦλεύσαντο
3225 2611 3431 2688 βουλὴν
3505 2618 3772 2694 πονηρὰν,

2119 2700 2389 2772 λέγοντες·
2477 2694 2891 2772 ’Δναϐησόμεθα
2965 2699 3042 2763 εἷς
3113 2702 3212 2770 τὴν
3303 2702 3591 2776 Ἰουδαίαν,

2115 2786 2559 2859 συλλαλήσαντες
2686 2788 2869 2852 αὐτοῖς
2881 2835 2893 2859 ,
3025 2791 3338 2867 ἀποστράψο
3346 2814 3441 2865 μεν
3579 2795 3775 2861 αὐτοὺς

2114 2878 2252 2951 πρὸς
2327 2879 2497 2949 ἡμᾶς,
2601 2878 2692 2932 καὶ
2782 2876 3178 2953 βασιλεύσομεν
3236 2882 3406 2945 αὐτῆς
3480 2883 3570 2937 τὸν
3649 2886 3765 2938 υἱὸν

2115 2961 2362 3036 Ταϐεήλ.
2421 2963 2555 3021 Τάδε
2614 2965 2760 3042 λέγει
2817 2964 3018 3040 Κύριος
3075 2963 3320 3023 Σαϐαώθ·
3353 2969 3429 3027 Οὐ
3485 2972 3559 3042 μὴ
3603 2971 3760 3048 μείνῃ

2114 3056 2148 3124 ἠ
2195 3054 2370 3128 βουλὴ
2420 3055 2580 3126 αὕτη,
2636 3054 2760 3112 οὐδὲ
2817 3056 2984 3114 ἔσται.
3045 3057 3190 3112 Ἐπεὶ
3251 3057 3340 3113 οῦν
3400 3066 3754 3134 συμφωνοῦσι

2115 3142 2211 3200 δύο
2243 3144 2422 3221 λόγοι,
2453 3147 2505 3200 οὶ
2536 3140 2636 3217 ἔξω
2683 3149 2794 3220 (74)
2823 3155 2923 3217 τῆς
2983 3146 3266 3216 ἀληθείας,
3319 3149 3455 3203 κατὰ
3509 3157 3607 3219 τῆς
3639 3151 3761 3207 Ἐκ-

3682 2708 3772 2762 καὶ

338 3239 436 3294 Dei
470 3237 779 3293 scientiam
813 3253 942 3292 sese
974 3236 1223 3291 efferens
1245 3235 1311 3303 ⁸ο,
1342 3239 1468 3287 tum
1509 3232 1664 3286 titius
1697 3229 1995 3304 Romolize,

2110 3216 2346 3306 ιλησίας,
2397 3234 2487 3290 ὅτε
2535 3216 2651 3298 υίὸς
2691 3216 2791 3291 τοῦ
2846 3216 3047 3311 ’Ᾰρὰμ,
3098 3238 3126 3291 6
3179 3237 3450 3312 μετέωρος
3498 3216 3691 3314 λόγος,
3732 3241 3761 3294 6

335 3346 439 3384 seu
471 3328 632 3383 elatae
665 3327 1133 3383 circumcisionis
1165 3341 1377 3387 sermo,
1403 3322 1499 3394 qui
1542 3322 1798 3377 scientiae
1843 3337 1984 3392 prae-

333 3426 516 3486 textu,
549 3436 614 3474 ac
646 3418 924 3474 doctrinae
965 3416 1192 3472 altioris
1225 3415 1440 3486 specie,
1469 3431 1502 3468 a
1533 3411 1986 3468 veritateEccle-

335 3514 434 3569 site
467 3511 568 3566 Dei
605 3513 846 3564 avocat:
881 3509 1144 3563 inierunt
1180 3506 1362 3576 igitur
1392 3505 1451 3559 bi
1485 3503 1797 3559 consilium
1851 3519 1986 3572 pra-

331 3617 491 3670 vum,
521 3600 580 3654 in
612 3615 678 3654 eo
711 3597 864 3669 quod
901 3597 1020 3651 sint
1050 3597 1262 3651 Judaiaa
1296 3593 1575 3664 populum
1607 3591 1986 3659 allocuti,boc

333 3696 442 3756 est,
475 3707 596 3757 eos,
631 3705 879 3760 quorum
913 3687 1203 3742 conﬁtens
1241 3689 1329 3740 est
1359 3683 1578 3738 anima.
1615 3683 1843 3736 Etenim
1889 3683 1984 3736 Dei

334 3779 626 3837 confessio
652 3777 1160 3833 transnominatur
1189 3775 1416 3841 Judaea,
1461 3789 1640 3844 quam
1700 3771 1986 3828 suasoriis

333 3869 650 3924 dialecticis
681 3866 928 3937 argutiis
961 3869 1295 3920 avertemus
1320 3864 1390 3918 ad
1462 3878 1588 3930 nos,
1644 3861 1986 3932 pollicentes

333 3961 572 4014 daturos
604 3973 732 4022 nos,
767 3971 882 4008 non
916 3954 1096 4008 alium
1133 3969 1348 4022 regem,
1385 3951 1498 4005 nisi
1523 3951 1706 4004 tilium
1745 3949 1980 4023 Tabeel,

328 4048 437 4105 hoc
469 4051 578 4116 est,
613 4046 798 4101 ﬁlium
830 4043 968 4099 boni
1000 4043 1137 4110 Dei;
1173 4057 1346 4114 quem
1394 4040 1630 4112 quidem
1692 4039 1790 4094 Dei
1851 4039 1982 4094 boni

328 4137 518 4193 ﬁlium
551 4136 776 4202 dicunt,
812 4135 1005 4205 ipsum
1049 4149 1182 4187 vero
1225 4148 1338 4186 non
1374 4129 1678 4185 nominant
1737 4128 1980 4195 bonum,

329 4227 595 4298 improbe
627 4226 778 4280 hanc
811 4221 1107 4292 Evangelii
1155 4237 1348 4275 vocem
1394 4219 1785 4290 accipientes:
1842 4218 1984 4286 Quid

325 4316 578 4371 medicis
611 4315 862 4370 bonum?
931 4313 1093 4367 Nemo
1147 4311 1316 4363 bonus
1359 4310 1471 4361 nisi
1526 4308 1672 4363 solus
1728 4308 1866 4362 Deus
1912 4307 1980 4360 θί.

330 4410 469 4460 Cum
502 4403 686 4476 igitur
715 4400 930 4456 videris
960 4399 1264 4453 haereticos
1286 4396 1627 4468 pollicentes
1651 4395 1978 4450 scientiam.

327 4493 638 4566 gentilium
673 4491 1018 4546 inducentes
1048 4487 1419 4558 sapientiam,
1454 4485 1672 4540 bellum
1716 4483 1982 4539 Ecclesia

2098 3322 2460 3396 ἐπαιρόμενος
2488 3324 2623 3378 κατὰ
2651 3331 2750 3393 τῆς
2780 3326 3030 3400 γνώσεως
3073 3330 3172 3380 τοῦ
3221 3330 3376 3395 Θεοῦ,
3427 3327 3513 3381 καὶ
3573 3328 3600 3381 6
3647 3327 3762 3391 υἱὸς

2095 3417 2191 3467 τοῦ
2222 3411 2536 3486 Ῥομελίου,
2571 3414 2598 3467 6
2623 3411 2789 3488 λόγος
2830 3415 2858 3468 6
2895 3415 2956 3468 ἰκ
2981 3420 3080 3484 τῆς
3114 3417 3391 3490 μετεώρου
3433 3420 3759 3491 περιτομῆς,

2097 3502 2178 3567 ὃς,
2211 3503 2476 3579 προφάσει
2506 3503 2758 3577 γνώσεως
2808 3502 2896 3558 καὶ
2949 3502 3174 3580 ἰμφάσει
3222 3505 3321 3571 vi:
3371 3505 3493 3577 περὶ
3543 3503 3756 3578 ὑψηλο-

2094 3592 2266 3665 τέρων
2301 3588 2674 3658 διδασκαλίας,
2731 3592 2986 3668 ἀφίστησι
3040 3599 3139 3661 τῆς
3199 3592 3336 3646 κατὰ
3383 3595 3483 3660 τὴν
3519 3593 3754 3664 Ἐκκλη-

2096 3680 2210 3734 σίαν
2259 3684 2355 3734 τοῦ
2401 3685 2534 3735 Θεοῦ
2593 3679 2867 3750 ἀληθείας·
2931 3676 3320 3736 ἐϐουλεύσαντο
3378 3681 3552 3736 τοίνυν
3601 3683 3750 3738 οὗτοι

2100 3768 2306 3843 βουλὴν
2339 3770 2604 3844 πονηρὰν,
2639 3771 2722 3824 δυι
2771 3769 3233 3843 συνομιλήσαντες
3264 3775 3381 3832 τοῖς
3419 3769 3471 3825 ἐν
3514 3775 3582 3845 τῇ
3617 3773 3750 3829 Ἰου-

2095 3855 2242 3929 δαίᾳ,
2271 3853 2514 3913 τουτέστι
2562 3864 2677 3920 τοῖς
2726 3853 2779 3913 ἒν
2827 3863 2897 3933 τῇ
2958 3853 3436 3935 ἐξομολογουμένῇ
3468 3860 3622 3936 ψυχῇ
3652 3860 3752 3932 (ἐξ-

2095 3946 2437 4023 ομολόγησις
2468 3948 2571 4022 γὰρ
2604 3953 2737 4002 Θεοῦ
2768 3951 2802 4017 ἡ
2855 3947 3088 4005 Ἰουδαία
3123 3950 3551 4021 μετονομάζεται
3591 3954 3749 4023 [75]),

2094 4036 2284 4105 ἥντινα
2315 4034 2403 4090 διὰ
2431 4044 2529 4104 τῆς
2560 4035 2610 4090 ἐν
2637 4041 2706 4110 τῇ
2741 4034 3062 4108 διαλεκτικῇ
3099 4036 3463 4107 πιθανότητος
3491 4039 3749 4114 ἀποστρέ-

2095 4127 2284 4198 ψωμεν
2317 4130 2451 4198 πρὸς
2501 4123 2742 4194 ἑαυτοὺς,
2790 4123 3258 4200 ἐπαγγελλόμενοι
3296 4127 3372 4198 μὴ
3420 4125 3591 4182 ἄλλον
3629 4130 3749 4182 τινα

2095 4212 2284 4270 δώσειν
2340 4214 2586 4291 βασιλέα,
2719 4216 2812 4270 τὸν
2855 4217 2972 4271 υἱὸν
3025 4221 3123 4272 τοῦ
3176 4212 3424 4288 Tusc-4)"
3478 4219 3748 4288 τουτέστι,

2090 4309 2188 4360 τοῦ
2219 4305 2421 4380 ἀγαθοῦ
2451 4310 2604 4360 Θεοῦ·
2639 4305 2696 4360 ’ὸν
2731 4306 2933 4379 ἀγαθοῦ
2985 4306 3079 4377 μὶν
3126 4310 3258 4361 Θεοῦ
3311 4308 3423 4361 υἱὸν
3473 4306 3745 4382 λέγουσιν,

2095 4394 2293 4470 ἀγαθὸν
2351 4391 2407 4448 δὲ
2464 4394 2621 4448 αὐτὸν
2703 4394 2802 4448 οὐκ
2855 4395 3213 4467 ὀνομάξοτσι,
3273 4395 3409 4470 πρὸς
3489 4395 3744 4470 ἐπήρειαν

2093 4482 2431 4558 κεχρημένοι
2482 4487 2550 4557 τῇ
2598 4488 2694 4538 τοῦ
2752 4482 3091 4558 Εὗαγγελίου
3122 4486 3296 4560 φωνῇ·
3349 4484 3408 4539 Τί
3455 4506 3522 4559 με
3568 4484 3746 4560 λέγεις

327 4581 430 4637 Dei
489 4581 856 4641 inferentes;
907 4578 1193 4634 arbitrare
1234 4575 1419 4630 ﬁlium
1470 4577 1642 4630 Aram
1704 4579 1762 4629 et
1793 4574 1980 4629 {ilium

2110 4571 2332 4647 ἱγαθόν;
2387 4569 2585 4632 Οὺδεὶς
2635 4572 2834 4646 ἀγαθὸς
2883 4572 2929 4626 εἶ
2992 4575 3068 4645 μὴ
3131 4575 3207 4633 εἴς
3284 4575 3311 4627 6
3373 4573 3522 4636 Θεός.
3582 4577 3743 4632 Ὅταν

325 4670 600 4727 Romeliaa
633 4671 957 4725 etiamnum
992 4666 1308 4722 consilium
1342 4681 1585 4736 pravum
1607 4664 1772 4719 inire.
1805 4668 1980 4718 Caete-

323 4761 578 4830 rum,uti
612 4759 1291 4827 tradidimus,adversus
1323 4755 1653 4827 malignum
1703 4753 1845 4808 illud
1875 4753 1979 4808 lilii

323 4853 498 4908 Aram
529 4856 586 4908 et
616 4849 720 4906 filii
753 4847 1027 4906 Romeliaa
1060 4845 1374 4902 consilium
1409 4845 1530 4900 haec
1561 4842 1824 4899 declarat
1860 4843 1976 4899 Do-

391 5033 435 5068 ‘9
465 5036 630 5089 Prov.
660 5049 718 5100 x,
747 5031 839 5085 26.
915 5029 960 5064 ⁶⁰
992 5029 1040 5084 ΙΙ
1075 5030 1200 5082 Cor.
1233 5043 1290 5094 χ,
1319 5026 1374 5081 5.
1451 5025 1497 5062 ⁶¹
1534 5029 1666 5080 Luc.
1699 5039 1858 5088 xvm,
1885 5022 1971 5077 19.

395 5237 508 5307 (70)
534 5234 847 5307 Ξὶοίιιοειῐιὶ
881 5250 985 5289 sex
1005 5231 1271 5307 codices,
1308 5227 1617 5307 nisi_quod
1676 5226 1736 5282 in
1775 5225 1986 5307 _tribus

325 5296 577 5431 legatqsr,
607 5306 668 5360 τὸ
700 5307 758 5361 ὲκ
786 5308 902 5360 τοῦ.
938 5303 1114 5368 Editi,
1148 5299 1365 5375 ἴχοντες
1409 5296 1606 5352 Sis—1:06
1657 5297 1826 5368 πυρὸς
1872 5316 1980 5372 φω-

325 5399 496 5431 τιστικ
531 5400 582 5431 ν.

319 5399 582 5434 τιστικον.

394 5451 506 5523 (71)
539 5451 776 5523 Veteres
816 5448 1080 5519 quinque
1113 5444 1271 5511 libri,
1304 5440 1486 5515 λέγοι.
1523 5442 1674 5497 Editi
1707 5447 1765 5497 et
1810 5440 1973 5497 Colb.

323 5519 574 5594 primus,
608 5519 772 5591 λέγει.

389 5597 502 5664 (72)
539 5599 625 5650 Ita
656 5585 924 5664 sexmss.
960 5588 1224 5664 Ateditj,
1257 5585 1354 5664 την
1389 5585 1684 5657 ἑπομένην.

393 5656 507 5740 (73)
534 5665 710 5722 Editi.
744 5662 828 5717 ὅτι
857 5661 990 5718 εκεῖ.
1022 5661 1142 5716 Vox
1175 5657 1285 5713 ἐκεῖ
1306 5659 1366 5714 in
1397 5656 1543 5714 mss.
1577 5674 1714 5715 non.
1735 5656 1970 5730 legitur.

2096 4659 2186 4714 οῦν
2243 4656 2366 4734 ἴδῃς
2428 4658 2794 4736 ἐτεροδὸξους,
2853 4660 3365 4738 ἐπαγγελλομένους
3393 4667 3608 4737 γνῶσιν,
3651 4663 3746 4718 ἰπ-

2091 4749 2390 4825 αγομένους
2420 4752 2518 4818 τὴν
2553 4749 2612 4805 ἔκ
2655 4756 2762 4805 τῶν
2793 4750 2958 4814 ἐθνῶν
3005 4750 3219 4829 σοφίαν,
3271 4749 3750 4829 ἐπιστρατεύοντας

2088 4843 2158 4914 τῇ
2193 4839 2491 4911 Ἐκκλησία
2519 4845 2616 4895 τοῦ
2639 4845 2794 4914 Θεοῦ,
2816 4839 3074 4914 ἐνθυμοῦ,
3098 4839 3181 4896 ὅτι
3208 4842 3295 4896 καὶ
3329 4845 3420 4896 νῦν
3453 4843 3480 4896 6
3511 4843 3628 4905 υἱὸς
3651 4847 3750 4898 τοῦ

2096 5225 2212 5310 Nec
2245 5224 2324 5280 ita
2339 5223 2526 5280 multo
2561 5224 2713 5282 infra
2734 5227 2875 5299 Reg.
2909 5227 3142 5296 tertius,
3205 5224 3614 5302 βασιλεύσωμεν
3647 5229 3740 5284 αὐ-

2086 5315 2277 5495 Ξίξῖᾍ)
2309 5368 2483 5436 Editi,
2517 5367 2568 5421 οἱ
2600 5363 2722 5438 ἔξω.
2754 5371 2933 5426 Abest
2965 5369 3014 5422 οὶ
3049 5370 3320 5425 anostris
3367 5388 3467 5428 sex
3525 5375 3745 5430 codici-

2131 5457 2272 5582 u(:05)
2304 5510 2792 5585 MonetDuceus,
2831 5511 3576 5585 apographumAAngucum
3641 5519 3745 5573 ba-

2157 5529 2272 5582 (ID)
2304 5529 2502 5567 monet
2524 5529 2792 5578 uuceus,
2831 5529 3041 5582 apogra
3090 5529 3229 5567 num
3270 5529 3576 5585 angucum
3641 5529 3745 5573 na-

2085 5583 2290 5666 buisse
2316 5583 2750 5666 μετωνόμασται.
2786 5584 2926 5655 Ejus
2960 5529 3434 5666 inliunqlocum
3468 5590 3746 5646 eruditis-

2085 5657 2303 5713 simum
2343 5662 2543 5715 notam
2575 5656 2766 5728 legere
2797 5662 3048 5730 possunt
3077 5657 3348 5716 studiosi.
