  <div class='ocr_page' id='page_1' title='image "/cluster/home/n/w/nwhite01/storage/ocr_20150623/30:no.2/coo.31924054873116/240.png"; bbox 0 0 4138 6382; ppageno 0'>
   <div class='ocr_carea' id='block_1_1' title="bbox 349 359 467 416">
    <p class='ocr_par' dir='ltr' id='par_1_1' title="bbox 349 359 467 416">
     <span class='ocr_line' id='line_1_1' title="bbox 349 359 467 416; baseline -0.008 0"><span class='ocrx_word' id='word_1_1' title='bbox 349 359 467 416; x_wconf 69' lang='grc'>(57</span> 
     </span>
    </p>
   </div>
   <div class='ocr_carea' id='block_1_2' title="bbox 1184 345 2990 412">
    <p class='ocr_par' dir='ltr' id='par_1_2' title="bbox 1184 345 2990 412">
     <span class='ocr_line' id='line_1_2' title="bbox 1184 345 2990 412; baseline -0.002 -4"><span class='ocrx_word' id='word_1_2' title='bbox 1184 349 1596 412; x_wconf 81' lang='lat' dir='ltr'>COMMENT.</span> <span class='ocrx_word' id='word_1_3' title='bbox 1637 347 1718 408; x_wconf 89' lang='lat' dir='ltr'><strong>IN</strong></span> <span class='ocrx_word' id='word_1_4' title='bbox 1764 346 2032 407; x_wconf 82' lang='lat' dir='ltr'>ISAIAM</span> <span class='ocrx_word' id='word_1_5' title='bbox 2081 345 2584 407; x_wconf 81' lang='lat' dir='ltr'>PROPHETAM.</span> <span class='ocrx_word' id='word_1_6' title='bbox 2634 347 2808 406; x_wconf 82' lang='lat' dir='ltr'>CAP.</span> <span class='ocrx_word' id='word_1_7' title='bbox 2856 346 2990 407; x_wconf 80' lang='lat' dir='ltr'>VII.</span> 
     </span>
    </p>
   </div>
   <div class='ocr_carea' id='block_1_3' title="bbox 3656 346 3780 408">
    <p class='ocr_par' dir='ltr' id='par_1_3' title="bbox 3656 346 3780 408">
     <span class='ocr_line' id='line_1_3' title="bbox 3656 346 3780 408; baseline 0 0"><span class='ocrx_word' id='word_1_8' title='bbox 3656 346 3780 408; x_wconf 73' lang='lat'>458</span> 
     </span>
    </p>
   </div>
   <div class='ocr_carea' id='block_1_4' title="bbox 345 476 2009 561">
    <p class='ocr_par' dir='ltr' id='par_1_4' title="bbox 345 476 2009 561">
     <span class='ocr_line' id='line_1_4' title="bbox 345 476 2009 561; baseline -0.007 -20"><span class='ocrx_word' id='word_1_9' title='bbox 345 481 636 561; x_wconf 74' lang='grc' dir='ltr'>Ἀρὰμκαῖ</span> <span class='ocrx_word' id='word_1_10' title='bbox 667 483 828 544; x_wconf 76' lang='grc' dir='ltr'>ὁυὶὸς</span> <span class='ocrx_word' id='word_1_11' title='bbox 855 484 952 535; x_wconf 87' lang='grc' dir='ltr'>τοῦ</span> <span class='ocrx_word' id='word_1_12' title='bbox 976 479 1268 552; x_wconf 79' lang='grc' dir='ltr'>ῬομεΛίου</span> <span class='ocrx_word' id='word_1_13' title='bbox 1289 477 1652 554; x_wconf 77' lang='grc' dir='ltr'>βουλεύονται</span> <span class='ocrx_word' id='word_1_14' title='bbox 1680 476 1884 552; x_wconf 71' lang='grc' dir='ltr'>βουλὴν</span> <span class='ocrx_word' id='word_1_15' title='bbox 1906 496 2009 530; x_wconf 87' lang='grc' dir='ltr'>πο-</span> 
     </span>
    </p>
   </div>
   <div class='ocr_carea' id='block_1_5' title="bbox 2125 476 3769 561">
    <p class='ocr_par' dir='ltr' id='par_1_5' title="bbox 2133 477 3769 551">
     <span class='ocr_line' id='line_1_5' title="bbox 2133 477 3769 551; baseline 0.004 -20"><span class='ocrx_word' id='word_1_16' title='bbox 2133 477 2350 542; x_wconf 89' lang='lat' dir='ltr'>minus,</span> <span class='ocrx_word' id='word_1_17' title='bbox 2385 477 2506 533; x_wconf 88' lang='lat' dir='ltr'>fore</span> <span class='ocrx_word' id='word_1_18' title='bbox 2525 477 2792 534; x_wconf 83' lang='lat' dir='ltr'>videlicet</span> <span class='ocrx_word' id='word_1_19' title='bbox 2808 483 2875 533; x_wconf 91' lang='lat' dir='ltr'>ut</span> <span class='ocrx_word' id='word_1_20' title='bbox 2889 482 3004 534; x_wconf 85' lang='lat' dir='ltr'>stet</span> <span class='ocrx_word' id='word_1_21' title='bbox 3037 484 3092 536; x_wconf 92' lang='lat' dir='ltr'>et</span> <span class='ocrx_word' id='word_1_22' title='bbox 3111 480 3265 537; x_wconf 73' lang='lat'>526</span> <span class='ocrx_word' id='word_1_23' title='bbox 3297 484 3637 551; x_wconf 88' lang='lat' dir='ltr'>permaneat</span> <span class='ocrx_word' id='word_1_24' title='bbox 3666 481 3769 538; x_wconf 87' lang='lat' dir='ltr'>Dei</span> 
     </span>
    </p>
   </div>
   <div class='ocr_carea' id='block_1_6' title="bbox 341 562 2007 651">
    <p class='ocr_par' dir='ltr' id='par_1_6' title="bbox 341 562 2007 651">
     <span class='ocr_line' id='line_1_6' title="bbox 341 562 2007 651; baseline -0.008 -20"><span class='ocrx_word' id='word_1_25' title='bbox 341 573 693 651; x_wconf 81' lang='grc' dir='ltr'>νηράν.[Ιρός</span> <span class='ocrx_word' id='word_1_26' title='bbox 715 569 772 626; x_wconf 78' lang='grc' dir='ltr'>δὲ</span> <span class='ocrx_word' id='word_1_27' title='bbox 793 571 893 639; x_wconf 73' lang='grc' dir='ltr'>τὴν</span> <span class='ocrx_word' id='word_1_28' title='bbox 922 569 1164 641; x_wconf 81' lang='grc' dir='ltr'>πονηρὰν</span> <span class='ocrx_word' id='word_1_29' title='bbox 1202 567 1408 644; x_wconf 71' lang='grc' dir='ltr'>βουλὴν</span> <span class='ocrx_word' id='word_1_30' title='bbox 1429 569 1628 634; x_wconf 86' lang='grc' dir='ltr'>τοῦ,ὡς</span> <span class='ocrx_word' id='word_1_31' title='bbox 1659 562 2007 621; x_wconf 65' lang='grc' dir='ltr'>ἀποδεδώκας</span> 
     </span>
    </p>
   </div>
   <div class='ocr_carea' id='block_1_7' title="bbox 348 653 2006 738">
    <p class='ocr_par' dir='ltr' id='par_1_7' title="bbox 348 653 2006 738">
     <span class='ocr_line' id='line_1_7' title="bbox 348 653 2006 738; baseline -0.007 -20"><span class='ocrx_word' id='word_1_32' title='bbox 348 685 470 738; x_wconf 87' lang='grc' dir='ltr'>μεν,</span> <span class='ocrx_word' id='word_1_33' title='bbox 505 663 626 717; x_wconf 74' lang='grc' dir='ltr'>υἱοῦ</span> <span class='ocrx_word' id='word_1_34' title='bbox 658 661 838 736; x_wconf 71' lang='grc' dir='ltr'>Ἀρὰμ</span> <span class='ocrx_word' id='word_1_35' title='bbox 868 659 956 713; x_wconf 84' lang='grc' dir='ltr'>καὶ</span> <span class='ocrx_word' id='word_1_36' title='bbox 990 655 1429 731; x_wconf 74' lang='grc' dir='ltr'>υἱοῦῬομελὶου</span> <span class='ocrx_word' id='word_1_37' title='bbox 1450 654 1616 712; x_wconf 82' lang='grc' dir='ltr'>ταῦτά</span> <span class='ocrx_word' id='word_1_38' title='bbox 1648 677 1807 734; x_wconf 75' lang='grc' dir='ltr'>φησιν</span> <span class='ocrx_word' id='word_1_39' title='bbox 1843 655 1870 709; x_wconf 83' lang='grc' dir='ltr'>ὁ</span> <span class='ocrx_word' id='word_1_40' title='bbox 1905 653 2006 710; x_wconf 78' lang='grc' dir='ltr'>Κύ-</span> 
     </span>
    </p>
   </div>
   <div class='ocr_carea' id='block_1_8' title="bbox 345 741 2009 829">
    <p class='ocr_par' dir='ltr' id='par_1_8' title="bbox 345 741 2009 829">
     <span class='ocr_line' id='line_1_8' title="bbox 345 741 2009 829; baseline -0.007 -21"><span class='ocrx_word' id='word_1_41' title='bbox 345 774 485 829; x_wconf 72' lang='grc' dir='ltr'>ριοςσ</span> <span class='ocrx_word' id='word_1_42' title='bbox 521 752 606 806; x_wconf 78' lang='grc' dir='ltr'>ὅτι</span> <span class='ocrx_word' id='word_1_43' title='bbox 639 754 674 820; x_wconf 75' lang='grc' dir='ltr'>ἠ</span> <span class='ocrx_word' id='word_1_44' title='bbox 713 750 807 824; x_wconf 73' lang='grc' dir='ltr'>μὶν</span> <span class='ocrx_word' id='word_1_45' title='bbox 839 753 937 804; x_wconf 86' lang='grc' dir='ltr'>τοῦ</span> <span class='ocrx_word' id='word_1_46' title='bbox 960 752 1092 803; x_wconf 89' lang='grc' dir='ltr'>Θεοῦ</span> <span class='ocrx_word' id='word_1_47' title='bbox 1127 746 1304 823; x_wconf 82' lang='grc' dir='ltr'>βουλὴ</span> <span class='ocrx_word' id='word_1_48' title='bbox 1337 745 1528 817; x_wconf 71' lang='grc' dir='ltr'>ἕστηκε</span> <span class='ocrx_word' id='word_1_49' title='bbox 1557 746 1646 800; x_wconf 85' lang='grc' dir='ltr'>καὶ</span> <span class='ocrx_word' id='word_1_50' title='bbox 1685 744 1848 818; x_wconf 69' lang='grc' dir='ltr'>μένει,</span> <span class='ocrx_word' id='word_1_51' title='bbox 1882 747 1915 812; x_wconf 76' lang='grc' dir='ltr'>ἡ</span> <span class='ocrx_word' id='word_1_52' title='bbox 1951 741 2009 797; x_wconf 74' lang='grc' dir='ltr'>δὲ</span> 
     </span>
    </p>
   </div>
   <div class='ocr_carea' id='block_1_9' title="bbox 343 833 2006 917">
    <p class='ocr_par' dir='ltr' id='par_1_9' title="bbox 343 833 2006 917">
     <span class='ocr_line' id='line_1_9' title="bbox 343 833 2006 917; baseline -0.007 -19"><span class='ocrx_word' id='word_1_53' title='bbox 343 848 454 898; x_wconf 78' lang='grc' dir='ltr'>τῶν</span> <span class='ocrx_word' id='word_1_54' title='bbox 491 840 918 917; x_wconf 66' lang='grc' dir='ltr'>ἀγωνιζομένων</span> <span class='ocrx_word' id='word_1_55' title='bbox 951 838 1086 892; x_wconf 82' lang='grc' dir='ltr'>κατᾶ</span> <span class='ocrx_word' id='word_1_56' title='bbox 1115 845 1213 906; x_wconf 82' lang='grc' dir='ltr'>τῆς</span> <span class='ocrx_word' id='word_1_57' title='bbox 1243 836 1591 904; x_wconf 80' lang='grc' dir='ltr'>ἀληθείας,οὐ</span> <span class='ocrx_word' id='word_1_58' title='bbox 1625 833 2006 905; x_wconf 75' lang='grc' dir='ltr'>στήσεται,ἁλ-</span> 
     </span>
    </p>
   </div>
   <div class='ocr_carea' id='block_1_10' title="bbox 348 922 2004 1002">
    <p class='ocr_par' dir='ltr' id='par_1_10' title="bbox 348 922 2004 1002">
     <span class='ocr_line' id='line_1_10' title="bbox 348 922 2004 1002; baseline -0.007 -14"><span class='ocrx_word' id='word_1_59' title='bbox 348 931 420 988; x_wconf 81' lang='grc' dir='ltr'>λὰ</span> <span class='ocrx_word' id='word_1_60' title='bbox 450 935 772 987; x_wconf 81' lang='grc' dir='ltr'>πεπτωκυῖα</span> <span class='ocrx_word' id='word_1_61' title='bbox 801 930 888 983; x_wconf 84' lang='grc' dir='ltr'>καὶ</span> <span class='ocrx_word' id='word_1_62' title='bbox 920 926 1361 1001; x_wconf 81' lang='grc' dir='ltr'>ἀνατετραμμὲνη</span> <span class='ocrx_word' id='word_1_63' title='bbox 1390 925 1643 981; x_wconf 80' lang='grc' dir='ltr'>κείσεται.</span> <span class='ocrx_word' id='word_1_64' title='bbox 1674 924 1819 978; x_wconf 82' lang='grc' dir='ltr'>Διότι</span> <span class='ocrx_word' id='word_1_65' title='bbox 1853 922 2004 1002; x_wconf 79' lang='grc' dir='ltr'>φησί·</span> 
     </span>
    </p>
   </div>
   <div class='ocr_carea' id='block_1_11' title="bbox 351 1011 2006 1099">
    <p class='ocr_par' dir='ltr' id='par_1_11' title="bbox 351 1011 2006 1099">
     <span class='ocr_line' id='line_1_11' title="bbox 351 1011 2006 1099; baseline -0.005 -24"><span class='ocrx_word' id='word_1_66' title='bbox 351 1021 570 1099; x_wconf 60' lang='grc' dir='ltr'>Κεφαλὴ</span> <span class='ocrx_word' id='word_1_67' title='bbox 632 1023 731 1073; x_wconf 88' lang='grc' dir='ltr'>τοῦ</span> <span class='ocrx_word' id='word_1_68' title='bbox 787 1018 963 1092; x_wconf 71' lang='grc' dir='ltr'>Ἀρὰμ</span> <span class='ocrx_word' id='word_1_69' title='bbox 1020 1016 1336 1088; x_wconf 87' lang='grc' dir='ltr'>Δαμασκὸς,</span> <span class='ocrx_word' id='word_1_70' title='bbox 1396 1014 1483 1069; x_wconf 83' lang='grc' dir='ltr'>καὶ</span> <span class='ocrx_word' id='word_1_71' title='bbox 1544 1017 1577 1084; x_wconf 76' lang='grc' dir='ltr'>ἡ</span> <span class='ocrx_word' id='word_1_72' title='bbox 1629 1011 1841 1092; x_wconf 49' lang='grc' dir='ltr'>κεραλή</span> <span class='ocrx_word' id='word_1_73' title='bbox 1907 1020 2006 1066; x_wconf 86' lang='grc' dir='ltr'>Δα-</span> 
     </span>
    </p>
   </div>
   <div class='ocr_carea' id='block_1_12' title="bbox 357 1100 2005 1185">
    <p class='ocr_par' dir='ltr' id='par_1_12' title="bbox 357 1100 2005 1185">
     <span class='ocr_line' id='line_1_12' title="bbox 357 1100 2005 1185; baseline -0.005 -20"><span class='ocrx_word' id='word_1_74' title='bbox 357 1114 564 1185; x_wconf 83' lang='grc' dir='ltr'>μασκοῦ</span> <span class='ocrx_word' id='word_1_75' title='bbox 617 1107 814 1163; x_wconf 80' lang='grc' dir='ltr'>Ῥασίν.</span> <span class='ocrx_word' id='word_1_76' title='bbox 866 1107 1151 1160; x_wconf 81' lang='grc' dir='ltr'>Τουτὲστιν</span> <span class='ocrx_word' id='word_1_77' title='bbox 1204 1107 1238 1174; x_wconf 83' lang='grc' dir='ltr'>ἠ</span> <span class='ocrx_word' id='word_1_78' title='bbox 1298 1108 1406 1159; x_wconf 81' lang='grc' dir='ltr'>τῶν</span> <span class='ocrx_word' id='word_1_79' title='bbox 1458 1103 1744 1180; x_wconf 82' lang='grc' dir='ltr'>μετεώρων</span> <span class='ocrx_word' id='word_1_80' title='bbox 1792 1100 2005 1181; x_wconf 76' lang='grc' dir='ltr'>κεφαλὴ</span> 
     </span>
    </p>
   </div>
   <div class='ocr_carea' id='block_1_13' title="bbox 356 1193 2004 1275">
    <p class='ocr_par' dir='ltr' id='par_1_13' title="bbox 356 1193 2004 1275">
     <span class='ocr_line' id='line_1_13' title="bbox 356 1193 2004 1275; baseline -0.007 -19"><span class='ocrx_word' id='word_1_81' title='bbox 356 1200 550 1275; x_wconf 76' lang='grc' dir='ltr'>ἐναγής</span> <span class='ocrx_word' id='word_1_82' title='bbox 590 1199 673 1260; x_wconf 87' lang='grc' dir='ltr'>τίς</span> <span class='ocrx_word' id='word_1_83' title='bbox 725 1197 836 1252; x_wconf 80' lang='grc' dir='ltr'>ἐστι</span> <span class='ocrx_word' id='word_1_84' title='bbox 886 1197 975 1250; x_wconf 80' lang='grc' dir='ltr'>καὶ</span> <span class='ocrx_word' id='word_1_85' title='bbox 1025 1193 1260 1268; x_wconf 77' lang='grc' dir='ltr'>α’ίματος</span> <span class='ocrx_word' id='word_1_86' title='bbox 1309 1194 1532 1267; x_wconf 76' lang='grc' dir='ltr'>πλήρης</span> <span class='ocrx_word' id='word_1_87' title='bbox 1564 1193 1800 1268; x_wconf 77' lang='grc' dir='ltr'>(ἐπείπερ</span> <span class='ocrx_word' id='word_1_88' title='bbox 1834 1195 1868 1262; x_wconf 80' lang='grc' dir='ltr'>ἡ</span> <span class='ocrx_word' id='word_1_89' title='bbox 1904 1200 2004 1246; x_wconf 83' lang='grc' dir='ltr'>Δα-</span> 
     </span>
    </p>
   </div>
   <div class='ocr_carea' id='block_1_14' title="bbox 355 1282 2007 1364">
    <p class='ocr_par' dir='ltr' id='par_1_14' title="bbox 355 1282 2007 1364">
     <span class='ocr_line' id='line_1_14' title="bbox 355 1282 2007 1364; baseline -0.004 -20"><span class='ocrx_word' id='word_1_90' title='bbox 355 1290 555 1364; x_wconf 84' lang='grc' dir='ltr'>μασκὸς</span> <span class='ocrx_word' id='word_1_91' title='bbox 607 1287 958 1363; x_wconf 75' lang='grc' dir='ltr'>ἐρμηνευεται</span> <span class='ocrx_word' id='word_1_92' title='bbox 1027 1285 1162 1358; x_wconf 83' lang='grc' dir='ltr'>αἷμα</span> <span class='ocrx_word' id='word_1_93' title='bbox 1209 1284 1452 1358; x_wconf 83' lang='grc' dir='ltr'>σάκκου)·</span> <span class='ocrx_word' id='word_1_94' title='bbox 1510 1283 1704 1345; x_wconf 63' lang='grc' dir='ltr'>σάκκος</span> <span class='ocrx_word' id='word_1_95' title='bbox 1768 1283 1860 1356; x_wconf 75' lang='grc' dir='ltr'>μὲν</span> <span class='ocrx_word' id='word_1_96' title='bbox 1915 1282 2007 1337; x_wconf 75' lang='grc' dir='ltr'>οὖν</span> 
     </span>
    </p>
   </div>
   <div class='ocr_carea' id='block_1_15' title="bbox 349 1370 2007 1453">
    <p class='ocr_par' dir='ltr' id='par_1_15' title="bbox 349 1370 2007 1453">
     <span class='ocr_line' id='line_1_15' title="bbox 349 1370 2007 1453; baseline -0.005 -19"><span class='ocrx_word' id='word_1_97' title='bbox 349 1374 629 1453; x_wconf 73' lang='grc' dir='ltr'>σύμϐολόν</span> <span class='ocrx_word' id='word_1_98' title='bbox 687 1375 795 1432; x_wconf 67' lang='grc' dir='ltr'>ἔστι</span> <span class='ocrx_word' id='word_1_99' title='bbox 860 1374 1163 1450; x_wconf 84' lang='grc' dir='ltr'>μετανοίας·</span> <span class='ocrx_word' id='word_1_100' title='bbox 1227 1396 1254 1449; x_wconf 77' lang='grc'>9</span> <span class='ocrx_word' id='word_1_101' title='bbox 1315 1372 1371 1429; x_wconf 78' lang='grc' dir='ltr'>δὲ</span> <span class='ocrx_word' id='word_1_102' title='bbox 1428 1371 1480 1428; x_wconf 83' lang='grc' dir='ltr'>ἐν</span> <span class='ocrx_word' id='word_1_103' title='bbox 1516 1370 2007 1450; x_wconf 63' lang='grc' dir='ltr'>αἵματιπεφυρμὲ-</span> 
     </span>
    </p>
   </div>
   <div class='ocr_carea' id='block_1_16' title="bbox 343 1457 2006 1540">
    <p class='ocr_par' dir='ltr' id='par_1_16' title="bbox 343 1457 2006 1540">
     <span class='ocr_line' id='line_1_16' title="bbox 343 1457 2006 1540; baseline -0.007 -16"><span class='ocrx_word' id='word_1_104' title='bbox 343 1490 437 1530; x_wconf 92' lang='grc' dir='ltr'>νος</span> <span class='ocrx_word' id='word_1_105' title='bbox 495 1467 594 1522; x_wconf 79' lang='grc' dir='ltr'>οὐκ</span> <span class='ocrx_word' id='word_1_106' title='bbox 649 1461 760 1520; x_wconf 76' lang='grc' dir='ltr'>ἔστι</span> <span class='ocrx_word' id='word_1_107' title='bbox 809 1464 1063 1540; x_wconf 83' lang='grc' dir='ltr'>καθαρός.</span> <span class='ocrx_word' id='word_1_108' title='bbox 1113 1463 1344 1518; x_wconf 80' lang='grc' dir='ltr'>Λύναται</span> <span class='ocrx_word' id='word_1_109' title='bbox 1391 1461 1482 1517; x_wconf 83' lang='grc' dir='ltr'>οῦν</span> <span class='ocrx_word' id='word_1_110' title='bbox 1520 1457 1890 1536; x_wconf 74' lang='grc' dir='ltr'>λαμϐάνεσθαι</span> <span class='ocrx_word' id='word_1_111' title='bbox 1927 1460 2006 1522; x_wconf 74' lang='grc' dir='ltr'>εἷς</span> 
     </span>
    </p>
   </div>
   <div class='ocr_carea' id='block_1_17' title="bbox 343 1548 2001 1630">
    <p class='ocr_par' dir='ltr' id='par_1_17' title="bbox 343 1548 2001 1630">
     <span class='ocr_line' id='line_1_17' title="bbox 343 1548 2001 1630; baseline -0.007 -19"><span class='ocrx_word' id='word_1_112' title='bbox 343 1560 446 1628; x_wconf 72' lang='grc' dir='ltr'>τὴν</span> <span class='ocrx_word' id='word_1_113' title='bbox 478 1557 851 1630; x_wconf 63' lang='grc' dir='ltr'>νομιζομένην</span> <span class='ocrx_word' id='word_1_114' title='bbox 911 1557 1215 1626; x_wconf 77' lang='grc' dir='ltr'>μετάνοιαν,</span> <span class='ocrx_word' id='word_1_115' title='bbox 1276 1551 1376 1607; x_wconf 80' lang='grc' dir='ltr'>οὐκ</span> <span class='ocrx_word' id='word_1_116' title='bbox 1433 1552 1592 1605; x_wconf 79' lang='grc' dir='ltr'>οὖσαν</span> <span class='ocrx_word' id='word_1_117' title='bbox 1629 1548 1684 1605; x_wconf 75' lang='grc' dir='ltr'>δὲ</span> <span class='ocrx_word' id='word_1_118' title='bbox 1733 1549 2001 1619; x_wconf 70' lang='grc' dir='ltr'>ἀληθινὴν</span> 
     </span>
    </p>
   </div>
   <div class='ocr_carea' id='block_1_18' title="bbox 351 1639 2001 1721">
    <p class='ocr_par' dir='ltr' id='par_1_18' title="bbox 351 1639 2001 1721">
     <span class='ocr_line' id='line_1_18' title="bbox 351 1639 2001 1721; baseline -0.005 -20"><span class='ocrx_word' id='word_1_119' title='bbox 351 1647 658 1721; x_wconf 79' lang='grc' dir='ltr'>μετάνοιαν,</span> <span class='ocrx_word' id='word_1_120' title='bbox 719 1643 808 1699; x_wconf 77' lang='grc' dir='ltr'>διὰ</span> <span class='ocrx_word' id='word_1_121' title='bbox 853 1645 914 1699; x_wconf 88' lang='grc' dir='ltr'>τὸ</span> <span class='ocrx_word' id='word_1_122' title='bbox 969 1645 1044 1716; x_wconf 78' lang='grc' dir='ltr'>μὴ</span> <span class='ocrx_word' id='word_1_123' title='bbox 1094 1641 1144 1696; x_wconf 86' lang='grc' dir='ltr'>ἐν</span> <span class='ocrx_word' id='word_1_124' title='bbox 1200 1641 1366 1716; x_wconf 81' lang='grc' dir='ltr'>ὑγιέσι</span> <span class='ocrx_word' id='word_1_125' title='bbox 1395 1639 1630 1716; x_wconf 81' lang='grc' dir='ltr'>δόγμασι</span> <span class='ocrx_word' id='word_1_126' title='bbox 1662 1645 2001 1716; x_wconf 77' lang='grc' dir='ltr'>γεγενῆσθαι.</span> 
     </span>
    </p>
   </div>
   <div class='ocr_carea' id='block_1_19' title="bbox 347 1732 2003 1814">
    <p class='ocr_par' dir='ltr' id='par_1_19' title="bbox 347 1732 2003 1814">
     <span class='ocr_line' id='line_1_19' title="bbox 347 1732 2003 1814; baseline -0.006 -23"><span class='ocrx_word' id='word_1_127' title='bbox 347 1736 569 1814; x_wconf 77' lang='grc' dir='ltr'>Κεφαλή</span> <span class='ocrx_word' id='word_1_128' title='bbox 624 1733 682 1789; x_wconf 79' lang='grc' dir='ltr'>δὲ</span> <span class='ocrx_word' id='word_1_129' title='bbox 728 1733 893 1789; x_wconf 87' lang='grc' dir='ltr'>πάλιν</span> <span class='ocrx_word' id='word_1_130' title='bbox 944 1736 1258 1805; x_wconf 82' lang='grc' dir='ltr'>Δαμασκοῦ,</span> <span class='ocrx_word' id='word_1_131' title='bbox 1305 1738 1405 1801; x_wconf 87' lang='grc' dir='ltr'>τῆς</span> <span class='ocrx_word' id='word_1_132' title='bbox 1462 1732 1537 1803; x_wconf 81' lang='grc' dir='ltr'>μὴ</span> <span class='ocrx_word' id='word_1_133' title='bbox 1570 1733 1807 1805; x_wconf 76' lang='grc' dir='ltr'>καθαρᾶς</span> <span class='ocrx_word' id='word_1_134' title='bbox 1843 1748 2003 1800; x_wconf 85' lang='grc' dir='ltr'>μετα-</span> 
     </span>
    </p>
   </div>
   <div class='ocr_carea' id='block_1_20' title="bbox 2121 566 3772 639">
    <p class='ocr_par' dir='ltr' id='par_1_20' title="bbox 2121 566 3772 639">
     <span class='ocr_line' id='line_1_20' title="bbox 2121 566 3772 639; baseline 0.003 -18"><span class='ocrx_word' id='word_1_135' title='bbox 2121 566 2769 632; x_wconf 89' lang='lat' dir='ltr'>consilium;consilium</span> <span class='ocrx_word' id='word_1_136' title='bbox 2790 584 2923 623; x_wconf 86' lang='lat' dir='ltr'>vero</span> <span class='ocrx_word' id='word_1_137' title='bbox 2953 585 3153 623; x_wconf 88' lang='lat' dir='ltr'>eorum</span> <span class='ocrx_word' id='word_1_138' title='bbox 3179 569 3278 639; x_wconf 91' lang='lat' dir='ltr'>qui</span> <span class='ocrx_word' id='word_1_139' title='bbox 3311 569 3611 624; x_wconf 71' lang='lat' dir='ltr'>decertant</span> <span class='ocrx_word' id='word_1_140' title='bbox 3634 587 3772 626; x_wconf 89' lang='lat' dir='ltr'>con-</span> 
     </span>
    </p>
   </div>
   <div class='ocr_carea' id='block_1_21' title="bbox 2119 657 3770 728">
    <p class='ocr_par' dir='ltr' id='par_1_21' title="bbox 2119 657 3770 728">
     <span class='ocr_line' id='line_1_21' title="bbox 2119 657 3770 728; baseline 0.004 -18"><span class='ocrx_word' id='word_1_141' title='bbox 2119 659 2209 710; x_wconf 91' lang='lat' dir='ltr'>tra</span> <span class='ocrx_word' id='word_1_142' title='bbox 2240 657 2947 728; x_wconf 83' lang='lat' dir='ltr'>veritatem,uequaquam</span> <span class='ocrx_word' id='word_1_143' title='bbox 2969 659 3212 725; x_wconf 82' lang='lat' dir='ltr'>stet,sed</span> <span class='ocrx_word' id='word_1_144' title='bbox 3239 657 3411 712; x_wconf 80' lang='lat' dir='ltr'>cadat</span> <span class='ocrx_word' id='word_1_145' title='bbox 3441 675 3506 713; x_wconf 89' lang='lat' dir='ltr'>ac</span> <span class='ocrx_word' id='word_1_146' title='bbox 3532 661 3770 716; x_wconf 86' lang='lat' dir='ltr'>subver-</span> 
     </span>
    </p>
   </div>
   <div class='ocr_carea' id='block_1_22' title="bbox 2120 748 3773 821">
    <p class='ocr_par' dir='ltr' id='par_1_22' title="bbox 2120 748 3773 821">
     <span class='ocr_line' id='line_1_22' title="bbox 2120 748 3773 821; baseline 0.004 -18"><span class='ocrx_word' id='word_1_147' title='bbox 2120 752 2298 817; x_wconf 87' lang='lat' dir='ltr'>tatur,</span> <span class='ocrx_word' id='word_1_148' title='bbox 2328 749 2690 818; x_wconf 76' lang='lat' dir='ltr'>Quapropter</span> <span class='ocrx_word' id='word_1_149' title='bbox 2749 748 2872 803; x_wconf 89' lang='lat' dir='ltr'>ait:</span> <span class='ocrx_word' id='word_1_150' title='bbox 2909 749 3080 819; x_wconf 82' lang='lat' dir='ltr'>Caput</span> <span class='ocrx_word' id='word_1_151' title='bbox 3131 749 3297 803; x_wconf 82' lang='lat' dir='ltr'>Aram</span> <span class='ocrx_word' id='word_1_152' title='bbox 3345 751 3662 821; x_wconf 78' lang='lat' dir='ltr'>Damascus,</span> <span class='ocrx_word' id='word_1_153' title='bbox 3721 754 3773 809; x_wconf 90' lang='lat' dir='ltr'>el</span> 
     </span>
    </p>
   </div>
   <div class='ocr_carea' id='block_1_23' title="bbox 2117 837 3772 912">
    <p class='ocr_par' dir='ltr' id='par_1_23' title="bbox 2117 837 3772 912">
     <span class='ocr_line' id='line_1_23' title="bbox 2117 837 3772 912; baseline 0.004 -21"><span class='ocrx_word' id='word_1_154' title='bbox 2117 845 2276 908; x_wconf 77' lang='lat' dir='ltr'>caput</span> <span class='ocrx_word' id='word_1_155' title='bbox 2309 837 2560 891; x_wconf 77' lang='lat' dir='ltr'>Damasci</span> <span class='ocrx_word' id='word_1_156' title='bbox 2591 838 2779 891; x_wconf 78' lang='lat' dir='ltr'>Rasin-</span> <span class='ocrx_word' id='word_1_157' title='bbox 2810 838 2922 890; x_wconf 91' lang='lat' dir='ltr'>lloc</span> <span class='ocrx_word' id='word_1_158' title='bbox 2952 844 3063 903; x_wconf 86' lang='lat' dir='ltr'>est,</span> <span class='ocrx_word' id='word_1_159' title='bbox 3096 839 3442 895; x_wconf 83' lang='lat' dir='ltr'>sublimium</span> <span class='ocrx_word' id='word_1_160' title='bbox 3477 849 3649 912; x_wconf 88' lang='lat' dir='ltr'>caput</span> <span class='ocrx_word' id='word_1_161' title='bbox 3681 847 3772 898; x_wconf 88' lang='lat' dir='ltr'>est</span> 
     </span>
    </p>
   </div>
   <div class='ocr_carea' id='block_1_24' title="bbox 2118 925 3767 1001">
    <p class='ocr_par' dir='ltr' id='par_1_24' title="bbox 2118 925 3767 1001">
     <span class='ocr_line' id='line_1_24' title="bbox 2118 925 3767 1001; baseline 0.004 -20"><span class='ocrx_word' id='word_1_162' title='bbox 2118 925 2496 994; x_wconf 82' lang='lat' dir='ltr'>exsecrabile,</span> <span class='ocrx_word' id='word_1_163' title='bbox 2531 942 2594 980; x_wconf 92' lang='lat' dir='ltr'>ac</span> <span class='ocrx_word' id='word_1_164' title='bbox 2629 925 2864 997; x_wconf 84' lang='lat' dir='ltr'>plenum</span> <span class='ocrx_word' id='word_1_165' title='bbox 2899 927 3207 998; x_wconf 82' lang='lat' dir='ltr'>sanguinis</span> <span class='ocrx_word' id='word_1_166' title='bbox 3241 944 3255 988; x_wconf 87' lang='lat'><strong>:</strong></span> <span class='ocrx_word' id='word_1_167' title='bbox 3290 931 3767 1001; x_wconf 83' lang='lat' dir='ltr'>quandoquidem</span> 
     </span>
    </p>
   </div>
   <div class='ocr_carea' id='block_1_25' title="bbox 2119 1014 3765 1086">
    <p class='ocr_par' dir='ltr' id='par_1_25' title="bbox 2119 1014 3765 1086">
     <span class='ocr_line' id='line_1_25' title="bbox 2119 1014 3765 1086; baseline 0.004 -17"><span class='ocrx_word' id='word_1_168' title='bbox 2119 1021 2460 1083; x_wconf 85' lang='lat' dir='ltr'>Damascus,</span> <span class='ocrx_word' id='word_1_169' title='bbox 2495 1014 2543 1069; x_wconf 89' lang='lat' dir='ltr'>si</span> <span class='ocrx_word' id='word_1_170' title='bbox 2570 1015 2992 1086; x_wconf 77' lang='lat' dir='ltr'>interpreteris,</span> <span class='ocrx_word' id='word_1_171' title='bbox 3028 1021 3195 1071; x_wconf 87' lang='lat' dir='ltr'>sonat</span> <span class='ocrx_word' id='word_1_172' title='bbox 3233 1019 3563 1086; x_wconf 76' lang='lat' dir='ltr'>sanguinem</span> <span class='ocrx_word' id='word_1_173' title='bbox 3601 1023 3765 1076; x_wconf 79' lang='lat' dir='ltr'>sacci.</span> 
     </span>
    </p>
   </div>
   <div class='ocr_carea' id='block_1_26' title="bbox 2120 1103 3766 1179">
    <p class='ocr_par' dir='ltr' id='par_1_26' title="bbox 2120 1103 3766 1179">
     <span class='ocr_line' id='line_1_26' title="bbox 2120 1103 3766 1179; baseline 0.004 -20"><span class='ocrx_word' id='word_1_174' title='bbox 2120 1105 2185 1159; x_wconf 85' lang='lat' dir='ltr'>Et</span> <span class='ocrx_word' id='word_1_175' title='bbox 2214 1121 2346 1159; x_wconf 89' lang='lat' dir='ltr'>vero</span> <span class='ocrx_word' id='word_1_176' title='bbox 2380 1121 2605 1174; x_wconf 91' lang='lat' dir='ltr'>saccus,</span> <span class='ocrx_word' id='word_1_177' title='bbox 2640 1103 2993 1175; x_wconf 70' lang='lat' dir='ltr'>poenitentia:</span> <span class='ocrx_word' id='word_1_178' title='bbox 3026 1104 3263 1175; x_wconf 84' lang='lat' dir='ltr'>signum</span> <span class='ocrx_word' id='word_1_179' title='bbox 3296 1112 3404 1162; x_wconf 87' lang='lat' dir='ltr'>est:</span> <span class='ocrx_word' id='word_1_180' title='bbox 3439 1109 3536 1179; x_wconf 86' lang='lat' dir='ltr'>qui</span> <span class='ocrx_word' id='word_1_181' title='bbox 3571 1117 3766 1166; x_wconf 85' lang='lat' dir='ltr'>autem</span> 
     </span>
    </p>
   </div>
   <div class='ocr_carea' id='block_1_27' title="bbox 2117 1191 3764 1268">
    <p class='ocr_par' dir='ltr' id='par_1_27' title="bbox 2117 1191 3764 1268">
     <span class='ocr_line' id='line_1_27' title="bbox 2117 1191 3764 1268; baseline 0.004 -20"><span class='ocrx_word' id='word_1_182' title='bbox 2117 1210 2470 1266; x_wconf 87' lang='lat' dir='ltr'>conspersus</span> <span class='ocrx_word' id='word_1_183' title='bbox 2503 1198 2590 1248; x_wconf 90' lang='lat' dir='ltr'>est</span> <span class='ocrx_word' id='word_1_184' title='bbox 2611 1191 3274 1264; x_wconf 86' lang='lat' dir='ltr'>sanguine,neutiquam</span> <span class='ocrx_word' id='word_1_185' title='bbox 3298 1199 3388 1250; x_wconf 88' lang='lat' dir='ltr'>cst</span> <span class='ocrx_word' id='word_1_186' title='bbox 3417 1214 3624 1268; x_wconf 89' lang='lat' dir='ltr'>purus.</span> <span class='ocrx_word' id='word_1_187' title='bbox 3658 1203 3764 1254; x_wconf 85' lang='lat' dir='ltr'>Po-</span> 
     </span>
    </p>
   </div>
   <div class='ocr_carea' id='block_1_28' title="bbox 2117 1283 3760 1358">
    <p class='ocr_par' dir='ltr' id='par_1_28' title="bbox 2117 1283 3760 1358">
     <span class='ocr_line' id='line_1_28' title="bbox 2117 1283 3760 1358; baseline 0.003 -20"><span class='ocrx_word' id='word_1_188' title='bbox 2117 1283 2430 1353; x_wconf 87' lang='lat' dir='ltr'>testigitur</span> <span class='ocrx_word' id='word_1_189' title='bbox 2461 1299 2563 1355; x_wconf 91' lang='lat' dir='ltr'>pro</span> <span class='ocrx_word' id='word_1_190' title='bbox 2597 1285 2914 1354; x_wconf 88' lang='lat' dir='ltr'>apparente</span> <span class='ocrx_word' id='word_1_191' title='bbox 2964 1283 3307 1352; x_wconf 70' lang='lat' dir='ltr'>poenitentia</span> <span class='ocrx_word' id='word_1_192' title='bbox 3362 1286 3570 1358; x_wconf 87' lang='lat' dir='ltr'>accipi,</span> <span class='ocrx_word' id='word_1_193' title='bbox 3628 1305 3760 1343; x_wconf 91' lang='lat' dir='ltr'>cum</span> 
     </span>
    </p>
   </div>
   <div class='ocr_carea' id='block_1_29' title="bbox 2117 1370 3764 1444">
    <p class='ocr_par' dir='ltr' id='par_1_29' title="bbox 2117 1370 3764 1444">
     <span class='ocr_line' id='line_1_29' title="bbox 2117 1370 3764 1444; baseline 0.003 -16"><span class='ocrx_word' id='word_1_194' title='bbox 2117 1372 2339 1444; x_wconf 83' lang='lat' dir='ltr'>alioqui</span> <span class='ocrx_word' id='word_1_195' title='bbox 2370 1390 2484 1428; x_wconf 89' lang='lat' dir='ltr'>non</span> <span class='ocrx_word' id='word_1_196' title='bbox 2509 1371 2586 1428; x_wconf 89' lang='lat' dir='ltr'>sit</span> <span class='ocrx_word' id='word_1_197' title='bbox 2615 1388 2748 1427; x_wconf 87' lang='lat' dir='ltr'>vera</span> <span class='ocrx_word' id='word_1_198' title='bbox 2771 1370 3129 1443; x_wconf 76' lang='lat' dir='ltr'>pmnitentia,</span> <span class='ocrx_word' id='word_1_199' title='bbox 3156 1373 3309 1442; x_wconf 93' lang='lat' dir='ltr'>quod</span> <span class='ocrx_word' id='word_1_200' title='bbox 3341 1372 3398 1427; x_wconf 89' lang='lat' dir='ltr'>in</span> <span class='ocrx_word' id='word_1_201' title='bbox 3433 1377 3594 1432; x_wconf 90' lang='lat' dir='ltr'>sanis</span> <span class='ocrx_word' id='word_1_202' title='bbox 3644 1377 3764 1432; x_wconf 90' lang='lat' dir='ltr'>siu-</span> 
     </span>
    </p>
   </div>
   <div class='ocr_carea' id='block_1_30' title="bbox 2116 1461 3766 1534">
    <p class='ocr_par' dir='ltr' id='par_1_30' title="bbox 2116 1461 3766 1534">
     <span class='ocr_line' id='line_1_30' title="bbox 2116 1461 3766 1534; baseline 0.003 -17"><span class='ocrx_word' id='word_1_203' title='bbox 2116 1463 2384 1532; x_wconf 88' lang='lat' dir='ltr'>cerisque</span> <span class='ocrx_word' id='word_1_204' title='bbox 2406 1461 2694 1534; x_wconf 85' lang='lat' dir='ltr'>dogmatis</span> <span class='ocrx_word' id='word_1_205' title='bbox 2721 1477 2833 1515; x_wconf 91' lang='lat' dir='ltr'>non</span> <span class='ocrx_word' id='word_1_206' title='bbox 2867 1465 3094 1532; x_wconf 81' lang='lat' dir='ltr'>agatur.</span> <span class='ocrx_word' id='word_1_207' title='bbox 3155 1461 3380 1516; x_wconf 83' lang='lat' dir='ltr'>Rursus</span> <span class='ocrx_word' id='word_1_208' title='bbox 3420 1469 3616 1520; x_wconf 88' lang='lat' dir='ltr'>autem</span> <span class='ocrx_word' id='word_1_209' title='bbox 3671 1483 3766 1522; x_wconf 81' lang='lat' dir='ltr'>ca-</span> 
     </span>
    </p>
   </div>
   <div class='ocr_carea' id='block_1_31' title="bbox 2117 1548 3761 1624">
    <p class='ocr_par' dir='ltr' id='par_1_31' title="bbox 2117 1548 3761 1624">
     <span class='ocr_line' id='line_1_31' title="bbox 2117 1548 3761 1624; baseline 0.004 -18"><span class='ocrx_word' id='word_1_210' title='bbox 2117 1557 2222 1624; x_wconf 88' lang='lat' dir='ltr'>put</span> <span class='ocrx_word' id='word_1_211' title='bbox 2256 1552 2540 1620; x_wconf 87' lang='lat' dir='ltr'>Damasci,</span> <span class='ocrx_word' id='word_1_212' title='bbox 2574 1568 2676 1606; x_wconf 91' lang='lat' dir='ltr'>scu</span> <span class='ocrx_word' id='word_1_213' title='bbox 2718 1551 2845 1620; x_wconf 84' lang='lat' dir='ltr'>ejus</span> <span class='ocrx_word' id='word_1_214' title='bbox 2870 1548 3245 1620; x_wconf 70' lang='lat' dir='ltr'>pmnitcntiae,</span> <span class='ocrx_word' id='word_1_215' title='bbox 3281 1566 3408 1621; x_wconf 63' lang='lat' dir='ltr'>qua;</span> <span class='ocrx_word' id='word_1_216' title='bbox 3443 1569 3588 1623; x_wconf 89' lang='lat' dir='ltr'>pura</span> <span class='ocrx_word' id='word_1_217' title='bbox 3647 1573 3761 1612; x_wconf 89' lang='lat' dir='ltr'>non</span> 
     </span>
    </p>
   </div>
   <div class='ocr_carea' id='block_1_32' title="bbox 2115 1638 3764 1716">
    <p class='ocr_par' dir='ltr' id='par_1_32' title="bbox 2115 1638 3764 1716">
     <span class='ocr_line' id='line_1_32' title="bbox 2115 1638 3764 1716; baseline 0.003 -20"><span class='ocrx_word' id='word_1_218' title='bbox 2115 1642 2333 1709; x_wconf 87' lang='lat' dir='ltr'>est,scd</span> <span class='ocrx_word' id='word_1_219' title='bbox 2365 1659 2490 1710; x_wconf 71' lang='lat' dir='ltr'>quae</span> <span class='ocrx_word' id='word_1_220' title='bbox 2513 1640 2827 1697; x_wconf 88' lang='lat' dir='ltr'>lethalibus</span> <span class='ocrx_word' id='word_1_221' title='bbox 2850 1638 3102 1710; x_wconf 87' lang='lat' dir='ltr'>peccatis</span> <span class='ocrx_word' id='word_1_222' title='bbox 3134 1638 3764 1716; x_wconf 87' lang='lat' dir='ltr'>inquinatur,appella-</span> 
     </span>
    </p>
   </div>
   <div class='ocr_carea' id='block_1_33' title="bbox 2113 1725 3765 1801">
    <p class='ocr_par' dir='ltr' id='par_1_33' title="bbox 2113 1725 3765 1801">
     <span class='ocr_line' id='line_1_33' title="bbox 2113 1725 3765 1801; baseline 0.003 -15"><span class='ocrx_word' id='word_1_223' title='bbox 2113 1736 2208 1786; x_wconf 91' lang='lat' dir='ltr'>tur</span> <span class='ocrx_word' id='word_1_224' title='bbox 2241 1731 2440 1801; x_wconf 77' lang='lat' dir='ltr'>Basia,</span> <span class='ocrx_word' id='word_1_225' title='bbox 2474 1747 2607 1786; x_wconf 92' lang='lat' dir='ltr'>cum</span> <span class='ocrx_word' id='word_1_226' title='bbox 2649 1735 2706 1785; x_wconf 91' lang='lat' dir='ltr'>et</span> <span class='ocrx_word' id='word_1_227' title='bbox 2737 1731 2862 1800; x_wconf 89' lang='lat' dir='ltr'>ipse</span> <span class='ocrx_word' id='word_1_228' title='bbox 2903 1725 3125 1782; x_wconf 87' lang='lat' dir='ltr'>nullius</span> <span class='ocrx_word' id='word_1_229' title='bbox 3153 1728 3448 1800; x_wconf 85' lang='lat' dir='ltr'>dogmatis</span> <span class='ocrx_word' id='word_1_230' title='bbox 3484 1734 3613 1789; x_wconf 86' lang='lat' dir='ltr'>sani</span> <span class='ocrx_word' id='word_1_231' title='bbox 3664 1739 3765 1791; x_wconf 89' lang='lat' dir='ltr'>aut</span> 
     </span>
    </p>
   </div>
   <div class='ocr_carea' id='block_1_34' title="bbox 346 1819 2009 1924">
    <p class='ocr_par' dir='ltr' id='par_1_34' title="bbox 346 1819 2000 1924">
     <span class='ocr_line' id='line_1_34' title="bbox 346 1819 2000 1902; baseline -0.007 -21"><span class='ocrx_word' id='word_1_232' title='bbox 346 1826 521 1895; x_wconf 86' lang='grc' dir='ltr'>νοίας,</span> <span class='ocrx_word' id='word_1_233' title='bbox 555 1821 704 1879; x_wconf 81' lang='grc' dir='ltr'>ἀλλὰ</span> <span class='ocrx_word' id='word_1_234' title='bbox 748 1821 1097 1902; x_wconf 66' lang='grc' dir='ltr'>πεφυρμένης</span> <span class='ocrx_word' id='word_1_235' title='bbox 1148 1819 1199 1876; x_wconf 82' lang='grc' dir='ltr'>ἐν</span> <span class='ocrx_word' id='word_1_236' title='bbox 1252 1826 1369 1884; x_wconf 80' lang='grc' dir='ltr'>ταῖς</span> <span class='ocrx_word' id='word_1_237' title='bbox 1403 1821 1536 1896; x_wconf 86' lang='grc' dir='ltr'>πρὸς</span> <span class='ocrx_word' id='word_1_238' title='bbox 1567 1820 1792 1874; x_wconf 77' lang='grc' dir='ltr'>θάνατον</span> <span class='ocrx_word' id='word_1_239' title='bbox 1827 1819 2000 1891; x_wconf 82' lang='grc' dir='ltr'>ἁμαρ-</span> 
     </span>
     <span class='ocr_line' id='line_1_35' title="bbox 388 1903 1936 1924; baseline 0 0"><span class='ocrx_word' id='word_1_240' title='bbox 388 1916 398 1924; x_wconf 77' lang='grc'>.</span> <span class='ocrx_word' id='word_1_241' title='bbox 548 1917 562 1924; x_wconf 82' lang='grc'><strong><em>-</em></strong></span> <span class='ocrx_word' id='word_1_242' title='bbox 600 1916 646 1924; x_wconf 76' lang='lat'>._</span> <span class='ocrx_word' id='word_1_243' title='bbox 729 1914 740 1924; x_wconf 74' lang='grc' dir='ltr'>ι</span> <span class='ocrx_word' id='word_1_244' title='bbox 857 1911 868 1924; x_wconf 76' lang='grc' dir='ltr'><em>ι</em></span> <span class='ocrx_word' id='word_1_245' title='bbox 1131 1909 1143 1924; x_wconf 79' lang='grc'><strong><em>1</em></strong></span> <span class='ocrx_word' id='word_1_246' title='bbox 1201 1904 1230 1924; x_wconf 83' lang='grc' dir='ltr'>ο</span> <span class='ocrx_word' id='word_1_247' title='bbox 1276 1908 1294 1924; x_wconf 80' lang='lat'><em>\</em></span> <span class='ocrx_word' id='word_1_248' title='bbox 1431 1909 1456 1924; x_wconf 76' lang='lat' dir='ltr'><strong>ll</strong></span> <span class='ocrx_word' id='word_1_249' title='bbox 1597 1907 1612 1924; x_wconf 83' lang='lat'><strong><em>\</em></strong></span> <span class='ocrx_word' id='word_1_250' title='bbox 1693 1908 1705 1924; x_wconf 64' lang='grc' dir='ltr'>ἱ</span> <span class='ocrx_word' id='word_1_251' title='bbox 1757 1909 1770 1924; x_wconf 83' lang='lat'><strong><em>\</em></strong></span> <span class='ocrx_word' id='word_1_252' title='bbox 1881 1903 1936 1924; x_wconf 59' lang='grc' dir='ltr'>’δ</span> 
     </span>
    </p>
   </div>
   <div class='ocr_carea' id='block_1_35' title="bbox 2125 1819 2742 1924">
    <p class='ocr_par' dir='ltr' id='par_1_35' title="bbox 2125 1819 2742 1893">
     <span class='ocr_line' id='line_1_36' title="bbox 2125 1819 2742 1893; baseline -0.002 -17"><span class='ocrx_word' id='word_1_253' title='bbox 2125 1820 2247 1893; x_wconf 88' lang='lat' dir='ltr'>puri</span> <span class='ocrx_word' id='word_1_254' title='bbox 2278 1819 2612 1892; x_wconf 80' lang='lat' dir='ltr'>symbolum</span> <span class='ocrx_word' id='word_1_255' title='bbox 2645 1819 2742 1875; x_wconf 85' lang='lat' dir='ltr'>sit.</span> 
     </span>
    </p>
   </div>
   <div class='ocr_carea' id='block_1_36' title="bbox 345 1903 1998 1987">
    <p class='ocr_par' dir='ltr' id='par_1_36' title="bbox 345 1903 1998 1987">
     <span class='ocr_line' id='line_1_37' title="bbox 345 1903 1998 1987; baseline -0.006 -16"><span class='ocrx_word' id='word_1_256' title='bbox 345 1916 506 1986; x_wconf 83' lang='grc' dir='ltr'>τίαις,</span> <span class='ocrx_word' id='word_1_257' title='bbox 541 1917 569 1968; x_wconf 78' lang='grc' dir='ltr'>ὁ</span> <span class='ocrx_word' id='word_1_258' title='bbox 600 1914 777 1969; x_wconf 79' lang='grc' dir='ltr'>Ῥασὶν</span> <span class='ocrx_word' id='word_1_259' title='bbox 815 1911 1052 1987; x_wconf 70' lang='grc' dir='ltr'>Λέγεται,</span> <span class='ocrx_word' id='word_1_260' title='bbox 1087 1904 1374 1983; x_wconf 78' lang='grc' dir='ltr'>σύμϐολον</span> <span class='ocrx_word' id='word_1_261' title='bbox 1419 1909 1492 1963; x_wconf 83' lang='grc' dir='ltr'>ὥν</span> <span class='ocrx_word' id='word_1_262' title='bbox 1525 1907 1613 1963; x_wconf 79' lang='grc' dir='ltr'>καὶ</span> <span class='ocrx_word' id='word_1_263' title='bbox 1647 1908 1810 1971; x_wconf 82' lang='grc' dir='ltr'>αὐτὸς</span> <span class='ocrx_word' id='word_1_264' title='bbox 1840 1903 1998 1961; x_wconf 76' lang='grc' dir='ltr'>οὐδε-</span> 
     </span>
    </p>
   </div>
   <div class='ocr_carea' id='block_1_37' title="bbox 344 1996 1567 2080">
    <p class='ocr_par' dir='ltr' id='par_1_37' title="bbox 344 1996 1567 2080">
     <span class='ocr_line' id='line_1_38' title="bbox 344 1996 1567 2080; baseline -0.002 -21"><span class='ocrx_word' id='word_1_265' title='bbox 344 2005 432 2067; x_wconf 89' lang='grc' dir='ltr'>νὸς</span> <span class='ocrx_word' id='word_1_266' title='bbox 468 2005 676 2080; x_wconf 78' lang='grc' dir='ltr'>ὑγιοῦς,</span> <span class='ocrx_word' id='word_1_267' title='bbox 705 1999 830 2056; x_wconf 71' lang='grc' dir='ltr'>οὐδὲ</span> <span class='ocrx_word' id='word_1_268' title='bbox 860 2002 973 2075; x_wconf 83' lang='grc'>(76)</span> <span class='ocrx_word' id='word_1_269' title='bbox 1003 2003 1241 2076; x_wconf 88' lang='grc' dir='ltr'>καθαροῦ</span> <span class='ocrx_word' id='word_1_270' title='bbox 1274 1996 1567 2074; x_wconf 85' lang='grc' dir='ltr'>δόγματος.</span> 
     </span>
    </p>
   </div>
   <div class='ocr_carea' id='block_1_38' title="bbox 421 2103 1999 2182">
    <p class='ocr_par' dir='ltr' id='par_1_38' title="bbox 421 2103 1999 2182">
     <span class='ocr_line' id='line_1_39' title="bbox 421 2103 1999 2182; baseline -0.008 -14"><span class='ocrx_word' id='word_1_271' title='bbox 421 2114 542 2168; x_wconf 87' lang='grc'>197.</span> <span class='ocrx_word' id='word_1_272' title='bbox 605 2107 765 2167; x_wconf 84' lang='grc' dir='ltr'>Ἀλλ’</span> <span class='ocrx_word' id='word_1_273' title='bbox 823 2103 900 2163; x_wconf 77' lang='grc' dir='ltr'>ἔτι</span> <span class='ocrx_word' id='word_1_274' title='bbox 960 2107 1218 2180; x_wconf 66' lang='grc' dir='ltr'>ἐξήκοντα</span> <span class='ocrx_word' id='word_1_275' title='bbox 1273 2104 1362 2160; x_wconf 79' lang='grc' dir='ltr'>καὶ</span> <span class='ocrx_word' id='word_1_276' title='bbox 1416 2105 1574 2160; x_wconf 69' lang='grc' dir='ltr'>πέντε</span> <span class='ocrx_word' id='word_1_277' title='bbox 1628 2104 1762 2174; x_wconf 81' lang='grc' dir='ltr'>ἔτη,</span> <span class='ocrx_word' id='word_1_278' title='bbox 1815 2103 1999 2182; x_wconf 72' lang='grc' dir='ltr'>φησὶν,</span> 
     </span>
    </p>
   </div>
   <div class='ocr_carea' id='block_1_39' title="bbox 347 2193 2000 2273">
    <p class='ocr_par' dir='ltr' id='par_1_39' title="bbox 347 2193 2000 2273">
     <span class='ocr_line' id='line_1_40' title="bbox 347 2193 2000 2273; baseline -0.006 -17"><span class='ocrx_word' id='word_1_279' title='bbox 347 2199 592 2272; x_wconf 72' lang='grc' dir='ltr'>ἐκλείψει</span> <span class='ocrx_word' id='word_1_280' title='bbox 678 2201 714 2268; x_wconf 80' lang='grc' dir='ltr'>ἡ</span> <span class='ocrx_word' id='word_1_281' title='bbox 795 2194 1046 2273; x_wconf 85' lang='grc' dir='ltr'>βασιλεία</span> <span class='ocrx_word' id='word_1_282' title='bbox 1113 2193 1353 2273; x_wconf 70' lang='grc' dir='ltr'>Ἐφραίμ</span> <span class='ocrx_word' id='word_1_283' title='bbox 1418 2194 1523 2250; x_wconf 80' lang='grc' dir='ltr'>ἀπὸ</span> <span class='ocrx_word' id='word_1_284' title='bbox 1582 2194 1758 2265; x_wconf 86' lang='grc' dir='ltr'>λαοῦ,</span> <span class='ocrx_word' id='word_1_285' title='bbox 1815 2193 1904 2247; x_wconf 80' lang='grc' dir='ltr'>καὶ</span> <span class='ocrx_word' id='word_1_286' title='bbox 1965 2195 2000 2262; x_wconf 79' lang='grc' dir='ltr'><strong>ἡ</strong></span> 
     </span>
    </p>
   </div>
   <div class='ocr_carea' id='block_1_40' title="bbox 343 2283 1998 2370">
    <p class='ocr_par' dir='ltr' id='par_1_40' title="bbox 343 2283 1998 2370">
     <span class='ocr_line' id='line_1_41' title="bbox 343 2283 1998 2370; baseline -0.006 -24"><span class='ocrx_word' id='word_1_287' title='bbox 343 2289 559 2370; x_wconf 70' lang='grc' dir='ltr'>κεφαλή</span> <span class='ocrx_word' id='word_1_288' title='bbox 621 2289 868 2364; x_wconf 75' lang='grc' dir='ltr'>Ἐφραίμ</span> <span class='ocrx_word' id='word_1_289' title='bbox 921 2286 1212 2360; x_wconf 75' lang='grc' dir='ltr'>Σομόρων,</span> <span class='ocrx_word' id='word_1_290' title='bbox 1273 2286 1428 2354; x_wconf 72' lang='grc' dir='ltr'>καὶὴ</span> <span class='ocrx_word' id='word_1_291' title='bbox 1489 2283 1699 2362; x_wconf 82' lang='grc' dir='ltr'>κεφαλὴ</span> <span class='ocrx_word' id='word_1_292' title='bbox 1735 2283 1998 2358; x_wconf 80' lang='grc' dir='ltr'>Σομόρων</span> 
     </span>
    </p>
   </div>
   <div class='ocr_carea' id='block_1_41' title="bbox 345 2371 2003 2448">
    <p class='ocr_par' dir='ltr' id='par_1_41' title="bbox 345 2371 2003 2448">
     <span class='ocr_line' id='line_1_42' title="bbox 345 2371 2003 2448; baseline -0.007 -12"><span class='ocrx_word' id='word_1_293' title='bbox 345 2383 374 2437; x_wconf 80' lang='grc' dir='ltr'>ὁ</span> <span class='ocrx_word' id='word_1_294' title='bbox 432 2381 548 2440; x_wconf 70' lang='grc' dir='ltr'>υἱὸς</span> <span class='ocrx_word' id='word_1_295' title='bbox 605 2376 703 2433; x_wconf 80' lang='grc' dir='ltr'>τοῦ</span> <span class='ocrx_word' id='word_1_296' title='bbox 753 2374 1067 2444; x_wconf 83' lang='grc' dir='ltr'>Ῥομελίου,</span> <span class='ocrx_word' id='word_1_297' title='bbox 1125 2377 1308 2430; x_wconf 79' lang='grc' dir='ltr'>Ἔστιν</span> <span class='ocrx_word' id='word_1_298' title='bbox 1366 2372 1455 2428; x_wconf 77' lang='grc' dir='ltr'>οῦν</span> <span class='ocrx_word' id='word_1_299' title='bbox 1512 2375 1546 2442; x_wconf 78' lang='grc' dir='ltr'>ἠ</span> <span class='ocrx_word' id='word_1_300' title='bbox 1612 2371 1862 2448; x_wconf 86' lang='grc' dir='ltr'>βασιλεία</span> <span class='ocrx_word' id='word_1_301' title='bbox 1905 2375 2003 2426; x_wconf 85' lang='grc' dir='ltr'>τοῦ</span> 
     </span>
    </p>
   </div>
   <div class='ocr_carea' id='block_1_42' title="bbox 345 2461 2003 2547">
    <p class='ocr_par' dir='ltr' id='par_1_42' title="bbox 345 2461 2003 2547">
     <span class='ocr_line' id='line_1_43' title="bbox 345 2461 2003 2547; baseline 0.017 -20"><span class='ocrx_word' id='word_1_302' title='bbox 345 2469 589 2547; x_wconf 68' lang='grc' dir='ltr'>Ἐφραῒμ</span> <span class='ocrx_word' id='word_1_303' title='bbox 636 2464 962 2542; x_wconf 76' lang='grc' dir='ltr'>ιτεροδόξων</span> <span class='ocrx_word' id='word_1_304' title='bbox 1007 2486 1091 2526; x_wconf 81' lang='grc' dir='ltr'>τις</span> <span class='ocrx_word' id='word_1_305' title='bbox 1143 2463 1474 2537; x_wconf 60' lang='grc' dir='ltr'>ἐπικράτεια»</span> <span class='ocrx_word' id='word_1_306' title='bbox 1526 2461 1616 2517; x_wconf 66' lang='grc' dir='ltr'>διά</span> <span class='ocrx_word' id='word_1_307' title='bbox 1670 2463 1732 2517; x_wconf 70' lang='grc' dir='ltr'>τὸ</span> <span class='ocrx_word' id='word_1_308' title='bbox 1774 2461 1835 2517; x_wconf 60' lang='grc' dir='ltr'>εκ</span> <span class='ocrx_word' id='word_1_309' title='bbox 1891 2464 2003 2535; x_wconf 81' lang='grc'>(⁷⁷)</span> 
     </span>
    </p>
   </div>
   <div class='ocr_carea' id='block_1_43' title="bbox 342 2548 2001 2635">
    <p class='ocr_par' dir='ltr' id='par_1_43' title="bbox 342 2548 2001 2635">
     <span class='ocr_line' id='line_1_44' title="bbox 342 2548 2001 2635; baseline -0.007 -20"><span class='ocrx_word' id='word_1_310' title='bbox 342 2559 605 2629; x_wconf 79' lang='grc' dir='ltr'>τοιαύτης</span> <span class='ocrx_word' id='word_1_311' title='bbox 653 2556 834 2635; x_wconf 81' lang='grc' dir='ltr'>φυλῆς</span> <span class='ocrx_word' id='word_1_312' title='bbox 867 2555 997 2610; x_wconf 78' lang='grc' dir='ltr'>εἶναι</span> <span class='ocrx_word' id='word_1_313' title='bbox 1056 2554 1148 2608; x_wconf 85' lang='grc' dir='ltr'>τὸν</span> <span class='ocrx_word' id='word_1_314' title='bbox 1208 2553 1580 2628; x_wconf 86' lang='grc' dir='ltr'>ἀποσχίσαντα</span> <span class='ocrx_word' id='word_1_315' title='bbox 1631 2551 1722 2606; x_wconf 85' lang='grc' dir='ltr'>τὸν</span> <span class='ocrx_word' id='word_1_316' title='bbox 1781 2548 2001 2626; x_wconf 70' lang='grc' dir='ltr'>Ἰσραὴλ</span> 
     </span>
    </p>
   </div>
   <div class='ocr_carea' id='block_1_44' title="bbox 349 2640 2003 2722">
    <p class='ocr_par' dir='ltr' id='par_1_44' title="bbox 349 2640 2003 2722">
     <span class='ocr_line' id='line_1_45' title="bbox 349 2640 2003 2722; baseline -0.007 -17"><span class='ocrx_word' id='word_1_317' title='bbox 349 2649 456 2705; x_wconf 77' lang='grc' dir='ltr'>ἀπὸ</span> <span class='ocrx_word' id='word_1_318' title='bbox 486 2653 583 2702; x_wconf 87' lang='grc' dir='ltr'>τοῦ</span> <span class='ocrx_word' id='word_1_319' title='bbox 633 2643 833 2703; x_wconf 87' lang='grc' dir='ltr'>Ἰούδα.</span> <span class='ocrx_word' id='word_1_320' title='bbox 868 2643 1094 2722; x_wconf 69' lang='grc' dir='ltr'>Κεφαλή</span> <span class='ocrx_word' id='word_1_321' title='bbox 1139 2640 1230 2697; x_wconf 79' lang='grc' dir='ltr'>οῦν</span> <span class='ocrx_word' id='word_1_322' title='bbox 1278 2647 1374 2696; x_wconf 88' lang='grc' dir='ltr'>τοῦ</span> <span class='ocrx_word' id='word_1_323' title='bbox 1438 2641 1677 2717; x_wconf 72' lang='grc' dir='ltr'>Ἐφραὶμ</span> <span class='ocrx_word' id='word_1_324' title='bbox 1728 2643 1788 2709; x_wconf 82' lang='grc' dir='ltr'>ἡ·</span> <span class='ocrx_word' id='word_1_325' title='bbox 1820 2641 2003 2713; x_wconf 86' lang='grc' dir='ltr'>Σομό-</span> 
     </span>
    </p>
   </div>
   <div class='ocr_carea' id='block_1_45' title="bbox 349 2727 2005 2814">
    <p class='ocr_par' dir='ltr' id='par_1_45' title="bbox 349 2727 2005 2814">
     <span class='ocr_line' id='line_1_46' title="bbox 349 2727 2005 2814; baseline -0.005 -21"><span class='ocrx_word' id='word_1_326' title='bbox 349 2759 482 2814; x_wconf 89' lang='grc' dir='ltr'>ρων,</span> <span class='ocrx_word' id='word_1_327' title='bbox 555 2737 832 2790; x_wconf 69' lang='grc' dir='ltr'>τουτὲστιν</span> <span class='ocrx_word' id='word_1_328' title='bbox 893 2736 921 2804; x_wconf 68' lang='grc' dir='ltr'>ἢ</span> <span class='ocrx_word' id='word_1_329' title='bbox 976 2732 1293 2806; x_wconf 83' lang='grc' dir='ltr'>Σαμάρεια.</span> <span class='ocrx_word' id='word_1_330' title='bbox 1361 2730 1458 2785; x_wconf 79' lang='grc' dir='ltr'>Καὶ</span> <span class='ocrx_word' id='word_1_331' title='bbox 1517 2734 1551 2800; x_wconf 84' lang='grc' dir='ltr'>ἡ</span> <span class='ocrx_word' id='word_1_332' title='bbox 1612 2730 1891 2805; x_wconf 78' lang='grc' dir='ltr'>Σαμάρεια</span> <span class='ocrx_word' id='word_1_333' title='bbox 1947 2727 2005 2784; x_wconf 70' lang='grc' dir='ltr'>δὲ</span> 
     </span>
    </p>
   </div>
   <div class='ocr_carea' id='block_1_46' title="bbox 348 2819 2001 2902">
    <p class='ocr_par' dir='ltr' id='par_1_46' title="bbox 348 2819 2001 2902">
     <span class='ocr_line' id='line_1_47' title="bbox 348 2819 2001 2902; baseline -0.005 -21"><span class='ocrx_word' id='word_1_334' title='bbox 348 2827 560 2902; x_wconf 77' lang='grc' dir='ltr'>ἐχθρῶν</span> <span class='ocrx_word' id='word_1_335' title='bbox 618 2825 783 2880; x_wconf 88' lang='grc' dir='ltr'>τινών</span> <span class='ocrx_word' id='word_1_336' title='bbox 829 2819 942 2878; x_wconf 73' lang='grc' dir='ltr'>ἐστι</span> <span class='ocrx_word' id='word_1_337' title='bbox 991 2822 1173 2898; x_wconf 86' lang='grc' dir='ltr'>χώρα,</span> <span class='ocrx_word' id='word_1_338' title='bbox 1224 2826 1331 2876; x_wconf 81' lang='grc' dir='ltr'>τῶν</span> <span class='ocrx_word' id='word_1_339' title='bbox 1361 2819 1858 2896; x_wconf 79' lang='grc' dir='ltr'>παραχαραξάντων</span> <span class='ocrx_word' id='word_1_340' title='bbox 1910 2819 2001 2874; x_wconf 86' lang='grc' dir='ltr'>τὸν</span> 
     </span>
    </p>
   </div>
   <div class='ocr_carea' id='block_1_47' title="bbox 351 2908 2004 2993">
    <p class='ocr_par' dir='ltr' id='par_1_47' title="bbox 351 2908 2004 2993">
     <span class='ocr_line' id='line_1_48' title="bbox 351 2908 2004 2993; baseline -0.006 -21"><span class='ocrx_word' id='word_1_341' title='bbox 351 2915 662 2993; x_wconf 77' lang='grc' dir='ltr'>ὑγιαίνοντα</span> <span class='ocrx_word' id='word_1_342' title='bbox 711 2911 877 2988; x_wconf 90' lang='grc' dir='ltr'>λόγον</span> <span class='ocrx_word' id='word_1_343' title='bbox 926 2909 1017 2966; x_wconf 74' lang='grc' dir='ltr'>διὰ</span> <span class='ocrx_word' id='word_1_344' title='bbox 1061 2910 1123 2965; x_wconf 87' lang='grc' dir='ltr'>τὸ</span> <span class='ocrx_word' id='word_1_345' title='bbox 1153 2909 1448 2965; x_wconf 84' lang='grc' dir='ltr'>ἀποκλῖναι</span> <span class='ocrx_word' id='word_1_346' title='bbox 1478 2908 1604 2971; x_wconf 71' lang='grc' dir='ltr'>τοὺς</span> <span class='ocrx_word' id='word_1_347' title='bbox 1668 2908 2004 2985; x_wconf 80' lang='grc' dir='ltr'>Σαμαρείτας</span> 
     </span>
    </p>
   </div>
   <div class='ocr_carea' id='block_1_48' title="bbox 349 2997 2001 3077">
    <p class='ocr_par' dir='ltr' id='par_1_48' title="bbox 349 2997 2001 3077">
     <span class='ocr_line' id='line_1_49' title="bbox 349 2997 2001 3077; baseline -0.005 -17"><span class='ocrx_word' id='word_1_348' title='bbox 349 3007 456 3060; x_wconf 79' lang='grc' dir='ltr'>ἀπὸ</span> <span class='ocrx_word' id='word_1_349' title='bbox 485 3009 582 3059; x_wconf 82' lang='grc' dir='ltr'>τοῦ</span> <span class='ocrx_word' id='word_1_350' title='bbox 613 3000 982 3074; x_wconf 86' lang='grc' dir='ltr'>Ἰουδαῖσμοῦ.</span> <span class='ocrx_word' id='word_1_351' title='bbox 1015 3003 1218 3077; x_wconf 83' lang='grc' dir='ltr'>Ὥσπερ</span> <span class='ocrx_word' id='word_1_352' title='bbox 1251 2997 1308 3054; x_wconf 75' lang='grc' dir='ltr'>δὲ</span> <span class='ocrx_word' id='word_1_353' title='bbox 1337 3007 1436 3070; x_wconf 81' lang='grc' dir='ltr'>τῆς</span> <span class='ocrx_word' id='word_1_354' title='bbox 1473 2998 1668 3075; x_wconf 80' lang='grc' dir='ltr'>Συρίας</span> <span class='ocrx_word' id='word_1_355' title='bbox 1692 2999 1758 3068; x_wconf 74' lang='grc' dir='ltr'>ἦν</span> <span class='ocrx_word' id='word_1_356' title='bbox 1791 2997 2001 3077; x_wconf 75' lang='grc' dir='ltr'>κεφαλή</span> 
     </span>
    </p>
   </div>
   <div class='ocr_carea' id='block_1_49' title="bbox 355 3087 2002 3167">
    <p class='ocr_par' dir='ltr' id='par_1_49' title="bbox 355 3087 2002 3167">
     <span class='ocr_line' id='line_1_50' title="bbox 355 3087 2002 3167; baseline -0.005 -18"><span class='ocrx_word' id='word_1_357' title='bbox 355 3095 654 3166; x_wconf 79' lang='grc' dir='ltr'>Δαμασκὸς.</span> <span class='ocrx_word' id='word_1_358' title='bbox 703 3095 992 3165; x_wconf 80' lang='grc' dir='ltr'>Δαμασκοῦ</span> <span class='ocrx_word' id='word_1_359' title='bbox 1041 3087 1098 3146; x_wconf 74' lang='grc' dir='ltr'>δὲ</span> <span class='ocrx_word' id='word_1_360' title='bbox 1142 3087 1355 3167; x_wconf 77' lang='grc' dir='ltr'>κεφαλὴ</span> <span class='ocrx_word' id='word_1_361' title='bbox 1405 3090 1433 3144; x_wconf 87' lang='grc' dir='ltr'>ὁ</span> <span class='ocrx_word' id='word_1_362' title='bbox 1476 3088 1667 3143; x_wconf 84' lang='grc' dir='ltr'>Ῥασίν·</span> <span class='ocrx_word' id='word_1_363' title='bbox 1701 3088 1844 3143; x_wconf 81' lang='grc' dir='ltr'>οὕτω</span> <span class='ocrx_word' id='word_1_364' title='bbox 1895 3094 2002 3142; x_wconf 88' lang='grc' dir='ltr'>Σα-</span> 
     </span>
    </p>
   </div>
   <div class='ocr_carea' id='block_1_50' title="bbox 363 3174 2000 3260">
    <p class='ocr_par' dir='ltr' id='par_1_50' title="bbox 363 3174 2000 3260">
     <span class='ocr_line' id='line_1_51' title="bbox 363 3174 2000 3260; baseline -0.004 -22"><span class='ocrx_word' id='word_1_365' title='bbox 363 3183 557 3258; x_wconf 75' lang='grc' dir='ltr'>μάρεια</span> <span class='ocrx_word' id='word_1_366' title='bbox 587 3182 681 3255; x_wconf 72' lang='grc' dir='ltr'>μὶν</span> <span class='ocrx_word' id='word_1_367' title='bbox 729 3182 940 3260; x_wconf 71' lang='grc' dir='ltr'>κεφαλὴ</span> <span class='ocrx_word' id='word_1_368' title='bbox 979 3184 1076 3235; x_wconf 86' lang='grc' dir='ltr'>τοῦ</span> <span class='ocrx_word' id='word_1_369' title='bbox 1131 3179 1392 3256; x_wconf 74' lang='grc' dir='ltr'>Ἐιρραίμ,</span> <span class='ocrx_word' id='word_1_370' title='bbox 1454 3179 1763 3251; x_wconf 80' lang='grc' dir='ltr'>Σαμαρείας</span> <span class='ocrx_word' id='word_1_371' title='bbox 1804 3174 1862 3232; x_wconf 79' lang='grc' dir='ltr'>δὶ</span> <span class='ocrx_word' id='word_1_372' title='bbox 1911 3197 2000 3232; x_wconf 88' lang='grc' dir='ltr'>κε-</span> 
     </span>
    </p>
   </div>
   <div class='ocr_carea' id='block_1_51' title="bbox 2184 2106 3760 2184">
    <p class='ocr_par' dir='ltr' id='par_1_51' title="bbox 2184 2106 3760 2184">
     <span class='ocr_line' id='line_1_52' title="bbox 2184 2106 3760 2184; baseline 0.008 -23"><span class='ocrx_word' id='word_1_373' title='bbox 2184 2107 2304 2161; x_wconf 85' lang='grc'>197.</span> <span class='ocrx_word' id='word_1_374' title='bbox 2350 2106 2455 2162; x_wconf 78' lang='lat' dir='ltr'>Sed</span> <span class='ocrx_word' id='word_1_375' title='bbox 2507 2107 2690 2162; x_wconf 83' lang='lat' dir='ltr'>adhuc</span> <span class='ocrx_word' id='word_1_376' title='bbox 2743 2111 3032 2180; x_wconf 74' lang='lat' dir='ltr'>sexaginta</span> <span class='ocrx_word' id='word_1_377' title='bbox 3097 2115 3149 2168; x_wconf 83' lang='lat' dir='ltr'>et</span> <span class='ocrx_word' id='word_1_378' title='bbox 3179 2114 3420 2184; x_wconf 85' lang='lat' dir='ltr'>quinque</span> <span class='ocrx_word' id='word_1_379' title='bbox 3448 2117 3636 2182; x_wconf 75' lang='lat' dir='ltr'>annis,</span> <span class='ocrx_word' id='word_1_380' title='bbox 3668 2117 3760 2172; x_wconf 89' lang='lat' dir='ltr'>in-</span> 
     </span>
    </p>
   </div>
   <div class='ocr_carea' id='block_1_52' title="bbox 2113 2195 3762 2278">
    <p class='ocr_par' dir='ltr' id='par_1_52' title="bbox 2113 2195 3762 2278">
     <span class='ocr_line' id='line_1_53' title="bbox 2113 2195 3762 2278; baseline 0.007 -26"><span class='ocrx_word' id='word_1_381' title='bbox 2113 2195 2258 2268; x_wconf 87' lang='lat' dir='ltr'>quit,</span> <span class='ocrx_word' id='word_1_382' title='bbox 2289 2195 2504 2266; x_wconf 75' lang='lat' dir='ltr'>deﬁciet</span> <span class='ocrx_word' id='word_1_383' title='bbox 2560 2213 2797 2269; x_wconf 80' lang='lat' dir='ltr'>regnum</span> <span class='ocrx_word' id='word_1_384' title='bbox 2842 2199 3112 2270; x_wconf 80' lang='lat' dir='ltr'>Ephraim</span> <span class='ocrx_word' id='word_1_385' title='bbox 3167 2219 3200 2257; x_wconf 90' lang='lat' dir='ltr'>a</span> <span class='ocrx_word' id='word_1_386' title='bbox 3250 2205 3454 2275; x_wconf 81' lang='lat' dir='ltr'>papulo</span> <span class='ocrx_word' id='word_1_387' title='bbox 3481 2210 3534 2260; x_wconf 85' lang='lat' dir='ltr'>et</span> <span class='ocrx_word' id='word_1_388' title='bbox 3590 2215 3762 2278; x_wconf 79' lang='lat' dir='ltr'>caput</span> 
     </span>
    </p>
   </div>
   <div class='ocr_carea' id='block_1_53' title="bbox 2113 2286 3760 2363">
    <p class='ocr_par' dir='ltr' id='par_1_53' title="bbox 2113 2286 3760 2363">
     <span class='ocr_line' id='line_1_54' title="bbox 2113 2286 3760 2363; baseline 0.007 -23"><span class='ocrx_word' id='word_1_389' title='bbox 2113 2286 2387 2357; x_wconf 73' lang='lat' dir='ltr'>Ephraim</span> <span class='ocrx_word' id='word_1_390' title='bbox 2417 2286 2728 2355; x_wconf 82' lang='lat' dir='ltr'>Sameram,</span> <span class='ocrx_word' id='word_1_391' title='bbox 2759 2297 2810 2344; x_wconf 77' lang='lat' dir='ltr'>et</span> <span class='ocrx_word' id='word_1_392' title='bbox 2839 2298 3000 2360; x_wconf 84' lang='lat' dir='ltr'>caput</span> <span class='ocrx_word' id='word_1_393' title='bbox 3026 2291 3310 2347; x_wconf 81' lang='lat' dir='ltr'>Sameram</span> <span class='ocrx_word' id='word_1_394' title='bbox 3366 2295 3519 2363; x_wconf 77' lang='lat' dir='ltr'>ﬁlius</span> <span class='ocrx_word' id='word_1_395' title='bbox 3568 2296 3760 2352; x_wconf 84' lang='lat' dir='ltr'>Rome-</span> 
     </span>
    </p>
   </div>
   <div class='ocr_carea' id='block_1_54' title="bbox 2112 2375 3763 2456">
    <p class='ocr_par' dir='ltr' id='par_1_54' title="bbox 2112 2375 3763 2456">
     <span class='ocr_line' id='line_1_55' title="bbox 2112 2375 3763 2456; baseline 0.007 -26"><span class='ocrx_word' id='word_1_396' title='bbox 2112 2375 2334 2432; x_wconf 65' lang='lat' dir='ltr'>lias.Est</span> <span class='ocrx_word' id='word_1_397' title='bbox 2363 2375 2546 2447; x_wconf 86' lang='lat' dir='ltr'>igitur</span> <span class='ocrx_word' id='word_1_398' title='bbox 2575 2393 2820 2447; x_wconf 86' lang='lat' dir='ltr'>regnum</span> <span class='ocrx_word' id='word_1_399' title='bbox 2846 2378 3126 2450; x_wconf 88' lang='lat' dir='ltr'>Ephraim</span> <span class='ocrx_word' id='word_1_400' title='bbox 3158 2381 3497 2439; x_wconf 87' lang='lat' dir='ltr'>dominatus</span> <span class='ocrx_word' id='word_1_401' title='bbox 3519 2385 3763 2456; x_wconf 88' lang='lat' dir='ltr'>quidam</span> 
     </span>
    </p>
   </div>
   <div class='ocr_carea' id='block_1_55' title="bbox 2112 2463 3763 2542">
    <p class='ocr_par' dir='ltr' id='par_1_55' title="bbox 2112 2463 3763 2542">
     <span class='ocr_line' id='line_1_56' title="bbox 2112 2463 3763 2542; baseline 0.007 -23"><span class='ocrx_word' id='word_1_402' title='bbox 2112 2463 2371 2535; x_wconf 91' lang='lat' dir='ltr'>ditioque</span> <span class='ocrx_word' id='word_1_403' title='bbox 2401 2465 2910 2534; x_wconf 81' lang='lat' dir='ltr'>heterodoxorum,</span> <span class='ocrx_word' id='word_1_404' title='bbox 2963 2474 3270 2542; x_wconf 86' lang='lat' dir='ltr'>propterea</span> <span class='ocrx_word' id='word_1_405' title='bbox 3314 2474 3465 2541; x_wconf 90' lang='lat' dir='ltr'>quod</span> <span class='ocrx_word' id='word_1_406' title='bbox 3527 2490 3596 2529; x_wconf 88' lang='lat' dir='ltr'>ex</span> <span class='ocrx_word' id='word_1_407' title='bbox 3654 2475 3763 2530; x_wconf 90' lang='lat' dir='ltr'>hac</span> 
     </span>
    </p>
   </div>
   <div class='ocr_carea' id='block_1_56' title="bbox 2112 2554 3761 2626">
    <p class='ocr_par' dir='ltr' id='par_1_56' title="bbox 2112 2554 3761 2626">
     <span class='ocr_line' id='line_1_57' title="bbox 2112 2554 3761 2626; baseline 0.006 -17"><span class='ocrx_word' id='word_1_408' title='bbox 2112 2554 2267 2609; x_wconf 88' lang='lat' dir='ltr'>tribu</span> <span class='ocrx_word' id='word_1_409' title='bbox 2299 2560 2534 2610; x_wconf 82' lang='lat' dir='ltr'>exortus</span> <span class='ocrx_word' id='word_1_410' title='bbox 2567 2555 2643 2610; x_wconf 85' lang='lat' dir='ltr'>sit</span> <span class='ocrx_word' id='word_1_411' title='bbox 2666 2556 2736 2624; x_wconf 89' lang='lat' dir='ltr'>is,</span> <span class='ocrx_word' id='word_1_412' title='bbox 2773 2557 2870 2626; x_wconf 90' lang='lat' dir='ltr'>qui</span> <span class='ocrx_word' id='word_1_413' title='bbox 2905 2558 3083 2613; x_wconf 89' lang='lat' dir='ltr'>Israel</span> <span class='ocrx_word' id='word_1_414' title='bbox 3115 2577 3148 2614; x_wconf 90' lang='lat' dir='ltr'>a</span> <span class='ocrx_word' id='word_1_415' title='bbox 3191 2561 3349 2616; x_wconf 86' lang='lat' dir='ltr'>Juda</span> <span class='ocrx_word' id='word_1_416' title='bbox 3407 2562 3646 2618; x_wconf 89' lang='lat' dir='ltr'>discidit</span> <span class='ocrx_word' id='word_1_417' title='bbox 3693 2565 3761 2620; x_wconf 73' lang='grc' dir='ltr'>θ’,</span> 
     </span>
    </p>
   </div>
   <div class='ocr_carea' id='block_1_57' title="bbox 2113 2643 3764 2715">
    <p class='ocr_par' dir='ltr' id='par_1_57' title="bbox 2113 2643 3764 2715">
     <span class='ocr_line' id='line_1_58' title="bbox 2113 2643 3764 2715; baseline 0.005 -17"><span class='ocrx_word' id='word_1_418' title='bbox 2113 2643 2300 2715; x_wconf 88' lang='lat' dir='ltr'>Caput</span> <span class='ocrx_word' id='word_1_419' title='bbox 2329 2643 2507 2714; x_wconf 88' lang='lat' dir='ltr'>igitur</span> <span class='ocrx_word' id='word_1_420' title='bbox 2539 2643 2813 2715; x_wconf 88' lang='lat' dir='ltr'>Ephraim</span> <span class='ocrx_word' id='word_1_421' title='bbox 2848 2650 2938 2700; x_wconf 87' lang='lat' dir='ltr'>est</span> <span class='ocrx_word' id='word_1_422' title='bbox 2967 2651 3294 2713; x_wconf 87' lang='lat' dir='ltr'>Somorum,</span> <span class='ocrx_word' id='word_1_423' title='bbox 3328 2647 3385 2702; x_wconf 91' lang='lat' dir='ltr'>id</span> <span class='ocrx_word' id='word_1_424' title='bbox 3419 2655 3526 2714; x_wconf 91' lang='lat' dir='ltr'>est,</span> <span class='ocrx_word' id='word_1_425' title='bbox 3561 2649 3764 2706; x_wconf 89' lang='lat' dir='ltr'>Sama-</span> 
     </span>
    </p>
   </div>
   <div class='ocr_carea' id='block_1_58' title="bbox 2114 2733 3762 2806">
    <p class='ocr_par' dir='ltr' id='par_1_58' title="bbox 2114 2733 3762 2806">
     <span class='ocr_line' id='line_1_59' title="bbox 2114 2733 3762 2806; baseline 0.005 -18"><span class='ocrx_word' id='word_1_426' title='bbox 2114 2734 2220 2788; x_wconf 89' lang='lat' dir='ltr'>ria.</span> <span class='ocrx_word' id='word_1_427' title='bbox 2254 2734 2356 2788; x_wconf 87' lang='lat' dir='ltr'>Est</span> <span class='ocrx_word' id='word_1_428' title='bbox 2385 2737 2580 2788; x_wconf 88' lang='lat' dir='ltr'>autem</span> <span class='ocrx_word' id='word_1_429' title='bbox 2624 2733 2890 2790; x_wconf 86' lang='lat' dir='ltr'>Samaria</span> <span class='ocrx_word' id='word_1_430' title='bbox 2940 2736 3314 2791; x_wconf 89' lang='lat' dir='ltr'>inimicorum</span> <span class='ocrx_word' id='word_1_431' title='bbox 3373 2741 3762 2806; x_wconf 88' lang='lat' dir='ltr'>quorumdam</span> 
     </span>
    </p>
   </div>
   <div class='ocr_carea' id='block_1_59' title="bbox 2114 2823 3766 2899">
    <p class='ocr_par' dir='ltr' id='par_1_59' title="bbox 2114 2823 3766 2899">
     <span class='ocr_line' id='line_1_60' title="bbox 2114 2823 3766 2899; baseline 0.003 -20"><span class='ocrx_word' id='word_1_432' title='bbox 2114 2824 2403 2895; x_wconf 87' lang='lat' dir='ltr'>regio,qui</span> <span class='ocrx_word' id='word_1_433' title='bbox 2435 2823 2766 2878; x_wconf 86' lang='lat' dir='ltr'>doctrinam</span> <span class='ocrx_word' id='word_1_434' title='bbox 2798 2841 3004 2880; x_wconf 88' lang='lat' dir='ltr'>sanam</span> <span class='ocrx_word' id='word_1_435' title='bbox 3048 2827 3466 2896; x_wconf 86' lang='lat' dir='ltr'>depravarunt,</span> <span class='ocrx_word' id='word_1_436' title='bbox 3525 2830 3678 2899; x_wconf 89' lang='lat' dir='ltr'>quod</span> <span class='ocrx_word' id='word_1_437' title='bbox 3732 2847 3766 2885; x_wconf 80' lang='grc' dir='ltr'>ει</span> 
     </span>
    </p>
   </div>
   <div class='ocr_carea' id='block_1_60' title="bbox 2109 2912 3761 2978">
    <p class='ocr_par' dir='ltr' id='par_1_60' title="bbox 2109 2912 3761 2978">
     <span class='ocr_line' id='line_1_61' title="bbox 2109 2912 3761 2978; baseline 0.002 -9"><span class='ocrx_word' id='word_1_438' title='bbox 2109 2912 2419 2969; x_wconf 87' lang='lat' dir='ltr'>Judaismo</span> <span class='ocrx_word' id='word_1_439' title='bbox 2467 2912 2818 2968; x_wconf 86' lang='lat' dir='ltr'>declinarint</span> <span class='ocrx_word' id='word_1_440' title='bbox 2867 2914 3191 2968; x_wconf 70' lang='lat' dir='ltr'>Samaritae.</span> <span class='ocrx_word' id='word_1_441' title='bbox 3251 2915 3761 2978; x_wconf 89' lang='lat' dir='ltr'>Quemadmodum</span> 
     </span>
    </p>
   </div>
   <div class='ocr_carea' id='block_1_61' title="bbox 2113 3001 3766 3073">
    <p class='ocr_par' dir='ltr' id='par_1_61' title="bbox 2113 3001 3766 3073">
     <span class='ocr_line' id='line_1_62' title="bbox 2113 3001 3766 3073; baseline 0.004 -17"><span class='ocrx_word' id='word_1_442' title='bbox 2113 3006 2311 3056; x_wconf 82' lang='lat' dir='ltr'>autem</span> <span class='ocrx_word' id='word_1_443' title='bbox 2338 3001 2663 3056; x_wconf 86' lang='lat' dir='ltr'>Damascus</span> <span class='ocrx_word' id='word_1_444' title='bbox 2702 3005 2828 3056; x_wconf 85' lang='lat' dir='ltr'>erat</span> <span class='ocrx_word' id='word_1_445' title='bbox 2858 3002 3032 3073; x_wconf 64' lang='lat' dir='ltr'>Syriis</span> <span class='ocrx_word' id='word_1_446' title='bbox 3065 3007 3260 3073; x_wconf 89' lang='lat' dir='ltr'>caput,</span> <span class='ocrx_word' id='word_1_447' title='bbox 3294 3008 3351 3058; x_wconf 91' lang='lat' dir='ltr'>et</span> <span class='ocrx_word' id='word_1_448' title='bbox 3400 3004 3580 3060; x_wconf 85' lang='lat' dir='ltr'>Rasin</span> <span class='ocrx_word' id='word_1_449' title='bbox 3639 3010 3766 3062; x_wconf 88' lang='lat' dir='ltr'>erat</span> 
     </span>
    </p>
   </div>
   <div class='ocr_carea' id='block_1_62' title="bbox 2115 3089 3761 3166">
    <p class='ocr_par' dir='ltr' id='par_1_62' title="bbox 2115 3089 3761 3166">
     <span class='ocr_line' id='line_1_63' title="bbox 2115 3089 3761 3166; baseline 0.002 -20"><span class='ocrx_word' id='word_1_450' title='bbox 2115 3089 2382 3146; x_wconf 84' lang='lat' dir='ltr'>Damasci</span> <span class='ocrx_word' id='word_1_451' title='bbox 2412 3094 2588 3160; x_wconf 86' lang='lat' dir='ltr'>caput</span> <span class='ocrx_word' id='word_1_452' title='bbox 2621 3106 2633 3143; x_wconf 93' lang='lat'>:</span> <span class='ocrx_word' id='word_1_453' title='bbox 2669 3089 2750 3144; x_wconf 88' lang='lat' dir='ltr'>ita</span> <span class='ocrx_word' id='word_1_454' title='bbox 2779 3091 3043 3145; x_wconf 88' lang='lat' dir='ltr'>Samaria</span> <span class='ocrx_word' id='word_1_455' title='bbox 3073 3095 3197 3145; x_wconf 90' lang='lat' dir='ltr'>erat</span> <span class='ocrx_word' id='word_1_456' title='bbox 3226 3095 3402 3163; x_wconf 89' lang='lat' dir='ltr'>caput</span> <span class='ocrx_word' id='word_1_457' title='bbox 3457 3093 3761 3166; x_wconf 87' lang='lat' dir='ltr'>Ephraim,</span> 
     </span>
    </p>
   </div>
   <div class='ocr_carea' id='block_1_63' title="bbox 2113 3179 3757 3256">
    <p class='ocr_par' dir='ltr' id='par_1_63' title="bbox 2113 3179 3757 3256">
     <span class='ocr_line' id='line_1_64' title="bbox 2113 3179 3757 3256; baseline 0.004 -19"><span class='ocrx_word' id='word_1_458' title='bbox 2113 3185 2169 3237; x_wconf 89' lang='lat' dir='ltr'>et</span> <span class='ocrx_word' id='word_1_459' title='bbox 2201 3179 2356 3236; x_wconf 79' lang='lat' dir='ltr'>filius</span> <span class='ocrx_word' id='word_1_460' title='bbox 2416 3179 2689 3236; x_wconf 73' lang='lat' dir='ltr'>Romeliaa</span> <span class='ocrx_word' id='word_1_461' title='bbox 2749 3187 2874 3236; x_wconf 90' lang='lat' dir='ltr'>erat</span> <span class='ocrx_word' id='word_1_462' title='bbox 2931 3182 3210 3238; x_wconf 71' lang='lat' dir='ltr'>Samaria:</span> <span class='ocrx_word' id='word_1_463' title='bbox 3239 3189 3434 3256; x_wconf 88' lang='lat' dir='ltr'>caput.</span> <span class='ocrx_word' id='word_1_464' title='bbox 3469 3186 3757 3243; x_wconf 89' lang='lat' dir='ltr'>Malorum</span> 
     </span>
    </p>
   </div>
   <div class='ocr_carea' id='block_1_64' title="bbox 357 3266 2009 3350">
    <p class='ocr_par' dir='ltr' id='par_1_64' title="bbox 357 3266 2004 3350">
     <span class='ocr_line' id='line_1_65' title="bbox 357 3266 2004 3350; baseline -0.005 -22"><span class='ocrx_word' id='word_1_465' title='bbox 357 3272 506 3350; x_wconf 72' lang='grc' dir='ltr'>φαλή</span> <span class='ocrx_word' id='word_1_466' title='bbox 558 3272 586 3326; x_wconf 83' lang='grc' dir='ltr'>ὁ</span> <span class='ocrx_word' id='word_1_467' title='bbox 630 3271 748 3334; x_wconf 70' lang='grc' dir='ltr'>υἱὸς</span> <span class='ocrx_word' id='word_1_468' title='bbox 791 3273 890 3324; x_wconf 81' lang='grc' dir='ltr'>τοῦ</span> <span class='ocrx_word' id='word_1_469' title='bbox 935 3266 1246 3342; x_wconf 79' lang='grc' dir='ltr'>Ῥομελίου.</span> <span class='ocrx_word' id='word_1_470' title='bbox 1307 3272 1502 3324; x_wconf 80' lang='grc' dir='ltr'>Κακῶν</span> <span class='ocrx_word' id='word_1_471' title='bbox 1560 3289 1703 3328; x_wconf 86' lang='grc' dir='ltr'>τινες</span> <span class='ocrx_word' id='word_1_472' title='bbox 1735 3267 2004 3330; x_wconf 76' lang='grc' dir='ltr'>ἐπιτάσεις</span> 
     </span>
    </p>
   </div>
   <div class='ocr_carea' id='block_1_65' title="bbox 2125 3266 3769 3350">
    <p class='ocr_par' dir='ltr' id='par_1_65' title="bbox 2125 3269 3769 3343">
     <span class='ocr_line' id='line_1_66' title="bbox 2125 3269 3769 3343; baseline 0.004 -16"><span class='ocrx_word' id='word_1_473' title='bbox 2125 3269 2370 3327; x_wconf 73' lang='lat' dir='ltr'>accessio</span> <span class='ocrx_word' id='word_1_474' title='bbox 2401 3270 2669 3341; x_wconf 70' lang='lat' dir='ltr'>quaedam</span> <span class='ocrx_word' id='word_1_475' title='bbox 2710 3270 3101 3343; x_wconf 86' lang='lat' dir='ltr'>nimietasque</span> <span class='ocrx_word' id='word_1_476' title='bbox 3147 3271 3317 3329; x_wconf 88' lang='lat' dir='ltr'>nobis</span> <span class='ocrx_word' id='word_1_477' title='bbox 3369 3273 3678 3332; x_wconf 89' lang='lat' dir='ltr'>exhibetur</span> <span class='ocrx_word' id='word_1_478' title='bbox 3734 3295 3769 3332; x_wconf 88' lang='lat' dir='ltr'>a</span> 
     </span>
    </p>
   </div>
   <div class='ocr_carea' id='block_1_66' title="bbox 355 3355 2005 3435">
    <p class='ocr_par' dir='ltr' id='par_1_66' title="bbox 355 3355 2005 3435">
     <span class='ocr_line' id='line_1_67' title="bbox 355 3355 2005 3435; baseline -0.003 -19"><span class='ocrx_word' id='word_1_479' title='bbox 355 3363 446 3417; x_wconf 82' lang='grc' dir='ltr'>καὶ</span> <span class='ocrx_word' id='word_1_480' title='bbox 508 3355 812 3435; x_wconf 74' lang='grc' dir='ltr'>ὑπερϐολαὶ</span> <span class='ocrx_word' id='word_1_481' title='bbox 871 3355 958 3412; x_wconf 80' lang='grc' dir='ltr'>διὰ</span> <span class='ocrx_word' id='word_1_482' title='bbox 1010 3363 1105 3412; x_wconf 90' lang='grc' dir='ltr'>τοῦ</span> <span class='ocrx_word' id='word_1_483' title='bbox 1164 3357 1340 3432; x_wconf 83' lang='grc' dir='ltr'>λόγου</span> <span class='ocrx_word' id='word_1_484' title='bbox 1397 3360 1532 3430; x_wconf 79' lang='grc' dir='ltr'>ἡμῖν</span> <span class='ocrx_word' id='word_1_485' title='bbox 1592 3355 2005 3430; x_wconf 75' lang='grc' dir='ltr'>παραδίδονται,</span> 
     </span>
    </p>
   </div>
   <div class='ocr_carea' id='block_1_67' title="bbox 355 3445 2003 3523">
    <p class='ocr_par' dir='ltr' id='par_1_67' title="bbox 355 3445 2003 3523">
     <span class='ocr_line' id='line_1_68' title="bbox 355 3445 2003 3523; baseline -0.004 -17"><span class='ocrx_word' id='word_1_486' title='bbox 355 3451 496 3506; x_wconf 85' lang='grc' dir='ltr'>ὥστε</span> <span class='ocrx_word' id='word_1_487' title='bbox 552 3451 638 3522; x_wconf 74' lang='grc' dir='ltr'>μὴ’</span> <span class='ocrx_word' id='word_1_488' title='bbox 663 3450 793 3503; x_wconf 71' lang='grc' dir='ltr'>εἶναι</span> <span class='ocrx_word' id='word_1_489' title='bbox 845 3445 1069 3503; x_wconf 86' lang='grc' dir='ltr'>δυνατὸν</span> <span class='ocrx_word' id='word_1_490' title='bbox 1103 3449 1201 3516; x_wconf 76' lang='grc' dir='ltr'>τὴν</span> <span class='ocrx_word' id='word_1_491' title='bbox 1234 3447 1381 3523; x_wconf 74' lang='grc' dir='ltr'>παρὰ</span> <span class='ocrx_word' id='word_1_492' title='bbox 1434 3451 1541 3500; x_wconf 80' lang='grc' dir='ltr'>τῶν</span> <span class='ocrx_word' id='word_1_493' title='bbox 1572 3447 1836 3501; x_wconf 88' lang='grc' dir='ltr'>τοιούτων</span> <span class='ocrx_word' id='word_1_494' title='bbox 1867 3468 2003 3518; x_wconf 87' lang='grc' dir='ltr'>συμ-</span> 
     </span>
    </p>
   </div>
   <div class='ocr_carea' id='block_1_68' title="bbox 351 3534 2010 3616">
    <p class='ocr_par' dir='ltr' id='par_1_68' title="bbox 351 3534 2010 3616">
     <span class='ocr_line' id='line_1_69' title="bbox 351 3534 2010 3616; baseline -0.002 -22"><span class='ocrx_word' id='word_1_495' title='bbox 351 3561 468 3616; x_wconf 77' lang='grc' dir='ltr'>φων</span> <span class='ocrx_word' id='word_1_496' title='bbox 481 3537 560 3593; x_wconf 85' lang='grc' dir='ltr'>ίαν</span> <span class='ocrx_word' id='word_1_497' title='bbox 591 3536 972 3610; x_wconf 79' lang='grc' dir='ltr'>ἐπικρατῆσαι,</span> <span class='ocrx_word' id='word_1_498' title='bbox 1001 3547 1009 3554; x_wconf 92' lang='lat'><strong>&#39;</strong></span> <span class='ocrx_word' id='word_1_499' title='bbox 1036 3534 1176 3609; x_wconf 74' lang='grc' dir='ltr'>μηδὲ</span> <span class='ocrx_word' id='word_1_500' title='bbox 1207 3535 1370 3611; x_wconf 81' lang='grc' dir='ltr'>ῒσχύν</span> <span class='ocrx_word' id='word_1_501' title='bbox 1399 3557 1519 3591; x_wconf 89' lang='grc' dir='ltr'>τινα</span> <span class='ocrx_word' id='word_1_502' title='bbox 1551 3534 1695 3612; x_wconf 79' lang='grc' dir='ltr'>ἔχειν</span> <span class='ocrx_word' id='word_1_503' title='bbox 1732 3538 1844 3610; x_wconf 87' lang='grc'>(78)</span> <span class='ocrx_word' id='word_1_504' title='bbox 1873 3537 2010 3592; x_wconf 82' lang='grc' dir='ltr'>κατὰ</span> 
     </span>
    </p>
   </div>
   <div class='ocr_carea' id='block_1_69' title="bbox 351 3621 2009 3701">
    <p class='ocr_par' dir='ltr' id='par_1_69' title="bbox 351 3621 2009 3701">
     <span class='ocr_line' id='line_1_70' title="bbox 351 3621 2009 3701; baseline -0.003 -18"><span class='ocrx_word' id='word_1_505' title='bbox 351 3629 460 3683; x_wconf 85' lang='grc' dir='ltr'>τῶν</span> <span class='ocrx_word' id='word_1_506' title='bbox 491 3628 574 3688; x_wconf 83' lang='grc' dir='ltr'>οἷς</span> <span class='ocrx_word' id='word_1_507' title='bbox 625 3621 1002 3682; x_wconf 71' lang='grc' dir='ltr'>ἐπιϐουλεύειν</span> <span class='ocrx_word' id='word_1_508' title='bbox 1055 3625 1416 3701; x_wconf 68' lang='grc' dir='ltr'>ἐπιχειροῦσι.</span> <span class='ocrx_word' id='word_1_509' title='bbox 1480 3625 1581 3681; x_wconf 84' lang='grc' dir='ltr'>Καὶ</span> <span class='ocrx_word' id='word_1_510' title='bbox 1639 3623 1726 3680; x_wconf 73' lang='grc' dir='ltr'>ἐὰν</span> <span class='ocrx_word' id='word_1_511' title='bbox 1783 3626 1859 3699; x_wconf 75' lang='grc' dir='ltr'>μὴ</span> <span class='ocrx_word' id='word_1_512' title='bbox 1917 3647 2009 3679; x_wconf 91' lang='grc' dir='ltr'>πι-</span> 
     </span>
    </p>
   </div>
   <div class='ocr_carea' id='block_1_70' title="bbox 357 3712 2013 3787">
    <p class='ocr_par' dir='ltr' id='par_1_70' title="bbox 357 3712 2013 3787">
     <span class='ocr_line' id='line_1_71' title="bbox 357 3712 2013 3787; baseline -0.002 -15"><span class='ocrx_word' id='word_1_513' title='bbox 357 3717 622 3786; x_wconf 81' lang='grc' dir='ltr'>στεύητε,</span> <span class='ocrx_word' id='word_1_514' title='bbox 697 3712 822 3770; x_wconf 79' lang='grc' dir='ltr'>οὐδὲ</span> <span class='ocrx_word' id='word_1_515' title='bbox 902 3718 978 3787; x_wconf 80' lang='grc' dir='ltr'>μὴ</span> <span class='ocrx_word' id='word_1_516' title='bbox 1045 3721 1269 3784; x_wconf 84' lang='grc' dir='ltr'>συνῆτε.</span> <span class='ocrx_word' id='word_1_517' title='bbox 1335 3719 1621 3769; x_wconf 85' lang='grc' dir='ltr'>Πιστεῦσαι</span> <span class='ocrx_word' id='word_1_518' title='bbox 1685 3713 1869 3787; x_wconf 68' lang='grc' dir='ltr'>μέντοι</span> <span class='ocrx_word' id='word_1_519' title='bbox 1930 3713 2013 3769; x_wconf 82' lang='grc' dir='ltr'>δεῖ</span> 
     </span>
    </p>
   </div>
   <div class='ocr_carea' id='block_1_71' title="bbox 353 3803 2010 3879">
    <p class='ocr_par' dir='ltr' id='par_1_71' title="bbox 353 3803 2010 3879">
     <span class='ocr_line' id='line_1_72' title="bbox 353 3803 2010 3879; baseline -0.002 -18"><span class='ocrx_word' id='word_1_520' title='bbox 353 3812 472 3870; x_wconf 82' lang='grc' dir='ltr'>τοῖς</span> <span class='ocrx_word' id='word_1_521' title='bbox 501 3804 824 3878; x_wconf 82' lang='grc' dir='ltr'>Γράμμασιν</span> <span class='ocrx_word' id='word_1_522' title='bbox 871 3805 945 3865; x_wconf 85' lang='grc' dir='ltr'>ὡς</span> <span class='ocrx_word' id='word_1_523' title='bbox 987 3803 1306 3879; x_wconf 74' lang='grc' dir='ltr'>περιέχουσι</span> <span class='ocrx_word' id='word_1_524' title='bbox 1354 3805 1497 3858; x_wconf 86' lang='grc' dir='ltr'>θεῖον</span> <span class='ocrx_word' id='word_1_525' title='bbox 1538 3808 1686 3875; x_wconf 84' lang='grc' dir='ltr'>νοῦν,</span> <span class='ocrx_word' id='word_1_526' title='bbox 1717 3807 1805 3858; x_wconf 84' lang='grc' dir='ltr'>καὶ</span> <span class='ocrx_word' id='word_1_527' title='bbox 1838 3803 2010 3866; x_wconf 76' lang='grc' dir='ltr'>οὕτως</span> 
     </span>
    </p>
   </div>
   <div class='ocr_carea' id='block_1_72' title="bbox 358 3891 2011 3970">
    <p class='ocr_par' dir='ltr' id='par_1_72' title="bbox 358 3891 2011 3970">
     <span class='ocr_line' id='line_1_73' title="bbox 358 3891 2011 3970; baseline -0.002 -18"><span class='ocrx_word' id='word_1_528' title='bbox 358 3895 538 3960; x_wconf 70' lang='grc' dir='ltr'>ὶλθεῖν</span> <span class='ocrx_word' id='word_1_529' title='bbox 575 3894 663 3949; x_wconf 83' lang='grc' dir='ltr'>ἐπὶ</span> <span class='ocrx_word' id='word_1_530' title='bbox 719 3895 822 3962; x_wconf 84' lang='grc' dir='ltr'>τήν</span> <span class='ocrx_word' id='word_1_531' title='bbox 866 3897 974 3948; x_wconf 79' lang='grc' dir='ltr'>τῶν</span> <span class='ocrx_word' id='word_1_532' title='bbox 1028 3892 1478 3970; x_wconf 71' lang='grc' dir='ltr'>ἐγγεγραμμένων</span> <span class='ocrx_word' id='word_1_533' title='bbox 1513 3891 1741 3948; x_wconf 83' lang='grc' dir='ltr'>σύνεσιν.</span> <span class='ocrx_word' id='word_1_534' title='bbox 1778 3900 1868 3948; x_wconf 89' lang='grc' dir='ltr'>Δεῖ</span> <span class='ocrx_word' id='word_1_535' title='bbox 1911 3895 2011 3968; x_wconf 85' lang='grc' dir='ltr'>γὰρ</span> 
     </span>
    </p>
   </div>
   <div class='ocr_carea' id='block_1_73' title="bbox 361 3977 2010 4059">
    <p class='ocr_par' dir='ltr' id='par_1_73' title="bbox 361 3977 2010 4059">
     <span class='ocr_line' id='line_1_74' title="bbox 361 3977 2010 4059; baseline -0.002 -19"><span class='ocrx_word' id='word_1_536' title='bbox 361 3979 698 4059; x_wconf 71' lang='grc' dir='ltr'>ὑπερϐάντας</span> <span class='ocrx_word' id='word_1_537' title='bbox 747 3981 876 4047; x_wconf 77' lang='grc' dir='ltr'>τοὺς</span> <span class='ocrx_word' id='word_1_538' title='bbox 918 3981 1144 4049; x_wconf 82' lang='grc' dir='ltr'>τύπους,</span> <span class='ocrx_word' id='word_1_539' title='bbox 1195 3982 1338 4037; x_wconf 73' lang='grc' dir='ltr'>οὕτω</span> <span class='ocrx_word' id='word_1_540' title='bbox 1383 3977 1710 4038; x_wconf 75' lang='grc' dir='ltr'>καταλαϐεῖν</span> <span class='ocrx_word' id='word_1_541' title='bbox 1759 3984 1858 4052; x_wconf 77' lang='grc' dir='ltr'>τὴν</span> <span class='ocrx_word' id='word_1_542' title='bbox 1905 3988 2010 4037; x_wconf 78' lang='grc' dir='ltr'>τῶν</span> 
     </span>
    </p>
   </div>
   <div class='ocr_carea' id='block_1_74' title="bbox 357 4069 2012 4149">
    <p class='ocr_par' dir='ltr' id='par_1_74' title="bbox 357 4069 2012 4149">
     <span class='ocr_line' id='line_1_75' title="bbox 357 4069 2012 4149; baseline -0.001 -20"><span class='ocrx_word' id='word_1_543' title='bbox 357 4072 739 4149; x_wconf 69' lang='grc' dir='ltr'>ἐνδειχθέντων</span> <span class='ocrx_word' id='word_1_544' title='bbox 772 4071 909 4145; x_wconf 69' lang='grc' dir='ltr'>ἧμῖν</span> <span class='ocrx_word' id='word_1_545' title='bbox 955 4072 1234 4143; x_wconf 74' lang='grc' dir='ltr'>ἀλήθειαν.</span> <span class='ocrx_word' id='word_1_546' title='bbox 1286 4071 1556 4149; x_wconf 86' lang='grc' dir='ltr'>Πρότερον</span> <span class='ocrx_word' id='word_1_547' title='bbox 1598 4073 1700 4148; x_wconf 80' lang='grc' dir='ltr'>γὰρ</span> <span class='ocrx_word' id='word_1_548' title='bbox 1753 4069 1835 4126; x_wconf 85' lang='grc' dir='ltr'>δεῖ</span> <span class='ocrx_word' id='word_1_549' title='bbox 1861 4071 2012 4146; x_wconf 82' lang='grc' dir='ltr'>ἁπλῇ</span> 
     </span>
    </p>
   </div>
   <div class='ocr_carea' id='block_1_75' title="bbox 360 4161 2014 4238">
    <p class='ocr_par' dir='ltr' id='par_1_75' title="bbox 360 4161 2014 4238">
     <span class='ocr_line' id='line_1_76' title="bbox 360 4161 2014 4238; baseline -0.002 -18"><span class='ocrx_word' id='word_1_550' title='bbox 360 4163 632 4220; x_wconf 71' lang='grc' dir='ltr'>πιστεύειν</span> <span class='ocrx_word' id='word_1_551' title='bbox 681 4163 859 4218; x_wconf 78' lang='grc' dir='ltr'>πίστει</span> <span class='ocrx_word' id='word_1_552' title='bbox 907 4167 1028 4226; x_wconf 88' lang='grc' dir='ltr'>ταῖς</span> <span class='ocrx_word' id='word_1_553' title='bbox 1076 4167 1346 4238; x_wconf 72' lang='grc' dir='ltr'>Γραφαῖς,</span> <span class='ocrx_word' id='word_1_554' title='bbox 1393 4161 1474 4217; x_wconf 79' lang='grc' dir='ltr'>ὅτι</span> <span class='ocrx_word' id='word_1_555' title='bbox 1528 4163 1874 4226; x_wconf 85' lang='grc' dir='ltr'>θεόπνευστοι</span> <span class='ocrx_word' id='word_1_556' title='bbox 1923 4163 2014 4217; x_wconf 86' lang='grc' dir='ltr'>καὶ</span> 
     </span>
    </p>
   </div>
   <div class='ocr_carea' id='block_1_76' title="bbox 363 4247 2016 4332">
    <p class='ocr_par' dir='ltr' id='par_1_76' title="bbox 363 4247 2016 4332">
     <span class='ocr_line' id='line_1_77' title="bbox 363 4247 2016 4332; baseline -0.001 -22"><span class='ocrx_word' id='word_1_557' title='bbox 363 4253 662 4332; x_wconf 72' lang='grc' dir='ltr'>ὡφελιμοι·</span> <span class='ocrx_word' id='word_1_558' title='bbox 697 4247 885 4307; x_wconf 78' lang='grc' dir='ltr'>ἔπειτα</span> <span class='ocrx_word' id='word_1_559' title='bbox 917 4251 1128 4314; x_wconf 82' lang='grc' dir='ltr'>λεπτῶς</span> <span class='ocrx_word' id='word_1_560' title='bbox 1158 4254 1244 4308; x_wconf 82' lang='grc' dir='ltr'>καὶ</span> <span class='ocrx_word' id='word_1_561' title='bbox 1280 4253 1629 4323; x_wconf 79' lang='grc' dir='ltr'>ἐξεταστικῶς</span> <span class='ocrx_word' id='word_1_562' title='bbox 1679 4253 1770 4308; x_wconf 87' lang='grc' dir='ltr'>τὸν</span> <span class='ocrx_word' id='word_1_563' title='bbox 1817 4252 2016 4308; x_wconf 68' lang='grc' dir='ltr'>ἐναπο-</span> 
     </span>
    </p>
   </div>
   <div class='ocr_carea' id='block_1_77' title="bbox 360 4339 1415 4417">
    <p class='ocr_par' dir='ltr' id='par_1_77' title="bbox 360 4339 1415 4417">
     <span class='ocr_line' id='line_1_78' title="bbox 360 4339 1415 4417; baseline -0.003 -18"><span class='ocrx_word' id='word_1_564' title='bbox 360 4343 613 4417; x_wconf 83' lang='grc' dir='ltr'>κείμενον</span> <span class='ocrx_word' id='word_1_565' title='bbox 647 4342 835 4405; x_wconf 82' lang='grc' dir='ltr'>αὐταῖς</span> <span class='ocrx_word' id='word_1_566' title='bbox 866 4345 992 4397; x_wconf 91' lang='grc' dir='ltr'>νοῦν</span> <span class='ocrx_word' id='word_1_567' title='bbox 1025 4339 1415 4417; x_wconf 84' lang='grc' dir='ltr'>διερευνᾶσθαι.</span> 
     </span>
    </p>
   </div>
   <div class='ocr_carea' id='block_1_78' title="bbox 440 4519 2018 4597">
    <p class='ocr_par' dir='ltr' id='par_1_78' title="bbox 440 4519 2018 4597">
     <span class='ocr_line' id='line_1_79' title="bbox 440 4519 2018 4597; baseline -0.001 -21"><span class='ocrx_word' id='word_1_568' title='bbox 440 4524 565 4579; x_wconf 85' lang='grc'>198.</span> <span class='ocrx_word' id='word_1_569' title='bbox 631 4523 729 4576; x_wconf 79' lang='grc' dir='ltr'>Καὶ</span> <span class='ocrx_word' id='word_1_570' title='bbox 783 4521 1076 4594; x_wconf 71' lang='grc' dir='ltr'>προσεθετο</span> <span class='ocrx_word' id='word_1_571' title='bbox 1133 4519 1332 4596; x_wconf 83' lang='grc' dir='ltr'>Κύριος</span> <span class='ocrx_word' id='word_1_572' title='bbox 1390 4519 1631 4591; x_wconf 84' lang='grc' dir='ltr'>λαλῆσαι</span> <span class='ocrx_word' id='word_1_573' title='bbox 1687 4525 1766 4594; x_wconf 76' lang='grc' dir='ltr'>τῷ</span> <span class='ocrx_word' id='word_1_574' title='bbox 1825 4521 2018 4597; x_wconf 81' lang='grc' dir='ltr'>Ἀχὰζ,</span> 
     </span>
    </p>
   </div>
   <div class='ocr_carea' id='block_1_79' title="bbox 2115 3359 3758 3432">
    <p class='ocr_par' dir='ltr' id='par_1_79' title="bbox 2115 3359 3758 3432">
     <span class='ocr_line' id='line_1_80' title="bbox 2115 3359 3758 3432; baseline 0.004 -17"><span class='ocrx_word' id='word_1_575' title='bbox 2115 3359 2442 3431; x_wconf 87' lang='lat' dir='ltr'>Scriptura,</span> <span class='ocrx_word' id='word_1_576' title='bbox 2476 3360 2617 3414; x_wconf 89' lang='lat' dir='ltr'>adeo</span> <span class='ocrx_word' id='word_1_577' title='bbox 2650 3363 2716 3414; x_wconf 88' lang='lat' dir='ltr'>ut</span> <span class='ocrx_word' id='word_1_578' title='bbox 2745 3359 2868 3414; x_wconf 83' lang='lat' dir='ltr'>ﬁeri</span> <span class='ocrx_word' id='word_1_579' title='bbox 2895 3377 3010 3415; x_wconf 90' lang='lat' dir='ltr'>non</span> <span class='ocrx_word' id='word_1_580' title='bbox 3035 3366 3232 3432; x_wconf 84' lang='lat' dir='ltr'>queat,</span> <span class='ocrx_word' id='word_1_581' title='bbox 3277 3366 3342 3417; x_wconf 91' lang='lat' dir='ltr'>ut</span> <span class='ocrx_word' id='word_1_582' title='bbox 3373 3363 3581 3420; x_wconf 87' lang='lat' dir='ltr'>talium</span> <span class='ocrx_word' id='word_1_583' title='bbox 3615 3381 3758 3420; x_wconf 91' lang='lat' dir='ltr'>con-</span> 
     </span>
    </p>
   </div>
   <div class='ocr_carea' id='block_1_80' title="bbox 2118 3449 3769 3522">
    <p class='ocr_par' dir='ltr' id='par_1_80' title="bbox 2118 3449 3769 3522">
     <span class='ocr_line' id='line_1_81' title="bbox 2118 3449 3769 3522; baseline 0.003 -17"><span class='ocrx_word' id='word_1_584' title='bbox 2118 3449 2502 3522; x_wconf 89' lang='lat' dir='ltr'>spirationem</span> <span class='ocrx_word' id='word_1_585' title='bbox 2533 3449 2822 3504; x_wconf 82' lang='lat' dir='ltr'>faciamus</span> <span class='ocrx_word' id='word_1_586' title='bbox 2853 3449 3105 3517; x_wconf 87' lang='lat' dir='ltr'>irritam,</span> <span class='ocrx_word' id='word_1_587' title='bbox 3138 3454 3240 3505; x_wconf 86' lang='lat' dir='ltr'>aut</span> <span class='ocrx_word' id='word_1_588' title='bbox 3273 3450 3388 3507; x_wconf 87' lang='lat' dir='ltr'>vim</span> <span class='ocrx_word' id='word_1_589' title='bbox 3416 3451 3600 3508; x_wconf 87' lang='lat' dir='ltr'>ullam</span> <span class='ocrx_word' id='word_1_590' title='bbox 3660 3453 3769 3510; x_wconf 84' lang='lat' dir='ltr'>ha-</span> 
     </span>
    </p>
   </div>
   <div class='ocr_carea' id='block_1_81' title="bbox 2119 3539 3771 3611">
    <p class='ocr_par' dir='ltr' id='par_1_81' title="bbox 2119 3539 3771 3611">
     <span class='ocr_line' id='line_1_82' title="bbox 2119 3539 3771 3611; baseline 0.003 -15"><span class='ocrx_word' id='word_1_591' title='bbox 2119 3541 2366 3596; x_wconf 85' lang='lat' dir='ltr'>beamus</span> <span class='ocrx_word' id='word_1_592' title='bbox 2398 3540 2470 3594; x_wconf 90' lang='lat' dir='ltr'>ad</span> <span class='ocrx_word' id='word_1_593' title='bbox 2501 3539 2752 3595; x_wconf 87' lang='lat' dir='ltr'>tuendos</span> <span class='ocrx_word' id='word_1_594' title='bbox 2793 3554 2910 3605; x_wconf 89' lang='lat' dir='ltr'>eos,</span> <span class='ocrx_word' id='word_1_595' title='bbox 2956 3539 3174 3611; x_wconf 90' lang='lat' dir='ltr'>quibus</span> <span class='ocrx_word' id='word_1_596' title='bbox 3236 3541 3484 3599; x_wconf 86' lang='lat' dir='ltr'>insidias</span> <span class='ocrx_word' id='word_1_597' title='bbox 3542 3548 3771 3601; x_wconf 85' lang='lat' dir='ltr'>struere</span> 
     </span>
    </p>
   </div>
   <div class='ocr_carea' id='block_1_82' title="bbox 2121 3628 3768 3705">
    <p class='ocr_par' dir='ltr' id='par_1_82' title="bbox 2121 3628 3768 3705">
     <span class='ocr_line' id='line_1_83' title="bbox 2121 3628 3768 3705; baseline 0.003 -19"><span class='ocrx_word' id='word_1_598' title='bbox 2121 3634 2433 3686; x_wconf 86' lang='lat' dir='ltr'>conantur.</span> <span class='ocrx_word' id='word_1_599' title='bbox 2502 3630 2567 3683; x_wconf 83' lang='lat' dir='ltr'>Et</span> <span class='ocrx_word' id='word_1_600' title='bbox 2622 3629 2738 3684; x_wconf 74' lang='lat' dir='ltr'>nisi</span> <span class='ocrx_word' id='word_1_601' title='bbox 2806 3628 3180 3698; x_wconf 75' lang='lat' dir='ltr'>credideritis,</span> <span class='ocrx_word' id='word_1_602' title='bbox 3239 3648 3356 3686; x_wconf 83' lang='lat' dir='ltr'>non</span> <span class='ocrx_word' id='word_1_603' title='bbox 3420 3633 3768 3705; x_wconf 67' lang='lat' dir='ltr'>intelligetis.</span> 
     </span>
    </p>
   </div>
   <div class='ocr_carea' id='block_1_83' title="bbox 2120 3717 3768 3791">
    <p class='ocr_par' dir='ltr' id='par_1_83' title="bbox 2120 3717 3768 3791">
     <span class='ocr_line' id='line_1_84' title="bbox 2120 3717 3768 3791; baseline 0.002 -15"><span class='ocrx_word' id='word_1_604' title='bbox 2120 3723 2361 3791; x_wconf 84' lang='lat' dir='ltr'>Oportet</span> <span class='ocrx_word' id='word_1_605' title='bbox 2391 3718 2587 3789; x_wconf 89' lang='lat' dir='ltr'>utique</span> <span class='ocrx_word' id='word_1_606' title='bbox 2617 3717 2939 3790; x_wconf 87' lang='lat' dir='ltr'>Scripturis</span> <span class='ocrx_word' id='word_1_607' title='bbox 2972 3723 3169 3790; x_wconf 87' lang='lat' dir='ltr'>utpote</span> <span class='ocrx_word' id='word_1_608' title='bbox 3200 3720 3465 3776; x_wconf 88' lang='lat' dir='ltr'>divinum</span> <span class='ocrx_word' id='word_1_609' title='bbox 3527 3740 3768 3780; x_wconf 86' lang='lat' dir='ltr'>sensum</span> 
     </span>
    </p>
   </div>
   <div class='ocr_carea' id='block_1_84' title="bbox 2122 3807 3772 3886">
    <p class='ocr_par' dir='ltr' id='par_1_84' title="bbox 2122 3807 3772 3886">
     <span class='ocr_line' id='line_1_85' title="bbox 2122 3807 3772 3886; baseline 0.002 -20"><span class='ocrx_word' id='word_1_610' title='bbox 2122 3807 2646 3880; x_wconf 89' lang='lat' dir='ltr'>complectentibus</span> <span class='ocrx_word' id='word_1_611' title='bbox 2679 3808 2854 3863; x_wconf 80' lang='lat' dir='ltr'>fidem</span> <span class='ocrx_word' id='word_1_612' title='bbox 2882 3809 3275 3876; x_wconf 89' lang='lat' dir='ltr'>commodare,</span> <span class='ocrx_word' id='word_1_613' title='bbox 3309 3813 3483 3883; x_wconf 89' lang='lat' dir='ltr'>atque</span> <span class='ocrx_word' id='word_1_614' title='bbox 3506 3811 3614 3868; x_wconf 88' lang='lat' dir='ltr'>hoc</span> <span class='ocrx_word' id='word_1_615' title='bbox 3675 3830 3772 3886; x_wconf 85' lang='lat' dir='ltr'>pa-</span> 
     </span>
    </p>
   </div>
   <div class='ocr_carea' id='block_1_85' title="bbox 2121 3899 3772 3975">
    <p class='ocr_par' dir='ltr' id='par_1_85' title="bbox 2121 3899 3772 3975">
     <span class='ocr_line' id='line_1_86' title="bbox 2121 3899 3772 3975; baseline 0.002 -21"><span class='ocrx_word' id='word_1_616' title='bbox 2121 3903 2213 3954; x_wconf 90' lang='lat' dir='ltr'>cto</span> <span class='ocrx_word' id='word_1_617' title='bbox 2247 3899 2316 3953; x_wconf 89' lang='lat' dir='ltr'>ad</span> <span class='ocrx_word' id='word_1_618' title='bbox 2350 3913 2554 3953; x_wconf 89' lang='lat' dir='ltr'>eorum</span> <span class='ocrx_word' id='word_1_619' title='bbox 2587 3913 2713 3969; x_wconf 78' lang='lat' dir='ltr'>quae</span> <span class='ocrx_word' id='word_1_620' title='bbox 2745 3899 2964 3970; x_wconf 89' lang='lat' dir='ltr'>scripta</span> <span class='ocrx_word' id='word_1_621' title='bbox 2986 3903 3124 3954; x_wconf 89' lang='lat' dir='ltr'>sunt</span> <span class='ocrx_word' id='word_1_622' title='bbox 3140 3899 3587 3972; x_wconf 78' lang='lat' dir='ltr'>intelligentiam</span> <span class='ocrx_word' id='word_1_623' title='bbox 3638 3919 3772 3975; x_wconf 89' lang='lat' dir='ltr'>pro-</span> 
     </span>
    </p>
   </div>
   <div class='ocr_carea' id='block_1_86' title="bbox 2123 3987 3769 4063">
    <p class='ocr_par' dir='ltr' id='par_1_86' title="bbox 2123 3987 3769 4063">
     <span class='ocr_line' id='line_1_87' title="bbox 2123 3987 3769 4063; baseline 0.004 -21"><span class='ocrx_word' id='word_1_624' title='bbox 2123 3987 2307 4059; x_wconf 87' lang='lat' dir='ltr'>gredi.</span> <span class='ocrx_word' id='word_1_625' title='bbox 2343 3987 2584 4058; x_wconf 89' lang='lat' dir='ltr'>Oportet</span> <span class='ocrx_word' id='word_1_626' title='bbox 2613 3987 2771 4042; x_wconf 91' lang='lat' dir='ltr'>enim</span> <span class='ocrx_word' id='word_1_627' title='bbox 2805 3991 2869 4042; x_wconf 91' lang='lat' dir='ltr'>ut</span> <span class='ocrx_word' id='word_1_628' title='bbox 2926 3989 3470 4060; x_wconf 65' lang='lat' dir='ltr'>pratergredientes</span> <span class='ocrx_word' id='word_1_629' title='bbox 3524 3992 3769 4063; x_wconf 85' lang='lat' dir='ltr'>ﬁguras,</span> 
     </span>
    </p>
   </div>
   <div class='ocr_carea' id='block_1_87' title="bbox 2123 4076 3774 4148">
    <p class='ocr_par' dir='ltr' id='par_1_87' title="bbox 2123 4076 3774 4148">
     <span class='ocr_line' id='line_1_88' title="bbox 2123 4076 3774 4148; baseline 0.003 -16"><span class='ocrx_word' id='word_1_630' title='bbox 2123 4080 2250 4132; x_wconf 87' lang='lat' dir='ltr'>tum</span> <span class='ocrx_word' id='word_1_631' title='bbox 2273 4077 2509 4131; x_wconf 87' lang='lat' dir='ltr'>demum</span> <span class='ocrx_word' id='word_1_632' title='bbox 2542 4092 2738 4131; x_wconf 88' lang='lat' dir='ltr'>rerum</span> <span class='ocrx_word' id='word_1_633' title='bbox 2772 4076 2943 4132; x_wconf 88' lang='lat' dir='ltr'>nobis</span> <span class='ocrx_word' id='word_1_634' title='bbox 2993 4079 3414 4148; x_wconf 88' lang='lat' dir='ltr'>patefactarum</span> <span class='ocrx_word' id='word_1_635' title='bbox 3471 4081 3774 4137; x_wconf 86' lang='lat' dir='ltr'>veritatem</span> 
     </span>
    </p>
   </div>
   <div class='ocr_carea' id='block_1_88' title="bbox 2127 4165 3775 4242">
    <p class='ocr_par' dir='ltr' id='par_1_88' title="bbox 2127 4165 3775 4242">
     <span class='ocr_line' id='line_1_89' title="bbox 2127 4165 3775 4242; baseline 0.002 -21"><span class='ocrx_word' id='word_1_636' title='bbox 2127 4181 2536 4235; x_wconf 85' lang='lat' dir='ltr'>assequamur.</span> <span class='ocrx_word' id='word_1_637' title='bbox 2574 4165 2741 4220; x_wconf 84' lang='lat' dir='ltr'>Prius</span> <span class='ocrx_word' id='word_1_638' title='bbox 2772 4182 3025 4236; x_wconf 88' lang='lat' dir='ltr'>namque</span> <span class='ocrx_word' id='word_1_639' title='bbox 3053 4166 3197 4222; x_wconf 81' lang='lat' dir='ltr'>ﬁdes</span> <span class='ocrx_word' id='word_1_640' title='bbox 3230 4167 3480 4239; x_wconf 84' lang='lat' dir='ltr'>simplex</span> <span class='ocrx_word' id='word_1_641' title='bbox 3509 4169 3775 4242; x_wconf 89' lang='lat' dir='ltr'>Scriptu-</span> 
     </span>
    </p>
   </div>
   <div class='ocr_carea' id='block_1_89' title="bbox 2128 4253 3780 4328">
    <p class='ocr_par' dir='ltr' id='par_1_89' title="bbox 2128 4253 3780 4328">
     <span class='ocr_line' id='line_1_90' title="bbox 2128 4253 3780 4328; baseline 0.003 -19"><span class='ocrx_word' id='word_1_642' title='bbox 2128 4255 2209 4309; x_wconf 89' lang='lat' dir='ltr'>ris</span> <span class='ocrx_word' id='word_1_643' title='bbox 2238 4258 2327 4308; x_wconf 90' lang='lat' dir='ltr'>est</span> <span class='ocrx_word' id='word_1_644' title='bbox 2359 4253 2718 4319; x_wconf 84' lang='lat' dir='ltr'>adhibenda,</span> <span class='ocrx_word' id='word_1_645' title='bbox 2761 4270 2894 4308; x_wconf 89' lang='lat' dir='ltr'>cum</span> <span class='ocrx_word' id='word_1_646' title='bbox 2918 4254 3038 4308; x_wconf 90' lang='lat' dir='ltr'>sint</span> <span class='ocrx_word' id='word_1_647' title='bbox 3068 4254 3349 4310; x_wconf 88' lang='lat' dir='ltr'>divinitus</span> <span class='ocrx_word' id='word_1_648' title='bbox 3382 4255 3678 4328; x_wconf 54' lang='lat' dir='ltr'>inspirata</span> <span class='ocrx_word' id='word_1_649' title='bbox 3712 4275 3780 4314; x_wconf 88' lang='lat' dir='ltr'>ac</span> 
     </span>
    </p>
   </div>
   <div class='ocr_carea' id='block_1_90' title="bbox 2129 4341 3779 4414">
    <p class='ocr_par' dir='ltr' id='par_1_90' title="bbox 2129 4341 3779 4414">
     <span class='ocr_line' id='line_1_91' title="bbox 2129 4341 3779 4414; baseline 0.002 -16"><span class='ocrx_word' id='word_1_650' title='bbox 2129 4341 2304 4398; x_wconf 84' lang='lat' dir='ltr'>utiles</span> <span class='ocrx_word' id='word_1_651' title='bbox 2333 4344 2416 4396; x_wconf 68' lang='lat'>53:</span> <span class='ocrx_word' id='word_1_652' title='bbox 2451 4343 2660 4398; x_wconf 89' lang='lat' dir='ltr'>deinde</span> <span class='ocrx_word' id='word_1_653' title='bbox 2692 4359 2904 4398; x_wconf 88' lang='lat' dir='ltr'>sensus</span> <span class='ocrx_word' id='word_1_654' title='bbox 2944 4343 3004 4398; x_wconf 89' lang='lat' dir='ltr'>in</span> <span class='ocrx_word' id='word_1_655' title='bbox 3038 4344 3182 4414; x_wconf 88' lang='lat' dir='ltr'>ipsis</span> <span class='ocrx_word' id='word_1_656' title='bbox 3213 4344 3561 4402; x_wconf 86' lang='lat' dir='ltr'>delitescens</span> <span class='ocrx_word' id='word_1_657' title='bbox 3587 4347 3779 4404; x_wconf 88' lang='lat' dir='ltr'>subti-</span> 
     </span>
    </p>
   </div>
   <div class='ocr_carea' id='block_1_91' title="bbox 2128 4431 3293 4508">
    <p class='ocr_par' dir='ltr' id='par_1_91' title="bbox 2128 4431 3293 4508">
     <span class='ocr_line' id='line_1_92' title="bbox 2128 4431 3293 4508; baseline 0.003 -22"><span class='ocrx_word' id='word_1_658' title='bbox 2128 4431 2261 4488; x_wconf 80' lang='lat' dir='ltr'>liter</span> <span class='ocrx_word' id='word_1_659' title='bbox 2287 4437 2344 4487; x_wconf 91' lang='lat' dir='ltr'>et</span> <span class='ocrx_word' id='word_1_660' title='bbox 2373 4437 2642 4508; x_wconf 86' lang='lat' dir='ltr'>accurate</span> <span class='ocrx_word' id='word_1_661' title='bbox 2671 4437 2762 4488; x_wconf 86' lang='lat' dir='ltr'>est</span> <span class='ocrx_word' id='word_1_662' title='bbox 2791 4434 3293 4505; x_wconf 86' lang='lat' dir='ltr'>pervestigandus.</span> 
     </span>
    </p>
   </div>
   <div class='ocr_carea' id='block_1_92' title="bbox 2207 4521 3785 4598">
    <p class='ocr_par' dir='ltr' id='par_1_92' title="bbox 2207 4521 3785 4598">
     <span class='ocr_line' id='line_1_93' title="bbox 2207 4521 3785 4598; baseline 0.004 -22"><span class='ocrx_word' id='word_1_663' title='bbox 2207 4522 2330 4576; x_wconf 82' lang='grc'>198.</span> <span class='ocrx_word' id='word_1_664' title='bbox 2367 4521 2535 4577; x_wconf 78' lang='lat' dir='ltr'>Vsus.</span> <span class='ocrx_word' id='word_1_665' title='bbox 2596 4522 2686 4586; x_wconf 73' lang='lat' dir='ltr'>lO,</span> <span class='ocrx_word' id='word_1_666' title='bbox 2732 4523 2818 4576; x_wconf 85' lang='grc'>11.</span> <span class='ocrx_word' id='word_1_667' title='bbox 2860 4523 2924 4577; x_wconf 82' lang='lat' dir='ltr'>Et</span> <span class='ocrx_word' id='word_1_668' title='bbox 2954 4523 3155 4594; x_wconf 77' lang='lat' dir='ltr'>adjecit</span> <span class='ocrx_word' id='word_1_669' title='bbox 3185 4525 3448 4580; x_wconf 80' lang='lat' dir='ltr'>Dominus</span> <span class='ocrx_word' id='word_1_670' title='bbox 3507 4526 3658 4598; x_wconf 80' lang='lat' dir='ltr'>loqui</span> <span class='ocrx_word' id='word_1_671' title='bbox 3712 4527 3785 4582; x_wconf 86' lang='lat' dir='ltr'>ad</span> 
     </span>
    </p>
   </div>
   <div class='ocr_carea' id='block_1_93' title="bbox 367 4608 2009 4687">
    <p class='ocr_par' dir='ltr' id='par_1_93' title="bbox 367 4608 2009 4687">
     <span class='ocr_line' id='line_1_94' title="bbox 367 4608 2009 4687; baseline -0.002 -19"><span class='ocrx_word' id='word_1_672' title='bbox 367 4610 563 4686; x_wconf 83' lang='grc' dir='ltr'>λέγων·</span> <span class='ocrx_word' id='word_1_673' title='bbox 625 4608 864 4681; x_wconf 60' lang='grc' dir='ltr'>Αἷίτησαι</span> <span class='ocrx_word' id='word_1_674' title='bbox 935 4615 1144 4682; x_wconf 87' lang='grc' dir='ltr'>σεαυτῷ</span> <span class='ocrx_word' id='word_1_675' title='bbox 1203 4614 1430 4682; x_wconf 86' lang='grc' dir='ltr'>σημεῖον</span> <span class='ocrx_word' id='word_1_676' title='bbox 1489 4611 1634 4686; x_wconf 80' lang='grc' dir='ltr'>παρὰ</span> <span class='ocrx_word' id='word_1_677' title='bbox 1693 4612 1894 4687; x_wconf 80' lang='grc' dir='ltr'>Κυρίου</span> <span class='ocrx_word' id='word_1_678' title='bbox 1951 4611 2009 4666; x_wconf 65' lang='lat' dir='ltr'>si:</span> 
     </span>
    </p>
   </div>
   <div class='ocr_carea' id='block_1_94' title="bbox 2125 4608 3785 4687">
    <p class='ocr_par' dir='ltr' id='par_1_94' title="bbox 2141 4609 3785 4686">
     <span class='ocr_line' id='line_1_95' title="bbox 2141 4609 3785 4686; baseline 0.004 -21"><span class='ocrx_word' id='word_1_679' title='bbox 2141 4614 2172 4665; x_wconf 83' lang='lat' dir='ltr'><em>A</em></span> <span class='ocrx_word' id='word_1_680' title='bbox 2183 4609 2809 4679; x_wconf 68' lang='lat' dir='ltr'>chax,dicens:Petetibi</span> <span class='ocrx_word' id='word_1_681' title='bbox 2834 4613 3054 4683; x_wconf 85' lang='lat' dir='ltr'>signum</span> <span class='ocrx_word' id='word_1_682' title='bbox 3074 4629 3109 4666; x_wconf 85' lang='grc' dir='ltr'>α</span> <span class='ocrx_word' id='word_1_683' title='bbox 3124 4615 3359 4669; x_wconf 83' lang='lat' dir='ltr'>Domino</span> <span class='ocrx_word' id='word_1_684' title='bbox 3373 4616 3432 4669; x_wconf 90' lang='lat' dir='ltr'>in</span> <span class='ocrx_word' id='word_1_685' title='bbox 3447 4616 3785 4686; x_wconf 81' lang='lat' dir='ltr'>profundum</span> 
     </span>
    </p>
   </div>
   <div class='ocr_carea' id='block_1_95' title="bbox 373 4697 2019 4775">
    <p class='ocr_par' dir='ltr' id='par_1_95' title="bbox 373 4697 2019 4775">
     <span class='ocr_line' id='line_1_96' title="bbox 373 4697 2019 4775; baseline 0 -21"><span class='ocrx_word' id='word_1_686' title='bbox 373 4700 537 4775; x_wconf 84' lang='grc' dir='ltr'>βάθος</span> <span class='ocrx_word' id='word_1_687' title='bbox 593 4698 628 4768; x_wconf 72' lang='grc' dir='ltr'><strong>ἢ</strong></span> <span class='ocrx_word' id='word_1_688' title='bbox 685 4697 762 4762; x_wconf 71' lang='grc' dir='ltr'>εἷς</span> <span class='ocrx_word' id='word_1_689' title='bbox 809 4698 984 4772; x_wconf 77' lang='grc' dir='ltr'>ὕψος.</span> <span class='ocrx_word' id='word_1_690' title='bbox 1062 4699 1152 4755; x_wconf 89' lang='grc' dir='ltr'>Ἑν</span> <span class='ocrx_word' id='word_1_691' title='bbox 1215 4699 1309 4771; x_wconf 77' lang='grc' dir='ltr'>μὶν</span> <span class='ocrx_word' id='word_1_692' title='bbox 1361 4703 1476 4760; x_wconf 84' lang='grc' dir='ltr'>τοῖς</span> <span class='ocrx_word' id='word_1_693' title='bbox 1534 4698 1761 4754; x_wconf 86' lang='grc' dir='ltr'>κατόπιν</span> <span class='ocrx_word' id='word_1_694' title='bbox 1814 4697 1903 4755; x_wconf 80' lang='grc' dir='ltr'>διὰ</span> <span class='ocrx_word' id='word_1_695' title='bbox 1956 4701 2019 4754; x_wconf 88' lang='grc' dir='ltr'>τὸ</span> 
     </span>
    </p>
   </div>
   <div class='ocr_carea' id='block_1_96' title="bbox 368 4782 2024 4862">
    <p class='ocr_par' dir='ltr' id='par_1_96' title="bbox 368 4782 2024 4862">
     <span class='ocr_line' id='line_1_97' title="bbox 368 4782 2024 4862; baseline -0.001 -19"><span class='ocrx_word' id='word_1_696' title='bbox 368 4785 598 4844; x_wconf 76' lang='grc' dir='ltr'>Ἡσαΐου</span> <span class='ocrx_word' id='word_1_697' title='bbox 659 4782 988 4855; x_wconf 83' lang='grc' dir='ltr'>διδάσκεται,</span> <span class='ocrx_word' id='word_1_698' title='bbox 1041 4782 1074 4839; x_wconf 75' lang='grc' dir='ltr'>ἃ</span> <span class='ocrx_word' id='word_1_699' title='bbox 1130 4786 1242 4861; x_wconf 84' lang='grc' dir='ltr'>χρή</span> <span class='ocrx_word' id='word_1_700' title='bbox 1300 4787 1533 4841; x_wconf 87' lang='grc' dir='ltr'>ποιεῖνὸ</span> <span class='ocrx_word' id='word_1_701' title='bbox 1566 4787 1761 4862; x_wconf 81' lang='grc' dir='ltr'>Ἀχάζ,</span> <span class='ocrx_word' id='word_1_702' title='bbox 1813 4787 2024 4862; x_wconf 77' lang='grc' dir='ltr'>φυλάσ-</span> 
     </span>
    </p>
   </div>
   <div class='ocr_carea' id='block_1_97' title="bbox 370 4873 2024 4949">
    <p class='ocr_par' dir='ltr' id='par_1_97' title="bbox 370 4873 2024 4949">
     <span class='ocr_line' id='line_1_98' title="bbox 370 4873 2024 4949; baseline 0 -18"><span class='ocrx_word' id='word_1_703' title='bbox 370 4888 554 4940; x_wconf 89' lang='grc' dir='ltr'>σεσθαι</span> <span class='ocrx_word' id='word_1_704' title='bbox 609 4880 706 4930; x_wconf 88' lang='grc' dir='ltr'>τοῦ</span> <span class='ocrx_word' id='word_1_705' title='bbox 754 4875 1072 4949; x_wconf 79' lang='grc' dir='ltr'>ἡσυχάζειν,</span> <span class='ocrx_word' id='word_1_706' title='bbox 1128 4875 1218 4930; x_wconf 85' lang='grc' dir='ltr'>καὶ</span> <span class='ocrx_word' id='word_1_707' title='bbox 1277 4876 1354 4948; x_wconf 76' lang='grc' dir='ltr'>μὴ</span> <span class='ocrx_word' id='word_1_708' title='bbox 1413 4873 1619 4946; x_wconf 81' lang='grc' dir='ltr'>δειλιᾷν</span> <span class='ocrx_word' id='word_1_709' title='bbox 1651 4876 1756 4930; x_wconf 87' lang='grc' dir='ltr'>ἀπὸ</span> <span class='ocrx_word' id='word_1_710' title='bbox 1785 4882 1892 4932; x_wconf 81' lang='grc' dir='ltr'>τῶν</span> <span class='ocrx_word' id='word_1_711' title='bbox 1929 4875 2024 4931; x_wconf 87' lang='grc' dir='ltr'>δύο</span> 
     </span>
    </p>
   </div>
   <div class='ocr_carea' id='block_1_98' title="bbox 373 4961 2027 5034">
    <p class='ocr_par' dir='ltr' id='par_1_98' title="bbox 373 4961 2027 5034">
     <span class='ocr_line' id='line_1_99' title="bbox 373 4961 2027 5034; baseline -0.001 -16"><span class='ocrx_word' id='word_1_712' title='bbox 373 4961 551 5019; x_wconf 80' lang='grc' dir='ltr'>δαλῶν</span> <span class='ocrx_word' id='word_1_713' title='bbox 609 4967 718 5018; x_wconf 83' lang='grc' dir='ltr'>τῶν</span> <span class='ocrx_word' id='word_1_714' title='bbox 773 4964 1210 5034; x_wconf 78' lang='grc' dir='ltr'>καπνιζομένων.</span> <span class='ocrx_word' id='word_1_715' title='bbox 1259 4971 1389 5018; x_wconf 82' lang='grc' dir='ltr'>Νυνί</span> <span class='ocrx_word' id='word_1_716' title='bbox 1441 4961 1516 5031; x_wconf 74' lang='grc' dir='ltr'>δὲ,</span> <span class='ocrx_word' id='word_1_717' title='bbox 1564 4965 1639 5026; x_wconf 84' lang='grc' dir='ltr'>ὡς</span> <span class='ocrx_word' id='word_1_718' title='bbox 1681 4967 1779 5034; x_wconf 70' lang='grc' dir='ltr'>τὴν</span> <span class='ocrx_word' id='word_1_719' title='bbox 1813 4962 1904 5019; x_wconf 78' lang='grc' dir='ltr'>διὰ</span> <span class='ocrx_word' id='word_1_720' title='bbox 1929 4968 2027 5018; x_wconf 90' lang='grc' dir='ltr'>τοῦ</span> 
     </span>
    </p>
   </div>
   <div class='ocr_carea' id='block_1_99' title="bbox 374 5049 2026 5132">
    <p class='ocr_par' dir='ltr' id='par_1_99' title="bbox 374 5049 2026 5132">
     <span class='ocr_line' id='line_1_100' title="bbox 374 5049 2026 5132; baseline 0 -24"><span class='ocrx_word' id='word_1_721' title='bbox 374 5055 665 5132; x_wconf 76' lang='grc' dir='ltr'>προφήτου</span> <span class='ocrx_word' id='word_1_722' title='bbox 709 5049 1064 5108; x_wconf 83' lang='grc' dir='ltr'>διδασκαλίαν</span> <span class='ocrx_word' id='word_1_723' title='bbox 1115 5051 1376 5116; x_wconf 80' lang='grc' dir='ltr'>εὐπειθως</span> <span class='ocrx_word' id='word_1_724' title='bbox 1411 5051 1834 5127; x_wconf 78' lang='grc' dir='ltr'>ὑποδεξάμενος,</span> <span class='ocrx_word' id='word_1_725' title='bbox 1865 5052 2026 5117; x_wconf 76' lang='grc' dir='ltr'>αὐτὸς</span> 
     </span>
    </p>
   </div>
   <div class='ocr_carea' id='block_1_100' title="bbox 449 5226 1994 5299">
    <p class='ocr_par' dir='ltr' id='par_1_100' title="bbox 449 5226 1994 5299">
     <span class='ocr_line' id='line_1_101' title="bbox 449 5226 1994 5299; baseline 0.001 -16"><span class='ocrx_word' id='word_1_726' title='bbox 449 5229 495 5264; x_wconf 76' lang='grc'>⁸³</span> <span class='ocrx_word' id='word_1_727' title='bbox 526 5227 602 5283; x_wconf 85' lang='grc' dir='ltr'>ΙΙΙ</span> <span class='ocrx_word' id='word_1_728' title='bbox 645 5226 786 5299; x_wconf 83' lang='lat' dir='ltr'>Reg.</span> <span class='ocrx_word' id='word_1_729' title='bbox 827 5243 906 5296; x_wconf 75' lang='grc' dir='ltr'>χι,</span> <span class='ocrx_word' id='word_1_730' title='bbox 949 5227 1056 5294; x_wconf 86' lang='lat'>26;</span> <span class='ocrx_word' id='word_1_731' title='bbox 1100 5243 1204 5294; x_wconf 72' lang='grc' dir='ltr'>χιι,</span> <span class='ocrx_word' id='word_1_732' title='bbox 1243 5227 1333 5281; x_wconf 86' lang='grc'>20.</span> <span class='ocrx_word' id='word_1_733' title='bbox 1411 5227 1457 5262; x_wconf 75' lang='grc'>⁸³</span> <span class='ocrx_word' id='word_1_734' title='bbox 1498 5227 1549 5284; x_wconf 87' lang='grc' dir='ltr'><strong>ΙΙ</strong></span> <span class='ocrx_word' id='word_1_735' title='bbox 1589 5227 1741 5284; x_wconf 90' lang='lat' dir='ltr'>Tim.</span> <span class='ocrx_word' id='word_1_736' title='bbox 1779 5245 1865 5295; x_wconf 79' lang='grc' dir='ltr'>ιιι,</span> <span class='ocrx_word' id='word_1_737' title='bbox 1905 5228 1994 5284; x_wconf 78' lang='lat' dir='ltr'>l6.</span> 
     </span>
    </p>
   </div>
   <div class='ocr_carea' id='block_1_101' title="bbox 446 5395 2040 5472">
    <p class='ocr_par' dir='ltr' id='par_1_101' title="bbox 446 5395 2040 5472">
     <span class='ocr_line' id='line_1_102' title="bbox 446 5395 2040 5472; baseline 0.001 -18"><span class='ocrx_word' id='word_1_738' title='bbox 446 5401 578 5472; x_wconf 69' lang='lat'>(76)_</span> <span class='ocrx_word' id='word_1_739' title='bbox 597 5397 837 5472; x_wconf 83' lang='lat' dir='ltr'>Antiqui</span> <span class='ocrx_word' id='word_1_740' title='bbox 864 5403 986 5454; x_wconf 89' lang='lat' dir='ltr'>tres</span> <span class='ocrx_word' id='word_1_741' title='bbox 1018 5397 1176 5472; x_wconf 86' lang='lat' dir='ltr'>libri.</span> <span class='ocrx_word' id='word_1_742' title='bbox 1206 5397 1394 5472; x_wconf 78' lang='grc' dir='ltr'>ὑγιοῦς</span> <span class='ocrx_word' id='word_1_743' title='bbox 1423 5395 1534 5454; x_wconf 82' lang='grc' dir='ltr'>καί.</span> <span class='ocrx_word' id='word_1_744' title='bbox 1603 5399 1815 5456; x_wconf 88' lang='lat' dir='ltr'>Statim</span> <span class='ocrx_word' id='word_1_745' title='bbox 1873 5401 2040 5470; x_wconf 87' lang='lat' dir='ltr'>editi,</span> 
     </span>
    </p>
   </div>
   <div class='ocr_carea' id='block_1_102' title="bbox 372 5467 1612 5543">
    <p class='ocr_par' dir='ltr' id='par_1_102' title="bbox 372 5467 1612 5543">
     <span class='ocr_line' id='line_1_103' title="bbox 372 5467 1612 5543; baseline -0.002 -15"><span class='ocrx_word' id='word_1_746' title='bbox 372 5471 465 5528; x_wconf 83' lang='grc' dir='ltr'>καὶ</span> <span class='ocrx_word' id='word_1_747' title='bbox 500 5467 768 5543; x_wconf 67' lang='grc' dir='ltr'>ἐκλείψειξ</span> <span class='ocrx_word' id='word_1_748' title='bbox 793 5471 966 5543; x_wconf 80' lang='lat' dir='ltr'>Deest</span> <span class='ocrx_word' id='word_1_749' title='bbox 993 5469 1083 5523; x_wconf 84' lang='grc' dir='ltr'>καί</span> <span class='ocrx_word' id='word_1_750' title='bbox 1117 5473 1172 5526; x_wconf 89' lang='lat' dir='ltr'>in</span> <span class='ocrx_word' id='word_1_751' title='bbox 1201 5467 1344 5526; x_wconf 49' lang='lat' dir='ltr'>m&#39;ss.</span> <span class='ocrx_word' id='word_1_752' title='bbox 1374 5473 1612 5527; x_wconf 83' lang='lat' dir='ltr'>nostris.</span> 
     </span>
    </p>
   </div>
   <div class='ocr_carea' id='block_1_103' title="bbox 453 5539 2043 5617">
    <p class='ocr_par' dir='ltr' id='par_1_103' title="bbox 453 5539 2043 5617">
     <span class='ocr_line' id='line_1_104' title="bbox 453 5539 2043 5617; baseline 0.001 -19"><span class='ocrx_word' id='word_1_753' title='bbox 453 5545 569 5617; x_wconf 83' lang='lat'>(77)</span> <span class='ocrx_word' id='word_1_754' title='bbox 591 5539 768 5612; x_wconf 56' lang='lat' dir='ltr'>Ed&#39;iti,</span> <span class='ocrx_word' id='word_1_755' title='bbox 791 5539 851 5596; x_wconf 70' lang='grc' dir='ltr'>ἐκ</span> <span class='ocrx_word' id='word_1_756' title='bbox 877 5548 1001 5611; x_wconf 86' lang='grc' dir='ltr'>τῆς.</span> <span class='ocrx_word' id='word_1_757' title='bbox 1027 5544 1200 5600; x_wconf 90' lang='lat' dir='ltr'>Deest</span> <span class='ocrx_word' id='word_1_758' title='bbox 1221 5548 1321 5611; x_wconf 83' lang='grc' dir='ltr'>τῆς</span> <span class='ocrx_word' id='word_1_759' title='bbox 1353 5544 1412 5599; x_wconf 89' lang='lat' dir='ltr'>in</span> <span class='ocrx_word' id='word_1_760' title='bbox 1447 5544 1664 5602; x_wconf 87' lang='lat' dir='ltr'>nostris</span> <span class='ocrx_word' id='word_1_761' title='bbox 1697 5561 1798 5600; x_wconf 88' lang='lat' dir='ltr'>sex</span> <span class='ocrx_word' id='word_1_762' title='bbox 1827 5544 2043 5600; x_wconf 87' lang='lat' dir='ltr'>codici-</span> 
     </span>
    </p>
   </div>
   <div class='ocr_carea' id='block_1_104' title="bbox 378 5617 519 5673">
    <p class='ocr_par' dir='ltr' id='par_1_104' title="bbox 378 5617 519 5673">
     <span class='ocr_line' id='line_1_105' title="bbox 378 5617 519 5673; baseline -0.014 -1"><span class='ocrx_word' id='word_1_763' title='bbox 378 5617 519 5673; x_wconf 89' lang='lat' dir='ltr'>bus.</span> 
     </span>
    </p>
   </div>
   <div class='ocr_carea' id='block_1_105' title="bbox 457 5684 2051 5764">
    <p class='ocr_par' dir='ltr' id='par_1_105' title="bbox 457 5684 2051 5764">
     <span class='ocr_line' id='line_1_106' title="bbox 457 5684 2051 5764; baseline 0.001 -20"><span class='ocrx_word' id='word_1_764' title='bbox 457 5689 574 5764; x_wconf 88' lang='lat'>(78)</span> <span class='ocrx_word' id='word_1_765' title='bbox 609 5685 852 5760; x_wconf 85' lang='lat' dir='ltr'>Antiqui</span> <span class='ocrx_word' id='word_1_766' title='bbox 875 5700 975 5743; x_wconf 83' lang='lat' dir='ltr'>sex</span> <span class='ocrx_word' id='word_1_767' title='bbox 1004 5684 1162 5756; x_wconf 86' lang='lat' dir='ltr'>libri,</span> <span class='ocrx_word' id='word_1_768' title='bbox 1222 5690 1402 5760; x_wconf 85' lang='grc' dir='ltr'>σχεῖν.</span> <span class='ocrx_word' id='word_1_769' title='bbox 1462 5688 1639 5758; x_wconf 82' lang='lat' dir='ltr'>Editi,</span> <span class='ocrx_word' id='word_1_770' title='bbox 1699 5684 1866 5764; x_wconf 75' lang='grc' dir='ltr'>ἔχειν.</span> <span class='ocrx_word' id='word_1_771' title='bbox 1931 5687 2051 5745; x_wconf 87' lang='lat' dir='ltr'>Hoc</span> 
     </span>
    </p>
   </div>
   <div class='ocr_carea' id='block_1_106' title="bbox 711 5813 1370 5878">
    <p class='ocr_par' dir='ltr' id='par_1_106' title="bbox 711 5813 1370 5878">
     <span class='ocr_line' id='line_1_107' title="bbox 711 5813 1370 5878; baseline -0.006 -2"><span class='ocrx_word' id='word_1_772' title='bbox 711 5819 978 5878; x_wconf 71' lang='lat' dir='ltr'>PATBOL.</span> <span class='ocrx_word' id='word_1_773' title='bbox 1027 5814 1136 5876; x_wconf 81' lang='lat' dir='ltr'>Ga.</span> <span class='ocrx_word' id='word_1_774' title='bbox 1183 5813 1370 5874; x_wconf 88' lang='lat' dir='ltr'><strong>XXX.</strong></span> 
     </span>
    </p>
   </div>
   <div class='ocr_carea' id='block_1_107' title="bbox 2131 4701 3788 4772">
    <p class='ocr_par' dir='ltr' id='par_1_107' title="bbox 2131 4701 3788 4772">
     <span class='ocr_line' id='line_1_108' title="bbox 2131 4701 3788 4772; baseline 0.004 -18"><span class='ocrx_word' id='word_1_775' title='bbox 2131 4706 2231 4756; x_wconf 82' lang='lat' dir='ltr'>aut</span> <span class='ocrx_word' id='word_1_776' title='bbox 2262 4701 2325 4756; x_wconf 88' lang='lat' dir='ltr'>in</span> <span class='ocrx_word' id='word_1_777' title='bbox 2353 4701 2649 4756; x_wconf 70' lang='lat' dir='ltr'>excelsum.</span> <span class='ocrx_word' id='word_1_778' title='bbox 2681 4701 2818 4765; x_wconf 75' lang='lat' dir='ltr'>Quae</span> <span class='ocrx_word' id='word_1_779' title='bbox 2876 4701 3118 4772; x_wconf 90' lang='lat' dir='ltr'>quidem</span> <span class='ocrx_word' id='word_1_780' title='bbox 3171 4703 3551 4760; x_wconf 88' lang='lat' dir='ltr'>conveniebat</span> <span class='ocrx_word' id='word_1_781' title='bbox 3598 4705 3788 4762; x_wconf 85' lang='lat' dir='ltr'>Achaz</span> 
     </span>
    </p>
   </div>
   <div class='ocr_carea' id='block_1_108' title="bbox 2136 4789 3790 4865">
    <p class='ocr_par' dir='ltr' id='par_1_108' title="bbox 2136 4789 3790 4865">
     <span class='ocr_line' id='line_1_109' title="bbox 2136 4789 3790 4865; baseline 0.004 -22"><span class='ocrx_word' id='word_1_782' title='bbox 2136 4789 2343 4859; x_wconf 83' lang='lat' dir='ltr'>facere,</span> <span class='ocrx_word' id='word_1_783' title='bbox 2376 4806 2444 4843; x_wconf 88' lang='lat' dir='ltr'>ea</span> <span class='ocrx_word' id='word_1_784' title='bbox 2474 4791 2544 4844; x_wconf 87' lang='lat' dir='ltr'>ab</span> <span class='ocrx_word' id='word_1_785' title='bbox 2579 4789 2729 4848; x_wconf 83' lang='lat' dir='ltr'>Isaia</span> <span class='ocrx_word' id='word_1_786' title='bbox 2759 4789 2816 4844; x_wconf 89' lang='lat' dir='ltr'>in</span> <span class='ocrx_word' id='word_1_787' title='bbox 2844 4789 3248 4862; x_wconf 86' lang='lat' dir='ltr'>superioribus</span> <span class='ocrx_word' id='word_1_788' title='bbox 3277 4793 3790 4865; x_wconf 82' lang='lat' dir='ltr'>edocetur,nempe</span> 
     </span>
    </p>
   </div>
   <div class='ocr_carea' id='block_1_109' title="bbox 2139 4877 3782 4948">
    <p class='ocr_par' dir='ltr' id='par_1_109' title="bbox 2139 4877 3782 4948">
     <span class='ocr_line' id='line_1_110' title="bbox 2139 4877 3782 4948; baseline 0.002 -15"><span class='ocrx_word' id='word_1_789' title='bbox 2139 4883 2202 4933; x_wconf 92' lang='lat' dir='ltr'>ut</span> <span class='ocrx_word' id='word_1_790' title='bbox 2231 4884 2425 4948; x_wconf 85' lang='lat' dir='ltr'>ageret</span> <span class='ocrx_word' id='word_1_791' title='bbox 2449 4877 2833 4946; x_wconf 86' lang='lat' dir='ltr'>silentium,et</span> <span class='ocrx_word' id='word_1_792' title='bbox 2869 4897 2941 4934; x_wconf 91' lang='lat' dir='ltr'>ne</span> <span class='ocrx_word' id='word_1_793' title='bbox 2973 4897 3005 4934; x_wconf 90' lang='lat' dir='ltr'>a</span> <span class='ocrx_word' id='word_1_794' title='bbox 3057 4880 3286 4936; x_wconf 90' lang='lat' dir='ltr'>duobus</span> <span class='ocrx_word' id='word_1_795' title='bbox 3342 4880 3650 4937; x_wconf 86' lang='lat' dir='ltr'>titionibus</span> <span class='ocrx_word' id='word_1_796' title='bbox 3693 4883 3782 4937; x_wconf 82' lang='lat' dir='ltr'>fu-</span> 
     </span>
    </p>
   </div>
   <div class='ocr_carea' id='block_1_110' title="bbox 2139 4967 3796 5042">
    <p class='ocr_par' dir='ltr' id='par_1_110' title="bbox 2139 4967 3796 5042">
     <span class='ocr_line' id='line_1_111' title="bbox 2139 4967 3796 5042; baseline 0.004 -20"><span class='ocrx_word' id='word_1_797' title='bbox 2139 4967 2500 5038; x_wconf 86' lang='lat' dir='ltr'>migantibus</span> <span class='ocrx_word' id='word_1_798' title='bbox 2534 4973 2839 5024; x_wconf 85' lang='lat' dir='ltr'>metueret.</span> <span class='ocrx_word' id='word_1_799' title='bbox 2876 4970 3043 5027; x_wconf 90' lang='lat' dir='ltr'>Nunc</span> <span class='ocrx_word' id='word_1_800' title='bbox 3074 4987 3207 5026; x_wconf 92' lang='lat' dir='ltr'>vero</span> <span class='ocrx_word' id='word_1_801' title='bbox 3240 4970 3383 5042; x_wconf 88' lang='lat' dir='ltr'>ipse,</span> <span class='ocrx_word' id='word_1_802' title='bbox 3408 4971 3511 5041; x_wconf 91' lang='lat' dir='ltr'>qui</span> <span class='ocrx_word' id='word_1_803' title='bbox 3570 4971 3796 5028; x_wconf 88' lang='lat' dir='ltr'>scilicet</span> 
     </span>
    </p>
   </div>
   <div class='ocr_carea' id='block_1_111' title="bbox 2141 5055 3797 5133">
    <p class='ocr_par' dir='ltr' id='par_1_111' title="bbox 2141 5055 3797 5133">
     <span class='ocr_line' id='line_1_112' title="bbox 2141 5055 3797 5133; baseline 0.004 -21"><span class='ocrx_word' id='word_1_804' title='bbox 2141 5055 2338 5112; x_wconf 86' lang='lat' dir='ltr'>animo</span> <span class='ocrx_word' id='word_1_805' title='bbox 2357 5057 2532 5113; x_wconf 91' lang='lat' dir='ltr'>docili</span> <span class='ocrx_word' id='word_1_806' title='bbox 2555 5062 2612 5113; x_wconf 90' lang='lat' dir='ltr'>et</span> <span class='ocrx_word' id='word_1_807' title='bbox 2637 5061 3026 5131; x_wconf 85' lang='lat' dir='ltr'>subsequenti</span> <span class='ocrx_word' id='word_1_808' title='bbox 3050 5060 3347 5133; x_wconf 83' lang='lat' dir='ltr'>pr0phetae</span> <span class='ocrx_word' id='word_1_809' title='bbox 3365 5060 3693 5117; x_wconf 87' lang='lat' dir='ltr'>doctrinam</span> <span class='ocrx_word' id='word_1_810' title='bbox 3707 5078 3797 5118; x_wconf 85' lang='lat' dir='ltr'>ex-</span> 
     </span>
    </p>
   </div>
   <div class='ocr_carea' id='block_1_112' title="bbox 2157 5399 3798 5480">
    <p class='ocr_par' dir='ltr' id='par_1_112' title="bbox 2157 5399 3798 5480">
     <span class='ocr_line' id='line_1_113' title="bbox 2157 5399 3798 5480; baseline 0.003 -25"><span class='ocrx_word' id='word_1_811' title='bbox 2157 5400 2522 5480; x_wconf 78' lang='lat' dir='ltr'>ips_oin_lo_co</span> <span class='ocrx_word' id='word_1_812' title='bbox 2575 5399 2714 5456; x_wconf 90' lang='lat' dir='ltr'>editi</span> <span class='ocrx_word' id='word_1_813' title='bbox 2773 5406 2829 5457; x_wconf 91' lang='lat' dir='ltr'>et</span> <span class='ocrx_word' id='word_1_814' title='bbox 2879 5401 3220 5480; x_wconf 38' lang='lat' dir='ltr'>nostri.sex</span> <span class='ocrx_word' id='word_1_815' title='bbox 3252 5420 3422 5472; x_wconf 85' lang='lat' dir='ltr'>mss.,</span> <span class='ocrx_word' id='word_1_816' title='bbox 3456 5404 3798 5480; x_wconf 63' lang='grc' dir='ltr'>ἐπιχειροῦσι</span> 
     </span>
    </p>
   </div>
   <div class='ocr_carea' id='block_1_113' title="bbox 2157 5472 3806 5552">
    <p class='ocr_par' dir='ltr' id='par_1_113' title="bbox 2157 5472 3806 5552">
     <span class='ocr_line' id='line_1_114' title="bbox 2157 5472 3806 5552; baseline 0.002 -24"><span class='ocrx_word' id='word_1_817' title='bbox 2157 5473 2282 5540; x_wconf 87' lang='lat' dir='ltr'>sed,</span> <span class='ocrx_word' id='word_1_818' title='bbox 2320 5473 2378 5552; x_wconf 77' lang='lat' dir='ltr'>ni</span> <span class='ocrx_word' id='word_1_819' title='bbox 2420 5473 3050 5552; x_wconf 79' lang='lat' dir='ltr'>_fallor,__co_mmodius</span> <span class='ocrx_word' id='word_1_820' title='bbox 3086 5472 3400 5552; x_wconf 70' lang='lat' dir='ltr'>legeretur,</span> <span class='ocrx_word' id='word_1_821' title='bbox 3434 5472 3806 5552; x_wconf 54' lang='lat' dir='ltr'>izfitiiupodv—</span> 
     </span>
    </p>
   </div>
   <div class='ocr_carea' id='block_1_114' title="bbox 2155 5544 3806 5624">
    <p class='ocr_par' dir='ltr' id='par_1_114' title="bbox 2155 5544 3806 5624">
     <span class='ocr_line' id='line_1_115' title="bbox 2155 5544 3806 5624; baseline 0.007 -30"><span class='ocrx_word' id='word_1_822' title='bbox 2155 5564 2286 5624; x_wconf 69' lang='grc' dir='ltr'>των.</span> <span class='ocrx_word' id='word_1_823' title='bbox 2321 5549 2384 5624; x_wconf 53' lang='grc' dir='ltr'>[ο</span> <span class='ocrx_word' id='word_1_824' title='bbox 2419 5546 2534 5624; x_wconf 73' lang='lat' dir='ltr'>his,</span> <span class='ocrx_word' id='word_1_825' title='bbox 2591 5544 2676 5598; x_wconf 87' lang='lat' dir='ltr'>uti</span> <span class='ocrx_word' id='word_1_826' title='bbox 2736 5546 2791 5598; x_wconf 89' lang='lat' dir='ltr'>in</span> <span class='ocrx_word' id='word_1_827' title='bbox 2837 5544 3100 5616; x_wconf 88' lang='lat' dir='ltr'>reliquis,</span> <span class='ocrx_word' id='word_1_828' title='bbox 3136 5545 3282 5600; x_wconf 85' lang='lat' dir='ltr'>nihil</span> <span class='ocrx_word' id='word_1_829' title='bbox 3316 5544 3529 5607; x_wconf 81' lang='lat' dir='ltr'>Basilio</span> <span class='ocrx_word' id='word_1_830' title='bbox 3548 5544 3806 5624; x_wconf 63' lang='lat' dir='ltr'>dignum</span> 
     </span>
    </p>
   </div>
   <div class='ocr_carea' id='block_1_115' title="bbox 2158 5616 2556 5687">
    <p class='ocr_par' dir='ltr' id='par_1_115' title="bbox 2158 5616 2556 5687">
     <span class='ocr_line' id='line_1_116' title="bbox 2158 5616 2556 5687; baseline -0.003 -14"><span class='ocrx_word' id='word_1_831' title='bbox 2158 5616 2556 5687; x_wconf 87' lang='lat' dir='ltr'>deprehendo.</span> 
     </span>
    </p>
   </div>
   <div class='ocr_carea' id='block_1_116' title="bbox 3411 5812 3494 5872">
    <p class='ocr_par' dir='ltr' id='par_1_116' title="bbox 3411 5812 3494 5872">
     <span class='ocr_line' id='line_1_117' title="bbox 3411 5812 3494 5872; baseline 0.048 -4"><span class='ocrx_word' id='word_1_832' title='bbox 3411 5812 3494 5872; x_wconf 77' lang='grc'>15</span> 
     </span>
    </p>
   </div>
  </div>
