4138 6376
344 361 465 423 659

1295 353 1695 416 APPENDIX
1740 351 2071 413 OPERUM
2120 349 2187 410 S.
2232 349 2520 411 BASILII
2564 350 2834 412 MAGNl.

3660 359 3782 421 460

349 492 623 566 cepisset,
653 490 911 548 oraculis
945 489 1158 545 divinis
1215 487 1431 559 dignus
1479 486 1747 541 habetur.
1778 482 2010 556 Adjeoit

2131 480 2371 552 ἀξιοῦται
2402 477 2508 533 τῶν
2542 480 2697 545 θείων
2731 488 3165 559 χρηματισμῶν.
3198 487 3500 561 Προσεθετο
3530 489 3631 564 γάρ

353 582 512 640 enim
546 581 830 637 Dominus
862 578 1021 652 loqui
1055 578 1124 632 ad
1158 577 1357 649 ipsum
1389 574 1597 630 Achaz.
1642 578 1707 629 Et
1758 573 2012 628 fortasse

358 673 641 730 docemur
663 686 821 734 eum,
853 667 951 740 qui
987 666 1151 721 fuerit
1187 664 1455 721 eruditus
1499 664 1571 718 ab
1631 662 1849 734 alique,
1914 662 2013 731 qui

358 762 571 819 divina:
620 757 909 817 voluntati
961 755 1298 821 famuletur,
1362 753 1411 809 si
1462 753 1674 808 deinde
1726 751 2013 824 proficiat,

359 868 536 926 posse
582 853 639 906 et
694 848 892 920 ipsum
946 843 1173 901 Domini
1197 859 1481 916 responsa
1518 841 1803 914 excipere.
1866 841 2019 897 Sunt

361 941 600 1016 quidem
634 935 1030 1007 nonnulli,qui
1064 934 1211 990 citra
1240 933 1546 988 hominum
1580 946 1814 1005 cperam
1848 946 1881 986 a
1908 935 2017 986 Deo

361 1029 571 1099 edocti,
612 1030 929 1101 potuerunt
986 1024 1176 1091 initio,
1235 1026 1441 1094 utpote
1475 1022 1626 1093 puri,
1670 1018 2019 1075 illustratio-

361 1137 467 1177 nes
497 1118 750 1191 Spiritus
776 1115 1100 1186 suscipere.
1134 1113 1284 1170 521
1334 1110 1639 1182 Ejusmodi
1680 1114 1804 1165 erat
1836 1109 2017 1164 Abra-

364 1209 528 1279 ham,
562 1212 773 1276 Moses,
809 1203 985 1270 Elias,
1015 1202 1323 1270 Jeremias,
1357 1205 1416 1255 et
1446 1200 1494 1256 si
1528 1199 1626 1271 qui
1652 1198 1770 1253 sint
1815 1197 1907 1252 his
1942 1198 2019 1252 si-

363 1297 560 1355 miles.
620 1298 686 1351 Et
744 1293 945 1364 adiecit
992 1293 1261 1347 Dominus
1301 1290 1471 1361 loqui.
1531 1287 2021 1358 Adjectioisthaao

364 1401 699 1446 sermonem
732 1382 1028 1440 connectit
1049 1396 1179 1435 cum
1212 1379 1699 1452 praecedentibus.
1744 1377 1813 1431 Et
1867 1380 2022 1431 certe

365 1480 501 1551 post
528 1474 753 1531 editum
783 1471 1124 1527 vaticinium
1158 1485 1273 1542 quo
1323 1467 1831 1539 prmnuntiabatur
1877 1464 2019 1534 fore,

370 1569 437 1622 ut
466 1568 663 1621 rueret
692 1562 990 1634 Ephraim,
1023 1558 1132 1615 hoc
1162 1564 1271 1625 est,
1311 1555 1493 1614 Israel
1538 1556 1831 1622 deficeret,
1882 1570 2020 1609 con—

372 1669 629 1726 sequens
686 1655 832 1719 erat,
894 1653 960 1705 ut
1016 1647 1303 1720 propheta
1360 1646 1600 1701 tandem
1662 1644 2017 1716 praediceret,

371 1740 1173 1816 quemadmodumventurus
1204 1739 1360 1792 esset
1381 1732 1718 1790 Emmanuel
1744 1749 1846 1805 per
1871 1732 2022 1787 inte-

369 1835 652 1890 meratam
670 1826 1149 1901 Virginem.Quid
1183 1826 1365 1898 igitur
1393 1823 1506 1896 ipsi
1540 1822 1732 1878 Aebaz
1764 1821 2026 1893 praecipit

368 1918 665 1979 sententia
696 1916 846 1973 illa?
877 1920 1023 1981 Pete,
1056 1914 1272 1985 inquit,
1308 1914 1412 1969 tibi
1437 1914 1661 1981 signum
1712 1927 1746 1968 a
1792 1911 2021 1967 Domino

365 2012 473 2067 Deo
503 2009 674 2065 tuoin
702 2005 1040 2079 profundum
1069 2006 1165 2059 aut
1194 2004 1259 2057 in
1301 2002 1599 2058 excelsum.
1630 2002 1872 2073 Signum
1907 1998 2021 2055 uti-

366 2114 479 2172 que
509 2102 600 2153 est
636 2113 729 2152 res
761 2094 1105 2164 conspicua,
1137 2091 1361 2163 aliquid
1386 2091 1445 2145 in
1473 2105 1535 2144 se
1568 2089 1784 2145 occulti
1816 2088 2023 2144 obscu-

365 2189 533 2259 rique
564 2186 853 2241 indicans.
889 2183 1055 2238 Hunc
1078 2182 1149 2236 ad
1174 2181 1416 2237 modum
1445 2179 1609 2235 Jonas
1637 2179 1878 2251 signum
1923 2179 2022 2234 de-

366 2291 643 2334 scensum
678 2274 749 2330 ad
781 2273 1085 2340 inferos,et
1101 2286 1309 2325 rursus
1331 2285 1399 2325 ex
1432 2267 1681 2324 mortuis
1705 2284 2017 2324 ascensum

371 2368 447 2422 ob
478 2365 681 2421 oculos
712 2361 878 2435 ponit
910 2361 984 2417 iis
1017 2360 1117 2433 qui
1151 2359 1460 2433 mysticam
1481 2374 1684 2414 eorum
1716 2374 1843 2432 quas
1876 2358 2027 2413 fiunt

373 2455 659 2514 rationem
691 2451 1020 2523 intelligere
1047 2454 1297 2522 possunt
1323 2449 1392 2504 “.
1428 2448 1668 2520 Oportet
1697 2452 1893 2503 autem
1941 2447 2025 2502 si-

372 2561 555 2620 gnum
589 2559 821 2615 semper
849 2543 1074 2608 adesse,
1108 2544 1282 2612 atque
1310 2539 1371 2594 iu
1404 2539 1676 2612 praesenti
1697 2537 2027 2594 considera-

376 2635 464 2703 ri;
498 2634 600 2689 sed
632 2648 726 2688 res
758 2632 829 2686 ab
860 2631 988 2703 ipso
1020 2629 1352 2702 significata
1380 2629 1439 2684 in
1472 2628 1588 2683 tria
1630 2633 1903 2700 tempora
1940 2632 2029 2683 est

373 2723 724 2797 plerumque
755 2719 1329 2792 dispertienda.Sunt
1349 2718 1504 2774 enim
1540 2716 1848 2789 praesentia
1882 2733 2027 2788 pras-

376 2810 635 2868 sentium
678 2808 901 2881 signa;
958 2807 1211 2879 exempli
1261 2823 1462 2873 causa,
1521 2808 1721 2862 fumus
1771 2822 1803 2861 e
1852 2807 2026 2861 domo

373 2901 577 2956 exiens
608 2898 805 2972 ignem
834 2897 998 2952 intus
1036 2896 1275 2952 accendi
1306 2895 1550 2952 indicat.
1572 2899 1721 2951 Sunt
1769 2899 1826 2950 et
1881 2911 2025 2967 prai-

370 2989 561 3047 sentia
590 2989 922 3043 futurorum
953 2990 1268 3042 eventuum
1290 2984 1534 3050 indicia,
1567 2989 1632 3038 ut
1660 2989 1751 3039 est
1776 2983 2024 3039 nubium

371 3094 694 3136 concursus
718 3076 903 3133 oculis
935 3076 1239 3146 subjectus
1271 3074 1370 3147 qui
1393 3073 1642 3129 imbrem
1669 3073 2029 3145 praenuntiat

368 3170 429 3223 in
459 3174 676 3223 terram
709 3182 1012 3222 casurum.
1053 3165 1200 3219 Sunt
1221 3164 1440 3233 ,itidem
1495 3162 1807 3235 praesentia
1836 3162 2024 3235 signa.

2125 568 2331 644 Κύριος
2380 568 2525 641 αὖτῷ
2576 568 2816 636 Λαλῆσαι
2865 577 2945 645 τῷ
2997 574 3190 651 ³Λχάζ.
3223 575 3329 631 Kal
3356 573 3502 652 τάχα
3529 574 3786 633 διδασκό-

2129 659 2284 732 μεθα,
2318 659 2400 712 ὅτι
2452 658 2480 712 6
2539 655 2628 713 διά
2670 681 2819 723 τινος
2876 662 3321 740 ὑπηρετουμένου
3349 670 3431 739 τῷ
3461 667 3594 740 θείῳ
3650 669 3784 743 βου-

2127 745 2340 818 λήματι
2391 748 2770 819 μαθητευθεὶς,
2819 749 3038 827 ὕστερον
3086 752 3440 829 προκόπτων,
3494 752 3780 828 δυνήσεται

2128 845 2217 898 καὶ
2268 842 2427 907 αὐτὸς
2480 843 2838 917 ὑποδέξασθαι
2895 850 3022 913 τοὺς
3098 855 3195 907 τοῦ
3249 852 3449 929 Κυρίου
3498 875 3784 933 χρηματι-

2127 931 2322 1006 σμοὺς.
2376 933 2493 989 Εἰσὶ
2529 934 2711 1008 μέντοι
2740 938 2904 1008 τινὲς,
2940 937 2992 994 οἲ
3026 941 3103 1014 μὴ
3154 937 3224 996 δι’
3256 931 3558 1019 ἀνθρώπων
3594 946 3789 1020 πρότε-

2127 1042 2220 1097 ρον
2290 1023 2713 1095 μαθητευθὲντες
2792 1031 2928 1102 Θεῷ⁷
3009 1030 3248 1106 ἀρχῆθεν
3317 1028 3653 1108 δεδύνηνται,
3711 1041 3786 1105 ὡς

2126 1111 2376 1184 καθαροὶ,
2449 1120 2705 1189 χωρῆσαι
2782 1117 2875 1181 τὰς
2948 1115 3207 1197 ἐμφάσεις
3279 1120 3377 1177 τοῦ
3436 1124 3779 1199 Πνεῦματος.

2127 1209 2353 1299 Ὀποῖος
2411 1210 2477 1279 ἦν
2528 1208 2822 1287 Ἀϐραὰμ,
2875 1214 2965 1270 καὶ
3017 1222 3238 1288 Μωσῆς,
3292 1221 3379 1275 καὶ
3430 1221 3646 1299 Ἠλίας,
3696 1227 3789 1283 καὶ

2125 1298 2410 1373 Ἱερεμίας,
2474 1299 2563 1355 καὶ
2613 1299 2668 1356 εἶ’
2732 1324 2873 1366 τινες
2921 1302 3153 1371 ἐκείνοις
3201 1308 3581 1386 παραπλήσιοι
3611 1358 3624 1372 .
3680 1317 3781 1373 Καὶ

2128 1388 2424 1482 προσέθετο
2469 1390 2682 1482 ’Κύριος
2718 1388 3008 1482 λαλῆσαι,.
3045 1396 3108 1454 Ἡ
3159 1401 3448 1473 προσθήκη
3488 1407 3606 1467 τοῖς
3652 1426 3784 1482 προ-

2131 1476 2321 1568 άγουσι
2353 1479 2606 1534 συνάπτει
2635 1481 2727 1536 τὸν
2762 1480 2929 1560 λόγον
2966 1485 3064 1539 Καὶ
3096 1484 3399 1553 ἀκόλουθόν
3427 1511 3487 1567 γε
3550 1492 3619 1562 ἦν
3653 1476 3787 1568 μετὰ

2128 1566 2229 1634 τήν
2283 1568 2613 1645 προφητείαν
2674 1571 2774 1641 τὴν
2850 1573 2975 1649 περὶ
3045 1576 3160 1650 (80)
3217 1582 3314 1632 τοῦ
3357 1566 3663 1657 ’ἐκλείψειν
3694 1585 3786 1641 τὸν

2131 1664 2394 1741 Ἐφραῒμ,
2446 1668 2691 1724 τουτέστι
2731 1670 2824 1726 τὸν
2870 1671 3326 1747 ἀποστατησαντα
3377 1678 3619 1754 Ἰσραήλ,
3667 1683 3794 1741 τότε

2132 1753 2607 1845 προφητεόεσθαι,
2679 1759 2803 1815 τίνα
2874 1760 3077 1835 τρόπον
3151 1753 3485 1840 ἐπιδημήσει
3544 1767 3634 1826 διὰ
3689 1781 3793 1845 τῆς

2052 1859 2099 1925 Β
2130 1842 2398 1917 ἀμιάντου
2450 1847 2726 1923 Παρθένου
2786 1850 2814 1904 6
2872 1852 3257 1925 Ἐμμανουήλ.
3315 1856 3383 1914 Τί
3442 1856 3537 1914 οὗν
3572 1842 3778 1919 ἐστινδ

2128 1933 2454 2009 προστάσσει
2485 1939 2564 2007 τῷ
2596 1936 2775 2013 Ἀχᾶζ
2804 1940 2832 1995 6
2866 1938 3072 2018 λόγος;
3104 1939 3364 2017 Αἵτησαι,
3395 1948 3550 2027 φησὶ,
3574 1957 3783 2027 σεαυτῷ

2132 2036 2360 2124 σημεῖον
2418 2034 2566 2108 παρὰ
2623 2034 2825 2113 Κυρίου
2905 2042 3002 2094 τοῦ
3060 2045 3194 2097 Θεοῦ
3250 2064 3346 2099 σου
3404 2045 3482 2110 εἰς
3530 2048 3697 2124 βάθος
3752 2054 3787 2124 ἢ

2134 2120 2211 2183 εἷς
2269 2120 2422 2217 ὕψος..
2473 2124 2626 2181 Ἐστι
2659 2126 2785 2217 λμὶν
2832 2126 2930 2217 γοῦν
2979 2135 3207 2204 σημεῖον
3256 2139 3482 2211 πρᾶγμα
3530 2120 3788 2217 φανερὸν,

2131 2213 2513 2301 κεκρυμμένου
2565 2215 2711 2278 τινὸς
2755 2216 2846 2271 καὶ
2878 2217 3114 2297 ἀφανους
3146 2220 3197 2277 ἐν
3233 2223 3409 2297 δαυυῷ
3445 2228 3547 2297 τὴν
3599 2213 3784 2301 δήλω-

2134 2320 2216 2354 σιν
2266 2297 2418 2377 ἕχον⁶
2454 2301 2528 2366 ὡς
2574 2304 2635 2359 τὸ
2667 2310 2894 2380 σημεῖον
2929 2308 3082 2364 Ἰωνᾶ
3108 2310 3208 2379 τήν
3241 2310 3318 2376 εἷς
3370 2307 3503 2383 ᾅδου
3526 2297 3785 2390 κάθοδον,

2132 2398 2222 2453 καὶ
2253 2396 2420 2454 πάλιν
2454 2398 2514 2457 ἔκ
2535 2407 2741 2478 νεκρῶν
2785 2401 2977 2460 ἄνοδον
3029 2407 3321 2485 παρίστησι
3382 2414 3493 2488 (81)
3541 2422 3657 2479 τοῖς
3689 2415 3779 2472 δύ-

2133 2486 2388 2582 ναμὲνοις
2422 2486 2780 2582 ἐκλαμϐάνειν
2819 2496 2911 2549 τὸν
2965 2498 3222 2567 μυστικὸν
3270 2498 3438 2576 λόγον
3476 2486 3595 2567 τῶν
3633 2527 3782 2582 γινο-

2139 2577 2337 2667 μὲνων.
2371 2584 2464 2633 Δεῖ
2493 2576 2551 2635 δὶ
2576 2581 2658 2636 ἀεὶ
2684 2583 2747 2637 τὸ
2778 2583 2874 2655 μὲν
2916 2591 3149 2658 σημεῖον
3209 2596 3482 2667 παρεῖναι,
3515 2598 3606 2649 καί
3647 2576 3790 2652 κατᾶ

2134 2666 2197 2721 τὸ
2230 2666 2439 2731 ἐνεστὸς
2473 2670 2821 2745 θεωρεῖσθαιο
2876 2672 2939 2729 τὸ
2989 2671 3045 2729 δὶ
3096 2676 3186 2731 ὑπ’
3232 2677 3397 2735 αὐτοῦ
3445 2683 3789 2758 σημαινόμε-

2136 2776 2242 2844 νον
2279 2762 2508 2833 πρᾶγμα
2559 2764 2677 2822 τοῖς
2729 2759 2875 2835 τρισὶ
2923 2760 3197 2829 πολλάκις
3216 2772 3784 2844 ’συγκαταμερίζεσθαι

2138 2843 2388 2921 χρόνοις.
2447 2848 2601 2903 Ἔστι
2652 2849 2755 2925 γὰρ
2804 2848 2893 2906 καί
2944 2852 3189 2928 παρόντα
3236 2843 3514 2932 παρόντων
3547 2843 3781 2934 σημεῖα·

2138 2942 2214 3004 ὡς
2246 2945 2274 3000 6
2308 2943 2461 3018 ἐξιὼν
2511 2946 2571 3001 ἐκ
2594 2954 2693 3017 τῆς
2724 2947 2898 3011 οἷ’κίας
2924 2953 3127 3016 καπνὸς
3153 2958 3247 3009 τοῦ
3284 2950 3436 3010 ἔνδον
3482 2958 3778 3031 καιομίνου

2136 3032 2327 3121 πυρός.
2378 3035 2529 3089 Ἐστι
2570 3032 2628 3091 δὲ
2676 3037 2765 3092 καὶ
2821 3038 3065 3114 παρόντα
3100 3040 3431 3114 μελλόντων·
3461 3046 3536 3109 ὡς
3567 3048 3602 3115 ἡ
3633 3047 3776 3121 ὁρω-

2142 3120 2276 3194 μὲνη
2326 3127 2435 3178 τῶν
2475 3128 2648 3203 νεφῶν
2696 3123 3015 3200 συνδρομὴ,
3074 3134 3170 3185 τοῦ
3219 3129 3479 3205 ἰσομὲνου
3536 3132 3625 3188 ἰπὶ
3670 3120 3783 3205 τὴν

465 3211 676 3223 .ν.......
711 3211 1012 3222 .,..........--.
1053 3211 1440 3233 --.ην-.--ω
1496 3211 1807 3235 ,πω----α
1836 3211 2018 3235 --ο-ω

372 3257 803 3331 praeteritorum
838 3253 922 3309 uti
964 3258 1107 3309 sunt
1168 3252 1491 3307 carbonum
1551 3250 1834 3324 reliquiae,
1896 3268 2018 3324 quae

2137 3217 2242 3287 γῆν
2294 3211 2470 3270 ὑετοῦ.
2521 3214 2638 3269 Ἐτι
2690 3212 2749 3270 δὲ
2790 3216 2882 3271 καὶ
2922 3218 3162 3293 παρόντα
3190 3218 3678 3296 παρεληλυθότων’
3711 3223 3787 3289 ὡς

374 3362 582 3419 rogum
615 3344 697 3400 ibi
731 3343 915 3398 fuisse
939 3343 1247 3397 incensum
1291 3342 1633 3397 ostendunt.
1694 3341 1775 3395 Ea
1831 3343 2028 3396 autem

376 3452 506 3507 quis
537 3431 1341 3502 suntadmirabilia,qumque
1359 3429 1674 3501 mysticum
1707 3429 2025 3500 quemdam

377 3537 709 3581 sermonem
742 3519 1119 3594 exprimumt,
1152 3537 1184 3574 a
1211 3518 1514 3591 Scriptura
1552 3522 1838 3573 vocantur
1857 3517 2028 3589 signa

373 3613 522 3678 Quid
536 3616 733 3668 autem
750 3608 1159 3666 admirabilius
1176 3612 1278 3664 aut
1294 3607 1552 3664 divinius
1570 3611 1760 3680 potest
1774 3622 2024 3679 usquam

372 3702 564 3761 audiri
616 3706 719 3758 aut
748 3700 1027 3771 conspici,
1070 3715 1247 3772 quam
1271 3697 1371 3754 ille
1405 3696 1502 3753 Dei
1543 3697 1725 3752 nostri
1780 3712 1851 3752 ex
1899 3697 2024 3754 Vir-

370 3794 504 3867 gine
533 3789 1123 3855 ortus?Quamohrem
1164 3805 1198 3843 a
1219 3788 1467 3843 Domino
1506 3787 1623 3843 Deo
1652 3791 1753 3842 tuo
1783 3786 2022 3858 signum

371 3887 503 3956 peto
542 3882 603 3937 in
635 3879 1144 3953 profundum,sive
1171 3877 1231 3933 in
1261 3877 1610 3945 altum;cum
1646 3876 1847 3932 nullus
1870 3875 2021 3932 alius

369 3972 429 4026 id
464 3973 739 4043 prastare
766 3967 1243 4024 valeat.Profecto
1274 3967 1331 4022 id
1382 3966 1537 4038 quod
1571 3970 1778 4038 suapte
1810 3970 2019 4021 natura

370 4061 430 4115 in
463 4058 671 4115 mnndi
702 4058 816 4114 situ
850 4057 1122 4113 inﬁmum
1155 4055 1349 4111 locum
1381 4054 1655 4121 obtinuit,
1696 4059 1851 4111 terra
1879 4059 1970 4111 est
2001 4072 2014 4124 ;

369 4150 427 4205 id
458 4165 592 4206 vero
625 4149 778 4221 quod
812 4164 988 4219 supra
1019 4162 1112 4201 res
1144 4144 1440 4217 quaslibet
1464 4142 1725 4200 visibiles
1773 4144 2013 4211 eminet,

367 4239 579 4296 caelum
614 4242 719 4295 est.
745 4237 891 4293 Cum
922 4234 1105 4308 igitur
1135 4234 1387 4289 Verbum
1434 4249 1569 4288 caro
1628 4234 1849 4288 factum
1911 4234 2009 4303 sit,

364 4329 673 4402 prophetia
693 4327 897 4383 istbmc
939 4341 1040 4397 per
1058 4323 1189 4380 illas
1220 4339 1406 4388 voces,
1440 4324 1500 4377 in
1523 4322 2013 4395 profundum,ter-

365 4434 491 4475 ram
514 4417 810 4490 signiﬁcat
839 4418 897 4470 et
925 4429 1162 4469 carnem
1222 4413 1292 4468 ab
1325 4429 1394 4468 ea
1443 4417 1811 4484 assumptum
1849 4430 1862 4469 :
1910 4428 2016 4484 per

363 4507 473 4563 bas
527 4508 767 4574 vero,in
794 4504 1092 4571 excelsum,
1137 4503 1403 4573 designat
1456 4502 1687 4559 cmleste
1752 4502 2010 4558 Verbum

2139 3311 2206 3365 τὰ
2251 3313 2351 3379 τῆς
2400 3311 2692 3387 ἀνθρακιᾶς
2745 3312 2975 3389 λείψανα
3015 3321 3111 3372 τοῦ
3158 3322 3447 3385 κεκαῦσθαι
3488 3321 3571 3376 ἐπ’
3617 3320 3788 3391 αὐτῆς

2135 3401 2236 3470 τήν
2286 3401 2578 3475 πυρκαϊάν.
2627 3404 2688 3460 'H
2746 3402 2931 3477 μέντοι
2988 3408 3173 3485 Γραφή
3221 3408 3290 3463 τὰ
3331 3407 3647 3483 παράδοξα,
3697 3411 3788 3467 καὶ

2134 3489 2508 3562 παραστατικά
2549 3510 2698 3554 τινος
2751 3499 3014 3565 μυστικοῦ
3057 3493 3229 3570 λόγου
3258 3503 3461 3570 σημεῖα
3490 3497 3669 3558 καλεῖ.
3720 3499 3792 3557 Τί

2136 3573 2195 3632 δὶ
2223 3575 2283 3632 ἂν
2334 3574 2788 3656 παραδοξότερον,
2827 3581 2864 3651 ἢ
2910 3584 3178 3660 θειότερον
3221 3582 3491 3660 ἄκουσμα,
3544 3586 3582 3658 ἢ
3613 3589 3789 3662 θᾶαμα

2130 3668 2231 3737 τῆς
2275 3670 2371 3721 τοῦ
2420 3671 2558 3723 Θεοῦ
2610 3670 2771 3743 ἡμῶν
2824 3667 2913 3726 διὰ
2959 3673 3234 3746 Παρθένου
3282 3677 3626 3751 γεννήσεωςς
3689 3679 3788 3733 Διά

2128 3764 2290 3819 τοῦτο
2342 3762 2562 3836 αἵτησαι
2606 3767 2751 3842 παρὰ
2781 3769 2983 3843 Κυρίου
3011 3775 3109 3826 τοῦ
3147 3776 3282 3828 Θεοῦ
3314 3793 3409 3828 σου
3440 3774 3539 3847 (ὡς
3563 3771 3783 3839 οὐδενὸς

2131 3852 2317 3929 ἑτέρου
2366 3852 2664 3927 δυναμένου
2714 3855 2923 3931 δοῦναι)
2977 3860 3041 3915 τὸ
3100 3859 3177 3923 εἰς
3223 3863 3391 3936 βάθος
3435 3863 3471 3931 ἢ
3521 3863 3600 3926 είς
3644 3864 3780 3938 ὕψος

2129 3950 2382 4018 σημεῖον.
2417 3947 2569 4003 Ἔστι
2599 3947 2780 4002 τοίνυν
2814 3947 2866 4003 ἐν
2892 3953 2960 4023 τῇ
2990 3954 3087 4006 τοῦ
3134 3950 3347 4025 κόσμου
3396 3954 3537 4008 θισει
3585 3955 3648 4008 τὸ
3683 3956 3781 4029 μὶν

2127 4032 2279 4109 φύσει
2311 4031 2486 4110 λαχὸν
2514 4035 2614 4104 τήν
2645 4036 2793 4091 κάτω
2841 4039 3030 4112 χώραν
3081 4041 3116 4108 ἡ
3166 4047 3263 4116 γῆ·
3313 4040 3377 4097 τὸ
3409 4038 3469 4096 δὶ
3515 4042 3778 4099 ἀνωτάτω

2123 4129 2338 4185 πάντων
2371 4135 2479 4186 τῶν
2511 4131 2829 4207 ὁρωμένων,
2864 4135 2893 4189 6
2923 4134 3174 4207 οὐρανός.
3204 4136 3355 4193 Ἐπεὶ
3397 4137 3491 4193 οὗν
3521 4140 3550 4194 6
3603 4135 3778 4217 Λόγος

2123 4217 2250 4291 σὰρξ
2296 4217 2529 4293 ἆγὲνετο,
2577 4223 2611 4288 ἡ
2660 4222 2984 4298 προφητεία,
3039 4220 3130 4279 διὰ
3178 4224 3274 4297 μὶν
3303 4229 3400 4280 τοῦ
3457 4226 3533 4289 εἷς
3586 4229 3777 4304 βαθος,

2121 4307 2221 4375 τὴν
2273 4313 2378 4382 γῆν
2424 4309 2676 4381 σημαίνει
2724 4310 2814 4365 καὶ
2864 4311 2965 4379 τὴν
3002 4311 3093 4367 ἀπ’
3142 4313 3311 4381 αὐτῆς
3354 4311 3777 4390 λαμϐανομένην

2123 4401 2313 4473 σάρκα·
2348 4394 2437 4452 διὰ
2468 4395 2526 4452 δὲ
2553 4401 2671 4468 τοῦ,
2722 4399 2798 4462 είς
2848 4398 3003 4474 ὕψος,
3031 4400 3124 4456 τὸν
3160 4402 3553 4478 ὑπερουράνιον
3586 4402 3774 4481 λόγον,

2118 4494 2211 4579 τὸν
2278 4495 2524 4572 ὑπεράνω
2553 4498 2731 4567 πάσης
2778 4497 2958 4575 ἀρχῆς
2990 4499 3079 4553 καὶ
3110 4498 3373 4569 ἐξουσίας,
3407 4502 3499 4557 τὸν
3534 4502 3586 4557 ἐν
3620 4503 3771 4579 ἀρχῇ

363 4595 697 4669 principatu
730 4593 890 4649 omni
914 4597 972 4648 et
1000 4596 1290 4664 potestate
1321 4590 1613 4664 superius,
1636 4607 1769 4647 eum
1803 4591 2012 4647 videli-

2128 4578 2253 4638 ὄντα
2281 4586 2418 4661 πρὸς
2451 4584 2541 4640 τὸν
2577 4587 2812 4662 Πατέρα,
2841 4587 2933 4643 καὶ
2965 4589 3094 4644 Θεὸν
3141 4585 3268 4644 ὄντα
3302 4590 3500 4667 Λόγον.
3535 4594 3603 4648 Ἥ
3630 4578 3775 4668 τάχα

362 4688 471 4753 cet,
505 4683 608 4756 qui
646 4683 705 4738 in
761 4680 1049 4755 principio
1099 4686 1225 4736 erat
1262 4682 1415 4753 apud
1465 4680 1718 4749 Patrem,
1767 4685 1826 4737 et
1858 4681 2012 4737 Deus

359 4774 619 4832 Verbum
669 4777 794 4829 erat
839 4771 883 4806 ⁸⁸
929 4770 996 4826 ⁸³.
1057 4772 1169 4826 Aut
1230 4770 1374 4825 forte
1400 4770 1743 4841 profundum
1773 4770 2010 4827 inﬁmas

359 4869 554 4937 partes
610 4862 906 4936 signiﬁcat
950 4860 1272 4916 inferorum
1305 4860 1586 4915 excelsum
1636 4876 1770 4916 vero
1819 4860 2009 4932 regio-

359 4969 492 5010 nem
523 4952 819 5010 ccslestem
855 4970 869 5019 ;
904 4953 969 5004 ut
998 4950 1166 5005 docet
1195 4966 1303 5005 nos
1337 4949 1671 5022 Apostolus,
1705 4950 2012 5007 dicenszNe

351 5043 578 5101 dixeris
605 5045 668 5099 in
704 5040 864 5099 corde
892 5044 984 5097 tuo
1017 5056 1031 5096 :
1066 5039 1198 5108 Quis
1225 5042 1482 5096 ascendet
1530 5040 1592 5095 in
1645 5038 1894 5097 cwtum?
1945 5041 2009 5096 Id

354 5136 453 5200 est,
488 5132 770 5187 Christum
826 5130 1107 5187 deducere.
1145 5130 1247 5184 Aut
1276 5130 1401 5201 quis
1420 5129 1705 5185 descendet
1740 5132 1804 5185 in
1842 5131 2005 5203 abys-

351 5237 478 5277 sum
517 5223 543 5275 γ
599 5222 704 5277 Hoc
749 5227 828 5277 est
873 5219 1152 5276 Christum
1208 5235 1278 5275 ex
1328 5221 1561 5275 mortuis
1632 5235 1887 5277 revocare
1939 5220 2002 5277 ⁸³.

353 5310 638 5376 Quoniam
670 5310 850 5380 igitur
871 5310 977 5379 Qui
1005 5308 1296 5379 descendit,
1328 5309 1446 5381 ipse
1475 5316 1555 5365 est
1580 5318 1634 5366 et
1689 5311 1787 5382 qui
1814 5326 2002 5367 ascen-

425 5460 472 5497 “
507 5458 714 5515 Matth.
751 5474 853 5529 xu,
892 5459 982 5515 40.
1058 5459 1103 5497 ⁵⁸
1130 5459 1176 5495 ⁸⁸
1203 5459 1375 5516 Joan.
1410 5476 1448 5531 ι,
1482 5459 1535 5514 l.

429 5607 541 5681 (79)
569 5603 808 5681 Veteres
838 5604 1097 5681 quinque
1119 5604 1277 5681 libri,
1306 5603 1601 5676 προσέθετο
1655 5602 1779 5680 γάρ.
1837 5611 2008 5666 Deest

356 5675 453 5757 γάρ
484 5675 546 5735 in
576 5676 807 5735 excusis
837 5681 893 5732 et
922 5675 983 5732 in
1014 5675 1155 5749 Reg.
1188 5675 1403 5748 primo.

1636 5460 1682 5497 ⁸⁸
1711 5461 1876 5518 Rom.
1908 5479 1966 5537 κ,
1985 5466 2043 5524 6.

2124 4673 2289 4749 βάθος
2337 4673 2595 4746 σημαίνει
2646 4675 2715 4731 τὰ
2768 4678 3053 4733 κατώτατα
3100 4682 3197 4733 τοῦ
3239 4674 3392 4749 ᾅδου,
3428 4680 3563 4756 ὕψος
3589 4678 3647 4736 δὶ
3670 4683 3775 4751 τὴν

2121 4763 2510 4840 ὁπερουράνιον
2542 4765 2837 4839 χώραν,ὡς
2869 4766 2898 4820 ὁ
2920 4762 3260 4830 Ἀπὸστολος
3288 4771 3426 4842 ἡμῖν
3457 4769 3774 4846 παρίστησι,

2118 4858 2319 4935 λέγων·
2378 4862 2466 4932 Μή
2527 4858 2687 4938 εἷ’πῃς
2744 4861 2797 4918 ἐν
2848 4867 2918 4938 τῇ
2971 4862 3168 4941 καρδίᾳ
3218 4886 3313 4921 σου
3350 4886 3363 4901 ·
3419 4866 3511 4930 Τίς
3567 4863 3738 4941 ἆναϐή

2118 4968 2265 5005 σεται
2343 4949 2417 5013 εἷς
2480 4952 2571 5006 τὸν
2633 4950 2902 5029 οὐρανόν;
2983 4955 3247 5012 Τουτὲστι
3333 4958 3563 5033 Χριστὸν
3644 4978 3777 5014 κατ-

2115 5045 2358 5116 αγαγεῖν.
2392 5041 2464 5096 Ἦ
2518 5041 2603 5104 τίς
2657 5036 3023 5115 καταϐήσεται
3069 5045 3145 5108 εἰς
3194 5046 3296 5116 τὴν
3324 5041 3557 5102 ἄϐυσσον
3584 5066 3599 5117 ;
3631 5050 3780 5106 Του-

2113 5129 2260 5184 τὲστι
2335 5130 2567 5205 Χριστὸν
2651 5129 2712 5187 ἐκ
2793 5137 2995 5210 νεκρῶν
3082 5135 3389 5211 ἀναγαγεῖν.
3466 5136 3618 5194 Ἐπεὶ
3679 5136 3777 5193 οῦν

2114 5227 2175 5285 Ὀ
2226 5222 2466 5292 καταϐὰς
2511 5228 2671 5293 αὐτός
2722 5229 2834 5287 ἐστι
2891 5231 2982 5287 καὶ
3042 5233 3070 5288 6
3130 5228 3370 5305 ἀναϐὰς,
3432 5235 3495 5291 τὸ
3546 5233 3623 5299 εἷς
3673 5235 3780 5313 βά-

2114 5327 2207 5382 θος
2255 5318 2346 5372 καὶ
2398 5316 2474 5380 εἷς
2524 5317 2660 5393 ὕψος
2691 5325 2919 5394 σημεῖον
2981 5321 3106 5398 περὶ
3158 5329 3258 5394 τῆς
3304 5321 3543 5389 καθόδου
3573 5321 3634 5380 ἂν
3687 5324 3776 5399 εἴη

2185 5611 2296 5756 (80)
2330 5613 2415 5669 Ita
2449 5628 2593 5669 mss.
2630 5629 2853 5671 omnes.
2884 5615 3061 5684 Editi,
3090 5616 3190 5686 τὴν
3225 5615 3333 5675 ini.

2211 5685 2303 5756 8i)
2331 5685 2416 5743 Ita
2443 5701 2589 5744 mss.
2619 5688 2693 5743 At
2723 5692 2924 5748 nostra
2953 5689 3155 5756 editio,
3186 5688 3333 5756 περιρ

2211 5685 2303 5757 8i)
2331 5685 2416 5743 Ita
2443 5701 2589 5744 mss.
2619 5688 2693 5743 At
2723 5692 2924 5748 nostra
2953 5685 3155 5765 editio,
3186 5688 3523 5767 περίστησιν.
