4138 6382
387 471 501 530 461

1175 469 1586 532 COMMENT.
1634 471 1710 531 ΙΝ
1757 463 2024 529 ISAIAM
2074 464 2577 529 PROPHETAM.
2623 470 2793 531 CAP.
2846 473 2978 536 VII.

3686 479 3810 542 463

390 597 693 675 λεγόμενον
746 605 846 671 τῆς
898 604 997 655 τοῦ
1069 600 1268 677 Κυρίου
1301 619 1314 633 ο
1376 600 1474 657 Καὶ
1535 602 1563 656 6
1639 593 1836 660 ἀναϐὰς
1887 594 2040 654 αὐτός

2165 598 2252 653 dit
2280 598 2344 669 ⁸⁴,
2378 599 2615 670 signum
2648 603 2793 660 illud
2843 608 2905 661 in
2951 608 3293 679 profundum
3345 611 3462 668 sive
3517 615 3580 669 in
3628 615 3809 671 excel-

386 687 530 744 ὶστιν
564 690 817 766 ὑπεράνω
847 690 1061 744 πάντων
1085 710 1192 744 των
1227 689 1489 766 οὐρανῶν.

458 872 585 927 499.
623 869 724 924 Καὶ
780 871 926 925 εἶπεν
988 869 1183 944 Ἀχάζ·
1242 869 1320 927 Οὗ
1383 872 1459 941 μή
1520 869 1753 938 αἰτήσω,
1810 863 1925 922 οὐδ’
1982 864 2044 920 οὐ

394 962 469 1034 μὴ
519 963 768 1035 πειράσω
817 958 1035 1034 Κύριον.
1094 959 1164 1015 *ΙΙ
1228 958 1321 1031 μὲν
1376 962 1473 1013 τοῦ
1531 961 1664 1014 Θεοῦ
1722 954 1899 1032 δωρεᾶ
1951 975 2044 1028 με·

391 1050 560 1127 γάλη,
610 1047 703 1102 καὶ
753 1047 1012 1119 πλουσία,
1046 1048 1136 1102 καὶ
1195 1043 1454 1120 δαψιλής.
1509 1048 1566 1102 Ὁ
1625 1044 1683 1101 δὲ
1723 1047 1921 1121 Ἀχὰζ,
1969 1044 2045 1107 ὡς

404 1141 570 1213 μήπω
596 1133 988 1211 δεδιδαγμένος
1037 1135 1205 1191 αἰτεῖν
1250 1134 1317 1190 τὰ
1366 1135 1580 1211 μεγάλα
1607 1136 1695 1191 καὶ
1730 1134 2045 1205 ἐπουράνια,

396 1232 735 1302 παραιτεῖται
767 1231 999 1295 ζητῆσαι
1032 1231 1282 1297 σημεῖον,
1315 1224 1388 1287 ὡς
1442 1231 1627 1298 μεῖζον
1674 1223 1917 1298 ὑπάρχον
1946 1229 2044 1292 τῆς

392 1315 744 1389 ἀνθρωπίνης
794 1313 1028 1392 φύσεως·
1080 1314 1116 1384 ἢ
1168 1313 1242 1376 ὡς
1287 1314 1435 1386 παρὰ
1479 1314 1579 1383 τὴν
1628 1311 1855 1382 ἐντολὴν
1912 1309 2045 1385 μέλ-

391 1400 503 1459 λων
558 1407 762 1473 ποιεῖν,
819 1403 919 1472 τὴν
980 1402 1259 1456 εἶποῦσαν·
1314 1401 1424 1456 Οὐκ
1467 1400 1802 1475 ἐκπειράσεις
1850 1400 2045 1474 Κύριον

385 1494 476 1547 τὸν
510 1491 642 1547 Θεόν
700 1511 818 1547 σου.
871 1490 1202 1566 ’Λναγκαίως
1251 1487 1310 1544 δὲ
1353 1490 1405 1544 οἱ
1453 1489 1578 1564 περὶ
1629 1494 1738 1545 τῶν
1783 1487 2046 1560 τηλικού-

383 1603 493 1637 των
529 1579 688 1652 λόγοι
719 1583 799 1651 τῷ
844 1579 970 1634 τότε
1013 1578 1372 1653 κεκρατηκότι
1410 1577 1628 1654 βασιλεῖ
1671 1578 1932 1654 γίνονται,
1960 1575 2049 1631 ’ίνα

389 1667 460 1726 δι’
490 1670 661 1725 αὐτοῦ
696 1668 772 1731 εἷς
821 1668 1025 1729 πάντας
1076 1664 1391 1741 διαλαληθῇ
1448 1670 1557 1741 (82)
1588 1667 1653 1722 τὰ
1703 1666 2047 1745 προφητευό-

391 1779 548 1833 μενα.
580 1755 809 1819 Ἠσαίας
866 1757 960 1829 μὲν
1013 1755 1114 1832 γὰρ
1167 1755 1225 1810 ἃν
1263 1753 1399 1818 ’ίσως
1451 1757 1755 1828 ἠπιστήθη,
1799 1757 1833 1827 ἢ
1867 1755 2048 1834 φθόνῳ

383 1853 494 1904 τῶν
524 1847 645 1903 κατ’
688 1846 851 1902 αὐτὸν
903 1846 1227 1916 ἀνθρώπων,
1260 1844 1297 1915 ἢ
1326 1848 1395 1919 τῇ
1441 1843 1613 1919 λοιπῃ
1646 1845 1769 1922 περί
1799 1846 1890 1900 τὸν
1929 1845 2042 1920 βίον

2153 702 2279 742 sum
2311 689 2426 743 dici
2462 697 2652 761 potest
2682 694 2752 749 de
2783 695 3017 751 Domini
3048 698 3338 756 descensu
3365 717 3379 754 :
3413 702 3477 755 Et
3495 704 3593 774 qui
3611 719 3808 760 ascen-

2155 776 2258 844 dit,
2288 778 2402 848 ipse
2430 782 2509 833 est
2538 796 2704 850 super
2732 798 2916 838 omnes
2953 787 3109 841 vietos
3139 788 3205 843 ⁸⁵.

2229 865 2350 955 199.
2387 870 2563 923 Vens.
2600 871 2684 924 12.
2714 873 2780 926 Et
2808 872 2957 929 dixit
2986 876 3201 932 Aonas:
3236 878 3352 932 Non
3378 882 3586 949 petam,
3637 898 3814 955 neque

2154 954 2370 1010 tentabo
2400 957 2715 1013 Dominum.
2768 960 2866 1015 Dei
2886 962 3123 1031 quidem
3149 966 3370 1022 donum
3391 984 3672 1041 magnum
3699 954 3808 1037 est,

2157 1041 2437 1114 divesque
2468 1051 2525 1101 et
2556 1046 2805 1118 largum.
2837 1050 3027 1106 Aehaz
3056 1060 3248 1109 autem
3281 1060 3482 1126 utpote
3507 1074 3722 1131 magna
3750 1066 3810 1117 et

2157 1130 2417 1188 caelestia
2472 1150 2784 1205 exposcere
2834 1140 3095 1195 nondum
3144 1144 3407 1210 edoctus,
3440 1130 3701 1215 querere
3729 1149 3809 1205 si-

2157 1236 2337 1292 gnum
2369 1228 2621 1290 recusat,
2656 1226 2811 1297 quod
2840 1225 2899 1282 id
2930 1236 3235 1299 superaret
3264 1231 3587 1291 humanam
3632 1242 3805 1293 natu-

2159 1326 2307 1378 ram,
2341 1311 2428 1366 vel
2456 1314 2610 1383 quod
2643 1316 2884 1387 exsequi
2917 1316 3090 1372 vellet
3121 1321 3488 1388 mandatum,
3531 1328 3685 1395 quod
3718 1326 3808 1381 di-

2158 1398 2274 1455 cit:
2307 1400 2422 1455 Non
2454 1402 2688 1458 tentabis
2717 1404 3009 1460 Dominum
3039 1407 3212 1463 Deum
3269 1414 3426 1465 tuum
3456 1411 3522 1467 ⁸⁸.
3574 1413 3810 1470 Sermo-

2158 1504 2262 1544 nes
2293 1494 2488 1545 autem
2514 1491 2611 1561 qui
2644 1492 2825 1548 tantis
2858 1494 2929 1549 de
2962 1495 3138 1551 rebus
3170 1496 3481 1571 habentur,
3534 1501 3656 1574 regi
3706 1503 3811 1574 qui

2158 1582 2297 1632 tunc
2328 1578 2676 1650 imperabat,
2710 1583 2976 1654 apposite
3004 1591 3062 1639 et
3105 1584 3331 1643 utiliter
3377 1587 3550 1655 ﬁunt,
3595 1596 3661 1645 ut
3709 1608 3814 1663 per

2157 1665 2350 1737 ipsum
2412 1668 2614 1725 isthaec
2660 1670 2935 1726 vaticinia
2978 1674 3038 1727 in
3089 1690 3295 1730 omnes
3345 1676 3810 1749 divulgarentur.

2158 1758 2326 1810 Forte
2356 1757 2514 1812 enim
2545 1757 2634 1812 vel
2668 1759 2738 1813 ob
2772 1760 2924 1816 528
2957 1760 3266 1818 hominum
3290 1764 3393 1819 illa
3412 1771 3583 1822 aetate
3604 1767 3814 1840 degen-

2158 1844 2306 1898 tium
2341 1845 2646 1913 invidiam,
2679 1847 2766 1901 vel
2799 1848 2871 1903 ob
2902 1848 3192 1921 reliquam
3223 1853 3352 1907 vita
3386 1853 3810 1929 humilitatem,

382 1936 771 2007 ταπεινότητι,
824 1935 899 1997 ὡς
953 1912 1028 2007 μη
1091 1912 1380 2006 δεξάμενος
1432 1942 1531 2004 τῆς
1589 1912 1889 2007 έπιδημίας
1929 1912 2040 1988 ’τοῦ

2156 1933 2363 1989 fuisset
2393 1934 2553 1989 Isaiae
2586 1936 2869 2008 denegata
2892 1912 3059 2005 ﬁdes,
3083 1940 3253 2011 quasi
3278 1958 3310 1996 a
3330 1941 3579 1999 Domino
3601 1912 3810 2002 oracli:

387 2023 753 2101 Ἐμμανουὴλ
795 2023 940 2099 παρὰ
984 2027 1081 2077 τοῦ
1135 2023 1341 2098 Κυρίου
1371 2023 1785 2099 χρηματισμὸν,
1826 2020 1952 2077 ἀλλ’
1982 2022 2042 2077 ἐκ

382 2123 484 2186 τῆς
539 2113 682 2178 ἰδίας
729 2110 954 2187 καρδίας
1001 2111 1313 2175 ἀναπλάσας
1355 2112 1449 2167 τὸν
1509 2110 1698 2188 λόγον.
1754 2112 1928 2187 ’Λχᾶζ
1984 2108 2041 2166 δὲ

385 2205 560 2267 οὕτως
607 2201 822 2273 ἐδέξατο
869 2202 969 2270 τὴν
1021 2201 1145 2277 περί
1197 2205 1304 2256 τῶν
1363 2199 1632 2274 ἐσομένων
1681 2199 2038 2277 προφητείαν,

381 2295 457 2360 ὡς
502 2288 711 2363 Λάϐαν,
761 2292 836 2354 ὡς
890 2285 1220 2365 Ἀϐιμέλεχ,
1274 2290 1350 2351 ὡς
1400 2283 1914 2366 Ναϐουχοδονόσορ,
1967 2289 2040 2351 ὡς

380 2382 609 2461 Φαραὼ,
641 2381 716 2443 ὡς
766 2381 1019 2456 Καϊάφας
1062 2379 1124 2434 τὸ
1172 2377 1507 2448 τελευταῖον,
1541 2378 1601 2433 o6
1656 2376 1745 2433 διὰ
1792 2381 1892 2449 τήν
1941 2382 2038 2433 τοῦ

379 2471 502 2550 βίου
554 2469 733 2543 ἀξίαν,
778 2469 902 2524 ὅσον
951 2465 1043 2522 διὰ
1089 2468 1189 2538 τὴν
1258 2465 1318 2522 ἐκ
1361 2472 1460 2522 τοῦ
1517 2467 1826 2541 ἀξιώματος
1865 2488 2037 2543 προσ-

379 2566 542 2618 οῦσαν
604 2559 757 2632 αὐτῷ
814 2556 1194 2630 ἀξιοπιστίαν.
1251 2556 1330 2614 ()6
1389 2557 1494 2633 γὰρ
1553 2554 1620 2627 δὴ
1683 2559 1796 2632 (83)
1850 2556 2036 2613 εὐλα-

376 2646 500 2723 ϐείᾳ
556 2649 665 2704 τινὶ
735 2652 1036 2723 παρῃτεῖτο
1111 2646 1212 2714 τὴν
1285 2642 1498 2715 αῖτησιν
1562 2650 1660 2701 τοῦ
1718 2648 1952 2719 σημείου
2009 2647 2037 2702 6

378 2738 577 2817 Ἀχάζ.
613 2737 677 2796 Εἰ
721 2738 824 2814 γὰρ
877 2737 981 2792 οὐκ
1027 2735 1096 2805 ἦν
1141 2734 1289 2809 αὐτῷ
1339 2734 1635 2812 συμφέρον,
1679 2732 1797 2791 οὐδ’
1850 2734 1912 2791 ἂν
1944 2735 2038 2792 ἑπ-

377 2831 528 2901 ἐταξε
574 2830 673 2898 τὴν
725 2827 910 2903 ἀρχὴν
947 2826 974 2880 ὁ
1000 2824 1149 2888 Θεός.
1201 2824 1299 2881 Διὰ
1341 2830 1505 2881 τοῦτο
1554 2825 1739 2880 καὶτὰ
1781 2825 2038 2903 ἐπιφερό-

380 2939 517 2994 μενα
570 2916 777 2992 μέμψιν
819 2914 1089 2991 περιέχει,
1119 2915 1219 2983 τὴν
1263 2915 1338 2977 είς
1369 2915 1460 2970 τὸν
1502 2913 1702 2991 Ἀχάζ.
1744 2914 2037 2990 Ἀποστρέ-

377 3012 484 3083 ψας
530 3008 631 3084 γὰρ
689 3006 783 3062 τὸν
836 3003 1000 3082 λόγον
1064 3003 1153 3060 ἐπὶ
1207 3004 1298 3059 τὸν
1346 3007 1458 3079 (84)
1502 2998 1692 3076 Δαϐὶδ,
1745 3002 2040 3062 ’Δκούσατε

383 3095 478 3167 δὴ,
538 3094 727 3170 φησὶν,
785 3094 932 3157 οἶκος
1006 3087 1194 3150 Δαϐίδ.
1245 3094 1335 3163 Μὴ
1408 3094 1602 3170 μικρὸν
1673 3092 1799 3168 ὑμῖν
1878 3114 2035 3169 παρ-

388 3186 535 3261 έχειν
593 3184 901 3258 ἀνθρώποις
952 3184 1139 3258 ἀγῶνα
1174 3207 1189 3252 ς
1219 3181 1308 3237 καὶ
1341 3186 1456 3244 πῶς
1488 3182 1669 3257 Κυρίῳ
1714 3182 1983 3259 παρέχετε
2016 3201 2030 3252 ;

2138 2020 2274 2087 ,lum
2312 2039 2425 2078 non
2458 2025 2782 2096 excepisset
2814 2027 2884 2081 de
2922 2026 3324 2086 Emmanuelis
3375 2032 3649 2103 adventu,
3700 2036 3804 2092 sed

2152 2112 2534 2168 conﬁnxisset
2564 2113 2717 2169 hunc
2749 2130 3104 2184 sermonem,
3124 2122 3302 2191 atque
3322 2136 3352 2174 e
3375 2124 3609 2193 proprio
3631 2125 3804 2181 corde

2150 2200 2628 2274 deprompsisset.
2691 2203 2884 2258 Achaz
2931 2210 3150 2261 auttem
3202 2209 3423 2281 recepit
3466 2210 3803 2270 futurorum

2150 2289 2587 2361 praedictionem
2618 2291 2772 2347 sicut
2804 2293 2999 2349 Laban
3030 2295 3095 2365 ⁸⁷,
3131 2296 3467 2354 Abimeleeh
3500 2300 3565 2372 ⁸⁸,
3597 2302 3799 2358 Nabu-

2150 2378 2516 2434 chodonosor
2544 2379 2608 2448 ³ο,
2631 2381 2857 2437 Pharao
2875 2383 3012 2450 9°,ac
3031 2385 3266 2440 tandem
3290 2387 3444 2443 sicut
3465 2388 3718 2462 Caiphae
3735 2391 3805 2458 ⁸³,

2151 2484 2267 2522 non
2300 2473 2536 2540 propter
2566 2470 2691 2524 vitae
2724 2470 3025 2539 meritum,
3059 2474 3163 2529 sed
3195 2476 3349 2547 quod
3383 2478 3512 2548 ejus
3543 2478 3805 2552 dignitas

2150 2573 2284 2612 eum
2318 2557 2434 2613 fide
2466 2558 2707 2628 dignum
2758 2560 3045 2616 redderet.
3095 2565 3222 2618 Non
3273 2564 3430 2621 enim
3484 2567 3808 2626 reverentia

2148 2649 2207 2701 et
2236 2645 2514 2718 religione
2562 2646 2680 2703 ulla
2717 2647 2997 2705 inductus
3046 2650 3235 2707 Achaz
3280 2653 3607 2726 refugiebat
3637 2673 3672 2712 ει
3701 2674 3806 2729 pe—

2136 2736 2327 2809 .tendo
2358 2735 2547 2809 signo.
2582 2736 2830 2804 Etenim,
2866 2738 2916 2793 si
2948 2738 3005 2793 id
3038 2739 3086 2794 ei
3121 2756 3233 2795 non
3267 2741 3480 2798 fuisset
3523 2744 3805 2801 conduci-

2150 2823 2286 2889 bile,
2320 2841 2391 2879 ne
2423 2825 2588 2880 initio
2618 2825 2858 2897 quidem
2904 2826 3015 2883 hoc
3062 2828 3176 2900 ipsi
3224 2831 3494 2902 praecepti
3544 2832 3806 2890 dedisset

2149 2916 2321 2968 Deus.
2351 2915 2715 2985 Quapropter
2743 2932 2869 2986 quae
2901 2916 3364 2989 subjunguntur,
3390 2921 3799 2992 reprehensio-

2147 3019 2281 3058 nem
2312 3003 2613 3059 continent
2655 3004 2936 3060 adversus
2970 3006 3180 3061 Achaz.
3230 3005 3374 3063 Nam
3419 3025 3690 3067 sermone
3739 3012 3801 3067 in

2146 3091 2423 3147 Davidem
2456 3091 2702 3159 deflexo,
2734 3092 2817 3148 ait
2847 3092 3040 3162 (Vens.
3077 3095 3163 3166 13)
3191 3111 3203 3150 :
3236 3096 3435 3153 Audite
3462 3115 3631 3168 nunc,
3694 3101 3798 3157 do-

2144 3197 2268 3236 mus
2293 3181 2487 3236 David.
2519 3181 2779 3252 Nunquid
2804 3178 3007 3252 parum
3036 3188 3116 3239 est
3140 3185 3284 3239 vobis
3321 3187 3579 3243 exhibere
3617 3189 3798 3245 homi-

387 3274 488 3330 Διὰ
514 3274 616 3350 γὰρ
663 3271 875 3328 τούτων
920 3273 1051 3347 πρὸς
1097 3272 1161 3328 τὸ
1208 3272 1421 3336 ἀπειθὲς
1470 3268 1616 3327 ἔοικε
1669 3269 2036 3348 δυσχεραίνειν

2152 3271 2311 3325 nibus
2340 3269 2650 3325 molestiam
2672 3270 2699 3324 ?
2726 3273 2779 3324 et
2806 3269 3069 3341 quomodo
3099 3271 3325 3329 Domino
3356 3275 3625 3331 exhibetis
3643 3279 3669 3330 ?
3697 3275 3803 3333 His

380 3369 482 3420 τοῦ
509 3363 701 3441 ’Λχάζ.
735 3361 1059 3438 Τρανότερον
1110 3358 1168 3416 δέ
1219 3381 1338 3423 πως
1383 3359 1631 3438 ἐμφαίνει
1661 3362 1759 3431 τὴν
1795 3358 2032 3416 διάνοιαν

377 3453 583 3523 ταύτην
640 3451 798 3528 ἑτέρα
850 3444 1063 3514 ἔκδοσις
1121 3452 1238 3525 (85)
1287 3449 1531 3505 εἰποῦσα·
1576 3449 1668 3518 Μὴ
1720 3447 1906 3527 ὀλίγον
1950 3450 2040 3530 ἀφ’

378 3542 534 3616 ὑμῶν
599 3543 844 3616 μοχθοῦν
925 3537 1162 3614 ἄνδρας,
1221 3537 1305 3594 ὅτι
1362 3543 1621 3615 μοχθεῖτε
1681 3538 1772 3594 καὶ
1830 3560 1893 3615 γε
1942 3541 2035 3595 τὸν

376 3630 507 3686 Θεόν
543 3648 558 3699 ;
595 3634 716 3691 Πῶς
749 3626 809 3683 δὲ
856 3632 974 3700 Θεῷ
1020 3627 1208 3703 ἀγῶνα
1254 3628 1483 3703 παρέχει
1533 3623 1838 3703 ἄνθρωπος,
1885 3626 2034 3705 ε’ίπερ

370 3722 406 3790 ἡ
439 3717 650 3795 ἀγωνία
692 3711 865 3788 φόϐος
912 3714 1025 3771 ἐστὶ
1071 3714 1425 3777 διαπτώσεως
1457 3735 1471 3786 ;
1504 3713 1682 3771 Ἀλλά
1710 3720 1870 3772 τοῦτο
1903 3717 2033 3794 οὐχί

370 3809 545 3872 πάθος
575 3806 704 3883 περὶ
733 3806 827 3861 τὸν
860 3805 989 3861 Θεὸν
1019 3802 1188 3882 λέγει,
1219 3803 1366 3861 ἀλλὰ
1393 3804 1493 3873 τήν
1541 3802 1894 3859 ἀντιδιάθεσιν
1925 3811 2033 3861 τῶν

372 3896 784 3970 ἆνθισταμένων
833 3893 998 3950 αὐτοῦ
1045 3900 1164 3956 τοῖς
1214 3892 1594 3970 προστάγμασι
1650 3891 1740 3949 διὰ
1784 3900 1886 3964 τῆς
1933 3899 2030 3951 τοῦ

370 3986 589 4063 ἀγῶνος
618 3983 992 4062 προσηγορίας
1020 3983 1368 4061 παρίστησιν.

2149 3360 2353 3431 utique
2396 3358 2588 3414 verbis
2637 3357 2867 3414 videtur
2910 3359 3195 3432 propheta
3244 3363 3548 3434 aegerrime
3594 3364 3805 3423 tulisse

2148 3447 2581 3504 contumaciam
2614 3448 2824 3503 Achaz.
2858 3447 3018 3504 Hanc
3058 3454 3254 3506 autem
3310 3454 3664 3510 sententiam
3714 3472 3806 3512 ex-

2148 3536 2446 3609 planatius
2477 3535 2751 3607 eXprimit
2790 3535 2966 3592 editio
3017 3536 3224 3605 altera,
3275 3557 3402 3613 quae
3454 3542 3539 3598 sic
3589 3542 3803 3601 habet:

2146 3626 2404 3699 Nunquid
2431 3642 2634 3696 parum
2663 3642 2695 3680 a
2738 3626 2886 3681 vobis
2935 3627 3188 3684 molestia
3236 3630 3400 3700 afﬁci
3447 3633 3615 3703 viros,
3664 3635 3801 3705 quia

2144 3717 2403 3771 molestia
2429 3716 2598 3770 etiam
2631 3714 2854 3786 afﬁcitis
2887 3716 3057 3771 Deum
3078 3720 3103 3770 .9
3131 3720 3436 3784 Quomodo
3468 3726 3661 3778 autem
3700 3722 3803 3780 ho-

2143 3821 2239 3861 mo
2272 3804 2509 3860 facessit
2541 3808 2651 3859 Deo
2684 3803 3008 3876 negotium,
3042 3821 3174 3861 cum
3199 3807 3481 3880 aegritudo
3504 3813 3697 3866 metus
3718 3812 3799 3868 sit

2142 3894 2325 3949 ruinas
2358 3897 2533 3964 atque
2562 3891 2871 3948 infortunii
2898 3893 2926 3949 ?
2956 3893 3175 3951 Verum
3206 3894 3357 3952 hanc
3389 3897 3505 3955 Deo
3538 3898 3795 3958 affectio-

2141 3999 2275 4038 nem
2308 3997 2683 4054 nequaquam
2716 3981 2947 4050 tribuit,
2979 3983 3083 4039 sed
3114 4000 3219 4055 per
3247 3983 3393 4042 illud
3424 3987 3790 4060 egritudinis

2135 4070 2489 4128 vocabulum
2521 4068 2780 4126 ostendit
2807 4070 3073 4127 animum
3102 4088 3328 4141 eorum,
3361 4074 3463 4146 qui
3487 4077 3616 4148 ejus
3638 4094 3785 4151 prm-

2135 4159 2320 4234 ceptis
2361 4159 2749 4231 refragantur,
2782 4160 3093 4217 adversum
3122 4178 3251 4219 esse
3280 4166 3337 4219 et
3363 4162 3684 4223 infensum.

440 4257 569 4312 200.
604 4253 702 4310 Διὰ
771 4258 934 4310 τοῦτο
1001 4252 1164 4310 δώσει
1234 4256 1433 4330 Κυριος
1464 4339 1480 4345 Α
1505 4253 1667 4317 αὐτὸς
1726 4258 1855 4345 υμῖν
1886 4343 1893 4345 ᾇ
1925 4273 2026 4345 ση-

2208 4250 2332 4305 200.
2374 4248 2552 4304 Vens.
2609 4248 2697 4303 44.
2749 4249 2980 4321 Pr0pter
3020 4249 3119 4306 hoc
3164 4251 3321 4307 dabit
3362 4252 3630 4308 Dominus
3678 4256 3798 4328 ipse

378 4348 556 4419 μεῖον.
590 4344 696 4399 Καὶ
729 4344 806 4417 μὴ
857 4342 1224 4417 αἰτουμένοις,
1259 4343 1413 4417 φησὶ,
1461 4339 1643 4401 δώσει.
1676 4341 1781 4399 Κᾶν
1830 4343 1907 4416 μή
1942 4342 2029 4397 εὐ-

2152 4340 2287 4397 vobis
2316 4339 2557 4409 signum.
2621 4337 2814 4405 Dabit,
2868 4338 3080 4410 inquit,
3130 4339 3218 4395 vel
3269 4358 3384 4397 non
3435 4342 3797 4414 petentibus.

374 4432 536 4508 ρίσκῃ
568 4432 661 4487 τὸν
710 4439 812 4503 τῆς
857 4429 1142 4509 ὓποδοχῆς
1189 4433 1359 4503 ἀξιον,
1408 4431 1535 4489 ἀλλ’
1585 4431 1759 4506 ὅμως,
1806 4431 1897 4487 διὰ
1927 4435 2028 4505 τὴν

2152 4430 2386 4486 Etiamsi
2418 4445 2534 4483 non
2568 4428 2820 4500 reperiat
2849 4446 3209 4503 quemquam
3241 4431 3484 4504 dignum
3514 4433 3615 4506 qui
3648 4434 3799 4490 reci-

371 4522 799 4597 προωρισμένην
832 4522 1148 4596 οἱκονομίαν
1195 4527 1296 4591 τῆς
1346 4517 1436 4575 διὰ
1483 4521 1682 4592 σαρκὸς
1724 4523 2031 4598 γεννήσεως

2152 4521 2287 4595 piat,
2320 4518 2707 4576 nihilominus
2739 4524 2961 4587 tamen,
2989 4521 3063 4576 ob
3096 4522 3445 4594 praeﬁnitam
3487 4524 3800 4598 dispensa-

370 4614 470 4665 τοῦ
503 4610 730 4684 Κυρίου,
756 4610 944 4679 αὐτὸς,
968 4611 1122 4690 φησί,
1148 4607 1308 4665 δώσει
1340 4608 1535 4685 Κύριος
1564 4611 1593 4665 6
1623 4611 1753 4675 Θεὸς
1781 4618 2033 4685 σημεῖον.

2152 4609 2361 4665 tionem
2395 4606 2650 4678 carnalis
2680 4613 2843 4663 ortus
2874 4608 3129 4678 Domini,
3164 4611 3309 4682 ipse,
3343 4610 3559 4683 inquit,
3601 4613 3801 4669 Domi-

375 4697 530 4757 Ἔδει
565 4699 663 4773 μὶν
694 4699 796 4776 γὰρ
830 4705 1065 4755 συνεῖναι
1114 4700 1208 4755 τὸν
1260 4698 1452 4775 Ἀχὰζ,
1504 4697 1587 4753 ὅτι
1638 4697 1817 4769 ἄλλην
1861 4700 1929 4755 τὰ
1958 4702 2040 4757 ἀν-

2152 4716 2262 4755 nus
2294 4704 2445 4754 Deus
2477 4697 2640 4753 dabit
2670 4697 2931 4769 signum.
2965 4697 3361 4755 Conveniebat
3389 4701 3545 4756 enim
3608 4706 3671 4758 ut
3718 4703 3804 4758 in-

376 4789 626 4863 θρώπινα
665 4785 958 4860 διόρθωσιν
1010 4788 1110 4843 οὐκ
1157 4785 1491 4862 ἐπιδέχεται,
1542 4786 1588 4842 εἷ
1624 4789 1701 4861 μὴ
1744 4785 1837 4843 διὰ
1867 4790 2039 4862 μόνης

374 4883 473 4946 τῆς
510 4880 610 4932 τοῦ
659 4881 794 4932 Θεοῦ
838 4877 1021 4952 Λόγου
1072 4876 1152 4941 εἷς
1197 4877 1516 4951 ἀνθρώπους
1566 4873 1886 4949 ἐπιδημίας,
1946 4880 2033 4933 καὶ

375 4962 694 5035 αἴτῆσαι“τὸ
725 4964 801 5027 εἷς
848 4964 1010 5040 βάθος
1060 4963 1096 5034 ἢ
1149 4965 1225 5028 εἷς
1275 4964 1410 5040 ὕψος
1441 4970 1692 5039 σημεῖον.
1727 4963 1949 5036 Ἐπειδὴ
1983 4964 2040 5022 δὲ

384 5053 597 5124 ἀνάξιον
656 5045 861 5128 ἔκρινεν
920 5053 1132 5123 ἑαυτὸν,
1186 5052 1526 5117 ἀπαιδεύτως
1585 5053 1729 5130 ἔχων
1786 5061 1887 5124 τῆς
1928 5060 2036 5110 τῶν

384 5143 637 5221 μεγάλων
671 5141 762 5196 καὶ
793 5141 1060 5219 οὐρανίων
1112 5143 1356 5217 σημείων
1407 5142 1701 5217 αἰτήσεως,
1736 5140 1826 5199 διὰ
1874 5144 2038 5200 τοῦτό

450 5259 984 5332 “Ephes._1v,40.
1061 5260 1105 5297 ετ
1136 5261 1280 5318 ibid.
1358 5261 1712 5326 "Deut.v1,
1746 5262 1833 5318 16.

376 5349 493 5400 xm,
526 5330 596 5389 1.“
658 5332 702 5368 ⁰ί
736 5330 906 5388 Joan.
939 5350 1023 5405 x1,
1052 5334 1145 5391 51.

1935 5264 1979 5299 ⁸⁷
2010 5263 2152 5321 Gen.
2184 5277 2340 5333 xxxx,
2369 5259 2462 5317 24.

2148 4789 2439 4860 telligeret
2470 4786 2661 4842 Achaz
2694 4804 2783 4843 res
2816 4787 3106 4844 humanas
3138 4806 3250 4844 non
3285 4789 3455 4846 aliter
3501 4791 3803 4848 emendari

2150 4893 2320 4948 posse
2355 4876 2465 4931 nisi
2501 4893 2603 4947 per
2629 4875 2822 4931 solum
2854 4875 2954 4931 Dei
2987 4875 3157 4933 Verbi
3189 4878 3261 4932 ad
3294 4895 3399 4933 nos
3440 4881 3756 4935 adventum
3786 4898 3800 4949 ;

2150 4983 2217 5021 ac
2249 4969 2469 5037 peteret
2501 4966 2739 5037 signum
2786 4964 2845 5020 in
2897 4966 3280 5037 profundum,
3330 4971 3431 5021 aut
3482 4967 3543 5022 in
3589 4967 3802 5025 altum.

2149 5055 2438 5122 Quoniam
2471 5059 2670 5109 autem
2702 5070 2831 5109 sese
2855 5054 3165 5125 judicabat
3192 5055 3526 5128 indignum,
3547 5057 3810 5129 quando-

2149 5144 2388 5216 quidem
2440 5159 2751 5215 exposcere
2802 5159 3018 5216 magna
3064 5148 3121 5200 et
3166 5144 3425 5201 ccelestia
3471 5145 3645 5219 signa
3692 5162 3808 5202 non

2565 5257 2610 5295 ⁸⁸
2639 5261 2780 5315 Gen.
2813 5276 2909 5327 xx,
2938 5260 2993 5326 3,
3096 5234 3142 5296 έθ
3167 5260 3314 5318 Dan.
3345 5277 3409 5333 ιι,
3442 5262 3494 5317 1.
3589 5262 3634 5299 ⁹⁰
3664 5261 3812 5320 Gen.

454 5446 569 5516 (82)
601 5444 699 5521 Sic
729 5446 1085 5521 mssLEditi,
1117 5442 1374 5521 διαλυθῇ.
1407 5450 1535 5521 Mox
1566 5452 1767 5504 nostra
1796 5449 1972 5506 editio
1995 5453 2040 5504 et

2158 5450 2302 5519 quot
2332 5462 2504 5515 mss.,
2541 5441 2806 5498 ἀκούσατε
2854 5439 2944 5513 δή.
2993 5442 3218 5502 Vocula
3269 5441 3335 5515 δή
3382 5447 3445 5503 in
3487 5447 3662 5505 editis
3707 5448 3812 5505 de-

381 5518 528 5594 Reg.
561 5517 810 5594 tertius,
828 5518 937 5571 τῶν
965 5519 1084 5572 κατ’
1139 5517 1343 5575 αὐτῶν.
1397 5520 1511 5576 Alii
1568 5522 1831 5594 quinque
1877 5538 2049 5590 mss.,

381 5585 503 5644 τῶν
525 5587 647 5643 κατ’
677 5585 841 5642 αὐτόν
852 5628 865 5642 .

462 5661 580 5733 (85)
610 5660 706 5718 Sic
739 5677 886 5717 mss.
919 5660 1129 5717 nostri.
1162 5663 1383 5722 Vocula
1412 5658 1478 5735 δή
1509 5664 1570 5721 in
1602 5664 1777 5721 editis
1822 5663 2052 5721 deside-

387 5739 520 5790 ratu
533 5751 576 5788 r.

464 5804 583 5882 (84)
610 5801 788 5877 Editi,
819 5799 910 5859 ἐπὶ
938 5804 1059 5862 τοῦ.
1090 5806 1164 5865 At
1189 5820 1360 5874 mss.,
1392 5802 1481 5861 ἰπὶ
1536 5804 1653 5866 τόν.
1695 5806 1908 5867 Statim
1945 5805 2053 5863 ali-

2157 5525 2494 5662 erittiblHoc
2521 5586 2646 5643 loco
2677 5584 2922 5662 indicari
2953 5586 3269 5662 editionem
3303 5589 3546 5659 Aquilae,
3575 5589 3693 5662 vel
3741 5591 3813 5646 de

2161 5657 2410 5735 Eusebio
2431 5659 2704 5735 cognosci
2719 5662 2938 5735 potest.
2964 5657 3430 5735 Aliquantopobt
3445 5659 3811 5735 editi,K6pioq

2161 5732 2345 5792 αὐτοῖς
2406 5729 2659 5805 σημεῖον.
2718 5729 2859 5802 Reg.
2919 5729 3167 5805 primus,
3228 5729 3425 5805 Κύριος
3478 5731 3657 5799 ,αὐτὸς
3695 5729 3811 5804 ’ση-

2163 5809 2337 5881 μεῖον.
2368 5801 2494 5861 Alii
2518 5802 2781 5876 quinque
2810 5801 2955 5860 inse.
2988 5803 3078 5861 uti
3107 5804 3167 5863 in
3206 5801 3500 5864 contextu.
