  <div class='ocr_page' id='page_1' title='image "/cluster/home/n/w/nwhite01/storage/ocr_20150623/30:no.2/coo.31924054873116/243.png"; bbox 0 0 4138 6368; ppageno 0'>
   <div class='ocr_carea' id='block_1_1' title="bbox 361 388 484 455">
    <p class='ocr_par' dir='ltr' id='par_1_1' title="bbox 361 388 484 455">
     <span class='ocr_line' id='line_1_1' title="bbox 361 388 484 455; baseline 0 0"><span class='ocrx_word' id='word_1_1' title='bbox 361 388 484 455; x_wconf 61' lang='grc'>163</span> 
     </span>
    </p>
   </div>
   <div class='ocr_carea' id='block_1_2' title="bbox 366 514 2297 592">
    <p class='ocr_par' dir='ltr' id='par_1_2' title="bbox 366 514 2297 592">
     <span class='ocr_line' id='line_1_2' title="bbox 366 514 2297 592; baseline -0.009 -11"><span class='ocrx_word' id='word_1_2' title='bbox 366 526 624 592; x_wconf 82' lang='lat' dir='ltr'>noverat,</span> <span class='ocrx_word' id='word_1_3' title='bbox 657 522 872 579; x_wconf 90' lang='lat' dir='ltr'>idcirco</span> <span class='ocrx_word' id='word_1_4' title='bbox 917 521 1033 577; x_wconf 87' lang='lat' dir='ltr'>ait:</span> <span class='ocrx_word' id='word_1_5' title='bbox 1090 520 1248 575; x_wconf 82' lang='lat' dir='ltr'>Dabit</span> <span class='ocrx_word' id='word_1_6' title='bbox 1299 518 1564 574; x_wconf 75' lang='lat' dir='ltr'>Dominus</span> <span class='ocrx_word' id='word_1_7' title='bbox 1585 517 1699 587; x_wconf 85' lang='lat' dir='ltr'>ipse</span> <span class='ocrx_word' id='word_1_8' title='bbox 1746 514 1894 570; x_wconf 83' lang='lat' dir='ltr'>vobis</span> <span class='ocrx_word' id='word_1_9' title='bbox 1926 514 2004 569; x_wconf 79' lang='grc' dir='ltr'>εἰ·</span> <span class='ocrx_word' id='word_1_10' title='bbox 2035 516 2091 583; x_wconf 75' lang='grc' dir='ltr'><strong>Α</strong></span> <span class='ocrx_word' id='word_1_11' title='bbox 2120 533 2252 589; x_wconf 76' lang='grc' dir='ltr'>φησι</span> <span class='ocrx_word' id='word_1_12' title='bbox 2296 534 2297 537; x_wconf 53' lang='grc' dir='ltr'>η</span> 
     </span>
    </p>
   </div>
   <div class='ocr_carea' id='block_1_3' title="bbox 353 603 2011 685">
    <p class='ocr_par' dir='ltr' id='par_1_3' title="bbox 353 603 2011 685">
     <span class='ocr_line' id='line_1_3' title="bbox 353 603 2011 685; baseline -0.008 -14"><span class='ocrx_word' id='word_1_13' title='bbox 353 631 566 685; x_wconf 86' lang='lat' dir='ltr'>gnum,-</span> <span class='ocrx_word' id='word_1_14' title='bbox 596 630 714 669; x_wconf 93' lang='lat' dir='ltr'>non</span> <span class='ocrx_word' id='word_1_15' title='bbox 746 628 847 685; x_wconf 87' lang='lat' dir='ltr'>per</span> <span class='ocrx_word' id='word_1_16' title='bbox 877 611 1133 682; x_wconf 82' lang='lat' dir='ltr'>aliquem</span> <span class='ocrx_word' id='word_1_17' title='bbox 1168 623 1427 676; x_wconf 89' lang='lat' dir='ltr'>servum,</span> <span class='ocrx_word' id='word_1_18' title='bbox 1488 609 1591 660; x_wconf 90' lang='lat' dir='ltr'>aut</span> <span class='ocrx_word' id='word_1_19' title='bbox 1641 603 2011 671; x_wconf 87' lang='lat' dir='ltr'>ministrum,</span> 
     </span>
    </p>
   </div>
   <div class='ocr_carea' id='block_1_4' title="bbox 357 691 2015 769">
    <p class='ocr_par' dir='ltr' id='par_1_4' title="bbox 357 691 2015 769">
     <span class='ocr_line' id='line_1_4' title="bbox 357 691 2015 769; baseline -0.008 -8"><span class='ocrx_word' id='word_1_20' title='bbox 357 708 459 761; x_wconf 88' lang='lat' dir='ltr'>aut</span> <span class='ocrx_word' id='word_1_21' title='bbox 490 702 774 759; x_wconf 79' lang='lat' dir='ltr'>famulum</span> <span class='ocrx_word' id='word_1_22' title='bbox 805 702 925 769; x_wconf 87' lang='lat' dir='ltr'>dat,</span> <span class='ocrx_word' id='word_1_23' title='bbox 962 699 1059 754; x_wconf 88' lang='lat' dir='ltr'>sed</span> <span class='ocrx_word' id='word_1_24' title='bbox 1094 698 1219 768; x_wconf 87' lang='lat' dir='ltr'>ipse</span> <span class='ocrx_word' id='word_1_25' title='bbox 1270 711 1372 767; x_wconf 90' lang='lat' dir='ltr'>per</span> <span class='ocrx_word' id='word_1_26' title='bbox 1423 711 1525 762; x_wconf 87' lang='lat' dir='ltr'>se;</span> <span class='ocrx_word' id='word_1_27' title='bbox 1575 698 1639 748; x_wconf 92' lang='lat' dir='ltr'>ut</span> <span class='ocrx_word' id='word_1_28' title='bbox 1686 691 1823 747; x_wconf 90' lang='lat' dir='ltr'>doni</span> <span class='ocrx_word' id='word_1_29' title='bbox 1879 692 2015 747; x_wconf 85' lang='lat' dir='ltr'>inde</span> 
     </span>
    </p>
   </div>
   <div class='ocr_carea' id='block_1_5' title="bbox 356 775 2017 860">
    <p class='ocr_par' dir='ltr' id='par_1_5' title="bbox 356 775 2017 860">
     <span class='ocr_line' id='line_1_5' title="bbox 356 775 2017 860; baseline -0.009 -11"><span class='ocrx_word' id='word_1_30' title='bbox 356 794 683 849; x_wconf 83' lang='lat' dir='ltr'>declaretur</span> <span class='ocrx_word' id='word_1_31' title='bbox 716 788 1078 860; x_wconf 86' lang='lat' dir='ltr'>magnitudo.</span> <span class='ocrx_word' id='word_1_32' title='bbox 1114 786 1342 840; x_wconf 85' lang='lat' dir='ltr'>Etenim</span> <span class='ocrx_word' id='word_1_33' title='bbox 1377 784 1565 856; x_wconf 84' lang='lat' dir='ltr'>legem</span> <span class='ocrx_word' id='word_1_34' title='bbox 1599 775 1893 837; x_wconf 69' lang='lat' dir='ltr'>ordinavit</span> <span class='ocrx_word' id='word_1_35' title='bbox 1914 796 2017 852; x_wconf 88' lang='lat' dir='ltr'>per</span> 
     </span>
    </p>
   </div>
   <div class='ocr_carea' id='block_1_6' title="bbox 357 871 2015 954">
    <p class='ocr_par' dir='ltr' id='par_1_6' title="bbox 357 871 2015 954">
     <span class='ocr_line' id='line_1_6' title="bbox 357 871 2015 954; baseline -0.01 -15"><span class='ocrx_word' id='word_1_36' title='bbox 357 882 617 954; x_wconf 82' lang='lat' dir='ltr'>angelos,</span> <span class='ocrx_word' id='word_1_37' title='bbox 650 881 709 934; x_wconf 91' lang='lat' dir='ltr'>in</span> <span class='ocrx_word' id='word_1_38' title='bbox 745 893 922 933; x_wconf 87' lang='lat' dir='ltr'>manu</span> <span class='ocrx_word' id='word_1_39' title='bbox 954 874 1299 931; x_wconf 82' lang='lat' dir='ltr'>mediatoris</span> <span class='ocrx_word' id='word_1_40' title='bbox 1325 872 1499 928; x_wconf 86' lang='lat' dir='ltr'>Mosis</span> <span class='ocrx_word' id='word_1_41' title='bbox 1521 873 1565 907; x_wconf 71' lang='grc' dir='ltr'>θ’</span> <span class='ocrx_word' id='word_1_42' title='bbox 1590 889 1602 927; x_wconf 88' lang='lat'><strong>:</strong></span> <span class='ocrx_word' id='word_1_43' title='bbox 1624 871 1861 942; x_wconf 87' lang='lat' dir='ltr'>signum</span> <span class='ocrx_word' id='word_1_44' title='bbox 1882 885 2015 924; x_wconf 89' lang='lat' dir='ltr'>vero</span> 
     </span>
    </p>
   </div>
   <div class='ocr_carea' id='block_1_7' title="bbox 358 959 2012 1040">
    <p class='ocr_par' dir='ltr' id='par_1_7' title="bbox 358 959 2012 1040">
     <span class='ocr_line' id='line_1_7' title="bbox 358 959 2012 1040; baseline -0.009 -13"><span class='ocrx_word' id='word_1_45' title='bbox 358 970 666 1040; x_wconf 89' lang='lat' dir='ltr'>deditipse</span> <span class='ocrx_word' id='word_1_46' title='bbox 696 966 896 1023; x_wconf 87' lang='lat' dir='ltr'>domui</span> <span class='ocrx_word' id='word_1_47' title='bbox 931 965 1137 1021; x_wconf 81' lang='lat' dir='ltr'>David.</span> <span class='ocrx_word' id='word_1_48' title='bbox 1170 964 1285 1019; x_wconf 88' lang='lat' dir='ltr'>Nec</span> <span class='ocrx_word' id='word_1_49' title='bbox 1309 964 1436 1034; x_wconf 88' lang='lat' dir='ltr'>jam</span> <span class='ocrx_word' id='word_1_50' title='bbox 1469 961 1583 1033; x_wconf 86' lang='lat' dir='ltr'>ipsi</span> <span class='ocrx_word' id='word_1_51' title='bbox 1604 960 1794 1014; x_wconf 87' lang='lat' dir='ltr'>Achaz</span> <span class='ocrx_word' id='word_1_52' title='bbox 1816 959 2012 1026; x_wconf 90' lang='lat' dir='ltr'>datur,</span> 
     </span>
    </p>
   </div>
   <div class='ocr_carea' id='block_1_8' title="bbox 358 1048 2018 1124">
    <p class='ocr_par' dir='ltr' id='par_1_8' title="bbox 358 1048 2018 1124">
     <span class='ocr_line' id='line_1_8' title="bbox 358 1048 2018 1124; baseline -0.008 -9"><span class='ocrx_word' id='word_1_53' title='bbox 358 1060 459 1115; x_wconf 87' lang='lat' dir='ltr'>sed</span> <span class='ocrx_word' id='word_1_54' title='bbox 494 1058 655 1113; x_wconf 89' lang='lat' dir='ltr'>omni</span> <span class='ocrx_word' id='word_1_55' title='bbox 687 1055 890 1111; x_wconf 83' lang='lat' dir='ltr'>domui</span> <span class='ocrx_word' id='word_1_56' title='bbox 929 1053 1099 1109; x_wconf 76' lang='lat' dir='ltr'>David</span> <span class='ocrx_word' id='word_1_57' title='bbox 1129 1071 1140 1109; x_wconf 95' lang='lat'>:</span> <span class='ocrx_word' id='word_1_58' title='bbox 1182 1052 1462 1124; x_wconf 88' lang='lat' dir='ltr'>quoniam</span> <span class='ocrx_word' id='word_1_59' title='bbox 1502 1048 1784 1105; x_wconf 83' lang='lat' dir='ltr'>Dominus</span> <span class='ocrx_word' id='word_1_60' title='bbox 1814 1052 1904 1102; x_wconf 86' lang='lat' dir='ltr'>est</span> <span class='ocrx_word' id='word_1_61' title='bbox 1951 1063 2018 1102; x_wconf 85' lang='lat' dir='ltr'>ex</span> 
     </span>
    </p>
   </div>
   <div class='ocr_carea' id='block_1_9' title="bbox 358 1136 2016 1207">
    <p class='ocr_par' dir='ltr' id='par_1_9' title="bbox 358 1136 2016 1207">
     <span class='ocr_line' id='line_1_9' title="bbox 358 1136 2016 1207; baseline -0.01 -3"><span class='ocrx_word' id='word_1_62' title='bbox 358 1147 584 1205; x_wconf 85' lang='lat' dir='ltr'>semine</span> <span class='ocrx_word' id='word_1_63' title='bbox 614 1145 795 1201; x_wconf 73' lang='lat' dir='ltr'>David</span> <span class='ocrx_word' id='word_1_64' title='bbox 828 1143 1155 1199; x_wconf 88' lang='lat' dir='ltr'>secundum</span> <span class='ocrx_word' id='word_1_65' title='bbox 1188 1155 1422 1196; x_wconf 88' lang='lat' dir='ltr'>carnem</span> <span class='ocrx_word' id='word_1_66' title='bbox 1457 1139 1540 1206; x_wconf 70' lang='lat'>9’;</span> <span class='ocrx_word' id='word_1_67' title='bbox 1576 1136 1648 1193; x_wconf 90' lang='lat' dir='ltr'>ob</span> <span class='ocrx_word' id='word_1_68' title='bbox 1682 1136 1860 1207; x_wconf 88' lang='lat' dir='ltr'>idque</span> <span class='ocrx_word' id='word_1_69' title='bbox 1891 1137 2016 1190; x_wconf 85' lang='lat' dir='ltr'>tau-</span> 
     </span>
    </p>
   </div>
   <div class='ocr_carea' id='block_1_10' title="bbox 359 1225 2010 1307">
    <p class='ocr_par' dir='ltr' id='par_1_10' title="bbox 359 1225 2010 1307">
     <span class='ocr_line' id='line_1_10' title="bbox 359 1225 2010 1307; baseline -0.008 -14"><span class='ocrx_word' id='word_1_70' title='bbox 359 1241 489 1293; x_wconf 91' lang='lat' dir='ltr'>stus</span> <span class='ocrx_word' id='word_1_71' title='bbox 518 1235 777 1307; x_wconf 80' lang='lat' dir='ltr'>felixque</span> <span class='ocrx_word' id='word_1_72' title='bbox 806 1234 877 1288; x_wconf 91' lang='lat' dir='ltr'>de</span> <span class='ocrx_word' id='word_1_73' title='bbox 910 1230 1125 1288; x_wconf 79' lang='lat' dir='ltr'>Christi</span> <span class='ocrx_word' id='word_1_74' title='bbox 1160 1226 1691 1285; x_wconf 82' lang='lat' dir='ltr'>adventu&#39;nuntius</span> <span class='ocrx_word' id='word_1_75' title='bbox 1722 1225 1792 1280; x_wconf 89' lang='lat' dir='ltr'>ad</span> <span class='ocrx_word' id='word_1_76' title='bbox 1825 1229 2010 1281; x_wconf 89' lang='lat' dir='ltr'>totam</span> 
     </span>
    </p>
   </div>
   <div class='ocr_carea' id='block_1_11' title="bbox 357 1320 1419 1396">
    <p class='ocr_par' dir='ltr' id='par_1_11' title="bbox 357 1320 1419 1396">
     <span class='ocr_line' id='line_1_11' title="bbox 357 1320 1419 1396; baseline -0.009 -13"><span class='ocrx_word' id='word_1_77' title='bbox 357 1325 595 1384; x_wconf 88' lang='lat' dir='ltr'>Davidis</span> <span class='ocrx_word' id='word_1_78' title='bbox 624 1322 1034 1396; x_wconf 80' lang='lat' dir='ltr'>cognationem</span> <span class='ocrx_word' id='word_1_79' title='bbox 1068 1320 1419 1392; x_wconf 87' lang='lat' dir='ltr'>pertinebat.</span> 
     </span>
    </p>
   </div>
   <div class='ocr_carea' id='block_1_12' title="bbox 422 1421 2015 1501">
    <p class='ocr_par' dir='ltr' id='par_1_12' title="bbox 422 1421 2015 1501">
     <span class='ocr_line' id='line_1_12' title="bbox 422 1421 2015 1501; baseline -0.009 -11"><span class='ocrx_word' id='word_1_80' title='bbox 422 1433 555 1489; x_wconf 82' lang='lat'><strong>201.</strong></span> <span class='ocrx_word' id='word_1_81' title='bbox 595 1432 727 1487; x_wconf 87' lang='lat' dir='ltr'>Ecce</span> <span class='ocrx_word' id='word_1_82' title='bbox 762 1429 933 1501; x_wconf 81' lang='lat' dir='ltr'>Virgo</span> <span class='ocrx_word' id='word_1_83' title='bbox 962 1428 1018 1481; x_wconf 86' lang='lat' dir='ltr'>in</span> <span class='ocrx_word' id='word_1_84' title='bbox 1043 1429 1197 1482; x_wconf 81' lang='lat' dir='ltr'>utero</span> <span class='ocrx_word' id='word_1_85' title='bbox 1219 1425 1511 1495; x_wconf 73' lang='lat' dir='ltr'>concipiet,</span> <span class='ocrx_word' id='word_1_86' title='bbox 1533 1421 1779 1494; x_wconf 85' lang='lat' dir='ltr'>etpariet</span> <span class='ocrx_word' id='word_1_87' title='bbox 1809 1421 2015 1492; x_wconf 83' lang='lat' dir='ltr'>ﬁlium,</span> 
     </span>
    </p>
   </div>
   <div class='ocr_carea' id='block_1_13' title="bbox 354 1509 2015 1588">
    <p class='ocr_par' dir='ltr' id='par_1_13' title="bbox 354 1509 2015 1588">
     <span class='ocr_line' id='line_1_13' title="bbox 354 1509 2015 1588; baseline -0.01 -7"><span class='ocrx_word' id='word_1_88' title='bbox 354 1530 409 1581; x_wconf 89' lang='lat' dir='ltr'>et</span> <span class='ocrx_word' id='word_1_89' title='bbox 433 1520 649 1579; x_wconf 87' lang='lat' dir='ltr'>vocabis</span> <span class='ocrx_word' id='word_1_90' title='bbox 677 1534 882 1574; x_wconf 83' lang='lat' dir='ltr'>nomen</span> <span class='ocrx_word' id='word_1_91' title='bbox 913 1517 1032 1588; x_wconf 86' lang='lat' dir='ltr'>ejus</span> <span class='ocrx_word' id='word_1_92' title='bbox 1081 1513 1428 1569; x_wconf 82' lang='lat' dir='ltr'>Emmanuel.</span> <span class='ocrx_word' id='word_1_93' title='bbox 1482 1511 1824 1568; x_wconf 71' lang='lat' dir='ltr'>Reclamant</span> <span class='ocrx_word' id='word_1_94' title='bbox 1873 1509 2015 1565; x_wconf 85' lang='lat' dir='ltr'>LXX</span> 
     </span>
    </p>
   </div>
   <div class='ocr_carea' id='block_1_14' title="bbox 354 1597 2015 1681">
    <p class='ocr_par' dir='ltr' id='par_1_14' title="bbox 354 1597 2015 1681">
     <span class='ocr_line' id='line_1_14' title="bbox 354 1597 2015 1681; baseline -0.011 -11"><span class='ocrx_word' id='word_1_95' title='bbox 354 1613 746 1681; x_wconf 88' lang='lat' dir='ltr'>Interpretum</span> <span class='ocrx_word' id='word_1_96' title='bbox 778 1604 1020 1664; x_wconf 84' lang='lat' dir='ltr'>editioni</span> <span class='ocrx_word' id='word_1_97' title='bbox 1051 1603 1260 1671; x_wconf 70' lang='lat' dir='ltr'>Judaei,</span> <span class='ocrx_word' id='word_1_98' title='bbox 1297 1603 1562 1658; x_wconf 87' lang='lat' dir='ltr'>dicentes</span> <span class='ocrx_word' id='word_1_99' title='bbox 1595 1617 1712 1656; x_wconf 94' lang='lat' dir='ltr'>non</span> <span class='ocrx_word' id='word_1_100' title='bbox 1774 1597 2015 1671; x_wconf 90' lang='lat' dir='ltr'>reperiri</span> 
     </span>
    </p>
   </div>
   <div class='ocr_carea' id='block_1_15' title="bbox 354 1690 2011 1765">
    <p class='ocr_par' dir='ltr' id='par_1_15' title="bbox 354 1690 2011 1765">
     <span class='ocr_line' id='line_1_15' title="bbox 354 1690 2011 1765; baseline -0.01 -5"><span class='ocrx_word' id='word_1_101' title='bbox 354 1705 415 1760; x_wconf 91' lang='lat' dir='ltr'>in</span> <span class='ocrx_word' id='word_1_102' title='bbox 447 1700 684 1758; x_wconf 68' lang='lat' dir='ltr'>Hebraeo</span> <span class='ocrx_word' id='word_1_103' title='bbox 713 1699 825 1754; x_wconf 89' lang='lat' dir='ltr'>hoc</span> <span class='ocrx_word' id='word_1_104' title='bbox 855 1694 1231 1762; x_wconf 89' lang='lat' dir='ltr'>vocabulum,</span> <span class='ocrx_word' id='word_1_105' title='bbox 1269 1694 1446 1765; x_wconf 80' lang='lat' dir='ltr'>Virgo,</span> <span class='ocrx_word' id='word_1_106' title='bbox 1473 1693 1574 1748; x_wconf 90' lang='lat' dir='ltr'>sed</span> <span class='ocrx_word' id='word_1_107' title='bbox 1599 1690 1769 1759; x_wconf 89' lang='lat' dir='ltr'>illud,</span> <span class='ocrx_word' id='word_1_108' title='bbox 1793 1690 2011 1759; x_wconf 80' lang='lat' dir='ltr'>Puella,</span> 
     </span>
    </p>
   </div>
   <div class='ocr_carea' id='block_1_16' title="bbox 358 1779 2011 1864">
    <p class='ocr_par' dir='ltr' id='par_1_16' title="bbox 358 1779 2011 1864">
     <span class='ocr_line' id='line_1_16' title="bbox 358 1779 2011 1864; baseline -0.01 -16"><span class='ocrx_word' id='word_1_109' title='bbox 358 1790 531 1864; x_wconf 89' lang='lat' dir='ltr'>quasi</span> <span class='ocrx_word' id='word_1_110' title='bbox 563 1788 775 1845; x_wconf 88' lang='lat' dir='ltr'>mulier</span> <span class='ocrx_word' id='word_1_111' title='bbox 803 1802 929 1858; x_wconf 69' lang='lat' dir='ltr'>quae</span> <span class='ocrx_word' id='word_1_112' title='bbox 963 1788 1130 1841; x_wconf 73' lang='lat' dir='ltr'>aatate</span> <span class='ocrx_word' id='word_1_113' title='bbox 1184 1783 1373 1853; x_wconf 81' lang='lat' dir='ltr'>floret,</span> <span class='ocrx_word' id='word_1_114' title='bbox 1406 1780 1601 1854; x_wconf 90' lang='lat' dir='ltr'>puella</span> <span class='ocrx_word' id='word_1_115' title='bbox 1632 1779 1748 1835; x_wconf 90' lang='lat' dir='ltr'>dici</span> <span class='ocrx_word' id='word_1_116' title='bbox 1803 1779 2011 1852; x_wconf 88' lang='lat' dir='ltr'>possit,</span> 
     </span>
    </p>
   </div>
   <div class='ocr_carea' id='block_1_17' title="bbox 1306 380 2836 447">
    <p class='ocr_par' dir='ltr' id='par_1_17' title="bbox 1306 380 2836 447">
     <span class='ocr_line' id='line_1_17' title="bbox 1306 380 2836 447; baseline -0.005 0"><span class='ocrx_word' id='word_1_117' title='bbox 1306 384 1703 447; x_wconf 81' lang='lat' dir='ltr'>APPENDIX</span> <span class='ocrx_word' id='word_1_118' title='bbox 1751 381 2074 445; x_wconf 83' lang='lat' dir='ltr'>OPERUM</span> <span class='ocrx_word' id='word_1_119' title='bbox 2123 384 2188 443; x_wconf 87' lang='lat' dir='ltr'>S.</span> <span class='ocrx_word' id='word_1_120' title='bbox 2235 382 2517 443; x_wconf 82' lang='lat' dir='ltr'>BASIL&quot;</span> <span class='ocrx_word' id='word_1_121' title='bbox 2562 380 2836 442; x_wconf 82' lang='lat' dir='ltr'>MAGNI.</span> 
     </span>
    </p>
   </div>
   <div class='ocr_carea' id='block_1_18' title="bbox 3670 383 3790 443">
    <p class='ocr_par' dir='ltr' id='par_1_18' title="bbox 3670 383 3790 443">
     <span class='ocr_line' id='line_1_18' title="bbox 3670 383 3790 443; baseline 0.008 -1"><span class='ocrx_word' id='word_1_122' title='bbox 3670 383 3790 443; x_wconf 66' lang='grc'>464</span> 
     </span>
    </p>
   </div>
   <div class='ocr_carea' id='block_1_19' title="bbox 2362 508 3789 584">
    <p class='ocr_par' dir='ltr' id='par_1_19' title="bbox 2362 508 3789 584">
     <span class='ocr_line' id='line_1_19' title="bbox 2362 508 3789 584; baseline 0 -18"><span class='ocrx_word' id='word_1_123' title='bbox 2362 511 2532 567; x_wconf 76' lang='grc' dir='ltr'>Δώσει</span> <span class='ocrx_word' id='word_1_124' title='bbox 2585 510 2788 584; x_wconf 72' lang='grc' dir='ltr'>Κύριος</span> <span class='ocrx_word' id='word_1_125' title='bbox 2846 508 3009 574; x_wconf 78' lang='grc' dir='ltr'>αὐτὸς</span> <span class='ocrx_word' id='word_1_126' title='bbox 3066 511 3192 583; x_wconf 83' lang='grc' dir='ltr'>ὑμῖν</span> <span class='ocrx_word' id='word_1_127' title='bbox 3252 513 3507 583; x_wconf 87' lang='grc' dir='ltr'>σημεῖον·</span> <span class='ocrx_word' id='word_1_128' title='bbox 3571 511 3636 566; x_wconf 85' lang='grc' dir='ltr'>οὐ</span> <span class='ocrx_word' id='word_1_129' title='bbox 3698 508 3789 566; x_wconf 82' lang='grc' dir='ltr'>διὰ</span> 
     </span>
    </p>
   </div>
   <div class='ocr_carea' id='block_1_20' title="bbox 2119 596 3783 675">
    <p class='ocr_par' dir='ltr' id='par_1_20' title="bbox 2119 596 3783 675">
     <span class='ocr_line' id='line_1_20' title="bbox 2119 596 3783 675; baseline -0.001 -19"><span class='ocrx_word' id='word_1_130' title='bbox 2119 620 2269 664; x_wconf 83' lang='grc' dir='ltr'>τινος</span> <span class='ocrx_word' id='word_1_131' title='bbox 2302 600 2593 675; x_wconf 73' lang='grc' dir='ltr'>ὑπηρέτου,</span> <span class='ocrx_word' id='word_1_132' title='bbox 2640 599 2729 654; x_wconf 82' lang='grc' dir='ltr'>καὶ</span> <span class='ocrx_word' id='word_1_133' title='bbox 2779 596 3057 668; x_wconf 79' lang='grc' dir='ltr'>διακόνου,</span> <span class='ocrx_word' id='word_1_134' title='bbox 3107 599 3197 654; x_wconf 83' lang='grc' dir='ltr'>καὶ</span> <span class='ocrx_word' id='word_1_135' title='bbox 3248 598 3576 675; x_wconf 78' lang='grc' dir='ltr'>λειτουργοῦ</span> <span class='ocrx_word' id='word_1_136' title='bbox 3618 596 3783 655; x_wconf 84' lang='grc' dir='ltr'>δίδω-</span> 
     </span>
    </p>
   </div>
   <div class='ocr_carea' id='block_1_21' title="bbox 2124 685 3785 764">
    <p class='ocr_par' dir='ltr' id='par_1_21' title="bbox 2124 685 3785 764">
     <span class='ocr_line' id='line_1_21' title="bbox 2124 685 3785 764; baseline 0 -19"><span class='ocrx_word' id='word_1_137' title='bbox 2124 712 2230 759; x_wconf 89' lang='grc' dir='ltr'>σιν,</span> <span class='ocrx_word' id='word_1_138' title='bbox 2267 690 2392 745; x_wconf 79' lang='grc' dir='ltr'>ἀλλ’</span> <span class='ocrx_word' id='word_1_139' title='bbox 2424 689 2584 754; x_wconf 75' lang='grc' dir='ltr'>αὐτὸς</span> <span class='ocrx_word' id='word_1_140' title='bbox 2620 687 2689 744; x_wconf 86' lang='grc' dir='ltr'>δι’</span> <span class='ocrx_word' id='word_1_141' title='bbox 2742 689 2953 744; x_wconf 68' lang='grc' dir='ltr'>ἐαυτοῖν</span> <span class='ocrx_word' id='word_1_142' title='bbox 2982 687 3059 743; x_wconf 59' lang='grc' dir='ltr'>τίν’</span> <span class='ocrx_word' id='word_1_143' title='bbox 3104 687 3163 743; x_wconf 86' lang='grc' dir='ltr'>ἐκ</span> <span class='ocrx_word' id='word_1_144' title='bbox 3200 689 3396 744; x_wconf 74' lang='grc' dir='ltr'>τούτου</span> <span class='ocrx_word' id='word_1_145' title='bbox 3428 685 3658 764; x_wconf 78' lang='grc' dir='ltr'>δηλωθῇ</span> <span class='ocrx_word' id='word_1_146' title='bbox 3686 693 3785 745; x_wconf 74' lang='grc' dir='ltr'>τοῦ</span> 
     </span>
    </p>
   </div>
   <div class='ocr_carea' id='block_1_22' title="bbox 2126 776 3784 856">
    <p class='ocr_par' dir='ltr' id='par_1_22' title="bbox 2126 776 3784 856">
     <span class='ocr_line' id='line_1_22' title="bbox 2126 776 3784 856; baseline 0.001 -23"><span class='ocrx_word' id='word_1_147' title='bbox 2126 776 2416 852; x_wconf 79' lang='grc' dir='ltr'>διδομένου</span> <span class='ocrx_word' id='word_1_148' title='bbox 2463 780 2525 834; x_wconf 89' lang='grc' dir='ltr'>τὸ</span> <span class='ocrx_word' id='word_1_149' title='bbox 2580 780 2821 856; x_wconf 91' lang='grc' dir='ltr'>μέγεθος.</span> <span class='ocrx_word' id='word_1_150' title='bbox 2852 779 2953 833; x_wconf 87' lang='grc' dir='ltr'>Τὸν</span> <span class='ocrx_word' id='word_1_151' title='bbox 3008 778 3101 851; x_wconf 72' lang='grc' dir='ltr'>μὲν</span> <span class='ocrx_word' id='word_1_152' title='bbox 3146 778 3250 854; x_wconf 65' lang='grc' dir='ltr'>γὰρ</span> <span class='ocrx_word' id='word_1_153' title='bbox 3279 778 3451 851; x_wconf 88' lang='grc' dir='ltr'>νόμον</span> <span class='ocrx_word' id='word_1_154' title='bbox 3504 776 3784 852; x_wconf 82' lang='grc' dir='ltr'>διετάξατο</span> 
     </span>
    </p>
   </div>
   <div class='ocr_carea' id='block_1_23' title="bbox 2127 865 3791 944">
    <p class='ocr_par' dir='ltr' id='par_1_23' title="bbox 2127 865 3791 944">
     <span class='ocr_line' id='line_1_23' title="bbox 2127 865 3791 944; baseline 0 -21"><span class='ocrx_word' id='word_1_155' title='bbox 2127 866 2198 923; x_wconf 89' lang='grc' dir='ltr'>δι’</span> <span class='ocrx_word' id='word_1_156' title='bbox 2227 868 2499 944; x_wconf 85' lang='grc' dir='ltr'>ἀγγέλων,</span> <span class='ocrx_word' id='word_1_157' title='bbox 2549 867 2601 923; x_wconf 82' lang='grc' dir='ltr'>ἐν</span> <span class='ocrx_word' id='word_1_158' title='bbox 2661 868 2808 944; x_wconf 82' lang='grc' dir='ltr'>χειρὶ</span> <span class='ocrx_word' id='word_1_159' title='bbox 2872 867 3090 941; x_wconf 78' lang='grc' dir='ltr'>μεσίτου</span> <span class='ocrx_word' id='word_1_160' title='bbox 3149 868 3415 930; x_wconf 86' lang='grc' dir='ltr'>Μωσέως⁴</span> <span class='ocrx_word' id='word_1_161' title='bbox 3467 868 3531 923; x_wconf 89' lang='grc' dir='ltr'>τὸ</span> <span class='ocrx_word' id='word_1_162' title='bbox 3588 865 3647 923; x_wconf 73' lang='grc' dir='ltr'>δὲ</span> <span class='ocrx_word' id='word_1_163' title='bbox 3696 890 3791 940; x_wconf 79' lang='grc' dir='ltr'>ση·</span> 
     </span>
    </p>
   </div>
   <div class='ocr_carea' id='block_1_24' title="bbox 2131 951 3787 1032">
    <p class='ocr_par' dir='ltr' id='par_1_24' title="bbox 2131 951 3787 1032">
     <span class='ocr_line' id='line_1_24' title="bbox 2131 951 3787 1032; baseline 0 -19"><span class='ocrx_word' id='word_1_164' title='bbox 2131 964 2282 1032; x_wconf 85' lang='grc' dir='ltr'>μεῖον</span> <span class='ocrx_word' id='word_1_165' title='bbox 2316 958 2474 1020; x_wconf 80' lang='grc' dir='ltr'>αὐτὸς</span> <span class='ocrx_word' id='word_1_166' title='bbox 2504 954 2674 1012; x_wconf 81' lang='grc' dir='ltr'>ἔδωκε</span> <span class='ocrx_word' id='word_1_167' title='bbox 2718 962 2798 1029; x_wconf 82' lang='grc' dir='ltr'>τῷ</span> <span class='ocrx_word' id='word_1_168' title='bbox 2845 955 2981 1031; x_wconf 73' lang='grc' dir='ltr'>οἷ’κῳ</span> <span class='ocrx_word' id='word_1_169' title='bbox 3026 951 3211 1013; x_wconf 79' lang='grc' dir='ltr'>Δαϐίδ.</span> <span class='ocrx_word' id='word_1_170' title='bbox 3247 954 3461 1012; x_wconf 87' lang='grc' dir='ltr'>Δίδοται</span> <span class='ocrx_word' id='word_1_171' title='bbox 3514 955 3573 1012; x_wconf 77' lang='grc' dir='ltr'>δὶ</span> <span class='ocrx_word' id='word_1_172' title='bbox 3605 957 3787 1014; x_wconf 81' lang='grc' dir='ltr'>οὐκέτι</span> 
     </span>
    </p>
   </div>
   <div class='ocr_carea' id='block_1_25' title="bbox 2126 1041 3789 1125">
    <p class='ocr_par' dir='ltr' id='par_1_25' title="bbox 2126 1041 3789 1125">
     <span class='ocr_line' id='line_1_25' title="bbox 2126 1041 3789 1125; baseline 0 -22"><span class='ocrx_word' id='word_1_173' title='bbox 2126 1053 2207 1120; x_wconf 78' lang='grc' dir='ltr'>τῷ</span> <span class='ocrx_word' id='word_1_174' title='bbox 2233 1049 2427 1123; x_wconf 77' lang='grc' dir='ltr'>’Δχὰζ,</span> <span class='ocrx_word' id='word_1_175' title='bbox 2461 1046 2608 1103; x_wconf 80' lang='grc' dir='ltr'>ἀλλὰ</span> <span class='ocrx_word' id='word_1_176' title='bbox 2636 1047 2796 1102; x_wconf 84' lang='grc' dir='ltr'>παντὶ</span> <span class='ocrx_word' id='word_1_177' title='bbox 2842 1052 2922 1119; x_wconf 83' lang='grc' dir='ltr'>τῷ</span> <span class='ocrx_word' id='word_1_178' title='bbox 2964 1045 3101 1121; x_wconf 60' lang='grc' dir='ltr'>οἴκῳ</span> <span class='ocrx_word' id='word_1_179' title='bbox 3132 1041 3318 1102; x_wconf 76' lang='grc' dir='ltr'>Δαϐίδ·</span> <span class='ocrx_word' id='word_1_180' title='bbox 3354 1044 3495 1102; x_wconf 88' lang='grc' dir='ltr'>διότι</span> <span class='ocrx_word' id='word_1_181' title='bbox 3528 1047 3589 1103; x_wconf 85' lang='grc' dir='ltr'>ἐκ</span> <span class='ocrx_word' id='word_1_182' title='bbox 3620 1049 3789 1125; x_wconf 88' lang='grc' dir='ltr'>σπέρ-</span> 
     </span>
    </p>
   </div>
   <div class='ocr_carea' id='block_1_26' title="bbox 2133 1131 3794 1211">
    <p class='ocr_par' dir='ltr' id='par_1_26' title="bbox 2133 1131 3794 1211">
     <span class='ocr_line' id='line_1_26' title="bbox 2133 1131 3794 1211; baseline 0.001 -20"><span class='ocrx_word' id='word_1_183' title='bbox 2133 1157 2302 1210; x_wconf 86' lang='grc' dir='ltr'>ματος</span> <span class='ocrx_word' id='word_1_184' title='bbox 2357 1131 2547 1207; x_wconf 70' lang='grc' dir='ltr'>Δαϐὶδ,</span> <span class='ocrx_word' id='word_1_185' title='bbox 2602 1137 2667 1192; x_wconf 87' lang='grc' dir='ltr'>τὸ</span> <span class='ocrx_word' id='word_1_186' title='bbox 2723 1135 2858 1191; x_wconf 79' lang='grc' dir='ltr'>κατὰ</span> <span class='ocrx_word' id='word_1_187' title='bbox 2916 1137 3129 1211; x_wconf 83' lang='grc' dir='ltr'>σάρκα,</span> <span class='ocrx_word' id='word_1_188' title='bbox 3180 1137 3208 1191; x_wconf 87' lang='grc' dir='ltr'><strong>ὁ</strong></span> <span class='ocrx_word' id='word_1_189' title='bbox 3262 1135 3486 1211; x_wconf 79' lang='grc' dir='ltr'>Κύριος·</span> <span class='ocrx_word' id='word_1_190' title='bbox 3547 1137 3640 1192; x_wconf 82' lang='grc' dir='ltr'>καὶ</span> <span class='ocrx_word' id='word_1_191' title='bbox 3701 1135 3794 1193; x_wconf 81' lang='grc' dir='ltr'>διὰ</span> 
     </span>
    </p>
   </div>
   <div class='ocr_carea' id='block_1_27' title="bbox 2125 1221 3786 1305">
    <p class='ocr_par' dir='ltr' id='par_1_27' title="bbox 2125 1221 3786 1305">
     <span class='ocr_line' id='line_1_27' title="bbox 2125 1221 3786 1305; baseline 0.001 -24"><span class='ocrx_word' id='word_1_192' title='bbox 2125 1230 2287 1281; x_wconf 79' lang='grc' dir='ltr'>τοῦτο</span> <span class='ocrx_word' id='word_1_193' title='bbox 2316 1228 2463 1301; x_wconf 71' lang='grc' dir='ltr'>πάσῃ</span> <span class='ocrx_word' id='word_1_194' title='bbox 2517 1227 2624 1297; x_wconf 75' lang='lat'>(86)</span> <span class='ocrx_word' id='word_1_195' title='bbox 2673 1223 2884 1305; x_wconf 77' lang='grc' dir='ltr'>διέφερε</span> <span class='ocrx_word' id='word_1_196' title='bbox 2924 1229 2994 1301; x_wconf 79' lang='grc' dir='ltr'>τῇ</span> <span class='ocrx_word' id='word_1_197' title='bbox 3046 1224 3327 1302; x_wconf 77' lang='grc' dir='ltr'>συγγενείᾳ</span> <span class='ocrx_word' id='word_1_198' title='bbox 3374 1230 3472 1282; x_wconf 80' lang='grc' dir='ltr'>τοῦ</span> <span class='ocrx_word' id='word_1_199' title='bbox 3523 1221 3690 1282; x_wconf 78' lang='grc' dir='ltr'>Δαϐὶδ</span> <span class='ocrx_word' id='word_1_200' title='bbox 3720 1228 3786 1283; x_wconf 88' lang='grc' dir='ltr'>τὸ</span> 
     </span>
    </p>
   </div>
   <div class='ocr_carea' id='block_1_28' title="bbox 2127 1311 3483 1393">
    <p class='ocr_par' dir='ltr' id='par_1_28' title="bbox 2127 1311 3483 1393">
     <span class='ocr_line' id='line_1_28' title="bbox 2127 1311 3483 1393; baseline 0.003 -24"><span class='ocrx_word' id='word_1_201' title='bbox 2127 1316 2252 1392; x_wconf 85' lang='grc' dir='ltr'>περὶ</span> <span class='ocrx_word' id='word_1_202' title='bbox 2280 1321 2382 1385; x_wconf 84' lang='grc' dir='ltr'>τῆς</span> <span class='ocrx_word' id='word_1_203' title='bbox 2416 1311 2713 1389; x_wconf 75' lang='grc' dir='ltr'>ἐπιδημίας</span> <span class='ocrx_word' id='word_1_204' title='bbox 2737 1319 2839 1370; x_wconf 83' lang='grc' dir='ltr'>τοῦ</span> <span class='ocrx_word' id='word_1_205' title='bbox 2870 1319 3106 1391; x_wconf 75' lang='grc' dir='ltr'>Χριστοῦ</span> <span class='ocrx_word' id='word_1_206' title='bbox 3138 1314 3483 1393; x_wconf 79' lang='grc' dir='ltr'>εὒαγγέλιον.</span> 
     </span>
    </p>
   </div>
   <div class='ocr_carea' id='block_1_29' title="bbox 2195 1419 3781 1500">
    <p class='ocr_par' dir='ltr' id='par_1_29' title="bbox 2195 1419 3781 1500">
     <span class='ocr_line' id='line_1_29' title="bbox 2195 1419 3781 1500; baseline -0.001 -22"><span class='ocrx_word' id='word_1_207' title='bbox 2195 1423 2321 1480; x_wconf 80' lang='grc'>201.</span> <span class='ocrx_word' id='word_1_208' title='bbox 2378 1419 2519 1478; x_wconf 78' lang='grc' dir='ltr'>Ἰδοὺ</span> <span class='ocrx_word' id='word_1_209' title='bbox 2578 1424 2613 1492; x_wconf 75' lang='grc' dir='ltr'><strong>ἡ</strong></span> <span class='ocrx_word' id='word_1_210' title='bbox 2673 1421 2941 1500; x_wconf 90' lang='grc' dir='ltr'>Παρθίνος</span> <span class='ocrx_word' id='word_1_211' title='bbox 2987 1421 3042 1478; x_wconf 90' lang='grc' dir='ltr'>ἐν</span> <span class='ocrx_word' id='word_1_212' title='bbox 3094 1423 3287 1499; x_wconf 82' lang='grc' dir='ltr'>γαστρὶ</span> <span class='ocrx_word' id='word_1_213' title='bbox 3348 1420 3629 1498; x_wconf 81' lang='grc' dir='ltr'>λήψεται,</span> <span class='ocrx_word' id='word_1_214' title='bbox 3689 1424 3781 1479; x_wconf 81' lang='grc' dir='ltr'>καὶ</span> 
     </span>
    </p>
   </div>
   <div class='ocr_carea' id='block_1_30' title="bbox 2125 1506 3782 1587">
    <p class='ocr_par' dir='ltr' id='par_1_30' title="bbox 2125 1506 3782 1587">
     <span class='ocr_line' id='line_1_30' title="bbox 2125 1506 3782 1587; baseline 0 -19"><span class='ocrx_word' id='word_1_215' title='bbox 2125 1514 2326 1587; x_wconf 75' lang='grc' dir='ltr'>τέξεται</span> <span class='ocrx_word' id='word_1_216' title='bbox 2404 1511 2543 1582; x_wconf 76' lang='grc' dir='ltr'>υἱὸν,</span> <span class='ocrx_word' id='word_1_217' title='bbox 2602 1510 2692 1566; x_wconf 87' lang='grc' dir='ltr'>καὶ</span> <span class='ocrx_word' id='word_1_218' title='bbox 2760 1509 3013 1574; x_wconf 74' lang='grc' dir='ltr'>καλέσεις</span> <span class='ocrx_word' id='word_1_219' title='bbox 3238 1513 3300 1566; x_wconf 87' lang='grc' dir='ltr'>τὸ</span> <span class='ocrx_word' id='word_1_220' title='bbox 3359 1506 3538 1586; x_wconf 78' lang='grc' dir='ltr'>ὄνομα</span> <span class='ocrx_word' id='word_1_221' title='bbox 3616 1511 3782 1568; x_wconf 76' lang='grc' dir='ltr'>αὐτοῦ</span> 
     </span>
    </p>
   </div>
   <div class='ocr_carea' id='block_1_31' title="bbox 2124 1596 3785 1676">
    <p class='ocr_par' dir='ltr' id='par_1_31' title="bbox 2124 1596 3785 1676">
     <span class='ocr_line' id='line_1_31' title="bbox 2124 1596 3785 1676; baseline -0.001 -17"><span class='ocrx_word' id='word_1_222' title='bbox 2124 1598 2518 1676; x_wconf 85' lang='grc' dir='ltr'>Ἐμμανουήλ.</span> <span class='ocrx_word' id='word_1_223' title='bbox 2575 1600 2951 1665; x_wconf 78' lang='grc' dir='ltr'>Ἀνθίστανται</span> <span class='ocrx_word' id='word_1_224' title='bbox 3010 1598 3062 1655; x_wconf 88' lang='grc' dir='ltr'>οί</span> <span class='ocrx_word' id='word_1_225' title='bbox 3122 1596 3380 1656; x_wconf 86' lang='grc' dir='ltr'>Ἰουδαῖοι</span> <span class='ocrx_word' id='word_1_226' title='bbox 3439 1603 3508 1675; x_wconf 80' lang='grc' dir='ltr'>τῇ</span> <span class='ocrx_word' id='word_1_227' title='bbox 3569 1598 3785 1658; x_wconf 79' lang='grc' dir='ltr'>ἐκδόσει</span> 
     </span>
    </p>
   </div>
   <div class='ocr_carea' id='block_1_32' title="bbox 2123 1686 3789 1768">
    <p class='ocr_par' dir='ltr' id='par_1_32' title="bbox 2123 1686 3789 1768">
     <span class='ocr_line' id='line_1_32' title="bbox 2123 1686 3789 1768; baseline 0.001 -22"><span class='ocrx_word' id='word_1_228' title='bbox 2123 1695 2231 1746; x_wconf 88' lang='grc' dir='ltr'>τῶν</span> <span class='ocrx_word' id='word_1_229' title='bbox 2289 1686 2732 1764; x_wconf 75' lang='grc' dir='ltr'>Ἐὄδομήκοντα,</span> <span class='ocrx_word' id='word_1_230' title='bbox 2788 1689 3047 1766; x_wconf 88' lang='grc' dir='ltr'>λέγοντες</span> <span class='ocrx_word' id='word_1_231' title='bbox 3110 1690 3187 1762; x_wconf 78' lang='grc' dir='ltr'>μὴ</span> <span class='ocrx_word' id='word_1_232' title='bbox 3239 1694 3446 1755; x_wconf 84' lang='grc' dir='ltr'>κεῖσθαι</span> <span class='ocrx_word' id='word_1_233' title='bbox 3500 1692 3648 1768; x_wconf 81' lang='grc' dir='ltr'>παρᾶ</span> <span class='ocrx_word' id='word_1_234' title='bbox 3704 1696 3789 1766; x_wconf 78' lang='grc' dir='ltr'>τῷ</span> 
     </span>
    </p>
   </div>
   <div class='ocr_carea' id='block_1_33' title="bbox 2124 1775 3790 1857">
    <p class='ocr_par' dir='ltr' id='par_1_33' title="bbox 2124 1775 3790 1857">
     <span class='ocr_line' id='line_1_33' title="bbox 2124 1775 3790 1857; baseline 0 -21"><span class='ocrx_word' id='word_1_235' title='bbox 2124 1775 2365 1857; x_wconf 76' lang='grc' dir='ltr'>Ἑϐραίῳ</span> <span class='ocrx_word' id='word_1_236' title='bbox 2421 1780 2505 1849; x_wconf 88' lang='grc' dir='ltr'>τὸ,</span> <span class='ocrx_word' id='word_1_237' title='bbox 2554 1781 2617 1835; x_wconf 89' lang='grc' dir='ltr'><strong>Ἦ</strong></span> <span class='ocrx_word' id='word_1_238' title='bbox 2672 1780 2966 1855; x_wconf 87' lang='grc' dir='ltr'>Παρθένος,</span> <span class='ocrx_word' id='word_1_239' title='bbox 3024 1775 3156 1835; x_wconf 84' lang='grc' dir='ltr'>ἀλλ’</span> <span class='ocrx_word' id='word_1_240' title='bbox 3210 1780 3274 1837; x_wconf 86' lang='grc' dir='ltr'><strong><em>Ἦ</em></strong></span> <span class='ocrx_word' id='word_1_241' title='bbox 3329 1779 3527 1852; x_wconf 79' lang='grc' dir='ltr'>νεὰνις,</span> <span class='ocrx_word' id='word_1_242' title='bbox 3585 1781 3662 1845; x_wconf 85' lang='grc' dir='ltr'>ὡς</span> <span class='ocrx_word' id='word_1_243' title='bbox 3693 1778 3790 1836; x_wconf 75' lang='grc' dir='ltr'>δυο</span> 
     </span>
    </p>
   </div>
   <div class='ocr_carea' id='block_1_34' title="bbox 358 1866 2017 1949">
    <p class='ocr_par' dir='ltr' id='par_1_34' title="bbox 358 1868 2016 1948">
     <span class='ocr_line' id='line_1_34' title="bbox 358 1868 2016 1948; baseline -0.009 -9"><span class='ocrx_word' id='word_1_244' title='bbox 358 1880 574 1939; x_wconf 88' lang='lat' dir='ltr'>mulier</span> <span class='ocrx_word' id='word_1_245' title='bbox 601 1894 735 1934; x_wconf 88' lang='lat' dir='ltr'>vero</span> <span class='ocrx_word' id='word_1_246' title='bbox 768 1893 894 1948; x_wconf 70' lang='lat' dir='ltr'>quis</span> <span class='ocrx_word' id='word_1_247' title='bbox 925 1873 1168 1931; x_wconf 88' lang='lat' dir='ltr'>omnino</span> <span class='ocrx_word' id='word_1_248' title='bbox 1201 1871 1486 1944; x_wconf 86' lang='lat' dir='ltr'>nuptialis</span> <span class='ocrx_word' id='word_1_249' title='bbox 1520 1868 1768 1926; x_wconf 85' lang='lat' dir='ltr'>thalami</span> <span class='ocrx_word' id='word_1_250' title='bbox 1806 1883 2016 1940; x_wconf 82' lang='lat' dir='ltr'>expers</span> 
     </span>
    </p>
   </div>
   <div class='ocr_carea' id='block_1_35' title="bbox 2132 1866 3788 1949">
    <p class='ocr_par' dir='ltr' id='par_1_35' title="bbox 2132 1866 3788 1945">
     <span class='ocr_line' id='line_1_35' title="bbox 2132 1866 3788 1945; baseline 0 -19"><span class='ocrx_word' id='word_1_251' title='bbox 2132 1869 2364 1945; x_wconf 80' lang='grc' dir='ltr'>ναμένης</span> <span class='ocrx_word' id='word_1_252' title='bbox 2424 1866 2667 1933; x_wconf 82' lang='grc' dir='ltr'>νεάνιδος</span> <span class='ocrx_word' id='word_1_253' title='bbox 2714 1868 3072 1942; x_wconf 82' lang='grc' dir='ltr'>ὀνομάζεσθαι</span> <span class='ocrx_word' id='word_1_254' title='bbox 3130 1872 3230 1938; x_wconf 73' lang='grc' dir='ltr'>τῆς</span> <span class='ocrx_word' id='word_1_255' title='bbox 3280 1869 3634 1943; x_wconf 81' lang='grc' dir='ltr'>ἀκμαζούσης</span> <span class='ocrx_word' id='word_1_256' title='bbox 3664 1874 3788 1936; x_wconf 89' lang='grc' dir='ltr'>καθ’</span> 
     </span>
    </p>
   </div>
   <div class='ocr_carea' id='block_1_36' title="bbox 358 1957 2021 2040">
    <p class='ocr_par' dir='ltr' id='par_1_36' title="bbox 358 1957 2021 2040">
     <span class='ocr_line' id='line_1_36' title="bbox 358 1957 2021 2040; baseline -0.008 -14"><span class='ocrx_word' id='word_1_257' title='bbox 358 1974 468 2040; x_wconf 87' lang='lat' dir='ltr'>est,</span> <span class='ocrx_word' id='word_1_258' title='bbox 500 1984 617 2024; x_wconf 91' lang='lat' dir='ltr'>non</span> <span class='ocrx_word' id='word_1_259' title='bbox 648 1966 791 2021; x_wconf 90' lang='lat' dir='ltr'>item</span> <span class='ocrx_word' id='word_1_260' title='bbox 817 1986 830 2034; x_wconf 92' lang='lat'><strong>;</strong></span> <span class='ocrx_word' id='word_1_261' title='bbox 865 1963 1082 2035; x_wconf 87' lang='lat' dir='ltr'>quibus</span> <span class='ocrx_word' id='word_1_262' title='bbox 1112 1962 1283 2018; x_wconf 85' lang='lat' dir='ltr'>facile</span> <span class='ocrx_word' id='word_1_263' title='bbox 1314 1965 1373 2017; x_wconf 89' lang='lat' dir='ltr'>et</span> <span class='ocrx_word' id='word_1_264' title='bbox 1403 1958 1670 2016; x_wconf 89' lang='lat' dir='ltr'>celeriter</span> <span class='ocrx_word' id='word_1_265' title='bbox 1702 1957 2021 2030; x_wconf 87' lang='lat' dir='ltr'>responde-</span> 
     </span>
    </p>
   </div>
   <div class='ocr_carea' id='block_1_37' title="bbox 359 2047 2024 2125">
    <p class='ocr_par' dir='ltr' id='par_1_37' title="bbox 359 2047 2024 2125">
     <span class='ocr_line' id='line_1_37' title="bbox 359 2047 2024 2125; baseline -0.009 -10"><span class='ocrx_word' id='word_1_266' title='bbox 359 2075 513 2116; x_wconf 88' lang='lat' dir='ltr'>mus.</span> <span class='ocrx_word' id='word_1_267' title='bbox 547 2057 608 2113; x_wconf 92' lang='lat' dir='ltr'>Si</span> <span class='ocrx_word' id='word_1_268' title='bbox 639 2056 795 2111; x_wconf 90' lang='lat' dir='ltr'>enim</span> <span class='ocrx_word' id='word_1_269' title='bbox 828 2055 1065 2125; x_wconf 83' lang='lat' dir='ltr'>signum</span> <span class='ocrx_word' id='word_1_270' title='bbox 1100 2052 1181 2107; x_wconf 89' lang='lat' dir='ltr'>rei</span> <span class='ocrx_word' id='word_1_271' title='bbox 1211 2048 1547 2122; x_wconf 87' lang='lat' dir='ltr'>oujuspiam</span> <span class='ocrx_word' id='word_1_272' title='bbox 1575 2047 1876 2119; x_wconf 69' lang='lat' dir='ltr'>stupendae</span> <span class='ocrx_word' id='word_1_273' title='bbox 1903 2050 1960 2102; x_wconf 89' lang='lat' dir='ltr'>et</span> <span class='ocrx_word' id='word_1_274' title='bbox 1989 2063 2024 2102; x_wconf 90' lang='lat' dir='ltr'>a</span> 
     </span>
    </p>
   </div>
   <div class='ocr_carea' id='block_1_38' title="bbox 359 2136 2021 2204">
    <p class='ocr_par' dir='ltr' id='par_1_38' title="bbox 359 2136 2021 2204">
     <span class='ocr_line' id='line_1_38' title="bbox 359 2136 2021 2204; baseline -0.008 0"><span class='ocrx_word' id='word_1_275' title='bbox 359 2145 658 2204; x_wconf 86' lang='lat' dir='ltr'>communi</span> <span class='ocrx_word' id='word_1_276' title='bbox 674 2143 981 2200; x_wconf 88' lang='lat' dir='ltr'>hominum</span> <span class='ocrx_word' id='word_1_277' title='bbox 995 2140 1421 2197; x_wconf 88' lang='lat' dir='ltr'>consuetudine</span> <span class='ocrx_word' id='word_1_278' title='bbox 1438 2136 1639 2194; x_wconf 74' lang='lat' dir='ltr'>aliena:</span> <span class='ocrx_word' id='word_1_279' title='bbox 1658 2137 2021 2193; x_wconf 89' lang='lat' dir='ltr'>demonstra-</span> 
     </span>
    </p>
   </div>
   <div class='ocr_carea' id='block_1_39' title="bbox 353 2224 2018 2303">
    <p class='ocr_par' dir='ltr' id='par_1_39' title="bbox 353 2224 2018 2303">
     <span class='ocr_line' id='line_1_39' title="bbox 353 2224 2018 2303; baseline -0.008 -10"><span class='ocrx_word' id='word_1_280' title='bbox 353 2237 435 2293; x_wconf 85' lang='lat' dir='ltr'>tio</span> <span class='ocrx_word' id='word_1_281' title='bbox 467 2235 619 2293; x_wconf 71' lang='lat'><strong>529</strong></span> <span class='ocrx_word' id='word_1_282' title='bbox 655 2237 764 2303; x_wconf 88' lang='lat' dir='ltr'>est,</span> <span class='ocrx_word' id='word_1_283' title='bbox 796 2231 934 2303; x_wconf 90' lang='lat' dir='ltr'>quid</span> <span class='ocrx_word' id='word_1_284' title='bbox 967 2235 1094 2286; x_wconf 87' lang='lat' dir='ltr'>erat</span> <span class='ocrx_word' id='word_1_285' title='bbox 1127 2227 1259 2284; x_wconf 89' lang='lat' dir='ltr'>miri</span> <span class='ocrx_word' id='word_1_286' title='bbox 1290 2228 1340 2284; x_wconf 89' lang='lat' dir='ltr'>si</span> <span class='ocrx_word' id='word_1_287' title='bbox 1364 2226 1580 2283; x_wconf 87' lang='lat' dir='ltr'>mulier</span> <span class='ocrx_word' id='word_1_288' title='bbox 1602 2240 1767 2281; x_wconf 90' lang='lat' dir='ltr'>unae</span> <span class='ocrx_word' id='word_1_289' title='bbox 1790 2224 2018 2293; x_wconf 88' lang='lat' dir='ltr'>multis,</span> 
     </span>
    </p>
   </div>
   <div class='ocr_carea' id='block_1_40' title="bbox 359 2311 2020 2398">
    <p class='ocr_par' dir='ltr' id='par_1_40' title="bbox 359 2311 2020 2398">
     <span class='ocr_line' id='line_1_40' title="bbox 359 2311 2020 2398; baseline -0.008 -17"><span class='ocrx_word' id='word_1_290' title='bbox 359 2342 486 2398; x_wconf 72' lang='lat' dir='ltr'>qua:</span> <span class='ocrx_word' id='word_1_291' title='bbox 509 2338 643 2380; x_wconf 91' lang='lat' dir='ltr'>cum</span> <span class='ocrx_word' id='word_1_292' title='bbox 662 2321 783 2379; x_wconf 90' lang='lat' dir='ltr'>viro</span> <span class='ocrx_word' id='word_1_293' title='bbox 802 2318 1294 2377; x_wconf 87' lang='lat' dir='ltr'>consuetudinem</span> <span class='ocrx_word' id='word_1_294' title='bbox 1317 2315 1646 2385; x_wconf 88' lang='lat' dir='ltr'>habuisset,</span> <span class='ocrx_word' id='word_1_295' title='bbox 1671 2315 1836 2369; x_wconf 80' lang='lat' dir='ltr'>fieret</span> <span class='ocrx_word' id='word_1_296' title='bbox 1853 2311 2020 2386; x_wconf 88' lang='lat' dir='ltr'>pueri</span> 
     </span>
    </p>
   </div>
   <div class='ocr_carea' id='block_1_41' title="bbox 360 2406 2023 2478">
    <p class='ocr_par' dir='ltr' id='par_1_41' title="bbox 360 2406 2023 2478">
     <span class='ocr_line' id='line_1_41' title="bbox 360 2406 2023 2478; baseline -0.008 -7"><span class='ocrx_word' id='word_1_297' title='bbox 360 2411 596 2471; x_wconf 85' lang='lat' dir='ltr'>mater?</span> <span class='ocrx_word' id='word_1_298' title='bbox 627 2410 930 2475; x_wconf 87' lang='lat' dir='ltr'>Quomodo</span> <span class='ocrx_word' id='word_1_299' title='bbox 961 2408 1140 2465; x_wconf 89' lang='lat' dir='ltr'>etiam</span> <span class='ocrx_word' id='word_1_300' title='bbox 1171 2407 1229 2463; x_wconf 90' lang='lat' dir='ltr'>id</span> <span class='ocrx_word' id='word_1_301' title='bbox 1288 2406 1445 2478; x_wconf 92' lang='lat' dir='ltr'>quod</span> <span class='ocrx_word' id='word_1_302' title='bbox 1495 2409 1702 2460; x_wconf 90' lang='lat' dir='ltr'>natum</span> <span class='ocrx_word' id='word_1_303' title='bbox 1754 2407 1910 2459; x_wconf 78' lang='lat' dir='ltr'>esset</span> <span class='ocrx_word' id='word_1_304' title='bbox 1952 2418 2023 2458; x_wconf 80' lang='lat' dir='ltr'>ex</span> 
     </span>
    </p>
   </div>
   <div class='ocr_carea' id='block_1_42' title="bbox 362 2491 2021 2568">
    <p class='ocr_par' dir='ltr' id='par_1_42' title="bbox 362 2491 2021 2568">
     <span class='ocr_line' id='line_1_42' title="bbox 362 2491 2021 2568; baseline -0.009 -7"><span class='ocrx_word' id='word_1_305' title='bbox 362 2503 559 2561; x_wconf 90' lang='lat' dir='ltr'>carnis</span> <span class='ocrx_word' id='word_1_306' title='bbox 588 2500 907 2565; x_wconf 87' lang='lat' dir='ltr'>voluntate,</span> <span class='ocrx_word' id='word_1_307' title='bbox 939 2497 1132 2553; x_wconf 80' lang='lat' dir='ltr'>vocari</span> <span class='ocrx_word' id='word_1_308' title='bbox 1164 2494 1453 2568; x_wconf 84' lang='lat' dir='ltr'>potuisset</span> <span class='ocrx_word' id='word_1_309' title='bbox 1484 2491 1882 2550; x_wconf 81' lang='lat' dir='ltr'>Emmanuel?</span> <span class='ocrx_word' id='word_1_310' title='bbox 1908 2491 2021 2548; x_wconf 92' lang='lat' dir='ltr'>Ita-</span> 
     </span>
    </p>
   </div>
   <div class='ocr_carea' id='block_1_43' title="bbox 365 2583 2023 2666">
    <p class='ocr_par' dir='ltr' id='par_1_43' title="bbox 365 2583 2023 2666">
     <span class='ocr_line' id='line_1_43' title="bbox 365 2583 2023 2666; baseline -0.008 -17"><span class='ocrx_word' id='word_1_311' title='bbox 365 2609 479 2666; x_wconf 91' lang='lat' dir='ltr'>que</span> <span class='ocrx_word' id='word_1_312' title='bbox 509 2592 558 2647; x_wconf 83' lang='lat' dir='ltr'>si</span> <span class='ocrx_word' id='word_1_313' title='bbox 591 2590 747 2662; x_wconf 92' lang='lat' dir='ltr'>quod</span> <span class='ocrx_word' id='word_1_314' title='bbox 780 2589 976 2658; x_wconf 86' lang='lat' dir='ltr'>datur,</span> <span class='ocrx_word' id='word_1_315' title='bbox 1018 2587 1074 2641; x_wconf 91' lang='lat' dir='ltr'>id</span> <span class='ocrx_word' id='word_1_316' title='bbox 1136 2586 1370 2656; x_wconf 89' lang='lat' dir='ltr'>signum</span> <span class='ocrx_word' id='word_1_317' title='bbox 1422 2588 1533 2655; x_wconf 89' lang='lat' dir='ltr'>est,</span> <span class='ocrx_word' id='word_1_318' title='bbox 1558 2583 1637 2639; x_wconf 87' lang='lat' dir='ltr'>sit</span> <span class='ocrx_word' id='word_1_319' title='bbox 1674 2585 1909 2654; x_wconf 86' lang='lat' dir='ltr'>oportet</span> <span class='ocrx_word' id='word_1_320' title='bbox 1963 2584 2023 2637; x_wconf 88' lang='lat' dir='ltr'>et</span> 
     </span>
    </p>
   </div>
   <div class='ocr_carea' id='block_1_44' title="bbox 366 2669 2021 2755">
    <p class='ocr_par' dir='ltr' id='par_1_44' title="bbox 366 2669 2021 2755">
     <span class='ocr_line' id='line_1_44' title="bbox 366 2669 2021 2755; baseline -0.008 -17"><span class='ocrx_word' id='word_1_321' title='bbox 366 2683 500 2755; x_wconf 90' lang='lat' dir='ltr'>ipsa</span> <span class='ocrx_word' id='word_1_322' title='bbox 528 2679 829 2753; x_wconf 87' lang='lat' dir='ltr'>generatio</span> <span class='ocrx_word' id='word_1_323' title='bbox 869 2674 1241 2732; x_wconf 89' lang='lat' dir='ltr'>admirabilis</span> <span class='ocrx_word' id='word_1_324' title='bbox 1286 2678 1346 2729; x_wconf 88' lang='lat' dir='ltr'>et</span> <span class='ocrx_word' id='word_1_325' title='bbox 1391 2673 1705 2744; x_wconf 88' lang='lat' dir='ltr'>stupenda.</span> <span class='ocrx_word' id='word_1_326' title='bbox 1757 2671 1921 2735; x_wconf 87' lang='lat' dir='ltr'>Quod</span> <span class='ocrx_word' id='word_1_327' title='bbox 1971 2669 2021 2726; x_wconf 89' lang='lat' dir='ltr'>si</span> 
     </span>
    </p>
   </div>
   <div class='ocr_carea' id='block_1_45' title="bbox 363 2760 2022 2842">
    <p class='ocr_par' dir='ltr' id='par_1_45' title="bbox 363 2760 2022 2842">
     <span class='ocr_line' id='line_1_45' title="bbox 363 2760 2022 2842; baseline -0.007 -14"><span class='ocrx_word' id='word_1_328' title='bbox 363 2772 578 2829; x_wconf 90' lang='lat' dir='ltr'>modus</span> <span class='ocrx_word' id='word_1_329' title='bbox 606 2786 721 2841; x_wconf 89' lang='lat' dir='ltr'>quo</span> <span class='ocrx_word' id='word_1_330' title='bbox 757 2773 1074 2842; x_wconf 86' lang='lat' dir='ltr'>generatus</span> <span class='ocrx_word' id='word_1_331' title='bbox 1105 2771 1194 2821; x_wconf 89' lang='lat' dir='ltr'>est</span> <span class='ocrx_word' id='word_1_332' title='bbox 1224 2781 1389 2837; x_wconf 90' lang='lat' dir='ltr'>puer,</span> <span class='ocrx_word' id='word_1_333' title='bbox 1424 2763 1534 2819; x_wconf 87' lang='lat' dir='ltr'>fuit</span> <span class='ocrx_word' id='word_1_334' title='bbox 1553 2760 1905 2831; x_wconf 88' lang='lat' dir='ltr'>communis,</span> <span class='ocrx_word' id='word_1_335' title='bbox 1926 2776 2022 2816; x_wconf 89' lang='lat' dir='ltr'>ne-</span> 
     </span>
    </p>
   </div>
   <div class='ocr_carea' id='block_1_46' title="bbox 363 2848 2016 2934">
    <p class='ocr_par' dir='ltr' id='par_1_46' title="bbox 363 2848 2016 2934">
     <span class='ocr_line' id='line_1_46' title="bbox 363 2848 2016 2934; baseline -0.007 -18"><span class='ocrx_word' id='word_1_336' title='bbox 363 2876 477 2934; x_wconf 88' lang='lat' dir='ltr'>que</span> <span class='ocrx_word' id='word_1_337' title='bbox 508 2859 737 2915; x_wconf 87' lang='lat' dir='ltr'>dicatur</span> <span class='ocrx_word' id='word_1_338' title='bbox 767 2858 1028 2929; x_wconf 88' lang='lat' dir='ltr'>signum,</span> <span class='ocrx_word' id='word_1_339' title='bbox 1062 2870 1254 2926; x_wconf 90' lang='lat' dir='ltr'>neque</span> <span class='ocrx_word' id='word_1_340' title='bbox 1286 2851 1610 2925; x_wconf 74' lang='lat' dir='ltr'>appelletur</span> <span class='ocrx_word' id='word_1_341' title='bbox 1649 2848 2016 2906; x_wconf 88' lang='lat' dir='ltr'>Emmanuel.</span> 
     </span>
    </p>
   </div>
   <div class='ocr_carea' id='block_1_47' title="bbox 366 2938 2019 3021">
    <p class='ocr_par' dir='ltr' id='par_1_47' title="bbox 366 2938 2019 3021">
     <span class='ocr_line' id='line_1_47' title="bbox 366 2938 2019 3021; baseline -0.008 -15"><span class='ocrx_word' id='word_1_342' title='bbox 366 2949 613 3006; x_wconf 87' lang='lat' dir='ltr'>Proinde</span> <span class='ocrx_word' id='word_1_343' title='bbox 644 2964 769 3021; x_wconf 71' lang='lat' dir='ltr'>quis</span> <span class='ocrx_word' id='word_1_344' title='bbox 802 2945 1046 3019; x_wconf 87' lang='lat' dir='ltr'>peperit,</span> <span class='ocrx_word' id='word_1_345' title='bbox 1080 2945 1132 3001; x_wconf 93' lang='lat' dir='ltr'>si</span> <span class='ocrx_word' id='word_1_346' title='bbox 1161 2943 1325 3016; x_wconf 92' lang='lat' dir='ltr'>virgo</span> <span class='ocrx_word' id='word_1_347' title='bbox 1358 2959 1473 2998; x_wconf 91' lang='lat' dir='ltr'>non</span> <span class='ocrx_word' id='word_1_348' title='bbox 1504 2945 1614 3009; x_wconf 88' lang='lat' dir='ltr'>est,</span> <span class='ocrx_word' id='word_1_349' title='bbox 1650 2939 1821 3012; x_wconf 88' lang='lat' dir='ltr'>quale</span> <span class='ocrx_word' id='word_1_350' title='bbox 1842 2938 2019 2995; x_wconf 81' lang='lat' dir='ltr'>exsti-</span> 
     </span>
    </p>
   </div>
   <div class='ocr_carea' id='block_1_48' title="bbox 362 3028 2020 3109">
    <p class='ocr_par' dir='ltr' id='par_1_48' title="bbox 362 3028 2020 3109">
     <span class='ocr_line' id='line_1_48' title="bbox 362 3028 2020 3109; baseline -0.007 -16"><span class='ocrx_word' id='word_1_351' title='bbox 362 3038 435 3093; x_wconf 89' lang='lat' dir='ltr'>tit</span> <span class='ocrx_word' id='word_1_352' title='bbox 456 3037 566 3093; x_wconf 90' lang='lat' dir='ltr'>hoo</span> <span class='ocrx_word' id='word_1_353' title='bbox 588 3035 868 3109; x_wconf 82' lang='lat' dir='ltr'>signum?</span> <span class='ocrx_word' id='word_1_354' title='bbox 892 3034 959 3090; x_wconf 86' lang='lat' dir='ltr'>Et</span> <span class='ocrx_word' id='word_1_355' title='bbox 981 3033 1093 3089; x_wconf 90' lang='lat' dir='ltr'>nisi</span> <span class='ocrx_word' id='word_1_356' title='bbox 1113 3036 1277 3088; x_wconf 88' lang='lat' dir='ltr'>ortus</span> <span class='ocrx_word' id='word_1_357' title='bbox 1300 3030 1396 3087; x_wconf 88' lang='lat' dir='ltr'>ille</span> <span class='ocrx_word' id='word_1_358' title='bbox 1416 3032 1561 3086; x_wconf 80' lang='lat' dir='ltr'>foret</span> <span class='ocrx_word' id='word_1_359' title='bbox 1577 3028 2020 3099; x_wconf 90' lang='lat' dir='ltr'>diviniorquam</span> 
     </span>
    </p>
   </div>
   <div class='ocr_carea' id='block_1_49' title="bbox 362 3116 2019 3200">
    <p class='ocr_par' dir='ltr' id='par_1_49' title="bbox 362 3116 2019 3200">
     <span class='ocr_line' id='line_1_49' title="bbox 362 3116 2019 3200; baseline -0.006 -19"><span class='ocrx_word' id='word_1_360' title='bbox 362 3126 547 3200; x_wconf 88' lang='lat' dir='ltr'>vulgi,</span> <span class='ocrx_word' id='word_1_361' title='bbox 581 3124 876 3198; x_wconf 92' lang='lat' dir='ltr'>quomodo</span> <span class='ocrx_word' id='word_1_362' title='bbox 899 3123 1025 3194; x_wconf 88' lang='lat' dir='ltr'>jam</span> <span class='ocrx_word' id='word_1_363' title='bbox 1054 3121 1290 3178; x_wconf 87' lang='lat' dir='ltr'>advenit</span> <span class='ocrx_word' id='word_1_364' title='bbox 1318 3117 1660 3175; x_wconf 89' lang='lat' dir='ltr'>Emmanuel</span> <span class='ocrx_word' id='word_1_365' title='bbox 1681 3116 1886 3183; x_wconf 78' lang='lat' dir='ltr'>‘iQuod</span> <span class='ocrx_word' id='word_1_366' title='bbox 1913 3133 2019 3171; x_wconf 88' lang='lat' dir='ltr'>au-</span> 
     </span>
    </p>
   </div>
   <div class='ocr_carea' id='block_1_50' title="bbox 362 3205 2013 3287">
    <p class='ocr_par' dir='ltr' id='par_1_50' title="bbox 362 3205 2013 3287">
     <span class='ocr_line' id='line_1_50' title="bbox 362 3205 2013 3287; baseline -0.008 -14"><span class='ocrx_word' id='word_1_367' title='bbox 362 3222 481 3273; x_wconf 83' lang='lat' dir='ltr'>tem</span> <span class='ocrx_word' id='word_1_368' title='bbox 514 3231 751 3281; x_wconf 88' lang='lat' dir='ltr'>nomen,</span> <span class='ocrx_word' id='word_1_369' title='bbox 780 3213 988 3287; x_wconf 85' lang='lat' dir='ltr'>puella,</span> <span class='ocrx_word' id='word_1_370' title='bbox 1016 3212 1247 3285; x_wconf 89' lang='lat' dir='ltr'>proprie</span> <span class='ocrx_word' id='word_1_371' title='bbox 1277 3209 1507 3265; x_wconf 86' lang='lat' dir='ltr'>dicatur</span> <span class='ocrx_word' id='word_1_372' title='bbox 1536 3209 1606 3263; x_wconf 91' lang='lat' dir='ltr'>de</span> <span class='ocrx_word' id='word_1_373' title='bbox 1664 3205 2013 3279; x_wconf 87' lang='lat' dir='ltr'>virginibus,</span> 
     </span>
    </p>
   </div>
   <div class='ocr_carea' id='block_1_51' title="bbox 363 3296 2016 3380">
    <p class='ocr_par' dir='ltr' id='par_1_51' title="bbox 363 3296 2016 3380">
     <span class='ocr_line' id='line_1_51' title="bbox 363 3296 2016 3380; baseline -0.005 -18"><span class='ocrx_word' id='word_1_374' title='bbox 363 3310 522 3380; x_wconf 88' lang='lat' dir='ltr'>patet</span> <span class='ocrx_word' id='word_1_375' title='bbox 549 3321 619 3360; x_wconf 86' lang='lat' dir='ltr'>ex</span> <span class='ocrx_word' id='word_1_376' title='bbox 647 3303 740 3359; x_wconf 85' lang='lat' dir='ltr'>his</span> <span class='ocrx_word' id='word_1_377' title='bbox 771 3300 1207 3359; x_wconf 89' lang='lat' dir='ltr'>Deuteronomii</span> <span class='ocrx_word' id='word_1_378' title='bbox 1239 3299 1471 3355; x_wconf 86' lang='lat' dir='ltr'>verbis:</span> <span class='ocrx_word' id='word_1_379' title='bbox 1502 3296 1658 3369; x_wconf 84' lang='lat' dir='ltr'>Quod</span> <span class='ocrx_word' id='word_1_380' title='bbox 1685 3299 1737 3353; x_wconf 89' lang='lat' dir='ltr'>si</span> <span class='ocrx_word' id='word_1_381' title='bbox 1779 3299 1837 3352; x_wconf 84' lang='lat' dir='ltr'>in</span> <span class='ocrx_word' id='word_1_382' title='bbox 1881 3312 2016 3365; x_wconf 88' lang='lat' dir='ltr'>agro</span> 
     </span>
    </p>
   </div>
   <div class='ocr_carea' id='block_1_52' title="bbox 363 3387 2017 3464">
    <p class='ocr_par' dir='ltr' id='par_1_52' title="bbox 363 3387 2017 3464">
     <span class='ocr_line' id='line_1_52' title="bbox 363 3387 2017 3464; baseline -0.007 -14"><span class='ocrx_word' id='word_1_383' title='bbox 363 3394 638 3450; x_wconf 77' lang='lat' dir='ltr'>invenerit</span> <span class='ocrx_word' id='word_1_384' title='bbox 665 3392 914 3464; x_wconf 84' lang='lat' dir='ltr'>puellam</span> <span class='ocrx_word' id='word_1_385' title='bbox 943 3390 1348 3462; x_wconf 75' lang='lat' dir='ltr'>desponsatam,</span> <span class='ocrx_word' id='word_1_386' title='bbox 1381 3389 1433 3443; x_wconf 89' lang='lat' dir='ltr'>et</span> <span class='ocrx_word' id='word_1_387' title='bbox 1462 3387 1569 3442; x_wconf 89' lang='lat' dir='ltr'>vim</span> <span class='ocrx_word' id='word_1_388' title='bbox 1603 3387 1851 3459; x_wconf 78' lang='lat' dir='ltr'>inferens</span> <span class='ocrx_word' id='word_1_389' title='bbox 1884 3401 2017 3440; x_wconf 85' lang='lat' dir='ltr'>con-</span> 
     </span>
    </p>
   </div>
   <div class='ocr_carea' id='block_1_53' title="bbox 360 3475 2022 3547">
    <p class='ocr_par' dir='ltr' id='par_1_53' title="bbox 360 3475 2022 3547">
     <span class='ocr_line' id='line_1_53' title="bbox 360 3475 2022 3547; baseline -0.007 -8"><span class='ocrx_word' id='word_1_390' title='bbox 360 3483 610 3540; x_wconf 83' lang='lat' dir='ltr'>cubuerit</span> <span class='ocrx_word' id='word_1_391' title='bbox 648 3497 775 3535; x_wconf 88' lang='lat' dir='ltr'>cum</span> <span class='ocrx_word' id='word_1_392' title='bbox 827 3495 912 3546; x_wconf 89' lang='lat' dir='ltr'>ea,</span> <span class='ocrx_word' id='word_1_393' title='bbox 964 3478 1313 3547; x_wconf 76' lang='lat' dir='ltr'>interﬁcietis</span> <span class='ocrx_word' id='word_1_394' title='bbox 1360 3477 1641 3532; x_wconf 85' lang='lat' dir='ltr'>hominem</span> <span class='ocrx_word' id='word_1_395' title='bbox 1693 3475 1920 3539; x_wconf 87' lang='lat' dir='ltr'>solum;</span> <span class='ocrx_word' id='word_1_396' title='bbox 1968 3476 2022 3530; x_wconf 88' lang='lat' dir='ltr'>et</span> 
     </span>
    </p>
   </div>
   <div class='ocr_carea' id='block_1_54' title="bbox 356 3563 2023 3647">
    <p class='ocr_par' dir='ltr' id='par_1_54' title="bbox 356 3563 2023 3647">
     <span class='ocr_line' id='line_1_54' title="bbox 356 3563 2023 3647; baseline -0.006 -19"><span class='ocrx_word' id='word_1_397' title='bbox 356 3572 568 3647; x_wconf 71' lang='lat' dir='ltr'>puellae</span> <span class='ocrx_word' id='word_1_398' title='bbox 595 3568 749 3626; x_wconf 83' lang='lat' dir='ltr'>nihil</span> <span class='ocrx_word' id='word_1_399' title='bbox 774 3568 1017 3641; x_wconf 65' lang='lat' dir='ltr'>lucidis,</span> <span class='ocrx_word' id='word_1_400' title='bbox 1050 3568 1184 3640; x_wconf 88' lang='lat' dir='ltr'>quia</span> <span class='ocrx_word' id='word_1_401' title='bbox 1212 3583 1321 3622; x_wconf 90' lang='lat' dir='ltr'>non</span> <span class='ocrx_word' id='word_1_402' title='bbox 1354 3570 1434 3621; x_wconf 89' lang='lat' dir='ltr'>est</span> <span class='ocrx_word' id='word_1_403' title='bbox 1480 3563 1686 3637; x_wconf 68' lang='lat' dir='ltr'>puellae</span> <span class='ocrx_word' id='word_1_404' title='bbox 1742 3571 2023 3636; x_wconf 85' lang='lat' dir='ltr'>peccatum</span> 
     </span>
    </p>
   </div>
   <div class='ocr_carea' id='block_1_55' title="bbox 361 3654 2023 3730">
    <p class='ocr_par' dir='ltr' id='par_1_55' title="bbox 361 3654 2023 3730">
     <span class='ocr_line' id='line_1_55' title="bbox 361 3654 2023 3730; baseline -0.005 -13"><span class='ocrx_word' id='word_1_405' title='bbox 361 3662 579 3717; x_wconf 70' lang='lat' dir='ltr'>mortis.</span> <span class='ocrx_word' id='word_1_406' title='bbox 618 3659 767 3728; x_wconf 85' lang='lat' dir='ltr'>Quia</span> <span class='ocrx_word' id='word_1_407' title='bbox 797 3657 1265 3730; x_wconf 83' lang='lat' dir='ltr'>quemadmodum</span> <span class='ocrx_word' id='word_1_408' title='bbox 1293 3655 1343 3709; x_wconf 86' lang='lat' dir='ltr'>si</span> <span class='ocrx_word' id='word_1_409' title='bbox 1371 3655 1492 3725; x_wconf 83' lang='lat' dir='ltr'>quis</span> <span class='ocrx_word' id='word_1_410' title='bbox 1521 3655 1679 3709; x_wconf 82' lang='lat' dir='ltr'>homo</span> <span class='ocrx_word' id='word_1_411' title='bbox 1702 3654 2023 3709; x_wconf 76' lang='lat' dir='ltr'>insurrexe-</span> 
     </span>
    </p>
   </div>
   <div class='ocr_carea' id='block_1_56' title="bbox 366 3742 2022 3819">
    <p class='ocr_par' dir='ltr' id='par_1_56' title="bbox 366 3742 2022 3819">
     <span class='ocr_line' id='line_1_56' title="bbox 366 3742 2022 3819; baseline -0.005 -13"><span class='ocrx_word' id='word_1_412' title='bbox 366 3750 447 3806; x_wconf 83' lang='lat' dir='ltr'>rit</span> <span class='ocrx_word' id='word_1_413' title='bbox 476 3750 736 3805; x_wconf 86' lang='lat' dir='ltr'>adversus</span> <span class='ocrx_word' id='word_1_414' title='bbox 789 3745 1117 3819; x_wconf 72' lang='lat' dir='ltr'>proximum</span> <span class='ocrx_word' id='word_1_415' title='bbox 1157 3760 1338 3812; x_wconf 87' lang='lat' dir='ltr'>suum,</span> <span class='ocrx_word' id='word_1_416' title='bbox 1392 3746 1445 3799; x_wconf 90' lang='lat' dir='ltr'>et</span> <span class='ocrx_word' id='word_1_417' title='bbox 1495 3742 1754 3799; x_wconf 86' lang='lat' dir='ltr'>occiderit</span> <span class='ocrx_word' id='word_1_418' title='bbox 1798 3746 2022 3814; x_wconf 85' lang='lat' dir='ltr'>ipsum:</span> 
     </span>
    </p>
   </div>
   <div class='ocr_carea' id='block_1_57' title="bbox 369 3833 2021 3906">
    <p class='ocr_par' dir='ltr' id='par_1_57' title="bbox 369 3833 2021 3906">
     <span class='ocr_line' id='line_1_57' title="bbox 369 3833 2021 3906; baseline -0.006 -10"><span class='ocrx_word' id='word_1_419' title='bbox 369 3842 449 3896; x_wconf 89' lang='lat' dir='ltr'>sic</span> <span class='ocrx_word' id='word_1_420' title='bbox 478 3854 562 3894; x_wconf 84' lang='lat' dir='ltr'>res</span> <span class='ocrx_word' id='word_1_421' title='bbox 591 3838 727 3894; x_wconf 52' lang='lat' dir='ltr'>hac.</span> <span class='ocrx_word' id='word_1_422' title='bbox 766 3837 827 3892; x_wconf 89' lang='lat' dir='ltr'>In</span> <span class='ocrx_word' id='word_1_423' title='bbox 855 3851 1041 3906; x_wconf 66' lang='lat' dir='ltr'>camp.)</span> <span class='ocrx_word' id='word_1_424' title='bbox 1072 3835 1281 3891; x_wconf 81' lang='lat' dir='ltr'>invenit</span> <span class='ocrx_word' id='word_1_425' title='bbox 1309 3848 1469 3889; x_wconf 89' lang='lat' dir='ltr'>eam:</span> <span class='ocrx_word' id='word_1_426' title='bbox 1512 3833 1773 3888; x_wconf 82' lang='lat' dir='ltr'>clamavit</span> <span class='ocrx_word' id='word_1_427' title='bbox 1814 3833 2021 3905; x_wconf 87' lang='lat' dir='ltr'>puella,</span> 
     </span>
    </p>
   </div>
   <div class='ocr_carea' id='block_1_58' title="bbox 371 3921 2026 3995">
    <p class='ocr_par' dir='ltr' id='par_1_58' title="bbox 371 3921 2026 3995">
     <span class='ocr_line' id='line_1_58' title="bbox 371 3921 2026 3995; baseline -0.005 -10"><span class='ocrx_word' id='word_1_428' title='bbox 371 3937 425 3985; x_wconf 88' lang='lat' dir='ltr'>et</span> <span class='ocrx_word' id='word_1_429' title='bbox 455 3943 563 3985; x_wconf 86' lang='lat' dir='ltr'>non</span> <span class='ocrx_word' id='word_1_430' title='bbox 595 3935 712 3983; x_wconf 84' lang='lat' dir='ltr'>erat</span> <span class='ocrx_word' id='word_1_431' title='bbox 739 3926 1047 3981; x_wconf 74' lang='lat' dir='ltr'>auxiliator</span> <span class='ocrx_word' id='word_1_432' title='bbox 1076 3925 1142 3979; x_wconf 72' lang='lat'>&quot;.</span> <span class='ocrx_word' id='word_1_433' title='bbox 1178 3923 1380 3994; x_wconf 88' lang='lat' dir='ltr'>Itaque</span> <span class='ocrx_word' id='word_1_434' title='bbox 1411 3939 1538 3995; x_wconf 73' lang='lat' dir='ltr'>quae</span> <span class='ocrx_word' id='word_1_435' title='bbox 1569 3921 1864 3990; x_wconf 89' lang='lat' dir='ltr'>clamavit,</span> <span class='ocrx_word' id='word_1_436' title='bbox 1916 3921 2026 3976; x_wconf 88' lang='lat' dir='ltr'>uti-</span> 
     </span>
    </p>
   </div>
   <div class='ocr_carea' id='block_1_59' title="bbox 370 4011 2020 4091">
    <p class='ocr_par' dir='ltr' id='par_1_59' title="bbox 370 4011 2020 4091">
     <span class='ocr_line' id='line_1_59' title="bbox 370 4011 2020 4091; baseline -0.004 -19"><span class='ocrx_word' id='word_1_437' title='bbox 370 4034 483 4091; x_wconf 89' lang='lat' dir='ltr'>que</span> <span class='ocrx_word' id='word_1_438' title='bbox 504 4020 638 4074; x_wconf 85' lang='lat' dir='ltr'>ante</span> <span class='ocrx_word' id='word_1_439' title='bbox 658 4014 1091 4087; x_wconf 88' lang='lat' dir='ltr'>corruptionem</span> <span class='ocrx_word' id='word_1_440' title='bbox 1114 4014 1276 4085; x_wconf 90' lang='lat' dir='ltr'>virgo</span> <span class='ocrx_word' id='word_1_441' title='bbox 1300 4016 1444 4067; x_wconf 87' lang='lat' dir='ltr'>erat.</span> <span class='ocrx_word' id='word_1_442' title='bbox 1468 4011 1600 4066; x_wconf 75' lang='lat' dir='ltr'>Haec</span> <span class='ocrx_word' id='word_1_443' title='bbox 1621 4011 1801 4083; x_wconf 91' lang='lat' dir='ltr'>igitur</span> <span class='ocrx_word' id='word_1_444' title='bbox 1825 4011 2020 4076; x_wconf 82' lang='lat' dir='ltr'>verba,</span> 
     </span>
    </p>
   </div>
   <div class='ocr_carea' id='block_1_60' title="bbox 363 4099 2021 4181">
    <p class='ocr_par' dir='ltr' id='par_1_60' title="bbox 363 4099 2021 4181">
     <span class='ocr_line' id='line_1_60' title="bbox 363 4099 2021 4181; baseline -0.005 -18"><span class='ocrx_word' id='word_1_445' title='bbox 363 4108 626 4162; x_wconf 86' lang='lat' dir='ltr'>clamavit</span> <span class='ocrx_word' id='word_1_446' title='bbox 676 4106 850 4176; x_wconf 72' lang='lat' dir='ltr'>virgo,</span> <span class='ocrx_word' id='word_1_447' title='bbox 898 4103 1051 4158; x_wconf 88' lang='lat' dir='ltr'>idem</span> <span class='ocrx_word' id='word_1_448' title='bbox 1103 4102 1300 4156; x_wconf 89' lang='lat' dir='ltr'>valent</span> <span class='ocrx_word' id='word_1_449' title='bbox 1353 4105 1527 4173; x_wconf 87' lang='lat' dir='ltr'>atque</span> <span class='ocrx_word' id='word_1_450' title='bbox 1575 4099 1696 4169; x_wconf 90' lang='lat' dir='ltr'>illa,</span> <span class='ocrx_word' id='word_1_451' title='bbox 1751 4100 2021 4181; x_wconf 73' lang='lat' dir='ltr'>clamavit</span> 
     </span>
    </p>
   </div>
   <div class='ocr_carea' id='block_1_61' title="bbox 362 4190 2022 4270">
    <p class='ocr_par' dir='ltr' id='par_1_61' title="bbox 362 4190 2022 4270">
     <span class='ocr_line' id='line_1_61' title="bbox 362 4190 2022 4270; baseline -0.004 -16"><span class='ocrx_word' id='word_1_452' title='bbox 362 4199 572 4270; x_wconf 87' lang='lat' dir='ltr'>puella.</span> <span class='ocrx_word' id='word_1_453' title='bbox 633 4197 701 4252; x_wconf 91' lang='lat' dir='ltr'>Et</span> <span class='ocrx_word' id='word_1_454' title='bbox 760 4197 820 4252; x_wconf 91' lang='lat' dir='ltr'>in</span> <span class='ocrx_word' id='word_1_455' title='bbox 871 4197 1042 4250; x_wconf 90' lang='lat' dir='ltr'>tertio</span> <span class='ocrx_word' id='word_1_456' title='bbox 1101 4193 1439 4266; x_wconf 84' lang='lat' dir='ltr'>Regnorum</span> <span class='ocrx_word' id='word_1_457' title='bbox 1489 4190 1638 4247; x_wconf 86' lang='lat' dir='ltr'>libro</span> <span class='ocrx_word' id='word_1_458' title='bbox 1700 4191 2022 4248; x_wconf 88' lang='lat' dir='ltr'>Somanitis</span> 
     </span>
    </p>
   </div>
   <div class='ocr_carea' id='block_1_62' title="bbox 361 4281 2023 4359">
    <p class='ocr_par' dir='ltr' id='par_1_62' title="bbox 361 4281 2023 4359">
     <span class='ocr_line' id='line_1_62' title="bbox 361 4281 2023 4359; baseline -0.004 -16"><span class='ocrx_word' id='word_1_459' title='bbox 361 4287 465 4343; x_wconf 86' lang='lat' dir='ltr'>illa</span> <span class='ocrx_word' id='word_1_460' title='bbox 489 4304 616 4359; x_wconf 59' lang='lat' dir='ltr'>quas</span> <span class='ocrx_word' id='word_1_461' title='bbox 638 4285 1017 4343; x_wconf 80' lang='lat' dir='ltr'>calefaciebat</span> <span class='ocrx_word' id='word_1_462' title='bbox 1038 4283 1240 4352; x_wconf 91' lang='lat' dir='ltr'>David,</span> <span class='ocrx_word' id='word_1_463' title='bbox 1269 4297 1521 4355; x_wconf 80' lang='lat' dir='ltr'>quaeque</span> <span class='ocrx_word' id='word_1_464' title='bbox 1542 4281 1701 4354; x_wconf 93' lang='lat' dir='ltr'>virgo</span> <span class='ocrx_word' id='word_1_465' title='bbox 1723 4285 1869 4353; x_wconf 88' lang='lat' dir='ltr'>erat,</span> <span class='ocrx_word' id='word_1_466' title='bbox 1918 4298 2023 4338; x_wconf 90' lang='lat' dir='ltr'>nec</span> 
     </span>
    </p>
   </div>
   <div class='ocr_carea' id='block_1_63' title="bbox 363 4369 2021 4449">
    <p class='ocr_par' dir='ltr' id='par_1_63' title="bbox 363 4369 2021 4449">
     <span class='ocr_line' id='line_1_63' title="bbox 363 4369 2021 4449; baseline -0.003 -18"><span class='ocrx_word' id='word_1_467' title='bbox 363 4393 628 4449; x_wconf 91' lang='lat' dir='ltr'>unquam</span> <span class='ocrx_word' id='word_1_468' title='bbox 661 4376 853 4430; x_wconf 91' lang='lat' dir='ltr'>virum</span> <span class='ocrx_word' id='word_1_469' title='bbox 887 4374 1078 4429; x_wconf 84' lang='lat' dir='ltr'>fuerat</span> <span class='ocrx_word' id='word_1_470' title='bbox 1107 4377 1367 4444; x_wconf 86' lang='lat' dir='ltr'>experta,</span> <span class='ocrx_word' id='word_1_471' title='bbox 1401 4369 1596 4443; x_wconf 89' lang='lat' dir='ltr'>puella</span> <span class='ocrx_word' id='word_1_472' title='bbox 1626 4376 1890 4426; x_wconf 91' lang='lat' dir='ltr'>vocatur.</span> <span class='ocrx_word' id='word_1_473' title='bbox 1923 4375 2021 4426; x_wconf 89' lang='lat' dir='ltr'>1n-</span> 
     </span>
    </p>
   </div>
   <div class='ocr_carea' id='block_1_64' title="bbox 360 4461 2023 4541">
    <p class='ocr_par' dir='ltr' id='par_1_64' title="bbox 360 4461 2023 4541">
     <span class='ocr_line' id='line_1_64' title="bbox 360 4461 2023 4541; baseline -0.003 -17"><span class='ocrx_word' id='word_1_474' title='bbox 360 4473 631 4524; x_wconf 86' lang='lat' dir='ltr'>venerunt</span> <span class='ocrx_word' id='word_1_475' title='bbox 660 4469 831 4535; x_wconf 87' lang='lat' dir='ltr'>enim,</span> <span class='ocrx_word' id='word_1_476' title='bbox 864 4464 1081 4537; x_wconf 87' lang='lat' dir='ltr'>inquit,</span> <span class='ocrx_word' id='word_1_477' title='bbox 1106 4536 1109 4541; x_wconf 85' lang='lat'><strong><em>_</em></strong></span> <span class='ocrx_word' id='word_1_478' title='bbox 1139 4464 1353 4532; x_wconf 84' lang='lat' dir='ltr'>Abisac,</span> <span class='ocrx_word' id='word_1_479' title='bbox 1399 4471 1451 4517; x_wconf 89' lang='lat' dir='ltr'>et</span> <span class='ocrx_word' id='word_1_480' title='bbox 1502 4461 1855 4519; x_wconf 69' lang='lat' dir='ltr'>adduxerunt</span> <span class='ocrx_word' id='word_1_481' title='bbox 1902 4479 2023 4519; x_wconf 87' lang='lat' dir='ltr'>eam</span> 
     </span>
    </p>
   </div>
   <div class='ocr_carea' id='block_1_65' title="bbox 359 4552 2017 4629">
    <p class='ocr_par' dir='ltr' id='par_1_65' title="bbox 359 4552 2017 4629">
     <span class='ocr_line' id='line_1_65' title="bbox 359 4552 2017 4629; baseline -0.004 -15"><span class='ocrx_word' id='word_1_482' title='bbox 359 4558 660 4629; x_wconf 88' lang='lat' dir='ltr'>adrogem:</span> <span class='ocrx_word' id='word_1_483' title='bbox 693 4560 745 4611; x_wconf 90' lang='lat' dir='ltr'>et</span> <span class='ocrx_word' id='word_1_484' title='bbox 772 4555 959 4627; x_wconf 87' lang='lat' dir='ltr'>puella</span> <span class='ocrx_word' id='word_1_485' title='bbox 986 4554 1220 4626; x_wconf 82' lang='lat' dir='ltr'>pulchra</span> <span class='ocrx_word' id='word_1_486' title='bbox 1243 4568 1411 4623; x_wconf 87' lang='lat' dir='ltr'>usque</span> <span class='ocrx_word' id='word_1_487' title='bbox 1434 4552 1613 4618; x_wconf 84' lang='lat' dir='ltr'>valde,</span> <span class='ocrx_word' id='word_1_488' title='bbox 1632 4560 1683 4608; x_wconf 90' lang='lat' dir='ltr'>et</span> <span class='ocrx_word' id='word_1_489' title='bbox 1730 4554 2017 4608; x_wconf 73' lang='lat' dir='ltr'>ministra-</span> 
     </span>
    </p>
   </div>
   <div class='ocr_carea' id='block_1_66' title="bbox 2129 1956 3787 2038">
    <p class='ocr_par' dir='ltr' id='par_1_66' title="bbox 2129 1956 3787 2038">
     <span class='ocr_line' id='line_1_66' title="bbox 2129 1956 3787 2038; baseline 0.001 -23"><span class='ocrx_word' id='word_1_490' title='bbox 2129 1958 2379 2031; x_wconf 80' lang='grc' dir='ltr'>ὴλιλίαν,</span> <span class='ocrx_word' id='word_1_491' title='bbox 2412 1958 2540 2035; x_wconf 81' lang='grc' dir='ltr'>οὐχὶ</span> <span class='ocrx_word' id='word_1_492' title='bbox 2568 1956 2626 2014; x_wconf 76' lang='grc' dir='ltr'>δὲ</span> <span class='ocrx_word' id='word_1_493' title='bbox 2668 1964 2769 2029; x_wconf 82' lang='grc' dir='ltr'>τῆς</span> <span class='ocrx_word' id='word_1_494' title='bbox 2812 1957 3187 2035; x_wconf 83' lang='grc' dir='ltr'>ἆπειρογάμου</span> <span class='ocrx_word' id='word_1_495' title='bbox 3216 1958 3489 2036; x_wconf 82' lang='grc' dir='ltr'>γυναικός’</span> <span class='ocrx_word' id='word_1_496' title='bbox 3521 1960 3659 2038; x_wconf 89' lang='grc' dir='ltr'>πρὸς</span> <span class='ocrx_word' id='word_1_497' title='bbox 3693 1960 3787 2024; x_wconf 76' lang='grc' dir='ltr'>οὓς</span> 
     </span>
    </p>
   </div>
   <div class='ocr_carea' id='block_1_67' title="bbox 2134 2046 3784 2127">
    <p class='ocr_par' dir='ltr' id='par_1_67' title="bbox 2134 2046 3784 2127">
     <span class='ocr_line' id='line_1_67' title="bbox 2134 2046 3784 2127; baseline 0.001 -23"><span class='ocrx_word' id='word_1_498' title='bbox 2134 2046 2291 2127; x_wconf 80' lang='grc' dir='ltr'>ῥᾳδία</span> <span class='ocrx_word' id='word_1_499' title='bbox 2319 2048 2409 2104; x_wconf 85' lang='grc' dir='ltr'>καὶ</span> <span class='ocrx_word' id='word_1_500' title='bbox 2458 2048 2679 2112; x_wconf 80' lang='grc' dir='ltr'>αὐτόθεν</span> <span class='ocrx_word' id='word_1_501' title='bbox 2726 2050 2762 2118; x_wconf 82' lang='grc' dir='ltr'>ἡ</span> <span class='ocrx_word' id='word_1_502' title='bbox 2796 2048 3110 2119; x_wconf 84' lang='grc' dir='ltr'>ἀπάντησις.</span> <span class='ocrx_word' id='word_1_503' title='bbox 3142 2047 3208 2106; x_wconf 80' lang='grc' dir='ltr'><strong>Εἰ</strong></span> <span class='ocrx_word' id='word_1_504' title='bbox 3259 2048 3360 2125; x_wconf 69' lang='grc' dir='ltr'>γὰρ</span> <span class='ocrx_word' id='word_1_505' title='bbox 3556 2050 3784 2123; x_wconf 77' lang='grc' dir='ltr'>σημεῖόν</span> 
     </span>
    </p>
   </div>
   <div class='ocr_carea' id='block_1_68' title="bbox 2133 2135 3784 2214">
    <p class='ocr_par' dir='ltr' id='par_1_68' title="bbox 2133 2135 3784 2214">
     <span class='ocr_line' id='line_1_68' title="bbox 2133 2135 3784 2214; baseline 0.001 -20"><span class='ocrx_word' id='word_1_506' title='bbox 2133 2138 2244 2194; x_wconf 88' lang='grc' dir='ltr'>ἐστι</span> <span class='ocrx_word' id='word_1_507' title='bbox 2285 2136 2567 2214; x_wconf 84' lang='grc' dir='ltr'>τεραστίου</span> <span class='ocrx_word' id='word_1_508' title='bbox 2613 2138 2762 2200; x_wconf 86' lang='grc' dir='ltr'>τινὸς</span> <span class='ocrx_word' id='word_1_509' title='bbox 2791 2137 2882 2192; x_wconf 84' lang='grc' dir='ltr'>καὶ</span> <span class='ocrx_word' id='word_1_510' title='bbox 2928 2135 3398 2213; x_wconf 78' lang='grc' dir='ltr'>παρηλλαγμένου</span> <span class='ocrx_word' id='word_1_511' title='bbox 3446 2140 3546 2209; x_wconf 77' lang='grc' dir='ltr'>τήν</span> <span class='ocrx_word' id='word_1_512' title='bbox 3593 2142 3784 2211; x_wconf 79' lang='grc' dir='ltr'>κοινὴν</span> 
     </span>
    </p>
   </div>
   <div class='ocr_carea' id='block_1_69' title="bbox 2133 2224 3779 2303">
    <p class='ocr_par' dir='ltr' id='par_1_69' title="bbox 2133 2224 3779 2303">
     <span class='ocr_line' id='line_1_69' title="bbox 2133 2224 3779 2303; baseline 0.001 -21"><span class='ocrx_word' id='word_1_513' title='bbox 2133 2229 2416 2299; x_wconf 90' lang='grc' dir='ltr'>συνήθειαν</span> <span class='ocrx_word' id='word_1_514' title='bbox 2447 2231 2554 2282; x_wconf 91' lang='grc' dir='ltr'>τῶν</span> <span class='ocrx_word' id='word_1_515' title='bbox 2585 2227 2887 2303; x_wconf 74' lang='grc' dir='ltr'>ἀνθρώπων</span> <span class='ocrx_word' id='word_1_516' title='bbox 2935 2224 3214 2300; x_wconf 82' lang='grc' dir='ltr'>ἐπίδειξις,</span> <span class='ocrx_word' id='word_1_517' title='bbox 3257 2227 3310 2284; x_wconf 90' lang='grc' dir='ltr'>τί</span> <span class='ocrx_word' id='word_1_518' title='bbox 3352 2229 3660 2302; x_wconf 86' lang='grc' dir='ltr'>θαυμαστὸν</span> <span class='ocrx_word' id='word_1_519' title='bbox 3692 2232 3779 2301; x_wconf 74' lang='grc' dir='ltr'>ἦν,</span> 
     </span>
    </p>
   </div>
   <div class='ocr_carea' id='block_1_70' title="bbox 2135 2314 3781 2394">
    <p class='ocr_par' dir='ltr' id='par_1_70' title="bbox 2135 2314 3781 2394">
     <span class='ocr_line' id='line_1_70' title="bbox 2135 2314 3781 2394; baseline 0.001 -22"><span class='ocrx_word' id='word_1_520' title='bbox 2135 2316 2263 2391; x_wconf 90' lang='grc' dir='ltr'>μίαν</span> <span class='ocrx_word' id='word_1_521' title='bbox 2292 2320 2400 2372; x_wconf 89' lang='grc' dir='ltr'>τῶν</span> <span class='ocrx_word' id='word_1_522' title='bbox 2433 2314 2659 2373; x_wconf 81' lang='grc' dir='ltr'>πολλῶν</span> <span class='ocrx_word' id='word_1_523' title='bbox 2693 2322 2943 2393; x_wconf 85' lang='grc' dir='ltr'>γυναῖκα,</span> <span class='ocrx_word' id='word_1_524' title='bbox 2976 2315 3127 2394; x_wconf 80' lang='grc' dir='ltr'>ἀνδρὶ</span> <span class='ocrx_word' id='word_1_525' title='bbox 3163 2320 3537 2388; x_wconf 80' lang='grc' dir='ltr'>συνοικοῦσαν,</span> <span class='ocrx_word' id='word_1_526' title='bbox 3576 2318 3781 2394; x_wconf 86' lang='grc' dir='ltr'>μητέρα</span> 
     </span>
    </p>
   </div>
   <div class='ocr_carea' id='block_1_71' title="bbox 2130 2404 3780 2483">
    <p class='ocr_par' dir='ltr' id='par_1_71' title="bbox 2130 2404 3780 2483">
     <span class='ocr_line' id='line_1_71' title="bbox 2130 2404 3780 2483; baseline 0 -21"><span class='ocrx_word' id='word_1_527' title='bbox 2130 2405 2376 2483; x_wconf 87' lang='grc' dir='ltr'>γενέσθαι</span> <span class='ocrx_word' id='word_1_528' title='bbox 2425 2404 2649 2463; x_wconf 90' lang='grc' dir='ltr'>παιδίου</span> <span class='ocrx_word' id='word_1_529' title='bbox 2681 2426 2695 2477; x_wconf 89' lang='lat'><strong>;</strong></span> <span class='ocrx_word' id='word_1_530' title='bbox 2726 2411 2850 2470; x_wconf 91' lang='grc' dir='ltr'>Πῶς</span> <span class='ocrx_word' id='word_1_531' title='bbox 2894 2405 2938 2461; x_wconf 88' lang='grc' dir='ltr'>δ’</span> <span class='ocrx_word' id='word_1_532' title='bbox 2968 2404 3028 2461; x_wconf 77' lang='grc' dir='ltr'>ἂν</span> <span class='ocrx_word' id='word_1_533' title='bbox 3076 2406 3167 2461; x_wconf 89' lang='grc' dir='ltr'>καὶ</span> <span class='ocrx_word' id='word_1_534' title='bbox 3214 2407 3276 2462; x_wconf 87' lang='grc' dir='ltr'>τὸ</span> <span class='ocrx_word' id='word_1_535' title='bbox 3324 2407 3430 2462; x_wconf 82' lang='grc' dir='ltr'>ἀπὸ</span> <span class='ocrx_word' id='word_1_536' title='bbox 3476 2407 3780 2481; x_wconf 77' lang='grc' dir='ltr'>θελήματος</span> 
     </span>
    </p>
   </div>
   <div class='ocr_carea' id='block_1_72' title="bbox 2130 2493 3784 2573">
    <p class='ocr_par' dir='ltr' id='par_1_72' title="bbox 2130 2493 3784 2573">
     <span class='ocr_line' id='line_1_72' title="bbox 2130 2493 3784 2573; baseline 0 -21"><span class='ocrx_word' id='word_1_537' title='bbox 2130 2497 2327 2573; x_wconf 86' lang='grc' dir='ltr'>σαρκὸς</span> <span class='ocrx_word' id='word_1_538' title='bbox 2368 2496 2621 2573; x_wconf 67' lang='grc' dir='ltr'>γεννηθὲν</span> <span class='ocrx_word' id='word_1_539' title='bbox 2674 2493 3040 2570; x_wconf 81' lang='grc' dir='ltr'>Ἐμμαδουήλ</span> <span class='ocrx_word' id='word_1_540' title='bbox 3096 2496 3576 2573; x_wconf 70' lang='grc' dir='ltr'>προσηγορεύετος</span> <span class='ocrx_word' id='word_1_541' title='bbox 3625 2504 3784 2553; x_wconf 76' lang='grc' dir='ltr'>’Ὥστε</span> 
     </span>
    </p>
   </div>
   <div class='ocr_carea' id='block_1_73' title="bbox 2130 2583 3783 2664">
    <p class='ocr_par' dir='ltr' id='par_1_73' title="bbox 2130 2583 3783 2664">
     <span class='ocr_line' id='line_1_73' title="bbox 2130 2583 3783 2664; baseline 0 -22"><span class='ocrx_word' id='word_1_542' title='bbox 2130 2588 2177 2643; x_wconf 71' lang='grc' dir='ltr'>εί</span> <span class='ocrx_word' id='word_1_543' title='bbox 2213 2586 2306 2661; x_wconf 74' lang='grc' dir='ltr'>μὲν</span> <span class='ocrx_word' id='word_1_544' title='bbox 2366 2586 2593 2659; x_wconf 84' lang='grc' dir='ltr'>σημεῖόν</span> <span class='ocrx_word' id='word_1_545' title='bbox 2649 2584 2762 2640; x_wconf 89' lang='grc' dir='ltr'>ἐστι</span> <span class='ocrx_word' id='word_1_546' title='bbox 2814 2587 2875 2641; x_wconf 87' lang='grc' dir='ltr'>τὸ</span> <span class='ocrx_word' id='word_1_547' title='bbox 2933 2583 3245 2658; x_wconf 76' lang='grc' dir='ltr'>διδόμενον,</span> <span class='ocrx_word' id='word_1_548' title='bbox 3289 2583 3596 2664; x_wconf 81' lang='grc' dir='ltr'>παράδοξος</span> <span class='ocrx_word' id='word_1_549' title='bbox 3647 2585 3783 2642; x_wconf 77' lang='grc' dir='ltr'>ἔστω</span> 
     </span>
    </p>
   </div>
   <div class='ocr_carea' id='block_1_74' title="bbox 2128 2671 3786 2752">
    <p class='ocr_par' dir='ltr' id='par_1_74' title="bbox 2128 2671 3786 2752">
     <span class='ocr_line' id='line_1_74' title="bbox 2128 2671 3786 2752; baseline 0.001 -21"><span class='ocrx_word' id='word_1_550' title='bbox 2128 2676 2218 2731; x_wconf 88' lang='grc' dir='ltr'>καὶ</span> <span class='ocrx_word' id='word_1_551' title='bbox 2250 2678 2285 2746; x_wconf 79' lang='grc' dir='ltr'>ἡ</span> <span class='ocrx_word' id='word_1_552' title='bbox 2315 2675 2585 2750; x_wconf 78' lang='grc' dir='ltr'>γέννησις.</span> <span class='ocrx_word' id='word_1_553' title='bbox 2622 2673 2687 2731; x_wconf 73' lang='grc' dir='ltr'>Εἴ</span> <span class='ocrx_word' id='word_1_554' title='bbox 2734 2671 2793 2729; x_wconf 73' lang='grc' dir='ltr'>δὲ</span> <span class='ocrx_word' id='word_1_555' title='bbox 2838 2675 3021 2737; x_wconf 84' lang='grc' dir='ltr'>κοινὸς</span> <span class='ocrx_word' id='word_1_556' title='bbox 3052 2675 3081 2730; x_wconf 84' lang='grc' dir='ltr'>ὁ</span> <span class='ocrx_word' id='word_1_557' title='bbox 3109 2676 3315 2749; x_wconf 86' lang='grc' dir='ltr'>τρόπος</span> <span class='ocrx_word' id='word_1_558' title='bbox 3351 2679 3451 2741; x_wconf 84' lang='grc' dir='ltr'>τῆς</span> <span class='ocrx_word' id='word_1_559' title='bbox 3478 2678 3786 2752; x_wconf 75' lang='grc' dir='ltr'>γεννήσεως</span> 
     </span>
    </p>
   </div>
   <div class='ocr_carea' id='block_1_75' title="bbox 2126 2761 3785 2838">
    <p class='ocr_par' dir='ltr' id='par_1_75' title="bbox 2126 2761 3785 2838">
     <span class='ocr_line' id='line_1_75' title="bbox 2126 2761 3785 2838; baseline -0.001 -18"><span class='ocrx_word' id='word_1_560' title='bbox 2126 2768 2224 2820; x_wconf 76' lang='grc' dir='ltr'>τοῦ</span> <span class='ocrx_word' id='word_1_561' title='bbox 2271 2761 2512 2831; x_wconf 91' lang='grc' dir='ltr'>παιδίου,</span> <span class='ocrx_word' id='word_1_562' title='bbox 2564 2765 2703 2836; x_wconf 90' lang='grc' dir='ltr'>μήτε</span> <span class='ocrx_word' id='word_1_563' title='bbox 2764 2768 2994 2837; x_wconf 86' lang='grc' dir='ltr'>σημεῖον</span> <span class='ocrx_word' id='word_1_564' title='bbox 3056 2762 3316 2838; x_wconf 86' lang='grc' dir='ltr'>λεγέσθω,</span> <span class='ocrx_word' id='word_1_565' title='bbox 3374 2766 3513 2838; x_wconf 88' lang='grc' dir='ltr'>μήτε</span> <span class='ocrx_word' id='word_1_566' title='bbox 3564 2766 3785 2838; x_wconf 80' lang='grc' dir='ltr'>Ἐμμα-</span> 
     </span>
    </p>
   </div>
   <div class='ocr_carea' id='block_1_76' title="bbox 2129 2849 3775 2929">
    <p class='ocr_par' dir='ltr' id='par_1_76' title="bbox 2129 2849 3775 2929">
     <span class='ocr_line' id='line_1_76' title="bbox 2129 2849 3775 2929; baseline -0.001 -22"><span class='ocrx_word' id='word_1_567' title='bbox 2129 2852 2302 2923; x_wconf 76' lang='grc' dir='ltr'>νουήλ</span> <span class='ocrx_word' id='word_1_568' title='bbox 2350 2852 2851 2929; x_wconf 85' lang='grc' dir='ltr'>προσαγορευέσθω.</span> <span class='ocrx_word' id='word_1_569' title='bbox 2902 2855 3065 2908; x_wconf 78' lang='grc' dir='ltr'>’Ὥστε</span> <span class='ocrx_word' id='word_1_570' title='bbox 3094 2852 3140 2908; x_wconf 84' lang='grc' dir='ltr'>εί</span> <span class='ocrx_word' id='word_1_571' title='bbox 3191 2853 3268 2927; x_wconf 73' lang='grc' dir='ltr'>μὴ</span> <span class='ocrx_word' id='word_1_572' title='bbox 3320 2849 3583 2928; x_wconf 60' lang='grc' dir='ltr'>παρθῶνος</span> <span class='ocrx_word' id='word_1_573' title='bbox 3614 2854 3649 2922; x_wconf 81' lang='grc' dir='ltr'>ἡ</span> <span class='ocrx_word' id='word_1_574' title='bbox 3679 2872 3775 2907; x_wconf 88' lang='grc' dir='ltr'>τε-</span> 
     </span>
    </p>
   </div>
   <div class='ocr_carea' id='block_1_77' title="bbox 2128 2939 3771 3016">
    <p class='ocr_par' dir='ltr' id='par_1_77' title="bbox 2128 2939 3771 3016">
     <span class='ocr_line' id='line_1_77' title="bbox 2128 2939 3771 3016; baseline -0.002 -18"><span class='ocrx_word' id='word_1_575' title='bbox 2128 2947 2321 3010; x_wconf 80' lang='grc' dir='ltr'>κοῦσα,</span> <span class='ocrx_word' id='word_1_576' title='bbox 2351 2948 2509 2997; x_wconf 81' lang='grc' dir='ltr'>ποῖον</span> <span class='ocrx_word' id='word_1_577' title='bbox 2539 2946 2702 2997; x_wconf 81' lang='grc' dir='ltr'>τοῦτο</span> <span class='ocrx_word' id='word_1_578' title='bbox 2733 2943 2845 3015; x_wconf 86' lang='grc'>(89)</span> <span class='ocrx_word' id='word_1_579' title='bbox 2885 2947 3115 3015; x_wconf 84' lang='grc' dir='ltr'>σημεῖον</span> <span class='ocrx_word' id='word_1_580' title='bbox 3148 2959 3163 3012; x_wconf 85' lang='grc'><strong>;</strong></span> <span class='ocrx_word' id='word_1_581' title='bbox 3195 2940 3293 2996; x_wconf 81' lang='grc' dir='ltr'>Καὶ</span> <span class='ocrx_word' id='word_1_582' title='bbox 3324 2939 3370 2996; x_wconf 80' lang='grc' dir='ltr'>εί</span> <span class='ocrx_word' id='word_1_583' title='bbox 3416 2941 3492 3014; x_wconf 80' lang='grc' dir='ltr'>μὴ</span> <span class='ocrx_word' id='word_1_584' title='bbox 3526 2939 3771 3016; x_wconf 81' lang='grc' dir='ltr'>θειοτέρα</span> 
     </span>
    </p>
   </div>
   <div class='ocr_carea' id='block_1_78' title="bbox 2129 3028 3771 3106">
    <p class='ocr_par' dir='ltr' id='par_1_78' title="bbox 2129 3028 3771 3106">
     <span class='ocr_line' id='line_1_78' title="bbox 2129 3028 3771 3106; baseline -0.002 -18"><span class='ocrx_word' id='word_1_585' title='bbox 2129 3031 2166 3101; x_wconf 76' lang='grc' dir='ltr'><strong>ἢ</strong></span> <span class='ocrx_word' id='word_1_586' title='bbox 2196 3033 2332 3087; x_wconf 81' lang='grc' dir='ltr'>κατὰ</span> <span class='ocrx_word' id='word_1_587' title='bbox 2370 3030 2497 3093; x_wconf 84' lang='grc' dir='ltr'>τοὺς</span> <span class='ocrx_word' id='word_1_588' title='bbox 2546 3028 2794 3094; x_wconf 79' lang='grc' dir='ltr'>πολλοὺς</span> <span class='ocrx_word' id='word_1_589' title='bbox 2825 3034 2859 3102; x_wconf 80' lang='grc' dir='ltr'><strong>ἡ</strong></span> <span class='ocrx_word' id='word_1_590' title='bbox 2906 3028 3167 3106; x_wconf 84' lang='grc' dir='ltr'>γέννησις,</span> <span class='ocrx_word' id='word_1_591' title='bbox 3198 3034 3314 3093; x_wconf 84' lang='grc' dir='ltr'>πῶς</span> <span class='ocrx_word' id='word_1_592' title='bbox 3361 3031 3397 3100; x_wconf 77' lang='grc' dir='ltr'>ὴ</span> <span class='ocrx_word' id='word_1_593' title='bbox 3425 3034 3523 3085; x_wconf 73' lang='grc' dir='ltr'>τοῦ</span> <span class='ocrx_word' id='word_1_594' title='bbox 3562 3031 3771 3103; x_wconf 85' lang='grc' dir='ltr'>Ἐμμα-</span> 
     </span>
    </p>
   </div>
   <div class='ocr_carea' id='block_1_79' title="bbox 2129 3116 3775 3198">
    <p class='ocr_par' dir='ltr' id='par_1_79' title="bbox 2129 3116 3775 3198">
     <span class='ocr_line' id='line_1_79' title="bbox 2129 3116 3775 3198; baseline -0.002 -21"><span class='ocrx_word' id='word_1_595' title='bbox 2129 3120 2304 3193; x_wconf 82' lang='grc' dir='ltr'>νουήλ</span> <span class='ocrx_word' id='word_1_596' title='bbox 2350 3119 2669 3198; x_wconf 63' lang='grc' dir='ltr'>παρουσία,</span> <span class='ocrx_word' id='word_1_597' title='bbox 2715 3123 2843 3178; x_wconf 84' lang='grc' dir='ltr'>’Ότι</span> <span class='ocrx_word' id='word_1_598' title='bbox 2889 3120 3072 3194; x_wconf 88' lang='grc' dir='ltr'>μέντοι</span> <span class='ocrx_word' id='word_1_599' title='bbox 3127 3123 3161 3192; x_wconf 79' lang='grc' dir='ltr'><strong>ἡ</strong></span> <span class='ocrx_word' id='word_1_600' title='bbox 3214 3125 3388 3184; x_wconf 77' lang='grc' dir='ltr'>νεᾶνις</span> <span class='ocrx_word' id='word_1_601' title='bbox 3436 3118 3524 3175; x_wconf 83' lang='grc' dir='ltr'>ἐπὶ</span> <span class='ocrx_word' id='word_1_602' title='bbox 3570 3116 3775 3196; x_wconf 85' lang='grc' dir='ltr'>παρθέ-</span> 
     </span>
    </p>
   </div>
   <div class='ocr_carea' id='block_1_80' title="bbox 2127 3208 3781 3284">
    <p class='ocr_par' dir='ltr' id='par_1_80' title="bbox 2127 3208 3781 3284">
     <span class='ocr_line' id='line_1_80' title="bbox 2127 3208 3781 3284; baseline -0.002 -18"><span class='ocrx_word' id='word_1_603' title='bbox 2127 3234 2235 3267; x_wconf 90' lang='grc' dir='ltr'>νων</span> <span class='ocrx_word' id='word_1_604' title='bbox 2287 3208 2441 3273; x_wconf 81' lang='grc' dir='ltr'>ίδίως</span> <span class='ocrx_word' id='word_1_605' title='bbox 2489 3209 2808 3284; x_wconf 81' lang='grc' dir='ltr'>ὠνομάσθη,</span> <span class='ocrx_word' id='word_1_606' title='bbox 2863 3208 3031 3280; x_wconf 79' lang='grc' dir='ltr'>δῆλον</span> <span class='ocrx_word' id='word_1_607' title='bbox 3084 3209 3144 3266; x_wconf 85' lang='grc' dir='ltr'>ἐκ</span> <span class='ocrx_word' id='word_1_608' title='bbox 3184 3214 3293 3266; x_wconf 85' lang='grc' dir='ltr'>τῶν</span> <span class='ocrx_word' id='word_1_609' title='bbox 3326 3209 3378 3264; x_wconf 84' lang='grc' dir='ltr'>ἐν</span> <span class='ocrx_word' id='word_1_610' title='bbox 3418 3213 3499 3282; x_wconf 77' lang='grc' dir='ltr'>τῷ</span> <span class='ocrx_word' id='word_1_611' title='bbox 3529 3216 3781 3284; x_wconf 84' lang='grc' dir='ltr'>Δευτερο-</span> 
     </span>
    </p>
   </div>
   <div class='ocr_carea' id='block_1_81' title="bbox 2129 3295 3787 3374">
    <p class='ocr_par' dir='ltr' id='par_1_81' title="bbox 2129 3295 3787 3374">
     <span class='ocr_line' id='line_1_81' title="bbox 2129 3295 3787 3374; baseline -0.004 -17"><span class='ocrx_word' id='word_1_612' title='bbox 2129 3299 2311 3374; x_wconf 88' lang='grc' dir='ltr'>νομίῳ</span> <span class='ocrx_word' id='word_1_613' title='bbox 2364 3299 2540 3362; x_wconf 74' lang='grc' dir='ltr'>οὕτως</span> <span class='ocrx_word' id='word_1_614' title='bbox 2571 3299 2897 3374; x_wconf 72' lang='grc' dir='ltr'>εἰρημένων·</span> <span class='ocrx_word' id='word_1_615' title='bbox 2932 3298 3052 3355; x_wconf 71' lang='grc' dir='ltr'>Ἐὰν</span> <span class='ocrx_word' id='word_1_616' title='bbox 3104 3296 3162 3354; x_wconf 73' lang='grc' dir='ltr'>δὲ</span> <span class='ocrx_word' id='word_1_617' title='bbox 3211 3298 3262 3354; x_wconf 85' lang='grc' dir='ltr'>ἐν</span> <span class='ocrx_word' id='word_1_618' title='bbox 3307 3302 3389 3371; x_wconf 79' lang='grc' dir='ltr'>τῷ</span> <span class='ocrx_word' id='word_1_619' title='bbox 3436 3295 3610 3371; x_wconf 86' lang='grc' dir='ltr'>πεδίῳ</span> <span class='ocrx_word' id='word_1_620' title='bbox 3659 3295 3787 3373; x_wconf 74' lang='grc' dir='ltr'>εὕρῃ</span> 
     </span>
    </p>
   </div>
   <div class='ocr_carea' id='block_1_82' title="bbox 2129 3385 3789 3464">
    <p class='ocr_par' dir='ltr' id='par_1_82' title="bbox 2129 3385 3789 3464">
     <span class='ocr_line' id='line_1_82' title="bbox 2129 3385 3789 3464; baseline -0.003 -18"><span class='ocrx_word' id='word_1_621' title='bbox 2129 3391 2227 3460; x_wconf 80' lang='grc' dir='ltr'>τὴν</span> <span class='ocrx_word' id='word_1_622' title='bbox 2276 3387 2446 3445; x_wconf 84' lang='grc' dir='ltr'>παῖδα</span> <span class='ocrx_word' id='word_1_623' title='bbox 2521 3389 2619 3458; x_wconf 80' lang='grc' dir='ltr'>τήν</span> <span class='ocrx_word' id='word_1_624' title='bbox 2697 3387 3178 3463; x_wconf 87' lang='grc' dir='ltr'>μεμνηστευμένην</span> <span class='ocrx_word' id='word_1_625' title='bbox 3216 3432 3231 3457; x_wconf 89' lang='grc'>,</span> <span class='ocrx_word' id='word_1_626' title='bbox 3291 3386 3382 3444; x_wconf 85' lang='grc' dir='ltr'>καὶ</span> <span class='ocrx_word' id='word_1_627' title='bbox 3463 3385 3789 3464; x_wconf 81' lang='grc' dir='ltr'>βιασάμενος</span> 
     </span>
    </p>
   </div>
   <div class='ocr_carea' id='block_1_83' title="bbox 2130 3475 3783 3553">
    <p class='ocr_par' dir='ltr' id='par_1_83' title="bbox 2130 3475 3783 3553">
     <span class='ocr_line' id='line_1_83' title="bbox 2130 3475 3783 3553; baseline -0.004 -18"><span class='ocrx_word' id='word_1_628' title='bbox 2130 3479 2380 3553; x_wconf 76' lang='grc' dir='ltr'>κοιμηθῇ</span> <span class='ocrx_word' id='word_1_629' title='bbox 2460 3479 2576 3551; x_wconf 90' lang='grc' dir='ltr'>μετ’</span> <span class='ocrx_word' id='word_1_630' title='bbox 2652 3477 2819 3547; x_wconf 78' lang='grc' dir='ltr'>αὐτῆς</span> <span class='ocrx_word' id='word_1_631' title='bbox 2855 3522 2870 3547; x_wconf 92' lang='grc'>,</span> <span class='ocrx_word' id='word_1_632' title='bbox 2929 3478 3275 3534; x_wconf 80' lang='grc' dir='ltr'>ἀποκτενεῖτε</span> <span class='ocrx_word' id='word_1_633' title='bbox 3342 3475 3433 3531; x_wconf 83' lang='grc' dir='ltr'>τὸν</span> <span class='ocrx_word' id='word_1_634' title='bbox 3499 3476 3783 3550; x_wconf 82' lang='grc' dir='ltr'>ἄνθρωπον</span> 
     </span>
    </p>
   </div>
   <div class='ocr_carea' id='block_1_84' title="bbox 2137 3561 3791 3643">
    <p class='ocr_par' dir='ltr' id='par_1_84' title="bbox 2137 3561 3791 3643">
     <span class='ocr_line' id='line_1_84' title="bbox 2137 3561 3791 3643; baseline -0.004 -19"><span class='ocrx_word' id='word_1_635' title='bbox 2137 3568 2323 3643; x_wconf 85' lang='grc' dir='ltr'>μόνον,</span> <span class='ocrx_word' id='word_1_636' title='bbox 2378 3568 2468 3622; x_wconf 83' lang='grc' dir='ltr'>καὶ</span> <span class='ocrx_word' id='word_1_637' title='bbox 2524 3570 2593 3642; x_wconf 80' lang='grc' dir='ltr'>τῇ</span> <span class='ocrx_word' id='word_1_638' title='bbox 2642 3564 2847 3623; x_wconf 81' lang='grc' dir='ltr'>νεάνιδι</span> <span class='ocrx_word' id='word_1_639' title='bbox 2902 3568 2965 3623; x_wconf 85' lang='grc' dir='ltr'>οὐ</span> <span class='ocrx_word' id='word_1_640' title='bbox 3024 3567 3281 3637; x_wconf 76' lang='grc' dir='ltr'>ποιήσετε</span> <span class='ocrx_word' id='word_1_641' title='bbox 3333 3561 3514 3635; x_wconf 77' lang='grc' dir='ltr'>οὐδὲν,</span> <span class='ocrx_word' id='word_1_642' title='bbox 3573 3565 3657 3619; x_wconf 80' lang='grc' dir='ltr'>ὅτι</span> <span class='ocrx_word' id='word_1_643' title='bbox 3691 3562 3791 3619; x_wconf 74' lang='grc' dir='ltr'>οὐκ</span> 
     </span>
    </p>
   </div>
   <div class='ocr_carea' id='block_1_85' title="bbox 2133 3650 3795 3732">
    <p class='ocr_par' dir='ltr' id='par_1_85' title="bbox 2133 3650 3795 3732">
     <span class='ocr_line' id='line_1_85' title="bbox 2133 3650 3795 3732; baseline -0.004 -18"><span class='ocrx_word' id='word_1_644' title='bbox 2133 3657 2244 3714; x_wconf 79' lang='grc' dir='ltr'>ἔστι</span> <span class='ocrx_word' id='word_1_645' title='bbox 2446 3655 2647 3713; x_wconf 84' lang='grc' dir='ltr'>νεάνιδι</span> <span class='ocrx_word' id='word_1_646' title='bbox 2723 3656 3025 3732; x_wconf 78' lang='grc' dir='ltr'>ἁμάρτημα</span> <span class='ocrx_word' id='word_1_647' title='bbox 3080 3655 3311 3710; x_wconf 83' lang='grc' dir='ltr'>θανάτου</span> <span class='ocrx_word' id='word_1_648' title='bbox 3349 3697 3362 3711; x_wconf 94' lang='grc'>.</span> <span class='ocrx_word' id='word_1_649' title='bbox 3420 3655 3543 3711; x_wconf 86' lang='grc' dir='ltr'>Ὅτι</span> <span class='ocrx_word' id='word_1_650' title='bbox 3605 3654 3681 3717; x_wconf 84' lang='grc' dir='ltr'>ὡς</span> <span class='ocrx_word' id='word_1_651' title='bbox 3738 3650 3795 3708; x_wconf 75' lang='grc' dir='ltr'>εἷ’</span> 
     </span>
    </p>
   </div>
   <div class='ocr_carea' id='block_1_86' title="bbox 2132 3739 3785 3823">
    <p class='ocr_par' dir='ltr' id='par_1_86' title="bbox 2132 3739 3785 3823">
     <span class='ocr_line' id='line_1_86' title="bbox 2132 3739 3785 3823; baseline -0.004 -20"><span class='ocrx_word' id='word_1_652' title='bbox 2132 3769 2215 3811; x_wconf 91' lang='grc' dir='ltr'>τις</span> <span class='ocrx_word' id='word_1_653' title='bbox 2292 3745 2563 3821; x_wconf 79' lang='grc' dir='ltr'>ἐπαναστῇ</span> <span class='ocrx_word' id='word_1_654' title='bbox 2617 3743 2902 3823; x_wconf 76' lang='grc' dir='ltr'>ἅνθρωπος</span> <span class='ocrx_word' id='word_1_655' title='bbox 2979 3744 3068 3800; x_wconf 88' lang='grc' dir='ltr'>ἐπὶ</span> <span class='ocrx_word' id='word_1_656' title='bbox 3136 3744 3227 3800; x_wconf 85' lang='grc' dir='ltr'>τὸν</span> <span class='ocrx_word' id='word_1_657' title='bbox 3297 3742 3534 3816; x_wconf 79' lang='grc' dir='ltr'>πλησίον</span> <span class='ocrx_word' id='word_1_658' title='bbox 3598 3739 3785 3814; x_wconf 81' lang='grc' dir='ltr'>αὒτοῦ,</span> 
     </span>
    </p>
   </div>
   <div class='ocr_carea' id='block_1_87' title="bbox 2132 3833 3787 3914">
    <p class='ocr_par' dir='ltr' id='par_1_87' title="bbox 2132 3833 3787 3914">
     <span class='ocr_line' id='line_1_87' title="bbox 2132 3833 3787 3914; baseline -0.004 -21"><span class='ocrx_word' id='word_1_659' title='bbox 2132 3837 2224 3893; x_wconf 85' lang='grc' dir='ltr'>καὶ</span> <span class='ocrx_word' id='word_1_660' title='bbox 2278 3835 2510 3914; x_wconf 78' lang='grc' dir='ltr'>φονεύσῃ</span> <span class='ocrx_word' id='word_1_661' title='bbox 2568 3835 2769 3891; x_wconf 76' lang='grc' dir='ltr'>αὐτόν’</span> <span class='ocrx_word' id='word_1_662' title='bbox 2830 3834 2973 3891; x_wconf 75' lang='grc' dir='ltr'>οὕτω</span> <span class='ocrx_word' id='word_1_663' title='bbox 3028 3836 3090 3892; x_wconf 87' lang='grc' dir='ltr'>τὸ</span> <span class='ocrx_word' id='word_1_664' title='bbox 3150 3839 3379 3910; x_wconf 82' lang='grc' dir='ltr'>πρᾶγμα</span> <span class='ocrx_word' id='word_1_665' title='bbox 3452 3836 3637 3888; x_wconf 82' lang='grc' dir='ltr'>τοῦτο.</span> <span class='ocrx_word' id='word_1_666' title='bbox 3697 3833 3787 3890; x_wconf 85' lang='grc' dir='ltr'>Ἐν</span> 
     </span>
    </p>
   </div>
   <div class='ocr_carea' id='block_1_88' title="bbox 2132 3909 3784 4001">
    <p class='ocr_par' dir='ltr' id='par_1_88' title="bbox 2132 3909 3784 4001">
     <span class='ocr_line' id='line_1_88' title="bbox 2132 3909 3784 4001; baseline -0.002 -19"><span class='ocrx_word' id='word_1_667' title='bbox 2132 3931 2211 3997; x_wconf 82' lang='grc' dir='ltr'>τῷ</span> <span class='ocrx_word' id='word_1_668' title='bbox 2268 3909 2439 4000; x_wconf 80' lang='grc' dir='ltr'>πεδίῳ</span> <span class='ocrx_word' id='word_1_669' title='bbox 2486 3909 2640 4001; x_wconf 77' lang='grc' dir='ltr'>εὗρεν</span> <span class='ocrx_word' id='word_1_670' title='bbox 2697 3924 2887 3996; x_wconf 83' lang='grc' dir='ltr'>αὐτήν·</span> <span class='ocrx_word' id='word_1_671' title='bbox 2943 3909 3285 3996; x_wconf 11' lang='grc' dir='ltr'>ἐϐόησενγὴί</span> <span class='ocrx_word' id='word_1_672' title='bbox 3323 3909 3500 3985; x_wconf 71' lang='grc' dir='ltr'>νεᾶνις</span> <span class='ocrx_word' id='word_1_673' title='bbox 3537 3967 3551 3994; x_wconf 85' lang='grc'>,</span> <span class='ocrx_word' id='word_1_674' title='bbox 3605 3922 3697 3977; x_wconf 87' lang='grc' dir='ltr'>καὶ</span> <span class='ocrx_word' id='word_1_675' title='bbox 3754 3922 3784 3978; x_wconf 84' lang='grc' dir='ltr'><strong>ὁ</strong></span> 
     </span>
    </p>
   </div>
   <div class='ocr_carea' id='block_1_89' title="bbox 2139 4013 3783 4091">
    <p class='ocr_par' dir='ltr' id='par_1_89' title="bbox 2139 4013 3783 4091">
     <span class='ocr_line' id='line_1_89' title="bbox 2139 4013 3783 4091; baseline -0.004 -20"><span class='ocrx_word' id='word_1_676' title='bbox 2139 4017 2354 4091; x_wconf 89' lang='grc' dir='ltr'>βοηθῶν</span> <span class='ocrx_word' id='word_1_677' title='bbox 2409 4015 2509 4070; x_wconf 84' lang='grc' dir='ltr'>οὐκ</span> <span class='ocrx_word' id='word_1_678' title='bbox 2562 4015 2652 4084; x_wconf 84' lang='grc' dir='ltr'>ἦν.</span> <span class='ocrx_word' id='word_1_679' title='bbox 2711 4015 2777 4071; x_wconf 84' lang='grc' dir='ltr'><strong>Ἦ</strong></span> <span class='ocrx_word' id='word_1_680' title='bbox 2832 4013 3015 4070; x_wconf 81' lang='grc' dir='ltr'>τοίνυν</span> <span class='ocrx_word' id='word_1_681' title='bbox 3052 4015 3239 4083; x_wconf 81' lang='grc' dir='ltr'>βοῶσα</span> <span class='ocrx_word' id='word_1_682' title='bbox 3290 4013 3396 4089; x_wconf 84' lang='grc' dir='ltr'>πρὸ</span> <span class='ocrx_word' id='word_1_683' title='bbox 3436 4019 3535 4083; x_wconf 84' lang='grc' dir='ltr'>τῆς</span> <span class='ocrx_word' id='word_1_684' title='bbox 3576 4013 3783 4091; x_wconf 75' lang='grc' dir='ltr'>φθορᾶς</span> 
     </span>
    </p>
   </div>
   <div class='ocr_carea' id='block_1_90' title="bbox 2133 4098 3783 4181">
    <p class='ocr_par' dir='ltr' id='par_1_90' title="bbox 2133 4098 3783 4181">
     <span class='ocr_line' id='line_1_90' title="bbox 2133 4098 3783 4181; baseline -0.004 -21"><span class='ocrx_word' id='word_1_685' title='bbox 2133 4104 2394 4181; x_wconf 73' lang='grc' dir='ltr'>παρθένος</span> <span class='ocrx_word' id='word_1_686' title='bbox 2448 4104 2540 4174; x_wconf 84' lang='grc' dir='ltr'>ἦν,</span> <span class='ocrx_word' id='word_1_687' title='bbox 2600 4101 2894 4173; x_wconf 85' lang='grc' dir='ltr'>δηλονότι.</span> <span class='ocrx_word' id='word_1_688' title='bbox 2954 4105 3097 4160; x_wconf 86' lang='grc' dir='ltr'>Ἵσον</span> <span class='ocrx_word' id='word_1_689' title='bbox 3159 4100 3249 4157; x_wconf 79' lang='grc' dir='ltr'>οὖν</span> <span class='ocrx_word' id='word_1_690' title='bbox 3311 4098 3530 4157; x_wconf 75' lang='grc' dir='ltr'>δύναται</span> <span class='ocrx_word' id='word_1_691' title='bbox 3590 4100 3783 4172; x_wconf 77' lang='grc' dir='ltr'>εἰπεῖν,</span> 
     </span>
    </p>
   </div>
   <div class='ocr_carea' id='block_1_91' title="bbox 2133 4187 3787 4270">
    <p class='ocr_par' dir='ltr' id='par_1_91' title="bbox 2133 4187 3787 4270">
     <span class='ocr_line' id='line_1_91' title="bbox 2133 4187 3787 4270; baseline -0.004 -21"><span class='ocrx_word' id='word_1_692' title='bbox 2133 4189 2357 4265; x_wconf 80' lang='grc' dir='ltr'>ἐϐόησεν</span> <span class='ocrx_word' id='word_1_693' title='bbox 2413 4196 2448 4264; x_wconf 84' lang='grc' dir='ltr'>ἠ</span> <span class='ocrx_word' id='word_1_694' title='bbox 2508 4192 2819 4270; x_wconf 84' lang='grc' dir='ltr'>παρθένος,</span> <span class='ocrx_word' id='word_1_695' title='bbox 2861 4193 2948 4247; x_wconf 87' lang='grc' dir='ltr'>καὶ</span> <span class='ocrx_word' id='word_1_696' title='bbox 3025 4187 3248 4262; x_wconf 77' lang='grc' dir='ltr'>ἐϐόησεν</span> <span class='ocrx_word' id='word_1_697' title='bbox 3308 4193 3343 4261; x_wconf 81' lang='grc' dir='ltr'>ἠ</span> <span class='ocrx_word' id='word_1_698' title='bbox 3401 4192 3624 4254; x_wconf 76' lang='grc' dir='ltr'>νεᾶνις.</span> <span class='ocrx_word' id='word_1_699' title='bbox 3687 4187 3787 4244; x_wconf 71' lang='grc' dir='ltr'>Καὶ</span> 
     </span>
    </p>
   </div>
   <div class='ocr_carea' id='block_1_92' title="bbox 2133 4277 3786 4360">
    <p class='ocr_par' dir='ltr' id='par_1_92' title="bbox 2133 4277 3786 4360">
     <span class='ocr_line' id='line_1_92' title="bbox 2133 4277 3786 4360; baseline -0.004 -21"><span class='ocrx_word' id='word_1_700' title='bbox 2133 4283 2186 4339; x_wconf 81' lang='grc' dir='ltr'>ἐν</span> <span class='ocrx_word' id='word_1_701' title='bbox 2214 4287 2282 4357; x_wconf 78' lang='grc' dir='ltr'>τῇ</span> <span class='ocrx_word' id='word_1_702' title='bbox 2312 4282 2469 4360; x_wconf 73' lang='grc' dir='ltr'>τρίτῃ</span> <span class='ocrx_word' id='word_1_703' title='bbox 2508 4287 2614 4337; x_wconf 91' lang='grc' dir='ltr'>τῶν</span> <span class='ocrx_word' id='word_1_704' title='bbox 2665 4279 2967 4340; x_wconf 90' lang='grc' dir='ltr'>Βασιλειῶν</span> <span class='ocrx_word' id='word_1_705' title='bbox 3012 4284 3048 4353; x_wconf 80' lang='grc' dir='ltr'>ἡ</span> <span class='ocrx_word' id='word_1_706' title='bbox 3096 4285 3426 4357; x_wconf 85' lang='grc' dir='ltr'>Σωμανῖτις,</span> <span class='ocrx_word' id='word_1_707' title='bbox 3471 4282 3506 4350; x_wconf 78' lang='grc' dir='ltr'><strong>ἡ</strong></span> <span class='ocrx_word' id='word_1_708' title='bbox 3560 4277 3786 4334; x_wconf 83' lang='grc' dir='ltr'>συνθάλ-</span> 
     </span>
    </p>
   </div>
   <div class='ocr_carea' id='block_1_93' title="bbox 2131 4366 3793 4448">
    <p class='ocr_par' dir='ltr' id='par_1_93' title="bbox 2131 4366 3793 4448">
     <span class='ocr_line' id='line_1_93' title="bbox 2131 4366 3793 4448; baseline -0.002 -21"><span class='ocrx_word' id='word_1_709' title='bbox 2131 4394 2307 4429; x_wconf 91' lang='grc' dir='ltr'>πουσα</span> <span class='ocrx_word' id='word_1_710' title='bbox 2351 4373 2442 4429; x_wconf 87' lang='grc' dir='ltr'>τὸν</span> <span class='ocrx_word' id='word_1_711' title='bbox 2494 4367 2699 4442; x_wconf 77' lang='grc' dir='ltr'>Δαϐὶδ,</span> <span class='ocrx_word' id='word_1_712' title='bbox 2750 4371 3012 4448; x_wconf 89' lang='grc' dir='ltr'>παρθένος</span> <span class='ocrx_word' id='word_1_713' title='bbox 3062 4369 3215 4440; x_wconf 79' lang='grc' dir='ltr'>οὖσα,</span> <span class='ocrx_word' id='word_1_714' title='bbox 3266 4370 3355 4426; x_wconf 82' lang='grc' dir='ltr'>καὶ</span> <span class='ocrx_word' id='word_1_715' title='bbox 3407 4366 3599 4445; x_wconf 82' lang='grc' dir='ltr'>ἀνδρὸς</span> <span class='ocrx_word' id='word_1_716' title='bbox 3643 4366 3793 4424; x_wconf 81' lang='grc' dir='ltr'>ἀπεί-</span> 
     </span>
    </p>
   </div>
   <div class='ocr_carea' id='block_1_94' title="bbox 2134 4457 3788 4541">
    <p class='ocr_par' dir='ltr' id='par_1_94' title="bbox 2134 4457 3788 4541">
     <span class='ocr_line' id='line_1_94' title="bbox 2134 4457 3788 4541; baseline -0.004 -23"><span class='ocrx_word' id='word_1_717' title='bbox 2134 4484 2294 4541; x_wconf 88' lang='grc' dir='ltr'>ρατος</span> <span class='ocrx_word' id='word_1_718' title='bbox 2522 4507 2535 4532; x_wconf 90' lang='grc'>,</span> <span class='ocrx_word' id='word_1_719' title='bbox 2592 4468 2764 4525; x_wconf 80' lang='grc' dir='ltr'>νεᾶνις</span> <span class='ocrx_word' id='word_1_720' title='bbox 2833 4460 3292 4539; x_wconf 72' lang='grc' dir='ltr'>προσαγορεύεται</span> <span class='ocrx_word' id='word_1_721' title='bbox 3335 4504 3349 4518; x_wconf 94' lang='grc'>.</span> <span class='ocrx_word' id='word_1_722' title='bbox 3412 4457 3587 4535; x_wconf 74' lang='grc' dir='ltr'>Εὗρον</span> <span class='ocrx_word' id='word_1_723' title='bbox 3664 4457 3788 4534; x_wconf 73' lang='grc' dir='ltr'>γὰρ,</span> 
     </span>
    </p>
   </div>
   <div class='ocr_carea' id='block_1_95' title="bbox 2133 4546 3783 4631">
    <p class='ocr_par' dir='ltr' id='par_1_95' title="bbox 2133 4546 3783 4631">
     <span class='ocr_line' id='line_1_95' title="bbox 2133 4546 3783 4631; baseline -0.004 -24"><span class='ocrx_word' id='word_1_724' title='bbox 2133 4552 2288 4631; x_wconf 82' lang='grc' dir='ltr'>φησὶ,</span> <span class='ocrx_word' id='word_1_725' title='bbox 2347 4554 2446 4623; x_wconf 76' lang='grc' dir='ltr'>τὴν</span> <span class='ocrx_word' id='word_1_726' title='bbox 2506 4546 2770 4621; x_wconf 77' lang='grc' dir='ltr'>Ἀὅισὰκ,</span> <span class='ocrx_word' id='word_1_727' title='bbox 2826 4552 2914 4607; x_wconf 75' lang='grc' dir='ltr'>καὶ</span> <span class='ocrx_word' id='word_1_728' title='bbox 2978 4549 3213 4627; x_wconf 72' lang='grc' dir='ltr'>ἤνεγκαν</span> <span class='ocrx_word' id='word_1_729' title='bbox 3272 4548 3442 4619; x_wconf 82' lang='grc' dir='ltr'>αὐτὴν</span> <span class='ocrx_word' id='word_1_730' title='bbox 3500 4548 3635 4622; x_wconf 88' lang='grc' dir='ltr'>πρὸς</span> <span class='ocrx_word' id='word_1_731' title='bbox 3691 4549 3783 4602; x_wconf 85' lang='grc' dir='ltr'>τὸν</span> 
     </span>
    </p>
   </div>
   <div class='ocr_carea' id='block_1_96' title="bbox 362 4626 2017 4719">
    <p class='ocr_par' dir='ltr' id='par_1_96' title="bbox 362 4626 2017 4719">
     <span class='ocr_line' id='line_1_96' title="bbox 362 4626 2017 4719; baseline -0.003 -16"><span class='ocrx_word' id='word_1_732' title='bbox 362 4647 451 4703; x_wconf 87' lang='lat' dir='ltr'>bat</span> <span class='ocrx_word' id='word_1_733' title='bbox 471 4626 615 4719; x_wconf 80' lang='lat' dir='ltr'>regi,</span> <span class='ocrx_word' id='word_1_734' title='bbox 639 4654 691 4701; x_wconf 87' lang='lat' dir='ltr'>et</span> <span class='ocrx_word' id='word_1_735' title='bbox 712 4626 816 4700; x_wconf 76' lang='lat' dir='ltr'>rea:</span> <span class='ocrx_word' id='word_1_736' title='bbox 831 4660 941 4700; x_wconf 90' lang='lat' dir='ltr'>non</span> <span class='ocrx_word' id='word_1_737' title='bbox 960 4644 1209 4714; x_wconf 85' lang='lat' dir='ltr'>cognovit</span> <span class='ocrx_word' id='word_1_738' title='bbox 1223 4658 1347 4698; x_wconf 86' lang='lat' dir='ltr'>eam</span> <span class='ocrx_word' id='word_1_739' title='bbox 1368 4641 1432 4696; x_wconf 69' lang='grc' dir='ltr'>σε.</span> <span class='ocrx_word' id='word_1_740' title='bbox 1459 4645 1660 4714; x_wconf 86' lang='lat' dir='ltr'>Itaque</span> <span class='ocrx_word' id='word_1_741' title='bbox 1674 4643 2017 4699; x_wconf 88' lang='lat' dir='ltr'>Emmanuel</span> 
     </span>
    </p>
   </div>
   <div class='ocr_carea' id='block_1_97' title="bbox 2132 4626 3784 4719">
    <p class='ocr_par' dir='ltr' id='par_1_97' title="bbox 2133 4626 3784 4719">
     <span class='ocr_line' id='line_1_97' title="bbox 2133 4626 3784 4719; baseline -0.003 -23"><span class='ocrx_word' id='word_1_742' title='bbox 2133 4626 2405 4719; x_wconf 79' lang='grc' dir='ltr'>βασιλέα,</span> <span class='ocrx_word' id='word_1_743' title='bbox 2462 4641 2553 4697; x_wconf 84' lang='grc' dir='ltr'>καὶ</span> <span class='ocrx_word' id='word_1_744' title='bbox 2620 4644 2656 4712; x_wconf 75' lang='grc' dir='ltr'>ἡ</span> <span class='ocrx_word' id='word_1_745' title='bbox 2730 4639 2907 4704; x_wconf 81' lang='grc' dir='ltr'>νεὰνις</span> <span class='ocrx_word' id='word_1_746' title='bbox 2983 4626 3127 4709; x_wconf 84' lang='grc' dir='ltr'>καλῆ</span> <span class='ocrx_word' id='word_1_747' title='bbox 3199 4638 3306 4703; x_wconf 69' lang='grc' dir='ltr'>’ὲως</span> <span class='ocrx_word' id='word_1_748' title='bbox 3379 4635 3634 4717; x_wconf 78' lang='grc' dir='ltr'>σφόδρα,</span> <span class='ocrx_word' id='word_1_749' title='bbox 3691 4635 3784 4692; x_wconf 85' lang='grc' dir='ltr'>καὶ</span> 
     </span>
    </p>
   </div>
   <div class='ocr_carea' id='block_1_98' title="bbox 358 4731 2020 4808">
    <p class='ocr_par' dir='ltr' id='par_1_98' title="bbox 358 4731 2020 4808">
     <span class='ocr_line' id='line_1_98' title="bbox 358 4731 2020 4808; baseline -0.002 -15"><span class='ocrx_word' id='word_1_750' title='bbox 358 4754 427 4794; x_wconf 83' lang='lat' dir='ltr'>ex</span> <span class='ocrx_word' id='word_1_751' title='bbox 446 4740 653 4793; x_wconf 87' lang='lat' dir='ltr'>sancta</span> <span class='ocrx_word' id='word_1_752' title='bbox 676 4734 919 4808; x_wconf 87' lang='lat' dir='ltr'>Virgine</span> <span class='ocrx_word' id='word_1_753' title='bbox 941 4735 1299 4799; x_wconf 79' lang='lat' dir='ltr'>exortusest,</span> <span class='ocrx_word' id='word_1_754' title='bbox 1323 4748 1452 4803; x_wconf 71' lang='lat' dir='ltr'>quas</span> <span class='ocrx_word' id='word_1_755' title='bbox 1466 4731 1717 4788; x_wconf 81' lang='lat' dir='ltr'>dixerat:</span> <span class='ocrx_word' id='word_1_756' title='bbox 1745 4733 2020 4801; x_wconf 85' lang='lat' dir='ltr'>Quomodo</span> 
     </span>
    </p>
   </div>
   <div class='ocr_carea' id='block_1_99' title="bbox 354 4822 2018 4897">
    <p class='ocr_par' dir='ltr' id='par_1_99' title="bbox 354 4822 2018 4897">
     <span class='ocr_line' id='line_1_99' title="bbox 354 4822 2018 4897; baseline -0.003 -14"><span class='ocrx_word' id='word_1_757' title='bbox 354 4829 458 4884; x_wconf 86' lang='lat' dir='ltr'>erit</span> <span class='ocrx_word' id='word_1_758' title='bbox 470 4824 618 4882; x_wconf 80' lang='lat' dir='ltr'>mihi</span> <span class='ocrx_word' id='word_1_759' title='bbox 636 4824 1078 4897; x_wconf 85' lang='lat' dir='ltr'>istud,qnonia-m</span> <span class='ocrx_word' id='word_1_760' title='bbox 1098 4824 1281 4877; x_wconf 90' lang='lat' dir='ltr'>virum</span> <span class='ocrx_word' id='word_1_761' title='bbox 1300 4836 1410 4877; x_wconf 88' lang='lat' dir='ltr'>non</span> <span class='ocrx_word' id='word_1_762' title='bbox 1431 4837 1685 4891; x_wconf 84' lang='lat' dir='ltr'>cognosco</span> <span class='ocrx_word' id='word_1_763' title='bbox 1708 4822 1887 4879; x_wconf 73' lang='lat' dir='ltr'>&quot;PCui</span> <span class='ocrx_word' id='word_1_764' title='bbox 1911 4839 2018 4879; x_wconf 88' lang='lat' dir='ltr'>an-</span> 
     </span>
    </p>
   </div>
   <div class='ocr_carea' id='block_1_100' title="bbox 354 4913 2020 4989">
    <p class='ocr_par' dir='ltr' id='par_1_100' title="bbox 354 4913 2020 4989">
     <span class='ocr_line' id='line_1_100' title="bbox 354 4913 2020 4989; baseline -0.002 -17"><span class='ocrx_word' id='word_1_765' title='bbox 354 4915 522 4989; x_wconf 82' lang='lat' dir='ltr'>gelus</span> <span class='ocrx_word' id='word_1_766' title='bbox 540 4933 554 4971; x_wconf 91' lang='lat'><strong>:</strong></span> <span class='ocrx_word' id='word_1_767' title='bbox 574 4915 817 4989; x_wconf 84' lang='lat' dir='ltr'>Spiritus</span> <span class='ocrx_word' id='word_1_768' title='bbox 838 4914 1062 4970; x_wconf 89' lang='lat' dir='ltr'>Domini</span> <span class='ocrx_word' id='word_1_769' title='bbox 1079 4913 1429 4983; x_wconf 85' lang='lat' dir='ltr'>superveniet</span> <span class='ocrx_word' id='word_1_770' title='bbox 1448 4913 1509 4966; x_wconf 88' lang='lat' dir='ltr'>in</span> <span class='ocrx_word' id='word_1_771' title='bbox 1526 4919 1577 4967; x_wconf 84' lang='lat' dir='ltr'>te</span> <span class='ocrx_word' id='word_1_772' title='bbox 1590 4916 1644 4967; x_wconf 86' lang='lat' dir='ltr'>et</span> <span class='ocrx_word' id='word_1_773' title='bbox 1667 4913 2020 4969; x_wconf 85' lang='lat' dir='ltr'>virtusAltis-</span> 
     </span>
    </p>
   </div>
   <div class='ocr_carea' id='block_1_101' title="bbox 351 4998 2023 5074">
    <p class='ocr_par' dir='ltr' id='par_1_101' title="bbox 351 4998 2023 5074">
     <span class='ocr_line' id='line_1_101' title="bbox 351 4998 2023 5074; baseline 0 -15"><span class='ocrx_word' id='word_1_774' title='bbox 351 5006 481 5060; x_wconf 81' lang='lat' dir='ltr'>simi</span> <span class='ocrx_word' id='word_1_775' title='bbox 492 5004 841 5061; x_wconf 84' lang='lat' dir='ltr'>obumbrabit</span> <span class='ocrx_word' id='word_1_776' title='bbox 855 5003 1005 5061; x_wconf 73' lang='lat' dir='ltr'>tibi‘&quot;l</span> <span class='ocrx_word' id='word_1_777' title='bbox 1015 5000 1211 5074; x_wconf 85' lang='lat' dir='ltr'>.Virgo</span> <span class='ocrx_word' id='word_1_778' title='bbox 1224 5000 1346 5057; x_wconf 66' lang='lat' dir='ltr'>haec</span> <span class='ocrx_word' id='word_1_779' title='bbox 1358 4998 1470 5073; x_wconf 86' lang='lat' dir='ltr'>legi</span> <span class='ocrx_word' id='word_1_780' title='bbox 1486 5000 1914 5072; x_wconf 83' lang='lat' dir='ltr'>purificationis</span> <span class='ocrx_word' id='word_1_781' title='bbox 1927 5019 2023 5059; x_wconf 87' lang='lat' dir='ltr'>ne-</span> 
     </span>
    </p>
   </div>
   <div class='ocr_carea' id='block_1_102' title="bbox 422 5190 1425 5264">
    <p class='ocr_par' dir='ltr' id='par_1_102' title="bbox 422 5190 1425 5264">
     <span class='ocr_line' id='line_1_102' title="bbox 422 5190 1425 5264; baseline -0.001 -15"><span class='ocrx_word' id='word_1_782' title='bbox 422 5194 467 5230; x_wconf 80' lang='grc'>⁹²</span> <span class='ocrx_word' id='word_1_783' title='bbox 497 5193 685 5251; x_wconf 87' lang='lat' dir='ltr'>Galat.</span> <span class='ocrx_word' id='word_1_784' title='bbox 719 5212 805 5264; x_wconf 84' lang='grc' dir='ltr'>ιιι,</span> <span class='ocrx_word' id='word_1_785' title='bbox 837 5192 926 5250; x_wconf 88' lang='grc'>19.</span> <span class='ocrx_word' id='word_1_786' title='bbox 1017 5193 1061 5229; x_wconf 71' lang='grc' dir='ltr'><strong>οδ</strong></span> <span class='ocrx_word' id='word_1_787' title='bbox 1093 5191 1261 5249; x_wconf 82' lang='lat' dir='ltr'>Rom.</span> <span class='ocrx_word' id='word_1_788' title='bbox 1294 5205 1337 5259; x_wconf 79' lang='grc' dir='ltr'>ι,</span> <span class='ocrx_word' id='word_1_789' title='bbox 1369 5190 1425 5248; x_wconf 90' lang='grc'>3.</span> 
     </span>
    </p>
   </div>
   <div class='ocr_carea' id='block_1_103' title="bbox 422 5368 1316 5458">
    <p class='ocr_par' dir='ltr' id='par_1_103' title="bbox 422 5368 1316 5458">
     <span class='ocr_line' id='line_1_103' title="bbox 422 5368 1316 5458; baseline -0.007 0"><span class='ocrx_word' id='word_1_790' title='bbox 422 5373 532 5458; x_wconf 58' lang='grc' dir='ltr'>εξ)</span> <span class='ocrx_word' id='word_1_791' title='bbox 564 5373 998 5458; x_wconf 42' lang='lat' dir='ltr'>ﬁes-assum</span> <span class='ocrx_word' id='word_1_792' title='bbox 1027 5370 1118 5456; x_wconf 69' lang='grc' dir='ltr'>καῑ</span> <span class='ocrx_word' id='word_1_793' title='bbox 1152 5368 1316 5428; x_wconf 76' lang='grc' dir='ltr'>διάτιο</span> 
     </span>
    </p>
   </div>
   <div class='ocr_carea' id='block_1_104' title="bbox 418 5442 2000 5518">
    <p class='ocr_par' dir='ltr' id='par_1_104' title="bbox 418 5442 2000 5518">
     <span class='ocr_line' id='line_1_104' title="bbox 418 5442 2000 5518; baseline 0 -19"><span class='ocrx_word' id='word_1_794' title='bbox 418 5444 532 5518; x_wconf 80' lang='grc'>(87)</span> <span class='ocrx_word' id='word_1_795' title='bbox 564 5442 714 5501; x_wconf 88' lang='lat' dir='ltr'>Editi</span> <span class='ocrx_word' id='word_1_796' title='bbox 744 5442 802 5502; x_wconf 68' lang='grc' dir='ltr'>δι</span> <span class='ocrx_word' id='word_1_797' title='bbox 825 5447 988 5518; x_wconf 84' lang='lat' dir='ltr'>Regii</span> <span class='ocrx_word' id='word_1_798' title='bbox 1032 5446 1264 5517; x_wconf 89' lang='lat' dir='ltr'>primus</span> <span class='ocrx_word' id='word_1_799' title='bbox 1309 5446 1373 5518; x_wconf 79' lang='lat' dir='ltr'>et</span> <span class='ocrx_word' id='word_1_800' title='bbox 1407 5448 1676 5518; x_wconf 87' lang='lat' dir='ltr'>quartus,</span> <span class='ocrx_word' id='word_1_801' title='bbox 1730 5442 2000 5515; x_wconf 81' lang='grc' dir='ltr'>καλέσεις,</span> 
     </span>
    </p>
   </div>
   <div class='ocr_carea' id='block_1_105' title="bbox 344 5511 2003 5590">
    <p class='ocr_par' dir='ltr' id='par_1_105' title="bbox 344 5511 2003 5590">
     <span class='ocr_line' id='line_1_105' title="bbox 344 5511 2003 5590; baseline 0.002 -17"><span class='ocrx_word' id='word_1_802' title='bbox 344 5511 581 5590; x_wconf 81' lang='lat' dir='ltr'>vocabis.</span> <span class='ocrx_word' id='word_1_803' title='bbox 614 5511 1007 5590; x_wconf 68' lang='lat' dir='ltr'>Aliiquatﬁor</span> <span class='ocrx_word' id='word_1_804' title='bbox 1033 5511 1205 5590; x_wconf 80' lang='lat' dir='ltr'>mss.,</span> <span class='ocrx_word' id='word_1_805' title='bbox 1236 5511 1905 5590; x_wconf 65' lang='grc' dir='ltr'>καλέσᾱυσι,ςυοσαὺιιηι;</span> <span class='ocrx_word' id='word_1_806' title='bbox 1945 5511 2003 5576; x_wconf 83' lang='lat' dir='ltr'>et</span> 
     </span>
    </p>
   </div>
   <div class='ocr_carea' id='block_1_106' title="bbox 346 5588 1692 5662">
    <p class='ocr_par' dir='ltr' id='par_1_106' title="bbox 346 5588 1692 5662">
     <span class='ocr_line' id='line_1_106' title="bbox 346 5588 1692 5662; baseline 0.001 -19"><span class='ocrx_word' id='word_1_807' title='bbox 346 5588 431 5644; x_wconf 88' lang='lat' dir='ltr'>ita</span> <span class='ocrx_word' id='word_1_808' title='bbox 462 5604 692 5662; x_wconf 88' lang='lat' dir='ltr'>quoque</span> <span class='ocrx_word' id='word_1_809' title='bbox 724 5588 941 5662; x_wconf 76' lang='lat' dir='ltr'>legitur</span> <span class='ocrx_word' id='word_1_810' title='bbox 970 5592 1124 5660; x_wconf 91' lang='lat' dir='ltr'>apud</span> <span class='ocrx_word' id='word_1_811' title='bbox 1156 5588 1495 5662; x_wconf 62' lang='lat' dir='ltr'>Matthaeum</span> <span class='ocrx_word' id='word_1_812' title='bbox 1529 5588 1579 5655; x_wconf 84' lang='lat'>1,</span> <span class='ocrx_word' id='word_1_813' title='bbox 1601 5590 1692 5645; x_wconf 88' lang='lat'>23.</span> 
     </span>
    </p>
   </div>
   <div class='ocr_carea' id='block_1_107' title="bbox 414 5604 1996 5736">
    <p class='ocr_par' dir='ltr' id='par_1_107' title="bbox 414 5604 1996 5736">
     <span class='ocr_line' id='line_1_107' title="bbox 414 5604 1692 5715; baseline 0.002 -72"><span class='ocrx_word' id='word_1_814' title='bbox 414 5606 431 5643; x_wconf 90' lang='lat' dir='ltr'>I.</span> <span class='ocrx_word' id='word_1_815' title='bbox 462 5604 692 5715; x_wconf 53' lang='grc' dir='ltr'>(ἒυοαυο</span> <span class='ocrx_word' id='word_1_816' title='bbox 724 5604 941 5662; x_wconf 78' lang='lat' dir='ltr'>legitur</span> <span class='ocrx_word' id='word_1_817' title='bbox 970 5604 1124 5660; x_wconf 80' lang='lat' dir='ltr'>apud</span> <span class='ocrx_word' id='word_1_818' title='bbox 1157 5604 1495 5645; x_wconf 63' lang='lat' dir='ltr'>mattnaeum</span> <span class='ocrx_word' id='word_1_819' title='bbox 1529 5607 1568 5655; x_wconf 86' lang='lat'>1,</span> <span class='ocrx_word' id='word_1_820' title='bbox 1601 5604 1692 5645; x_wconf 71' lang='grc' dir='ltr'>κδ.</span> 
     </span>
     <span class='ocr_line' id='line_1_108' title="bbox 414 5657 1996 5736; baseline 0.003 -21"><span class='ocrx_word' id='word_1_821' title='bbox 414 5661 472 5731; x_wconf 94' lang='lat'>(8</span> <span class='ocrx_word' id='word_1_822' title='bbox 511 5662 710 5736; x_wconf 39' lang='lat' dir='ltr'>)‘Editi</span> <span class='ocrx_word' id='word_1_823' title='bbox 741 5672 797 5736; x_wconf 78' lang='lat' dir='ltr'>et</span> <span class='ocrx_word' id='word_1_824' title='bbox 825 5662 1088 5735; x_wconf 89' lang='lat' dir='ltr'>quinque</span> <span class='ocrx_word' id='word_1_825' title='bbox 1119 5677 1288 5729; x_wconf 82' lang='lat' dir='ltr'>mss.,</span> <span class='ocrx_word' id='word_1_826' title='bbox 1320 5657 1530 5735; x_wconf 78' lang='grc' dir='ltr'>Εἲγάρ.</span> <span class='ocrx_word' id='word_1_827' title='bbox 1554 5667 1629 5720; x_wconf 87' lang='lat' dir='ltr'>At</span> <span class='ocrx_word' id='word_1_828' title='bbox 1653 5663 1792 5735; x_wconf 83' lang='lat' dir='ltr'>Reg.</span> <span class='ocrx_word' id='word_1_829' title='bbox 1817 5678 1996 5736; x_wconf 85' lang='lat' dir='ltr'>quar-</span> 
     </span>
    </p>
   </div>
   <div class='ocr_carea' id='block_1_108' title="bbox 340 5728 818 5811">
    <p class='ocr_par' dir='ltr' id='par_1_108' title="bbox 340 5728 818 5811">
     <span class='ocr_line' id='line_1_109' title="bbox 340 5728 818 5811; baseline 0.01 -26"><span class='ocrx_word' id='word_1_830' title='bbox 340 5728 459 5804; x_wconf 52' lang='lat' dir='ltr'>tus,</span> <span class='ocrx_word' id='word_1_831' title='bbox 490 5728 554 5789; x_wconf 77' lang='grc' dir='ltr'>Εἰ</span> <span class='ocrx_word' id='word_1_832' title='bbox 587 5734 664 5807; x_wconf 79' lang='grc' dir='ltr'>μὴ</span> <span class='ocrx_word' id='word_1_833' title='bbox 693 5733 818 5811; x_wconf 85' lang='grc' dir='ltr'>γάρ.</span> 
     </span>
    </p>
   </div>
   <div class='ocr_carea' id='block_1_109' title="bbox 1528 5191 2156 5263">
    <p class='ocr_par' dir='ltr' id='par_1_109' title="bbox 1528 5191 2156 5263">
     <span class='ocr_line' id='line_1_110' title="bbox 1528 5191 2156 5263; baseline 0.002 -13"><span class='ocrx_word' id='word_1_834' title='bbox 1528 5192 1575 5227; x_wconf 73' lang='grc'>⁸⁸</span> <span class='ocrx_word' id='word_1_835' title='bbox 1603 5191 1774 5250; x_wconf 87' lang='lat' dir='ltr'>Deut.</span> <span class='ocrx_word' id='word_1_836' title='bbox 1803 5209 1942 5263; x_wconf 77' lang='lat' dir='ltr'>nu,</span> <span class='ocrx_word' id='word_1_837' title='bbox 1972 5194 2156 5251; x_wconf 82' lang='lat'><strong>25-27.</strong></span> 
     </span>
    </p>
   </div>
   <div class='ocr_carea' id='block_1_110' title="bbox 2127 4722 3784 4810">
    <p class='ocr_par' dir='ltr' id='par_1_110' title="bbox 2127 4722 3784 4810">
     <span class='ocr_line' id='line_1_111' title="bbox 2127 4722 3784 4810; baseline -0.004 -23"><span class='ocrx_word' id='word_1_838' title='bbox 2127 4730 2463 4810; x_wconf 73' lang='grc' dir='ltr'>ἐλειτούργει</span> <span class='ocrx_word' id='word_1_839' title='bbox 2519 4736 2598 4805; x_wconf 79' lang='grc' dir='ltr'>τῷ</span> <span class='ocrx_word' id='word_1_840' title='bbox 2662 4728 2897 4807; x_wconf 80' lang='grc' dir='ltr'>βασιλεῖ,</span> <span class='ocrx_word' id='word_1_841' title='bbox 2955 4731 3045 4786; x_wconf 81' lang='grc' dir='ltr'>καὶ</span> <span class='ocrx_word' id='word_1_842' title='bbox 3106 4730 3135 4785; x_wconf 83' lang='grc' dir='ltr'>ὁ</span> <span class='ocrx_word' id='word_1_843' title='bbox 3192 4725 3449 4805; x_wconf 85' lang='grc' dir='ltr'>βασιλεὺς</span> <span class='ocrx_word' id='word_1_844' title='bbox 3500 4727 3603 4783; x_wconf 79' lang='grc' dir='ltr'>οὐκ</span> <span class='ocrx_word' id='word_1_845' title='bbox 3646 4722 3784 4803; x_wconf 78' lang='grc' dir='ltr'>ἔγνω</span> 
     </span>
    </p>
   </div>
   <div class='ocr_carea' id='block_1_111' title="bbox 2127 4812 3785 4898">
    <p class='ocr_par' dir='ltr' id='par_1_111' title="bbox 2127 4812 3785 4898">
     <span class='ocr_line' id='line_1_112' title="bbox 2127 4812 3785 4898; baseline -0.004 -21"><span class='ocrx_word' id='word_1_846' title='bbox 2127 4821 2317 4893; x_wconf 82' lang='grc' dir='ltr'>αὐτήν.</span> <span class='ocrx_word' id='word_1_847' title='bbox 2378 4822 2473 4879; x_wconf 82' lang='grc' dir='ltr'>Ἐκ</span> <span class='ocrx_word' id='word_1_848' title='bbox 2529 4820 2805 4898; x_wconf 85' lang='grc' dir='ltr'>Παρθένου</span> <span class='ocrx_word' id='word_1_849' title='bbox 2854 4818 3033 4877; x_wconf 91' lang='grc' dir='ltr'>τοίνυν</span> <span class='ocrx_word' id='word_1_850' title='bbox 3088 4817 3248 4894; x_wconf 79' lang='grc' dir='ltr'>ἁγίας</span> <span class='ocrx_word' id='word_1_851' title='bbox 3301 4817 3329 4873; x_wconf 82' lang='grc' dir='ltr'><strong>ὁ</strong></span> <span class='ocrx_word' id='word_1_852' title='bbox 3389 4812 3785 4891; x_wconf 72' lang='grc' dir='ltr'>Ἐμμανουήλ,</span> 
     </span>
    </p>
   </div>
   <div class='ocr_carea' id='block_1_112' title="bbox 2127 4903 3788 4983">
    <p class='ocr_par' dir='ltr' id='par_1_112' title="bbox 2127 4903 3788 4983">
     <span class='ocr_line' id='line_1_113' title="bbox 2127 4903 3788 4983; baseline -0.004 -16"><span class='ocrx_word' id='word_1_853' title='bbox 2127 4918 2225 4982; x_wconf 85' lang='grc' dir='ltr'>τῆς</span> <span class='ocrx_word' id='word_1_854' title='bbox 2284 4909 2567 4983; x_wconf 52' lang='grc' dir='ltr'>εἷ’πούσηΨ</span> <span class='ocrx_word' id='word_1_855' title='bbox 2627 4915 2750 4975; x_wconf 88' lang='grc' dir='ltr'>Ηῶς</span> <span class='ocrx_word' id='word_1_856' title='bbox 2806 4906 2951 4967; x_wconf 76' lang='grc' dir='ltr'>ἔσται</span> <span class='ocrx_word' id='word_1_857' title='bbox 3029 4931 3122 4983; x_wconf 92' lang='grc' dir='ltr'>μοι</span> <span class='ocrx_word' id='word_1_858' title='bbox 3171 4912 3337 4964; x_wconf 81' lang='grc' dir='ltr'>τοῦτο</span> <span class='ocrx_word' id='word_1_859' title='bbox 3374 4954 3388 4979; x_wconf 90' lang='grc'>,</span> <span class='ocrx_word' id='word_1_860' title='bbox 3440 4906 3556 4963; x_wconf 76' lang='grc' dir='ltr'>ἐπεὶ</span> <span class='ocrx_word' id='word_1_861' title='bbox 3616 4903 3788 4982; x_wconf 82' lang='grc' dir='ltr'>ἄνδρα</span> 
     </span>
    </p>
   </div>
   <div class='ocr_carea' id='block_1_113' title="bbox 2129 4995 3787 5078">
    <p class='ocr_par' dir='ltr' id='par_1_113' title="bbox 2129 4995 3787 5078">
     <span class='ocr_line' id='line_1_114' title="bbox 2129 4995 3787 5078; baseline -0.004 -21"><span class='ocrx_word' id='word_1_862' title='bbox 2129 5001 2195 5058; x_wconf 82' lang='grc' dir='ltr'>οὐ</span> <span class='ocrx_word' id='word_1_863' title='bbox 2252 5001 2505 5078; x_wconf 88' lang='grc' dir='ltr'>γινώσκω</span> <span class='ocrx_word' id='word_1_864' title='bbox 2540 5019 2555 5072; x_wconf 83' lang='lat'><strong>;</strong></span> <span class='ocrx_word' id='word_1_865' title='bbox 2590 5000 2731 5077; x_wconf 81' lang='grc' dir='ltr'>Πρὸς</span> <span class='ocrx_word' id='word_1_866' title='bbox 2789 5001 2851 5072; x_wconf 79' lang='grc' dir='ltr'>ἢν</span> <span class='ocrx_word' id='word_1_867' title='bbox 2905 5002 2933 5056; x_wconf 89' lang='grc' dir='ltr'>ὁ</span> <span class='ocrx_word' id='word_1_868' title='bbox 2987 4996 3238 5078; x_wconf 73' lang='grc' dir='ltr'>ἄγγελος,</span> <span class='ocrx_word' id='word_1_869' title='bbox 3293 4995 3376 5053; x_wconf 79' lang='grc' dir='ltr'>ὅτι</span> <span class='ocrx_word' id='word_1_870' title='bbox 3435 5001 3652 5072; x_wconf 79' lang='grc' dir='ltr'>Πνεῦμα</span> <span class='ocrx_word' id='word_1_871' title='bbox 3682 5001 3787 5051; x_wconf 82' lang='grc' dir='ltr'>Κυ-</span> 
     </span>
    </p>
   </div>
   <div class='ocr_carea' id='block_1_114' title="bbox 2261 5188 3786 5268">
    <p class='ocr_par' dir='ltr' id='par_1_114' title="bbox 2261 5188 3786 5268">
     <span class='ocr_line' id='line_1_115' title="bbox 2261 5188 3786 5268; baseline -0.003 -18"><span class='ocrx_word' id='word_1_872' title='bbox 2261 5194 2306 5230; x_wconf 80' lang='grc'><strong>⁹⁹</strong></span> <span class='ocrx_word' id='word_1_873' title='bbox 2336 5193 2414 5252; x_wconf 88' lang='grc' dir='ltr'>ΠΙ</span> <span class='ocrx_word' id='word_1_874' title='bbox 2444 5195 2587 5268; x_wconf 80' lang='lat' dir='ltr'>Reg.</span> <span class='ocrx_word' id='word_1_875' title='bbox 2622 5211 2664 5263; x_wconf 86' lang='grc' dir='ltr'>ι,</span> <span class='ocrx_word' id='word_1_876' title='bbox 2690 5194 2746 5268; x_wconf 89' lang='lat'>3,</span> <span class='ocrx_word' id='word_1_877' title='bbox 2778 5195 2832 5252; x_wconf 76' lang='grc'><strong>4.</strong></span> <span class='ocrx_word' id='word_1_878' title='bbox 2936 5195 2980 5231; x_wconf 73' lang='grc'>⁸⁸</span> <span class='ocrx_word' id='word_1_879' title='bbox 3010 5197 3147 5251; x_wconf 86' lang='lat' dir='ltr'>Luc.</span> <span class='ocrx_word' id='word_1_880' title='bbox 3181 5207 3220 5249; x_wconf 82' lang='grc' dir='ltr'>ι.</span> <span class='ocrx_word' id='word_1_881' title='bbox 3254 5190 3349 5246; x_wconf 78' lang='grc'><strong>34.</strong></span> <span class='ocrx_word' id='word_1_882' title='bbox 3453 5191 3496 5227; x_wconf 75' lang='grc'>⁸⁷</span> <span class='ocrx_word' id='word_1_883' title='bbox 3518 5188 3660 5247; x_wconf 88' lang='lat' dir='ltr'>ibid.</span> <span class='ocrx_word' id='word_1_884' title='bbox 3694 5190 3786 5246; x_wconf 90' lang='lat'>35.</span> 
     </span>
    </p>
   </div>
   <div class='ocr_carea' id='block_1_115' title="bbox 2190 5368 3788 5451">
    <p class='ocr_par' dir='ltr' id='par_1_115' title="bbox 2190 5368 3788 5451">
     <span class='ocr_line' id='line_1_116' title="bbox 2190 5368 3788 5451; baseline -0.003 -22"><span class='ocrx_word' id='word_1_885' title='bbox 2190 5376 2299 5449; x_wconf 89' lang='lat'>(89)</span> <span class='ocrx_word' id='word_1_886' title='bbox 2328 5376 2469 5450; x_wconf 82' lang='lat' dir='ltr'>Reg.</span> <span class='ocrx_word' id='word_1_887' title='bbox 2514 5381 2783 5451; x_wconf 80' lang='lat' dir='ltr'>quartus,</span> <span class='ocrx_word' id='word_1_888' title='bbox 2816 5368 3092 5451; x_wconf 59' lang='lat' dir='ltr'>1t0_i:ov_‘l:6.</span> <span class='ocrx_word' id='word_1_889' title='bbox 3127 5370 3359 5451; x_wconf 70' lang='lat' dir='ltr'>Nec_ita</span> <span class='ocrx_word' id='word_1_890' title='bbox 3415 5368 3600 5427; x_wconf 90' lang='lat' dir='ltr'>multo</span> <span class='ocrx_word' id='word_1_891' title='bbox 3651 5372 3788 5451; x_wconf 76' lang='lat' dir='ltr'>post</span> 
     </span>
    </p>
   </div>
   <div class='ocr_carea' id='block_1_116' title="bbox 2114 5437 3778 5520">
    <p class='ocr_par' dir='ltr' id='par_1_116' title="bbox 2114 5437 3778 5520">
     <span class='ocr_line' id='line_1_117' title="bbox 2114 5437 3778 5520; baseline -0.005 -17"><span class='ocrx_word' id='word_1_892' title='bbox 2114 5437 2294 5504; x_wconf 44' lang='lat' dir='ltr'>idem,</span> <span class='ocrx_word' id='word_1_893' title='bbox 2322 5437 2549 5520; x_wconf 48' lang='lat' dir='ltr'>coduex,‘</span> <span class='ocrx_word' id='word_1_894' title='bbox 2572 5452 2690 5511; x_wconf 87' lang='grc' dir='ltr'>πῶς</span> <span class='ocrx_word' id='word_1_895' title='bbox 2737 5437 2781 5516; x_wconf 66' lang='grc' dir='ltr'>ἠ’</span> <span class='ocrx_word' id='word_1_896' title='bbox 2816 5449 2916 5501; x_wconf 76' lang='grc' dir='ltr'>τοῦ</span> <span class='ocrx_word' id='word_1_897' title='bbox 2956 5440 3328 5520; x_wconf 69' lang='grc' dir='ltr'>Ἐμμανουήλ</span> <span class='ocrx_word' id='word_1_898' title='bbox 3389 5437 3778 5518; x_wconf 69' lang='grc' dir='ltr'>προσηγορίας</span> 
     </span>
    </p>
   </div>
   <div class='ocr_carea' id='block_1_117' title="bbox 2114 5516 3438 5593">
    <p class='ocr_par' dir='ltr' id='par_1_117' title="bbox 2114 5516 3438 5593">
     <span class='ocr_line' id='line_1_118' title="bbox 2114 5516 3438 5593; baseline -0.004 -18"><span class='ocrx_word' id='word_1_899' title='bbox 2114 5521 2395 5593; x_wconf 83' lang='lat' dir='ltr'>Quomodo</span> <span class='ocrx_word' id='word_1_900' title='bbox 2426 5525 2481 5579; x_wconf 87' lang='lat' dir='ltr'>ei</span> <span class='ocrx_word' id='word_1_901' title='bbox 2500 5516 2697 5593; x_wconf 77' lang='lat' dir='ltr'>nomen</span> <span class='ocrx_word' id='word_1_902' title='bbox 2729 5518 3055 5576; x_wconf 86' lang='lat' dir='ltr'>Emmanuel</span> <span class='ocrx_word' id='word_1_903' title='bbox 3087 5516 3393 5593; x_wconf 71' lang='lat' dir='ltr'>datumest</span> <span class='ocrx_word' id='word_1_904' title='bbox 3412 5516 3438 5570; x_wconf 56' lang='grc' dir='ltr'><em>ἰ</em></span> 
     </span>
    </p>
   </div>
   <div class='ocr_carea' id='block_1_118' title="bbox 2183 5581 3773 5668">
    <p class='ocr_par' dir='ltr' id='par_1_118' title="bbox 2183 5581 3773 5668">
     <span class='ocr_line' id='line_1_119' title="bbox 2183 5581 3773 5668; baseline -0.003 -24"><span class='ocrx_word' id='word_1_905' title='bbox 2183 5593 2503 5668; x_wconf 82' lang='lat' dir='ltr'>(90)__Editi,</span> <span class='ocrx_word' id='word_1_906' title='bbox 2534 5591 2877 5668; x_wconf 85' lang='grc' dir='ltr'>ἀπείραστος.</span> <span class='ocrx_word' id='word_1_907' title='bbox 2932 5596 3000 5647; x_wconf 82' lang='lat' dir='ltr'>At</span> <span class='ocrx_word' id='word_1_908' title='bbox 3044 5605 3213 5668; x_wconf 84' lang='lat' dir='ltr'>mss._</span> <span class='ocrx_word' id='word_1_909' title='bbox 3242 5587 3487 5668; x_wconf 59' lang='lat' dir='ltr'>aliquot,</span> <span class='ocrx_word' id='word_1_910' title='bbox 3543 5581 3773 5668; x_wconf 52' lang='lat' dir='ltr'>imlp‘a:</span> 
     </span>
    </p>
   </div>
   <div class='ocr_carea' id='block_1_119' title="bbox 2105 5654 3765 5790">
    <p class='ocr_par' dir='ltr' id='par_1_119' title="bbox 2105 5654 3765 5790">
     <span class='ocr_line' id='line_1_120' title="bbox 2105 5654 3765 5790; baseline -0.006 -69"><span class='ocrx_word' id='word_1_911' title='bbox 2105 5654 2241 5790; x_wconf 48' lang='lat' dir='ltr'>“toi.8</span> <span class='ocrx_word' id='word_1_912' title='bbox 2257 5654 2565 5739; x_wconf 66' lang='lat' dir='ltr'>Aliquanto</span> <span class='ocrx_word' id='word_1_913' title='bbox 2589 5654 2722 5740; x_wconf 74' lang='lat' dir='ltr'>post</span> <span class='ocrx_word' id='word_1_914' title='bbox 2751 5671 2871 5723; x_wconf 88' lang='lat' dir='ltr'>tres</span> <span class='ocrx_word' id='word_1_915' title='bbox 2900 5679 3073 5734; x_wconf 88' lang='lat' dir='ltr'>mss.,</span> <span class='ocrx_word' id='word_1_916' title='bbox 3126 5659 3217 5715; x_wconf 85' lang='grc' dir='ltr'>καὶ</span> <span class='ocrx_word' id='word_1_917' title='bbox 3266 5654 3360 5730; x_wconf 80' lang='grc' dir='ltr'>ἦν’</span> <span class='ocrx_word' id='word_1_918' title='bbox 3381 5664 3559 5722; x_wconf 81' lang='grc' dir='ltr'>νεᾶνις</span> <span class='ocrx_word' id='word_1_919' title='bbox 3617 5654 3765 5728; x_wconf 79' lang='grc' dir='ltr'>κοιλή</span> 
     </span>
     <span class='ocr_line' id='line_1_121' title="bbox 2105 5754 2332 5790; baseline 0.004 -1"><span class='ocrx_word' id='word_1_920' title='bbox 2105 5754 2173 5790; x_wconf 72' lang='grc' dir='ltr'>σω</span> <span class='ocrx_word' id='word_1_921' title='bbox 2246 5755 2332 5790; x_wconf 60' lang='lat' dir='ltr'>Da-</span> 
     </span>
    </p>
   </div>
   <div class='ocr_carea' id='block_1_120' title="bbox 2104 5754 2334 5815">
    <p class='ocr_par' dir='ltr' id='par_1_120' title="bbox 2104 5754 2334 5815">
     <span class='ocr_line' id='line_1_122' title="bbox 2104 5754 2334 5815; baseline 0.009 -26"><span class='ocrx_word' id='word_1_922' title='bbox 2104 5754 2334 5815; x_wconf 70' lang='grc' dir='ltr'>σφοορα,</span> 
     </span>
    </p>
   </div>
  </div>
