4138 6408
381 351 513 409 465

1212 351 1622 410 COMMENT.
1672 349 1751 410 IN
1797 349 2065 408 ISAIAM
2117 349 2623 409 PROPHETAM.
2672 351 2843 410 CAP.
2893 350 3022 410 VII.

3711 353 3830 412 466

387 451 516 557 ρίου
589 478 936 536 ἐπελεύσεται
1019 479 1109 534 ἐπὶ
1184 480 1272 548 σὶ,
1345 481 1434 534 καὶ
1513 477 1739 552 δύναμις
1803 478 2053 552 Ὑψίστου

2172 496 2466 551 quaquam
2495 483 2618 535 erat
2647 481 3213 552 obnoxia.Scriptum
3237 487 3324 538 est
3344 482 3500 538 enim
3532 483 3590 537 in
3613 483 3818 540 Deuts-

387 571 694 628 ἐπισκιάσει
741 591 846 627 σοι.
885 568 1034 640 Αὕτη
1072 567 1333 632 ὑπόδικος
1368 569 1466 624 οὐκ
1497 567 1608 624 ἔστι
1658 573 1735 641 τῷ
1789 569 1908 642 περὶ
1945 569 2056 640 (91)

389 665 746 738 καθαρισμοῦ
798 660 978 732 νόμῳ.
1042 658 1349 734 Γέγραπται
1399 659 1498 735 γὰρ
1558 657 1610 712 ἐν
1662 663 1742 730 τῷ
1801 667 2059 730 Δευτερο-

387 750 598 824 νομίῳ,
649 749 733 804 ὅτι
795 750 962 818 Γυνὴ,
1021 747 1144 818 ἥτις
1201 746 1261 803 ἂν
1335 750 1733 824 σπερματισθῇ,
1790 746 1877 801 καὶ
1934 746 2061 819 τέκῃ

388 842 570 920 ἄρσεν,
665 838 967 914 ἀκάθαρτος
1047 836 1192 894 ἔσται
1270 836 1408 893 ἔπτὰ
1462 835 1694 914 ἡμέρας.
1783 835 1929 906 Αὕτη
2005 832 2062 890 δὲ

391 929 586 1000 ἐπειδή
653 931 730 1003 μὴ
793 933 1254 1005 σπερματισθεῖσα
1311 926 1520 1002 ἐγένετο
1556 928 1742 1002 μήτηρ
1801 929 1896 980 τοῦ
1928 927 2058 998 Ἐμ-

398 1019 670 1095 μανουήλ,
725 1019 937 1093 καθαρὰ
981 1019 1072 1072 καὶ
1127 1015 1257 1092 ἁγία
1312 1017 1402 1072 καὶ
1459 1015 1725 1091 ἀμίαντός
1787 1014 1934 1070 ἔστι·
1969 1014 2059 1070 καὶ

406 1111 540 1185 μετὰ
611 1107 671 1164 τὸ
763 1107 1012 1183 γενέσθαι
1073 1108 1306 1184 μητέρα,
1373 1102 1449 1162 ἔτι
1526 1106 1790 1181 παρθένος
1869 1103 2058 1179 διαμέ-

407 1221 563 1256 νουσα
799 1193 1022 1267 Ἐπειδὴ
1075 1198 1174 1272 γὰρ
1227 1197 1254 1251 6
1298 1201 1519 1272 πρῶτος
1549 1193 1726 1269 ’Λδὰμ
1772 1195 1833 1250 οὐ
1887 1199 1954 1268 τῇ
2007 1194 2057 1265 ἐξ

404 1286 593 1362 ἀνδρὸς
647 1289 738 1343 καὶ
793 1288 1048 1362 γυναικὸς
1114 1284 1322 1359 συνόδῳ
1370 1285 1646 1362 παρῆλθεν
1710 1285 1785 1347 εἰς
1830 1286 2054 1360 γένεσιν,

397 1376 525 1434 ἀλλ’
558 1375 618 1432 ἐκ
672 1383 773 1447 τῆς
833 1384 937 1451 γῆς
1000 1375 1332 1446 ἀνεπλάσθη·
1365 1375 1452 1430 καὶ
1510 1377 1537 1430 ὁ
1586 1374 1816 1449 ἔσχατος
1877 1372 2058 1447 Ἀδὰμ

398 1469 497 1538 τήν
525 1466 730 1523 ἐκείνου
755 1467 960 1544 φθορὰν
993 1464 1369 1536 ἀνακαινίζων,
1403 1464 1454 1520 έν
1487 1469 1554 1539 τῇ
1597 1468 1894 1541 παρθενικῇ
1949 1467 2055 1537 μή-

392 1579 498 1635 τρᾳ
531 1555 861 1621 διαπλασθὶν
893 1557 956 1612 τὸ
1005 1561 1168 1630 σῶμα
1217 1550 1442 1611 ἔλαϐεν·
1485 1553 1578 1610 ’ἱνα
1619 1553 1670 1609 ἐν
1719 1560 1798 1627 τῷ
1849 1555 2057 1628 ὁμοιώ-

399 1670 528 1723 ματι
560 1649 789 1723 γένηται
832 1651 912 1719 τῷ
959 1653 1059 1717 τῆς
1108 1637 1380 1722 ¹ἁμαρτίας
1432 1642 1522 1700 διὰ
1555 1643 1950 1722 σαρκός.⁶1“πέρ
2003 1641 2058 1699 δέ

390 1741 494 1792 τοῦ
543 1739 642 1808 τὴν
695 1733 997 1813 παράδοξον
1050 1734 1249 1806 ταύτην
1297 1734 1546 1812 γέννησιν
1611 1737 1686 1810 μὴ
1719 1735 1892 1804 πάντη
1927 1735 2057 1788 ἄπι-

2173 570 2435 624 ronomio
2467 570 2758 641 [Levitico]
2785 589 2796 626 :
2833 571 3046 636 Mulier,
3082 588 3200 643 quae
3221 574 3523 644 conceperit
3555 589 3756 643 semen,
3775 576 3826 628 et

2166 660 2445 729 pepererit
2467 666 2806 732 masculum,
2840 661 3129 716 immunda
3158 663 3269 716 erit
3298 671 3503 733 septem
3536 663 3731 717 diebus
3759 662 3825 719 9⁸.

2169 751 2300 803 Haec
2330 751 2548 816 autem,
2583 765 2715 804 cum
2770 753 2898 807 acta
2928 748 3005 804 sit
3051 750 3453 806 Emmanuelis
3484 757 3669 806 mater
3699 751 3827 807 sine

2171 836 2570 908 semine,pura
2601 842 2918 909 sanctaque
2947 844 3004 894 et
3033 839 3515 908 intemerataest;
3539 839 3826 912 imo,pos-

2170 933 2448 1000 teaquam
2469 929 2672 985 eﬂ‘ecta
2704 934 2891 984 mater
2920 937 3025 1000 est,
3060 931 3250 986 adhuc
3281 931 3443 1002 virgo
3476 930 3825 1002 permansit.

2172 1023 2484 1086 Nam,cum
2517 1019 2746 1090 primus
2778 1019 2964 1074 Adam
2999 1037 3112 1074 non
3138 1038 3204 1076 ex
3226 1020 3330 1075 viri
3352 1037 3418 1076 ac
3442 1020 3670 1076 feminas
3691 1037 3828 1076 con-

2170 1125 2378 1180 gressu
2411 1108 2606 1163 editus
2639 1113 2794 1164 esset
2824 1109 2880 1163 in
2905 1108 3225 1176 lucem,sed
3243 1127 3310 1165 ex
3328 1115 3482 1165 terra
3499 1111 3830 1166 conforma-

2168 1203 2263 1254 tus
2317 1198 2370 1265 9;
2407 1198 2582 1253 etiam
2619 1198 2979 1253 novissimus
3002 1199 3185 1253 Adam
3206 1201 3643 1270 corruptionem
3669 1199 3832 1255 illius

2170 1288 2611 1343 instauraturus
2649 1289 3011 1354 ‘,formatum
3044 1286 3104 1341 in
3136 1287 3405 1359 virginali
3426 1293 3589 1344 utero
3617 1305 3830 1360 corpus

2173 1377 2547 1448 assumpsit:
2583 1381 2647 1431 ut
2697 1377 2754 1432 in
2789 1375 3179 1431 similitudine
3239 1377 3458 1448 peccati
3519 1382 3676 1432 esset
3729 1393 3833 1448 per

2169 1482 2403 1522 carnem
2438 1467 2478 1520 ².
2511 1467 2619 1520 Sed
2654 1482 2724 1522 ne
2760 1466 2819 1534 ii,
2846 1465 3114 1537 quiaegrc
3139 1466 3457 1521 admodum
3483 1467 3828 1522 incarnatio-

2168 1574 2300 1613 nem
2337 1557 2594 1612 divinsm
2627 1557 2965 1623 admittunt,
3017 1556 3190 1612 ﬁdem
3242 1573 3477 1612 omnem
3522 1555 3823 1628 stupendae

2168 1648 2307 1703 huic
2335 1649 2698 1720 generetioni
2733 1652 3032 1720 negarent,
3067 1647 3348 1702 animalia
3379 1647 3670 1718 quaedam,
3696 1660 3826 1718 quae

2169 1736 2350 1793 solius
2385 1737 2615 1794 feminae
2647 1754 2823 1810 opera
2854 1739 3003 1793 citra
3027 1737 3281 1793 marium
3315 1736 3590 1809 copulam
3623 1750 3825 1808 parere

394 1849 521 1882 στον
557 1823 704 1903 ἔχειν
737 1831 854 1888 τοῖς
889 1823 1342 1902 δυσπαραδέκτως
1391 1825 1515 1902 περὶ
1561 1825 1660 1894 τὴν
1713 1824 1856 1880 θείαν
1909 1823 2055 1879 οἰκο-

515 1915 525 1929 ,
631 1914 654 1929 η
860 1915 870 1929 .
1054 1911 1077 1929 ..
1210 1916 1220 1929 .
1430 1920 1456 1929 ..
1536 1919 1599 1929 μ.
1735 1915 1746 1929 .
1801 1921 1808 1929 .

2171 1832 2430 1899 possent,
2467 1845 2662 1884 rerum
2689 1828 2885 1900 opifex
2919 1826 3262 1900 procreavit.
3296 1827 3442 1885 Nam
3476 1823 3826 1882 animalium

391 1915 591 1990 νομίαν
627 1914 1020 1990 διακειμένοις,
1052 1911 1227 1971 ἔκτισέ
1257 1920 1497 1970 τινατῶν
1535 1919 1689 1984 ζώων
1727 1915 1754 1968 6
1788 1921 2062 1990 Δημιουρ-

392 2008 490 2084 γὸς
517 2004 789 2081 δυνάμενα
820 2005 926 2060 ἀπὸ
963 2003 1130 2078 μόνου
1187 2009 1283 2059 τοῦ
1331 2001 1551 2075 θήλεος,
1588 2004 1766 2081 χωρὶς
1810 2010 1912 2072 τῆς
1952 2008 2062 2058 τῶν

400 2095 642 2173 ἀρῥένων
697 2092 1029 2167 ἐπιπλοκῆς,
1090 2094 1424 2152 ἀποτίκτειν.
1482 2097 1716 2149 Τοιαῦτο
1772 2092 1873 2170 γὰρ
1930 2093 2208 2171 ἱστοροῦσι

403 2207 576 2260 μενοι.

465 2279 593 2334 202.
651 2274 926 2352 Βούτυρον
980 2273 1072 2329 καὶ
1134 2275 1262 2348 μέλι
1315 2275 1567 2353 φάγεται·
1627 2272 1754 2349 πρὶν
1815 2273 1850 2344 ἢ
1908 2277 2052 2349 γνῶ-

395 2387 483 2422 ναι
562 2365 762 2436 αὑτὸν,
820 2365 856 2435 ἢ
928 2362 1256 2440 προελέσθαι
1333 2363 1592 2440 πονηρὰ,
1648 2360 1916 2434 έκλέξεται
1989 2363 2052 2419 τὸ

401 2455 619 2532 ἀγαθόν.
683 2451 919 2528 Παιδικῇ
975 2457 1152 2528 τροφῇ
1220 2460 1423 2530 χρῆται
1484 2452 1905 2527 ὁἘμμανουήλ
1965 2449 2054 2508 διὰ

398 2545 496 2614 τὴν
532 2545 726 2616 σάρκα,
771 2542 1022 2620 βουτύρῳ
1051 2543 1140 2599 καὶ
1172 2540 1375 2617 μέλιτι.
1401 2542 1505 2599 Καὶ
1558 2542 1712 2618 ὅμως
1744 2542 1796 2598 ἐν
1848 2546 1918 2608 τῆ
1956 2547 2052 2598 τοῦ

401 2633 604 2705 νηπίου
635 2631 952 2689 καταστάσει
988 2631 1275 2708 ὑπάρχων,
1309 2631 1398 2688 διὰ
1442 2634 1540 2702 τὴν
1591 2634 1898 2689 ἱνοικοῦσαν
1958 2633 2052 2688 αὖ·

394 2728 477 2797 τῷ
511 2721 740 2793 δύναμιν
772 2730 872 2795 τῆς
922 2722 1284 2793 ἀγαθότητος,
1317 2723 1424 2801 πρὸ
1452 2729 1552 2794 τῆς
1601 2725 1738 2779 κατὰ
1775 2724 1875 2792 τήν
1924 2721 2053 2794 ἡλι-

393 2814 513 2870 κίαν
571 2813 932 2887 τελειώσεως,
977 2815 1258 2885 ἀπειθήσει
1317 2815 1410 2888 μὶν
1467 2813 1724 2890 πονηρίᾳ,
1782 2812 2051 2884 έκλέξεται

397 2901 543 2959 δὲτὸ
606 2905 825 2982 ἀγαθόν.
860 2903 1010 2960 Διότι
1039 2907 1075 2974 ἡ
1115 2905 1207 2977 μὶν
1258 2905 1498 2979 ἡμετέρα
1551 2904 1706 2980 φύσις
1755 2901 1876 2974 ἴσην
1935 2901 2052 2979 ἔχει

392 2995 491 3062 τὴν
553 2993 634 3068 ἐφ’
667 2995 893 3070 ἑκάτερα
945 2993 1142 3070 ῥοπὴν,
1201 2994 1291 3049 καὶ
1336 2993 1608 3056 πολλάκις
1651 2995 1743 3066 μὲν
1798 2993 1934 3068 πρὸς
1991 2993 2051 3048 τὸ

399 3084 665 3157 πονηρὸν,
694 3083 970 3147 πολλάκις
1003 3081 1061 3138 δὲ
1090 3083 1181 3139 καὶ
1211 3085 1346 3160 πρὸς
1389 3086 1452 3139 τὸ
1501 3084 1694 3159 ἀγαθὸν
1748 3081 2051 3152 ἀποκλίνει,

405 3170 478 3232 ὡς
525 3170 610 3225 ἐπὶ
654 3177 836 3248 ζυγοῦ,
877 3177 967 3228 νῦν
1021 3174 1116 3247 μὲν
1178 3172 1264 3229 έπῖ
1313 3174 1378 3228 τὰ
1429 3175 1571 3244 πάθη
1611 3181 1711 3244 τῆς
1742 3176 1926 3250 ψυχῆς
1957 3193 2051 3228 κα-

402 3258 775 3336 ταῤῥεπούσης
805 3264 936 3336 (93),
967 3267 1054 3319 νῦν
1102 3260 1159 3319 δὲ
1205 3263 1376 3319 πάλιν
1433 3264 1534 3319 ὑπὸ
1562 3261 1659 3320 τοῦ
1691 3261 1863 3339 λόγου
1895 3261 2052 3319 ἀνελ-

2172 1921 2443 1973 naturam
2477 1917 2573 1988 qui
2599 1917 2868 1974 consulto
2902 1917 3286 1990 perquisiere,
3313 1917 3455 1973 talia
3486 1917 3555 1972 de
3576 1913 3831 1972 vulturi-

2174 2008 2284 2064 bus
2316 2008 2614 2064 memoriae
2639 2007 3042 2080 prodiderunt.

2291 2096 2414 2171 περὶ
2495 2100 2681 2170 γυπῶν
2737 2096 2789 2151 οἱ
2837 2097 2905 2151 τὰ
2982 2095 3105 2171 περὶ
3185 2095 3338 2164 ζώων
3416 2093 3832 2170 πραγματευσά-

2232 2277 2358 2334 202.
2390 2277 2568 2333 Vens.
2605 2277 2692 2346 15,
2729 2277 2816 2332 16.
2851 2277 3126 2348 Butyrum
3153 2281 3210 2332 et
3257 2275 3368 2332 met
3399 2275 3675 2332 comedet:
3711 2291 3820 2330 αη-

2163 2374 2392 2439 tequam
2413 2368 2549 2422 sciat
2577 2368 2713 2438 ipse,
2747 2375 2843 2423 aut
2869 2367 3162 2438 praeligat
3185 2366 3356 2436 mala,
3390 2367 3560 2439 eliget
3589 2365 3816 2420 bonum.

2163 2457 2357 2513 Utitur
2413 2455 2625 2528 puerili
2682 2456 2811 2512 cibo
2865 2455 3212 2511 Emmanuel
3262 2459 3502 2527 propter
3554 2468 3814 2521 carnem,

2163 2563 2376 2618 nempe
2405 2546 2612 2619 butyro
2644 2550 2701 2602 et
2755 2545 2946 2602 melle.
3007 2547 3074 2602 Et
3120 2550 3340 2613 tamen,
3377 2545 3507 2600 licet
3554 2543 3615 2598 in
3655 2547 3812 2599 statu

2163 2636 2422 2692 infantili
2448 2638 2828 2704 constitutus,
2861 2653 2965 2709 per
2991 2636 3422 2693 inhabitantem
3455 2635 3514 2690 in
3547 2651 3610 2690 se
3629 2633 3815 2689 virtu-

2161 2729 2281 2783 tem
2313 2728 2468 2784 530
2503 2727 2806 2795 bonitatis,
2853 2732 2987 2784 ante
3040 2732 3334 2786 maturam
3383 2726 3817 2799 perfectamque

2163 2820 2414 2884 aetatem,
2448 2822 2512 2872 ut
2544 2817 2878 2889 reprobabit
2907 2816 3587 2889 nequitiam,itabonum
3620 2813 3816 2886 eliget.

2164 2909 2352 2972 Quare
2383 2911 2595 2963 natura
2625 2912 2826 2962 nostra
2856 2906 3032 2962 habet
3074 2906 3362 2979 aequalem
3395 2906 3466 2961 ad
3501 2910 3822 2974 utrumque

2164 2997 2641 3068 propensionem,
2677 3002 2735 3052 et
2764 3014 2916 3069 saepe
2961 2997 3200 3068 quidem
3233 2997 3304 3051 ad
3365 2993 3608 3061 malum,
3668 3009 3820 3064 saepe

2157 3103 2291 3143 vero
2323 3088 2394 3142 ad
2426 3087 2646 3143 bonum
2707 3103 2942 3158 quoque
2997 3086 3274 3156 deﬂectit,
3311 3084 3817 3157 quemadmodum

2165 3175 2227 3230 ﬁt
2258 3177 2316 3230 in
2350 3181 2588 3242 statera,
2623 3180 2792 3233 modo
2824 3177 3172 3232 demittente
3215 3193 3276 3231 so
3308 3175 3506 3231 anima
3539 3175 3612 3229 ad
3645 3172 3818 3228 vitio-

2163 3282 2259 3321 sas
2289 3265 2776 3337 turbulentaeque
2807 3265 3165 3334 affectiones,
3229 3265 3400 3320 modo
3430 3264 3701 3320 eamdem
3735 3265 3818 3317 at-

409 3349 649 3422 κομένης
677 3348 762 3404 ἐπὶ
792 3351 854 3406 τὸ
884 3350 1116 3427 βέλτιον.
1152 3351 1313 3408 Ἀλλ’
1344 3352 1472 3428 οὐχὶ
1520 3353 1609 3408 καὶ
1661 3353 1688 3408 6
1721 3353 1916 3426 Κύριος
1962 3350 2052 3406 οὕ-

2171 3354 2434 3412 trahents
2474 3355 2699 3411 ratione
2731 3356 2800 3410 ad
2835 3354 3067 3410 melius.
3092 3358 3166 3409 At
3195 3355 3480 3410 Dominus
3498 3370 3613 3408 non
3647 3353 3813 3420 item,

406 3457 539 3500 τως⁶
570 3437 696 3494 ἀλλ’
726 3442 759 3508 ἡ
792 3441 924 3515 πρὸς
965 3442 1027 3496 τὸ
1073 3442 1266 3519 ἀγαθὸν
1307 3444 1474 3497 αὐτοῦ
1506 3445 1615 3514 (94)
1651 3442 1922 3506 οῗκείωσις
1970 3441 2054 3497 εὐ-

401 3524 494 3590 θὺς
544 3526 604 3582 ἐκ
651 3528 876 3603 πρώτης
921 3529 1178 3605 γενέσεως
1231 3530 1550 3609 διεφαίνετο.
1581 3531 1640 3585 Τί
1689 3532 1790 3607 γὰρ
1821 3533 2053 3607 γέγραπ-

399 3634 529 3684 ται;
579 3618 706 3671 "01'.
756 3618 891 3693 Πρὶν
942 3618 978 3688 ἢ
1023 3624 1222 3694 γνῶναι
1297 3620 1454 3675 αὐτὸν
1499 3620 1534 3689 ἢ
1587 3620 1910 3696 προελέσθαι
1961 3640 2057 3674 πο-

404 3704 570 3780 νηρὰ,
603 3704 874 3779 έκλέξεται
927 3709 990 3763 τὸ
1049 3709 1268 3784 ἀγαθόν.
1329 3708 1682 3782 Ἀναδραμὼν
1741 3709 1797 3764 δὲ
1855 3707 1941 3764 ἐπὶ
1988 3709 2057 3763 τὰ

399 3792 453 3848 ἐν
487 3794 696 3850 Γενέσει
729 3799 1082 3872 γεγραμμένα
1111 3799 1233 3872 περὶ
1289 3804 1386 3853 τοῦ
1433 3804 1680 3874 γνωστοῦ
1735 3799 1910 3855 καλου
1965 3797 2054 3853 καὶ

400 3889 674 3958 πονηροῦ,
703 3885 952 3958 εὑρήσεις
982 3887 1092 3942 ἐκεῖ
1129 3890 1229 3957 τὴν
1275 3889 1382 3963 πρὸ
1421 3895 1522 3957 τῆς
1568 3889 1838 3962 ἁμαρτίας
1892 3889 2055 3942 κατά-

402 3993 584 4028 στασιν
636 3979 734 4029 τοῦ
765 3974 947 4048 Ἀδὰμ
993 3976 1379 4052 παραπλησίαν
1440 3976 1600 4032 οὖσαν
1651 3983 1718 4051 τῇ
1777 3983 1866 4032 νῦν
1924 3977 2055 4032 ἀνα-

403 4063 804 4140 γεγραμμένῃ·
840 4064 922 4120 ὅτι
986 4066 1037 4121 έν
1100 4067 1288 4141 ἀγνοίᾳ
1349 4068 1418 4136 ἦν
1469 4072 1564 4122 τοῦ
1623 4071 1866 4143 πονηροῦ
1923 4067 2059 4122 κατὰ

395 4157 614 4226 πεῖραν.
645 4161 740 4208 Διο
789 4161 882 4208 καὶ
933 4157 960 4211 6
1010 4156 1214 4232 Κύριος
1256 4157 1306 4211 ἐν
1345 4157 1436 4230 μὲν
1465 4159 1533 4229 τῇ
1562 4155 1789 4230 παιδικῇ
1823 4154 2054 4220 διαθέσει

395 4239 458 4294 τὸ
491 4239 742 4316 ἀκέραιον
802 4243 892 4298 καὶ
940 4242 1184 4319 ἄτρωτον
1245 4244 1322 4300 ἔτι
1371 4251 1468 4300 τοῦ
1499 4244 1678 4320 Ἀδὰμ
1719 4246 2050 4320 ἐμιμήσατο’

400 4328 450 4384 ἐν
486 4327 543 4385 δὲ
584 4336 664 4404 τῷ
697 4333 901 4396 ἀθετεῖν
933 4335 1031 4404 τὴν
1064 4335 1353 4410 πονηρίαν,
1387 4337 1484 4406 τήν
1527 4334 1586 4392 ἐκ
1629 4343 1729 4407 τῆς
1773 4339 2056 4411 παρακοῆς

396 4421 747 4494 παρανομίαν
782 4419 1219 4500 ἐπηνωρθώσατο
1250 4428 1384 4500 (95).

470 4601 598 4659 203.
633 4598 794 4662 Ἀλλ’
823 4599 1028 4678 έπάξεέ,
1082 4603 1269 4686 φησὶν,
1323 4606 1350 4664 6
1391 4607 1516 4672 Θεὸς
1567 4606 1655 4664 ἐπὶ
1713 4610 1790 4679 σέ,
1822 4606 1912 4665 καὶ
1961 4606 2051 4666 ἐπὶ

399 4689 491 4744 τὸν
548 4687 680 4747 λαόν
736 4715 854 4766 σου,
904 4697 994 4751 καὶ
1050 4696 1138 4752 ἐπὶ
1197 4698 1286 4753 τὸν
1338 4700 1494 4760 οἶκον,
1543 4703 1640 4755 τοῦ
1698 4699 1902 4777 πατρός
1958 4720 2052 4755 σου

396 4780 659 4854 ἡμέρας,
735 4782 791 4838 αἳ
890 4782 1044 4840 οὔπω
1151 4786 1394 4862 ἥκασιν,

393 4867 639 4946 Ἐφραὶμ
695 4871 800 4927 ἀπὸ
856 4871 1056 4949 Ἰούδα,
1113 4877 1206 4932 τὸν
1277 4867 1531 4935 Βασιλέα
1579 4884 1686 4934 τῶν
1734 4867 2051 4956 Ἀσσυρίων.

2165 3445 2267 3500 sed
2298 3461 2364 3500 ea
2395 3461 2574 3516 quam
2593 3461 2726 3500 cum
2757 3445 2907 3500 bono
2939 3443 3148 3499 habuit
3172 3443 3544 3500 necessitudo
3568 3441 3815 3498 statima

2164 3527 2355 3607 primo
2386 3538 2514 3589 ortu
2542 3533 2986 3606 apparuit.Quid
3007 3533 3163 3589 enim
3187 3533 3474 3605 scriptum
3495 3535 3586 3588 est
3608 3532 3812 3587 Mule-

2165 3641 2329 3696 quam
2359 3625 2497 3679 sciat
2543 3626 2680 3693 ipse,
2738 3627 2834 3678 aut
2859 3624 3162 3696 prseeligat
3190 3624 3359 3691 mala,
3392 3624 3561 3692 eliget
3591 3622 3810 3677 bonum.

2166 3712 2327 3777 Quod
2361 3710 2409 3766 si
2443 3729 2709 3766 recurras
2738 3712 2811 3767 ad
2843 3727 2911 3766 ea
2940 3727 3067 3782 quas
3098 3711 3159 3766 in
3184 3711 3393 3767 Genesi
3416 3710 3636 3782 scripta
3674 3714 3815 3765 sunt

2166 3801 2237 3856 de
2267 3800 2516 3856 scientia
2548 3801 2684 3856 boni
2715 3805 2771 3856 et
2803 3799 2940 3855 mali
2972 3801 3032 3870 ⁸;
3065 3800 3186 3856 illic
3218 3799 3470 3872 reperies
3493 3799 3814 3869 statum,in

2165 3905 2280 3960 quo
2313 3889 2543 3960 positus
2574 3890 2683 3944 fuit
2713 3891 2972 3945 Adamus
3003 3894 3136 3945 ante
3170 3894 3494 3962 peccatum,
3543 3889 3595 3944 ei
3635 3888 3817 3945 statui

2166 3979 2266 4051 qui
2299 3995 2456 4034 nunc
2488 3978 2842 4034 describitur
2895 3979 3262 4035 consimilem
3323 3996 3471 4048 esse,
3518 3980 3815 4052 siquidem

2167 4067 2388 4124 malum
2421 4068 2732 4140 ignorabat
2779 4074 2978 4140 utpote
3009 4069 3153 4125 illud
3189 4087 3304 4126 non
3335 4074 3630 4142 expertus.
3663 4069 3816 4132 Qua-

2165 4163 2403 4230 propter
2428 4163 2486 4213 et
2514 4158 2824 4224 Dominus,
2859 4175 2993 4214 cum
3025 4159 3084 4214 in
3116 4159 3323 4215 habitu
3357 4159 3592 4231 quidem
3625 4158 3819 4214 adhuc

2163 4247 2375 4319 puerili
2407 4247 2845 4314 consisteret,id
2880 4249 3034 4320 quod
3064 4249 3125 4302 in
3155 4249 3380 4304 Adamo
3411 4265 3626 4321 purum
3649 4265 3818 4304 man-

2164 4341 2321 4393 serat
2343 4343 2398 4394 et
2429 4338 3255 4410 incorruptum,imitatusest:
3290 4355 3425 4395 cum
3454 4356 3589 4396 vero
3619 4355 3815 4412 repro-

2162 4425 2324 4483 bavit
2352 4427 2706 4500 nequitiam,
2737 4427 3112 4487 violationem
3141 4428 3291 4501 legis
3344 4445 3414 4486 ex
3443 4428 3819 4486 contumacia

2161 4523 2394 4592 partem
2425 4519 2776 4576 emendavit.

2231 4611 2358 4668 203.
2388 4611 2566 4668 Vens.
2619 4612 2704 4666 17.
2728 4609 2852 4681 Sed,
2901 4609 3115 4683 inquit,
3175 4609 3403 4667 adducet
3457 4610 3598 4666 Deus
3650 4624 3816 4683 super

2163 4710 2236 4773 te,
2256 4711 2306 4758 et
2335 4718 2496 4773 super
2520 4701 2789 4774 papulum
2828 4703 3065 4771 tuum,et
3083 4715 3252 4772 super
3277 4699 3496 4756 domum
3524 4701 3705 4772 patris
3731 4700 3816 4754 iui

1476 4790 1565 4868 ἀφ’
1656 4793 1694 4860 ἥ
1699 4811 1724 4852 ς
1809 4759 2049 4868 Ιἀφεῖλεν

2171 4759 2296 4862 dies,
2329 4759 2427 4864 qui
2445 4759 2677 4848 necdum
2704 4759 3006 4859 venerunt,
3040 4806 3110 4846 ea:
3137 4759 3241 4862 quo
3271 4791 3499 4847 abstulit
3524 4759 3815 4862 .Ephraim

2165 4898 2201 4937 α
2226 4881 2389 4950 Iuda,
2419 4898 2600 4954 regem
2637 4882 3011 4954 Assyriorum.
3061 4880 3360 4936 Sententia
3415 4881 3536 4936 haec
3589 4879 3813 4953 signiﬁ-

463 4969 506 5005 ⁸⁸
530 4970 660 5025 Lev.
695 4974 880 5039 x11,2.
921 4975 966 5010 θ’
1001 4977 1144 5033 Gen.
1177 4995 1240 5047 ιι,
1271 4979 1326 5034 7.
1361 4979 1427 5034 ίΙ
1461 4981 1585 5034 Cor.
1619 4997 1715 5050 xv,
1747 4981 1834 5036 47.
1869 4981 2226 5051 ’_Rom.vm,
2261 4981 2314 5036 3.
2348 4981 2370 5014 ³
2399 4985 2542 5036 Gen.
2575 4998 2640 5048 II,
2677 4982 2780 5047 17;
2815 4997 2899 5051 III,
2928 4981 2965 5034 2
2996 4997 3124 5052 sqq.

459 5069 573 5148 (91)
597 5069 786 5148 _Editi,
819 5071 1094 5148 περὶτοῦ.
1119 5078 1200 5148 At
1247 5077 1304 5132 in
1328 5094 1476 5148 mss.
1529 5079 1694 5134 deest
1741 5079 2046 5135 articulus.

397 5141 770 5234 glandim-155s
996 5148 1134 5234 γυνὴ
1168 5146 1292 5234 ἥτις
1321 5147 1400 5206 ἑά.
1538 5169 1700 5234 Διιιενθ.
1752 5169 1874 5220 sex,
1902 5149 2054 5234 “ita;

393 5214 476 5298 ξίν.
511 5214 772 5273 Subinde
803 5214 968 5288 editi,
1010 5214 1147 5294 ’τὲκῄ
1178 5214 1390 5295 ἄρσενα.
1449 5221 1685 5280 Veteres
1739 5214 2053 5293 sex'libri,

394 5300 458 5359 αρ
475 5303 583 5359 σεν,

475 5357 586 5427 (92)
620 5358 837 5441 Totum
866 5363 1036 5441 illud,
1081 5363 1167 5418 καὶ
1203 5363 1378 5441 *μετὰη
1413 5365 1486 5441 τὸ-
1530 5366 1771 5441 γενέσθαι
1831 5387 2058 5440 μητερα,

397 5423 777 5513 ἔτιοπαρθένος
811 5423 1165 5508 διαμένουσα,
1199 5423 1257 5492 in
1291 5435 1416 5492 suis
1456 5423 1915 5513 duobuszeg‘iis
1964 5423 2058 5496 60:

403 5499 636 5582 dicit-ius
668 5505 871 5582 deesse
902 5499 1206 5582 annotavit
1236 5515 1478 5567 Ducasus
1512 5529 1524 5567 :
1589 5513 1688 5568 sed
1752 5499 1853 5568 has
1892 5529 2061 5569 voces

405 5573 742 5659 additasex
763 5580 1027 5659 Anglicis
1058 5583 1241 5659 fuisse
1269 5583 1545 5659 is,_quem
1579 5586 1776 5659 modo
1803 5585 1949 5659 dixi,
1972 5586 2062 5639 vir

408 5650 804 5727 peritissimus
833 5652 1168 5727 admonuit.
1193 5650 1716 5727 Nec—dissimulare
1739 5655 1896 5725 licet,
1938 5657 2062 5711 haec

409 5720 541 5788 ipsa
561 5720 758 5790 verba,
795 5726 860 5778 ut
886 5722 947 5779 in
979 5723 1174 5782 Ducwi
1197 5725 1518 5794 codicibus,
1551 5727 1632 5784 ita
1661 5720 1894 5800 quoque
1921 5732 1980 5785 et
2001 5729 2062 5783 in

2161 5079 2379 5135 nostris
2410 5079 2687 5136 omnibus
2714 5078 3060 5135 desiderari.
3084 5079 3153 5134 Et
3177 5077 3576 5134 hicobservari
3607 5081 3816 5150 potest,

2169 5152 2324 5222 quod
2368 5153 2438 5206 de
2469 5151 2807 5208 vulturibus
2840 5153 3041 5207 statim
3076 5151 3314 5217 dicitur,
3366 5150 3473 5206 hoc
3505 5150 3661 5206 idem
3701 5154 3760 5205 et
3789 5167 3824 5204 a

2168 5222 2383 5279 Basilio
2413 5225 2576 5351 23m.
2610 5227 2644 5280 8
2675 5227 2734 5281 in
2765 5227 3023 5287 Hexaem,
3055 5223 3192 5290 dici,
3252 5229 3308 5278 et
3339 5224 3410 5278 ab
3441 5223 3670 5280 IEliano
3715 5222 3820 5278 lib.

2168 5312 2230 5351 ιι.
2250 5312 2376 5351 can.
2486 5339 2499 5351 .

2168 5312 2230 5352 ll.
2250 5312 2376 5352 can.
2413 5312 2499 5352 40.

2215 5313 2376 5439 ’(ίὲίῧῗ.
2413 5313 2662 5440 (Acutiqui
2711 5372 2830 5440 tres
2875 5365 3042 5440 libri,
3102 5361 3539 5438 ἀπορῥεπούσης.
3600 5365 3823 5423 Ibidem

2170 5435 2417 5511 uterque
2440 5435 2733 5511 Colb.,_éni
2755 5441 2852 5491 τοῦ
2875 5435 3066 5510 λόγου.

2243 5503 2354 5582 (94)
2385 5511 2558 5580 Editi,
2592 5503 2774 5563 αὐτοῦ.
2806 5512 2880 5564 At
2911 5503 3011 5564 sex
3042 5523 3211 5582 mss.,
3243 5503 3415 5582 αὐτῷ,

2247 5577 2355 5654 (95)
2390 5577 2625 5654 Εόᾕῐὶἐῐ
2657 5581 2917 5654 quinque
2949 5597 3119 5649 mss.,
3170 5577 3629 5651 ἐπανωρθώσατο.
3683 5583 3824 5649 Reg.

2176 5651 2443 5727 quartus,
2475 5651 2930 5727 ἐπηνωρθώσατο.
