4138 6394
324 371 435 433 471

1279 374 1671 436 APPENDlX
1715 371 2037 435 OPERUM
2085 372 2153 435 S.
2197 372 2480 437 BASILll
2525 372 2796 435 MAGNI.

3631 375 3750 436 472

326 505 462 558 tura
483 503 650 559 estin
679 504 915 577 regione
951 506 1206 576 ubertas,
1236 510 1297 561 ut
1331 523 1506 563 vacca
1558 523 1675 561 una
1732 511 1789 560 ct
1846 520 1978 558 oves

2116 502 2389 564 ινάπαυσις
2420 507 2498 575 τῷ
2529 499 2751 575 Ἰσραὴλ
2786 498 3028 576 ῥυσθέντι
3087 501 3192 556 ἀπὸ
3225 508 3324 572 τῆς
3355 499 3748 578 αἰχμαλωσίας

332 592 458 647 duas
473 595 796 665 possessori
814 611 919 651 suo
936 596 1052 651 sint
1073 597 1531 669 suppeditatum
1548 596 1714 651 Iactis
1733 594 1957 666 ecpiam
1970 635 1983 661 ,

331 681 413 737 ita
444 687 511 737 ut
534 682 729 755 butyri
756 685 1178 741 abundantiam
1214 686 1285 741 ob
1318 685 1375 740 id
1427 685 1658 751 habeat,
1681 685 1832 756 quod
1860 701 1986 739 om-

332 786 439 826 nes
469 775 637 826 terrae
670 772 831 829 illius
868 774 1070 830 incolas
1117 775 1330 846 butyro
1401 774 1700 830 nutriendi
1758 774 1876 829 sint
1933 776 1989 828 ct

334 858 526 917 melle.
560 863 832 919 Fortasse
856 868 1053 920 autem
1078 864 1266 937 magis
1294 865 1577 921 condecet
1599 880 1775 919 sensu
1800 861 1987 918 subli-

334 949 866 1023 mioreintelligere
887 953 1138 1009 traditas
1171 954 1241 1009 de
1273 953 1634 1010 animalibus
1666 952 1984 1009 doctrinas.

335 1037 484 1093 Nam
516 1037 727 1096 horum
758 1042 1066 1098 verborum
1095 1043 1238 1112 loco,
1264 1044 1533 1099 Enutriet
1578 1043 1990 1115 unusquisque

336 1127 600 1184 animum
625 1128 844 1187 laboris
873 1131 1304 1204 tolerantem,et
1333 1131 1702 1205 agricultura:
1734 1132 1989 1204 peritum

339 1232 405 1271 ac
435 1217 791 1291 studiosum,
824 1220 970 1276 dixit
999 1238 1242 1290 vaccam,
1276 1223 1492 1278 animal
1548 1222 1790 1288 scilicet,
1832 1221 1988 1293 quod

342 1304 747 1377 agricolationi
779 1309 1058 1366 idoneum
1091 1317 1430 1384 est,nosque
1453 1313 1624 1384 juvat
1648 1329 1661 1367 :
1687 1315 1864 1383 atque
1887 1326 1989 1382 pro

344 1395 605 1453 moribus
636 1398 1374 1475 placidis,mansuetisque
1404 1406 1461 1457 et
1487 1400 1993 1468 liberalibus,oves

345 1501 449 1558 per
478 1486 923 1545 translationem
956 1490 1118 1546 dixit.
1146 1491 1558 1561 Quamobrem,
1621 1497 1687 1547 ut
1752 1491 1825 1547 ab
1883 1488 1994 1544 hoc

347 1575 588 1631 animali
607 1576 940 1635 indumenti
960 1580 1131 1635 nobis
1148 1580 1393 1636 materia
1423 1580 1786 1653 suppetit,ita
1816 1578 1996 1633 virtu-

345 1665 424 1720 tis
454 1666 672 1722 amictu
700 1669 1058 1739 optimorum
1094 1686 1465 1743 quorumque
1503 1670 1621 1724 vita
1651 1670 1800 1725 solet
1829 1685 1995 1724 exor-

347 1752 497 1807 nari.
522 1752 808 1817 Quoniam
840 1756 1025 1827 igitur
1054 1760 1311 1814 nutritur
1343 1758 1638 1831 spirituali
1697 1758 1893 1823 modo,
1940 1761 1999 1812 et

346 1841 688 1911 adornatur,
721 1853 1028 1917 propterea
1054 1848 1275 1904 nutriet
1305 1864 1537 1903 vaccam
1570 1852 1628 1904 et
1657 1863 1793 1903 oves
1823 1848 1992 1903 duas.

346 1929 629 2004 Butyrum
663 1938 719 1989 et
749 1935 863 1990 mel
893 1936 1149 2008 appellat
1165 1954 1231 1992 ea
1252 1954 1381 2009 qua:
1398 1939 1467 1993 ad
1495 1938 1750 1993 divinam
1783 1936 1995 1993 doctri-

346 2036 484 2076 nam
516 2021 902 2080 introducunt
924 2026 1671 2100 documenta.Quapropter
1697 2027 1998 2085 destinan-

345 2112 446 2164 tur
474 2110 752 2184 butyrum
784 2117 843 2169 et
873 2113 988 2171 mel
1020 2116 1089 2171 ad
1115 2115 1370 2189 primum
1404 2116 1665 2173 hominis
1694 2118 1891 2174 cibum
1921 2122 2005 2174 :at

354 2199 454 2254 ubi
486 2199 578 2256 his
611 2202 755 2258 satis
777 2204 1071 2261 enutritus
1102 2209 1210 2278 est,
1243 2222 1311 2262 ac
1332 2206 1638 2263 elementis
1661 2207 1868 2280 primis
1897 2208 2008 2262 im-

354 2287 538 2345 butus
568 2290 700 2358 fuit,
735 2300 873 2349 tunc
901 2293 1170 2366 superior
1196 2295 1446 2351 terrenis
1475 2295 2010 2367 eﬂ‘ectus,alimenti

359 2376 655 2435 solidioris
682 2381 1105 2455 ampliorisque
1136 2388 1194 2441 et
1224 2384 1362 2441 viris
1408 2385 1571 2459 digni
1634 2386 1866 2441 iuturus
1924 2389 2015 2441 est

365 2467 821 2539 particeps,cum
842 2473 1106 2528 studium
1131 2491 1306 2530 suum
1330 2472 1660 2547 disciplinis
1692 2473 2016 2547 spirituali-

367 2555 480 2611 bus
498 2555 819 2629 impertiat.

2094 589 2336 666 γένηται,
2389 592 2640 665 ἀτιμωθῇ
2692 588 2750 645 δὶ
2796 590 2823 645 ὁ
2872 585 3245 647 ἐπιϐουλεύων
3284 593 3435 666 αὐτῷ
3469 589 3747 668 βασιλεὺς,

2096 683 2406 756 γυμνωθεὶς
2441 682 2542 735 ὑπὸ
2587 684 2683 735 τοῦ
2726 680 3142 755 μεμισθωμένου
3195 681 3375 753 ξυροῦ·
3409 680 3552 749 τότε,
3587 681 3746 757 φησὶ,

2095 771 2330 842 τοσαύτη
2381 772 2514 826 κατὰ
2571 771 2669 839 τὴν
2737 771 2924 847 χώραν
2974 770 3227 846 εὐετηρία
3271 773 3383 847 (11)
3432 772 3745 847 γενήσεται,

2099 860 2237 915 ὥστε
2283 860 2403 933 μίαν
2456 857 2691 932 δάμαλιν
2733 859 2821 914 καὶ
2873 857 2969 915 δύο
3015 856 3263 935 πρόϐατα
3308 865 3387 934 τῷ
3425 859 3749 934 κεκτημένῳ

2098 946 2323 1023 δαψιλὲς
2354 954 2616 1026 χορηγεῖν
2642 949 2705 1004 τὸ
2737 948 2882 1024 γάλα
2954 948 3092 1005 ὥστε
3140 947 3286 1027 ἔχειν
3319 950 3480 1006 αὐτὸν
3527 970 3751 1025 περιου-

2099 1038 2215 1094 σίαν
2252 1038 2540 1115 βουτύρου,
2574 1036 2662 1093 διὰ
2708 1040 2770 1094 τὸ
2817 1040 3018 1102 πάντας
3066 1039 3192 1102 τοὺς
3225 1043 3608 1102 κατοικοῦντας
3659 1038 3748 1093 ἐπὶ

2096 1134 2194 1198 τῆς
2249 1133 2352 1204 γῆς
2420 1126 2670 1204 βουτύρῳ
2717 1127 2807 1184 καὶ
2880 1127 3060 1201 μέλιτι
3102 1127 3424 1207 τρέφεσθαι.
3485 1129 3646 1204 Τάχα
3697 1125 3757 1183 δὲ

2101 1218 2522 1293 εὐπρεπέστερον
2561 1214 2927 1293 ὑψηλοτέριιις
2976 1216 3200 1281 ἐννοίαις
3231 1220 3325 1280 τὰς
3356 1217 3480 1295 περὶ
3512 1222 3620 1272 τῶν
3656 1217 3756 1288 ζώ-

2101 1328 2175 1362 ων
2204 1303 2557 1371 διδασκαλίας
2587 1304 2924 1382 ἐκδέχεσθαι.
2979 1305 3126 1364 Ἀντὶ
3157 1306 3260 1383 γὰρ
3291 1312 3387 1362 τοῦ
3421 1306 3589 1362 εἰπεῖν
3620 1310 3753 1380 (12),

2102 1395 2184 1451 δτι
2217 1394 2408 1473 Θρέψει
2455 1393 2680 1458 ἕκαστος
2711 1399 2772 1451 τὸ
2824 1394 3119 1475 φιλόπονον
3179 1396 3267 1451 καὶ
3308 1396 3604 1473 γεωργικὸν
3650 1403 3750 1467 τῆς

2102 1490 2330 1562 ψυχῆς,
2393 1482 2631 1559 δάμαλιν
2684 1485 2835 1556 εἶπε,
2886 1486 2947 1541 τὸ
2999 1487 3295 1562 γεωργικὸν
3347 1486 3439 1541 καὶ
3496 1486 3748 1561 συνεργὸν

2102 1578 2239 1647 ἡμῖν
2302 1580 2457 1644 ζῶον·
2508 1575 2598 1630 καὶ
2653 1574 2769 1630 ἀντὶ
2811 1579 2909 1630 τοῦ
2958 1574 3170 1652 ἡμέρου
3217 1576 3304 1630 καὶ
3343 1574 3616 1640 ἐπιεικοῦς
3662 1575 3755 1631 καὶ

2105 1661 2471 1738 εὐμεταδότου
2500 1662 2691 1734 ἤθους,
2724 1659 2970 1740 πρόϐατα
3020 1669 3296 1740 τροπικῶς
3325 1665 3758 1742 προσηγόρευσε.

2106 1754 2275 1826 Διότι,
2331 1752 2512 1829 ὥσπερ
2572 1754 2676 1809 ἀπὸ
2720 1756 2833 1828 (13)
2880 1758 2978 1809 τοῦ
3028 1758 3170 1823 ζώου
3218 1755 3417 1809 τούτου
3447 1757 3482 1825 ἡ
3514 1754 3623 1826 ὕλη
3656 1762 3763 1824 τῆς

2108 1842 2311 1913 σκέπης
2358 1846 2495 1916 ἡμῖν
2548 1843 2801 1920 ὑπάρχει,
2850 1842 3023 1906 οίὶτως
3066 1842 3173 1899 ἀπὸ
3208 1840 3306 1913 τῆς
3338 1844 3474 1899 κατὰ
3500 1845 3602 1914 τὴν
3633 1844 3760 1921 ἀρε-

2104 1935 2204 2003 τήν
2230 1927 2534 2008 περιϐολῆς
2563 1935 2598 2002 ἡ
2635 1933 2748 2002 ζωὴ
2778 1937 2886 1987 τῶν
2938 1930 3246 1988 σπουδαίων
3296 1935 3763 2007 κατακοσμεῖσθαι

2108 2025 2362 2102 πέφυκεν.
2412 2022 2561 2078 Ἐπεὶ
2613 2022 2706 2077 οὗν
2752 2022 2842 2077 καὶ
2894 2023 3146 2100 τρέφεται
3196 2027 3581 2095 πνευματικῶς
3607 2066 3622 2092 ,
3669 2024 3764 2079 καὶ

2110 2110 2468 2187 κεκόσμηται,
2521 2107 2610 2167 διὰ
2656 2116 2818 2167 τοῦτο
2879 2110 3061 2188 θρέψει
3110 2110 3349 2186 δάμαλιν
3376 2110 3465 2168 καὶ
3498 2111 3596 2167 δύο
3625 2113 3769 2188 πρό-

2117 2197 2272 2258 ϐατα.
2321 2199 2588 2275 Βούτυρον
2638 2201 2726 2256 καὶ
2766 2198 2893 2274 μέλι
2940 2200 3007 2256 τὰ
3034 2199 3365 2277 είσαγωγικδι
3388 2200 3465 2263 είς
3492 2202 3593 2271 τὴν
3624 2201 3767 2257 θείαν

2121 2289 2474 2347 διδασκαλίαν
2530 2287 2833 2367 διδάγματα
2890 2289 3062 2366 λέγει.
3117 2289 3265 2345 Διότι
3316 2294 3534 2368 πρῶτον
3566 2292 3772 2367 ἀνθρώ-

2121 2400 2229 2435 που
2277 2381 2452 2458 τροφή
2507 2378 2769 2455 βνύτυρον
2816 2379 2906 2435 καὶ
2952 2378 3079 2453 μέλι
3128 2377 3489 2451 ἐπινενόηται·
3545 2381 3667 2435 ὅταν
3714 2377 3773 2435 δὲ

2126 2468 2339 2533 τούτοις
2398 2468 2679 2544 αὐτάρκως
2734 2472 2913 2548 τραφῇ
2944 2514 2960 2541 ,
3028 2469 3163 2543 μετὰ
3215 2470 3280 2525 τὸ
3338 2471 3777 2547 στοιχειωθῆναι,

2127 2559 2251 2615 τότε
2304 2554 2537 2636 ὑπερϐὰς
2564 2558 2631 2614 τὰ
2658 2557 2745 2613 ἰπὶ
2776 2566 2878 2629 τῆς
2927 2565 3052 2636 γῆς,
3103 2560 3467 2636 στερεωτέρας
3515 2560 3607 2616 καὶ
3660 2559 3781 2634 μεί-

369 2646 525 2710 ζονος
551 2645 642 2700 καὶ
674 2643 896 2723 ἀνδράσι
931 2651 1043 2723 (14)
1072 2648 1389 2725 πρεπούσης
1417 2658 1626 2729 τροφῆς
1658 2650 2053 2726 μεταλήψεται,
2082 2654 2199 2711 τοῖς
2228 2654 2617 2722 πνευματικοῖς
2654 2650 2967 2722 μαθήμασιν
3000 2649 3188 2704 ἑαυτὸν
3220 2646 3461 2714 ἐπιδούς.

350 2839 355 2847 .
433 2764 559 2819 205.
594 2763 984 2821 Vans.23-25.
1017 2768 1080 2823 Et
1111 2769 1221 2825 crit
1267 2770 1327 2825 in
1384 2769 1473 2825 die
1530 2769 1659 2840 illa,
1718 2772 1893 2827 omnis
1940 2768 2017 2826 lc-

359 2868 457 2910 cu:
479 2854 575 2908 ubi
600 2854 817 2927 fuerint
844 2857 998 2912 mille
1027 2860 1228 2929 vineae,
1260 2859 1418 2916 milia
1447 2859 1803 2927 :iclorum,in
1834 2859 2015 2915 deser-

362 2950 482 2998 tum
509 2953 693 3011 erunt,
725 2952 777 3000 et
806 2946 865 3001 in
891 2946 1131 3017 spinam.
1168 2946 1303 3002 Cum
1331 2950 1551 3019 sagilla
1583 2958 1634 3005 et
1661 2964 1797 3004 arcu
1827 2951 2015 3018 ingre-

359 3031 594 3088 diantur
622 3034 778 3104 illuc,
811 3037 1076 3107 quoniam
1105 3036 1373 3093 desertum
1402 3041 1453 3094 et
1480 3038 1639 3110 spina
1670 3040 1781 3094 erit
1835 3040 2016 3094 omnis

360 3127 533 3189 terra,
558 3125 611 3178 et
641 3125 819 3180 omnis
846 3142 1005 3182 mons
1035 3131 1229 3182 aratas
1257 3127 1531 3184 arabitur.
1582 3128 1703 3183 Non
1757 3144 2013 3201 superve-

360 3212 481 3267 niet
509 3211 647 3269 illuc
679 3215 868 3271 (imor.
905 3216 1021 3271 Erit
1058 3220 1205 3273 enim
1232 3233 1355 3288 prae
1409 3216 1708 3273 solitudine
1762 3222 1811 3273 et
1848 3220 2015 3288 spina

358 3300 628 3371 pabulum
649 3304 791 3375 ovis,
823 3311 873 3360 et
902 3307 1239 3362 conculcaiio
1297 3306 1466 3362 bovis.
1528 3308 1823 3372 Quantum
1861 3311 2014 3362 certe

361 3390 486 3446 fieri
519 3393 708 3460 potuit
737 3393 799 3448 in
830 3393 976 3451 locis
1005 3396 1207 3451 arduis
1238 3401 1297 3452 et
1318 3395 1615 3453 intellectu
1649 3395 2012 3467 difﬁcilibus,

360 3476 806 3551 explicationem
840 3499 955 3538 non
987 3486 1231 3541 omnino
1255 3485 1692 3542 dissentaneam
1719 3485 2015 3543 invenisse

360 3585 469 3625 nos
490 3574 792 3641 putamus.
825 3573 972 3631 Vide
1004 3574 1211 3647 igitur,
1240 3592 1383 3632 num
1409 3576 1564 3633 circa
1594 3576 1718 3633 haec
1776 3576 2012 3634 oracula

358 3658 621 3733 excipere
641 3663 834 3734 possis
850 3663 1142 3737 ejusmodi
1167 3666 1716 3735 sensum,videlicet
1731 3666 1886 3739 quod
1911 3666 2012 3740 qui

354 3752 523 3804 erant
550 3767 621 3806 ex
650 3752 1120 3825 circumcisione,
1163 3755 1284 3811 sint
1304 3755 1467 3812 mille
1494 3756 1675 3812 vineas
1706 3755 2009 3812 siclorum.

350 3835 543 3894 Vitem
577 3857 833 3913 namque
864 3846 1168 3900 transtulit
1195 3861 1263 3901 ex
1289 3848 1626 3919 Egypto,et
1655 3846 1858 3918 ejectis
1879 3861 2015 3917 gen-

350 3925 828 4001 tibus,plantavit
857 3949 985 3989 eam
1007 3933 1028 3968 ⁸
1064 3950 1078 4003 ;
1112 3950 1239 4006 quis
1262 3934 1467 3992 multis
1499 3936 1789 3993 fructibus
1818 3935 2009 4008 primo

351 4015 566 4087 allatis,
599 4024 801 4091 postea
831 4021 1095 4096 neglecta
1124 4028 1232 4096 est,
1274 4025 1428 4097 quod
1476 4042 1755 4084 conversa
1810 4029 1899 4082 est
1948 4024 2006 4080 in

350 4108 803 4167 amaritudinem
835 4112 857 4147 ⁸
885 4128 899 4181 ;
928 4115 986 4168 et
1033 4113 1332 4170 destructa
1379 4118 1469 4171 est
1523 4116 1651 4186 ejus
1706 4131 1895 4188 sepes,
1953 4116 2010 4169 et

348 4194 503 4250 facta
532 4200 623 4253 est
651 4197 708 4253 in
732 4197 1118 4272 direptionem
1167 4201 1616 4259 transeuntibus
1644 4204 1709 4259 1°.
1731 4207 1863 4259 Haec
1893 4204 2006 4258 ita-

347 4300 462 4357 que
483 4285 665 4344 vineas
694 4286 915 4347 feraces
941 4294 1183 4347 mutatae
1212 4291 1427 4347 suntin
1463 4296 1678 4349 terram
1712 4294 2005 4349 desertam

346 4379 405 4431 et
428 4377 617 4447 spinis
645 4378 979 4436 horrentem
1015 4384 1306 4450 tum,cum
1341 4380 1570 4438 hostilis
1602 4382 1889 4439 exercitus
1913 4400 2005 4439 va-

2195 2768 2320 2823 205'
2384 2766 2485 2823 Καὶ
2542 2760 2687 2821 ἔσται
2745 2764 2798 2821 ἐν
2847 2764 2917 2841 τῇ
2978 2764 3162 2842 ἡμέρᾳ
3216 2765 3413 2843 ἐκείνῃ,
3473 2770 3579 2830 πᾶς
3607 2766 3778 2829 τόπος

2127 2856 2189 2912 οὗ
2251 2853 2339 2910 ἐὰν
2401 2856 2501 2909 ὦσι
2564 2853 2747 2931 χίλιαι
2808 2854 3090 2929 ἄμπελοι.
3148 2854 3353 2932 χιλίων
3410 2853 3637 2922 σίκλων,
3697 2854 3776 2916 είς

2126 2946 2323 3022 χέρσον
2402 2942 2653 3014 ἔσονται,
2710 2945 2800 3000 καὶ
2870 2945 2947 3008 εἷς
3006 2942 3274 3010 ἄκανθαν.
3344 2942 3493 2999 Μετᾶ
3571 2939 3770 3017 βέλους

2124 3036 2215 3091 καὶ
2287 3033 2617 3108 τοξεύματος
2705 3032 3101 3090 εἲσελεύσονται
3185 3033 3336 3090 ἐκεῖ·
3429 3031 3511 3088 ὅτι
3568 3030 3768 3109 χέρσος

2124 3124 2214 3181 καὶ
2273 3122 2472 3181 ἄκανθα
2524 3122 2668 3179 ἔσται
2726 3128 2870 3179 πᾶσα
2907 3126 2942 3195 ἡ
2998 3131 3092 3201 γῆ,
3148 3122 3238 3179 καὶ
3295 3126 3397 3178 πᾶν
3457 3120 3584 3199 ὅρος
3642 3121 3771 3195 ἆρο-

2120 3215 2425 3291 τριώμενον
2492 3215 2604 3288 (15)
2675 3214 3163 3290 ἀροτριωθήσεται.
3242 3211 3319 3271 Οὐ
3407 3212 3482 3285 μὴ
3568 3208 3775 3285 ἰπέλθῃ

2122 3304 2233 3360 έκεῖ
2290 3298 2481 3382 φόϐος.
2541 3305 2732 3361 Ἔσται
2788 3304 2888 3380 γὰρ
2945 3303 3051 3359 ἀπὸ
3107 3303 3209 3372 τῆς
3266 3304 3469 3379 χέρσου
3499 3299 3590 3356 καὶ
3622 3297 3780 3354 ἀκάν-

2122 3397 2220 3466 Θης
2298 3393 2555 3468 βόσκημα
2637 3388 2938 3469 προϐάτου,
3010 3392 3101 3448 καὶ
3170 3392 3542 3465 καταπάτημα
3622 3387 3774 3465 βοός.

2119 3485 2217 3545 ⁰Ως
2246 3504 2307 3558 γε
2335 3481 2386 3537 έν
2419 3482 2610 3544 τόποις
2663 3479 3086 3558 δυσθεωρήτοις,
3136 3480 3421 3558 ἡγούμεθα
3473 3480 3550 3554 μή
3599 3479 3773 3548 πάντη

2121 3569 2428 3644 ἀπᾴδουσαν
2477 3569 2735 3643 διήγησιν
2783 3572 3093 3648 εὐρηκέναι.
3141 3571 3280 3646 Ὅρα
3316 3568 3525 3640 τοίνυν,
3578 3566 3628 3623 εἷ’
3677 3564 3778 3621 δύ-

2120 3683 2273 3718 νασαι
2331 3661 2588 3732 τοιαύτην
2648 3659 2883 3717 διάνοιαν
2933 3660 3057 3739 περὶ
3113 3664 3221 3716 τῶν
3283 3658 3461 3736 ῥητῶν
3499 3652 3774 3733 ἐκλαϐεῖν,

2122 3753 2195 3815 ὡς
2226 3748 2327 3830 ἄρα
2377 3753 2472 3826 μὶν
2506 3751 2558 3806 οἱ
2612 3750 2672 3807 ix
2716 3759 3024 3829 περιτομῆς
3056 3752 3190 3822 ἦσαν
3224 3750 3278 3805 αἱ
3310 3748 3493 3826 χίλιαι
3526 3744 3773 3822 ἄμπελοι

2119 3841 2318 3919 χιλίων
2351 3843 2463 3915 (16)
2487 3838 2711 3899 σίκλων.
2736 3841 3012 3914 Ἄμπελον
3044 3840 3148 3916 γὰρ
3178 3838 3230 3911 ἐξ
3261 3837 3540 3915 Αἰγύπτου
3571 3843 3777 3911 μετῆρε

2118 3932 2206 3988 καὶ
2260 3926 2508 3986 ἐκϐαλὼν
2570 3924 2720 4001 ἔθνη,
2767 3929 3149 4008 κατεφύτευσεν
3177 3928 3367 4000 αὐτήνο
3425 3926 3549 3999 ἥτις
3603 3926 3771 3997 εὐθη·

2118 4023 2324 4093 νήσασα
2352 4020 2640 4095 πρότερον,
2672 4020 2891 4098 ὕστερον
2943 4018 3203 4094 ἠμελήθη
3241 4020 3353 4093 (17)
3386 4014 3474 4073 διὰ
3503 4017 3563 4072 τὸ
3614 4035 3775 4092 στρα-

2117 4117 2283 4188 φῆναι
2314 4109 2480 4181 αὐτὴν
2533 4109 2610 4174 εἷς
2660 4110 2896 4185 πικρίαν·
2943 4111 3031 4166 καὶ
3064 4108 3333 4184 καθῃρέθη
3388 4107 3482 4182 μὶν
3515 4106 3686 4175 αὐτῆς
3744 4103 3773 4158 δ

2116 4201 2392 4277 φραγμὸς,
2426 4198 2633 4277 ἐγένετο
2668 4198 2726 4255 δὲ
2756 4199 2832 4263 εἷς
2874 4197 3180 4275 διαρπαγὴν
3225 4203 3341 4260 τοῖς
3385 4214 3773 4273 παραπορευοο

2114 4288 2322 4365 μένοις.
2384 4292 2614 4346 Ἐκεῖναι
2645 4289 2820 4345 τοίνυν
2854 4290 2908 4344 αἱ
2941 4286 3181 4363 ἄμπελοι
3213 4288 3267 4342 αἱ
3297 4283 3608 4362 πολύφοροι
3649 4283 3771 4361 έγέ-

2114 4400 2269 4436 νοντο
2318 4379 2393 4442 εἷς
2442 4379 2639 4456 χέρσον
2687 4379 2775 4435 καὶ
2819 4380 2932 4454 (18)
2978 4377 3311 4443 ἀκανθῶνας,
3357 4375 3447 4431 ὅτε
3479 4374 3614 4451 μετὰ
3666 4395 3779 4448 μυ-

346 4464 545 4522 stitate
565 4466 806 4525 inducta
820 4486 950 4526 cum
976 4470 1311 4526 innumeris
1332 4470 1562 4543 sagittis
1576 4470 1823 4545 telisque
1854 4473 2003 4545 ipso:

2123 4470 2254 4547 ρίων
2293 4467 2468 4545 βελῶν
2498 4468 2589 4524 καί
2615 4469 2960 4543 τοξευμάτων
2993 4469 3021 4524 ὁ
3051 4466 3325 4541 πολέμιος
3356 4466 3545 4528 αὐτοῖς
3567 4462 3777 4534 ἐπῆλθε

344 4553 741 4613 invasit.Sunt
758 4563 953 4616 autem
978 4563 1212 4626 montes
1229 4561 1376 4616 arati
1405 4560 1543 4633 ipsas
1562 4561 1771 4617 animo
1792 4561 2007 4618 Christi

343 4642 521 4700 ﬁdem
539 4645 977 4721 amplexae,quae
992 4665 1126 4705 cum
1144 4648 1308 4722 prius
1324 4651 1568 4707 desertae
1579 4655 1844 4708 essentet
1857 4651 2007 4725 agri-

344 4733 578 4793 cultura
608 4736 926 4807 destitulaa,
949 4744 1086 4796 ante
1107 4738 1324 4796 Christi
1358 4739 1677 4797 adventum
1732 4741 2008 4813 jacebant

2119 4559 2368 4635 στρατὸς,
2398 4560 2498 4627 τήν
2532 4558 2765 4635 έρημίαν
2807 4558 3050 4634 ἐπάγων.
3099 4557 3269 4629 Ὀρηο
3292 4554 3350 4611 δὲ
3396 4551 3773 4633 ἀροτριώμενά

2118 4649 2250 4705 εἰσιν
2307 4649 2361 4704 αἱ
2408 4646 2485 4712 εἲς
2536 4650 2767 4726 Χριστὸν
2812 4650 3223 4705 πεπιστετκυῖαι
3266 4643 3463 4722 ψυχαί·
3509 4642 3774 4721 πρότερον

2121 4738 2215 4814 μὶν
2242 4735 2443 4816 ἔρημοι
2474 4738 2564 4794 καὶ
2592 4739 2952 4816 ἀγεώργητον
2999 4734 3089 4792 διὰ
3133 4738 3296 4791 τοῦτο
3351 4732 3638 4811 ἰχέρσευον
3679 4730 3776 4788 καὶ

419 4907 443 4947 ³
469 4910 626 4970 Psal.
661 4926 853 4982 uxrx,
883 4912 938 4967 9.
978 4916 1000 4951 θ
1028 4911 1246 4970 Jerem.
1275 4929 1319 4968 ιι
1344 4913 1436 4969 21.
1471 4913 1517 4951 ιο
1548 4911 1703 4970 Psal.
1733 4930 1919 4986 LXXIX,
1953 4912 2003 4970 ιε

2116 4928 2188 4970 aa.
2221 4927 2276 4986 ν,
2305 4912 2361 4968 5.

423 5081 542 5223 (11)
569 5083 809 5158 Antiqui
840 5101 941 5144 sex
970 5082 1125 5153 libri,
1178 5080 1447 5159 εὐετηρία.
1502 5083 1674 5153 Editi,
1734 5080 2003 5155 εὐετησία.

451 5153 519 5208 12
566 5155 888 5215 Verborum
920 5157 1175 5223 illorum,
1214 5154 1331 5210 ἀντὶ
1361 5155 1461 5223 γὰρ
1490 5158 1587 5210 τοῦ
1619 5155 1814 5223 εἱπεῒν,
1870 5163 2003 5223 etc.,

451 5153 536 5226 12)
566 5153 888 5230 Verborum
920 5157 1175 5223 illorum,
1214 5153 1461 5230 ἀντὶ’γὰρ
1490 5158 1587 5210 τοῦ
1619 5155 1814 5230 εἱπεῖν,
1870 5153 2006 5226 etc.,

352 5225 498 5301 base,
520 5225 593 5281 ni
620 5228 810 5301 fallor,
842 5231 1133 5287 sententia
1161 5234 1294 5284 est.:
1328 5225 1596 5285 Animum
1628 5228 1895 5286 laborum
1926 5225 2010 5285 to-

351 5296 660 5372 lsrantem,
682 5296 939 5376 appellat
964 5318 1200 5361 vaccam
1235 5319 1249 5371 ;
1284 5317 1477 5358 mores
1505 5318 1637 5358 vero
1669 5306 2010 5358 mansuetos

352 5376 522 5428 vocat
549 5389 705 5430 oves.

428 5442 538 5513 (13)
570 5445 656 5501 lta
688 5462 824 5502 mss.
850 5446 1051 5503 nostri.
1085 5451 1156 5503 At
1187 5444 1347 5509 editi,
1370 5441 1495 5513 ὑπό.

452 5516 540 5660 15)
571 5517 746 5600 Editi,
770 5516 941 5593 ἀνδρί.
968 5524 1057 5607 At,
1072 5537 1173 5576 sex
1204 5536 1371 5606 mss,
1416 5512 1659 5611 ἀνδράσι..

452 5588 517 5644 15
580 5590 737 5646 lerl
759 5597 1001 5657 veteres,
1033 5609 1460 5660 αροτριωμενον.
1495 5591 1669 5659 Ldltl,
1702 5594 1707 5660 ξ

423 5585 537 5660 (15)
580 5589 737 5646 Libri
759 5585 1001 5657 Veteres,
1033 5590 1460 5666 ἀροτριώμενον.
1495 5585 1669 5659 Editi,
1702 5585 2005 5665 ξάροτριού-

357 5679 540 5805 μιῖίέ)
569 5733 790 5790 Vocula
823 5733 917 5807 μέν
951 5734 1152 5791 addita
1179 5737 1269 5789 est
1299 5750 1367 5790 ex
1397 5737 1650 5805 quatuor
1680 5732 2004 5791 codicibus.

2118 5080 2520 5158 _Statin_1_editi,
2552 5076 2793 5156 ἄμπελοι
2825 5078 2880 5136 αἱ
2920 5075 3131 5158 χιλίαν.
3163 5080 3238 5136 At
3266 5095 3369 5137 sex
3398 5093 3569 5151 mss.,
3601 5075 3784 5150 ἄμπε-

2118 5153 2211 5211 λοι
2283 5151 2464 5211 ιλίων.
2593 5151 2604 5156 ’
2924 5151 2962 5158 ’⁷

2192 5172 2297 5299 (ὦ)
2331 5229 2393 5283 In
2427 5225 2587 5299 Colb.
2624 5225 2814 5299 primo
2845 5224 3080 5298 legitur,
3119 5218 3495 5299 μετεμελήθψ
3531 5218 3780 5299 sed_for-

2116 5289 2584 5372 tasse'suspicari
2617 5289 2933 5372 quispiam"
2967 5289 3225 5372 poterit,_
3253 5289 3393 5367 'pro'
3426 5289 3736 5372 μετεμελήθ

2117 5364 2432 5445 legendum
2464 5364 2992 5445 οεεθξμετέϐλήθη,
3033 5364 3331 5426 Translata
3376 5364 3452 5425 est
3482 5364 3666 5438 vinea,
3717 5365 3733 5419 i

2117 5444 2273 5519 quod
2310 5444 2835 5519 mpdodicebatur.
2892 5517 2938 5519 Α
3456 5507 3467 5519 ,
3519 5508 3566 5519 _.
3697 5506 3709 5519 ,

2190 5516 2297 5586 (18)
2351 5515 2525 5586 Editi,
2578 5514 2665 5569 καὶ
2720 5512 2816 5575 εἷς.
2872 5517 2968 5586 At
3000 5528 3101 5586 sex
3156 5529 3326 5586 mss.,
3375 5507 3486 5566 καί.
3519 5508 3636 5586 Nec
3694 5507 3779 5586 ita

2116 5579 2301 5643 multo
2325 5579 2631 5654 infrafubi
2660 5587 2718 5642 in
2742 5586 2917 5644 editis
2956 5584 3195 5658 legitur,
3245 5579 3653 5658 ἠροτριωμιίνα,
3711 5579 3775 5635 in

2113 5660 2411 5718 veteribus
2442 5653 2610 5718 libris
2667 5659 2954 5734 scriptum
3003 5653 3317 5732 Scriptum,
3369 5653 3774 5730 ἀροτοιώμενα.
