4138 6424
317 391 449 451 473

1152 394 1559 456 COMMENT.
1604 394 1686 456 IN
1728 391 2000 455 ISAIAM
2050 393 2559 455 PROPHETAM.
2606 394 2779 456 CAP.
2824 395 2986 456 VIII.

3644 397 3767 455 4'14

317 519 749 599 ἠκανθοφόρουν
815 522 912 597 τρὸ
967 528 1067 592 τῆς
1127 524 1363 598 Χριστοῦ
1414 522 1749 596 ἐπιδημίας·
1805 520 1991 591 ἔπιεδή

2116 525 2370 595 incultas,
2431 526 2647 582 idcirco
2697 531 2890 582 sentes
2949 543 3014 581 ac
3074 525 3243 598 pinas
3292 526 3601 592 ferebant;
3663 526 3764 582 sed

322 608 384 665 δὲ
416 610 595 680 ἦλθεν
627 610 704 674 εἰς
735 616 941 666 πτῶσιν
984 612 1074 666 καὶ
1120 612 1405 669 ἀνάστασιν
1456 613 1706 684 πολλῶν,
1757 614 1847 669 καὶ
1878 612 2001 667 ind-

320 698 460 757 λεσε
489 702 559 756 τὰ
613 703 690 776 μή
742 700 891 771 ὅντα,
919 699 1011 757 ’ίνα
1056 702 1123 757 τὰ
1166 698 1295 758 ὄντα
1342 706 1675 780 καταργήσῃ·
1724 701 1812 758 διὰ
1840 706 1999 757 τοῦτο

322 791 381 846 οἱ
421 791 522 864 μὲν
557 791 611 846 ἐν
665 795 964 867 περιτομῇ,
1015 790 1381 856 ἀπολέσαντες
1422 794 1485 849 τὸ
1538 792 1786 862 εὐθαλὲς,
1818 793 1908 847 καὶ
1937 792 2000 846 τὸ

325 877 638 969 ἔγκαρπον,
692 880 769 943 είς
826 880 1057 969 χέρσονΔ
1090 877 1413 955 μετέϐαλον.
1472 882 1543 939 Τὸ
1619 880 1676 939 δὲ
1727 883 1832 937 ἀπὸ
1889 884 1997 937 τῶν

326 966 502 1034 ἰθνῶν
538 969 814 1044 σύστημα,
845 968 977 1045 ὅπερ
1027 966 1156 1046 ὅρος
1207 970 1515 1045 ὠνόμασται
1568 971 1998 1048 ἀροτριώμενον,

332 1059 673 1137 ἀροτριῖιται.
726 1058 1041 1135 ἀπαλλαγὲν
1097 1061 1278 1132 πάσης
1334 1058 1541 1124 δειλίας
1596 1060 1685 1116 καὶ
1742 1064 1841 1116 τοῦ
1894 1060 1999 1116 ἀπὸ

339 1154 455 1206 τῶν
486 1148 766 1223 πολεμίων
800 1144 994 1227 φόϐου.
1028 1151 1190 1225 Ὀρος
1224 1147 1338 1221 οὖν,
1388 1153 1423 1221 ἡ
1459 1152 1729 1225 ὑψωθεῖσα
1772 1151 1872 1205 ὑπὸ
1900 1152 2000 1219 τῆς

342 1246 443 1297 τοῦ
472 1242 704 1317 Χριστοῦ
767 1236 1120 1303 διδασκαλίας
1178 1243 1356 1319 ψυχή.
1416 1242 1564 1298 Ἐπεὶ
1615 1239 1705 1297 οὗν
1756 1238 1923 1311 ἦλθεν
1971 1241 2000 1295 6

346 1332 542 1409 Κύριος
592 1332 884 1405 ἆξεκλάσθη
937 1335 1053 1406 (19)
1104 1333 1202 1407 μὶν
1254 1335 1282 1389 6
1339 1334 1582 1411 Ἰσραὴλ,
1627 1333 1997 1413 κατεφυτεόηη

338 1418 398 1477 δὲ
426 1421 492 1477 τὰ
521 1421 669 1492 ἔθνη,
697 1420 786 1477 ἵνα
834 1426 914 1495 τῷ
963 1421 1181 1478 ἐκείνων
1232 1425 1700 1499 παραπτώματιὴ
1756 1422 2002 1497 σωτηρία

340 1516 506 1566 πᾶσιν
538 1510 911 1585 οἶκονομηθῇ,
941 1511 1033 1566 καὶ
1083 1509 1254 1575 ἀδεῶς
1302 1518 1420 1575 τοῖς
1471 1508 1619 1588 ὄρεσι
1668 1513 1883 1574 τούτοις
1911 1509 2001 1566 καὶ

334 1596 589 1678 πρόϐατα
615 1600 706 1656 καὶ
756 1599 877 1676 βόες
935 1598 1265 1674 ἒννεμόμενα
1316 1604 1426 1676 (20)
1478 1598 1708 1680 ἄφθονον
1741 1608 1839 1671 τῆν
1872 1592 2003 1676 παρ’

337 1688 543 1745 ἑαυτῶν
595 1689 862 1767 ὠφέλειαν
911 1692 1285 1767 παρέχωνται.
1346 1689 1614 1762 Δηλονότι
1662 1685 1909 1767 πρόϐατα
1949 1690 2001 1746 οἱ

336 1775 793 1856 χρηστότεροιτὰ
821 1778 955 1851 ἤθη,
1022 1779 1141 1855 βόες
1201 1777 1259 1836 δὶ
1317 1781 1371 1836 οἳ
1418 1781 1554 1857 πρὸς
1598 1782 1700 1851 τὴν
1752 1780 2002 1857 ἐργασίαν

333 1872 446 1923 τῶν
479 1868 779 1945 ἀναγκαίων
812 1869 1272 1944 φιλοπονώτεροι.

2113 614 2250 683 quia
2269 615 2327 670 in
2349 615 2581 670 ruinam
2604 622 2661 670 et
2683 617 3170 672 resurrectionem
3196 616 3516 671 multorum
3540 615 3702 670 venit
3725 617 3767 650 ’ί

2112 711 2169 759 et
2198 705 2425 761 vocavit
2454 721 2522 760 ea
2570 721 2697 776 quae
2750 723 2862 761 non
2912 711 3072 774 sunt,
3108 709 3172 760 ut
3219 722 3287 761 ea
3327 722 3453 778 qua:
3489 708 3631 760 sunt
3660 704 3766 760 de-

2111 795 2467 849 strueret”:
2515 811 2583 850 ea
2626 796 2695 849 de
2745 811 2923 850 causa
2974 795 3073 866 qui
3118 798 3287 850 erant
3335 810 3404 849 ex
3452 794 3763 848 circumci-

2110 883 2296 952 sione,
2330 883 2624 939 viriditate
2652 888 2709 939 et
2739 883 3033 940 fertilitate
3064 885 3303 940 amissis
3339 884 3398 938 in
3430 888 3650 939 terram
3674 883 3763 938 in-
3789 880 3804 900 '

2110 971 2329 1028 cultam
2356 972 2507 1028 533
2530 972 2975 1044 degenerarunt.
3002 973 3106 1029 Illa
3128 979 3325 1029 autem
3350 972 3670 1028 multitudo
3695 989 3765 1028 ex

2110 1060 2387 1133 gentibus
2418 1061 2656 1117 collecta
2688 1078 2813 1133 quas
2866 1067 3108 1118 vocatur
3158 1067 3359 1119 aratus
3414 1078 3609 1128 mons,
3632 1061 3761 1132 jam

2113 1152 2423 1207 formidine
2455 1151 2613 1206 omni
2647 1151 2952 1217 immunis,
2986 1153 3135 1207 etab
3166 1151 3427 1207 hostium
3452 1152 3664 1206 timore
3688 1149 3758 1205 li-

2112 1240 2330 1307 berata,
2364 1245 2583 1296 aratur.
2619 1240 2786 1296 Mons
2815 1241 2997 1314 igitur
3024 1241 3254 1297 animus
3287 1246 3378 1296 est
3408 1257 3509 1312 per
3543 1239 3760 1296 Christi

2110 1329 2434 1386 doctrinam
2487 1331 2545 1384 in
2599 1330 2853 1386 sublime
2910 1334 3166 1385 evectus.
3226 1333 3545 1400 Postquam
3579 1329 3761 1400 igitur

2109 1419 2267 1474 venit
2301 1419 2602 1489 Dominus,
2635 1423 2838 1489 gentes
2887 1419 3066 1473 fracto
3100 1416 3312 1473 Israele
3361 1418 3588 1472 insertis
3622 1418 3763 1472 sunt

2110 1513 2167 1565 et
2198 1509 2473 1580 plantatae
2496 1511 2561 1579 η,
2597 1514 2662 1564 ut
2692 1524 2894 1564 eorum
2932 1509 3099 1579 lapsu
3147 1506 3428 1563 omnibus
3457 1506 3762 1561 efferretur

2111 1596 2297 1666 salus,
2325 1601 2565 1669 tamque
2595 1614 2732 1653 oves
2763 1614 2938 1669 quam
2964 1597 3138 1653 boves
3171 1597 3227 1650 in
3263 1595 3424 1651 hisce
3456 1594 3762 1650 montibus

2111 1694 2234 1747 tuto
2268 1695 2594 1763 pascentes,
2631 1690 2956 1762 plurimum
2991 1705 3060 1745 ex
3089 1705 3218 1745 sese
3240 1689 3586 1760 praestarent
3611 1701 3760 1741 emo-

2109 1779 2378 1837 lumenti.
2414 1780 2521 1847 Qui
2571 1780 2773 1850 utique
2820 1783 2961 1833 sunt
3007 1779 3176 1834 bonis
3210 1777 3476 1832 moribus
3509 1774 3757 1847 praditi,

2109 1869 2523 1942 signiﬁcantur
2547 1867 2743 1925 ovium
2767 1868 3043 1938 nomine;
3076 1868 3175 1940 qui
3199 1882 3331 1923 vero
3363 1863 3590 1922 strenui
3623 1865 3764 1920 sunt

337 1964 399 2016 et
429 1960 656 2017 alacres
687 1963 760 2018 ad
792 1978 885 2018 res
916 1961 1278 2019 necessarias
1310 1962 1669 2032 sfﬁciendas,
1703 1977 1806 2035 per
1836 1961 2011 2018 boves
2032 1958 2436 2030 designantur.

892 2215 1311 2271 ΚΕΦΑΑΑΙΟΝ
1350 2215 1437 2271 H"

414 2321 560 2376 206.
621 2320 725 2376 Καὶ
785 2320 836 2376 εἶ
883 2342 944 2377 τε
994 2320 1198 2397 Κύριος
1257 2320 1394 2399 πρὸς
1451 2320 1536 2394 μὲ·
1592 2314 1738 2378 Λάϐε
1794 2323 2001 2393 σεαυτῷ

338 2407 508 2482 τόμον
579 2414 770 2464 καινοῦ
854 2409 1114 2488 μεγάλου*
1186 2411 1274 2466 καὶ
1353 2410 1562 2486 γράψον
1632 2409 1790 2465 αὐτὸν
1872 2429 1999 2484 γρα-

339 2495 451 2577 φίδι
528 2498 862 2573 ἀνθρώπου,
937 2505 1035 2557 τοῦ
1139 2499 1301 2571 ὀξέως
1377 2501 1663 2576 προνομὴν
1767 2501 1993 2563 ποιῆσαι

335 2586 551 2643 σκύλων
586 2633 599 2646 .
656 2588 896 2665 Ηάρεστι
957 2590 1057 2665 γάρ
1118 2592 1268 2664 (21).
1329 2589 1436 2645 Καὶ
1501 2590 1772 2664 μάρτυρας
1834 2588 1994 2658 ποίη-

335 2698 419 2731 σαι
472 2677 696 2740 πιστοὺς
774 2678 1122 2751 ἀνθρώπους,
1196 2679 1289 2733 τὸν
1367 2678 1567 2754 Οὺρίαν
1639 2679 1728 2733 καὶ
1813 2683 1989 2752 Ζαχα-

336 2763 451 2837 ρίαν
508 2766 598 2820 τὸν
647 2767 763 2821 υἱὸν
825 2767 1130 2843 Βαραχίου.
1189 2768 1285 2822 Καὶ
1344 2766 1658 2843 προσῆλθον
1708 2767 1846 2844 πρὸς
1894 2769 1994 2837 τήν

335 2856 644 2931 προφῆτιν,
703 2855 795 2911 καὶ
857 2856 908 2911 ἐν
965 2855 1155 2932 γαστρὶ
1216 2851 1415 2929 ἔλαϐε,
1472 2856 1563 2911 καὶ
1617 2855 1790 2911 ἔτεκεν
1850 2856 1987 2912 υἱόν.

337 2941 439 2997 Καὶ
491 2944 606 2998 εἶπὲ
669 2966 762 3017 μοι
824 2946 937 3019 (22)
996 2946 1219 3022 Κύριοςο
1281 2944 1519 3002 Κάλεσον
1572 2946 1635 3001 τὸ
1679 2942 1854 3018 ὄνομα
1892 2946 1987 3001 αὐ-

335 3034 453 3098 τοῦ,
528 3034 759 3109 Ταχέως
864 3032 1182 3105 σκύλευσον,
1289 3034 1484 3108 Ὀξέως
1582 3035 1984 3111 προνόμευσον.

342 3118 490 3173 Διότι
548 3123 672 3194 πρὶν
727 3122 763 3192 ἢ
818 3131 1011 3199 γνῶναι
1068 3124 1131 3179 τὸ
1188 3121 1401 3180 παιδίον
1458 3123 1645 3180 καλεῖν
1698 3125 1903 3201 πατέρα
1950 3123 1985 3194 ἢ

347 3207 574 3283 μητίρα,
652 3208 884 3284 λήψεται
986 3211 1213 3286 δύναμιν
1318 3217 1627 3286 Δαμασκοῦ,
1728 3212 1819 3268 καὶ
1920 3214 1988 3269 τὰ

341 3296 512 3352 σκῦλα
615 3299 921 3375 Σαμαρείας
1020 3298 1195 3358 ἔναντι
1296 3301 1565 3379 βασιλέως
1657 3303 1982 3378 Ἀσσυρίων.

330 3385 482 3455 Δόξει
544 3391 655 3462 (23)
713 3386 893 3464 ἕτερον
950 3391 1314 3467 προσταχθεὶς
1367 3393 1394 3447 6
1442 3393 1754 3470 προφήτης,
1798 3390 1984 3469 ’ἕτερον

325 3477 706 3546 πεποιηκέναι.
766 3478 830 3532 Ti
875 3479 975 3556 γάρ
1033 3481 1212 3536 κοινὸν
1272 3476 1390 3558 ἔχει
1446 3482 1532 3548 τὸ,
1584 3477 1724 3538 Λάϐε
1777 3487 1984 3537 σεαυτῶ

2030 2213 2079 2284 Β

2719 2209 2949 2267 CAPUT
2984 2208 3136 2265 VIII.

2176 2321 2302 2376 206.
2336 2319 2505 2376 Vsus.
2556 2320 2664 2375 1-4.
2698 2321 2763 2375 Et
2819 2319 2963 2375 dicit
3012 2318 3271 2373 Dominus
3321 2313 3393 2371 ad
3438 2328 3556 2369 me:
3589 2315 3756 2368 Sume

2106 2411 2211 2466 tibi
2237 2414 2442 2466 tomum
2472 2412 2601 2466 novi
2626 2411 2827 2479 magni
2852 2429 2872 2478 ;
2901 2417 2951 2464 et
2981 2407 3154 2464 scribe
3195 2406 3379 2479 ipsum
3406 2404 3546 2475 stylo
3577 2400 3757 2457 homi-

2104 2502 2216 2565 nis,
2247 2504 2308 2555 ut
2339 2500 2601 2555 velociter
2629 2500 2995 2571 direptionem
3033 2498 3208 2568 faciat
3240 2495 3564 2566 spoliorum.
3597 2489 3758 2544 Adest

2104 2591 2273 2646 enim.
2307 2592 2373 2645 Et
2402 2598 2567 2646 testes
2593 2592 2684 2661 [ac
2713 2588 2905 2659 ﬁdeles
2949 2587 3217 2651 homines,
3254 2585 3438 2642 Uriam
3470 2588 3521 2638 et
3545 2578 3758 2636 Zacha-

2101 2684 2249 2738 riam
2279 2683 2461 2754 ﬁlium
2502 2681 2811 2739 Barachiae.
2862 2683 2931 2736 Et
2978 2680 3179 2735 accessi
3209 2676 3278 2732 ad
3326 2674 3752 2748 prophetissam,

2100 2781 2152 2828 et
2182 2775 2241 2828 in
2271 2781 2427 2829 utero
2457 2773 2719 2843 concepit,
2750 2780 2803 2826 et
2840 2771 3051 2843 peperit
3093 2769 3293 2840 ﬁlium.
3326 2767 3392 2821 Et
3436 2764 3582 2819 dixit
3607 2761 3752 2816 mihi

2099 2863 2403 2919 Dominus:
2454 2867 2602 2920 Voca
2646 2877 2846 2918 nomen
2895 2860 3032 2933 ejus,
3081 2860 3201 2914 Cito
3255 2856 3453 2928 spolia,
3492 2852 3752 2909 Vetociter

2098 2951 2432 3024 deprendere.
2468 2951 2611 3019 Quia
2639 2955 2936 3023 antequam
2964 2950 3104 3005 sciat
3148 2963 3284 3019 puer
3310 2959 3504 3001 vocare
3531 2945 3749 3014 patrem

2097 3051 2195 3097 aut
2222 3047 2475 3111 matrem,
2508 3042 2743 3112 accipiet
2772 3042 3028 3096 virtutem
3058 3036 3330 3102 Damasci,
3364 3040 3416 3089 et
3445 3033 3621 3104 spolia
3650 3029 3748 3085 Sa-

2099 3133 2297 3189 mariae
2325 3147 2510 3186 coram
2538 3146 2661 3201 rege
2706 3129 3078 3201 Assyriorum.
3124 3124 3411 3196 Propheta
3457 3119 3617 3177 aliud
3649 3135 3746 3174 ex-

2098 3219 2266 3292 sequi
2290 3221 2521 3291 jussus,
2573 3219 2731 3275 aliud
2780 3217 3076 3273 videbitur
3122 3213 3348 3270 fecisse.
3398 3215 3543 3267 Nam
3575 3207 3743 3275 illud,

2096 3309 2259 3366 Sume
2287 3310 2394 3365 tibi
2425 3318 2632 3365 tomum
2659 3310 2790 3364 novi
2815 3308 3024 3378 magni,
3060 3304 3344 3377 quidnam
3376 3301 3553 3356 habet
3583 3313 3748 3353 com-

2096 3415 2276 3455 mune
2307 3416 2440 3454 cum
2492 3398 2567 3454 iis
2617 3414 2744 3470 quis
2795 3397 3276 3466 subsequuntur:
3328 3391 3392 3445 Et
3447 3387 3649 3444 accessi
3676 3387 3747 3442 ad

2090 3488 2513 3568 proghetissam,
2569 3496 2621 3544 et
2664 3489 2726 3543 in
2781 3489 2936 3542 utero
2992 3480 3280 3555 concepit?
3326 3479 3522 3535 Possit
3568 3477 3749 3549 igitur

322 3563 494 3656 τόμον
551 3564 741 3621 καινοῦ
810 3568 1073 3644 μεγάλου,
1134 3572 1271 3647 πρὸς
1319 3572 1381 3626 τὸ
1431 3571 1839 3650 ἐπιφερόμενον,
1901 3572 1984 3628 ὅτι

2103 3563 2291 3634 dicere
2321 3577 2642 3650 quispiam,
2669 3576 2821 3632 hanc
2845 3574 3169 3630 illationem
3212 3569 3600 3627 redditionem
3631 3582 3747 3621 non

327 3653 425 3707 Καὶ
500 3657 816 3731 προσῆλθον
873 3658 1014 3731 πρὸς
1072 3661 1171 3729 τήν
1248 3668 1543 3739 προφῆτιν,
1619 3660 1708 3716 καὶ
1784 3661 1834 3716 ἰν
1893 3683 1986 3739 γα-

326 3743 444 3818 στρὶ
489 3738 725 3817 ἔλαϐενς
777 3744 942 3804 Εἴποι
989 3746 1049 3802 ἂν
1102 3747 1194 3803 οὖν
1243 3738 1481 3818 τις,νδτι
1543 3749 1670 3826 οὐχὶ
1723 3738 1987 3813 ἀπόδοσίς

331 3831 440 3887 ἐστι
470 3836 569 3888 τοῦ
600 3835 941 3911 προάγοντος
983 3838 1046 3892 τὸ
1085 3837 1500 3917 ἐπιφερόμενον,
1530 3838 1675 3895 ἀλλὰ
1704 3841 1810 3895 ἀπὸ
1844 3838 1984 3903 ἰδίας

334 3921 514 3998 ἀρχῆς
590 3921 971 4000 παραδίδοται,
1043 3926 1250 3982 ἰκείνου
1313 3929 1844 4005 περιγεγραμμένου.
1923 3930 1986 3984 Εἰ

333 4012 433 4087 γὰρ
478 4014 569 4066 καὶ
618 4014 694 4085 μή
749 4016 1055 4088 ρρόσκειται
1086 4016 1170 4072 ὅτι
1225 4013 1389 4073 ἔλαϐε
1442 4019 1622 4095 τόμογ
1676 4023 1772 4074 τοῦ
1800 4023 1987 4074 καῖνοῢ

328 4101 418 4155 καὶ
451 4099 715 4178 μεγάλου,
771 4103 916 4160 ἀλλᾶ
972 4109 1468 4182 προσυπακοῦιται,
1520 4107 1603 4163 ὅτι
1662 4107 1885 4181 ἐποίησε
1925 4110 1987 4165 τὸ

330 4191 822 4266 προστεταγμένον.
873 4196 1015 4250 Ἀπὸ
1058 4196 1238 4273 ἑτέρας
1288 4195 1346 4252 δὲ
1394 4200 1506 4271 (24)
1565 4197 1743 4275 ἀρχῆς
1784 4205 1989 4255 νοεῖται

327 4280 411 4349 τὸ,
474 4280 573 4335 Καὶ
623 4281 942 4356 προσῆλθον
1025 4286 1161 4359 πρὸς
1240 4288 1339 4356 τὴν
1398 4291 1694 4363 προφῆτιν,
1770 4288 1859 4343 καί
1934 4288 1987 4344 ἐν

329 4369 522 4443 γαστρῖ
552 4363 767 4427 ἔλαϐεν.
802 4371 864 4428 Ei
909 4374 1003 4443 μὶν
1033 4374 1135 4449 γὰρ
1184 4373 1436 4452 ἀντέλεγε
1481 4381 1560 4449 τῷ
1606 4378 1988 4454 προστάγματι

330 4458 358 4511 6
417 4461 731 4536 προφήτης,
787 4458 995 4537 ἐγράφη
1057 4462 1116 4519 ἂν
1176 4466 1210 4533 ἡ
1266 4462 1567 4542 ἀντιλογίαν
1618 4468 1693 4531 ὡς
1749 4466 1836 4522 ἐπὶ
1892 4472 1990 4523 τοῦ

332 4546 597 4616 Ἰεζεκιήλ
655 4550 1095 4626 παραιτουμένου
1136 4553 1199 4609 τὸ
1258 4550 1346 4607 ἐπὶ
1394 4549 1666 4630 βολϐίτων
1716 4556 1989 4633 ἀνθρωπί-

332 4658 442 4691 νων
474 4638 586 4711 (25)
621 4637 923 4708 ὀπτήθὲντα
954 4640 1146 4706 ἰσθίειν
1195 4643 1283 4697 τὸν
1336 4639 1519 4720 ἄρτον.
1561 4645 1707 4702 Ἐκεῖ
1754 4646 1857 4722 λᾶρ
1891 4647 1992 4723 ἀρ-

333 4731 524 4799 νεῖται,
586 4723 790 4801 λίγων.
850 4727 1165 4804 Μηδαμῶς,
1228 4731 1392 4807 Κύριε
1449 4732 1545 4788 Θεὶ
1591 4737 1687 4788 τοῦ
1736 4733 1988 4811 οὐρανοῦ,

338 4814 383 4870 εἰ
440 4817 475 4885 ἡ
536 4818 689 4892 ψυχή
754 4838 859 4890 μου
907 4819 969 4874 οὗ
1042 4818 1333 4894 μεμίανται
1392 4819 1444 4877 ἐν
1496 4821 1812 4899 ἀκαθαρσίᾳ,
1866 4823 1993 4881 οὐδὲ

339 4899 687 4974 εἲσελήλυθεν
750 4905 828 4971 εἰς
901 4906 964 4963 τὸ
1033 4908 1212 4985 στόμα
1271 4931 1378 4985 μου
1433 4917 1538 4967 πᾶν
1595 4911 1756 4989 κρίας
1818 4908 1989 4989 βιϐη-

2097 3685 2227 3725 esse
2257 3668 2578 3742 superioris
2627 3667 2970 3724 sententiis:
3023 3665 3124 3722 sed
3181 3680 3249 3720 ea
3280 3663 3467 3729 ﬁnita,
3501 3658 3745 3732 proferri

2096 3757 2421 3814 illationem
2480 3757 2778 3831 aproprio
2835 3755 3121 3828 principio
3182 3752 3555 3825 pendentem.
3588 3748 3749 3804 Licet

2095 3850 2254 3904 enim
2282 3865 2397 3902 non
2421 3847 2672 3903 addatur
2692 3845 3020 3917 sumpsisse
3040 3850 3261 3899 tomum
3283 3841 3411 3895 novi
3432 3844 3487 3894 et
3504 3836 3700 3909 magni
3729 3853 3743 3892 :

2087 3936 2259 4008 jussa
2289 3941 2485 3993 tamen
2520 3936 2727 3993 fecisse
2756 3934 3129 3991 subauditur.
3163 3936 3235 3986 At
3264 3929 3432 3994 illud,
3464 3929 3527 3984 Et
3545 3928 3751 3983 accessi

2098 4026 2166 4082 ad
2189 4026 2604 4097 prophetissam,
2634 4034 2687 4082 et
2717 4027 2778 4080 in
2806 4026 2961 4081 utero
3007 4022 3274 4094 concepit,
3320 4036 3387 4075 ex
3417 4018 3598 4074 altero
3630 4016 3747 4090 peti
3795 4043 3809 4058 ο

2097 4114 2389 4187 principio
2420 4113 2790 4187 intelligitur.
2814 4113 3042 4169 Etenim
3077 4112 3125 4169 si
3157 4110 3540 4167 detrectasset
3568 4106 3747 4177 impe-

2097 4203 2250 4259 rium
2284 4203 2589 4276 propheta,
2622 4202 2742 4259 haec
2776 4202 2979 4275 utique
3011 4198 3395 4257 contradictio
3424 4196 3634 4252 fuisset
3652 4196 3748 4251 lit-

2097 4292 2240 4348 teris
2273 4292 2526 4365 prodita,
2560 4293 2647 4347 uti
2678 4292 2918 4362 contigit
2948 4291 3006 4345 in
3055 4287 3366 4360 Ezechiele,
3401 4286 3501 4360 qui
3532 4300 3746 4358 panem

2099 4396 2275 4437 suum
2306 4380 2367 4436 in
2402 4380 2538 4436 fimo
2569 4380 2829 4437 humano
2858 4383 3204 4437 concoctum
3244 4377 3546 4434 comedere
3574 4390 3747 4431 recu-

2100 4471 2272 4528 savit.
2297 4470 2606 4526 Enimvero
2632 4470 2732 4526 illo
2761 4469 2889 4527 loco
2921 4473 3097 4543 negat
3128 4485 3190 4525 se
3219 4467 3278 4523 id
3311 4467 3629 4537 facturum,
3653 4463 3745 4520 di-

2100 4576 2279 4618 cens:
2339 4560 2713 4632 Nequaquam,
2772 4561 2999 4617 Domine
3054 4561 3195 4617 Deus
3251 4557 3521 4615 calt—si
3555 4557 3748 4629 anima

2096 4666 2221 4707 mea
2250 4666 2366 4706 non
2394 4657 2471 4706 est
2496 4650 2709 4722 pelluta
2738 4652 2797 4707 in
2847 4651 3232 4719 immunditia,
3270 4664 3446 4721 neque
3489 4648 3749 4721 ingressa

2097 4744 2181 4797 est
2208 4741 2269 4797 in
2297 4756 2384 4796 eos
2408 4756 2592 4797 meum
2629 4734 2809 4797 omnis
2851 4756 2976 4797 caro
3022 4742 3241 4812 impura
3262 4740 3326 4797 ¹⁴.
3358 4737 3746 4804 Quamobrem

2099 4830 2157 4886 in
2192 4834 2448 4887 stercore
2476 4829 2697 4886 bubulo
2728 4846 2911 4903 panes
2933 4847 3073 4887 suos
3094 4830 3380 4886 conﬁcere
3401 4841 3748 4885 concessum

2099 4918 2150 4976 ei
2182 4918 2295 4975 fuit
2317 4919 2377 4976 η.
2415 4919 2524 4976 Hic
2559 4923 2755 4976 autem
2804 4936 2939 4976 cum
2973 4936 3085 4976 non
3121 4919 3445 4993 reperiatur
3492 4914 3749 4989 negatio,

339 4990 457 5053 λον.
490 4965 772 5051 Ᾰιᾶ-τοῦτο
805 4965 1163 5075 συνεχωρήθῆ
1215 4965 1363 5076 αϐτῷ
1405 4965 1795 5078 ἐνήήβολϐίτονις
1819 4965 1991 5079 Γῥοῶν

2103 4965 2150 4976 ν.
2182 4965 2295 4975 --η
2364 4965 2377 4976 .
2416 4965 2522 4976 --.ν
2560 4965 2755 4976 .....-...
2805 4965 2939 4976 --.η
2974 4965 3085 4976 ην..
3122 4965 3435 4993 .-νυν-,ν
3492 4965 3749 4989 ..-οτηη

2103 5006 2403 5065 silentium
2422 5008 2628 5082 utique
2644 5009 2864 5068 indicat
2874 5010 3302 5075 assensionem,
3323 5005 3555 5065 etiamsi
3573 5008 3751 5063 testa-

405 5149 451 5186 “
486 5148 627 5206 Luc.
660 5165 723 5220 ιι,
755 5149 846 5209 34.
927 5153 973 5190 ¹²
1000 5153 1023 5209 Ι
1053 5156 1182 5213 Cor.
1215 5170 1257 5225 ι,
1286 5153 1381 5213 28.
1460 5153 1508 5193 ¹⁸
1536 5154 1710 5216 Rom.
1747 5172 1828 5227 xx,
1861 5157 1950 5215 17.

2103 5159 2309 5218 Ezeoh.
2342 5177 2420 5230 ιν,
2457 5161 2544 5219 14.
2622 5162 2666 5198 ¹⁶
2696 5162 2841 5219 ibid.
2878 5163 2965 5219 15.

406 5301 513 5386 (1-9.)
545 5306 684 5375 Reg.
735 5309 1005 5386 quartus,
1049 5302 1387 5386 ἔξεκλεισθη,
1417 5308 1670 5367 exclusus
1692 5314 1773 5368 est
1800 5311 1989 5368 Israel.

331 5374 529 5431 Lectio
557 5374 674 5431 non
707 5374 1162 5438 contemnenda.

335 5447 702 5593 μέὲξραῖἒάὶὶί
733 5456 790 5506 et
819 5452 936 5510 duo
968 5470 1138 5526 mss.,
1171 5450 1524 5527 ἐννεμόμενα.
1557 5453 1666 5511 Alii
1695 5458 1814 5512 tres
1845 5451 1988 5510 tvvs-

407 5593 522 5678 (21)
551 5592 793 5678 Antiqui
825 5601 945 5678 tres
974 5597 1131 5678 libri,
1172 5593 1413 5678 παρίστη
1442 5595 1567 5678 γάρ,
1595 5599 1784 5678 ᾼδίἰιίι
1812 5600 1985 5656 enim.

333 5663 564 5743 Ibidem
594 5663 755 5743 editi,
809 5666 1084 5743 μάρτυράς
1116 5663 1614 5743 numerabant
1660 5688 1992 5743 mss._non-

337 5736 513 5810 nulli,
574 5736 856 5814 μάρτυρας
888 5736 1162 5814 ποίησαι.
1219 5736 1683 5818 Βθε.Ῥι·ίωιιε,
1731 5739 1986 5815 ποίησον.

2104 5312 2332 5393 [iurans
2361 5313 2471 5369 hoc
2501 5314 2630 5393 ipso
2658 5315 2718 5373 in
2741 5317 2868 5373 loco
2899 5317 3037 5389 Reg.
3058 5322 3328 5390 quartus,
3351 5315 3547 5393 Οὐρίαν
3580 5315 3747 5392 ἱερέα,

2104 5386 2292 5442 Urium
2322 5386 2676 5443 sacerdotem.

2171 5457 2284 5531 (22)
2319 5463 2405 5514 Ita
2435 5476 2575 5531 mss.
2609 5458 2898 5525 nonnulli,
2935 5460 3102 5515 Deest
3134 5458 3250 5531 μοι’
3283 5459 3341 5514 in
3386 5459 3675 5517 excussis.

2170 5526 2283 5602 (23)
2316 5531 2489 5601 Editi,
2521 5526 2691 5584 δοκεῖ.
2726 5536 2802 5586 At
2825 5547 2927 5586 sex
2952 5526 3316 5602 ωεεηδόεει.

2267 5531 2286 5745 ἒ

2170 5600 2286 5745 (24)
2315 5603 2405 5658 Sic
2431 5600 2580 5687 mss.
2615 5602 2767 5657 Editi
2799 5619 2954 5669 vero,
2988 5600 3323 5687 Eripere-fdo.

2192 5672 2266 5728 25
2340 5676 2519 5745 Editi,
2574 5672 2920 5745 ἀνθρωπείων
2955 5715 2969 5732 .
3028 5674 3185 5731 LIbl‘l
3239 5679 3323 5732 vet

2096 5672 2292 5803 ,τόξ’ῗῖ
2340 5674 2519 5745 Editi’
2574 5672 2920 5749 ἀνθρωπείων
2955 5715 2969 5732 .
3028 5672 3185 5731 Libri
3213 5672 3488 5744 'v'eteres,
3540 5674 3745 5747 ἀνθρω-
