4138 6396
367 347 485 405 475

1302 342 1697 403 APPENDIX
1748 337 2074 402 OPERUM
2118 339 2185 399 S.
2231 338 2507 399 BASILII
2552 336 2825 398 MAGNI.

3671 336 3791 395 476

369 481 465 531 tus
498 492 611 531 non
644 475 721 533 sit
749 493 876 532 sese
897 476 1185 547 imperata
1209 480 1546 529 exsecutum
1577 474 1758 529 tuisse
1782 494 1796 541 ς
1822 488 2009 545 quem-

2135 470 2360 538 ποιῆσαι
2389 467 2517 531 τοὺς
2560 466 2775 544 ἄρτους.
2830 467 3088 521 Ἐνταῦθα
3135 465 3318 539 μέντοι
3360 462 3548 534 έπειδὴ
3580 464 3789 542 ἀπαγό-

368 566 688 621 admodum
749 565 929 621 Osee:
999 566 1132 620 Vade
1182 564 1359 631 enim,
1423 564 1637 634 inquit,
1699 578 1855 619 sume
1915 561 2022 616 tibi

367 669 596 709 uxorem
623 654 1038 725 fornicationis,
1072 661 1123 708 et
1174 652 1318 721 ﬁlios
1361 653 1755 725 fornicationis
1778 654 1840 705 ίο.
1879 649 2019 704 Dein

368 742 671 814 Scriptura
701 743 894 814 ipsum
920 744 1094 812 jussa
1136 740 1446 812 perfecisse
1494 741 1842 805 testiticans,
1872 739 2018 794 sub—

343 832 565 905 ‘jungit
588 851 602 888 :
633 833 699 886 Et
726 833 884 897 abiit,
912 836 962 885 et
982 832 1195 902 accepit
1225 829 1422 886 Gomer
1440 828 1624 901 ﬁlium
1650 829 1928 884 Debelaim
1952 826 2015 879 1⁵⁷.

366 921 516 985 Quin
546 924 604 975 et
644 919 782 975 alibi
841 919 1102 974 invenire
1161 919 1456 991 possimus
1517 918 1671 974 534
1733 922 2020 989 praecepta

366 1008 550 1064 fuisse
592 1023 863 1079 expresse
920 1007 1078 1075 data,
1135 1024 1241 1063 nec
1270 1011 1469 1063 tamen
1528 1005 1864 1063 testimonio
1897 1004 2017 1060 ullo

363 1097 598 1168 probari
628 1113 800 1169 Opus,
851 1096 1048 1169 ipsum
1090 1097 1420 1153 confectum
1454 1113 1603 1166 esse,
1636 1097 1737 1151 sed
1788 1111 1822 1150 a
1849 1094 2017 1150 nobis

361 1184 507 1240 illud
537 1202 607 1240 ex
635 1202 702 1241 eo
732 1185 1007 1258 intelligi,
1041 1187 1195 1259 quod
1222 1187 1319 1257 qui
1354 1186 1627 1241 mandata
1649 1185 2017 1256 excipiebant

365 1274 553 1346 parati
585 1281 784 1330 essent
813 1276 885 1331 ad
909 1275 1301 1331 obediendum
1324 1281 1500 1347 atque
1526 1275 1830 1347 proclives,
1867 1279 1930 1328 ut
1954 1273 2013 1327 in

361 1362 702 1420 Ezechiele:
734 1365 800 1419 Et
856 1373 915 1420 ιιι
961 1365 1204 1420 dormies
1262 1381 1429 1435 super
1484 1365 1627 1420 latus
1680 1375 1839 1419 tuum
1878 1364 2014 1418 sini-

362 1455 543 1508 strum
567 1453 629 1507 “.
656 1454 724 1508 Et
753 1470 981 1521 rursus,
1022 1454 1270 1509 Dormies
1312 1468 1475 1524 super
1520 1454 1666 1508 latus
1697 1461 1852 1508 tuum
1880 1452 2013 1507 dex-

363 1550 515 1598 trum
541 1542 599 1597 '9.
632 1542 759 1598 Non
791 1542 945 1598 enim
979 1542 1230 1598 subinde
1277 1542 1542 1598 additum
1577 1546 1666 1597 est
1712 1558 1847 1597 eum
1879 1543 2012 1597 dor-

2132 578 2311 633 ρευσις
2345 558 2450 613 οὐκ
2475 554 2639 625 ἔστιν,
2672 558 2706 627 ἡ
2741 557 2922 625 σιωπὴ
2974 552 3236 626 δηλονότι
3266 554 3367 624 τὴν
3401 555 3787 629 συγκατάθεσιν

2131 644 2418 705 δείκνυσιν.
2461 645 2511 702 εἲ
2571 645 2629 702 δὲ
2688 644 2750 701 οὐ
2814 644 3225 721 μεμαρτύρηται
3275 645 3511 715 ποιήσας
3564 645 3676 717 (26)
3725 645 3789 699 τὸ

2127 735 2616 814 προστεταγμένον·
2653 734 2832 809 ὥσπερ
2892 735 2920 789 6
2977 733 3157 804 Ὠσηέ’
3207 730 3408 812 Βάδιζε
3461 733 3586 810 γὰρ,
3631 733 3788 810 φησὶ.

2128 821 2264 882 λάϐε
2322 831 2530 899 σεαυτῷ
2606 829 2837 901 γυναῖκα
2910 821 3167 900 πορνείας
3240 822 3330 877 καὶ
3402 822 3565 877 τέκνα
3645 841 3789 897 πορ-

2126 915 2286 978 νείας·
2321 917 2432 971 εἶτα
2483 919 2772 989 μαρτυρῶν
2814 911 2962 985 αὐτῷ
3020 913 3049 967 6
3103 910 3292 989 λόγος,
3337 910 3411 974 ὡς
3456 911 3788 982 πεποιηκότι

2124 1005 2187 1059 τὸ
2244 1005 2759 1080 προστεταγμένον,
2816 1000 3058 1080 ἐπιφέρει
3094 1018 3108 1032 ·
3176 1001 3285 1057 Καὶ
3338 998 3633 1076 ἐπορεύθη,
3694 999 3787 1054 καὶ

2126 1089 2291 1150 ἔλαϐε
2373 1095 2472 1163 τὴν
2535 1100 2572 1148 Γ
2577 1094 2712 1169 ομὶρ
2771 1091 3039 1167 Θυγατέρα
3124 1083 3428 1163 Δεϐηλαίμ.
3497 1086 3786 1166 Ἀλλαχοῦ

2126 1181 2183 1239 δὲ
2215 1183 2516 1260 εὑρήσομεν
2562 1182 2956 1259 προστάγματα
3021 1180 3113 1254 μὲν
3168 1178 3568 1253 ἔκφωνηθέντα,
3612 1178 3675 1234 τὸ
3727 1175 3787 1235 δὲ

2124 1266 2279 1348 ἔργον
2316 1274 2393 1345 μὴ
2448 1271 2889 1347 μαρτυρούμενον
2939 1270 3032 1343 μὶν
3091 1271 3432 1344 γεγενῆσθαι,
3483 1267 3783 1341 νοούμενον

2125 1358 2181 1417 δλ
2212 1363 2337 1438 παρ’
2368 1364 2554 1435 ἡμῶν,
2601 1358 2691 1416 διὰ
2744 1361 2808 1416 τὸ
2858 1357 3101 1423 εὐπειθὲς
3158 1362 3265 1413 τῶν
3317 1356 3776 1434 ἐπιτεταγμένων,

2125 1452 2198 1513 ὡς
2253 1453 2366 1526 (27)
2423 1450 2508 1506 ἰπὶ
2570 1454 2666 1505 τοῦ
2716 1445 3002 1520 Ἱεζεκιήλ’
3061 1447 3159 1503 Καὶ
3219 1446 3281 1502 σὺ
3339 1448 3659 1522 κοιμηθήσῃ
3688 1446 3776 1502 ἰπὶ

2121 1540 2184 1595 τὸ
2242 1539 2478 1615 πλευρόν
2539 1560 2636 1595 σου
2688 1538 2752 1594 τὸ
2812 1536 3114 1614 ἀριστερόν·
3171 1536 3260 1592 καὶ
3313 1533 3504 1592 πάλιν·
3558 1541 3775 1610 Κοιμη-

364 1630 568 1687 miisse
599 1647 778 1704 super
804 1630 961 1687 latus
988 1632 1258 1687 dextrum
1303 1636 1405 1687 aut
1438 1632 1788 1700 sinistrum;
1822 1632 1922 1687 scd
1954 1631 2009 1687 id

2124 1631 2262 1705 θήσῃ
2320 1629 2406 1685 ἐπὶ
2460 1629 2525 1684 τὸ
2580 1628 2817 1702 πλευρόν
2870 1648 2966 1683 σου
3017 1627 3081 1682 τὸ
3137 1623 3329 1698 δεξιόν.
3391 1624 3467 1684 Οὐ
3519 1625 3625 1701 γὰρ
3684 1626 3777 1682 ιπ-

365 1721 830 1791 prmtermissum
857 1719 1089 1777 silentio
1116 1726 1205 1777 est
1233 1738 1248 1791 ;
1276 1725 1334 1777 et
1364 1727 1560 1777 tamen
1586 1740 1619 1777 ο.
1647 1721 1815 1777 nobis
1848 1720 2009 1776 intel-

2126 1721 2426 1790 ενήνεκται,
2460 1717 2543 1775 ὅτι
2570 1717 2841 1792 έκοιμήθη
2896 1716 2983 1772 ἐπὶ
3012 1717 3075 1772 τὸ
3102 1712 3272 1789 δεξιὸν
3304 1713 3563 1792 πλευρὸν,
3596 1713 3633 1785 ἢ
3665 1718 3779 1791 (28)

362 1808 568 1882 ligitur
589 1810 883 1882 prophetis
906 1809 1255 1866 obedientia.
1283 1812 1358 1866 Ad
1380 1811 1537 1866 hunc
1560 1810 1741 1883 igitur
1771 1811 2007 1865 modum

2122 1808 2183 1864 τὸ
2217 1808 2520 1884 ἀριστερὸν,
2566 1806 2713 1863 ἀλλὰ
2762 1806 3267 1883 παρασεσιώπηται’
3329 1810 3530 1861 νοεῖται
3564 1802 3623 1860 δὲ
3650 1807 3781 1883 παρ’

363 1900 541 1954 etiam
573 1898 668 1953 hic
699 1899 1051 1970 respondere
1097 1915 1417 1970 possumus
1447 1901 1517 1955 ad
1561 1900 1943 1971 quaestionem
1978 1916 2009 1955 a

2121 1899 2280 1971 ἡμῶν
2313 1900 2349 1967 ἡ
2384 1898 2595 1969 ὑπακοῆ
2625 1900 2722 1953 τοῦ
2752 1897 3057 1975 προφήτου.
3094 1894 3279 1958 Οὕτως
3308 1892 3399 1951 οῦν
3432 1895 3521 1950 καὶ
3551 1892 3780 1951 ἐνταῦθα

363 1987 531 2042 nobis
563 1987 841 2059 agitatam
867 1988 1020 2059 quod
1052 2004 1167 2043 non
1190 1987 1347 2043 aliud
1376 1989 1582 2059 jussus
1617 1989 1824 2058 facere,
1851 1987 2008 2044 aliud

2121 1984 2343 2042 δυνατὸν
2373 1985 2819 2062 ἀπολογήσασθαι
2853 1984 2976 2062 περὶ
3004 1988 3102 2040 τοῦ
3133 1982 3572 2061 ἰπαπορηθέντος
3616 1986 3774 2059 ἡμῖν,

359 2073 599 2143 fecerit;
635 2076 735 2131 sed
773 2077 1042 2131 mandato
1095 2075 1194 2132 illo
1227 2083 1479 2148 peracto,
1539 2079 1609 2133 de
1642 2077 2009 2150 pr0phetissa

2121 2074 2203 2131 ὅτι
2249 2075 2377 2151 οὐχὶ
2427 2073 2608 2152 ἕτερον
2668 2075 3056 2151 προσταχθεὶς,
3113 2072 3253 2131 ἄλλο
3313 2073 3586 2146 ἐποίησεν·
3647 2072 3774 2130 ἀλλ’

360 2163 531 2220 nobis
567 2164 840 2221 edisserit
866 2181 992 2236 quae
1024 2181 1094 2220 ex
1123 2163 1237 2221 alio
1269 2166 1524 2237 pendent
1556 2166 1864 2239 principio.

429 2340 557 2397 207.
586 2340 856 2397 Fortasse
887 2346 1080 2397 autem
1136 2345 1334 2398 tomus
1392 2343 1490 2400 ille
1522 2344 1651 2401 novi
1711 2349 1769 2400 et
1810 2345 2011 2419 magni

359 2431 550 2502 figura
579 2434 670 2487 est
698 2431 1073 2487 adumbratio
1105 2431 1247 2488 Novi
1280 2436 1337 2489 et
1383 2435 1582 2505 magni
1630 2437 2007 2505 Testamenti,

358 2518 508 2592 stylo
542 2518 801 2576 hominis
833 2520 1136 2594 descripti,
1160 2538 1228 2577 ex
1245 2539 1311 2578 eo
1330 2523 1481 2594 quod
1515 2524 1811 2597 Evangelii
1833 2526 2009 2595 verba

358 2624 629 2664 sermone
660 2608 945 2677 humano,
977 2610 1077 2681 qui
1111 2627 1145 2665 a
1177 2609 1382 2666 multis
1406 2611 1597 2667 audiri
1631 2618 1841 2685 potest,
1875 2630 2012 2669 con-

357 2698 580 2772 scripta
610 2699 748 2755 sint.
773 2700 895 2765 Quo
926 2700 988 2755 in
1018 2704 1177 2757 tomo
1201 2702 1488 2775 scriptum
1510 2711 1617 2772 est,
1644 2708 1710 2759 ut
1734 2705 2009 2761 velociter

357 2788 459 2844 ﬁat
490 2788 741 2861 direptio
798 2790 1163 2861 spoliorum:
1224 2793 1702 2865 quandoquidem
1754 2794 1919 2851 velox
1949 2799 2008 2850 et

354 2876 590 2950 fulgure
616 2877 781 2933 omni
812 2879 971 2935 ocior
1001 2880 1224 2935 exstitit
1250 2882 1541 2954 Evangelii
1566 2884 1854 2955 doctrina,
1879 2902 2005 2956 qua:

352 2966 422 3022 ad
455 2965 601 3022 fines
625 2966 787 3022 orbis
815 2972 1104 3023 terrarum
1130 2969 1789 3043 perlingens,hujusque
1807 2971 2004 3027 saeculi

350 3054 676 3126 principem
710 3055 991 3129 spolians,
1032 3074 1133 3114 eos
1178 3058 1278 3130 qui
1310 3059 1495 3130 ipsius
1542 3061 1806 3116 servituti
1838 3066 2005 3118 erant

352 3144 670 3217 mancipati
702 3162 768 3201 eo
813 3145 1079 3215 adduxit,
1129 3153 1193 3201 ut
1240 3147 1466 3204 Christo
1516 3149 2000 3222 obsequerentur.

349 3230 607 3304 Direptio
654 3237 850 3289 autem
910 3238 1001 3289 est
1065 3234 1389 3306 spoliorum
1448 3237 1791 3294 distributio
1824 3256 2001 3311 quam
2035 3224 2076 3289 Ο

349 3336 548 3377 curam
567 3321 792 3393 angelis
815 3339 917 3378 ceu
939 3322 1172 3379 humani
1190 3325 1418 3397 generis
1438 3328 1693 3398 providis
1710 3329 2003 3385 tutoribus

349 3410 709 3465 concredidit
731 3416 881 3468 Deus
895 3412 966 3468 ad
986 3413 1312 3470 custodiam
1332 3414 1639 3472 hominum
1659 3417 1999 3474 etsalutcm.

347 3498 487 3553 Eam
519 3498 592 3553 ob
625 3514 747 3554 rem
775 3499 1063 3573 scriptum
1088 3508 1197 3574 est,
1226 3508 1290 3559 ut
1317 3504 1593 3562 velociter
1614 3507 2001 3579 direptionem

347 3587 522 3643 faciat
541 3587 887 3660 spoliorum.
913 3591 1843 3668 AdestenimEvangelium,quod
1867 3614 2002 3652 eum

347 3678 449 3749 qui
482 3677 706 3749 pridem
740 3696 770 3735 e
801 3679 944 3736 coelo
993 3684 1464 3755 exspectabatur,
1500 3691 1840 3756 praesentem
1874 3702 2004 3741 esse

348 3765 520 3821 nobis
551 3768 883 3823 annuntiat.
917 3768 1081 3826 Urias
1101 3776 1320 3842 autem,
1345 3771 1558 3844 inquit,
1594 3779 1650 3829 et
1668 3773 2002 3840 Zacharias,

346 3869 550 3909 eorum
585 3872 713 3926 quas
737 3856 795 3911 in
821 3857 1131 3931 Evangelio
1154 3860 1517 3930 scribuntur,
1542 3869 1719 3919 testes
1742 3865 1880 3920 sint.
1902 3866 2006 3921 Est

319 3945 546 4005 _autem
566 3942 737 3999 Urias
756 3947 1053 4013 sacerdos,
1087 3947 1275 4022 legem
1301 3967 1335 4006 a
1353 3954 1549 4024 Moyse
1568 3953 1999 4026 promulgatam

349 4046 527 4087 sensu
587 4031 898 4106 allegorico
955 4036 1314 4110 designans;
1374 4046 1464 4097 est
1519 4058 1652 4098 vero
1694 4042 2004 4099 Zacharias

349 4119 657 4193 propheta.
691 4123 861 4196 Viget
907 4126 1033 4197 jam
1086 4128 1488 4203 Evangelium,
1539 4136 1739 4203 utpote
1769 4132 1914 4206 legis
1947 4136 2006 4189 et

347 4208 771 4283 prophetarum
823 4215 1163 4274 testimonio
1209 4219 1642 4277 conﬁrmatum.
1692 4220 1999 4279 Ceterum.

348 4298 538 4370 Urias,
573 4300 625 4358 si
684 4301 1112 4377 interpreteris,
1161 4312 1333 4364 sonat
1384 4310 1487 4365 Dei
1534 4310 2002 4370 illustrationem:

344 4386 662 4448 Zacharias
690 4407 847 4461 vero,
895 4397 1225 4453 memoriam
1272 4398 1406 4455 Dei:
1456 4398 1615 4456 {ilius
1663 4416 1796 4456 vero
1827 4405 2003 4457 Bara-

346 4474 514 4545 chits,
548 4478 606 4533 id
639 4485 751 4552 est,
785 4481 1182 4542 benedictionis
1209 4487 1327 4545 Dei.
1352 4486 1774 4552 Quostandem
1800 4488 2002 4546 fideles

349 4563 624 4665 homines
655 4571 909 4665 ducebat
953 4592 1077 4634 esse
1131 4575 1358 4634 testes?
1404 4576 1464 4634 Si
1519 4577 1654 4650 quis
1701 4578 1779 4635 sit
1824 4595 1859 4635 a
1889 4584 2003 4636 Deo
2032 4600 2079 4665 Β

342 4656 701 4807 ξῖῗυεῐτιιὶιιιε,
732 4663 952 4738 Deique
983 4667 1330 4725 memoriam
1363 4666 1663 4725 assiduam
1688 4667 2001 4738 servet,hic

342 4761 361 4800 1
414 4764 445 4805 e
480 4765 563 4807 6P1
596 4793 609 4807 .

342 4761 445 4805 ιιιθ
480 4761 609 4807 erit.

410 4930 538 4987 208.
572 4931 793 5006 Ecquid
827 4932 1010 5007 igitur
1058 4935 1174 4993 sibi
1223 4935 1347 4996 vult
1392 4937 1561 5008 illud,
1589 4939 1654 4997 Et
1687 4939 1897 5000 accessi
1925 4939 1997 4997 ad

2120 2165 2292 2222 έκεῖνο
2317 2165 2562 2236 τελέσας,
2595 2165 2702 2221 ἀπὸ
2760 2167 2944 2239 ἑτέρας
3006 2166 3118 2240 (29)
3171 2165 3351 2241 ἀρχῆς
3399 2165 3466 2222 τὰ
3521 2165 3773 2242 περὶτῆς

2116 2252 2457 2334 προφήτιδος
2491 2258 2623 2329 ἡμῖν
2659 2252 2989 2331 διαλέγεται.

2187 2348 2314 2403 207.
2350 2347 2583 2416 Μήποτε
2614 2340 2671 2399 δὲ
2698 2342 2868 2409 τύπος
2899 2343 3039 2399 ἐστὶν
3074 2344 3103 2399 6
3134 2347 3230 2399 τοῦ
3262 2343 3451 2399 καὶνοῦ
3480 2344 3568 2400 καὶ
3606 2344 3767 2419 μεγά-

2119 2434 2220 2491 λου
2250 2435 2421 2508 τόμος
2453 2441 2552 2504 τῆς
2608 2436 2810 2504 Καινῆς
2861 2432 2952 2488 καὶ
3013 2431 3260 2509 μεγάλης
3308 2434 3603 2505 Διαθιίκης,
3640 2455 3766 2510 γρα-

2119 2522 2233 2602 φίδι
2294 2524 2582 2600 ἀνθρώπου
2634 2521 3041 2600 γεγραμμένης
3104 2519 3192 2576 διὰ
3236 2521 3297 2576 τὸ
3358 2520 3497 2593 λέξει
3553 2524 3766 2599 ἀνθρω-

2116 2612 2244 2689 πίνῃ
2296 2613 2386 2668 καὶ
2445 2611 2731 2668 ἀκούεσθαι
2794 2610 3062 2687 δυναμένῃ
3140 2611 3286 2686 παρᾶ
3351 2616 3456 2666 τῶν
3516 2608 3772 2680 πολλῶν,

2116 2701 2411 2780 γεγράφθαι
2477 2705 2573 2756 τοῦ
2630 2698 2968 2777 Εὐαγγελίου
3020 2699 3091 2754 τὰ
3140 2699 3375 2776 ῥήματα.
3434 2701 3518 2756 Ἐν
3576 2701 3622 2772 ᾧ
3681 2702 3771 2776 γέ-

2114 2812 2349 2867 γραπται
2394 2791 2456 2846 τὸ
2517 2789 2682 2863 ὀξέως
2739 2792 3020 2865 προνομήν
3071 2796 3296 2858 ποιῆσαι
3356 2787 3591 2844 σκύλων·
3655 2787 3768 2843 διό-

2113 2901 2164 2935 τι
2220 2884 2414 2955 ταχεῖα
2471 2879 2678 2955 γέγονε,
2728 2878 2818 2934 καὶ
2876 2880 3153 2954 ἀστραπῆς
3214 2877 3433 2951 ὀξυτέρα
3481 2879 3678 2947 πάσης,
3726 2881 3758 2948 ἡ

2111 2973 2208 3025 τοῦ
2266 2968 2603 3046 Εὐαγγελίου
2689 2964 3030 3034 διδασκαλία,
3105 2965 3189 3021 ἐπὶ
3254 2966 3320 3020 τὰ
3398 2963 3600 3039 πέρατα
3654 2973 3756 3035 τῆς

2113 3057 2441 3131 οἰκουμένης
2498 3054 2885 3130 διικνουμένη,
2956 3055 3045 3111 καὶ
3099 3054 3426 3111 πυλεόουσα
3501 3054 3593 3108 τὸν
3663 3051 3805 3128 ἅρ-.

2112 3167 2286 3224 χοντα
2312 3152 2409 3203 τοῦ
2459 3147 2660 3209 αἰῶνος
2709 3145 2927 3220 τούτου,
2954 3146 3044 3201 καὶ
3094 3144 3221 3222 ρρὸς
3262 3144 3358 3213 τὴν
3393 3143 3633 3211 ὑπακοὴν
3664 3147 3762 3197 τοῦ

2116 3242 2355 3311 Χριστοῦ
2432 3238 2862 3311 ἀντιμεθιστῶσα
2960 3233 3087 3297 τοὺς
3191 3231 3761 3310 αἲχμαλωτισθὶντας.

2112 3328 2378 3403 Ηρονομή
2413 3325 2469 3381 δέ
2500 3325 2640 3382 ἐστιν
2682 3329 2716 3395 ἡ
2762 3330 2869 3380 τῶν
2921 3324 3135 3380 σκύλων
3193 3321 3454 3397 διανομή·
3491 3323 3621 3398 ὅπερ
3651 3325 3766 3383 τοῖς

2115 3415 2477 3490 ἐπιμεληταῖς
2505 3419 2600 3470 τοῦ
2630 3420 2738 3469 τῶν
2799 3415 3099 3488 ἀνθρώπων
3151 3412 3338 3489 γένους
3390 3410 3649 3487 ἀγγέλοις
3683 3408 3762 3465 δι-

2115 3503 2310 3561 έδωκεν
2347 3506 2375 3560 6
2408 3506 2536 3568 Θεὸς
2597 3504 2671 3567 εἰς
2732 3503 2980 3582 φυλακήν
3029 3502 3119 3557 καὶ
3165 3501 3461 3574 σωτηρίαν.
3510 3500 3610 3554 Διὰ
3645 3503 3765 3554 τοῦ-

2111 3615 2172 3649 το
2199 3594 2493 3670 γέγραπται
2525 3596 2661 3667 (30),
2713 3592 2874 3665 ὀξέως
2921 3591 3206 3670 προνομὴν
3254 3592 3481 3659 ποιῆσαι
3524 3587 3762 3646 σκύλων.

2113 3686 2345 3759 Ηάρεστι
2391 3683 2490 3760 γὰρ
2541 3683 2603 3738 τὸ
2657 3680 3009 3759 Εὐαγγέλιονο
3068 3680 3161 3736 τὸν
3219 3681 3394 3736 πάλαι
3450 3676 3765 3755 προσδοκώ-

2116 3795 2275 3847 μενον
2335 3772 2386 3844 ἐξ
2442 3772 2694 3849 οὐρανοῦ,
2754 3777 2944 3826 τοῦτον
2999 3770 3239 3847 παρόντα
3295 3771 3431 3843 ἡμῖν
3483 3766 3763 3843 εὐαγγελί-

2115 3868 2278 3933 ζεται.
2324 3864 2604 3938 Μάρτυρες
2661 3859 2718 3916 δὲ
2773 3865 2881 3916 τῶν
2939 3861 3299 3938 γραφομένων
3351 3857 3402 3913 ἐν
3458 3862 3536 3929 τῷ
3585 3856 3762 3933 Εὐαγ-

2112 3952 2283 4029 γελίῳ
2315 3952 2574 4024 ἔστωσαν,
2636 3950 2823 4028 φησὶν,
2881 3950 3080 4026 Οὐρίας
3138 3949 3228 4004 καὶ
3287 3948 3576 4025 Ζαχαρίας.
3610 3948 3762 4004 Ἔστι

2114 4042 2230 4099 δὲὸ
2281 4043 2377 4116 μὲν
2435 4040 2630 4117 Οὐρίας
2680 4040 2873 4116 ἱερεὺς,
2933 4034 3284 4113 συμϐολικῶς
3344 4036 3762 4115 χαρακτηρίζων

2109 4133 2202 4188 τὸν
2256 4129 2345 4187 διὰ
2391 4131 2628 4194 Μωσέως
2678 4126 3113 4206 παραδεδομένον
3162 4128 3353 4201 νόμον·
3388 4130 3416 4183 6
3472 4124 3527 4182 δὲ
3583 4126 3761 4181 Ζαχα-

2111 4221 2250 4297 ρίας,
2298 4223 2610 4298 προφήτης.
2663 4218 3117 4296 Μαρτυρούμενον
3181 4215 3237 4273 δὲ
3296 4217 3399 4273 ὑπὸ
3446 4220 3542 4273 τοῦ
3583 4214 3762 4289 νόμου

2111 4309 2200 4365 καὶ
2247 4314 2356 4366 τῶν
2416 4313 2713 4387 προφητῶν
2762 4307 3069 4362 συνίσταται
3126 4307 3189 4361 τὸ
3238 4302 3597 4382 Εὐαγγέλιον.
3643 4305 3765 4381 Ἐρ-

2116 4398 2402 4473 μηνεύεται
2462 4395 2518 4454 δέ
2577 4399 2604 4453 ὁ
2667 4397 2762 4472 μὶν
2812 4397 3042 4474 Οὐρίας,
3100 4397 3382 4474 φωτισμὸς
3446 4397 3602 4450 Θεοῦ·
3646 4390 3767 4449 ὁδὶ

2111 4485 2384 4564 Ζαχαρίας
2417 4531 2431 4557 ,
2504 4488 2695 4563 μνήμη
2753 4490 2888 4543 Θεοῦ
2921 4504 2934 4518 ·
2991 4484 3109 4548 υἱὸς
3171 4481 3229 4540 δὶ
3289 4482 3609 4560 Βαραχίου,
3662 4487 3761 4551 τῆς

2112 4576 2371 4654 εὐλογίας
2413 4584 2515 4649 τῆς
2588 4580 2686 4632 τοῦ
2740 4579 2918 4633 Θεοῦ.
2976 4574 3133 4638 Τίνας
3194 4571 3285 4629 οῦν
3344 4568 3570 4651 ἔπρεπεν
3629 4572 3759 4626 εἶναι

2111 4666 2335 4731 πιστοὺς
2396 4666 2709 4743 ἀνθρώπους
2768 4668 2880 4740 (31)
2936 4664 3246 4742 μάρτυρας;
3283 4658 3358 4721 Ei'
3398 4661 3481 4726 τίς
3513 4661 3621 4718 ἔστι
3652 4681 3753 4716 πε-

2110 4759 2453 4837 φωτισμένος
2503 4754 2610 4812 ἀπὸ
2667 4759 2822 4826 Θεοῦ,
2884 4754 2973 4810 καὶ
3050 4754 3271 4830 μνήμην
3332 4747 3478 4828 ἔχων
3535 4749 3761 4822 διηνεκῆ

2109 4852 2264 4905 Θεοῦ.

2176 4939 2303 4997 208.
2362 4936 2432 4998 Τί
2486 4933 2577 4994 οὖν
2639 4931 2752 4992 ἐστι
2798 4933 2884 5008 τὸ,
2943 4930 3042 4991 Καὶ
3086 4930 3403 5012 προσῆλθον
3467 4928 3605 5008 πρὸς
3661 4928 3762 5000 τὴν

418 5094 460 5129 ¹⁶
491 5094 621 5153 Ose.
657 5116 696 5165 1,
730 5101 785 5155 2.
867 5103 912 5137 ¹⁷
945 5101 1089 5159 ibid.
1123 5105 1176 5161 4.
1259 5106 1302 5145 1⁸
1333 5110 1534 5166 Ezech.
1567 5126 1645 5182 ιν,
1675 5109 1726 5168 4.
1806 5112 1849 5149 ¹⁹
1879 5113 2020 5169 ibid.
2051 5112 2107 5169 6.

412 5254 528 5396 (20)
563 5256 803 5340 Antiqui
836 5280 936 5319 sex
965 5264 1125 5333 libri,
1156 5268 1415 5338 ποιήσας.
1441 5271 1614 5343 Editi,
1645 5274 1891 5341 ποιῆσαι.

412 5322 502 5396 (2⁷
561 5327 736 5396 Edim,
770 5332 843 5395 ὡς
873 5334 985 5392 καί.
1036 5340 1215 5396 Abest
1262 5340 1351 5394 καί
1395 5360 1429 5396 a
1460 5344 1678 5396 nostris
1709 5363 1808 5396 sex
1838 5364 1891 5396 cc

413 5322 526 5402 (27)
561 5322 736 5402 nam;
770 5332 843 5395 ὡς
873 5334 985 5392 καί.
1028 5322 1215 5397 Abest
1262 5322 2000 5402 iat'sBBéiiié'séiEédi-

347 5394 805 5490 citius-.‘lbidem
840 5408 1002 5490 editi,
1053 5394 1317 5482 ἰιξέδέιήλ
1347 5394 1431 5469 τιέξ
1461 5394 1998 5490 Ῑίῑιὶἐίξτῖιῗίιῖἶὸ-

345 5468 485 5521 stris
516 5485 616 5524 sex
649 5488 792 5530 mss.
827 5468 1009 5538 deest.

561 5540 1104 5632 Ulterque§Colb.,_ﬁ
1138 5553 1248 5632 ἐπί.

351 5611 535 5758 ἐτὲἓὲ)
586 5611 844 5689 Antiqui
890 5611 1204 5699 sex'libri,
1263 5627 1369 5682 ἀπὸ
1424 5628 1627 5702 ἑτέρας.
1688 5633 1859 5706 Editi,
1911 5632 2001 5710 ἀφ’

2184 5274 2299 5347 (30)
2332 5274 2507 5349 Editi,
2537 5269 2838 5349 γέγραπται
2861 5269 2945 5327 τό.
2980 5268 3202 5349 vocula
3227 5264 3291 5349 τιό
3322 5263 3766 5349 inin-ostris”:

2112 5338 2256 5403 mss.
2281 5338 2409 5403 'non
2442 5338 2757 5403 invenitur.
2788 5348 2918 5401 Mox
2947 5344 3117 5400 ambo
3147 5340 3490 5409 Colbertini,
3519 5338 3761 5413 παρέστη

2111 5419 2297 5573 ῒάῗέί)
2329 5490 2424 5546 Sic
2480 5489 2708 5573 antiqui
2755 5487 2890 5573 libri
2948 5502 3176 5573 omnes.
3224 5484 3396 5549 Editi,
3453 5477 3762 5573 Etﬂoit’eiv

2110 5554 2445 5687 ἓνὸρῶποις.
2497 5554 2816 5635 Aliquanto
2871 5564 3007 5632 post
3063 5575 3210 5616 mss.
3251 5554 3545 5614 nonnulli.
3605 5554 3764 5613 εἷ’τις

2138 5652 2279 5689 atat.
