4138 6376
229 320 356 380 41⁸7

1043 313 1453 377 COMMENT.
1497 315 1574 377 IN
1626 315 1892 378 lSAIAM
1939 314 2445 379 PROPHETAM.
2490 317 2664 380 CAP.
2711 319 2871 379 VIII.

3553 322 3674 382 478

231 451 518 527 προφῆτιν
553 465 568 517 ;
600 444 908 517 Τουτέστιν,
956 450 1190 521 ’Ἢγγισα
1238 451 1317 519 τῷ
1370 445 1662 520 πνεύματι,
1712 446 1801 501 καὶ
1848 451 1895 519 τί

2028 450 2427 520 prophetissam
2460 450 2488 506 ?
2520 450 2635 505 Hoc
2667 454 2778 517 est,
2838 450 3590 524 Approphiquavi'spiritu,
3616 456 3677 508 ct

233 538 552 616 προγνώσει
646 539 746 590 τῶν
835 534 1110 609 ἐσομένων
1152 578 1166 603 ,
1225 540 1294 611 τῇ
1370 533 1689 614 προφητιδι.
1768 539 1910 593 Κατ-

236 623 445 685 έλαϐον
500 627 607 703 γὰρ
665 624 755 680 καὶ
806 623 972 680 οῗονεὶ
1023 623 1328 695 ἐπλησίασα
1376 629 1444 699 τῇ
1489 627 1809 697 κατανοήσει
1838 629 1908 699 τῇ

234 720 586 797 προφητικῇ,
646 715 735 770 καὶ
796 711 941 770 εἶδον
1003 714 1171 784 αὐτῆς
1215 716 1312 784 τῆν
1369 714 1644 791 σύλληψιν
1687 713 1907 792 πόρρω-

239 810 353 880 θεν,
417 804 837 883 προενατενίσας
896 808 978 877 τῷ
1035 802 1340 881 χαρίσματι
1390 807 1491 870 τῆς
1549 803 1905 883 προφητείας·

240 898 327 955 ὅτι
375 896 551 953 ἔτεκεν
609 894 726 949 υἱὸν
778 894 902 970 περὶ
952 891 1015 948 οὗ
1065 894 1205 949 εἶπεν
1258 895 1286 948 6
1334 892 1561 970 Κύριος,
1607 892 1690 948 ὅτι
1731 891 1906 949 Καλέ-

244 1009 356 1051 σεις
405 987 469 1043 τὸ
531 980 710 1058 ὄνομα
785 982 949 1038 αὐτοῦ
980 1028 995 1054 ,
1056 981 1285 1058 Ταχέως
1342 982 1655 1053 σκύλευσον,
1711 980 1906 1053 Ὀξέως

246 1076 648 1155 προνὸμευσον.
708 1071 937 1149 Ταχέως
993 1069 1284 1127 ἐσκύλευσε
1338 1069 1430 1127 τὸν
1494 1071 1757 1149 ΐσχυρὸν,
1812 1072 1905 1125 τὸν

258 1164 597 1244 φυλάσσοντα
675 1164 868 1218 ἑαυτοῦ
938 1161 1006 1217 τὰ
1074 1163 1350 1235 κτήματα’
1430 1161 1558 1225 τοὺς
1638 1161 1738 1216 ὑπὸ
1805 1167 1906 1230 τῆς

258 1254 520 1332 ἁμαρτίας
622 1249 1007 1329 πεπραμένους
1064 1297 1079 1323 ,
1165 1249 1256 1305 καὶ
1348 1252 1755 1327 κατεχομένους
1856 1248 1908 1304 ἐν

250 1350 365 1407 τοῖς
413 1340 636 1417 δεσμοῖς
688 1346 784 1396 τοῦ
844 1341 1099 1404 θανάτου.
1150 1337 1473 1395 Ἐσκύλευσε
1532 1341 1625 1414 μὶν
1684 1339 1906 1408 ἐκεῖνον,

246 1432 616 1508 προενόμευσε
676 1428 734 1486 δὲ
795 1434 914 1492 ταῖς
975 1425 1138 1491 ῗδίαις
1197 1429 1316 1502 (32)
1367 1426 1643 1502 δυνάμεσι*
1691 1424 1910 1493 διαδοὺς

244 1521 377 1584 τοὺς
407 1521 638 1585 πιστοὺς
681 1520 821 1596 πρὸς
869 1516 1118 1597 φυλακὴν
1160 1517 1252 1573 καὶ
1301 1518 1538 1596 φρουρὰν
1582 1523 1698 1580 τοῖς
1725 1516 1908 1593 ,ἁγίοις

246 1610 536 1689 ἀγγέλοις,
578 1610 703 1688 περὶ
755 1609 828 1664 ὧν
872 1606 961 1663 καὶ
1003 1605 1164 1669 αὐτὰς
1210 1605 1377 1683 λέγει,
1431 1604 1534 1665 ὅτι.
1568 1608 1635 1665 Οἱ
1683 1603 1907 1683 ἄγγελοι

250 1703 404 1776 ὑμῶν
465 1697 755 1761 διαπαντὸς
824 1696 1089 1775 βλέπουσι
1144 1696 1208 1752 τὸ
1264 1696 1558 1773 πρόσωπον
1624 1700 1720 1751 τοῦ
1798 1703 1905 1751 Πα-

242 1789 374 1866 τρός
427 1810 555 1864 μου,
606 1791 708 1844 τοῦ
760 1785 816 1843 ἐν
865 1791 981 1849 τοῖς
1032 1785 1305 1862 οὐρανοῖς.
1358 1785 1530 1849 Οὗτος
1558 1784 1658 1861 γάρ
1708 1784 1848 1841 ἐστιν
1878 1785 1906 1840 6

253 1877 420 1948 ὀξέως
471 1875 852 1955 προνομεύσας
888 1920 902 1946 ,
961 1875 1084 1949 περὶ
1157 1875 1219 1930 οὗ
1285 1875 1615 1952 γέγραπταιο
1673 1868 1905 1935 ’Λναϐἆς

249 1967 328 2031 εἷς
400 1965 538 2043 ὕψος
613 1963 1049 2043 ᾐχμαλώτευσεν
1113 1961 1501 2041 αΐχμαλωσίαν
1535 2010 1552 2032 ,
1597 1959 1763 2019 ἔλαϐε
1815 1961 1906 2018 δό-

252 2078 396 2131 ματα
446 2055 500 2113 ἐν
554 2055 889 2132 ἀνθρώποις.
925 2056 1050 2113 ’Ότι
1103 2051 1162 2110 δὲ
1203 2061 1478 2133 προφῆτις
1524 2055 1560 2124 ἡ
1612 2052 1817 2130 Μαρία,

248 2147 540 2222 προσῆλθε
590 2145 728 2203 κατὰ
770 2147 862 2201 τὸν
913 2145 1315 2222 προσεγγισμὸν
1358 2145 1451 2199 τὸν
1486 2140 1575 2199 διὰ
1617 2149 1718 2213 τῆς
1759 2142 1904 2218 γνώ-

246 2257 385 2301 σεως
433 2237 463 2292 ὁ
522 2235 766 2309 Ἡσαΐας,
800 2232 980 2297 οὐδεὶς
1029 2236 1268 2311 ἀντερεῖ,
1327 2233 1675 2308 μεμνημένος
1733 2232 1903 2302 αὐτῆς

244 2330 353 2380 τῶν
413 2327 529 2401 (33)
586 2324 873 2400 ῥημάτων,
928 2323 962 2378 ἃ
1000 2326 1356 2400 προφητικῶς
1404 2322 1797 2401 ἀπεφθέγξατο.
1839 2320 1904 2377 Τί

245 2415 347 2490 γάρ
381 2436 515 2492 φησι
550 2434 564 2484 ;
600 2412 909 2491 Μεγαλύνει
955 2414 991 2483 ἡ
1043 2412 1196 2489 ψυχή
1248 2433 1353 2485 μου
1402 2412 1493 2467 τὸν
1539 2413 1764 2488 Κύριον,
1812 2411 1903 2467 καὶ

249 2502 558 2580 ἠγαλλίασε
611 2504 673 2558 τὸ
731 2504 946 2576 ττνεῦμά
1000 2523 1103 2575 μου
1144 2500 1231 2556 ἐπὶ
1282 2506 1361 2574 τῷ
1403 2506 1517 2574 Θεῷ
1562 2506 1642 2574 τῷ
1692 2502 1899 2576 σωτῆρί

253 2615 379 2665 μου,
441 2593 525 2648 ὅτι
581 2587 879 2666 ἐπέϐλεψεν
938 2591 1027 2646 ἐπὶ
1082 2592 1183 2660 τῆν
1249 2590 1570 2646 ταπείνωσιν
1615 2598 1715 2660 τῆς
1776 2588 1900 2645 δού-

250 2680 354 2754 λης
409 2682 599 2740 αὐτοῦ.
653 2679 793 2737 Ἰδοὺ
842 2682 946 2757 γὰρ
991 2680 1098 2736 ἀπὸ
1152 2684 1250 2735 τοῦ
1305 2684 1396 2734 νῦν
1458 2680 1782 2757 μακαριοῦσί
1836 2701 1903 2754 με

250 2778 412 2827 πᾶσαι
444 2773 499 2827 αἱ
530 2770 727 2848 γενεαί.
776 2771 880 2828 Καὶ
933 2767 1087 2832 ὅλοις
1137 2790 1198 2846 γε
1247 2769 1538 2840 ἐπιστήσας
1566 2774 1683 2832 τοῖς
1716 2769 1901 2845 ῥήμα-

251 2883 327 2915 σιν
361 2861 549 2929 αὐτῆς,
593 2862 654 2915 ού
707 2858 976 2921 ὂιστάσεις
1024 2858 1188 2927 αὐτὴν
1244 2857 1411 2913 εἰπεῖν
1465 2858 1554 2913 καὶ
1604 2861 1898 2936 προφῆτιν.

250 2950 393 3006 Διύτι
440 2954 656 3023 Πνεῦμα
701 2949 906 3023 Κυρίου
956 2947 1189 3016 ἐπῆλθεν
1241 2946 1324 3003 ἐπ’
1369 2946 1556 3020 αὐτὴν,
1603 2947 1693 3002 καὶ
1740 2944 1900 3003 δύνα-

267 3061 355 3110 μις
427 3038 678 3112 Ὑψίστου
752 3036 1064 3092 ἐπεσκίασεν
1100 3080 1113 3093 .
1167 3039 1334 3111 Ὅπερ
1395 3037 1486 3090 οὖν
1548 3037 1895 3113 προσετάχθη

255 3126 455 3201 γράψαι
485 3124 536 3179 ἐν
581 3131 660 3198 τῷ
692 3125 847 3199 τὸμῳ
889 3125 1089 3197 τούτῳ,
1123 3122 1432 3195 πλησιάσας
1474 3128 1543 3199 τῇ
1576 3122 1896 3205 προφήτιδι,

2020 538 2351 594 futurorum
2386 539 2762 610 prsenotione,
2821 539 2892 594 ad
2946 539 3402 612 prOphetissam.
3452 542 3678 597 Adveui

2019 628 2203 693 enim,
2235 634 2414 700 atque
2446 628 2779 700 cognitione
2811 628 3185 701 velut'prcpe
3222 630 3531 697 accessi;et
3578 630 3674 685 in-

2017 717 2197 773 tentis
2228 720 2281 772 in
2314 722 2684 773 antecessum
2711 735 2812 789 per
2842 717 3156 789 prophetiw
3216 718 3438 774 donum
3464 718 3676 789 oculis,

2018 805 2216 878 procul
2252 807 2523 877 conspexi
2556 806 2718 861 illius
2770 810 3140 878 conceptum.
3189 807 3347 879 Vidi,
3405 808 3680 881 inquam,

2017 894 2315 967 peperisse
2340 895 2550 961 ﬁlium,
2601 895 2672 951 de
2708 911 2823 967 quo
2856 895 3001 950 dixit
3054 895 3333 952 Dominus
3368 914 3380 953 :
3414 896 3672 954 Vocabis

2019 1001 2229 1039 nomen
2313 984 2522 1056 ipsius,
2575 983 2691 1039 Cito
2755 985 2951 1055 spolia,
3018 985 3283 1041 Velociter
3332 985 3671 1057 deprazdare.

2015 1075 2289 1128 Actutum
2320 1072 2589 1145 spoliavit
2622 1073 2998 1139 fortem,suas
3028 1074 3214 1145 ipsius
3268 1074 3676 1146 possessiones

2017 1163 2459 1231 custodientem,
2493 1179 2591 1218 cos
2624 1161 2867 1227 scilicet,
2903 1161 2999 1233 qui
3053 1163 3162 1217 sub
3208 1168 3442 1234 peccato
3499 1168 3671 1220 erant

2016 1252 2355 1307 venumdati
2385 1252 2782 1323 “,mortisque
2813 1249 3063 1306 vinculis
3094 1251 3674 1325 detinebantur.Spo-

2017 1339 2181 1399 liavit
2212 1340 2446 1413 quidem
2479 1340 2643 1396 illum
2680 1357 2692 1395 :
2726 1342 2821 1396 sed
2857 1341 3111 1412 praedam
3146 1357 3325 1412 quam
3361 1341 3511 1412 fecit,
3543 1342 3666 1397 vir-

2021 1430 2251 1489 tutibus
2283 1431 2408 1487 suis
2431 1429 2755 1497 distribuit;
2789 1429 3270 1501 quandoquidem
3302 1429 3506 1486 ﬁdeles
3529 1449 3671 1488 suos

2017 1519 2244 1595 angelis
2257 1519 2475 1576 sanctis
2490 1519 2908 1575 custodiendos
2921 1518 3170 1573 credidit
3184 1523 3240 1573 et
3257 1520 3666 1575 asservandus:

2018 1610 2089 1666 de
2113 1611 2332 1684 quibus
2363 1609 2490 1682 ipse
2513 1610 2615 1676 ait,
2677 1608 2872 1678 Angeti
2920 1608 3084 1663 vestri
3110 1623 3323 1679 semper
3352 1608 3540 1664 vident
3576 1609 3669 1679 [a-

2014 1703 2157 1758 ciem
2185 1701 2374 1756 Patris
2404 1700 2535 1766 mei,
2569 1698 2666 1769 qui
2686 1698 2743 1751 in
2774 1696 2929 1752 caelis
2949 1700 3029 1752 est
3076 1696 3143 1750 ’1.
3180 1696 3284 1752 Hic
3342 1701 3432 1753 est
3487 1697 3668 1765 enim,

1940 1817 1988 1883 Β
2020 1790 2119 1864 qui
2152 1791 2264 1845 cito
2296 1787 2485 1861 spolia
2508 1785 2863 1883 detraxit,del
2886 1802 3003 1883 quo
3036 1785 3323 1883 script-um
3354 1787 3671 1883 est:Ascenf

2016 1879 2149 1935 dens
2179 1881 2239 1934 in
2269 1876 2478 1947 altum,
2508 1878 2787 1947 captivam
2829 1874 2991 1930 duxit
3017 1876 3412 1946 captivitatem,
3464 1876 3675 1949 accepit

2012 1968 2155 2024 dona
2185 1967 2244 2023 in
2276 1966 2596 2022 hominibus
2628 1964 2697 2018 9’.
2718 1963 2899 2021 Nemo
2932 1968 3125 2018 autem
3157 1964 3307 2020 535
3344 1967 3668 2035 negaturus

2012 2061 2101 2114 est
2131 2055 2373 2113 Mariam
2407 2069 2535 2110 esse
2568 2052 3026 2126 prophetissam,
3082 2053 3151 2107 ad
3185 2068 3363 2125 quam
3420 2054 3670 2109 accessit

2013 2145 2195 2202 Isaias
2226 2162 2328 2218 per
2355 2142 2706 2216 cognitionis
2727 2142 3111 2209 accessum;si
3142 2142 3315 2197 modo
3341 2143 3466 2211 ejus
3491 2142 3669 2199 verba

2012 2233 2351 2309 pr0phetico
2382 2232 2592 2305 spiritu
2630 2229 2854 2304 prolata
2893 2234 3121 2286 revocet
3176 2229 3237 2286 in
3296 2231 3664 2288 memoriam.

2012 2324 2157 2390 Quid
2199 2323 2356 2379 enim
2410 2321 2538 2378 ait?
2588 2319 2897 2392 Magniﬁcat
2944 2321 3136 2376 anima
3160 2335 3286 2376 mea
3344 2321 3658 2377 Dominum.

2010 2415 2078 2471 Et
2131 2413 2434 2469 exsultauit
2493 2412 2728 2484 spirit-us
2759 2426 2914 2465 meus
2942 2412 3001 2465 in
3051 2410 3155 2466 Deo
3185 2412 3465 2465 servatore
3504 2426 3661 2478 meo;

2012 2505 2141 2577 quia
2169 2503 2410 2574 respexit
2439 2500 2509 2556 ad
2532 2499 2906 2555 humilitatem
2935 2500 3167 2555 ancillae
3194 2514 3332 2556 suae.
3357 2500 3486 2555 Ecce
3513 2501 3665 2554 enim

2008 2609 2080 2649 ea:
2107 2593 2206 2648 hoc
2235 2591 2443 2648 beatam
2474 2606 2564 2644 me
2587 2589 2771 2644 dicent
2817 2603 3000 2644 omnes
3029 2590 3418 2657 generationes
3468 2587 3533 2644 ³³.
3595 2587 3664 2644 Et

2010 2687 2162 2738 certe
2195 2682 2394 2737 omnia
2422 2678 2584 2735 illius
2612 2679 2790 2734 verba
2820 2678 2867 2732 si
2902 2678 3218 2751 expendas,
3280 2694 3657 2750 nequaquam

2010 2769 2309 2827 dubitabis
2361 2768 2502 2841 quin
2543 2784 2669 2824 eam
2728 2783 2962 2840 quoque
2993 2767 3152 2822 dicat
3196 2766 3654 2839 prophetissam,

2009 2877 2140 2917 cum
2174 2858 2409 2917 Domini
2438 2857 2687 2931 Spiritus
2717 2856 3120 2929 supervenerit
3151 2856 3207 2910 in
3241 2857 3517 2928 ipsam,et
3544 2856 3660 2912 vir-

2008 2955 2107 3006 tus
2138 2948 2425 3005 Altissimi
2460 2947 2509 3002 ei
2543 2946 2981 3003 obumbraverit
3008 2946 3070 2999 9‘.
3105 2946 3267 3011 Quod
3302 2946 3479 3019 igitur
3509 2946 3655 3001 scri-

2008 3040 2143 3095 bere
2167 3038 2377 3111 jussus
2408 3044 2498 3092 est
2526 3034 2812 3109 propheta
2840 3034 2899 3089 in
2930 3034 3041 3090 hoc
3070 3032 3437 3103 tomo,simul
3460 3039 3523 3090 ut
3554 3052 3657 3107 ap-

2013 3126 2434 3202 propinquavit
2450 3127 2519 3181 ad
2556 3122 3078 3198 prophetissam,id
3101 3123 3225 3196 jam
3251 3123 3468 3179 factum
3489 3123 3657 3180 vidit.

257 3188 479 3289 γενηθὶν
510 3188 645 3288 (34)¹
680 3188 994 3290 ἐθεωρησεν.
1043 3188 1200 3268 "i3st
1226 3188 1350 3289 ’γὰρ
1402 3188 1633 3287 ἔρηταιἰ

2014 3188 2140 3274 illic
2167 3188 2457 3289 siquidem
2492 3188 2715 3270 dictum
2753 3217 2842 3269 est
2874 3229 2887 3268 :
2921 3188 3272 3284 Scribe'styto
3301 3213 3562 3284 hominis,
3596 3216 3662 3270 ut

251 3299 474 3381 γραφίδι
589 3302 876 3377 ἀνθρώπου
919 3346 933 3371 ,
1015 3301 1175 3372 ὀξέως
1280 3303 1565 3378 προνομὴν
1672 3310 1899 3374 ποιῆσαι

249 3391 491 3447 σκύλων·
551 3390 776 3455 ἐνταῦθα
832 3389 908 3459 δὲ,
963 3393 1097 3464 μετᾶ
1142 3392 1206 3446 τὸ
1249 3389 1444 3461 εἰπεῖν,
1488 3391 1570 3447 ὅτι
1603 3391 1654 3447 ἐν
1705 3395 1894 3469 γαστρῖ

247 3476 434 3553 ἔλαϐε,
484 3480 570 3535 καὶ
624 3477 798 3535 ἔτεκεν
844 3481 984 3548 υἱὸν,
1039 3480 1338 3558 γέγραπται
1392 3481 1475 3550 τὸ,
1510 3479 1612 3538 Καὶ
1644 3482 1758 3537 εἶπε
1789 3482 1896 3537 Κύ-

249 3592 366 3646 ριος
401 3587 414 3602 ⁸
498 3568 735 3625 Κάλεσον
814 3571 873 3625 τὸ
952 3565 1127 3644 ὄνομα
1190 3569 1355 3625 αὐτοῦ
1387 3614 1402 3642 ,
1461 3570 1685 3647 Ταχέως
1763 3572 1897 3628 σκύο

239 3660 430 3715 λευσον
467 3703 481 3728 ,
581 3658 777 3730 Ὀξέως
857 3658 1235 3735 προνόμευσον
1292 3705 1304 3717 .
1376 3662 1537 3715 Ὥστε
1615 3657 1896 3738 διαφόροις

234 3748 406 3822 λέξεσι
465 3744 555 3805 καί
612 3747 880 3810 ἐπινοίαις
936 3748 999 3803 τὸ
1057 3747 1187 3803 αύτὸ
1238 3745 1476 3824 λέγεται·
1513 3748 1567 3803 ἐν
1615 3754 1715 3822 τῷ,
1750 3746 1894 3806 Λάϐε

226 3842 438 3909 σεαυτῷ
493 3836 689 3910 τόμον·
746 3837 838 3891 καὶ
899 3835 952 3891 ἐν
1011 3840 1089 3909 τῷ
1123 3880 1137 3906 ,
1197 3835 1519 3912 Προσῆλθον
1598 3838 1735 3914 πρὸς
1788 3841 1889 3910 τῆν

234 3933 530 4005 προφῆτιν
573 3925 665 3980 καὶ
725 3923 878 3981 οὐδὲν
920 3924 1312 3995 ἀκατάλληλον
1368 3923 1484 4002 ἔχει
1532 3928 1568 3997 ἡ
1621 3926 1886 4004 ἐπαγωχὴ

230 4017 366 4093 πρὸς
426 4014 488 4070 τὰ
536 4013 1129 4091 προκείμενον.οὖτος
1187 4011 1247 4070 δὲ
1294 4016 1385 4071 καὶ
1443 4010 1607 4071 ἔλαϐε
1658 4014 1886 4091 δύναμιν

234 4108 549 4178 Δαμασκοῦ,
600 4105 628 4159 6
679 4103 737 4158 ἐκ
790 4110 895 4173 τῆς
950 4102 1293 4181 προφήτιδος
1347 4106 1763 4181 γεγεννημένος,
1795 4108 1884 4163 καὶ

226 4194 292 4249 τὸ
319 4193 495 4249 σκῦλα
542 4196 643 4264 τῆς
698 4193 1034 4269 Σαμαρείας.
1070 4193 1303 4267 Δύναμις
1351 4199 1662 4269 Δαμασκοῦ,
1696 4197 1748 4251 οἱ
1779 4196 1887 4252 ἀπὸ

221 4288 337 4339 τῶν
390 4283 560 4348 ἐθνῶν
610 4281 973 4347 πιστεύοντες·
1029 4281 1200 4339 σκῦλα
1231 4280 1289 4338 δὲ
1338 4283 1665 4357 Σαμαρείας,
1695 4287 1747 4341 οἱ
1779 4287 1885 4342 ἀπὸ

222 4379 534 4450 περιτομῆς
594 4372 1011 4437 πεπιστευκότες
1249 4371 1399 4428 Διύτι
1449 4374 1732 4449 Δαμασκὸς
1785 4376 1881 4450 μὶν

2008 3309 2264 3365 velociter
2291 3305 2651 3378 direptionem
2681 3304 2855 3374 faciat
2879 3302 3183 3374 spoliorum
3214 3346 3230 3372 ,
3290 3301 3382 3358 hic
3439 3307 3660 3371 autem,

2008 3402 2315 3469 postquam
2348 3394 2495 3450 dixit
2522 3410 2650 3450 eam
2683 3392 2740 3448 in
2775 3395 2940 3448 utero
2980 3391 3342 3464 concepisse,
3373 3409 3439 3448 ac
3484 3410 3659 3465 pepe-

2007 3486 2156 3542 risse
2188 3484 2402 3552 ﬁlium,
2434 3483 2722 3556 scriptum
2755 3487 2844 3537 est
2876 3498 2889 3537 :
2925 3481 2990 3536 Et
3019 3481 3168 3537 dixit
3200 3482 3481 3538 Dominus:
3523 3483 3658 3540 Voca

2003 3592 2203 3632 nomen
2244 3576 2384 3644 eius,
2420 3572 2537 3628 Cito
2565 3572 2767 3644 spolia,
2803 3571 3067 3627 Velociter
3095 3571 3435 3643 deprazdare.
3493 3572 3656 3628 Idem

2004 3661 2568 3738 itaqueexprimitur
2589 3660 2833 3716 diversis
2864 3658 3053 3715 verbis
3085 3677 3152 3716 ac
3182 3659 3654 3726 sententiis,cum

2004 3753 2219 3809 dicitur
2252 3769 2264 3807 :
2299 3750 2464 3807 Sume
2495 3750 2600 3805 tibi
2646 3754 2875 3815 tomum,
2929 3752 3005 3811 et,
3064 3748 3277 3804 Accessi
3302 3748 3373 3804 ad
3426 3747 3655 3821 praphe-

2001 3845 2223 3911 tissam;
2247 3838 2654 3896 illatioisthaac
2688 3836 2835 3892 nihil
2868 3853 3101 3909 quoque
3130 3838 3308 3894 habet
3337 3855 3471 3894 cum
3512 3856 3654 3911 pras-

2001 3931 2227 3988 cedenti
2262 3928 2656 4003 propositione
2685 3926 3150 3982 diseentaneum.
3184 3926 3287 3983 Hic
3319 3932 3517 3984 autem
3549 3927 3654 4000 qui

1999 4026 2176 4078 natus
2205 4023 2295 4077 est
2317 4037 2386 4076 ex
2442 4016 2829 4090 prophetissa,
2860 4020 2917 4073 et
2943 4017 3219 4072 virtutem
3253 4017 3391 4074 Dan‘
3405 4017 3545 4085 asci,
3597 4021 3655 4074 et

2000 4110 2184 4185 spolia
2213 4107 2490 4164 Samariae
2522 4106 2694 4179 cepit.
2725 4106 2927 4162 Virtus
2958 4104 3228 4162 Damasci
3282 4105 3323 4161 ii
3379 4111 3517 4162 sunt
3547 4106 3651 4179 qui

1997 4216 2067 4257 ex
2095 4197 2373 4273 gentibus
2415 4198 2663 4252 credunt
2696 4211 2708 4249 :
2742 4194 2933 4267 spolia
2962 4210 3097 4250 vero
3119 4195 3416 4266 Samariae,
3448 4195 3549 4268 qui
3580 4212 3653 4252 ex

1996 4285 2443 4345 circumcisione
2476 4283 2649 4339 ﬁdem
2677 4287 2817 4339 sunt
2844 4282 3346 4356 amplexi.Quippe
3376 4288 3441 4340 ut
3469 4282 3649 4355 Syria:

1996 4375 2336 4451 metrOpolis
2368 4376 2687 4431 Damascus
2721 4375 2831 4443 est,
2866 4371 2944 4428 ita
2986 4371 3385 4432 Israelitarum
3441 4376 3649 4432 Sama-

295 4482 341 4517 ³ο
372 4485 543 4537 Rom.
573 4496 673 4548 vn,
718 4479 803 4534 14.
882 4478 920 4514 ²¹
956 4479 1164 4536 Matth.
1205 4497 1365 4549 xvm,
1406 4482 1498 4537 10.
1538 4482 1585 4517 ²²
1620 4482 1838 4556 Ephes.
1868 4503 1895 4542 ι·

2005 4490 2036 4543 ι.
2112 4485 2160 4528 ³³
2197 4483 2338 4540 Luc.
2373 4498 2413 4553 1,
2446 4479 2640 4536 46-48.
2718 4479 2766 4515 ²⁴
2804 4479 2943 4537 Luc.
2968 4498 3006 4548 ι,
3037 4480 3128 4537 35.

291 4588 407 4659 (32)
440 4585 925 4659 Veteres_aliquot
957 4586 1115 4654 libri,
1145 4590 1265 4646 ταῖς
1296 4584 1547 4659 οἰκείαις.

291 4654 408 4732 (33)
433 4659 603 4732 Editi,
632 4654 948 4732 αύτῆιίτῆς.
993 4662 1069 4713 At
1118 4675 1289 4732 mss._,
1340 4655 1529 4732 αὐτῆς
1568 4661 1696 4716 τῶν.
1763 4662 1877 4719 Ibi-

220 4728 551 4806 detuACOIb.
590 4731 838 4806 primus,
874 4728 1663 4806 apooAanchCﬁv'retperEaro.

295 4801 409 4875 (34)
446 4802 754 4856 Βοιϐηιίοτ
784 4801 1118 4875 βοωὶωΐιεὶἱ
1151 4803 1329 4858 codex
1362 4801 1883 4875 et_Reg.secundus

222 4870 360 4928 cum
391 4870 591 4945 editis,
622 4870 893 4945 γεννηθέν.
927 4874 1086 4929 Alter
1112 4872 1450 4945 Combeﬁsii
1474 4870 1653 4931 codex
1683 4883 1739 4931 et
1782 4878 1881 4932 alii

223 4954 368 5013 tres,
399 4942 650 5019 γενηθὲν,
673 4946 1092 5022 .Statimﬁditi,
1126 4942 1239 4999 ἐκεῖ
1262 4942 1364 5022 γδιρ
1395 4942 1606 5022 εἷ’ρηται
1650 4946 1878 5022 γράψαι.

231 5024 302 5072 At
331 5012 432 5073 sei
465 5012 637 5081 mes"
670 5012 862 5076 ἰκεῖτε.
896 5012 1148 5090 fortasse
1178 5012 1286 5090 pro
1313 5012 1506 5090 ἰκεῖὰε,

297 5090 412 5161 (35)
445 5090 862 5158 Procopius,ut
890 5088 1007 5145 alia
1036 5087 1441 5161 permulta,ita
1471 5087 1880 5161 ἰ11υι1,Δῦναμις

297 5111 412 5161 {00)
445 5111 862 5158 εΤοουμιυδ,ιιι
890 5111 1007 5145 uua
1037 5111 1441 5161 permuttagm
1471 5111 1781 5159 ιιιυιι,Δυνα
1833 5111 1880 5152 ις

229 5162 536 5235 Δαμασκοῦ,
562 5164 706 5235 _ete.,
738 5177 772 5217 a
804 5164 1004 5217 nostro
1034 5165 1273 5218 auctore
1302 5162 1579 5235 sumpsit.
1633 5162 1756 5235 _Sed
1786 5111 1881 5219 ἐίἰο

220 5230 386 5289 locus
421 5232 579 5304 apud
611 5236 880 5307 nostrum
908 5238 1204 5307 auctorem
1238 5249 1419 5289 sanus
1442 5230 1539 5290 est
1553 5233 1876 5307 etinteger:

217 5307 373 5378 apud
410 5302 766 5378 Procopium
793 5320 931 5378 vero
957 5304 1041 5378 ita
1069 5306 1419 5378 depravatus
1450 5310 1634 5374 est,ut
1662 5322 1725 5364 ex
1750 5302 1880 5378 Ejus

212 5374 412 5433 verbis
440 5374 733 5433 sententia
753 5374 1125 5435 ineptissimo
1146 5374 1461 5434 efﬁciatur.
1485 5379 1581 5435 Sic
1608 5374 1880 5435 enim—le-

250 5449 411 5506 imus
441 5464 574 5522 pag.
595 5448 712 5522 Δ127
745 5462 759 5502 :
793 5445 1149 5522 Δύναμις-δὲ
1180 5451 1468 5522 Δαμασκοῦ
1499 5449 1573 5522 οἳ,
1602 5447 1709 5522 ἀπὸ
1769 5453 1877 5505 τῶν

243 5525 382 5584 θνῶν
419 5516 786 5597 πιστεύοντες·
839 5516 1016 5597 σκῦλα
1047 5516 1105 5597 ὃ)
1152 5516 1489 5597 Σαμαρείας,
1521 5520 1582 5597 _o't
1631 5519 1692 5576 ἐκ
1721 5540 1878 5597 περι-

208 5599 396 5663 τομῆς
426 5590 534 5648 εῒεν
565 5585 807 5645 ἄπιστοι.
843 5591 900 5646 id
933 5593 1089 5665 quod
1147 5585 1252 5649 ita.
1288 5585 1486 5652 v'ertit'
1510 5585 1813 5651 Curteriué
1838 5611 1874 5665 7:

212 5665 512 5739 Signiﬁcat
538 5679 666 5722 vero
693 5663 1239 5738 Damasct‘potentiae
1264 5668 1520 5737 nomine,
1549 5679 1658 5736 eos,
1690 5668 1788 5739 qui
1813 5664 1881 5723 de

1908 4596 1959 4661 Β
1990 4593 2238 4665 gentium
2263 4604 2493 4665 numero
2521 4586 2685 4665 ﬁdem
2727 4586 2976 4665 amplexi
2986 4594 3118 4665 sunt
3149 4612 3165 4655 ς
3219 4591 3370 4665 sicut
3400 4606 3503 4665 _eos
3549 4608 3650 4663 per

1994 4659 2278 4721 Samaria?
2305 4660 2501 4733 spolia,
2533 4660 2637 4733 qui
2660 4674 2771 4733 Aeni
2798 4659 3215 4716 circumcisione
3266 4662 3332 4733 in

1993 4729 2341 4791 manserunt;
2372 4732 2482 4787 Sed
2512 4729 2615 4802 qui
2650 4729 2771 4785 ﬁeri
2810 4735 3035 4804 potest,
3057 4736 3140 4799 ut,
3175 4732 3277 4804 qui
3307 4729 3377 4789 ex
3407 4734 3645 4792 circum-

1993 4808 2213 4865 cisione
2244 4804 2973 4878 infidelesremanserunt,
3022 4802 3061 4857 ii
3094 4802 3367 4878 dicantur
3393 4822 3496 4878 per
3538 4811 3644 4863 Sa-

1993 4881 2188 4933 mariae
2220 4875 2410 4949 spolia
2438 4874 2743 4950 indicari“?
2771 4877 3277 4950 Quemadmodum
3312 4874 3482 4950 enim
3542 4879 3645 4950 qui

1992 4950 2145 5006 inter
2171 4946 2376 5022 gentes
2403 4953 2463 5022 in
2495 4946 2849 5022 inﬁdelitate
2869 4947 3279 5022 perstiterunt,
3306 4949 3347 5004 ii
3376 4946 3646 5006 Damasci

1989 5018 2263 5094 potentiae
2283 5019 2521 5094 nomine
2550 5034 2667 5094 non
2700 5018 3112 5090 significantur
3142 5036 3157 5076 :
3189 5018 3272 5077 ita
3300 5023 3399 5094 qui
3431 5038 3501 5077 ex
3529 5022 3645 5078 cir-

1990 5090 2351 5167 cumcisione
2379 5090 2645 5167 infideles
2675 5096 3242 5167 remanserunt,_eos
3274 5090 3505 5150 constat
3540 5111 3644 5167 per

1990 5164 2266 5221 Samaria:
2297 5162 2487 5237 spolia
2513 5162 2760 5237 indicari
2792 5161 2952 5237 nullo
3001 5163 3173 5219 modo
3212 5180 3420 5237 posse.
3478 5161 3642 5232 Quod

1991 5242 2184 5292 autem
2220 5234 2370 5293 dico.
2401 5236 2481 5299 id,
2515 5235 2562 5288 si
2597 5236 2963 5306 propositum
2999 5234 3257 5291 auctoris
3288 5236 3639 5306 declaretur,

1992 5313 2178 5381 magis
2199 5308 2449 5388 patebit.
2480 5306 2599 5388 Hoc
2629 5307 2810 5388 igitur
2836 5306 2958 5387 vult
2987 5306 3323 5388 Procopius,
3370 5309 3643 5388 Damasci

1989 5378 2264 5453 potentias
2295 5378 2531 5435 nomine
2562 5378 2861 5453 designari
2883 5381 3114 5453 eos,qui
3146 5378 3342 5436 relicto
3373 5383 3640 5453 gentium

1989 5449 2205 5521 errore,
2237 5453 2371 5524 ﬁdei
2404 5453 2612 5524 essent
2634 5449 3094 5524 obtemperaturi
3135 5467 3147 5505 :
3183 5449 3513 5524 contrajper
3542 5455 3643 5511 Sa-

1990 5518 2200 5581 maria!
2221 5522 2410 5596 spolia
2438 5538 2537 5596 eos
2567 5518 3017 5596 significarigpi
3051 5539 3082 5576 e
3105 5518 3509 5596 Synagogaad
3544 5526 3643 5583 Ec-

1988 5596 2230 5671 olesiam
2250 5588 2871 5671 _transirentDubium
2893 5588 3079 5671 igitur
3096 5588 3215 5671 non
3247 5588 3516 5671 ἕεῑζεῃιίη
3534 5614 3638 5671 pro

1989 5668 2207 5723 ἄπιστοι
2250 5665 2365 5740 legi
2420 5667 2704 5739 oporteat,
2753 5661 2955 5717 πιστοί.
3016 5661 3312 5722 Docetnon
3341 5661 3494 5724 eam
3535 5661 3643 5741 'per

3334 4661 3516 4733 ﬁdeles
3550 4661 3647 4720 ire-
