  <div class='ocr_page' id='page_1' title='image "/cluster/home/n/w/nwhite01/storage/ocr_20150623/30:no.2/coo.31924054873116/251.png"; bbox 0 0 4138 6368; ppageno 0'>
   <div class='ocr_carea' id='block_1_1' title="bbox 435 317 557 378">
    <p class='ocr_par' dir='ltr' id='par_1_1' title="bbox 435 317 557 378">
     <span class='ocr_line' id='line_1_1' title="bbox 435 317 557 378; baseline 0.008 -2"><span class='ocrx_word' id='word_1_1' title='bbox 435 317 557 378; x_wconf 72' lang='grc' dir='ltr'>ετθ</span> 
     </span>
    </p>
   </div>
   <div class='ocr_carea' id='block_1_2' title="bbox 1382 311 2913 377">
    <p class='ocr_par' dir='ltr' id='par_1_2' title="bbox 1382 311 2913 377">
     <span class='ocr_line' id='line_1_2' title="bbox 1382 311 2913 377; baseline 0 -2"><span class='ocrx_word' id='word_1_2' title='bbox 1382 313 1783 377; x_wconf 83' lang='lat' dir='ltr'>APPENDIX</span> <span class='ocrx_word' id='word_1_3' title='bbox 1826 312 2153 375; x_wconf 76' lang='grc' dir='ltr'>ΟΡΕΗΟΜ</span> <span class='ocrx_word' id='word_1_4' title='bbox 2200 316 2266 374; x_wconf 90' lang='lat' dir='ltr'>S.</span> <span class='ocrx_word' id='word_1_5' title='bbox 2310 311 2594 375; x_wconf 83' lang='lat' dir='ltr'>BASILll</span> <span class='ocrx_word' id='word_1_6' title='bbox 2637 311 2913 376; x_wconf 82' lang='lat' dir='ltr'>MAGNI.</span> 
     </span>
    </p>
   </div>
   <div class='ocr_carea' id='block_1_3' title="bbox 3736 317 3862 377">
    <p class='ocr_par' dir='ltr' id='par_1_3' title="bbox 3736 317 3862 377">
     <span class='ocr_line' id='line_1_3' title="bbox 3736 317 3862 377; baseline 0.008 -1"><span class='ocrx_word' id='word_1_7' title='bbox 3736 317 3862 377; x_wconf 65' lang='lat'>480</span> 
     </span>
    </p>
   </div>
   <div class='ocr_carea' id='block_1_4' title="bbox 430 439 2092 518">
    <p class='ocr_par' dir='ltr' id='par_1_4' title="bbox 430 443 2086 517">
     <span class='ocr_line' id='line_1_4' title="bbox 430 443 2086 517; baseline -0.005 -12"><span class='ocrx_word' id='word_1_8' title='bbox 430 449 520 506; x_wconf 86' lang='lat' dir='ltr'>ria</span> <span class='ocrx_word' id='word_1_9' title='bbox 551 448 617 501; x_wconf 75' lang='lat'>”.</span> <span class='ocrx_word' id='word_1_10' title='bbox 652 446 936 502; x_wconf 62' lang='lat' dir='ltr'>Caeterum</span> <span class='ocrx_word' id='word_1_11' title='bbox 961 446 1095 500; x_wconf 85' lang='lat' dir='ltr'>data</span> <span class='ocrx_word' id='word_1_12' title='bbox 1113 444 1392 500; x_wconf 77' lang='lat' dir='ltr'>mandata</span> <span class='ocrx_word' id='word_1_13' title='bbox 1421 449 1736 517; x_wconf 89' lang='lat' dir='ltr'>grestaque</span> <span class='ocrx_word' id='word_1_14' title='bbox 1769 443 1938 499; x_wconf 82' lang='lat' dir='ltr'>fortia</span> <span class='ocrx_word' id='word_1_15' title='bbox 1957 445 2086 515; x_wconf 84' lang='lat' dir='ltr'>ejus</span> 
     </span>
    </p>
   </div>
   <div class='ocr_carea' id='block_1_5' title="bbox 2206 439 3856 518">
    <p class='ocr_par' dir='ltr' id='par_1_5' title="bbox 2208 439 3856 518">
     <span class='ocr_line' id='line_1_5' title="bbox 2208 439 3856 518; baseline 0.003 -24"><span class='ocrx_word' id='word_1_16' title='bbox 2208 440 2552 516; x_wconf 85' lang='grc' dir='ltr'>μητρόπολις</span> <span class='ocrx_word' id='word_1_17' title='bbox 2600 448 2701 510; x_wconf 82' lang='grc' dir='ltr'>τῆς</span> <span class='ocrx_word' id='word_1_18' title='bbox 2760 441 2980 518; x_wconf 82' lang='grc' dir='ltr'>Συρίας,</span> <span class='ocrx_word' id='word_1_19' title='bbox 3043 444 3321 517; x_wconf 76' lang='grc' dir='ltr'>Σαμάρεια</span> <span class='ocrx_word' id='word_1_20' title='bbox 3378 439 3436 497; x_wconf 71' lang='grc' dir='ltr'>δὲ</span> <span class='ocrx_word' id='word_1_21' title='bbox 3463 446 3561 496; x_wconf 77' lang='grc' dir='ltr'>τοῦ</span> <span class='ocrx_word' id='word_1_22' title='bbox 3608 442 3856 517; x_wconf 79' lang='grc' dir='ltr'>Ἰσραήλ.</span> 
     </span>
    </p>
   </div>
   <div class='ocr_carea' id='block_1_6' title="bbox 428 533 2091 610">
    <p class='ocr_par' dir='ltr' id='par_1_6' title="bbox 428 533 2091 610">
     <span class='ocr_line' id='line_1_6' title="bbox 428 533 2091 610; baseline -0.004 -17"><span class='ocrx_word' id='word_1_23' title='bbox 428 537 528 610; x_wconf 87' lang='lat' dir='ltr'>qui</span> <span class='ocrx_word' id='word_1_24' title='bbox 570 554 637 592; x_wconf 87' lang='lat' dir='ltr'>ex</span> <span class='ocrx_word' id='word_1_25' title='bbox 669 535 1044 608; x_wconf 78' lang='lat' dir='ltr'>prophetissa</span> <span class='ocrx_word' id='word_1_26' title='bbox 1087 538 1261 588; x_wconf 87' lang='lat' dir='ltr'>natus</span> <span class='ocrx_word' id='word_1_27' title='bbox 1304 538 1414 603; x_wconf 90' lang='lat' dir='ltr'>est,</span> <span class='ocrx_word' id='word_1_28' title='bbox 1454 535 1579 590; x_wconf 87' lang='lat' dir='ltr'>vice</span> <span class='ocrx_word' id='word_1_29' title='bbox 1623 534 1928 589; x_wconf 88' lang='lat' dir='ltr'>nominum</span> <span class='ocrx_word' id='word_1_30' title='bbox 1979 533 2091 604; x_wconf 90' lang='lat' dir='ltr'>ipsi</span> 
     </span>
    </p>
   </div>
   <div class='ocr_carea' id='block_1_7' title="bbox 431 613 2092 700">
    <p class='ocr_par' dir='ltr' id='par_1_7' title="bbox 431 613 2092 700">
     <span class='ocr_line' id='line_1_7' title="bbox 431 613 2092 700; baseline -0.002 -19"><span class='ocrx_word' id='word_1_31' title='bbox 431 626 825 700; x_wconf 89' lang='lat' dir='ltr'>imponuntur</span> <span class='ocrx_word' id='word_1_32' title='bbox 854 643 887 680; x_wconf 91' lang='lat' dir='ltr'>a</span> <span class='ocrx_word' id='word_1_33' title='bbox 917 613 1185 692; x_wconf 78' lang='lat' dir='ltr'>Domino,</span> <span class='ocrx_word' id='word_1_34' title='bbox 1221 622 1464 692; x_wconf 86' lang='lat' dir='ltr'>perinde</span> <span class='ocrx_word' id='word_1_35' title='bbox 1498 628 1645 679; x_wconf 88' lang='lat' dir='ltr'>utet</span> <span class='ocrx_word' id='word_1_36' title='bbox 1676 639 1889 679; x_wconf 86' lang='lat' dir='ltr'>nomen</span> <span class='ocrx_word' id='word_1_37' title='bbox 1920 622 2092 678; x_wconf 80' lang='lat' dir='ltr'>Jesus</span> 
     </span>
    </p>
   </div>
   <div class='ocr_carea' id='block_1_8' title="bbox 432 711 2090 784">
    <p class='ocr_par' dir='ltr' id='par_1_8' title="bbox 432 711 2090 784">
     <span class='ocr_line' id='line_1_8' title="bbox 432 711 2090 784; baseline -0.003 -12"><span class='ocrx_word' id='word_1_38' title='bbox 432 717 626 776; x_wconf 89' lang='lat' dir='ltr'>eidem</span> <span class='ocrx_word' id='word_1_39' title='bbox 653 715 895 772; x_wconf 93' lang='lat' dir='ltr'>Domino</span> <span class='ocrx_word' id='word_1_40' title='bbox 928 716 1193 784; x_wconf 86' lang='lat' dir='ltr'>aptatum</span> <span class='ocrx_word' id='word_1_41' title='bbox 1217 716 1307 767; x_wconf 89' lang='lat' dir='ltr'>est</span> <span class='ocrx_word' id='word_1_42' title='bbox 1338 713 1411 767; x_wconf 94' lang='lat' dir='ltr'>ob</span> <span class='ocrx_word' id='word_1_43' title='bbox 1437 711 1690 769; x_wconf 81' lang='lat' dir='ltr'>salutem</span> <span class='ocrx_word' id='word_1_44' title='bbox 1724 713 1891 768; x_wconf 89' lang='lat' dir='ltr'>nobis</span> <span class='ocrx_word' id='word_1_45' title='bbox 1914 730 1946 767; x_wconf 90' lang='lat' dir='ltr'>a</span> <span class='ocrx_word' id='word_1_46' title='bbox 1978 717 2090 767; x_wconf 91' lang='lat' dir='ltr'>Deo</span> 
     </span>
    </p>
   </div>
   <div class='ocr_carea' id='block_1_9' title="bbox 433 801 2091 878">
    <p class='ocr_par' dir='ltr' id='par_1_9' title="bbox 433 801 2091 878">
     <span class='ocr_line' id='line_1_9' title="bbox 433 801 2091 878; baseline -0.002 -17"><span class='ocrx_word' id='word_1_47' title='bbox 433 806 793 878; x_wconf 89' lang='lat' dir='ltr'>impertitam</span> <span class='ocrx_word' id='word_1_48' title='bbox 828 822 846 858; x_wconf 93' lang='lat'><strong><em>:</em></strong></span> <span class='ocrx_word' id='word_1_49' title='bbox 883 802 1116 859; x_wconf 73' lang='lat' dir='ltr'>Vocabis</span> <span class='ocrx_word' id='word_1_50' title='bbox 1146 801 1327 873; x_wconf 89' lang='lat' dir='ltr'>enim,</span> <span class='ocrx_word' id='word_1_51' title='bbox 1362 803 1578 874; x_wconf 79' lang='lat' dir='ltr'>inquit,</span> <span class='ocrx_word' id='word_1_52' title='bbox 1609 819 1810 859; x_wconf 83' lang='lat' dir='ltr'>nomen</span> <span class='ocrx_word' id='word_1_53' title='bbox 1855 803 1972 874; x_wconf 89' lang='lat' dir='ltr'>ejus</span> <span class='ocrx_word' id='word_1_54' title='bbox 2000 803 2091 858; x_wconf 85' lang='lat' dir='ltr'>Je-</span> 
     </span>
    </p>
   </div>
   <div class='ocr_carea' id='block_1_10' title="bbox 430 892 2092 966">
    <p class='ocr_par' dir='ltr' id='par_1_10' title="bbox 430 892 2092 966">
     <span class='ocr_line' id='line_1_10' title="bbox 430 892 2092 966; baseline -0.004 -14"><span class='ocrx_word' id='word_1_55' title='bbox 430 897 694 966; x_wconf 85' lang='lat' dir='ltr'>sum;ipse</span> <span class='ocrx_word' id='word_1_56' title='bbox 721 895 874 949; x_wconf 89' lang='lat' dir='ltr'>enim</span> <span class='ocrx_word' id='word_1_57' title='bbox 892 893 1113 949; x_wconf 84' lang='lat' dir='ltr'>salvum</span> <span class='ocrx_word' id='word_1_58' title='bbox 1142 892 1312 963; x_wconf 77' lang='lat' dir='ltr'>faciet</span> <span class='ocrx_word' id='word_1_59' title='bbox 1331 893 1597 963; x_wconf 82' lang='lat' dir='ltr'>populum</span> <span class='ocrx_word' id='word_1_60' title='bbox 1616 908 1778 948; x_wconf 83' lang='lat' dir='ltr'>suum</span> <span class='ocrx_word' id='word_1_61' title='bbox 1803 909 1837 947; x_wconf 91' lang='lat' dir='ltr'>a</span> <span class='ocrx_word' id='word_1_62' title='bbox 1855 892 2092 963; x_wconf 79' lang='lat' dir='ltr'>peccatis</span> 
     </span>
    </p>
   </div>
   <div class='ocr_carea' id='block_1_11' title="bbox 433 982 714 1041">
    <p class='ocr_par' dir='ltr' id='par_1_11' title="bbox 433 982 714 1041">
     <span class='ocr_line' id='line_1_11' title="bbox 433 982 714 1041; baseline -0.011 0"><span class='ocrx_word' id='word_1_63' title='bbox 433 1000 631 1041; x_wconf 89' lang='lat' dir='ltr'>eorum</span> <span class='ocrx_word' id='word_1_64' title='bbox 648 982 714 1038; x_wconf 66' lang='lat'>9‘.</span> 
     </span>
    </p>
   </div>
   <div class='ocr_carea' id='block_1_12' title="bbox 498 1175 2091 1256">
    <p class='ocr_par' dir='ltr' id='par_1_12' title="bbox 498 1175 2091 1256">
     <span class='ocr_line' id='line_1_12' title="bbox 498 1175 2091 1256; baseline -0.004 -20"><span class='ocrx_word' id='word_1_65' title='bbox 498 1181 626 1239; x_wconf 85' lang='lat'>269.</span> <span class='ocrx_word' id='word_1_66' title='bbox 658 1184 838 1238; x_wconf 76' lang='lat' dir='ltr'>Vens.</span> <span class='ocrx_word' id='word_1_67' title='bbox 878 1182 991 1236; x_wconf 88' lang='lat'>5-8.</span> <span class='ocrx_word' id='word_1_68' title='bbox 1021 1185 1088 1238; x_wconf 85' lang='lat' dir='ltr'>Et</span> <span class='ocrx_word' id='word_1_69' title='bbox 1117 1184 1318 1256; x_wconf 83' lang='lat' dir='ltr'>adjecit</span> <span class='ocrx_word' id='word_1_70' title='bbox 1356 1181 1624 1237; x_wconf 83' lang='lat' dir='ltr'>Dominus</span> <span class='ocrx_word' id='word_1_71' title='bbox 1672 1178 1824 1251; x_wconf 82' lang='lat' dir='ltr'>loqui</span> <span class='ocrx_word' id='word_1_72' title='bbox 1879 1175 1949 1231; x_wconf 89' lang='lat' dir='ltr'>ad</span> <span class='ocrx_word' id='word_1_73' title='bbox 2004 1191 2091 1231; x_wconf 90' lang='lat' dir='ltr'>me</span> 
     </span>
    </p>
   </div>
   <div class='ocr_carea' id='block_1_13' title="bbox 430 1265 2086 1345">
    <p class='ocr_par' dir='ltr' id='par_1_13' title="bbox 430 1265 2086 1345">
     <span class='ocr_line' id='line_1_13' title="bbox 430 1265 2086 1345; baseline -0.004 -20"><span class='ocrx_word' id='word_1_74' title='bbox 430 1270 615 1326; x_wconf 87' lang='lat' dir='ltr'>adhuc</span> <span class='ocrx_word' id='word_1_75' title='bbox 636 1289 655 1326; x_wconf 90' lang='lat'><strong><em>:</em></strong></span> <span class='ocrx_word' id='word_1_76' title='bbox 686 1273 832 1341; x_wconf 85' lang='lat' dir='ltr'>Quia</span> <span class='ocrx_word' id='word_1_77' title='bbox 859 1288 973 1327; x_wconf 86' lang='lat' dir='ltr'>non</span> <span class='ocrx_word' id='word_1_78' title='bbox 1006 1272 1129 1327; x_wconf 83' lang='lat' dir='ltr'>vult</span> <span class='ocrx_word' id='word_1_79' title='bbox 1155 1273 1390 1345; x_wconf 89' lang='lat' dir='ltr'>populus</span> <span class='ocrx_word' id='word_1_80' title='bbox 1440 1271 1529 1324; x_wconf 86' lang='lat' dir='ltr'>hic</span> <span class='ocrx_word' id='word_1_81' title='bbox 1584 1284 1786 1339; x_wconf 90' lang='lat' dir='ltr'>aquam</span> <span class='ocrx_word' id='word_1_82' title='bbox 1840 1265 2086 1336; x_wconf 85' lang='lat' dir='ltr'>Siloam,</span> 
     </span>
    </p>
   </div>
   <div class='ocr_carea' id='block_1_14' title="bbox 431 1355 2090 1433">
    <p class='ocr_par' dir='ltr' id='par_1_14' title="bbox 431 1355 2090 1433">
     <span class='ocr_line' id='line_1_14' title="bbox 431 1355 2090 1433; baseline -0.004 -18"><span class='ocrx_word' id='word_1_83' title='bbox 431 1376 550 1433; x_wconf 74' lang='lat' dir='ltr'>quae</span> <span class='ocrx_word' id='word_1_84' title='bbox 582 1362 764 1431; x_wconf 82' lang='lat' dir='ltr'>quiete</span> <span class='ocrx_word' id='word_1_85' title='bbox 783 1362 910 1430; x_wconf 88' lang='lat' dir='ltr'>ﬂuit</span> <span class='ocrx_word' id='word_1_86' title='bbox 938 1362 1064 1427; x_wconf 87' lang='lat' dir='ltr'>;sed</span> <span class='ocrx_word' id='word_1_87' title='bbox 1094 1363 1206 1418; x_wconf 88' lang='lat' dir='ltr'>vult</span> <span class='ocrx_word' id='word_1_88' title='bbox 1236 1361 1434 1416; x_wconf 84' lang='lat' dir='ltr'>habere</span> <span class='ocrx_word' id='word_1_89' title='bbox 1463 1358 1628 1414; x_wconf 83' lang='lat' dir='ltr'>Rasin</span> <span class='ocrx_word' id='word_1_90' title='bbox 1658 1360 1708 1412; x_wconf 85' lang='lat' dir='ltr'>ct</span> <span class='ocrx_word' id='word_1_91' title='bbox 1756 1355 1936 1426; x_wconf 76' lang='lat' dir='ltr'>ﬁlium</span> <span class='ocrx_word' id='word_1_92' title='bbox 1994 1355 2090 1410; x_wconf 84' lang='lat' dir='ltr'>Ro-</span> 
     </span>
    </p>
   </div>
   <div class='ocr_carea' id='block_1_15' title="bbox 428 1446 2090 1522">
    <p class='ocr_par' dir='ltr' id='par_1_15' title="bbox 428 1446 2090 1522">
     <span class='ocr_line' id='line_1_15' title="bbox 428 1446 2090 1522; baseline -0.003 -18"><span class='ocrx_word' id='word_1_93' title='bbox 428 1449 615 1507; x_wconf 77' lang='lat' dir='ltr'>meliae</span> <span class='ocrx_word' id='word_1_94' title='bbox 643 1466 824 1522; x_wconf 86' lang='lat' dir='ltr'>regem</span> <span class='ocrx_word' id='word_1_95' title='bbox 843 1467 1011 1522; x_wconf 87' lang='lat' dir='ltr'>super</span> <span class='ocrx_word' id='word_1_96' title='bbox 1040 1468 1129 1507; x_wconf 81' lang='lat' dir='ltr'>vos</span> <span class='ocrx_word' id='word_1_97' title='bbox 1161 1468 1174 1505; x_wconf 88' lang='lat'><strong>:</strong></span> <span class='ocrx_word' id='word_1_98' title='bbox 1228 1450 1348 1506; x_wconf 85' lang='lat' dir='ltr'>ideo</span> <span class='ocrx_word' id='word_1_99' title='bbox 1386 1464 1505 1503; x_wconf 89' lang='lat' dir='ltr'>ecce</span> <span class='ocrx_word' id='word_1_100' title='bbox 1552 1446 1777 1501; x_wconf 84' lang='lat' dir='ltr'>adducit</span> <span class='ocrx_word' id='word_1_101' title='bbox 1826 1446 2090 1500; x_wconf 80' lang='lat' dir='ltr'>Dominus</span> 
     </span>
    </p>
   </div>
   <div class='ocr_carea' id='block_1_16' title="bbox 428 1535 2092 1612">
    <p class='ocr_par' dir='ltr' id='par_1_16' title="bbox 428 1535 2092 1612">
     <span class='ocr_line' id='line_1_16' title="bbox 428 1535 2092 1612; baseline -0.004 -18"><span class='ocrx_word' id='word_1_102' title='bbox 428 1555 597 1612; x_wconf 84' lang='lat' dir='ltr'>super</span> <span class='ocrx_word' id='word_1_103' title='bbox 625 1555 715 1594; x_wconf 86' lang='lat' dir='ltr'>vos</span> <span class='ocrx_word' id='word_1_104' title='bbox 737 1556 935 1611; x_wconf 84' lang='lat' dir='ltr'>aquam</span> <span class='ocrx_word' id='word_1_105' title='bbox 965 1541 1219 1609; x_wconf 88' lang='lat' dir='ltr'>ﬂuminis</span> <span class='ocrx_word' id='word_1_106' title='bbox 1247 1543 1453 1611; x_wconf 77' lang='lat' dir='ltr'>fortem</span> <span class='ocrx_word' id='word_1_107' title='bbox 1484 1543 1540 1592; x_wconf 85' lang='lat' dir='ltr'>et</span> <span class='ocrx_word' id='word_1_108' title='bbox 1588 1535 1850 1600; x_wconf 86' lang='lat' dir='ltr'>multam,</span> <span class='ocrx_word' id='word_1_109' title='bbox 1911 1549 2092 1605; x_wconf 86' lang='lat' dir='ltr'>regem</span> 
     </span>
    </p>
   </div>
   <div class='ocr_carea' id='block_1_17' title="bbox 432 1624 2093 1700">
    <p class='ocr_par' dir='ltr' id='par_1_17' title="bbox 432 1624 2093 1700">
     <span class='ocr_line' id='line_1_17' title="bbox 432 1624 2093 1700; baseline -0.004 -16"><span class='ocrx_word' id='word_1_110' title='bbox 432 1628 805 1700; x_wconf 82' lang='lat' dir='ltr'>Assyriorum,</span> <span class='ocrx_word' id='word_1_111' title='bbox 855 1636 905 1685; x_wconf 89' lang='lat' dir='ltr'>et</span> <span class='ocrx_word' id='word_1_112' title='bbox 952 1630 1189 1700; x_wconf 87' lang='lat' dir='ltr'>gloriam</span> <span class='ocrx_word' id='word_1_113' title='bbox 1253 1629 1371 1700; x_wconf 82' lang='lat' dir='ltr'>ejus</span> <span class='ocrx_word' id='word_1_114' title='bbox 1433 1644 1452 1683; x_wconf 91' lang='lat'><strong><em>:</em></strong></span> <span class='ocrx_word' id='word_1_115' title='bbox 1512 1634 1562 1681; x_wconf 93' lang='lat' dir='ltr'>et</span> <span class='ocrx_word' id='word_1_116' title='bbox 1621 1624 1871 1681; x_wconf 81' lang='lat' dir='ltr'>ascendet</span> <span class='ocrx_word' id='word_1_117' title='bbox 1927 1638 2093 1695; x_wconf 87' lang='lat' dir='ltr'>super</span> 
     </span>
    </p>
   </div>
   <div class='ocr_carea' id='block_1_18' title="bbox 433 1716 2090 1787">
    <p class='ocr_par' dir='ltr' id='par_1_18' title="bbox 433 1716 2090 1787">
     <span class='ocr_line' id='line_1_18' title="bbox 433 1716 2090 1787; baseline -0.004 -13"><span class='ocrx_word' id='word_1_118' title='bbox 433 1733 650 1774; x_wconf 84' lang='lat' dir='ltr'>omnem</span> <span class='ocrx_word' id='word_1_119' title='bbox 680 1718 877 1773; x_wconf 76' lang='lat' dir='ltr'>vallem</span> <span class='ocrx_word' id='word_1_120' title='bbox 897 1726 1155 1787; x_wconf 89' lang='lat' dir='ltr'>vestram,</span> <span class='ocrx_word' id='word_1_121' title='bbox 1202 1724 1251 1773; x_wconf 88' lang='lat' dir='ltr'>et</span> <span class='ocrx_word' id='word_1_122' title='bbox 1282 1716 1596 1774; x_wconf 81' lang='lat' dir='ltr'>ambulabit</span> <span class='ocrx_word' id='word_1_123' title='bbox 1649 1730 1818 1787; x_wconf 85' lang='lat' dir='ltr'>super</span> <span class='ocrx_word' id='word_1_124' title='bbox 1874 1728 2090 1768; x_wconf 89' lang='lat' dir='ltr'>omnem</span> 
     </span>
    </p>
   </div>
   <div class='ocr_carea' id='block_1_19' title="bbox 2203 528 3860 608">
    <p class='ocr_par' dir='ltr' id='par_1_19' title="bbox 2203 528 3860 608">
     <span class='ocr_line' id='line_1_19' title="bbox 2203 528 3860 608; baseline 0.001 -22"><span class='ocrx_word' id='word_1_125' title='bbox 2203 530 2355 600; x_wconf 78' lang='grc' dir='ltr'>Πλὴν</span> <span class='ocrx_word' id='word_1_126' title='bbox 2415 532 2482 585; x_wconf 75' lang='grc' dir='ltr'>τὰ</span> <span class='ocrx_word' id='word_1_127' title='bbox 2536 532 2923 606; x_wconf 82' lang='grc' dir='ltr'>προστάγματα</span> <span class='ocrx_word' id='word_1_128' title='bbox 2980 533 3092 604; x_wconf 84' lang='grc'>(36)</span> <span class='ocrx_word' id='word_1_129' title='bbox 3140 530 3230 586; x_wconf 78' lang='grc' dir='ltr'>καὶ</span> <span class='ocrx_word' id='word_1_130' title='bbox 3279 531 3347 586; x_wconf 74' lang='grc' dir='ltr'>τὰ</span> <span class='ocrx_word' id='word_1_131' title='bbox 3393 528 3860 608; x_wconf 78' lang='grc' dir='ltr'>ἀνδραγαθήματα</span> 
     </span>
    </p>
   </div>
   <div class='ocr_carea' id='block_1_20' title="bbox 2200 619 3860 698">
    <p class='ocr_par' dir='ltr' id='par_1_20' title="bbox 2200 619 3860 698">
     <span class='ocr_line' id='line_1_20' title="bbox 2200 619 3860 698; baseline 0.002 -24"><span class='ocrx_word' id='word_1_132' title='bbox 2200 624 2297 675; x_wconf 75' lang='grc' dir='ltr'>τοῦ</span> <span class='ocrx_word' id='word_1_133' title='bbox 2350 619 2410 675; x_wconf 74' lang='grc' dir='ltr'>ἰκ</span> <span class='ocrx_word' id='word_1_134' title='bbox 2449 627 2551 691; x_wconf 84' lang='grc' dir='ltr'>τῆς</span> <span class='ocrx_word' id='word_1_135' title='bbox 2604 619 2947 698; x_wconf 69' lang='grc' dir='ltr'>προφήτιδος</span> <span class='ocrx_word' id='word_1_136' title='bbox 2994 620 3369 697; x_wconf 68' lang='grc' dir='ltr'>γεννηθέντος,</span> <span class='ocrx_word' id='word_1_137' title='bbox 3404 621 3518 676; x_wconf 84' lang='grc' dir='ltr'>ἀντὶ</span> <span class='ocrx_word' id='word_1_138' title='bbox 3570 620 3860 695; x_wconf 83' lang='grc' dir='ltr'>ὀνομάτων</span> 
     </span>
    </p>
   </div>
   <div class='ocr_carea' id='block_1_21' title="bbox 2203 708 3862 786">
    <p class='ocr_par' dir='ltr' id='par_1_21' title="bbox 2203 708 3862 786">
     <span class='ocr_line' id='line_1_21' title="bbox 2203 708 3862 786; baseline 0.002 -24"><span class='ocrx_word' id='word_1_139' title='bbox 2203 708 2349 782; x_wconf 79' lang='grc' dir='ltr'>αὐτῷ</span> <span class='ocrx_word' id='word_1_140' title='bbox 2379 708 2670 774; x_wconf 71' lang='grc' dir='ltr'>ἐπιτίθεται</span> <span class='ocrx_word' id='word_1_141' title='bbox 2701 711 2849 786; x_wconf 83' lang='grc' dir='ltr'>παρὰ</span> <span class='ocrx_word' id='word_1_142' title='bbox 2875 714 2972 766; x_wconf 74' lang='grc' dir='ltr'>τοῦ</span> <span class='ocrx_word' id='word_1_143' title='bbox 3020 710 3241 784; x_wconf 82' lang='grc' dir='ltr'>Κυρίου,</span> <span class='ocrx_word' id='word_1_144' title='bbox 3275 711 3349 773; x_wconf 83' lang='grc' dir='ltr'>ὡς</span> <span class='ocrx_word' id='word_1_145' title='bbox 3393 709 3483 765; x_wconf 77' lang='grc' dir='ltr'>καὶ</span> <span class='ocrx_word' id='word_1_146' title='bbox 3531 712 3594 765; x_wconf 85' lang='grc' dir='ltr'>τὸ</span> <span class='ocrx_word' id='word_1_147' title='bbox 3644 714 3862 782; x_wconf 78' lang='grc' dir='ltr'>Ἰησοῦς</span> 
     </span>
    </p>
   </div>
   <div class='ocr_carea' id='block_1_22' title="bbox 2203 794 3860 875">
    <p class='ocr_par' dir='ltr' id='par_1_22' title="bbox 2203 794 3860 875">
     <span class='ocr_line' id='line_1_22' title="bbox 2203 794 3860 875; baseline 0.001 -21"><span class='ocrx_word' id='word_1_148' title='bbox 2203 794 2377 873; x_wconf 74' lang='grc' dir='ltr'>ὄνομα</span> <span class='ocrx_word' id='word_1_149' title='bbox 2403 800 2551 875; x_wconf 86' lang='grc' dir='ltr'>παρᾶ</span> <span class='ocrx_word' id='word_1_150' title='bbox 2577 800 2677 869; x_wconf 78' lang='grc' dir='ltr'>τὴν</span> <span class='ocrx_word' id='word_1_151' title='bbox 2729 799 3001 875; x_wconf 83' lang='grc' dir='ltr'>σωτηρίαν</span> <span class='ocrx_word' id='word_1_152' title='bbox 3039 800 3142 867; x_wconf 80' lang='grc' dir='ltr'>τήν</span> <span class='ocrx_word' id='word_1_153' title='bbox 3193 798 3299 854; x_wconf 80' lang='grc' dir='ltr'>ἀπὸ</span> <span class='ocrx_word' id='word_1_154' title='bbox 3350 799 3485 854; x_wconf 78' lang='grc' dir='ltr'>Θεοῦ</span> <span class='ocrx_word' id='word_1_155' title='bbox 3532 801 3672 872; x_wconf 75' lang='grc' dir='ltr'>ἡμῖν</span> <span class='ocrx_word' id='word_1_156' title='bbox 3703 797 3860 856; x_wconf 84' lang='grc' dir='ltr'>δεδο-</span> 
     </span>
    </p>
   </div>
   <div class='ocr_carea' id='block_1_23' title="bbox 2206 887 3863 967">
    <p class='ocr_par' dir='ltr' id='par_1_23' title="bbox 2206 887 3863 967">
     <span class='ocr_line' id='line_1_23' title="bbox 2206 887 3863 967; baseline 0.001 -24"><span class='ocrx_word' id='word_1_157' title='bbox 2206 889 2369 962; x_wconf 74' lang='grc' dir='ltr'>μένην</span> <span class='ocrx_word' id='word_1_158' title='bbox 2423 888 2748 967; x_wconf 78' lang='grc' dir='ltr'>ἐφηρμόσθη</span> <span class='ocrx_word' id='word_1_159' title='bbox 2800 893 2880 962; x_wconf 81' lang='grc' dir='ltr'>τῷ</span> <span class='ocrx_word' id='word_1_160' title='bbox 2933 890 3143 963; x_wconf 87' lang='grc' dir='ltr'>Κυρίῳ.</span> <span class='ocrx_word' id='word_1_161' title='bbox 3209 887 3475 951; x_wconf 80' lang='grc' dir='ltr'>Καλέσεις</span> <span class='ocrx_word' id='word_1_162' title='bbox 3530 890 3656 965; x_wconf 81' lang='grc' dir='ltr'>γὰρ,</span> <span class='ocrx_word' id='word_1_163' title='bbox 3702 890 3863 967; x_wconf 79' lang='grc' dir='ltr'>φησί,</span> 
     </span>
    </p>
   </div>
   <div class='ocr_carea' id='block_1_24' title="bbox 2199 973 3864 1053">
    <p class='ocr_par' dir='ltr' id='par_1_24' title="bbox 2199 973 3864 1053">
     <span class='ocr_line' id='line_1_24' title="bbox 2199 973 3864 1053; baseline 0.002 -21"><span class='ocrx_word' id='word_1_164' title='bbox 2199 979 2262 1033; x_wconf 86' lang='grc' dir='ltr'>τὸ</span> <span class='ocrx_word' id='word_1_165' title='bbox 2294 973 2467 1051; x_wconf 76' lang='grc' dir='ltr'>ὄνομα</span> <span class='ocrx_word' id='word_1_166' title='bbox 2514 979 2678 1035; x_wconf 79' lang='grc' dir='ltr'>αὐτοῦ</span> <span class='ocrx_word' id='word_1_167' title='bbox 2732 979 2962 1049; x_wconf 78' lang='grc' dir='ltr'>Ἰησοῦν·</span> <span class='ocrx_word' id='word_1_168' title='bbox 3014 977 3174 1041; x_wconf 82' lang='grc' dir='ltr'>αὐτὸς</span> <span class='ocrx_word' id='word_1_169' title='bbox 3222 978 3323 1053; x_wconf 81' lang='grc' dir='ltr'>γὰρ</span> <span class='ocrx_word' id='word_1_170' title='bbox 3374 979 3536 1034; x_wconf 81' lang='grc' dir='ltr'>σώσει</span> <span class='ocrx_word' id='word_1_171' title='bbox 3584 980 3678 1035; x_wconf 86' lang='grc' dir='ltr'>τὸν</span> <span class='ocrx_word' id='word_1_172' title='bbox 3730 976 3864 1035; x_wconf 83' lang='grc' dir='ltr'>λαὸν</span> 
     </span>
    </p>
   </div>
   <div class='ocr_carea' id='block_1_25' title="bbox 2203 1065 3185 1145">
    <p class='ocr_par' dir='ltr' id='par_1_25' title="bbox 2203 1065 3185 1145">
     <span class='ocr_line' id='line_1_25' title="bbox 2203 1065 3185 1145; baseline 0.003 -24"><span class='ocrx_word' id='word_1_173' title='bbox 2203 1065 2369 1122; x_wconf 79' lang='grc' dir='ltr'>αὐτοῦ</span> <span class='ocrx_word' id='word_1_174' title='bbox 2399 1067 2504 1123; x_wconf 85' lang='grc' dir='ltr'>ἀπὸ</span> <span class='ocrx_word' id='word_1_175' title='bbox 2534 1072 2643 1123; x_wconf 89' lang='grc' dir='ltr'>τῶν</span> <span class='ocrx_word' id='word_1_176' title='bbox 2676 1068 2959 1145; x_wconf 78' lang='grc' dir='ltr'>ἁμαρτιῶν</span> <span class='ocrx_word' id='word_1_177' title='bbox 2985 1068 3185 1125; x_wconf 79' lang='grc' dir='ltr'>αὐτῶν.</span> 
     </span>
    </p>
   </div>
   <div class='ocr_carea' id='block_1_26' title="bbox 2274 1169 3862 1251">
    <p class='ocr_par' dir='ltr' id='par_1_26' title="bbox 2274 1169 3862 1251">
     <span class='ocr_line' id='line_1_26' title="bbox 2274 1169 3862 1251; baseline 0.001 -21"><span class='ocrx_word' id='word_1_178' title='bbox 2274 1177 2400 1231; x_wconf 82' lang='grc'>209.</span> <span class='ocrx_word' id='word_1_179' title='bbox 2465 1176 2563 1232; x_wconf 80' lang='grc' dir='ltr'>Καὶ</span> <span class='ocrx_word' id='word_1_180' title='bbox 2645 1174 2939 1251; x_wconf 74' lang='grc' dir='ltr'>προσέθετο</span> <span class='ocrx_word' id='word_1_181' title='bbox 3022 1172 3219 1247; x_wconf 77' lang='grc' dir='ltr'>Κύριος</span> <span class='ocrx_word' id='word_1_182' title='bbox 3295 1171 3539 1244; x_wconf 82' lang='grc' dir='ltr'>λαλῆσαί</span> <span class='ocrx_word' id='word_1_183' title='bbox 3608 1194 3702 1248; x_wconf 89' lang='grc' dir='ltr'>μοι</span> <span class='ocrx_word' id='word_1_184' title='bbox 3761 1169 3862 1231; x_wconf 79' lang='grc' dir='ltr'>ἔτι’</span> 
     </span>
    </p>
   </div>
   <div class='ocr_carea' id='block_1_27' title="bbox 2202 1261 3864 1343">
    <p class='ocr_par' dir='ltr' id='par_1_27' title="bbox 2202 1261 3864 1343">
     <span class='ocr_line' id='line_1_27' title="bbox 2202 1261 3864 1343; baseline 0.002 -26"><span class='ocrx_word' id='word_1_185' title='bbox 2202 1262 2299 1317; x_wconf 78' lang='grc' dir='ltr'>Διά</span> <span class='ocrx_word' id='word_1_186' title='bbox 2326 1264 2388 1318; x_wconf 88' lang='grc' dir='ltr'>τὸ</span> <span class='ocrx_word' id='word_1_187' title='bbox 2424 1265 2497 1337; x_wconf 80' lang='grc' dir='ltr'>μὴ</span> <span class='ocrx_word' id='word_1_188' title='bbox 2536 1263 2828 1341; x_wconf 81' lang='grc' dir='ltr'>βούλεσθαι</span> <span class='ocrx_word' id='word_1_189' title='bbox 2887 1265 2981 1319; x_wconf 90' lang='grc' dir='ltr'>τὸν</span> <span class='ocrx_word' id='word_1_190' title='bbox 3042 1262 3171 1319; x_wconf 86' lang='grc' dir='ltr'>λαὸν</span> <span class='ocrx_word' id='word_1_191' title='bbox 3222 1268 3414 1319; x_wconf 73' lang='grc' dir='ltr'>τοῦτον</span> <span class='ocrx_word' id='word_1_192' title='bbox 3463 1265 3526 1320; x_wconf 86' lang='grc' dir='ltr'>τὸ</span> <span class='ocrx_word' id='word_1_193' title='bbox 3569 1261 3717 1343; x_wconf 73' lang='grc' dir='ltr'>ὕδωρ</span> <span class='ocrx_word' id='word_1_194' title='bbox 3765 1270 3864 1321; x_wconf 77' lang='grc' dir='ltr'>τοῦ</span> 
     </span>
    </p>
   </div>
   <div class='ocr_carea' id='block_1_28' title="bbox 2203 1351 3861 1431">
    <p class='ocr_par' dir='ltr' id='par_1_28' title="bbox 2203 1351 3861 1431">
     <span class='ocr_line' id='line_1_28' title="bbox 2203 1351 3861 1431; baseline 0.002 -24"><span class='ocrx_word' id='word_1_195' title='bbox 2203 1351 2483 1427; x_wconf 68' lang='grc' dir='ltr'>Σιλωὰμ,</span> <span class='ocrx_word' id='word_1_196' title='bbox 2538 1354 2602 1409; x_wconf 87' lang='grc' dir='ltr'>τὸ</span> <span class='ocrx_word' id='word_1_197' title='bbox 2659 1354 3027 1431; x_wconf 77' lang='grc' dir='ltr'>πορευόμενον</span> <span class='ocrx_word' id='word_1_198' title='bbox 3085 1355 3308 1430; x_wconf 82' lang='grc' dir='ltr'>ἡσυχῆ,</span> <span class='ocrx_word' id='word_1_199' title='bbox 3359 1352 3508 1410; x_wconf 84' lang='grc' dir='ltr'>ἀλλᾶ</span> <span class='ocrx_word' id='word_1_200' title='bbox 3569 1353 3861 1430; x_wconf 78' lang='grc' dir='ltr'>βούλεσθαι</span> 
     </span>
    </p>
   </div>
   <div class='ocr_carea' id='block_1_29' title="bbox 2201 1440 3862 1520">
    <p class='ocr_par' dir='ltr' id='par_1_29' title="bbox 2201 1440 3862 1520">
     <span class='ocr_line' id='line_1_29' title="bbox 2201 1440 3862 1520; baseline 0.002 -23"><span class='ocrx_word' id='word_1_201' title='bbox 2201 1440 2349 1519; x_wconf 78' lang='grc' dir='ltr'>ἔχειν</span> <span class='ocrx_word' id='word_1_202' title='bbox 2409 1443 2583 1498; x_wconf 78' lang='grc' dir='ltr'>Ῥασὶν</span> <span class='ocrx_word' id='word_1_203' title='bbox 2637 1487 2651 1513; x_wconf 93' lang='grc'>,</span> <span class='ocrx_word' id='word_1_204' title='bbox 2721 1443 2809 1499; x_wconf 75' lang='grc' dir='ltr'>καὶ</span> <span class='ocrx_word' id='word_1_205' title='bbox 2886 1444 2977 1499; x_wconf 86' lang='grc' dir='ltr'>τὸν</span> <span class='ocrx_word' id='word_1_206' title='bbox 3067 1443 3182 1497; x_wconf 76' lang='grc' dir='ltr'>υἱὸν</span> <span class='ocrx_word' id='word_1_207' title='bbox 3256 1441 3549 1516; x_wconf 82' lang='grc' dir='ltr'>Ῥομελίου</span> <span class='ocrx_word' id='word_1_208' title='bbox 3633 1444 3862 1520; x_wconf 73' lang='grc' dir='ltr'>βασιλέα</span> 
     </span>
    </p>
   </div>
   <div class='ocr_carea' id='block_1_30' title="bbox 2201 1531 3862 1614">
    <p class='ocr_par' dir='ltr' id='par_1_30' title="bbox 2201 1531 3862 1614">
     <span class='ocr_line' id='line_1_30' title="bbox 2201 1531 3862 1614; baseline 0.002 -27"><span class='ocrx_word' id='word_1_209' title='bbox 2201 1531 2284 1611; x_wconf 72' lang='grc' dir='ltr'>ἐφ’</span> <span class='ocrx_word' id='word_1_210' title='bbox 2326 1533 2478 1606; x_wconf 82' lang='grc' dir='ltr'>ὑμῶν</span> <span class='ocrx_word' id='word_1_211' title='bbox 2539 1536 2676 1605; x_wconf 87' lang='grc'>(37).</span> <span class='ocrx_word' id='word_1_212' title='bbox 2738 1531 2827 1588; x_wconf 77' lang='grc' dir='ltr'>διὰ</span> <span class='ocrx_word' id='word_1_213' title='bbox 2881 1537 3043 1589; x_wconf 78' lang='grc' dir='ltr'>τοῦτο</span> <span class='ocrx_word' id='word_1_214' title='bbox 3098 1532 3283 1608; x_wconf 80' lang='grc' dir='ltr'>ἀνάγει</span> <span class='ocrx_word' id='word_1_215' title='bbox 3344 1531 3464 1589; x_wconf 76' lang='grc' dir='ltr'>ἰδοὺ</span> <span class='ocrx_word' id='word_1_216' title='bbox 3524 1533 3723 1611; x_wconf 80' lang='grc' dir='ltr'>Κύριος</span> <span class='ocrx_word' id='word_1_217' title='bbox 3774 1534 3862 1614; x_wconf 71' lang='grc' dir='ltr'>ἔφ’</span> 
     </span>
    </p>
   </div>
   <div class='ocr_carea' id='block_1_31' title="bbox 2206 1620 3860 1699">
    <p class='ocr_par' dir='ltr' id='par_1_31' title="bbox 2206 1620 3860 1699">
     <span class='ocr_line' id='line_1_31' title="bbox 2206 1620 3860 1699; baseline 0.001 -22"><span class='ocrx_word' id='word_1_218' title='bbox 2206 1624 2344 1695; x_wconf 76' lang='grc' dir='ltr'>ὑμᾶς</span> <span class='ocrx_word' id='word_1_219' title='bbox 2376 1622 2438 1678; x_wconf 85' lang='grc' dir='ltr'>τὸ</span> <span class='ocrx_word' id='word_1_220' title='bbox 2470 1620 2615 1699; x_wconf 75' lang='grc' dir='ltr'>ὕδωρ</span> <span class='ocrx_word' id='word_1_221' title='bbox 2647 1628 2744 1678; x_wconf 76' lang='grc' dir='ltr'>τοῦ</span> <span class='ocrx_word' id='word_1_222' title='bbox 2789 1627 3041 1696; x_wconf 78' lang='grc' dir='ltr'>ποταμοῦ</span> <span class='ocrx_word' id='word_1_223' title='bbox 3087 1624 3149 1677; x_wconf 86' lang='grc' dir='ltr'>τὸ</span> <span class='ocrx_word' id='word_1_224' title='bbox 3183 1622 3407 1699; x_wconf 78' lang='grc' dir='ltr'>ἰσχυρὸν</span> <span class='ocrx_word' id='word_1_225' title='bbox 3461 1623 3551 1678; x_wconf 83' lang='grc' dir='ltr'>καὶ</span> <span class='ocrx_word' id='word_1_226' title='bbox 3580 1623 3643 1678; x_wconf 85' lang='grc' dir='ltr'>τὸ</span> <span class='ocrx_word' id='word_1_227' title='bbox 3687 1621 3860 1695; x_wconf 75' lang='grc' dir='ltr'>πολὺ,</span> 
     </span>
    </p>
   </div>
   <div class='ocr_carea' id='block_1_32' title="bbox 2199 1710 3867 1790">
    <p class='ocr_par' dir='ltr' id='par_1_32' title="bbox 2199 1710 3867 1790">
     <span class='ocr_line' id='line_1_32' title="bbox 2199 1710 3867 1790; baseline 0.003 -24"><span class='ocrx_word' id='word_1_228' title='bbox 2199 1712 2289 1766; x_wconf 87' lang='grc' dir='ltr'>τὸν</span> <span class='ocrx_word' id='word_1_229' title='bbox 2352 1710 2578 1790; x_wconf 77' lang='grc' dir='ltr'>βασιλέα</span> <span class='ocrx_word' id='word_1_230' title='bbox 2650 1717 2764 1767; x_wconf 83' lang='grc' dir='ltr'>τῶν</span> <span class='ocrx_word' id='word_1_231' title='bbox 2819 1712 3121 1789; x_wconf 85' lang='grc' dir='ltr'>’Δσσυρίων</span> <span class='ocrx_word' id='word_1_232' title='bbox 3156 1754 3171 1781; x_wconf 94' lang='grc'>,</span> <span class='ocrx_word' id='word_1_233' title='bbox 3228 1712 3319 1767; x_wconf 88' lang='grc' dir='ltr'>καὶ</span> <span class='ocrx_word' id='word_1_234' title='bbox 3373 1714 3473 1783; x_wconf 79' lang='grc' dir='ltr'>τὴν</span> <span class='ocrx_word' id='word_1_235' title='bbox 3542 1710 3698 1788; x_wconf 82' lang='grc' dir='ltr'>δόξαν</span> <span class='ocrx_word' id='word_1_236' title='bbox 3759 1715 3867 1771; x_wconf 80' lang='grc' dir='ltr'>αὗ-</span> 
     </span>
    </p>
   </div>
   <div class='ocr_carea' id='block_1_33' title="bbox 434 1798 2092 1890">
    <p class='ocr_par' dir='ltr' id='par_1_33' title="bbox 434 1802 2092 1879">
     <span class='ocr_line' id='line_1_33' title="bbox 434 1802 2092 1879; baseline -0.004 -17"><span class='ocrx_word' id='word_1_237' title='bbox 434 1822 658 1862; x_wconf 87' lang='lat' dir='ltr'>murum</span> <span class='ocrx_word' id='word_1_238' title='bbox 693 1811 955 1874; x_wconf 85' lang='lat' dir='ltr'>vestrum,</span> <span class='ocrx_word' id='word_1_239' title='bbox 986 1816 1038 1863; x_wconf 90' lang='lat' dir='ltr'>et</span> <span class='ocrx_word' id='word_1_240' title='bbox 1092 1809 1308 1879; x_wconf 77' lang='lat' dir='ltr'>auferet</span> <span class='ocrx_word' id='word_1_241' title='bbox 1357 1805 1610 1862; x_wconf 68' lang='lat' dir='ltr'>aJudaea</span> <span class='ocrx_word' id='word_1_242' title='bbox 1642 1805 1945 1872; x_wconf 82' lang='lat' dir='ltr'>hominem,</span> <span class='ocrx_word' id='word_1_243' title='bbox 1997 1802 2092 1875; x_wconf 82' lang='lat' dir='ltr'>qui</span> 
     </span>
    </p>
   </div>
   <div class='ocr_carea' id='block_1_34' title="bbox 2206 1798 3862 1890">
    <p class='ocr_par' dir='ltr' id='par_1_34' title="bbox 2206 1798 3862 1882">
     <span class='ocr_line' id='line_1_34' title="bbox 2206 1798 3862 1882; baseline 0.004 -27"><span class='ocrx_word' id='word_1_244' title='bbox 2206 1804 2296 1856; x_wconf 77' lang='grc' dir='ltr'>τοῦ</span> <span class='ocrx_word' id='word_1_245' title='bbox 2332 1821 2345 1836; x_wconf 75' lang='grc' dir='ltr'><strong><em>ο</em></strong></span> <span class='ocrx_word' id='word_1_246' title='bbox 2405 1801 2496 1857; x_wconf 85' lang='grc' dir='ltr'>καὶ</span> <span class='ocrx_word' id='word_1_247' title='bbox 2568 1798 2894 1873; x_wconf 74' lang='grc' dir='ltr'>ἀναϐήσεται</span> <span class='ocrx_word' id='word_1_248' title='bbox 2953 1800 3040 1857; x_wconf 74' lang='grc' dir='ltr'>ἐπὶ</span> <span class='ocrx_word' id='word_1_249' title='bbox 3099 1806 3271 1857; x_wconf 85' lang='grc' dir='ltr'>πᾶσαν</span> <span class='ocrx_word' id='word_1_250' title='bbox 3335 1804 3586 1882; x_wconf 78' lang='grc' dir='ltr'>φάραγγα</span> <span class='ocrx_word' id='word_1_251' title='bbox 3650 1805 3805 1879; x_wconf 87' lang='grc' dir='ltr'>ὑμῶν</span> <span class='ocrx_word' id='word_1_252' title='bbox 3845 1849 3862 1878; x_wconf 87' lang='grc'>,</span> 
     </span>
    </p>
   </div>
   <div class='ocr_carea' id='block_1_35' title="bbox 428 1892 2086 1969">
    <p class='ocr_par' dir='ltr' id='par_1_35' title="bbox 428 1892 2086 1969">
     <span class='ocr_line' id='line_1_35' title="bbox 428 1892 2086 1969; baseline -0.004 -17"><span class='ocrx_word' id='word_1_253' title='bbox 428 1899 631 1968; x_wconf 81' lang='lat' dir='ltr'>poterit</span> <span class='ocrx_word' id='word_1_254' title='bbox 662 1904 826 1967; x_wconf 87' lang='lat' dir='ltr'>caput</span> <span class='ocrx_word' id='word_1_255' title='bbox 856 1898 1055 1964; x_wconf 86' lang='lat' dir='ltr'>levare,</span> <span class='ocrx_word' id='word_1_256' title='bbox 1080 1902 1179 1952; x_wconf 89' lang='lat' dir='ltr'>aut</span> <span class='ocrx_word' id='word_1_257' title='bbox 1205 1898 1380 1969; x_wconf 85' lang='lat' dir='ltr'>possit</span> <span class='ocrx_word' id='word_1_258' title='bbox 1406 1896 1674 1967; x_wconf 80' lang='lat' dir='ltr'>per/icere</span> <span class='ocrx_word' id='word_1_259' title='bbox 1719 1893 1959 1965; x_wconf 87' lang='lat' dir='ltr'>aliquid.</span> <span class='ocrx_word' id='word_1_260' title='bbox 2022 1892 2086 1945; x_wconf 87' lang='lat' dir='ltr'>Et</span> 
     </span>
    </p>
   </div>
   <div class='ocr_carea' id='block_1_36' title="bbox 432 1982 2086 2057">
    <p class='ocr_par' dir='ltr' id='par_1_36' title="bbox 432 1982 2086 2057">
     <span class='ocr_line' id='line_1_36' title="bbox 432 1982 2086 2057; baseline -0.005 -15"><span class='ocrx_word' id='word_1_261' title='bbox 432 1989 594 2042; x_wconf 84' lang='lat' dir='ltr'>erunt</span> <span class='ocrx_word' id='word_1_262' title='bbox 623 1994 801 2041; x_wconf 80' lang='lat' dir='ltr'>castra</span> <span class='ocrx_word' id='word_1_263' title='bbox 831 1986 973 2056; x_wconf 84' lang='lat' dir='ltr'>ejus,</span> <span class='ocrx_word' id='word_1_264' title='bbox 1008 1995 1071 2042; x_wconf 88' lang='lat' dir='ltr'>ut</span> <span class='ocrx_word' id='word_1_265' title='bbox 1095 1987 1363 2057; x_wconf 86' lang='lat' dir='ltr'>impleant</span> <span class='ocrx_word' id='word_1_266' title='bbox 1424 1983 1787 2040; x_wconf 82' lang='lat' dir='ltr'>latitudinem</span> <span class='ocrx_word' id='word_1_267' title='bbox 1842 1982 2086 2052; x_wconf 78' lang='lat' dir='ltr'>regionis</span> 
     </span>
    </p>
   </div>
   <div class='ocr_carea' id='block_1_37' title="bbox 430 2070 2085 2148">
    <p class='ocr_par' dir='ltr' id='par_1_37' title="bbox 430 2070 2085 2148">
     <span class='ocr_line' id='line_1_37' title="bbox 430 2070 2085 2148; baseline -0.004 -17"><span class='ocrx_word' id='word_1_268' title='bbox 430 2075 722 2141; x_wconf 72' lang='lat' dir='ltr'>tuae.Quid</span> <span class='ocrx_word' id='word_1_269' title='bbox 755 2080 845 2131; x_wconf 90' lang='lat' dir='ltr'>est</span> <span class='ocrx_word' id='word_1_270' title='bbox 870 2076 1023 2148; x_wconf 90' lang='lat' dir='ltr'>quod</span> <span class='ocrx_word' id='word_1_271' title='bbox 1056 2075 1197 2131; x_wconf 89' lang='lat' dir='ltr'>talia</span> <span class='ocrx_word' id='word_1_272' title='bbox 1221 2074 1432 2147; x_wconf 87' lang='lat' dir='ltr'>populo</span> <span class='ocrx_word' id='word_1_273' title='bbox 1458 2073 1759 2129; x_wconf 82' lang='lat' dir='ltr'>minitetur</span> <span class='ocrx_word' id='word_1_274' title='bbox 1781 2070 2085 2126; x_wconf 87' lang='lat' dir='ltr'>universo-</span> 
     </span>
    </p>
   </div>
   <div class='ocr_carea' id='block_1_38' title="bbox 431 2158 2087 2236">
    <p class='ocr_par' dir='ltr' id='par_1_38' title="bbox 431 2158 2087 2236">
     <span class='ocr_line' id='line_1_38' title="bbox 431 2158 2087 2236; baseline -0.005 -17"><span class='ocrx_word' id='word_1_275' title='bbox 431 2181 563 2219; x_wconf 89' lang='lat' dir='ltr'>rum</span> <span class='ocrx_word' id='word_1_276' title='bbox 595 2164 751 2219; x_wconf 86' lang='lat' dir='ltr'>Deus</span> <span class='ocrx_word' id='word_1_277' title='bbox 782 2165 855 2220; x_wconf 93' lang='lat' dir='ltr'>ob</span> <span class='ocrx_word' id='word_1_278' title='bbox 888 2180 1103 2236; x_wconf 85' lang='lat' dir='ltr'>aquam</span> <span class='ocrx_word' id='word_1_279' title='bbox 1136 2162 1495 2227; x_wconf 85' lang='lat' dir='ltr'>Siloam?0ui</span> <span class='ocrx_word' id='word_1_280' title='bbox 1527 2162 1704 2217; x_wconf 89' lang='lat' dir='ltr'>etiam</span> <span class='ocrx_word' id='word_1_281' title='bbox 1737 2160 1801 2214; x_wconf 85' lang='lat' dir='ltr'>lit</span> <span class='ocrx_word' id='word_1_282' title='bbox 1832 2164 1897 2214; x_wconf 88' lang='lat' dir='ltr'>ut</span> <span class='ocrx_word' id='word_1_283' title='bbox 1939 2158 2087 2213; x_wconf 87' lang='lat' dir='ltr'>nolit</span> 
     </span>
    </p>
   </div>
   <div class='ocr_carea' id='block_1_39' title="bbox 433 2250 2087 2326">
    <p class='ocr_par' dir='ltr' id='par_1_39' title="bbox 433 2250 2087 2326">
     <span class='ocr_line' id='line_1_39' title="bbox 433 2250 2087 2326; baseline -0.005 -18"><span class='ocrx_word' id='word_1_284' title='bbox 433 2252 690 2326; x_wconf 90' lang='lat' dir='ltr'>populus</span> <span class='ocrx_word' id='word_1_285' title='bbox 722 2270 936 2325; x_wconf 87' lang='lat' dir='ltr'>aquam</span> <span class='ocrx_word' id='word_1_286' title='bbox 970 2254 1353 2309; x_wconf 88' lang='lat' dir='ltr'>Siloam.cum</span> <span class='ocrx_word' id='word_1_287' title='bbox 1390 2250 1634 2307; x_wconf 79' lang='lat' dir='ltr'>historia</span> <span class='ocrx_word' id='word_1_288' title='bbox 1663 2266 1791 2305; x_wconf 89' lang='lat' dir='ltr'>eam</span> <span class='ocrx_word' id='word_1_289' title='bbox 1836 2265 1947 2303; x_wconf 89' lang='lat' dir='ltr'>non</span> <span class='ocrx_word' id='word_1_290' title='bbox 1977 2253 2087 2301; x_wconf 87' lang='lat' dir='ltr'>tra-</span> 
     </span>
    </p>
   </div>
   <div class='ocr_carea' id='block_1_40' title="bbox 431 2337 2086 2415">
    <p class='ocr_par' dir='ltr' id='par_1_40' title="bbox 431 2337 2086 2415">
     <span class='ocr_line' id='line_1_40' title="bbox 431 2337 2086 2415; baseline -0.004 -18"><span class='ocrx_word' id='word_1_291' title='bbox 431 2343 532 2397; x_wconf 89' lang='lat' dir='ltr'>dat</span> <span class='ocrx_word' id='word_1_292' title='bbox 561 2343 855 2415; x_wconf 88' lang='lat' dir='ltr'>morbum,</span> <span class='ocrx_word' id='word_1_293' title='bbox 889 2348 989 2399; x_wconf 87' lang='lat' dir='ltr'>aut</span> <span class='ocrx_word' id='word_1_294' title='bbox 1018 2343 1195 2399; x_wconf 87' lang='lat' dir='ltr'>aliam</span> <span class='ocrx_word' id='word_1_295' title='bbox 1249 2341 1506 2413; x_wconf 84' lang='lat' dir='ltr'>aliquam</span> <span class='ocrx_word' id='word_1_296' title='bbox 1540 2356 1750 2396; x_wconf 82' lang='lat' dir='ltr'>noxam</span> <span class='ocrx_word' id='word_1_297' title='bbox 1783 2337 2086 2393; x_wconf 83' lang='lat' dir='ltr'>utentibus</span> 
     </span>
    </p>
   </div>
   <div class='ocr_carea' id='block_1_41' title="bbox 433 2426 2083 2503">
    <p class='ocr_par' dir='ltr' id='par_1_41' title="bbox 433 2426 2083 2503">
     <span class='ocr_line' id='line_1_41' title="bbox 433 2426 2083 2503; baseline -0.003 -18"><span class='ocrx_word' id='word_1_298' title='bbox 433 2431 639 2486; x_wconf 81' lang='lat' dir='ltr'>ali‘erre</span> <span class='ocrx_word' id='word_1_299' title='bbox 666 2430 693 2486; x_wconf 81' lang='lat'><strong>?</strong></span> <span class='ocrx_word' id='word_1_300' title='bbox 719 2431 938 2487; x_wconf 89' lang='lat' dir='ltr'>Deinde</span> <span class='ocrx_word' id='word_1_301' title='bbox 970 2432 1264 2503; x_wconf 89' lang='lat' dir='ltr'>quomodo</span> <span class='ocrx_word' id='word_1_302' title='bbox 1305 2431 1480 2487; x_wconf 89' lang='lat' dir='ltr'>etiam</span> <span class='ocrx_word' id='word_1_303' title='bbox 1506 2429 1773 2501; x_wconf 83' lang='lat' dir='ltr'>sequitur</span> <span class='ocrx_word' id='word_1_304' title='bbox 1801 2444 1933 2483; x_wconf 92' lang='lat' dir='ltr'>eum</span> <span class='ocrx_word' id='word_1_305' title='bbox 1983 2426 2083 2498; x_wconf 88' lang='lat' dir='ltr'>qui</span> 
     </span>
    </p>
   </div>
   <div class='ocr_carea' id='block_1_42' title="bbox 434 2516 2084 2592">
    <p class='ocr_par' dir='ltr' id='par_1_42' title="bbox 434 2516 2084 2592">
     <span class='ocr_line' id='line_1_42' title="bbox 434 2516 2084 2592; baseline -0.003 -16"><span class='ocrx_word' id='word_1_306' title='bbox 434 2536 648 2592; x_wconf 86' lang='lat' dir='ltr'>aquam</span> <span class='ocrx_word' id='word_1_307' title='bbox 664 2521 877 2577; x_wconf 84' lang='lat' dir='ltr'>Siloam</span> <span class='ocrx_word' id='word_1_308' title='bbox 894 2537 1007 2576; x_wconf 91' lang='lat' dir='ltr'>non</span> <span class='ocrx_word' id='word_1_309' title='bbox 1023 2519 1319 2587; x_wconf 85' lang='lat' dir='ltr'>vult,velle</span> <span class='ocrx_word' id='word_1_310' title='bbox 1334 2519 1593 2588; x_wconf 82' lang='lat' dir='ltr'>Rasia,et</span> <span class='ocrx_word' id='word_1_311' title='bbox 1608 2518 1761 2575; x_wconf 74' lang='lat'>536</span> <span class='ocrx_word' id='word_1_312' title='bbox 1775 2516 1957 2571; x_wconf 85' lang='lat' dir='ltr'>ﬁlium</span> <span class='ocrx_word' id='word_1_313' title='bbox 1976 2519 2084 2571; x_wconf 85' lang='lat' dir='ltr'>R0-</span> 
     </span>
    </p>
   </div>
   <div class='ocr_carea' id='block_1_43' title="bbox 334 2604 2087 2682">
    <p class='ocr_par' dir='ltr' id='par_1_43' title="bbox 334 2604 2087 2682">
     <span class='ocr_line' id='line_1_43' title="bbox 334 2604 2087 2682; baseline -0.003 -17"><span class='ocrx_word' id='word_1_314' title='bbox 334 2644 344 2657; x_wconf 80' lang='grc'>‹</span> <span class='ocrx_word' id='word_1_315' title='bbox 435 2608 620 2664; x_wconf 72' lang='lat' dir='ltr'>melisa</span> <span class='ocrx_word' id='word_1_316' title='bbox 641 2609 669 2662; x_wconf 68' lang='grc' dir='ltr'><strong>γ</strong></span> <span class='ocrx_word' id='word_1_317' title='bbox 701 2610 838 2675; x_wconf 62' lang='lat' dir='ltr'>Quae</span> <span class='ocrx_word' id='word_1_318' title='bbox 867 2609 1024 2665; x_wconf 89' lang='lat' dir='ltr'>enim</span> <span class='ocrx_word' id='word_1_319' title='bbox 1057 2609 1325 2682; x_wconf 84' lang='lat' dir='ltr'>cognatio</span> <span class='ocrx_word' id='word_1_320' title='bbox 1361 2608 1739 2679; x_wconf 83' lang='lat' dir='ltr'>alﬁnitasque</span> <span class='ocrx_word' id='word_1_321' title='bbox 1780 2604 2087 2661; x_wconf 82' lang='lat' dir='ltr'>intercedit</span> 
     </span>
    </p>
   </div>
   <div class='ocr_carea' id='block_1_44' title="bbox 433 2694 2087 2772">
    <p class='ocr_par' dir='ltr' id='par_1_44' title="bbox 433 2694 2087 2772">
     <span class='ocr_line' id='line_1_44' title="bbox 433 2694 2087 2772; baseline -0.002 -19"><span class='ocrx_word' id='word_1_322' title='bbox 433 2697 586 2754; x_wconf 90' lang='lat' dir='ltr'>inter</span> <span class='ocrx_word' id='word_1_323' title='bbox 612 2715 827 2772; x_wconf 88' lang='lat' dir='ltr'>aquam</span> <span class='ocrx_word' id='word_1_324' title='bbox 858 2699 1329 2769; x_wconf 86' lang='lat' dir='ltr'>inanimalam,et</span> <span class='ocrx_word' id='word_1_325' title='bbox 1355 2697 1508 2753; x_wconf 90' lang='lat' dir='ltr'>inter</span> <span class='ocrx_word' id='word_1_326' title='bbox 1537 2712 1733 2769; x_wconf 85' lang='lat' dir='ltr'>regem</span> <span class='ocrx_word' id='word_1_327' title='bbox 1792 2694 2087 2767; x_wconf 86' lang='lat' dir='ltr'>imperan-</span> 
     </span>
    </p>
   </div>
   <div class='ocr_carea' id='block_1_45' title="bbox 430 2783 2085 2862">
    <p class='ocr_par' dir='ltr' id='par_1_45' title="bbox 430 2783 2085 2862">
     <span class='ocr_line' id='line_1_45' title="bbox 430 2783 2085 2862; baseline -0.003 -19"><span class='ocrx_word' id='word_1_328' title='bbox 430 2791 630 2844; x_wconf 88' lang='lat' dir='ltr'>temet</span> <span class='ocrx_word' id='word_1_329' title='bbox 661 2789 722 2843; x_wconf 91' lang='lat' dir='ltr'>in</span> <span class='ocrx_word' id='word_1_330' title='bbox 771 2788 1068 2859; x_wconf 83' lang='lat' dir='ltr'>subjectos</span> <span class='ocrx_word' id='word_1_331' title='bbox 1118 2788 1506 2862; x_wconf 84' lang='lat' dir='ltr'>principatum</span> <span class='ocrx_word' id='word_1_332' title='bbox 1564 2789 1859 2842; x_wconf 88' lang='lat' dir='ltr'>tenentem</span> <span class='ocrx_word' id='word_1_333' title='bbox 1888 2783 1917 2839; x_wconf 69' lang='grc' dir='ltr'><strong><em>τ</em></strong></span> <span class='ocrx_word' id='word_1_334' title='bbox 1973 2784 2085 2839; x_wconf 89' lang='lat' dir='ltr'>Sed</span> 
     </span>
    </p>
   </div>
   <div class='ocr_carea' id='block_1_46' title="bbox 430 2874 2088 2949">
    <p class='ocr_par' dir='ltr' id='par_1_46' title="bbox 430 2874 2088 2949">
     <span class='ocr_line' id='line_1_46' title="bbox 430 2874 2088 2949; baseline -0.004 -17"><span class='ocrx_word' id='word_1_335' title='bbox 430 2876 654 2948; x_wconf 88' lang='lat' dir='ltr'>tropice</span> <span class='ocrx_word' id='word_1_336' title='bbox 684 2876 1133 2949; x_wconf 89' lang='lat' dir='ltr'>intelligendum</span> <span class='ocrx_word' id='word_1_337' title='bbox 1151 2882 1240 2933; x_wconf 90' lang='lat' dir='ltr'>est</span> <span class='ocrx_word' id='word_1_338' title='bbox 1261 2893 1473 2932; x_wconf 87' lang='lat' dir='ltr'>nomen</span> <span class='ocrx_word' id='word_1_339' title='bbox 1497 2874 1900 2947; x_wconf 87' lang='lat' dir='ltr'>Siloam,quod</span> <span class='ocrx_word' id='word_1_340' title='bbox 1922 2874 2088 2943; x_wconf 82' lang='lat' dir='ltr'>juxta</span> 
     </span>
    </p>
   </div>
   <div class='ocr_carea' id='block_1_47' title="bbox 431 2962 2087 3038">
    <p class='ocr_par' dir='ltr' id='par_1_47' title="bbox 431 2962 2087 3038">
     <span class='ocr_line' id='line_1_47' title="bbox 431 2962 2087 3038; baseline -0.002 -19"><span class='ocrx_word' id='word_1_341' title='bbox 431 2966 726 3037; x_wconf 84' lang='lat' dir='ltr'>Evangelii</span> <span class='ocrx_word' id='word_1_342' title='bbox 759 2966 1086 3022; x_wconf 86' lang='lat' dir='ltr'>doctrinam</span> <span class='ocrx_word' id='word_1_343' title='bbox 1123 2967 1548 3038; x_wconf 86' lang='lat' dir='ltr'>interpretatur</span> <span class='ocrx_word' id='word_1_344' title='bbox 1567 2966 1821 3020; x_wconf 84' lang='lat' dir='ltr'>missum.</span> <span class='ocrx_word' id='word_1_345' title='bbox 1858 2962 2087 3018; x_wconf 89' lang='lat' dir='ltr'>Etenim</span> 
     </span>
    </p>
   </div>
   <div class='ocr_carea' id='block_1_48' title="bbox 435 3053 2088 3127">
    <p class='ocr_par' dir='ltr' id='par_1_48' title="bbox 435 3053 2088 3127">
     <span class='ocr_line' id='line_1_48' title="bbox 435 3053 2088 3127; baseline -0.002 -17"><span class='ocrx_word' id='word_1_346' title='bbox 435 3056 493 3110; x_wconf 91' lang='lat' dir='ltr'>in</span> <span class='ocrx_word' id='word_1_347' title='bbox 525 3055 771 3111; x_wconf 85' lang='lat' dir='ltr'>Joannis</span> <span class='ocrx_word' id='word_1_348' title='bbox 805 3055 1111 3127; x_wconf 81' lang='lat' dir='ltr'>Evangelia</span> <span class='ocrx_word' id='word_1_349' title='bbox 1136 3056 1387 3111; x_wconf 89' lang='lat' dir='ltr'>habetur</span> <span class='ocrx_word' id='word_1_350' title='bbox 1416 3054 1706 3125; x_wconf 88' lang='lat' dir='ltr'>ejusmodi</span> <span class='ocrx_word' id='word_1_351' title='bbox 1739 3053 2088 3123; x_wconf 88' lang='lat' dir='ltr'>interpreta-</span> 
     </span>
    </p>
   </div>
   <div class='ocr_carea' id='block_1_49' title="bbox 429 3141 2088 3216">
    <p class='ocr_par' dir='ltr' id='par_1_49' title="bbox 429 3141 2088 3216">
     <span class='ocr_line' id='line_1_49' title="bbox 429 3141 2088 3216; baseline -0.002 -16"><span class='ocrx_word' id='word_1_352' title='bbox 429 3144 511 3201; x_wconf 88' lang='lat' dir='ltr'>tio</span> <span class='ocrx_word' id='word_1_353' title='bbox 537 3164 550 3213; x_wconf 89' lang='lat'><strong>;</strong></span> <span class='ocrx_word' id='word_1_354' title='bbox 599 3145 759 3212; x_wconf 87' lang='lat' dir='ltr'>Vade,</span> <span class='ocrx_word' id='word_1_355' title='bbox 796 3146 920 3201; x_wconf 88' lang='lat' dir='ltr'>lava</span> <span class='ocrx_word' id='word_1_356' title='bbox 950 3147 1013 3201; x_wconf 86' lang='lat' dir='ltr'>in</span> <span class='ocrx_word' id='word_1_357' title='bbox 1034 3144 1248 3201; x_wconf 83' lang='lat' dir='ltr'>Siloam</span> <span class='ocrx_word' id='word_1_358' title='bbox 1268 3146 1412 3216; x_wconf 87' lang='lat' dir='ltr'>quod</span> <span class='ocrx_word' id='word_1_359' title='bbox 1444 3150 1523 3199; x_wconf 84' lang='lat' dir='ltr'>est</span> <span class='ocrx_word' id='word_1_360' title='bbox 1550 3145 1757 3198; x_wconf 86' lang='lat' dir='ltr'>missus</span> <span class='ocrx_word' id='word_1_361' title='bbox 1782 3142 1848 3197; x_wconf 75' lang='grc'>³⁷.</span> <span class='ocrx_word' id='word_1_362' title='bbox 1874 3141 2088 3214; x_wconf 86' lang='lat' dir='ltr'>Ecquis</span> 
     </span>
    </p>
   </div>
   <div class='ocr_carea' id='block_1_50' title="bbox 431 3200 2165 3307">
    <p class='ocr_par' dir='ltr' id='par_1_50' title="bbox 431 3200 2165 3307">
     <span class='ocr_line' id='line_1_50' title="bbox 431 3200 2165 3307; baseline -0.002 -18"><span class='ocrx_word' id='word_1_363' title='bbox 431 3234 615 3307; x_wconf 83' lang='lat' dir='ltr'>igitur</span> <span class='ocrx_word' id='word_1_364' title='bbox 644 3234 728 3289; x_wconf 88' lang='lat' dir='ltr'>esi</span> <span class='ocrx_word' id='word_1_365' title='bbox 759 3234 857 3290; x_wconf 90' lang='lat' dir='ltr'>ille</span> <span class='ocrx_word' id='word_1_366' title='bbox 888 3237 1171 3301; x_wconf 89' lang='lat' dir='ltr'>missus,et</span> <span class='ocrx_word' id='word_1_367' title='bbox 1202 3235 1399 3306; x_wconf 89' lang='lat' dir='ltr'>quiete</span> <span class='ocrx_word' id='word_1_368' title='bbox 1426 3235 1605 3305; x_wconf 87' lang='lat' dir='ltr'>ﬂuens</span> <span class='ocrx_word' id='word_1_369' title='bbox 1638 3233 1752 3288; x_wconf 86' lang='lat' dir='ltr'>nisi</span> <span class='ocrx_word' id='word_1_370' title='bbox 1776 3233 1846 3295; x_wconf 86' lang='lat' dir='ltr'>is,</span> <span class='ocrx_word' id='word_1_371' title='bbox 1880 3233 1950 3287; x_wconf 92' lang='lat' dir='ltr'>de</span> <span class='ocrx_word' id='word_1_372' title='bbox 1973 3248 2089 3302; x_wconf 93' lang='lat' dir='ltr'>quo</span> <span class='ocrx_word' id='word_1_373' title='bbox 2121 3200 2165 3269; x_wconf 65' lang='grc' dir='ltr'>α</span> 
     </span>
    </p>
   </div>
   <div class='ocr_carea' id='block_1_51' title="bbox 434 3318 2095 3393">
    <p class='ocr_par' dir='ltr' id='par_1_51' title="bbox 434 3318 2095 3393">
     <span class='ocr_line' id='line_1_51' title="bbox 434 3318 2095 3393; baseline -0.002 -16"><span class='ocrx_word' id='word_1_374' title='bbox 434 3324 658 3378; x_wconf 91' lang='lat' dir='ltr'>dictum</span> <span class='ocrx_word' id='word_1_375' title='bbox 691 3328 781 3378; x_wconf 88' lang='lat' dir='ltr'>est</span> <span class='ocrx_word' id='word_1_376' title='bbox 814 3341 827 3379; x_wconf 88' lang='lat'><strong>:</strong></span> <span class='ocrx_word' id='word_1_377' title='bbox 859 3325 1123 3379; x_wconf 87' lang='lat' dir='ltr'>Dominus</span> <span class='ocrx_word' id='word_1_378' title='bbox 1153 3325 1307 3379; x_wconf 88' lang='lat' dir='ltr'>misit</span> <span class='ocrx_word' id='word_1_379' title='bbox 1352 3340 1459 3389; x_wconf 90' lang='lat' dir='ltr'>me,</span> <span class='ocrx_word' id='word_1_380' title='bbox 1493 3327 1545 3379; x_wconf 85' lang='lat' dir='ltr'>et</span> <span class='ocrx_word' id='word_1_381' title='bbox 1592 3324 1818 3393; x_wconf 88' lang='lat' dir='ltr'>spiritus</span> <span class='ocrx_word' id='word_1_382' title='bbox 1845 3323 1966 3392; x_wconf 87' lang='lat' dir='ltr'>ejus</span> <span class='ocrx_word' id='word_1_383' title='bbox 1990 3319 2036 3354; x_wconf 73' lang='grc'>³⁸</span> <span class='ocrx_word' id='word_1_384' title='bbox 2066 3318 2095 3373; x_wconf 71' lang='grc' dir='ltr'><strong><em>Ἰ</em></strong></span> 
     </span>
    </p>
   </div>
   <div class='ocr_carea' id='block_1_52' title="bbox 436 3411 2095 3485">
    <p class='ocr_par' dir='ltr' id='par_1_52' title="bbox 436 3411 2095 3485">
     <span class='ocr_line' id='line_1_52' title="bbox 436 3411 2095 3485; baseline -0.002 -18"><span class='ocrx_word' id='word_1_385' title='bbox 436 3412 502 3467; x_wconf 91' lang='lat' dir='ltr'>Et</span> <span class='ocrx_word' id='word_1_386' title='bbox 535 3429 742 3467; x_wconf 82' lang='lat' dir='ltr'>rursus</span> <span class='ocrx_word' id='word_1_387' title='bbox 775 3430 788 3469; x_wconf 90' lang='lat'>:</span> <span class='ocrx_word' id='word_1_388' title='bbox 822 3413 941 3469; x_wconf 84' lang='lat' dir='ltr'>Non</span> <span class='ocrx_word' id='word_1_389' title='bbox 987 3412 1289 3481; x_wconf 85' lang='lat' dir='ltr'>contendet,</span> <span class='ocrx_word' id='word_1_390' title='bbox 1339 3428 1513 3485; x_wconf 88' lang='lat' dir='ltr'>neque</span> <span class='ocrx_word' id='word_1_391' title='bbox 1571 3411 1864 3481; x_wconf 84' lang='lat' dir='ltr'>clamabit,</span> <span class='ocrx_word' id='word_1_392' title='bbox 1917 3424 2095 3481; x_wconf 86' lang='lat' dir='ltr'>neque</span> 
     </span>
    </p>
   </div>
   <div class='ocr_carea' id='block_1_53' title="bbox 434 3499 2095 3574">
    <p class='ocr_par' dir='ltr' id='par_1_53' title="bbox 434 3499 2095 3574">
     <span class='ocr_line' id='line_1_53' title="bbox 434 3499 2095 3574; baseline -0.002 -18"><span class='ocrx_word' id='word_1_393' title='bbox 434 3499 699 3557; x_wconf 82' lang='lat' dir='ltr'>audietur</span> <span class='ocrx_word' id='word_1_394' title='bbox 728 3517 833 3557; x_wconf 76' lang='lat' dir='ltr'>vox</span> <span class='ocrx_word' id='word_1_395' title='bbox 861 3503 978 3573; x_wconf 86' lang='lat' dir='ltr'>ejus</span> <span class='ocrx_word' id='word_1_396' title='bbox 1009 3503 1070 3557; x_wconf 87' lang='lat' dir='ltr'>in.</span> <span class='ocrx_word' id='word_1_397' title='bbox 1097 3503 1296 3574; x_wconf 80' lang='lat' dir='ltr'>plateis</span> <span class='ocrx_word' id='word_1_398' title='bbox 1327 3502 1393 3558; x_wconf 72' lang='grc'>³³.</span> <span class='ocrx_word' id='word_1_399' title='bbox 1430 3503 1631 3574; x_wconf 83' lang='lat' dir='ltr'>Itaque</span> <span class='ocrx_word' id='word_1_400' title='bbox 1664 3500 1765 3573; x_wconf 90' lang='lat' dir='ltr'>qui</span> <span class='ocrx_word' id='word_1_401' title='bbox 1800 3516 1915 3555; x_wconf 91' lang='lat' dir='ltr'>non</span> <span class='ocrx_word' id='word_1_402' title='bbox 1949 3499 2095 3554; x_wconf 88' lang='lat' dir='ltr'>reci-</span> 
     </span>
    </p>
   </div>
   <div class='ocr_carea' id='block_1_54' title="bbox 437 3587 2095 3663">
    <p class='ocr_par' dir='ltr' id='par_1_54' title="bbox 437 3587 2095 3663">
     <span class='ocr_line' id='line_1_54' title="bbox 437 3587 2095 3663; baseline -0.002 -18"><span class='ocrx_word' id='word_1_403' title='bbox 437 3589 609 3663; x_wconf 89' lang='lat' dir='ltr'>piunt</span> <span class='ocrx_word' id='word_1_404' title='bbox 640 3607 774 3646; x_wconf 90' lang='lat' dir='ltr'>eum</span> <span class='ocrx_word' id='word_1_405' title='bbox 807 3591 908 3662; x_wconf 90' lang='lat' dir='ltr'>qui</span> <span class='ocrx_word' id='word_1_406' title='bbox 942 3591 1162 3647; x_wconf 90' lang='lat' dir='ltr'>missus</span> <span class='ocrx_word' id='word_1_407' title='bbox 1193 3590 1404 3647; x_wconf 83' lang='lat' dir='ltr'>eccelis</span> <span class='ocrx_word' id='word_1_408' title='bbox 1435 3597 1547 3658; x_wconf 89' lang='lat' dir='ltr'>est,</span> <span class='ocrx_word' id='word_1_409' title='bbox 1568 3589 1605 3644; x_wconf 93' lang='lat' dir='ltr'>ii</span> <span class='ocrx_word' id='word_1_410' title='bbox 1639 3587 2095 3646; x_wconf 86' lang='lat' dir='ltr'>mansuetudine</span> 
     </span>
    </p>
   </div>
   <div class='ocr_carea' id='block_1_55' title="bbox 435 3678 2096 3753">
    <p class='ocr_par' dir='ltr' id='par_1_55' title="bbox 435 3678 2096 3753">
     <span class='ocr_line' id='line_1_55' title="bbox 435 3678 2096 3753; baseline -0.002 -17"><span class='ocrx_word' id='word_1_411' title='bbox 435 3682 566 3753; x_wconf 85' lang='lat' dir='ltr'>ejus</span> <span class='ocrx_word' id='word_1_412' title='bbox 597 3686 793 3753; x_wconf 87' lang='lat' dir='ltr'>spreta</span> <span class='ocrx_word' id='word_1_413' title='bbox 814 3681 885 3737; x_wconf 87' lang='lat' dir='ltr'>ad</span> <span class='ocrx_word' id='word_1_414' title='bbox 917 3698 978 3737; x_wconf 91' lang='lat' dir='ltr'>se</span> <span class='ocrx_word' id='word_1_415' title='bbox 1011 3681 1351 3737; x_wconf 86' lang='lat' dir='ltr'>adsciscunt</span> <span class='ocrx_word' id='word_1_416' title='bbox 1370 3680 1556 3736; x_wconf 86' lang='lat' dir='ltr'>filium</span> <span class='ocrx_word' id='word_1_417' title='bbox 1573 3678 1986 3747; x_wconf 73' lang='lat' dir='ltr'>Romelize,hoc</span> <span class='ocrx_word' id='word_1_418' title='bbox 2005 3681 2096 3733; x_wconf 86' lang='lat' dir='ltr'>est</span> 
     </span>
    </p>
   </div>
   <div class='ocr_carea' id='block_1_56' title="bbox 438 3768 2096 3842">
    <p class='ocr_par' dir='ltr' id='par_1_56' title="bbox 438 3768 2096 3842">
     <span class='ocr_line' id='line_1_56' title="bbox 438 3768 2096 3842; baseline -0.003 -15"><span class='ocrx_word' id='word_1_419' title='bbox 438 3786 770 3827; x_wconf 87' lang='lat' dir='ltr'>sermonem</span> <span class='ocrx_word' id='word_1_420' title='bbox 795 3772 893 3842; x_wconf 91' lang='lat' dir='ltr'>qui</span> <span class='ocrx_word' id='word_1_421' title='bbox 918 3771 1246 3827; x_wconf 88' lang='lat' dir='ltr'>doctrinam</span> <span class='ocrx_word' id='word_1_422' title='bbox 1273 3772 1607 3827; x_wconf 86' lang='lat' dir='ltr'>mendacem</span> <span class='ocrx_word' id='word_1_423' title='bbox 1630 3786 1695 3825; x_wconf 86' lang='lat' dir='ltr'>ac</span> <span class='ocrx_word' id='word_1_424' title='bbox 1721 3768 1928 3825; x_wconf 81' lang='lat' dir='ltr'>falsam</span> <span class='ocrx_word' id='word_1_425' title='bbox 1945 3784 2096 3823; x_wconf 87' lang='lat' dir='ltr'>com-</span> 
     </span>
    </p>
   </div>
   <div class='ocr_carea' id='block_1_57' title="bbox 439 3854 2096 3932">
    <p class='ocr_par' dir='ltr' id='par_1_57' title="bbox 439 3854 2096 3932">
     <span class='ocr_line' id='line_1_57' title="bbox 439 3854 2096 3932; baseline -0.002 -19"><span class='ocrx_word' id='word_1_426' title='bbox 439 3858 736 3931; x_wconf 84' lang='lat' dir='ltr'>plectitur,</span> <span class='ocrx_word' id='word_1_427' title='bbox 755 3864 812 3914; x_wconf 91' lang='lat' dir='ltr'>et</span> <span class='ocrx_word' id='word_1_428' title='bbox 841 3863 1035 3914; x_wconf 86' lang='lat' dir='ltr'>tamen</span> <span class='ocrx_word' id='word_1_429' title='bbox 1076 3858 1385 3932; x_wconf 86' lang='lat' dir='ltr'>pollicetur</span> <span class='ocrx_word' id='word_1_430' title='bbox 1416 3876 1544 3915; x_wconf 89' lang='lat' dir='ltr'>eam</span> <span class='ocrx_word' id='word_1_431' title='bbox 1569 3876 1672 3931; x_wconf 86' lang='lat' dir='ltr'>per</span> <span class='ocrx_word' id='word_1_432' title='bbox 1700 3858 1925 3913; x_wconf 84' lang='lat' dir='ltr'>divinas</span> <span class='ocrx_word' id='word_1_433' title='bbox 1946 3854 2096 3911; x_wconf 83' lang='lat' dir='ltr'>Scri-</span> 
     </span>
    </p>
   </div>
   <div class='ocr_carea' id='block_1_58' title="bbox 439 3945 2095 4021">
    <p class='ocr_par' dir='ltr' id='par_1_58' title="bbox 439 3945 2095 4021">
     <span class='ocr_line' id='line_1_58' title="bbox 439 3945 2095 4021; baseline -0.002 -18"><span class='ocrx_word' id='word_1_434' title='bbox 439 3952 647 4020; x_wconf 85' lang='lat' dir='ltr'>pturas</span> <span class='ocrx_word' id='word_1_435' title='bbox 679 3948 1420 4005; x_wconf 82' lang='lat' dir='ltr'>demonstrarizaccersunt</span> <span class='ocrx_word' id='word_1_436' title='bbox 1449 3965 1684 4021; x_wconf 91' lang='lat' dir='ltr'>quoque</span> <span class='ocrx_word' id='word_1_437' title='bbox 1715 3946 2022 4017; x_wconf 85' lang='lat' dir='ltr'>Rasin,qui</span> <span class='ocrx_word' id='word_1_438' title='bbox 2044 3945 2095 4000; x_wconf 90' lang='lat' dir='ltr'>si</span> 
     </span>
    </p>
   </div>
   <div class='ocr_carea' id='block_1_59' title="bbox 438 4036 2096 4109">
    <p class='ocr_par' dir='ltr' id='par_1_59' title="bbox 438 4036 2096 4109">
     <span class='ocr_line' id='line_1_59' title="bbox 438 4036 2096 4109; baseline -0.001 -17"><span class='ocrx_word' id='word_1_439' title='bbox 438 4037 863 4109; x_wconf 87' lang='lat' dir='ltr'>interpreteris,</span> <span class='ocrx_word' id='word_1_440' title='bbox 893 4037 1048 4093; x_wconf 90' lang='lat' dir='ltr'>idem</span> <span class='ocrx_word' id='word_1_441' title='bbox 1081 4037 1234 4094; x_wconf 88' lang='lat' dir='ltr'>valet</span> <span class='ocrx_word' id='word_1_442' title='bbox 1290 4055 1356 4094; x_wconf 86' lang='lat' dir='ltr'>ac</span> <span class='ocrx_word' id='word_1_443' title='bbox 1387 4039 1663 4108; x_wconf 78' lang='lat' dir='ltr'>sublimis,</span> <span class='ocrx_word' id='word_1_444' title='bbox 1721 4036 1822 4109; x_wconf 89' lang='lat' dir='ltr'>qui</span> <span class='ocrx_word' id='word_1_445' title='bbox 1862 4050 2096 4107; x_wconf 70' lang='lat' dir='ltr'>quoque</span> 
     </span>
    </p>
   </div>
   <div class='ocr_carea' id='block_1_60' title="bbox 442 4126 2095 4200">
    <p class='ocr_par' dir='ltr' id='par_1_60' title="bbox 442 4126 2095 4200">
     <span class='ocr_line' id='line_1_60' title="bbox 442 4126 2095 4200; baseline -0.002 -17"><span class='ocrx_word' id='word_1_446' title='bbox 442 4126 769 4183; x_wconf 80' lang='lat' dir='ltr'>auditorem</span> <span class='ocrx_word' id='word_1_447' title='bbox 803 4128 875 4182; x_wconf 86' lang='lat' dir='ltr'>ad</span> <span class='ocrx_word' id='word_1_448' title='bbox 890 4127 1219 4183; x_wconf 81' lang='lat' dir='ltr'>divinarum</span> <span class='ocrx_word' id='word_1_449' title='bbox 1245 4127 1674 4200; x_wconf 88' lang='lat' dir='ltr'>Scripturarum</span> <span class='ocrx_word' id='word_1_450' title='bbox 1690 4126 1801 4181; x_wconf 83' lang='lat' dir='ltr'>ﬁde</span> <span class='ocrx_word' id='word_1_451' title='bbox 1814 4126 2095 4196; x_wconf 88' lang='lat' dir='ltr'>alienum,</span> 
     </span>
    </p>
   </div>
   <div class='ocr_carea' id='block_1_61' title="bbox 441 4214 2092 4289">
    <p class='ocr_par' dir='ltr' id='par_1_61' title="bbox 441 4214 2092 4289">
     <span class='ocr_line' id='line_1_61' title="bbox 441 4214 2092 4289; baseline -0.003 -16"><span class='ocrx_word' id='word_1_452' title='bbox 441 4215 1001 4289; x_wconf 77' lang='lat' dir='ltr'>eﬂ‘ert,inﬂatque,et</span> <span class='ocrx_word' id='word_1_453' title='bbox 1033 4234 1066 4273; x_wconf 86' lang='lat' dir='ltr'>a</span> <span class='ocrx_word' id='word_1_454' title='bbox 1090 4217 1222 4272; x_wconf 79' lang='lat' dir='ltr'>fidei</span> <span class='ocrx_word' id='word_1_455' title='bbox 1242 4218 1626 4273; x_wconf 80' lang='lat' dir='ltr'>fundamento</span> <span class='ocrx_word' id='word_1_456' title='bbox 1650 4214 2092 4271; x_wconf 83' lang='lat' dir='ltr'>abducit.Aram</span> 
     </span>
    </p>
   </div>
   <div class='ocr_carea' id='block_1_62' title="bbox 440 4302 2095 4380">
    <p class='ocr_par' dir='ltr' id='par_1_62' title="bbox 440 4302 2095 4380">
     <span class='ocr_line' id='line_1_62' title="bbox 440 4302 2095 4380; baseline -0.005 -15"><span class='ocrx_word' id='word_1_457' title='bbox 440 4306 737 4380; x_wconf 84' lang='lat' dir='ltr'>siquidem</span> <span class='ocrx_word' id='word_1_458' title='bbox 766 4308 837 4362; x_wconf 86' lang='lat' dir='ltr'>ab</span> <span class='ocrx_word' id='word_1_459' title='bbox 868 4306 1290 4380; x_wconf 86' lang='lat' dir='ltr'>interpretibus</span> <span class='ocrx_word' id='word_1_460' title='bbox 1323 4307 1539 4362; x_wconf 88' lang='lat' dir='ltr'>dicitur</span> <span class='ocrx_word' id='word_1_461' title='bbox 1565 4304 1959 4369; x_wconf 89' lang='lat' dir='ltr'>sublimis.Qui</span> <span class='ocrx_word' id='word_1_462' title='bbox 1995 4302 2095 4377; x_wconf 88' lang='lat' dir='ltr'>igi-</span> 
     </span>
    </p>
   </div>
   <div class='ocr_carea' id='block_1_63' title="bbox 439 4396 2097 4470">
    <p class='ocr_par' dir='ltr' id='par_1_63' title="bbox 439 4396 2097 4470">
     <span class='ocr_line' id='line_1_63' title="bbox 439 4396 2097 4470; baseline -0.002 -17"><span class='ocrx_word' id='word_1_463' title='bbox 439 4401 538 4453; x_wconf 85' lang='lat' dir='ltr'>tur</span> <span class='ocrx_word' id='word_1_464' title='bbox 576 4403 975 4470; x_wconf 88' lang='lat' dir='ltr'>aspernantur</span> <span class='ocrx_word' id='word_1_465' title='bbox 995 4399 1236 4455; x_wconf 83' lang='lat' dir='ltr'>firmum</span> <span class='ocrx_word' id='word_1_466' title='bbox 1269 4415 1623 4470; x_wconf 83' lang='lat' dir='ltr'>sermonem,</span> <span class='ocrx_word' id='word_1_467' title='bbox 1648 4414 1754 4453; x_wconf 91' lang='lat' dir='ltr'>nec</span> <span class='ocrx_word' id='word_1_468' title='bbox 1776 4396 2097 4453; x_wconf 87' lang='lat' dir='ltr'>admittunt</span> 
     </span>
    </p>
   </div>
   <div class='ocr_carea' id='block_1_64' title="bbox 443 4486 2105 4563">
    <p class='ocr_par' dir='ltr' id='par_1_64' title="bbox 443 4486 2105 4563">
     <span class='ocr_line' id='line_1_64' title="bbox 443 4486 2105 4563; baseline -0.001 -20"><span class='ocrx_word' id='word_1_469' title='bbox 443 4487 599 4560; x_wconf 89' lang='lat' dir='ltr'>quod</span> <span class='ocrx_word' id='word_1_470' title='bbox 630 4488 841 4545; x_wconf 88' lang='lat' dir='ltr'>stabile</span> <span class='ocrx_word' id='word_1_471' title='bbox 869 4494 929 4545; x_wconf 91' lang='lat' dir='ltr'>et</span> <span class='ocrx_word' id='word_1_472' title='bbox 960 4489 1372 4563; x_wconf 85' lang='lat' dir='ltr'>tranquillum,</span> <span class='ocrx_word' id='word_1_473' title='bbox 1403 4507 1471 4547; x_wconf 85' lang='lat' dir='ltr'>ac</span> <span class='ocrx_word' id='word_1_474' title='bbox 1501 4492 1713 4547; x_wconf 89' lang='lat' dir='ltr'>sudum</span> <span class='ocrx_word' id='word_1_475' title='bbox 1736 4487 1971 4559; x_wconf 88' lang='lat' dir='ltr'>est,imo</span> <span class='ocrx_word' id='word_1_476' title='bbox 1992 4486 2105 4559; x_wconf 74' lang='lat' dir='ltr'>qui&#39;</span> 
     </span>
    </p>
   </div>
   <div class='ocr_carea' id='block_1_65' title="bbox 2199 1891 3867 1975">
    <p class='ocr_par' dir='ltr' id='par_1_65' title="bbox 2199 1891 3867 1975">
     <span class='ocr_line' id='line_1_65' title="bbox 2199 1891 3867 1975; baseline 0.004 -29"><span class='ocrx_word' id='word_1_477' title='bbox 2199 1891 2288 1946; x_wconf 89' lang='grc' dir='ltr'>καὶ</span> <span class='ocrx_word' id='word_1_478' title='bbox 2345 1894 2705 1969; x_wconf 74' lang='grc' dir='ltr'>περιπατήσει</span> <span class='ocrx_word' id='word_1_479' title='bbox 2763 1891 2851 1947; x_wconf 78' lang='grc' dir='ltr'>ἐπὶ</span> <span class='ocrx_word' id='word_1_480' title='bbox 2905 1898 3009 1948; x_wconf 80' lang='grc' dir='ltr'>πᾶν</span> <span class='ocrx_word' id='word_1_481' title='bbox 3064 1896 3254 1969; x_wconf 84' lang='grc' dir='ltr'>τεῖχος</span> <span class='ocrx_word' id='word_1_482' title='bbox 3315 1893 3487 1968; x_wconf 79' lang='grc' dir='ltr'>ὑμῶν,</span> <span class='ocrx_word' id='word_1_483' title='bbox 3537 1894 3625 1950; x_wconf 81' lang='grc' dir='ltr'>καὶ</span> <span class='ocrx_word' id='word_1_484' title='bbox 3668 1893 3867 1975; x_wconf 79' lang='grc' dir='ltr'>ἀφελεῖ</span> 
     </span>
    </p>
   </div>
   <div class='ocr_carea' id='block_1_66' title="bbox 2194 1978 3860 2057">
    <p class='ocr_par' dir='ltr' id='par_1_66' title="bbox 2194 1978 3860 2057">
     <span class='ocr_line' id='line_1_66' title="bbox 2194 1978 3860 2057; baseline 0.004 -22"><span class='ocrx_word' id='word_1_485' title='bbox 2194 1980 2299 2036; x_wconf 88' lang='grc' dir='ltr'>ἀπὸ</span> <span class='ocrx_word' id='word_1_486' title='bbox 2368 1982 2471 2051; x_wconf 77' lang='grc' dir='ltr'>τῆς</span> <span class='ocrx_word' id='word_1_487' title='bbox 2554 1978 2819 2044; x_wconf 83' lang='grc' dir='ltr'>Ἰουδαίας</span> <span class='ocrx_word' id='word_1_488' title='bbox 2896 1980 3177 2056; x_wconf 80' lang='grc' dir='ltr'>ἄνθρωπον</span> <span class='ocrx_word' id='word_1_489' title='bbox 3215 2027 3229 2053; x_wconf 95' lang='grc'>,</span> <span class='ocrx_word' id='word_1_490' title='bbox 3289 1982 3348 2044; x_wconf 73' lang='grc' dir='ltr'>ὃς</span> <span class='ocrx_word' id='word_1_491' title='bbox 3423 1980 3710 2057; x_wconf 78' lang='grc' dir='ltr'>δυνήσεται</span> <span class='ocrx_word' id='word_1_492' title='bbox 3764 2007 3860 2042; x_wconf 83' lang='grc' dir='ltr'>κε-</span> 
     </span>
    </p>
   </div>
   <div class='ocr_carea' id='block_1_67' title="bbox 2196 2068 3856 2151">
    <p class='ocr_par' dir='ltr' id='par_1_67' title="bbox 2196 2068 3856 2151">
     <span class='ocr_line' id='line_1_67' title="bbox 2196 2068 3856 2151; baseline 0.006 -27"><span class='ocrx_word' id='word_1_493' title='bbox 2196 2069 2373 2148; x_wconf 73' lang='grc' dir='ltr'>φαλὴν</span> <span class='ocrx_word' id='word_1_494' title='bbox 2436 2072 2556 2147; x_wconf 81' lang='grc' dir='ltr'>ἆραι</span> <span class='ocrx_word' id='word_1_495' title='bbox 2608 2114 2624 2141; x_wconf 95' lang='grc'>,</span> <span class='ocrx_word' id='word_1_496' title='bbox 2683 2073 2718 2143; x_wconf 73' lang='grc' dir='ltr'><strong>ἢ</strong></span> <span class='ocrx_word' id='word_1_497' title='bbox 2786 2068 3010 2126; x_wconf 84' lang='grc' dir='ltr'>δυνατὸν</span> <span class='ocrx_word' id='word_1_498' title='bbox 3093 2070 3513 2138; x_wconf 74' lang='grc' dir='ltr'>συντελέσασθαι</span> <span class='ocrx_word' id='word_1_499' title='bbox 3588 2096 3643 2130; x_wconf 91' lang='grc' dir='ltr'>τι</span> <span class='ocrx_word' id='word_1_500' title='bbox 3718 2077 3856 2151; x_wconf 88' lang='grc'>(38).</span> 
     </span>
    </p>
   </div>
   <div class='ocr_carea' id='block_1_68' title="bbox 2196 2155 3853 2241">
    <p class='ocr_par' dir='ltr' id='par_1_68' title="bbox 2196 2155 3853 2241">
     <span class='ocr_line' id='line_1_68' title="bbox 2196 2155 3853 2241; baseline 0.004 -26"><span class='ocrx_word' id='word_1_501' title='bbox 2196 2160 2302 2215; x_wconf 86' lang='grc' dir='ltr'>Καὶ</span> <span class='ocrx_word' id='word_1_502' title='bbox 2361 2156 2507 2215; x_wconf 82' lang='grc' dir='ltr'>ἔσται</span> <span class='ocrx_word' id='word_1_503' title='bbox 2579 2164 2613 2232; x_wconf 79' lang='grc' dir='ltr'>ἡ</span> <span class='ocrx_word' id='word_1_504' title='bbox 2673 2155 3005 2238; x_wconf 77' lang='grc' dir='ltr'>παρεμϐολὴ</span> <span class='ocrx_word' id='word_1_505' title='bbox 3086 2160 3299 2231; x_wconf 78' lang='grc' dir='ltr'>αὐτοῦ,</span> <span class='ocrx_word' id='word_1_506' title='bbox 3355 2163 3492 2219; x_wconf 84' lang='grc' dir='ltr'>ὥστε</span> <span class='ocrx_word' id='word_1_507' title='bbox 3554 2161 3853 2241; x_wconf 88' lang='grc' dir='ltr'>πληρῶσαι</span> 
     </span>
    </p>
   </div>
   <div class='ocr_carea' id='block_1_69' title="bbox 2192 2247 3847 2332">
    <p class='ocr_par' dir='ltr' id='par_1_69' title="bbox 2192 2247 3847 2332">
     <span class='ocr_line' id='line_1_69' title="bbox 2192 2247 3847 2332; baseline 0.005 -28"><span class='ocrx_word' id='word_1_508' title='bbox 2192 2251 2256 2304; x_wconf 86' lang='grc' dir='ltr'>τὸ</span> <span class='ocrx_word' id='word_1_509' title='bbox 2313 2248 2521 2312; x_wconf 80' lang='grc' dir='ltr'>πλάτος</span> <span class='ocrx_word' id='word_1_510' title='bbox 2570 2257 2671 2321; x_wconf 85' lang='grc' dir='ltr'>τῆς</span> <span class='ocrx_word' id='word_1_511' title='bbox 2730 2252 2920 2327; x_wconf 86' lang='grc' dir='ltr'>χώρας</span> <span class='ocrx_word' id='word_1_512' title='bbox 2975 2273 3091 2309; x_wconf 88' lang='grc' dir='ltr'>σου.</span> <span class='ocrx_word' id='word_1_513' title='bbox 3151 2250 3279 2307; x_wconf 83' lang='grc' dir='ltr'>Τίνα</span> <span class='ocrx_word' id='word_1_514' title='bbox 3332 2247 3447 2330; x_wconf 77' lang='grc' dir='ltr'>ἔχει</span> <span class='ocrx_word' id='word_1_515' title='bbox 3510 2251 3700 2332; x_wconf 86' lang='grc' dir='ltr'>λόγον,</span> <span class='ocrx_word' id='word_1_516' title='bbox 3755 2256 3847 2312; x_wconf 80' lang='grc' dir='ltr'>τὸν</span> 
     </span>
    </p>
   </div>
   <div class='ocr_carea' id='block_1_70' title="bbox 2195 2337 3844 2420">
    <p class='ocr_par' dir='ltr' id='par_1_70' title="bbox 2195 2337 3844 2420">
     <span class='ocr_line' id='line_1_70' title="bbox 2195 2337 3844 2420; baseline 0.004 -25"><span class='ocrx_word' id='word_1_517' title='bbox 2195 2339 2321 2395; x_wconf 87' lang='grc' dir='ltr'>Θεὸν</span> <span class='ocrx_word' id='word_1_518' title='bbox 2360 2345 2467 2395; x_wconf 89' lang='grc' dir='ltr'>τῶν</span> <span class='ocrx_word' id='word_1_519' title='bbox 2527 2338 2693 2414; x_wconf 76' lang='grc' dir='ltr'>ὅλων,</span> <span class='ocrx_word' id='word_1_520' title='bbox 2750 2337 2925 2396; x_wconf 63' lang='grc' dir='ltr'>ἕνεκεν</span> <span class='ocrx_word' id='word_1_521' title='bbox 2980 2337 3173 2405; x_wconf 72' lang='grc' dir='ltr'>ὕδατος</span> <span class='ocrx_word' id='word_1_522' title='bbox 3230 2346 3327 2397; x_wconf 78' lang='grc' dir='ltr'>τοῦ</span> <span class='ocrx_word' id='word_1_523' title='bbox 3378 2342 3431 2399; x_wconf 70' lang='grc' dir='ltr'>ἰν</span> <span class='ocrx_word' id='word_1_524' title='bbox 3479 2348 3561 2417; x_wconf 80' lang='grc' dir='ltr'>τῷ</span> <span class='ocrx_word' id='word_1_525' title='bbox 3594 2344 3844 2420; x_wconf 78' lang='grc' dir='ltr'>Σιλωὰμ,</span> 
     </span>
    </p>
   </div>
   <div class='ocr_carea' id='block_1_71' title="bbox 2192 2428 3841 2511">
    <p class='ocr_par' dir='ltr' id='par_1_71' title="bbox 2192 2428 3841 2511">
     <span class='ocr_line' id='line_1_71' title="bbox 2192 2428 3841 2511; baseline 0.004 -25"><span class='ocrx_word' id='word_1_526' title='bbox 2192 2434 2416 2486; x_wconf 78' lang='grc' dir='ltr'>τοιαῦτα</span> <span class='ocrx_word' id='word_1_527' title='bbox 2446 2428 2689 2485; x_wconf 64' lang='grc' dir='ltr'>ἀπειλεῖν</span> <span class='ocrx_word' id='word_1_528' title='bbox 2716 2435 2795 2503; x_wconf 80' lang='grc' dir='ltr'>τῷ</span> <span class='ocrx_word' id='word_1_529' title='bbox 2825 2429 2944 2505; x_wconf 80' lang='grc' dir='ltr'>λαῷ</span> <span class='ocrx_word' id='word_1_530' title='bbox 2968 2477 2981 2502; x_wconf 94' lang='grc'>,</span> <span class='ocrx_word' id='word_1_531' title='bbox 3008 2436 3133 2494; x_wconf 88' lang='grc' dir='ltr'>Πῶς</span> <span class='ocrx_word' id='word_1_532' title='bbox 3162 2428 3328 2488; x_wconf 75' lang='grc' dir='ltr'>δὲκαὶ</span> <span class='ocrx_word' id='word_1_533' title='bbox 3360 2432 3422 2487; x_wconf 80' lang='grc' dir='ltr'>οὗ</span> <span class='ocrx_word' id='word_1_534' title='bbox 3458 2432 3711 2510; x_wconf 72' lang='grc' dir='ltr'>βούλεται</span> <span class='ocrx_word' id='word_1_535' title='bbox 3730 2438 3841 2511; x_wconf 87' lang='grc'>(39)</span> 
     </span>
    </p>
   </div>
   <div class='ocr_carea' id='block_1_72' title="bbox 2196 2516 3845 2600">
    <p class='ocr_par' dir='ltr' id='par_1_72' title="bbox 2196 2516 3845 2600">
     <span class='ocr_line' id='line_1_72' title="bbox 2196 2516 3845 2600; baseline 0.004 -26"><span class='ocrx_word' id='word_1_536' title='bbox 2196 2521 2224 2574; x_wconf 89' lang='grc' dir='ltr'>ὁ</span> <span class='ocrx_word' id='word_1_537' title='bbox 2256 2517 2387 2583; x_wconf 84' lang='grc' dir='ltr'>λαὸς</span> <span class='ocrx_word' id='word_1_538' title='bbox 2411 2520 2472 2574; x_wconf 85' lang='grc' dir='ltr'>τὸ</span> <span class='ocrx_word' id='word_1_539' title='bbox 2503 2516 2648 2595; x_wconf 75' lang='grc' dir='ltr'>ὕδωρ</span> <span class='ocrx_word' id='word_1_540' title='bbox 2679 2524 2775 2574; x_wconf 74' lang='grc' dir='ltr'>τοῦ</span> <span class='ocrx_word' id='word_1_541' title='bbox 2827 2521 3080 2595; x_wconf 74' lang='grc' dir='ltr'>Σιλωὰμ,</span> <span class='ocrx_word' id='word_1_542' title='bbox 3116 2521 3238 2576; x_wconf 66' lang='grc' dir='ltr'>οὔτε</span> <span class='ocrx_word' id='word_1_543' title='bbox 3280 2524 3573 2579; x_wconf 89' lang='grc' dir='ltr'>νοσοποιὸν</span> <span class='ocrx_word' id='word_1_544' title='bbox 3604 2525 3845 2600; x_wconf 65' lang='lat' dir='ltr'>lci-10906-</span> 
     </span>
    </p>
   </div>
   <div class='ocr_carea' id='block_1_73' title="bbox 2199 2604 3848 2690">
    <p class='ocr_par' dir='ltr' id='par_1_73' title="bbox 2199 2604 3848 2690">
     <span class='ocr_line' id='line_1_73' title="bbox 2199 2604 3848 2690; baseline 0.004 -27"><span class='ocrx_word' id='word_1_545' title='bbox 2199 2629 2380 2682; x_wconf 89' lang='grc' dir='ltr'>μενον,</span> <span class='ocrx_word' id='word_1_546' title='bbox 2416 2604 2539 2662; x_wconf 74' lang='grc' dir='ltr'>οὕτε</span> <span class='ocrx_word' id='word_1_547' title='bbox 2568 2604 2747 2679; x_wconf 81' lang='grc' dir='ltr'>ἄλλην</span> <span class='ocrx_word' id='word_1_548' title='bbox 2793 2608 2915 2664; x_wconf 73' lang='grc' dir='ltr'>τινὰ</span> <span class='ocrx_word' id='word_1_549' title='bbox 2966 2604 3180 2685; x_wconf 78' lang='grc' dir='ltr'>βλάϐην</span> <span class='ocrx_word' id='word_1_550' title='bbox 3209 2616 3328 2675; x_wconf 89' lang='grc' dir='ltr'>τοῖς</span> <span class='ocrx_word' id='word_1_551' title='bbox 3360 2611 3675 2688; x_wconf 74' lang='grc' dir='ltr'>χρωμένοις</span> <span class='ocrx_word' id='word_1_552' title='bbox 3706 2634 3848 2690; x_wconf 86' lang='grc' dir='ltr'>παρ-</span> 
     </span>
    </p>
   </div>
   <div class='ocr_carea' id='block_1_74' title="bbox 2196 2696 3850 2778">
    <p class='ocr_par' dir='ltr' id='par_1_74' title="bbox 2196 2696 3850 2778">
     <span class='ocr_line' id='line_1_74' title="bbox 2196 2696 3850 2778; baseline 0.004 -25"><span class='ocrx_word' id='word_1_553' title='bbox 2196 2698 2460 2773; x_wconf 87' lang='grc' dir='ltr'>εχόμενον</span> <span class='ocrx_word' id='word_1_554' title='bbox 2497 2700 2667 2767; x_wconf 80' lang='grc' dir='ltr'>;Εἶτα</span> <span class='ocrx_word' id='word_1_555' title='bbox 2697 2698 2786 2752; x_wconf 80' lang='grc' dir='ltr'>καὶ</span> <span class='ocrx_word' id='word_1_556' title='bbox 2816 2698 2899 2760; x_wconf 90' lang='grc' dir='ltr'>τίς</span> <span class='ocrx_word' id='word_1_557' title='bbox 2929 2700 2964 2768; x_wconf 79' lang='grc' dir='ltr'>ἡ</span> <span class='ocrx_word' id='word_1_558' title='bbox 2992 2696 3313 2769; x_wconf 79' lang='grc' dir='ltr'>ἀκολουθία,</span> <span class='ocrx_word' id='word_1_559' title='bbox 3335 2703 3427 2756; x_wconf 89' lang='grc' dir='ltr'>τὸν</span> <span class='ocrx_word' id='word_1_560' title='bbox 3464 2703 3539 2776; x_wconf 77' lang='grc' dir='ltr'>μή</span> <span class='ocrx_word' id='word_1_561' title='bbox 3576 2702 3850 2778; x_wconf 84' lang='grc' dir='ltr'>βουλόμε-</span> 
     </span>
    </p>
   </div>
   <div class='ocr_carea' id='block_1_75' title="bbox 2195 2785 3850 2864">
    <p class='ocr_par' dir='ltr' id='par_1_75' title="bbox 2195 2785 3850 2864">
     <span class='ocr_line' id='line_1_75' title="bbox 2195 2785 3850 2864; baseline 0.002 -23"><span class='ocrx_word' id='word_1_562' title='bbox 2195 2808 2285 2842; x_wconf 91' lang='grc' dir='ltr'>νον</span> <span class='ocrx_word' id='word_1_563' title='bbox 2315 2788 2378 2842; x_wconf 81' lang='grc' dir='ltr'>τὸ</span> <span class='ocrx_word' id='word_1_564' title='bbox 2428 2785 2572 2861; x_wconf 75' lang='grc' dir='ltr'>ὕδωρ</span> <span class='ocrx_word' id='word_1_565' title='bbox 2613 2792 2710 2842; x_wconf 78' lang='grc' dir='ltr'>τοῦ</span> <span class='ocrx_word' id='word_1_566' title='bbox 2760 2786 3015 2862; x_wconf 74' lang='grc' dir='ltr'>Σιλωὰμ,</span> <span class='ocrx_word' id='word_1_567' title='bbox 3074 2788 3359 2864; x_wconf 68' lang='grc' dir='ltr'>βούλεσθαι</span> <span class='ocrx_word' id='word_1_568' title='bbox 3404 2791 3493 2845; x_wconf 86' lang='grc' dir='ltr'>τὸν</span> <span class='ocrx_word' id='word_1_569' title='bbox 3526 2791 3726 2863; x_wconf 75' lang='grc' dir='ltr'>Ῥασὶν,</span> <span class='ocrx_word' id='word_1_570' title='bbox 3761 2793 3850 2847; x_wconf 81' lang='grc' dir='ltr'>καὶ</span> 
     </span>
    </p>
   </div>
   <div class='ocr_carea' id='block_1_76' title="bbox 2195 2876 3848 2953">
    <p class='ocr_par' dir='ltr' id='par_1_76' title="bbox 2195 2876 3848 2953">
     <span class='ocr_line' id='line_1_76' title="bbox 2195 2876 3848 2953; baseline 0.001 -22"><span class='ocrx_word' id='word_1_571' title='bbox 2195 2877 2287 2931; x_wconf 87' lang='grc' dir='ltr'>τὸν</span> <span class='ocrx_word' id='word_1_572' title='bbox 2349 2878 2462 2931; x_wconf 70' lang='grc' dir='ltr'>υἱὸν</span> <span class='ocrx_word' id='word_1_573' title='bbox 2515 2881 2615 2931; x_wconf 76' lang='grc' dir='ltr'>τοῦ</span> <span class='ocrx_word' id='word_1_574' title='bbox 2671 2876 2958 2949; x_wconf 79' lang='grc' dir='ltr'>Ῥομελίου</span> <span class='ocrx_word' id='word_1_575' title='bbox 3007 2897 3019 2946; x_wconf 91' lang='lat'><strong>;</strong></span> <span class='ocrx_word' id='word_1_576' title='bbox 3078 2877 3172 2940; x_wconf 84' lang='grc' dir='ltr'>Τίς</span> <span class='ocrx_word' id='word_1_577' title='bbox 3228 2879 3327 2953; x_wconf 75' lang='grc' dir='ltr'>γαρ</span> <span class='ocrx_word' id='word_1_578' title='bbox 3380 2878 3631 2933; x_wconf 85' lang='grc' dir='ltr'>κοινωνία</span> <span class='ocrx_word' id='word_1_579' title='bbox 3693 2878 3848 2935; x_wconf 76' lang='grc' dir='ltr'>ὕδατι</span> 
     </span>
    </p>
   </div>
   <div class='ocr_carea' id='block_1_77' title="bbox 2199 2963 3839 3043">
    <p class='ocr_par' dir='ltr' id='par_1_77' title="bbox 2199 2963 3839 3043">
     <span class='ocr_line' id='line_1_77' title="bbox 2199 2963 3839 3043; baseline 0.001 -22"><span class='ocrx_word' id='word_1_580' title='bbox 2199 2965 2399 3042; x_wconf 69' lang='grc' dir='ltr'>ἀψύχῳ</span> <span class='ocrx_word' id='word_1_581' title='bbox 2457 2968 2590 3041; x_wconf 89' lang='grc' dir='ltr'>πρὸς</span> <span class='ocrx_word' id='word_1_582' title='bbox 2652 2964 2878 3042; x_wconf 78' lang='grc' dir='ltr'>βασιλέα</span> <span class='ocrx_word' id='word_1_583' title='bbox 2936 2970 3232 3043; x_wconf 76' lang='grc' dir='ltr'>κρατοῦντα</span> <span class='ocrx_word' id='word_1_584' title='bbox 3284 2966 3373 3020; x_wconf 83' lang='grc' dir='ltr'>καὶ</span> <span class='ocrx_word' id='word_1_585' title='bbox 3432 2963 3670 3043; x_wconf 73' lang='grc' dir='ltr'>ἄρχοντα</span> <span class='ocrx_word' id='word_1_586' title='bbox 3726 2972 3839 3023; x_wconf 90' lang='grc' dir='ltr'>τῶν</span> 
     </span>
    </p>
   </div>
   <div class='ocr_carea' id='block_1_78' title="bbox 2203 3054 3847 3130">
    <p class='ocr_par' dir='ltr' id='par_1_78' title="bbox 2203 3054 3847 3130">
     <span class='ocr_line' id='line_1_78' title="bbox 2203 3054 3847 3130; baseline 0 -19"><span class='ocrx_word' id='word_1_587' title='bbox 2203 3056 2457 3126; x_wconf 80' lang='grc' dir='ltr'>ὑπηκόων</span> <span class='ocrx_word' id='word_1_588' title='bbox 2496 3076 2509 3125; x_wconf 88' lang='grc'>;</span> <span class='ocrx_word' id='word_1_589' title='bbox 2552 3054 2727 3112; x_wconf 79' lang='grc' dir='ltr'>Ἀλλᾶ</span> <span class='ocrx_word' id='word_1_590' title='bbox 2762 3060 3037 3130; x_wconf 76' lang='grc' dir='ltr'>τροπικῶς</span> <span class='ocrx_word' id='word_1_591' title='bbox 3097 3054 3381 3111; x_wconf 79' lang='grc' dir='ltr'>ἀκουστέον</span> <span class='ocrx_word' id='word_1_592' title='bbox 3437 3059 3536 3111; x_wconf 74' lang='grc' dir='ltr'>τοῦ</span> <span class='ocrx_word' id='word_1_593' title='bbox 3591 3055 3847 3130; x_wconf 85' lang='grc' dir='ltr'>Σιλωὰμ,</span> 
     </span>
    </p>
   </div>
   <div class='ocr_carea' id='block_1_79' title="bbox 2202 3142 3850 3222">
    <p class='ocr_par' dir='ltr' id='par_1_79' title="bbox 2202 3142 3850 3222">
     <span class='ocr_line' id='line_1_79' title="bbox 2202 3142 3850 3222; baseline 0 -22"><span class='ocrx_word' id='word_1_594' title='bbox 2202 3144 2641 3222; x_wconf 70' lang='grc' dir='ltr'>ὲρμηνευομένου</span> <span class='ocrx_word' id='word_1_595' title='bbox 2671 3144 2806 3200; x_wconf 79' lang='grc' dir='ltr'>κατὰ</span> <span class='ocrx_word' id='word_1_596' title='bbox 2835 3146 2934 3213; x_wconf 82' lang='grc' dir='ltr'>τὴν</span> <span class='ocrx_word' id='word_1_597' title='bbox 2961 3150 3057 3200; x_wconf 78' lang='grc' dir='ltr'>τοῦ</span> <span class='ocrx_word' id='word_1_598' title='bbox 3098 3143 3433 3221; x_wconf 78' lang='grc' dir='ltr'>Εὖαγγελίου</span> <span class='ocrx_word' id='word_1_599' title='bbox 3480 3142 3850 3214; x_wconf 87' lang='grc' dir='ltr'>διδασκαλίαν,</span> 
     </span>
    </p>
   </div>
   <div class='ocr_carea' id='block_1_80' title="bbox 2202 3233 3857 3310">
    <p class='ocr_par' dir='ltr' id='par_1_80' title="bbox 2202 3233 3857 3310">
     <span class='ocr_line' id='line_1_80' title="bbox 2202 3233 3857 3310; baseline -0.001 -20"><span class='ocrx_word' id='word_1_600' title='bbox 2202 3234 2631 3309; x_wconf 77' lang='grc' dir='ltr'>ἀπεσταλμένου.</span> <span class='ocrx_word' id='word_1_601' title='bbox 2692 3233 2850 3291; x_wconf 71' lang='grc' dir='ltr'>Οὕτω</span> <span class='ocrx_word' id='word_1_602' title='bbox 2905 3233 3007 3310; x_wconf 81' lang='grc' dir='ltr'>γὰρ</span> <span class='ocrx_word' id='word_1_603' title='bbox 3066 3233 3422 3308; x_wconf 70' lang='grc' dir='ltr'>ἑρμηνεύεται</span> <span class='ocrx_word' id='word_1_604' title='bbox 3485 3233 3537 3289; x_wconf 79' lang='grc' dir='ltr'>έν</span> <span class='ocrx_word' id='word_1_605' title='bbox 3584 3239 3665 3307; x_wconf 82' lang='grc' dir='ltr'>τῷ</span> <span class='ocrx_word' id='word_1_606' title='bbox 3720 3234 3857 3290; x_wconf 86' lang='grc' dir='ltr'>κατά</span> 
     </span>
    </p>
   </div>
   <div class='ocr_carea' id='block_1_81' title="bbox 2202 3321 3850 3399">
    <p class='ocr_par' dir='ltr' id='par_1_81' title="bbox 2202 3321 3850 3399">
     <span class='ocr_line' id='line_1_81' title="bbox 2202 3321 3850 3399; baseline -0.002 -17"><span class='ocrx_word' id='word_1_607' title='bbox 2202 3325 2459 3395; x_wconf 75' lang='grc' dir='ltr'>Ἰωάννην</span> <span class='ocrx_word' id='word_1_608' title='bbox 2496 3321 3073 3399; x_wconf 72' lang='grc' dir='ltr'>Εὗαγγελίῳ·’Ύπαγε,</span> <span class='ocrx_word' id='word_1_609' title='bbox 3132 3322 3285 3398; x_wconf 78' lang='grc' dir='ltr'>νίψαι</span> <span class='ocrx_word' id='word_1_610' title='bbox 3342 3322 3395 3379; x_wconf 75' lang='grc' dir='ltr'>ἐν</span> <span class='ocrx_word' id='word_1_611' title='bbox 3456 3329 3536 3397; x_wconf 85' lang='grc' dir='ltr'>τῷ</span> <span class='ocrx_word' id='word_1_612' title='bbox 3595 3322 3850 3398; x_wconf 78' lang='grc' dir='ltr'>Σιλωὰμ,</span> 
     </span>
    </p>
   </div>
   <div class='ocr_carea' id='block_1_82' title="bbox 2203 3409 3852 3485">
    <p class='ocr_par' dir='ltr' id='par_1_82' title="bbox 2203 3409 3852 3485">
     <span class='ocr_line' id='line_1_82' title="bbox 2203 3409 3852 3485; baseline 0.001 -18"><span class='ocrx_word' id='word_1_613' title='bbox 2203 3412 2233 3467; x_wconf 76' lang='grc' dir='ltr'>ὅ</span> <span class='ocrx_word' id='word_1_614' title='bbox 2280 3411 2421 3468; x_wconf 74' lang='grc' dir='ltr'>ἐστιν</span> <span class='ocrx_word' id='word_1_615' title='bbox 2476 3409 2950 3483; x_wconf 80' lang='grc' dir='ltr'>Ἀπεσταλμένος.</span> <span class='ocrx_word' id='word_1_616' title='bbox 3009 3410 3104 3473; x_wconf 91' lang='grc' dir='ltr'>Τίς</span> <span class='ocrx_word' id='word_1_617' title='bbox 3163 3411 3255 3466; x_wconf 82' lang='grc' dir='ltr'>οὖν</span> <span class='ocrx_word' id='word_1_618' title='bbox 3317 3414 3346 3467; x_wconf 85' lang='grc' dir='ltr'><strong>ὁ</strong></span> <span class='ocrx_word' id='word_1_619' title='bbox 3404 3410 3852 3485; x_wconf 73' lang='grc' dir='ltr'>ἀπεσταλμένος,</span> 
     </span>
    </p>
   </div>
   <div class='ocr_carea' id='block_1_83' title="bbox 2202 3498 3854 3580">
    <p class='ocr_par' dir='ltr' id='par_1_83' title="bbox 2202 3498 3854 3580">
     <span class='ocr_line' id='line_1_83' title="bbox 2202 3498 3854 3580; baseline 0.001 -24"><span class='ocrx_word' id='word_1_620' title='bbox 2202 3502 2291 3557; x_wconf 84' lang='grc' dir='ltr'>καὶ</span> <span class='ocrx_word' id='word_1_621' title='bbox 2346 3500 2585 3580; x_wconf 73' lang='grc' dir='ltr'>ἀψοφητὶ</span> <span class='ocrx_word' id='word_1_622' title='bbox 2647 3501 2805 3576; x_wconf 80' lang='grc' dir='ltr'>ῥέων,</span> <span class='ocrx_word' id='word_1_623' title='bbox 2864 3499 2901 3571; x_wconf 79' lang='grc' dir='ltr'><strong>ἢ</strong></span> <span class='ocrx_word' id='word_1_624' title='bbox 2957 3500 3081 3577; x_wconf 83' lang='grc' dir='ltr'>περὶ</span> <span class='ocrx_word' id='word_1_625' title='bbox 3140 3500 3201 3555; x_wconf 82' lang='grc' dir='ltr'>οὗ</span> <span class='ocrx_word' id='word_1_626' title='bbox 3252 3498 3488 3577; x_wconf 65' lang='grc' dir='ltr'>εἴρηται,</span> <span class='ocrx_word' id='word_1_627' title='bbox 3527 3500 3727 3578; x_wconf 75' lang='grc' dir='ltr'>Κύριος</span> <span class='ocrx_word' id='word_1_628' title='bbox 3754 3500 3854 3557; x_wconf 80' lang='grc' dir='ltr'>ἀπ·</span> 
     </span>
    </p>
   </div>
   <div class='ocr_carea' id='block_1_84' title="bbox 2204 3588 3850 3665">
    <p class='ocr_par' dir='ltr' id='par_1_84' title="bbox 2204 3588 3850 3665">
     <span class='ocr_line' id='line_1_84' title="bbox 2204 3588 3850 3665; baseline 0 -20"><span class='ocrx_word' id='word_1_629' title='bbox 2204 3589 2408 3646; x_wconf 83' lang='grc' dir='ltr'>έστειλέ</span> <span class='ocrx_word' id='word_1_630' title='bbox 2441 3593 2556 3663; x_wconf 78' lang='grc'>(40)</span> <span class='ocrx_word' id='word_1_631' title='bbox 2613 3610 2698 3663; x_wconf 78' lang='grc' dir='ltr'>με,</span> <span class='ocrx_word' id='word_1_632' title='bbox 2755 3588 2845 3644; x_wconf 81' lang='grc' dir='ltr'>καὶ</span> <span class='ocrx_word' id='word_1_633' title='bbox 2895 3589 2957 3645; x_wconf 85' lang='grc' dir='ltr'>τὸ</span> <span class='ocrx_word' id='word_1_634' title='bbox 3016 3593 3229 3665; x_wconf 76' lang='grc' dir='ltr'>πνεῦμα</span> <span class='ocrx_word' id='word_1_635' title='bbox 3287 3590 3493 3662; x_wconf 68' lang='grc' dir='ltr'>αὑτοῦ,</span> <span class='ocrx_word' id='word_1_636' title='bbox 3533 3590 3623 3646; x_wconf 86' lang='grc' dir='ltr'>καὶ</span> <span class='ocrx_word' id='word_1_637' title='bbox 3672 3589 3850 3646; x_wconf 62' lang='grc' dir='ltr'>πάλιν</span> 
     </span>
    </p>
   </div>
   <div class='ocr_carea' id='block_1_85' title="bbox 2204 3676 3857 3756">
    <p class='ocr_par' dir='ltr' id='par_1_85' title="bbox 2204 3676 3857 3756">
     <span class='ocr_line' id='line_1_85' title="bbox 2204 3676 3857 3756; baseline -0.002 -19"><span class='ocrx_word' id='word_1_638' title='bbox 2204 3680 2320 3738; x_wconf 77' lang='grc' dir='ltr'>Οὐκ</span> <span class='ocrx_word' id='word_1_639' title='bbox 2371 3679 2556 3755; x_wconf 75' lang='grc' dir='ltr'>ἐρίσει,</span> <span class='ocrx_word' id='word_1_640' title='bbox 2619 3676 2745 3734; x_wconf 84' lang='grc' dir='ltr'>οὐδέ</span> <span class='ocrx_word' id='word_1_641' title='bbox 2793 3678 3127 3756; x_wconf 87' lang='grc' dir='ltr'>κραυγάσει,</span> <span class='ocrx_word' id='word_1_642' title='bbox 3183 3676 3307 3735; x_wconf 72' lang='grc' dir='ltr'>οὐδὲ</span> <span class='ocrx_word' id='word_1_643' title='bbox 3363 3681 3598 3750; x_wconf 75' lang='grc' dir='ltr'>ἀκουστὴ</span> <span class='ocrx_word' id='word_1_644' title='bbox 3660 3682 3790 3755; x_wconf 80' lang='grc' dir='ltr'>γενή</span> <span class='ocrx_word' id='word_1_645' title='bbox 3827 3711 3857 3723; x_wconf 87' lang='grc'><strong>-</strong></span> 
     </span>
    </p>
   </div>
   <div class='ocr_carea' id='block_1_86' title="bbox 2203 3767 3858 3844">
    <p class='ocr_par' dir='ltr' id='par_1_86' title="bbox 2203 3767 3858 3844">
     <span class='ocr_line' id='line_1_86' title="bbox 2203 3767 3858 3844; baseline -0.001 -19"><span class='ocrx_word' id='word_1_646' title='bbox 2203 3791 2350 3825; x_wconf 89' lang='grc' dir='ltr'>σεται</span> <span class='ocrx_word' id='word_1_647' title='bbox 2498 3769 2653 3844; x_wconf 80' lang='grc' dir='ltr'>φωνή</span> <span class='ocrx_word' id='word_1_648' title='bbox 2709 3768 2874 3823; x_wconf 77' lang='grc' dir='ltr'>αὐτοῦ</span> <span class='ocrx_word' id='word_1_649' title='bbox 2927 3768 2977 3823; x_wconf 86' lang='grc' dir='ltr'>έν</span> <span class='ocrx_word' id='word_1_650' title='bbox 3027 3775 3149 3832; x_wconf 88' lang='grc' dir='ltr'>ταῖς</span> <span class='ocrx_word' id='word_1_651' title='bbox 3193 3767 3494 3832; x_wconf 85' lang='grc' dir='ltr'>πλατείαις.</span> <span class='ocrx_word' id='word_1_652' title='bbox 3547 3771 3615 3827; x_wconf 74' lang='grc' dir='ltr'>Οἱ</span> <span class='ocrx_word' id='word_1_653' title='bbox 3672 3768 3858 3825; x_wconf 86' lang='grc' dir='ltr'>τοίνυν</span> 
     </span>
    </p>
   </div>
   <div class='ocr_carea' id='block_1_87' title="bbox 2209 3856 3859 3934">
    <p class='ocr_par' dir='ltr' id='par_1_87' title="bbox 2209 3856 3859 3934">
     <span class='ocr_line' id='line_1_87' title="bbox 2209 3856 3859 3934; baseline 0.001 -21"><span class='ocrx_word' id='word_1_654' title='bbox 2209 3860 2285 3933; x_wconf 79' lang='grc' dir='ltr'>μή</span> <span class='ocrx_word' id='word_1_655' title='bbox 2346 3856 2637 3934; x_wconf 86' lang='grc' dir='ltr'>δεχόμενοι</span> <span class='ocrx_word' id='word_1_656' title='bbox 2688 3857 2780 3913; x_wconf 87' lang='grc' dir='ltr'>τὸν</span> <span class='ocrx_word' id='word_1_657' title='bbox 2829 3858 2879 3929; x_wconf 76' lang='grc' dir='ltr'>ἐξ</span> <span class='ocrx_word' id='word_1_658' title='bbox 2939 3858 3180 3932; x_wconf 80' lang='grc' dir='ltr'>οὐρανῶν</span> <span class='ocrx_word' id='word_1_659' title='bbox 3232 3859 3663 3933; x_wconf 85' lang='grc' dir='ltr'>ἀπεσταλμένον,</span> <span class='ocrx_word' id='word_1_660' title='bbox 3693 3859 3859 3928; x_wconf 81' lang='grc' dir='ltr'>ὑπερ-</span> 
     </span>
    </p>
   </div>
   <div class='ocr_carea' id='block_1_88' title="bbox 2206 3946 3861 4024">
    <p class='ocr_par' dir='ltr' id='par_1_88' title="bbox 2206 3946 3861 4024">
     <span class='ocr_line' id='line_1_88' title="bbox 2206 3946 3861 4024; baseline -0.001 -20"><span class='ocrx_word' id='word_1_661' title='bbox 2206 3953 2441 4024; x_wconf 89' lang='grc' dir='ltr'>ορῶντες</span> <span class='ocrx_word' id='word_1_662' title='bbox 2478 3949 2569 4019; x_wconf 76' lang='grc' dir='ltr'>μὶν</span> <span class='ocrx_word' id='word_1_663' title='bbox 2606 3946 2769 4002; x_wconf 74' lang='grc' dir='ltr'>αὐτοῦ</span> <span class='ocrx_word' id='word_1_664' title='bbox 2803 3950 2914 4023; x_wconf 81' lang='grc'>(41)</span> <span class='ocrx_word' id='word_1_665' title='bbox 2954 3955 3053 4019; x_wconf 82' lang='grc' dir='ltr'>τῆς</span> <span class='ocrx_word' id='word_1_666' title='bbox 3102 3948 3433 4020; x_wconf 64' lang='grc' dir='ltr'>πραότητος,</span> <span class='ocrx_word' id='word_1_667' title='bbox 3483 3946 3861 4021; x_wconf 82' lang='grc' dir='ltr'>ἐπισπώμενοι</span> 
     </span>
    </p>
   </div>
   <div class='ocr_carea' id='block_1_89' title="bbox 2206 4034 3867 4113">
    <p class='ocr_par' dir='ltr' id='par_1_89' title="bbox 2206 4034 3867 4113">
     <span class='ocr_line' id='line_1_89' title="bbox 2206 4034 3867 4113; baseline -0.001 -21"><span class='ocrx_word' id='word_1_668' title='bbox 2206 4035 2283 4099; x_wconf 75' lang='grc' dir='ltr'>δὲ,</span> <span class='ocrx_word' id='word_1_669' title='bbox 2323 4038 2534 4099; x_wconf 74' lang='grc' dir='ltr'>ἑαυτοῖς</span> <span class='ocrx_word' id='word_1_670' title='bbox 2590 4037 2680 4091; x_wconf 86' lang='grc' dir='ltr'>τὸν</span> <span class='ocrx_word' id='word_1_671' title='bbox 2727 4037 2841 4091; x_wconf 74' lang='grc' dir='ltr'>υἱὸν</span> <span class='ocrx_word' id='word_1_672' title='bbox 2878 4041 2975 4092; x_wconf 78' lang='grc' dir='ltr'>τοῦ</span> <span class='ocrx_word' id='word_1_673' title='bbox 3021 4034 3348 4111; x_wconf 82' lang='grc' dir='ltr'>Ῥομελίου,</span> <span class='ocrx_word' id='word_1_674' title='bbox 3396 4038 3641 4094; x_wconf 80' lang='grc' dir='ltr'>τουτέστι</span> <span class='ocrx_word' id='word_1_675' title='bbox 3697 4037 3867 4113; x_wconf 86' lang='grc' dir='ltr'>λόγον</span> 
     </span>
    </p>
   </div>
   <div class='ocr_carea' id='block_1_90' title="bbox 2203 4116 3871 4203">
    <p class='ocr_par' dir='ltr' id='par_1_90' title="bbox 2203 4116 3871 4203">
     <span class='ocr_line' id='line_1_90' title="bbox 2203 4116 3871 4203; baseline 0 -21"><span class='ocrx_word' id='word_1_676' title='bbox 2203 4123 2552 4201; x_wconf 80' lang='grc' dir='ltr'>ψευδοδοξίαν</span> <span class='ocrx_word' id='word_1_677' title='bbox 2586 4127 2938 4201; x_wconf 81' lang='grc' dir='ltr'>περιέχοντα,</span> <span class='ocrx_word' id='word_1_678' title='bbox 2972 4116 3455 4203; x_wconf 70' lang='grc' dir='ltr'>ἐπαγγελλόμενον</span> <span class='ocrx_word' id='word_1_679' title='bbox 3495 4123 3555 4181; x_wconf 78' lang='grc' dir='ltr'>δὲ</span> <span class='ocrx_word' id='word_1_680' title='bbox 3582 4126 3720 4180; x_wconf 73' lang='grc' dir='ltr'>κατὰ</span> <span class='ocrx_word' id='word_1_681' title='bbox 3769 4126 3871 4190; x_wconf 76' lang='grc' dir='ltr'>τὰς</span> 
     </span>
    </p>
   </div>
   <div class='ocr_carea' id='block_1_91' title="bbox 2206 4212 3867 4294">
    <p class='ocr_par' dir='ltr' id='par_1_91' title="bbox 2206 4212 3867 4294">
     <span class='ocr_line' id='line_1_91' title="bbox 2206 4212 3867 4294; baseline 0.001 -24"><span class='ocrx_word' id='word_1_682' title='bbox 2206 4215 2351 4278; x_wconf 84' lang='grc' dir='ltr'>θείας</span> <span class='ocrx_word' id='word_1_683' title='bbox 2410 4212 2825 4279; x_wconf 84' lang='grc' dir='ltr'>ἀποδείκνυσθαι</span> <span class='ocrx_word' id='word_1_684' title='bbox 2875 4217 3111 4294; x_wconf 72' lang='grc' dir='ltr'>Δραφᾶς,</span> <span class='ocrx_word' id='word_1_685' title='bbox 3169 4215 3257 4271; x_wconf 74' lang='grc' dir='ltr'>καὶ</span> <span class='ocrx_word' id='word_1_686' title='bbox 3305 4216 3396 4271; x_wconf 87' lang='grc' dir='ltr'>τὸν</span> <span class='ocrx_word' id='word_1_687' title='bbox 3454 4214 3661 4281; x_wconf 83' lang='grc' dir='ltr'>Ῥασὶν,</span> <span class='ocrx_word' id='word_1_688' title='bbox 3712 4215 3867 4279; x_wconf 80' lang='grc' dir='ltr'>ὅστις</span> 
     </span>
    </p>
   </div>
   <div class='ocr_carea' id='block_1_92' title="bbox 2205 4301 3869 4382">
    <p class='ocr_par' dir='ltr' id='par_1_92' title="bbox 2205 4301 3869 4382">
     <span class='ocr_line' id='line_1_92' title="bbox 2205 4301 3869 4382; baseline 0 -23"><span class='ocrx_word' id='word_1_689' title='bbox 2205 4304 2561 4382; x_wconf 77' lang='grc' dir='ltr'>ἑρμηνεύεται</span> <span class='ocrx_word' id='word_1_690' title='bbox 2624 4303 2918 4380; x_wconf 81' lang='grc' dir='ltr'>μετέωρος,</span> <span class='ocrx_word' id='word_1_691' title='bbox 2974 4304 3065 4360; x_wconf 83' lang='grc' dir='ltr'>καὶ</span> <span class='ocrx_word' id='word_1_692' title='bbox 3126 4305 3215 4359; x_wconf 80' lang='grc' dir='ltr'>τὸν</span> <span class='ocrx_word' id='word_1_693' title='bbox 3269 4301 3372 4376; x_wconf 69' lang='grc' dir='ltr'>ἔξω</span> <span class='ocrx_word' id='word_1_694' title='bbox 3418 4311 3518 4376; x_wconf 83' lang='grc' dir='ltr'>τῆς</span> <span class='ocrx_word' id='word_1_695' title='bbox 3576 4304 3712 4359; x_wconf 81' lang='grc' dir='ltr'>κατὰ</span> <span class='ocrx_word' id='word_1_696' title='bbox 3766 4305 3869 4369; x_wconf 79' lang='grc' dir='ltr'>τὰς</span> 
     </span>
    </p>
   </div>
   <div class='ocr_carea' id='block_1_93' title="bbox 2206 4391 3864 4472">
    <p class='ocr_par' dir='ltr' id='par_1_93' title="bbox 2206 4391 3864 4472">
     <span class='ocr_line' id='line_1_93' title="bbox 2206 4391 3864 4472; baseline -0.001 -23"><span class='ocrx_word' id='word_1_697' title='bbox 2206 4394 2351 4457; x_wconf 83' lang='grc' dir='ltr'>θείας</span> <span class='ocrx_word' id='word_1_698' title='bbox 2407 4394 2624 4472; x_wconf 76' lang='grc' dir='ltr'>Ρραφὰς</span> <span class='ocrx_word' id='word_1_699' title='bbox 2683 4391 2916 4458; x_wconf 78' lang='grc' dir='ltr'>πίστεως</span> <span class='ocrx_word' id='word_1_700' title='bbox 2972 4393 3367 4468; x_wconf 87' lang='grc' dir='ltr'>μετεωρίζοντα</span> <span class='ocrx_word' id='word_1_701' title='bbox 3420 4394 3514 4450; x_wconf 82' lang='grc' dir='ltr'>τὸν</span> <span class='ocrx_word' id='word_1_702' title='bbox 3565 4394 3864 4471; x_wconf 68' lang='grc' dir='ltr'>ἀκροατήν,</span> 
     </span>
    </p>
   </div>
   <div class='ocr_carea' id='block_1_94' title="bbox 2204 4480 3865 4561">
    <p class='ocr_par' dir='ltr' id='par_1_94' title="bbox 2204 4480 3865 4561">
     <span class='ocr_line' id='line_1_94' title="bbox 2204 4480 3865 4561; baseline -0.001 -22"><span class='ocrx_word' id='word_1_703' title='bbox 2204 4485 2295 4539; x_wconf 79' lang='grc' dir='ltr'>καὶ</span> <span class='ocrx_word' id='word_1_704' title='bbox 2354 4489 2625 4559; x_wconf 83' lang='grc' dir='ltr'>φυσῶντα,</span> <span class='ocrx_word' id='word_1_705' title='bbox 2685 4484 2773 4539; x_wconf 84' lang='grc' dir='ltr'>καὶ</span> <span class='ocrx_word' id='word_1_706' title='bbox 2833 4482 3109 4561; x_wconf 84' lang='grc' dir='ltr'>ἀπάγοντα</span> <span class='ocrx_word' id='word_1_707' title='bbox 3164 4489 3264 4553; x_wconf 85' lang='grc' dir='ltr'>τῆς</span> <span class='ocrx_word' id='word_1_708' title='bbox 3321 4484 3459 4538; x_wconf 84' lang='grc' dir='ltr'>κατά</span> <span class='ocrx_word' id='word_1_709' title='bbox 3523 4483 3621 4552; x_wconf 75' lang='grc' dir='ltr'>τήν</span> <span class='ocrx_word' id='word_1_710' title='bbox 3678 4480 3865 4538; x_wconf 88' lang='grc' dir='ltr'>πίστιν</span> 
     </span>
    </p>
   </div>
   <div class='ocr_carea' id='block_1_95' title="bbox 441 4569 2092 4655">
    <p class='ocr_par' dir='ltr' id='par_1_95' title="bbox 441 4579 2092 4655">
     <span class='ocr_line' id='line_1_95' title="bbox 441 4579 2092 4655; baseline -0.004 -18"><span class='ocrx_word' id='word_1_711' title='bbox 441 4580 720 4655; x_wconf 80' lang='lat' dir='ltr'>dogmata</span> <span class='ocrx_word' id='word_1_712' title='bbox 750 4580 935 4654; x_wconf 88' lang='lat' dir='ltr'>petita</span> <span class='ocrx_word' id='word_1_713' title='bbox 957 4579 1028 4639; x_wconf 82' lang='lat' dir='ltr'>ab</span> <span class='ocrx_word' id='word_1_714' title='bbox 1060 4580 1136 4640; x_wconf 92' lang='lat' dir='ltr'>iis</span> <span class='ocrx_word' id='word_1_715' title='bbox 1159 4598 1289 4655; x_wconf 70' lang='lat' dir='ltr'>qum</span> <span class='ocrx_word' id='word_1_716' title='bbox 1320 4597 1353 4639; x_wconf 86' lang='lat' dir='ltr'>a</span> <span class='ocrx_word' id='word_1_717' title='bbox 1383 4581 1497 4638; x_wconf 87' lang='lat' dir='ltr'>ﬁde</span> <span class='ocrx_word' id='word_1_718' title='bbox 1530 4579 1721 4637; x_wconf 87' lang='lat' dir='ltr'>aliena</span> <span class='ocrx_word' id='word_1_719' title='bbox 1768 4581 1929 4647; x_wconf 89' lang='lat' dir='ltr'>sunt,</span> <span class='ocrx_word' id='word_1_720' title='bbox 1959 4592 2092 4632; x_wconf 87' lang='lat' dir='ltr'>cum</span> 
     </span>
    </p>
   </div>
   <div class='ocr_carea' id='block_1_96' title="bbox 2206 4569 3857 4655">
    <p class='ocr_par' dir='ltr' id='par_1_96' title="bbox 2206 4569 3857 4650">
     <span class='ocr_line' id='line_1_96' title="bbox 2206 4569 3857 4650; baseline -0.001 -21"><span class='ocrx_word' id='word_1_721' title='bbox 2206 4573 2610 4648; x_wconf 82' lang='grc' dir='ltr'>θεμελιώσεως.</span> <span class='ocrx_word' id='word_1_722' title='bbox 2669 4571 2852 4650; x_wconf 79' lang='grc' dir='ltr'>Ἀρὰμ</span> <span class='ocrx_word' id='word_1_723' title='bbox 2906 4574 3008 4650; x_wconf 80' lang='grc' dir='ltr'>γὰρ</span> <span class='ocrx_word' id='word_1_724' title='bbox 3068 4574 3097 4628; x_wconf 80' lang='grc' dir='ltr'><strong>ὁ</strong></span> <span class='ocrx_word' id='word_1_725' title='bbox 3149 4574 3424 4648; x_wconf 77' lang='grc' dir='ltr'>μετέωρος</span> <span class='ocrx_word' id='word_1_726' title='bbox 3479 4569 3857 4647; x_wconf 71' lang='grc' dir='ltr'>ἑρμηνεύεται.</span> 
     </span>
    </p>
   </div>
   <div class='ocr_carea' id='block_1_97' title="bbox 441 4668 2103 4746">
    <p class='ocr_par' dir='ltr' id='par_1_97' title="bbox 441 4668 2103 4746">
     <span class='ocr_line' id='line_1_97' title="bbox 441 4668 2103 4746; baseline -0.004 -18"><span class='ocrx_word' id='word_1_727' title='bbox 441 4672 813 4729; x_wconf 90' lang='lat' dir='ltr'>documentis</span> <span class='ocrx_word' id='word_1_728' title='bbox 844 4688 875 4727; x_wconf 76' lang='grc' dir='ltr'>ο</span> <span class='ocrx_word' id='word_1_729' title='bbox 905 4673 1106 4730; x_wconf 88' lang='lat' dir='ltr'>divina</span> <span class='ocrx_word' id='word_1_730' title='bbox 1148 4673 1454 4746; x_wconf 88' lang='lat' dir='ltr'>Scriptura</span> <span class='ocrx_word' id='word_1_731' title='bbox 1493 4668 1859 4744; x_wconf 90' lang='lat' dir='ltr'>depromptis</span> <span class='ocrx_word' id='word_1_732' title='bbox 1891 4682 2103 4724; x_wconf 88' lang='lat' dir='ltr'>conne-</span> 
     </span>
    </p>
   </div>
   <div class='ocr_carea' id='block_1_98' title="bbox 438 4757 2102 4835">
    <p class='ocr_par' dir='ltr' id='par_1_98' title="bbox 438 4757 2102 4835">
     <span class='ocr_line' id='line_1_98' title="bbox 438 4757 2102 4835; baseline -0.004 -15"><span class='ocrx_word' id='word_1_733' title='bbox 438 4766 630 4835; x_wconf 82' lang='lat' dir='ltr'>ctunt,</span> <span class='ocrx_word' id='word_1_734' title='bbox 663 4761 738 4819; x_wconf 86' lang='lat' dir='ltr'>iis</span> <span class='ocrx_word' id='word_1_735' title='bbox 767 4761 971 4820; x_wconf 75' lang='lat' dir='ltr'>isthaac</span> <span class='ocrx_word' id='word_1_736' title='bbox 1002 4762 1296 4820; x_wconf 89' lang='lat' dir='ltr'>sententia</span> <span class='ocrx_word' id='word_1_737' title='bbox 1315 4761 1715 4821; x_wconf 84' lang='lat' dir='ltr'>comminatur</span> <span class='ocrx_word' id='word_1_738' title='bbox 1745 4761 1888 4829; x_wconf 83' lang='lat' dir='ltr'>tore,</span> <span class='ocrx_word' id='word_1_739' title='bbox 1924 4762 1988 4816; x_wconf 86' lang='lat' dir='ltr'>ut</span> <span class='ocrx_word' id='word_1_740' title='bbox 2016 4757 2102 4814; x_wconf 89' lang='lat' dir='ltr'>in-</span> 
     </span>
    </p>
   </div>
   <div class='ocr_carea' id='block_1_99' title="bbox 2207 4656 3868 4741">
    <p class='ocr_par' dir='ltr' id='par_1_99' title="bbox 2207 4656 3868 4741">
     <span class='ocr_line' id='line_1_99' title="bbox 2207 4656 3868 4741; baseline -0.002 -23"><span class='ocrx_word' id='word_1_741' title='bbox 2207 4662 2342 4725; x_wconf 77' lang='grc' dir='ltr'>Τοὺς</span> <span class='ocrx_word' id='word_1_742' title='bbox 2375 4659 2465 4717; x_wconf 77' lang='grc' dir='ltr'>οὖν</span> <span class='ocrx_word' id='word_1_743' title='bbox 2498 4664 2983 4741; x_wconf 80' lang='grc' dir='ltr'>καταφρονητικῶς</span> <span class='ocrx_word' id='word_1_744' title='bbox 3034 4661 3129 4735; x_wconf 75' lang='grc' dir='ltr'>μὶν</span> <span class='ocrx_word' id='word_1_745' title='bbox 3176 4656 3407 4738; x_wconf 78' lang='grc' dir='ltr'>ἔχοντας</span> <span class='ocrx_word' id='word_1_746' title='bbox 3459 4661 3595 4737; x_wconf 88' lang='grc' dir='ltr'>πρὸς</span> <span class='ocrx_word' id='word_1_747' title='bbox 3640 4658 3733 4716; x_wconf 84' lang='grc' dir='ltr'>τὸν</span> <span class='ocrx_word' id='word_1_748' title='bbox 3766 4660 3868 4716; x_wconf 74' lang='grc' dir='ltr'>εὐ-</span> 
     </span>
    </p>
   </div>
   <div class='ocr_carea' id='block_1_100' title="bbox 2213 4747 3871 4829">
    <p class='ocr_par' dir='ltr' id='par_1_100' title="bbox 2213 4747 3871 4829">
     <span class='ocr_line' id='line_1_100' title="bbox 2213 4747 3871 4829; baseline -0.003 -18"><span class='ocrx_word' id='word_1_749' title='bbox 2213 4753 2379 4824; x_wconf 85' lang='grc' dir='ltr'>σταθῆ</span> <span class='ocrx_word' id='word_1_750' title='bbox 2438 4748 2628 4829; x_wconf 83' lang='grc' dir='ltr'>λόγον,</span> <span class='ocrx_word' id='word_1_751' title='bbox 2684 4751 2774 4809; x_wconf 72' lang='grc' dir='ltr'>καὶ</span> <span class='ocrx_word' id='word_1_752' title='bbox 2837 4752 2914 4825; x_wconf 79' lang='grc' dir='ltr'>μὴ</span> <span class='ocrx_word' id='word_1_753' title='bbox 2976 4747 3454 4826; x_wconf 75' lang='grc' dir='ltr'>καταδεχομένους</span> <span class='ocrx_word' id='word_1_754' title='bbox 3493 4750 3555 4806; x_wconf 82' lang='grc' dir='ltr'>τὸ</span> <span class='ocrx_word' id='word_1_755' title='bbox 3604 4749 3871 4827; x_wconf 81' lang='grc' dir='ltr'>σταθερὸν</span> 
     </span>
    </p>
   </div>
   <div class='ocr_carea' id='block_1_101' title="bbox 512 4904 2092 4987">
    <p class='ocr_par' dir='ltr' id='par_1_101' title="bbox 512 4912 2087 4987">
     <span class='ocr_line' id='line_1_101' title="bbox 512 4912 2087 4987; baseline -0.006 -13"><span class='ocrx_word' id='word_1_756' title='bbox 512 4916 559 4952; x_wconf 78' lang='grc'>²⁸</span> <span class='ocrx_word' id='word_1_757' title='bbox 583 4917 677 4974; x_wconf 83' lang='lat' dir='ltr'>Isa</span> <span class='ocrx_word' id='word_1_758' title='bbox 706 4932 807 4986; x_wconf 76' lang='lat' dir='ltr'>vn,</span> <span class='ocrx_word' id='word_1_759' title='bbox 840 4917 895 4987; x_wconf 90' lang='lat'>8,</span> <span class='ocrx_word' id='word_1_760' title='bbox 926 4917 982 4975; x_wconf 87' lang='lat'>9.</span> <span class='ocrx_word' id='word_1_761' title='bbox 1059 4917 1104 4952; x_wconf 74' lang='lat'><strong>”</strong></span> <span class='ocrx_word' id='word_1_762' title='bbox 1132 4915 1341 4972; x_wconf 83' lang='lat' dir='ltr'>Matth.</span> <span class='ocrx_word' id='word_1_763' title='bbox 1375 4932 1415 4987; x_wconf 82' lang='grc' dir='ltr'>ι,</span> <span class='ocrx_word' id='word_1_764' title='bbox 1454 4916 1546 4972; x_wconf 84' lang='grc'>21.</span> <span class='ocrx_word' id='word_1_765' title='bbox 1621 4913 1665 4951; x_wconf 76' lang='grc'>³⁷</span> <span class='ocrx_word' id='word_1_766' title='bbox 1702 4913 1872 4971; x_wconf 82' lang='lat' dir='ltr'>Joan.</span> <span class='ocrx_word' id='word_1_767' title='bbox 1913 4928 1993 4980; x_wconf 78' lang='lat' dir='ltr'>lx,</span> <span class='ocrx_word' id='word_1_768' title='bbox 2030 4912 2087 4966; x_wconf 90' lang='lat'>7.</span> 
     </span>
    </p>
   </div>
   <div class='ocr_carea' id='block_1_102' title="bbox 2206 4904 3781 4987">
    <p class='ocr_par' dir='ltr' id='par_1_102' title="bbox 2206 4904 3781 4978">
     <span class='ocr_line' id='line_1_102' title="bbox 2206 4904 3781 4978; baseline -0.003 -15"><span class='ocrx_word' id='word_1_769' title='bbox 2206 4911 2212 4944; x_wconf 74' lang='grc' dir='ltr'>ι</span> <span class='ocrx_word' id='word_1_770' title='bbox 2252 4912 2367 4965; x_wconf 74' lang='lat' dir='ltr'>Isa-</span> <span class='ocrx_word' id='word_1_771' title='bbox 2405 4922 2604 4977; x_wconf 70' lang='lat' dir='ltr'>xavm,</span> <span class='ocrx_word' id='word_1_772' title='bbox 2637 4905 2729 4963; x_wconf 78' lang='grc'>46.</span> <span class='ocrx_word' id='word_1_773' title='bbox 2807 4904 2853 4942; x_wconf 78' lang='grc'><strong><em>⁸³</em></strong></span> <span class='ocrx_word' id='word_1_774' title='bbox 2893 4905 3007 4978; x_wconf 85' lang='lat' dir='ltr'>Isa,</span> <span class='ocrx_word' id='word_1_775' title='bbox 3036 4922 3174 4973; x_wconf 79' lang='lat' dir='ltr'>xw,</span> <span class='ocrx_word' id='word_1_776' title='bbox 3214 4907 3283 4962; x_wconf 84' lang='lat'>2:</span> <span class='ocrx_word' id='word_1_777' title='bbox 3319 4904 3528 4962; x_wconf 83' lang='lat' dir='ltr'>Matth.</span> <span class='ocrx_word' id='word_1_778' title='bbox 3558 4920 3661 4975; x_wconf 81' lang='lat' dir='ltr'>xu,</span> <span class='ocrx_word' id='word_1_779' title='bbox 3687 4904 3781 4961; x_wconf 87' lang='grc'>19.</span> 
     </span>
    </p>
   </div>
   <div class='ocr_carea' id='block_1_103' title="bbox 444 5094 2102 5180">
    <p class='ocr_par' dir='ltr' id='par_1_103' title="bbox 444 5094 2102 5180">
     <span class='ocr_line' id='line_1_103' title="bbox 444 5094 2102 5180; baseline 0.004 -30"><span class='ocrx_word' id='word_1_780' title='bbox 444 5094 722 5180; x_wconf 60' lang='grc' dir='ltr'>ξατηατίέε</span> <span class='ocrx_word' id='word_1_781' title='bbox 748 5101 934 5180; x_wconf 69' lang='lat' dir='ltr'>spolia</span> <span class='ocrx_word' id='word_1_782' title='bbox 953 5102 1468 5180; x_wconf 55' lang='lat' dir='ltr'>significariquam</span> <span class='ocrx_word' id='word_1_783' title='bbox 1494 5101 1592 5180; x_wconf 83' lang='lat' dir='ltr'>qui</span> <span class='ocrx_word' id='word_1_784' title='bbox 1601 5119 1670 5159; x_wconf 77' lang='lat' dir='ltr'>ex</span> <span class='ocrx_word' id='word_1_785' title='bbox 1686 5096 2102 5180; x_wconf 71' lang='lat' dir='ltr'>circumcisione</span> 
     </span>
    </p>
   </div>
   <div class='ocr_carea' id='block_1_104' title="bbox 448 5169 2103 5242">
    <p class='ocr_par' dir='ltr' id='par_1_104' title="bbox 448 5169 2103 5242">
     <span class='ocr_line' id='line_1_104' title="bbox 448 5169 2103 5242; baseline 0.005 -23"><span class='ocrx_word' id='word_1_786' title='bbox 448 5169 635 5236; x_wconf 82' lang='lat' dir='ltr'>futuri</span> <span class='ocrx_word' id='word_1_787' title='bbox 663 5169 842 5226; x_wconf 78' lang='lat' dir='ltr'>essent</span> <span class='ocrx_word' id='word_1_788' title='bbox 860 5169 1061 5242; x_wconf 69' lang='lat' dir='ltr'>ﬁdeles.</span> <span class='ocrx_word' id='word_1_789' title='bbox 1096 5169 1287 5231; x_wconf 83' lang='lat' dir='ltr'>Verba</span> <span class='ocrx_word' id='word_1_790' title='bbox 1315 5169 1574 5231; x_wconf 74' lang='lat' dir='ltr'>auctoris</span> <span class='ocrx_word' id='word_1_791' title='bbox 1602 5176 1786 5231; x_wconf 89' lang='lat' dir='ltr'>nostri</span> <span class='ocrx_word' id='word_1_792' title='bbox 1819 5170 1991 5230; x_wconf 85' lang='lat' dir='ltr'>velim</span> <span class='ocrx_word' id='word_1_793' title='bbox 2045 5172 2103 5228; x_wconf 90' lang='lat' dir='ltr'>in</span> 
     </span>
    </p>
   </div>
   <div class='ocr_carea' id='block_1_105' title="bbox 442 5242 2102 5320">
    <p class='ocr_par' dir='ltr' id='par_1_105' title="bbox 442 5242 2102 5320">
     <span class='ocr_line' id='line_1_105' title="bbox 442 5242 2102 5320; baseline 0.008 -29"><span class='ocrx_word' id='word_1_794' title='bbox 442 5244 722 5320; x_wconf 58' lang='lat' dir='ltr'>contend</span> <span class='ocrx_word' id='word_1_795' title='bbox 755 5242 953 5320; x_wconf 80' lang='lat' dir='ltr'>legas;</span> <span class='ocrx_word' id='word_1_796' title='bbox 985 5263 1258 5320; x_wconf 22' lang='lat' dir='ltr'>Aquarum</span> <span class='ocrx_word' id='word_1_797' title='bbox 1316 5264 1385 5304; x_wconf 81' lang='lat' dir='ltr'>ex</span> <span class='ocrx_word' id='word_1_798' title='bbox 1439 5248 1683 5304; x_wconf 83' lang='lat' dir='ltr'>lectione</span> <span class='ocrx_word' id='word_1_799' title='bbox 1733 5247 1897 5304; x_wconf 84' lang='lat' dir='ltr'>facile</span> <span class='ocrx_word' id='word_1_800' title='bbox 1928 5246 2102 5320; x_wconf 72' lang='lat' dir='ltr'>intel-</span> 
     </span>
    </p>
   </div>
   <div class='ocr_carea' id='block_1_106' title="bbox 444 5306 2099 5393">
    <p class='ocr_par' dir='ltr' id='par_1_106' title="bbox 444 5306 2099 5393">
     <span class='ocr_line' id='line_1_106' title="bbox 444 5306 2099 5393; baseline 0.004 -25"><span class='ocrx_word' id='word_1_801' title='bbox 444 5306 664 5393; x_wconf 63' lang='lat' dir='ltr'>ligetur</span> <span class='ocrx_word' id='word_1_802' title='bbox 694 5306 952 5387; x_wconf 58' lang='lat' dir='ltr'>Procopii</span> <span class='ocrx_word' id='word_1_803' title='bbox 982 5306 1175 5375; x_wconf 74' lang='lat' dir='ltr'>ldcum</span> <span class='ocrx_word' id='word_1_804' title='bbox 1200 5337 1413 5393; x_wconf 90' lang='lat' dir='ltr'>eo,quo</span> <span class='ocrx_word' id='word_1_805' title='bbox 1434 5320 1904 5387; x_wconf 85' lang='lat' dir='ltr'>diximus,modo</span> <span class='ocrx_word' id='word_1_806' title='bbox 1928 5306 2099 5376; x_wconf 85' lang='lat' dir='ltr'>resti-</span> 
     </span>
    </p>
   </div>
   <div class='ocr_carea' id='block_1_107' title="bbox 444 5382 914 5443">
    <p class='ocr_par' dir='ltr' id='par_1_107' title="bbox 444 5382 914 5443">
     <span class='ocr_line' id='line_1_107' title="bbox 444 5382 914 5443; baseline 0.017 -8"><span class='ocrx_word' id='word_1_807' title='bbox 444 5382 732 5438; x_wconf 85' lang='lat' dir='ltr'>tuendum</span> <span class='ocrx_word' id='word_1_808' title='bbox 768 5382 914 5443; x_wconf 80' lang='lat' dir='ltr'>esse.</span> 
     </span>
    </p>
   </div>
   <div class='ocr_carea' id='block_1_108' title="bbox 515 5454 1881 5596">
    <p class='ocr_par' dir='ltr' id='par_1_108' title="bbox 515 5454 1881 5596">
     <span class='ocr_line' id='line_1_108' title="bbox 515 5454 1881 5596; baseline 0.009 -89"><span class='ocrx_word' id='word_1_809' title='bbox 515 5454 629 5596; x_wconf 49' lang='lat'>(36;</span> <span class='ocrx_word' id='word_1_810' title='bbox 662 5456 801 5528; x_wconf 75' lang='lat' dir='ltr'>Reg.</span> <span class='ocrx_word' id='word_1_811' title='bbox 838 5467 1109 5531; x_wconf 86' lang='lat' dir='ltr'>quartus,</span> <span class='ocrx_word' id='word_1_812' title='bbox 1142 5461 1297 5530; x_wconf 73' lang='grc' dir='ltr'>Πλὴν</span> <span class='ocrx_word' id='word_1_813' title='bbox 1326 5464 1393 5518; x_wconf 78' lang='grc' dir='ltr'>τὰ</span> <span class='ocrx_word' id='word_1_814' title='bbox 1424 5464 1737 5539; x_wconf 78' lang='grc' dir='ltr'>πράγματα,</span> <span class='ocrx_word' id='word_1_815' title='bbox 1774 5480 1881 5520; x_wconf 84' lang='lat' dir='ltr'>res.</span> 
     </span>
     <span class='ocr_line' id='line_1_109' title="bbox 515 5526 1879 5596; baseline 0.014 -18"><span class='ocrx_word' id='word_1_816' title='bbox 515 5526 604 5596; x_wconf 88' lang='lat'>(37</span> <span class='ocrx_word' id='word_1_817' title='bbox 665 5526 915 5596; x_wconf 88' lang='lat' dir='ltr'>Uterque</span> <span class='ocrx_word' id='word_1_818' title='bbox 944 5534 1101 5590; x_wconf 89' lang='lat' dir='ltr'>Colb.</span> <span class='ocrx_word' id='word_1_819' title='bbox 1134 5541 1191 5590; x_wconf 89' lang='lat' dir='ltr'>et</span> <span class='ocrx_word' id='word_1_820' title='bbox 1221 5536 1360 5596; x_wconf 69' lang='lat' dir='ltr'>Rea.</span> <span class='ocrx_word' id='word_1_821' title='bbox 1422 5537 1741 5596; x_wconf 83' lang='lat' dir='ltr'>secundus.</span> <span class='ocrx_word' id='word_1_822' title='bbox 1799 5534 1879 5596; x_wconf 76' lang='grc' dir='ltr'>ἐφ’</span> 
     </span>
    </p>
   </div>
   <div class='ocr_carea' id='block_1_109' title="bbox 514 5526 2095 5613">
    <p class='ocr_par' dir='ltr' id='par_1_109' title="bbox 514 5526 2095 5613">
     <span class='ocr_line' id='line_1_110' title="bbox 514 5526 2095 5613; baseline 0.011 -35"><span class='ocrx_word' id='word_1_823' title='bbox 514 5526 629 5613; x_wconf 82' lang='grc'>(37)</span> <span class='ocrx_word' id='word_1_824' title='bbox 665 5526 915 5613; x_wconf 55' lang='lat' dir='ltr'>[iterque</span> <span class='ocrx_word' id='word_1_825' title='bbox 944 5526 1104 5590; x_wconf 47' lang='lat' dir='ltr'>Colbl</span> <span class='ocrx_word' id='word_1_826' title='bbox 1130 5541 1191 5613; x_wconf 86' lang='lat' dir='ltr'>_et</span> <span class='ocrx_word' id='word_1_827' title='bbox 1221 5526 1360 5613; x_wconf 74' lang='lat' dir='ltr'>Reg.</span> <span class='ocrx_word' id='word_1_828' title='bbox 1422 5526 1745 5613; x_wconf 62' lang='lat' dir='ltr'>secundus1</span> <span class='ocrx_word' id='word_1_829' title='bbox 1799 5534 1879 5613; x_wconf 66' lang='grc' dir='ltr'>ἐφ’</span> <span class='ocrx_word' id='word_1_830' title='bbox 1934 5538 2095 5613; x_wconf 53' lang='lat' dir='ltr'>quac.</span> 
     </span>
    </p>
   </div>
   <div class='ocr_carea' id='block_1_110' title="bbox 441 5595 2094 5686">
    <p class='ocr_par' dir='ltr' id='par_1_110' title="bbox 441 5595 2094 5686">
     <span class='ocr_line' id='line_1_111' title="bbox 441 5595 2094 5686; baseline 0.01 -37"><span class='ocrx_word' id='word_1_831' title='bbox 441 5595 789 5686; x_wconf 52' lang='lat' dir='ltr'>H’mcjerba,</span> <span class='ocrx_word' id='word_1_832' title='bbox 819 5595 949 5686; x_wconf 70' lang='lat' dir='ltr'>quae</span> <span class='ocrx_word' id='word_1_833' title='bbox 985 5623 1099 5662; x_wconf 88' lang='lat' dir='ltr'>non</span> <span class='ocrx_word' id='word_1_834' title='bbox 1130 5595 1628 5686; x_wconf 56' lang='lat' dir='ltr'>longeuleguntur.</span> <span class='ocrx_word' id='word_1_835' title='bbox 1658 5595 1750 5664; x_wconf 76' lang='grc' dir='ltr'>καὶ</span> <span class='ocrx_word' id='word_1_836' title='bbox 1779 5595 1877 5680; x_wconf 67' lang='grc' dir='ltr'>τῆν</span> <span class='ocrx_word' id='word_1_837' title='bbox 1938 5595 2094 5681; x_wconf 64' lang='grc' dir='ltr'>δὶςεάν</span> 
     </span>
    </p>
   </div>
   <div class='ocr_carea' id='block_1_111' title="bbox 440 5679 1549 5741">
    <p class='ocr_par' dir='ltr' id='par_1_111' title="bbox 440 5679 1549 5741">
     <span class='ocr_line' id='line_1_112' title="bbox 440 5679 1549 5741; baseline 0.015 -20"><span class='ocrx_word' id='word_1_838' title='bbox 440 5679 626 5741; x_wconf 79' lang='grc' dir='ltr'>αὑτοῦ,</span> <span class='ocrx_word' id='word_1_839' title='bbox 656 5679 716 5728; x_wconf 85' lang='lat' dir='ltr'>in</span> <span class='ocrx_word' id='word_1_840' title='bbox 748 5679 969 5732; x_wconf 86' lang='lat' dir='ltr'>nostris</span> <span class='ocrx_word' id='word_1_841' title='bbox 997 5690 1101 5734; x_wconf 78' lang='lat' dir='ltr'>sex</span> <span class='ocrx_word' id='word_1_842' title='bbox 1130 5694 1272 5735; x_wconf 73' lang='lat' dir='ltr'>mss.</span> <span class='ocrx_word' id='word_1_843' title='bbox 1313 5679 1549 5739; x_wconf 87' lang='lat' dir='ltr'>desunt.</span> 
     </span>
    </p>
   </div>
   <div class='ocr_carea' id='block_1_112' title="bbox 2275 5084 3875 5172">
    <p class='ocr_par' dir='ltr' id='par_1_112' title="bbox 2275 5084 3875 5172">
     <span class='ocr_line' id='line_1_113' title="bbox 2275 5084 3875 5172; baseline 0.002 -19"><span class='ocrx_word' id='word_1_844' title='bbox 2275 5092 2388 5171; x_wconf 84' lang='lat'>(38)</span> <span class='ocrx_word' id='word_1_845' title='bbox 2414 5087 2571 5172; x_wconf 77' lang='lat' dir='ltr'>Cobl.</span> <span class='ocrx_word' id='word_1_846' title='bbox 2603 5096 2851 5172; x_wconf 73' lang='lat' dir='ltr'>primus.</span> <span class='ocrx_word' id='word_1_847' title='bbox 2888 5084 3233 5172; x_wconf 75' lang='grc' dir='ltr'>συντέλεσθαί</span> <span class='ocrx_word' id='word_1_848' title='bbox 3258 5118 3388 5155; x_wconf 90' lang='grc' dir='ltr'>τινι.</span> <span class='ocrx_word' id='word_1_849' title='bbox 3449 5092 3590 5172; x_wconf 73' lang='lat' dir='ltr'>Reg.</span> <span class='ocrx_word' id='word_1_850' title='bbox 3650 5090 3875 5156; x_wconf 88' lang='lat' dir='ltr'>itidem</span> 
     </span>
    </p>
   </div>
   <div class='ocr_carea' id='block_1_113' title="bbox 2214 5167 3091 5238">
    <p class='ocr_par' dir='ltr' id='par_1_113' title="bbox 2214 5167 3091 5238">
     <span class='ocr_line' id='line_1_114' title="bbox 2214 5167 3091 5238; baseline -0.002 -12"><span class='ocrx_word' id='word_1_851' title='bbox 2214 5167 2535 5238; x_wconf 81' lang='lat' dir='ltr'>secundus,</span> <span class='ocrx_word' id='word_1_852' title='bbox 2556 5167 2963 5225; x_wconf 74' lang='grc' dir='ltr'>σιῖντελέσεσθαί</span> <span class='ocrx_word' id='word_1_853' title='bbox 2986 5191 3091 5225; x_wconf 88' lang='grc' dir='ltr'>τινι</span> 
     </span>
    </p>
   </div>
   <div class='ocr_carea' id='block_1_114' title="bbox 2287 5235 3616 5315">
    <p class='ocr_par' dir='ltr' id='par_1_114' title="bbox 2287 5235 3616 5315">
     <span class='ocr_line' id='line_1_115' title="bbox 2287 5235 3616 5315; baseline 0.001 -19"><span class='ocrx_word' id='word_1_854' title='bbox 2287 5241 2398 5315; x_wconf 73' lang='grc'>(39)</span> <span class='ocrx_word' id='word_1_855' title='bbox 2420 5235 2530 5315; x_wconf 64' lang='grc' dir='ltr'>βία</span> <span class='ocrx_word' id='word_1_856' title='bbox 2553 5242 2689 5299; x_wconf 90' lang='lat' dir='ltr'>libri</span> <span class='ocrx_word' id='word_1_857' title='bbox 2719 5251 2961 5315; x_wconf 86' lang='lat' dir='ltr'>veteres.</span> <span class='ocrx_word' id='word_1_858' title='bbox 2995 5242 3171 5315; x_wconf 89' lang='lat' dir='ltr'>Editi,</span> <span class='ocrx_word' id='word_1_859' title='bbox 3205 5238 3304 5297; x_wconf 75' lang='grc' dir='ltr'>οὔκ</span> <span class='ocrx_word' id='word_1_860' title='bbox 3334 5235 3616 5297; x_wconf 65' lang='grc' dir='ltr'>ἐϐούλετο.</span> 
     </span>
    </p>
   </div>
   <div class='ocr_carea' id='block_1_115' title="bbox 2209 5313 3882 5440">
    <p class='ocr_par' dir='ltr' id='par_1_115' title="bbox 2209 5313 3882 5440">
     <span class='ocr_line' id='line_1_116' title="bbox 2209 5313 3882 5440; baseline 0.003 -73"><span class='ocrx_word' id='word_1_861' title='bbox 2209 5313 2944 5440; x_wconf 52' lang='grc' dir='ltr'>ἴθι(ῗΟΗῧάὶιὶ,ἀπέσταλκε.</span> <span class='ocrx_word' id='word_1_862' title='bbox 3013 5320 3090 5373; x_wconf 82' lang='lat' dir='ltr'>At</span> <span class='ocrx_word' id='word_1_863' title='bbox 3139 5313 3241 5372; x_wconf 74' lang='lat' dir='ltr'>sex</span> <span class='ocrx_word' id='word_1_864' title='bbox 3297 5332 3443 5372; x_wconf 81' lang='lat' dir='ltr'>mss.</span> <span class='ocrx_word' id='word_1_865' title='bbox 3476 5320 3543 5371; x_wconf 82' lang='lat' dir='ltr'>ut</span> <span class='ocrx_word' id='word_1_866' title='bbox 3606 5314 3664 5370; x_wconf 82' lang='lat' dir='ltr'>in</span> <span class='ocrx_word' id='word_1_867' title='bbox 3726 5331 3882 5372; x_wconf 89' lang='lat' dir='ltr'>con-</span> 
     </span>
     <span class='ocr_line' id='line_1_117' title="bbox 2336 5403 2394 5440; baseline -0.017 0"><span class='ocrx_word' id='word_1_868' title='bbox 2336 5403 2394 5440; x_wconf 93' lang='lat' dir='ltr'>u.</span> 
     </span>
    </p>
   </div>
   <div class='ocr_carea' id='block_1_116' title="bbox 2236 5401 2394 5441">
    <p class='ocr_par' dir='ltr' id='par_1_116' title="bbox 2236 5401 2394 5441">
     <span class='ocr_line' id='line_1_118' title="bbox 2236 5401 2394 5441; baseline -0.013 0"><span class='ocrx_word' id='word_1_869' title='bbox 2236 5401 2394 5441; x_wconf 76' lang='lat' dir='ltr'>enu.</span> 
     </span>
    </p>
   </div>
   <div class='ocr_carea' id='block_1_117' title="bbox 2281 5454 3884 5532">
    <p class='ocr_par' dir='ltr' id='par_1_117' title="bbox 2281 5454 3884 5532">
     <span class='ocr_line' id='line_1_119' title="bbox 2281 5454 3884 5532; baseline 0.003 -20"><span class='ocrx_word' id='word_1_870' title='bbox 2281 5458 2392 5530; x_wconf 78' lang='grc'>(41)</span> <span class='ocrx_word' id='word_1_871' title='bbox 2449 5459 2624 5531; x_wconf 80' lang='lat' dir='ltr'>Editi,</span> <span class='ocrx_word' id='word_1_872' title='bbox 2682 5460 2869 5515; x_wconf 79' lang='grc' dir='ltr'>αὐτοῦ.</span> <span class='ocrx_word' id='word_1_873' title='bbox 2920 5463 2996 5515; x_wconf 72' lang='lat' dir='ltr'>At</span> <span class='ocrx_word' id='word_1_874' title='bbox 3033 5463 3174 5532; x_wconf 83' lang='lat' dir='ltr'>Reg.</span> <span class='ocrx_word' id='word_1_875' title='bbox 3220 5464 3504 5532; x_wconf 75' lang='lat' dir='ltr'>quartus,</span> <span class='ocrx_word' id='word_1_876' title='bbox 3528 5457 3623 5531; x_wconf 69' lang='grc' dir='ltr'>μὲν</span> <span class='ocrx_word' id='word_1_877' title='bbox 3677 5454 3884 5532; x_wconf 75' lang='grc' dir='ltr'>αὐτοῦ.</span> 
     </span>
    </p>
   </div>
   <div class='ocr_carea' id='block_1_118' title="bbox 2207 5529 3884 5606">
    <p class='ocr_par' dir='ltr' id='par_1_118' title="bbox 2207 5529 3884 5606">
     <span class='ocr_line' id='line_1_120' title="bbox 2207 5529 3884 5606; baseline 0.003 -21"><span class='ocrx_word' id='word_1_878' title='bbox 2207 5529 2649 5606; x_wconf 73' lang='lat' dir='ltr'>Necitamulto</span> <span class='ocrx_word' id='word_1_879' title='bbox 2681 5539 2812 5606; x_wconf 82' lang='lat' dir='ltr'>post</span> <span class='ocrx_word' id='word_1_880' title='bbox 2865 5532 3019 5606; x_wconf 86' lang='lat' dir='ltr'>idem</span> <span class='ocrx_word' id='word_1_881' title='bbox 3080 5529 3282 5606; x_wconf 71' lang='lat' dir='ltr'>eodei,</span> <span class='ocrx_word' id='word_1_882' title='bbox 3332 5529 3547 5606; x_wconf 56' lang='grc' dir='ltr'>Ιῖραφᾶς</span> <span class='ocrx_word' id='word_1_883' title='bbox 3596 5529 3693 5606; x_wconf 72' lang='grc' dir='ltr'>καὶ</span> <span class='ocrx_word' id='word_1_884' title='bbox 3751 5530 3884 5590; x_wconf 84' lang='grc' dir='ltr'>τόν.</span> 
     </span>
    </p>
   </div>
   <div class='ocr_carea' id='block_1_119' title="bbox 2204 5602 3670 5682">
    <p class='ocr_par' dir='ltr' id='par_1_119' title="bbox 2204 5602 3670 5682">
     <span class='ocr_line' id='line_1_121' title="bbox 2204 5602 3670 5682; baseline 0.001 -24"><span class='ocrx_word' id='word_1_885' title='bbox 2204 5602 2318 5658; x_wconf 84' lang='lat' dir='ltr'>Alii</span> <span class='ocrx_word' id='word_1_886' title='bbox 2348 5604 2565 5678; x_wconf 86' lang='lat' dir='ltr'>quippe</span> <span class='ocrx_word' id='word_1_887' title='bbox 2595 5602 2740 5662; x_wconf 64' lang='lat' dir='ltr'>ms&#39;s.</span> <span class='ocrx_word' id='word_1_888' title='bbox 2763 5610 2823 5663; x_wconf 91' lang='lat' dir='ltr'>et</span> <span class='ocrx_word' id='word_1_889' title='bbox 2850 5604 3013 5678; x_wconf 88' lang='lat' dir='ltr'>editi,</span> <span class='ocrx_word' id='word_1_890' title='bbox 3044 5603 3261 5682; x_wconf 75' lang='grc' dir='ltr'>Γραφὰς</span> <span class='ocrx_word' id='word_1_891' title='bbox 3289 5602 3382 5658; x_wconf 80' lang='grc' dir='ltr'><strong>καῖ</strong></span> <span class='ocrx_word' id='word_1_892' title='bbox 3410 5602 3468 5677; x_wconf 68' lang='grc' dir='ltr'>ὁ,</span> <span class='ocrx_word' id='word_1_893' title='bbox 3495 5602 3670 5660; x_wconf 83' lang='lat' dir='ltr'>male.</span> 
     </span>
    </p>
   </div>
  </div>
