4138 6378
287 381 403 442 481

1103 372 1512 435 COMMENT.
1558 372 1638 434 ΙΝ
1682 373 1953 436 ΙΒΑΙΑΜ
1994 375 2501 440 PROPHETAM.
2547 378 2722 441 CAP.
2766 379 2930 442 VIII.

3602 382 3724 445 483

288 510 379 566 καὶ
422 506 664 585 γαληνὸν
702 504 791 561 καὶ
844 500 1044 573 εὕδιον,
1077 501 1225 559 ἀλλὰ
1262 500 1677 576 συμπλὲκοντας
1728 502 1797 558 τὰ
1844 502 1949 558 ἀπὸ

2073 506 2316 563 ducatur
2345 524 2498 579 aqua
2529 510 2717 566 multa
2745 518 2799 568 et
2829 511 3019 582 fortis,
3053 527 3152 567 rex
3181 511 3578 584 Assyriorum,
3614 514 3726 569 hoc

292 604 401 668 τῷν
435 595 538 668 ἔξω
568 602 671 666 τῆς
727 592 963 655 πίστεως
1011 597 1129 655 τοῖς
1188 592 1294 646 ἀπὸ
1351 596 1457 646 τῶν
1525 596 1750 671 Γραφῶν
1811 603 1954 668 παρέ

298 688 627 761 ακούσμασι,
659 682 878 745 τούτοις
913 679 1131 738 ἀπειλεῖ
1160 682 1188 737 ὁ
1218 678 1388 756 λόγος
1429 679 1638 751 ἐπάξειν
1687 681 1750 736 τὸ
1808 679 1954 758 ὕδωρ

293 779 355 835 τὸ
403 775 551 833 πολὺ
601 775 690 830 καὶ
749 773 999 850 ἰσχυρὸν,
1043 772 1134 826 τὸν
1186 769 1413 847 βασιλέα
1444 770 1763 839 ’Δσσυρίωψ
1796 792 1954 827 τουτ-

298 866 549 938 ἑστι,τὸν
596 862 843 940 ἄρχοντα
885 866 982 917 toi
1031 861 1232 923 αἰῶνος
1281 860 1499 917 τούτου.
1548 862 1671 918 ’Ότι
1726 860 1830 937 γὰρ
1884 860 1959 923 εἰς

293 959 386 1015 τὸν
427 953 718 1028 Ἀσσύριον
743 946 1012 1026 λαμϐάνει
1044 949 1317 1014 πολλάκις
1358 952 1394 1020 ἡ
1432 951 1615 1027 Γραφή
1665 950 1757 1005 τὸν
1806 950 1955 1005 ἀντι-

297 1048 576 1121 κείμενον,
609 1042 879 1114 δηλοῦται
910 1040 961 1095 ἐν
994 1045 1113 1105 τοῖς
1144 1040 1264 1110 ἑξῆς
1292 1044 1371 1111 τῷ
1415 1040 1564 1112 αὐτῷ
1607 1039 1788 1113 τούτῳ
1827 1060 1960 1113 προ-

304 1139 484 1214 φήτῃ·
535 1133 632 1192 Καὶ
687 1130 836 1187 ἔσται
895 1131 1025 1207 γὰρ,
1081 1130 1270 1205 φησὶν,
1324 1128 1448 1184 ὅταν
1509 1131 1801 1204 συντεΛὲσῃ
1852 1129 1955 1185 Κύ-

309 1246 429 1302 ριος
455 1224 625 1278 πάντα
672 1226 846 1277 ποιῶν
907 1219 959 1275 ἐν
1008 1224 1088 1292 τῷ
1143 1215 1261 1295 ὅρει
1318 1217 1463 1273 Σιὼν
1522 1220 1609 1275 καὶ
1672 1221 1724 1275 ἐν
1758 1221 1957 1297 Ἰερου-

304 1311 511 1386 σαλὴμ,
538 1310 720 1382 ἐπάξει
751 1310 839 1366 ἐπὶ
896 1309 986 1364 τὸν
1035 1313 1163 1364 νοῦν
1211 1308 1305 1364 τὸν
1356 1306 1522 1384 μέγαν
1569 1308 1660 1364 τὸν
1721 1305 1959 1385 ἄρχοντα

294 1406 403 1459 τῶν
463 1399 791 1475 Ἀσσυρίων,
839 1399 930 1455 καὶ
1008 1397 1097 1454 ἐπὶ
1156 1396 1218 1453 τὸ
1278 1395 1413 1472 ὕψος
1466 1405 1566 1467 τῆς
1627 1395 1790 1470 δόξης
1852 1403 1960 1455 τῶν

304 1488 609 1570 ὀφθαλμῶν
688 1488 853 1544 αὐτοῦ
888 1530 903 1545 .
979 1487 1114 1544 Elite
1216 1487 1320 1562 γάρ
1349 1530 1363 1543 .
1442 1488 1531 1544 Ἐν
1632 1491 1702 1561 τῇ
1804 1486 1962 1564 ἰσχύϊ

299 1583 522 1653 ποιήσω
573 1581 707 1653 (42),
741 1576 831 1633 καὶ
891 1575 943 1632 ἐν
991 1579 1061 1651 τῇ
1106 1575 1269 1653 σοφίᾳ
1308 1581 1409 1645 τῆς
1460 1575 1719 1639 συνέσεως
1776 1575 1960 1655 ἀφελῶ

298 1670 426 1749 ὅρια
491 1668 694 1738 ἰθνῶν,
747 1666 837 1722 καὶ
910 1666 1009 1735 τὴν
1078 1664 1234 1741 ἰσχὺν
1310 1664 1485 1719 αὑτῶν
1557 1666 1957 1742 προνομεύσω,

2064 600 2173 663 est,
2205 597 2402 652 8:860“
2437 598 2614 669 hujus
2671 600 2965 672 princeps.
3001 600 3245 657 Planum
3310 605 3399 657 est
3457 600 3614 658 enim
3664 605 3724 658 et

2070 692 2435 759 compertum
2467 704 2535 744 ex
2559 690 2945 761 sequentibus
2976 691 3241 760 ejusdem
3267 690 3562 762 propheta
3593 707 3722 747 ver-

2065 775 2179 841 bis,
2213 777 2615 833 adversarium
2677 795 2829 850 saepe
2861 796 2965 851 per
2986 780 3294 853 Assyrium
3326 797 3359 835 a
3423 780 3724 852 Scriptura

2067 864 2337 937 intelligi.
2371 866 2641 922 Aitenim
2675 885 2688 922 :
2723 870 2789 923 Et
2810 872 3069 939 erit,eum
3097 871 3564 926 consummaverit
3612 871 3720 926 Do-

2065 957 2253 1011 minus
2282 959 2467 1012 omnia
2486 958 2695 1028 faciens
2725 959 2789 1013 in
2816 963 2999 1014 monte
3056 958 3187 1015 Sion
3214 968 3267 1014 et
3299 960 3358 1013 in
3388 959 3719 1031 Jerusalem,

2068 1044 2286 1099 inducet
2309 1062 2471 1114 super
2498 1055 2736 1100 mentem
2795 1063 3054 1115 magnam
3110 1049 3418 1119 principem
3464 1048 3719 1119 Assyrio-

2066 1142 2276 1201 rum,et
2303 1151 2471 1205 super
2501 1135 2850 1190 altitudinem
2889 1136 3087 1204 gloriae
3115 1137 3431 1192 occulorum
3452 1137 3592 1208 ejus.
3627 1138 3720 1192 Di-

2064 1225 2151 1278 xit
2182 1224 2367 1278 enim:
2400 1225 2457 1279 In
2488 1224 2821 1295 fortitudine
2849 1226 3084 1295 faciam,
3111 1229 3163 1279 et
3194 1226 3253 1280 in
3291 1226 3568 1296 sapientia
3594 1241 3726 1297 pru-

2067 1310 2265 1367 dentie
2292 1312 2557 1385 auferam
2586 1315 2853 1369 terminos
2909 1315 3185 1382 gentium,
3245 1316 3298 1368 et
3340 1314 3725 1383 fortitudinem

2069 1417 2269 1456 earum
2288 1401 2595 1459 devastabo.
2628 1404 2695 1458 Et
2738 1404 3080 1459 commovebo
3129 1402 3293 1458 urbes
3333 1403 3624 1472 habitatas,
3674 1406 3725 1460 et

2068 1491 2383 1545 universum
2412 1492 2602 1547 orbem
2616 1493 3077 1564 comprehendam
3097 1507 3287 1559 manu,
3308 1493 3475 1562 quasi
3503 1492 3722 1563 nidum,

2069 1588 2119 1635 et
2157 1581 2321 1651 quasi
2349 1596 2449 1635 ora
2477 1579 2738 1637 derelicta
2767 1582 2961 1636 tollam
2991 1600 3009 1637 :
3038 1585 3089 1636 et
3119 1596 3230 1636 non
3259 1588 3336 1635 est
3366 1582 3463 1652 qui
3488 1581 3726 1653 e/fugiat

2070 1685 2177 1733 me,
2199 1673 2301 1724 aut
2339 1670 2681 1726 contradicat
2706 1670 2851 1725 mihi
2877 1671 2943 1725 3°.

297 1757 389 1814 καὶ
447 1756 608 1812 σείσω
646 1752 839 1817 πόλεις
897 1750 1346 1826 κατοικουμίνας,
1388 1752 1480 1808 καὶ
1541 1755 1641 1822 τήν
1698 1753 2026 1827 οἰκουμένην
2086 1753 2225 1826 ὅλην
2283 1753 2675 1829 καταλήψομαι
2734 1760 2802 1830 τῇ
2856 1757 3026 1832 χειρὶ,
3078 1757 3154 1819 ὡς
3210 1754 3446 1829 νοσσιὰν,
3501 1755 3591 1811 καὶ
3650 1757 3726 1819 ὡς

294 1844 771 1920 καταλελειμμένα
827 1841 909 1898 ὠᾶ
960 1842 1094 1918 ἀρῶ⁸
1156 1840 1245 1897 καὶ
1279 1841 1378 1896 οὐκ
1408 1838 1547 1897 ἔστιν
1582 1844 1692 1917 (43)
1718 1842 1776 1905 ὃς
1810 1840 2144 1921 διαφεύξεταί
2177 1865 2263 1916 με,
2296 1842 2332 1913 ἢ
2366 1844 2586 1919 ἀντείπῃ
2624 1865 2739 1918 μοι.

368 1938 494 1994 210.
531 1939 794 1994 Τοιοῦτον
829 1931 920 1989 οῦν
952 1931 1042 1987 καὶ
1074 1935 1164 1986 νῦν
1198 1929 1340 1986 ἔοικε
1369 1930 1543 2007 λέγειν
1591 1932 1682 1986 τὸν
1717 1929 1957 2009 ἄρχοντα

2133 1935 2258 1989 210.
2292 1934 2537 1992 Videtur
2565 1934 3085 2008 igituretiamnum
3120 1935 3294 1992 talem
3327 1935 3520 1993 dicere
3551 1939 3725 2009 Assy-

295 2031 405 2083 τῶν
438 2022 735 2099 Ἀσσυρίων
788 2020 935 2099 ὕδωρ
966 2024 1083 2094 (44)
1115 2016 1243 2076 ὅντα
1288 2018 1457 2092 πολὺ,
1484 2020 1794 2097 χειμάῤῥου
1836 2021 1964 2097 τρό-

310 2137 437 2185 πον,
476 2113 670 2190 βιαίως
711 2112 803 2168 καὶ
852 2108 1123 2188 ῥαγδαίως
1171 2108 1581 2184 παρασύροντος
1616 2109 1747 2172 τοὺς
1794 2130 1964 2184 προσ-

308 2206 723 2281 τυγχάνοντας’
758 2202 820 2257 οὗ
874 2201 925 2255 οἱ
967 2199 1386 2273 καταξιωθέντες
1443 2197 1571 2263 τοὺς
1624 2198 1963 2274 πειρασμοὺς

308 2287 568 2354 ἀϐλαϐῶς
630 2285 883 2361 διαϐῆναι
959 2287 1214 2365 λέγουσι’
1266 2285 1576 2363 Χείμαρῥον
1654 2284 1876 2356 διῆλθεν
1926 2288 1962 2358 ἡ

305 2384 462 2459 ψυχὴ
551 2384 738 2455 ἡμῶν,
797 2380 859 2435 τὸ
938 2375 1085 2455 ὕδωρ
1159 2378 1222 2432 τὸ
1298 2375 1688 2431 ἀνυπόστατον.
1746 2374 1844 2430 Καὶ
1901 2375 1965 2431 τὸ

306 2468 639 2549 Εὐαγγὲλιον
676 2466 734 2524 δὲ
764 2466 853 2523 ἐπὶ
881 2473 984 2538 τῆς
1032 2459 1357 2543 παραϐολῆς
1403 2469 1500 2520 τοῦ
1547 2463 1711 2519 αὐτοῦ
1766 2463 1963 2520 τούτου

306 2558 502 2623 ὕδατος
563 2557 859 2633 μίμνηται,
911 2554 965 2612 ἐν
1008 2559 1087 2628 τῷ
1131 2549 1467 2630 παραϐαλεῖν
1525 2554 1615 2609 τὸν
1662 2552 1966 2609 ἀκούσαντα

307 2648 434 2712 τοὺς
463 2646 684 2724 λόγους,
716 2647 807 2703 καὶ
860 2646 936 2719 μὴ
987 2648 1271 2713 ποιοῦντα,
1314 2643 1586 2719 ἀνθρώπῳ
1642 2639 1764 2697 ἄνευ
1813 2654 1966 2717 θεμε-

311 2738 434 2795 λίου
483 2734 909 2810 οἰκοδομήσαντι
956 2736 1056 2805 τὴν
1108 2734 1299 2788 ἑαυτοῦ
1359 2732 1535 2788 οἰκίαν
1566 2752 1578 2765 ·
1621 2731 1966 2806 πλημμύρας

311 2826 371 2884 δὲ
427 2827 752 2904 γενομένης,
801 2824 990 2906 φησὶν,
1037 2822 1136 2878 οὐκ
1192 2822 1473 2899 ἀντέσχεν,
1503 2818 1631 2878 ἀλλ’
1688 2818 1867 2878 ἔπεσεν
1927 2822 1962 2893 ἡ

315 2916 482 2988 οἰκία,
514 2915 605 2972 καὶ
637 2914 848 2992 ἐγένετο
871 2914 935 2970 τὸ
964 2916 1167 2986 πτῶμα
1193 2918 1294 2982 τῆς
1338 2909 1514 2973 οἷ’κίας
1548 2909 1757 2982 ἰκείνης
1806 2910 1964 2988 μέγα.

300 3009 483 3064 Τοῦτο
542 3003 602 3060 δὶ
637 3005 700 3060 τὸ
749 3002 895 3080 ὕδωρ
954 3002 1017 3057 τὸ
1070 2999 1216 3057 πολὺ
1274 2995 1626 3072 ἀναϐήσεται,
1656 2999 1843 3079 φησὶν,
1877 2999 1964 3055 ἐπὶ

311 3100 489 3150 πᾶσαν
548 3093 793 3171 φάραγγα
849 3094 1026 3167 ὑμῶν.
1082 3092 1145 3147 Δί
1202 3087 1259 3145 δὲ
1315 3091 1592 3169 φάραγγες
1640 3090 1966 3161 κοιΛότητίς

318 3186 420 3241 εἰσι
470 3191 571 3255 τῆς
624 3190 752 3260 γῆς.
774 3188 899 3248 Πῶς
946 3180 1040 3239 οῦν
1101 3180 1232 3258 οὐχὶ
1278 3175 1618 3236 καταϐαίνειν
1673 3181 1736 3236 τὸ
1793 3176 1964 3256 ὕδωρ,

316 3273 469 3330 ἀλλὰ
517 3267 817 3329 ἀναϐαίνειν
877 3268 1126 3349 λὲγεταις
1178 3273 1298 3326 Ὅτι
1345 3276 1489 3325 πᾶσα
1546 3271 1581 3339 ἡ
1633 3269 1685 3325 ἐν
1750 3268 1960 3344 ἀνθρώ-

306 3385 438 3427 ποις
514 3362 650 3418 κατὰ
723 3362 822 3431 τήν
899 3361 1160 3439 ἁμαρτίαν
1234 3358 1561 3421 ταπείνωσις
1648 3356 1963 3433 ὑψηλοτέρα

308 3451 424 3507 ἐστὶ
491 3455 600 3507 τῶν
686 3450 1010 3527 ἀρχιπηγῶν
1068 3452 1183 3527 (45)
1235 3448 1324 3505 καὶ
1379 3446 1487 3504 τῶν
1548 3446 1713 3502 οἷονεί
1772 3447 1960 3525 ἀρχῶν

303 3548 408 3612 τῆς
477 3539 771 3617 πονηρίας.
827 3536 1076 3596 Ἐπειδὰν
1159 3538 1343 3613 μεντοι
1421 3533 1769 3614 παραδοθῶσι
1843 3540 1963 3600 ταῖς

304 3630 707 3704 ἀντικειμέναις
786 3626 1097 3704 δυνάμεσι,
1155 3628 1618 3705 περιπατήσουσιν
1694 3626 1783 3681 ἐπὶ
1857 3630 1961 3682 πᾶν

304 3725 496 3796 τεῖχος
540 3723 649 3775 τῶν
698 3718 1170 3775 ἀποστατούντωψ
1202 3718 1497 3788 τουτὲστιν,
1548 3714 1636 3771 ἐπὶ
1680 3717 1851 3771 πάντα
1897 3717 1966 3771 τὰ

306 3809 487 3886 ὀχυρά
543 3805 810 3885 δόγματα,
855 3807 946 3864 καί
990 3808 1077 3865 ἰπὶ
1131 3807 1306 3864 πάντα
1353 3808 1423 3863 τὰ
1480 3804 1745 3863 δοκοῦντα
1796 3806 1965 3884 ἀσφα-

306 3898 552 3973 λίσματα
581 3897 756 3955 αὐτῶν
791 3898 948 3958 εἶναι.
982 3898 1080 3954 Διὰ
1109 3895 1169 3954 δὲ
1185 3899 1284 3968 τήν
1308 3897 1416 3952 ἀπὸ
1447 3899 1561 3972 (46)
1588 3901 1686 3952 τοῦ
1731 3894 1967 3970 Σιλωὰμ

305 3988 660 4061 ἀποστασίαν,
693 3987 781 4044 καὶ
817 3989 916 4059 τὴν
966 3989 1102 4062 πρὸς
1154 3987 1281 4044 τοὺς
1329 3985 1613 4062 ὀλεθρίους
1638 3989 1748 4042 τῶν
1811 3986 1963 4061 βασι-

305 4076 449 4133 λιων
510 4075 880 4155 πρόσκλισιν⁶
941 4077 1161 4135 ἀπειλεῖ
1216 4079 1245 4134 ὁ
1291 4071 1455 4154 λόγος
1513 4077 1965 4153 ἀφαιρεθήσεσθαι

307 4166 416 4223 ἀπὸ
466 4170 568 4233 τῆς
597 4165 865 4230 Ἰουδαίας
906 4167 1081 4223 πάντα
1126 4165 1411 4245 ἄνθρωπον
1458 4162 1753 4240 δυνάμενον
1812 4163 1965 4221 ἐπαί-

308 4276 420 4332 ρειν
452 4257 553 4326 τήν
581 4255 849 4333 κεφαλὴν,
883 4256 973 4313 καί
1002 4258 1095 4314 τὸν
1142 4255 1365 4313 δυνατὸν
1417 4255 1830 4320 συντελέσασθαί
1876 4276 1964 4311 τι·

303 4346 573 4416 τουτὲστι,
606 4346 700 4402 τόν
730 4367 789 4403 τε
821 4346 875 4403 ἐν
901 4350 971 4423 τῇ
1003 4348 1140 4403 κατὰ
1168 4347 1261 4403 τὸν
1293 4350 1416 4402 νοῦν
1475 4347 1678 4422 θεωρίᾳ
1729 4343 1965 4420 ὑψηλὸν,

302 4435 516 4491 καὶτὸν
547 4436 686 4492 κατὰ
730 4438 831 4507 τήν
885 4438 1192 4513 πρακτικήν
1250 4436 1447 4512 ἀρετὴν
1503 4432 1742 4498 δυνατῶς
1790 4434 1967 4490 ἄπιτε-

305 4522 510 4581 λοῦντα
564 4525 633 4582 τὰ
691 4523 916 4601 δόξαντα
947 4544 963 4559 ο
1021 4524 1167 4582 ἀλλὰ
1229 4525 1317 4581 καὶ
1374 4522 1965 4599 καταστρατοπεδεῦσαι

2075 2023 2297 2080 riorum
2329 2024 2674 2096 principem,
2726 2029 2791 2080 ut
2846 2025 2924 2081 sit
2975 2042 3128 2098 aqua
3158 2025 3343 2081 multa
3386 2025 3447 2080 in
3480 2026 3723 2083 modum

2073 2113 2443 2181 torrentis,vi
2476 2119 2533 2169 et
2563 2114 2786 2187 impetu
2817 2115 3055 2185 quosvis
3080 2114 3282 2170 obvios
3342 2131 3543 2171 secum
3576 2118 3724 2171 arri-

2074 2201 2288 2273 pientis
2313 2218 2326 2256 :
2348 2202 2877 2273 cujustentationis
2908 2204 3008 2275 qui
3041 2203 3203 2276 digni
3230 2208 3370 2259 sunt
3399 2204 3500 2275 qui
3529 2211 3724 2259 trans-

2074 2296 2209 2346 eant
2239 2290 2425 2361 illeasi,
2461 2291 2693 2349 dicunt:
2754 2293 3071 2350 Torrentem
3116 2293 3482 2365 pertransivit
3534 2295 3726 2349 anima

2072 2384 2280 2450 nostra,
2307 2398 2511 2452 aquam
2542 2382 2949 2438 intolerabilem
2978 2384 3046 2438 εί.
3080 2383 3230 2447 Quin
3261 2388 3318 2438 et
3349 2383 3725 2456 Evangelium

2072 2469 2131 2525 in
2156 2470 2820 2551 ‘parabolahujusistius
2841 2489 3005 2544 aquae
3037 2471 3572 2538 commeminit,ubi
3602 2490 3723 2529 ser-

2074 2576 2277 2615 mones
2308 2560 2666 2631 audientem,
2699 2562 2801 2616 sed
2848 2579 2965 2617 non
2998 2562 3327 2627 facientem,
3361 2578 3493 2617 cum
3529 2562 3724 2618 homi-

2073 2664 2146 2704 ne
2178 2649 2415 2703 domum
2430 2665 2600 2704 suam
2615 2649 2741 2704 sine
2758 2650 3137 2706 fundamento
3155 2651 3477 2706 aedificante
3496 2667 3727 2723 compa-

2074 2740 2201 2791 rat:
2238 2736 2545 2808 Ingruente
2595 2743 2815 2804 autem,
2874 2737 3087 2809 inquit,
3147 2739 3551 2810 inundatione,
3610 2757 3728 2797 non

2075 2825 2310 2895 restitit,
2342 2827 2442 2882 sed
2476 2826 2686 2882 cecidit
2714 2827 3012 2891 domus,et
3034 2828 3186 2883 facta
3215 2832 3305 2883 est
3332 2827 3729 2886 ruinadomus

2074 2914 2234 2971 illius
2257 2931 2472 2987 magna
2501 2916 2757 2973 3'.”.Sed
2791 2916 2977 2972 multa
3008 2916 3129 2972 haec
3158 2934 3313 2990 aqua
3342 2918 3731 2987 ascendet,in-

2077 3004 2226 3075 quit,
2259 3021 2435 3076 super
2464 3020 2700 3060 omnem
2733 3004 2942 3060 vallem
2971 3010 3249 3061 vestram.
3298 3005 3496 3061 Volles
3528 3010 3727 3064 autem

2076 3109 2330 3149 concava
2359 3099 2501 3148 sunt
2530 3098 2717 3150 terras.
2750 3094 2938 3159 Quare
2967 3094 3150 3166 igitur
3180 3111 3295 3151 non
3346 3096 3725 3167 descendere,

2075 3183 2175 3238 sed
2211 3183 2522 3239 ascendere
2554 3200 2707 3254 aqua
2723 3183 2939 3239 dicitur
2967 3183 2989 3238 ?
3022 3185 3166 3248 Quia
3182 3184 3378 3240 omnis
3414 3184 3725 3241 hominum

2074 3271 2323 3343 objectio
2353 3288 2423 3327 ex
2453 3278 2689 3344 peccato
2720 3278 2865 3340 orta,
2902 3272 3109 3344 primis
3140 3274 3403 3329 fontibus
3461 3280 3516 3329 et
3544 3273 3726 3330 veluti

2077 3360 2348 3433 nequitia
2378 3362 2527 3419 587
2565 3362 2850 3418 scatebris
2874 3361 3183 3418 sublimior
3212 3363 3447 3418 est.Sed
3477 3363 3579 3418 ubi
3608 3368 3727 3419 tra-

2075 3452 2181 3507 diti
2215 3451 2431 3507 fuerint
2487 3452 2837 3508 adversariis
2888 3453 3299 3524 potestatibus,
3335 3451 3729 3509 ambulabunt

2072 3555 2496 3611 superomnem
2511 3556 2750 3596 murum
2767 3558 2967 3596 eorum
2984 3542 3085 3613 qui
3117 3540 3730 3607 defecerint,videlicet

2072 3645 2251 3702 super
2278 3629 2477 3687 omnia
2507 3630 2678 3686 fortia
2708 3631 2986 3703 dogmata
3032 3636 3089 3686 et
3134 3647 3313 3703 super
3342 3630 3564 3700 omnia,
3596 3647 3726 3700 qua:

2071 3718 2422 3775 videbantur
2476 3735 2678 3775 eorum
2711 3736 2840 3775 esse
2882 3718 3179 3791 prmeidia.
3213 3717 3498 3783 Quoniam
3530 3724 3729 3774 autem

2073 3809 2413 3865 defecerunt
2436 3826 2468 3863 a
2496 3808 2807 3875 Siloam,et
2836 3807 3108 3862 voluntas
3138 3824 3341 3863 eorum
3370 3807 3427 3863 in
3453 3806 3735 3880 pestilen-

2073 3897 2341 3956 tissimos
2364 3914 2528 3970 reges
2560 3899 2671 3953 tuit
2702 3897 3735 3970 propensior,nominaturScriptura

2077 3987 2337 4045 ablatum
2367 3986 2440 4043 iri
2471 4004 2507 4043 a
2561 3988 2763 4043 Judsea
2792 3986 3090 4042 hominem
3118 3984 3388 4057 ‘omnem,
3424 3986 3526 4059 qui
3556 3990 3735 4058 caput

2076 4077 2361 4147 attollere,
2394 4082 2452 4132 et
2481 4075 2705 4149 aliquid
2742 4076 3018 4148 perlicere
3050 4080 3248 4147 queat,
3281 4074 3389 4130 hoc
3444 4080 3554 4143 est,
3606 4081 3733 4132 tum

2077 4183 2211 4223 eum
2244 4167 2346 4239 qui
2379 4165 2590 4222 mentis
2616 4163 3109 4236 contemplatione
3152 4163 3426 4220 sublimis
3460 4163 3537 4220 sit
3561 4182 3575 4233 ;
3603 4168 3734 4220 tum

2077 4255 2353 4327 eum,qui
2384 4255 2599 4311 virtute
2628 4254 2903 4311 etl'ectrici
2937 4258 3157 4310 statuta
3187 4253 3415 4310 fortiter
3443 4268 3735 4326 exsequa-

2076 4349 2178 4402 tur
2210 4364 2223 4415 ;
2255 4349 2380 4401 tum
2403 4343 3070 4416 eum,quiinlatitudine
3102 4341 3357 4412 regionis
3381 4342 3734 4415 populorum

2076 4434 2482 4492 castrametari
2507 4435 2711 4508 possit,
2734 4450 2961 4501 eorum,
2995 4432 3095 4505 qui
3125 4432 3340 4489 Siloam
3377 4448 3489 4488 non
3521 4432 3732 4488 admit-

2076 4524 2408 4591 tunt.Nam,
2435 4524 2577 4595 quia
2605 4523 2785 4579 latam
2817 4522 3258 4596 spatiosumque
3288 4522 3444 4578 viam
3478 4521 3735 4595 amplexi

301 4619 399 4670 τοῦ
430 4613 676 4679 πλάτους
706 4618 803 4686 τῆς
840 4618 1034 4694 χώρας
1074 4620 1182 4673 τῶν
1242 4616 1317 4689 μὴ
1371 4611 1820 4692 καταδεχομένων
1874 4614 1962 4670 τὸν

2076 4619 2236 4682 sunt,
2270 4614 2433 4687 digni
2454 4614 2818 4681 efficiuntur,
2841 4611 2943 4686 qui
2976 4617 3170 4670 castra
3201 4612 3322 4669 sint
3351 4614 3605 4671 adverse
3637 4629 3736 4686 po-

375 4770 423 4808 3°
452 4770 568 4829 Isa.
596 4789 652 4841 ι,
674 4770 864 4830 42-14.
896 4772 942 4811 ⁸¹
973 4771 1121 4830 Psal.
1151 4787 1346 4839 cxxm,
1371 4771 1427 4827 5.
1447 4770 1571 4826 ³².³⁸
1603 4770 1741 4826 Luc.
1775 4785 1855 4839 v1,
1885 4769 1976 4841 49,

373 4941 492 5019 (42)
525 4942 703 5011 Editi,
735 4940 879 5019 tvifcf;
903 4941 1206 5019 ivxdi‘pou
1254 4943 1494 5019 ποιήσω.
1552 4942 1760 5019 Abest“
1792 4959 1897 5019 μου
1922 4957 1963 5019 ρ

310 5010 531 5090 nostris
560 5032 661 5090 sex
687 5010 1310 5090 icodio'ibu's'iUterque
1338 5010 1527 5085 συιδ..
1582 5010 1635 5068 ἐν
1694 5014 1764 5087 τῇ
1794 5010 1965 5088 ἰσχύϊ

311 5087 535 5163 ποιήσω,
550 5081 682 5163 όρη.
703 5091 778 5163 _ln
806 5088 1137 5160 fortitudine
1156 5081 1379 5163 [tioium
1406 5081 1638 5163 montes.

310 5220 337 5285 ἔ
374 5153 494 5233 (43)
519 5153 716 5219 Nostri
745 5153 848 5219 Βάκ
877 5179 1050 5233 mss.,
1083 5153 1182 5217 καῖ
1215 5160 1315 5216 οὐκ
1344 5155 1505 5219 ἔστιν.
1534 5157 1711 5216 Editi.
1743 5154 1833 5212 καὶ
1865 5153 1965 5212 οῦκ

340 5250 483 5285 σται.

340 5250 483 5289 σται.

324 5320 337 5331 ·
376 5303 493 5376 (44)
522 5303 735 5361 Nostra
764 5304 964 5373 editio,
998 5304 1075 5366 ὡς
1106 5302 1276 5376 ὕδωρ,
1334 5300 1586 5376 vocula
1616 5301 1693 5364 ὡς
1721 5299 1784 5357 in
1815 5317 1961 5376 mss.

306 5371 426 5432 non
471 5371 788 5455 invenitur.
848 5371 1113 5435 Subinde
1158 5371 1335 5455 ‘edi‘ti,
1395 5371 1663 5455 ραγδαίως
1717 5372 1963 5449 παρασύ-

311 5464 501 5536 povra’.‘
630 5466 732 5536 sex
763 5466 930 5536 mss,
958 5447 1388 5536 napacupovfoq.

387 5523 505 5595 (45)
551 5522 789 5579 Veteres
846 5518 1187 5596 tres_libri,'
1218 5526 1327 5578 τῶν
1380 5518 1608 5596 γηίνων,
1667 5518 1967 5596 sublimior

309 5591 403 5655 est
416 5591 871 5670 rebus__terrenis.
907 5594 1078 5652 Aliud
1108 5591 1309 5670 codex,
1336 5591 1447 5670 τῶν
1475 5592 1743 5670 ἀρχηγῶν
1797 5591 1963 5670 prin-

309 5669 549 5744 cipibus.
583 5667 703 5744 Hoc
723 5667 969 5744 videtur
1010 5668 1260 5744 scriptor
1293 5663 1813 5744 'dicere',_"_statum
1852 5663 1964 5744 ho-

313 5735 517 5810 minis,
550 5742 655 5814 qui
683 5741 745 5798 in
776 5739 1083 5815 peccatum
1113 5735 1318 5814 lapsus
1348 5739 1446 5811 sit,
1505 5739 1798 5810 abjectum
1829 5735 1963 5808 qui-

2073 4942 2207 4998 dem
2230 4942 2515 5015 esse,sed
2548 4942 2629 5015 ita
2659 4944 2880 5009 tamen,
2912 4946 2979 4998 ut
3017 4944 3275 5015 quodam
3328 4941 3501 4999 modo
3536 4939 3733 5015 _subli-

2075 5015 2189 5070 mis
2222 5016 2320 5086 sit,
2353 5014 2402 5071 si
2424 5014 2699 5070 videlicet
2719 5013 3091 5087 comparetur
3121 5033 3256 5073 cum
3316 5020 3472 5071 statu
3519 5013 3736 5087 daemo-

2075 5104 2240 5161 num,
2274 5087 2375 5159 qui
2407 5088 2589 5144 totius
2621 5086 2898 5157 nequitiie
2927 5088 3223 5161 principes
3255 5092 3395 5144 sunt
3433 5092 3492 5144 et
3537 5086 3733 5144 archi-

2074 5160 2237 5215 tecti.

2148 5231 2255 5303 (46)
2287 5230 2464 5301 Editi,
2499 5227 2624 5285 ὑπό.
2656 5231 2725 5303 At
2774 5245 2876 5303 sex
2907 5247 3074 5303 mss,
3133 5226 3260 5303 ᾀπό.
3331 5228 3544 5288 Statim
3589 5228 3731 5303 editi

2074 5306 2131 5388 et
2156 5298 2423 5388 quinque
2450 5298 2623 5373 mss.,
2658 5298 2925 5385 βασιλέων
2971 5298 3333 5388 «saginas,
3397 5318 3501 5357 nec
3539 5299 3730 5387 .aliter

2074 5373 2297 5446 legerat
2323 5373 2634 5447 interpres,
2660 5373 2797 5430 cum
2818 5374 2903 5431 sic
2932 5373 3167 5431 verterit
3192 5394 3206 5432 :
3241 5376 3309 5431 Et
3337 5374 3733 5447 accersiperint

2068 5444 2382 5519 pestilentes
2410 5456 2461 5505 et
2473 5444 2815 5520 perniciosos
2847 5462 3017 5514 reges.
3060 5448 3169 5520 Sed
3216 5463 3349 5502 cum
3378 5445 3521 5520 haec
3553 5444 3729 5520 lectio

2075 5517 2209 5576 eum
2241 5517 2779 5593 syntaxi'componi
2801 5535 2915 5593 non
2942 5519 3126 5593 possit
3157 5519 3543 5593 (scripsisset
3571 5517 3729 5593 enim

2074 5585 2296 5665 auctor:
2331 5591 2420 5647 καὶ
2450 5593 2549 5661 τήν
2579 5585 2685 5644 τῶν
2729 5585 2994 5665 ὀλεθρίων
3042 5585 3317 5665 βασιλέων
3339 5586 3732 5665 πρόσκλησιν),

2074 5680 2203 5720 eam
2236 5664 2310 5737 ob
2340 5658 2676 5737 causamex
2706 5658 2881 5737 Colb.'_
2914 5658 3173 5737 secundo
3231 5680 3336 5735 pro
3384 5658 3729 5737 ιτροσκλησιν

2073 5735 2373 5795 edendum
2404 5736 2757 5807 curavimus,
2778 5731 3121 5807 πρόσκλισιν.
