4138 6376
436 336 552 396 487

1383 327 1782 390 APPENDIX
1825 323 2148 389 OPEBUM
2195 325 2260 386 S.
2306 325 2593 388 BASILII
2637 327 2912 390 MAGNI.

433 465 896 536 haudquaquam
929 462 1136 519 ferant.
1172 460 1395 516 Malitia
1419 459 1720 532 siquidem
1742 459 1967 515 inescat
1988 474 2053 513 νο

2167 518 2170 524 _
2199 455 2298 524 τὴν
2335 454 2458 530 βίου
2491 459 2566 530 μή
2602 461 2713 531 (57)
2747 459 3019 537 φέροντες.
3051 464 3112 520 Ἦ
3148 464 3245 536 μὶν
3272 463 3373 540 γὰρ
3399 465 3561 523 κακία
3612 466 3858 542 δελεάζει

431 555 678 627 luptatis
709 553 950 610 lenitate
976 569 988 607 :
1025 553 1211 606 virtus
1243 567 1374 606 vero
1396 551 1740 604 austeritate
1763 547 2088 619 disciplinas

431 651 490 701 et
519 645 721 701 labore
752 645 929 698 vitam
965 657 1168 697 eorum
1206 640 1306 711 qui
1341 640 1397 694 in
1432 657 1500 695 ea
1531 657 1593 695 se
1645 645 1934 702 exercent,
1993 654 2087 691 ex-

431 740 686 807 asperat.
718 737 943 804 Pr0pter
965 733 1128 786 verba
1155 732 1434 786 labiorum
1461 738 1681 785 tuorum
1704 745 1800 798 ego
1825 727 2088 783 custodivi

428 827 548 880 vias
572 825 738 880 duras
769 823 832 877 ‘9.
866 822 1101 876 Tradita
1134 821 1302 876 nobis
1336 821 1403 875 ad
1441 825 1672 875 nostras
1694 820 1923 874 animas
1956 835 2084 888 per-

430 915 708 969 ﬁciendae
739 917 1048 983 praecepta,
1080 910 1202 965 vias
1235 911 1413 964 duras
1445 908 1721 980 appellat.
1743 907 1887 973 Quid
1914 923 2081 978 aspe-

426 1004 549 1058 rius
579 1019 775 1074 quam,
813 1005 876 1056 ut
905 1001 1037 1072 quis
1072 1006 1299 1070 'ecepta
1355 999 1410 1053 in
1463 998 1697 1054 maxilla
1744 997 1933 1068 plaga,
1986 997 2082 1052 ob-

421 1098 605 1146 vertat
626 1091 954 1164 percussori
980 1096 1037 1146 et
1067 1090 1311 1145 alteram
1335 1088 1429 1144 5°?
1460 1090 1644 1154 Quam
1679 1092 1743 1143 ut
1791 1086 2078 1158 spoliatus

421 1180 568 1236 nihil
603 1180 943 1252 repetat“?
973 1196 1146 1250 quam
1183 1184 1248 1234 ut
1287 1180 1355 1234 ad
1391 1177 1650 1234 tribunal
1683 1182 1928 1241 tractus,
1980 1181 2078 1230 tu-

419 1271 553 1327 nica
581 1271 757 1326 etiam
791 1286 853 1326 se
874 1274 1046 1325 exuat
1067 1270 1112 1303 ⁸²
1134 1269 1160 1323 ‘?
1187 1285 1363 1340 quam
1397 1273 1462 1322 ut
1486 1266 1790 1323 benedicat
1828 1265 2075 1321 maledi-

415 1361 524 1416 ctis
553 1366 792 1416 vexatus
823 1361 866 1394 ⁵³
889 1359 917 1413 ‘I
947 1359 1086 1430 quid
1124 1357 1328 1413 durius
1358 1373 1533 1428 quam
1559 1356 1750 1412 verbis
1773 1361 2074 1411 contume-

415 1450 585 1506 liosis
599 1450 924 1520 appetitum
947 1450 1274 1513 obsecrare,
1305 1446 1598 1502 neminem
1622 1443 2072 1516 odisse,precari

414 1557 518 1613 pro
543 1538 1032 1612 persequentibus
1049 1537 1140 1592 5‘?
1173 1538 1281 1592 Sed
1309 1537 1522 1591 durum
1544 1535 1689 1590 illud
1710 1533 1937 1590 vivendi
1970 1551 2069 1606 ge-

415 1646 527 1684 nus
559 1645 796 1684 suavem
822 1627 1065 1682 Abrahae
1099 1627 1282 1698 patris
1308 1625 1492 1681 nostri
1520 1627 1717 1681 sinum
1743 1641 1846 1697 pro
1872 1624 2072 1696 requie

412 1719 582 1774 nobis
617 1721 878 1789 apparat.
914 1718 1070 1771 Beati
1097 1715 1253 1771 enim
1286 1717 1386 1787 qui
1426 1716 1635 1786 lugent,
1668 1716 1929 1785 quoniam
1960 1716 2071 1786 ipsi

2198 550 2280 617 τῷ
2312 545 2445 619 λείῳ
2473 555 2573 617 τῆς
2599 547 2822 619 ἡδονῆςο
2855 553 2888 604 ἦ
2949 548 3005 606 δὶ
3053 553 3215 628 ἀρετὴ
3259 554 3712 634 σκληραγωγίαις
3762 563 3852 618 καὶ

2199 634 2387 698 πόνοις
2420 636 2738 714 ἐκτραχύνει
2769 640 2858 694 τὸν
2897 642 3015 716 βίον
3046 647 3154 696 τῶν
3188 645 3562 717 ἀσκουμένων.
3597 651 3694 705 Διά
3721 652 3852 716 τοὺς

2198 721 2394 814 λόγους
2484 731 2590 781 τῶν
2689 728 2921 804 χειλέων
3015 752 3110 786 σου
3195 731 3298 807 ἐγώ
3370 733 3602 814 ἐφύλαξα
3687 738 3851 805 ὁδοὺς

2196 812 2456 888 σκληράς.
2494 818 2753 891 Σκληρὰς
2782 823 2892 892 (58)
2926 817 3085 883 ὁδοὺς
3119 820 3262 898 λέγει
3301 812 3417 886 τὰς.
3445 824 3532 880 ἐπὶ
3574 827 3669 882 τὸν
3715 851 3848 887 κατ-

2192 905 2454 978 αρτισμὸν
2509 911 2618 961 τῶν
2673 911 2866 984 ψυχῶν
2899 911 3059 982 ἡμῶν
3113 908 3406 984 δεδομένας
3433 917 3568 988 ἡμῖν
3599 916 3845 984 ἐντολάς.

2191 993 2259 1050 Τί
2317 992 2682 1072 σκληρότερον
2742 1003 2859 1066 τοῦ,
2922 994 3160 1055 λαϐόντα
3207 1002 3427 1079 πληγὴν
3483 1008 3619 1062 κατὰ
3657 1012 3846 1084 σιαγό-

2188 1103 2299 1150 νος,
2354 1083 2575 1158 στρέψαι
2635 1085 2781 1159 αὐτῷ
2829 1087 2918 1142 καὶ
2974 1090 3073 1158 τήν
3109 1088 3324 1162 ἄλληνς
3357 1098 3476 1161 τοῦ,
3509 1083 3842 1175 ἀποστερού-

2193 1193 2374 1246 μενον,
2411 1176 2486 1248 μὴ
2532 1175 2816 1246 ἀπαιτεῖν;
2869 1182 2988 1246 τοῦ,
3039 1177 3334 1252 ἑλκόμενον
3381 1184 3457 1246 εἰς
3489 1182 3843 1263 δικαστήριον

2187 1259 2582 1327 ἐπαποδύεσθαι
2640 1267 2753 1339 (59)
2800 1267 2891 1322 καὶ
2947 1267 3038 1322 τὸν
3095 1275 3345 1344 χιτῶνας
3407 1259 3838 1352 λοιδορούμενον

2185 1351 2469 1428 εὐλογεῖνς
2508 1353 3004 1431 βλασφημούμενον
3054 1358 3431 1433 παρακαλεῖν;
3482 1362 3686 1436 μηδένα
3747 1391 3838 1441 μι-

2184 1447 2336 1511 σεῖν;
2391 1444 2523 1517 ὑπὲρ
2580 1449 2687 1500 τῶν
2740 1443 3048 1502 διωκόντων
3119 1449 3566 1526 προσεύχεσθαι;
3647 1456 3826 1514 Ἀλλᾶ

2179 1535 2348 1586 ταῦτα
2376 1533 2443 1587 τὰ
2473 1531 2689 1609 σκληρά
2716 1535 2806 1590 τὸν
2841 1535 3052 1592 ἁπαλὸν
3083 1539 3219 1609 ἡμῖν
3247 1538 3458 1596 κόλπον
3489 1548 3588 1598 τοῦ
3629 1549 3834 1621 πατρὸς

2179 1622 2338 1692 ἡμῶν
2403 1617 2654 1697 Ἀϐραὰμ
2710 1624 2787 1688 εἰς
2840 1625 3136 1681 ἀνάπαυσιν
3178 1627 3498 1704 εὐτρεπίζει.
3560 1617 3833 1710 Μακάριοι

2178 1711 2282 1786 γὰρ
2341 1712 2392 1766 οἳ
2450 1718 2769 1777 πενθοῦντες
2805 1757 2818 1783 ,
2880 1715 2965 1770 ὅτι
3021 1716 3174 1772 αὐτοὶ
3251 1717 3777 1794 παραλληθήσονται
3815 1771 3829 1784 .

409 1809 834 1864 consolationem
867 1809 1158 1878 accipient.
1193 1808 1353 1861 Beati
1374 1807 1469 1876 qui
1488 1809 1739 1860 esuriunt
1786 1807 1838 1859 et
1867 1806 2053 1859 sitiun.

2176 1800 2449 1876 Μακάριοι
2523 1803 2574 1855 οἱ
2631 1807 2919 1866 πεινῶντες
2975 1806 3065 1860 καὶ
3137 1804 3406 1881 διψῶντεσ
3461 1813 3560 1880 τήν
3616 1810 3832 1870 δικαιοο

2184 1888 2234 1913 _’,
2277 1911 2321 1913 ην
2449 1889 2519 1913 1L,
2661 1891 2673 1910 ,
2752 1892 2765 1913 \
3065 1897 3126 1913 ,Ι
3454 1905 3496 1913 ρ.
3539 1901 3552 1913 ι
3742 1903 3789 1913 Α.

400 1899 701 1970 justitiam,
735 1898 995 1967 quoniam
1023 1897 1132 1967 ipsi
1156 1897 1558 1951 saturabuntur
1579 1895 1642 1947 ⁵⁵.
1658 1893 1930 1950 Etomnis
1947 1893 2064 1949 fere

407 1988 538 2042 vitae
561 1987 741 2055 hujus
763 1985 1064 2040 afﬂictatio
1087 1990 1301 2040 aeterna
1325 1985 1478 2040 bona
1502 1983 2063 2054 conciliat.Quapro-

407 2085 535 2148 pter
555 2077 753 2130 Euntes
777 2075 934 2130 ibant
964 2083 1014 2130 et
1051 2077 1272 2144 flebant,
1314 2077 1588 2130 mittentes
1622 2076 1837 2129 semina
1879 2090 1979 2128 sua
1996 2073 2059 2128 ⁸⁸.

406 2165 685 2221 Molestia
708 2165 1004 2237 siquidem
1029 2182 1154 2236 quae
1176 2181 1331 2220 nunc
1353 2165 1424 2220 ob
1449 2166 1541 2220 Dei
1559 2165 1744 2236 legem
1766 2164 2060 2234 accidunt,

407 2271 605 2311 semen
634 2259 808 2310 erunt
839 2255 1172 2310 futurorum
1208 2255 1514 2310 bonorum.
1565 2255 1850 2309 Venientes
1878 2261 2060 2308 autem

402 2347 623 2400 venient
643 2361 769 2400 cum
791 2346 1177 2410 exsultatione,
1198 2347 1478 2415 portantes
1499 2344 1816 2415 manipulos
1845 2359 1969 2398 suos
1991 2343 2055 2398 ⁸⁷.

402 2438 607 2506 Itaque
639 2451 753 2488 non
786 2435 1199 2506 obsequuntur
1229 2439 1431 2505 gentes
1464 2434 1658 2488 itineri
1694 2431 1916 2504 populi,
1967 2431 2055 2487 di-

399 2527 599 2578 centes
625 2540 636 2577 :
671 2523 962 2594 Nequando
994 2523 1191 2578 dicatis
1221 2523 1446 2578 durum.
1489 2522 1762 2593 Quidquid
1792 2524 1944 2576 enim
1976 2523 2054 2576 lo-

398 2615 588 2684 quitur
613 2612 880 2684 populus,
909 2613 1110 2667 durum
1141 2622 1240 2668 est.
1275 2617 1576 2683 Interroga
1607 2612 1787 2682 igitur
1810 2628 1928 2680 eos,
1954 2613 2054 2681 qui

397 2702 571 2758 idolis
590 2703 872 2773 assident,
897 2703 1278 2774 quamobrem
1305 2719 1420 2757 non
1448 2701 1728 2756 accedant
1749 2701 1819 2755 ad
1846 2701 2053 2772 praedi-

395 2792 643 2847 cationis
677 2792 1028 2847 doctrinam.
1057 2792 1221 2846 Certe
1245 2792 1343 2862 qui
1364 2791 1692 2862 interipsos
1711 2789 1900 2859 magis
1915 2794 2054 2845 sunt

394 2880 633 2950 ingenui
669 2898 734 2935 ac
765 2881 1003 2947 sinceri,
1045 2881 1303 2936 fatentur
1333 2897 1395 2935 se
1428 2880 1588 2934 illius
1647 2881 2049 2936 austeritatem

395 2970 545 3025 ferre
585 2987 698 3025 non
735 2987 924 3042 posse.

461 3149 586 3202 214.
624 3148 840 3204 Deinde
891 3147 1234 3219 subiungit:
1294 3149 1577 3202 Timorem
1621 3119 1803 3203 autem
1831 3148 1950 3218 ejus
1980 3163 2048 3203 ne

2177 1888 2364 1960 σύνην,
2443 1889 2525 1946 ὅτι
2616 1891 2767 1947 αὐτοὶ
2848 1897 3361 1970 χορτασθήσονται.

3449 1901 3555 1956 Καὶ
3632 1903 3830 1980 σχεδὸν

2131 2033 2140 2044 ,
2173 1984 2318 2060 πᾶσα
2347 1982 2381 2048 ἡ
2416 1979 2640 2035 ἐνταῦθα
2667 1984 3003 2038 κακοπάθεια
3061 1986 3320 2060 πρόξενός
3372 1985 3484 2045 ἐστι
3529 1995 3636 2046 τῶν
3689 1979 3824 2049 αἰω-

2170 2069 2298 2123 νίων
2355 2069 2606 2142 ἀγαθῶν.
2675 2073 2774 2126 Διὰ
2826 2078 2988 2128 τοῦτο
3047 2071 3416 2150 Πορευόμενοι
3474 2079 3824 2156 ἐπορεύοντο,

2169 2159 2258 2213 καὶ
2311 2157 2550 2228 ἔκλαιον,
2621 2159 2920 2235 βάλλοντες
2981 2167 3093 2238 (60)
3161 2167 3226 2220 τὰ
3283 2166 3564 2241 σπέρματα
3621 2172 3825 2232 αὐτῶν.

2172 2251 2399 2325 Σπέρμα
2429 2252 2532 2324 γὰρ
2566 2248 2709 2305 ἔσται
2741 2256 2848 2305 τῶν
2885 2250 3206 2324 μελλόνυων
3262 2256 3470 2332 ἀγαθῶν
3503 2261 3556 2314 αἱ
3601 2267 3690 2317 νῦν
3735 2261 3824 2320 διὰ

2166 2340 2258 2428 τὸν
2291 2345 2386 2393 τοῦ
2421 2344 2553 2394 Θεοῦ
2586 2340 2752 2413 νόμον
2807 2340 3156 2416 έγγινόμεναι
3207 2345 3444 2420 θΛίψεις.
3493 2351 3818 2428 Ἐρχόμενοι

2169 2425 2226 2482 δὲ
2293 2429 2513 2502 ἥξουσιν
2586 2429 2636 2483 ἐν
2713 2429 3062 2516 ἀγαλλιάσει,
3119 2434 3358 2510 αἳροντες
3408 2439 3473 2492 τὰ
3533 2425 3814 2516 δράγματα

2165 2517 2358 2574 αὐτῶν.
2398 2519 2746 2574 Ἀπειθοῦσιτ
2790 2519 2880 2574 οὖν
2929 2521 2997 2576 τὰ
3042 2517 3162 2592 ἔθνη
3203 2528 3272 2597 τῇ
3305 2526 3498 2601 πορείᾳ
3529 2535 3626 2584 τοῦ
3658 2528 3810 2597 λαοῦ,

2165 2605 2440 2696 λέγοντες.
2511 2610 2740 2679 Μήποτε
2796 2608 2985 2679 εἷ’πητε
3055 2613 3170 2685 (61)
3226 2613 3489 2690 σκληρόν.
3554 2625 3664 2673 Πᾶν
3715 2623 3814 2696 γὰρ

2164 2699 2192 2752 ὃ
2233 2696 2318 2752 ἐὰν
2382 2694 2508 2771 εἷ’πῃ
2560 2700 2588 2752 ὁ
2643 2697 2773 2759 λαός
2831 2697 3010 2767 οὗτος,
3061 2704 3302 2776 σκληρόν
3333 2704 3493 2763 ἐστιν.
3532 2694 3810 2780 Ἐξέτασον

2163 2788 2252 2842 οὖν
2284 2786 2409 2848 τοὺς
2438 2793 2554 2849 τοῖς
2587 2785 2843 2850 εἰδώλοις
2874 2792 3427 2865 προσκαθεζομένους,
3452 2795 3599 2859 τίνος
3631 2796 3808 2854 ἕνεκεν

2162 2879 2225 2932 οὐ
2258 2879 2660 2953 προσέρχονται
2689 2881 2756 2952 τῇ
2790 2875 3109 2952 διδασκαλίᾳ
3131 2886 3227 2936 τοῦ
3258 2883 3806 2960 κηρύγματος.⁹ομοσ

2161 2966 2386 3040 λογοῦσι
2408 2967 2508 3042 γὰρ
2536 2966 2709 3022 αὐτῶν
2744 2969 2796 3023 οἱ
2828 2968 3334 3047 εὐγνωμονέστεροι,
3368 2971 3448 3028 ὅτι
3481 2973 3540 3028 τὸ
3593 2974 3799 3048 αὺστη-

2159 3056 2251 3130 ρὸν
2285 3059 2397 3129 (62)
2425 3057 2533 3132 οὐχ
2562 3057 2947 3135 ὑποφέρουσιν.

2228 3148 2353 3202 214.
2403 3146 2529 3201 Εἶτα
2577 3145 2782 3220 ἐπάγειο
2843 3146 2941 3201 Τὸν
3006 3143 3064 3202 δὶ
3123 3143 3290 3224 φόϐον
3351 3148 3512 3205 αὐτοῦ
3573 3155 3648 3226 μὴ
3709 3177 3807 3233 φο-

392 3239 718 3294 timaeritis.
759 3238 864 3292 Hic
889 3243 1085 3292 autem
1136 3237 1299 3292 locus
1350 3237 1619 3292 bifariam
1671 3237 2042 3308 intelligitur.

2167 3230 2381 3306 ϐηθῆτε.
2416 3237 2588 3292 Τοῦτο
2619 3233 2674 3290 δι
2715 3233 2891 3312 διχῶς
2939 3241 3163 3292 νοεῖται.
3218 3238 3319 3295 Καὶ
3351 3240 3454 3315 γὰρ
3485 3224 3601 3305 τοῖς
3634 3224 3806 3298 ἔθνεσι

391 3327 618 3382 Etenim
650 3327 792 3380 dicit
821 3327 1115 3398 gentibus,
1152 3327 1315 3381 Hunc
1348 3328 1616 3381 timorem
1674 3345 2043 3398 nequaquam

392 3416 618 3486 timete,
646 3432 820 3486 quem
855 3433 1010 3470 nunc
1044 3416 1357 3472 inscienter
1388 3422 1683 3483 metuunt,
1715 3433 1780 3471 eo
1805 3418 1954 3486 quod
1980 3433 2042 3472 se

387 3505 445 3558 in
464 3504 997 3575 praestantiorivitaa
1024 3505 1290 3561 instituto
1316 3521 1686 3577 nequaquam
1712 3512 2038 3577 exerceant,

388 3593 558 3664 quasi
590 3593 829 3660 diceret,
861 3593 1294 3649 Continentiam
1329 3611 1397 3649 ne
1431 3595 1747 3651 formides:
1805 3612 1876 3650 ne
1925 3612 2042 3652 me-

387 3688 522 3738 tuas
556 3683 956 3740 fortitudinem
985 3701 997 3738 :
1029 3700 1098 3738 ne
1131 3684 1407 3755 pietatem
1431 3685 1674 3740 timeas:
1699 3702 1769 3740 ne
1813 3686 1886 3740 ab
1918 3685 2042 3740 ulla

390 3774 770 3844 perterrearis
803 3774 1035 3828 virtute.
1090 3778 1240 3828 Sunt
1285 3774 1440 3828 enim
1493 3775 1719 3830 cicures
1770 3775 2037 3846 virtutes,

387 3878 628 3918 accessu
660 3862 1265 3934 faciles,suppeditant
1286 3863 1459 3932 bona,
1488 3865 1667 3919 vitam
1683 3864 2035 3935 largiuntur.

387 3956 503 4006 Aut
529 3967 796 4006 sermone
818 3968 1119 4018 converso,
1151 3953 1219 4007 ad
1247 3952 2034 4024 populumitaconvertitur:

387 4040 476 4096 Illi
509 4041 580 4096 de
610 4041 773 4096 vobis
802 4040 946 4096 talia
975 4041 1257 4113 suspicati
1289 4047 1447 4110 sunt,
1478 4043 1780 4098 vobiscum
1802 4043 1856 4097 in
1891 4042 2036 4115 legis

382 4129 590 4186 itinere
637 4137 975 4186 recusantes
1024 4132 1324 4203 conjungi.
1376 4132 1492 4186 Vos
1542 4136 1735 4187 autem
1787 4131 2034 4188 insidias

378 4221 544 4293 vobis
569 4239 602 4277 a
623 4222 896 4294 gentibus
920 4225 1152 4293 paratas
1177 4237 1246 4276 ne
1269 4221 1612 4277 timueritis:
1639 4223 1756 4276 imo
1785 4221 2034 4279 Domino

378 4310 439 4366 in
464 4312 661 4367 animo
689 4317 1009 4382 versantes,
1043 4312 1368 4379 signiﬁcate
1399 4313 1616 4384 ipsum,
1651 4316 1717 4368 Et
1766 4314 1882 4384 ipse
1925 4315 2037 4368 erit

379 4409 505 4456 tuus
535 4403 718 4456 timor.
756 4402 871 4456 Hoc
895 4402 1145 4457 maxime
1171 4402 1242 4457 ad
1268 4399 1680 4473 perfectionem
1707 4401 1864 4469 facit,
1890 4403 2034 4458 scite

450 4509 496 4580 f9
528 4507 679 4564 Psal.
713 4525 828 4577 xvx,
863 4510 914 4563 4.
1009 4509 1052 4543 ⁵ο
1083 4507 1286 4564 Matth.
1321 4524 1377 4578 v,
1412 4509 1502 4564 39.
1622 4509 1667 4545 “
1705 4509 1839 4563 Luc.
1873 4524 1952 4580 VI,
1985 4509 2076 4563 30-

376 4580 422 4615 σε
453 4579 596 4635 ibid.
628 4581 684 4650 5,
715 4582 769 4634 6.
847 4581 892 4615 ιο
923 4580 1074 4636 Psal.
1109 4598 1270 4650 cxxv,
1304 4580 1358 4634 6.
1437 4581 1480 4615 ιτ
1511 4580 1655 4635 ibid.

2156 3323 2322 3400 λέγει,
2374 3326 2462 3393 Μὴ
2494 3319 2752 3403 φοϐεῖσθε
2799 3329 2910 3396 (63(
2942 3326 3033 3381 τὸν
3067 3322 3259 3404 φόϐον,
3314 3329 3375 3384 ὃν
3405 3334 3496 3386 νῦν
3542 3331 3803 3389 ἀπαιδεύ-

2151 3436 2260 3476 τως
2313 3409 2628 3492 φοϐοῦνται,
2683 3417 2759 3488 μὴ
2816 3413 3147 3479 ἰπιδιδόντες
3209 3416 3434 3484 ἑαυτοὺς
3478 3425 3546 3495 τῇ
3578 3421 3804 3494 ἀσκήσει

2148 3523 2258 3592 των
2313 3502 2639 3592 βελτιόνῶνί
2677 3504 2871 3559 ὡσανεὶ
2920 3501 3089 3592 ἔλεγε⁶
3139 3507 3230 3574 Μὴ
3264 3503 3436 3584 φοϐοῦ
3465 3513 3565 3578 τὴν
3598 3533 3800 3592 σοφρο-

2151 3591 2335 3662 σύνην’
2388 3593 2480 3662 Mi}
2535 3587 2709 3670 φοϐοῦ
2753 3595 2854 3662 τὴν
2903 3591 3140 3669 ἀνδρίαν·
3198 3597 3272 3667 μή
3325 3593 3498 3674 φοϐοῦ
3527 3601 3627 3669 τὴν
3662 3587 3800 3657 έῦσέ-

2150 3676 2298 3736 ϐειαν
2341 3684 2476 3752 (64)·
2533 3679 2804 3755 μηδεμίαν
2851 3683 2958 3737 τῶν
3009 3683 3212 3756 ἀρετῶν
3264 3681 3513 3763 φοϐηθῇς
3565 3691 3797 3766 ⁸Ἠμεροι

2151 3771 2304 3841 εἰσιν,
2359 3770 2692 3846 εὖπρόσιτοι,
2743 3771 2958 3846 ἀγαθῶν
3012 3773 3349 3848 παρεκτικοὶ,
3411 3781 3556 3846 ζωῆς
3611 3780 3806 3853 πρόξεο

2147 3882 2252 3916 νοι.
2288 3862 2355 3918 ’Ἡ
2410 3863 2778 3936 μεταστρέψας
2824 3861 2916 3916 τὸν
2961 3860 3149 3937 λόγον,
3198 3863 3335 3939 πρὸς
3363 3865 3454 3918 τὸν
3487 3864 3615 3922 λαὸν
3669 3869 3806 3923 ἀπο-

2147 3949 2395 4005 τείνεται·
2449 3946 2531 4004 ὅτι
2585 3948 2780 4005 έκεῖνοι
2831 3949 2926 4022 μὶν
2970 3955 3137 4006 ταῦτα
3186 3951 3309 4027 περὶ
3365 3953 3515 4026 ὑμῶν
3569 3956 3805 4028 ὑπειλή-

2150 4062 2298 4118 φασι,
2327 4041 2426 4108 τὴν
2475 4040 2611 4114 πρὸς
2667 4040 2803 4112 ὑμᾶς
2851 4035 3041 4094 ἕνωσιν
3097 4038 3186 4096 διὸ.
3214 4048 3314 4110 τῆς
3345 4048 3441 4097 τοῦ
3487 4044 3660 4118 νόμου
3708 4069 3806 4102 πο.

2151 4128 2295 4202 ρείας
2360 4129 2434 4201 μὴ
2493 4125 2945 4212 καταδεχόμενοι.
3007 4129 3188 4201 Ὑμεῖς
3249 4128 3305 4185 δὲ
3366 4133 3442 4204 μὴ
3520 4130 3806 4212 φοϐηθῆτε

2148 4219 2244 4279 τὰς
2289 4217 2408 4280 καθ’
2454 4216 2606 4288 ὑμῶν
2657 4211 2955 4276 ἐπιϐουλὰς
3001 4220 3108 4270 τῶν
3151 4216 3340 4285 ἐθνῶν,
3391 4211 3806 4293 ἀλλὰγνοήσαν-

2149 4328 2234 4368 τες
2292 4306 2384 4360 τὸν
2445 4305 2669 4377 Κύριον,
2713 4306 2966 4381 ἀγὶάσατε
3031 4303 3213 4379 αὐτὸν,
3264 4307 3369 4363 Καὶ
3436 4310 3600 4375 αὐτὸς
3655 4308 3805 4368 ἔσται

2151 4417 2246 4451 σου
2279 4390 2470 4474 φόϐος.
2522 4393 2784 4472 Μέγιστον
2851 4393 2926 4457 εἷς
2999 4393 3300 4470 τελείωσιν,
3357 4397 3804 4475 πεπαιδευμένως

2171 4506 2216 4541 ⁸³
2249 4505 2456 4562 Matth.
2483 4523 2536 4577 ν,
2573 4505 2662 4560 40.
2769 4503 2813 4541 ⁸⁸
2845 4505 2984 4560 Luc.
3017 4521 3095 4575 v1,
3122 4505 3213 4562 28.
3329 4508 3377 4543 “
3406 4510 3609 4566 Matth.
3649 4527 3704 4576 ν,
3741 4513 3812 4567 44

592 4686 1117 4770 Antiquiquatupr
1149 4686 1316 4770 libri...
1342 4683 1464 4770 βςου
1502 4688 1601 4758 μή.
1633 4687 1813 4742 Abest
1845 4687 1918 4759 μή
1963 4687 2034 4743 ab

2167 4677 2717 4770 n§5.,.<p66;ovﬁa‘61t"0v
2753 4679 2820 4770 qi},
2850 4682 3132 4770 3171.,Beg.
3179 4683 3431 4770 primus,
3491 4679 3659 4763 φόϐον
3709 4685 3810 4742 αὖ-

376 4758 550 4816 editis
581 4759 737 4815 etab
766 4759 894 4814 aliis
929 4761 1160 4815 duobus
1192 4758 1516 4814 codicibus.

447 4832 558 4903 (58)
590 4834 650 4888 In
685 4832 1045 4904 quibusdam
1081 4849 1233 4904 mss.
1267 4826 1799 4904 legitur._2x)cqpa‘zc
1833 4825 1909 4886 δέ.

447 4899 560 4974 (59)
588 4899 828 4960 Veteres
852 4903 1079 4975 aliquot
1107 4899 1743 4975 1ἱὺςὶ,έπαποδύσασθαἰ.

446 4971 558 5047 (60)
600 4976 854 5047 Uterque
911 4971 1098 5040 οδω,
1162 4971 1428 5047 αἴροντες,
1488 4975 1740 5047 tollentes
1796 4977 2030 5047 semina.

446 4994 558 5047 (υυ)
605 4994 736 5032 Uter
787 4994 854 5032 ue
911 4994 1098 5040 u010.,
1162 4994 1428 5047 αιροντῑς,
1488 4994 1740 5031 touentes
1796 4994 2030 5029 semina.

375 5045 539 5120 Haud
574 4994 774 5120 praeui
835 5064 935 5104 sex
963 5065 1165 5120 _mss_.,_
1208 5046 1354 5102 σόη...
1407 5045 1750 5120 ἰγγινόμεναι
1793 5044 2030 5118 θλίψεις.

376 5119 552 5194 Editi,
722 5118 1042 5194 ἰγγινομένη
1077 5115 1280 5194 Θλίψις.

449 5190 561 5260 (61)
595 5185 678 5248 Ita
710 5185 811 5249 sei
841 5185 985 5248 mss.
1019 5185 1089 5248 At
1118 5185 1282 5260 editi,
1310 5185 1530 5260 εἷ’πωσι.
1561 5194 1675 5245 Nec
1707 5190 1787 5245 ita
1841 5189 2028 5245 multo

375 5257 506 5331 poet
539 5263 672 5334 Reg.
707 5265 935 5327 tertius,
999 5261 1224 5334 ἐξετάσω
1268 5257 1365 5314 ὀῦν
1414 5259 1566 5334 τούς.
1615 5262 1727 5316 Alii
1786 5264 2028 5334 quidam

373 5330 543 5425 ins’sq
594 5330 834 5404 ἐξέτασον
897 5335 987 5391 οὖν
1035 5330 1194 5396 τούς.
1255 5334 1429 5401 Editi,
1493 5330 1732 5403 ἐξέτασον
1791 5330 1881 5387 οὖν
1935 5337 2026 5388 νῦν

371 5425 524 5465 τους.

442 5479 553 5547 (62)
582 5478 754 5542 Editi,
784 5479 870 5551 _10
912 5478 1178 5550 αὐστηρὸν
1230 5479 1326 5530 τοῦ
1373 5476 1746 5551 κηρύγματος.
1802 5479 1910 5532 Sed
1962 5475 2029 5531 il-

369 5547 624 5625 Ιιιόητοῦ
655 5549 1034 5625 κηρύγματος,
1069 5547 1100 5607 a
1134 5552 1350 5606 nostris
1383 5547 1890 5625 sex_niss._abest;
1926 5566 2031 5606 nec

369 5621 618 5696 exprimi
650 5621 891 5682 neCesSe
926 5625 1054 5696 fuit,
1087 5641 1220 5679 cum
1255 5623 1749 5696 orationisseries
1805 5624 2028 5678 subau-

368 5694 651 5754 diendum
683 5713 815 5756 esse
849 5694 1047 5770 aperte
1073 5697 1363 5754 ostendat.
1391 5695 1560 5753 Haud
1582 5695 1755 5770 longe
1777 5701 2032 5769 quatuor

2147 4761 2245 4813 106
2278 4749 2339 4810 οὐ
2499 4757 2681 4832 _Editi_,
2716 4749 2884 4832 φόϐον
2916 4749 3214 4832 αὐτοῦῖμῆ.

2219 4827 2512 4904 (63ὶΑΕι1ἰιί
2547 4827 2748 4904 e_t_duo
2778 4827 3478 4904 _m_ss.._<poticiseui.__Alii
3529 4835 3804 4902 quatuor,

2151 4893 2232 4974 μὴ’
2261 4895 2533 4978 φοϐεῖσθε.
2569 4899 2899 4978 ΜοΧ-ρᾱίίὶ,
2922 4893 3114 4953 τοῦτον
3142 4899 3229 4954 τὸν
3265 4893 3455 4975 φόϐον.
3491 4893 3628 4972 vdx,
3675 4893 3803 4958 τοῦξ

2144 4971 2346 5039 τον,’ἱη
2385 4991 2527 5028 mss.
2562 4990 2674 5027 non
2709 4971 3025 5028 invenitur.

2217 5048 2331 5119 (64)
2356 5046 2609 5122 Uterque
2638 5045 2891 5122 Colb.__et
2939 5045 3079 5122 Reg:
3132 5046 3451 5122 secundus,
3499 5048 3598 5116 τὴν
3651 5045 3808 5122 εὐγέ-

2143 5116 2409 5185 νειαν,ἠε
2438 5116 2634 5192 timeas
2663 5117 3029 5184 nobilitatem,
3063 5116 3289 5192 inepte.
3314 5116 3625 5191 Aliquanto
3675 5116 3810 5192 post

2145 5208 2242 5266 se};
2275 5208 2443 5266 [10383,
2489 5188 2702 5266 ἀγαθῶν
2754 5185 3094 5266 παρεκτικαί.
3144 5185 3296 5266 Editi
3343 5185 3506 5266 vero,
3544 5185 3810 5266 παρεκτι-

2143 5261 2250 5318 κοί.
2280 5261 2546 5319 Verbum
2578 5261 2972 5327 ἀποτείνεσθαι,
3005 5262 3161 5335 quod
3189 5279 3320 5318 mox
3344 5261 3632 5335 sequitur,
3685 5267 3808 5323 fere

2142 5336 2379 5410 quidem
2412 5336 2671 5410 sumitur
2695 5353 2804 5410 pro
2818 5334 3077 5410 ‘eoquod
3103 5339 3210 5399 est,
3236 5334 3760 5410 invehiinaliquem
3782 5357 3806 5395 .'

2143 5405 2241 5482 sed
2278 5407 2369 5482 hic
2399 5408 2630 5463 videtur
2661 5405 3008 5478 simpliciter
3039 5408 3313 5482 usurpari
3344 5427 3445 5481 pro
3463 5427 3530 5467 eo
3562 5405 3716 5482 quod
3746 5417 3807 5467 et

2142 5480 2370 5551 alloqui,
2402 5489 2710 5552 convertere
2757 5492 3066 5552 sermonem
3115 5481 3184 5535 ad
3232 5480 3494 5552 aliquem,
3541 5480 3676 5538 cum
3727 5500 3799 5538 ea

2144 5569 2268 5626 qua:
2299 5553 2408 5607 hoc
2440 5551 2894 5626 locoileguntur,
2931 5551 3127 5624 potius
3158 5551 3332 5610 verba
3352 5555 3468 5612 sint
3492 5555 3802 5626 alloquen-

2141 5624 2242 5696 tis,
2277 5642 2455 5699 quam
2487 5624 2874 5698 objurgantis.
