4138 6386
323 383 449 446 489

1142 378 1550 440 COMMENT.
1595 379 1673 437 ΙΝ
1717 376 1992 438 lSAIAM
2039 377 2543 441 PROPHETAM.
2589 381 2760 442 CAP.
2805 382 2968 443 VIII.

3632 384 3759 446 490

323 508 756 593 φοϐεῖσθαι,Μῖ
808 510 885 584 μὴ
932 510 1109 565 πάντα
1153 510 1572 581 καταπτήσσειν,
1618 504 1759 581 μηδὲ
1806 510 1977 585 ψοφο-

2094 526 2162 564 ao
2190 510 2374 582 perite
2412 510 2747 578 formidare,
2777 530 2970 587 neque
3000 516 3200 571 omnia
3244 519 3526 585 metuere,
3559 530 3753 589 neque

325 602 467 664 δεεῖς
523 602 684 670 εἶναι,
729 599 796 654 τὰ
853 595 985 654 ἀδεᾶ
1041 595 1352 660 δεδοικότας
1410 600 1543 671 (65).
1587 596 1984 672 Καταγινώσκει

323 694 429 769 γὰρ
459 695 572 747 τῶν
622 688 890 744 τοιούτων
952 688 980 743 6
1030 684 1273 759 ψαλμὸς,
1327 686 1519 763 λέγων·
1556 687 1703 742 Ἐκεῖ
1729 682 1979 760 φοϐηθή-

324 801 509 837 σονται
565 773 745 857 φόϐῳ,
806 777 870 832 οὗ
931 775 1031 831 ούκ
1086 776 1153 845 ἦν
1207 770 1398 853 φόϐος.
1429 774 1623 851 Κύριον
1680 773 1771 829 οὖν
1828 774 1981 848 ἁγία-

321 892 443 940 σον,
500 868 603 924 Καὶ
685 866 848 928 αὐτὸς
922 861 1071 921 ἔσται
1147 884 1242 919 σου
1318 858 1506 942 φόϐος.
1568 864 1808 919 Ἐκείνου
1880 863 1979 932 τὴν

322 957 623 1034 παρουσίαν
686 952 956 1031 ἐκδὲχου,
1007 952 1212 1008 ἐκείνου
1287 948 1460 1024 φοϐοῦ
1532 954 1596 1007 τὸ
1666 953 1978 1028 κριτήριον.

329 1043 573 1121 Φοϐερὸς
603 1047 631 1100 6
690 1042 986 1106 ἀποδιδοὺς
1047 1042 1256 1115 ἑκάστῳ
1308 1041 1443 1098 κατὰ
1496 1041 1563 1096 τὰ
1621 1036 1750 1118 ἔργα
1792 1041 1977 1096 αὐτοῦ·

333 1132 563 1213 φοϐερὸς
591 1136 617 1190 6
666 1133 717 1189 ὲν
753 1137 907 1208 φωνῇ
968 1130 1270 1208 σάλπιγγος
1328 1130 1464 1206 μετὰ
1521 1133 1634 1206 (66)
1663 1130 1829 1207 ἁγίων
1883 1131 1982 1207 ἀγ-

336 1224 510 1302 γέλων
543 1220 833 1296 ἐπιδημεῖν
883 1219 1104 1295 μέλλων
1165 1220 1216 1292 ἐξ
1265 1220 1528 1296 οὐρανῶν·
1590 1216 1822 1298 φοϐερὸς
1853 1221 1913 1275 οὗ
1943 1222 1976 1290 ἡ

327 1314 593 1391 ἀπόφασις
655 1309 882 1373 κόλασις
937 1309 1150 1367 αἶ’ωνίπι.
1212 1311 1331 1366 Ἐὰν
1413 1308 1505 1364 οὖν
1580 1307 1983 1384 ᾕςίπεποιθὼς

326 1401 414 1459 ἐπὶ
466 1403 661 1477 Κύριον
698 1446 714 1471 ,
773 1399 835 1457 ού
894 1401 1243 1470 συναντήσεις
1315 1400 1428 1472 (67)
1491 1397 1638 1470 αύτῷ
1693 1398 1767 1459 ὡς
1820 1398 1979 1462 λίθου

323 1491 742 1565 προσκόμματι,
803 1487 932 1544 ούδὶ
984 1488 1059 1550 ὡς
1117 1486 1314 1560 πᾶτρας
1371 1488 1652 1561 πτώματι.
1708 1491 1904 1565 Σαφῶς
1950 1487 1978 1540 6

322 1579 496 1656 λόγος
530 1579 606 1640 εἷς
635 1579 734 1648 τὴν
776 1580 913 1655 πρὸς
966 1577 1061 1633 τὸν
1116 1576 1315 1646 Κύριον
1355 1577 1515 1650 ἡμῶν
1565 1579 1775 1647 Ἰησοῦν
1806 1595 1976 1651 προσ-

320 1667 571 1724 καλεῖται
603 1667 807 1725 πίστιν.
856 1665 988 1740 Περὶ
1034 1664 1231 1720 τούτου
1284 1664 1386 1741 γὰρ
1439 1664 1673 1739 εἴρηται,
1720 1662 1804 1720 ὅτι
1830 1661 1976 1719 Ἰδοὺ

318 1758 519 1829 τίθημι
566 1755 621 1811 ἐν
682 1756 825 1811 Σιὼν
880 1753 1033 1810 λίθον
1116 1754 1559 1827 προσκόμματος,
1618 1754 1706 1808 καὶ
1775 1753 1972 1829 πέτραν

324 1844 654 1902 σκανδάλου.
687 1845 755 1902 Οἱ
801 1842 1027 1922 τυφχοὶ,
1072 1842 1163 1897 καὶ
1215 1843 1289 1916 μὴ
1349 1840 1639 1915 δυνάμενοι
1667 1841 1734 1896 τὰ
1762 1840 1814 1896 ἂν
1846 1843 1973 1896 ποσὶ

318 1936 579 2006 καθορᾷν,
611 1932 1007 2007 προσπταίουσι
1058 1935 1172 1993 τνῖς
1224 1929 1424 1997 λίθοις,
1457 1929 1545 1984 καὶ
1592 1931 1643 1986 οἱ
1691 1930 1767 2004 μὴ
1800 1931 1975 2009 ἠσφα-

321 2021 573 2097 λισμινυι
621 2023 715 2085 τὰς
774 2020 979 2097 βάσεις,
1028 2018 1528 2093 περιολισθαίνουσι
1567 2024 1686 2082 ταῖς
1732 2018 1973 2096 πέτραις.

321 2114 383 2170 Ἱ)
423 2112 603 2167 τοίνυν
665 2108 936 2184 μηδεμίαν
994 2107 1310 2181 ἐπιμέλειαν
1365 2113 1463 2164 τοῦ
1513 2106 1826 2181 διορατικοῦ
1875 2116 1975 2179 τῆς

320 2204 505 2278 ψυχῆς
535 2199 927 2273 ποιησάμενος,
983 2195 1126 2272 μηδὲ
1182 2194 1272 2252 διὰ
1326 2204 1425 2267 τῆς
1477 2195 1826 2261 διδασκαλίας
1863 2204 1973 2254 τῶν

319 2299 548 2373 Υραφῶν
589 2290 861 2368 γνωρίσας
911 2292 1011 2360 τὴν
1062 2293 1158 2344 τοῦ
1212 2290 1418 2361 Κυρίου
1465 2290 1784 2365 παρουσίαν,
1815 2309 1976 2365 περι-

319 2383 498 2440 πταίει
543 2386 625 2454 τῷ
672 2381 986 2456 κηρύγματι
1044 2383 1141 2433 τοῦ
1197 2376 1552 2454 Εὐαγγελίου·
1607 2378 1696 2433 καὶ
1755 2379 1783 2433 6
1838 2378 1974 2433 κατὰ

316 2475 419 2543 τὴν
466 2471 647 2528 πίστιν
709 2468 1123 2544 εύπερίτρεπτος
1182 2464 1591 2537 σκανδαλίζεται
1649 2466 1700 2521 ἐν
1752 2471 1822 2542 τῇ
1875 2466 1972 2521 πέ-

317 2583 440 2639 τρᾳ,
474 2561 597 2632 ἥτις
640 2560 783 2615 ἐστὶν
832 2560 858 2613 6
903 2556 1155 2632 Χριστός.
1187 2554 1262 2610 Σὺ
1313 2553 1391 2628 δὶ,
1423 2556 1609 2633 φησῖν,
1642 2557 1670 2610 6
1702 2555 1969 2700 λαὸῖἐᾶν

317 2654 381 2700 ἧς
409 2649 712 2700 πεποιθὼς.
765 2647 855 2700 καὶ
886 2643 1073 2700 τελεία
1128 2648 1196 2700 τῆ
1245 2643 1422 2699 πίστει
1467 2643 1786 2700 ἐοηοεισιεὲν
1829 2667 1850 2700 ς
1881 2645 1969 2700 ἐπὶ

314 2654 381 2724 ᾖς
409 2649 712 2715 πεποιθὼς,
765 2647 855 2702 καὶ
886 2643 1073 2717 τελείᾳ
1128 2648 1196 2718 τῇ
1245 2643 1422 2699 πίστει
1467 2643 1850 2721 ἐρηρεισμὲνὸς
1881 2645 1969 2700 ἐπὶ

315 2742 408 2796 τὸν
444 2740 666 2815 Κύριον·
699 2736 808 2812 οὐχ
839 2736 913 2798 ὡς
970 2733 1133 2801 λίηου
1180 2733 1571 2810 προσκόμματι
1601 2739 1681 2806 τῷ
1727 2735 1851 2809 περὶ
1882 2735 1974 2789 αὖ-

314 2835 413 2885 τοῦ
489 2824 645 2902 λόγῳ
721 2824 1063 2898 συναντήσῃ,
1138 2819 1263 2877 οὐδὲ
1335 2820 1723 2898 περισφαλήσῃ
1802 2822 1971 2897 αὐτῷ,

317 2919 391 2980 ὡς
442 2916 642 2992 πέτρας
700 2914 980 2988 πτώματι.
1059 2912 1220 2986 Τάχα
1295 2907 1353 2965 δὶ
1425 2910 1763 2987 πρόσκομμά
1829 2910 1970 2967 ἐστιν

314 3004 578 3078 Ἕλλησι,
633 3009 749 3066 τοῖς
806 3003 905 3071 τὴν
965 3000 1155 3079 σοφίαν
1218 3003 1493 3071 ζητοῦσιν,
1544 3002 1579 3070 ἡ
1644 3001 1822 3076 μωρία
1876 3005 1973 3056 τοῦ

320 3095 694 3170 κηρύγματος·
747 3090 838 3148 καὶ
885 3091 1057 3164 πέτρα
1113 3087 1224 3144 ἐστὶ
1304 3086 1611 3145 σκανδάλαυ
1665 3094 1783 3154 τοῖς
1841 3091 1973 3147 Ἰου-

328 3180 664 3252 δαίοις,τοῖς
712 3181 785 3237 τὰ
834 3185 1037 3255 σημεῖα
1084 3178 1316 3234 αἰτοῦσι.
1366 3179 1464 3233 Διὰ
1516 3182 1678 3234 τοῦτο
1737 3176 1973 3255 ἔλεγενὸ

2094 599 2164 654 ad
2215 616 2452 656 omnem
2509 603 2820 674 strepitum
2881 606 3268 673 consternari,
3312 622 3428 662 non
3487 605 3756 663 timenda

2092 687 2389 744 timentes.
2413 690 2577 747 Tales
2619 692 2775 748 enim
2818 693 3060 749 damnat
3089 694 3358 766 psalmus
3407 693 3502 749 his
3530 693 3747 764 verbis,

2092 777 2215 833 Illic
2242 780 2597 847 trepidabunt
2624 782 2821 837 timore
2849 784 2944 838 ubi
2972 799 3080 839 non
3112 792 3232 839 erat
3261 786 3434 840 timor
3455 784 3519 839 ⁸⁷.
3544 783 3747 839 1)οωὶ-

2092 883 2234 921 num
2258 867 2442 939 igitur
2461 870 2787 940 sanctiﬁca,
2811 871 2877 926 Et
2896 873 3010 943 ipse
3028 875 3135 929 erit
3154 877 3321 929 timor
3337 878 3482 929 tuus.
3508 874 3748 929 Presto-

2092 956 2212 1010 lare
2238 956 2399 1012 illius
2430 958 2768 1026 adventum,
2792 959 2955 1017 illius
2978 962 3535 1033 formidajudicium
3565 963 3744 1021 540.

2093 1045 2397 1101 Terribilis
2444 1050 2533 1102 est
2576 1047 2671 1115 qui
2707 1047 3025 1120 unicuique
3082 1052 3286 1106 reddet
3337 1053 3511 1121 juxta
3566 1068 3746 1124 opera

2089 1133 2279 1204 ipsius
2301 1134 2375 1202 '9;
2409 1137 2760 1192 metuendus
2793 1135 2909 1202 ille,
2934 1139 3032 1208 qui
3054 1138 3114 1194 in
3139 1141 3447 1195 vooetubse
3479 1156 3611 1196 eum
3645 1156 3746 1196 an-

2090 1221 2237 1294 gelis
2259 1223 2478 1279 sanctis
2501 1240 2531 1279 e
2553 1223 2715 1280 caelis
2744 1230 3027 1282 venturus
3058 1233 3148 1282 est
3168 1228 3241 1296 5°;
3262 1229 3606 1285 tremendus
3622 1227 3745 1298 ille,

2089 1312 2564 1383 cujusjudicium‘
2594 1313 2951 1386 supplicium
2974 1320 3256 1371 aeternum
3281 1322 3371 1373 est
3391 1319 3459 1371 ⁸1.
3479 1319 3544 1373 Si
3572 1319 3749 1388 igitur

2088 1402 2330 1471 conﬁdas
2375 1403 2437 1457 in
2465 1402 2714 1471 Domino,
2747 1419 2859 1459 non
2906 1404 2984 1460 ad
3025 1421 3150 1460 eum
3200 1408 3362 1476 quasi
3408 1406 3486 1462 ad
3538 1406 3748 1478 lapidis

2089 1486 2449 1563 offensionem
2479 1492 2719 1563 accedes,
2752 1509 2926 1565 neque
2973 1496 3131 1566 quasi
3176 1495 3254 1550 ad
3294 1503 3462 1566 petrae
3491 1497 3740 1552 ruinam.

2087 1577 2393 1635 Sententia
2423 1580 2544 1636 haec
2577 1581 2884 1653 perspicue
2905 1583 3254 1639 adhortatur
3283 1585 3355 1639 ad
3387 1583 3746 1656 amplecten-

2087 1668 2220 1723 dam
2241 1668 2412 1723 ﬁdem
2438 1669 2494 1723 in
2521 1671 2830 1727 Dominum
2854 1676 3119 1727 nostrum
3143 1672 3371 1729 Jesum.
3391 1671 3472 1728 De
3492 1687 3560 1728 eo
3581 1673 3742 1728 enim

2085 1756 2307 1811 dictum
2343 1762 2434 1812 est
2459 1774 2471 1812 :
2500 1758 2629 1815 Ecce
2673 1775 2820 1830 pono
2851 1763 2913 1815 in
2940 1760 3073 1815 Sion
3118 1760 3361 1832 lapidem
3390 1761 3741 1833 offensionis,

2082 1853 2137 1900 et
2161 1855 2376 1915 petram
2407 1847 2664 1902 scaudati
2686 1848 2754 1902 ⁸⁵⁸.
2779 1848 2885 1914 Qui
2911 1849 3045 1904 caeci
3076 1852 3234 1914 sunt,
3264 1854 3322 1905 et
3351 1866 3421 1906 ea
3450 1866 3578 1922 quea
3607 1857 3743 1906 ante

2085 1935 2262 2006 pedes
2288 1943 2425 1991 sunt
2449 1938 2658 2008 posita,
2682 1936 2876 1992 videre
2898 1954 3013 1993 non
3038 1941 3309 2011 possunt,
3333 1939 3639 1995 offendunt
3666 1939 3739 1994 ad

2086 2025 2339 2096 lapides;
2372 2030 2430 2080 et
2460 2024 2791 2097 ii,quorum
2823 2026 3037 2098 plantis
3059 2044 3173 2083 non
3198 2031 3338 2084 sunt
3358 2027 3647 2094 solidatas,
3678 2029 3740 2084 in

2084 2117 2281 2185 petras
2320 2113 2689 2171 incurrentes
2734 2115 3144 2188 prolabuntur.
3179 2119 3381 2188 Itaque
3410 2116 3513 2188 qui
3555 2116 3739 2172 animi

2082 2200 2202 2254 vim
2245 2201 2480 2256 videndi
2511 2202 2752 2258 omnino
2785 2202 3059 2274 neglexit,
3083 2220 3188 2259 nec
3218 2204 3449 2260 Domini
3503 2204 3744 2277 agnovit

2084 2289 2399 2345 adventum
2423 2306 2526 2362 per
2544 2291 2978 2363 Scripturarum
3001 2292 3307 2349 scientiam
3321 2337 3334 2360 ,
3354 2294 3424 2349 ad
3443 2292 3742 2365 Evangelii

2085 2378 2559 2451 praedicationem
2607 2381 2878 2449 offendit;
2913 2381 3014 2436 sed
3064 2386 3121 2437 et
3151 2382 3253 2453 qui
3303 2382 3363 2437 in
3410 2382 3527 2438 ﬁde
3572 2381 3743 2438 facile

2083 2468 2342 2523 subverti
2374 2473 2590 2541 potest,
2620 2468 2680 2524 in
2714 2473 2898 2541 petra,
2923 2486 3053 2542 quas
3074 2476 3164 2527 est
3192 2471 3463 2526 Christus
3477 2471 3542 2543 ⁸⁸,
3567 2487 3741 2528 scan-

2082 2555 2283 2612 dalum
2317 2558 2558 2628 patitur.
2581 2559 2667 2613 Tu
2696 2563 2916 2627 autem,
2938 2559 3154 2632 inquit,
3181 2560 3416 2632 populo,
3442 2560 3490 2615 sl
3521 2560 3742 2617 habeas

2082 2645 2383 2716 ﬁduciam,
2436 2652 2612 2719 atque
2662 2663 2764 2719 per
2811 2648 2985 2703 ﬁdem
3044 2648 3336 2720 integram
3394 2648 3648 2705 innitare
3678 2649 3740 2705 in

2081 2734 2360 2803 Domino;
2394 2735 2597 2792 habito
2626 2737 2698 2791 de
2727 2753 2794 2792 eo
2832 2737 3089 2793 sermoni
3140 2754 3254 2792 non
3303 2736 3475 2808 quasi
3523 2737 3741 2808 lapidis

2082 2823 2391 2878 offensioni
2419 2840 2719 2893 occurres;
2751 2841 2943 2897 neque
2964 2825 3023 2880 in
3046 2825 3242 2897 ipsum
3263 2824 3446 2881 veluti
3477 2825 3536 2880 in
3561 2830 3740 2898 petra:

2082 2912 2315 2968 ruinam
2370 2912 2686 2985 impingas.
2738 2918 3005 2969 Fortasse
3050 2919 3246 2969 autem
3298 2914 3737 2987 pradicationis

2083 3001 2335 3056 stultitia
2374 3003 2650 3074 gentibus
2701 3002 3054 3075 sapientiam
3087 3003 3483 3075 querentibus
3532 3007 3623 3059 est
3652 3003 3737 3060 of-

2084 3089 2478 3159 fendiculum;
2511 3091 2733 3147 Judieis
2770 3107 2904 3148 vero
2950 3092 3121 3163 signa
3147 3092 3545 3163 quaerentibus
3573 3096 3741 3165 petra

2082 3182 2172 3234 est
2200 3179 2483 3235 scandali.
2517 3180 2657 3235 Eam
2700 3180 2774 3235 ob
2812 3196 3052 3235 causam
3083 3179 3302 3236 Paulus
3329 3180 3562 3236 dicebat
3591 3196 3739 3251 prie-

330 3269 550 3334 Ηαῦλος
576 3270 639 3325 τὸ
682 3271 936 3345 κήρυγμα
985 3268 1117 3324 εἶναι
1179 3265 1460 3329 Ἰουδαίοις
1512 3266 1606 3340 μὲν
1650 3264 1971 3339 σκάνδαλον,

2090 3268 2443 3323 dicationem
2473 3268 2691 3323 Iudaeis
2722 3268 2957 3339 quidem
2989 3286 3119 3324 esse
3149 3268 3520 3338 scandalum,
3548 3269 3745 3342 genti-

324 3356 497 3425 ἕθνεσι
548 3358 606 3415 δὲ
664 3358 896 3435 μωρίαν.
952 3362 1075 3420 Τοῖς
1134 3354 1191 3412 δὶ
1244 3354 1564 3411 πεποιθόσιν
1615 3354 1701 3410 ἐπὶ
1731 3356 1824 3412 τὸν
1864 3355 1974 3412 Κύ-

321 3469 463 3524 ριον,
514 3446 604 3503 καὶ
663 3449 741 3520 μὴ
791 3443 1091 3520 ἀποδείξεσι
1146 3445 1393 3524 λογικαῖς
1454 3439 1836 3501 ὑποϐάλλουσι
1878 3450 1974 3501 τοῦ

317 3537 674 3615 κηρύγματος
721 3537 824 3606 τὴν
881 3533 1188 3608 ἁπλότητα,
1253 3536 1392 3608 μήτε
1450 3531 1541 3589 διὰ
1585 3535 1830 3608 σημείων
1882 3533 1970 3591 ἐκ·

316 3627 632 3704 πειράζουσι
688 3626 789 3695 τὴν
848 3624 1135 3697 ἀλήθειαν,
1186 3622 1414 3702 Χριστός
1461 3621 1571 3679 ἔστι
1629 3627 1764 3689 Θεοῦ
1810 3620 1969 3681 δύνα-

323 3737 438 3790 μις,
470 3715 559 3772 καὶ
592 3718 727 3770 Θεοῦ
758 3712 943 3792 σοφία.

384 3807 511 3861 215.
612 3802 745 3858 Τότε
819 3799 1041 3881 φανεροὶ
1116 3798 1331 3856 ἔσονται
1408 3800 1461 3855 o't
1543 3799 1970 3877 σφραγιζόμενοι

311 3894 402 3949 τὸν
452 3894 643 3967 νόμον,
700 3895 797 3947 τοῦ
859 3892 936 3966 μὴ
1014 3895 1203 3965 μαθεῖν
1262 3890 1398 3963 (68).
1452 3888 1557 3946 Καὶ
1605 3887 1746 3965 ἐρεῖ.
1808 3890 1970 3947 Μενῶ

315 3983 411 4038 τὸν
491 3982 623 4038 Θεὸν
699 3980 794 4037 τὸν
851 3978 1266 4055 ἀποστρέψαντα
1315 3978 1379 4033 τὸ
1436 3978 1729 4054 πρόσωπον
1806 3978 1972 4034 αὐτοῦ

312 4071 418 4130 ἀπὸ
470 4075 569 4128 τοῦ
629 4066 785 4126 οἷ’κου
844 4063 1063 4137 Ἰακὼϐ,
1122 4068 1213 4123 καὶ
1288 4069 1569 4130 πεποιθὼς
1638 4063 1829 4141 ἔσομαι
1888 4066 1972 4122 tn’

311 4161 480 4235 αὐτῷ.
515 4158 639 4218 Ἐπὶ
692 4159 806 4234 (69)
847 4161 949 4223 τῆς
1007 4154 1336 4221 ἀκολουθίας
1391 4160 1499 4210 τῶν
1558 4154 1907 4231 προαγόντων
1943 4156 1970 4210 6

313 4248 480 4325 λόγος
526 4246 785 4325 ἤρτηται.
839 4243 982 4304 Ἰδοὺ
1038 4248 1075 4317 ἡ
1134 4245 1401 4320 παρθένος
1461 4244 1514 4300 ἰν
1572 4244 1765 4321 γαστρὶ
1799 4242 1970 4320 λήψε-

309 4360 421 4409 ται,
478 4338 570 4394 καὶ
649 4336 855 4408 τέξεται
930 4335 1070 4405 υἱὸν,
1138 4335 1229 4390 καὶ
1301 4333 1591 4391 καλὲσουσι
1661 4334 1725 4389 τὸ
1802 4330 1973 4407 ὄνομα

312 4428 478 4483 αὐτοῦ
574 4423 960 4500 Ἐμμανουήλ,
1056 4425 1085 4479 6'
1186 4421 1297 4478 ἐστι
1406 4422 1970 4499 μεθερμηνευόμενον,

313 4519 444 4573 Μεθ’
474 4519 636 4588 ἡμῶν
687 4515 896 4577 ὁθεός.
959 4512 1068 4569 Καὶ
1119 4510 1284 4567 πάλιν
1349 4507 1557 4573 ὑποϐάς
1616 4510 1783 4588 λέγει·
1837 4513 1970 4577 Μεθ’

383 4618 428 4654 ⁸⁸
459 4616 614 4675 Psal.
645 4632 769 4687 xm,
800 4616 857 4671 5.
916 4614 978 4687 ,⁸³
1008 4612 1214 4671 Matth.
1247 4629 1364 4683 xvr,
1394 4612 1487 4687 27.

313 4707 373 4758 ι,
403 4690 458 4745 li.
534 4689 582 4725 “
614 4689 637 4745 Ι
666 4684 795 4744 Cor.
830 4704 869 4757 ι,
900 4686 992 4742 23.
1067 4687 1114 4721 ⁸³
1142 4687 1257 4742 lea.
1289 4701 1390 4749 vn,
1426 4685 1522 4752 14;
1555 4684 1760 4759 Matth.
1794 4701 1835 4753 1,
1864 4686 1956 4741 23.

2087 3356 2199 3412 bus
2231 3373 2365 3413 vero
2399 3357 2714 3412 stultitiam
2737 3358 2803 3413 δι.
2828 3358 2938 3413 Sed
2970 3358 3070 3429 qui
3113 3358 3417 3415 confidunt
3444 3359 3505 3414 in
3536 3358 3742 3415 Domi-

2088 3462 2185 3515 no,
2218 3462 2323 3501 nec
2350 3445 2559 3519 logicis
2590 3445 3197 3503 demonstrationibus
3226 3446 3557 3519 subjiciunt
3589 3464 3742 3520 prai-

2080 3534 2392 3593 dicationis
2423 3534 2888 3607 simplicitatem,
2922 3551 3115 3607 neque
3161 3552 3266 3608 per
3295 3537 3465 3608 signa
3495 3536 3740 3608 capiunt

2077 3623 2863 3696 veritatisexperimentum,
2894 3624 2966 3680 iis
2996 3624 3270 3681 Christus
3297 3630 3389 3682 est
3416 3625 3521 3682 Dei
3549 3624 3739 3682 virtus

2078 3717 2137 3769 et
2166 3712 2264 3768 Dei
2296 3712 2605 3786 sapientia.

2150 3801 2275 3857 215.
2308 3801 2485 3858 Vens.
2523 3802 2609 3870 16,
2643 3802 2731 3858 17.
2767 3802 2896 3857 Tum
2936 3804 3221 3873 manifesti
3261 3812 3424 3860 erunt
3452 3806 3551 3876 qui
3587 3805 3735 3862 obsi-

2077 3892 2308 3962 signant
2340 3891 2530 3963 legem,
2553 3907 2625 3947 ne
2652 3891 2880 3947 discant.
2902 3893 2967 3947 Et
2999 3891 3140 3948 dicet
3164 3910 3183 3946 :
3203 3892 3540 3965 Exspectabo
3560 3894 3738 3950 Deum

2078 3981 2175 4051 qui
2192 3982 2395 4036 avertit
2408 3981 2609 4050 faciem
2624 3997 2782 4037 suam
2798 3998 2834 4035 a
2849 3980 3005 4037 domo
3015 3980 3202 4052 Iacob,
3216 3988 3271 4037 et
3286 3983 3562 4053 conﬁdam
3579 3985 3640 4039 in
3652 4000 3735 4040 eo.

2080 4068 2284 4125 Sermo
2314 4084 2384 4125 ex
2418 4068 2568 4126 serie
2598 4086 2802 4126 eorum
2851 4086 2977 4141 quas
3028 4085 3377 4141 praecessere
3425 4071 3736 4144 dependet.

2079 4159 2230 4225 Ecce,
2261 4160 2422 4229 virgo
2453 4159 2514 4214 in
2542 4162 2699 4215 utero
2726 4160 3013 4230 concipiet,
3043 4162 3099 4214 et
3123 4160 3303 4230 pariet
3331 4161 3537 4230 ﬁlium,
3568 4165 3622 4216 et
3648 4177 3740 4216 vo-

2077 4247 2278 4302 cabunt
2327 4262 2525 4303 nomen
2555 4248 2677 4317 eius
2705 4248 3061 4315 bmmanuel,
3094 4246 3237 4320 quod
3283 4252 3360 4302 est
3412 4249 3746 4320 interpreta~

2080 4344 2273 4406 tatam,
2305 4335 2597 4391 Nobiscum
2624 4337 2765 4392 Deus
2784 4336 2848 4391 ⁸⁸.
2877 4340 2943 4390 Et
2973 4335 3128 4391 infra
3159 4351 3367 4390 rursus
3397 4336 3482 4392 ait
3507 4352 3520 4392 :
3554 4337 3746 4394 Nobis-

2080 4441 2205 4480 cum
2235 4425 2377 4479 Deus
2406 4442 2424 4478 :
2457 4426 2790 4495 cognoscite,
2836 4433 3045 4496 gentes,
3077 4429 3128 4481 et
3174 4426 3492 4482 vincimini.
3526 4426 3748 4483 Deinde

2085 4513 2412 4570 orationem
2445 4514 2516 4568 ad
2549 4528 2649 4568 eos
2695 4514 3005 4580 convertit,
3036 4513 3136 4585 qui
3186 4513 3377 4585 legem
3405 4515 3477 4571 ab
3510 4516 3754 4583 Emma_

1584 4613 1630 4686 °_°
1660 4612 1871 4686 Matth.
1904 4630 1977 4670 xx

2090 4614 2179 4671 31.
2271 4613 2314 4649 ⁶¹
2350 4612 2559 4669 Matth.
2592 4629 2728 4683 xxv,
2759 4612 2850 4668 46.
2939 4613 2986 4649 ⁸³
3019 4612 3185 4670 Rom.
3217 4630 3297 4683 ιι,
3329 4614 3419 4671 33.
3497 4614 3544 4653 ⁵³
3572 4616 3596 4673 1
3624 4619 3754 4674 Cor.

388 4792 501 4867 (65)
533 4774 795 4867 Antiqui
823 4792 944 4867 tres
1202 4781 1334 4840 ἀδεᾶ
1386 4780 1714 4844 δεδοικότες.
1738 4785 1859 4867 Nec
1907 4787 1987 4840 ita
2017 4789 2064 4855 Ι)
2094 4787 2208 4867 sive
2239 4802 2369 4867 non
2390 4783 2747 4867 negaverim,
2772 4786 2867 4854 qui
2881 4786 3216 4867 signantur,
3239 4791 3341 4867 aut
3370 4789 3470 4859 qui
3491 4788 3759 4867 signant:

328 4855 518 4940 multo
572 4855 711 4933 post
761 4860 940 4916 iidem
997 4858 1085 4915 illi
1150 4864 1270 4916 tres
1337 4874 1505 4925 mss.,
1574 4856 1988 4933 φοοηθήσονται
2100 4858 2225 4940 sed,
2258 4857 2381 4940 nisi.
2411 4855 2579 4912 valde
2636 4855 2826 4940 fallor,
2880 4855 2962 4940 ita
3012 4855 3760 4940 disponuntur__pr0phetss

375 4934 528 4989 όοον.

335 4954 708 5079 Ψίὲἓῖξὶρἰἱ,
744 5000 878 5074 μετᾶ
900 5001 1031 5079 τῷν.
1065 5001 1269 5079 Atsex
1298 5015 1469 5079 11:188.,
1506 4995 1659 5079 μετά.

388 5068 504 5148 (67)
536 5068 791 5148 Yeteres
810 5077 1068 5145 quatuor
1098 5071 1256 5148 libri,
1288 5068 1351 5124 ού
1383 5068 1741 5148 συναντήσῃς.

545 5137 854 5221 Illa,'T§1:'s
893 5141 1129 5221 φανεροὶ
1188 5137 1506 5221 ἔσονται·οἱ
1561 5137 1991 5221 σφραγιζόμενοι

328 5213 419 5274 τον
459 5213 660 5290 νόμον,
689 5213 788 5271 τοῦ
840 5213 1257 5290 μὴ’μαθεῖνιὶα
1308 5214 1566 5290 editione
1613 5213 1879 5290 Romana
1907 5215 1994 5290 sic

325 5286 642 5349 vertuntur
672 5306 686 5344 :
723 5286 868 5345 Tunc
894 5286 1186 5360 manifesti
1215 5288 1400 5360 erunt,
1432 5286 1534 5360 qui
1575 5287 1997 5360 signantur,ut

323 5330 686 5419 magis;
710 5330 1400 5432 ιὶέἔῶξἨ⁷ἐιῖ¹εἶῖίῖξῇἫέἑὲ⁷
1421 5330 1997 5432 ἔέτῖδᾶξῗυῖἲλὲὀῑῆἰίιῖἑ

322 5440 545 5493 monet.
585 5427 1007 5505 interpretatus
1037 5436 1128 5487 est
1176 5430 1584 5505 Hieronymus.
1620 5427 1744 5505 lino
1791 5429 1995 5505 etiam,

325 5508 372 5564 si
407 5506 462 5563 ei
492 5500 769 5561 habenda
810 5510 901 5559 est
948 5504 1119 5570 ﬁdes,
1143 5500 1467 5558 ostendunt
1512 5500 1768 5556 Basilius
1796 5508 1857 5573 et
1885 5504 1996 5573 Cy-

323 5579 497 5635 rillus
529 5578 688 5634 hunc
718 5574 886 5631 Isaias
932 5574 1133 5631 locum
1182 5573 1267 5630 ita
1294 5573 1443 5630 verti
1474 5576 1761 5645 oportere.
1788 5572 1901 5645 Sed
1930 5572 1999 5629 ea

324 5653 389 5708 iu
420 5668 483 5708 re
515 5651 638 5707 viro
669 5646 1014 5704 doctissimo
1047 5645 1324 5718 assentiri
1355 5662 1471 5703 non
1506 5644 1677 5718 queo.
1707 5644 1996 5718 Equidem

325 5737 531 5782 vocem
567 5718 993 5799 σφραγιζόμεκοι
1023 5716 1182 5775 sumi
1227 5732 1400 5790 posse
1429 5714 1731 5774 vel‘active
1751 5714 1842 5773 vel
1869 5731 1995 5788 pas-

610 5850 884 5914 Psnen.
932 5845 1048 5909 Gs.
1090 5842 1279 5908 xxx.
1358 5878 1365 5881 -

2097 4928 2298 4997 verba,
2324 4931 2389 4984 ut
2418 4943 2631 5000 sensus
2664 4927 2921 5000 patiendi
2946 4927 3187 4984 omnino
3216 4930 3443 4986 excludi
3464 4927 3757 4986 'videatur.

2098 5000 2265 5086 Diam,
2314 5004 2388 5086 ut
2439 4999 2792 5086 signiﬁcatio
2841 5000 3074 5086 passiva
3123 5002 3357 5086 admitti
3410 5004 3767 5086 posset,_qui

2100 5074 2420 5141 signantur,
2452 5072 2515 5128 ut
2542 5087 2656 5142 non
2701 5072 2925 5128 discant
2962 5075 3165 5142 legem,
3197 5072 3510 5131 Graeca—eo
3559 5072 3766 5132 ordine

2101 5136 2218 5229 legi
2241 5136 2686 5229 deberentfl'fiu
2707 5143 2931 5229 φανεροὶ
2955 5136 3284 5229 ξσὸνταικαιὶ
3313 5144 3765 5229 σφραγιςόμενοι,

2102 5212 2200 5268 τοῖ’)
2233 5215 2309 5288 μή
2342 5213 2528 5289 μαθεῖν
2546 5214 2637 5268 τὸν
2660 5212 2857 5289 νόμονς
2872 5216 3138 5289 Arbitror
3166 5212 3482 5289 igitur'has'
3501 5212 3651 5276 duas
3672 5212 3769 5275 v0-

2104 5286 2682 5413 968,;0’cpﬁayttdpgt0t
2715 5286 2773 5342 et
2802 5287 2989 5371 νόμον,
3018 5291 3081 5342 ut
3112 5287 3170 5343 in
3194 5286 3396 5373 Graeco
3424 5290 3769 5364 exemplari,

2104 5362 2188 5412 ita
2236 5375 2294 5413 in
2380 5364 2538 5413 atina
2587 5363 3069 5429 interpretatione
3119 5362 3567 5429 coniungendas
3618 5379 3769 5429 esse,

2104 5375 2188 5412 iia
2236 5375 2294 5413 in
2337 5375 2538 5413 Latina
2587 5375 3069 5429 interpretatione
3119 5375 3567 5433 coniungendas
3618 5379 3769 5431 esse,

2104 5429 2218 5485 hoc
2246 5432 2419 5486 modo
2453 5431 2654 5505 :‘Tunc
2697 5431 2989 5505 manifesti
3016 5437 3199 5499 erant,
3232 5433 3335 5503 qui
3374 5433 3671 5505 obsignant
3700 5436 3774 5493 le-

2106 5517 2259 5573 gem,
2282 5506 2347 5557 ut
2374 5518 2447 5557 ne
2469 5501 2685 5573 discant
2717 5499 2909 5573 [suum]

2180 5572 2289 5642 (69)
2321 5573 2496 5644 Editi,
2529 5566 2855 5645 {conati-tm
2891 5566 3079 5645 αύτοῢ.
3116 5571 3257 5631 Ἔτι.
3290 5577 3367 5630 At
3395 5591 3498 5634 sex
3530 5591 3675 5633 mss.
3706 5579 3775 5633 ut

2108 5639 2663 5716 ini‘contcatulMo'x
2692 5643 2867 5699 iidem
2893 5639 2978 5695 illi
3009 5657 3107 5698 sex
3143 5658 3313 5716 mss.,
3338 5647 3431 5703 καὶ
3460 5644 3772 5704 καλέσουσι.

2106 5714 2260 5772 Editi
2272 5754 2286 5781 ,
2317 5713 2409 5770 καὶ
2439 5714 2705 5776 καλέσεις.

3400 5844 3480 5904 16
