4138 6400
423 349 540 410 487

1371 341 1770 403 APPENDIX
1813 335 2136 402 OPERUM
2183 336 2249 398 S.
2293 337 2582 400 BASILII
2625 339 2900 402 MAGNI.

421 479 884 550 haudquaquam
916 475 1123 532 ferant.
1160 472 1383 529 Malitia
1407 472 1708 545 siquidem
1731 457 1957 528 inescat
1975 487 2042 525 vo

2157 531 2159 536 γ
2187 467 2286 537 τήν
2323 466 2446 542 βίου
2480 470 2554 542 μή
2590 473 2702 544 (57)
2735 469 3007 548 φέροντες.
3039 475 3100 530 Ἡ
3137 474 3232 546 μὶν
3260 474 3360 550 γὰρ
3387 475 3549 533 κακία
3600 475 3844 552 δελεάζει

419 568 667 640 luptatis
697 566 938 623 lenitate
964 582 976 620 :
1013 565 1200 619 virtus
1231 581 1362 618 vero
1385 563 1729 618 austeritate
1751 560 2042 632 disciplin:

2187 563 2268 629 τῷ
2300 557 2433 631 λείῳ
2461 567 2562 630 τῆς
2588 559 2810 631 ἡδονῆς·
2843 564 2876 615 ἦ
2937 559 2993 617 δὲ
3041 563 3202 639 ἀρετὴ
3247 564 3699 644 σκληραγωγίαις
3749 572 3839 628 καὶ

420 664 478 714 et
507 659 709 714 labore
740 658 918 712 vitam
953 671 1157 710 eorum
1195 653 1295 724 qui
1330 653 1386 707 in
1421 670 1488 708 ea
1519 669 1581 708 se
1633 657 1923 715 exercent,
1981 667 2075 704 ex-

420 754 675 820 asperat.
707 750 931 818 Pr0pter
951 746 1117 799 verba
1143 745 1423 799 labiorum
1449 751 1669 798 tuorum
1693 758 1788 811 ego
1813 740 2077 796 custodivi

417 841 537 894 vias
560 839 727 893 duras
757 837 820 890 ‘9.
855 835 1090 890 Tradita
1122 833 1291 889 nobis
1324 834 1392 888 ad
1429 837 1660 888 nostras
1683 832 1912 886 animas
1945 847 2072 902 per-

418 928 696 983 ﬁciendae
727 930 1037 997 praecepta,
1068 923 1191 978 vias
1224 923 1402 977 duras
1435 921 1710 994 appellat.
1732 920 1876 986 Quid
1903 935 2070 991 aspe-

415 1017 538 1072 rius
568 1032 764 1087 quam,
801 1019 865 1068 ut
895 1013 1026 1085 quis
1061 1019 1288 1084 'ecepta
1343 1012 1399 1066 in
1452 1011 1686 1067 maxilla
1733 1010 1922 1082 plaga,
1974 1009 2070 1064 ob-

410 1112 594 1161 vertat
615 1105 944 1177 percussori
970 1109 1026 1158 et
1055 1104 1300 1158 alteram
1324 1103 1368 1136 ⁵ο
1391 1102 1418 1157 ?
1449 1103 1634 1167 Quam
1667 1105 1732 1156 ut
1779 1099 2067 1171 spoliatus

411 1194 558 1250 nihil
591 1194 932 1266 repetat“?
963 1209 1135 1264 quam
1172 1197 1238 1247 ut
1277 1193 1344 1247 ad
1380 1189 1638 1246 tribunal
1673 1194 1917 1253 tractus,
1968 1192 2066 1242 tu-

408 1285 542 1340 nica
571 1285 746 1340 etiam
781 1299 842 1339 se
863 1287 1036 1339 exuat
1057 1283 1102 1317 3’
1123 1282 1149 1336 ‘t
1177 1298 1352 1353 quam
1386 1286 1451 1335 ut
1474 1279 1779 1336 benedicat
1817 1277 2063 1333 maledi-

405 1374 514 1429 ctis
544 1378 782 1430 vexatus
813 1374 856 1407 ⁵³
879 1373 906 1427 ?
936 1372 1077 1444 quid
1113 1370 1318 1425 durius
1347 1385 1523 1441 quam
1549 1368 1739 1424 verbis
1762 1373 2063 1423 contume-

404 1463 574 1520 liosis
588 1463 913 1535 appetitum
937 1463 1263 1527 obsecrare,
1294 1459 1586 1514 neminem
1611 1455 2061 1528 odisse,precari

403 1571 508 1626 pro
532 1551 1021 1625 persequentibus
1039 1552 1085 1590 ⁸*
1103 1550 1130 1605 ?
1162 1551 1270 1605 Sed
1298 1550 1512 1604 durum
1533 1547 1677 1602 illud
1699 1546 1927 1602 vivendi
1958 1563 2059 1618 ge-

404 1660 517 1698 nus
549 1657 786 1698 suavem
812 1640 1054 1694 Abrahae
1089 1640 1271 1711 patris
1298 1638 1481 1694 nostri
1509 1639 1706 1694 sinum
1732 1653 1834 1709 pro
1861 1636 2061 1707 requie

402 1733 572 1788 nobis
606 1734 868 1802 apparat.
903 1731 1059 1784 Beati
1088 1728 1243 1784 enim
1275 1729 1375 1799 qui
1415 1729 1625 1799 lugent,
1658 1728 1918 1798 quoniam
1949 1728 2060 1798 ipsi

2187 647 2375 710 πόνοις
2408 648 2726 726 ἐκτραχύνει
2757 652 2846 706 τὸν
2885 653 3003 728 βίον
3034 658 3142 708 τῶν
3176 655 3550 728 ἀσκουμένων.
3585 661 3683 714 Διά
3709 662 3840 726 τοὺς

2186 734 2383 812 λόγους
2472 743 2580 793 τῶν
2677 739 2909 816 χειλέων
3003 763 3098 797 σου
3183 742 3286 817 ἐγώ
3358 743 3590 824 ἐφύλαξα
3675 748 3838 815 ὁδοὺς

2185 825 2444 900 σκληράς.
2483 829 2740 903 Σκληρὰς
2769 834 2880 904 (58)
2914 827 3073 894 ὁδοὺς
3107 831 3249 909 λέγει
3289 834 3382 896 τὰς
3432 834 3520 890 ἐπὶ
3562 837 3657 892 τὸν
3704 861 3836 897 κατ-

2180 917 2442 989 αρτισμὸν
2497 923 2606 972 τῶν
2661 922 2853 995 ψυχῶν
2887 923 3048 994 ἡμῶν
3101 919 3394 995 δεδομένας
3421 927 3556 998 ἡμῖν
3588 926 3834 993 ἐντολάς.

2180 1005 2248 1062 Τί
2305 1003 2670 1083 σκληρότερον
2731 1014 2847 1078 τοῦ,
2910 1005 3148 1066 λαϐόντα
3195 1012 3416 1090 πληγὴν
3472 1018 3607 1072 κατά
3645 1021 3835 1094 σιαγό-

2177 1115 2288 1162 νος,
2343 1095 2563 1170 στρέψαι
2623 1097 2770 1170 αὐτῷ
2817 1099 2906 1153 καὶ
2962 1102 3061 1169 τήν
3097 1098 3312 1172 ἄλληνς
3345 1108 3464 1172 τοῦ,
3497 1106 3830 1185 ἀποστερού-

2181 1205 2362 1257 μενον,
2400 1188 2475 1260 μὴ
2521 1186 2805 1258 ἀπαιτεῖν;
2857 1193 2976 1258 τοῦ,
3028 1187 3323 1264 ἑλκόμενον
3369 1194 3446 1256 εἰς
3477 1192 3830 1273 δικαστήριον

2176 1271 2571 1339 ἐπαποδύεσθαι
2629 1279 2742 1351 (59)
2788 1279 2879 1332 καὶ
2936 1279 3026 1334 τὸν
3083 1285 3334 1355 χιτῶνα;
3396 1271 3827 1362 λοιδορούμενον

2174 1362 2458 1440 εύλογεῖνς
2497 1365 2992 1442 βλασφημούμενον
3043 1368 3420 1444 παρακαλεῖν;
3471 1373 3676 1447 μηδένα
3737 1400 3827 1451 μι-

2174 1458 2324 1523 σεῖν;
2380 1455 2512 1528 ὑπὲρ
2569 1461 2676 1511 τῶν
2728 1454 3036 1513 διωκόντων
3107 1460 3555 1537 προσεύχεσθαι;
3637 1466 3814 1524 Ἀλλά

2168 1547 2338 1597 ταῦτα
2365 1544 2432 1598 τὰ
2461 1543 2678 1630 σκληρὰ
2704 1547 2795 1601 τὸν
2830 1545 3040 1602 ἁπαλὸν
3071 1551 3208 1621 ἡμῖν
3237 1548 3447 1606 κόλπον
3478 1559 3576 1609 τοῦ
3619 1559 3822 1630 πατρὸς

2169 1634 2328 1704 ἡμῶν
2391 1629 2643 1708 Ἀϐραὰμ
2699 1635 2776 1700 είς
2829 1635 3124 1692 ἀνάπαυσιν
3167 1637 3486 1714 εὐτρεπίζει.
3548 1629 3821 1721 Μακάριοι

2168 1722 2270 1798 γὰρ
2330 1724 2382 1777 οἱ
2439 1730 2758 1788 πενθοῦντες
2794 1768 2807 1794 ,
2869 1726 2954 1782 ὅτι
3011 1727 3164 1784 αὐτοὶ
3239 1728 3765 1805 παραλληθήσονται
3803 1781 3818 1794 .

398 1823 825 1878 consolationem
857 1821 1148 1891 accipient.
1183 1820 1342 1874 Beati
1364 1819 1459 1889 qui
1478 1820 1729 1872 esuriant
1776 1820 1829 1871 et
1856 1819 2042 1870 sitiun.

2166 1812 2438 1888 Μακάριοι
2512 1814 2563 1867 οἱ
2620 1819 2908 1878 πεινῶντες
2964 1817 3054 1871 καὶ
3126 1815 3396 1892 διψῶντεσ
3449 1823 3550 1891 τὴν
3605 1820 3820 1880 δικαιο-

2172 1901 2224 1925 -Ῑ
2266 1923 2310 1925 _,,
2438 1901 2508 1925 UA,
2650 1902 2662 1922 ,
2741 1903 2755 1925 ἱ
3054 1908 3115 1925 ,1
3443 1915 3486 1925 .-
3528 1911 3541 1925 ι
3731 1913 3778 1925 Α.

390 1913 691 1984 justitiam,
725 1912 984 1980 quoniam
1011 1911 1123 1980 ipsi
1146 1909 1548 1964 saturabuntur
1569 1907 1632 1960 ⁵⁵.
1648 1906 1920 1962 Etomnis
1937 1905 2055 1961 fere

396 2002 528 2056 vitae
551 2000 731 2070 hujus
753 1999 1053 2053 afﬂictatio
1077 2003 1292 2053 aeterna
1315 1997 1468 2053 bona
1492 1996 2052 2067 conciliat.Quapro-

396 2099 525 2162 pler
546 2091 743 2144 Euntes
766 2088 924 2143 ibant
954 2097 1004 2144 et
1039 2089 1262 2157 ’lebant,
1304 2090 1578 2142 mittentes
1613 2088 1827 2141 semina
1868 2102 1969 2140 sua
1985 2085 2049 2140 ⁵⁵.

396 2178 675 2236 Molestia:
698 2178 993 2250 siquidem
1019 2196 1145 2250 quae
1166 2195 1322 2233 nunc
1344 2177 1415 2234 ob
1440 2178 1532 2232 Dei
1549 2177 1734 2248 legem
1756 2176 2050 2246 accidunt,

396 2285 596 2325 semen
625 2273 799 2324 erunt
829 2269 1162 2323 futurorum
1197 2268 1504 2323 bonorum.
1555 2268 1840 2321 Venientes
1868 2273 2050 2320 autem

391 2360 613 2415 venient
633 2375 759 2413 cum
781 2359 1168 2425 exsultatione,
1189 2360 1469 2428 portantes
1489 2357 1806 2427 manipulos
1835 2371 1959 2410 suos
1980 2355 2045 2410 ⁵⁷.

391 2452 598 2520 Itaque
628 2464 743 2502 non
776 2449 1189 2519 obsequuntur
1219 2452 1422 2518 gentes
1454 2447 1648 2500 itineri
1685 2443 1906 2516 populi,
1958 2443 2044 2500 di-

389 2541 626 2593 centes:
661 2536 952 2608 Nequando
985 2537 1182 2591 dicatis
1211 2536 1436 2590 durum.
1480 2534 1752 2606 Quidquid
1783 2536 1935 2589 enim
1966 2535 2045 2588 to-

388 2629 579 2698 quitur
603 2625 870 2698 poputus,
900 2627 1101 2682 durum
1132 2635 1230 2681 est.
1266 2629 1566 2695 Interroga
1597 2624 1778 2694 igitur
1801 2640 1919 2691 eos,
1944 2623 2044 2693 qui

387 2715 562 2772 idolis
581 2717 862 2785 assident,
888 2716 1269 2787 quamobrem
1297 2731 1411 2769 non
1439 2713 1718 2769 accedant
1740 2713 1810 2768 ad
1836 2713 2044 2784 praedi-

385 2805 634 2861 cationis
667 2805 1020 2860 doctrinam.
1047 2805 1212 2860 Certe
1236 2805 1335 2875 qui
1355 2803 1683 2874 interipsos
1702 2803 1891 2871 magis
1906 2806 2044 2857 sunt

385 2894 624 2964 ingenui
660 2911 725 2948 ac
755 2894 994 2960 sinceri,
1035 2894 1294 2948 fatentur
1324 2910 1385 2948 se
1418 2892 1578 2947 illius
1637 2893 2039 2948 austeritatem

386 2984 536 3039 ferre
575 3001 690 3039 non
725 2999 916 3056 posse.

452 3163 578 3216 214.
614 3161 831 3217 Deinde
882 3160 1224 3232 subiungit:
1285 3163 1568 3215 Timorem
1612 3131 1794 3215 autem
1823 3160 1941 3230 ejus
1971 3174 2039 3214 ne

2168 1901 2354 1972 σύνην,
2432 1901 2515 1957 ὅτι
2606 1902 2756 1958 αὐτοὶ
2837 1908 3306 1981 χορτασθήσονται
3338 1950 3350 1965 .

3439 1911 3545 1967 Καὶ
3621 1913 3819 1990 σχεδὸν

2123 2045 2131 2056 ,
2163 1996 2308 2080 πᾶσα
2336 1994 2370 2060 ἡ
2406 1991 2629 2047 ἐνταῦθα
2657 1996 2992 2049 κακοπάθεια
3050 1997 3310 2070 πρόξενός
3361 1996 3473 2055 ἐστι
3519 2005 3626 2056 τῶν
3679 2004 3812 2058 αἰω-

2160 2080 2287 2135 νίων
2344 2081 2596 2154 ἀγαθῶν.
2665 2084 2763 2138 Διὰ
2815 2089 2978 2139 τοῦτο
3036 2082 3406 2160 Πορευόμενοι
3463 2089 3813 2166 ἐπορεύοντο,

2159 2171 2249 2225 καὶ
2301 2169 2539 2240 ἔκλαιον,
2610 2171 2909 2246 βάλλοντες
2971 2177 3082 2249 (60)
3151 2177 3215 2230 τὰ
3273 2176 3554 2251 σπέρματα
3611 2182 3814 2242 αὐτῶν.

2162 2263 2389 2336 Σπέρμα
2419 2263 2522 2336 γὰρ
2555 2260 2698 2316 ἔσται
2730 2267 2838 2317 τῶν
2874 2261 3196 2336 μελλόνυων
3251 2267 3459 2342 ἀγαθῶν
3492 2271 3546 2324 αἱ
3591 2276 3680 2327 νῦν
3725 2271 3814 2329 διὰ

2156 2351 2248 2406 τὸν
2281 2355 2376 2404 τοῦ
2411 2355 2542 2406 Θεοῦ
2575 2351 2741 2424 νόμον
2796 2351 3146 2427 ἐγγινόμεναι
3196 2355 3433 2431 θλίψεις.
3481 2361 3807 2437 Ἐρχόμενοι

2159 2437 2216 2494 δὲ
2284 2440 2503 2513 ἥξουσιν
2575 2440 2625 2495 ἐν
2702 2439 3051 2527 ἀγαλλιάσει,
3108 2445 3346 2520 αἱροντες
3397 2449 3463 2502 τὰ
3522 2447 3804 2526 δράγματα

2156 2529 2349 2585 αὐτῶν.
2388 2531 2736 2585 Ἀπειθοῦσιτ
2780 2529 2869 2585 οὖν
2918 2532 2986 2587 τὰ
3031 2527 3152 2602 ἔθνη
3192 2538 3262 2608 τῇ
3294 2537 3488 2611 πορείᾳ
3518 2545 3616 2594 τοῦ
3648 2538 3801 2608 λαοῦ,

2155 2617 2430 2693 λέγοντες.
2500 2621 2730 2690 Μήποτε
2785 2619 2975 2690 εἴπητε
3044 2624 3159 2695 (61)
3216 2623 3478 2700 σκληρόν,
3543 2635 3653 2684 Πᾶν
3705 2632 3804 2706 γὰρ

2154 2710 2182 2764 ὃ
2223 2708 2308 2764 έᾶν
2372 2705 2497 2782 εἷ’πῃ
2551 2711 2578 2764 ὁ
2632 2707 2762 2771 λαός
2821 2708 2999 2777 οὗτος,
3050 2714 3292 2786 σκληρόν
3324 2714 3483 2774 ἐστιν.
3522 2705 3799 2790 Ἑξέτασον

2153 2799 2242 2854 οὗν
2273 2798 2399 2860 τοὺς
2428 2805 2544 2861 τοῖς
2577 2796 2833 2862 εἰδώλοις
2863 2802 3418 2875 προσκαθεζομένους,
3442 2805 3588 2869 τίνος
3621 2805 3797 2864 ἕνεκεν

2152 2890 2216 2944 οὐ
2247 2891 2650 2965 προσέρχονται
2678 2893 2746 2962 τῇ
2780 2886 3098 2962 διδασκαλίᾳ
3121 2896 3217 2948 τοῦ
3248 2894 3796 2970 κηρύγματος,’ομο.

2151 2978 2376 3052 λογοῦσι
2398 2978 2498 3053 γὰρ
2526 2977 2699 3032 αὐτῶν
2734 2979 2786 3034 οἱ
2818 2979 3323 3058 εὐγνωμονέστεροι,
3357 2981 3438 3038 ὅτι
3471 2983 3530 3038 τὸ
3583 2984 3788 3058 αὺστη-

2150 3067 2242 3142 ρὸν
2275 3070 2387 3140 (62)
2415 3068 2523 3143 οὐχ
2552 3069 2937 3146 ὑποφέρουσιν.

2218 3159 2344 3213 214.
2394 3157 2520 3212 Εἶτα
2568 3157 2772 3231 ἐπάγει’
2833 3157 2931 3212 Τὸν
2996 3155 3054 3213 δὶ
3113 3153 3280 3234 φόϐον
3340 3159 3502 3215 αὐτοῦ
3563 3165 3638 3236 μὴ
3699 3187 3797 3243 φο-

383 3252 710 3307 timueritis.
751 3251 854 3306 Hic
880 3256 1077 3304 autem
1127 3250 1291 3305 locus
1342 3249 1610 3304 bifariam
1663 3249 2034 3320 intelligitur.

2157 3241 2371 3317 ϐηθῆτε.
2406 3249 2578 3303 Τοῦτο
2609 3243 2664 3301 δὲ
2706 3244 2881 3323 διχῶς
2929 3252 3153 3303 νοεῖται.
3208 3249 3309 3305 Καὶ
3341 3250 3444 3326 γὰρ
3476 3257 3592 3315 τοῖς
3625 3236 3796 3308 ἔθνεσι

382 3341 609 3396 Etenim
642 3340 783 3394 dicit
811 3340 1106 3411 gentibus,
1143 3339 1306 3394 Hunc
1339 3340 1608 3394 timorem
1666 3356 2035 3410 nequaquam

383 3429 609 3500 timete,
637 3445 812 3500 quem
845 3446 1002 3484 nunc
1035 3429 1348 3484 inscienter
1379 3434 1674 3496 metuunt,
1706 3446 1772 3483 eo
1796 3429 1945 3498 quod
1971 3445 2033 3484 se

378 3518 437 3572 in
455 3517 989 3589 praastantiorivitzn
1015 3518 1282 3574 instituto
1308 3534 1678 3589 nequaquam
1703 3525 2030 3588 exerceant,

379 3606 549 3678 quasi
581 3607 820 3674 diceret,
853 3606 1286 3662 Continentiam
1319 3624 1389 3662 ne
1421 3607 1738 3663 t‘ormides:
1797 3624 1867 3662 ne
1916 3623 2034 3663 me-

379 3701 513 3752 tuas
547 3697 948 3754 fortitudinem
977 3715 989 3752 :
1020 3714 1090 3751 ne
1122 3696 1400 3768 pietatem
1423 3697 1665 3752 timeas:
1690 3714 1761 3752 ne
1805 3697 1878 3752 ab
1910 3696 2034 3752 ulla

381 3787 762 3858 perterrearis
794 3787 1027 3841 virtute.
1082 3791 1232 3841 Sunt
1277 3787 1432 3841 enim
1485 3787 1710 3842 cicures
1762 3787 2029 3858 virtutes,

379 3892 620 3932 accessu
652 3875 1256 3948 faciles,suppeditant
1277 3876 1451 3945 bona,
1480 3876 2027 3948 vitamlargiuntur.

379 3970 495 4020 Aut
521 3981 788 4020 sermone
810 3982 1111 4030 converso,
1143 3966 1211 4018 ad
1239 3964 2026 4036 populumitaconvertitur:

379 4054 469 4111 Illi
501 4055 572 4110 de
602 4055 765 4110 vobis
794 4053 938 4110 talia
966 4053 1249 4126 suspicati
1281 4059 1440 4122 sunt,
1469 4054 1772 4110 vobiscum
1793 4055 1849 4109 in
1882 4054 2027 4127 legis

374 4143 582 4200 itinere
628 4149 966 4200 recusantes
1016 4145 1316 4216 conjungi.
1368 4144 1484 4199 Vos
1534 4148 1728 4199 autem
1778 4143 2027 4200 insidias

370 4234 536 4308 vobis
561 4253 593 4290 a
615 4235 889 4308 gentibus
912 4238 1145 4307 paratas
1169 4249 1239 4289 ne
1260 4234 1605 4289 timueritis:
1631 4234 1748 4289 imo
1776 4233 2026 4290 Domino

370 4324 431 4380 in
457 4325 653 4381 animo
682 4330 1002 4395 versantes,
1036 4324 1361 4392 signiﬁcate
1391 4325 1608 4396 ipsum,
1643 4328 1709 4380 Et
1758 4327 1874 4396 iise
1917 4327 2029 4380 erit

372 4423 497 4470 tuus
527 4417 711 4470 timor.
749 4415 864 4471 Hoc
887 4415 1138 4470 maxime
1164 4415 1235 4469 ad
1261 4412 1672 4485 perfectionem
1699 4413 1856 4481 facit,
1882 4415 2027 4469 scite

443 4523 488 4557 ⁴⁹
520 4521 671 4578 Psal.
705 4539 820 4591 xvx,
856 4524 907 4576 4.
1001 4521 1045 4556 ⁵ο
1075 4520 1278 4576 Matth.
1315 4537 1370 4591 v,
1404 4521 1494 4576 39.

368 4594 414 4630 ει
446 4593 588 4650 ibid.
621 4595 761 4664 5,6.
840 4594 884 4628 εδ
917 4592 1068 4650 Psal.
1102 4611 1262 4663 cxxv,
1297 4593 1351 4647 6.
1429 4593 1472 4627 ιτ
1504 4592 1648 4648 ibid.

1615 4521 1659 4557 '5‘
1697 4521 1831 4576 Luc.
1865 4536 1945 4591 v1,
1978 4521 2068 4575 30.

2147 3335 2312 3410 λέγει,
2365 3336 2453 3404 Μὴ
2485 3331 2743 3414 φοϐεῖσθε
2789 3340 2900 3408 (63(
2933 3336 3023 3392 τὸν
3058 3332 3249 3415 φόϐον,
3305 3339 3365 3394 ὃν
3395 3344 3486 3396 νῦν
3532 3341 3794 3398 ἀπαιδεύ-

2141 3447 2251 3488 τως
2304 3421 2618 3503 φοϐοῦνται,
2674 3428 2750 3499 μή
2807 3423 3138 3490 ἰπιδιδόντες
3201 3427 3424 3494 ἑαυτοὺς
3468 3435 3537 3505 τῇ
3569 3431 3795 3504 ἀσκήσει

2139 3535 2249 3569 των
2303 3513 2620 3590 βελτιόνῶν·
2668 3515 2863 3570 ὡσανεὶ
2911 3512 3080 3592 ἔλεγε·
3130 3517 3222 3586 Μὴ
3255 3512 3426 3594 φοϐοῦ
3455 3523 3555 3589 τήν
3589 3543 3790 3601 σοφρο-

2143 3602 2326 3674 σύνην⁶
2379 3605 2471 3673 Μὴ
2527 3598 2700 3681 φοϐοῦ
2744 3605 2844 3673 τὴν
2894 3601 3131 3680 ἀνδρίαν·
3189 3607 3263 3678 μὴ
3317 3603 3488 3684 φοϐοῦ
3517 3612 3617 3679 τὴν
3653 3598 3791 3667 εὐσέ-

2142 3688 2290 3747 ϐειαν
2332 3695 2466 3763 (64)’
2523 3690 2795 3766 μηδεμίαν
2842 3694 2949 3748 τῶν
3000 3693 3204 3767 ἀρετῶν
3256 3691 3503 3773 φοϐηθῇς
3555 3701 3788 3775 Ἥμεροι

2142 3782 2296 3853 εἰσιν,
2350 3782 2682 3858 εὐπρόσιτοι,
2734 3782 2949 3858 ἀγαθῶν
3003 3784 3340 3859 παρεκτικοί,
3402 3791 3547 3856 ζωῆς
3603 3790 3797 3863 πρόεε.

2139 3893 2244 3927 νοι.
2279 3873 2348 3928 Ἢ
2401 3875 2770 3947 μεταστρέψας
2815 3873 2907 3927 τὸν
2951 3871 3141 3948 λόγον,
3190 3873 3326 3949 πρὸς
3354 3875 3446 3929 τὸν
3477 3875 3607 3932 λαὸν
3661 3879 3796 3933 ἀπο-

2139 3961 2386 4016 τείνεται·
2441 3957 2523 4015 ὅτι
2577 3960 2772 4016 έκεῖνοι
2823 3961 2918 4032 μὶν
2961 3965 3129 4016 ταῦτα
3177 3961 3301 4037 περὶ
3356 3963 3507 4035 ὑμῶν
3561 3966 3796 4038 ὑπειλή-

2142 4073 2290 4128 φασι,
2318 4052 2418 4119 τήν
2467 4051 2603 4126 πρὸς
2658 4052 2795 4124 ὑμᾶς
2841 4047 3033 4105 ἕνωσιν
3089 4049 3178 4106 διὰ
3206 4058 3305 4120 τῆς
3337 4058 3432 4108 τοῦ
3477 4054 3652 4128 νόμου
3699 4079 3797 4112 που

2143 4139 2287 4213 ρείας
2353 4140 2426 4212 μή
2486 4136 2937 4223 καταδεχόμενοι.
2998 4140 3180 4211 Ὑμεῖς
3241 4139 3297 4195 δὲ
3358 4143 3434 4214 μὴ
3512 4139 3797 4223 φοϐηθῆτε

2140 4229 2237 4290 τὰς
2281 4228 2401 4291 καθ’
2447 4227 2598 4300 ὑμῶν
2649 4222 2947 4287 ἐπιϐουλὰς
2993 4231 3100 4281 τῶν
3143 4227 3332 4295 ἐθνῶν,
3383 4222 3796 4302 ἀλλὰννοήσαν-

2142 4339 2227 4380 τες
2285 4317 2377 4371 τὸν
2437 4316 2660 4388 Κύριον,
2705 4316 2958 4392 ἆγὶάσατε
3023 4315 3204 4389 αὐτὸν,
3255 4318 3361 4373 Καὶ
3428 4320 3592 4385 αὐτὸς
3647 4318 3795 4377 ἔσται

2143 4428 2239 4462 σου
2272 4401 2462 4484 φόϐος.
2514 4405 2776 4483 Μέγιστον
2843 4404 2918 4467 εἷς
2992 4404 3292 4480 τελείωσιν,
3349 4407 3795 4485 πεπαιδευμένως

2163 4517 2209 4552 ⁸²
2241 4515 2449 4573 Matth.
2476 4533 2529 4587 ν,
2565 4516 2654 4571 40.
2761 4514 2805 4552 ⁵⁸
2837 4515 2977 4572 Luc.
3010 4532 3087 4586 vx,
3114 4515 3205 4572 28.
3322 4518 3369 4553 ⁵⁸
3397 4520 3602 4576 Matth.
3642 4537 3696 4586 ν,
3732 4522 3802 4576 44

585 4700 1110 4784 ᾼηῐιίιιιιῇοᾳιιςιὶυοι·
1141 4699 1308 4784 Ιὶιπί,⁸
1335 4696 1457 4784 βίου
1495 4700 1595 4770 μή.
1626 4699 1806 4754 Abest
1839 4699 1911 4770 μή
1956 4699 2027 4754 ab

2157 4687 2710 4784 nss.,’966;ovna‘ifx§w
2745 4691 2814 4784 οὲ
2843 4693 3125 4781 μήκέὶςε.
3171 4693 3423 4784 primus,
3483 4689 3653 4773 φόϐον
3703 4695 3802 4752 αὖ·

369 4771 543 4831 editis
574 4779 629 4828 et
658 4771 889 4829 abaliis
922 4774 1153 4828 duobus
1184 4771 1509 4826 codiCibus.

440 4847 551 4918 (58)
584 4848 643 4901 In
678 4846 1038 4918 quibusdam
1075 4861 1227 4918 mss.
1260 4838 1792 4918 legitur._2x7\_npo‘zc
1825 4837 1902 4898 δέ.

439 4911 553 4989 (59)
580 4911 820 4974 Veteres
845 4916 1072 4988 aliquot
1100 4917 1255 4989 libri,
1279 4911 1736 4989 ἐπαποδύσασθαι.

439 4984 551 5062 (60)
594 4991 847 5062 Uterque
904 4984 1091 5054 Golb.,
1155 4984 1420 5062 αἴροντες,
1481 4987 1733 5062 tollentes
1789 4988 2023 5062 sentina.

439 5008 551 5062 (ου)
598 5008 730 5046 Uter
779 5008 847 5046 ue
904 5008 1091 5054 (4010.,
1155 5008 1420 5061 αιροντες,
1481 5008 1733 5043 touemes
1789 5008 2023 5041 semina.

369 5059 532 5134 Haud
568 5008 768 5134 procaci
828 5059 1348 5134 sexgmss_.,_rai....
1400 5058 1744 5134 έγγινόμεναι
1787 5056 2024 5130 θλίψεις.

369 5133 545 5209 Ed‘iti,
715 5132 1036 5209 έγγινομένη
1071 5129 1274 5209 θλίψις.

442 5204 554 5274 (61)
587 5198 671 5262 Ita
703 5198 804 5262 sex
835 5198 978 5262 mss.
1013 5198 1082 5260 At
1112 5198 1274 5274 editi,
1303 5198 1523 5274 εἷ’πωσι.
1554 5206 1668 5258 Nec
1700 5202 1781 5258 ita
1835 5201 2022 5258 multo

368 5271 500 5346 poet
531 5277 666 5348 Reg.
699 5279 928 5343 tertius,
992 5274 1218 5348 ἐξετάσω
1261 5271 1358 5328 ὀὖν
1389 5272 1560 5348 (τούς.Δ
1609 5275 1721 5329 Alii
1780 5275 2021 5348 quidam

368 5344 536 5438 mals”
588 5346 828 5418 ἐξέτασον
891 5348 980 5404 οὖν
1028 5344 1188 5410 τούς.
1249 5347 1422 5414 Editi,
1485 5344 1726 5416 ἒξέτασον
1784 5344 1875 5400 οὖν
1929 5349 2019 5399 νῦν

365 5439 518 5479 τους.

436 5492 547 5562 (62)
576 5491 749 5556 Editi,
778 5493 864 5564 ﬁt?)
905 5492 1171 5564 αὐστηρὸν
1223 5493 1320 5544 τοῦ
1365 5489 1740 5564 κηρύγματος.
1796 5491 1904 5545 Sed
1956 5487 2023 5543 il-

363 5560 618 5637 lud,_'to§
650 5561 1028 5637 κηρύγματος,
1062 5560 1095 5620 ti
1129 5565 1343 5620 nostris
1376 5560 1884 5637 sexmsssabest;
1919 5578 2025 5617 nec

363 5634 612 5709 exprimi
646 5634 884 5694 nesesSe
919 5639 1048 5709 fuit,
1081 5655 1213 5693 cum
1248 5636 1743 5709 orationisiseries
1798 5636 2022 5690 subau-

362 5708 647 5767 diendum
679 5726 810 5768 esse
843 5707 1041 5783 aperte
1067 5709 1358 5767 ostendat.
1385 5708 1554 5766 Haud
1576 5707 1749 5782 longe
1771 5713 2027 5781 quatuor

2140 4772 2238 4825 τοῦ
2271 4759 2332 4821 οῦ
2492 4767 2674 4842 Editi,
2709 4759 2877 4842 φόϐον
2908 4759 3206 4842 αὐτοῦῖμή.

2211 4837 2505 4914 (63)_Editi
2539 4837 2741 4914 e_t_duo
2772 4837 3469 4914 _m_88..~<poeit_0'6at._‘Alll
3521 4846 3796 4912 quatuor,

2144 4904 2226 4986 μὴ’
2254 4904 2526 4990 φοϐεῖσθε.
2561 4904 3106 4990 Μοκβάἱῐὶῑτοῦτον
3134 4909 3221 4964 τὸν
3257 4904 3447 4985 φόϐον.
3481 4904 3620 4982 vdx,
3666 4904 3794 4968 τοῦζ

2137 4982 2339 5051 τον,’ἱη
2377 5002 2520 5040 mss.
2555 5001 2668 5038 non
2702 4982 3018 5038 invenitur.

2211 5059 2325 5130 (64)
2348 5057 2602 5128 Uterque
2631 5055 2884 5132 Colb.__et
2932 5056 3071 5132 Reg:
3125 5057 3444 5132 secundus,
3491 5057 3591 5126 τὴν
3644 5055 3799 5132 εὐγέ-

2136 5127 2402 5196 νειαν,ἠε
2431 5127 2627 5202 timeas
2656 5129 3022 5194 nobilitatem,
3056 5127 3280 5202 inepte.
3307 5129 3618 5201 Aliquanto
3669 5127 3801 5202 post

2138 5220 2235 5276 sex
2268 5219 2436 5276 mss),
2483 5199 2696 5276 ἀγαθῶν
2746 5196 3087 5276 παρεκτικαί.
3137 5196 3289 5276 Εόἱιὶ
3336 5196 3496 5276 vero,
3537 5196 3801 5276 παρεκτι-

2136 5273 2244 5330 κοί.
2273 5272 2539 5330 Verbum
2571 5272 2966 5338 ἀποτείνεσθαι,
2998 5273 3153 5344 quod
3182 5289 3315 5328 mox
3337 5272 3625 5345 sequitur,
3679 5277 3799 5332 fere

2135 5348 2373 5420 quidem
2405 5348 2665 5420 sumitur
2690 5345 3071 5420 prosequod
3095 5351 3203 5410 est,
3229 5348 3418 5420 invehi
3439 5350 3499 5404 in
3511 5348 3754 5420 aliquem
3776 5365 3797 5405 :

2137 5416 2234 5474 sed
2271 5419 2363 5473 hic
2393 5419 2623 5474 videtur
2653 5416 3002 5490 simpliciter
3031 5419 3307 5492 usurpari
3337 5437 3438 5491 pro
3456 5437 3523 5477 eo
3555 5416 3709 5492 quod
3739 5426 3798 5477 et

2136 5492 2363 5563 alloqui,
2396 5501 2704 5547 convertere
2751 5503 3060 5563 sermonem
3108 5491 3178 5545 ad
3226 5493 3488 5563 aliquem,
3535 5491 3670 5548 cum
3721 5509 3791 5548 ea

2138 5561 2265 5633 quae
2293 5564 2402 5619 hoc
2435 5565 2557 5620 loco
2587 5563 2888 5636 leguntur,
2924 5561 3120 5634 potius
3152 5561 3327 5620 verba
3345 5566 3462 5622 sint
3485 5564 3794 5636 alloquen-

2135 5636 2236 5708 tis,
2271 5653 2448 5710 quam
2481 5635 2868 5709 objurgantis.
