  <div class='ocr_page' id='page_1' title='image "/cluster/home/n/w/nwhite01/storage/ocr_20150623/30:no.2/coo.31924054873116/258.png"; bbox 0 0 4138 6368; ppageno 0'>
   <div class='ocr_carea' id='block_1_1' title="bbox 320 375 442 435">
    <p class='ocr_par' dir='ltr' id='par_1_1' title="bbox 320 375 442 435">
     <span class='ocr_line' id='line_1_1' title="bbox 320 375 442 435; baseline 0.016 -3"><span class='ocrx_word' id='word_1_1' title='bbox 320 375 442 435; x_wconf 72' lang='grc'>489</span> 
     </span>
    </p>
   </div>
   <div class='ocr_carea' id='block_1_2' title="bbox 1131 364 2958 430">
    <p class='ocr_par' dir='ltr' id='par_1_2' title="bbox 1131 364 2958 430">
     <span class='ocr_line' id='line_1_2' title="bbox 1131 364 2958 430; baseline -0.002 -1"><span class='ocrx_word' id='word_1_2' title='bbox 1131 369 1538 430; x_wconf 84' lang='lat' dir='ltr'>COMMENT.</span> <span class='ocrx_word' id='word_1_3' title='bbox 1585 369 1661 426; x_wconf 83' lang='lat' dir='ltr'>IN</span> <span class='ocrx_word' id='word_1_4' title='bbox 1705 364 1980 426; x_wconf 82' lang='lat' dir='ltr'>lSAIAM</span> <span class='ocrx_word' id='word_1_5' title='bbox 2028 364 2532 426; x_wconf 82' lang='lat' dir='ltr'>PROPHETAM.</span> <span class='ocrx_word' id='word_1_6' title='bbox 2580 366 2751 426; x_wconf 88' lang='lat' dir='ltr'>CAP.</span> <span class='ocrx_word' id='word_1_7' title='bbox 2797 367 2958 428; x_wconf 82' lang='lat' dir='ltr'>VIII.</span> 
     </span>
    </p>
   </div>
   <div class='ocr_carea' id='block_1_3' title="bbox 3623 366 3748 427">
    <p class='ocr_par' dir='ltr' id='par_1_3' title="bbox 3623 366 3748 427">
     <span class='ocr_line' id='line_1_3' title="bbox 3623 366 3748 427; baseline 0.008 -1"><span class='ocrx_word' id='word_1_8' title='bbox 3623 366 3748 427; x_wconf 73' lang='lat'>490</span> 
     </span>
    </p>
   </div>
   <div class='ocr_carea' id='block_1_4' title="bbox 321 494 1971 583">
    <p class='ocr_par' dir='ltr' id='par_1_4' title="bbox 321 494 1969 583">
     <span class='ocr_line' id='line_1_4' title="bbox 321 494 1969 583; baseline -0.006 -24"><span class='ocrx_word' id='word_1_9' title='bbox 321 499 630 583; x_wconf 79' lang='grc' dir='ltr'>φοϐεῖσθαι,</span> <span class='ocrx_word' id='word_1_10' title='bbox 655 502 746 558; x_wconf 84' lang='grc' dir='ltr'>καὶ</span> <span class='ocrx_word' id='word_1_11' title='bbox 800 502 875 576; x_wconf 82' lang='grc' dir='ltr'>μὴ</span> <span class='ocrx_word' id='word_1_12' title='bbox 921 502 1097 555; x_wconf 84' lang='grc' dir='ltr'>πάντα</span> <span class='ocrx_word' id='word_1_13' title='bbox 1142 501 1561 570; x_wconf 70' lang='grc' dir='ltr'>καταπτήσσειν,</span> <span class='ocrx_word' id='word_1_14' title='bbox 1607 494 1747 570; x_wconf 68' lang='grc' dir='ltr'>μηδὲ</span> <span class='ocrx_word' id='word_1_15' title='bbox 1795 499 1969 573; x_wconf 77' lang='grc' dir='ltr'>ψοφο-</span> 
     </span>
    </p>
   </div>
   <div class='ocr_carea' id='block_1_5' title="bbox 2086 494 3744 583">
    <p class='ocr_par' dir='ltr' id='par_1_5' title="bbox 2086 497 3744 572">
     <span class='ocr_line' id='line_1_5' title="bbox 2086 497 3744 572; baseline 0.003 -21"><span class='ocrx_word' id='word_1_16' title='bbox 2086 513 2150 552; x_wconf 89' lang='lat' dir='ltr'>ao</span> <span class='ocrx_word' id='word_1_17' title='bbox 2180 497 2363 568; x_wconf 92' lang='lat' dir='ltr'>perite</span> <span class='ocrx_word' id='word_1_18' title='bbox 2403 497 2737 562; x_wconf 80' lang='lat' dir='ltr'>formidare,</span> <span class='ocrx_word' id='word_1_19' title='bbox 2768 516 2960 572; x_wconf 89' lang='lat' dir='ltr'>neque</span> <span class='ocrx_word' id='word_1_20' title='bbox 2991 500 3190 555; x_wconf 86' lang='lat' dir='ltr'>omnia</span> <span class='ocrx_word' id='word_1_21' title='bbox 3235 503 3516 567; x_wconf 88' lang='lat' dir='ltr'>metuere,</span> <span class='ocrx_word' id='word_1_22' title='bbox 3550 514 3744 571; x_wconf 83' lang='lat' dir='ltr'>neque</span> 
     </span>
    </p>
   </div>
   <div class='ocr_carea' id='block_1_6' title="bbox 323 585 1972 661">
    <p class='ocr_par' dir='ltr' id='par_1_6' title="bbox 323 585 1972 661">
     <span class='ocr_line' id='line_1_6' title="bbox 323 585 1972 661; baseline -0.006 -13"><span class='ocrx_word' id='word_1_23' title='bbox 323 591 462 654; x_wconf 86' lang='grc' dir='ltr'>δεεῖς</span> <span class='ocrx_word' id='word_1_24' title='bbox 517 593 674 660; x_wconf 75' lang='grc' dir='ltr'>εἶναι,</span> <span class='ocrx_word' id='word_1_25' title='bbox 721 591 788 646; x_wconf 81' lang='grc' dir='ltr'>τὰ</span> <span class='ocrx_word' id='word_1_26' title='bbox 844 587 973 645; x_wconf 81' lang='grc' dir='ltr'>ἀδεᾶ</span> <span class='ocrx_word' id='word_1_27' title='bbox 1031 586 1340 649; x_wconf 79' lang='grc' dir='ltr'>δεδοικότας</span> <span class='ocrx_word' id='word_1_28' title='bbox 1400 590 1533 659; x_wconf 86' lang='grc'>(65).</span> <span class='ocrx_word' id='word_1_29' title='bbox 1577 585 1972 661; x_wconf 79' lang='grc' dir='ltr'>Καταγινώσκει</span> 
     </span>
    </p>
   </div>
   <div class='ocr_carea' id='block_1_7' title="bbox 320 671 1968 758">
    <p class='ocr_par' dir='ltr' id='par_1_7' title="bbox 320 671 1968 758">
     <span class='ocr_line' id='line_1_7' title="bbox 320 671 1968 758; baseline -0.012 -21"><span class='ocrx_word' id='word_1_30' title='bbox 320 683 424 758; x_wconf 75' lang='grc' dir='ltr'>γὰρ</span> <span class='ocrx_word' id='word_1_31' title='bbox 455 686 566 736; x_wconf 80' lang='grc' dir='ltr'>τῶν</span> <span class='ocrx_word' id='word_1_32' title='bbox 615 680 880 735; x_wconf 80' lang='grc' dir='ltr'>τοιούτων</span> <span class='ocrx_word' id='word_1_33' title='bbox 943 680 970 733; x_wconf 89' lang='lat'>6</span> <span class='ocrx_word' id='word_1_34' title='bbox 1021 676 1263 750; x_wconf 83' lang='grc' dir='ltr'>ψαλμὸς,</span> <span class='ocrx_word' id='word_1_35' title='bbox 1318 676 1510 752; x_wconf 76' lang='grc' dir='ltr'>λέγων’</span> <span class='ocrx_word' id='word_1_36' title='bbox 1547 677 1692 731; x_wconf 84' lang='grc' dir='ltr'>Ἐκεῖ</span> <span class='ocrx_word' id='word_1_37' title='bbox 1719 671 1968 748; x_wconf 68' lang='grc' dir='ltr'>φοϐηθή-</span> 
     </span>
    </p>
   </div>
   <div class='ocr_carea' id='block_1_8' title="bbox 323 761 1970 847">
    <p class='ocr_par' dir='ltr' id='par_1_8' title="bbox 323 761 1970 847">
     <span class='ocr_line' id='line_1_8' title="bbox 323 761 1970 847; baseline -0.007 -21"><span class='ocrx_word' id='word_1_38' title='bbox 323 792 503 826; x_wconf 89' lang='grc' dir='ltr'>σονται</span> <span class='ocrx_word' id='word_1_39' title='bbox 560 764 738 847; x_wconf 70' lang='grc' dir='ltr'>φόϐῳ,</span> <span class='ocrx_word' id='word_1_40' title='bbox 799 769 861 823; x_wconf 78' lang='grc' dir='ltr'>οὗ</span> <span class='ocrx_word' id='word_1_41' title='bbox 924 767 1022 822; x_wconf 72' lang='grc' dir='ltr'>οὐκ</span> <span class='ocrx_word' id='word_1_42' title='bbox 1077 767 1143 835; x_wconf 82' lang='grc' dir='ltr'>ἦν</span> <span class='ocrx_word' id='word_1_43' title='bbox 1198 761 1388 844; x_wconf 71' lang='grc' dir='ltr'>φόϐος.</span> <span class='ocrx_word' id='word_1_44' title='bbox 1421 763 1613 839; x_wconf 83' lang='grc' dir='ltr'>Κύριον</span> <span class='ocrx_word' id='word_1_45' title='bbox 1671 762 1760 818; x_wconf 72' lang='grc' dir='ltr'>οὖν</span> <span class='ocrx_word' id='word_1_46' title='bbox 1818 763 1970 837; x_wconf 77' lang='grc' dir='ltr'>ἁγία-</span> 
     </span>
    </p>
   </div>
   <div class='ocr_carea' id='block_1_9' title="bbox 319 849 1969 930">
    <p class='ocr_par' dir='ltr' id='par_1_9' title="bbox 319 849 1969 930">
     <span class='ocr_line' id='line_1_9' title="bbox 319 849 1969 930; baseline -0.007 -15"><span class='ocrx_word' id='word_1_47' title='bbox 319 882 438 929; x_wconf 90' lang='grc' dir='ltr'>σον,</span> <span class='ocrx_word' id='word_1_48' title='bbox 498 859 596 913; x_wconf 87' lang='grc' dir='ltr'>Καὶ</span> <span class='ocrx_word' id='word_1_49' title='bbox 679 858 840 918; x_wconf 74' lang='grc' dir='ltr'>αὐτὸς</span> <span class='ocrx_word' id='word_1_50' title='bbox 915 853 1062 911; x_wconf 80' lang='grc' dir='ltr'>ἔσται</span> <span class='ocrx_word' id='word_1_51' title='bbox 1138 876 1233 909; x_wconf 91' lang='grc' dir='ltr'>σου</span> <span class='ocrx_word' id='word_1_52' title='bbox 1310 849 1497 930; x_wconf 78' lang='grc' dir='ltr'>φόϐος.</span> <span class='ocrx_word' id='word_1_53' title='bbox 1559 853 1799 907; x_wconf 84' lang='grc' dir='ltr'>Ἐκείνου</span> <span class='ocrx_word' id='word_1_54' title='bbox 1871 851 1969 919; x_wconf 78' lang='grc' dir='ltr'>τὴν</span> 
     </span>
    </p>
   </div>
   <div class='ocr_carea' id='block_1_10' title="bbox 319 938 1970 1023">
    <p class='ocr_par' dir='ltr' id='par_1_10' title="bbox 319 938 1970 1023">
     <span class='ocr_line' id='line_1_10' title="bbox 319 938 1970 1023; baseline -0.004 -20"><span class='ocrx_word' id='word_1_55' title='bbox 319 947 618 1023; x_wconf 78' lang='grc' dir='ltr'>παρουσίαν</span> <span class='ocrx_word' id='word_1_56' title='bbox 680 943 948 1020; x_wconf 75' lang='grc' dir='ltr'>ἐκδὲχου,</span> <span class='ocrx_word' id='word_1_57' title='bbox 1000 943 1204 998; x_wconf 77' lang='grc' dir='ltr'>ἐκείνου</span> <span class='ocrx_word' id='word_1_58' title='bbox 1279 938 1452 1014; x_wconf 74' lang='grc' dir='ltr'>φοϐοῦ</span> <span class='ocrx_word' id='word_1_59' title='bbox 1524 942 1587 996; x_wconf 81' lang='grc' dir='ltr'>τὸ</span> <span class='ocrx_word' id='word_1_60' title='bbox 1658 942 1970 1015; x_wconf 78' lang='grc' dir='ltr'>κριτήριον.</span> 
     </span>
    </p>
   </div>
   <div class='ocr_carea' id='block_1_11' title="bbox 325 1025 1969 1110">
    <p class='ocr_par' dir='ltr' id='par_1_11' title="bbox 325 1025 1969 1110">
     <span class='ocr_line' id='line_1_11' title="bbox 325 1025 1969 1110; baseline -0.007 -18"><span class='ocrx_word' id='word_1_61' title='bbox 325 1033 626 1110; x_wconf 72' lang='grc' dir='ltr'>Φοϐερὸςὸ</span> <span class='ocrx_word' id='word_1_62' title='bbox 684 1032 979 1095; x_wconf 77' lang='grc' dir='ltr'>ἀποδιδοὺς</span> <span class='ocrx_word' id='word_1_63' title='bbox 1040 1032 1248 1104; x_wconf 74' lang='grc' dir='ltr'>ἑκάστῳ</span> <span class='ocrx_word' id='word_1_64' title='bbox 1301 1031 1435 1086; x_wconf 83' lang='grc' dir='ltr'>κατᾶ</span> <span class='ocrx_word' id='word_1_65' title='bbox 1489 1030 1556 1085; x_wconf 71' lang='grc' dir='ltr'>τὰ</span> <span class='ocrx_word' id='word_1_66' title='bbox 1614 1025 1742 1105; x_wconf 78' lang='grc' dir='ltr'>ἔργα</span> <span class='ocrx_word' id='word_1_67' title='bbox 1785 1028 1969 1082; x_wconf 76' lang='grc' dir='ltr'>αὐτοῦ·</span> 
     </span>
    </p>
   </div>
   <div class='ocr_carea' id='block_1_12' title="bbox 327 1118 1974 1202">
    <p class='ocr_par' dir='ltr' id='par_1_12' title="bbox 327 1118 1974 1202">
     <span class='ocr_line' id='line_1_12' title="bbox 327 1118 1974 1202; baseline -0.005 -21"><span class='ocrx_word' id='word_1_68' title='bbox 327 1122 612 1202; x_wconf 75' lang='grc' dir='ltr'>φοϐερὸςὸ</span> <span class='ocrx_word' id='word_1_69' title='bbox 662 1122 712 1178; x_wconf 79' lang='grc' dir='ltr'>ἐν</span> <span class='ocrx_word' id='word_1_70' title='bbox 747 1128 900 1198; x_wconf 75' lang='grc' dir='ltr'>φωνῇ</span> <span class='ocrx_word' id='word_1_71' title='bbox 961 1121 1262 1197; x_wconf 79' lang='grc' dir='ltr'>σάλπιγγος</span> <span class='ocrx_word' id='word_1_72' title='bbox 1322 1120 1456 1194; x_wconf 79' lang='grc' dir='ltr'>μετά</span> <span class='ocrx_word' id='word_1_73' title='bbox 1514 1123 1626 1193; x_wconf 92' lang='lat'>(66)</span> <span class='ocrx_word' id='word_1_74' title='bbox 1657 1118 1822 1194; x_wconf 86' lang='grc' dir='ltr'>ἀγίων</span> <span class='ocrx_word' id='word_1_75' title='bbox 1877 1119 1974 1193; x_wconf 85' lang='grc' dir='ltr'>ἀγ-</span> 
     </span>
    </p>
   </div>
   <div class='ocr_carea' id='block_1_13' title="bbox 328 1203 1969 1290">
    <p class='ocr_par' dir='ltr' id='par_1_13' title="bbox 328 1203 1969 1290">
     <span class='ocr_line' id='line_1_13' title="bbox 328 1203 1969 1290; baseline -0.006 -20"><span class='ocrx_word' id='word_1_76' title='bbox 328 1213 504 1290; x_wconf 72' lang='grc' dir='ltr'>γέλων</span> <span class='ocrx_word' id='word_1_77' title='bbox 538 1211 827 1286; x_wconf 73' lang='grc' dir='ltr'>ἐπιδημεῖν</span> <span class='ocrx_word' id='word_1_78' title='bbox 877 1209 1096 1285; x_wconf 66' lang='grc' dir='ltr'>μέλλων</span> <span class='ocrx_word' id='word_1_79' title='bbox 1158 1209 1209 1280; x_wconf 77' lang='grc' dir='ltr'>ἐξ</span> <span class='ocrx_word' id='word_1_80' title='bbox 1259 1209 1521 1285; x_wconf 80' lang='grc' dir='ltr'>οὐρανῶν·</span> <span class='ocrx_word' id='word_1_81' title='bbox 1584 1203 1814 1285; x_wconf 71' lang='grc' dir='ltr'>φοϐερὸς</span> <span class='ocrx_word' id='word_1_82' title='bbox 1846 1207 1906 1261; x_wconf 76' lang='grc' dir='ltr'>οὗ</span> <span class='ocrx_word' id='word_1_83' title='bbox 1936 1209 1969 1276; x_wconf 84' lang='grc' dir='ltr'>ἡ</span> 
     </span>
    </p>
   </div>
   <div class='ocr_carea' id='block_1_14' title="bbox 322 1295 1975 1380">
    <p class='ocr_par' dir='ltr' id='par_1_14' title="bbox 322 1295 1975 1380">
     <span class='ocr_line' id='line_1_14' title="bbox 322 1295 1975 1380; baseline -0.005 -22"><span class='ocrx_word' id='word_1_84' title='bbox 322 1303 587 1380; x_wconf 77' lang='grc' dir='ltr'>ἀπόφασις</span> <span class='ocrx_word' id='word_1_85' title='bbox 650 1300 876 1362; x_wconf 86' lang='grc' dir='ltr'>κόλασις</span> <span class='ocrx_word' id='word_1_86' title='bbox 931 1299 1143 1356; x_wconf 69' lang='grc' dir='ltr'>αἶ’ωνίαι.</span> <span class='ocrx_word' id='word_1_87' title='bbox 1206 1300 1323 1354; x_wconf 75' lang='grc' dir='ltr'>Ἐὰν</span> <span class='ocrx_word' id='word_1_88' title='bbox 1407 1297 1497 1352; x_wconf 79' lang='grc' dir='ltr'>οὖν</span> <span class='ocrx_word' id='word_1_89' title='bbox 1574 1295 1975 1372; x_wconf 22' lang='grc' dir='ltr'>ᾕςιπεποιθὼς</span> 
     </span>
    </p>
   </div>
   <div class='ocr_carea' id='block_1_15' title="bbox 323 1385 1971 1466">
    <p class='ocr_par' dir='ltr' id='par_1_15' title="bbox 323 1385 1971 1466">
     <span class='ocr_line' id='line_1_15' title="bbox 323 1385 1971 1466; baseline -0.005 -20"><span class='ocrx_word' id='word_1_90' title='bbox 323 1390 408 1446; x_wconf 78' lang='grc' dir='ltr'>ἐπὶ</span> <span class='ocrx_word' id='word_1_91' title='bbox 461 1393 656 1466; x_wconf 77' lang='grc' dir='ltr'>Κύριον</span> <span class='ocrx_word' id='word_1_92' title='bbox 693 1435 708 1460; x_wconf 94' lang='grc'>,</span> <span class='ocrx_word' id='word_1_93' title='bbox 768 1389 829 1446; x_wconf 80' lang='grc' dir='ltr'>οὗ</span> <span class='ocrx_word' id='word_1_94' title='bbox 889 1391 1236 1458; x_wconf 81' lang='grc' dir='ltr'>συναντήσεις</span> <span class='ocrx_word' id='word_1_95' title='bbox 1309 1389 1421 1460; x_wconf 87' lang='grc'>(67)</span> <span class='ocrx_word' id='word_1_96' title='bbox 1485 1385 1631 1458; x_wconf 80' lang='grc' dir='ltr'>αὐτῷ</span> <span class='ocrx_word' id='word_1_97' title='bbox 1687 1387 1760 1447; x_wconf 84' lang='grc' dir='ltr'>ὡς</span> <span class='ocrx_word' id='word_1_98' title='bbox 1813 1385 1971 1448; x_wconf 81' lang='grc' dir='ltr'>λίθου</span> 
     </span>
    </p>
   </div>
   <div class='ocr_carea' id='block_1_16' title="bbox 321 1474 1971 1553">
    <p class='ocr_par' dir='ltr' id='par_1_16' title="bbox 321 1474 1971 1553">
     <span class='ocr_line' id='line_1_16' title="bbox 321 1474 1971 1553; baseline -0.005 -18"><span class='ocrx_word' id='word_1_99' title='bbox 321 1481 736 1553; x_wconf 74' lang='grc' dir='ltr'>προσκόμματι,</span> <span class='ocrx_word' id='word_1_100' title='bbox 798 1476 926 1533; x_wconf 64' lang='grc' dir='ltr'>οὐδε</span> <span class='ocrx_word' id='word_1_101' title='bbox 978 1477 1052 1539; x_wconf 87' lang='grc' dir='ltr'>ὡς</span> <span class='ocrx_word' id='word_1_102' title='bbox 1111 1475 1308 1548; x_wconf 68' lang='grc' dir='ltr'>πᾶτρας</span> <span class='ocrx_word' id='word_1_103' title='bbox 1364 1477 1645 1548; x_wconf 84' lang='grc' dir='ltr'>πτώματι.</span> <span class='ocrx_word' id='word_1_104' title='bbox 1702 1479 1897 1551; x_wconf 79' lang='grc' dir='ltr'>Σαφῶς</span> <span class='ocrx_word' id='word_1_105' title='bbox 1943 1474 1971 1527; x_wconf 97' lang='lat'>6</span> 
     </span>
    </p>
   </div>
   <div class='ocr_carea' id='block_1_17' title="bbox 319 1566 1970 1644">
    <p class='ocr_par' dir='ltr' id='par_1_17' title="bbox 319 1566 1970 1644">
     <span class='ocr_line' id='line_1_17' title="bbox 319 1566 1970 1644; baseline -0.005 -20"><span class='ocrx_word' id='word_1_106' title='bbox 319 1567 491 1644; x_wconf 82' lang='grc' dir='ltr'>λόγος</span> <span class='ocrx_word' id='word_1_107' title='bbox 525 1568 600 1630; x_wconf 83' lang='grc' dir='ltr'>είς</span> <span class='ocrx_word' id='word_1_108' title='bbox 629 1568 729 1635; x_wconf 69' lang='grc' dir='ltr'>τὴν</span> <span class='ocrx_word' id='word_1_109' title='bbox 771 1569 906 1644; x_wconf 82' lang='grc' dir='ltr'>πρὸς</span> <span class='ocrx_word' id='word_1_110' title='bbox 961 1567 1054 1621; x_wconf 88' lang='grc' dir='ltr'>τὸν</span> <span class='ocrx_word' id='word_1_111' title='bbox 1111 1566 1308 1633; x_wconf 81' lang='grc' dir='ltr'>Κύριον</span> <span class='ocrx_word' id='word_1_112' title='bbox 1349 1566 1508 1637; x_wconf 77' lang='grc' dir='ltr'>ἡμῶν</span> <span class='ocrx_word' id='word_1_113' title='bbox 1559 1567 1768 1634; x_wconf 75' lang='grc' dir='ltr'>Ἰησοῦν</span> <span class='ocrx_word' id='word_1_114' title='bbox 1800 1583 1970 1638; x_wconf 81' lang='grc' dir='ltr'>προσ-</span> 
     </span>
    </p>
   </div>
   <div class='ocr_carea' id='block_1_18' title="bbox 317 1649 1970 1729">
    <p class='ocr_par' dir='ltr' id='par_1_18' title="bbox 317 1649 1970 1729">
     <span class='ocr_line' id='line_1_18' title="bbox 317 1649 1970 1729; baseline -0.004 -19"><span class='ocrx_word' id='word_1_115' title='bbox 317 1655 565 1712; x_wconf 86' lang='grc' dir='ltr'>καλεῖται</span> <span class='ocrx_word' id='word_1_116' title='bbox 597 1656 800 1714; x_wconf 87' lang='grc' dir='ltr'>πίστιν,</span> <span class='ocrx_word' id='word_1_117' title='bbox 851 1655 981 1728; x_wconf 82' lang='grc' dir='ltr'>Περὶ</span> <span class='ocrx_word' id='word_1_118' title='bbox 1029 1653 1225 1708; x_wconf 81' lang='grc' dir='ltr'>τούτου</span> <span class='ocrx_word' id='word_1_119' title='bbox 1278 1654 1378 1729; x_wconf 73' lang='grc' dir='ltr'>γὰρ</span> <span class='ocrx_word' id='word_1_120' title='bbox 1433 1653 1666 1728; x_wconf 75' lang='grc' dir='ltr'>εἷ’ρηται,</span> <span class='ocrx_word' id='word_1_121' title='bbox 1713 1649 1970 1706; x_wconf 72' lang='grc' dir='ltr'>ὅτιἸδοὺ</span> 
     </span>
    </p>
   </div>
   <div class='ocr_carea' id='block_1_19' title="bbox 315 1741 1966 1818">
    <p class='ocr_par' dir='ltr' id='par_1_19' title="bbox 315 1741 1966 1818">
     <span class='ocr_line' id='line_1_19' title="bbox 315 1741 1966 1818; baseline -0.003 -19"><span class='ocrx_word' id='word_1_122' title='bbox 315 1746 513 1818; x_wconf 88' lang='grc' dir='ltr'>τίθημι</span> <span class='ocrx_word' id='word_1_123' title='bbox 561 1744 614 1799; x_wconf 83' lang='grc' dir='ltr'>ἐν</span> <span class='ocrx_word' id='word_1_124' title='bbox 678 1745 818 1799; x_wconf 87' lang='grc' dir='ltr'>Σιὼν</span> <span class='ocrx_word' id='word_1_125' title='bbox 875 1743 1028 1798; x_wconf 81' lang='grc' dir='ltr'>λίθον</span> <span class='ocrx_word' id='word_1_126' title='bbox 1111 1744 1553 1816; x_wconf 80' lang='grc' dir='ltr'>προσκόμματος,</span> <span class='ocrx_word' id='word_1_127' title='bbox 1612 1742 1700 1796; x_wconf 87' lang='grc' dir='ltr'>καὶ</span> <span class='ocrx_word' id='word_1_128' title='bbox 1770 1741 1966 1815; x_wconf 69' lang='grc' dir='ltr'>πέτραν</span> 
     </span>
    </p>
   </div>
   <div class='ocr_carea' id='block_1_20' title="bbox 321 1829 1967 1910">
    <p class='ocr_par' dir='ltr' id='par_1_20' title="bbox 321 1829 1967 1910">
     <span class='ocr_line' id='line_1_20' title="bbox 321 1829 1967 1910; baseline -0.004 -22"><span class='ocrx_word' id='word_1_129' title='bbox 321 1832 647 1890; x_wconf 85' lang='grc' dir='ltr'>σκανδάλου.</span> <span class='ocrx_word' id='word_1_130' title='bbox 681 1834 749 1890; x_wconf 71' lang='grc' dir='ltr'>Οἱ</span> <span class='ocrx_word' id='word_1_131' title='bbox 796 1831 1022 1910; x_wconf 78' lang='grc' dir='ltr'>τυφχοὶ,</span> <span class='ocrx_word' id='word_1_132' title='bbox 1067 1831 1156 1886; x_wconf 81' lang='grc' dir='ltr'>καὶ</span> <span class='ocrx_word' id='word_1_133' title='bbox 1209 1833 1283 1904; x_wconf 74' lang='grc' dir='ltr'>μὴ</span> <span class='ocrx_word' id='word_1_134' title='bbox 1344 1829 1632 1903; x_wconf 83' lang='grc' dir='ltr'>δυνάμενοι</span> <span class='ocrx_word' id='word_1_135' title='bbox 1662 1830 1728 1884; x_wconf 84' lang='grc' dir='ltr'>τὰ</span> <span class='ocrx_word' id='word_1_136' title='bbox 1757 1829 1807 1884; x_wconf 70' lang='grc' dir='ltr'>ἂν</span> <span class='ocrx_word' id='word_1_137' title='bbox 1841 1831 1967 1882; x_wconf 85' lang='grc' dir='ltr'>ποσὶ</span> 
     </span>
    </p>
   </div>
   <div class='ocr_carea' id='block_1_21' title="bbox 2085 587 3747 660">
    <p class='ocr_par' dir='ltr' id='par_1_21' title="bbox 2085 587 3747 660">
     <span class='ocr_line' id='line_1_21' title="bbox 2085 587 3747 660; baseline 0.002 -19"><span class='ocrx_word' id='word_1_138' title='bbox 2085 587 2153 641; x_wconf 88' lang='lat' dir='ltr'>ad</span> <span class='ocrx_word' id='word_1_139' title='bbox 2205 604 2441 642; x_wconf 91' lang='lat' dir='ltr'>omnem</span> <span class='ocrx_word' id='word_1_140' title='bbox 2500 589 2810 660; x_wconf 86' lang='lat' dir='ltr'>strepitum</span> <span class='ocrx_word' id='word_1_141' title='bbox 2872 590 3258 655; x_wconf 84' lang='lat' dir='ltr'>consternari,</span> <span class='ocrx_word' id='word_1_142' title='bbox 3303 607 3419 646; x_wconf 88' lang='lat' dir='ltr'>non</span> <span class='ocrx_word' id='word_1_143' title='bbox 3478 589 3747 645; x_wconf 86' lang='lat' dir='ltr'>timenda</span> 
     </span>
    </p>
   </div>
   <div class='ocr_carea' id='block_1_22' title="bbox 2084 675 3738 750">
    <p class='ocr_par' dir='ltr' id='par_1_22' title="bbox 2084 675 3738 750">
     <span class='ocr_line' id='line_1_22' title="bbox 2084 675 3738 750; baseline 0.003 -21"><span class='ocrx_word' id='word_1_144' title='bbox 2084 675 2379 730; x_wconf 86' lang='lat' dir='ltr'>timentes.</span> <span class='ocrx_word' id='word_1_145' title='bbox 2404 677 2568 732; x_wconf 83' lang='lat' dir='ltr'>Tales</span> <span class='ocrx_word' id='word_1_146' title='bbox 2611 677 2766 732; x_wconf 89' lang='lat' dir='ltr'>enim</span> <span class='ocrx_word' id='word_1_147' title='bbox 2809 678 3050 733; x_wconf 87' lang='lat' dir='ltr'>damnat</span> <span class='ocrx_word' id='word_1_148' title='bbox 3081 679 3348 750; x_wconf 89' lang='lat' dir='ltr'>psalmus</span> <span class='ocrx_word' id='word_1_149' title='bbox 3398 678 3492 732; x_wconf 89' lang='lat' dir='ltr'>his</span> <span class='ocrx_word' id='word_1_150' title='bbox 3521 677 3738 746; x_wconf 81' lang='lat' dir='ltr'>verbis,</span> 
     </span>
    </p>
   </div>
   <div class='ocr_carea' id='block_1_23' title="bbox 2082 765 3738 834">
    <p class='ocr_par' dir='ltr' id='par_1_23' title="bbox 2082 765 3738 834">
     <span class='ocr_line' id='line_1_23' title="bbox 2082 765 3738 834; baseline 0.002 -16"><span class='ocrx_word' id='word_1_151' title='bbox 2082 765 2204 820; x_wconf 83' lang='lat' dir='ltr'>Illic</span> <span class='ocrx_word' id='word_1_152' title='bbox 2233 767 2587 834; x_wconf 78' lang='lat' dir='ltr'>trepidabunt</span> <span class='ocrx_word' id='word_1_153' title='bbox 2615 769 2812 823; x_wconf 81' lang='lat' dir='ltr'>timore</span> <span class='ocrx_word' id='word_1_154' title='bbox 2840 770 2935 822; x_wconf 82' lang='lat' dir='ltr'>ubi</span> <span class='ocrx_word' id='word_1_155' title='bbox 2964 784 3071 823; x_wconf 84' lang='lat' dir='ltr'>non</span> <span class='ocrx_word' id='word_1_156' title='bbox 3104 777 3222 822; x_wconf 85' lang='lat' dir='ltr'>erat</span> <span class='ocrx_word' id='word_1_157' title='bbox 3254 771 3424 823; x_wconf 89' lang='lat' dir='ltr'>timor</span> <span class='ocrx_word' id='word_1_158' title='bbox 3446 768 3510 822; x_wconf 80' lang='grc'>⁸⁷.</span> <span class='ocrx_word' id='word_1_159' title='bbox 3535 767 3738 822; x_wconf 84' lang='lat' dir='ltr'>Domi-</span> 
     </span>
    </p>
   </div>
   <div class='ocr_carea' id='block_1_24' title="bbox 2084 855 3739 927">
    <p class='ocr_par' dir='ltr' id='par_1_24' title="bbox 2084 855 3739 927">
     <span class='ocr_line' id='line_1_24' title="bbox 2084 855 3739 927; baseline 0.002 -19"><span class='ocrx_word' id='word_1_160' title='bbox 2084 871 2224 908; x_wconf 87' lang='lat' dir='ltr'>num</span> <span class='ocrx_word' id='word_1_161' title='bbox 2249 855 2432 925; x_wconf 78' lang='lat' dir='ltr'>igitur</span> <span class='ocrx_word' id='word_1_162' title='bbox 2453 857 2777 925; x_wconf 85' lang='lat' dir='ltr'>sanctifica,</span> <span class='ocrx_word' id='word_1_163' title='bbox 2803 858 2868 911; x_wconf 85' lang='lat' dir='ltr'>Et</span> <span class='ocrx_word' id='word_1_164' title='bbox 2889 859 3001 927; x_wconf 84' lang='lat' dir='ltr'>ipse</span> <span class='ocrx_word' id='word_1_165' title='bbox 3020 860 3126 912; x_wconf 86' lang='lat' dir='ltr'>erit</span> <span class='ocrx_word' id='word_1_166' title='bbox 3147 861 3312 912; x_wconf 88' lang='lat' dir='ltr'>timor</span> <span class='ocrx_word' id='word_1_167' title='bbox 3329 862 3473 912; x_wconf 82' lang='lat' dir='ltr'>tuus.</span> <span class='ocrx_word' id='word_1_168' title='bbox 3500 858 3739 912; x_wconf 64' lang='lat' dir='ltr'>Praesto-</span> 
     </span>
    </p>
   </div>
   <div class='ocr_carea' id='block_1_25' title="bbox 2085 943 3734 1016">
    <p class='ocr_par' dir='ltr' id='par_1_25' title="bbox 2085 943 3734 1016">
     <span class='ocr_line' id='line_1_25' title="bbox 2085 943 3734 1016; baseline 0.003 -20"><span class='ocrx_word' id='word_1_169' title='bbox 2085 943 2203 997; x_wconf 90' lang='lat' dir='ltr'>lare</span> <span class='ocrx_word' id='word_1_170' title='bbox 2229 943 2390 999; x_wconf 85' lang='lat' dir='ltr'>illius</span> <span class='ocrx_word' id='word_1_171' title='bbox 2421 945 2759 1012; x_wconf 84' lang='lat' dir='ltr'>adventum,</span> <span class='ocrx_word' id='word_1_172' title='bbox 2783 945 2946 1001; x_wconf 88' lang='lat' dir='ltr'>illius</span> <span class='ocrx_word' id='word_1_173' title='bbox 2971 946 3526 1016; x_wconf 83' lang='lat' dir='ltr'>formidajudicium</span> <span class='ocrx_word' id='word_1_174' title='bbox 3557 947 3734 1004; x_wconf 72' lang='lat'>540.</span> 
     </span>
    </p>
   </div>
   <div class='ocr_carea' id='block_1_26' title="bbox 2085 1033 3737 1107">
    <p class='ocr_par' dir='ltr' id='par_1_26' title="bbox 2085 1033 3737 1107">
     <span class='ocr_line' id='line_1_26' title="bbox 2085 1033 3737 1107; baseline 0.002 -21"><span class='ocrx_word' id='word_1_175' title='bbox 2085 1033 2388 1087; x_wconf 82' lang='lat' dir='ltr'>Terribilis</span> <span class='ocrx_word' id='word_1_176' title='bbox 2436 1038 2524 1088; x_wconf 90' lang='lat' dir='ltr'>est</span> <span class='ocrx_word' id='word_1_177' title='bbox 2567 1035 2662 1102; x_wconf 89' lang='lat' dir='ltr'>qui</span> <span class='ocrx_word' id='word_1_178' title='bbox 2698 1034 3017 1105; x_wconf 82' lang='lat' dir='ltr'>unicuique</span> <span class='ocrx_word' id='word_1_179' title='bbox 3075 1036 3278 1090; x_wconf 82' lang='lat' dir='ltr'>reddet</span> <span class='ocrx_word' id='word_1_180' title='bbox 3330 1037 3502 1104; x_wconf 80' lang='lat' dir='ltr'>juxta</span> <span class='ocrx_word' id='word_1_181' title='bbox 3559 1051 3737 1107; x_wconf 81' lang='lat' dir='ltr'>opera</span> 
     </span>
    </p>
   </div>
   <div class='ocr_carea' id='block_1_27' title="bbox 2083 1120 3738 1194">
    <p class='ocr_par' dir='ltr' id='par_1_27' title="bbox 2083 1120 3738 1194">
     <span class='ocr_line' id='line_1_27' title="bbox 2083 1120 3738 1194; baseline 0.004 -22"><span class='ocrx_word' id='word_1_182' title='bbox 2083 1120 2270 1190; x_wconf 84' lang='lat' dir='ltr'>ipsius</span> <span class='ocrx_word' id='word_1_183' title='bbox 2294 1121 2366 1187; x_wconf 72' lang='lat'>‘9;</span> <span class='ocrx_word' id='word_1_184' title='bbox 2401 1124 2751 1178; x_wconf 89' lang='lat' dir='ltr'>metuendus</span> <span class='ocrx_word' id='word_1_185' title='bbox 2784 1123 2900 1186; x_wconf 88' lang='lat' dir='ltr'>ille,</span> <span class='ocrx_word' id='word_1_186' title='bbox 2925 1125 3022 1194; x_wconf 88' lang='lat' dir='ltr'>qui</span> <span class='ocrx_word' id='word_1_187' title='bbox 3048 1124 3104 1178; x_wconf 91' lang='lat' dir='ltr'>in</span> <span class='ocrx_word' id='word_1_188' title='bbox 3132 1139 3266 1178; x_wconf 88' lang='lat' dir='ltr'>voce</span> <span class='ocrx_word' id='word_1_189' title='bbox 3286 1125 3439 1179; x_wconf 74' lang='lat' dir='ltr'>illst</span> <span class='ocrx_word' id='word_1_190' title='bbox 3471 1141 3602 1179; x_wconf 90' lang='lat' dir='ltr'>eum</span> <span class='ocrx_word' id='word_1_191' title='bbox 3637 1140 3738 1178; x_wconf 80' lang='lat' dir='ltr'>an-</span> 
     </span>
    </p>
   </div>
   <div class='ocr_carea' id='block_1_28' title="bbox 2083 1209 3736 1281">
    <p class='ocr_par' dir='ltr' id='par_1_28' title="bbox 2083 1209 3736 1281">
     <span class='ocr_line' id='line_1_28' title="bbox 2083 1209 3736 1281; baseline 0.003 -19"><span class='ocrx_word' id='word_1_192' title='bbox 2083 1209 2229 1280; x_wconf 88' lang='lat' dir='ltr'>gelis</span> <span class='ocrx_word' id='word_1_193' title='bbox 2251 1210 2469 1265; x_wconf 83' lang='lat' dir='ltr'>sanctis</span> <span class='ocrx_word' id='word_1_194' title='bbox 2494 1227 2523 1266; x_wconf 93' lang='lat' dir='ltr'>e</span> <span class='ocrx_word' id='word_1_195' title='bbox 2545 1211 2706 1266; x_wconf 69' lang='lat' dir='ltr'>caelis</span> <span class='ocrx_word' id='word_1_196' title='bbox 2736 1217 3018 1267; x_wconf 88' lang='lat' dir='ltr'>venturus</span> <span class='ocrx_word' id='word_1_197' title='bbox 3050 1218 3140 1266; x_wconf 88' lang='lat' dir='ltr'>est</span> <span class='ocrx_word' id='word_1_198' title='bbox 3161 1213 3233 1279; x_wconf 76' lang='lat'>‘0;</span> <span class='ocrx_word' id='word_1_199' title='bbox 3255 1213 3598 1268; x_wconf 87' lang='lat' dir='ltr'>tremendus</span> <span class='ocrx_word' id='word_1_200' title='bbox 3615 1211 3736 1281; x_wconf 90' lang='lat' dir='ltr'>ille,</span> 
     </span>
    </p>
   </div>
   <div class='ocr_carea' id='block_1_29' title="bbox 2083 1299 3740 1372">
    <p class='ocr_par' dir='ltr' id='par_1_29' title="bbox 2083 1299 3740 1372">
     <span class='ocr_line' id='line_1_29' title="bbox 2083 1299 3740 1372; baseline 0.003 -20"><span class='ocrx_word' id='word_1_201' title='bbox 2083 1299 2555 1368; x_wconf 83' lang='lat' dir='ltr'>cujusjudicium</span> <span class='ocrx_word' id='word_1_202' title='bbox 2587 1300 2942 1372; x_wconf 88' lang='lat' dir='ltr'>supplicium</span> <span class='ocrx_word' id='word_1_203' title='bbox 2967 1305 3247 1356; x_wconf 84' lang='lat' dir='ltr'>aeternum</span> <span class='ocrx_word' id='word_1_204' title='bbox 3273 1305 3363 1357; x_wconf 86' lang='lat' dir='ltr'>est</span> <span class='ocrx_word' id='word_1_205' title='bbox 3384 1302 3450 1354; x_wconf 73' lang='grc' dir='ltr'>δί.</span> <span class='ocrx_word' id='word_1_206' title='bbox 3472 1303 3536 1356; x_wconf 86' lang='lat' dir='ltr'>Si</span> <span class='ocrx_word' id='word_1_207' title='bbox 3565 1303 3740 1372; x_wconf 81' lang='lat' dir='ltr'>igitur</span> 
     </span>
    </p>
   </div>
   <div class='ocr_carea' id='block_1_30' title="bbox 2082 1388 3741 1461">
    <p class='ocr_par' dir='ltr' id='par_1_30' title="bbox 2082 1388 3741 1461">
     <span class='ocr_line' id='line_1_30' title="bbox 2082 1388 3741 1461; baseline 0.001 -19"><span class='ocrx_word' id='word_1_208' title='bbox 2082 1388 2323 1456; x_wconf 73' lang='lat' dir='ltr'>conﬁdas</span> <span class='ocrx_word' id='word_1_209' title='bbox 2368 1390 2429 1442; x_wconf 86' lang='lat' dir='ltr'>in</span> <span class='ocrx_word' id='word_1_210' title='bbox 2459 1389 2707 1455; x_wconf 86' lang='lat' dir='ltr'>Domino,</span> <span class='ocrx_word' id='word_1_211' title='bbox 2740 1405 2850 1445; x_wconf 88' lang='lat' dir='ltr'>non</span> <span class='ocrx_word' id='word_1_212' title='bbox 2898 1389 2975 1445; x_wconf 85' lang='lat' dir='ltr'>ad</span> <span class='ocrx_word' id='word_1_213' title='bbox 3017 1407 3141 1445; x_wconf 83' lang='lat' dir='ltr'>eum</span> <span class='ocrx_word' id='word_1_214' title='bbox 3193 1392 3354 1461; x_wconf 88' lang='lat' dir='ltr'>quasi</span> <span class='ocrx_word' id='word_1_215' title='bbox 3401 1390 3478 1446; x_wconf 87' lang='lat' dir='ltr'>ad</span> <span class='ocrx_word' id='word_1_216' title='bbox 3531 1390 3741 1461; x_wconf 82' lang='lat' dir='ltr'>lapidis</span> 
     </span>
    </p>
   </div>
   <div class='ocr_carea' id='block_1_31' title="bbox 2082 1473 3732 1551">
    <p class='ocr_par' dir='ltr' id='par_1_31' title="bbox 2082 1473 3732 1551">
     <span class='ocr_line' id='line_1_31' title="bbox 2082 1473 3732 1551; baseline 0.001 -20"><span class='ocrx_word' id='word_1_217' title='bbox 2082 1473 2442 1549; x_wconf 62' lang='lat' dir='ltr'>offensionem</span> <span class='ocrx_word' id='word_1_218' title='bbox 2473 1478 2712 1548; x_wconf 76' lang='lat' dir='ltr'>accedes,</span> <span class='ocrx_word' id='word_1_219' title='bbox 2746 1495 2918 1550; x_wconf 86' lang='lat' dir='ltr'>neque</span> <span class='ocrx_word' id='word_1_220' title='bbox 2965 1482 3122 1551; x_wconf 85' lang='lat' dir='ltr'>quasi</span> <span class='ocrx_word' id='word_1_221' title='bbox 3168 1480 3245 1534; x_wconf 87' lang='lat' dir='ltr'>ad</span> <span class='ocrx_word' id='word_1_222' title='bbox 3286 1487 3454 1550; x_wconf 68' lang='lat' dir='ltr'>petrae</span> <span class='ocrx_word' id='word_1_223' title='bbox 3484 1481 3732 1535; x_wconf 86' lang='lat' dir='ltr'>ruinam.</span> 
     </span>
    </p>
   </div>
   <div class='ocr_carea' id='block_1_32' title="bbox 2081 1564 3738 1640">
    <p class='ocr_par' dir='ltr' id='par_1_32' title="bbox 2081 1564 3738 1640">
     <span class='ocr_line' id='line_1_32' title="bbox 2081 1564 3738 1640; baseline 0.001 -20"><span class='ocrx_word' id='word_1_224' title='bbox 2081 1564 2386 1620; x_wconf 83' lang='lat' dir='ltr'>Sententia</span> <span class='ocrx_word' id='word_1_225' title='bbox 2417 1566 2538 1621; x_wconf 72' lang='lat' dir='ltr'>hinc</span> <span class='ocrx_word' id='word_1_226' title='bbox 2571 1567 2877 1638; x_wconf 86' lang='lat' dir='ltr'>perspicue</span> <span class='ocrx_word' id='word_1_227' title='bbox 2899 1569 3246 1623; x_wconf 82' lang='lat' dir='ltr'>adhortatur</span> <span class='ocrx_word' id='word_1_228' title='bbox 3275 1569 3345 1624; x_wconf 88' lang='lat' dir='ltr'>ad</span> <span class='ocrx_word' id='word_1_229' title='bbox 3380 1567 3738 1640; x_wconf 84' lang='lat' dir='ltr'>amplecten-</span> 
     </span>
    </p>
   </div>
   <div class='ocr_carea' id='block_1_33' title="bbox 2081 1654 3734 1712">
    <p class='ocr_par' dir='ltr' id='par_1_33' title="bbox 2081 1654 3734 1712">
     <span class='ocr_line' id='line_1_33' title="bbox 2081 1654 3734 1712; baseline 0.003 -5"><span class='ocrx_word' id='word_1_230' title='bbox 2081 1654 2213 1708; x_wconf 82' lang='lat' dir='ltr'>dam</span> <span class='ocrx_word' id='word_1_231' title='bbox 2235 1654 2406 1708; x_wconf 82' lang='lat' dir='ltr'>tidem</span> <span class='ocrx_word' id='word_1_232' title='bbox 2433 1654 2488 1708; x_wconf 91' lang='lat' dir='ltr'>in</span> <span class='ocrx_word' id='word_1_233' title='bbox 2515 1657 2824 1712; x_wconf 78' lang='lat' dir='ltr'>Dominum</span> <span class='ocrx_word' id='word_1_234' title='bbox 2848 1662 3111 1711; x_wconf 85' lang='lat' dir='ltr'>nostrum</span> <span class='ocrx_word' id='word_1_235' title='bbox 3136 1658 3364 1712; x_wconf 88' lang='lat' dir='ltr'>Jesum.</span> <span class='ocrx_word' id='word_1_236' title='bbox 3385 1657 3464 1712; x_wconf 90' lang='lat' dir='ltr'>De</span> <span class='ocrx_word' id='word_1_237' title='bbox 3485 1673 3552 1712; x_wconf 89' lang='lat' dir='ltr'>eo</span> <span class='ocrx_word' id='word_1_238' title='bbox 3573 1657 3734 1712; x_wconf 85' lang='lat' dir='ltr'>enim</span> 
     </span>
    </p>
   </div>
   <div class='ocr_carea' id='block_1_34' title="bbox 2079 1742 3733 1817">
    <p class='ocr_par' dir='ltr' id='par_1_34' title="bbox 2079 1742 3733 1817">
     <span class='ocr_line' id='line_1_34' title="bbox 2079 1742 3733 1817; baseline 0.003 -21"><span class='ocrx_word' id='word_1_239' title='bbox 2079 1742 2300 1797; x_wconf 88' lang='lat' dir='ltr'>dictum</span> <span class='ocrx_word' id='word_1_240' title='bbox 2338 1747 2465 1797; x_wconf 89' lang='lat' dir='ltr'>est:</span> <span class='ocrx_word' id='word_1_241' title='bbox 2495 1744 2623 1800; x_wconf 85' lang='lat' dir='ltr'>Ecce</span> <span class='ocrx_word' id='word_1_242' title='bbox 2668 1760 2814 1814; x_wconf 85' lang='lat' dir='ltr'>pono</span> <span class='ocrx_word' id='word_1_243' title='bbox 2846 1749 2905 1799; x_wconf 85' lang='lat' dir='ltr'>in</span> <span class='ocrx_word' id='word_1_244' title='bbox 2934 1745 3066 1799; x_wconf 85' lang='lat' dir='ltr'>Sion</span> <span class='ocrx_word' id='word_1_245' title='bbox 3113 1746 3354 1816; x_wconf 83' lang='lat' dir='ltr'>lapidem</span> <span class='ocrx_word' id='word_1_246' title='bbox 3383 1746 3733 1817; x_wconf 75' lang='lat' dir='ltr'>o/Tensionis,</span> 
     </span>
    </p>
   </div>
   <div class='ocr_carea' id='block_1_35' title="bbox 2078 1832 3736 1906">
    <p class='ocr_par' dir='ltr' id='par_1_35' title="bbox 2078 1832 3736 1906">
     <span class='ocr_line' id='line_1_35' title="bbox 2078 1832 3736 1906; baseline 0.002 -20"><span class='ocrx_word' id='word_1_247' title='bbox 2078 1839 2131 1886; x_wconf 88' lang='lat' dir='ltr'>et</span> <span class='ocrx_word' id='word_1_248' title='bbox 2157 1841 2369 1901; x_wconf 86' lang='lat' dir='ltr'>petram</span> <span class='ocrx_word' id='word_1_249' title='bbox 2402 1832 2658 1887; x_wconf 84' lang='lat' dir='ltr'>scandali</span> <span class='ocrx_word' id='word_1_250' title='bbox 2681 1834 2747 1886; x_wconf 64' lang='lat'>59.</span> <span class='ocrx_word' id='word_1_251' title='bbox 2773 1833 2879 1898; x_wconf 88' lang='lat' dir='ltr'>Qui</span> <span class='ocrx_word' id='word_1_252' title='bbox 2906 1834 3038 1888; x_wconf 70' lang='lat' dir='ltr'>caici</span> <span class='ocrx_word' id='word_1_253' title='bbox 3071 1838 3228 1898; x_wconf 86' lang='lat' dir='ltr'>sunt,</span> <span class='ocrx_word' id='word_1_254' title='bbox 3258 1839 3316 1889; x_wconf 87' lang='lat' dir='ltr'>et</span> <span class='ocrx_word' id='word_1_255' title='bbox 3345 1851 3414 1890; x_wconf 85' lang='lat' dir='ltr'>ea</span> <span class='ocrx_word' id='word_1_256' title='bbox 3443 1851 3570 1906; x_wconf 71' lang='lat' dir='ltr'>quis</span> <span class='ocrx_word' id='word_1_257' title='bbox 3601 1841 3736 1890; x_wconf 84' lang='lat' dir='ltr'>ante</span> 
     </span>
    </p>
   </div>
   <div class='ocr_carea' id='block_1_36' title="bbox 315 1889 1971 1996">
    <p class='ocr_par' dir='ltr' id='par_1_36' title="bbox 315 1889 1969 1996">
     <span class='ocr_line' id='line_1_36' title="bbox 315 1889 1969 1996; baseline -0.004 -19"><span class='ocrx_word' id='word_1_258' title='bbox 315 1924 573 1994; x_wconf 80' lang='grc' dir='ltr'>καθορᾷν,</span> <span class='ocrx_word' id='word_1_259' title='bbox 606 1889 1020 1996; x_wconf 37' lang='grc' dir='ltr'>προσπταίιοιύσιι</span> <span class='ocrx_word' id='word_1_260' title='bbox 1053 1925 1166 1981; x_wconf 85' lang='grc' dir='ltr'>τνῖς</span> <span class='ocrx_word' id='word_1_261' title='bbox 1209 1889 1418 1984; x_wconf 62' lang='grc' dir='ltr'>λίθοις,</span> <span class='ocrx_word' id='word_1_262' title='bbox 1451 1889 1539 1972; x_wconf 42' lang='grc' dir='ltr'>κιαὶ</span> <span class='ocrx_word' id='word_1_263' title='bbox 1587 1919 1637 1973; x_wconf 80' lang='grc' dir='ltr'>οἱ</span> <span class='ocrx_word' id='word_1_264' title='bbox 1687 1918 1762 1990; x_wconf 80' lang='grc' dir='ltr'>μή</span> <span class='ocrx_word' id='word_1_265' title='bbox 1794 1919 1969 1994; x_wconf 76' lang='grc' dir='ltr'>ἠσφα-</span> 
     </span>
    </p>
   </div>
   <div class='ocr_carea' id='block_1_37' title="bbox 2086 1889 3728 1996">
    <p class='ocr_par' dir='ltr' id='par_1_37' title="bbox 2086 1889 3728 1995">
     <span class='ocr_line' id='line_1_37' title="bbox 2086 1889 3728 1995; baseline 0.003 -22"><span class='ocrx_word' id='word_1_266' title='bbox 2086 1889 2256 1992; x_wconf 80' lang='lat' dir='ltr'>pedes</span> <span class='ocrx_word' id='word_1_267' title='bbox 2284 1929 2419 1976; x_wconf 91' lang='lat' dir='ltr'>sunt</span> <span class='ocrx_word' id='word_1_268' title='bbox 2444 1923 2652 1992; x_wconf 90' lang='lat' dir='ltr'>posita,</span> <span class='ocrx_word' id='word_1_269' title='bbox 2679 1889 2870 1977; x_wconf 67' lang='lat' dir='ltr'>videre</span> <span class='ocrx_word' id='word_1_270' title='bbox 2893 1939 3007 1977; x_wconf 90' lang='lat' dir='ltr'>non</span> <span class='ocrx_word' id='word_1_271' title='bbox 3034 1889 3302 1995; x_wconf 75' lang='lat' dir='ltr'>possunt,</span> <span class='ocrx_word' id='word_1_272' title='bbox 3327 1889 3632 1979; x_wconf 64' lang='lat' dir='ltr'>offendunt</span> <span class='ocrx_word' id='word_1_273' title='bbox 3659 1889 3728 1978; x_wconf 85' lang='lat' dir='ltr'>ad</span> 
     </span>
    </p>
   </div>
   <div class='ocr_carea' id='block_1_38' title="bbox 318 2005 1967 2086">
    <p class='ocr_par' dir='ltr' id='par_1_38' title="bbox 318 2005 1967 2086">
     <span class='ocr_line' id='line_1_38' title="bbox 318 2005 1967 2086; baseline -0.002 -20"><span class='ocrx_word' id='word_1_274' title='bbox 318 2010 566 2085; x_wconf 67' lang='grc' dir='ltr'>λισμίνυι</span> <span class='ocrx_word' id='word_1_275' title='bbox 616 2011 709 2073; x_wconf 74' lang='grc' dir='ltr'>τὰς</span> <span class='ocrx_word' id='word_1_276' title='bbox 769 2009 973 2086; x_wconf 87' lang='grc' dir='ltr'>βάσεις,</span> <span class='ocrx_word' id='word_1_277' title='bbox 1023 2007 1522 2081; x_wconf 80' lang='grc' dir='ltr'>περιολισθαίνουσι</span> <span class='ocrx_word' id='word_1_278' title='bbox 1561 2011 1680 2068; x_wconf 83' lang='grc' dir='ltr'>ταῖς</span> <span class='ocrx_word' id='word_1_279' title='bbox 1728 2005 1967 2082; x_wconf 72' lang='grc' dir='ltr'>πέτραις.</span> 
     </span>
    </p>
   </div>
   <div class='ocr_carea' id='block_1_39' title="bbox 317 2094 1970 2172">
    <p class='ocr_par' dir='ltr' id='par_1_39' title="bbox 317 2094 1970 2172">
     <span class='ocr_line' id='line_1_39' title="bbox 317 2094 1970 2172; baseline -0.004 -16"><span class='ocrx_word' id='word_1_280' title='bbox 317 2103 378 2157; x_wconf 78' lang='grc' dir='ltr'>Ὁ</span> <span class='ocrx_word' id='word_1_281' title='bbox 419 2101 597 2155; x_wconf 88' lang='grc' dir='ltr'>τοίνυν</span> <span class='ocrx_word' id='word_1_282' title='bbox 660 2097 930 2172; x_wconf 81' lang='grc' dir='ltr'>μηδεμίαν</span> <span class='ocrx_word' id='word_1_283' title='bbox 989 2096 1304 2170; x_wconf 70' lang='grc' dir='ltr'>ἐπιμέλειαν</span> <span class='ocrx_word' id='word_1_284' title='bbox 1360 2101 1458 2152; x_wconf 83' lang='grc' dir='ltr'>τοῦ</span> <span class='ocrx_word' id='word_1_285' title='bbox 1508 2094 1820 2168; x_wconf 82' lang='grc' dir='ltr'>διορατικοῦ</span> <span class='ocrx_word' id='word_1_286' title='bbox 1871 2103 1970 2165; x_wconf 78' lang='grc' dir='ltr'>τῆς</span> 
     </span>
    </p>
   </div>
   <div class='ocr_carea' id='block_1_40' title="bbox 2081 2010 3733 2082">
    <p class='ocr_par' dir='ltr' id='par_1_40' title="bbox 2081 2010 3733 2082">
     <span class='ocr_line' id='line_1_40' title="bbox 2081 2010 3733 2082; baseline 0.002 -19"><span class='ocrx_word' id='word_1_287' title='bbox 2081 2011 2333 2081; x_wconf 83' lang='lat' dir='ltr'>lapides;</span> <span class='ocrx_word' id='word_1_288' title='bbox 2367 2015 2424 2066; x_wconf 89' lang='lat' dir='ltr'>et</span> <span class='ocrx_word' id='word_1_289' title='bbox 2455 2010 2786 2082; x_wconf 84' lang='lat' dir='ltr'>ii,quorum</span> <span class='ocrx_word' id='word_1_290' title='bbox 2819 2011 3032 2082; x_wconf 65' lang='lat' dir='ltr'>planta</span> <span class='ocrx_word' id='word_1_291' title='bbox 3055 2029 3167 2067; x_wconf 89' lang='lat' dir='ltr'>non</span> <span class='ocrx_word' id='word_1_292' title='bbox 3194 2015 3332 2067; x_wconf 86' lang='lat' dir='ltr'>sunt</span> <span class='ocrx_word' id='word_1_293' title='bbox 3353 2012 3641 2077; x_wconf 59' lang='lat' dir='ltr'>solidata,</span> <span class='ocrx_word' id='word_1_294' title='bbox 3673 2013 3733 2068; x_wconf 90' lang='lat' dir='ltr'>in</span> 
     </span>
    </p>
   </div>
   <div class='ocr_carea' id='block_1_41' title="bbox 2080 2099 3733 2172">
    <p class='ocr_par' dir='ltr' id='par_1_41' title="bbox 2080 2099 3733 2172">
     <span class='ocr_line' id='line_1_41' title="bbox 2080 2099 3733 2172; baseline 0.002 -19"><span class='ocrx_word' id='word_1_295' title='bbox 2080 2104 2275 2171; x_wconf 89' lang='lat' dir='ltr'>petras</span> <span class='ocrx_word' id='word_1_296' title='bbox 2315 2099 2683 2156; x_wconf 86' lang='lat' dir='ltr'>incurrentes</span> <span class='ocrx_word' id='word_1_297' title='bbox 2731 2100 3140 2172; x_wconf 85' lang='lat' dir='ltr'>prolabuntur.</span> <span class='ocrx_word' id='word_1_298' title='bbox 3175 2103 3375 2172; x_wconf 89' lang='lat' dir='ltr'>Itaque</span> <span class='ocrx_word' id='word_1_299' title='bbox 3407 2099 3507 2171; x_wconf 88' lang='lat' dir='ltr'>qui</span> <span class='ocrx_word' id='word_1_300' title='bbox 3551 2100 3733 2156; x_wconf 85' lang='lat' dir='ltr'>animi</span> 
     </span>
    </p>
   </div>
   <div class='ocr_carea' id='block_1_42' title="bbox 317 2183 1971 2265">
    <p class='ocr_par' dir='ltr' id='par_1_42' title="bbox 317 2183 1968 2265">
     <span class='ocr_line' id='line_1_42' title="bbox 317 2183 1968 2265; baseline -0.003 -21"><span class='ocrx_word' id='word_1_301' title='bbox 317 2192 500 2265; x_wconf 70' lang='grc' dir='ltr'>ψυχῆς</span> <span class='ocrx_word' id='word_1_302' title='bbox 531 2188 922 2261; x_wconf 78' lang='grc' dir='ltr'>ποιησάμενος,</span> <span class='ocrx_word' id='word_1_303' title='bbox 979 2184 1119 2259; x_wconf 81' lang='grc' dir='ltr'>μηδέ</span> <span class='ocrx_word' id='word_1_304' title='bbox 1177 2183 1266 2240; x_wconf 72' lang='grc' dir='ltr'>διὰ</span> <span class='ocrx_word' id='word_1_305' title='bbox 1322 2193 1420 2254; x_wconf 80' lang='grc' dir='ltr'>τῆς</span> <span class='ocrx_word' id='word_1_306' title='bbox 1472 2183 1820 2248; x_wconf 70' lang='grc' dir='ltr'>διδασκαλίας</span> <span class='ocrx_word' id='word_1_307' title='bbox 1858 2190 1968 2240; x_wconf 81' lang='grc' dir='ltr'>τῶν</span> 
     </span>
    </p>
   </div>
   <div class='ocr_carea' id='block_1_43' title="bbox 2086 2183 3739 2265">
    <p class='ocr_par' dir='ltr' id='par_1_43' title="bbox 2086 2186 3739 2260">
     <span class='ocr_line' id='line_1_43' title="bbox 2086 2186 3739 2260; baseline 0.002 -21"><span class='ocrx_word' id='word_1_308' title='bbox 2086 2186 2197 2240; x_wconf 89' lang='lat' dir='ltr'>vim</span> <span class='ocrx_word' id='word_1_309' title='bbox 2241 2187 2474 2241; x_wconf 88' lang='lat' dir='ltr'>videndi</span> <span class='ocrx_word' id='word_1_310' title='bbox 2507 2188 2748 2243; x_wconf 89' lang='lat' dir='ltr'>omnino</span> <span class='ocrx_word' id='word_1_311' title='bbox 2782 2187 3054 2259; x_wconf 72' lang='lat' dir='ltr'>neglexit,</span> <span class='ocrx_word' id='word_1_312' title='bbox 3079 2205 3182 2243; x_wconf 87' lang='lat' dir='ltr'>nec</span> <span class='ocrx_word' id='word_1_313' title='bbox 3214 2188 3444 2244; x_wconf 91' lang='lat' dir='ltr'>Domini</span> <span class='ocrx_word' id='word_1_314' title='bbox 3499 2188 3739 2260; x_wconf 83' lang='lat' dir='ltr'>agnovit</span> 
     </span>
    </p>
   </div>
   <div class='ocr_carea' id='block_1_44' title="bbox 316 2278 1972 2360">
    <p class='ocr_par' dir='ltr' id='par_1_44' title="bbox 316 2278 1972 2360">
     <span class='ocr_line' id='line_1_44' title="bbox 316 2278 1972 2360; baseline -0.005 -23"><span class='ocrx_word' id='word_1_315' title='bbox 316 2288 543 2360; x_wconf 78' lang='grc' dir='ltr'>Υραφῶν</span> <span class='ocrx_word' id='word_1_316' title='bbox 585 2280 856 2356; x_wconf 82' lang='grc' dir='ltr'>γνωρίσας</span> <span class='ocrx_word' id='word_1_317' title='bbox 907 2281 1006 2348; x_wconf 75' lang='grc' dir='ltr'>τὴν</span> <span class='ocrx_word' id='word_1_318' title='bbox 1057 2281 1152 2332; x_wconf 79' lang='grc' dir='ltr'>τοῦ</span> <span class='ocrx_word' id='word_1_319' title='bbox 1208 2278 1413 2349; x_wconf 77' lang='grc' dir='ltr'>Κυρίου</span> <span class='ocrx_word' id='word_1_320' title='bbox 1461 2278 1778 2352; x_wconf 83' lang='grc' dir='ltr'>παρουσίαν,</span> <span class='ocrx_word' id='word_1_321' title='bbox 1811 2297 1972 2352; x_wconf 86' lang='grc' dir='ltr'>περι-</span> 
     </span>
    </p>
   </div>
   <div class='ocr_carea' id='block_1_45' title="bbox 316 2365 1969 2444">
    <p class='ocr_par' dir='ltr' id='par_1_45' title="bbox 316 2365 1969 2444">
     <span class='ocr_line' id='line_1_45' title="bbox 316 2365 1969 2444; baseline -0.004 -18"><span class='ocrx_word' id='word_1_322' title='bbox 316 2371 493 2426; x_wconf 77' lang='grc' dir='ltr'>πταίει</span> <span class='ocrx_word' id='word_1_323' title='bbox 540 2375 620 2442; x_wconf 78' lang='grc' dir='ltr'>τῷ</span> <span class='ocrx_word' id='word_1_324' title='bbox 667 2369 981 2444; x_wconf 79' lang='grc' dir='ltr'>κηρύγματι</span> <span class='ocrx_word' id='word_1_325' title='bbox 1040 2371 1136 2421; x_wconf 76' lang='grc' dir='ltr'>τοῦ</span> <span class='ocrx_word' id='word_1_326' title='bbox 1193 2365 1547 2442; x_wconf 79' lang='grc' dir='ltr'>Εὖαγγελίου·</span> <span class='ocrx_word' id='word_1_327' title='bbox 1603 2366 1690 2420; x_wconf 83' lang='grc' dir='ltr'>καὶ</span> <span class='ocrx_word' id='word_1_328' title='bbox 1751 2367 1778 2420; x_wconf 89' lang='lat'>6</span> <span class='ocrx_word' id='word_1_329' title='bbox 1833 2365 1969 2419; x_wconf 79' lang='grc' dir='ltr'>κατὰ</span> 
     </span>
    </p>
   </div>
   <div class='ocr_carea' id='block_1_46' title="bbox 314 2453 1967 2532">
    <p class='ocr_par' dir='ltr' id='par_1_46' title="bbox 314 2453 1967 2532">
     <span class='ocr_line' id='line_1_46' title="bbox 314 2453 1967 2532; baseline -0.011 -16"><span class='ocrx_word' id='word_1_330' title='bbox 314 2462 414 2530; x_wconf 78' lang='grc' dir='ltr'>τὴν</span> <span class='ocrx_word' id='word_1_331' title='bbox 463 2459 642 2515; x_wconf 81' lang='grc' dir='ltr'>πίστιν</span> <span class='ocrx_word' id='word_1_332' title='bbox 705 2457 1118 2532; x_wconf 78' lang='grc' dir='ltr'>εὐπερίτρεπτος</span> <span class='ocrx_word' id='word_1_333' title='bbox 1178 2453 1586 2524; x_wconf 77' lang='grc' dir='ltr'>σκανδαλίζεται</span> <span class='ocrx_word' id='word_1_334' title='bbox 1645 2453 1695 2508; x_wconf 79' lang='grc' dir='ltr'>ἐν</span> <span class='ocrx_word' id='word_1_335' title='bbox 1748 2459 1816 2528; x_wconf 78' lang='grc' dir='ltr'>τῇ</span> <span class='ocrx_word' id='word_1_336' title='bbox 1871 2454 1967 2508; x_wconf 79' lang='grc' dir='ltr'>πέ-</span> 
     </span>
    </p>
   </div>
   <div class='ocr_carea' id='block_1_47' title="bbox 314 2541 1964 2626">
    <p class='ocr_par' dir='ltr' id='par_1_47' title="bbox 314 2541 1964 2626">
     <span class='ocr_line' id='line_1_47' title="bbox 314 2541 1964 2626; baseline -0.004 -23"><span class='ocrx_word' id='word_1_337' title='bbox 314 2571 436 2626; x_wconf 82' lang='grc' dir='ltr'>τρᾳ,</span> <span class='ocrx_word' id='word_1_338' title='bbox 471 2549 594 2619; x_wconf 72' lang='grc' dir='ltr'>ἥτις</span> <span class='ocrx_word' id='word_1_339' title='bbox 637 2548 778 2603; x_wconf 74' lang='grc' dir='ltr'>ἐστὶν</span> <span class='ocrx_word' id='word_1_340' title='bbox 829 2548 853 2600; x_wconf 88' lang='grc' dir='ltr'>ὁ</span> <span class='ocrx_word' id='word_1_341' title='bbox 899 2545 1150 2620; x_wconf 81' lang='grc' dir='ltr'>Χριστός.</span> <span class='ocrx_word' id='word_1_342' title='bbox 1183 2543 1257 2598; x_wconf 81' lang='grc' dir='ltr'>Σὺ</span> <span class='ocrx_word' id='word_1_343' title='bbox 1309 2541 1386 2615; x_wconf 71' lang='grc' dir='ltr'>δὶ,</span> <span class='ocrx_word' id='word_1_344' title='bbox 1419 2544 1604 2620; x_wconf 56' lang='grc' dir='ltr'>φησίν,</span> <span class='ocrx_word' id='word_1_345' title='bbox 1639 2545 1665 2597; x_wconf 90' lang='lat'>6</span> <span class='ocrx_word' id='word_1_346' title='bbox 1698 2542 1850 2614; x_wconf 83' lang='grc' dir='ltr'>λαὸς,</span> <span class='ocrx_word' id='word_1_347' title='bbox 1878 2542 1964 2596; x_wconf 71' lang='grc' dir='ltr'>ἐὰν</span> 
     </span>
    </p>
   </div>
   <div class='ocr_carea' id='block_1_48' title="bbox 313 2631 1964 2711">
    <p class='ocr_par' dir='ltr' id='par_1_48' title="bbox 313 2631 1964 2711">
     <span class='ocr_line' id='line_1_48' title="bbox 313 2631 1964 2711; baseline -0.004 -19"><span class='ocrx_word' id='word_1_348' title='bbox 313 2642 378 2711; x_wconf 74' lang='grc' dir='ltr'>ᾗς</span> <span class='ocrx_word' id='word_1_349' title='bbox 406 2636 708 2702; x_wconf 82' lang='grc' dir='ltr'>πεποιθὼς,</span> <span class='ocrx_word' id='word_1_350' title='bbox 762 2635 850 2689; x_wconf 86' lang='grc' dir='ltr'>καὶ</span> <span class='ocrx_word' id='word_1_351' title='bbox 883 2631 1068 2704; x_wconf 78' lang='grc' dir='ltr'>τελείᾳ</span> <span class='ocrx_word' id='word_1_352' title='bbox 1125 2636 1192 2706; x_wconf 80' lang='grc' dir='ltr'>τῇ</span> <span class='ocrx_word' id='word_1_353' title='bbox 1241 2631 1417 2686; x_wconf 86' lang='grc' dir='ltr'>πίστει</span> <span class='ocrx_word' id='word_1_354' title='bbox 1464 2631 1847 2707; x_wconf 77' lang='grc' dir='ltr'>ἐρηρεισμένος</span> <span class='ocrx_word' id='word_1_355' title='bbox 1877 2631 1964 2686; x_wconf 81' lang='grc' dir='ltr'>ἐπὶ</span> 
     </span>
    </p>
   </div>
   <div class='ocr_carea' id='block_1_49' title="bbox 313 2721 1969 2802">
    <p class='ocr_par' dir='ltr' id='par_1_49' title="bbox 313 2721 1969 2802">
     <span class='ocr_line' id='line_1_49' title="bbox 313 2721 1969 2802; baseline -0.004 -21"><span class='ocrx_word' id='word_1_356' title='bbox 313 2729 405 2783; x_wconf 86' lang='grc' dir='ltr'>τὸν</span> <span class='ocrx_word' id='word_1_357' title='bbox 442 2727 663 2802; x_wconf 67' lang='grc' dir='ltr'>Κύριον·</span> <span class='ocrx_word' id='word_1_358' title='bbox 697 2723 805 2798; x_wconf 78' lang='grc' dir='ltr'>οὐχ</span> <span class='ocrx_word' id='word_1_359' title='bbox 836 2724 909 2784; x_wconf 82' lang='grc' dir='ltr'>ὡς</span> <span class='ocrx_word' id='word_1_360' title='bbox 967 2721 1128 2788; x_wconf 85' lang='grc' dir='ltr'>λίηου</span> <span class='ocrx_word' id='word_1_361' title='bbox 1177 2721 1565 2797; x_wconf 87' lang='grc' dir='ltr'>προσκόμματι</span> <span class='ocrx_word' id='word_1_362' title='bbox 1597 2726 1676 2792; x_wconf 81' lang='grc' dir='ltr'>τῷ</span> <span class='ocrx_word' id='word_1_363' title='bbox 1724 2721 1845 2795; x_wconf 83' lang='grc' dir='ltr'>περῖ</span> <span class='ocrx_word' id='word_1_364' title='bbox 1878 2721 1969 2775; x_wconf 75' lang='grc' dir='ltr'>αύ-</span> 
     </span>
    </p>
   </div>
   <div class='ocr_carea' id='block_1_50' title="bbox 312 2807 1967 2889">
    <p class='ocr_par' dir='ltr' id='par_1_50' title="bbox 312 2807 1967 2889">
     <span class='ocr_line' id='line_1_50' title="bbox 312 2807 1967 2889; baseline -0.005 -18"><span class='ocrx_word' id='word_1_365' title='bbox 312 2822 410 2871; x_wconf 82' lang='grc' dir='ltr'>τοῦ</span> <span class='ocrx_word' id='word_1_366' title='bbox 487 2810 642 2889; x_wconf 86' lang='grc' dir='ltr'>λόγῳ</span> <span class='ocrx_word' id='word_1_367' title='bbox 718 2812 1058 2886; x_wconf 70' lang='grc' dir='ltr'>συναντήσῃ,</span> <span class='ocrx_word' id='word_1_368' title='bbox 1135 2807 1258 2864; x_wconf 72' lang='grc' dir='ltr'>οὐδὲ</span> <span class='ocrx_word' id='word_1_369' title='bbox 1332 2807 1719 2884; x_wconf 74' lang='grc' dir='ltr'>περισφαλήσῃ</span> <span class='ocrx_word' id='word_1_370' title='bbox 1798 2809 1967 2882; x_wconf 79' lang='grc' dir='ltr'>αὐτῷ,</span> 
     </span>
    </p>
   </div>
   <div class='ocr_carea' id='block_1_51' title="bbox 315 2895 1965 2978">
    <p class='ocr_par' dir='ltr' id='par_1_51' title="bbox 315 2895 1965 2978">
     <span class='ocr_line' id='line_1_51' title="bbox 315 2895 1965 2978; baseline -0.004 -19"><span class='ocrx_word' id='word_1_371' title='bbox 315 2907 388 2967; x_wconf 84' lang='grc' dir='ltr'>ὡς</span> <span class='ocrx_word' id='word_1_372' title='bbox 440 2904 639 2978; x_wconf 71' lang='grc' dir='ltr'>πέτρας</span> <span class='ocrx_word' id='word_1_373' title='bbox 699 2901 976 2974; x_wconf 85' lang='grc' dir='ltr'>πτώματι.</span> <span class='ocrx_word' id='word_1_374' title='bbox 1055 2900 1216 2973; x_wconf 85' lang='grc' dir='ltr'>Τάχα</span> <span class='ocrx_word' id='word_1_375' title='bbox 1291 2895 1348 2952; x_wconf 69' lang='grc' dir='ltr'>δὲ</span> <span class='ocrx_word' id='word_1_376' title='bbox 1422 2897 1760 2974; x_wconf 85' lang='grc' dir='ltr'>πρόσκομμά</span> <span class='ocrx_word' id='word_1_377' title='bbox 1827 2897 1965 2954; x_wconf 84' lang='grc' dir='ltr'>ἐστιν</span> 
     </span>
    </p>
   </div>
   <div class='ocr_carea' id='block_1_52' title="bbox 311 2987 1969 3067">
    <p class='ocr_par' dir='ltr' id='par_1_52' title="bbox 311 2987 1969 3067">
     <span class='ocr_line' id='line_1_52' title="bbox 311 2987 1969 3067; baseline -0.004 -18"><span class='ocrx_word' id='word_1_378' title='bbox 311 2992 574 3064; x_wconf 82' lang='grc' dir='ltr'>Ἕλλησι,</span> <span class='ocrx_word' id='word_1_379' title='bbox 631 2997 747 3053; x_wconf 85' lang='grc' dir='ltr'>τοῖς</span> <span class='ocrx_word' id='word_1_380' title='bbox 803 2991 901 3058; x_wconf 76' lang='grc' dir='ltr'>τήν</span> <span class='ocrx_word' id='word_1_381' title='bbox 962 2988 1151 3067; x_wconf 76' lang='grc' dir='ltr'>σοφίαν</span> <span class='ocrx_word' id='word_1_382' title='bbox 1215 2991 1489 3057; x_wconf 76' lang='grc' dir='ltr'>ζητοῦσιν,</span> <span class='ocrx_word' id='word_1_383' title='bbox 1541 2990 1575 3057; x_wconf 81' lang='grc' dir='ltr'>ἡ</span> <span class='ocrx_word' id='word_1_384' title='bbox 1640 2987 1818 3062; x_wconf 88' lang='grc' dir='ltr'>μωρία</span> <span class='ocrx_word' id='word_1_385' title='bbox 1873 2993 1969 3042; x_wconf 82' lang='grc' dir='ltr'>τοῦ</span> 
     </span>
    </p>
   </div>
   <div class='ocr_carea' id='block_1_53' title="bbox 314 3073 1969 3155">
    <p class='ocr_par' dir='ltr' id='par_1_53' title="bbox 314 3073 1969 3155">
     <span class='ocr_line' id='line_1_53' title="bbox 314 3073 1969 3155; baseline -0.004 -18"><span class='ocrx_word' id='word_1_386' title='bbox 314 3082 690 3155; x_wconf 85' lang='grc' dir='ltr'>κηρύγματος·</span> <span class='ocrx_word' id='word_1_387' title='bbox 745 3077 834 3133; x_wconf 77' lang='grc' dir='ltr'>καὶ</span> <span class='ocrx_word' id='word_1_388' title='bbox 883 3079 1054 3151; x_wconf 64' lang='grc' dir='ltr'>πέτρα</span> <span class='ocrx_word' id='word_1_389' title='bbox 1110 3076 1220 3132; x_wconf 80' lang='grc' dir='ltr'>ἐστὶ</span> <span class='ocrx_word' id='word_1_390' title='bbox 1301 3073 1607 3130; x_wconf 83' lang='grc' dir='ltr'>σκανδάλαυ</span> <span class='ocrx_word' id='word_1_391' title='bbox 1661 3081 1780 3140; x_wconf 88' lang='grc' dir='ltr'>τοῖς</span> <span class='ocrx_word' id='word_1_392' title='bbox 1838 3078 1969 3132; x_wconf 86' lang='grc' dir='ltr'>Ἰου-</span> 
     </span>
    </p>
   </div>
   <div class='ocr_carea' id='block_1_54' title="bbox 319 3163 1970 3240">
    <p class='ocr_par' dir='ltr' id='par_1_54' title="bbox 319 3163 1970 3240">
     <span class='ocr_line' id='line_1_54' title="bbox 319 3163 1970 3240; baseline -0.002 -16"><span class='ocrx_word' id='word_1_393' title='bbox 319 3167 656 3238; x_wconf 85' lang='grc' dir='ltr'>δαίοις,τοῖς</span> <span class='ocrx_word' id='word_1_394' title='bbox 707 3168 774 3221; x_wconf 80' lang='grc' dir='ltr'>τὰ</span> <span class='ocrx_word' id='word_1_395' title='bbox 830 3171 1034 3240; x_wconf 85' lang='grc' dir='ltr'>σημεῖα</span> <span class='ocrx_word' id='word_1_396' title='bbox 1081 3165 1312 3220; x_wconf 70' lang='grc' dir='ltr'>αἰτοῦσι.</span> <span class='ocrx_word' id='word_1_397' title='bbox 1363 3165 1460 3218; x_wconf 78' lang='grc' dir='ltr'>Διὰ</span> <span class='ocrx_word' id='word_1_398' title='bbox 1514 3169 1675 3219; x_wconf 81' lang='grc' dir='ltr'>τοῦτο</span> <span class='ocrx_word' id='word_1_399' title='bbox 1735 3163 1970 3240; x_wconf 80' lang='grc' dir='ltr'>ἔλεγενὸ</span> 
     </span>
    </p>
   </div>
   <div class='ocr_carea' id='block_1_55' title="bbox 2081 2276 3736 2348">
    <p class='ocr_par' dir='ltr' id='par_1_55' title="bbox 2081 2276 3736 2348">
     <span class='ocr_line' id='line_1_55' title="bbox 2081 2276 3736 2348; baseline 0.002 -19"><span class='ocrx_word' id='word_1_400' title='bbox 2081 2276 2394 2330; x_wconf 84' lang='lat' dir='ltr'>adventum</span> <span class='ocrx_word' id='word_1_401' title='bbox 2419 2292 2521 2347; x_wconf 90' lang='lat' dir='ltr'>per</span> <span class='ocrx_word' id='word_1_402' title='bbox 2541 2277 2766 2348; x_wconf 90' lang='lat' dir='ltr'>Scriptu</span> <span class='ocrx_word' id='word_1_403' title='bbox 2777 2294 2973 2332; x_wconf 91' lang='lat' dir='ltr'>rarum</span> <span class='ocrx_word' id='word_1_404' title='bbox 2997 2277 3302 2332; x_wconf 84' lang='lat' dir='ltr'>scientiam</span> <span class='ocrx_word' id='word_1_405' title='bbox 3317 2322 3329 2344; x_wconf 86' lang='lat'>,</span> <span class='ocrx_word' id='word_1_406' title='bbox 3350 2279 3418 2333; x_wconf 89' lang='lat' dir='ltr'>ad</span> <span class='ocrx_word' id='word_1_407' title='bbox 3439 2277 3736 2348; x_wconf 85' lang='lat' dir='ltr'>Evangelii</span> 
     </span>
    </p>
   </div>
   <div class='ocr_carea' id='block_1_56' title="bbox 2081 2365 3737 2438">
    <p class='ocr_par' dir='ltr' id='par_1_56' title="bbox 2081 2365 3737 2438">
     <span class='ocr_line' id='line_1_56' title="bbox 2081 2365 3737 2438; baseline 0.001 -20"><span class='ocrx_word' id='word_1_408' title='bbox 2081 2365 2554 2436; x_wconf 78' lang='lat' dir='ltr'>praedicationem</span> <span class='ocrx_word' id='word_1_409' title='bbox 2603 2366 2874 2433; x_wconf 77' lang='lat' dir='ltr'>offendit;</span> <span class='ocrx_word' id='word_1_410' title='bbox 2910 2367 3008 2420; x_wconf 82' lang='lat' dir='ltr'>sed</span> <span class='ocrx_word' id='word_1_411' title='bbox 3060 2370 3116 2422; x_wconf 89' lang='lat' dir='ltr'>et</span> <span class='ocrx_word' id='word_1_412' title='bbox 3147 2367 3247 2438; x_wconf 90' lang='lat' dir='ltr'>qui</span> <span class='ocrx_word' id='word_1_413' title='bbox 3299 2367 3357 2420; x_wconf 91' lang='lat' dir='ltr'>in</span> <span class='ocrx_word' id='word_1_414' title='bbox 3405 2367 3520 2422; x_wconf 84' lang='lat' dir='ltr'>ﬁde</span> <span class='ocrx_word' id='word_1_415' title='bbox 3567 2365 3737 2421; x_wconf 82' lang='lat' dir='ltr'>facile</span> 
     </span>
    </p>
   </div>
   <div class='ocr_carea' id='block_1_57' title="bbox 2079 2454 3736 2527">
    <p class='ocr_par' dir='ltr' id='par_1_57' title="bbox 2079 2454 3736 2527">
     <span class='ocr_line' id='line_1_57' title="bbox 2079 2454 3736 2527; baseline 0.001 -19"><span class='ocrx_word' id='word_1_416' title='bbox 2079 2454 2336 2508; x_wconf 83' lang='lat' dir='ltr'>subverti</span> <span class='ocrx_word' id='word_1_417' title='bbox 2371 2459 2585 2526; x_wconf 86' lang='lat' dir='ltr'>potest,</span> <span class='ocrx_word' id='word_1_418' title='bbox 2616 2455 2676 2509; x_wconf 89' lang='lat' dir='ltr'>in</span> <span class='ocrx_word' id='word_1_419' title='bbox 2711 2458 2893 2526; x_wconf 86' lang='lat' dir='ltr'>petra,</span> <span class='ocrx_word' id='word_1_420' title='bbox 2919 2472 3047 2526; x_wconf 74' lang='lat' dir='ltr'>quae</span> <span class='ocrx_word' id='word_1_421' title='bbox 3071 2460 3160 2510; x_wconf 90' lang='lat' dir='ltr'>est</span> <span class='ocrx_word' id='word_1_422' title='bbox 3188 2455 3457 2510; x_wconf 90' lang='lat' dir='ltr'>Christus</span> <span class='ocrx_word' id='word_1_423' title='bbox 3473 2455 3536 2527; x_wconf 78' lang='grc'>⁸³,</span> <span class='ocrx_word' id='word_1_424' title='bbox 3561 2472 3736 2511; x_wconf 82' lang='lat' dir='ltr'>scan-</span> 
     </span>
    </p>
   </div>
   <div class='ocr_carea' id='block_1_58' title="bbox 2078 2541 3736 2617">
    <p class='ocr_par' dir='ltr' id='par_1_58' title="bbox 2078 2541 3736 2617">
     <span class='ocr_line' id='line_1_58' title="bbox 2078 2541 3736 2617; baseline 0.003 -21"><span class='ocrx_word' id='word_1_425' title='bbox 2078 2541 2278 2597; x_wconf 88' lang='lat' dir='ltr'>dalum</span> <span class='ocrx_word' id='word_1_426' title='bbox 2313 2543 2553 2614; x_wconf 87' lang='lat' dir='ltr'>patitur.</span> <span class='ocrx_word' id='word_1_427' title='bbox 2577 2544 2663 2598; x_wconf 92' lang='lat' dir='ltr'>Tu</span> <span class='ocrx_word' id='word_1_428' title='bbox 2693 2549 2911 2611; x_wconf 88' lang='lat' dir='ltr'>autem,</span> <span class='ocrx_word' id='word_1_429' title='bbox 2934 2543 3150 2617; x_wconf 82' lang='lat' dir='ltr'>inquit,</span> <span class='ocrx_word' id='word_1_430' title='bbox 3177 2544 3410 2616; x_wconf 89' lang='lat' dir='ltr'>populo,</span> <span class='ocrx_word' id='word_1_431' title='bbox 3437 2545 3484 2600; x_wconf 86' lang='lat' dir='ltr'>sl</span> <span class='ocrx_word' id='word_1_432' title='bbox 3516 2545 3736 2601; x_wconf 87' lang='lat' dir='ltr'>habeas</span> 
     </span>
    </p>
   </div>
   <div class='ocr_carea' id='block_1_59' title="bbox 2078 2631 3735 2704">
    <p class='ocr_par' dir='ltr' id='par_1_59' title="bbox 2078 2631 3735 2704">
     <span class='ocr_line' id='line_1_59' title="bbox 2078 2631 3735 2704; baseline 0.002 -18"><span class='ocrx_word' id='word_1_433' title='bbox 2078 2631 2378 2702; x_wconf 84' lang='lat' dir='ltr'>ﬁduciam,</span> <span class='ocrx_word' id='word_1_434' title='bbox 2432 2637 2607 2704; x_wconf 85' lang='lat' dir='ltr'>atque</span> <span class='ocrx_word' id='word_1_435' title='bbox 2657 2649 2760 2704; x_wconf 91' lang='lat' dir='ltr'>per</span> <span class='ocrx_word' id='word_1_436' title='bbox 2808 2633 2980 2688; x_wconf 77' lang='lat' dir='ltr'>fidem</span> <span class='ocrx_word' id='word_1_437' title='bbox 3041 2634 3331 2704; x_wconf 84' lang='lat' dir='ltr'>integram</span> <span class='ocrx_word' id='word_1_438' title='bbox 3389 2633 3642 2690; x_wconf 84' lang='lat' dir='ltr'>inuitare</span> <span class='ocrx_word' id='word_1_439' title='bbox 3675 2634 3735 2689; x_wconf 90' lang='lat' dir='ltr'>in</span> 
     </span>
    </p>
   </div>
   <div class='ocr_carea' id='block_1_60' title="bbox 2077 2720 3735 2793">
    <p class='ocr_par' dir='ltr' id='par_1_60' title="bbox 2077 2720 3735 2793">
     <span class='ocr_line' id='line_1_60' title="bbox 2077 2720 3735 2793; baseline 0.001 -17"><span class='ocrx_word' id='word_1_440' title='bbox 2077 2720 2356 2787; x_wconf 89' lang='lat' dir='ltr'>Domino;</span> <span class='ocrx_word' id='word_1_441' title='bbox 2391 2721 2592 2777; x_wconf 86' lang='lat' dir='ltr'>habito</span> <span class='ocrx_word' id='word_1_442' title='bbox 2622 2722 2693 2776; x_wconf 92' lang='lat' dir='ltr'>de</span> <span class='ocrx_word' id='word_1_443' title='bbox 2723 2738 2789 2776; x_wconf 91' lang='lat' dir='ltr'>eo</span> <span class='ocrx_word' id='word_1_444' title='bbox 2829 2722 3085 2776; x_wconf 81' lang='lat' dir='ltr'>sermoni</span> <span class='ocrx_word' id='word_1_445' title='bbox 3136 2739 3249 2776; x_wconf 92' lang='lat' dir='ltr'>non</span> <span class='ocrx_word' id='word_1_446' title='bbox 3299 2721 3469 2793; x_wconf 91' lang='lat' dir='ltr'>quasi</span> <span class='ocrx_word' id='word_1_447' title='bbox 3519 2721 3735 2792; x_wconf 88' lang='lat' dir='ltr'>lapidis</span> 
     </span>
    </p>
   </div>
   <div class='ocr_carea' id='block_1_61' title="bbox 2079 2809 3734 2882">
    <p class='ocr_par' dir='ltr' id='par_1_61' title="bbox 2079 2809 3734 2882">
     <span class='ocr_line' id='line_1_61' title="bbox 2079 2809 3734 2882; baseline 0.002 -19"><span class='ocrx_word' id='word_1_448' title='bbox 2079 2809 2386 2864; x_wconf 74' lang='lat' dir='ltr'>offensioni</span> <span class='ocrx_word' id='word_1_449' title='bbox 2415 2826 2715 2878; x_wconf 88' lang='lat' dir='ltr'>occurres;</span> <span class='ocrx_word' id='word_1_450' title='bbox 2747 2826 2938 2882; x_wconf 88' lang='lat' dir='ltr'>neque</span> <span class='ocrx_word' id='word_1_451' title='bbox 2960 2810 3018 2864; x_wconf 91' lang='lat' dir='ltr'>in</span> <span class='ocrx_word' id='word_1_452' title='bbox 3044 2811 3238 2882; x_wconf 90' lang='lat' dir='ltr'>ipsum</span> <span class='ocrx_word' id='word_1_453' title='bbox 3259 2809 3440 2864; x_wconf 89' lang='lat' dir='ltr'>veluti</span> <span class='ocrx_word' id='word_1_454' title='bbox 3473 2810 3531 2864; x_wconf 91' lang='lat' dir='ltr'>in</span> <span class='ocrx_word' id='word_1_455' title='bbox 3557 2816 3734 2882; x_wconf 68' lang='lat' dir='ltr'>petras</span> 
     </span>
    </p>
   </div>
   <div class='ocr_carea' id='block_1_62' title="bbox 2079 2898 3732 2971">
    <p class='ocr_par' dir='ltr' id='par_1_62' title="bbox 2079 2898 3732 2971">
     <span class='ocr_line' id='line_1_62' title="bbox 2079 2898 3732 2971; baseline 0.002 -19"><span class='ocrx_word' id='word_1_456' title='bbox 2079 2898 2311 2953; x_wconf 87' lang='lat' dir='ltr'>ruinam</span> <span class='ocrx_word' id='word_1_457' title='bbox 2367 2898 2682 2970; x_wconf 81' lang='lat' dir='ltr'>impingas.</span> <span class='ocrx_word' id='word_1_458' title='bbox 2735 2903 3001 2954; x_wconf 87' lang='lat' dir='ltr'>Fortasse</span> <span class='ocrx_word' id='word_1_459' title='bbox 3047 2904 3242 2954; x_wconf 90' lang='lat' dir='ltr'>autem</span> <span class='ocrx_word' id='word_1_460' title='bbox 3295 2899 3732 2971; x_wconf 60' lang='lat' dir='ltr'>praedicationis</span> 
     </span>
    </p>
   </div>
   <div class='ocr_carea' id='block_1_63' title="bbox 2080 2987 3732 3059">
    <p class='ocr_par' dir='ltr' id='par_1_63' title="bbox 2080 2987 3732 3059">
     <span class='ocr_line' id='line_1_63' title="bbox 2080 2987 3732 3059; baseline 0.001 -19"><span class='ocrx_word' id='word_1_461' title='bbox 2080 2987 2332 3041; x_wconf 90' lang='lat' dir='ltr'>stultitia</span> <span class='ocrx_word' id='word_1_462' title='bbox 2372 2989 2646 3059; x_wconf 88' lang='lat' dir='ltr'>gentibus</span> <span class='ocrx_word' id='word_1_463' title='bbox 2698 2987 3050 3059; x_wconf 84' lang='lat' dir='ltr'>sapientiam</span> <span class='ocrx_word' id='word_1_464' title='bbox 3084 2988 3479 3059; x_wconf 68' lang='lat' dir='ltr'>quaerentibus</span> <span class='ocrx_word' id='word_1_465' title='bbox 3528 2993 3618 3044; x_wconf 82' lang='lat' dir='ltr'>est</span> <span class='ocrx_word' id='word_1_466' title='bbox 3648 2989 3732 3045; x_wconf 85' lang='lat' dir='ltr'>of-</span> 
     </span>
    </p>
   </div>
   <div class='ocr_carea' id='block_1_64' title="bbox 2080 3075 3736 3149">
    <p class='ocr_par' dir='ltr' id='par_1_64' title="bbox 2080 3075 3736 3149">
     <span class='ocr_line' id='line_1_64' title="bbox 2080 3075 3736 3149; baseline 0.001 -19"><span class='ocrx_word' id='word_1_467' title='bbox 2080 3075 2476 3144; x_wconf 88' lang='lat' dir='ltr'>fendiculum;</span> <span class='ocrx_word' id='word_1_468' title='bbox 2508 3077 2729 3132; x_wconf 71' lang='lat' dir='ltr'>Judieis</span> <span class='ocrx_word' id='word_1_469' title='bbox 2769 3092 2900 3132; x_wconf 91' lang='lat' dir='ltr'>vero</span> <span class='ocrx_word' id='word_1_470' title='bbox 2947 3077 3117 3148; x_wconf 75' lang='lat' dir='ltr'>signa</span> <span class='ocrx_word' id='word_1_471' title='bbox 3143 3076 3541 3147; x_wconf 64' lang='lat' dir='ltr'>quaerentibus</span> <span class='ocrx_word' id='word_1_472' title='bbox 3570 3082 3736 3149; x_wconf 87' lang='lat' dir='ltr'>petra</span> 
     </span>
    </p>
   </div>
   <div class='ocr_carea' id='block_1_65' title="bbox 2079 3164 3734 3236">
    <p class='ocr_par' dir='ltr' id='par_1_65' title="bbox 2079 3164 3734 3236">
     <span class='ocr_line' id='line_1_65' title="bbox 2079 3164 3734 3236; baseline 0.001 -17"><span class='ocrx_word' id='word_1_473' title='bbox 2079 3168 2168 3219; x_wconf 90' lang='lat' dir='ltr'>est</span> <span class='ocrx_word' id='word_1_474' title='bbox 2198 3164 2478 3220; x_wconf 88' lang='lat' dir='ltr'>scandali.</span> <span class='ocrx_word' id='word_1_475' title='bbox 2515 3166 2654 3220; x_wconf 89' lang='lat' dir='ltr'>Eam</span> <span class='ocrx_word' id='word_1_476' title='bbox 2697 3165 2770 3220; x_wconf 93' lang='lat' dir='ltr'>oh</span> <span class='ocrx_word' id='word_1_477' title='bbox 2809 3181 3048 3220; x_wconf 88' lang='lat' dir='ltr'>causam</span> <span class='ocrx_word' id='word_1_478' title='bbox 3081 3165 3299 3220; x_wconf 85' lang='lat' dir='ltr'>Paulus</span> <span class='ocrx_word' id='word_1_479' title='bbox 3326 3165 3558 3221; x_wconf 88' lang='lat' dir='ltr'>dicebat</span> <span class='ocrx_word' id='word_1_480' title='bbox 3588 3182 3734 3236; x_wconf 68' lang='lat' dir='ltr'>prai-</span> 
     </span>
    </p>
   </div>
   <div class='ocr_carea' id='block_1_66' title="bbox 320 3250 1971 3330">
    <p class='ocr_par' dir='ltr' id='par_1_66' title="bbox 320 3250 1968 3330">
     <span class='ocr_line' id='line_1_66' title="bbox 320 3250 1968 3330; baseline -0.003 -17"><span class='ocrx_word' id='word_1_481' title='bbox 320 3257 539 3319; x_wconf 83' lang='grc' dir='ltr'>Ηαῦλος</span> <span class='ocrx_word' id='word_1_482' title='bbox 567 3258 629 3311; x_wconf 89' lang='grc' dir='ltr'>τὸ</span> <span class='ocrx_word' id='word_1_483' title='bbox 674 3257 930 3330; x_wconf 77' lang='grc' dir='ltr'>κήρυγμα</span> <span class='ocrx_word' id='word_1_484' title='bbox 983 3254 1115 3308; x_wconf 84' lang='grc' dir='ltr'>εἶναι</span> <span class='ocrx_word' id='word_1_485' title='bbox 1177 3251 1456 3314; x_wconf 86' lang='grc' dir='ltr'>Ἰουδαίοις</span> <span class='ocrx_word' id='word_1_486' title='bbox 1509 3253 1602 3326; x_wconf 75' lang='grc' dir='ltr'>μὲν</span> <span class='ocrx_word' id='word_1_487' title='bbox 1647 3250 1968 3324; x_wconf 85' lang='grc' dir='ltr'>σκάνδαλον,</span> 
     </span>
    </p>
   </div>
   <div class='ocr_carea' id='block_1_67' title="bbox 2086 3250 3741 3330">
    <p class='ocr_par' dir='ltr' id='par_1_67' title="bbox 2086 3253 3741 3326">
     <span class='ocr_line' id='line_1_67' title="bbox 2086 3253 3741 3326; baseline 0.001 -18"><span class='ocrx_word' id='word_1_488' title='bbox 2086 3253 2439 3308; x_wconf 88' lang='lat' dir='ltr'>dicationem</span> <span class='ocrx_word' id='word_1_489' title='bbox 2471 3254 2688 3309; x_wconf 70' lang='lat' dir='ltr'>Iudaeis</span> <span class='ocrx_word' id='word_1_490' title='bbox 2719 3254 2953 3324; x_wconf 89' lang='lat' dir='ltr'>quidem</span> <span class='ocrx_word' id='word_1_491' title='bbox 2986 3271 3115 3309; x_wconf 85' lang='lat' dir='ltr'>esse</span> <span class='ocrx_word' id='word_1_492' title='bbox 3146 3255 3516 3322; x_wconf 88' lang='lat' dir='ltr'>scandalum,</span> <span class='ocrx_word' id='word_1_493' title='bbox 3545 3255 3741 3326; x_wconf 84' lang='lat' dir='ltr'>genti-</span> 
     </span>
    </p>
   </div>
   <div class='ocr_carea' id='block_1_68' title="bbox 317 3339 1970 3420">
    <p class='ocr_par' dir='ltr' id='par_1_68' title="bbox 317 3339 1970 3420">
     <span class='ocr_line' id='line_1_68' title="bbox 317 3339 1970 3420; baseline -0.004 -19"><span class='ocrx_word' id='word_1_494' title='bbox 317 3343 486 3410; x_wconf 80' lang='grc' dir='ltr'>ἔθνεσι</span> <span class='ocrx_word' id='word_1_495' title='bbox 539 3345 597 3400; x_wconf 78' lang='grc' dir='ltr'>δὲ</span> <span class='ocrx_word' id='word_1_496' title='bbox 656 3345 888 3420; x_wconf 85' lang='grc' dir='ltr'>μωρίαν.</span> <span class='ocrx_word' id='word_1_497' title='bbox 947 3348 1072 3404; x_wconf 87' lang='grc' dir='ltr'>Τοῖς</span> <span class='ocrx_word' id='word_1_498' title='bbox 1131 3339 1188 3397; x_wconf 73' lang='grc' dir='ltr'>δὶ</span> <span class='ocrx_word' id='word_1_499' title='bbox 1242 3340 1560 3396; x_wconf 88' lang='grc' dir='ltr'>πεποιθόσιν</span> <span class='ocrx_word' id='word_1_500' title='bbox 1611 3341 1697 3395; x_wconf 66' lang='grc' dir='ltr'>ἐπὶ</span> <span class='ocrx_word' id='word_1_501' title='bbox 1728 3343 1820 3397; x_wconf 87' lang='grc' dir='ltr'>τὸν</span> <span class='ocrx_word' id='word_1_502' title='bbox 1861 3341 1970 3397; x_wconf 87' lang='grc' dir='ltr'>Κύ-</span> 
     </span>
    </p>
   </div>
   <div class='ocr_carea' id='block_1_69' title="bbox 316 3425 1971 3509">
    <p class='ocr_par' dir='ltr' id='par_1_69' title="bbox 316 3425 1971 3509">
     <span class='ocr_line' id='line_1_69' title="bbox 316 3425 1971 3509; baseline -0.002 -21"><span class='ocrx_word' id='word_1_503' title='bbox 316 3455 455 3509; x_wconf 91' lang='grc' dir='ltr'>ριον,</span> <span class='ocrx_word' id='word_1_504' title='bbox 507 3432 596 3488; x_wconf 83' lang='grc' dir='ltr'>καί</span> <span class='ocrx_word' id='word_1_505' title='bbox 657 3435 732 3505; x_wconf 79' lang='grc' dir='ltr'>μὴ</span> <span class='ocrx_word' id='word_1_506' title='bbox 784 3429 1087 3503; x_wconf 80' lang='grc' dir='ltr'>ἀποδείξεσι</span> <span class='ocrx_word' id='word_1_507' title='bbox 1143 3430 1390 3507; x_wconf 88' lang='grc' dir='ltr'>λογικαῖς</span> <span class='ocrx_word' id='word_1_508' title='bbox 1451 3425 1830 3486; x_wconf 77' lang='grc' dir='ltr'>ὑποϐάλλουσι</span> <span class='ocrx_word' id='word_1_509' title='bbox 1875 3435 1971 3486; x_wconf 81' lang='grc' dir='ltr'>τοῦ</span> 
     </span>
    </p>
   </div>
   <div class='ocr_carea' id='block_1_70' title="bbox 314 3516 1966 3599">
    <p class='ocr_par' dir='ltr' id='par_1_70' title="bbox 314 3516 1966 3599">
     <span class='ocr_line' id='line_1_70' title="bbox 314 3516 1966 3599; baseline -0.002 -21"><span class='ocrx_word' id='word_1_510' title='bbox 314 3522 669 3599; x_wconf 79' lang='grc' dir='ltr'>κηρύγματος</span> <span class='ocrx_word' id='word_1_511' title='bbox 717 3522 818 3589; x_wconf 82' lang='grc' dir='ltr'>τὴν</span> <span class='ocrx_word' id='word_1_512' title='bbox 879 3518 1184 3591; x_wconf 76' lang='grc' dir='ltr'>ἁπλότητα,</span> <span class='ocrx_word' id='word_1_513' title='bbox 1250 3520 1388 3591; x_wconf 78' lang='grc' dir='ltr'>μήτε</span> <span class='ocrx_word' id='word_1_514' title='bbox 1447 3516 1536 3572; x_wconf 75' lang='grc' dir='ltr'>διὰ</span> <span class='ocrx_word' id='word_1_515' title='bbox 1583 3520 1826 3591; x_wconf 85' lang='grc' dir='ltr'>σημείων</span> <span class='ocrx_word' id='word_1_516' title='bbox 1878 3518 1966 3574; x_wconf 79' lang='grc' dir='ltr'>ἐκ·</span> 
     </span>
    </p>
   </div>
   <div class='ocr_carea' id='block_1_71' title="bbox 314 3605 1965 3689">
    <p class='ocr_par' dir='ltr' id='par_1_71' title="bbox 314 3605 1965 3689">
     <span class='ocr_line' id='line_1_71' title="bbox 314 3605 1965 3689; baseline -0.003 -22"><span class='ocrx_word' id='word_1_517' title='bbox 314 3613 628 3689; x_wconf 77' lang='grc' dir='ltr'>πειράζουσι</span> <span class='ocrx_word' id='word_1_518' title='bbox 685 3611 784 3679; x_wconf 83' lang='grc' dir='ltr'>τὴν</span> <span class='ocrx_word' id='word_1_519' title='bbox 844 3608 1130 3680; x_wconf 79' lang='grc' dir='ltr'>ἀλήθειαν,</span> <span class='ocrx_word' id='word_1_520' title='bbox 1183 3606 1410 3684; x_wconf 87' lang='grc' dir='ltr'>Χριστός</span> <span class='ocrx_word' id='word_1_521' title='bbox 1457 3605 1567 3662; x_wconf 75' lang='grc' dir='ltr'>ἐστι</span> <span class='ocrx_word' id='word_1_522' title='bbox 1626 3611 1760 3662; x_wconf 80' lang='grc' dir='ltr'>Θεοῦ</span> <span class='ocrx_word' id='word_1_523' title='bbox 1806 3605 1965 3663; x_wconf 81' lang='grc' dir='ltr'>δύνα-</span> 
     </span>
    </p>
   </div>
   <div class='ocr_carea' id='block_1_72' title="bbox 320 3697 938 3776">
    <p class='ocr_par' dir='ltr' id='par_1_72' title="bbox 320 3697 938 3776">
     <span class='ocr_line' id='line_1_72' title="bbox 320 3697 938 3776; baseline 0 -22"><span class='ocrx_word' id='word_1_524' title='bbox 320 3722 434 3776; x_wconf 89' lang='grc' dir='ltr'>μις,</span> <span class='ocrx_word' id='word_1_525' title='bbox 467 3699 555 3756; x_wconf 75' lang='grc' dir='ltr'>καὶ</span> <span class='ocrx_word' id='word_1_526' title='bbox 589 3702 723 3754; x_wconf 79' lang='grc' dir='ltr'>Θεοῦ</span> <span class='ocrx_word' id='word_1_527' title='bbox 754 3697 938 3775; x_wconf 73' lang='grc' dir='ltr'>σοφία.</span> 
     </span>
    </p>
   </div>
   <div class='ocr_carea' id='block_1_73' title="bbox 381 3782 1966 3864">
    <p class='ocr_par' dir='ltr' id='par_1_73' title="bbox 381 3782 1966 3864">
     <span class='ocr_line' id='line_1_73' title="bbox 381 3782 1966 3864; baseline -0.005 -18"><span class='ocrx_word' id='word_1_528' title='bbox 381 3793 507 3846; x_wconf 81' lang='grc'>215.</span> <span class='ocrx_word' id='word_1_529' title='bbox 609 3787 741 3842; x_wconf 83' lang='grc' dir='ltr'>Τότε</span> <span class='ocrx_word' id='word_1_530' title='bbox 815 3783 1037 3864; x_wconf 82' lang='grc' dir='ltr'>φανεροὶ</span> <span class='ocrx_word' id='word_1_531' title='bbox 1113 3782 1327 3839; x_wconf 62' lang='grc' dir='ltr'>ἔσονται</span> <span class='ocrx_word' id='word_1_532' title='bbox 1405 3785 1456 3838; x_wconf 78' lang='grc' dir='ltr'>οἱ</span> <span class='ocrx_word' id='word_1_533' title='bbox 1539 3783 1966 3862; x_wconf 71' lang='grc' dir='ltr'>σφραγιζόμενοι</span> 
     </span>
    </p>
   </div>
   <div class='ocr_carea' id='block_1_74' title="bbox 307 3871 1966 3952">
    <p class='ocr_par' dir='ltr' id='par_1_74' title="bbox 307 3871 1966 3952">
     <span class='ocr_line' id='line_1_74' title="bbox 307 3871 1966 3952; baseline -0.004 -18"><span class='ocrx_word' id='word_1_534' title='bbox 307 3879 399 3934; x_wconf 86' lang='grc' dir='ltr'>τὸν</span> <span class='ocrx_word' id='word_1_535' title='bbox 449 3879 638 3952; x_wconf 85' lang='grc' dir='ltr'>νόμον,</span> <span class='ocrx_word' id='word_1_536' title='bbox 697 3879 794 3930; x_wconf 76' lang='grc' dir='ltr'>τοῦ</span> <span class='ocrx_word' id='word_1_537' title='bbox 856 3876 932 3948; x_wconf 83' lang='grc' dir='ltr'>μὴ</span> <span class='ocrx_word' id='word_1_538' title='bbox 1011 3878 1199 3948; x_wconf 80' lang='grc' dir='ltr'>μαθεῖν</span> <span class='ocrx_word' id='word_1_539' title='bbox 1259 3876 1394 3946; x_wconf 74' lang='lat'>(68).</span> <span class='ocrx_word' id='word_1_540' title='bbox 1449 3871 1552 3929; x_wconf 87' lang='grc' dir='ltr'>Καὶ</span> <span class='ocrx_word' id='word_1_541' title='bbox 1601 3871 1741 3948; x_wconf 82' lang='grc' dir='ltr'>ἐρεῖ.</span> <span class='ocrx_word' id='word_1_542' title='bbox 1805 3875 1966 3930; x_wconf 87' lang='grc' dir='ltr'>Μενῶ</span> 
     </span>
    </p>
   </div>
   <div class='ocr_carea' id='block_1_75' title="bbox 311 3961 1967 4038">
    <p class='ocr_par' dir='ltr' id='par_1_75' title="bbox 311 3961 1967 4038">
     <span class='ocr_line' id='line_1_75' title="bbox 311 3961 1967 4038; baseline -0.005 -14"><span class='ocrx_word' id='word_1_543' title='bbox 311 3969 406 4024; x_wconf 84' lang='grc' dir='ltr'>τὸν</span> <span class='ocrx_word' id='word_1_544' title='bbox 488 3967 620 4022; x_wconf 85' lang='grc' dir='ltr'>Θεὸν</span> <span class='ocrx_word' id='word_1_545' title='bbox 696 3965 789 4019; x_wconf 87' lang='grc' dir='ltr'>τὸν</span> <span class='ocrx_word' id='word_1_546' title='bbox 848 3961 1262 4038; x_wconf 70' lang='grc' dir='ltr'>ἀποστρέψαντα</span> <span class='ocrx_word' id='word_1_547' title='bbox 1311 3961 1375 4015; x_wconf 91' lang='grc' dir='ltr'>τὸ</span> <span class='ocrx_word' id='word_1_548' title='bbox 1432 3962 1725 4037; x_wconf 86' lang='grc' dir='ltr'>πρόσωπον</span> <span class='ocrx_word' id='word_1_549' title='bbox 1802 3962 1967 4018; x_wconf 78' lang='grc' dir='ltr'>αὐτοῦ</span> 
     </span>
    </p>
   </div>
   <div class='ocr_carea' id='block_1_76' title="bbox 309 4047 1967 4124">
    <p class='ocr_par' dir='ltr' id='par_1_76' title="bbox 309 4047 1967 4124">
     <span class='ocr_line' id='line_1_76' title="bbox 309 4047 1967 4124; baseline -0.005 -11"><span class='ocrx_word' id='word_1_550' title='bbox 309 4057 414 4114; x_wconf 80' lang='grc' dir='ltr'>ἀπὸ</span> <span class='ocrx_word' id='word_1_551' title='bbox 467 4060 565 4112; x_wconf 75' lang='grc' dir='ltr'>τοῦ</span> <span class='ocrx_word' id='word_1_552' title='bbox 625 4050 781 4110; x_wconf 72' lang='grc' dir='ltr'>οἷ’κου</span> <span class='ocrx_word' id='word_1_553' title='bbox 841 4047 1058 4120; x_wconf 77' lang='grc' dir='ltr'>Ἰακὼϐ,</span> <span class='ocrx_word' id='word_1_554' title='bbox 1119 4050 1208 4106; x_wconf 79' lang='grc' dir='ltr'>καὶ</span> <span class='ocrx_word' id='word_1_555' title='bbox 1285 4052 1564 4112; x_wconf 85' lang='grc' dir='ltr'>πεποιθὼς</span> <span class='ocrx_word' id='word_1_556' title='bbox 1634 4047 1825 4124; x_wconf 64' lang='grc' dir='ltr'>ἔσομαι</span> <span class='ocrx_word' id='word_1_557' title='bbox 1885 4050 1967 4105; x_wconf 68' lang='grc' dir='ltr'>ἄπ’</span> 
     </span>
    </p>
   </div>
   <div class='ocr_carea' id='block_1_77' title="bbox 307 4137 1966 4220">
    <p class='ocr_par' dir='ltr' id='par_1_77' title="bbox 307 4137 1966 4220">
     <span class='ocr_line' id='line_1_77' title="bbox 307 4137 1966 4220; baseline -0.005 -18"><span class='ocrx_word' id='word_1_558' title='bbox 307 4147 476 4220; x_wconf 77' lang='grc' dir='ltr'>αὐτῷ.</span> <span class='ocrx_word' id='word_1_559' title='bbox 511 4143 634 4203; x_wconf 88' lang='grc' dir='ltr'>Ἐπὶ</span> <span class='ocrx_word' id='word_1_560' title='bbox 688 4144 801 4218; x_wconf 85' lang='grc'>(69)</span> <span class='ocrx_word' id='word_1_561' title='bbox 843 4145 944 4206; x_wconf 81' lang='grc' dir='ltr'>τῆς</span> <span class='ocrx_word' id='word_1_562' title='bbox 1003 4137 1332 4203; x_wconf 82' lang='grc' dir='ltr'>ἀκολουθίας</span> <span class='ocrx_word' id='word_1_563' title='bbox 1387 4143 1494 4192; x_wconf 79' lang='grc' dir='ltr'>τῶν</span> <span class='ocrx_word' id='word_1_564' title='bbox 1554 4139 1903 4214; x_wconf 86' lang='grc' dir='ltr'>προαγόντων</span> <span class='ocrx_word' id='word_1_565' title='bbox 1939 4140 1966 4194; x_wconf 92' lang='lat'>6</span> 
     </span>
    </p>
   </div>
   <div class='ocr_carea' id='block_1_78' title="bbox 308 4226 1966 4310">
    <p class='ocr_par' dir='ltr' id='par_1_78' title="bbox 308 4226 1966 4310">
     <span class='ocr_line' id='line_1_78' title="bbox 308 4226 1966 4310; baseline -0.011 -20"><span class='ocrx_word' id='word_1_566' title='bbox 308 4235 476 4310; x_wconf 83' lang='grc' dir='ltr'>λόγος</span> <span class='ocrx_word' id='word_1_567' title='bbox 523 4231 780 4310; x_wconf 77' lang='grc' dir='ltr'>ἤρτηται.</span> <span class='ocrx_word' id='word_1_568' title='bbox 835 4228 977 4287; x_wconf 85' lang='grc' dir='ltr'>Ἰδοὺ</span> <span class='ocrx_word' id='word_1_569' title='bbox 1035 4232 1070 4298; x_wconf 76' lang='grc' dir='ltr'>ἡ</span> <span class='ocrx_word' id='word_1_570' title='bbox 1130 4228 1396 4303; x_wconf 72' lang='grc' dir='ltr'>παρθένος</span> <span class='ocrx_word' id='word_1_571' title='bbox 1457 4227 1509 4282; x_wconf 67' lang='grc' dir='ltr'>ἂν</span> <span class='ocrx_word' id='word_1_572' title='bbox 1569 4227 1760 4303; x_wconf 83' lang='grc' dir='ltr'>γαστρὶ</span> <span class='ocrx_word' id='word_1_573' title='bbox 1795 4226 1966 4302; x_wconf 70' lang='grc' dir='ltr'>λήψι-</span> 
     </span>
    </p>
   </div>
   <div class='ocr_carea' id='block_1_79' title="bbox 305 4313 1969 4394">
    <p class='ocr_par' dir='ltr' id='par_1_79' title="bbox 305 4313 1969 4394">
     <span class='ocr_line' id='line_1_79' title="bbox 305 4313 1969 4394; baseline -0.005 -14"><span class='ocrx_word' id='word_1_574' title='bbox 305 4345 416 4394; x_wconf 85' lang='grc' dir='ltr'>ται,</span> <span class='ocrx_word' id='word_1_575' title='bbox 476 4323 565 4378; x_wconf 80' lang='grc' dir='ltr'>καὶ</span> <span class='ocrx_word' id='word_1_576' title='bbox 645 4321 850 4392; x_wconf 68' lang='grc' dir='ltr'>τέξεται</span> <span class='ocrx_word' id='word_1_577' title='bbox 926 4319 1064 4387; x_wconf 74' lang='grc' dir='ltr'>υἱὸν,</span> <span class='ocrx_word' id='word_1_578' title='bbox 1134 4318 1224 4372; x_wconf 81' lang='grc' dir='ltr'>καὶ</span> <span class='ocrx_word' id='word_1_579' title='bbox 1297 4316 1585 4373; x_wconf 74' lang='grc' dir='ltr'>καλὲσουσι</span> <span class='ocrx_word' id='word_1_580' title='bbox 1657 4318 1720 4372; x_wconf 91' lang='grc' dir='ltr'>τὸ</span> <span class='ocrx_word' id='word_1_581' title='bbox 1798 4313 1969 4391; x_wconf 74' lang='grc' dir='ltr'>ὄνομα</span> 
     </span>
    </p>
   </div>
   <div class='ocr_carea' id='block_1_80' title="bbox 308 4404 1964 4484">
    <p class='ocr_par' dir='ltr' id='par_1_80' title="bbox 308 4404 1964 4484">
     <span class='ocr_line' id='line_1_80' title="bbox 308 4404 1964 4484; baseline -0.005 -15"><span class='ocrx_word' id='word_1_582' title='bbox 308 4414 474 4470; x_wconf 75' lang='grc' dir='ltr'>αὐτοῦ</span> <span class='ocrx_word' id='word_1_583' title='bbox 570 4407 955 4484; x_wconf 78' lang='grc' dir='ltr'>Ἐμμανουήλ,</span> <span class='ocrx_word' id='word_1_584' title='bbox 1051 4409 1079 4462; x_wconf 81' lang='grc' dir='ltr'>ὅ</span> <span class='ocrx_word' id='word_1_585' title='bbox 1183 4404 1292 4460; x_wconf 74' lang='grc' dir='ltr'>ἐστι</span> <span class='ocrx_word' id='word_1_586' title='bbox 1401 4406 1964 4482; x_wconf 86' lang='grc' dir='ltr'>μεθερμηνευόμενον,</span> 
     </span>
    </p>
   </div>
   <div class='ocr_carea' id='block_1_81' title="bbox 309 4490 1964 4574">
    <p class='ocr_par' dir='ltr' id='par_1_81' title="bbox 309 4490 1964 4574">
     <span class='ocr_line' id='line_1_81' title="bbox 309 4490 1964 4574; baseline -0.004 -16"><span class='ocrx_word' id='word_1_587' title='bbox 309 4505 440 4559; x_wconf 78' lang='grc' dir='ltr'>Μεθ’</span> <span class='ocrx_word' id='word_1_588' title='bbox 471 4504 631 4574; x_wconf 76' lang='grc' dir='ltr'>ἡμῶν</span> <span class='ocrx_word' id='word_1_589' title='bbox 683 4500 891 4560; x_wconf 86' lang='grc' dir='ltr'>ὁΘεός.</span> <span class='ocrx_word' id='word_1_590' title='bbox 956 4495 1062 4552; x_wconf 89' lang='grc' dir='ltr'>Καὶ</span> <span class='ocrx_word' id='word_1_591' title='bbox 1115 4493 1278 4550; x_wconf 84' lang='grc' dir='ltr'>πάλιν</span> <span class='ocrx_word' id='word_1_592' title='bbox 1345 4490 1550 4556; x_wconf 77' lang='grc' dir='ltr'>ὑποϐάς</span> <span class='ocrx_word' id='word_1_593' title='bbox 1611 4493 1778 4571; x_wconf 69' lang='grc' dir='ltr'>λέγει’</span> <span class='ocrx_word' id='word_1_594' title='bbox 1831 4497 1964 4560; x_wconf 89' lang='grc' dir='ltr'>Μεθ’</span> 
     </span>
    </p>
   </div>
   <div class='ocr_carea' id='block_1_82' title="bbox 380 4595 1482 4671">
    <p class='ocr_par' dir='ltr' id='par_1_82' title="bbox 380 4595 1482 4671">
     <span class='ocr_line' id='line_1_82' title="bbox 380 4595 1482 4671; baseline -0.011 -11"><span class='ocrx_word' id='word_1_595' title='bbox 380 4605 424 4640; x_wconf 79' lang='grc'>⁸⁸</span> <span class='ocrx_word' id='word_1_596' title='bbox 457 4602 608 4660; x_wconf 87' lang='lat' dir='ltr'>Psal.</span> <span class='ocrx_word' id='word_1_597' title='bbox 641 4617 765 4671; x_wconf 85' lang='lat' dir='ltr'>xm,</span> <span class='ocrx_word' id='word_1_598' title='bbox 797 4601 852 4654; x_wconf 87' lang='lat'>5.</span> <span class='ocrx_word' id='word_1_599' title='bbox 929 4599 973 4633; x_wconf 73' lang='grc'>⁵⁵³</span> <span class='ocrx_word' id='word_1_600' title='bbox 1004 4595 1209 4671; x_wconf 75' lang='lat' dir='ltr'>Matth.</span> <span class='ocrx_word' id='word_1_601' title='bbox 1242 4613 1359 4665; x_wconf 73' lang='lat' dir='ltr'>xvr,</span> <span class='ocrx_word' id='word_1_602' title='bbox 1389 4596 1482 4671; x_wconf 75' lang='lat'>27.</span> 
     </span>
    </p>
   </div>
   <div class='ocr_carea' id='block_1_83' title="bbox 309 4667 1950 4744">
    <p class='ocr_par' dir='ltr' id='par_1_83' title="bbox 309 4667 1950 4744">
     <span class='ocr_line' id='line_1_83' title="bbox 309 4667 1950 4744; baseline -0.005 -12"><span class='ocrx_word' id='word_1_603' title='bbox 309 4693 370 4744; x_wconf 67' lang='grc' dir='ltr'>ι,</span> <span class='ocrx_word' id='word_1_604' title='bbox 400 4676 454 4731; x_wconf 75' lang='grc'>4.</span> <span class='ocrx_word' id='word_1_605' title='bbox 531 4675 578 4710; x_wconf 73' lang='grc'>⁸⁸</span> <span class='ocrx_word' id='word_1_606' title='bbox 609 4675 632 4730; x_wconf 94' lang='grc' dir='ltr'><strong>Ι</strong></span> <span class='ocrx_word' id='word_1_607' title='bbox 661 4667 790 4728; x_wconf 84' lang='lat' dir='ltr'>Cor.</span> <span class='ocrx_word' id='word_1_608' title='bbox 827 4689 864 4740; x_wconf 90' lang='grc' dir='ltr'>ι,</span> <span class='ocrx_word' id='word_1_609' title='bbox 897 4671 987 4725; x_wconf 90' lang='grc'>23.</span> <span class='ocrx_word' id='word_1_610' title='bbox 1063 4670 1109 4704; x_wconf 76' lang='grc'><strong>⁵⁵</strong></span> <span class='ocrx_word' id='word_1_611' title='bbox 1139 4669 1252 4723; x_wconf 84' lang='lat' dir='ltr'>lea.</span> <span class='ocrx_word' id='word_1_612' title='bbox 1285 4684 1385 4731; x_wconf 83' lang='lat' dir='ltr'>vn,</span> <span class='ocrx_word' id='word_1_613' title='bbox 1422 4668 1517 4734; x_wconf 88' lang='grc'>14;</span> <span class='ocrx_word' id='word_1_614' title='bbox 1550 4667 1756 4724; x_wconf 84' lang='lat' dir='ltr'>Matth.</span> <span class='ocrx_word' id='word_1_615' title='bbox 1789 4685 1829 4736; x_wconf 92' lang='grc' dir='ltr'>ι,</span> <span class='ocrx_word' id='word_1_616' title='bbox 1860 4670 1950 4724; x_wconf 88' lang='grc'>23.</span> 
     </span>
    </p>
   </div>
   <div class='ocr_carea' id='block_1_84' title="bbox 1580 4595 2175 4670">
    <p class='ocr_par' dir='ltr' id='par_1_84' title="bbox 1580 4595 2175 4670">
     <span class='ocr_line' id='line_1_84' title="bbox 1580 4595 2175 4670; baseline 0.003 -19"><span class='ocrx_word' id='word_1_617' title='bbox 1580 4595 1625 4670; x_wconf 58' lang='grc' dir='ltr'>ξο</span> <span class='ocrx_word' id='word_1_618' title='bbox 1655 4596 1865 4670; x_wconf 80' lang='lat' dir='ltr'>Matth.</span> <span class='ocrx_word' id='word_1_619' title='bbox 1899 4614 2054 4670; x_wconf 78' lang='lat' dir='ltr'>xnv,</span> <span class='ocrx_word' id='word_1_620' title='bbox 2084 4598 2175 4654; x_wconf 90' lang='grc'>31.</span> 
     </span>
    </p>
   </div>
   <div class='ocr_carea' id='block_1_85' title="bbox 2084 3342 3737 3414">
    <p class='ocr_par' dir='ltr' id='par_1_85' title="bbox 2084 3342 3737 3414">
     <span class='ocr_line' id='line_1_85' title="bbox 2084 3342 3737 3414; baseline 0 -16"><span class='ocrx_word' id='word_1_621' title='bbox 2084 3343 2196 3398; x_wconf 87' lang='lat' dir='ltr'>bus</span> <span class='ocrx_word' id='word_1_622' title='bbox 2228 3359 2362 3398; x_wconf 91' lang='lat' dir='ltr'>vero</span> <span class='ocrx_word' id='word_1_623' title='bbox 2397 3342 2712 3397; x_wconf 86' lang='lat' dir='ltr'>stultitiam</span> <span class='ocrx_word' id='word_1_624' title='bbox 2735 3344 2800 3397; x_wconf 70' lang='grc'>⁸⁸.</span> <span class='ocrx_word' id='word_1_625' title='bbox 2825 3343 2934 3398; x_wconf 86' lang='lat' dir='ltr'>Sed</span> <span class='ocrx_word' id='word_1_626' title='bbox 2967 3343 3066 3414; x_wconf 89' lang='lat' dir='ltr'>qui</span> <span class='ocrx_word' id='word_1_627' title='bbox 3110 3343 3413 3399; x_wconf 81' lang='lat' dir='ltr'>confidunt</span> <span class='ocrx_word' id='word_1_628' title='bbox 3442 3345 3500 3398; x_wconf 88' lang='lat' dir='ltr'>in</span> <span class='ocrx_word' id='word_1_629' title='bbox 3533 3343 3737 3399; x_wconf 89' lang='lat' dir='ltr'>Domi-</span> 
     </span>
    </p>
   </div>
   <div class='ocr_carea' id='block_1_86' title="bbox 2084 3430 3737 3505">
    <p class='ocr_par' dir='ltr' id='par_1_86' title="bbox 2084 3430 3737 3505">
     <span class='ocr_line' id='line_1_86' title="bbox 2084 3430 3737 3505; baseline 0.002 -20"><span class='ocrx_word' id='word_1_630' title='bbox 2084 3448 2180 3500; x_wconf 89' lang='lat' dir='ltr'>no,</span> <span class='ocrx_word' id='word_1_631' title='bbox 2215 3447 2319 3486; x_wconf 90' lang='lat' dir='ltr'>nec</span> <span class='ocrx_word' id='word_1_632' title='bbox 2348 3430 2555 3504; x_wconf 89' lang='lat' dir='ltr'>logicis</span> <span class='ocrx_word' id='word_1_633' title='bbox 2587 3431 3194 3488; x_wconf 86' lang='lat' dir='ltr'>demonstrationibus</span> <span class='ocrx_word' id='word_1_634' title='bbox 3223 3433 3553 3503; x_wconf 83' lang='lat' dir='ltr'>subjiciunt</span> <span class='ocrx_word' id='word_1_635' title='bbox 3585 3450 3737 3505; x_wconf 66' lang='lat' dir='ltr'>prae-</span> 
     </span>
    </p>
   </div>
   <div class='ocr_carea' id='block_1_87' title="bbox 2077 3519 3735 3593">
    <p class='ocr_par' dir='ltr' id='par_1_87' title="bbox 2077 3519 3735 3593">
     <span class='ocr_line' id='line_1_87' title="bbox 2077 3519 3735 3593; baseline 0.002 -20"><span class='ocrx_word' id='word_1_636' title='bbox 2077 3519 2388 3577; x_wconf 87' lang='lat' dir='ltr'>dicationis</span> <span class='ocrx_word' id='word_1_637' title='bbox 2420 3519 2885 3591; x_wconf 86' lang='lat' dir='ltr'>simplicitatem,</span> <span class='ocrx_word' id='word_1_638' title='bbox 2920 3536 3112 3592; x_wconf 90' lang='lat' dir='ltr'>neque</span> <span class='ocrx_word' id='word_1_639' title='bbox 3159 3537 3261 3592; x_wconf 90' lang='lat' dir='ltr'>per</span> <span class='ocrx_word' id='word_1_640' title='bbox 3292 3522 3462 3593; x_wconf 87' lang='lat' dir='ltr'>signa</span> <span class='ocrx_word' id='word_1_641' title='bbox 3492 3522 3735 3593; x_wconf 87' lang='lat' dir='ltr'>capiunt</span> 
     </span>
    </p>
   </div>
   <div class='ocr_carea' id='block_1_88' title="bbox 2074 3609 3735 3681">
    <p class='ocr_par' dir='ltr' id='par_1_88' title="bbox 2074 3609 3735 3681">
     <span class='ocr_line' id='line_1_88' title="bbox 2074 3609 3735 3681; baseline 0.003 -19"><span class='ocrx_word' id='word_1_642' title='bbox 2074 3609 2340 3664; x_wconf 85' lang='lat' dir='ltr'>veritatis</span> <span class='ocrx_word' id='word_1_643' title='bbox 2367 3610 2858 3681; x_wconf 85' lang='lat' dir='ltr'>experimentum,</span> <span class='ocrx_word' id='word_1_644' title='bbox 2892 3609 2962 3664; x_wconf 90' lang='lat' dir='ltr'>iis</span> <span class='ocrx_word' id='word_1_645' title='bbox 2994 3609 3266 3666; x_wconf 90' lang='lat' dir='ltr'>Christus</span> <span class='ocrx_word' id='word_1_646' title='bbox 3294 3615 3384 3667; x_wconf 90' lang='lat' dir='ltr'>est</span> <span class='ocrx_word' id='word_1_647' title='bbox 3413 3611 3517 3667; x_wconf 92' lang='lat' dir='ltr'>Dei</span> <span class='ocrx_word' id='word_1_648' title='bbox 3546 3610 3735 3667; x_wconf 88' lang='lat' dir='ltr'>virtus</span> 
     </span>
    </p>
   </div>
   <div class='ocr_carea' id='block_1_89' title="bbox 2075 3697 2601 3770">
    <p class='ocr_par' dir='ltr' id='par_1_89' title="bbox 2075 3697 2601 3770">
     <span class='ocr_line' id='line_1_89' title="bbox 2075 3697 2601 3770; baseline 0 -18"><span class='ocrx_word' id='word_1_649' title='bbox 2075 3701 2133 3752; x_wconf 88' lang='lat' dir='ltr'>et</span> <span class='ocrx_word' id='word_1_650' title='bbox 2163 3697 2260 3752; x_wconf 91' lang='lat' dir='ltr'>Dei</span> <span class='ocrx_word' id='word_1_651' title='bbox 2293 3697 2601 3770; x_wconf 89' lang='lat' dir='ltr'>sapientia.</span> 
     </span>
    </p>
   </div>
   <div class='ocr_carea' id='block_1_90' title="bbox 2147 3785 3731 3860">
    <p class='ocr_par' dir='ltr' id='par_1_90' title="bbox 2147 3785 3731 3860">
     <span class='ocr_line' id='line_1_90' title="bbox 2147 3785 3731 3860; baseline 0.004 -20"><span class='ocrx_word' id='word_1_652' title='bbox 2147 3785 2271 3840; x_wconf 83' lang='lat'>215.</span> <span class='ocrx_word' id='word_1_653' title='bbox 2305 3786 2480 3842; x_wconf 70' lang='lat' dir='ltr'>Vens.</span> <span class='ocrx_word' id='word_1_654' title='bbox 2520 3787 2605 3854; x_wconf 84' lang='grc'>16,</span> <span class='ocrx_word' id='word_1_655' title='bbox 2640 3788 2727 3842; x_wconf 90' lang='grc'>17.</span> <span class='ocrx_word' id='word_1_656' title='bbox 2764 3788 2892 3842; x_wconf 88' lang='lat' dir='ltr'>Tum</span> <span class='ocrx_word' id='word_1_657' title='bbox 2933 3789 3217 3858; x_wconf 72' lang='lat' dir='ltr'>manifesti</span> <span class='ocrx_word' id='word_1_658' title='bbox 3258 3797 3422 3844; x_wconf 81' lang='lat' dir='ltr'>erunt</span> <span class='ocrx_word' id='word_1_659' title='bbox 3449 3792 3548 3860; x_wconf 86' lang='lat' dir='ltr'>qui</span> <span class='ocrx_word' id='word_1_660' title='bbox 3583 3791 3731 3847; x_wconf 82' lang='lat' dir='ltr'>obsi-</span> 
     </span>
    </p>
   </div>
   <div class='ocr_carea' id='block_1_91' title="bbox 2073 3876 3734 3949">
    <p class='ocr_par' dir='ltr' id='par_1_91' title="bbox 2073 3876 3734 3949">
     <span class='ocr_line' id='line_1_91' title="bbox 2073 3876 3734 3949; baseline 0.003 -19"><span class='ocrx_word' id='word_1_661' title='bbox 2073 3876 2304 3945; x_wconf 86' lang='lat' dir='ltr'>signant</span> <span class='ocrx_word' id='word_1_662' title='bbox 2336 3876 2526 3946; x_wconf 81' lang='lat' dir='ltr'>legem,</span> <span class='ocrx_word' id='word_1_663' title='bbox 2550 3893 2621 3931; x_wconf 82' lang='lat' dir='ltr'>ne</span> <span class='ocrx_word' id='word_1_664' title='bbox 2649 3876 2876 3932; x_wconf 76' lang='lat' dir='ltr'>discant.</span> <span class='ocrx_word' id='word_1_665' title='bbox 2900 3878 2963 3931; x_wconf 83' lang='lat' dir='ltr'>Et</span> <span class='ocrx_word' id='word_1_666' title='bbox 2996 3876 3136 3933; x_wconf 84' lang='lat' dir='ltr'>dicet</span> <span class='ocrx_word' id='word_1_667' title='bbox 3160 3896 3179 3931; x_wconf 89' lang='lat'><strong><em>:</em></strong></span> <span class='ocrx_word' id='word_1_668' title='bbox 3200 3878 3536 3949; x_wconf 75' lang='lat' dir='ltr'>Exspectabo</span> <span class='ocrx_word' id='word_1_669' title='bbox 3558 3879 3734 3935; x_wconf 80' lang='lat' dir='ltr'>Deum</span> 
     </span>
    </p>
   </div>
   <div class='ocr_carea' id='block_1_92' title="bbox 2075 3965 3731 4038">
    <p class='ocr_par' dir='ltr' id='par_1_92' title="bbox 2075 3965 3731 4038">
     <span class='ocr_line' id='line_1_92' title="bbox 2075 3965 3731 4038; baseline 0.004 -20"><span class='ocrx_word' id='word_1_670' title='bbox 2075 3965 2171 4035; x_wconf 84' lang='lat' dir='ltr'>qui</span> <span class='ocrx_word' id='word_1_671' title='bbox 2189 3966 2390 4020; x_wconf 84' lang='lat' dir='ltr'>avertit</span> <span class='ocrx_word' id='word_1_672' title='bbox 2404 3965 2604 4034; x_wconf 81' lang='lat' dir='ltr'>faciem</span> <span class='ocrx_word' id='word_1_673' title='bbox 2620 3982 2778 4021; x_wconf 87' lang='lat' dir='ltr'>suam</span> <span class='ocrx_word' id='word_1_674' title='bbox 2795 3984 2829 4020; x_wconf 91' lang='lat' dir='ltr'>a</span> <span class='ocrx_word' id='word_1_675' title='bbox 2845 3965 3000 4022; x_wconf 84' lang='lat' dir='ltr'>domo</span> <span class='ocrx_word' id='word_1_676' title='bbox 3011 3967 3198 4037; x_wconf 80' lang='lat' dir='ltr'>Iacob,</span> <span class='ocrx_word' id='word_1_677' title='bbox 3213 3973 3266 4022; x_wconf 87' lang='lat' dir='ltr'>et</span> <span class='ocrx_word' id='word_1_678' title='bbox 3283 3968 3557 4038; x_wconf 84' lang='lat' dir='ltr'>conﬁdam</span> <span class='ocrx_word' id='word_1_679' title='bbox 3576 3971 3636 4023; x_wconf 83' lang='lat' dir='ltr'>in</span> <span class='ocrx_word' id='word_1_680' title='bbox 3649 3985 3731 4025; x_wconf 83' lang='lat' dir='ltr'>eo.</span> 
     </span>
    </p>
   </div>
   <div class='ocr_carea' id='block_1_93' title="bbox 2077 4053 3732 4129">
    <p class='ocr_par' dir='ltr' id='par_1_93' title="bbox 2077 4053 3732 4129">
     <span class='ocr_line' id='line_1_93' title="bbox 2077 4053 3732 4129; baseline 0.003 -21"><span class='ocrx_word' id='word_1_681' title='bbox 2077 4053 2280 4109; x_wconf 87' lang='lat' dir='ltr'>Sermo</span> <span class='ocrx_word' id='word_1_682' title='bbox 2311 4069 2379 4108; x_wconf 88' lang='lat' dir='ltr'>ex</span> <span class='ocrx_word' id='word_1_683' title='bbox 2414 4053 2563 4109; x_wconf 86' lang='lat' dir='ltr'>serie</span> <span class='ocrx_word' id='word_1_684' title='bbox 2594 4071 2799 4110; x_wconf 87' lang='lat' dir='ltr'>eorum</span> <span class='ocrx_word' id='word_1_685' title='bbox 2848 4072 2973 4125; x_wconf 62' lang='lat' dir='ltr'>quas</span> <span class='ocrx_word' id='word_1_686' title='bbox 3025 4071 3373 4126; x_wconf 66' lang='lat' dir='ltr'>praecessere</span> <span class='ocrx_word' id='word_1_687' title='bbox 3421 4057 3732 4129; x_wconf 89' lang='lat' dir='ltr'>dependet.</span> 
     </span>
    </p>
   </div>
   <div class='ocr_carea' id='block_1_94' title="bbox 2076 4143 3735 4216">
    <p class='ocr_par' dir='ltr' id='par_1_94' title="bbox 2076 4143 3735 4216">
     <span class='ocr_line' id='line_1_94' title="bbox 2076 4143 3735 4216; baseline 0.003 -19"><span class='ocrx_word' id='word_1_688' title='bbox 2076 4144 2226 4209; x_wconf 86' lang='lat' dir='ltr'>Ecce,</span> <span class='ocrx_word' id='word_1_689' title='bbox 2259 4144 2418 4213; x_wconf 86' lang='lat' dir='ltr'>virgo</span> <span class='ocrx_word' id='word_1_690' title='bbox 2451 4143 2509 4197; x_wconf 84' lang='lat' dir='ltr'>in</span> <span class='ocrx_word' id='word_1_691' title='bbox 2539 4147 2694 4198; x_wconf 80' lang='lat' dir='ltr'>utero</span> <span class='ocrx_word' id='word_1_692' title='bbox 2723 4146 3008 4214; x_wconf 82' lang='lat' dir='ltr'>concipiet,</span> <span class='ocrx_word' id='word_1_693' title='bbox 3039 4149 3093 4199; x_wconf 87' lang='lat' dir='ltr'>et</span> <span class='ocrx_word' id='word_1_694' title='bbox 3120 4147 3299 4215; x_wconf 80' lang='lat' dir='ltr'>pariet</span> <span class='ocrx_word' id='word_1_695' title='bbox 3327 4147 3532 4216; x_wconf 79' lang='lat' dir='ltr'>ﬁlium,</span> <span class='ocrx_word' id='word_1_696' title='bbox 3565 4151 3617 4201; x_wconf 83' lang='lat' dir='ltr'>et</span> <span class='ocrx_word' id='word_1_697' title='bbox 3645 4163 3735 4202; x_wconf 83' lang='lat' dir='ltr'>vo-</span> 
     </span>
    </p>
   </div>
   <div class='ocr_carea' id='block_1_95' title="bbox 2074 4231 3742 4305">
    <p class='ocr_par' dir='ltr' id='par_1_95' title="bbox 2074 4231 3742 4305">
     <span class='ocr_line' id='line_1_95' title="bbox 2074 4231 3742 4305; baseline 0.002 -19"><span class='ocrx_word' id='word_1_698' title='bbox 2074 4231 2274 4286; x_wconf 79' lang='lat' dir='ltr'>cabunt</span> <span class='ocrx_word' id='word_1_699' title='bbox 2325 4247 2520 4287; x_wconf 82' lang='lat' dir='ltr'>nomen</span> <span class='ocrx_word' id='word_1_700' title='bbox 2551 4233 2672 4300; x_wconf 73' lang='lat' dir='ltr'>eius</span> <span class='ocrx_word' id='word_1_701' title='bbox 2701 4233 3056 4299; x_wconf 63' lang='lat' dir='ltr'>lsmmanuel,</span> <span class='ocrx_word' id='word_1_702' title='bbox 3090 4232 3233 4304; x_wconf 88' lang='lat' dir='ltr'>quod</span> <span class='ocrx_word' id='word_1_703' title='bbox 3280 4238 3356 4288; x_wconf 77' lang='lat' dir='ltr'>est</span> <span class='ocrx_word' id='word_1_704' title='bbox 3409 4235 3742 4305; x_wconf 84' lang='lat' dir='ltr'>interpreta-</span> 
     </span>
    </p>
   </div>
   <div class='ocr_carea' id='block_1_96' title="bbox 2076 4320 3741 4390">
    <p class='ocr_par' dir='ltr' id='par_1_96' title="bbox 2076 4320 3741 4390">
     <span class='ocr_line' id='line_1_96' title="bbox 2076 4320 3741 4390; baseline 0.002 -16"><span class='ocrx_word' id='word_1_705' title='bbox 2076 4328 2269 4390; x_wconf 86' lang='lat' dir='ltr'>tatum,</span> <span class='ocrx_word' id='word_1_706' title='bbox 2302 4320 2592 4376; x_wconf 88' lang='lat' dir='ltr'>Nobiscum</span> <span class='ocrx_word' id='word_1_707' title='bbox 2621 4322 2760 4376; x_wconf 87' lang='lat' dir='ltr'>Deus</span> <span class='ocrx_word' id='word_1_708' title='bbox 2779 4321 2843 4375; x_wconf 78' lang='lat'>“.</span> <span class='ocrx_word' id='word_1_709' title='bbox 2874 4325 2937 4375; x_wconf 87' lang='lat' dir='ltr'>Et</span> <span class='ocrx_word' id='word_1_710' title='bbox 2970 4321 3123 4376; x_wconf 83' lang='lat' dir='ltr'>infra</span> <span class='ocrx_word' id='word_1_711' title='bbox 3155 4337 3362 4376; x_wconf 88' lang='lat' dir='ltr'>rursus</span> <span class='ocrx_word' id='word_1_712' title='bbox 3394 4323 3477 4378; x_wconf 86' lang='lat' dir='ltr'>ait</span> <span class='ocrx_word' id='word_1_713' title='bbox 3504 4339 3515 4378; x_wconf 92' lang='lat'><strong>:</strong></span> <span class='ocrx_word' id='word_1_714' title='bbox 3551 4323 3741 4378; x_wconf 83' lang='lat' dir='ltr'>Nobis-</span> 
     </span>
    </p>
   </div>
   <div class='ocr_carea' id='block_1_97' title="bbox 2076 4410 3743 4480">
    <p class='ocr_par' dir='ltr' id='par_1_97' title="bbox 2076 4410 3743 4480">
     <span class='ocr_line' id='line_1_97' title="bbox 2076 4410 3743 4480; baseline 0.002 -15"><span class='ocrx_word' id='word_1_715' title='bbox 2076 4425 2201 4465; x_wconf 87' lang='lat' dir='ltr'>cum</span> <span class='ocrx_word' id='word_1_716' title='bbox 2232 4410 2371 4464; x_wconf 82' lang='lat' dir='ltr'>Dcus</span> <span class='ocrx_word' id='word_1_717' title='bbox 2403 4427 2421 4462; x_wconf 90' lang='lat'><em>:</em></span> <span class='ocrx_word' id='word_1_718' title='bbox 2453 4412 2784 4479; x_wconf 83' lang='lat' dir='ltr'>cognoscite,</span> <span class='ocrx_word' id='word_1_719' title='bbox 2832 4418 3040 4480; x_wconf 85' lang='lat' dir='ltr'>gentes,</span> <span class='ocrx_word' id='word_1_720' title='bbox 3073 4415 3123 4466; x_wconf 85' lang='lat' dir='ltr'>et</span> <span class='ocrx_word' id='word_1_721' title='bbox 3170 4412 3487 4468; x_wconf 85' lang='lat' dir='ltr'>vincimini.</span> <span class='ocrx_word' id='word_1_722' title='bbox 3522 4412 3743 4468; x_wconf 84' lang='lat' dir='ltr'>Deinde</span> 
     </span>
    </p>
   </div>
   <div class='ocr_carea' id='block_1_98' title="bbox 2081 4497 3750 4570">
    <p class='ocr_par' dir='ltr' id='par_1_98' title="bbox 2081 4497 3750 4570">
     <span class='ocr_line' id='line_1_98' title="bbox 2081 4497 3750 4570; baseline 0.002 -16"><span class='ocrx_word' id='word_1_723' title='bbox 2081 4497 2408 4554; x_wconf 85' lang='lat' dir='ltr'>orationem</span> <span class='ocrx_word' id='word_1_724' title='bbox 2441 4499 2512 4552; x_wconf 86' lang='lat' dir='ltr'>ad</span> <span class='ocrx_word' id='word_1_725' title='bbox 2546 4514 2644 4553; x_wconf 88' lang='lat' dir='ltr'>eos</span> <span class='ocrx_word' id='word_1_726' title='bbox 2692 4499 2999 4566; x_wconf 87' lang='lat' dir='ltr'>convertit,</span> <span class='ocrx_word' id='word_1_727' title='bbox 3032 4498 3130 4570; x_wconf 90' lang='lat' dir='ltr'>qui</span> <span class='ocrx_word' id='word_1_728' title='bbox 3182 4498 3371 4569; x_wconf 87' lang='lat' dir='ltr'>legem</span> <span class='ocrx_word' id='word_1_729' title='bbox 3401 4500 3472 4556; x_wconf 87' lang='lat' dir='ltr'>ab</span> <span class='ocrx_word' id='word_1_730' title='bbox 3506 4502 3750 4569; x_wconf 57' lang='lat' dir='ltr'>Emme-</span> 
     </span>
    </p>
   </div>
   <div class='ocr_carea' id='block_1_99' title="bbox 2267 4597 3749 4668">
    <p class='ocr_par' dir='ltr' id='par_1_99' title="bbox 2267 4597 3749 4668">
     <span class='ocr_line' id='line_1_99' title="bbox 2267 4597 3749 4668; baseline 0.004 -16"><span class='ocrx_word' id='word_1_731' title='bbox 2267 4598 2310 4632; x_wconf 80' lang='grc'>⁶¹</span> <span class='ocrx_word' id='word_1_732' title='bbox 2346 4597 2554 4653; x_wconf 84' lang='lat' dir='ltr'>Matth.</span> <span class='ocrx_word' id='word_1_733' title='bbox 2589 4613 2723 4668; x_wconf 83' lang='lat' dir='ltr'>xxv,</span> <span class='ocrx_word' id='word_1_734' title='bbox 2755 4598 2845 4652; x_wconf 82' lang='grc'>46.</span> <span class='ocrx_word' id='word_1_735' title='bbox 2935 4598 2981 4633; x_wconf 78' lang='grc'>⁸³</span> <span class='ocrx_word' id='word_1_736' title='bbox 3013 4597 3180 4654; x_wconf 83' lang='lat' dir='ltr'>Rom.</span> <span class='ocrx_word' id='word_1_737' title='bbox 3213 4616 3291 4668; x_wconf 79' lang='lat' dir='ltr'>Ix,</span> <span class='ocrx_word' id='word_1_738' title='bbox 3324 4600 3414 4657; x_wconf 89' lang='lat'>33.</span> <span class='ocrx_word' id='word_1_739' title='bbox 3493 4601 3539 4638; x_wconf 75' lang='grc'>⁸⁸</span> <span class='ocrx_word' id='word_1_740' title='bbox 3569 4603 3590 4658; x_wconf 82' lang='grc'>1</span> <span class='ocrx_word' id='word_1_741' title='bbox 3620 4606 3749 4658; x_wconf 90' lang='lat' dir='ltr'>Cor.</span> 
     </span>
    </p>
   </div>
   <div class='ocr_carea' id='block_1_100' title="bbox 385 4763 3754 4849">
    <p class='ocr_par' dir='ltr' id='par_1_100' title="bbox 385 4763 3754 4849">
     <span class='ocr_line' id='line_1_100' title="bbox 385 4763 3754 4849; baseline -0.001 -17"><span class='ocrx_word' id='word_1_742' title='bbox 385 4778 498 4849; x_wconf 87' lang='lat'>(65)</span> <span class='ocrx_word' id='word_1_743' title='bbox 530 4775 792 4849; x_wconf 62' lang='lat' dir='ltr'>Antiqui</span> <span class='ocrx_word' id='word_1_744' title='bbox 820 4777 940 4849; x_wconf 81' lang='lat' dir='ltr'>tres</span> <span class='ocrx_word' id='word_1_745' title='bbox 985 4770 1157 4849; x_wconf 68' lang='lat' dir='ltr'>libri,</span> <span class='ocrx_word' id='word_1_746' title='bbox 1197 4764 1328 4822; x_wconf 76' lang='grc' dir='ltr'>ἀδεᾶ</span> <span class='ocrx_word' id='word_1_747' title='bbox 1381 4763 1709 4828; x_wconf 81' lang='grc' dir='ltr'>δεδοικότες.</span> <span class='ocrx_word' id='word_1_748' title='bbox 1737 4769 1854 4849; x_wconf 74' lang='lat' dir='ltr'>Nec</span> <span class='ocrx_word' id='word_1_749' title='bbox 1902 4771 1982 4824; x_wconf 89' lang='lat' dir='ltr'>ita</span> <span class='ocrx_word' id='word_1_750' title='bbox 2013 4773 2059 4838; x_wconf 77' lang='grc' dir='ltr'><strong>Β</strong></span> <span class='ocrx_word' id='word_1_751' title='bbox 2089 4771 2203 4849; x_wconf 76' lang='lat' dir='ltr'>sive</span> <span class='ocrx_word' id='word_1_752' title='bbox 2235 4785 2363 4849; x_wconf 35' lang='lat' dir='ltr'>non.</span> <span class='ocrx_word' id='word_1_753' title='bbox 2386 4768 2743 4849; x_wconf 73' lang='lat' dir='ltr'>negaverim,</span> <span class='ocrx_word' id='word_1_754' title='bbox 2768 4771 2862 4838; x_wconf 88' lang='lat' dir='ltr'>qui</span> <span class='ocrx_word' id='word_1_755' title='bbox 2877 4771 3212 4849; x_wconf 62' lang='lat' dir='ltr'>signantur,</span> <span class='ocrx_word' id='word_1_756' title='bbox 3234 4777 3335 4826; x_wconf 86' lang='lat' dir='ltr'>au‘.</span> <span class='ocrx_word' id='word_1_757' title='bbox 3366 4775 3465 4844; x_wconf 87' lang='lat' dir='ltr'>qui</span> <span class='ocrx_word' id='word_1_758' title='bbox 3487 4775 3715 4849; x_wconf 78' lang='lat' dir='ltr'>signant</span> <span class='ocrx_word' id='word_1_759' title='bbox 3735 4789 3754 4828; x_wconf 89' lang='lat'><strong><em>:</em></strong></span> 
     </span>
    </p>
   </div>
   <div class='ocr_carea' id='block_1_101' title="bbox 325 4840 1983 4918">
    <p class='ocr_par' dir='ltr' id='par_1_101' title="bbox 325 4840 1983 4918">
     <span class='ocr_line' id='line_1_101' title="bbox 325 4840 1983 4918; baseline -0.008 -13"><span class='ocrx_word' id='word_1_760' title='bbox 325 4840 514 4905; x_wconf 78' lang='lat' dir='ltr'>multo</span> <span class='ocrx_word' id='word_1_761' title='bbox 569 4840 707 4918; x_wconf 74' lang='lat' dir='ltr'>post</span> <span class='ocrx_word' id='word_1_762' title='bbox 758 4845 935 4900; x_wconf 87' lang='lat' dir='ltr'>iidem</span> <span class='ocrx_word' id='word_1_763' title='bbox 993 4841 1080 4898; x_wconf 85' lang='lat' dir='ltr'>illi</span> <span class='ocrx_word' id='word_1_764' title='bbox 1146 4847 1264 4897; x_wconf 89' lang='lat' dir='ltr'>tres</span> <span class='ocrx_word' id='word_1_765' title='bbox 1333 4858 1500 4907; x_wconf 89' lang='lat' dir='ltr'>mss.,</span> <span class='ocrx_word' id='word_1_766' title='bbox 1570 4840 1983 4916; x_wconf 80' lang='grc' dir='ltr'>φοοηθήσονται</span> 
     </span>
    </p>
   </div>
   <div class='ocr_carea' id='block_1_102' title="bbox 332 4920 1654 5064">
    <p class='ocr_par' dir='ltr' id='par_1_102' title="bbox 332 4920 1654 5064">
     <span class='ocr_line' id='line_1_102' title="bbox 332 4920 1654 5064; baseline 0.024 -66"><span class='ocrx_word' id='word_1_767' title='bbox 332 4920 704 5064; x_wconf 42' lang='grc' dir='ltr'>Ῡῗὲἓῖὲ-ἀὶιὶ,</span> <span class='ocrx_word' id='word_1_768' title='bbox 741 4985 874 5059; x_wconf 74' lang='grc' dir='ltr'>μετὰ</span> <span class='ocrx_word' id='word_1_769' title='bbox 897 4985 1025 5064; x_wconf 55' lang='lat' dir='ltr'>re».</span> <span class='ocrx_word' id='word_1_770' title='bbox 1061 4985 1262 5064; x_wconf 77' lang='lat' dir='ltr'>A_t_sex</span> <span class='ocrx_word' id='word_1_771' title='bbox 1294 4997 1463 5064; x_wconf 78' lang='lat' dir='ltr'>mss.,</span> <span class='ocrx_word' id='word_1_772' title='bbox 1501 4979 1654 5064; x_wconf 65' lang='grc' dir='ltr'>μετά.</span> 
     </span>
    </p>
   </div>
   <div class='ocr_carea' id='block_1_103' title="bbox 387 5051 1736 5134">
    <p class='ocr_par' dir='ltr' id='par_1_103' title="bbox 387 5051 1736 5134">
     <span class='ocr_line' id='line_1_103' title="bbox 387 5051 1736 5134; baseline -0.008 -17"><span class='ocrx_word' id='word_1_773' title='bbox 387 5051 501 5134; x_wconf 70' lang='grc'>(67)</span> <span class='ocrx_word' id='word_1_774' title='bbox 534 5051 786 5134; x_wconf 39' lang='grc' dir='ltr'>Ῡθῐεῦέβ.</span> <span class='ocrx_word' id='word_1_775' title='bbox 807 5061 1062 5129; x_wconf 76' lang='lat' dir='ltr'>quatuor</span> <span class='ocrx_word' id='word_1_776' title='bbox 1093 5055 1250 5134; x_wconf 50' lang='lat' dir='ltr'>libri,</span> <span class='ocrx_word' id='word_1_777' title='bbox 1284 5051 1344 5106; x_wconf 86' lang='grc' dir='ltr'>οὐ</span> <span class='ocrx_word' id='word_1_778' title='bbox 1379 5051 1736 5134; x_wconf 65' lang='grc' dir='ltr'>συναντήσῃς.</span> 
     </span>
    </p>
   </div>
   <div class='ocr_carea' id='block_1_104' title="bbox 389 5121 1985 5204">
    <p class='ocr_par' dir='ltr' id='par_1_104' title="bbox 389 5121 1985 5204">
     <span class='ocr_line' id='line_1_104' title="bbox 389 5121 1985 5204; baseline -0.016 -12"><span class='ocrx_word' id='word_1_779' title='bbox 544 5133 673 5199; x_wconf 80' lang='lat' dir='ltr'>Illa,</span> <span class='ocrx_word' id='word_1_780' title='bbox 710 5121 851 5204; x_wconf 69' lang='grc' dir='ltr'>Τότέ</span> <span class='ocrx_word' id='word_1_781' title='bbox 890 5125 1124 5204; x_wconf 12' lang='grc' dir='ltr'>-φανεροῄἶ</span> <span class='ocrx_word' id='word_1_782' title='bbox 1184 5121 1394 5204; x_wconf 57' lang='grc' dir='ltr'>ἔσονται</span> <span class='ocrx_word' id='word_1_783' title='bbox 1431 5125 1501 5204; x_wconf 34' lang='grc' dir='ltr'>ὀἱ</span> <span class='ocrx_word' id='word_1_784' title='bbox 1556 5121 1985 5204; x_wconf 53' lang='grc' dir='ltr'>σιξρὰγιζόμενρι</span> 
     </span>
    </p>
   </div>
   <div class='ocr_carea' id='block_1_105' title="bbox 325 5197 1989 5275">
    <p class='ocr_par' dir='ltr' id='par_1_105' title="bbox 325 5197 1989 5275">
     <span class='ocr_line' id='line_1_105' title="bbox 325 5197 1989 5275; baseline -0.005 -15"><span class='ocrx_word' id='word_1_785' title='bbox 325 5197 418 5260; x_wconf 77' lang='grc' dir='ltr'>τον</span> <span class='ocrx_word' id='word_1_786' title='bbox 459 5197 667 5275; x_wconf 77' lang='grc' dir='ltr'>νόμον,</span> <span class='ocrx_word' id='word_1_787' title='bbox 686 5199 784 5256; x_wconf 72' lang='grc' dir='ltr'>τοῦ</span> <span class='ocrx_word' id='word_1_788' title='bbox 837 5197 1252 5275; x_wconf 38' lang='grc' dir='ltr'>μὴ’μαθεῖνηὶιι</span> <span class='ocrx_word' id='word_1_789' title='bbox 1303 5197 1561 5275; x_wconf 73' lang='lat' dir='ltr'>editione</span> <span class='ocrx_word' id='word_1_790' title='bbox 1608 5197 1873 5275; x_wconf 61' lang='lat' dir='ltr'>Romana</span> <span class='ocrx_word' id='word_1_791' title='bbox 1902 5199 1989 5275; x_wconf 83' lang='lat' dir='ltr'>sic</span> 
     </span>
    </p>
   </div>
   <div class='ocr_carea' id='block_1_106' title="bbox 323 5271 1991 5343">
    <p class='ocr_par' dir='ltr' id='par_1_106' title="bbox 323 5271 1991 5343">
     <span class='ocr_line' id='line_1_106' title="bbox 323 5271 1991 5343; baseline -0.006 -8"><span class='ocrx_word' id='word_1_792' title='bbox 323 5271 639 5335; x_wconf 80' lang='lat' dir='ltr'>vertuntur</span> <span class='ocrx_word' id='word_1_793' title='bbox 670 5292 683 5328; x_wconf 89' lang='lat'>:</span> <span class='ocrx_word' id='word_1_794' title='bbox 721 5271 864 5330; x_wconf 81' lang='lat' dir='ltr'>Tunc</span> <span class='ocrx_word' id='word_1_795' title='bbox 891 5271 1181 5343; x_wconf 69' lang='lat' dir='ltr'>manifesti</span> <span class='ocrx_word' id='word_1_796' title='bbox 1210 5271 1394 5343; x_wconf 71' lang='lat' dir='ltr'>erunt,</span> <span class='ocrx_word' id='word_1_797' title='bbox 1427 5271 1528 5343; x_wconf 77' lang='lat' dir='ltr'>qui</span> <span class='ocrx_word' id='word_1_798' title='bbox 1569 5271 1910 5343; x_wconf 71' lang='lat' dir='ltr'>signantur,</span> <span class='ocrx_word' id='word_1_799' title='bbox 1929 5273 1991 5325; x_wconf 87' lang='lat' dir='ltr'>ut</span> 
     </span>
    </p>
   </div>
   <div class='ocr_carea' id='block_1_107' title="bbox 321 5339 1991 5416">
    <p class='ocr_par' dir='ltr' id='par_1_107' title="bbox 321 5339 1991 5416">
     <span class='ocr_line' id='line_1_107' title="bbox 321 5339 1991 5416; baseline -0.005 -11"><span class='ocrx_word' id='word_1_800' title='bbox 321 5367 431 5405; x_wconf 88' lang='lat' dir='ltr'>non</span> <span class='ocrx_word' id='word_1_801' title='bbox 465 5349 676 5405; x_wconf 75' lang='lat' dir='ltr'>discant</span> <span class='ocrx_word' id='word_1_802' title='bbox 708 5347 903 5416; x_wconf 82' lang='lat' dir='ltr'>legem.</span> <span class='ocrx_word' id='word_1_803' title='bbox 926 5339 1236 5416; x_wconf 50' lang='lat' dir='ltr'>Nec&#39;aliter</span> <span class='ocrx_word' id='word_1_804' title='bbox 1262 5340 1384 5395; x_wconf 74' lang='lat' dir='ltr'>haec</span> <span class='ocrx_word' id='word_1_805' title='bbox 1417 5339 1700 5416; x_wconf 50' lang='lat' dir='ltr'>verba,_&#39;ut</span> <span class='ocrx_word' id='word_1_806' title='bbox 1725 5339 1991 5416; x_wconf 82' lang='lat' dir='ltr'>Nobilius</span> 
     </span>
    </p>
   </div>
   <div class='ocr_carea' id='block_1_108' title="bbox 320 5411 1990 5490">
    <p class='ocr_par' dir='ltr' id='par_1_108' title="bbox 320 5411 1990 5490">
     <span class='ocr_line' id='line_1_108' title="bbox 320 5411 1990 5490; baseline -0.007 -12"><span class='ocrx_word' id='word_1_807' title='bbox 320 5426 543 5478; x_wconf 87' lang='lat' dir='ltr'>monet.</span> <span class='ocrx_word' id='word_1_808' title='bbox 583 5411 1122 5490; x_wconf 76' lang='lat' dir='ltr'>interpretatusest</span> <span class='ocrx_word' id='word_1_809' title='bbox 1171 5413 1578 5490; x_wconf 63' lang='lat' dir='ltr'>Hieronymus.</span> <span class='ocrx_word' id='word_1_810' title='bbox 1616 5411 1738 5490; x_wconf 74' lang='lat' dir='ltr'>Imo</span> <span class='ocrx_word' id='word_1_811' title='bbox 1786 5413 1990 5490; x_wconf 84' lang='lat' dir='ltr'>etiam,</span> 
     </span>
    </p>
   </div>
   <div class='ocr_carea' id='block_1_109' title="bbox 324 5483 1990 5557">
    <p class='ocr_par' dir='ltr' id='par_1_109' title="bbox 324 5483 1990 5557">
     <span class='ocr_line' id='line_1_109' title="bbox 324 5483 1990 5557; baseline -0.008 -6"><span class='ocrx_word' id='word_1_812' title='bbox 324 5495 370 5551; x_wconf 88' lang='lat' dir='ltr'>si</span> <span class='ocrx_word' id='word_1_813' title='bbox 407 5493 460 5549; x_wconf 87' lang='lat' dir='ltr'>ei</span> <span class='ocrx_word' id='word_1_814' title='bbox 492 5483 766 5546; x_wconf 77' lang='lat' dir='ltr'>habenda</span> <span class='ocrx_word' id='word_1_815' title='bbox 808 5494 898 5543; x_wconf 88' lang='lat' dir='ltr'>est</span> <span class='ocrx_word' id='word_1_816' title='bbox 945 5487 1113 5552; x_wconf 81' lang='lat' dir='ltr'>ﬁdes,</span> <span class='ocrx_word' id='word_1_817' title='bbox 1139 5487 1461 5557; x_wconf 85' lang='lat' dir='ltr'>ostendunt</span> <span class='ocrx_word' id='word_1_818' title='bbox 1508 5483 1762 5538; x_wconf 83' lang='lat' dir='ltr'>Basilius</span> <span class='ocrx_word' id='word_1_819' title='bbox 1791 5492 1850 5557; x_wconf 83' lang='lat' dir='ltr'>et</span> <span class='ocrx_word' id='word_1_820' title='bbox 1880 5488 1990 5557; x_wconf 77' lang='lat' dir='ltr'>Cy-</span> 
     </span>
    </p>
   </div>
   <div class='ocr_carea' id='block_1_110' title="bbox 322 5556 1993 5627">
    <p class='ocr_par' dir='ltr' id='par_1_110' title="bbox 322 5556 1993 5627">
     <span class='ocr_line' id='line_1_110' title="bbox 322 5556 1993 5627; baseline -0.005 -6"><span class='ocrx_word' id='word_1_821' title='bbox 322 5566 496 5621; x_wconf 87' lang='lat' dir='ltr'>rillus</span> <span class='ocrx_word' id='word_1_822' title='bbox 528 5563 685 5619; x_wconf 89' lang='lat' dir='ltr'>hunc</span> <span class='ocrx_word' id='word_1_823' title='bbox 718 5559 882 5616; x_wconf 67' lang='lat' dir='ltr'>Isaias</span> <span class='ocrx_word' id='word_1_824' title='bbox 930 5557 1127 5614; x_wconf 87' lang='lat' dir='ltr'>locum</span> <span class='ocrx_word' id='word_1_825' title='bbox 1178 5557 1260 5612; x_wconf 88' lang='lat' dir='ltr'>ita</span> <span class='ocrx_word' id='word_1_826' title='bbox 1289 5556 1436 5612; x_wconf 86' lang='lat' dir='ltr'>verti</span> <span class='ocrx_word' id='word_1_827' title='bbox 1469 5560 1755 5627; x_wconf 84' lang='lat' dir='ltr'>oportere.</span> <span class='ocrx_word' id='word_1_828' title='bbox 1783 5556 1895 5612; x_wconf 88' lang='lat' dir='ltr'>Sed</span> <span class='ocrx_word' id='word_1_829' title='bbox 1925 5556 1993 5613; x_wconf 89' lang='lat' dir='ltr'>ea</span> 
     </span>
    </p>
   </div>
   <div class='ocr_carea' id='block_1_111' title="bbox 324 5628 1991 5701">
    <p class='ocr_par' dir='ltr' id='par_1_111' title="bbox 324 5628 1991 5701">
     <span class='ocr_line' id='line_1_111' title="bbox 324 5628 1991 5701; baseline -0.006 -7"><span class='ocrx_word' id='word_1_830' title='bbox 324 5640 388 5694; x_wconf 87' lang='lat' dir='ltr'>iu</span> <span class='ocrx_word' id='word_1_831' title='bbox 420 5655 482 5692; x_wconf 90' lang='lat' dir='ltr'>re</span> <span class='ocrx_word' id='word_1_832' title='bbox 514 5636 636 5692; x_wconf 85' lang='lat' dir='ltr'>viro</span> <span class='ocrx_word' id='word_1_833' title='bbox 667 5630 1009 5688; x_wconf 87' lang='lat' dir='ltr'>doctissimo</span> <span class='ocrx_word' id='word_1_834' title='bbox 1042 5628 1317 5701; x_wconf 75' lang='lat' dir='ltr'>assentiri</span> <span class='ocrx_word' id='word_1_835' title='bbox 1350 5646 1464 5685; x_wconf 90' lang='lat' dir='ltr'>non</span> <span class='ocrx_word' id='word_1_836' title='bbox 1501 5645 1670 5701; x_wconf 84' lang='lat' dir='ltr'>queo.</span> <span class='ocrx_word' id='word_1_837' title='bbox 1703 5628 1991 5701; x_wconf 79' lang='lat' dir='ltr'>Equidem</span> 
     </span>
    </p>
   </div>
   <div class='ocr_carea' id='block_1_112' title="bbox 325 5699 1990 5784">
    <p class='ocr_par' dir='ltr' id='par_1_112' title="bbox 325 5699 1990 5784">
     <span class='ocr_line' id='line_1_112' title="bbox 325 5699 1990 5784; baseline -0.016 -16"><span class='ocrx_word' id='word_1_838' title='bbox 325 5722 530 5767; x_wconf 76' lang='lat' dir='ltr'>vocem</span> <span class='ocrx_word' id='word_1_839' title='bbox 566 5703 988 5784; x_wconf 65' lang='grc' dir='ltr'>σφραγιζόμενοι</span> <span class='ocrx_word' id='word_1_840' title='bbox 1019 5699 1175 5758; x_wconf 90' lang='lat' dir='ltr'>sumi</span> <span class='ocrx_word' id='word_1_841' title='bbox 1222 5714 1393 5773; x_wconf 88' lang='lat' dir='ltr'>posse</span> <span class='ocrx_word' id='word_1_842' title='bbox 1423 5699 1724 5756; x_wconf 57' lang='lat' dir='ltr'>vel&#39;active</span> <span class='ocrx_word' id='word_1_843' title='bbox 1746 5699 1836 5756; x_wconf 90' lang='lat' dir='ltr'>vel</span> <span class='ocrx_word' id='word_1_844' title='bbox 1863 5717 1990 5773; x_wconf 72' lang='grc' dir='ltr'>ραε-</span> 
     </span>
    </p>
   </div>
   <div class='ocr_carea' id='block_1_113' title="bbox 609 5825 1273 5898">
    <p class='ocr_par' dir='ltr' id='par_1_113' title="bbox 609 5825 1273 5898">
     <span class='ocr_line' id='line_1_113' title="bbox 609 5825 1273 5898; baseline -0.011 -1"><span class='ocrx_word' id='word_1_845' title='bbox 609 5836 880 5898; x_wconf 68' lang='grc' dir='ltr'>Ριιιιοι..</span> <span class='ocrx_word' id='word_1_846' title='bbox 928 5829 1042 5892; x_wconf 70' lang='grc' dir='ltr'>αι.</span> <span class='ocrx_word' id='word_1_847' title='bbox 1085 5825 1273 5890; x_wconf 77' lang='lat' dir='ltr'><strong>XXX.</strong></span> 
     </span>
    </p>
   </div>
   <div class='ocr_carea' id='block_1_114' title="bbox 2095 4840 3754 4916">
    <p class='ocr_par' dir='ltr' id='par_1_114' title="bbox 2095 4840 3754 4916">
     <span class='ocr_line' id='line_1_114' title="bbox 2095 4840 3754 4916; baseline 0.002 -20"><span class='ocrx_word' id='word_1_848' title='bbox 2095 4842 2220 4916; x_wconf 76' lang='lat' dir='ltr'>sed,</span> <span class='ocrx_word' id='word_1_849' title='bbox 2254 4841 2368 4896; x_wconf 89' lang='lat' dir='ltr'>nisi</span> <span class='ocrx_word' id='word_1_850' title='bbox 2407 4840 2574 4896; x_wconf 88' lang='lat' dir='ltr'>valde</span> <span class='ocrx_word' id='word_1_851' title='bbox 2631 4841 2822 4916; x_wconf 80' lang='lat' dir='ltr'>tallor,</span> <span class='ocrx_word' id='word_1_852' title='bbox 2875 4840 2956 4916; x_wconf 72' lang='lat' dir='ltr'>ita</span> <span class='ocrx_word' id='word_1_853' title='bbox 3008 4840 3405 4916; x_wconf 76' lang='lat' dir='ltr'>disponuntur</span> <span class='ocrx_word' id='word_1_854' title='bbox 3459 4840 3754 4916; x_wconf 82' lang='lat' dir='ltr'>prophetas</span> 
     </span>
    </p>
   </div>
   <div class='ocr_carea' id='block_1_115' title="bbox 2092 4913 3752 4985">
    <p class='ocr_par' dir='ltr' id='par_1_115' title="bbox 2092 4913 3752 4985">
     <span class='ocr_line' id='line_1_115' title="bbox 2092 4913 3752 4985; baseline 0.003 -18"><span class='ocrx_word' id='word_1_855' title='bbox 2092 4913 2293 4985; x_wconf 86' lang='lat' dir='ltr'>verba,</span> <span class='ocrx_word' id='word_1_856' title='bbox 2320 4916 2383 4967; x_wconf 92' lang='lat' dir='ltr'>ut</span> <span class='ocrx_word' id='word_1_857' title='bbox 2413 4929 2626 4985; x_wconf 83' lang='lat' dir='ltr'>sensus</span> <span class='ocrx_word' id='word_1_858' title='bbox 2659 4913 2916 4985; x_wconf 88' lang='lat' dir='ltr'>patiendi</span> <span class='ocrx_word' id='word_1_859' title='bbox 2941 4913 3181 4970; x_wconf 81' lang='lat' dir='ltr'>omnino</span> <span class='ocrx_word' id='word_1_860' title='bbox 3211 4915 3436 4970; x_wconf 86' lang='lat' dir='ltr'>excludi</span> <span class='ocrx_word' id='word_1_861' title='bbox 3461 4913 3752 4972; x_wconf 73' lang='lat' dir='ltr'>videatur.</span> 
     </span>
    </p>
   </div>
   <div class='ocr_carea' id='block_1_116' title="bbox 2094 4983 3760 5060">
    <p class='ocr_par' dir='ltr' id='par_1_116' title="bbox 2094 4983 3760 5060">
     <span class='ocr_line' id='line_1_116' title="bbox 2094 4983 3760 5060; baseline 0.005 -26"><span class='ocrx_word' id='word_1_862' title='bbox 2094 4984 2260 5060; x_wconf 69' lang='lat' dir='ltr'>Nam,</span> <span class='ocrx_word' id='word_1_863' title='bbox 2317 4989 2382 5039; x_wconf 90' lang='lat' dir='ltr'>ut</span> <span class='ocrx_word' id='word_1_864' title='bbox 2435 4983 2786 5060; x_wconf 76' lang='lat' dir='ltr'>signiﬁcatio</span> <span class='ocrx_word' id='word_1_865' title='bbox 2837 4986 3070 5056; x_wconf 84' lang='lat' dir='ltr'>passiva</span> <span class='ocrx_word' id='word_1_866' title='bbox 3117 4987 3350 5043; x_wconf 89' lang='lat' dir='ltr'>admitti</span> <span class='ocrx_word' id='word_1_867' title='bbox 3405 4993 3626 5060; x_wconf 88' lang='lat' dir='ltr'>posset,</span> <span class='ocrx_word' id='word_1_868' title='bbox 3661 4990 3760 5060; x_wconf 89' lang='lat' dir='ltr'>qui</span> 
     </span>
    </p>
   </div>
   <div class='ocr_carea' id='block_1_117' title="bbox 2095 5058 3760 5128">
    <p class='ocr_par' dir='ltr' id='par_1_117' title="bbox 2095 5058 3760 5128">
     <span class='ocr_line' id='line_1_117' title="bbox 2095 5058 3760 5128; baseline 0.004 -18"><span class='ocrx_word' id='word_1_869' title='bbox 2095 5059 2415 5128; x_wconf 77' lang='lat' dir='ltr'>signantur,</span> <span class='ocrx_word' id='word_1_870' title='bbox 2447 5065 2508 5112; x_wconf 90' lang='lat' dir='ltr'>ut</span> <span class='ocrx_word' id='word_1_871' title='bbox 2538 5071 2650 5128; x_wconf 78' lang='lat' dir='ltr'>non</span> <span class='ocrx_word' id='word_1_872' title='bbox 2696 5058 2920 5113; x_wconf 82' lang='lat' dir='ltr'>discant</span> <span class='ocrx_word' id='word_1_873' title='bbox 2957 5061 3160 5128; x_wconf 83' lang='lat' dir='ltr'>__legem,</span> <span class='ocrx_word' id='word_1_874' title='bbox 3192 5058 3504 5115; x_wconf 29' lang='lat' dir='ltr'>Grieca‘eo</span> <span class='ocrx_word' id='word_1_875' title='bbox 3554 5058 3760 5117; x_wconf 86' lang='lat' dir='ltr'>ordine</span> 
     </span>
    </p>
   </div>
   <div class='ocr_carea' id='block_1_118' title="bbox 2097 5123 3758 5212">
    <p class='ocr_par' dir='ltr' id='par_1_118' title="bbox 2097 5123 3758 5212">
     <span class='ocr_line' id='line_1_118' title="bbox 2097 5123 3758 5212; baseline 0.002 -31"><span class='ocrx_word' id='word_1_876' title='bbox 2097 5123 2212 5212; x_wconf 66' lang='lat' dir='ltr'>legi</span> <span class='ocrx_word' id='word_1_877' title='bbox 2236 5129 2535 5212; x_wconf 65' lang='lat' dir='ltr'>deberent.</span> <span class='ocrx_word' id='word_1_878' title='bbox 2550 5126 2680 5212; x_wconf 57' lang='lat'>1:61:</span> <span class='ocrx_word' id='word_1_879' title='bbox 2702 5129 2926 5212; x_wconf 48' lang='grc' dir='ltr'>φανεροὶ</span> <span class='ocrx_word' id='word_1_880' title='bbox 2951 5123 3278 5212; x_wconf 42' lang='grc' dir='ltr'>ἔσονται-καὶ</span> <span class='ocrx_word' id='word_1_881' title='bbox 3307 5129 3758 5212; x_wconf 61' lang='grc' dir='ltr'>σερραγιζόμενοι,</span> 
     </span>
    </p>
   </div>
   <div class='ocr_carea' id='block_1_119' title="bbox 2097 5197 3762 5275">
    <p class='ocr_par' dir='ltr' id='par_1_119' title="bbox 2097 5197 3762 5275">
     <span class='ocr_line' id='line_1_119' title="bbox 2097 5197 3762 5275; baseline 0.006 -24"><span class='ocrx_word' id='word_1_882' title='bbox 2097 5197 2194 5252; x_wconf 78' lang='grc' dir='ltr'>τοῦ</span> <span class='ocrx_word' id='word_1_883' title='bbox 2229 5199 2303 5271; x_wconf 80' lang='grc' dir='ltr'>μή</span> <span class='ocrx_word' id='word_1_884' title='bbox 2337 5198 2522 5275; x_wconf 81' lang='grc' dir='ltr'>μαθεῖν</span> <span class='ocrx_word' id='word_1_885' title='bbox 2541 5199 2631 5253; x_wconf 88' lang='grc' dir='ltr'>τὸν</span> <span class='ocrx_word' id='word_1_886' title='bbox 2655 5197 3133 5275; x_wconf 58' lang='grc' dir='ltr'>νόμονξΑιδὶιὶίιῸι*</span> <span class='ocrx_word' id='word_1_887' title='bbox 3162 5197 3475 5275; x_wconf 66' lang='grc' dir='ltr'>ἱεὶῐυτᾟιιέ</span> <span class='ocrx_word' id='word_1_888' title='bbox 3495 5197 3644 5260; x_wconf 71' lang='lat' dir='ltr'>duas</span> <span class='ocrx_word' id='word_1_889' title='bbox 3666 5197 3762 5260; x_wconf 49' lang='lat' dir='ltr'>V0;</span> 
     </span>
    </p>
   </div>
   <div class='ocr_carea' id='block_1_120' title="bbox 2100 5271 3762 5348">
    <p class='ocr_par' dir='ltr' id='par_1_120' title="bbox 2100 5271 3762 5348">
     <span class='ocr_line' id='line_1_120' title="bbox 2100 5271 3762 5348; baseline 0.003 -22"><span class='ocrx_word' id='word_1_890' title='bbox 2100 5271 2676 5348; x_wconf 59' lang='lat' dir='ltr'>ces,_cqpa~{t§6pe_vot</span> <span class='ocrx_word' id='word_1_891' title='bbox 2710 5277 2767 5326; x_wconf 91' lang='lat' dir='ltr'>et</span> <span class='ocrx_word' id='word_1_892' title='bbox 2797 5271 2982 5348; x_wconf 67' lang='grc' dir='ltr'>νόμον,</span> <span class='ocrx_word' id='word_1_893' title='bbox 3013 5277 3075 5326; x_wconf 93' lang='lat' dir='ltr'>ut</span> <span class='ocrx_word' id='word_1_894' title='bbox 3108 5273 3164 5328; x_wconf 92' lang='lat' dir='ltr'>in</span> <span class='ocrx_word' id='word_1_895' title='bbox 3188 5271 3390 5348; x_wconf 67' lang='lat' dir='ltr'>Cresco</span> <span class='ocrx_word' id='word_1_896' title='bbox 3419 5276 3762 5348; x_wconf 80' lang='lat' dir='ltr'>exemplari,</span> 
     </span>
    </p>
   </div>
   <div class='ocr_carea' id='block_1_121' title="bbox 2100 5341 3762 5419">
    <p class='ocr_par' dir='ltr' id='par_1_121' title="bbox 2100 5341 3762 5419">
     <span class='ocr_line' id='line_1_121' title="bbox 2100 5341 3762 5419; baseline 0.006 -24"><span class='ocrx_word' id='word_1_897' title='bbox 2100 5343 2183 5419; x_wconf 79' lang='lat' dir='ltr'>ita</span> <span class='ocrx_word' id='word_1_898' title='bbox 2231 5341 2542 5419; x_wconf 52' lang='lat' dir='ltr'>in&#39;La&#39;tina</span> <span class='ocrx_word' id='word_1_899' title='bbox 2582 5341 3062 5419; x_wconf 75' lang='lat' dir='ltr'>interpretatione</span> <span class='ocrx_word' id='word_1_900' title='bbox 3113 5341 3762 5419; x_wconf 47' lang='lat' dir='ltr'>coniungendas-esse,</span> 
     </span>
    </p>
   </div>
   <div class='ocr_carea' id='block_1_122' title="bbox 2099 5414 3767 5490">
    <p class='ocr_par' dir='ltr' id='par_1_122' title="bbox 2099 5414 3767 5490">
     <span class='ocr_line' id='line_1_122' title="bbox 2099 5414 3767 5490; baseline 0.006 -22"><span class='ocrx_word' id='word_1_901' title='bbox 2099 5414 2212 5470; x_wconf 89' lang='lat' dir='ltr'>hoc</span> <span class='ocrx_word' id='word_1_902' title='bbox 2241 5417 2414 5470; x_wconf 89' lang='lat' dir='ltr'>modo</span> <span class='ocrx_word' id='word_1_903' title='bbox 2448 5432 2461 5469; x_wconf 90' lang='lat'><strong>:</strong></span> <span class='ocrx_word' id='word_1_904' title='bbox 2487 5417 2648 5490; x_wconf 63' lang='grc' dir='ltr'>⁸Τιιηι)</span> <span class='ocrx_word' id='word_1_905' title='bbox 2693 5416 2982 5490; x_wconf 73' lang='lat' dir='ltr'>manifesti</span> <span class='ocrx_word' id='word_1_906' title='bbox 3011 5421 3192 5483; x_wconf 81' lang='lat' dir='ltr'>erunt,</span> <span class='ocrx_word' id='word_1_907' title='bbox 3223 5414 3328 5488; x_wconf 86' lang='lat' dir='ltr'>qui</span> <span class='ocrx_word' id='word_1_908' title='bbox 3341 5414 3664 5490; x_wconf 39' lang='lat' dir='ltr'>vobsignant</span> <span class='ocrx_word' id='word_1_909' title='bbox 3695 5414 3767 5478; x_wconf 53' lang='lat' dir='ltr'>to?</span> 
     </span>
    </p>
   </div>
   <div class='ocr_carea' id='block_1_123' title="bbox 2101 5485 2903 5557">
    <p class='ocr_par' dir='ltr' id='par_1_123' title="bbox 2101 5485 2903 5557">
     <span class='ocr_line' id='line_1_123' title="bbox 2101 5485 2903 5557; baseline -0.005 -15"><span class='ocrx_word' id='word_1_910' title='bbox 2101 5503 2242 5557; x_wconf 84' lang='lat' dir='ltr'>gem,</span> <span class='ocrx_word' id='word_1_911' title='bbox 2277 5491 2340 5542; x_wconf 89' lang='lat' dir='ltr'>ut</span> <span class='ocrx_word' id='word_1_912' title='bbox 2369 5503 2440 5541; x_wconf 90' lang='lat' dir='ltr'>ne</span> <span class='ocrx_word' id='word_1_913' title='bbox 2464 5487 2679 5557; x_wconf 76' lang='lat' dir='ltr'>discant</span> <span class='ocrx_word' id='word_1_914' title='bbox 2711 5485 2903 5557; x_wconf 61' lang='lat' dir='ltr'>[eam]</span> 
     </span>
    </p>
   </div>
   <div class='ocr_carea' id='block_1_124' title="bbox 2175 5553 3768 5629">
    <p class='ocr_par' dir='ltr' id='par_1_124' title="bbox 2175 5553 3768 5629">
     <span class='ocr_line' id='line_1_124' title="bbox 2175 5553 3768 5629; baseline 0.004 -17"><span class='ocrx_word' id='word_1_915' title='bbox 2175 5557 2284 5627; x_wconf 89' lang='lat'>(69)</span> <span class='ocrx_word' id='word_1_916' title='bbox 2317 5558 2489 5628; x_wconf 81' lang='lat' dir='ltr'>Editi,</span> <span class='ocrx_word' id='word_1_917' title='bbox 2524 5553 2727 5629; x_wconf 64' lang='grc' dir='ltr'>ἔσομαί</span> <span class='ocrx_word' id='word_1_918' title='bbox 2766 5555 2849 5610; x_wconf 80' lang='grc' dir='ltr'>ἐπ’</span> <span class='ocrx_word' id='word_1_919' title='bbox 2887 5553 3073 5629; x_wconf 49' lang='lat' dir='ltr'>adfusi}.</span> <span class='ocrx_word' id='word_1_920' title='bbox 3109 5557 3248 5616; x_wconf 86' lang='grc' dir='ltr'>Ἔτι.</span> <span class='ocrx_word' id='word_1_921' title='bbox 3283 5563 3358 5614; x_wconf 78' lang='lat' dir='ltr'>At</span> <span class='ocrx_word' id='word_1_922' title='bbox 3387 5577 3490 5618; x_wconf 82' lang='lat' dir='ltr'>sex</span> <span class='ocrx_word' id='word_1_923' title='bbox 3523 5577 3667 5618; x_wconf 88' lang='lat' dir='ltr'>mss.</span> <span class='ocrx_word' id='word_1_924' title='bbox 3701 5565 3768 5618; x_wconf 84' lang='lat' dir='ltr'>ut</span> 
     </span>
    </p>
   </div>
   <div class='ocr_carea' id='block_1_125' title="bbox 2103 5627 3764 5702">
    <p class='ocr_par' dir='ltr' id='par_1_125' title="bbox 2103 5627 3764 5702">
     <span class='ocr_line' id='line_1_125' title="bbox 2103 5627 3764 5702; baseline 0.004 -20"><span class='ocrx_word' id='word_1_925' title='bbox 2103 5627 2656 5702; x_wconf 17' lang='lat' dir='ltr'>inicontcxtusMo&#39;x</span> <span class='ocrx_word' id='word_1_926' title='bbox 2689 5629 2862 5684; x_wconf 88' lang='lat' dir='ltr'>iidem</span> <span class='ocrx_word' id='word_1_927' title='bbox 2889 5627 2972 5682; x_wconf 86' lang='lat' dir='ltr'>illi</span> <span class='ocrx_word' id='word_1_928' title='bbox 3003 5645 3101 5685; x_wconf 88' lang='lat' dir='ltr'>sex</span> <span class='ocrx_word' id='word_1_929' title='bbox 3138 5646 3304 5702; x_wconf 86' lang='lat' dir='ltr'>mss.,</span> <span class='ocrx_word' id='word_1_930' title='bbox 3329 5631 3421 5687; x_wconf 79' lang='grc' dir='ltr'>καὶ</span> <span class='ocrx_word' id='word_1_931' title='bbox 3453 5631 3764 5689; x_wconf 66' lang='grc' dir='ltr'>καλέσουσι.</span> 
     </span>
    </p>
   </div>
   <div class='ocr_carea' id='block_1_126' title="bbox 2102 5698 2699 5766">
    <p class='ocr_par' dir='ltr' id='par_1_126' title="bbox 2102 5698 2699 5766">
     <span class='ocr_line' id='line_1_126' title="bbox 2102 5698 2699 5766; baseline -0.005 -10"><span class='ocrx_word' id='word_1_932' title='bbox 2102 5700 2254 5756; x_wconf 81' lang='lat' dir='ltr'>Editi</span> <span class='ocrx_word' id='word_1_933' title='bbox 2267 5740 2280 5766; x_wconf 94' lang='lat'>,</span> <span class='ocrx_word' id='word_1_934' title='bbox 2312 5699 2403 5755; x_wconf 76' lang='grc' dir='ltr'>καὶ</span> <span class='ocrx_word' id='word_1_935' title='bbox 2433 5698 2699 5761; x_wconf 72' lang='grc' dir='ltr'>καλέσεις.</span> 
     </span>
    </p>
   </div>
   <div class='ocr_carea' id='block_1_127' title="bbox 3388 5830 3470 5890">
    <p class='ocr_par' dir='ltr' id='par_1_127' title="bbox 3388 5830 3470 5890">
     <span class='ocr_line' id='line_1_127' title="bbox 3388 5830 3470 5890; baseline 0.037 -3"><span class='ocrx_word' id='word_1_936' title='bbox 3388 5830 3470 5890; x_wconf 82' lang='grc'>16</span> 
     </span>
    </p>
   </div>
  </div>
