4138 6372
340 378 454 438 491

1286 373 1686 437 APPENDIX
1725 369 2048 433 OPERUM
2095 369 2162 428 S.
2205 365 2484 427 BASILII
2527 364 2812 429 MAGNI.

3655 370 3778 432 492

339 508 511 564 nuele
539 508 949 564 annuntiatam
972 525 1089 564 non
1112 507 1427 579 excipiunt,
1455 507 1575 562 imo
1598 504 1859 560 laborem
1882 500 1985 556 dif-

2101 498 2260 570 ἡμῶν
2325 497 2353 551 ὁ
2420 495 2572 558 Θεός·
2640 492 2831 570 γνῶτε,
2899 489 3057 567 ἔθνη,
3138 496 3228 552 καὶ
3303 497 3558 568 ἡττᾶσθε,
3638 498 3770 556 Εἶτα

338 598 782 669 ﬁcultatemque
814 598 1226 652 mandatorum
1268 595 1430 651 illius
1473 593 1790 650 declinant.
1824 592 1988 657 Tunc,

338 687 553 758 inquit,
585 688 883 759 manifesti
910 690 1090 752 erunt,
1125 689 1222 757 qui
1258 685 1545 756 obsignant
1587 685 1777 753 legem,
1808 697 1878 737 ne
1907 681 1991 735 di-

339 781 514 833 scant.
548 777 825 831 Sermone
855 776 1008 829 enim
1057 775 1334 830 doctrinae
1375 774 1530 846 apud
1565 788 1769 828 omnes
1802 770 1992 825 disse-

342 867 586 934 minato,
607 863 871 920 nonnulli
901 865 1077 918 corda
1099 880 1206 919 sua
1226 863 1545 919 emendant
1566 863 1635 917 ad
1662 859 1994 932 recipienda

341 955 711 1020 documenta,
745 956 802 1008 et
850 955 990 1007 sunt
1018 951 1196 1007 veluti
1238 957 1395 1007 terra
1426 951 1583 1006 ferax
1613 952 1669 1005 et
1720 948 1990 1014 fecunda,

340 1044 556 1113 quippe
589 1041 688 1113 qui
738 1040 1174 1112 amplectantur
1213 1056 1561 1108 sermonem,
1598 1043 1656 1094 et
1693 1036 1992 1092 radicibus

337 1129 515 1185 altius
534 1130 848 1196 actis,eum
875 1147 907 1184 a
929 1131 1116 1200 spinis
1139 1130 1410 1185 suffocari
1431 1145 1543 1184 non
1563 1127 1992 1196 sinant,;'neque

333 1219 532 1290 ipsum
562 1219 993 1274 incustoditum
1025 1219 1296 1286 habeant,
1320 1219 1461 1274 adeo
1489 1222 1550 1272 ut
1573 1217 1741 1272 facile
1762 1219 1936 1286 queat
1958 1230 1990 1268 a

335 1308 567 1363 diabolo
600 1308 795 1379 diripi,
826 1310 928 1364 sed
963 1309 1330 1363 tricesimum
1365 1312 1422 1362 et
1454 1307 1912 1378 sexagesimum,
1934 1307 1991 1358 et

331 1398 722 1452 centesimum
744 1398 995 1452 fructum
1020 1397 1264 1452 ferant"6
1284 1415 1296 1452 ι
1317 1401 1540 1461 contra,
1556 1400 1696 1451 sunt
1713 1396 1813 1465 qui
1834 1409 1991 1466 pror-

333 1505 436 1544 sus
469 1488 735 1543 animum
769 1505 938 1543 suum
985 1487 1318 1554 occludunt,
1350 1493 1412 1542 ut
1444 1504 1515 1542 ne
1547 1485 1836 1556 excipiant
1866 1499 1986 1538 ser-

333 1577 728 1643 monem,imo
753 1579 921 1647 quasi
949 1577 1231 1648 colligant
1260 1593 1321 1632 se
1354 1581 1530 1646 atque
1555 1574 1891 1646 obsignant,
1916 1587 1988 1626 ne

331 1667 595 1721 veritatis
613 1682 806 1721 sermo
829 1666 1214 1738 ingrediatur.
1231 1665 1300 1720 Hi
1325 1670 1520 1720 autem
1545 1664 1821 1719 dicuntur
1835 1661 1987 1717 obsi-

333 1754 642 1827 gnari,qui
672 1756 731 1809 in
765 1754 972 1826 seipsis
1005 1755 1254 1809 formam
1288 1753 1602 1809 adversarii
1634 1768 1700 1808 ac
1731 1751 1985 1822 speciem

2101 586 2238 661 πρὸς
2298 585 2425 648 τοὺς
2479 585 2554 658 μή
2607 583 3088 661 καταδεχομένους
3136 585 3200 641 τὸ
3247 585 3765 662 καταγγελλόμενον

2103 675 2250 751 παρὰ
2293 681 2389 730 τοῦ
2418 673 2811 748 Ἐμμανουήλ,
2863 673 3010 730 ἀλλὰ
3068 675 3130 730 τὸ
3189 675 3447 731 ἐπίπονον
3493 682 3601 732 τῶν
3639 680 3767 752 παρ’

2102 765 2269 819 αὐτοῦ
2328 762 2761 840 διατεταγμένων
2812 763 3158 826 έκκλίνοντας
3205 765 3471 820 ἀποτείνει
3521 767 3612 822 τὸν
3670 766 3765 824 λό-

2102 874 2229 928 γον.
2268 855 2427 922 Τότε,
2488 854 2643 932 φησὶ,
2685 853 2901 932 φανεροί
2949 851 3162 909 ἔσονται
3221 855 3274 908 οἱ
3333 855 3763 933 σφραγιζόμενοι

2099 944 2191 998 τὸν
2223 942 2414 1018 νόμον,
2463 947 2558 997 τοῦ
2611 944 2685 1015 μή
2750 945 2960 1015 μαθεῖν.
3011 948 3116 998 Τοῦ
3166 941 3269 1020 γὰρ
3324 943 3496 1020 λόγου
3547 952 3646 1016 τῆς
3679 944 3762 1002 δι-

2101 1029 2397 1093 δασκαλίας
2428 1030 2926 1106 κατασπειρομένου
2972 1031 3050 1094 ε’ίς
3088 1031 3310 1102 πάντας,
3345 1033 3396 1088 οἳ
3452 1034 3549 1107 μὶν
3593 1035 3762 1113 ἀνορ-

2102 1124 2282 1185 θοῦσιν
2316 1121 2517 1175 ἑαυτῶν
2575 1120 2672 1184 τὰς
2701 1117 2922 1193 καρδίας
2982 1119 3057 1183 εἰς
3111 1119 3398 1197 ὑποδοχὴν
3449 1127 3558 1178 τῶν
3607 1121 3762 1180 διδα-

2098 1210 2342 1286 γμάτων·
2399 1209 2488 1263 καὶ
2523 1207 2653 1263 είσὶν
2709 1207 2890 1284 ὥσπερ
2939 1216 3009 1286 γῆ
3061 1206 3352 1286 ε’ύκαρπος.
3405 1213 3457 1266 οἱ
3520 1209 3761 1289 δεχόμε-

2100 1320 2184 1352 νοι
2213 1300 2302 1353 τὸν
2334 1297 2520 1373 λόγον,
2553 1297 2642 1352 καὶ
2675 1298 2750 1361 είς
2804 1297 2968 1372 βάθος
3021 1298 3314 1373 ῥιζοῦντες,
3360 1301 3449 1354 καὶ
3487 1301 3564 1374 μή
3595 1323 3760 1358 κατα-

2099 1387 2382 1462 πνίγοντες
2447 1387 2549 1442 ὑπὸ
2621 1387 2888 1456 ἀκανθῶν,
2954 1389 3092 1460 μήτε
3152 1387 3458 1465 ἀφύλακτον
3515 1387 3754 1466 ἔχοντες,

2099 1478 2173 1537 ὡς
2205 1474 2596 1552 εύδιοὶρπαστον
2664 1477 2795 1530 εἶναι
2860 1477 2964 1531 ὑπὸ
2987 1482 3084 1531 τοῦ
3133 1473 3416 1551 διαϐόλου,
3450 1477 3595 1534 ἀλλὰ
3628 1501 3755 1557 καρ-

2097 1570 2462 1640 ποφοροῦντες
2503 1564 2554 1618 ἐν
2609 1564 2893 1639 τριάκοντα
2949 1566 3039 1620 καὶ
3101 1566 3361 1636 ἑξήκοντα
3408 1568 3498 1621 καὶ
3545 1567 3752 1627 ἑκατόν.

2099 1653 2200 1709 εἶσὶ
2233 1651 2289 1708 δὲ
2319 1655 2407 1708 καὶ
2441 1654 2491 1707 οἱ
2534 1654 2709 1723 πάντη
2760 1652 3158 1717 ἀππκλείοντες
3191 1656 3392 1710 ἑαυτῶν
3438 1658 3537 1726 τὴν
3567 1660 3753 1734 ψυχὴν

2096 1744 2231 1816 πρὸς
2261 1743 2323 1797 τὸ
2353 1743 2428 1815 μὴ
2462 1739 2854 1818 παραδέξασθαι
2902 1743 2995 1798 τὸν
3029 1743 3220 1818 λόγον,
3255 1743 3383 1800 ἀλλ’
3416 1746 3586 1802 οἱονεί
3617 1747 3754 1802 ἀπο-

334 1845 746 1915 exprimentes,
770 1844 829 1897 in
863 1844 1077 1914 seipsis
1103 1843 1313 1898 nolunt
1334 1843 1644 1899 Christum
1661 1839 1898 1896 formari
1918 1840 1982 1908 ετ,

2099 1829 2420 1904 δεσμοῦντες
2469 1832 2690 1895 ἑαυτοὺς
2735 1831 2825 1885 καὶ
2878 1832 3302 1909 σφραγιζόμενοι
3359 1834 3489 1910 ὑπὶρ
3540 1840 3637 1891 τοῦ
3673 1839 3750 1909 μὴ

333 1933 551 2003 quique
608 1933 866 2003 imagine
915 1930 1168 1987 caelestis
1224 1931 1445 1999 vitiata,
1475 1931 1534 1985 in
1594 1931 1718 1986 sola
1770 1929 1985 1984 terreni

2097 1917 2426 1984 ἐπεισελθεῖν
2486 1921 2578 1975 τὸν
2638 1918 2804 1995 λόγον
2857 1927 2959 1989 τῆς
3015 1919 3290 1991 ἀληθείας.
3355 1924 3754 2000 Σφραγίζεσθαι

330 2021 591 2092 imagine
637 2021 1090 2076 oblectantur“.
1126 2021 1227 2075 Est
1283 2026 1477 2075 autem
1537 2019 1629 2074 lex
1677 2018 1990 2089 obsignata

332 2111 710 2174 obscuritate,
745 2114 803 2164 et
833 2113 1142 2180 propterea
1171 2111 1325 2180 quod
1359 2126 1392 2164 a
1423 2108 1790 2180 quibuslibet
1823 2105 1989 2161 facile

330 2201 479 2256 541
517 2215 634 2253 non
668 2202 859 2270 potest
891 2198 1017 2269 capi
1044 2215 1056 2254 :
1081 2198 1298 2269 quippe
1332 2197 1470 2270 quia
1501 2196 1831 2252 necessario
1863 2200 1987 2250 stu-

331 2287 496 2342 dium
529 2286 675 2359 legis
707 2287 1155 2357 exercitatioque
1195 2287 1534 2358 requiritur.
1567 2285 1844 2358 Quisquis
1876 2284 1986 2356 igi-

330 2381 431 2431 tur
460 2377 723 2430 animum
758 2392 933 2431 suum
966 2393 1082 2431 non
1115 2377 1386 2448 adjungit
1415 2377 1485 2431 ad
1519 2374 1984 2441 meditationem,

335 2480 443 2520 nec
487 2465 831 2536 ignorantiae
863 2463 1161 2520 vinculum
1216 2465 1437 2520 solvere
1486 2465 1668 2534 cupit,
1701 2463 1750 2518 is
1797 2461 1987 2535 legem

339 2555 651 2624 obsignare
697 2553 912 2608 dicitur
944 2571 957 2608 :
993 2554 1091 2625 qui
1126 2555 1363 2608 futurus
1411 2559 1499 2608 est
1547 2552 1898 2608 manifestus
1927 2551 1985 2606 in

341 2641 712 2698 revelationis
735 2643 849 2698 die.
869 2642 1157 2698 Manifein
1182 2644 1339 2697 enim
1362 2645 1534 2697 erunt
1556 2641 1654 2713 qui
1673 2642 1991 2712 obsignant

340 2730 554 2803 legem,
585 2746 658 2786 ne
688 2731 934 2786 discant.
962 2732 1260 2795 Quomodo
1291 2747 1428 2801 ergo
1459 2731 1770 2797 obsignant
1798 2731 1987 2802 legem

338 2819 549 2886 Judaei,
574 2819 645 2874 de
674 2818 891 2890 quibus
912 2819 1129 2875 dictum
1163 2823 1288 2873 est:
1317 2818 1562 2874 Tulistis
1592 2818 1779 2873 claves
1811 2822 1867 2873 et
1899 2835 1990 2874 ne-

340 2925 454 2980 que
482 2907 597 2980 ipsi
623 2907 900 2975 introitis,
924 2911 980 2963 et
1009 2925 1108 2963 eos
1131 2907 1228 2978 qui
1253 2912 1502 2979 possunt
1523 2906 1768 2962 introire
1797 2907 1991 2978 prohi-

337 2998 491 3053 betis
513 2997 600 3051 9°?
629 2996 936 3069 Obsignat,
976 3001 1143 3051 utne
1191 2997 1400 3065 discat,
1451 2997 1502 3051 is
1543 2995 1641 3066 qui
1691 3012 1989 3068 gramma-

335 3086 462 3143 ticae
497 3086 920 3142 observationis
946 3085 1324 3142 simulatione
1356 3089 1413 3140 et
1442 3085 1682 3140 nomine
1713 3085 1992 3157 mysteria

331 3174 496 3231 intus
529 3175 830 3230 recondita
877 3191 992 3230 non
1037 3175 1274 3246 detegit.
1312 3176 1381 3229 Et
1409 3173 1549 3244 quid
1583 3173 1760 3239 dicat,
1793 3173 1985 3228 consi-

2100 2008 2157 2064 δὲ
2189 2007 2440 2084 λέγονται
2468 2011 2582 2082 (70)
2628 2009 2679 2064 οἱ
2722 2013 2790 2083 τῇ
2845 2013 3029 2087 μορφῇ
3076 2015 3173 2064 τοῦ
3223 2011 3602 2086 ἀντικειμένου
3633 2017 3754 2071 ἑαυ-

2096 2100 2224 2161 τούς
2282 2099 2669 2172 ὁμοιώσαντες,
2718 2099 2806 2153 καὶ
2871 2100 2948 2172 μὴ
2999 2098 3434 2176 καταδεχύμενοι
3485 2103 3536 2157 ἂν
3571 2103 3755 2169 αὐτοῖς

2103 2190 2454 2266 μορφωθῆναι
2487 2191 2751 2263 Χριστὸν,
2799 2188 2850 2242 οἳ
2898 2189 3376 2265 παραχαράξαντες
3424 2192 3524 2260 τὴν
3575 2194 3753 2251 εἷ’κόνα

2095 2283 2192 2334 τοῦ
2250 2277 2595 2353 ἐπουρανίου,
2644 2279 2732 2332 καὶ
2768 2279 2907 2353 μόνῃ
2968 2279 3249 2355 χαίροντες
3309 2285 3378 2356 τῇ
3437 2283 3605 2339 εἰκόνι
3657 2291 3751 2341 τοῦ

2097 2373 2317 2444 χοϊκοῦ.
2349 2369 2734 2445 Ἐσφράγισται
2769 2367 2825 2422 δὲ
2855 2371 2883 2423 ὁ
2931 2369 3103 2441 νόμος
3153 2369 3382 2448 ἆσαιφεῖίὲ
3409 2373 3500 2426 καὶ
3531 2378 3610 2446 τῷ
3641 2378 3748 2448 (⁷1)

2102 2459 2177 2532 μὴ
2205 2454 2480 2526 εῦληπτος
2519 2457 2803 2518 εἶναιτοῖς
2854 2461 3106 2533 τῦχοῦσι,
3157 2456 3247 2514 διὰ
3292 2462 3392 2530 τὴν
3447 2463 3745 2539 ἃναγκαίως

2098 2546 2530 2618 έπιζητουμένην
2583 2550 2680 2601 τοῦ
2736 2547 2908 2620 νόμου
2958 2547 3285 2621 γυμνασίαν.
3347 2551 3404 2605 Ὀ
3459 2552 3641 2608 τοίνυν
3675 2555 3747 2627 μὴ

2097 2632 2374 2697 ἐπιδιδοὺς
2427 2635 2610 2690 ἑαυτὸν
2670 2640 2739 2710 τῇ
2819 2635 3044 2710 μελέτῃ,
3100 2634 3242 2710 μηδὲ
3315 2640 3460 2695 λύειν
3510 2642 3606 2697 τὸν
3651 2647 3752 2709 τῆς

2099 2724 2315 2801 ἀγνοίας
2349 2722 2547 2797 δεσμὸν
2601 2724 2904 2797 ἐπιθυμῶν,
2958 2727 3266 2803 σφραγίζειν
3311 2730 3402 2783 τὸν
3452 2730 3622 2803 νόμον
3661 2731 3752 2788 λέ-

2097 2834 2270 2888 γεται,
2305 2813 2366 2876 ’ὸς
2412 2814 2851 2890 φανερωθήσεται
2897 2813 2948 2868 έν
2997 2818 3064 2887 τῇ
3115 2814 3296 2891 ἡμέρᾳ
3323 2822 3424 2886 τῆς
3469 2816 3749 2875 ἀποκαλύ-

2098 2907 2264 2978 ψεως.
2298 2904 2532 2976 Φανεροὶ
2582 2903 2686 2977 γὰρ
2737 2899 2946 2956 ἔσονται
2991 2903 3042 2957 οἱ
3089 2904 3463 2980 σφραγίζοντες
3509 2906 3598 2959 τὸν
3649 2907 3744 2960 νό-

2102 3014 2226 3066 μυν,
2257 2994 2353 3045 τοῦ
2408 2991 2482 3062 μὴ
2540 2991 2748 3062 μαθεῖν.
2784 2994 2906 3052 Πῶς
2955 2989 3045 3045 οὖν
3087 2992 3426 3069 σφραγίζουσι
3457 2993 3547 3049 τὸν
3575 2994 3740 3068 νόμον

2099 3082 2152 3136 οἳ
2183 3077 2457 3147 Ἰουδαῖοι,
2490 3079 2613 3154 περῖ
2646 3079 2719 3132 ὧν
2755 3077 2988 3155 εἶ’ρηται,
3039 3080 3121 3135 ὅτι
3181 3085 3379 3149 ’Ίῐρατε
3423 3083 3517 3144 τὰς
3567 3082 3743 3151 κλεῖς,

2097 3169 2187 3224 καὶ
2220 3168 2341 3224 οὕτε
2371 3167 2523 3224 αὐτοὶ
2556 3168 2886 3243 εἰσέρχεσθε,
2918 3169 3006 3224 καὶ
3055 3169 3183 3232 τοὺς
3223 3166 3548 3243 δυναμένους
3574 3169 3747 3226 εἴσελ-

331 3265 470 3320 dera
502 3281 514 3318 :
550 3280 693 3318 num
726 3263 950 3319 scilicet
979 3264 1099 3318 sint
1129 3268 1326 3334 aperte
1354 3279 1521 3319 voces
1553 3262 1812 3318 Judaicse
1837 3280 1849 3317 :
1877 3264 1983 3318 Ex-

2097 3259 2206 3313 θεὶν
2237 3255 2515 3325 κωλύετε;
2569 3235 2882 3334 Σφραῖίίζει,
2927 3259 3023 3312 τοῦ
3076 3260 3151 3331 μή
3214 3235 3426 3331 μαθείν,
3460 3260 3487 3314 ὁ
3517 3260 3604 3316 ἐπὶ
3635 3263 3747 3332 (72)

328 3353 574 3425 spectabo
605 3356 808 3423 Deum,
839 3354 937 3425 qui
963 3354 1161 3408 avertit
1198 3353 1397 3420 faciem
1438 3369 1597 3406 suam
1629 3368 1662 3406 a
1689 3354 1847 3408 domo
1877 3354 1976 3408 Ja-

329 3445 444 3497 cob.
478 3441 691 3496 Dicunt
721 3441 842 3496 haec
889 3441 1073 3495 Judaei
1109 3457 1122 3495 :
1155 3441 1282 3495 Non
1314 3441 1484 3496 credo
1516 3441 1576 3495 in
1607 3441 1828 3507 Deum;
1863 3457 1978 3496 non

329 3530 576 3586 admitto
608 3529 1048 3584 Emmanuelem
1075 3547 1088 3584 :
1116 3530 1351 3586 tametsi
1385 3547 1540 3585 nunc
1573 3547 1675 3602 pro
1707 3529 1981 3585 derelicto

330 3620 569 3689 habeor,
595 3618 911 3690 aliquando
955 3623 1153 3674 tamen
1183 3618 1580 3674 visitationem
1616 3619 1714 3674 Dei
1744 3635 1980 3691 exspec-

329 3709 468 3764 tabo
500 3708 596 3780 qui
632 3709 836 3763 avertit
867 3707 1074 3763 faciem
1108 3725 1276 3764 suam
1310 3725 1342 3764 a
1372 3709 1545 3764 domo
1575 3708 1776 3764 Jacob.

2087 3346 2353 3424 προφάσει
2386 3345 2452 3416 δὴ
2483 3353 2583 3415 τῆς
2613 3347 2750 3400 κατὰ
2789 3346 2851 3401 τὸ
2902 3346 3133 3421 γράμμα
3180 3350 3464 3421 τηρήσεως
3497 3351 3572 3422 μὴ
3607 3350 3744 3404 ἀπο-

2087 3435 2378 3492 καλύπτων
2430 3435 2498 3490 τὰ
2550 3435 2601 3489 έν
2660 3439 2740 3507 τῷ
2804 3436 2955 3510 βάθει
3010 3438 3301 3511 μυστήρια.
3337 3438 3440 3493 Καὶ
3489 3439 3540 3492 τί
3573 3438 3740 3522 λέγει,

2088 3527 2302 3590 σκόπει,
2344 3523 2392 3579 εἴ
2452 3527 2527 3598 μὴ
2588 3525 2838 3598 ἄντικρυς
2889 3522 3181 3582 Ἰουδαῖκαὶ
3237 3526 3293 3579 αἱ
3339 3526 3534 3602 φωναί.
3587 3529 3746 3584 Μενῶ

2088 3617 2180 3672 τὸν
2238 3615 2366 3671 Θεὸν
2434 3615 2526 3668 τὸν
2599 3612 3010 3688 ἀποστρέψαντα
3082 3614 3145 3668 τό
3207 3615 3497 3690 πρόσωπον
3579 3616 3743 3671 αὐτοῦ

2092 3707 2197 3760 ἀπὸ
2251 3707 2349 3760 τοῦ
2407 3701 2560 3758 οἷ’κου
2617 3698 2844 3760 Ἰακώϐ.
2905 3706 3087 3761 Ταῦτα
3139 3703 3385 3780 λέγουσιν
3444 3702 3700 3759 Ἰουδαῖοι
3730 3723 3741 3736 ⁸

325 3795 398 3850 Ού
429 3793 666 3850 πιστεύω
720 3793 798 3856 εἷς
853 3796 945 3849 τὸν
1005 3797 1152 3850 Θεόν·
1189 3795 1250 3850 οὐ
1311 3792 1546 3870 δέχομαι
1576 3796 1666 3849 τὸν
1702 3793 2082 3868 Ἐμμαναυήλ·
2144 3794 2189 3849 εἰ
2249 3792 2338 3848 καὶ
2385 3796 2477 3846 νῦν
2529 3790 3047 3868 έγκαταλέλειμμαι,
3099 3790 3248 3848 ἀλλὰ
3299 3797 3443 3865 μενῶ
3482 3813 3614 3848 ποτε
3641 3796 3743 3862 τὴν

325 3883 628 3952 ἐπισκοπὴν
656 3887 752 3937 τοῦ
783 3888 917 3938 Θεοῦ
944 3888 1040 3938 τοῦ
1072 3883 1505 3960 ἀποστρέψαντος
1535 3885 1598 3938 τὸ
1628 3885 1922 3959 πρόσωπον
1957 3883 2120 3939 αὐτοῦ
2152 3883 2257 3937 ἀπὸ
2286 3886 2382 3936 τοῦ
2414 3881 2567 3936 οἷ’κου
2596 3875 2813 3937 Ἰακώϐ.

392 3975 518 4029 216.
550 3974 729 4028 Vens.
765 3975 850 4030 18.
885 3976 1016 4030 Ecce
1061 3991 1156 4046 ego
1189 3980 1240 4029 et
1275 3976 1441 4046 pueri
1463 3990 1593 4044 quos
1642 3976 1783 4030 mihi
1827 3973 1980 4030 dedit

315 4064 478 4119 Deus.
530 4065 595 4118 Et
637 4066 796 4118 erunt
845 4065 1004 4135 signa
1055 4073 1106 4119 et
1159 4067 1423 4135 portenta
1472 4065 1532 4118 in
1578 4064 1737 4119 domo
1793 4065 1974 4134 Iacob,

314 4169 353 4209 a
389 4154 627 4208 Domino
650 4154 916 4221 Sabaoth,
951 4155 1049 4225 qui
1079 4153 1289 4208 habitat
1320 4155 1381 4209 in
1412 4161 1596 4208 monte
1625 4153 1781 4209 Sion.
1807 4155 1976 4231 Post-

315 4257 566 4314 eaquam
593 4242 888 4314 objurgati
914 4247 1055 4298 sunt
1076 4243 1552 4311 inobsequentes,
1574 4246 1699 4296 tum
1734 4243 1972 4298 demum

313 4331 604 4388 Dominus
634 4332 761 4403 ipse
793 4332 852 4387 in
885 4332 1120 4403 propria
1146 4346 1402 4403 persona
1429 4330 1708 4403 loquitur.
1744 4331 1829 4386 Illi
1863 4331 1972 4404 igi-

2155 3975 2282 4028 216.
2327 3968 2467 4027 Ἰδοὺ
2525 3967 2631 4045 ἐγῶ
2681 3970 2770 4023 καὶ
2826 3970 2892 4024 τὰ
2944 3967 3158 4038 παιδία,
3219 3969 3252 4024 ἅ
3307 3990 3400 4043 μοι
3460 3965 3659 4025 ἔδωκεν
3713 3971 3740 4026 ὀ

2085 4063 2238 4122 Θεός.
2299 4061 2404 4116 Καὶ
2465 4057 2610 4113 ἔσται
2672 4064 2875 4130 σημεῖα
2928 4059 3016 4113 καὶ
3094 4057 3289 4132 τέρατα
3355 4057 3406 4112 ἐν
3466 4064 3545 4130 τῷ
3603 4057 3738 4132 οἷ’κῳ

2086 4145 2300 4219 Ἰακὼϐ,
2334 4148 2479 4220 παρὰ
2525 4147 2731 4223 Κυρίου
2792 4142 3021 4202 Σαϐαὼθ
3078 4149 3212 4220 (73),
3264 4148 3324 4208 ὃς
3389 4154 3629 4203 κατοικεῖ
3686 4149 3737 4204 ἐν

2082 4243 2162 4310 τῷ
2209 4235 2323 4313 ὄρει
2373 4237 2535 4293 Σιών.
2585 4237 2732 4291 Μετὰ
2788 4237 2851 4290 τὸ
2901 4233 3226 4310 ἐλεγχθῆναι
3283 4234 3410 4299 τοὺς
3452 4236 3738 4292 ἀπειθοῦν-

2082 4347 2196 4393 τας,
2226 4327 2350 4380 τότε
2377 4324 2570 4380 λοιπόν
2610 4323 2771 4386 αὐτὸς
2825 4323 2850 4377 ὁ
2885 4322 3080 4394 Κύριος
3139 4324 3245 4378 ἀπὸ
3268 4329 3364 4378 τοῦ
3408 4322 3545 4380 ἰδίου
3575 4345 3741 4401 προσ-

313 4423 432 4488 tur,
468 4418 683 4491 inquit,
711 4419 842 4474 forti
874 4419 1078 4474 manui
1109 4423 1166 4474 et
1198 4419 1394 4474 itineri
1424 4420 1528 4474 vias
1559 4419 1761 4490 populi
1794 4421 1972 4490 hujus

2097 4417 2236 4471 ὑπου
2283 4413 2609 4489 διαλέγεται.
2659 4415 2888 4468 Ἐκεῖνοι
2944 4413 3040 4484 μὶν
3085 4411 3200 4482 οῦν,
3241 4413 3428 4489 φησὶν,
3459 4415 3737 4477 ἀπειθοῦσι

314 4524 434 4563 non
457 4508 895 4579 obtemperant;
921 4509 1022 4564 sed
1050 4509 1381 4579 Dominum,
1408 4509 1507 4579 qui
1531 4508 1739 4564 avertit
1765 4509 1971 4564 faciem

2097 4508 2148 4578 τῇ
2181 4503 2382 4580 ἰσχυρᾷ
2437 4503 2606 4579 χειρὶ,
2639 4501 2727 4557 καὶ
2775 4501 2845 4576 τῇ
2905 4502 3101 4574 πορείᾳ
3127 4509 3226 4570 τῆς
3284 4499 3414 4556 ὁδοῦ
3461 4507 3558 4557 τοῦ
3602 4502 3733 4557 λαοῦ

317 4613 489 4653 suam
523 4613 556 4652 a
583 4597 756 4652 domo
797 4599 998 4668 Jacob,
1032 4597 1355 4669 prestolari
1407 4613 1470 4652 se
1517 4596 1821 4652 simulant.
1853 4597 1972 4669 Ego

2097 4593 2302 4648 τούτου·
2330 4593 2419 4648 καὶ
2477 4595 2909 4668 προσποιοῦνται
2966 4590 3245 4663 ἀναμένειν
3287 4590 3380 4645 τὺν
3413 4598 3606 4667 Κυριον
3637 4588 3725 4644 τὸν

317 4691 514 4742 autem
546 4702 644 4741 eos
678 4686 778 4757 qui
818 4687 876 4740 in
929 4701 1021 4741 me
1051 4687 1318 4752 credunt,
1342 4703 1446 4741 ceu
1481 4702 1682 4741 recens
1731 4703 1970 4758 regene-

2097 4682 2496 4759 ὶποστρέψαντα
2534 4682 2594 4735 τὸ
2643 4680 2935 4756 πρόσωπον
2983 4679 3146 4734 αὐτοῦ
3177 4678 3282 4732 ἀπὸ
3307 4683 3404 4734 τοῦ
3444 4679 3600 4734 οἴκου
3631 4681 3747 4734 Ἴθι--

316 4781 495 4846 ratos,
523 4781 715 4831 vetere
749 4775 985 4830 homine
1016 4781 1188 4830 exuto
1220 4781 1276 4830 et
1306 4792 1452 4830 novo
1485 4776 1690 4830 induto
1713 4777 1777 4841 ⁷ο,
1801 4775 1970 4846 quasi

2097 4768 2222 4829 ιώὸ.
2254 4773 2394 4846 Ἐγὼ
2426 4769 2483 4826 δὲ
2528 4775 2656 4832 τοὺς
2705 4769 2782 4833 εἷς
2839 4770 2936 4842 έμὶ
2983 4767 3428 4837 πεπιστευκότας,
3464 4768 3583 4844 ἄρτι
3612 4770 3736 4823 ἀνα·

313 4884 526 4938 pueros
550 4868 724 4922 modo
746 4868 1053 4938 genitos“,
1073 4867 1321 4922 tenellos
1345 4867 1610 4922 moribus
1633 4871 1688 4921 et
1710 4866 1845 4921 mali
1874 4883 1969 4921 ex-

2097 4862 2448 4937 (εννηθέντας.
2481 4858 2533 4913 ἐν
2563 4863 2642 4930 τῷ
2688 4857 2980 4922 ἀποθέσθαι
3028 4856 3118 4912 τὸν
3169 4855 3403 4912 παλαιὸν
3448 4856 3734 4932 ἄνθρωπον

312 4961 529 5026 pertes,
548 4974 614 5012 ac
637 4958 875 5012 tandem
908 4974 941 5011 a
964 4957 1174 5028 primis
1197 4955 1634 5027 Scripturarum
1665 4955 1970 5011 elementis

2097 4950 2168 5006 ιαὶ
2221 4943 2507 5004 ἀναλαϐεῖν
2563 4948 2656 5002 τὸν
2733 4948 2877 5016 νέον,
2939 4945 3104 5002 οἱονεὶ
3164 4943 3360 5009 παῖδας
3417 4947 3735 5023 ἀρτιγενεῖς,

312 5059 416 5099 ceu
449 5063 483 5101 a
510 5045 658 5102 lacte
688 5047 1018 5116 submotos,
1051 5050 1227 5116 atque
1275 5045 1347 5100 ad
1400 5044 1809 5116 perfectiorem
1842 5060 1966 5116 my-

2097 5037 2324 5100 ίπαλοὺς
2353 5039 2444 5092 τὸν
2494 5037 2697 5112 τρόπον
2745 5036 2836 5092 καὶ
2885 5035 3298 5112 ἂπειροκάκους,
3329 5036 3420 5090 καὶ
3460 5035 3732 5110 ἀπογεγα-

379 5222 424 5259 ⁸⁸
455 5222 634 5280 Marc.
665 5240 742 5292 ιν,
773 5224 828 5280 8.
903 5225 947 5261 ⁸⁷
978 5223 1106 5281 Gal.
1140 5240 1216 5291 IV,
1249 5224 1340 5279 19.
1413 5223 1456 5259 ⁸⁸
1488 5225 1511 5278 Ι
1541 5223 1670 5280 Cor.
1706 5223 1794 5291 15,
1827 5222 1916 5277 49.

2097 5235 2208 5276 ιιω.
2241 5235 2320 5286 ιι,
2351 5218 2443 5273 52.
2521 5217 2566 5253 ⁷ο
2594 5217 2820 5275 Coloss.
2851 5231 2938 5287 ιιι,
2968 5216 3022 5272 9.
3113 5215 3158 5254 τι
3190 5215 3213 5272 l
3243 5219 3404 5272 Petr.
3435 5231 3499 5284 ιι,
3528 5214 3585 5271 2.

383 5400 674 5475 (Ἰωβᾱὶιὶ
723 5405 780 5457 et
826 5403 1114 5460 recentior
1162 5401 1498 5475 Combsﬁsii
1544 5403 1746 5473 codex,
1795 5399 1959 5475 λέγο-
2081 5472 2093 5475 _
2139 5398 2542 5475 _(72)__Uterque
2563 5398 2722 5475 Colb.
2755 5399 2984 5475 et_Reg.
3015 5397 3332 5454 secundus.
3364 5396 3392 5451 ὁ
3423 5393 3536 5452 ἰπί.
3560 5395 3735 5452 Deest

316 5469 433 5542 μιν.
472 5471 636 5528 Alter
662 5475 996 5531 Combeﬁsii
1038 5476 1218 5531 codex
1259 5479 1318 5531 et
1364 5473 1464 5530 alii
1495 5469 1746 5546 quatuor
1791 5469 1963 5530 ut'in
2073 5472 2101 5525 ὁ
2136 5471 2360 5546 ίρλειιῇε
2391 5486 2536 5525 mss.
2569 5471 2717 5546 et__in
2749 5469 3022 5546 vulgatis.

313 5537 606 5599 contextu.
1513 5537 1529 5546 ’

2145 5543 2256 5614 (73)
2288 5542 2525 5598 Veteres
2574 5541 2804 5612 aliquot
2850 5537 3006 5610 libri,
3053 5538 3200 5613 παρὰ
3255 5537 3458 5614 Κυρίου
3509 5539 3664 5608 Θεοῦ,
3697 5554 3729 5593 a

308 5690 334 5743 ι
381 5615 762 5741 (71)όνοιθιιοε
793 5615 1020 5687 aliquot
1047 5617 1328 5688 libri,t€p.
1359 5617 1510 5672 Editi
1541 5620 1600 5672 et
1630 5617 1765 5690 Reg.
1791 5633 1962 5689 quar-

338 5704 428 5743 us.
459 5707 489 5742 τ
529 5729 541 5742 .

2097 5615 2306 5670 Domino
2337 5616 2460 5669 Deo.

338 5704 428 5758 us,
459 5704 541 5742 το.
