4138 6410
383 431 504 493 495

383 563 710 618 banturw'.
756 566 863 619 Sed
919 565 977 618 in
1035 563 1146 619 alio
1202 562 1330 617 loco
1387 563 1468 618 ait
1519 577 1532 616 :

383 653 567 718 Pater,
601 653 830 708 Domine
876 654 998 707 σίεὶἰ
1047 660 1095 708 et
1143 660 1329 719 terrae,
1363 652 1497 721 quia
1544 647 1880 703 abscondisti
1927 645 2040 698 hac

385 757 417 795 a
446 742 785 812 sapientibus
826 749 877 795 et
913 740 1302 811 prudentibus,
1337 745 1393 794 et
1423 739 1681 793 revelasti
1725 752 1789 791 ea
1835 749 2039 804 parvu-

388 830 538 884 lis".
577 831 686 884 Eos
719 829 918 899 utique
970 829 1068 899 qui
1123 829 1355 883 fuerant
1400 841 1669 882 sermone
1716 823 1953 888 eruditi,
1989 824 2045 875 et

386 917 734 972 revelatione
767 917 1181 987 mysteriorum
1239 916 1482 986 dignati,
1515 915 1714 968 afﬂatu
1765 911 2042 984 Spiritus,

387 1006 644 1076 appellat
701 1005 994 1076 parvulos.
1039 1005 1245 1075 Itaque
1313 1021 1416 1074 per
1474 1003 1641 1072 illud,
1676 1003 1804 1056 Ecce
1855 1014 1952 1068 ego
1995 1001 2047 1052 et

382 1096 567 1167 pueri,
621 1094 838 1148 electos
899 1111 1039 1149 suos
1098 1094 1392 1165 signiﬁcat
1449 1093 1630 1160 quia:
1680 1096 1816 1158 Quae
1869 1086 2047 1143 stulta

385 1187 515 1238 sunt
547 1183 762 1250 mundi,
813 1184 976 1253 elegit
1027 1187 1193 1250 Deus,
1225 1187 1284 1236 ut
1335 1180 1640 1253 confundat
1685 1181 1958 1250 sapientes
1976 1176 2044 1241 θ’,

388 1271 665 1342 Quisquis
721 1271 904 1342 igitur
962 1271 1204 1342 deponit
1261 1275 1518 1325 veterem
1577 1268 1900 1332 hominem,
1944 1261 2045 1337 qui

381 1362 552 1430 juxta
599 1359 814 1414 erroris
861 1358 1366 1431 concupiscentiae
1417 1357 1817 1427 corrumpitur
1838 1355 1906 1422 ⁸⁸,
1957 1354 2048 1407 in-

393 1450 523 1504 duit
546 1464 680 1504 vero
725 1465 963 1514 novum,
996 1449 1096 1519 qui
1145 1451 1459 1503 renovatur
1500 1448 1671 1518 juxta
1717 1442 2048 1500 Conditoris

391 1537 712 1609 imaginem
733 1537 802 1603 “,
833 1537 885 1592 is
919 1552 986 1592 ex
1034 1536 1282 1609 mystica
1311 1534 1526 1591 Christi
1576 1531 1870 1590 sententia
1902 1546 2048 1604 puer

395 1630 503 1682 est.

464 1805 591 1858 218.
625 1803 801 1859 Vitas.
837 1804 1023 1858 19-22.
1061 1804 1122 1858 Et
1151 1804 1203 1857 si
1231 1802 1476 1858 dixerint
1522 1800 1591 1856 ad
1637 1817 1732 1856 vos
1761 1817 1780 1854 :
1813 1799 2049 1868 Quam-ite

393 1894 780 1964 ventritoquos,
830 1900 887 1948 et
935 1907 1022 1948 eos
1069 1893 1171 1962 qui
1213 1892 1276 1947 de
1328 1896 1481 1946 terra
1534 1890 1861 1960 loquuntur,
1901 1905 2049 1943 vana
2077 1923 2125 1988 Β

399 1983 696 2052 loquentes,
743 1983 839 2054 qui
884 1981 950 2035 de
994 1985 1180 2036 ventre
1227 1982 1604 2051 vociferantur
1629 1998 1646 2033 :
1677 1980 1867 2034 Nonne
1914 1993 2049 2047 gens

396 2071 466 2125 ad
499 2071 670 2125 Deum
708 2085 871 2124 suum
917 2071 1250 2140 exquirent?
1295 2069 1434 2137 Quid
1480 2069 1788 2139 exquirunt
1814 2067 1880 2120 de
1908 2068 2048 2120 vivis

396 2161 680 2214 mortuos?
711 2163 907 2229 Legem
934 2160 1085 2214 enim
1122 2160 1183 2212 in
1213 2157 1504 2212 auxilium
1532 2157 1702 2223 dedit,
1732 2159 1793 2209 ut
1820 2154 2046 2209 dicant:

398 2249 516 2303 Non
546 2249 691 2302 sicut
721 2249 946 2302 verbum
978 2247 1093 2316 hoc,
1125 2247 1190 2301 de
1219 2262 1322 2317 quo
1363 2261 1476 2299 non
1518 2250 1599 2300 est
1646 2245 1781 2298 dare
1806 2258 2050 2297 munera

402 2336 474 2392 de
502 2351 586 2391 eo.
619 2337 686 2390 Et
714 2337 897 2392 veniet
942 2352 1106 2406 super
1149 2351 1244 2390 vos
1290 2335 1414 2390 dira
1460 2340 1678 2408 fames,-
1723 2337 1778 2386 et
1823 2330 1957 2397 erit,
1989 2332 2050 2384 ut

399 2427 727 2492 esurieritis,
759 2424 1252 2492 contristabimini,
1290 2431 1340 2478 et
1389 2421 1728 2477 maledicetis
1773 2420 2046 2492 principi,

392 2521 446 2569 et
489 2514 694 2584 patriis
726 2513 936 2582 legibus
965 2529 984 2565 :
1014 2520 1064 2568 et
1096 2513 1394 2582 suspieient
1442 2512 1504 2565 in
1553 2509 1755 2565 ccelum
1801 2525 2045 2563 sursum.

392 2603 455 2656 Et
483 2602 543 2656 in
572 2610 777 2656 terram
819 2601 1075 2656 deorsum
1122 2602 1437 2670 inspicient.
1471 2603 1537 2655 Bt
1565 2615 1681 2654 ecce
1709 2602 1916 2668 egestas
1946 2614 2048 2651 an-

390 2695 574 2761 gusta,
607 2698 660 2746 et
685 2690 948 2759 tenebrz,
994 2689 1231 2762 afﬂictio
1261 2699 1317 2743 et
1347 2690 1642 2756 angustia;
1685 2696 1736 2742 et
1766 2687 2046 2750 tenebrae;

392 2781 478 2834 ita
509 2783 569 2833 ut
596 2795 708 2834 non
737 2780 976 2834 videant.
1007 2782 1074 2834 Et
1115 2794 1223 2833 non
1267 2778 1502 2847 deﬁciet,
1535 2779 1634 2847 qui
1681 2778 1741 2830 in
1787 2776 2047 2845 angustia

391 2872 473 2924 est
501 2883 673 2939 usque
714 2867 790 2923 ad
836 2872 1067 2938 tempns.
1103 2866 1211 2932 Qui
1258 2883 1373 2922 non
1419 2865 1716 2936 excipiunt
1747 2863 2045 2935 Evangelii

391 2958 658 3026 verbum,
690 2960 748 3012 et
776 2957 947 3028 quasi
979 2955 1292 3012 stultitiam
1325 2958 1615 3026 spernunt
1645 2952 1805 3008 illius
1837 2953 2044 3024 praedi-

393 3046 678 3101 cationem
699 3046 765 3111 ⁸⁵,
787 3050 844 3100 et
874 3045 1091 3116 quibus
1140 3061 1280 3099 crux
1311 3048 1400 3099 est
1429 3043 1758 3109 offensioni,
1792 3042 1864 3097 iis
1907 3057 2041 3097 cum

394 3151 604 3191 sumus
649 3139 918 3190 auctores
949 3139 1016 3188 ut
1043 3133 1288 3189 redeant
1334 3133 1404 3189 ad
1459 3134 1611 3187 hanc
1656 3131 2039 3202 agnitionem,

390 3223 652 3280 vicissim
701 3221 948 3278 consilia
985 3239 1014 3277 e
1046 3239 1153 3278 suo
1210 3237 1404 3277 errore
1462 3222 1810 3292 deprompta
1866 3219 2038 3275 nobis

392 3313 556 3381 dant,
585 3311 884 3366 dicentes:
910 3311 1160 3373 Quaerite
1190 3326 1305 3364 non
1339 3309 1673 3375 Dominum,
1699 3309 1798 3364 sed
1828 3307 2042 3364 ventri-

393 3399 623 3470 loquos,
647 3403 705 3453 et
734 3415 832 3455 eos
855 3399 954 3470 qui
985 3399 1057 3452 de
1086 3404 1242 3453 terra
1264 3397 1605 3469 loquuntur,
1631 3413 1781 3452 vana
1812 3398 2051 3468 loquen-

395 3493 505 3544 tes.
556 3490 746 3558 Atque
816 3487 968 3542 hanc
1023 3503 1144 3541 rem
1201 3491 1453 3541 testatur
1508 3485 1884 3558 experientia.
1937 3485 2048 3551 Qui

394 3577 550 3633 enim
589 3576 806 3632 addicti
854 3578 993 3631 sunt
1023 3575 1216 3643 idolis,
1249 3592 1384 3631 cum
1439 3575 1560 3630 sint
1607 3575 1875 3642 somniis,
1903 3575 2049 3629 divi-

399 3664 738 3721 nationibus
781 3669 836 3719 et
867 3665 1202 3719 daemonum
1261 3663 1513 3718 oraculis
1543 3663 1772 3733 attenti,
1806 3663 1847 3717 ii
1877 3662 2050 3718 nihili

397 3755 621 3811 faciunt
648 3753 978 3821 veritatem,
1011 3754 1299 3824 nobisque
1328 3753 1579 3809 suadent
1608 3757 1675 3808 ut
1703 3751 1842 3808 talia
1871 3767 2048 3824 expo-

401 3860 662 3900 scamus.
693 3844 838 3899 Nam
890 3843 1184 3898 daemones
1227 3843 1380 3899 543
1427 3841 1711 3909 efficiunt,
1744 3846 1810 3896 ut
1857 3841 1895 3895 ii
1947 3840 2048 3912 qui

396 3933 795 4004 experiuntur,
829 3933 896 3986 ad
943 3947 1109 3986 suam
1165 3932 1431 4001 ipsorum
1482 3931 1797 4002 perniciem
1832 3933 2047 3984 errent.

395 4023 467 4076 Et
489 4021 725 4092 quidem
759 4037 914 4075 nunc
937 4021 1224 4091 quaedam
1256 4037 1452 4075 rerum
1479 4021 1768 4092 imagines
1797 4019 1858 4073 in
1890 4035 2047 4075 som-

396 4110 489 4166 nis
540 4111 798 4181 undique
850 4110 1172 4180 suscitant,
1207 4110 1422 4180 quibus
1476 4113 1579 4165 aut
1634 4125 2045 4181 corporearum

394 4200 811 4273 aegritudinum
853 4199 1078 4255 curatio
1123 4199 1482 4270 suggeritur,
1506 4203 1608 4254 aut
1655 4199 1852 4254 futura
1899 4215 2046 4270 prai-

393 4291 721 4346 nuntiatur.
758 4291 870 4345 Res
919 4289 1076 4344 enim
1124 4288 1465 4359 hujusmodi
1515 4303 1750 4343 cernere
1802 4294 2051 4359 possunt

393 4381 709 4434 daemones.
743 4381 830 4434 Ad
877 4379 1138 4450 corporis
1193 4378 1428 4434 morbos
1478 4379 1634 4450 quod
1685 4378 1914 4444 attinet,
1948 4393 2048 4432 eos

395 4468 745 4540 praevident,
801 4468 957 4537 quod
1019 4467 1430 4538 perspicaciori
1492 4467 1711 4538 ingenii
1771 4467 2048 4522 facultate

389 4555 618 4628 przediti
651 4555 768 4610 sint
798 4558 870 4611 ad
903 4557 1306 4626 agnoscendas
1337 4557 1594 4612 materiae
1637 4556 2044 4628 proprietates,

1320 426 1721 489 APPENDIX
1764 419 2091 485 OPERUM
2135 420 2202 480 S.
2248 417 2528 479 BASlLlI
2573 417 2851 478 MAGNI.

1586 559 1857 628 Conﬁteor
1910 555 2029 620 tibi,

2158 549 2500 624 ξολογοῦντας
2553 546 2730 603 αὐτόν.
2787 545 2967 604 Ἀλλᾶ
3022 549 3112 604 καὶ
3170 550 3432 625 ἑτέρωθι·
3482 551 3799 627 Ἐξομολο-

3687 423 3810 486 496

2154 637 2359 713 γοῦμαί
2418 659 2524 704 σοι,
2586 639 2780 713 Πάτερ,
2841 639 3024 712 Κύριε,
3083 642 3179 694 τοῦ
3247 639 3476 716 ούρανοῦ
3550 644 3641 698 καὶ
3699 652 3801 715 τῆς

2154 735 2280 802 γῆς,
2343 729 2424 782 ὅτι
2496 726 2807 802 ἀπέκρυψας
2888 731 3055 782 ταῦτα
3125 729 3233 784 ἀπὸ
3303 735 3485 805 σοφῶν
3538 733 3629 787 καὶ
3685 754 3811 789 συν-

2155 821 2309 884 ετῶν,
2369 815 2457 869 καὶ
2517 814 2864 888 ἀπεκάλυψας
2908 815 3043 870 αὐτὰ
3105 818 3364 888 νηπίοιςο
3423 820 3654 891 νηπίους
3713 822 3804 879 λέ-

2154 927 2267 980 γων
2294 907 2419 965 τοὺς
2455 905 2883 977 μαθητευθέντας
2910 910 2988 978 τῷ
3016 903 3190 982 λὸγῳ,
3225 908 3314 963 καὶ
3365 907 3454 964 διὰ
3490 915 3587 966 τοῦ
3633 913 3808 969 Πνεύ-

2160 1015 2328 1067 ματος
2357 1000 2457 1063 τῆς
2508 993 2906 1068 ἀποκαλύψεως
2949 1000 3058 1050 τῶν
3105 997 3418 1072 μυστηρίων
3464 1001 3808 1072 ἀξιωθέντας.

2157 1080 2296 1138 Ἰδοὺ
2365 1081 2455 1135 οὗν
2522 1081 2627 1157 ἐγὼ
2679 1084 2768 1138 καὶ
2847 1085 2914 1137 τὰ
2970 1082 3183 1154 παιδία,
3241 1084 3476 1142 δείκνυσι
3535 1088 3666 1152 τοὺς
3719 1090 3806 1146 έκ-

2157 1167 2385 1232 λεκτοὺς
2437 1171 2655 1225 ἑαυτοῦ·
2688 1169 2828 1226 διότι
2870 1173 2950 1230 Τὰ
3011 1175 3170 1249 μωρὰ
3223 1180 3321 1230 τοῦ
3368 1176 3579 1250 κόσμου
3636 1178 3813 1250 ἐξελέ-

2158 1262 2282 1330 ξατο
2341 1261 2368 1313 ὁ
2443 1260 2592 1329 Θεὸς,
2641 1259 2734 1315 ἵνα
2810 1262 3146 1338 καταισχύνῃ
3210 1263 3339 1329 τοὺς
3415 1267 3638 1344 σοφούς.
3696 1275 3810 1334 Πᾶς

2158 1347 2251 1403 οὖν
2284 1350 2312 1403 ὁ
2345 1349 2680 1421 ἀποθέμενος
2709 1351 2801 1405 τὸν
2835 1351 3068 1406 παλαιὸν
3104 1351 3413 1430 ἄνθρωπον,
3444 1356 3534 1410 τὸν
3587 1361 3806 1434 φθειρό-

2162 1458 2319 1510 μενον
2371 1439 2510 1492 κατὰ
2565 1439 2660 1500 τὰς
2716 1437 3003 1513 ἐπιθυμίας
3057 1444 3154 1510 τῆς
3201 1442 3434 1515 ἀπάτης,
3467 1447 3553 1500 καὶ
3588 1444 3804 1502 ἐνδυσά-

2162 1547 2324 1598 μενος
2378 1528 2470 1581 τὸν
2525 1528 2667 1598 νέον,
2698 1530 2788 1584 τὸν
2841 1529 3293 1605 ἀνακαινούμενυν
3334 1535 3451 1589 κατ’
3493 1535 3675 1591 εἰκόνα
3709 1542 3802 1592 τοῦ

2155 1616 2453 1685 κτίσαντος,
2487 1615 2706 1673 παιδίον
2753 1617 2864 1673 ἐστὶ
2913 1621 3049 1674 κατὰ
3090 1621 3153 1675 τὸ
3208 1623 3465 1695 μυστικὸν
3494 1629 3592 1680 τοῦ
3645 1633 3808 1702 Χρισ-

2157 1709 2286 1759 στοῦ
2317 1708 2452 1780 (80).

2226 1795 2332 1850 218
2369 1837 2381 1850 .
2439 1795 2538 1848 Καὶ
2627 1795 2715 1848 ἐὰν
2793 1794 2985 1852 εἷ’πωσι
3067 1799 3206 1873 πρὸς
3273 1800 3459 1873 ὑμᾶς·
3533 1805 3813 1874 Ζητήσατε

2156 1880 2282 1944 τοὺς
2340 1881 2822 1957 ἐγγαστριμύθους,
2881 1885 2971 1940 καὶ
3043 1887 3170 1950 τοὺς
3230 1889 3334 1944 ἀπὸ
3381 1896 3481 1959 τῆς
3536 1898 3638 1966 γῆς
3693 1915 3808 1971 φω-

2156 1975 2404 2041 νοῦντας,
2480 1971 2607 2035 τοὺς
2687 1973 3134 2050 κενολογοῦντας,
3195 1977 3247 2032 οἳ
3311 1977 3370 2033 ἐκ
3425 1986 3525 2048 τῆς
3597 1979 3812 2045 κοιλίας

2159 2064 2468 2135 φωνοῦσιν·
2529 2060 2642 2118 Ούκ
2707 2060 2858 2125 ἔθνος
2913 2064 3048 2140 πρὸς
3123 2067 3252 2121 Θεὸν
3329 2065 3493 2122 αὐτοῦ
3577 2068 3808 2143 ἐκζητή-

2162 2168 2352 2216 σουσι;
2407 2149 2466 2203 Τί
2524 2149 2811 2221 έκζητοῦσι
2866 2154 2991 2226 περὶ
3052 2158 3161 2208 τῶν
3237 2155 3450 2224 ζώντων
3525 2158 3655 2223 τοὺς
3721 2182 3810 2216 νε-

2157 2237 2360 2310 κρούς;
2421 2239 2604 2310 Νόμον
2675 2241 2778 2314 γὰρ
2851 2241 2926 2303 είς
3001 2243 3255 2317 βοήθειαν
3311 2243 3530 2319 ἔδωκεν,
3578 2247 3666 2303 ἵνα
3732 2247 3808 2304 ε’ί-

2160 2346 2369 2379 πωσινο
2404 2327 2527 2402 Οὐχ
2585 2329 2660 2390 ὡς
2703 2330 2765 2383 τὸ
2829 2332 2982 2404 ῥῆμα
3037 2336 3223 2401 τοῦτο,
3255 2333 3381 2408 περὶ
3435 2336 3497 2389 οὗ
3548 2337 3648 2393 οὐκ
3703 2334 3809 2394 ἔστι

2160 2411 2311 2488 δῶρα
2343 2412 2525 2469 δοῦναι
2573 2417 2696 2490 περὶ
2757 2419 2942 2475 αὑτοῦ.
2979 2420 3077 2474 Καὶ
3138 2418 3257 2491 ἥξει
3315 2422 3395 2500 ἒφ⁴
3447 2426 3588 2498 ὑμᾶς
3643 2427 3807 2498 σκλη-

2161 2503 2228 2578 ρὰ
2286 2501 2477 2576 λιμὸς,
2519 2505 2610 2559 καὶ
2680 2502 2847 2576 ἔσται,
2908 2509 2985 2570 ὡς
3053 2507 3112 2563 ἂν
3193 2513 3504 2583 πεινάσητε,
3557 2514 3804 2587 λυπηθήο

2160 2603 2332 2663 σεσθε,
2379 2592 2468 2646 καὶ
2525 2598 2706 2656 κακῶς
2765 2595 2934 2670 έρεῖτε
2983 2598 3074 2652 τὸν
3137 2599 3396 2675 ἄρχοντα,
3445 2603 3535 2658 καὶ
3587 2607 3653 2660 τὰ
3706 2607 3803 2660 πά-

2156 2701 2300 2756 τρια.
2334 2682 2437 2737 Καὶ
2493 2677 2890 2755 ἀναϐλέψονται
2948 2685 3026 2747 είς
3082 2687 3172 2741 τὸν
3235 2689 3462 2764 ούρανόν
3518 2689 3648 2751 ἂνω.
3707 2694 3807 2750 Καὶ

2156 2769 2232 2831 εἰς
2290 2771 2388 2838 τὴν
2445 2777 2544 2860 γῆν
2605 2772 2753 2826 κάτω
2807 2768 3198 2847 ἐμϐλέψονται.
3262 2778 3359 2833 Καὶ
3429 2777 3546 2835 ἰδοὺ
3607 2783 3806 2860 ἀπορία

2155 2860 2337 2928 στενὴ,
2399 2859 2488 2913 καὶ
2576 2862 2786 2933 σκότος,
2841 2861 3026 2937 θλίψις
3106 2868 3218 2938 (84)
3287 2868 3374 2922 καὶ
3459 2859 3801 2947 στενοχωρία

2153 2948 2242 3002 καὶ
2303 2947 2517 3016 σκότος,
2571 2947 2709 3003 ὥστε
2768 2951 2841 3023 μή
2907 2951 3150 3026 βλέπειν.
3203 2954 3298 3009 Καὶ
3349 2956 3450 3010 οὐκ
3507 2958 3794 3032 ἀπορηθή-

2155 3059 2298 3091 σεται
2358 3039 2386 3092 ὁ
2445 3036 2497 3091 ἰν
2551 3039 2890 3113 στενοχωρίᾳ
2949 3039 3022 3095 ὢν
3063 3039 3164 3104 ἕως
3195 3049 3404 3118 καιροῦ,
3437 3046 3506 3102 Οἱ
3563 3048 3636 3120 μὴ
3697 3069 3795 3102 κα-

2149 3124 2512 3202 ταδεχόμενοι
2561 3128 2650 3181 τὸν
2712 3126 2879 3203 λόγον
2924 3123 3022 3185 τοῦ
3079 3131 3432 3207 Εύαγγελίου.
3467 3135 3520 3189 o't
3586 3135 3796 3206 έξουθε-

2152 3221 2368 3276 νοῦντες
2423 3215 2486 3270 τὺ
2543 3217 2803 3290 κήρυγμα
2853 3220 2968 3291 (82)
3021 3219 3096 3281 ὡς
3160 3222 3394 3293 μωρίαν,
3431 3223 3522 3276 καὶ
3582 3223 3669 3278 ἰπὶ
3726 3229 3806 3297 τῷ

2158 3303 2372 3379 σταυρῷ
2415 3301 2925 3378 σκανδαλιζόμενοι,
2986 3307 3110 3361 ὅταν
3179 3308 3366 3372 αὐτοῖς
3424 3307 3805 3385 συμϐουλεύω-

2163 3415 2256 3466 μεν
2290 3392 2598 3456 ἐπανελθεῖν
2631 3394 2767 3468 πρὸς
2814 3396 2913 3463 τὴν
2965 3395 3277 3470 ἰπίγνωσιν,
3309 3399 3806 3476 ἀντιπροτείνονται

2156 3485 2293 3554 ἡμῖν
2319 3483 2415 3544 τὰς
2449 3481 2508 3536 ὲκ
2534 3485 2635 3546 τῆς
2665 3480 2806 3545 ἰδίας
2855 3481 3074 3555 πλάνης
3118 3489 3480 3560 παραινέσεις,
3516 3488 3766 3565 λέγοντες
3793 3510 3806 3523 ⁸

2158 3574 2439 3642 Ζητήσατε
2473 3573 2548 3642 μὴ
2579 3573 2670 3626 τὸν
2713 3572 2930 3647 Κύριον,
2962 3572 3106 3629 ἀλλὰ
3151 3575 3276 3636 τοὺς
3319 3575 3802 3653 ἐγγαστριμύθους,

2157 3661 2246 3715 καὶ
2275 3659 2404 3722 τοὺς
2437 3661 2542 3715 ἀπὸ
2570 3667 2671 3730 τῆς
2697 3665 2802 3735 γῆς
2835 3667 3172 3739 φωνοῦντας,
3203 3664 3330 3729 τοὺς
3360 3666 3801 3742 κενολογοῦντας.

2159 3751 2258 3804 Καὶ
2314 3749 2512 3804 τούτου
2574 3749 2779 3824 μάρτυς
2827 3752 2861 3819 ἠ
2909 3757 3089 3824 πεῖρα.
3119 3755 3187 3810 Οἱ
3216 3754 3320 3830 γὰρ
3378 3758 3806 3828 προστετηκότες

2155 3844 2274 3901 τοῖς
2307 3836 2582 3909 εἰδώλοις,
2607 3838 2841 3913 ὀνείροις
2871 3839 2962 3893 καὶ
2988 3837 3244 3914 κληδόσι,
3272 3843 3360 3897 καὶ
3392 3846 3666 3916 μαντείαις
3698 3844 3808 3900 δαι-

2161 3929 2338 4002 μόνων
2371 3929 2759 4002 προσέχοντες,
2789 3928 2879 3982 καὶ
2903 3927 3056 3984 αὐτοὶ
3076 3932 3174 3998 τὴν
3203 3930 3462 4001 ἀλήθειαν
3497 3931 3806 4003 έξουδενοῦ-

2158 4040 2231 4087 σι,
2265 4017 2353 4073 καὶ
2394 4020 2527 4089 ἡμῖν
2578 4012 3018 4089 συμϐουλεύουσι
3059 4020 3124 4073 τὰ
3159 4024 3385 4074 τοιαῦτα
3413 4022 3634 4090 ἐξαιτεῖν
3669 4025 3805 4097 (84).

2158 4109 2307 4163 Διότι
2341 4106 2606 4181 ένέργειαι
2635 4103 2854 4175 πλάνης
2906 4107 2992 4161 ἰπὶ
3051 4114 3401 4184 καταστροφῇ
3457 4115 3564 4165 τῶν
3619 4131 3813 4167 πεπει-

2159 4199 2407 4270 ραμένων
2469 4193 2652 4257 αὐτοῖς
2704 4194 3043 4270 ἐνεργοῦνται
3098 4197 3246 4273 παρὰ
3317 4203 3424 4254 τῶν
3486 4197 3764 4274 δαιμόνων
3798 4219 3811 4233 ·

2156 4291 2249 4342 νῦν
2286 4287 2380 4358 μὲν
2433 4283 2484 4339 ἐν
2537 4289 2654 4346 τοῖς
2715 4284 2900 4346 ὕπνοις
2949 4287 3237 4361 φαντασίας
3293 4289 3443 4350 τινὰς
3491 4291 3818 4364 περιιστών-

2155 4396 2263 4430 των
2311 4377 2446 4448 (84),
2478 4373 2512 4442 ἢ
2562 4369 2883 4446 συμϐουλὴν
2935 4374 3166 4450 ἐχούσας
3210 4375 3416 4440 πάθους
3443 4389 3447 4394 ’
3473 4384 3811 4452 σωματικοῦ,

2157 4466 2191 4534 ἧ
2221 4463 2692 4540 προαγορευούσας
2724 4465 2786 4518 τὸ
2835 4462 3063 4536 μέλλον.
3099 4465 3361 4521 Δύνανται
3412 4465 3470 4522 δὲ
3515 4467 3582 4522 τὰ
3626 4473 3808 4523 τοιαῦ-

2154 4575 2221 4609 τα
2281 4557 2505 4628 συνορᾷν
2567 4553 2618 4607 oi
2679 4550 2963 4625 δαίμονες·
2995 4555 3119 4630 περὶ
3155 4555 3249 4626 μὶν
3280 4557 3349 4610 τὰ
3397 4562 3494 4612 τοῦ
3553 4558 3802 4629 σώματος

388 4646 666 4716 quodque
709 4644 1022 4700 herbarum
1054 4644 1390 4716 qualitates,
1416 4651 1472 4700 et
1504 4661 1705 4700 earum
1739 4646 1856 4700 vim
1891 4661 2043 4699 mor-

2161 4645 2328 4714 πάθη,
2364 4641 2455 4697 διὰ
2480 4643 2542 4697 τὸ
2576 4640 3018 4718 διορατικώτεροι
3053 4644 3186 4697 εἶναι
3237 4650 3345 4699 τῶν
3409 4645 3609 4702 ὗλικῶν
3649 4643 3801 4700 ἰδιω-

389 4734 480 4790 bis
530 4735 809 4790 curandis
862 4735 1134 4789 idoneam
1185 4736 1398 4790 norint.
1438 4736 1602 4800 Quod
1635 4751 1768 4789 vero
1819 4739 2048 4806 spectat

391 4823 463 4880 ad
495 4825 726 4880 futuros
774 4828 1038 4893 eventus,
1074 4840 1475 4895 smpenumero
1510 4841 1639 4895 quas
1682 4825 1807 4895 jam
1857 4825 2046 4880 conti-

2159 4735 2365 4806 μάτων,
2425 4732 2516 4786 καὶ
2573 4730 2889 4809 ἐπεσκέφθαι
2947 4733 3247 4801 ποιότητας
3305 4734 3565 4810 βοτανῶν,
3597 4736 3684 4789 καὶ
3741 4736 3806 4790 τὸ

2153 4823 2246 4877 ἀπ’
2273 4821 2446 4877 αὐτῶν
2507 4821 2643 4895 πρὸς
2702 4821 2768 4875 τὰ
2825 4821 2967 4892 πάθη
3016 4820 3394 4894 κατάλληλον.
3429 4825 3563 4900 Περὶ
3612 4822 3669 4879 δὲ
3695 4828 3804 4880 τῶν

454 4971 523 5008 ⁸⁰¹
551 4969 762 5027 Matth.
795 4969 970 5040 xxx,8.
1013 4968 1054 5004 ⁸¹
1084 4969 1290 5025 Matth.
1324 4986 1402 5040 x1,
1432 4969 1522 5023 25.
1565 4969 1610 5005 ⁸³
1640 4973 1664 5024 Ι
1694 4973 1820 5025 Cor.
1856 4987 1895 5038 ι,
1923 4969 2015 5024 27.

2158 4969 2343 5042 Ephes.
2378 4985 2452 5036 1v,
2482 4968 2572 5022 22.
2623 4966 2670 5002 ⁸⁸
2698 4965 2920 5025 Coloss.
2954 4984 3045 5037 ιιι,
3078 4969 3165 5023 10.
3205 4969 3250 5005 ³⁸
3280 4969 3302 5024 Ι
3333 4970 3462 5026 Cor.
3498 4986 3535 5039 1,
3566 4969 3659 5027 28.

598 5114 966 5196 lta‘ut‘erque
999 5112 1258 5196 Co‘mbef.
1293 5116 1348 5167 et
1370 5110 1762 5196 aliilquatuor
1791 5129 1933 5168 mss.
1968 5115 2036 5168 At

385 5181 559 5250 editi,
578 5183 715 5238 κατά
741 5185 831 5238 τὸν
869 5181 1128 5255 μυστικὸν
1155 5187 1401 5257 ,Χριστοῦ
1430 5181 1620 5257 λόγρν.

453 5257 562 5329 (81)
595 5257 832 5313 Veteres
870 5252 1104 5329 aliquot
1150 5252 1306 5326 libri,
1355 5253 1445 5307 καὶ
1501 5252 1707 5329 θλίψις.
1743 5256 1860 5311 Hoc
1908 5255 2037 5328 ipso

382 5326 599 5382 inloco
648 5344 817 5384 voces
864 5326 1193 5387 nurnero:
1242 5345 1310 5382 ex
1357 5327 1671 5382 vetustiore
1700 5326 2036 5383 Combeﬂsii

382 5399 579 5454 codice
611 5404 670 5454 et
711 5415 777 5454 ex
822 5399 953 5454 aliis
1011 5406 1264 5471 quatuor
1322 5397 1690 5466 addidimus;
1728 5417 1834 5454 nec
1866 5399 2038 5455 aliter

383 5472 602 5543 editum
637 5471 932 5543 invenitur
961 5470 1111 5542 apud
1155 5470 1313 5528 LXX.
1347 5473 1574 5525 Rursus
1604 5471 1820 5526 ibidem
1853 5472 2034 5543 aliqui

384 5559 552 5611 "188.,
586 5536 720 5614 tam
737 5540 904 5595 έπειν.

595 5615 837 5697 Ιῆᾀ-ἰιίβι
866 5614 1016 5697 Ῑξθὲκ
1042 5615 1289 5697 primus,
1321 5613 1383 5697 τὸ
1415 5614 1801 5697 κηρυγμαστοῦ
1850 5613 2032 5687 Εὐαγ-

376 5683 587 5815 Ξελίοῑυ.
623 5686 798 5755 Illud,
819 5687 917 5739 τοῦ
946 5683 1307 5758 Εὐαγγελίου,
1342 5685 1397 5742 in
1433 5683 1854 5758 aliis'quinque
1883 5683 2029 5743 mss.

421 5774 516 5815 ΘΟΕ
551 5799 563 5814 ο

421 5774 563 5815 θθεῑ.

2220 5115 2329 5182 (83)
2365 5112 2597 5183 Antiqui
2649 5128 2751 5167 sex
2800 5111 2956 5182 libri,
3005 5109 3248 5183 έξαιτεῖν.
3305 5113 3482 5179 Editi,
3538 5112 3804 5184 έκζητεῖνο

2145 5187 2308 5250 Quod
2337 5183 2637 5240 Curterius
2671 5184 3012 5254 conjectura
3038 5187 3255 5241 ductus
3286 5185 3532 5256 dixerat,
3557 5183 3810 5246 fortasse

2145 5257 2302 5328 apud
2333 5256 2683 5381 Procogium
2719 5273 2849 5328 pag.
2886 5257 2988 5311 139
3018 5273 3121 5340 pro
3144 5257 3452 5340 ,γινομένων
3485 5257 3805 5332 legendum

2145 5345 2270 5381 esse
2301 5347 2521 5381 πειοωυ.
2549 5347 2656 5380 νων
2691 5329 2762 5381 de
2800 5345 2866 5381 eo
2899 5329 3155 5381 dubitari
3189 5347 3281 5381 Vix
3332 5347 3505 5381 nosse
3554 5332 3805 5381 arbitra-

2144 5345 2270 5384 esse
2301 5329 2656 5402 πειρωμένων
2691 5329 2762 5383 de
2800 5345 2866 5383 eo
2899 5329 3155 5384 dubitari
3189 5330 3281 5384 vix
3331 5347 3505 5402 posse
3546 5329 3805 5390 arbitra-

2147 5417 2293 5454 mur.
2330 5401 2476 5455 Nam
2509 5405 2714 5473 auctor
2752 5404 2969 5473 noster,
3005 5416 3177 5473 quem
3211 5401 3438 5473 passim,
3465 5404 3808 5473 compilavit

2147 5417 2293 5454 mur.
2331 5417 2476 5455 nam
2509 5417 2714 5454 auctor
2752 5417 2969 5467 noeter,
3005 5417 3177 5526 qluem
3211 5418 3431 5473 passim
3465 5419 3592 5458 com
3641 5417 3808 5462 navit

2145 5474 2482 5551 Procopius,
2520 5471 2693 5544 paulo
2728 5477 2876 5551 post_
2905 5472 2988 5551 ita
3059 5472 3320 5544 oquitur,
3355 5470 3494 5551 διότι
3540 5421 3808 5551 ινὲογειαι

2141 5545 2355 5611 πΛάνης
2402 5543 2489 5597 έπι
2533 5546 2880 5618 καταστροφῇ
2919 5546 3028 5596 τῶν
3075 5543 3510 5618 πεπειραμένων,
3544 5543 3805 5606 θιά,’οω-

2141 5632 2328 5672 mones
2357 5619 2507 5671 enim
2537 5616 2899 5690 efﬁciunt,ut
2927 5620 2971 5672 ii
3001 5621 3098 5688 qui
3127 5616 3512 5690 experiuntur,
3545 5623 3616 5677 ad
3644 5639 3806 5679 suam

2141 5691 2384 5760 ipsorum
2407 5689 2710 5760 perniciem
2735 5692 2935 5744 errent.

2210 5761 2321 5832 (84)
2359 5760 2537 5829 Editi,
2595 5760 3009 5835 παριστώντων,
3067 5761 3330 5820 exhibent
3382 5766 3433 5820 ct
3490 5779 3802 5837 repraesen-
