4138 6414
405 347 524 408 497

1207 339 1609 404 COMMENT.
1656 339 1737 400 IN
1780 339 2054 402 ISAIAM
2096 341 2600 412 PROPHETAM.
2647 347 2821 410 CAP.
2865 349 3023 410 VIII.

3706 353 3828 416 498

412 469 732 550 μελλόντων
781 469 1057 534 πολλάκις
1112 471 1447 546 προλέγουσι
1500 473 1566 526 τὰ
1611 469 1721 541 ἤδη
1771 471 2026 547 γενόμενα

2138 535 2142 542 _
2174 491 2329 548 gere,
2362 480 2718 550 praedicunt;
2751 485 2808 538 et
2837 498 2965 554 quae
2997 483 3258 538 nondum
3291 483 3364 538 ad
3397 486 3658 541 nostram
3688 501 3823 556 per-

405 569 542 637 ἡμῖν
574 561 631 618 δὲ
666 564 834 637 μήπω
867 561 1198 637 ἐγνωσμένα,
1232 562 1304 624 ὡς
1354 561 1584 634 ἐσόμενα
1622 564 1758 635 ἡμῖν
1792 560 2057 636 ἀναγγέλ-

406 654 620 712 λουσιν.
654 658 781 710 Οἴον
816 649 869 708 εἷ’
890 674 972 708 τις
1004 654 1094 708 καὶ
1125 654 1250 726 παρ’
1296 655 1456 726 ἡμῶν
1511 656 1621 726 (85)
1654 652 1883 712 ἀκούσας
1917 673 2057 724 παρ-

2170 581 2376 622 venere
2429 571 2718 639 notitiam,
2764 573 2932 626 nobis
2981 572 3334 628 annuntiant
3381 573 3551 644 quasi
3600 575 3818 631 futura.

2167 655 2282 710 Nec
2332 674 2502 714 secus
2555 676 2622 714 ac
2680 660 2729 714 si
2762 661 3058 732 quispiam
3091 663 3188 732 qui
3234 678 3302 716 ex
3343 661 3511 718 nobis
3567 664 3818 734 alicujus

402 746 588 800 ουσίαν
624 745 791 813 τινὸς,
825 743 1025 813 ταύτην
1077 747 1156 815 τῷ
1210 741 1584 814 προσδοκῶντι
1635 743 1708 803 ὡς
1750 739 2026 815 μέλλουσα

2165 747 2483 802 adventum
2539 749 2876 816 audivisset,
2928 767 3062 804 eum
3125 750 3483 821 praestolanti
3529 755 3816 823 tanquam

397 834 748 910 ἀναγγέλλοι·
781 835 879 904 τὴν
915 833 974 887 ἐκ
1019 837 1115 887 τοῦ
1166 830 1340 887 δοκεῖν
1396 834 1686 908 προφήτης
1733 832 1864 887 εἶναι
1898 828 2050 903 δόξαν

399 921 469 978 δι’
501 924 714 994 ἀπάτης
765 923 1108 999 θηρώμενος.
1139 921 1296 979 Οὕτω
1334 921 1423 976 καὶ
1457 923 1507 976 οἱ
1559 920 1807 994 δαίμονες
1839 921 1907 974 τὰ
1937 918 2052 974 δια-

2164 835 2429 890 futurum
2469 837 2852 907 renuntiaret,
2886 845 2950 892 ut
2980 840 3120 893 dum
3169 840 3453 910 propheta.
3497 856 3626 896 esse
3656 841 3813 895 vide-

2161 923 2341 990 bitur,
2393 926 2529 980 inde
2573 925 2820 997 gloriam
2877 943 2981 998 per
3036 928 3301 983 fraudem
3347 932 3612 984 venetur.
3645 933 3813 984 Hunc

395 1013 772 1086 τετυπωμένα,
823 1013 891 1067 τὰ
943 1013 1208 1086 ἀποφάσει
1270 1015 1409 1068 Θεοῦ
1461 1008 1914 1083 δημοσιωθέντα,
1959 1011 2026 1065 ἀν-

2161 1015 2232 1068 ad
2269 1015 2510 1069 modum
2544 1020 2600 1070 et
2631 1016 2945 1085 daemones,
2978 1015 3050 1071 iis
3083 1016 3184 1087 qui
3208 1014 3376 1071 facile
3432 1015 3493 1070 in
3546 1032 3806 1072 errorem

399 1102 659 1180 ἡγγειλαν
691 1099 966 1166 πολλάκις
992 1106 1110 1164 τοῖς
1143 1101 1282 1176 πρὸς
1331 1099 1539 1171 ἀπάτην
1590 1098 1833 1162 εὐκόλως
1885 1096 2048 1175 ἔχου-

402 1214 501 1248 σιν.
535 1194 621 1254 Ὠς
651 1191 740 1247 καὶ
773 1194 807 1262 ἡ
843 1190 1271 1266 έγγαστρίμυθος
1315 1194 1395 1261 τῷ
1445 1187 1625 1244 Σαοὺλ
1672 1187 1761 1244 διὰ
1784 1194 1893 1244 τῶν
1927 1186 2043 1243 δαι-

401 1281 578 1354 μόνων
613 1281 901 1357 ἀνήγγειλε
933 1283 1029 1350 τὴν
1068 1279 1376 1352 μέλλουσαν
1408 1280 1596 1348 ἧτταν.
1631 1278 1892 1352 Δαίμονες
1939 1280 2044 1354 γὰρ

391 1371 526 1439 ἦσαν
584 1371 637 1425 οἱ
684 1369 1255 1445 κατασχηματίζοντες
1309 1370 1420 1443 (86)
1469 1367 1691 1432 ἱαυτοὺς
1733 1368 1809 1430 εἷς
1859 1368 1920 1422 τὸ
1947 1372 2044 1423 τοῦ

390 1457 662 1532 Σαμουὴλ
711 1459 1030 1535 πρόσωπον·
1067 1460 1119 1514 οἳ
1174 1457 1265 1514 διὰ
1294 1459 1357 1513 τὸ
1395 1458 1684 1528 ἀκηκοέναι
1713 1464 1814 1526 τῆς
1843 1455 1928 1512 ἐπὶ
1962 1461 2042 1528 τῷ

388 1548 574 1604 Σαοὺλ
628 1548 1013 1621 κατακρίσεως,
1075 1549 1149 1610 ὡς
1207 1545 1346 1602 ἰδίαν
1405 1547 1672 1622 ἀπόφασιν
1718 1548 1818 1614 τὴν
1879 1545 2042 1616 ἐξενε-

386 1640 609 1714 χθεῖσαν
641 1638 786 1714 παρά
833 1643 967 1694 Θεοῦ
1016 1636 1350 1712 διηγοῦνται.
1399 1637 1522 1693 Ἐπὶ
1573 1635 1665 1691 οὖν
1713 1637 1825 1709 (87)
1858 1635 1951 1696 τὰς
1980 1634 2040 1689 ἐκ

383 1731 491 1781 τῶν
539 1725 810 1800 δαιμόνων
863 1725 1069 1790 ἀπάτας
1119 1727 1517 1802 προτρέπονται
1566 1725 1714 1798 ἡμᾶς
1760 1721 2034 1785 πολλάκις

2161 1101 2361 1158 induci
2391 1111 2665 1174 possunt,
2697 1119 2766 1159 ea
2797 1121 2924 1176 quas
2966 1106 3093 1174 jam
3140 1109 3268 1160 rata
3315 1109 3456 1160 sunt
3484 1108 3540 1159 et
3569 1105 3672 1160 Dei
3702 1105 3807 1161 de-

2157 1195 2313 1248 creto
2370 1192 2665 1263 evulgata,
2725 1192 3074 1264 plerumque
3122 1194 3569 1249 annuntiarunt.
3601 1194 3694 1250 Sic
3751 1197 3808 1250 et

2154 1281 2524 1353 ventriloqua
2552 1282 2654 1337 illa
2693 1299 2802 1353 ope
2833 1283 3163 1337 daemonum
3205 1284 3492 1338 nuntiavit
3519 1281 3680 1338 Sauli
3713 1283 3803 1337 fu-

2153 1375 2346 1426 turam
2380 1376 2639 1443 stragem
2657 1371 2720 1426 θθ.
2747 1372 2925 1427 Erant
2954 1371 3111 1426 enim
3143 1373 3454 1441 daemones,
3480 1371 3580 1442 qui
3601 1372 3806 1428 indue-

2153 1465 2285 1514 rant
2343 1460 2637 1515 Samuelis
2703 1476 3015 1532 personam
3068 1477 3082 1516 :
3134 1459 3235 1530 qui
3284 1461 3440 1532 quod
3495 1460 3802 1516 audissent

2151 1547 2588 1603 damnatorium
2611 1549 2909 1619 judicium
2939 1548 2996 1604 id
3031 1549 3267 1605 Saulem
3298 1550 3524 1616 datum,
3554 1548 3733 1604 latam
3767 1566 3801 1604 a

2147 1635 2266 1692 Deo
2324 1637 2676 1693 sententiam
2745 1638 2832 1692 uti
2904 1638 3199 1710 prOpriam
3270 1641 3535 1692 narrant.
3596 1638 3798 1708 Itaque

2147 1731 2351 1796 gentes
2378 1743 2492 1782 non
2524 1743 2654 1782 raro
2685 1743 2793 1782 nos
2822 1742 2889 1782 eo
2919 1727 3209 1781 inducunt
3238 1731 3304 1780 ut
3346 1742 3381 1780 ε.
3428 1725 3796 1782 daemonibus

383 1816 451 1870 τὰ
505 1813 652 1887 ἔθνη,
711 1815 997 1891 λέγοντες·
1062 1817 1428 1885 Ἐκζητήσατε
1479 1813 1605 1874 τοὺς
1683 1810 2026 1913 ἐγγαστριμύ-

2147 1815 2532 1886 decipiemur,
2561 1833 2697 1871 cum
2747 1816 2952 1871 dicunt
2984 1834 2997 1872 :
3032 1815 3325 1887 Exquirite
3367 1812 3791 1885 ventriloquos,

385 1915 534 1974 θους,
567 1904 696 1968 τοὺς
723 1905 830 1960 ἀπὸ
857 1909 958 1970 τῆς
986 1911 1090 1980 γῆς
1121 1909 1452 1983 φωνοῦντας.
1486 1900 1626 1960 Οὐδὲ
1655 1901 1758 1977 γὰρ
1805 1898 1904 1956 τολ
1917 1904 2032 1972 μῶ-

383 2013 465 2046 σιν
513 1993 680 2048 εἰπεῖν
724 1993 776 2064 ἐξ
826 1993 1064 2069 οὐρανῶν
1115 1995 1226 2066 (88)
1271 1993 1450 2047 αὐτῶν
1499 1991 1631 2047 εἶναι
1672 1990 1738 2045 τὰ
1791 1989 2030 2065 ῥήματα.

381 2082 469 2144 Ὠς
517 2082 607 2136 καὶ
639 2086 674 2152 ἡ
708 2082 759 2138 έν
802 2087 920 2145 ταῖς
971 2080 1275 2144 Βασιλείαις
1320 2080 1490 2151 ἐκείνη
1543 2077 1904 2153 διαλεγομένη
1953 2081 2032 2149 τῷ

385 2169 568 2227 Σαοὺλ
627 2169 807 2248 ἔλεγεν
842 2219 858 2245 ,
918 2170 1002 2226 ὅτι
1061 2173 1201 2246 Ὀρῶ
1259 2171 1369 2246 ἐγὼ
1426 2171 1580 2234 θεοὺς
1648 2163 2031 2229 ἀναϐαίνοντας

375 2257 481 2314 ἀπὸ
540 2267 640 2329 τῆς
698 2267 823 2333 γῆς.
883 2259 1121 2331 Τοιαύτη
1179 2259 1280 2335 γὰρ
1334 2262 1370 2330 ἡ
1428 2263 1536 2313 τῶν
1589 2256 2026 2333 ἐγγαστριμύθων

372 2347 608 2403 ξπίνοια·
669 2351 850 2424 ψυχὰς
903 2348 1342 2425 ἐπαγγέλλονται
1409 2346 1878 2417 τετελευτηκότων
1937 2345 2027 2400 ἀν-

371 2438 518 2514 άγειν
605 2437 680 2500 εἰς
765 2440 1059 2516 φανέρωσιν
1141 2443 1250 2492 τῶν
1337 2436 1812 2508 ἐπιζητουμένων.
1894 2439 2030 2493 Εἶτα

367 2528 468 2595 τήν
529 2527 723 2582 ἑαυτοῦ
794 2529 1025 2602 γνώμην
1106 2526 1369 2604 ἐπιφέρει,
1432 2526 1498 2594 ἢν
1561 2524 1678 2600 ἔχει
1734 2524 1858 2600 περὶ
1917 2529 2026 2578 τῶν

365 2614 628 2671 τοιούτων
678 2617 954 2686 ἐπινοιῶν,
1000 2618 1093 2671 καὶ
1143 2614 1496 2688 ἀποφαίνεται
1545 2613 1743 2677 αὐτοὺς
1797 2634 2026 2686 ματαιο-

367 2701 573 2779 λόγους
606 2747 621 2772 ,
685 2704 854 2760 εἰπών
888 2724 901 2739 ο
956 2706 1096 2767 Τοὺς
1161 2704 1584 2778 κενολογοῦντας
1619 2746 1632 2772 ,
1693 2701 1745 2757 οἳ
1805 2702 1865 2758 ἐκ
1926 2709 2028 2772 τῆς

364 2791 581 2855 κοιλίας
632 2798 924 2869 φωνοῦσιψ
980 2794 1107 2864 ἦτοι
1157 2794 1264 2848 ἀπὸ
1310 2799 1408 2848 τοῦ
1455 2793 1767 2866 θελήματος
1821 2793 2021 2848 ἑαυτῶν

367 2879 725 2959 φθεγγόμενοι
767 2927 778 2942 .
850 2885 930 2942 Οὐ
1007 2883 1109 2960 γὰρ
1193 2883 1451 2959 ἑτέρωθεν
1512 2879 1794 2958 διδαχθεὶς
1854 2882 2022 2958 λέγει,

365 2969 514 3026 ἀλλὰ
554 2971 866 3035 ἀναπλάσας
912 2971 964 3028 ἐν
1019 2976 1089 3047 τῇ
1121 2973 1315 3028 ἑαυτοῦ
1345 2969 1541 3046 καρδίᾳ
1566 2973 1630 3026 τὸ
1675 2968 1896 3045 ψεῦδος,
1926 2975 2023 3025 τοῦ

369 3062 680 3133 θελήματος
766 3066 874 3116 τῶν
961 3062 1217 3137 ὁρώντων
1303 3060 1861 3134 παραστοχαζόμενος
1939 3058 2024 3114 λέ-

363 3166 445 3221 γει
502 3148 570 3202 τὰ
623 3149 762 3223 πρὸς
836 3149 1048 3220 ἀπάτην
1121 3153 1230 3204 τῶν

368 3234 624 3307 μεύοντα.

435 3327 560 3381 219.
590 3327 661 3382 Ἥ
689 3324 834 3401 τάχα
865 3325 926 3381 ἐκ
947 3333 1049 3396 τῆς
1093 3325 1306 3390 κοιλίας
1337 3329 1631 3401 φωνοῦσιν,
1662 3326 1734 3379 ὧν
1770 3326 1798 3380 ὁ
1831 3324 1951 3388 θεὸς
1982 3326 2016 3394 ἦ

365 3409 578 3466 κοιλία·
619 3415 671 3466 οἱ
720 3412 895 3468 πάντα
925 3414 1459 3490 πραγματευόμενοι,
1490 3421 1590 3484 τῆς
1629 3412 1681 3468 ἐν
1712 3417 1791 3485 τῷ
1821 3413 2014 3477 ἐσθίειν

353 3500 444 3553 καὶ
495 3500 667 3555 πίνειν
717 3499 892 3556 ἕνεκεν
941 3500 1167 3572 ἡδονῆς.
1202 3504 1362 3556 ’Ώστε
1413 3501 1512 3556 οὐκ
1559 3499 1618 3555 ἅν
1664 3521 1746 3564 τις
1777 3501 2015 3578 ἁμάρτοι

359 3587 529 3643 εἰπὼν
561 3588 1030 3666 ἐγγαστριμύθους
1077 3592 1168 3645 καὶ
1215 3589 1274 3645 ἐκ
1319 3597 1420 3661 τῆς
1466 3588 1679 3652 κοιλίας
1710 3595 2016 3668 φωνοῦντας

353 3676 483 3740 τοὺς
541 3679 674 3754 ὑπὲρ
721 3683 818 3733 τοῦ
865 3680 966 3748 τήν
1015 3681 1249 3757 γαστέρα
1317 3677 1611 3756 πληρῶσαι
1663 3677 2014 3735 διδασκαλίαν

358 3767 896 3841 σχηματιζομένους,
959 3768 1049 3823 καὶ
1111 3763 1396 3831 εὐλαϐείας
1457 3770 1669 3830 ἑαυτοῖς
1720 3770 2017 3845 περιτιθέν-

353 3877 451 3920 τας
480 3860 722 3935 μορφήν·
762 3857 815 3912 οἳ
846 3855 936 3912 διὰ
968 3858 1028 3912 τὸ
1063 3859 1138 3932 μὴ
1169 3857 1276 3913 ἀπὸ
1330 3855 1618 3923 διαθέσεως
1661 3857 1786 3920 τοὺς
1817 3855 2016 3935 λόγους

360 3947 765 4024 προφέρεσθαι,
817 3948 1246 4024 κενολογοῦσιν.
1307 3946 1552 4010 Εἰκότως
1588 3991 1600 4003 .
1656 3948 1720 4004 Ὀ
1773 3949 1874 4023 γὰρ
1937 3949 2012 4021 μὴ

356 4040 557 4104 ποιῶν,
613 4036 704 4091 καὶ
763 4033 1055 4106 διδάσκων,
1111 4036 1489 4108 ἀναξιόπιστός
1542 4036 1686 4092 ἐστιν
1745 4037 1819 4099 εἰς
1873 4038 2013 4115 ὠφέ-

353 4120 528 4180 λειαν.
587 4125 665 4182 Τὸ
717 4122 796 4199 δὲ,
846 4124 962 4182 Οὐκ
1009 4119 1161 4190 ἔθνος
1203 4125 1339 4200 πρὸς
1387 4125 1516 4180 Θεὸν
1567 4125 1731 4180 αὐτοῦ
1781 4127 2013 4197 ἐκζητή-

349 4233 501 4267 σουσι
535 4231 548 4283 ;
579 4213 828 4270 τοιοῦτόν
880 4214 1043 4284 ἐστιν,
1087 4215 1171 4269 ὅτι
1225 4211 1448 4270 ἕκαστον
1501 4212 1650 4276 ἔθνος
1699 4219 1779 4287 τῷ
1823 4216 2014 4269 ἑαυτοῦ

348 4301 465 4375 Θεῷ
497 4304 760 4378 προσάγει
807 4304 909 4374 τὴν
961 4303 1084 4380 περὶ
1137 4301 1199 4359 οὗ
1235 4302 1492 4379 βούλεται
1536 4305 1725 4378 μαθεῖν
1762 4306 2010 4375 ζήτησιν.

347 4390 455 4447 Καὶ
515 4390 948 4467 ἐρωτηματικῶς
1020 4393 1135 4470 χρὴ
1192 4397 1494 4458 τυποῦσθαι
1553 4393 1653 4463 τήν
1715 4392 2010 4470 ἀνάγνωσιν

347 4482 486 4558 πρὸς
539 4483 639 4551 τὴν
697 4484 985 4562 σαφήνειαν
1041 4485 1148 4555 (89)
1207 4485 1304 4536 τοῦ
1361 4479 1530 4558 ῥητοῦ
1564 4500 1576 4512 ·
1641 4483 1786 4558 Οὐχὶ
1862 4479 2010 4545 ἔθνος

347 4571 488 4648 πρὸς
542 4572 671 4626 Θεὸν
731 4570 898 4628 αὐτοῦ
957 4571 1342 4643 έξζητήσουσιν

1306 3149 1554 3219 ἀνοήτων
1612 3148 1763 3219 αὐτῷ
1818 3167 1930 3223 χρη
1939 3167 2020 3200 σι-

2145 1903 2247 1976 qui
2279 1905 2351 1960 de
2394 1909 2550 1960 terra
2606 1905 2946 1975 loquuntur.
2978 1905 3178 1975 Neque
3236 1903 3393 1960 enim
3442 1903 3635 1958 dicere
3685 1920 3792 1958 au-

2143 1993 2302 2059 dent,
2351 1993 2529 2050 verba
2582 2011 2690 2050 sua
2736 2011 2767 2050 e
2812 1993 2975 2050 caelis
3034 2009 3163 2048 esse
3219 1996 3542 2062 exportata.
3589 1993 3674 2048 lta
3729 1992 3791 2048 in

2142 2081 2478 2154 Regnorum
2520 2083 2687 2139 libris
2718 2082 2819 2139 illa
2861 2083 3037 2138 etiam
3068 2086 3229 2138 vates
3261 2098 3386 2153 quae
3437 2098 3571 2137 cum
3621 2082 3792 2138 Saule

2140 2169 2513 2242 loquebatur,
2574 2171 2852 2227 dicebat:
2899 2170 3055 2227 Video
3110 2186 3208 2241 ego
3265 2171 3396 2226 deos
3450 2170 3793 2226 ascendentes

2137 2262 2436 2316 eterra".
2473 2260 2777 2331 Ejusmodi
2822 2261 2979 2316 enim
3027 2264 3118 2316 est
3167 2259 3480 2315 artiﬁcium
3527 2264 3584 2316 et
3633 2260 3793 2315 fraus

2136 2347 2642 2419 ventriloquorum
2679 2365 2692 2403 :
2735 2349 3088 2421 proﬁtentur
3135 2365 3196 2404 se
3245 2352 3613 2404 mortuorum
3669 2347 3794 2403 ani-

2139 2452 2268 2492 mas
2322 2453 2582 2503 evocare,
2619 2441 2682 2492 ut
2729 2454 2798 2493 ea
2847 2454 2974 2508 quis
3027 2442 3392 2508 quaeruntur,
3425 2437 3794 2509 detegantur.

2141 2527 2280 2581 Dein
2314 2526 2598 2599 propheta
2629 2543 2798 2583 suam
2832 2527 2989 2582 circa
3019 2526 3365 2596 hujusmodi
3397 2527 3562 2583 dolos
3591 2544 3656 2582 ac
3689 2526 3796 2582 fal-

2136 2615 2316 2672 lacias
2347 2616 2704 2672 sententiam
2757 2617 3082 2688 subjungit,
3115 2622 3290 2687 atque
3322 2616 3429 2671 hos
3461 2617 3796 2687 deceptores

2136 2706 2482 2778 pronuntiat
2522 2722 2650 2762 esse
2695 2705 3066 2777 vaniloquos,
3101 2706 3302 2762 dicens
3336 2722 3348 2760 :
3391 2708 3535 2762 Vana
3566 2707 3792 2778 loquen-

2134 2799 2239 2862 tes,
2261 2797 2358 2867 qui
2385 2797 2453 2852 de
2483 2801 2670 2852 ventre
2695 2797 3116 2868 vociferantur;
3145 2811 3246 2851 ceu
3270 2795 3372 2866 qui
3398 2812 3466 2851 ex
3497 2812 3605 2851 sua
3633 2795 3790 2866 ipso-

2135 2900 2266 2939 rum
2298 2885 2599 2940 voluntate
2643 2883 2989 2956 loquuntur.
3022 2884 3148 2938 Non
3179 2883 3337 2939 enim
3385 2882 3522 2940 talis
3551 2883 3790 2939 aliunde

2133 2973 2378 3029 edoctus
2407 2973 2638 3040 eﬁ‘atur,
2669 2973 2770 3029 sed
2813 2973 3060 3028 conﬁcto
3091 2971 3152 3026 in
3198 2988 3306 3028 suo
3337 2973 3513 3028 corde
3544 2973 3786 3028 menda-

2132 3060 2242 3128 cio,
2263 3065 2660 3132 spectatorum
2684 3061 2949 3116 animum
2975 3059 3407 3131 consiliumque
3432 3062 3788 3132 conjectans,

2131 3165 2199 3204 ea
2230 3166 2362 3219 qua:
2408 3150 2481 3205 ad
2513 3149 2860 3220 insipientes
2893 3149 3269 3221 decipiendos
3319 3149 3433 3206 sibi
3482 3151 3789 3222 profutura

2051 3211 2094 3278 α
2132 3211 2293 3305 sunt,
2325 3237 2610 3309 loquitur.

2197 3327 2324 3381 219.
2356 3327 2473 3382 Aut
2523 3325 2671 3382 torte
2715 3326 2787 3382 de
2815 3330 3017 3382 ventre
3066 3326 3393 3398 loquuntur
3439 3327 3502 3395 ii,
3535 3344 3788 3400 quorum

2129 3416 2275 3471 deus
2319 3420 2523 3470 venter
2571 3420 2662 3470 est
2677 3415 2722 3450 ⁸⁸
2756 3431 2769 3471 :
2805 3414 2904 3486 qui
2936 3417 3008 3471 ob
3039 3415 3395 3488 voluptatem
3427 3433 3498 3473 ex
3543 3418 3670 3474 cibo
3724 3434 3790 3474 ac

2129 3510 2272 3576 potu
2305 3510 2642 3560 nascentem
2665 3513 2843 3576 agunt
2874 3505 3094 3561 omnia.
3114 3506 3508 3570 Quamobrem
3539 3524 3657 3562 non
3689 3507 3788 3564 ab-

2127 3593 2337 3648 errarit
2361 3593 2461 3664 qui
2492 3593 2750 3649 hariolos
2772 3599 2828 3649 et
2849 3594 3254 3666 ventriloquos
3280 3612 3380 3652 eos
3405 3612 3534 3652 esse
3556 3595 3784 3665 dixerit,

2129 3682 2228 3753 qui
2263 3683 2336 3737 ob
2359 3687 2622 3738 ventrem
2657 3683 3098 3753 adimplendum
3127 3684 3785 3755 simulant-doctrinam,

2129 3771 2481 3843 pietatisque
2515 3773 2761 3844 formam
2798 3789 2863 3827 ac
2894 3773 3150 3844 speciem
3180 3773 3293 3829 sibi
3323 3775 3648 3846 efﬁngunt;
3683 3775 3785 3847 qui

2128 3861 2281 3932 quod
2317 3877 2433 3915 non
2475 3877 2543 3915 ex
2586 3860 2785 3916 animo
2818 3863 3118 3932 proferant
3147 3879 3471 3933 sermones,
3503 3880 3652 3919 vana
3698 3862 3780 3920 lo-

2127 3954 2413 4022 quuntur.
2451 3949 2628 4020 quue
2651 3950 2786 4020 jure
2819 3966 2885 4004 ac
2918 3949 3446 4023 merito.Quisquis
3474 3953 3631 4008 enim
3665 3970 3781 4008 non

2124 4039 2283 4109 facit,
2331 4038 2564 4094 etiamsi
2614 4039 2837 4105 doceat,
2872 4055 3108 4095 omnem
3159 4041 3272 4096 sibi
3323 4041 3533 4096 adimit
3581 4042 3780 4106 ﬁdem,

2125 4145 2241 4198 qua
2269 4127 2433 4183 utilis
2463 4143 2593 4184 esse
2625 4118 2832 4200 possit.
2867 4127 3017 4183 Illud
3063 4134 3260 4185 autem
3287 4146 3302 4185 :
3338 4131 3528 4186 Nonne
3555 4147 3686 4200 gen:
3714 4131 3784 4188 ad

2121 4218 2297 4272 Deum
2324 4232 2488 4272 suum
2519 4218 2816 4287 exquirant
2840 4219 2867 4270 ?
2912 4216 3022 4272 hoc
3065 4219 3238 4272 modo
3271 4217 3517 4290 intelligi
3565 4221 3735 4275 debet
3769 4237 3781 4275 :

2121 4321 2267 4379 gens
2309 4305 2586 4378 quaelibet
2633 4306 2704 4360 de
2748 4322 2808 4362 re
2860 4322 3040 4378 quam
3071 4306 3197 4362 vult
3228 4306 3478 4376 edoceri,
3511 4308 3627 4364 Deo
3675 4325 3782 4365 suo

2122 4395 2510 4468 quaestionem
2542 4396 2700 4452 544
2743 4395 3038 4468 proponit.
3077 4399 3264 4468 Atque
3293 4397 3597 4453 sententiis
3629 4397 3782 4453 dilu-

2121 4484 2387 4540 cidandae
2415 4500 2597 4540 causa
2628 4485 2942 4556 legendum
2974 4488 3063 4541 est
3111 4501 3213 4556 per
3241 4486 3780 4559 interrogationem,

1407 4591 1420 4642 ;
1480 4572 1642 4626 "Octa
1706 4571 1835 4634 τοὺς

2138 4580 2316 4632 Vonne
2341 4589 2469 4646 gens
2508 4573 2579 4629 ad
2625 4578 2797 4630 Deum
2826 4591 2989 4630 suum
3017 4576 3308 4648 exquirant
3327 4579 3353 4631 .9
3395 4579 3583 4643 Quare
3615 4577 3716 4650 qui
3749 4593 3783 4633 a

423 4736 1054 4810 a“IReg.1uvm,19.
1131 4735 1175 4772 ιτ
1204 4734 1349 4791 ibid.
1384 4735 1470 4792 13.
1548 4727 2119 4811 “Philipp.iII,19.

349 4903 476 4956 tant
503 4901 802 4972 imagines.
822 4900 895 4954 At
941 4905 1188 4972 uterque
1216 4899 1471 4956 Combef.
1505 4903 1583 4972 et,
1607 4899 1708 4955 alii
1757 4905 2012 4972 quatuor

350 4988 521 5042 mss.,
551 4970 979 5046 nsptwftdwuev,
1010 4971 1295 5028 undelibet
1343 4971 1612 5044 ejusmodi
1657 4970 1794 5028 visii
1844 4975 2010 5046 quasi

348 5047 580 5112 cingunt
605 5043 658 5099 et
687 5043 1054 5099 circumdant.

423 5117 531 5189 (85)
561 5116 720 5198 Editi
761 5120 820 5198 et
867 5133 1011 5198 m_s_s.
1046 5113 1340 5198 nonnulli,
1371 5113 1499 5198 παρ’
1529 5115 1681 5198 ⁷ημῖν.
1717 5115 1825 5171 Alii
1860 5116 2006 5198 ‘qu‘i-

347 5186 667 5263 dam,:1:ap'
697 5188 882 5263 ἡμῶν,
917 5188 1047 5263 Mox
1093 5187 1256 5263 _editi_
1286 5191 1353 5263 et,
1390 5186 1583 5263 aliqui
1621 5205 1789 5244 mss..
1815 5186 1914 5256 τὴν
1949 5186 2008 5242 ἐκ

345 5262 464 5314 τοῦ.
499 5261 568 5315 At
601 5258 660 5315 in
695 5258 824 5316 aliis
856 5260 1210 5332 quibusdam
1246 5258 1478 5332 legitur,
1505 5259 1605 5328 τὴν
1637 5263 1754 5316 τοῦ.

423 5333 534 5406 (86)
598 5333 836 5388 Veteres
875 5330 1128 5406 ialiquot
1188 5331 1346 5397 libri,
1407 5330 2002 5406 μετασχηματίζοντες,

346 5401 668 5475 Aliquanto
696 5411 828 5475 post
847 5401 1067 5461 editi—et
1090 5405 1206 5460 duo
1233 5401 1513 5474 ωεεηέπὶ
1535 5401 1636 5457 τοῦ
1660 5401 1864 5460 Σαούλ.
1893 5405 2004 5460 Alii

349 5472 622 5546 quatuor,
654 5472 742 5528 ἐπὶ
773 5479 872 5546 τῷ.

423 5547 537 5631 (ἒῖ)
565 5543 835 5631 simul
872 5546 1162 5631 οοηειριιὲ·
1196 5547 1371 5631 Ern“:
1401 5543 1551 5631 Ἐτεεῖ
1579 5543 1857 5631 οΞν.7ῖράς;

423 5616 536 5704 (88)
568 5619 809 5694 Antiqui
856 5632 958 5676 sex
999 5617 1156 5690 libri,
1210 5616 1261 5688 ἐξ
1311 5617 1576 5693 οὐρανῶν.
1608 5616 1780 5684 Editi.
1813 5618 1866 5690 ἐξ
1912 5618 2004 5674 ού-

355 5707 546 5764 ρανυυ.
1565 5744 1570 5750 .

2191 4901 2304 4976 (89)
2337 4899 2593 4976 Uterque
2625 4901 2793 4976 Colb._
2839 4905 2896 4958 et
2944 4902 3085 4974 Reg.
3119 4904 3438 4976 secundus,
3486 4903 3624 4976 πρὸς
3672 4905 3771 4974 τὴν

2191 4917 2304 4973 (δυ)
2341 4917 2593 5028 mergus
2625 4917 2786 4957 uelo.
2839 4917 2896 4958 et
2945 4917 3085 4974 ueg.
3119 4917 3438 4972 secundus,
3486 4923 3508 4956 τ

2118 4971 2481 5048 ἀσάφειανμα-
2531 4973 2889 5030 amovendum
2916 4977 3069 5048 verbi
3090 4975 3508 5048 obscuritatem.

2190 5044 2302 5116 (9'0)
2335 5044 2486 5099 Editi
2535 5050 2593 5101 et
2639 5063 2783 5102 mss.
2835 5047 3042 5116 nostri,
3084 5047 3244 5100 Ὥστε
3287 5048 3402 5108 τάς·
3434 5049 3586 5116 quod
3637 5065 3773 5105 cum

2118 5121 2461 5190 corruptum
2503 5133 2632 5172 esse
2660 5119 2883 5173 videret
2931 5119 3340 5186 Combeﬁsius,
3373 5118 3500 5180 τούς
3551 5137 3652 5190 pro
3680 5121 3774 5183 τάς

2116 5186 2231 5260 legi
2283 5186 2494 5244 debere
2543 5191 2880 5245 afﬁrmavit.
2917 5192 3028 5246 Sed
3079 5209 3191 5246 non
3247 5186 3661 5248 animadvertit
3689 5196 3776 5250 vir

2118 5260 2524 5335 doctissimus.
2572 5278 2635 5316 se
2682 5279 2847 5317 suam
2899 5265 3315 5335 correctionem
3368 5264 3770 5335 imperfectam

2117 5333 2452 5406 reliquisse.
2481 5333 2704 5388 Etenim
2752 5335 2800 5388 si
2846 5335 2978 5406 quis
3009 5331 3133 5394 τούς
3167 5335 3391 5406 legerit,
3418 5331 3653 5390 necesse
3685 5349 3773 5394 est

2117 5410 2183 5458 ut
2214 5405 2412 5478 statim
2444 5405 2616 5478 legat,
2645 5422 2758 5460 non
2792 5403 3145 5478 προσάγουσι,
3181 5403 3678 5478 quemadmodum
3715 5418 3771 5466 et

2117 5478 2176 5532 in
2200 5477 2382 5552 _editis
2413 5485 2464 5552 _et
2497 5477 2556 5531 iu
2590 5477 2882 5552 v_e_teribus
2925 5477 3420 5552 libris__scriptum
3457 5483 3765 5552 reperitur,

2116 5549 2229 5623 sed
2249 5547 2565 5623 προσάγειν.
2616 5549 2763 5604 Nam
2817 5549 3136 5623 accusandi
3160 5547 3354 5623 casus,
3380 5547 3764 5622 τούςξηθοεεὲ

2116 5619 2587 5695 sario_'postulat,
2611 5624 2678 5695 ut
2723 5625 2927 5695 postea
2972 5621 3296 5695 inﬁnitivus
3344 5619 3757 5695 subsequatur.

2112 5690 2526 5765 Supplevimus
2556 5690 2744 5763 igitur
2765 5693 2922 5764 quod
2961 5691 3400 5749 emendandum
3443 5690 3760 5766 reliquerat
