4138 6398
349 338 469 396 499
1300 334 1694 395 APPENDIX
1735 333 2060 395 OPERUM
2099 332 2165 395 S.
2210 332 2494 393 BASILIl
2541 332 2815 394 MAGNI.
3659 333 3782 396 500

352 471 554 525 nostro
585 467 749 523 cultu
782 467 956 523 alieni
989 473 1148 534 sunt,
1181 468 1252 522 iis
1285 483 1432 538 quos
1463 468 1601 522 deos
1630 483 1759 522 esse
1793 481 1996 534 posue-

2141 465 2243 534 εως
2274 470 2373 532 τῆς
2417 464 2534 527 καθ’
2564 465 2711 534 ἡμᾶς
2760 462 3068 537 θεραπείας,
3105 459 3425 526 ἀκολούθως
3451 468 3571 524 τοῖς
3613 463 3780 530 θεοῖς,

356 561 513 624 runt,
549 557 902 627 quaestiones
945 560 1118 611 etiam
1171 556 1588 627 persolvendas
1617 560 2008 626 congruenter

2140 551 2209 612 ιῧς
2243 552 2497 616 ὑπέθεντο
2549 553 2681 607 εἶναι
2731 552 2908 625 θεοὺς,
2939 552 3029 607 καὶ
3077 552 3175 613 τὰς
3221 553 3583 626 ιπερωτήσεις
3611 572 3782 626 προσ-

357 645 472 699 diis
523 645 1048 715 convenienterque
1098 653 1453 715 proponunt.
1487 645 1608 698 Etsi
1658 645 1814 698 enim
1867 645 2007 696 deos

2140 642 2290 713 ὶγειν.
2341 640 2578 713 Νεκροὺς
2625 642 2726 716 γὰρ
2762 639 2915 704 θεοὺς
2966 641 3317 712 ὒποθάμενοι,
3350 639 3545 703 αὐτοὺς
3584 641 3788 715 ἐπερω-

358 738 624 789 mortuos
654 735 1040 797 constituunt,
1076 738 1269 787 tamen
1303 750 1400 788 eos
1433 733 1794 802 interrogant
1824 732 1896 786 de
1924 730 2007 783 vi-

2140 733 2251 782 :Goa't
2294 731 2416 805 περὶ
2464 735 2572 783 τῶν
2621 730 2862 798 ζώντων.
2922 729 3160 805 Νεκροὺς
3215 727 3272 784 δὲ
3315 727 3482 804 λέγει,
3543 729 3669 799 ἤτοι
3714 731 3785 786 τὰ

358 822 649 877 ventibus.
689 823 945 876 Mortuos
999 827 1194 876 autem
1248 820 1524 892 appellat,
1559 827 1659 876 aut
1687 821 2013 875 inanimata

2140 815 2308 892 ἔψυχα
2334 816 2557 886 εἷ’δωλα,
2593 817 2781 882 λίθους
2807 819 2896 873 καὶ
2949 818 3083 888 ξύλα
3123 819 3212 872 καὶ
3265 817 3473 892 χαλκὸν
3514 818 3605 872 καὶ
3638 838 3784 894 χρυ-

362 911 541 979 idola,
574 916 713 982 puta
746 909 992 980 lapides,
1026 909 1205 981 ligna,
1241 927 1318 964 sas
1351 915 1408 964 et
1437 927 1646 965 aurum
1683 926 1694 964 :
1731 915 1832 964 aut
1861 924 2013 962 mor-

358 1005 493 1054 tuos
517 1005 681 1053 vocat
703 1015 820 1066 eos,
839 999 937 1070 qui
964 1015 1065 1068 per
1087 998 1441 1067 apostasiam
1463 1000 1637 1054 vitam
1659 1014 1851 1053 veram
1875 995 2017 1051 ami-

359 1103 507 1142 sere.
536 1091 649 1140 Aut
678 1088 821 1142 forte
851 1089 1028 1141 etiam
1062 1103 1262 1140 eorum
1297 1087 1396 1157 qui
1427 1087 1778 1154 ventriloqui
1811 1085 2016 1140 dicun-

360 1178 462 1229 tur
491 1191 586 1229 ars
617 1175 813 1230 omnis
842 1181 1111 1230 versatur
1151 1177 1306 1230 circa
1354 1176 1642 1246 sepulcra,
1674 1183 1731 1230 et
1758 1176 1895 1229 inde
1925 1174 2018 1227 in-

364 1267 874 1318 cuntamentorum
906 1281 1151 1319 suorum
1177 1265 1292 1318 vim
1325 1281 1390 1319 ac
1421 1266 1755 1320 facultatem
1789 1269 2024 1320 mutua-

365 1357 482 1406 tur.
520 1353 736 1407 Deinde
778 1353 1079 1423 Scriptura
1129 1353 1570 1408 idololatrarum
1622 1354 2019 1424 insipientiam

369 1455 520 1512 aegre
548 1440 762 1502 ferens,
799 1441 882 1496 ait
915 1457 928 1496 :
975 1441 1124 1510 Quid
1154 1444 1447 1512 exquirant
1477 1445 1545 1496 de
1572 1444 1713 1497 vivis
1739 1441 2024 1498 mortuos?

370 1535 483 1582 Cur
513 1535 577 1583 tu
611 1530 713 1600 qui
762 1531 1060 1585 animatus
1108 1547 1192 1596 es,
1224 1533 1433 1587 adoras
1461 1531 1762 1602 lapidem?
1806 1549 1910 1587 cur
1957 1536 2020 1586 tu

373 1619 474 1688 qui
505 1619 728 1673 ratione
767 1621 1050 1690 praeditus
1098 1637 1181 1686 es,
1217 1621 1464 1675 surdum
1516 1621 1882 1691 interrogas?
1914 1625 2023 1675 Pro

375 1705 494 1762 tilio
525 1708 750 1762 vivente
793 1725 962 1778 opem
1009 1709 1082 1763 ab
1114 1724 1180 1763 eo
1213 1709 1513 1780 imploras,
1546 1709 1647 1780 qui
1678 1710 1854 1764 vitam
1906 1725 2020 1764 non

2125 907 2238 960 σόν·
2291 908 2325 976 ἢ
2378 905 2601 981 νεκροὺς
2653 904 2802 982 λέγει
2848 905 2976 968 τοὺς
3019 909 3118 976 τὴν
3173 909 3316 976 ζωὴν
3367 908 3467 975 τὴν
3513 906 3782 977 ἀληθινὴν

2127 991 2216 1049 διὰ
2244 1001 2342 1063 τῆς
2390 994 2718 1057 ἀποστασίας
2762 991 3236 1065 ἀποϐεϐληκότας.
3271 996 3339 1049 Ἣ
3368 997 3514 1070 τάχα
3561 996 3652 1051 καὶ
3679 1003 3788 1051 πᾶ-

2129 1104 2196 1137 σα
2258 1088 2364 1138 τῶν
2445 1083 2889 1158 ὶγγαστριμύθων
2967 1085 3284 1158 Λεγομὲνων
3344 1086 3379 1153 ἡ
3439 1085 3789 1160 πραγματεία

2128 1171 2252 1246 περὶ
2285 1174 2350 1226 τὰ
2402 1175 2658 1244 μνήματα
2702 1173 3002 1250 στρέφεται,
3053 1173 3300 1227 κάκεῖθεν
3349 1168 3466 1248 ἔχει
3510 1180 3612 1242 τῆς
3645 1195 3788 1248 μαγ-

2128 1260 2338 1334 γανείας
2365 1262 2464 1329 τήν
2499 1259 2745 1334 δύναμιν.
2783 1262 2909 1316 Εἶτα
2959 1259 3373 1337 δυσανασχετῶν
3402 1260 3491 1315 ἐπὶ
3531 1267 3601 1336 τῇ
3634 1262 3790 1334 ἀνοίᾳ

2128 1354 2236 1403 τῶν
2262 1347 2814 1422 εἷ’δωλολατρούντων
2870 1351 2898 1404 6
2948 1348 3114 1426 λόγος
3163 1350 3320 1426 φησί·
3354 1350 3422 1407 Τί
3453 1350 3785 1421 ἐκζητήσου-

2132 1459 2183 1491 σι
2241 1438 2366 1514 περὶ
2421 1443 2530 1493 τῶν
2593 1439 2808 1508 ζώντων
2871 1439 2998 1500 τοὺς
3057 1439 3280 1514 νεκρούς
3314 1458 3328 1507 ;
3360 1439 3425 1496 Τί
3463 1446 3782 1514 προσκυνεῖς

2129 1528 2220 1583 τὸν
2277 1527 2456 1598 λίθον,
2515 1528 2543 1581 6
2575 1524 2826 1602 ἔμψυχος
2854 1547 2867 1597 ;
2901 1528 2954 1582 τί
2983 1527 3189 1602 ἐρωτᾷς
3219 1528 3313 1582 τὸν
3341 1529 3548 1605 κωφὸν,
3581 1531 3609 1583 6
3640 1526 3786 1603 λογι-

2132 1616 2225 1678 κός
2259 1635 2271 1686 ;
2303 1618 2460 1689 Ὑπὲρ
2503 1621 2600 1670 106
2647 1615 2842 1679 παιδὸς
2887 1617 3140 1678 ἱκετεύεις
3171 1621 3268 1670 τοῦ
3315 1621 3515 1685 ζῶντος
3546 1618 3640 1672 τὸν
3671 1620 3786 1689 (91)

2137 1707 2279 1774 ζωὴν
2308 1707 2410 1760 οὐκ
2440 1702 2660 1780 ἔχοντα,
2691 1706 2783 1760 τὸν
2820 1711 2963 1774 ζωῆς
2994 1705 3378 1780 ἐστερημένον,
3408 1705 3500 1760 τὸν
3551 1705 3782 1761 ἄπνουν.

372 1795 570 1863 habet,
604 1796 705 1867 qui
736 1796 851 1851 vita
879 1803 1053 1862 caret,
1084 1799 1186 1869 qui
1219 1815 1322 1853 nec
1353 1801 1640 1870 respirare
1672 1805 1880 1867 potest.
1910 1801 2018 1854 Ta-

2140 1792 2246 1848 Κᾶν
2279 1792 2354 1853 είς
2389 1799 2638 1865 μαντεῖον
2685 1792 2951 1867 ἀπέλθῃς,
3000 1791 3095 1848 κᾶν
3145 1793 3462 1866 καθαρμοὺς
3499 1797 3784 1868 περινοῇς,

374 1883 547 1938 metsi
576 1883 789 1939 adieris
837 1885 1162 1952 oraculum,
1196 1887 1431 1942 tametsi
1467 1889 1756 1959 excogites
1803 1889 2022 1942 lustra-

374 1973 583 2040 tiones,
617 1973 814 2028 abiisti
845 1975 914 2028 ad
951 1979 1235 2045 mortuos,
1267 1977 1364 2046 qui
1396 1977 1480 2031 vel
1521 1977 1634 2048 ipsi
1666 1977 1842 2032 vitam
1877 1977 2021 2032 ami-

377 2077 525 2123 sere,
549 2065 607 2115 et
637 2061 741 2115 tibi
764 2064 838 2116 ob
865 2064 1294 2118 contumaciam
1330 2070 1572 2119 mortem
1611 2071 1750 2120 sunt
1778 2065 2023 2120 illaturi.

448 2150 569 2202 220.
602 2152 798 2218 Legem
825 2150 973 2205 dedit
999 2154 1053 2206 in
1081 2154 1387 2219 auxilium,
1411 2163 1472 2208 ut
1493 2154 1718 2210 dicant:
1740 2156 1858 2210 Non
1883 2156 2028 2208 sicut

378 2239 600 2292 verbum
647 2239 762 2306 hoc,
795 2239 862 2293 de
912 2257 1014 2310 quo
1063 2257 1173 2294 non
1220 2249 1304 2296 est
1355 2259 1586 2297 munera
1635 2242 1764 2297 dare
1818 2245 1886 2297 de
1942 2259 2023 2297 eo.

382 2325 466 2384 Ne
510 2326 763 2382 multum
799 2328 880 2383 sis
911 2329 1198 2385 sollicitus
1228 2331 1298 2385 de
1329 2330 1524 2386 futuro
1558 2349 1570 2386 :
1607 2331 1707 2386 sed
1756 2333 1828 2385 de
1876 2349 2026 2402 prae—

383 2415 650 2470 sentibus
680 2417 751 2470 ad
781 2421 951 2472 tuum
981 2419 1353 2474 commodum
1387 2425 1601 2485 statue,
1631 2424 1687 2475 et
1717 2420 1811 2475 bis
1845 2424 2023 2475 utere.

377 2504 526 2567 Quid
558 2505 716 2558 enim
765 2512 1146 2575 percepturus
1178 2524 1240 2562 es
1280 2507 1659 2562 emolumenti
1707 2525 1776 2564 ex
1824 2509 2028 2564 habita

379 2594 780 2664 praenotione?
839 2594 1044 2665 Utique
1104 2596 1152 2650 si
1202 2595 1337 2665 quid
1397 2598 1660 2652 futurum
1719 2603 1809 2653 est
1864 2598 2025 2659 boni.

378 2682 612 2738 etiamsi
645 2699 758 2738 non
807 2683 1175 2754 prmnoveris;
1208 2684 1432 2740 eveniet
1464 2702 1476 2739 :
1511 2685 1603 2741 sin
1655 2690 1849 2742 autem
1883 2687 2025 2758 quid

379 2771 634 2842 molesti,
667 2771 805 2843 quid
847 2772 952 2826 tibi
1008 2773 1241 2843 prodest
1290 2791 1535 2829 maerore
1583 2791 1648 2830 ac
1697 2775 1936 2830 tristitia
1965 2776 2023 2830 in

377 2865 751 2916 antecessum
783 2862 1033 2916 conﬁci?
1074 2861 1279 2933 Legem
1322 2864 1597 2934 accepisti
1629 2865 1686 2917 in
1719 2864 2021 2920 auxilium.

375 2950 586 3020 Magna
607 2950 845 3020 quidem
877 2949 1062 3005 inerat
1097 2951 1199 3005 tibi
1232 2953 1641 3022 opportunitas
1672 2951 1759 3007 vel
1791 2954 1863 3007 ab
1897 2954 2026 3023 ipsa

375 3041 586 3092 natura
615 3039 685 3092 ad
719 3038 935 3092 bonum
973 3055 984 3093 :
1021 3039 1121 3094 sed
1155 3039 1211 3092 id
1260 3041 1565 3109 perﬁciens
1595 3041 1768 3109 Deus,
1797 3042 1902 3095 tibi
1937 3042 2023 3095 iu-

2129 1882 2266 1956 πρὸς
2297 1881 2520 1957 νεκροὺς
2551 1881 2820 1950 ἀπῆλθες,
2852 1881 2941 1935 καὶ
2993 1881 3186 1944 αὐτοὺς
3231 1883 3332 1950 τὴν
3381 1883 3523 1950 ζωήν
3559 1879 3787 1936 ἀπολω-

2134 1969 2378 2040 λεκότας,
2410 1970 2500 2025 καὶ
2533 1971 2618 2024 σοὶ
2656 1969 2963 2044 μέλλοντας
2992 1968 3081 2026 διὰ
3107 1978 3208 2040 τῆς
3238 1977 3525 2047 παρακοῆς
3576 1971 3676 2040 τὴν
3707 1970 3789 2026 νά-

2131 2078 2334 2133 κρωσιν
2366 2059 2634 2130 ἐμποιεῖν.

2204 2152 2330 2204 220.
2385 2147 2568 2220 Νύμον
2629 2144 2858 2203 δέδωκεν
2919 2151 3028 2221 (92)
3089 2147 3166 2212 είς
3228 2149 3520 2224 βοήθειαν,
3573 2147 3669 2203 ἵνα
3716 2146 3791 2204 εἷ’-

2133 2256 2330 2291 πωσιν·
2365 2236 2486 2312 Οὐχ
2542 2237 2616 2299 ὼς
2673 2238 2734 2291 τὸ
2793 2237 2946 2313 ῥῆμα
2993 2242 3182 2306 τοῦτο,
3240 2237 3365 2310 περὶ
3427 2237 3488 2292 οὗ
3540 2237 3640 2293 οὐκ
3678 2237 3790 2294 ἔστι

2137 2323 2287 2400 δῶρα
2343 2323 2528 2380 δοῦναι
2609 2326 2734 2400 περὶ
2808 2327 2995 2384 αὐτοῦ.
3056 2327 3146 2395 Μὴ
3218 2325 3671 2402 πολυπραγμόνει
3727 2326 3790 2382 16

2141 2413 2367 2487 μὲλλον,
2401 2414 2548 2470 ἀλλὰ
2587 2417 2656 2469 τὰ
2684 2415 2925 2490 παρόντα
2972 2416 3108 2490 πρὸς
3139 2416 3202 2470 τὸ
3235 2417 3518 2490 χρήσιμον
3553 2412 3786 2479 διατίθε-

2137 2523 2218 2559 σο.
2247 2504 2312 2559 Τί
2344 2505 2447 2578 γὰρ
2479 2500 2680 2582 ὄφελος
2729 2503 2790 2558 ἐκ
2833 2508 2932 2558 106
2975 2499 3276 2578 προλαϐεῖν
3317 2525 3376 2560 σε
3401 2507 3503 2574 τὴν
3536 2509 3734 2580 γνῶσιν
3770 2523 3784 2574 ;

2135 2591 2198 2644 Ei
2229 2592 2322 2664 μὲν
2353 2593 2544 2666 ἀγαθὸν
2601 2590 2745 2646 ἕσται
2780 2595 2895 2665 (93)
2941 2592 3004 2646 τὸ
3055 2591 3335 2664 ἐσόμενον,
3381 2591 3522 2663 ἥξει,
3561 2593 3659 2648 κᾶν
3713 2594 3788 2665 μὴ

2133 2684 2406 2755 προγνῷς”
2444 2680 2488 2733 εἰ
2539 2677 2598 2734 δὲ
2651 2678 2917 2754 λυπηρὸν,
2946 2679 2999 2734 τί
3025 2701 3109 2734 σοι
3138 2682 3202 2736 τὸ
3239 2677 3432 2754 κέρδος
3465 2679 3789 2756 προσδαπα-

2133 2775 2320 2832 νᾶσθαι
2345 2773 2414 2843 τῇ
2448 2768 2628 2843 λύπης
2661 2770 2848 2842 Νόμον
2899 2764 3089 2831 ἔλαϐες
3127 2770 3202 2831 είς
3239 2771 3514 2844 βοήθειαν.
3553 2771 3784 2845 Μεγάλη

2139 2858 2234 2930 μὲν
2279 2861 2342 2926 ἦν
2395 2879 2478 2912 σοι
2527 2859 2617 2912 καὶ
2658 2861 2692 2928 ἡ
2736 2857 2795 2913 ἐκ
2847 2858 3058 2936 φύσεως
3108 2858 3486 2933 ἐνυπάρχουσα
3532 2860 3670 2930 πρὸς
3717 2859 3782 2912 τὸ

2131 2945 2297 3001 καλὸν
2332 2944 2734 3017 ἐπιτηδειότης⁶
2777 2944 2923 3002 ἀλλά
2965 2952 3126 3002 τοῦτο
3172 2945 3392 3002 τελειῶν
3429 2948 3458 3000 6
3507 2947 3634 3006 Θεὸς
3682 2946 3774 3000 καὶ

2129 3039 2229 3104 τήν
2259 3035 2318 3090 ἐκ
2342 3041 2438 3090 106
2469 3037 2642 3107 νόμου
2675 3056 2760 3090 σοι
2798 3035 3170 3111 χειραγωγίαν
3221 3035 3548 3110 προσέθηκε.
3580 3031 3777 3088 Βούλει

375 3142 554 3197 super
586 3123 733 3198 legis
765 3143 999 3197 quoque
1023 3128 1315 3182 concesit
1345 3129 1794 3185 adminiculum.
1819 3131 1919 3186 Vis
1952 3131 2022 3185 de

2140 3127 2255 3196 περὶ
2280 3131 2386 3180 τῶν
2440 3123 2760 3198 μελλόντων
2789 3128 3071 3180 πεπεῖσθαι
3107 3145 3120 3194 ;
3154 3123 3302 3181 Ποίει
3331 3124 3399 3178 τὰ
3428 3122 3782 3197 ὃιατεταγμὲ-

375 3191 551 3270 rebus
584 3191 797 3270 fuiuris
826 3191 1020 3270 certus
1063 3217 1234 3271 esse?
1263 3217 1343 3270 Ea
1372 3234 1498 3287 qua;
1547 3218 1673 3290 lege
1715 3221 2022 3289 jubeutur,

2140 3193 2210 3268 να.
2250 3214 2388 3268 κατὰ
2441 3191 2534 3269 τὸν
2593 3215 2787 3286 νόμον,
2818 3213 2908 3267 καὶ
2964 3191 3191 3286 ἀνάμενε
3243 3217 3352 3267 τῶν
3413 3213 3626 3286 ἀγαθῶν
3661 3191 3786 3279 ’τὴν

375 3319 713 3374 exsequere,
747 3306 1154 3376 bonorumque
1201 3306 1629 3375 possessionem
1671 3315 2020 3379 exspectato.

374 3393 597 3448 Honora
625 3400 836 3455 patrem
881 3397 1038 3448 tuum
1066 3397 1117 3448 et
1146 3403 1396 3461 matrem,
1428 3405 1489 3450 ut
1519 3397 1650 3451 bene
1703 3397 1805 3451 tibi
1850 3399 1945 3466 sit,
1979 3404 2029 3452 et

376 3482 487 3535 eris
543 3482 822 3549 longaevus
868 3499 1039 3552 super
1082 3488 1307 3553 terram,
1357 3501 1523 3553 quam
1575 3487 1838 3540 Dominus
1885 3487 2030 3541 Deus

379 3574 508 3625 tuus
537 3569 638 3625 dat
667 3570 770 3625 tibi
788 3571 852 3625 δί’.
887 3570 1266 3640 Concupiscis
1298 3572 1491 3626 bona?
1529 3573 1663 3637 Quae
1695 3577 2032 3646 praescripta

379 3664 519 3714 sunt
551 3660 812 3714 observa.
851 3661 1044 3714 Vatem
1097 3661 1168 3714 de
1217 3667 1319 3715 tua
1367 3661 1618 3716 sanitate
1668 3679 1738 3717 ne
1789 3681 2030 3734 percon-

378 3747 518 3803 teris
552 3764 565 3802 :
601 3749 705 3802 sed
736 3749 968 3803 sustine
1001 3749 1319 3816 medicum,
1353 3749 1451 3820 qui
1485 3752 1556 3805 ad
1597 3752 1908 3807 sanitatem
1941 3770 2030 3808 re-

379 3838 775 3907 cuperandam
810 3838 1069 3892 remedia
1099 3855 1350 3908 quorum
1393 3843 1452 3893 tu
1506 3839 1632 3910 ipse
1664 3841 1940 3897 dominus
1970 3858 2032 3897 es

379 3928 436 3979 et
467 3924 706 3991 arbiter,
760 3925 1117 3996 praescribat.
1155 3926 1371 3998 Ecquid
1422 3927 1645 3983 discere
1693 3931 1910 4000 poteris
1960 3931 2032 3986 ab

382 4013 536 4067 alio?
595 4013 894 4069 Fatidicus
953 4014 1149 4070 nullus
1199 4018 1424 4072 confert
1478 4016 2030 4075 immortalitatem:

383 4102 582 4156 nullus
617 4101 853 4158 deducit
882 4104 952 4158 ad
987 4103 1220 4158 coelum.
1252 4109 1534 4160 Securum
1568 4111 1621 4160 te
1644 4106 1832 4176 judici
1863 4123 2034 4164 nemo

2135 3303 2432 3359 ἀπόλαυσιν
2460 3345 2473 3359 .
2525 3303 2674 3375 Τίμα
2718 3303 2811 3357 τὸν
2873 3303 3081 3375 παι-ἀρα
3130 3323 3226 3356 σου
3271 3300 3361 3356 καὶ
3402 3302 3503 3369 τὴν
3559 3299 3788 3373 μητέρα,

2129 3390 2222 3446 ἵνα
2277 3393 2333 3446 εὗ
2407 3413 2492 3446 σοι
2566 3390 2834 3466 γένηται,
2892 3392 2984 3445 καὶ
3057 3389 3149 3464 ἔσῃ
3231 3389 3642 3465 μακροχρόνιος
3701 3387 3788 3442 ἐπὶ

2134 3488 2234 3550 τῆς
2292 3487 2416 3554 γῆς,
2474 3482 2544 3550 ἧς
2589 3481 2784 3555 Κύριος
2833 3482 2860 3535 ὁ
2901 3479 3031 3541 Θεός
3080 3500 3176 3534 σου
3222 3477 3414 3534 δίδωσί
3469 3499 3576 3552 σοι.
3638 3479 3789 3534 Ἐπι-

2140 3571 2328 3642 θυμεῖς
2355 3573 2462 3623 τῶν
2508 3569 2721 3643 ἀγαθῶν
2759 3567 2951 3638 ;Ποίει
2975 3569 3042 3624 τὰ
3093 3566 3499 3643 διατεταγμένα.
3535 3569 3625 3636 Μὴ
3660 3565 3790 3642 ἐρώ-

2137 3678 2205 3712 τα
2231 3658 2322 3711 τὸν
2361 3657 2548 3730 μάντιν
2579 3657 2703 3733 περὶ
2734 3661 2834 3722 τῆς
2889 3657 3093 3732 ὑγείας,
3128 3655 3253 3711 ἀλλ’
3305 3657 3550 3732 ἀνάσχου
3589 3653 3686 3711 106
3718 3654 3790 3709 ἰα-

2139 3752 2270 3822 τροῦ
2304 3748 2694 3819 ὑποτιθεμένου
2739 3749 2805 3800 τὸ.
2847 3748 2985 3821 πρὸς
3039 3747 3242 3822 ὑγείαν,
3295 3747 3369 3800 ὧν
3419 3745 3585 3808 αὐτὸς
3636 3746 3686 3799 εἶ
3707 3743 3798 3798 κύ-

2145 3857 2280 3912 ριος.
2331 3836 2392 3890 Τί
2441 3837 2567 3910 παρ’
2617 3837 2801 3910 ὲτὲρου
2833 3833 3062 3909 διδάσκῇ
3097 3854 3110 3905 ;
3141 3832 3337 3896 Οὐδεὶς
3373 3834 3564 3907 μάντις
3595 3835 3796 3889 ἀθανα-

2142 3929 2258 3980 σίαν
2309 3924 2614 4002 χαρίζεται·
2651 3922 2829 3988 οὐδεὶς
2884 3922 3066 4000 ἀνάγει
3125 3925 3262 3997 πρὸς
3310 3924 3558 3997 οὐρανόν·
3619 3920 3798 3982 οὐδείς

2145 4037 2203 4070 σε
2229 4021 2310 4088 τῷ
2331 4019 2491 4089 κριτῇ
2525 4014 2576 4069 ἰν
2623 4013 2902 4090 παρρησίᾳ
2947 4013 3269 4088 παρίστησιν
3321 4016 3458 4086 (94),
3491 4011 3617 4067 ἀλλ’
3649 4012 3676 4065 6
3709 4013 3800 4065 νό-

2149 4126 2250 4177 μος
2304 4104 2393 4159 καὶ
2448 4106 2483 4172 ἠ
2541 4102 2736 4158 τούτου
2782 4099 3013 4178 ἀκριϐὴς
3062 4105 3316 4177 τήρησις·
3372 4102 3430 4156 δν
3476 4105 3685 4175 τηρῶν,
3721 4101 3799 4172 μή

383 4191 560 4256 sistit,
595 4191 710 4246 nisi
767 4190 860 4248 lex
907 4197 964 4246 et
1015 4194 1143 4262 ejus
1184 4201 1458 4250 accurata
1512 4196 1837 4251 observatio
1871 4213 1884 4250 :
1921 4214 2026 4268 qus

2144 4192 2598 4268 πολυπραγμόνει
2649 4193 2712 4246 τὸ
2759 4190 2982 4264 μέλλον,
3032 4189 3160 4245 ἀλλ’
3192 4189 3418 4263 ἀνάμενε
3459 4192 3554 4260 τὴν
3589 4186 3804 4244 ἀντίδοη

380 4279 644 4352 impleta,
674 4280 809 4352 plus
842 4297 1008 4352 aequo
1041 4281 1305 4336 futurum
1341 4301 1411 4339 ne
1440 4300 1627 4350 cures,
1661 4285 1762 4340 sed
1795 4291 2034 4356 praesto-

379 4369 500 4423 lare
532 4369 1086 4425 remunerationem.
1122 4373 1316 4439 Legem
1357 4373 1536 4442 igitur
1565 4372 1713 4427 dedit
1762 4374 1821 4428 in
1867 4374 2035 4428 auxi-

2147 4305 2252 4340 σιν.
2306 4282 2494 4354 Νόμον
2555 4279 2645 4335 οὖν
2686 4276 2884 4336 ἔδωκεν
2944 4279 3020 4343 είς
3085 4281 3360 4354 βοήθειαν,
3403 4277 3493 4333 ἵνα
3551 4276 3799 4332 εἴπωσιν·

2147 4373 2271 4448 Οὐχ
2301 4372 2375 4434 ὡς
2426 4373 2486 4425 τὸ
2537 4371 2691 4446 ῥῆμα
2732 4374 2892 4424 τοῦτο
2941 4368 3066 4444 περὶ
3106 4367 3168 4423 06
3220 4369 3318 4423 οὐκ
3355 4362 3465 4424 ἔστι
3495 4365 3644 4444 δῶρα
3676 4365 3804 4422 606-

381 4457 543 4523 tium,
574 4463 637 4512 ut
666 4459 851 4512 dicant
882 4476 903 4514 :
930 4460 1047 4514 Non
1076 4461 1224 4514 sicut
1254 4463 1480 4515 verb-um
1519 4462 1636 4528 hoc,
1673 4464 1746 4517 de
1773 4479 1878 4534 quo
1923 4479 2026 4518 non

2145 4484 2228 4517 ναι
2286 4462 2408 4536 περὶ
2466 4460 2651 4516 αὐτοῦ.
2704 4459 2876 4520 Οὗτος
2931 4455 2988 4512 δὲ
3037 4459 3064 4511 6
3100 4457 3268 4529 νόμος
3319 4457 3419 4512 οὐκ
3450 4455 3590 4511 ἔστιν
3636 4457 3709 4519 ὡς
3737 4456 3800 4510 τὸ

381 4551 461 4601 est
490 4563 724 4602 munera
753 4547 884 4602 dare
913 4547 978 4602 de
1007 4564 1088 4603 eo.
1117 4550 1243 4603 Haec
1274 4555 1470 4605 autem
1501 4549 1593 4606 lex
1623 4567 1739 4606 non
1771 4569 1833 4606 se
1865 4552 2026 4608 habet

2152 4551 2302 4627 ῥῆμα
2329 4554 2491 4605 τοῦτο
2527 4553 2624 4603 τοῦ
2673 4546 3132 4623 ἐγγαστριμύθου.
3169 4546 3242 4600 Οὐ
3293 4547 3395 4622 γὰρ
3427 4547 3562 4621 πρὸς
3591 4545 3800 4613 ἀπάτην

385 4635 540 4690 sicut
571 4635 680 4690 hoc
713 4635 1063 4707 ventriloqui
1097 4638 1359 4692 verbum.
1390 4639 1516 4694 Non
1551 4640 1705 4695 enim
1739 4641 1810 4696 ad
1843 4642 2042 4697 fucum

385 4725 722 4781 faciendum
754 4725 1081 4797 excogitata
1115 4731 1224 4795 est,
1261 4729 1343 4782 uti
1375 4727 1476 4782 illa
1505 4729 1633 4798 ejus
1683 4730 1858 4785 verba
1891 4747 1905 4786 :
1940 4732 2041 4787 sed

382 4813 646 4870 veritatis
678 4820 766 4870 est
797 4815 1097 4886 magistra.
1120 4821 1312 4886 Atque
1345 4815 1426 4871 illi
1451 4817 1687 4886 quidem
1716 4819 2041 4875 vaticinan-

384 4911 482 4960 tur
504 4905 575 4962 0b
607 4907 941 4977 argentum.
967 4902 1083 4959 Hoc
1106 4905 1257 4961 545
1294 4921 1551 4976 namque
1582 4906 1898 4962 ridiculum
1929 4913 2039 4977 est,

2154 4639 2494 4709 ’imvevéntat
2545 4636 2726 4712 ὥσπερ
2776 4636 2974 4702 ἐκεῖνα,
3026 4635 3171 4691 ἀλλᾶ
3220 4633 3480 4705 ἀληθείας
3516 4635 3624 4690 ἐστὶ
3660 4630 3802 4688 διδά-

2155 4727 2378 4791 σκαλος.
2408 4727 2661 4784 Κάκεῖνοι
2695 4727 2788 4798 μὶν
2841 4723 2923 4779 ἐπ’
2967 4724 3212 4800 ἀργυρίῳ
3251 4724 3630 4797 μαντεύονται.
3662 4725 3805 4780 T06-

2151 4839 2212 4873 10
2263 4817 2365 4893 γάρ
2403 4815 2512 4872 ἐστι
2559 4815 2622 4868 τὸ
2671 4811 3094 4886 καταγέλαστον,
3147 4814 3229 4866 δτι
3273 4811 3363 4866 καὶ
3413 4811 3668 4888 ἀργύριον
3711 4810 3807 4864 αὐ-

2148 4912 2266 4970 τοῖς
2293 4905 2512 4962 τελοῦσι
2547 4902 2735 4977 μισθὸν
2756 4905 2854 4956 τοῦ
2885 4899 3116 4976 ψεύδους
3142 4903 3194 4956 οἱ
3225 4901 3596 4975 ἀπατώμενοι.
3623 4901 3806 4957 T0610

384 4995 538 5065 quod
563 4993 664 5065 qui
684 4992 1071 5064 dicipiuntur,
1091 4993 1402 5064 pecuniam
1423 4995 1598 5050 etiam
1621 5011 1727 5067 pro
1751 4997 2026 5054 mendaci:

2152 4995 2210 5053 δὲ
2237 4997 2300 5052 τὸ
2328 4995 2500 5073 ῥῆμα,
2531 4991 2800 5064 τουτέστι,
2829 4995 2928 5047 106
2977 4990 3174 5066 νόμου,
3229 4990 3330 5048 οὐκ
3375 4987 3485 5046 ἔστι
3534 4992 3807 5064 τοιοῦτον,

450 5170 496 5206 ⁸⁸
525 5170 704 5228 Exod.
733 5188 827 5242 xx,
857 5173 946 5229 12.

382 5351 790 5428 Cpmbeﬁsius.
827 5353 1227 5428 Librariorum
1261 5357 1457 5428 autem
1498 5372 1572 5411 an
1614 5356 1802 5428 ipsius
1834 5362 2033 5414 aucto-

385 5424 467 5480 ris
499 5425 712 5481 menda
741 5424 864 5479 haec
895 5425 1033 5494 sint,
1064 5425 1161 5481 alii
1185 5426 1558 5496 judicabunt.

457 5497 570 5568 (91)
601 5496 772 5567 Editi,
794 5496 916 5564 τήν.
940 5499 1011 5550 At
1034 5495 1337 5573 m_ss.,_16v,
1363 5500 1528 5556 bene.
1552 5498 1869 5573 Aliquanto
1900 5503 2034 5573 post

389 5584 793 5646 mammas,
819 5568 1151 5646 E‘aoal’t‘lt’69-
1188 5570 1361 5646 Ecliti.
1392 5568 1781 5646 καθαρισμῆἐςο

459 5641 572 5714 (92)
602 5638 842 5712 Antiqui
871 5638 974 5699 sei
1001 5638 1158 5709 libri,
1189 5638 1441 5702 δέδωκεν.
1480 5638 1656 5716 Editi,
1686 5641 1908 5701 ἔδωκεν.

2213 5357 2329 5431 (93)
2359 5357 2596 5444 Veteres
2642 5352 3075 5444 sliquotﬁllibri,
3123 5350 3258 5444 ἐστι.
3308 5353 3468 5444 Mox“
3490 5349 3806 5444 regiii‘ergil-

2145 5421 2323 5501 mus,
2372 5430 2581 5514 tertius
2638 5431 2694 5485 et
2739 5421 3022 5514 quartus,
3059 5421 3273 5514 ’κέρδος
3331 5421 3802 5514 προδαπανᾶσθαι,

2141 5495 2315 5558 recte:
2349 5503 2463 5558 Alii
2497 5517 2642 5556 mss.
2675 5495 2808 5555 cum
2850 5498 3046 5568 editis,
3078 5495 3581 5574 πρὀσδαπανᾶσθαι.

2212 5576 2324 5647 (94)
2356 5575 2436 5633 Ila
2468 5590 2611 5630 mss.
2647 5569 2853 5628 nostri.
2886 5569 3061 5642 Editi,
3093 5572 3450 5648 παραστήσει.
