4138 6366
381 317 493 376 501

1182 316 1590 382 COMMENT.
1634 317 1713 380 IN
1757 315 2037 381 ISAIAM
2083 317 2588 382 PROPHETAM.
2628 318 2795 384 CAP.
2845 323 3005 384 VIII.

3681 327 3796 388 502

383 447 523 501 ὥστε
555 443 708 523 δῶρα
739 445 922 503 δοῦναι
954 448 1074 524 περὶ
1107 448 1294 505 116106.
1332 447 1526 511 Οὐδεὶς
1561 448 1664 524 γὰρ
1713 448 1813 517 τήν
1873 446 2034 523 χάριν

2149 452 2413 507 mercede
2443 451 2526 508 eis
2561 452 2802 509 solvant.
2829 453 2947 509 Hoc
2981 459 3178 511 autem
3211 455 3477 522 verbum,
3507 455 3653 530 legis
3684 456 3794 512 sci-

381 541 479 592 106
530 537 667 592 Θεοῦ
713 535 1058 594 ἀποδίδοται.
1112 538 1346 615 Δωρεὰν,
1399 539 1584 617 φησὶν,
1636 532 1878 607 ἐλάϐετε,
1925 533 2034 590 δω-

389 629 512 704 ρεὰν
577 626 719 684 δότε.
780 630 942 705 Ὁρᾷς
995 633 1113 691 πῶς
1171 628 1507 706 ἠγανάκτησε
1564 630 1764 705 Ηέτρος
1815 627 1900 682 ἐπὶ
1957 631 2036 698 τῷ

389 717 624 791 Σίμωνι,
659 717 912 795 ἀργύριον
965 719 1096 793 ὑπὲρ
1143 725 1243 788 τῆς
1295 723 1396 774 106
1443 717 1758 791 Ηνεύματος
1809 717 2034 792 χάριτος

381 807 851 881 προσκομίσαντις
907 809 976 863 Τὸ
1039 809 1139 884 γὰρ
1215 808 1474 884 ἀργύριόν
1553 829 1670 880 σου,
1730 807 1884 885 φησὶ,
1941 805 2032 860 σὺν

385 895 468 951 σοί
529 895 614 967 εἷή
677 897 754 959 εἱς
813 895 1110 967 ἀπώλειαν,
1166 896 1250 952 ὅτι
1324 896 1579 970 ἐνόμισας
1653 898 1752 966 τὴν
1831 893 2036 970 δωρεὰν

381 989 480 1041 106
532 989 665 1040 Θεοῦ
728 982 818 1039 διὰ
867 987 1171 1061 χρημάτων
1230 986 1475 1050 κτᾶσθαι.
1505 986 1621 1043 Οὐκ
1662 981 1802 1040 ἔστιν
1863 983 1953 1038 οὖν
2007 986 2034 1038 ὁ

383 1081 481 1131 106
514 1074 849 1153 Εὖαγγελίου
883 1075 1052 1153 λόγος
1083 1077 1155 1140 ὡς
1185 1079 1251 1132 τὰ
1278 1076 1612 1152 πωλούμενα
1644 1077 1862 1154 ῥήματα
1890 1075 2036 1149 παρὰ

384 1173 490 1222 τῶν
534 1168 1004 1244 ἐγγαστριμύθων.
1049 1171 1116 1227 Τί
1165 1173 1268 1246 γὰρ
1319 1172 1378 1225 ἄν
1427 1191 1508 1232 τις
1561 1167 1682 1240 δοίη
1729 1172 1840 1243 (95)
1887 1166 2031 1238 ἄξιον

383 1255 554 1311 αὐτῶν
607 1257 1010 1333 ἀντάλλαγμα;
1063 1266 1262 1316 ’Ἄκουε
1304 1264 1401 1314 106
1457 1254 1624 1314 Δαϐὶδ
1673 1260 2030 1334 ἀποροῦντος,

379 1345 465 1399 καὶ
514 1344 795 1422 λὲγοντος·
829 1348 888 1402 Τί
933 1347 1303 1404 ἀνταποδώσω
1359 1354 1440 1422 τῷ
1485 1348 1664 1423 Κυρίῳ
1714 1348 1837 1422 περὶ
1894 1347 2034 1400 πάν-

379 1455 487 1490 των
522 1433 597 1491 ὧν
649 1435 996 1494 ἀνταπᾶδωκέ
1032 1460 1124 1512 μοι
1153 1459 1165 1509 ;
1199 1439 1314 1497 Οὐκ
1371 1437 1509 1494 ἔστιν
1565 1437 1655 1493 οὖν
1709 1435 1856 1512 δῶρα
1905 1435 2034 1490 δοῦ-

381 1544 468 1578 ναι
511 1526 638 1602 περὶ
685 1526 882 1581 τούτου
918 1527 1137 1601 ἀντάξια
1164 1536 1262 1598 τῆς
1321 1529 1407 1582 ἀπ’
1438 1528 1601 1583 016106
1659 1527 1906 1602 χάριτος.
1940 1527 2035 1579 Ἕν

384 1610 562 1689 δῶρον
595 1610 764 1685 ἄξιον,
797 1618 831 1686 ἡ
865 1615 1082 1693 φυλακὴ
1113 1621 1209 1672 106
1261 1615 1599 1694 δωρηθέντος
1788 1617 1849 1673 Ὁ
1907 1611 2034 1676 δούς

384 1722 470 1756 σοι
499 1703 591 1757 τὸν
625 1705 898 1781 θησαυρὸν
943 1707 1076 1782 οὐχὶ
1127 1708 1295 1781 τιμὴν
1350 1708 1570 1762 ἀπαιτεῖ
1605 1710 1702 1761 106
1759 1701 2033 1776 δοθέντος,

380 1788 527 1846 ἀλλά
559 1790 812 1870 φυλακὴν
842 1795 988 1869 ἀξίαν
1019 1800 1116 1850 106
1147 1793 1460 1870 δεδομένου.

447 2062 572 2118 221.
623 2060 728 2119 Καὶ
785 2061 900 2133 ἥξει
960 2063 1037 2141 ἐφ’
1103 2065 1244 2137 ὑμᾶς
1328 2062 1543 2140 σκληρὰ
1599 2061 1786 2137 λιμός,
1848 2057 2028 2136 φησί’

379 2149 468 2204 καὶ
536 2144 720 2222 ἔσται,
772 2152 846 2214 ὡς
934 2150 993 2207 ἂν
1082 2153 1369 2225 πεινάσητε
1401 2195 1416 2222 ,
1471 2152 1889 2224 λυπηθήσεσθε,
1943 2148 2033 2203 καὶ

383 2243 564 2304 κακῶς
614 2239 786 2316 ἐρεῖτε
839 2241 932 2296 τὸν
989 2239 1230 2319 ἄρχοντα
1280 2243 1371 2298 καὶ
1427 2244 1494 2299 10‘1
1534 2244 1755 2318 πάτρια.
1787 2243 1850 2298 Ὁ
1907 2238 2038 2294 πάν·

383 2349 450 2383 τα
479 2329 614 2403 πρὸς
648 2330 918 2405 σωτηρίαν
952 2330 1258 2406 οἷ’κονομῶν
1287 2332 1482 2409 Κύριος
1540 2331 1730 2407 ἐπάγει
1767 2330 1901 2386 ποτὶ
1946 2326 2036 2383 καὶ

390 2416 559 2492 λιμὸν
613 2418 702 2474 ἐπὶ
753 2421 1082 2496 συμφέροντι
1129 2427 1237 2476 τῶν
1284 2419 1839 2498 παιδαγωγουμένων.
1882 2417 2038 2475 Ἐκά-

387 2528 540 2562 κωσα
569 2509 671 2583 γάρ
705 2529 782 2580 σε,
817 2510 972 2586 φησὶ,
997 2510 1087 2565 καὶ
1116 2509 1561 2586 ἐλιμαγχόνησα,
1588 2509 1682 2566 ’ίνα
1733 2511 1788 2564 εὗ
1842 2530 1899 2564 σε
1930 2509 2040 2580 (97)

389 2598 631 2666 ποιήσω.
667 2595 922 2672 Σκληρὰν
953 2599 1134 2654 τοίνυν
1167 2598 1334 2672 λιμὸν
1363 2599 1513 2675 λέγει
1541 2601 1640 2670 τήν
1677 2598 2039 2672 ἀπαραμύθη-

389 2687 622 2754 τον,τὴν
654 2687 1008 2754 ἀνεπινόητον
1042 2688 1311 2764 (98).Είσὶ
1340 2693 1438 2765 γὰρ
1473 2688 1653 2764 λιμῶν
1689 2687 2041 2766 διαφοραί.Αἰ

395 2773 488 2848 μιν
523 2774 624 2829 εἷ’σι
664 2775 801 2831 κατὰ
839 2774 1111 2851 ἐπίλειψιν
1141 2778 1290 2834 σίτου
1336 2779 1499 2852 μόνον
1545 2779 1848 2854 γινόμεναι·
1881 2778 1935 2832 α⁶ι
1986 2773 2043 2831 δὲ

388 2863 477 2919 καὶ
509 2865 645 2920 κατά
675 2865 775 2935 τήν
802 2871 910 2922 τῶν
945 2865 1154 2923 λοιπῶν
1187 2868 1415 2945 ἀπορίαν
1442 2873 1550 2924 τῶν
1578 2868 1845 2933 ἐσθίεσθαι
1878 2865 2042 2922 δυνα-

391 2954 582 3025 μένων.
615 2953 764 3024 Αὕτη
797 2956 902 3031 γάρ
1087 2956 1226 3012 ἐστιν
1261 2961 1296 3028 ἡ
1349 2955 1565 3034 σκληρά
1607 2956 1792 3031 λιμὸς,
1835 2959 1897 3025 ἣν
1943 2955 2042 3011 ἐπ·

389 3042 537 3115 άγιιν
571 3043 599 3096 ὁ
633 3042 796 3118 λόγος
829 3043 1245 3121 ἐπαγγέλλεται,
1278 3047 1416 3101 ὥστε
1450 3045 1539 3101 διὰ
1575 3054 1674 3116 τῆς
1706 3043 1911 3107 ἐνδείας
1942 3043 2038 3098 λύ-

386 3149 493 3199 πην
575 3129 915 3202 ἐμποιῆσαι,
984 3134 1255 3208 σωτηρίαν
1329 3133 1744 3208 ἀμεταμέλητον
1822 3132 2040 3208 ἐνεργά-

393 3193 964 3292 σασθαι-δυναμένην.
1013 3193 1175 3278 ’Ὁτάν
1233 3220 1291 3277 δὲ
1349 3193 1648 3292 λυπηὸῶσιυ
1691 3221 1828 3276 κατᾶ
1885 3193 2038 3294 όιθν,
2070 3193 2113 3260 C

385 3305 507 3361 τότε
566 3312 746 3370 κακῶς
803 3307 986 3383 ἐροῦσι
1033 3310 1125 3365 τὸν
1187 3313 1428 3387 ἄρχοντα
1480 3311 1568 3366 καὶ
1607 3311 1674 3366 τὰ
1701 3313 1921 3386 πάτρια.
1953 3310 2041 3373 Τίς

387 3393 526 3448 ἐστιν
561 3397 588 3450 ὁ
620 3396 831 3470 ἄρχων,
865 3398 894 3450 ὁ
924 3399 1069 3472 παρᾶ
1097 3404 1204 3453 τῶν
1245 3398 1433 3462 καλῶς
1473 3399 1828 3472 λυπουμένων
1876 3421 2042 3470 κακη-

382 3482 718 3558 γορούμενος
743 3502 757 3553 ;
786 3486 856 3538 Ἦ
886 3483 1144 3556 δηλονότι
1179 3489 1206 3542 ὁ
1238 3485 1424 3564 ἄρχων
1454 3487 1550 3543 106
1579 3490 1790 3562 κόσμου
1820 3487 2036 3561 τούτου,

383 3571 442 3626 ὃν
501 3575 683 3635 κακῶς
743 3571 959 3649 ἐροῦσιν
1021 3573 1080 3630 ἐκ
1140 3580 1213 3649 (1)
1265 3578 1573 3651 μετανοίας,
1607 3579 1729 3634 ὅταν
1782 3578 1855 3639 εἷς
1915 3600 2036 3632 συν-

385 3659 630 3728 αίσθησιν
689 3669 789 3732 τῆς
840 3664 933 3718 ἀπ’
990 3664 1154 3720 016106
1215 3661 1429 3742 βλάϐης
1499 3665 1721 3732 ἔλθωσι.
1783 3670 2037 3742 Κακηγο-

385 3755 541 3826 ροῦσι
573 3747 632 3805 δὶ
660 3751 750 3806 καὶ
781 3753 850 3807 τὰ
879 3754 1099 3827 πάτρια.
1136 3756 1342 3830 Πάτρια
1391 3753 1448 3811 δὲ
1493 3761 1598 3811 τῶν
1650 3755 1702 3810 ἐν
1750 3756 2040 3833 ἁμαρτίαις

387 3840 602 3908 ζώντων
662 3841 717 3894 αἱ
773 3846 870 3896 106
933 3841 1055 3918 βίου
1104 3850 1490 3921 πραγματεῖαι,
1524 3848 1612 3908 αἶς
1653 3847 1705 3900 οἱ
1754 3843 2036 3923 φιλόδοξοι

380 3929 576 3992 πάντες
625 3928 1014 4004 ἐμπλέκονται.
1067 3934 1277 4010 ΙΙάτριά
1326 3932 1434 3988 ἐστι
1478 3939 1558 4008 τῷ
1603 3934 1918 4009 ἁμαρτωλῷ
1970 3937 2038 3990 τὰ

380 4013 508 4094 ἔργα
554 4025 656 4088 τῆς
706 4021 926 4095 σαρκὸς,
975 4022 1218 4098 μοιχεία,
1252 4022 1494 4097 πορνεία,
1530 4023 1843 4097 ἀκαθαρσίᾳ,
1872 4022 2036 4078 ἀσέλ-

384 4127 526 4183 γεια,
581 4105 1030 4186 εἷδωλολατρεία,
1076 4111 1268 4181 πάθος,
1312 4111 1576 4186 ἐπιθυμία
1626 4115 1786 4183 κακή.
1834 4112 2038 4185 ίΙάτριά

384 4193 495 4252 ἐστι
531 4191 695 4258 δόλος
719 4198 810 4252 καὶ
840 4197 1059 4273 ψεῦδος,
1088 4196 1378 4256 ἐπιϐουλαὶ
1410 4201 1499 4256 καὶ
1549 4199 1910 4278 ῥᾳδιουργίαι,
1941 4203 2031 4257 καὶ

385 4285 720 4359 ὑποκρίσεις.
753 4288 810 4342 '0
838 4288 1018 4345 τοίνυν
1077 4289 1380 4365 ἀνανήψας,
1413 4293 1528 4346 οἷον
1578 4290 1682 4346 ἀπό
1729 4311 1875 4353 τινος
1935 4292 2035 4364 μὲ-

382 4375 502 4446 θης,
545 4379 654 4430 τῶν
707 4380 805 4431 τοῦ
857 4377 1069 4451 κόσμου
1122 4379 1485 4456 πραγμάτων,
1544 4385 1725 4445 κακῶς
1773 4381 1868 4454 μὲν
1925 4379 2037 4454 ἐρεῖ

379 4463 471 4517 τὸν
501 4461 745 4540 ἄρχοντα
776 4465 942 4522 016106
968 4470 1070 4542 (2),
1107 4469 1199 4524 τὸν
1229 4470 1680 4546 καθηγησάμενον
1720 4469 1866 4542 αὐτῷ
1897 4472 2032 4546 πρὸς

2063 1825 2111 1890 Β

2090 1877 2110 1916 -'
2141 1877 2263 1932 dati
2295 1879 2548 1950 pretium
2588 1879 2747 1936 haud
2794 1879 2990 1952 exigit,
3022 1881 3126 1936 sed
3174 1880 3502 1938 custodiam
3550 1896 3613 1936 re
3659 1880 3798 1935 data

2145 537 2300 606 licet,
2337 540 2451 596 tale
2493 559 2606 596 non
2639 548 2751 613 est,
2787 547 2850 598 ut
2888 560 3134 600 munera
3166 546 3379 600 dentur
3398 563 3499 616 pro
3529 563 3614 602 eo.
3646 547 3794 602 Nam

2147 628 2248 700 qui
2288 629 2390 685 Dei
2434 632 2682 702 gratiam
2733 634 2967 702 vendat,
2999 650 3170 689 nemo
3214 640 3322 692 est.
3358 634 3533 690 Gratis
3578 638 3794 707 accepi-

2144 718 2262 785 stis,
2313 718 2530 790 inquit,
2578 724 2750 790 gratis
2779 720 2902 777 date
2928 722 2990 777 9°.
3023 721 3200 778 Vides
3248 725 3539 794 quomodo
3587 723 3794 779 Petrus

2145 808 2365 862 Simoni
2398 825 2501 879 pro
2533 811 2924 879 comparando
2975 810 3230 882 Spiritus
3270 812 3455 868 sancti
3487 813 3638 868 dono
3692 828 3792 884 pe-

2145 897 2381 952 cuniam
2414 898 2679 952 offerenti
2722 901 3163 956 succensuerit?
3191 901 3437 956 Pecunia
3483 903 3640 958 enim
3673 906 3789 970 tua,

2145 985 2358 1056 inquit,
2392 991 2568 1042 tecum
2597 987 2668 1042 sit
2697 989 2753 1042 in
2798 991 3184 1059 perditionem,
3215 993 3480 1061 quoniam
3507 991 3792 1046 existima-

2143 1076 2218 1130 sti
2245 1077 2449 1131 donum
2495 1078 2596 1133 Dei
2641 1079 2894 1149 pecuniis
2927 1081 3123 1148 parari
3144 1079 3208 1134 ’1.
3242 1080 3445 1152 Itaque
3494 1079 3791 1152 Evangelii

2145 1180 2338 1221 sermo
2371 1183 2484 1221 non
2517 1170 2605 1222 est
2648 1166 2802 1222 sicut
2849 1167 3024 1222 verba
3054 1185 3087 1223 a
3118 1169 3506 1240 ventriloquis
3537 1169 3789 1224 vendita.

2145 1255 2328 1320 Quam
2363 1257 2519 1310 enim
2551 1255 2740 1327 possit
2762 1257 2894 1327 quis
2917 1258 3232 1328 rependere
3259 1258 3791 1314 remunerationem

2144 1344 2444 1416 Evangelii
2504 1345 2691 1401 verbis
2747 1346 3027 1417 dignam?
3086 1346 3354 1402 Davidem
3413 1347 3547 1402 audi
3607 1346 3792 1402 animi

2144 1434 2516 1504 pendentem,
2549 1451 2614 1490 ac
2645 1434 2935 1490 dicentem
2971 1451 2984 1491 :
3019 1435 3168 1508 Quid
3216 1437 3518 1491 retribuam
3568 1436 3793 1490 Domino

2141 1538 2241 1594 pro
2299 1523 2555 1578 omnibus
2611 1540 2729 1595 qua
2780 1523 3041 1579 retribuit
3101 1524 3277 1579 mihi?
3316 1525 3437 1580 Non
3477 1527 3560 1580 est
3614 1523 3794 1596 igitur

2143 1627 2382 1668 munera
2420 1615 2558 1668 dare
2593 1613 2663 1668 de
2712 1629 2792 1679 eo,
2825 1629 2954 1684 qua
3003 1613 3133 1682 ejus
3176 1615 3328 1668 dono
3379 1614 3603 1684 possint
3652 1629 3795 1667 con-

2146 1699 2302 1754 ferri.
2337 1700 2527 1756 Unum
2568 1718 2788 1757 munus
2819 1702 3064 1772 dignum
3115 1702 3312 1772 fuerit,
3342 1702 3391 1757 si
3421 1702 3480 1757 id
3511 1703 3667 1773 quod
3697 1702 3797 1757 dat

2146 1789 2534 1846 custodiatur.
2568 1789 2677 1854 Qui
2725 1790 2830 1846 tibi
2879 1790 3036 1846 hunc
3085 1791 3431 1847 thesaurum
3480 1790 3793 1860 concessit,

2143 1966 2408 2039 dignam.

2213 2058 2340 2112 221.
2373 2058 2439 2112 Et
2478 2048 2686 2128 veniet,
2735 2058 2950 2130 inquit,
2983 2075 3150 2131 super
3193 2074 3285 2116 vos
3332 2057 3457 2115 dira
3502 2059 3678 2132 fames
3701 2077 3721 2125 ;
3750 2064 3804 2112 et

2145 2148 2270 2218 erit,
2322 2155 2383 2203 ut
2426 2148 2756 2214 esurieritis,
2810 2149 3307 2220 conirisiabimini,
3356 2157 3406 2204 et
3451 2146 3801 2203 maledicetis

2140 2240 2395 2311 principi
2422 2244 2473 2295 et
2516 2241 2726 2311 patriis
2771 2240 3000 2311 legibus.
3035 2239 3144 2306 Qui
3175 2240 3374 2296 omnia
3424 2239 3496 2295 ad
3546 2238 3800 2294 salutem

2148 2328 2380 2384 ordinat
2426 2330 2734 2395 Dominus,
2766 2346 3192 2401 nonnunquam
3236 2331 3452 2385 famem
3500 2329 3678 2384 etiam
3728 2329 3799 2383 ad

2151 2416 2465 2473 utilitatem
2518 2435 2721 2474 eorum
2771 2420 2869 2490 qui
2903 2420 3269 2492 castigantur
3323 2418 3570 2474 inducit.
3605 2416 3800 2472 Afﬂixi

2150 2507 2307 2562 enim
2340 2511 2416 2574 te,
2450 2508 2641 2580 inquit
2663 2509 2728 2576 ’3,
2763 2512 2820 2564 et
2860 2509 3014 2564 fame
3042 2508 3264 2575 vexavi,
3295 2513 3361 2563 ut
3397 2509 3546 2564 bene
3575 2507 3679 2562 tibi
3713 2507 3803 2562 fa-

2151 2612 2363 2652 cerem.
2387 2597 2528 2652 Eam
2560 2597 2740 2669 igitur
2769 2599 2985 2652 famem
3017 2597 3160 2652 dicit
3190 2596 3399 2667 diram,
3431 2612 3558 2667 qua
3590 2612 3697 2651 nec
3724 2594 3801 2650 le-

2150 2685 2297 2757 vari,
2330 2703 2436 2742 nec
2465 2686 2694 2758 concipi
2737 2691 2946 2758 potest.
2981 2690 3129 2742 Sunt
3158 2685 3314 2742 enim
3352 2686 3595 2742 diversa
3628 2684 3802 2740 famis

2153 2775 2552 2848 species.A1ia
2569 2775 2808 2850 quidem
2827 2775 3177 2847 contingunt
3207 2778 3330 2831 sola
3359 2775 3641 2831 frumenti
3675 2774 3801 2830 ino-

2151 2866 2274 2938 pia:
2293 2865 2418 2922 alia
2431 2883 2562 2921 vero
2575 2867 2926 2921 oriunturex
2939 2864 3185 2936 penuria
3201 2864 3561 2936 reliquarum
3582 2880 3802 2931 rerum,

2152 2972 2279 3026 qua
2297 2953 2389 3009 edi
2410 2959 2678 3025 possunt.
2701 2955 2830 3009 Hac
2851 2959 3047 3008 autem
3078 2952 3260 3008 fames
3285 2969 3462 3024 quam
3493 2953 3802 3007 inductum

2150 3043 2220 3098 iri
2239 3044 2507 3098 enuntiat
2521 3043 2842 3114 Scriptura,
2858 3043 2984 3096 dira
3002 3046 3119 3110 est;
3139 3042 3223 3097 sic
3241 3047 3304 3096 ut
3321 3058 3423 3112 per
3443 3040 3804 3096 inediam’in-

2153 3133 2372 3188 feratur
2391 3131 2728 3202 mceror,qui
2752 3130 3002 3186 salutem
3026 3130 3182 3186 haud
3207 3131 3603 3203 paenitendum
3627 3133 3804 3201 queat

2149 3222 2396 3292 operari.
2433 3221 2546 3276 Sed
2575 3236 2711 3275 cum
2742 3236 2810 3275 ea
2840 3236 2967 3291 qua
3000 3221 3327 3275 secundum
3357 3219 3543 3274 Deum
3575 3226 3665 3274 est
3692 3219 3802 3274 tri-

2151 3310 2313 3365 stitia
2332 3310 2378 3344 “
2409 3310 2627 3365 fuerint
2656 3309 2867 3377 affecti,
2898 3314 3038 3364 tunc
3083 3307 3432 3364 maledicent
3463 3308 3714 3380 principi
3745 3313 3803 3364 et

2149 3399 2354 3471 patriis
2386 3398 2692 3455 institutis.
2729 3399 2870 3463 Quis
2919 3399 3026 3453 iste
3069 3403 3158 3454 est
3204 3399 3499 3471 princeps,
3533 3398 3592 3452 in
3624 3415 3800 3469 quem

2152 3488 2460 3543 maledicta
2488 3491 2814 3559 congerunt
2833 3486 2932 3558 qui
2966 3487 3112 3542 bene
3144 3486 3606 3542 contristantur?
3641 3488 3800 3543 Prin-

2149 3593 2285 3648 ceps
2323 3578 2528 3648 utique
2564 3575 2770 3630 mundi
2802 3575 2980 3646 hujus
3002 3577 3065 3646 95,
3090 3577 3182 3631 cui
3215 3580 3352 3632 sunt
3381 3593 3484 3648 per
3513 3577 3796 3648 poeniten-

2148 3663 2289 3721 tiam
2325 3665 2694 3720 maledicturi
2721 3669 2869 3732 tum,
2895 3682 3029 3720 cum
3063 3664 3213 3720 illati
3244 3666 3316 3720 ab
3337 3683 3403 3721 eo
3427 3666 3627 3721 damni
3658 3666 3802 3720 ﬁent

2149 3755 2390 3810 conscii.
2408 3754 2554 3820 Quin
2577 3761 2630 3810 et
2652 3753 2858 3826 patriis
2884 3754 3172 3810 institutis
3203 3754 3582 3810 maledicunt.
3606 3755 3800 3810 Patria

2149 3849 2344 3900 autem
2372 3844 2646 3900 instituta
2674 3860 2899 3915 eorum,
2923 3843 3023 3916 qui
3055 3844 3112 3898 in
3146 3845 3398 3917 peccatis
3418 3844 3639 3915 vivunt,
3659 3849 3800 3900 sunt

2145 3934 2274 3989 vita
2307 3933 2560 4006 negotia,
2585 3933 2802 4004 quibus
2832 3932 3029 4004 gloria
3051 3939 3344 3990 amatores
3368 3950 3573 3991 omnes
3602 3933 3799 4006 impli-

2147 4027 2376 4080 cantur.
2401 4023 2588 4095 Opera
2609 4022 2800 4078 carnis
2818 4029 2959 4078 sunt
2978 4025 3268 4094 peccatori
3289 4024 3480 4095 patria
3503 4024 3797 4094 instituta,

2147 4116 2289 4184 puta
2329 4111 2707 4181 adulterium,
2741 4111 3070 4182 fornicatio,
3110 4112 3506 4186 immunditia,
3541 4113 3798 4181 lascivia,

2145 4201 2599 4258 simulacrorum
2621 4200 3151 4271 cultus,mollities,
3169 4201 3642 4273 concupiscentia
3674 4219 3798 4257 ma-

2145 4290 2221 4346 la.
2247 4289 2438 4351 Patria
2457 4289 2732 4346 instituta
2753 4295 2892 4345 sunt
2911 4289 3099 4357 dolus,
3128 4290 3522 4358 mendacium,
3545 4291 3795 4358 insidia,

2146 4379 2396 4450 astutia,
2429 4379 2773 4451 hypocrisis.
2809 4379 3010 4451 Itaque
3041 4379 3140 4451 qui
3181 4396 3243 4435 se
3282 4395 3351 4434 ex
3381 4380 3584 4434 mundi
3620 4379 3800 4451 hujus

2147 4468 2397 4541 negotiis
2425 4473 2706 4539 tanquam
2741 4484 2810 4524 ex
2851 4469 3103 4540 quadam
3137 4466 3417 4525 ebrietate
3465 4469 3534 4524 ad
3585 4470 3799 4525 bonam

377 4553 446 4607 τά
490 4560 590 4624 τῆς
647 4553 926 4618 ἀπωλείας
983 4551 1131 4634 ἔργα.
1165 4560 1362 4620 Κακῶς
1420 4556 1477 4612 δὶ
1525 4557 1636 4635 ἐρεῖ
1680 4559 1770 4614 καὶ
1817 4560 1886 4614 τὰ
1931 4561 2034 4614 πά-

2149 4559 2373 4631 frugem
2400 4558 2638 4629 recepit,
2659 4557 2864 4612 mundi
2886 4557 3136 4630 principi
3159 4559 3259 4630 qui
3283 4558 3392 4614 sibi
3416 4559 3487 4614 ad
3517 4560 3804 4632 patranda

376 4663 523 4718 τρια,
559 4643 641 4706 οἷς
676 4649 872 4718 συζῶν,
901 4646 992 4700 τὸν
1037 4643 1331 4721 δεδομένον
1363 4649 1499 4721 ἡμῖν
1553 4647 1701 4725 παρὰ
1754 4653 1852 4704 106
1905 4652 2038 4704 Θεοῦ

377 4731 547 4806 νόμον
577 4732 655 4795 είς
693 4734 948 4810 βοήθειαν
978 4736 1082 4791 οὐκ
1112 4733 1352 4814 ἐδέχετο.
1387 4738 1462 4792 Οὐ
1504 4734 1724 4792 δύνασαι
1785 4737 1888 4793 ὑπὸ
1945 4738 2035 4794 τὸν

2149 4647 2498 4722 perditionis
2519 4663 2694 4720 opera
2714 4648 3045 4720 prafuerat,
3072 4647 3387 4704 maledicit.
3405 4649 3516 4704 Sed
3540 4653 3597 4704 et
3622 4649 3802 4704 male-

2149 4737 2304 4795 dicet
2322 4736 2531 4809 patriis
2561 4736 2878 4810 institutis,
2901 4739 3227 4795 secundum
3254 4755 3378 4810 qua
3400 4755 3535 4794 cum
3566 4738 3802 4810 viveret,

450 4878 495 4915 °°
525 4879 731 4936 Matth.
763 4896 821 4949 κ,
852 4883 904 4937 8.
985 4882 1029 4919 ’ί
1060 4884 1186 4940 Act.
1221 4901 1344 4956 vm,
1374 4885 1467 4942 20.
1544 4884 1590 4920 θ’
1620 4883 1775 4942 Psal.
1809 4900 1936 4953 cxv,
1969 4885 2036 4941 12

2149 4885 2178 4921 ’³
2209 4883 2382 4940 Deut.
2403 4897 2526 4951 VIII,
2559 4881 2614 4938 3.
2690 4881 2736 4918 9‘
2765 4881 2814 4940 ΙΙ
2845 4882 2970 4940 Cor.
2999 4900 3101 4955 vn,
3137 4885 3222 4940 10.
3298 4883 3342 4920 ⁸⁸
3370 4883 3537 4940 Joan.
3569 4900 3685 4955 xvr,
3715 4884 3802 4942 11.

472 5023 564 5168 95γ
594 5025 753 5084 Colb.
785 5027 1036 5100 primus,
1071 5025 1211 5102 δῴη.

473 5095 544 5153 96
591 5098 766 5168 Editi,
797 5103 895 5154 106
937 5097 1207 5166 δοθέντος.
1239 5105 1311 5161 At
1355 5119 1459 5161 sex
1506 5119 1678 5168 mss.,
1707 5105 1799 5158 106

381 5095 569 5232 “es;
591 5098 766 5172 Editi,
786 5095 895 5154 '106
937 5095 1207 5166 δοθέντος,
1239 5105 1311 5161 Αι
1355 5119 1459 5161 ,εχ
1506 5119 1678 5177 ωηο,
1707 5105 1804 5158 τοῦ
1855 5098 2036 5178 δωρη.

379 5239 838 5375 ιὶυξὶζῖζχειθιιοε
881 5244 1142 5319 quinque
1184 5246 1343 5320 libri,
1372 5265 1450 5304 σε.
1482 5246 1637 5303 Editi
1666 5250 1722 5304 et
1750 5248 1889 5320 Reg.
1921 5250 2040 5304 ter-

451 5383 566 5459 (98)
599 5385 748 5459 Editi
769 5393 828 5445 et
859 5390 1048 5446 nostri
1079 5407 1180 5446 sex
1201 5407 1371 5455 mss.,
1391 5389 1490 5458 τὴν
1527 5387 1898 5459 ἀνεπινόητον.
1927 5391 2039 5446 Sed

382 5454 794 5535 gombeﬁsius,
823 5460 1003 5535 homo
1045 5463 1117 5518 ad
1157 5454 1526 5520 emendanda
1556 5480 1644 5530 ea,
1679 5454 1806 5535 qua
1838 5480 2034 5519 emenv

384 5527 621 5607 datique
653 5546 769 5585 non
817 5532 1110 5607 indigent,
1140 5537 1578 5607 paratissimus,
1603 5527 1712 5590 ait'
1734 5535 1911 5592 malle
1959 5551 2042 5604 se,

2145 5045 2498 5104 persuasum
2555 5027 2634 5104 sit
2687 5029 2912 5104 famem,
2961 5027 3338 5104 dvrsmvomov,
3391 5047 3520 5103 qua
3559 5031 3804 5104 scilicet

2151 5101 2315 5159 tanta
2343 5106 2451 5173 est,
2481 5104 2547 5174 ut
2580 5102 2668 5156 vix
2700 5101 3028 5174 excogitari
3063 5103 3247 5174 possit
3276 5101 3428 5172 (eam
3479 5103 3635 5160 enim
3682 5105 3802 5161 vim

2148 5175 2328 5231 habet
2360 5171 2465 5230 vox
2493 5171 2894 5246 ἀνεπινόητονῇ
2921 5171 3079 5230 ηἱὴὶῑ
3100 5173 3260 5248 aliud
3284 5176 3570 5248 esse,nisi
3598 5179 3803 5248 famem

2149 5249 2557 5318 gravissimam,
2587 5249 2915 5317 maximam,
2949 5246 3338 5318 insanabilem,
3380 5247 3529 5303 nihil
3569 5246 3804 5306 mutan-

2153 5317 2296 5375 dum
2328 5317 2692 5374 censuimus.

2247 5390 2336 5459 99)
2370 5389 2548 5456 Editi,
2578 5387 2657 5462 δέ.
2691 5393 2766 5462 At
2796 5404 2897 5443 sex
2928 5405 3096 5462 mea,
3129 5386 3254 5462 γάρ.

2251 5463 2304 5532 1)
2337 5462 2506 5532 Editi,
2541 5461 2592 5514 υἱ
2624 5459 2702 5515 ἐκ.
2736 5461 2908 5515 Deest
2939 5458 2988 5513 οἱ
3012 5459 3078 5532 in
3112 5458 3330 5532 nostris
3363 5478 3462 5518 sex
3495 5479 3638 5518 mss.

2247 5529 2302 5606 2)
2348 5529 2584 5592 Veteres
2641 5537 2896 5604 quatuor
2961 5531 3116 5601 libri,
3184 5529 3371 5589 αὐτοῦ.
3437 5535 3610 5606 Editi,
3679 5533 3805 5588 tuo-

382 5596 482 5666 τὴν
516 5598 841 5680 ἀνήκεστον*
861 5596 1192 5680 110693131
1219 5609 1346 5680 ipse
1375 5596 1817 5680 interpretatur,
1841 5596 2036 5680 famem

2152 5596 2271 5660 106.

386 5671 802 5744 gravissimam,
851 5671 1185 5748 maximam,
1233 5671 1629 5738 insanabilem.
1660 5671 1810 5751 Nos,
1828 5671 2046 5751 quibus
