4138 6376
341 333 458 394 503

1286 328 1683 390 APPENDIX
1729 326 2057 389 OPERUM
2103 327 2167 388 S.
2215 326 2493 388 BASILII
2539 326 2814 389 MAGNI.

3644 323 3761 384 504

343 465 532 538 legem
565 464 736 520 nobis
767 481 800 519 a
829 465 945 519 Deo
971 463 1027 517 in
1063 462 1342 516 auxilium
1370 461 1650 514 traditam
1676 476 1790 514 non
1816 459 1999 514 susci-

2117 454 2376 527 ἀληθινὸν
2405 457 2648 533 γενέσθαι
2683 453 2930 531 βασιλια,
2965 453 3054 508 ὲᾶτ
3101 454 3176 525 μὴ
3223 457 3404 516 κακῶς
3450 451 3611 527 εἶ’πῃς
3666 453 3757 508 τὸν

343 557 558 626 piebat.
608 555 733 609 Non
789 559 952 625 potes
1003 553 1139 621 Regi
1173 551 1327 606 540
1379 566 1510 604 vero
1565 549 1832 618 subesse,
1885 549 1996 603 nisi

343 644 718 700 maledixeris
748 643 884 696 huic
927 640 1191 710 prlnt‘rpi.
1229 639 1360 692 Eam
1397 640 1468 692 ob
1501 655 1738 693 causam
1770 643 1826 693 te
1856 641 1996 694 edo-

343 734 466 788 cuit
496 734 751 788 Ecclesia
781 733 970 785 dicere
1002 747 1012 784 :
1043 731 1307 783 Renuntio
1340 729 1462 790 (ibi,
1499 728 1730 783 Salaria.
1766 729 1882 782 Hoc
1911 733 2000 782 est

345 820 750 881 maledictum,
783 819 937 887 quod
982 818 1038 869 in
1076 815 1397 885 principem
1442 816 1768 885 conjicitur.
1805 817 1998 879 Quod-

345 926 482 965 nam
515 914 708 962 autem
742 905 1121 959 maledictum
1147 909 1262 969 est,
1284 907 1438 975 quod
1464 905 1780 958 adhibetur
1800 905 1992 957 adver-

345 1014 451 1052 sus
481 996 698 1067 patrios
731 994 962 1048 mores?
992 993 1163 1059 lllud,
1193 994 1463 1048 Renuntio
1494 1001 1545 1048 et
1577 994 1833 1061 operibus
1861 996 1994 1047 tuis.

345 1085 414 1140 Hi
448 1083 618 1155 patrii
653 1083 821 1150 ritus,
855 1081 1074 1137 diaboli
1116 1099 1312 1152 opera.
1347 1081 1558 1136 Beatus
1591 1081 1691 1152 qui
1723 1082 1830 1136 rite
1864 1082 1999 1135 huic

347 1171 712 1227 maledixerit
744 1171 1016 1242 principi.
1050 1170 1183 1225 Jam
1215 1171 1374 1224 enim
1416 1170 1487 1224 ad
1529 1187 1663 1224 eum
1697 1170 1795 1240 qui
1831 1187 2001 1225 verus

345 1267 455 1330 est,
479 1261 723 1330 accedit,
751 1265 808 1315 et
840 1260 1234 1314 illuminatur.
1260 1259 1472 1314 Beatus
1505 1259 1604 1330 qui
1638 1259 2001 1329 improbave-

343 1350 420 1404 rit
451 1350 672 1420 patrios
695 1364 887 1404 mores
912 1347 1184 1419 antiquos
1210 1364 1222 1400 :
1249 1348 1534 1402 obtinebit
1561 1347 1715 1402 enim
1750 1349 1998 1420 patriam

340 1438 669 1494 Jerusalem
715 1437 1013 1493 cmlestem
1036 1438 1100 1506 9°,
1125 1454 1251 1507 quae
1301 1441 1488 1491 mater
1519 1442 1609 1490 est
1641 1453 1866 1503 eorum,
1902 1439 2002 1508 qui

343 1529 514 1584 beato
534 1527 713 1582 Paulo
729 1531 872 1581 sunt
892 1526 1136 1582 similes.
1156 1526 1355 1580 Patria
1376 1525 1644 1580 instituta
1665 1531 1805 1581 sunt
1825 1527 2001 1580 etiam

348 1617 511 1689 pravi
543 1633 733 1672 mores
765 1634 798 1671 a
829 1615 1170 1687 parentibus
1206 1615 1278 1669 ad
1319 1632 1426 1669 nos
1459 1614 1813 1670 transmissi.
1851 1614 2003 1669 Reli-

351 1705 556 1777 quitne
588 1706 691 1759 tibi
728 1710 893 1776 pater
915 1721 1054 1775 opos
1087 1721 1189 1775 per
1208 1703 1512 1758 avaritiam
1537 1703 1776 1774 partas?
1810 1704 2004 1758 Redde

350 1795 458 1850 has
486 1795 766 1866 injuriam
799 1794 1077 1864 patienti;
1109 1809 1180 1848 ne
1203 1809 1300 1848 eas
1332 1793 1435 1847 tibi
1468 1808 1570 1848 ceu
1598 1793 1859 1864 pr0prias
1883 1794 2004 1846 vin-

350 1883 511 1940 dices
546 1902 560 1939 :
595 1887 684 1938 est
715 1882 995 1937 nimirum
1031 1883 1249 1953 peccati
1307 1881 1638 1936 hereditas.
1689 1882 2006 1952 Uereliquit

355 1973 463 2028 tibi
496 1988 728 2028 servum
781 1971 1210 2042 pater,injuste
1258 1970 1330 2024 ab
1380 1970 1506 2041 ipso
1554 1971 1612 2024 in
1665 1973 2003 2026 servitutem

2109 545 2372 620 ἄρχοντα.
2407 547 2504 600 Διά
2550 551 2711 600 τοῦτο
2760 543 2964 599 ἐδίδαεὲ
3011 564 3068 598 σε
3114 545 3149 612 ἡ
3185 541 3482 613 Ἐκκλησία
3541 541 3716 618 λέγειν
3745 563 3756 576 ·

2111 635 2523 707 Ἀποτάσσομαί
2577 657 2687 703 σοι,
2739 639 2965 688 Σατανᾶ.
3029 631 3176 703 Αὕτη
3226 636 3324 686 τοῦ
3401 630 3666 707 ἄρχοντος
3723 634 3759 702 ἡ

2107 726 2437 798 κακηγορία.
2507 726 2599 786 Τίς
2672 721 2728 778 δὲ
2802 725 2836 792 ἡ
2895 727 3001 776 τῶν
3079 721 3367 797 πατρίων;
3421 722 3762 777 ’Λποτάσσο-

2113 834 2208 885 μαι
2240 817 2316 885 (3)
2348 814 2436 868 καὶ
2483 819 2600 876 τοῖς
2657 810 2834 889 ἔργοις
2889 833 3004 866 σου.
3032 815 3205 866 Ταῦτα
3261 811 3326 865 τὰ
3371 811 3590 883 πάτρια,
3627 806 3763 885 ἔργα

2107 907 2204 956 τοῦ
2251 898 2536 957 διαϐόλου.
2574 905 2852 976 Μακάριος
2886 903 2913 955 6
2961 905 3200 976 γνησίως
3248 901 3630 974 κακηγορήσας
3667 900 3762 954 τὸν

2111 991 2372 1066 ἄρχοντα.
2407 993 2775 1067 Προσὲρχεται
2807 992 2906 1064 γὰρ
2937 989 3131 1046 λοιπὸν
3163 988 3298 1064 πρὸς
3329 989 3421 1044 τὸν
3471 989 3760 1058 ἀΛηθινὸν,

2109 1081 2197 1134 καὶ
2253 1082 2565 1156 φωτίζεται.
2601 1080 2880 1152 Μακάριος
2928 1080 2956 1134 6
3013 1079 3369 1153 μεμψάμενος
3412 1083 3530 1140 τοῖς
3587 1077 3761 1133 πάλαι

2109 1169 2382 1240 πατρίοις·
2427 1169 2645 1244 εὑρήσει
2691 1169 2794 1243 γὰρ
2847 1171 2924 1241 (4)
2972 1164 3208 1242 πατρίδα
3251 1168 3352 1235 τὴν
3405 1167 3516 1220 ἂνω
3562 1167 3760 1240 Ἰερου-

2111 1257 2477 1331 σαλὴμ,ἥτις
2534 1257 2646 1312 ἐστὶ
2711 1261 2895 1330 μήτηρ
2943 1258 3052 1312 τῶν
3109 1255 3318 1327 ὁμοίων
3377 1261 3456 1328 τῷ
3510 1257 3762 1332 μακαρίῳ

2112 1345 2334 1420 Παύλῳ.
2370 1349 2579 1419 Πάτριά
2611 1347 2723 1402 εστι
2751 1347 2839 1401 καὶ
2870 1347 2936 1401 τὰ
2966 1345 3026 1401 ἐκ
3053 1347 3300 1421 πατέρων
3353 1347 3489 1416 ἡμῖν
3548 1345 3760 1420 πονηρὰ

2113 1434 2206 1504 ἔθη
2268 1434 2697 1512 παραδιδόμενα.
2746 1437 2839 1492 Ἐκ
2899 1433 3214 1504 πλεονεξίας
3259 1454 3343 1488 σοι
3393 1430 3680 1488 κατέλιπεν
3730 1434 3758 1488 6

2111 1525 2294 1599 πατὴρ
2351 1527 2643 1598 κτήματας
2695 1521 2929 1586 Ἀπόδος
2987 1529 3067 1596 τῷ
3121 1523 3446 1595 ἠδικημένῳ
3481 1543 3492 1556 ·
3551 1524 3629 1596 μὴ
3689 1524 3761 1586 ὡς

2113 1611 2267 1668 ἱδίων
2294 1616 2370 1687 (5)
2401 1615 2703 1669 ἀντιποιοῦ·
2747 1613 3013 1688 ἁμαρτίας
3058 1610 3171 1666 ὶσ-εἱ
3221 1608 3587 1686 κληρονομία.
3620 1609 3765 1670 ’Δδί-

2113 1724 2224 1766 κως
2271 1700 2831 1775 καταδουλωσάμενος
2863 1704 2891 1756 ὁ
2920 1702 3102 1776 πατὴρ
3149 1701 3325 1778 ἀφῆκε
3380 1721 3466 1755 σοι
3524 1697 3767 1767 δοῦλον;

2117 1792 2216 1852 Δὸς
2271 1792 2420 1863 αὐτῷ
2469 1791 2532 1845 σὺ
2574 1794 2671 1861 τήν
2722 1788 3314 1866 ἑλευθερίαν,κάκείνῳ
3365 1790 3445 1862 (6)
3502 1791 3764 1865 κουφοτὲ-

2117 1901 2210 1957 ραν
2240 1884 2490 1951 ποιήσεις
2520 1883 2618 1949 τήν
2673 1881 2923 1955 βάσανον,
2954 1878 3043 1934 καὶ
3095 1883 3303 1950 σεαυτῷ
3348 1881 3448 1948 τὴν
3498 1878 3768 1950 ἀληθινὴν

2115 1969 2422 2044 ἰΛευθερίαν
2451 1971 2896 2044 παρασκευάσεις.
2925 1966 3053 2023 Εἶτα
3081 1967 3134 2023 τί
3165 1989 3297 2045 φησι
3325 1987 3338 2037 ;

352 2061 703 2116 redactum?
731 2060 816 2115 Tu
849 2077 983 2114 eum
1016 2059 1281 2114 libertate
1307 2059 1481 2128 dona,
1514 2064 1572 2114 et
1613 2060 1795 2131 patris
1828 2063 2154 2116 cruciatum
2205 2061 2416 2118 reddes
2462 2061 2761 2129 leviorem,
2792 2065 2849 2116 et
2877 2059 2986 2116 tibi
3033 2059 3161 2131 ipse
3213 2060 3544 2115 libertatem
3575 2075 3770 2116 veram

348 2150 710 2208 conciliabis.
745 2149 864 2204 Sub
895 2149 1016 2203 haec
1049 2148 1186 2219 quid
1221 2148 1407 2203 dicit?

418 2242 546 2296 222.
579 2243 653 2295 Et
684 2241 979 2310 respicient
1010 2240 1071 2293 in
1109 2236 1312 2292 caelum
1353 2254 1594 2303 sursum,
1627 2242 1677 2292 et
1710 2241 1771 2293 in
1801 2247 2007 2295 terram

347 2329 603 2385 deorsum
629 2329 924 2398 inspiciam
957 2345 975 2381 :
1005 2332 1057 2381 et
1087 2342 1207 2383 ecce
1239 2331 1452 2397 egestas
1481 2337 1741 2399 angusta,
1773 2333 1826 2382 et
1851 2333 2003 2384 tens-

348 2419 483 2485 braa,
517 2420 598 2472 ita
628 2421 687 2472 ut
717 2433 825 2471 non
859 2415 1116 2482 videant,-
1143 2420 1193 2471 ει
1221 2433 1331 2470 non
1363 2415 1574 2485 deﬁciet
1605 2418 1706 2487 qui
1734 2419 1794 2471 in
1822 2434 2004 2487 angu-

342 2511 456 2562 stia
486 2515 567 2563 est
596 2522 767 2578 usque
786 2506 860 2560 ad
889 2516 1116 2576 tempus.
1140 2506 1410 2560 Afﬁrmat
1436 2506 1574 2570 fore,
1598 2511 1663 2561 ut
1691 2506 1729 2560 ii
1759 2507 1854 2576 qui
1889 2524 2002 2578 prae

345 2596 620 2667 angustia
649 2594 891 2650 adducti
913 2594 1130 2650 fuerint
1159 2595 1227 2648 ad
1263 2595 1664 2665 paenitentiam
1690 2596 2001 2666 agendam,

343 2700 581 2742 sursum
604 2683 924 2755 respiciant
954 2684 1012 2736 in
1038 2682 1272 2737 cmlum.
1297 2683 1403 2749 Qui
1429 2684 1591 2754 prius
1616 2685 2005 2740 demittebant

345 2772 404 2826 in
437 2778 652 2828 terram
687 2771 912 2841 oculos,
941 2788 1044 2827 nec
1075 2772 1404 2826 divinarum
1439 2774 1999 2845 contemplationum

346 2861 780 2917 sublimitatem
812 2861 1138 2932 intelligere
1182 2866 1469 2932 poterant,
1505 2861 1562 2916 hi
1595 2880 1628 2916 a
1661 2880 1854 2918 rerum
1888 2869 1999 2919 ter-

345 2968 621 3007 renarum
653 2952 956 3007 affectione
1003 2958 1060 3006 et
1103 2951 1299 3006 studio
1331 2952 1500 3022 quasi
1533 2970 1566 3007 a
1595 2954 1827 3008 vinculo
1859 2971 2000 3023 quo-

344 3042 479 3097 dam
503 3041 1022 3106 soluti,oculorum
1049 3057 1292 3095 suorum
1319 3042 1532 3096 liberos
1551 3043 1792 3097 obtutus
1811 3046 2000 3115 iigunt

338 3130 399 3186 in
431 3130 665 3198 ccelum,
691 3102 1084 3184 'invisibilium
1120 3147 1184 3185 ac
1224 3130 1687 3203 intelligibilium
1723 3102 1994 3188 naturam
2031 3102 2073 3170 C

339 3219 825 3292 contemplantes,
858 3222 915 3274 et
947 3217 1138 3274 locum
1183 3235 1298 3290 quo
1342 3220 1541 3290 reponi
1575 3225 1838 3290 oporteat
1868 3223 1993 3278 the-

337 3325 573 3379 saurus,
607 3309 1070 3364 considerantes.
1097 3308 1240 3363 Dein
1272 3309 1547 3380 Aspicient
1577 3311 1635 3364 in
1671 3320 1872 3365 terram
1903 3311 1997 3368 de-

338 3415 547 3454 orsum.
580 3397 690 3461 Qui
718 3403 887 3453 erant
932 3396 1068 3453 elati
1121 3398 1306 3468 prius,
1340 3415 1406 3453 ac
1455 3399 1525 3452 de
1575 3417 1638 3455 se
1688 3402 1999 3472 magniﬁce

337 3486 696 3552 sentiebant,
730 3489 950 3540 naturai
981 3502 1103 3540 sua:
1133 3484 1417 3540 vilitatem
1449 3503 1516 3541 ex
1556 3504 1623 3542 ea
1652 3505 1826 3558 quam
1864 3505 1998 3544 cum

335 3579 494 3631 terra
543 3573 762 3631 habent
792 3574 1140 3645 cognatione
1180 3582 1520 3646 agnoscent.
1555 3577 1762 3632 Mirare
1806 3584 1997 3633 autem

336 3681 513 3735 quam
543 3664 807 3736 apposite
832 3663 992 3718 hisce
1015 3665 1208 3720 verbis
1237 3682 1339 3719 usa
1364 3665 1435 3720 sit
1460 3666 1792 3737 Scriptura:
1819 3684 2003 3738 quan-

339 3753 657 3825 doquidem
689 3752 1009 3808 dictionem
1048 3753 1283 3824 utrique
1315 3753 1394 3807 rei
1429 3755 1871 3810 convenientem
1904 3774 1998 3811 ex-

340 3841 640 3912 cogitavit.
673 3840 890 3896 Ccelum
923 3838 1080 3895 enim
1113 3845 1168 3895 et
1205 3846 1362 3896 terra
1393 3843 1563 3898 nobis
1595 3850 2002 3915 proponuntur

341 3930 812 4002 contemplanda.
848 3928 998 3985 Dicit
1027 3930 1265 4000 quidem
1299 3931 1368 3986 de
1399 3931 1563 4003 caelo,
1600 3934 1904 4005 Respicient
1937 3937 2001 3990 in

339 4019 535 4075 caelum
567 4035 828 4080 sursum;
861 4019 931 4074 de
973 4023 1129 4075 terra
1171 4025 1365 4075 autem
1395 4021 1676 4093 Aspicient
1706 4025 1760 4077 in
1793 4033 2000 4080 terram

340 4109 614 4165 deorsum.
649 4107 866 4164 Deinde
898 4125 1012 4180 pra
1045 4109 1434 4164 admiratione
1466 4116 1768 4168 tantarum
1801 4131 1997 4169 rerum

337 4198 705 4271 cogniturum
741 4197 946 4270 inopes
968 4201 1109 4253 sunt
1134 4198 1386 4266 consilii,
1412 4202 1896 4275 adducenturque
1926 4205 1998 4259 ad

339 4287 670 4360 angustias,
694 4290 751 4342 et
773 4291 969 4342 mente
992 4287 1475 4357 obcaecabuntur;
1510 4307 1644 4346 cum
1672 4295 1878 4364 stupor
1897 4294 1998 4364 qui

341 4393 410 4433 ex
433 4377 608 4432 rebus
641 4375 958 4432 intellectis
984 4376 1225 4446 orietur,
1250 4377 1549 4449 ingentem
1573 4380 1730 4437 illam
1767 4383 1824 4437 in
1857 4382 2000 4454 ipsis

2187 2241 2314 2295 222.
2364 2239 2467 2296 Καὶ
2547 2233 2942 2312 ἀναϐλιψονται
3021 2235 3098 2298 εἷς
3174 2235 3268 2292 τδν
3329 2236 3556 2308 οὐρανὸν
3635 2235 3766 2312 ἅνω,

2115 2328 2204 2382 καὶ
2273 2327 2350 2390 εἷς
2426 2331 2524 2398 τὴν
2605 2336 2707 2404 γῆν
2778 2327 2923 2382 κάτω
3000 2321 3370 2401 ἰμὸλὲψονται
3405 2346 3418 2359 °
3483 2325 3575 2381 καὶ
3653 2325 3767 2383 ίδοὺ

2115 2416 2316 2492 ἀπορία
2371 2420 2551 2486 στίν-ἠ,
2596 2419 2684 2472 καὶ
2735 2419 2950 2486 σκότος,
3001 2415 3138 2471 ὥστε
3200 2417 3276 2489 μὴ
3347 2416 3570 2492 βλέπειν
3608 2437 3622 2450 ·
3679 2417 3765 2471 καὶ

2115 2505 2216 2560 οὐκ
2289 2506 2698 2581 ἀπορηθήσεται
2753 2510 2832 2580 (7)
2892 2507 2919 2560 6
2979 2505 3030 2560 ἐν
3105 2505 3441 2582 στενοχωρίᾳ
3519 2502 3593 2561 ὢν
3665 2502 3762 2568 ἶως

2113 2599 2326 2670 καιροῦ.
2360 2595 2488 2670 Περὶ
2520 2595 2728 2650 τούτων
2776 2595 2932 2672 φησὶ,
2959 2599 3065 2650 τῶν
3113 2592 3202 2648 διὰ
3247 2596 3346 2663 τὴν
3396 2595 3766 2672 στενοχωρίαν

2113 2682 2190 2744 είς
2254 2686 2541 2754 μετάνοιαν
2595 2683 2932 2759 ἐναχθὲντων
2980 2687 3078 2757 (8),
3111 2683 3194 2738 ὅτι
3238 2679 3635 2758 ἀναϐλᾶψονται
3697 2684 3770 2748 είς

2112 2771 2201 2825 τὸν
2245 2771 2466 2846 οὐρανὸν
2519 2774 2650 2830 ἄνω,
2683 2775 2750 2829 Οἱ
2794 2772 3056 2848 πρότερον
3110 2773 3524 2849 συγκύπτοντες,
3554 2773 3643 2826 καὶ
3704 2773 3766 2827 οὐ

2112 2858 2492 2932 δυνάμενοιτὰ
2536 2859 2723 2934 ὑψηλὰ
2754 2867 3035 2916 κατανοεῖν
3089 2866 3196 2916 τῶν
3251 2862 3406 2924 θείων
3468 2860 3759 2933 θεωρημά-

2109 2970 2243 3016 των,
2275 2950 2447 3020 οὗτοι,
2481 2952 2661 3025 ὥσπερ
2721 2951 2827 3005 ἀπὸ
2877 2948 3081 3024 δεσμοῦ
3130 2970 3295 3015 τινος,
3339 2953 3439 3014 τῆς
3490 2950 3627 3024 πρὸς
3687 2949 3756 3003 τὰ

2111 3041 2273 3114 γήινα
2335 3040 2671 3112 συμπαθείας
2751 3039 3025 3110 λυθέντες,
3087 3038 3362 3114 ἐλεύθερον
3437 3039 3638 3094 ἑαυτῶν
3694 3040 3758 3092 τὸ

2113 3126 2271 3202 ὄμμα
2303 3130 2441 3205 πρὸς
2477 3129 2702 3205 οὐρανὸν
2752 3131 3085 3204 περιάξουσι.
3123 3133 3444 3204 θεωροῦντες
3490 3130 3589 3197 τὴν
3650 3132 3760 3181 τῶν

2111 3218 2358 3293 ἀοράτων
2391 3219 2480 3273 καὶ
2521 3224 2732 3289 νοητῶν
2768 3218 2949 3296 φύσιν,
2980 3219 3070 3273 καὶ
3099 3221 3487 3280 κατανοοῦντες
3538 3217 3627 3270 τὸν
3672 3237 3766 3269 τοο

2108 3328 2209 3363 πον
2259 3307 2397 3361 ὅπου
2459 3305 2638 3378 δεήσει
2696 3308 2787 3362 τὸν
2845 3310 3116 3383 θησαυρὸν
3206 3304 3579 3370 ἀποτίθεσθαι.
3639 3304 3769 3358 Εἶτα

2111 3392 2512 3469 Ἐμϐλέψονται
2572 3397 2648 3458 εἰς
2706 3398 2805 3465 τὴν
2863 3404 2967 3473 γῆν
3026 3396 3195 3452 κάτω.
3255 3397 3332 3452 Τὸ
3393 3393 3612 3455 εὐτελὲς
3665 3399 3766 3462 τῆς

2110 3484 2286 3540 αὐτῶν
2320 3486 2529 3562 φύσεως
2561 3484 2905 3556 ἐννοήσουσιν
2939 3485 2998 3540 ἐκ
3025 3493 3123 3554 τῆς
3154 3485 3288 3557 πρὸς
3327 3486 3429 3554 τὴν
3476 3487 3579 3559 γῆν
3633 3503 3768 3557 συγ-

2109 3573 2314 3648 γενείας
2359 3575 2410 3628 οἱ
2448 3573 2582 3635 τὲως
2630 3574 2931 3649 ἐπηρμάνοι
2978 3575 3070 3629 καὶ
3130 3575 3273 3649 μέγα
3315 3576 3641 3650 φρονοῦντες
3686 3571 3763 3649 ἐφ’

2111 3663 2344 3725 ἑαυτοῖς.
2380 3664 2664 3736 Θαύμασον
2700 3661 2758 3719 δὲ
2789 3669 2907 3727 πῶς
2935 3664 3472 3740 παρατετηρημένως
3503 3667 3623 3724 ταῖς
3684 3659 3763 3716 λέ-

2111 3751 2249 3822 ξεσιν
2284 3751 2557 3828 ἐχρήσατο
2603 3755 2637 3822 ἡ
2690 3755 2898 3831 Γραφὴ,
2952 3752 3294 3828 ἁρμόζουσαν
3346 3751 3585 3823 εκατὲρῳ
3635 3751 3765 3824 πρά-

2109 3863 2278 3917 γματι
2311 3841 2643 3913 ἆπινοήσασα
2671 3844 2772 3912 τήν
2821 3843 3151 3922 ἐκφώνησιν.
3181 3841 3424 3918 Οὐρανὸς
3468 3842 3569 3917 γὰρ
3622 3839 3763 3913 πρό-

2109 3955 2280 3988 κειται
2313 3933 2388 3996 εἰς
2423 3933 2678 4006 θεωρίαν,
2711 3934 2800 3988 καὶ
2830 3941 2920 4010 γῆ.
2957 3934 3089 4007 Περὶ
3124 3934 3216 4005 μὲν
3248 3930 3337 3987 οῦν
3388 3936 3486 3986 τοῦ
3533 3929 3763 4004 ούρανοῦ

2110 4021 2276 4098 λέγει’
2337 4019 2763 4098 ’Δναϐλὲψονται
2825 4025 2901 4086 εἱς
2959 4025 3051 4079 τὸν
3141 4022 3367 4098 οὐρανὸν
3427 4019 3584 4074 ἄνω·
3640 4019 3765 4094 περὶ

2112 4111 2168 4168 δὲ
2221 4120 2323 4182 τῆς
2384 4121 2490 4188 γῆς
2526 4135 2537 4146 ·
2601 4110 3007 4186 Ἐμϐλὲψονται
3065 4116 3141 4186 (9)
3176 4112 3249 4174 εἷς
3281 4113 3381 4180 τήν
3445 4117 3550 4183 γῆν
3594 4108 3764 4166 γάτω.

2109 4203 2244 4260 Εἶτα
2276 4202 2364 4258 ἐπὶ
2421 4207 2501 4274 τῷ
2533 4203 2769 4275 θαύματι
2824 4204 2922 4274 τῇς
2979 4207 3086 4257 τῶν
3119 4200 3463 4272 τηλικούτων
3496 4201 3767 4269 κατανοή-

2112 4311 2245 4354 σεως
2305 4291 2663 4365 ἀποροῦνται,
2703 4289 2793 4344 καὶ
2850 4292 3458 4364 στενοχωρηθήσονται,
3490 4286 3577 4341 καὶ
3634 4306 3772 4341 σκο-

2109 4383 2452 4452 τωθήσονται
2483 4381 2583 4449 τὴν
2618 4377 2882 4450 διάνοιαν,
2923 4386 3023 4449 τῆς
3070 4378 3155 4433 ἐπὶ
3189 4383 3310 4440 τοῖς
3341 4375 3768 4452 καταληφθεῖσιν

347 4465 853 4539 perturbationem
897 4464 1194 4521 excitabit.
1223 4466 1354 4522 Cum
1401 4471 1571 4535 enim,
1621 4470 1834 4542 inquit,
1878 4488 2000 4528 con-

2117 4469 2430 4541 ἰκπλήξεως
2463 4471 2560 4539 τὴν
2597 4467 2843 4545 μεγάλην
2875 4469 3058 4530 αὐτοῖς
3104 4467 3305 4539 ταύτην
3353 4466 3602 4542 ταραχὴν
3663 4463 3768 4536 ἐμ-

355 4554 724 4612 summaveril
755 4554 1069 4621 homo,tunc
1097 4555 1293 4627 incipi!
1319 4576 1337 4612 :
1358 4568 1409 4612 et
1431 4575 1556 4613 cum
1581 4563 2012 4632 quievertl,tunc

347 4641 876 4716 animipendebit”.
897 4643 1079 4699 Nemo
1099 4646 1257 4700 novit
1283 4652 1493 4717 quotet
1510 4654 1734 4719 quanta
1754 4651 2007 4722 ignoret,

344 4735 459 4792 nisi
483 4731 742 4792 scientia
770 4731 952 4804 hujus
972 4732 1247 4790 habuerit
1270 4742 1535 4808 gustum.
1556 4740 1662 4795 Sed
1689 4745 1881 4797 tamen
1907 4744 2004 4798 be-

411 4917 454 4953 ”
483 4913 609 4974 Gal.
641 4930 720 4983 Iv,
753 4911 844 4969 26.
924 4911 967 4948 "'
998 4911 1174 4969 Eccli.
1205 4929 1366 4983 xvm,
1397 4916 1452 4971 6.

412 5095 487 5168 (3)
519 5095 691 5163 Editi,
731 5091 1171 5168 'Anora’taaopair
1197 5113 1302 5168 σοι.
1328 5095 1557 5168 _Yocula
1601 5118 1684 5153 σοι
1737 5102 1797 5156 in
1848 5117 1996 5158 mss.

346 5164 479 5223 non
514 5168 825 5243 invenitur.
859 5168 989 5243 Mox
1036 5166 1200 5243 editi,
1230 5165 1296 5243 τὰ
1327 5164 1472 5243 ἔργα.
1509 5171 1619 5227 Sed
1671 5173 1728 5228 in
1781 5175 1998 5230 nostris

348 5255 449 5295 sex
481 5257 620 5294 mss.
656 5257 767 5294 non
803 5241 1013 5306 legitur
1039 5239 1344 5294 articulus.

417 5312 493 5380 (4)
524 5313 695 5376 Editi,
729 5309 831 5382 γὰρ
882 5310 1075 5381 ἑαυτῷ.
1115 5312 1283 5375 Illud,
1336 5312 1530 5382 ἑαυτῷ,
1561 5332 1591 5369 a
1631 5317 1849 5371 nostris
1901 5335 2000 5372 sex

417 5330 493 5380 (4)
524 5330 695 5376 mnu,
729 5331 798 5382 γα
883 5330 1075 5381 εαυτῳ.
1116 5330 1283 5375 ιιιυα,
1337 5330 1530 5382 εαυτῳ,
1561 5332 1591 5369 a
1631 5330 1849 5371 nostris
1901 5335 2000 5372 sex

349 5397 494 5438 mss.
551 5382 736 5520 :best.
789 5330 998 5437 ‘gtatim
1050 5383 1211 5450 editi,
1245 5382 1490 5458 πατέρων
1542 5387 1726 5457 ἡμῶν.
1778 5394 1853 5443 At
1901 5407 2000 5445 sex

351 5469 519 5518 mss,
598 5473 710 5520 μιν.
747 5517 782 5520 7_

351 5469 519 5518 mss,
551 5469 710 5524 ημιν.

423 5517 706 5600 (5)ξ)ἃίιί,
742 5517 876 5600 ἰδίᾳ.
907 5522 1436 5600 Veteresquinque
1467 5526 1624 5600 libri,
1658 5525 1832 5587 ἷδίων.

425 5593 502 5664 (ὃ)
537 5597 676 5668 Reg.
711 5599 980 5668 quartus,
994 5593 1278 5668 κάκείνου.

424 5669 501 5745 (7)
528 5663 775 5740 Antiqui
824 5667 943 5720 tres
994 5663 1152 5738 libri,
1189 5669 1277 5723 καὶ
1332 5671 1435 5727 οὐκ
1481 5672 1999 5750 ἀποστερηθήσεται,

2121 4559 2428 4630 ποιούσης.
2487 4561 2650 4617 Ὃταν
2725 4563 2828 4634 γὰρ
2916 4555 3243 4631 συντελέσῃ,
3301 4555 3502 4634 φησὶν,
3557 4551 3762 4626 ἄνθρω-

2118 4671 2246 4718 πος,
2297 4647 2418 4704 τότε
2477 4646 2735 4725 ἄρχεται·
2778 4648 2867 4703 καὶ
2922 4647 3049 4702 ὅυαν
3101 4646 3396 4717 παύσηται,
3452 4644 3576 4699 τότε
3631 4641 3769 4697 ἀπο-

2119 4741 2437 4816 ρηθήσεται.
2471 4736 2661 4802 Οὐδεὶς
2699 4735 2838 4794 οἶδεν
2880 4737 3020 4792 πόσα
3063 4739 3174 4811 (10)
3206 4735 3304 4792 οὐκ
3351 4732 3516 4804 οἶδεν,
3549 4733 3636 4788 ἐὰν
3690 4733 3773 4806 μὴ

2109 5107 2159 5158 at
2187 5119 2297 5158 non
2325 5101 2668 5172 privabitur.

2183 5177 2256 5246 (8)
2291 5169 2438 5247 E'diti
2486 5178 2543 5247 et
2590 5175 2706 5230 duo
2749 5188 2918 5244 mss.,
2953 5169 3318 5247 ἀναχθέντων.
3352 5169 3461 5226 Alii
3514 5171 3786 5243 quatuor

2112 5244 2274 5306 mss.,
2309 5244 2666 5318 ἐναχθὲντων.

2184 5323 2256 5388 (9)
2291 5311 2460 5386 liditi,
2513 5318 2607 5370 Καῖ
2669 5311 3060 5388 ἀμϐλὲψονται.
3091 5314 3313 5371 Vocula
3362 5311 3478 5388 limi
3511 5312 3566 5367 in
3619 5327 3781 5388 mss.

2111 5382 2584 5445 non'invenitur.
2618 5382 2984 5457 Statim,'ubi
3035 5389 3093 5443 in
3145 5388 3320 5442 editis
3372 5384 3584 5457 legitur
3632 5382 3780 5457 ἀπο-

2112 5465 2358 5534 ροῦντας,
2401 5462 2459 5517 in
2506 5462 2721 5517 nostris
2777 5456 3080 5516 cOdicibus
3141 5456 3452 5532 scriptum’
3478 5456 3785 5528 reperitur

2111 5533 2465 5608 ἆποροῦνται.

2180 5599 2292 5680 (1Ὀ)
2324 5607 2513 5732 deex
2543 5620 2698 5660 unus
2728 5618 2862 5660 eum
2892 5604 3088 5673 editis,
3118 5599 3311 5658 ὁπόσα.
3334 5601 3449 5658 Alii
3478 5599 3780 5672 quinque,

2180 5696 2279 5732 ΞΒ..
2316 5698 2356 5732 π
2389 5697 2476 5732 σα.

2109 5695 2279 5748 mss.,
2316 5695 2476 5734 ποσα.
