4138 6398
402 323 515 382 507

1343 323 1742 385 APPENDIX
1787 321 2114 383 OPERUM
2161 321 2226 384 S.
2272 322 2558 385 BASILII
2604 320 2878 384 MAGNI.

3701 318 3833 381 508

399 455 614 527 pepulo
656 455 877 510 sitienti
909 456 1157 527 gratiam
1180 460 1572 528 exspectatam
1595 456 2053 525 annuntiat,ait:

2177 453 2272 510 τοῦ
2323 457 2486 530 ’χάρις
2545 451 2891 518 ἀναδίδοσθαι
2949 454 3205 528 πέφυκεν,
3239 451 3364 507 ὅταν
3430 452 3506 524 μὴ
3564 456 3828 521 ναυτιῶν,

399 546 508 598 Hoc
529 547 779 614 primum
811 546 1243 617 bibe.Excipein
1262 546 1458 600 animo
1490 545 1751 601 laetitiam
1777 547 2055 601 :reconde

400 631 460 687 in
483 650 549 688 eo
574 633 781 689 salutis
814 636 1049 706 dogma.
1077 634 1199 689 Alio
1234 634 1480 690 inferius
1512 652 1582 690 ne
1610 637 1930 706 putaveris,
1955 650 2061 689 nec

403 723 725 793 quidquam
758 722 913 778 aliud
940 741 1005 778 eo
1038 725 1417 794 praestantius
1448 741 1578 779 esse
1607 726 1924 779 existimes.
1961 724 2061 778 Est

403 817 538 866 ante
569 811 766 866 omnia
799 829 810 864 :
851 827 952 865 nec
987 813 1315 883 quidquam
1345 814 1449 867 abs
1506 819 1562 868 te
1612 813 1928 884 excogitari
1963 829 2061 883 po-

403 900 698 971 test,quod
735 900 810 953 sit
843 900 1158 955 Conditore
1192 908 1293 956 tuo
1327 902 1633 973 prius,aut
1663 902 1816 972 quod
1853 905 2062 955 natura

405 989 482 1043 sit
506 989 890 1059 primogenita
923 990 1117 1045 omnis
1149 997 1427 1046 creaturae
1459 990 2061 1046 °°excellentius.Pri-

404 1094 558 1131 mum
589 1078 727 1131 bibe.
757 1077 921 1132 Disce
951 1078 1009 1132 in
1046 1079 1334 1150 principio
1374 1081 1556 1135 fuisse
1589 1080 1887 1136 Verbum‘.
1916 1080 2062 1133 Ante

405 1165 782 1237 principium,
817 1166 958 1220 nihil
990 1185 1002 1228 ;
1039 1167 1183 1222 nihil
1218 1169 1382 1238 prius
1413 1187 1478 1224 eo
1513 1171 1614 1240 qui
1655 1173 1780 1223 erat
1811 1169 1869 1222 in
1903 1168 2062 1234 prin-

403 1255 576 1324 cipio.
610 1255 690 1309 Nc
726 1255 891 1325 prius
913 1273 1100 1310 aevum
1136 1257 1327 1324 bibas,
1365 1275 1479 1312 non
1513 1256 1912 1327 intervallum,
1944 1273 2063 1311 non

407 1345 600 1398 locum
636 1344 764 1398 Filii
789 1345 1124 1400 substantia
1155 1347 1648 1413 destitutum,non
1683 1353 2063 1418 tempus,non

405 1432 690 1503 temporis
731 1433 966 1501 aliquod
1002 1441 1512 1501 momentum,oon
1547 1436 1870 1506 quidquam
1899 1433 2065 1489 futile

406 1526 463 1576 et
495 1538 730 1590 vanum,
757 1524 904 1592 quod
939 1523 1176 1578 animus
1207 1523 1517 1595 imaginari
1553 1525 1760 1579 valeat.
1797 1529 1911 1579 Hoc
1949 1525 2064 1594 pri-

405 1627 559 1665 mum
590 1611 728 1676 bibe,
761 1614 866 1666 cito
894 1614 1003 1682 fac.
1037 1612 1160 1666 Non
1218 1612 1450 1684 ignave,
1501 1631 1616 1668 non
1642 1613 1918 1684 segniter,
1947 1628 2064 1667 non

407 1698 788 1770 negligenter,
823 1718 936 1755 non
971 1699 1248 1773 languide
1279 1719 1427 1773 opus
1458 1703 1794 1775 aggredere,
1837 1703 1936 1757 sed
1977 1701 2062 1754 vi-

406 1787 592 1843 riliter
617 1795 673 1842 et
703 1789 985 1844 studiose.
1040 1789 1382 1860 Cujusmodi
1418 1797 1542 1846 erat
1589 1791 1826 1856 Paulus,
1860 1790 1958 1862 qui
1992 1789 2065 1846 εἰ·-

406 1838 1382 1947 exaugeam,enim;
1419 1838 1958 1953 ἷὲᾶρᾷὦῖιέἐοῖἔ
1992 1838 2063 1934 ἐὶι
2097 1838 2144 1903 Β

406 1967 878 2037 praedicationem
903 1968 1153 2023 accessit
1187 1984 1200 2025 :
1235 1969 1452 2041 quippe
1473 1971 1573 2041 qui
1606 1970 1767 2024 carni
1821 1987 1936 2024 non
1965 1986 2066 2024 ac-

407 2056 752 2126 quiesceret,
787 2061 888 2112 aut
918 2058 1195 2128 sanguini
1227 2059 1248 2092 ²
1280 2075 1293 2124 ;
1356 2059 1456 2114 sed
1516 2064 1800 2130 tanquam
1860 2074 2067 2114 cursor

407 2145 669 2216 quidam,
705 2145 805 2199 ubi
836 2145 1095 2216 primum
1130 2147 1357 2202 audivit
1387 2164 1595 2202 cursus
1628 2146 2064 2219 signum,festi-

409 2233 587 2288 nabat
618 2235 688 2289 ad
723 2235 922 2300 ﬁnem,
951 2236 1120 2305 juxta
1169 2236 1473 2307 praefixum
1535 2253 1780 2308 scopum
1814 2237 1884 2291 ad
1919 2253 2061 2307 prte-

412 2322 598 2377 mium
632 2339 898 2394 supernae
929 2325 1250 2380 vocationis
1273 2327 1632 2381 contendens
1653 2327 1695 2380 ³.

2171 542 2311 616 μηδὲ
2340 539 2692 613 ἀποϐλύζων,
2729 541 2875 598 ἀλλά
2907 539 2974 596 δι’
3011 536 3322 616 ὑπερϐολὴν
3359 543 3660 617 ξηρότητος
3679 540 3826 618 έφιε-

2172 655 2332 705 μενος
2361 641 2460 703 τῆς
2491 633 2551 688 ἐκ
2577 638 2673 688 τοῦ
2711 636 2885 688 ποτοῦ
2914 632 3283 704 παραμυθίας,
3324 629 3412 686 καί
3471 635 3590 692 ταῖς
3645 628 3821 685 νοτίσι

2167 726 2264 776 τοῦ
2305 724 2562 784 ποθέντος
2614 723 2722 795 (48)
2769 721 2954 776 έαυτὸν
3005 718 3320 796 διυγραίνει.
3355 719 3452 774 Διὰ
3508 723 3671 773 τοῦτο
3731 719 3824 773 καὶ

2169 815 2258 863 νῦν
2284 811 2311 864 6
2344 809 2829 886 εὐαγγελιζόμενος
2870 810 2946 872 ὡς
2978 806 3296 882 δεδιψηκότι
3330 805 3448 879 λαῷ
3502 809 3601 876 τὴν
3657 827 3828 884 προσ-

2171 896 2490 973 δοκωμένην
2549 903 2734 976 χάριν,
2796 898 2964 972 φησί·
3011 901 3188 955 Τοῦτο
3246 902 3462 974 πρῶτον
3523 898 3826 954 πίε.Ὑπό-

2171 985 2312 1061 δεξαι
2345 992 2413 1062 τῇ
2444 993 2598 1064 ψυχῇ
2627 990 2726 1057 τήν
2783 987 3138 1066 εὐφροσύνην·
3170 985 3323 1042 ἔνθου
3379 986 3442 1041 τὸ
3493 983 3673 1062 δόγμα
3723 993 3827 1056 τῆς

2173 1076 2469 1151 σωτηρίας.
2514 1080 2606 1148 Μὴ
2651 1076 2898 1153 δεύτερον
2951 1075 3127 1131 ἄλλου
3185 1078 3393 1151 ἡγήσῃ,
3445 1073 3586 1148 μηδὲ
3633 1095 3826 1149 προτι-

2175 1166 2400 1243 μότερόν
2434 1189 2486 1221 τι
2519 1167 2715 1222 τούτου
2745 1166 2975 1241 νομίσῃς
3005 1163 3213 1241 ἕτερον.
3247 1164 3359 1240 Πρὸ
3392 1166 3608 1219 πάντων
3642 1163 3784 1218 έστίν
3812 1183 3825 1198 ·

2175 1253 2297 1310 οὕτε
2350 1257 2434 1310 σοί
2477 1277 2530 1310 τι
2559 1257 2822 1332 πρότερον
2855 1256 3121 1324 νοηθῆναι
3181 1250 3399 1308 δύναται
3458 1257 3556 1308 τοῦ
3611 1253 3828 1308 κτίσαν-

2172 1343 2264 1408 τός
2303 1363 2377 1400 σε’
2412 1342 2536 1400 οὔτε
2573 1349 2640 1418 τῇ
2673 1344 2827 1423 φύσει
2881 1342 3211 1417 τιμιώτερόν
3267 1363 3342 1413 τι,
3399 1346 3497 1396 τοῦ
3555 1343 3828 1417 πρωτοτό-

2172 1455 2271 1488 κου
2329 1432 2506 1504 πάσης
2563 1433 2813 1495 κτίσεως.
2850 1436 3071 1505 Πρῶτον
3103 1430 3213 1487 πίε.
3256 1431 3407 1494 Μάθε
3438 1431 3523 1484 ὅτι
3573 1430 3624 1484 έν
3673 1433 3821 1506 ἀρχῇ

2173 1520 2240 1588 ἦν
2271 1523 2298 1577 6
2330 1524 2522 1599 Λόγος.
2543 1520 2711 1579 Οὐδὲν
2745 1541 2850 1596 προ
2883 1521 3086 1597 ἀρχῆς’
3113 1517 3268 1574 οὐδὲν
3303 1520 3410 1594 πρὸ
3439 1523 3539 1574 τοῦ
3568 1517 3621 1574 ἐν
3651 1520 3820 1596 ἀρχῇ.

2175 1612 2269 1680 Μὴ
2302 1611 2470 1666 αἰῶνα
2495 1611 2757 1687 προπίῇς·
2809 1612 2883 1684 μή
2937 1607 3245 1682 διάστημαο
3279 1610 3354 1681 μή
3400 1607 3569 1663 τόπον
3612 1606 3827 1683 ἔρημον

2172 1707 2273 1769 τῆς
2330 1701 2458 1755 Υἱοῦ
2509 1700 2786 1774 ὑπάρξεως
2812 1719 2825 1731 ·
2864 1699 2940 1771 μὴ
2974 1697 3171 1773 χρόνον
3200 1716 3211 1729 ·
3269 1698 3344 1769 μὴ
3376 1693 3562 1771 καιρόν
3586 1716 3598 1728 ·
3654 1695 3827 1770 μηδὶν

2172 1793 2278 1843 τῶν
2335 1790 2472 1844 κατὰ
2529 1787 2816 1866 φαντασίαν
2877 1785 3142 1860 ματαίων,
3178 1783 3489 1858 δυναμένων
3543 1789 3612 1860 τῇ
3668 1789 3826 1862 ψυχῇ

2175 1878 2475 1954 έγγίνεσθαι
2511 1919 2523 1934 .
2585 1881 2756 1931 Τοῦτο
2829 1880 3047 1951 πρῶτον
3101 1874 3234 1929 πίεο
3293 1874 3436 1950 ταχὺ
3494 1875 3673 1934 ποίει.
3733 1879 3827 1946 Μὴ

2173 1967 2415 2043 χαύνως,
2477 1963 2618 2038 μηδὲ
2665 1960 3281 2036 καταϐεϐλακευμένως,
3319 1961 3462 2036 μηδέ
3517 1963 3826 2034 ἀσπούδως,

2178 2053 2320 2129 μηδὶ
2387 2053 2629 2116 έκλύτως
2719 2053 2807 2108 ἐπὶ
2884 2053 2984 2122 τήν
3067 2057 3165 2106 τοῦ
3245 2049 3404 2127 ἔργου
3476 2051 3825 2130 παραδοχὴν,

2173 2142 2322 2199 ἀλλὰ
2378 2143 2647 2205 συντόνως
2705 2145 2792 2198 καὶ
2843 2140 3326 2212 κατεσπευσμένως
3377 2144 3510 2215 (19).
3563 2144 3696 2205 Οἷος
3756 2143 3824 2212 ἦν

2173 2232 2414 2295 Παῦλος·
2449 2234 2590 2304 ὁμοῦ
2634 2253 2693 2287 τε
2743 2228 2888 2287 ἔπινε
2942 2231 3040 2298 τὴν
3094 2231 3296 2298 πίστιν,
3328 2231 3418 2286 καὶ
3475 2230 3670 2287 οὐδένα
3704 2253 3825 2287 και-

2175 2322 2264 2394 ρὸν
2298 2316 2635 2377 ἀνεϐάλλετο
2667 2322 2804 2392 πρὸς
2834 2321 2897 2376 τὸ
2954 2322 3232 2395 κήρυγμα⁶
3267 2319 3325 2382 ες
3365 2341 3427 2397 γε
3474 2319 3599 2377 οὐδὶ
3655 2342 3827 2398 προσ-

410 2410 626 2473 avi-503:0
660 2411 815 2486 σαρκὶ
845 2413 934 2466 καὶ
967 2409 1177 2485 α’ίματι,
1210 2412 1337 2468 ἀλλ’
1369 2412 1543 2482 εὐθὺς,
1579 2413 1761 2489 ὥσπερ
1799 2434 1884 2475 τις
1918 2410 2174 2486 δρομεὺς,
2205 2413 2346 2484 ὁμοῦ
2373 2432 2432 2466 τε
2461 2405 2625 2466 ἔλαϐε
2653 2412 2715 2466 τὸ
2761 2415 2859 2466 τοῦ
2901 2408 3110 2485 δρόμου
3150 2409 3420 2484 σύνθημα,
3452 2410 3543 2465 καὶ
3589 2412 3724 2487 πρὸς
3763 2412 3824 2465 τὸ

410 2496 570 2558 τέλος
600 2496 868 2573 ἐπείγετο,
909 2499 1044 2554 κατὰ
1075 2500 1277 2554 σκοπὸν
1309 2497 1522 2555 διώκων
1555 2499 1632 2564 εἰς
1659 2501 1722 2555 τὸ
1756 2495 2010 2576 βραϐεῖον
2037 2503 2135 2566 τῆς
2166 2500 2278 2555 ἅνω
2307 2497 2580 2570 κλήσεως.

479 2587 604 2642 224.
639 2589 810 2660 Regio
838 2589 1104 2644 Zabulon.
1138 2591 1220 2644 Ad
1255 2590 1362 2646 hos
1401 2590 1563 2662 ipsos
1613 2593 1898 2664 propheta
1937 2607 2067 2646 con-

413 2676 523 2731 fert
553 2692 906 2744 sermonem,
930 2679 1085 2750 apud
1119 2695 1268 2750 quos
1299 2684 1561 2734 moratus
1613 2686 1704 2736 est
1765 2680 2066 2748 Dominus,

413 2765 513 2835 qui
548 2766 712 2836 prius
745 2767 802 2821 in
863 2767 1206 2839 ignorantiae
1239 2769 1497 2824 tenebris
1547 2769 1935 2837 ambulantes,
1970 2785 2067 2824 ex-

413 2853 633 2909 oriente
662 2855 884 2910 lumine
910 2857 1225 2924 vero,Quod
1240 2859 1520 2914 illuminat
1549 2874 1764 2914 omnem
1792 2859 2066 2914 hominem

413 2945 720 3000 venientem
752 2947 808 3000 in
841 2945 988 3000 hunc
1017 2949 1292 3002 mundum
1325 2951 1366 3017 ⁴,
1405 2949 1678 3004 viderunt
1706 2947 1896 3004 lucem
1944 2966 2066 3004 ma-

410 3034 798 3104 gnam.Nemo
819 3041 1012 3091 autem
1046 3037 1647 3108 suspiceturMatthaei
1679 3043 1735 3093 et
1767 3038 2060 3110 prophetas

407 3123 585 3177 verba
611 3139 738 3178 esse
769 3124 922 3180 inter
955 3142 1016 3180 se
1047 3127 1507 3197 pngnantia,etsi
1531 3127 1628 3182 ille
1648 3128 1884 3198 quidem
1902 3127 2058 3183 dixe-

2250 2591 2376 2645 224.
2426 2588 2593 2664 Χώρα
2639 2581 2950 2642 Ζαϐουλὼν.
2985 2584 3127 2660 Πρὸς
3185 2585 3313 2648 τοὺς
3363 2584 3560 2650 αὐτοὺς
3611 2585 3827 2642 ἀποτεί-

2175 2697 2322 2731 νεται
2366 2677 2394 2732 ὁ
2437 2678 2748 2753 προφήτης,
2781 2675 2918 2750 πρὸς
2965 2673 3058 2736 οὓς
3111 2673 3479 2750 ἐπεχωρίαζεν
3533 2676 3561 2729 6
3611 2675 3830 2749 Κύριος,

2177 2763 2369 2829 οἵτινες
2423 2765 2686 2840 πρότερον
2739 2764 2790 2819 ἐν
2845 2768 2927 2836 τῷ
2983 2763 3159 2818 σκότει
3210 2771 3309 2834 τῆς
3338 2763 3556 2838 ἀγνοίας
3596 2765 3830 2838 πορευό-

2179 2876 2353 2927 μενοι,
2385 2855 2438 2909 έν
2487 2859 2554 2928 τῇ
2605 2851 2846 2926 ἀνατολῇ
2907 2857 3004 2906 τοῦ
3062 2853 3239 2930 φωτὸς
3288 2857 3383 2907 τοῦ
3431 2850 3719 2921 ἀληθινοῦ,
3753 2853 3822 2909 ⁹Ὀ

2175 2945 2398 3020 φωτίζει
2431 2943 2603 2998 πάντα
2642 2941 2926 3016 ἄνθρωπον
2981 2939 3274 3016 έρχόμενον
3322 2940 3398 3004 είς
3442 2941 3533 2994 τὸν
3585 2939 3816 3013 κόσμον,

2174 3030 2312 3088 εἶδον
2346 3036 2459 3106 (20)
2490 3038 2606 3112 φῶς
2668 3033 2823 3108 μέγα.
2860 3031 2956 3088 Καὶ
3028 3027 3217 3105 μηδεὶς
3269 3029 3462 3092 οἰέσθω
3520 3026 3813 3106 διαφωνίαν

2171 3119 2317 3198 ἴχειν
2372 3122 2509 3197 πρὸς
2564 3122 2627 3177 τὸ
2678 3121 3019 3199 προφητικὸν
3052 3119 3213 3196 ῥητὸν
3243 3117 3310 3174 τὰ
3337 3118 3483 3193 παρὰ
3522 3122 3618 3172 τοῦ
3677 3123 3819 3172 Ματ-

407 3211 500 3265 rit.
534 3213 774 3283 Populus
803 3216 902 3284 qui
953 3214 1178 3270 sedebat
1215 3218 1274 3270 in
1304 3219 1544 3272 tenebris
1573 3217 1634 3278 ⁶;
1670 3217 1878 3272 Isaiam
1922 3233 2058 3272 vero

2177 3212 2346 3276 θαίου·
2383 3211 2530 3285 ε⁹ίπερ
2591 3212 2619 3266 ὁ
2682 3211 2777 3283 μὲν
2831 3211 2995 3265 εἶπεν·
3029 3211 3090 3267 Ὁ
3148 3208 3278 3270 λαὸς
3326 3209 3355 3262 6
3406 3208 3716 3279 καθήμενος
3771 3203 3825 3306 έν

405 3303 634 3355 constet
663 3301 879 3357 dixisse
914 3319 926 3357 :
961 3304 1068 3370 Qui
1096 3305 1419 3360 ambulabat
1448 3307 1782 3362 intenebris.
1817 3307 1963 3361 Nam
1998 3306 2060 3360 in

406 3390 667 3444 tenebris
694 3391 999 3446 ambulare
1029 3391 1183 3447 idem
1209 3393 1361 3449 valet
1391 3400 1563 3465 atque
1596 3397 1650 3450 in
1687 3396 1947 3451 tenebris
1984 3410 2071 3450 se-

408 3477 568 3543 dere,
608 3494 738 3532 cum
774 3485 1021 3550 uterque
1052 3497 1086 3536 a
1115 3483 1413 3554 proposito
1455 3485 1568 3539 fine
1597 3484 1868 3540 similiter
1898 3485 2068 3540 aber-

417 3571 526 3633 ret,
550 3570 675 3621 tum
711 3568 811 3639 qui
837 3585 949 3623 non
985 3575 1273 3637 movetur,
1317 3575 1441 3626 tum
1485 3573 1586 3644 qui
1618 3579 1836 3629 temere
1865 3575 2067 3629 obam-

407 3654 576 3709 bulat
605 3656 999 3714 errabundus.
1031 3657 1138 3722 Qui
1173 3660 1328 3714 enim
1362 3661 1488 3716 sine
1520 3679 1697 3733 scopo
1728 3663 1965 3726 incedit,
1997 3663 2070 3717 ad

317 3795 320 3798 .
409 3742 637 3799 nullum
669 3750 890 3800 certum
915 3747 1109 3802 locum
1139 3749 1339 3815 vadit;
1369 3749 1469 3820 qui
1517 3766 1649 3805 vero
1681 3751 1740 3805 in
1774 3752 1890 3806 otio
1923 3751 2067 3806 deti-

408 3837 600 3900 netur,
635 3849 1004 3905 nequaquam
1039 3837 1212 3890 ﬁnem
1248 3839 1719 3909 assequitur.Hic
1751 3839 1932 3910 igitur
1963 3856 2068 3911 po-

407 3921 606 3992 pulus,
658 3923 757 3992 qui
791 3924 1052 3994 gentium
1086 3925 1422 3997 ignorantia
1464 3928 1893 3998 obcaecabatur,
1924 3927 2069 3984 vidit

407 4007 622 4078 lucem,
660 4027 770 4066 non
805 4011 1007 4081 talem,
1043 4013 1233 4085 qualis
1265 4015 1338 4070 ab
1365 4017 1518 4087 igne,
1547 4022 1648 4072 aut
1679 4035 1712 4072 a
1735 4017 1943 4082 stellis,
1968 4023 2071 4074 aut

409 4114 443 4153 ει
466 4097 628 4164 luna,
653 4105 755 4154 aut
777 4117 809 4156 a
839 4101 982 4169 sole,
1017 4107 1119 4157 aut
1149 4121 1182 4158 a
1214 4104 1480 4176 fulgetris
1540 4107 1677 4161 oriri
1739 4107 1886 4163 solet
1919 4126 1932 4175 ;
1965 4109 2068 4163 sed

403 4185 552 4242 vidit
584 4187 773 4244 lucem
807 4206 1242 4264 magnam,quas
1273 4193 1573 4250 intellectu
1607 4211 1903 4268 sensuque
1927 4213 2068 4267 prte-

407 4276 547 4331 ditis
578 4277 837 4349 aﬂ‘ulget,
872 4297 999 4350 quae
1027 4287 1084 4336 et
1137 4298 1268 4336 cum
1320 4283 1485 4338 Patre
1513 4289 1625 4354 est,
1683 4290 1742 4340 et
1799 4285 2069 4342 homines

407 4363 750 4435 illustrat,et
771 4368 1012 4439 angelos
1042 4371 1223 4424 efﬁcit
1254 4371 1681 4440 splendidos,et
1711 4374 2066 4430 sufﬁcitom-

409 4454 732 4520 nibus,imo
766 4456 945 4512 latius
971 4458 1163 4514 adhuc
1196 4461 1459 4516 extendit
1488 4478 1627 4517 suos
1652 4464 1930 4534 fulgores.
1955 4463 2067 4518 Sed

407 4542 468 4598 in
499 4559 616 4614 qua
647 4544 882 4616 regione
913 4547 1168 4618 populus
1190 4550 1455 4620 gentium
1493 4550 1798 4607 habitabat
1826 4552 1854 4606 ?
1881 4552 1946 4607 In
1979 4569 2068 4608 re-

2180 3301 2378 3356 σκότει·
2424 3303 2452 3356 6
2511 3298 2568 3355 δὲ
2607 3297 2826 3362 Ἡσαΐας
2887 3299 3129 3376 φαίνεται
3171 3297 3431 3370 εἷ’ρηκώς.
3476 3297 3536 3352 '0
3594 3295 3835 3368 πορευό-

2183 3412 2341 3463 μενος
2374 3389 2428 3445 έν
2458 3391 2659 3446 σκότει.
2693 3393 2836 3446 Ἵσον
2870 3389 2972 3463 γὰρ
3025 3386 3244 3442 δύναται
3296 3385 3388 3441 καὶ
3417 3387 3481 3440 τὸ
3539 3384 3591 3439 ἐν
3653 3378 3830 3438 σκότει

2178 3480 2523 3555 πορεύεσθαι,
2557 3478 2647 3534 καὶ
2698 3480 2760 3533 τὸ
2817 3473 3323 3546 καθέζεσθαιθδιότι
3383 3478 3482 3530 τοῦ
3536 3471 3836 3545 ἀποκειμέ-

2177 3590 2274 3622 νου
2327 3568 2520 3629 τέλους
2579 3567 2787 3640 ὁμοίως
2847 3566 3146 3644 ἀμφότεροι
3203 3562 3622 3620 ἀπολείπονταιο
3659 3562 3688 3615 ὁ
3741 3561 3831 3633 μὶν

2182 3659 2257 3730 μὴ
2291 3657 2634 3730 κινούμενος,
2668 3657 2696 3711 6
2753 3655 2810 3710 δὶ
2865 3656 2982 3724 εἰκῆ
3035 3653 3486 3729 πεθιερχόμενος.
3521 3652 3616 3706 Καὶ
3672 3651 3774 3726 γὰρ
3805 3651 3831 3704 ὁ

2180 3747 2304 3802 ἄνευ
2363 3746 2568 3801 σκοποὸ
2625 3743 2881 3821 βαδίζων,
2912 3741 3159 3818 οὐδαμοῦ
3206 3743 3516 3818 προχωρεῖ,
3545 3737 3635 3794 καί
3694 3741 3721 3793 6
3779 3737 3830 3792 ἐν

2177 3834 2339 3911 ἀργίᾳ
2392 3832 2774 3907 πεπεδημένος
2803 3837 2916 3907 (21)
2976 3833 3074 3888 οὐκ
3122 3831 3418 3906 έφικνεῖται
3465 3833 3562 3885 τοῦ
3611 3825 3833 3886 τέλους.

2179 3927 2351 3988 Οὗτος
2379 3925 2560 3980 τοίνυν
2595 3925 2622 3979 6
2655 3923 2810 3991 λαὸς,
2842 3924 2870 3978 6
2902 3922 2953 3978 έν
3001 3926 3070 3996 τῇ
3125 3921 3310 3996 ἐθνικῇ
3360 3919 3553 3995 ἀγνοίᾳ
3601 3917 3834 3972 ἐσκοτω-

2182 4016 2365 4087 μένος,
2400 4012 2506 4069 εἶδε
2537 4017 2673 4092 φῶς,
2707 4012 2814 4087 οὐχ
2845 4014 2960 4067 οἷον
3001 4011 3062 4066 τὸ
3102 4011 3209 4066 ἀπὸ
3240 4011 3434 4083 πυρὸς,
3469 4006 3592 4062 ούδὶ
3619 4009 3735 4061 οἷον
3769 4005 3833 4060 τὸ

2179 4105 2283 4159 ἀπὸ
2337 4105 2574 4175 ἀστέρων
2629 4101 2664 4170 ἢ
2719 4101 2980 4171 σελήνης,
3036 4096 3161 4154 ούδὶ
3218 4101 3332 4154 οἷον
3382 4098 3445 4152 τὸ
3501 4095 3733 4166 ἡλιακὸν
3795 4093 3832 4164 ἢ

2177 4193 2535 4266 ἀστραπαῖον,
2571 4189 2716 4247 ἀλλὰ
2747 4195 2861 4268 φῶς
2913 4188 3066 4263 μέγα·
3103 4188 3131 4243 ὃ
3180 4187 3269 4242 καὶ
3321 4191 3541 4257 νοητοῖς
3600 4183 3839 4258 ἐπιλάμ-

2179 4303 2267 4337 πει
2299 4281 2389 4337 καὶ
2430 4281 2733 4351 αἰσθητοῖς,
2767 4280 2795 4334 ὃ
2845 4277 2935 4333 καὶ
2980 4277 3152 4353 Πατρὶ
3206 4275 3439 4348 σύνεστι,
3469 4277 3560 4329 καί
3618 4272 3837 4347 ἀνθρώ-

2178 4392 2316 4434 πους
2371 4370 2613 4449 φωτίζει,
2673 4368 2763 4423 καὶ
2845 4366 3106 4444 ἀγγέλους
3167 4362 3470 4442 φαιδρύνει,
3526 4363 3617 4419 καὶ
3672 4367 3834 4417 πᾶσιν

2181 4460 2426 4535 ἐπαρκεῖ,
2458 4461 2547 4515 καί
2600 4457 2678 4514 ἔτι
2729 4458 2919 4512 ἑαυτοῦ
2977 4457 3073 4517 τὰς
3130 4453 3295 4530 αὐγὰς
3353 4453 3472 4530 ἔχει
3524 4453 3833 4528 ὑπερτεινο-

2185 4548 2346 4622 μένας
2376 4549 2512 4624 πρὸς
2565 4551 2677 4621 (22)
2707 4549 2770 4603 τὸ
2800 4547 3012 4603 πλεῖον.
3040 4546 3101 4602 Ὀ
3156 4541 3214 4598 δὲ
3268 4543 3400 4606 λαὸς
3451 4545 3479 4598 6
3526 4547 3633 4598 τῶν
3673 4541 3831 4596 έθνῶν

409 4631 582 4703 gione
611 4635 870 4690 tenebris
903 4638 1110 4692 mortis
1141 4619 1434 4710 cooperta.
1467 4640 1614 4695 Nam
1667 4641 1753 4697 eis
1782 4640 2062 4712 impendit

2179 4619 2309 4711 ιξύκει
2331 4637 2382 4692 ἐν
2417 4619 2581 4714 χώρα
2604 4619 2827 4710 ποδαπῇ
2855 4655 2868 4706 ;
2902 4634 3246 4708 Σκιαζομένῇ
3303 4633 3407 4688 ὑπὸ
3449 4636 3547 4687 τοῦ
3583 4629 3828 4688 θανάτου.

404 4720 584 4777 veluti
619 4725 806 4780 nubes
837 4725 1024 4781 densa
1080 4743 1184 4798 per
1242 4727 1660 4798 idololatriam,
1695 4731 1880 4786 donec
1909 4732 2062 4786 venit

2177 4729 2359 4787 Οἱονεὶ
2420 4727 2522 4804 γὰρ
2571 4727 2766 4805 νεφέκη
2833 4726 3022 4802 βαθεῖα
3081 4722 3323 4778 ἐπέκειτο
3367 4724 3473 4796 (23)
3502 4720 3711 4787 αὐτοῖς,
3743 4717 3836 4774 διὰ

404 4809 632 4879 lumen,
657 4814 837 4885 quod,
888 4815 1170 4872 intercisa
1199 4821 1258 4872 et
1287 4833 1539 4873 excussa
1589 4818 1862 4892 caligine,
1922 4820 2062 4892 ipsis

2177 4825 2276 4888 τῆς
2319 4815 2804 4883 εἶδωλολαταείας,
2835 4811 2940 4876 in»;
2974 4812 3133 4869 ἐλθὸν
3179 4809 3242 4867 τὸ
3292 4815 3408 4889 φῶς
3460 4807 3679 4884 διέκοψε
3736 4808 3832 4882 μὶν

406 4901 780 4974 splendorem
811 4904 1072 4961 ostendit
1100 4905 1385 4963 veritatis.
1443 4907 1705 4964 Subinde
1753 4909 1825 4964 ad
1874 4907 2062 4982 ipsam

2177 4909 2273 4978 τὴν
2303 4904 2508 4984 ἀχλὺν,
2533 4902 2829 4985 έφήπλωσε
2859 4901 2918 4960 δὲ
2947 4903 3137 4966 αὐτοῖς
3165 4907 3268 4972 τῆς
3301 4898 3564 4972 ἀληθείας
3593 4899 3656 4954 τὸ
3705 4899 3834 4977 φέγ-

479 5100 524 5138 ⁹⁹
554 5101 672 5160 Col.
706 5121 748 5175 ι,
773 5105 858 5162 15.
887 5105 1096 5164 'Joan.
1127 5124 1165 5177 1,
1201 5107 1252 5164 1.
1283 5107 1306 5142 ²
1359 5107 1483 5165 Gal.
1548 5126 1588 5180 ι,
1639 5109 1726 5168 16.
1759 5109 1780 5144 ³
1811 5109 2062 5184 Philipp.

2178 5151 2192 5179 ,
2227 5111 2312 5168 14.
2346 5111 2368 5146 ⁸
2389 5110 2562 5167 Joan.
2604 5123 2649 5181 ι,
2676 5109 2732 5165 9.
2758 5107 2780 5145 ⁸
2809 5106 3011 5165 Matth.
3043 5119 3123 5179 Iv,
3155 5105 3244 5162 16.

483 5300 591 5372 (18)
623 5303 863 5382 Antiqui
893 5313 1012 5365 tres
1044 5307 1178 5382 libri
1203 5323 1338 5363 cum
1378 5307 1577 5378 editis,
1634 5313 1730 5364 τοῦ
1791 5306 2060 5382 δοθέντος,

411 5371 657 5450 humore
671 5371 797 5446 pati
819 5382 1022 5450 poculi.
1055 5380 1168 5436 Alii
1199 5385 1318 5435 tres
1369 5396 1537 5450 mss.,
1564 5371 1666 5434 τοῦ
1708 5371 1988 5447 ποθέντος.

618 5443 866 5525 [itertu
896 5453 1080 5522 Colb.,
1114 5443 1686 5525 κατεσπουδασμένως.

441 5518 596 5641 ἷὲἓο)
621 5518 711 5574 Sic
733 5518 877 5580 mss.
912 5518 1197 5582 nonnulli.
1232 5524 1384 5581 Editi
1402 5518 1537 5583 vero
1558 5531 1615 5584 et
1646 5527 1784 5600 Reg.
1809 5527 2059 5601 primus,

414 5605 545 5644 ειοε.

477 5659 592 5731 (21)
624 5660 777 5720 Editi
808 5667 866 5722 et
899 5666 1037 5739 Reg.
1094 5666 1351 5741 primus,
1404 5663 1858 5746 πεπαιδευμένος.
1911 5669 2060 5730 Hine

2173 5314 2340 5367 vetus
2370 5312 2682 5384 interpres,
2730 5313 2836 5381 Qui
2863 5311 3184 5367 etiamnum
3240 5303 3575 5384 inertiotio
3617 5302 3837 5384 edoctus

2173 5393 2257 5440 est
2284 5384 2487 5440 vivere.
2513 5372 2634 5458 Alii
2663 5372 2927 5458 quinque
2958 5396 3129 5450 mss.,
3161 5372 3559 5449 πεπεδημένος,
3594 5377 3707 5431 otio
3737 5375 3834 5431 de-

2171 5461 2374 5524 tentus,
2407 5456 2648 5526 Optime.

2243 5518 2617 5601 (22)ᾼὰιὶρυί
2647 5533 2764 5583 tres
2795 5525 2961 5601 libri,
2986 5519 3437 5598 ὑπερτεινόμενος
3468 5518 3621 5594 ὑπέρ.

2243 5534 2333 5596 (22
2382 5534 2617 5601 Antiqui
2647 5534 2764 5583 tres
2795 5534 2952 5594 libri,
2986 5534 3136 5598 ὺπερι

2242 5534 2356 5673 (23)
2387 5599 2529 5674 Reg.
2562 5603 2834 5674 quartus,
2865 5593 3136 5657 ἀπέκειτο.
