4138 6370
357 333 477 394 509

1202 330 1612 394 COMMENT.
1658 330 1738 392 IN
1780 329 2053 392 ISAIAM
2100 331 2605 398 PROPHETAM.
2647 335 2819 396 CAP.
2865 336 2973 398 IX.

3660 335 3779 397 510

357 485 479 537 γος.
525 463 656 516 Εἶτα
693 461 831 536 πρὸς
876 461 1008 516 αὐτὸ
1052 461 1112 516 τὸ
1140 459 1237 517 τοῦ
1287 461 1486 536 Κυρίου
1516 463 1808 532 πρόσωπον
1846 481 2008 534 μετα-

2125 463 2352 520 Domini
2388 483 2696 538 personam
2743 467 2954 523 transit
3002 467 3208 522 oratio.
3261 466 3407 532 Quid
3457 466 3776 522 enuntiat?

357 549 535 607 ϐαίνει
579 552 608 606 6
659 550 838 627 λόγος.
874 551 941 607 Τί
1002 551 1175 624 λέγων
1209 571 1222 621 ;
1274 553 1352 609 Τὸ
1385 551 1637 608 πλεῖστον
1663 556 1760 606 τοῦ
1792 550 1950 620 λαοῦ,
1984 550 2012 604 ὃ

356 643 658 716 κατήγαγες
712 642 822 713 (24)
900 639 952 694 ἐν
1029 639 1331 718 εὐφροσύνῃ
1393 661 1508 698 σου,
1569 639 1646 698 Οὐ
1711 641 1812 715 γὰρ
1881 637 2012 694 πάν-

356 751 445 792 τες
478 728 721 801 ἐδέξαντο
751 727 842 783 τὸν
877 727 1066 804 λόγον,
1095 727 1222 785 ἀλλ’
1257 731 1308 784 οἱ
1339 727 1587 784 πλεῖστοι
1628 726 2012 798 ἠκολούθησαν

357 820 438 892 τῷ
497 818 755 874 καλοῦντι
821 817 897 879 εἰς
955 817 1288 893 εὐφροσύνην
1369 818 1609 885 αίώνιον,
1671 815 1863 879 ο⁹ίτινες
1925 818 2015 871 καὶ

362 909 828 986 εὐφρανθήσονται
889 906 1120 963 ἐνώπιον
1173 912 1269 962 τοῦ
1328 912 1490 964 Θεοῦ.
1547 909 1635 969 Ὠς
1689 908 1740 961 οἱ
1798 905 2015 985 εὐφραι-

361 1001 582 1072 νόμενοι
638 997 691 1051 ἐν
751 998 968 1068 ἁμήτῷ.
1030 999 1094 1050 "0
1149 997 1250 1073 γὰρ
1308 997 1513 1070 σπείρει
1571 995 1826 1064 ἕκαστος,
1885 1001 2014 1051 τοῦ-

361 1110 428 1143 το
485 1086 573 1142 καὶ
632 1086 853 1157 θερίσει.
911 1086 996 1140 Ἑν
1060 1083 1149 1140 οῦν
1229 1090 1298 1151 τῇ
1369 1086 1551 1160 ἡμέρᾳ
1615 1092 1716 1156 τῆς
1783 1087 2014 1139 ἀνταπο-

367 1175 566 1238 δόσεως
613 1177 664 1229 οἱ
719 1175 811 1228 τὸν
861 1173 1026 1249 λόγον
1081 1172 1382 1248 δεξάμενοι,
1415 1175 1505 1229 καὶ
1563 1177 2014 1249 καρποφορήσαν-

361 1285 446 1325 τες
479 1265 590 1336 (25)
619 1263 756 1318 κατά
807 1262 1101 1337 ἀναλογίαν
1151 1269 1260 1318 τῶν
1316 1262 1542 1326 ἐνταῦθα
1580 1263 1766 1325 αὐτοῖς
1807 1284 2014 1339 προκα-

355 1346 812 1424 ταόεὗλημὲνων,
851 1352 1211 1425 κομιζόμενοι
1263 1354 1408 1428 παρὰ
1432 1357 1528 1407 τοῦ
1562 1351 1771 1408 δικαίου
1827 1353 2014 1427 κριτοῦ

368 1441 467 1504 τὰς
521 1439 888 1513 ἀντιμισθίας,
947 1441 1432 1517 εὐφρανθήσονται,
1482 1442 1568 1502 Ὡς
1621 1442 1672 1495 οἱ
1728 1439 2013 1515 εὐφραινὸ-

361 1549 515 1601 μενοι
577 1529 630 1583 ἐν
684 1531 882 1602 άμήτῳ
917 1573 931 1599 ,
989 1529 1081 1584 καὶ
1155 1530 1212 1584 ὃν
1263 1529 1464 1604 τρόπον
1527 1529 1580 1584 οἱ
1639 1526 2011 1603 διαιρούμενοι

358 1617 533 1672 σκῦλα
561 1618 629 1675 Οἱ
662 1617 758 1691 μὶν
807 1617 1222 1693 εὐφραινόμενοι
1273 1618 1325 1673 ἐν
1375 1620 1596 1691 ἀμήτῳ,
1625 1617 1684 1672 ἐκ
1712 1623 1818 1672 τῶν
1855 1615 2010 1671 ἰδίων

2123 555 2378 609 Plurima
2408 573 2534 625 pars
2558 555 2778 627 populi,
2813 574 2984 628 quam
3015 557 3302 612 deduxisti
3331 574 3390 610 ιη
3421 557 3623 612 laetitia
3651 561 3770 611 tua.

2126 641 2249 698 Non
2279 643 2434 696 enim
2462 659 2666 699 omnes
2697 651 3050 718 exceperunt
3100 645 3366 710 verbum,
3398 645 3497 698 sed
3532 644 3771 715 plurimi

2123 736 2428 786 vocantem
2461 735 2532 787 ad
2566 739 2835 788 aeternam
2867 732 3124 788 laetitiam
3157 733 3337 788 secuti
3391 739 3548 798 sunt,
3584 733 3684 803 qui
3715 739 3773 788 et

2123 817 2478 874 lmtabuntur
2507 821 2563 874 in
2598 827 2910 892 conspectu
2945 822 3064 877 Dei.
3092 823 3250 877 Sicut
3293 824 3389 892 qui
3418 824 3680 877 laetantur
3707 822 3768 875 in

2123 924 2314 963 messe.
2364 907 2524 971 Quod
2576 910 2731 964 enim
2780 911 3028 966 seminat
3086 911 3516 981 unusquisque,
3567 911 3673 964 hoc
3713 913 3770 964 et

2126 1002 2307 1053 metet
2324 998 2364 1053 ⁸.
2383 1001 2581 1070 Itaque
2597 998 2654 1052 in
2673 998 2765 1054 die
2789 998 3407 1070 remunerationis,qui
3426 999 3773 1054 admiserint

2124 1088 2388 1149 verbum,
2421 1093 2594 1158 atque
2617 1104 2720 1158 pro
2755 1087 2978 1141 ratione
2999 1103 3200 1142 eorum
3226 1104 3356 1158 qum
3387 1087 3548 1158 prius
3579 1087 3639 1142 in
3663 1087 3771 1142 hac

2125 1175 2242 1229 vita
2274 1175 2382 1230 sibi
2433 1177 2663 1229 fuerant
2713 1175 3072 1242 concredita,
3125 1177 3349 1230 fructus
3396 1175 3708 1243 ediderint,
3738 1193 3771 1230 a

2117 1265 2281 1334 justo
2307 1263 2504 1333 judice
2537 1265 2866 1318 mercedem
2899 1263 3123 1318 meritis
3144 1264 3300 1318 haud
3331 1265 3616 1334 imparem
3639 1279 3773 1319 con-

2125 1353 2334 1423 secuti,
2395 1353 2573 1408 iidem
2629 1353 2999 1414 laetabuntur.
3058 1352 3209 1406 Sicut
3269 1354 3364 1422 qui
3421 1353 3684 1408 tutantur
3710 1354 3771 1406 in

2123 1457 2313 1510 messe,
2347 1445 2399 1496 et
2428 1444 2572 1496 sicut
2604 1445 2648 1497 ii
2690 1444 2786 1512 qui
2831 1441 3086 1496 dividunt
3136 1441 3330 1511 spolia.
3393 1442 3497 1506 Qui
3535 1441 3767 1512 quidem

2123 1530 2491 1585 oblectantur
2521 1533 2580 1586 in
2614 1547 2828 1598 messe,
2872 1547 2939 1585 ex
2981 1531 3106 1585 suis
3153 1531 3418 1601 ipsorum
3467 1530 3769 1586 laboribus

2121 1620 2318 1690 gaudii
2355 1620 2586 1675 initium
2617 1621 2894 1690 capiunt;
2929 1619 3029 1690 qui
3054 1636 3185 1674 vero
3215 1619 3420 1690 spoliis
3451 1619 3770 1686 ditescunt,

355 1704 538 1760 πόνων
571 1705 664 1768 τὰς
695 1705 870 1781 ἀρχὰς
913 1713 1012 1775 τῆς
1068 1707 1403 1782 εὐφροσύνης
1462 1705 1702 1783 ἔχουσιν·
1733 1707 1784 1761 ot
1817 1703 1874 1760 δὲ
1905 1705 2008 1759 ἀπὸ

2122 1711 2484 1781 repentinam
2506 1726 2686 1780 opum
2707 1710 3201 1780 acquirendarum
3233 1709 3601 1764 occasionem
3625 1725 3768 1762 nan-

357 1793 574 1849 σκύλων
605 1793 990 1866 πλουτοῦντες,
1041 1790 1238 1869 ἀθρόαν
1295 1792 1688 1868 ὑποδέχονται,
1705 1795 1802 1848 τοῦ
1845 1791 2008 1848 πλού-

526 1884 539 1898 .
623 1883 635 1898 .
813 1884 826 1898 .
955 1892 963 1898 .
1015 1883 1028 1898 ε
1154 1889 1180 1898 -
1306 1884 1319 1898 .
1433 1883 1444 1898 ι
1652 1883 1672 1898 .
1899 1883 1910 1898 ς
1986 1881 2001 1898 ς

2122 1799 2444 1854 cisountur.
2490 1799 2854 1869 Quapropter
2905 1798 3059 1853 bona
3106 1804 3356 1868 utraque
3402 1798 3766 1862 memoravit,

351 1903 450 1938 του
478 1884 578 1951 τὴν
612 1883 889 1960 ἀφορμὴν.
942 1883 1039 1937 Διά
1087 1889 1249 1938 τοῦτο
1295 1883 1578 1960 ἀμφότερα
1626 1883 1793 1951 εἶπεν,
1824 1881 2008 1936 καὶτὰ

2122 1893 2247 1944 tum
2279 1904 2409 1959 qua;
2431 1885 2922 1942 remunerationis
2945 1887 3201 1955 nomine,
3227 1891 3352 1940 tum
3375 1902 3502 1956 quae
3536 1884 3719 1956 gratis
3736 1902 3769 1940 a

353 1973 402 2047 ἐξ
436 1971 757 2036 ἀντιδόσεως
791 1974 979 2049 ἀγαθὰ,
1012 1975 1098 2028 καὶ
1149 1975 1216 2028 τὰ
1266 1973 1324 2028 ἐκ
1372 1973 1604 2048 χάριτος
1649 1975 1752 2028 ὑπὸ
1781 1978 1878 2028 τοῦ
1913 1993 2007 2046 με-

2122 1976 2674 2032 muniﬁcentissimo
2689 1976 3170 2047 largitoredanda
3183 1978 3376 2030 erunt.
3391 1973 3666 2029 Ablatum
3679 1977 3770 2028 est

349 2061 679 2138 γαλοδώρου
711 2060 954 2127 δίδοσθαι
982 2062 1279 2135 μέλλοντα.
1319 2063 1622 2140 Ἀφῄρηται
1655 2064 1757 2137 γὰρ
1791 2064 1818 2116 6
1854 2061 2008 2136 ζυγὸς

2122 2067 2276 2121 enim
2299 2067 2510 2136 jugum
2542 2065 2815 2136 gentibus
2845 2063 3211 2135 impositum.
3247 2067 3565 2118 Excussere
3594 2079 3768 2133 grave

348 2153 378 2207 6
435 2151 523 2206 ἐπὶ
574 2157 680 2206 τῶν
744 2151 912 2206 ἐθνῶν
965 2152 1230 2224 κείμενος,
1294 2152 1642 2207 ἀπεαείσαντο
1691 2153 1782 2206 τὸν
1839 2150 2005 2226 βαρὺν

2122 2156 2324 2226 iugum
2355 2157 2504 2222 ejus,
2539 2155 2637 2225 qui
2671 2154 2831 2225 ipsos
2861 2153 3193 2223 subjeceret
3228 2153 3443 2224 peccati
3476 2151 3764 2221 servituti,

349 2244 504 2318 ζυγὸν
550 2247 647 2298 τοῦ
691 2245 760 2316 τῇ
811 2240 1032 2314 δουλείᾳ
1072 2247 1173 2308 τῆς
1221 2242 1485 2318 ἁμαρτίας
1535 2242 1728 2305 αὐτοὺς
1782 2239 2006 2310 ὑποζεύ-

345 2332 556 2403 ξαντος,
589 2332 677 2386 καὶ
713 2327 898 2408 ῥάϐδῳ
940 2333 1030 2386 τὸν
1059 2331 1348 2409 τράχηλον
1397 2332 1570 2386 αὐτῶν
1599 2332 2008 2403 κατακάμπτον-

339 2441 453 2488 τος,
481 2419 574 2475 ’ίνα
618 2421 681 2475 τὸ
720 2420 1084 2476 ἀποστολικὸν
1129 2424 1387 2497 κήρυγμα
1426 2428 1526 2489 τῆς
1559 2424 1742 2496 ψυχῆς
1771 2414 2010 2474 καταϐα-

365 2507 572 2578 λόντες,
610 2511 684 2583 μή
719 2513 832 2584 (26)
885 2509 1204 2583 ὑποκύψωσι
1236 2513 1304 2582 τῇ
1338 2508 1560 2580 δουλείᾳ
1585 2516 1685 2579 τῆς
1715 2508 2005 2583 ἁμαρτίας.

417 2602 547 2655 225.
609 2599 727 2667 Τὴν
789 2598 891 2675 γὰρ
960 2593 1157 2674 ῥάϐδον
1215 2603 1322 2653 τῶν
1385 2597 1755 2653 ἀπαιτούντων
1803 2595 2007 2652 διεσκέ-

361 2683 535 2755 δασεν,
570 2687 644 2748 ὡς
689 2691 759 2760 τῇ
787 2688 970 2763 ἡμέρᾳ
1025 2691 1093 2761 τῇ
1153 2687 1242 2742 ἐπὶ
1298 2685 1543 2760 Μαδιάμ.
1604 2687 1786 2749 Δεινὸς
1846 2686 2009 2740 ἀπαι-

353 2777 526 2845 τητὴς
581 2775 841 2854 ἐφέστηκε
894 2780 964 2850 τῇ
1023 2775 1334 2852 ἀνθρωπίνῃ
1396 2776 1528 2848 ζωῇ,
1585 2771 1876 2852 ῥαϐδίζων,
1918 2776 2006 2830 καὶ

359 2865 604 2920 ἀπαιτῶν
628 2866 694 2920 τὰ
741 2864 932 2921 ἐαυτοῦ
982 2865 1285 2939 θελήματα,
1318 2869 1346 2922 6
1393 2866 1572 2929 κοινὸς
1601 2868 1761 2938 ἡμῶν
1787 2865 2008 2942 ἐχθρός.

365 2953 564 3010 Βούλει
601 2955 784 3027 μαθεῖν
815 2962 917 3025 τῆς
949 2950 1153 3031 ῥάϐδου
1176 2955 1379 3026 ταύτης
1404 2957 1498 3017 τὰς
1527 2954 1747 3030 πληγάς
1773 2973 1786 3023 ;
1811 2955 2012 3010 Ἀκουε

355 3047 454 3096 τοῦ
515 3040 800 3116 λὲγοντος·
862 3043 1216 3117 Προσώζεσαν
1287 3045 1376 3098 καὶ
1453 3044 1724 3113 ἐσάπησαν
1789 3043 1839 3096 οἱ
1892 3043 2014 3113 μώ-

363 3126 544 3190 λωπές
581 3149 705 3201 μου·
741 3130 1010 3192 Δυσώδεις
1044 3130 1326 3203 μώλωπας
1375 3132 1596 3204 ἐμποιεῖ
1633 3136 1714 3202 τῷ
1742 3128 2011 3205 πληγέντι

2119 2259 2441 2313 eorumque
2470 2241 2685 2296 collum
2717 2243 2881 2312 virga
2904 2243 3264 2302 incurvabat.
3292 2247 3356 2296 ut
3383 2240 3765 2312 apostolicam

2121 2331 2594 2403 praedicationem
2630 2331 2688 2384 in
2721 2331 2919 2385 anima
2943 2331 3276 2397 fundentes,
3311 2330 3511 2400 sejam
3544 2328 3766 2401 peccati

2119 2421 2384 2476 servituti
2417 2437 2531 2475 non
2563 2419 2997 2476 submitterent.

2188 2599 2314 2653 225.
2356 2599 2579 2666 Virgam
2625 2600 2775 2653 enim
2823 2602 3143 2654 exactorum
3190 2598 3498 2668 dissipavit,
3540 2601 3678 2652 sicut
3708 2599 3769 2652 in

2120 2689 2207 2744 die
2251 2704 2373 2759 quae
2419 2703 2582 2757 super
2630 2687 2883 2742 Madian.
2937 2687 3214 2742 Imminet
3263 2686 3600 2741 mortalium
3639 2687 3768 2739 vitae

2120 2783 2352 2833 exactor
2380 2777 2596 2848 gravis,
2631 2777 2842 2830 feriens
2866 2777 3048 2847 virga,
3073 2778 3309 2847 exigens
3337 2793 3369 2831 a
3400 2775 3591 2846 nobis,
3614 2775 3766 2832 549

2125 2872 2186 2921 ut
2211 2883 2379 2920 suam
2406 2865 2596 2936 ipsius
2617 2865 2978 2919 voluntatem
3003 2880 3412 2929 exsequamur,
3436 2865 3772 2918 communis

2121 2954 2220 3009 ille
2250 2953 2528 3008 inimicus
2559 2957 2780 3008 noster.
2812 2953 2910 3006 Vis
2944 2968 3117 3007 nosse
3168 2953 3413 3021 hujusce
3442 2951 3614 3021 virgas
3646 2951 3771 3021 pla-

2123 3059 2227 3114 gas
2248 3042 2275 3095 ?
2307 3042 2449 3096 Audi
2481 3058 2639 3108 eum,
2671 3042 2771 3112 qui
2803 3041 2980 3096 dicit:
3027 3043 3377 3095 Putruerunt
3416 3047 3465 3094 et
3491 3043 3770 3106 corrupta?

2122 3133 2252 3185 sunt
2279 3131 2567 3185 cicatrices
2596 3146 2727 3184 mea
2748 3131 2788 3182 ’¹.
2834 3127 2982 3183 Mala
3030 3127 3134 3183 illa
3161 3129 3324 3198 virga
3370 3126 3770 3198 graveolentes

357 3217 390 3284 ἡ
425 3188 642 3289 πονηρᾶ
671 3213 890 3293 ῥάϐδος.
921 3188 1204 3288 Ἐννόησόν
1266 3188 1359 3292 μοί
1400 3188 1520 3274 τινα
1560 3188 1927 3294 συνεχόμενον
1959 3217 2008 3272 ἐν

2124 3220 2342 3274 vibices
2373 3219 2425 3273 ei
2458 3219 2557 3290 qui
2589 3234 2776 3272 caesus
2805 3223 2916 3282 est,
2957 3218 3160 3272 inurit.
3215 3218 3391 3287 Finge
3434 3215 3540 3272 tibi
3573 3217 3769 3271 animo

356 3302 668 3376 ἐπιθυμίαις
724 3305 1027 3374 ποικίλαις,
1085 3307 1175 3362 καὶ
1234 3306 1484 3386 σφοδρῶς
1560 3307 1863 3384 ἐγκείμενον
1939 3312 2009 3382 τῇ

351 3391 648 3448 ἀπολαύσει
695 3400 802 3450 τῶν
847 3394 1082 3465 ἡδονῶν,
1119 3402 1237 3459 πῶς
1287 3393 1665 3473 ῥαϐδιζομίνῳ
1709 3396 1870 3468 ἔοικε,
1917 3398 2007 3452 καὶ

349 3481 687 3555 ἀπαγομὲνῳ
732 3484 869 3554 πρὸς
914 3486 1014 3552 τήν
1068 3485 1356 3559 ἁμαρτίαν.
1410 3485 1525 3543 Οὐκ
1567 3485 1776 3556 ἀνίησιν
1821 3489 1857 3555 ἡ
1885 3485 2008 3540 ἐπι-

349 3569 518 3642 θυμία
569 3569 764 3646 κέντρα
819 3572 910 3626 καὶ
971 3570 1165 3637 ὀδύνας
1212 3571 1516 3646 ἐμποιοῦσα
1565 3578 1644 3646 τῷ
1693 3574 2004 3646 ἀκολάστῳ,

346 3653 450 3719 ἕως
481 3657 543 3713 ἃν
592 3660 682 3714 τὸν
741 3658 801 3715 ἐκ
850 3668 949 3731 τῆς
1009 3662 1274 3735 ἁμαρτίας
1334 3662 1587 3736 μώλωπα
1627 3666 1695 3736 τῇ
1728 3665 1882 3738 ψυχῇ
1914 3661 2008 3736 ἐμ-

348 3749 579 3822 ποιήσῃ,
629 3745 900 3804 δυσωδίαν
953 3749 1234 3828 ἐναφιέντα
1264 3750 1317 3806 ἐν
1369 3755 1437 3826 τῇ
1475 3755 1582 3806 τῶν
1612 3751 1854 3826 αἰσχρῶν
1888 3752 2009 3806 ἀνα-

717 3838 729 3855 ,
963 3839 974 3858 ι
1169 3841 1182 3855 ι
1295 3839 1340 3858 υ
1393 3838 1415 3856 ’κ
1778 3840 1788 3858 ρ
1949 3842 1962 3861 ι

355 3838 568 3908 μνήσει.
621 3839 838 3909 Ταυτην
890 3859 1066 3893 τοινυν
1123 3861 1221 3908 την
1282 3835 1479 3915 ραϐοον
1540 3838 1898 3908 διασκεδασει,
1933 3861 2006 3902 ως

351 3921 662 3981 διεσκέδασε
698 3928 798 3996 τήν
850 3929 1028 4004 ἀρχὴν
1084 3929 1172 3983 καὶ
1225 3930 1325 3998 τὴν
1385 3927 1688 3984 δυναστείαν
1737 3934 1844 3984 τῶν
1895 3937 2005 3985 M1-

346 4010 606 4084 διηναίων
647 4018 778 4090 (27)·
812 4017 886 4072 ὧν
922 4017 1074 4090 οἶμαι
1102 4025 1203 4087 τῆς
1235 4019 1474 4092 ἱστορίας
1513 4017 1808 4093 μέμνησθε,
1841 4018 1875 4088 ἢ
1902 4026 2002 4088 τῆς

342 4104 480 4158 κατὰ
532 4104 659 4167 τοὺς
735 4106 1055 4181 Ἀριθμοὺς,
1114 4107 1148 4177 ἢ
1201 4115 1298 4178 τῆς
1351 4107 1402 4163 ἐν
1460 4114 1578 4172 τοῖς
1632 4112 1873 4183 Κριταῖς.
1917 4109 2004 4164 Ἑν

349 4193 442 4264 μὲν
500 4193 604 4268 γὰρ
671 4201 788 4256 τοῖς
864 4197 1154 4270 Ἀριθμοῖς
1229 4217 1381 4276 φησι·
1465 4197 1836 4272 Ηαρετάξαντο
1913 4195 2001 4253 ἐπὶ

342 4278 592 4355 Μαδιάμ,
652 4283 790 4347 καθὰ
839 4283 1141 4340 ἐνετείλατο
1202 4287 1399 4364 Κύριος
1472 4291 1553 4361 τῷ
1625 4291 1834 4360 Μωσεῖ,
1909 4286 2000 4341 καὶ

343 4369 657 4427 ἀπέκτειναν
757 4376 861 4427 πᾶν
964 4374 1267 4449 ἀρσενικὸν,

342 4455 574 4531 Μαδιὰμ
651 4459 963 4516 ἀπᾶκτειναν
1021 4465 1134 4537 ἅμα
1187 4469 1305 4526 τοῖς
1380 4465 1740 4540 τραυματίαις
1798 4465 1998 4524 αὐτῶν.

2122 3309 2460 3380 quempiam
2483 3307 2661 3362 variis
2687 3306 3112 3378 cupiditatibus
3133 3306 3469 3370 obnoxium,
3495 3322 3560 3360 ac
3580 3305 3772 3359 fruen-

2121 3397 2211 3451 dis
2258 3397 2658 3468 voluptatibus
2713 3397 2880 3451 valde
2937 3395 3242 3451 deditum:
3296 3395 3548 3464 quodam
3597 3396 3770 3450 modo

2119 3485 2445 3540 consimilis
2488 3486 2781 3540 videbitur
2819 3486 2892 3555 ei,
2953 3485 3052 3556 qui
3106 3501 3422 3556 percussus
3465 3484 3626 3555 virga
3658 3492 3768 3553 est,

2117 3575 2393 3645 atque'ad
2427 3579 2728 3645 peccatum
2754 3574 3064 3628 adductus.
3085 3577 3206 3628 Non
3233 3572 3446 3628 desinit
3464 3572 3645 3628 libido
3664 3575 3768 3628 sti-

2118 3663 2310 3718 mulos
2333 3664 2641 3718 admovere
2659 3663 2976 3733 impudico,
3002 3679 3254 3733 eumque
3277 3662 3476 3716 dolore
3500 3662 3767 3730 afﬁcere;

2115 3753 2299 3808 donec
2330 3751 2546 3822 peccati
2579 3750 2823 3806 vibicem
2871 3767 2997 3822 quae
3049 3768 3151 3822 per
3199 3750 3458 3820 turpium
3497 3752 3766 3805 recorda-

2116 3842 2337 3896 tionem
2370 3846 2586 3895 tetrum
2611 3856 2676 3894 ac
2727 3841 2944 3894 t'cndum
2981 3839 3218 3894 odorem
3254 3839 3508 3903 exhalat,
3569 3840 3766 3894 animo

2116 3929 2500 4002 impresserit.
2534 3927 3052 3999 Dissipabitigitur
3073 3927 3222 3982 hanc
3247 3928 3492 3998 virgam,
3527 3928 3768 3998 perinde

2114 4023 2179 4074 ut
2209 4019 2602 4090 principatum
2625 4023 2682 4072 et
2701 4017 3016 4089 imperium
3035 4017 3486 4071 Madianitarum
3511 4016 3765 4088 dissipa-

2112 4109 2228 4163 vit:
2254 4124 2531 4178 quorum,
2554 4111 2717 4178 puto,
2747 4107 3024 4162 historias
3047 4105 3404 4161 meministis
3429 4131 3442 4171 ;
3467 4106 3586 4160 sive
3609 4122 3762 4176 eam,

2112 4214 2239 4268 quae
2269 4197 2328 4253 in
2361 4197 2651 4265 Numeris,
2685 4196 2805 4252 sive
2843 4213 2971 4250 eam
3025 4212 3151 4260 quas
3199 4197 3259 4248 in
3288 4194 3438 4250 libro
3484 4194 3761 4250 Judicum

2109 4285 2344 4358 legitur.
2403 4287 2500 4341 Ait
2557 4285 2798 4356 quidem
2851 4286 2906 4339 in
2967 4283 3278 4339 Numeris:
3328 4285 3607 4340 lnstructa
3649 4287 3766 4339 acie

1372 4376 1463 4432 καὶ
1537 4375 1665 4440 τοὺς
1756 4375 1998 4452 βασιλεῖς

2122 4385 2426 4447 pugnarunt
2475 4374 2736 4431 adversus
2784 4373 3022 4440 Madian,
3074 4375 3221 4430 sicut
3266 4375 3531 4445 praecepit
3580 4375 3764 4430 Domi-

2108 4481 2214 4520 nus
2245 4464 2433 4536 Moysi,
2466 4469 2514 4519 et
2543 4465 2856 4521 occiderunt
2887 4480 3047 4520 omne
3084 4461 3486 4531 masculinum,
3520 4467 3573 4518 et
3602 4480 3766 4536 reges

342 4549 436 4603 'Ev
499 4544 555 4602 δὶ
609 4553 726 4611 τοῖς
788 4555 1016 4626 Κριταῖς
1051 4572 1063 4584 °
1125 4553 1184 4610 Ὁ
1260 4549 1462 4608 Γεδεὼν
1535 4552 1860 4631 ἀπέστρεψεν
1922 4553 2000 4617 εἷς

2122 4555 2325 4609 Μαάίαη
2368 4556 2766 4608 interemerunt
2819 4571 2931 4608 una
2979 4570 3104 4608 cum
3162 4554 3466 4608 vulneratis
3511 4569 3700 4609 eorum
3723 4552 3763 4608 ⁸.

343 4637 446 4705 τὴν
529 4633 888 4712 παρεμϐολὴν
970 4640 1226 4716 Ἰσραὴλ,
1299 4642 1389 4697 καὶ
1466 4643 1610 4698 εἶπεν
1647 4663 1659 4676 °
1739 4645 2004 4714 ’Δνάστη-

343 4746 407 4781 τε
437 4727 574 4799 (28),
607 4728 690 4782 ὅτι
749 4725 1033 4804 παρέδωκε
1082 4730 1278 4808 Κύριος
1335 4732 1386 4787 ἐν
1446 4732 1634 4808 χερσὶν
1695 4735 1855 4806 ἡμῶν
1902 4734 2001 4802 τὴν

349 4810 718 4892 παρεμϐολὴν
770 4816 1018 4892 Μαδιάμ.
1068 4819 1128 4874 Τί
1159 4819 1217 4876 δέ
1276 4820 1386 4876 ἐστι
1443 4823 1525 4880 τὸ.
1583 4827 1764 4879 Ηᾶσαν
1799 4819 2003 4891 στολὴν

348 4905 688 4983 συνηγμένην
749 4904 939 4982 δύλῳ,
991 4907 1083 4964 καὶ
1155 4913 1274 4984 (29)
1327 4912 1545 4986 ἱμάτιον
1611 4912 1749 4986 μετὰ
1801 4910 2004 4968 καταλ-

2115 4644 2178 4698 In
2214 4643 2360 4699 libro
2392 4648 2585 4698 autem
2615 4644 2890 4697 Judicum
2918 4660 2930 4697 :
2962 4642 3172 4697 Gedeon
3201 4659 3450 4698 reversus
3480 4653 3558 4698 est
3580 4644 3636 4698 in
3672 4659 3764 4698 ca-

2112 4741 2230 4789 stra
2257 4733 2448 4800 Israel,
2487 4735 2536 4788 et
2579 4732 2768 4787 dixit:
2814 4731 3054 4803 Surgite,
3108 4733 3240 4802 quia
3291 4732 3522 4787 tradidit
3565 4732 3762 4786 Domi-

2115 4840 2220 4878 nus
2252 4827 2311 4878 in
2349 4839 2548 4878 manus
2591 4825 2804 4877 nostras
2833 4826 3018 4878 castra
3064 4821 3341 4877 Madian’.
3383 4821 3533 4886 Quid
3565 4824 3761 4876 autem

2113 4917 2223 4982 est,
2256 4913 2588 4982 restituere,
2622 4910 2849 4968 Omnem
2877 4913 3072 4970 stolam
3087 4910 3384 4970 collectam
3412 4910 3554 4981 dolo,
3585 4914 3635 4966 et
3672 4925 3765 4965 ve-

415 5052 438 5087 ⁸
463 5050 591 5108 Gal.
621 5069 700 5123 v1,
731 5054 791 5113 8.
875 5055 896 5089 ⁷
924 5054 1079 5113 Psal.
1110 5073 1324 5126 xxxvu,
1355 5059 1412 5115 6.
1487 5059 1510 5095 ⁸
1541 5062 1722 5116 Num.
1751 5075 1908 5131 XXXI,
1935 5058 1992 5129 7,
2024 5058 2080 5114 8.
2157 5058 2180 5094 ⁹
2209 5057 2349 5114 Jud.
2380 5061 2482 5128 vri,
2517 5057 2604 5113 15.

418 5212 533 5291 (ἓξ)
558 5213 747 5291 Codex
776 5213 934 5291 idem
965 5221 1223 5291 θεατῆγεςο

423 5284 537 5428 (25)
567 5286 809 5412 Antiqui
839 5287 956 5342 duo
986 5284 1145 5358 libri,
1176 5291 1671 5368 καρποφοροῦντες.

444 5356 537 5427 26)
569 5361 722 5412 Vocu
753 5375 786 5413 a
817 5359 892 5428 μή
926 5360 1091 5416 doest
1146 5363 1386 5428 quidem
1436 5369 1494 5420 et
1533 5364 1594 5419 in
1649 5379 1671 5419 ε

569 5356 892 5441 Voculapiﬁ
926 5360 1091 5441 doest
1131 5356 1400 5441 'qui'deni_
1431 5356 1594 5441 'et_i_n
1649 5363 1825 5441 editis
1855 5368 1914 5441 et
1943 5362 2002 5419 in

356 5430 578 5508 nostris
604 5430 939 5508 codicibus:
973 5433 1072 5488 sed
1101 5430 1231 5490 ea'm
1261 5452 1330 5493 ex
1359 5436 1630 5506 Eusebio,
1663 5437 1819 5492 unde
1849 5436 2004 5508 frag-

361 5504 627 5575 mentum
653 5501 797 5575 illud
822 5509 1128 5575 sumptum
1146 5511 1258 5575 est,
1278 5501 1760 5566 addendam'esse
1781 5501 2008 5565 censu'i-

361 5586 520 5628 mus.
557 5573 696 5643 Lege
725 5573 1150 5633 Pratationem.

434 5643 547 5717 (27)
578 5644 733 5703 Editi
782 5649 842 5702 et
869 5645 1010 5718 Reg.
1054 5649 1308 5721 primus,
1335 5653 1444 5708 τῶν
1491 5646 1858 5723 Μαδηνιαίων.
1890 5649 2009 5709 Alii

2115 5223 2372 5294 quatuor
2391 5235 2572 5294 _mss.,
2603 5220 2710 5271 τῶν
2744 5214 3111 5294 Μαδιηναίων.

2183 5295 2292 5362 (28)
2327 5291 2479 5348 Editi
2509 5296 2566 5348 et
2595 5292 2883 5347 recentior
2917 5288 3254 5347 Combeﬁsii
3285 5291 3496 5362 codex,
3527 5288 3763 5359 ἀναστή-

2114 5359 2259 5433 Θητι,
2280 5359 2466 5420 male.
2498 5363 2658 5419 Alter
2683 5363 3010 5417 Combeﬁsii
3043 5364 3242 5433 codex,
3273 5359 3559 5432 ἀνάστητε,
3587 5373 3760 5418 recte.

2113 5431 2253 5493 Mor
2270 5435 2412 5492 editi
2444 5438 2500 5492 et
2545 5433 2803 5508 quinque
2826 5431 3122 5508 ⁸φοεηέν
3171 5433 3357 5508 χερσὶν
3393 5431 3563 5506 ὑμῶν.
3602 5438 3672 5490 At
3703 5435 3760 5490 in

2116 5509 2253 5580 Reg.
2289 5507 2478 5580 primo
2508 5504 2575 5562 et
2593 5506 2746 5580 apud
2780 5505 2919 5580 ιΧξ
2944 5504 3182 5577 legitur,
3197 5504 3392 5580 ⁷ἡμῶν.

2289 5525 2478 5580 primo
2508 5525 2565 5562 et
2593 5525 2746 5574 apuu
2780 5525 2912 5560 mm
2944 5525 3174 5577 iegltur,
3207 5525 3392 5575 ημων.

2187 5582 2204 5653 (
2241 5580 2297 5653 9)
2328 5578 2582 5652 Uterque
2611 5576 2770 5633 Colb.
2803 5580 2860 5634 et
2886 5577 3026 5650 Reg.
3055 5579 3375 5648 secundus,
3405 5575 3497 5632 καὶ
3525 5580 3650 5631 πᾶν.
