4138 6380
389 345 502 404 5H

1329 343 1723 403 APPENDIX
1769 340 2098 403 OPEHUM
2143 342 2208 402 S.
2253 340 2538 402 BASlLlI
2581 338 2857 402 MAGNI.

3684 341 3807 400 512

391 477 709 530 stimentum
739 491 864 530 cum
918 476 1384 529 commutatione?
1439 474 1555 529 Hoc
1598 475 1708 527 dici
1769 474 2035 540 arbitror,

2155 468 2333 544 λαγῆς
2380 470 2689 538 ἀποτίσειν;
2717 469 2886 541 Οἶμαι
2935 467 3210 544 λέγεσθαι,
3262 469 3344 522 ὅτι
3391 469 3443 523 οἱ
3488 469 3581 524 τὸν
3635 468 3803 544 βαρὺν

392 582 422 634 q
436 565 546 617 uod
565 565 600 616 ii
616 563 713 635 qui
730 581 904 635 grave
921 564 1354 634 peccatijugum
1369 563 2038 634 imponentes,virgaque

390 658 755 707 conterentes
778 655 847 706 ad
881 659 1178 723 peccatum
1209 653 1470 722 adigunt,
1505 651 1710 706 stolam
1749 652 1879 706 dolo
1921 651 2036 704 col-

389 741 602 796 lectam
637 750 693 796 et
723 741 1134 794 vestimentum
1169 757 1298 794 cum
1331 744 1788 795 commutatione
1814 741 1932 795 sint
1955 757 2038 794 re-

392 831 674 884 stituturi.
725 829 828 894 Qui
881 829 1150 883 homines
1199 829 1526 900 spoliariut,
1575 846 1789 900 eosque
1838 829 2037 883 dolose

390 920 515 973 suis
545 919 898 972 denudarint
914 918 1298 983 vestimentis,
1325 935 1392 972 ea
1414 935 1547 972 cum
1579 917 2036 973 commutatione

391 1007 716 1062 restituent.
739 1010 880 1060 Cum
905 1007 1060 1061 enim
1085 1007 1416 1062 communis
1439 1007 1830 1062 illeinimicus
1849 1023 1952 1061 nos
1976 1007 2033 1060 in

388 1113 554 1151 suam
589 1095 877 1166 redegerit
907 1102 1276 1166 potestatem,
1322 1097 1674 1151 vestimenta
1717 1098 2035 1167 quamdam

385 1184 744 1238 deformitati
763 1189 979 1238 nostra;
997 1191 1360 1240 venustatem
1379 1186 1678 1240 aﬁ‘erentia
1695 1203 1728 1240 a
1747 1187 1913 1240 nobis
1930 1203 2034 1240 au-

388 1275 516 1327 fert.
551 1273 1018 1328 Christianorum
1043 1277 1238 1328 autem
1264 1274 1698 1341 indumentum,
1725 1275 1878 1345 quod
1904 1291 2032 1345 peo—

385 1363 497 1416 cati
533 1361 720 1417 nostri
750 1362 1176 1432 turpitudinem
1208 1364 1486 1433 contegit,
1521 1364 1663 1418 ﬁdes
1686 1369 1775 1418 est
1794 1362 2029 1418 Christi.

390 1451 714 1521 Quicunque
743 1453 889 1505 enim
924 1452 985 1504 in
1017 1450 1234 1505 Christo
1264 1453 1536 1522 baptizati
1561 1454 1708 1520 estis,
1759 1452 2035 1508 Christum

387 1541 657 1596 induistis
680 1542 740 1596 ¹⁹.
756 1541 859 1596 Ille
881 1541 1036 1596 enim
1062 1542 1339 1597 inimicus
1359 1548 1556 1597 noster
1569 1550 1701 1598 ante
1720 1543 1887 1598 ﬁdem
1907 1560 2032 1614 qua

387 1631 445 1685 in
462 1630 757 1686 Christum
772 1630 1206 1698 est,humanam
1225 1631 1564 1686 denudabat
1581 1631 2030 1702 turpitudinem,

387 1724 453 1773 ut
473 1721 569 1789 qui
594 1718 972 1789 cogitationes
996 1724 1225 1773 nostras
1256 1721 1472 1789 quibus
1505 1726 1702 1775 nostra
1722 1719 1840 1774 vita
1860 1737 2032 1775 orna-

2149 559 2474 624 έπιτιθέντες
2518 567 2618 628 τῆς
2666 560 2932 634 ἁμαρτίας
2985 559 3162 633 ζυγὸν,
3213 559 3302 612 καὶ
3351 553 3538 634 ῥάϐδῳ
3587 560 3802 633 συντρίοι

2147 644 2352 716 ϐοντες,
2411 647 2865 722 συναναγκάζουσι
2925 649 3060 722 πρὸς
3120 646 3415 720 ἁμαρτίαν·
3473 647 3625 701 οὗτοι
3698 649 3797 716 τήν

2151 741 2285 813 μετά
2337 739 2502 795 δόλου
2557 740 2994 814 ἐπισυνηγμένην
3055 737 3257 806 στολὴν
3315 740 3404 792 καί
3455 739 3518 792 τὸ
3578 739 3800 810 ἱμάτιον

2149 831 2285 901 μετὰ
2337 829 2686 904 καταλλαγῆς
2742 828 3116 884 ἀποτίσουσιν.
3177 828 3244 884 Οἱ
3306 825 3798 897 λωποδυτησαντος

2141 918 2267 978 τοὺς
2297 918 2636 994 ἀνθρώπους,
2663 917 2752 972 καὶ
2801 915 2951 988 δόλῳ
2998 915 3194 976 αὐτοὺς
3237 913 3475 990 γυμνοὺς
3521 920 3631 969 τῶν
3679 937 3802 971 σκε-

2143 1007 2440 1078 πασμάτων
2515 1003 2895 1076 ἀποδείξαντες
2927 1049 2944 1077 ,
3019 1005 3152 1077 μετά
3224 1001 3580 1078 καταλλαγῆς
3637 1005 3800 1060 ἀποτι

2146 1116 2353 1152 σουσιν.
2385 1097 2549 1152 ’Ὁταν
2582 1097 2686 1170 γὰρ
2733 1089 2876 1168 λάϐῃ
2929 1096 3078 1166 ἡμᾶς
3129 1092 3231 1147 ὑπὸ
3278 1093 3378 1160 τὴν
3425 1092 3619 1147 ἑαυτοῦ
3649 1093 3798 1164 ἐξουο

2145 1185 2259 1239 σὶαν
2304 1186 2331 1238 ὁ
2371 1186 2552 1245 κοινὸς
2601 1184 2824 1258 ἐχθρὸς,
2883 1183 3101 1259 ἀφαιρεῖ
3155 1184 3316 1254 ἡμῶν
3375 1183 3441 1235 τὰ
3499 1181 3803 1254 ἶμάτια,τὰ

2139 1282 2257 1338 τοῖς
2289 1277 2432 1350 ἀσχή
2446 1295 2606 1345 μοσεν
2654 1276 2814 1343 ἡαῶν
2845 1271 3266 1347 εὐσχημοσύνην
3295 1272 3633 1346 περιτιθέντα
3659 1275 3794 1345 (30).

2142 1365 2380 1436 Ἱμάτιον
2437 1362 2495 1418 δὶ
2550 1366 2908 1438 Χριστιανῶν,
2970 1362 3166 1416 σκέπον
3215 1362 3277 1416 τὸ
3337 1358 3594 1437 ἄσχημον
3640 1365 3798 1434 ἡμῶν

2141 1461 2240 1524 τῆς
2273 1453 2563 1527 ἁμαρτίας,
2611 1455 2646 1521 ἡ
2701 1451 2776 1515 εἷς
2829 1452 3060 1526 Χριστὸν
3115 1450 3314 1512 πίστις.
3368 1453 3522 1506 Ὅσοι
3571 1451 3674 1526 γὰρ
3718 1453 3793 1515 εἷς

2143 1544 2370 1620 Χριστὸν
2449 1537 2842 1612 ἐϐαπτίσθητε,
2921 1541 3150 1614 Χριστὸν
3230 1537 3589 1603 ένεδύσασθε.
3691 1542 3793 1596 Ἦν

2145 1631 2201 1687 δὶ
2230 1634 2315 1688 καὶ
2351 1632 2456 1706 πρὸ
2486 1638 2586 1700 τῆς
2619 1630 2695 1692 εἷς
2746 1631 2978 1704 Χριστὸν
3029 1629 3259 1691 πίστεως
3308 1634 3529 1704 γυμνῶν
3570 1634 3670 1698 τὴν
3703 1629 3796 1683 ἀν-

2143 1721 2410 1796 θρωπείαν
2460 1718 2853 1796 ἀςχημοσῦνην
2906 1721 2934 1774 ὁ
2986 1718 3186 1793 ἐχθρὸς
3233 1720 3414 1790 ἡμῶν,
3454 1719 3549 1779 τὰς
3587 1717 3798 1780 ἐννοίας

387 1809 578 1876 batur,
605 1808 877 1876 auferret,
904 1814 1078 1879 atque
1103 1809 1426 1863 nuditatem
1453 1815 1711 1864 nostram
1742 1813 2028 1880 proderet.

2145 1812 2329 1882 ἡμῶν,
2357 1813 2442 1871 αἷς
2472 1811 2505 1877 ἡ
2542 1810 2653 1878 ζωὴ
2688 1811 2850 1881 ἡμῶν
2898 1812 3315 1879 κατεκοσμεῖτο,
3355 1811 3676 1882 περιαιρῶν,
3703 1807 3798 1862 καὶ

391 1899 679 1962 Quoniam
703 1897 881 1968 igitur
902 1897 1103 1952 dolose
1126 1898 1644 1969 fraudulenterque
1667 1900 2032 1970 exspoliavit,

384 1986 602 2040 idcirco
633 2002 868 2041 omnem
901 1987 1110 2040 stolam
1144 1987 1445 2042 collectam
1475 1988 1629 2055 dolo,
1660 1993 1717 2042 et
1737 2005 1910 2043 omne
1942 2005 2035 2042 ve-

395 2076 736 2130 stimentum
769 2091 902 2130 cum
933 2077 1390 2131 commutatione
1411 2076 1702 2132 restituet.
1731 2077 1854 2131 Non
1877 2080 2035 2132 enim

384 2164 575 2219 solum
606 2181 673 2220 ea
696 2182 820 2235 quae
847 2165 1015 2219 nobis
1046 2167 1203 2220 tuere
1233 2166 1528 2234 adempta,
1555 2166 1872 2236 recipimus
1896 2184 1910 2233 ;
1932 2168 2032 2221 sed

387 2254 562 2308 etiam
615 2254 922 2309 accedente
969 2254 1178 2309 Christi
1231 2254 1528 2324 agnitione
1577 2256 1880 2310 evadimus
1914 2273 2034 2311 me-

388 2341 585 2397 liores.
622 2342 804 2398 Induit
827 2344 975 2397 enim
1005 2360 1107 2411 me,
1129 2345 1340 2415 inquit,
1363 2346 1680 2400 vestimento
1700 2347 1955 2414 salutari,
1988 2351 2039 2400 et

389 2433 578 2485 tunica
609 2431 821 2487 laetitiae
859 2433 922 2486 “.
956 2432 1200 2487 Omnem
1253 2433 1433 2504 igitur
1480 2433 1692 2488 stolam
1734 2435 2037 2489 collectam

388 2520 542 2586 dolo,
576 2520 685 2576 hoc
715 2526 825 2587 est,
855 2521 1184 2576 clanculum
1209 2524 1530 2594 demptam,
1555 2540 1686 2578 cum
1713 2530 2039 2578 commuta-

388 2608 548 2664 tione
581 2611 913 2666 restituent.
947 2615 1015 2666 Et
1047 2613 1285 2682 cupient,
1318 2615 1370 2666 si
1397 2613 1554 2682 ﬁant,
1586 2629 1699 2668 esse
1739 2615 1864 2684 igne
1891 2630 2038 2669 com-

391 2698 538 2753 busti
561 2717 580 2752 :
611 2701 742 2770 quia
769 2702 1035 2770 parvulus
1063 2711 1228 2756 natus
1257 2710 1336 2756 est
1376 2703 1548 2758 nobis.
1583 2702 1847 2774 Malignm
1879 2707 2040 2774 pote-

388 2793 569 2841 states
589 2795 720 2859 post
742 2789 966 2844 Domini
993 2791 1307 2845 adventum
1328 2791 1664 2846 clamabant
1688 2809 1700 2846 :
1721 2793 1871 2862 Quid
1886 2792 2042 2847 nobis

384 2881 436 2931 et
465 2877 592 2946 tibi,
625 2879 735 2932 Fili
772 2879 868 2933 Dei
905 2882 929 2931 .9
979 2880 1180 2934 Venisti
1237 2879 1344 2935 huc
1368 2889 1494 2935 ante
1551 2889 1757 2950 tempus
1787 2889 2042 2951 torquere

383 2981 480 3020 nos
506 2967 572 3020 ¹².
605 2967 769 3022 Tunc
819 2968 1038 3023 malent
1088 2969 1223 3039 igne
1275 2970 1454 3024 luisse
1511 2970 1830 3038 combusti,
1863 2987 2040 3042 quam

385 3055 762 3110 condemnari
793 3056 1005 3111 Christi
1034 3057 1092 3112 in
1125 3075 1299 3113 carne
1331 3060 1662 3129 praesentia.

2142 1900 2240 1967 τὴν
2270 1898 2549 1973 γύμνωσιν
2573 1900 2732 1970 ἡμῶν
2754 1895 3120 1970 δημοσιεύων.
3150 1893 3516 1969 Ἐπεὶ(31)οὖν
3542 1894 3800 1971 δολεραῖς

2147 1987 2407 2051 έπινοίαις
2463 1987 2804 2061 ἂπημφίασε,
2855 1991 3025 2040 πᾶσαν
3088 1982 3290 2052 στολὴν
3353 1984 3796 2061 ἐπισυνηγμένην

2147 2073 2319 2148 δόλῳ,
2371 2076 2460 2131 καὶ
2509 2081 2610 2130 πᾶν
2671 2077 2891 2147 ἱμάτιον
2943 2074 3075 2146 μετὰ
3115 2071 3470 2147 καταλλαγῆς
3529 2075 3796 2133 ἀποτίσει.

2147 2165 2223 2223 Οὐ
2256 2167 2359 2240 γὰρ
2413 2166 2577 2238 μόνον
2629 2159 3118 2236 ἀπολαμϐάνομεν,
3170 2163 3204 2216 ἃ
3250 2162 3606 2241 ἀφῃρήμεθα,
3652 2163 3800 2220 ἀλλὰ

2145 2255 2235 2310 καὶ
2264 2259 2332 2328 τῇ
2380 2257 2667 2328 προσθήκῃ
2707 2261 2810 2323 τῆς
2857 2253 2932 2316 εἷς
2983 2253 3214 2327 Χριστὸν
3267 2252 3616 2327 ἐπιγνώσεως
3669 2253 3797 2329 βελ-

2143 2345 2425 2416 τιοόμεθα.
2479 2342 2723 2399 Ἐνέδυσε
2797 2343 2902 2417 γὰρ
2993 2363 3059 2414 με
3115 2344 3247 2414 (32),
3318 2342 3514 2419 φησὶν,
3579 2342 3794 2414 ἱμάτιον

2147 2433 2420 2507 σωτηρίου
2456 2477 2469 2501 ,
2528 2434 2616 2486 καὶ
2721 2435 2932 2507 χιτῶνα
3007 2430 3343 2508 εὐφροσύνης
3380 2473 3393 2486 .
3472 2437 3650 2486 Πᾶσαν
3703 2428 3794 2484 οῦν

2147 2521 2348 2591 στολὴν
2385 2520 2817 2596 ἐπισυνηγμένην
2849 2519 3019 2593 δόλῳ,
3043 2519 3311 2587 τουτέστι,
3338 2518 3617 2597 λαθραίως
3646 2521 3798 2597 ὑφαι-

2149 2618 2418 2686 ρεθεῖσαν,
2480 2614 2613 2685 μετὰ
2668 2608 3027 2684 καταλλαγῆς
3084 2609 3424 2668 ἀποτίσουσι.
3485 2610 3583 2664 Καὶ
3637 2610 3797 2686 Θεγή-

2149 2722 2372 2771 σουσιν,
2428 2699 2471 2754 εἰ
2545 2699 2792 2775 ἰγένοντο
2854 2701 2965 2772 (33)
3025 2698 3420 2774 πυρίκαυστοι,
3508 2698 3589 2754 ὅτι
3671 2719 3804 2753 παι-

2150 2787 2265 2844 δίον
2295 2789 2558 2864 ἐγεννήθη
2613 2792 2772 2861 ἡμῖν.
2831 2789 2899 2845 Ai
2952 2787 3190 2862 πονηραὶ
3249 2785 3505 2860 δυνάμεις
3537 2788 3674 2858 μετὰ
3701 2788 3803 2855 τὴν

2146 2882 2244 2933 τοῦ
2301 2879 2502 2953 Κυρίου
2562 2875 2858 2948 ἐπιδημίαν
2918 2874 3160 2952 ἔκραζον·
3220 2877 3286 2932 Τί
3341 2878 3476 2947 ἡμῖν
3533 2876 3622 2928 καὶ
3683 2874 3794 2943 eoi,

2149 2968 2238 3022 Υῖὶ
2282 2971 2381 3023 τοῦ
2441 2971 2575 3022 Θεοῦ
2626 2986 2639 3035 ;
2691 2965 2892 3029 Ἦλθες
2971 2964 3078 3021 ὧδε
3138 2965 3242 3040 πρὸ
3297 2968 3487 3038 καιροῦ
3548 2961 3794 3037 βασανί-

2151 3078 2240 3112 σαι
2296 3059 2444 3131 ήμᾶς
2491 3077 2505 3127 ;
2566 3056 2705 3113 Τότε
2770 3056 3050 3132 αἱροῦνται
3122 3054 3361 3130 γενέσθαι
3439 3047 3812 3128 πυρίκαυστοι

391 3140 628 3214 μᾶλλον,
661 3142 694 3212 ἢ
725 3144 825 3198 ὑπὸ
851 3150 952 3213 τῆς
985 3143 1034 3198 έν
1069 3145 1224 3219 σαρκὶ
1257 3150 1489 3221 Χριστοῦ
1519 3145 1827 3225 ἐπιφανείας
1856 3145 2287 3224 κατακρίνεσθαι.

451 3235 574 3289 226.
612 3235 752 3303 Quia
778 3237 1043 3306 parvulus
1073 3242 1236 3292 natus
1265 3246 1342 3293 est
1371 3239 1549 3305 nobis,
1600 3240 1752 3309 ﬁlius
1781 3242 1831 3294 et
1861 3239 2028 3295 datus

2213 3239 2360 3294 226.
2421 3238 2542 3293 Ὀτι
2617 3232 2837 3290 παιδίον
2920 3233 3178 3310 ἐγεννήθη
3250 3234 3387 3305 ἡμῖν
3433 3274 3448 3298 ,

381 3331 460 3377 est
491 3323 667 3386 nobis.
699 3325 853 3392 cuius
879 3327 1224 3397 principatus
1245 3329 1424 3398 factus
1452 3332 1531 3383 est
1567 3345 1728 3397 super
1749 3329 2039 3384 humerum

379 3413 519 3483 ejus.
568 3413 632 3467 Et
689 3419 910 3468 vocatur
955 3431 1151 3470 nomen
1181 3417 1318 3487 ejus,
1378 3418 1534 3473 550
1590 3419 1773 3489 Magni
1813 3419 2044 3474 consilii

382 3503 634 3569 angelus.
667 3503 816 3567 Quot
837 3504 963 3573 jam
996 3504 1308 3560 didicimus
1343 3505 1568 3561 Domini
1604 3507 1844 3562 nomina
1865 3524 2036 3578 supe-

385 3590 509 3644 rius
542 3591 896 3648 audivimus.
929 3594 1062 3648 Ecce
1099 3595 1254 3666 Virgo
1286 3597 1346 3650 in
1377 3605 1527 3651 utero
1543 3598 1832 3665 concipiet,
1865 3607 1918 3652 et
1937 3614 2035 3668 pa-

385 3681 490 3735 riet
531 3681 754 3750 ﬁlium:
803 3685 851 3737 et
896 3684 1160 3738 vocabunt
1207 3701 1404 3740 nomen
1451 3687 1567 3749 eius
1616 3688 1946 3742 Emmanuel
1970 3687 2032 3742 ¹⁸.

383 3769 487 3824 Hic
520 3776 759 3826 vocatur
789 3788 1001 3827 nomen
1026 3773 1175 3843 ejus,
1199 3777 1392 3844 Magni
1410 3777 1630 3830 consilii
1658 3777 1905 3847 angelus.
1933 3776 2037 3830 Hic

383 3859 510 3931 ipse
538 3865 649 3929 est,
684 3859 783 3930 qui
818 3877 1096 3933 magnum
1121 3864 1433 3919 consilium
1465 3881 1498 3919 a
1528 3865 1757 3921 saeculis
1790 3867 2035 3921 abscon-

387 3948 600 4017 ditum,
633 3951 1110 4020 generationibus
1139 3953 1270 4008 aliis
1303 3953 1457 4009 haud
1491 3954 1851 4009 declaratum
1882 3961 2039 4027 pate-

385 4035 521 4092 fecit
545 4038 606 4091 “.
641 4037 747 4093 Hic
777 4041 1146 4095 annuntiavit
1178 4048 1233 4096 et
1265 4043 1480 4097 detexit
1510 4043 1568 4097 in
1600 4045 1875 4115 gentibus
1897 4062 2036 4100 suas

385 4126 574 4198 ipsius
605 4127 1168 4201 impervestigabiles
1201 4131 1456 4199 divitias,
1490 4137 1555 4188 ut
1601 4133 1805 4189 ﬁerent
1833 4137 2036 4206 gentes

385 4216 715 4274 cohaeredes
736 4222 791 4273 et
810 4219 1255 4290 concorporales
1284 4221 2034 4294 ",videlicethujusipsius,

381 4306 882 4378 cujusimperium
917 4312 1005 4363 est
1035 4325 1214 4380 super
1244 4310 1558 4365 humerum
1592 4311 1759 4382 ejus;
1793 4311 1900 4367 hoc
1923 4316 2031 4379 est,

383 4410 629 4465 regnum
661 4400 719 4451 et
751 4401 1010 4468 potestas
1040 4397 1100 4453 in
1123 4415 1314 4455 cruce.
1348 4404 1412 4454 In
1446 4417 1676 4457 crucem
1700 4403 1856 4457 enim
1880 4403 2036 4458 exal-

379 4486 562 4552 tatus,
590 4501 795 4542 omnes
817 4488 888 4542 ad
909 4503 970 4542 se
986 4487 1182 4558 ipsum
1205 4489 1380 4545 traxit
1398 4491 1460 4545 ¹⁸.
1481 4490 1756 4547 Adducam
1773 4494 1919 4548 enim
1941 4508 2037 4564 pa-

3516 3230 3632 3292 υἱὸς
3707 3229 3800 3284 καὶ

2147 3325 2308 3396 ἐδόθη
2365 3328 2547 3398 ἡμῖν,
2605 3326 2666 3379 οὗ
2724 3327 2758 3393 ἠ
2820 3325 2968 3399 ἀρχὴ
3046 3323 3278 3397 ἐγενήθη
3351 3321 3438 3376 ἐπὶ
3495 3323 3590 3375 τοῦ
3648 3317 3806 3390 ὤμου

2147 3417 2354 3472 αὐτοῦ.
2411 3414 2514 3471 Καὶ
2568 3412 2813 3469 καλεῖται
2865 3414 2928 3468 τὸ
3012 3407 3187 3484 ὄνομα
3243 3410 3409 3466 αὐτοῦ
3443 3452 3456 3479 ,
3546 3405 3806 3482 Μεγάλης

2153 3504 2359 3583 βουλῆς
2418 3501 2694 3580 ἄγγελος.
2755 3504 2904 3557 Πόσα
2955 3499 3063 3571 ἤδη
3118 3499 3359 3573 ὀνόματα
3429 3495 3801 3572 ὶδιδάχθημεν

2145 3598 2241 3652 τοῦ
2299 3595 2500 3671 Κυρίου
2537 3640 2551 3664 ,
2609 3595 2876 3670 ἀνώτερον
2946 3592 3218 3665 ἠκούομεν
3257 3633 3268 3645 .
3333 3588 3476 3646 Ἰδοὺ
3552 3592 3588 3658 ἡ
3648 3592 3803 3660 Παρ-

2146 3687 2298 3748 θένος
2357 3687 2411 3741 ἰν
2468 3685 2656 3761 γαστρὶ
2728 3684 3010 3757 λήψεται,
3069 3681 3158 3737 καὶ
3207 3680 3412 3750 τέξεται
3488 3680 3603 3734 υἱὸν
3643 3721 3656 3745 ,
3715 3677 3802 3732 καὶ

2145 3774 2433 3830 καλέσουσι
2489 3775 2552 3828 τὸ
2621 3769 2796 3847 ὄνομα
2852 3773 3020 3827 αὐτοῦ
3099 3767 3482 3844 Ἐμμανουήλ.
3543 3769 3807 3830 Ἐνταῦθα

2145 3862 2390 3919 καλεῖται
2424 3863 2484 3917 τὸ
2517 3857 2688 3935 ὄνομα
2741 3862 2930 3929 αὐτσῦ,
2991 3859 3252 3927 Μεγάλης
3304 3856 3514 3934 βουλῆς
3554 3855 3802 3933 ἅγγελος.

2146 3956 2318 4016 Οὗτος
2350 3955 2506 4021 ὁτῆν
2565 3950 2812 4026 μεγάλην
2879 3949 3086 4026 βουλὴν
3146 3950 3244 4017 τήν
3306 3944 3799 4023 ἀποκεκρυμμένην

2146 4043 2252 4098 ἀπὸ
2281 4047 2388 4098 τῶν
2423 4042 2638 4097 αἶ’ώνων
2697 4040 2968 4116 γνωρίσας
3028 4042 3165 4112 (34),
3215 4039 3313 4107 τήν
3358 4037 3567 4112 ἑτέραις
3599 4039 3807 4111 γενεαῖς

2151 4134 2225 4207 μὴ
2273 4136 2688 4210 φανερωθεῖσαν.
2740 4130 2913 4191 Οὗτος
2959 4130 2986 4184 ὁ
3038 4125 3360 4203 ἀναγγείλας
3416 4125 3503 4181 καὶ
3561 4125 3806 4203 φανερώ-

2147 4243 2240 4284 σας
2268 4222 2361 4276 τὸν
2389 4220 2796 4295 ἀνεξιχνίαστον
2852 4219 3044 4273 ἑαυτοῦ
3089 4216 3326 4272 πλοῦτον
3355 4215 3407 4271 έν
3430 4220 3548 4274 τοῖς
3579 4211 3804 4280 ἔθνεσιν,

2147 4311 2280 4366 εἶναι
2335 4311 2400 4366 τὰ
2457 4308 2580 4381 ἔθνη
2641 4307 3070 4384 συγκληρονόμα
3124 4307 3213 4362 καὶ
3283 4304 3572 4378 ιιύσσωμα⁸
3634 4303 3806 4358 αὐτοῦ

2141 4400 2244 4477 γὰρ
2275 4400 2492 4470 τούτου,
2537 4400 2598 4454 οὗ
2650 4401 2685 4468 ἡ
2739 4398 2884 4474 ἀρχή
2933 4397 3073 4452 ἐστιν
3133 4395 3222 4450 ἐπὶ
3277 4399 3374 4451 τοῦ
3424 4390 3580 4469 ὤμου
3611 4393 3802 4448 αὐτοῦ.

2142 4492 2442 4559 τουτέστιν,
2473 4492 2509 4560 ἡ
2546 4487 2797 4564 βασιλεία
2841 4489 2931 4542 καὶ
2980 4489 3015 4556 ἡ
3065 4484 3296 4559 δύναμις
3355 4483 3407 4539 έν
3442 4488 3523 4556 τῷ
3567 4486 3797 4558 σταυρῷ.

383 4589 498 4628 cem
536 4591 702 4645 super
725 4578 1026 4648 principes,
1067 4595 1256 4651 pacem
1303 4585 1356 4636 et
1401 4583 1693 4638 sanitatem
1741 4583 1868 4654 ipsi.
1911 4582 2033 4638 Μα-

2146 4580 2270 4637 Ἐπὶ
2296 4584 2391 4635 τοῦ
2422 4583 2655 4654 σταυροῦ
2707 4578 2812 4653 γὰρ
2863 4578 3116 4651 ὑψωθεὶς,
3173 4576 3376 4637 πάντας
3407 4571 3622 4630 εἵλκυσε
3659 4571 3796 4646 πρὸς

384 4676 526 4733 gnus
550 4665 895 4737 principatus
922 4670 1066 4739 ejus,
1118 4672 1170 4722 et
1213 4671 1366 4740 pacis
1398 4671 1554 4727 illius
1602 4688 1717 4726 non
1765 4680 1841 4728 est
1883 4671 2032 4742 ﬁnis.

385 4751 530 4808 Hinc
561 4753 754 4826 palam
788 4761 878 4812 est
907 4755 1030 4814 haec
1052 4756 1112 4813 in
1143 4758 1333 4815 Patris
1358 4775 1609 4832 persona
1639 4761 1823 4818 fuisse
1855 4762 2031 4818 dicta.

2145 4669 2331 4725 ἑαυτόν
2369 4715 2380 4727 .
2457 4671 2604 4742 ’Άεω
2671 4668 2776 4744 γὰρ
2845 4665 3065 4742 εἰρήνην
3143 4664 3232 4720 ἐπὶ
3304 4663 3434 4726 τοὺς
3505 4660 3798 4740 ἄρχοντας,

2146 4759 2366 4837 εἷρήνην
2429 4761 2542 4834 (35)
2612 4757 2701 4814 καὶ
2763 4755 2940 4833 ὑγείαν
3027 4755 3206 4829 αὐτῷ.
3261 4752 3492 4832 Μεγάλη
3551 4755 3587 4823 ἠ
3649 4751 3800 4828 ἀρχὴ

458 4925 502 5004 ‘_°
529 4925 656 4983 Gal.
686 4945 771 5000 ιιι,
799 4929 915 5004 _27.
999 4930 1040 4966 “
1099 4930 1210 4988 Isa.
1247 4949 1360 5004 ιιι,
1423 4933 1512 4989 10.
1595 4934 1640 4970 ¹²
1670 4933 1878 4991 Matth.
1938 4950 2035 4990 vm

2145 4933 2183 4989 ἓ.
2263 4934 2308 4970 ¹³
2339 4938 2453 4990 Isa.
2508 4949 2612 5002 vn,
2644 4932 2731 4988 14.
2811 4931 2856 4968 ¹⁴
2883 4929 3000 4986 Col.
3036 4947 3075 4999 ι,
3130 4929 3222 4986 26.
3302 4928 3348 4966 ’⁵
3377 4925 3595 5000 Ephes.
3627 4940 3714 4996 ιιι,
3746 4922 3807 4980 6.

385 4997 429 5034 ¹⁶
455 4996 624 5056 Joan.
657 4996 764 5068 xu,
791 5001 882 5058 32.

457 5170 570 5240 (30)
627 5172 798 5254 Editi,
858 5172 1259 5249 παρατιθέντα.
1308 5181 1379 5233 At
1437 5195 1538 5236 sex
1596 5197 1764 5249 mss.,
1825 5198 2032 5254 περιτι-

383 5237 559 5315 θέντα,
594 5237 812 5315 optime
827 5286 839 5301 .

454 5313 566 5383 (31)
603 5313 847 5391 Veteres
885 5319 1148 5391 quinque
1197 5319 1351 5391 libri,
1385 5320 1556 5378 Ἐπεί.
1629 5323 1781 5378 Editi
1818 5341 1949 5379 vero
1981 5328 2037 5380 et

383 5387 518 5454 Reg.
556 5389 800 5458 primus,
837 5387 977 5446 Ἐπί.

453 5459 566 5540 (32)
595 5461 881 5540 81011188.Δ
905 5479 1130 5517 omnes.
1189 5463 1560 5538 Typographi
1599 5485 1654 5520 σε
1683 5483 1786 5539 pro
1847 5486 1912 5540 με
1941 5467 2034 5523 in-

383 5536 551 5586 caute
583 5534 910 5589 ediderant.

599 5606 770 5686 glditi,
805 5605 1162 5686 ἐγενήθησαν.
1192 5612 1269 5686 Αἰ
1298 5623 1442 5665 mss.
1474 5624 1595 5686 sex,
1628 5606 1890 5686 ἐγένοντο.

453 5676 568 5748 (34)
595 5679 689 5736 Sic
721 5676 859 5752 Reg;
910 5682 1141 5737 tertius.
1195 5679 1318 5737 Vox
1360 5676 1628 5758 γνωρίσας
1667 5676 1744 5742 ’ἱῑι
1777 5683 1949 5743 editis
1979 5687 2038 5741 et

2143 5180 2204 5234 in
2235 5179 2367 5236 aliis
2424 5179 2881 5250 quinque__ms_s.
2943 5174 3328 5250 desideratur:
3383 5170 3645 5250 Subinde
3681 5169 3808 5250 _duo

2145 5268 2315 5320 mss.,
2367 5241 2629 5323 Οὗτος-ξὸ
2683 5245 2933 5323 ἄγγελος
2974 5247 3060 5323 καὶ
3124 5245 3476 5323 φανερώσας..
3518 5242 3632 5323 Alii
3665 5241 3806 5323 duo,

2145 5269 2315 5320 11188.,
2370 5269 2542 5312 υυτος
2601 5269 2629 5302 0
2683 5269 2714 5302 α
2751 5269 2914 5321 γεΛος
2974 5269 3060 5299 και
3124 5269 3454 5323 φανερωσας.
3518 5269 3632 5296 mu
3665 5269 3806 5307 uuu,

2145 5324 2322 5404 ριξτος
2413 5319 2687 5404 ἀγγείλας.
2898 5319 3154 5404 denique
3199 5335 3331 5374 cum
3384 5315 3525 5404 aliis,
3546 5315 3806 5404 duobus,

2144 5395 2317 5457 Οὗτος
2339 5393 2374 5472 ’ὁ
2429 5385 2766 5472 ἀναγγείλας.
2829 5385 3074 5449 Ιὺίᾱϐαί
3103 5397 3222 5447 tres
3277 5406 3452 5457 mss.,
3501 5385 3808 5459 ἀνεξιχνία-

2095 5501 2103 5506 -
2143 5488 2268 5522 στον
2298 5465 2480 5524 αὐτοῦ.

2145 5613 2183 5670 b
2216 5542 2326 5613 (35)
2359 5540 2477 5599 V01
2534 5537 2754 5614 ιῖρήνην
2813 5535 3013 5595 addita
3071 5538 3162 5593 est
3215 5549 3286 5590 ex
3337 5531 3527 5591 tribus
3585 5526 3808 5587 codici-

2188 5629 2280 5670 us.

2188 5629 2280 5672 UB.
