  <div class='ocr_page' id='page_1' title='image "/cluster/home/n/w/nwhite01/storage/ocr_20150623/30:no.2/coo.31924054873116/270.png"; bbox 0 0 4138 6372; ppageno 0'>
   <div class='ocr_carea' id='block_1_1' title="bbox 323 368 448 430">
    <p class='ocr_par' dir='ltr' id='par_1_1' title="bbox 323 368 448 430">
     <span class='ocr_line' id='line_1_1' title="bbox 323 368 448 430; baseline -0.008 0"><span class='ocrx_word' id='word_1_1' title='bbox 323 368 448 430; x_wconf 71' lang='grc'><strong>513</strong></span> 
     </span>
    </p>
   </div>
   <div class='ocr_carea' id='block_1_2' title="bbox 1170 363 2940 427">
    <p class='ocr_par' dir='ltr' id='par_1_2' title="bbox 1170 363 2940 427">
     <span class='ocr_line' id='line_1_2' title="bbox 1170 363 2940 427; baseline -0.001 -1"><span class='ocrx_word' id='word_1_2' title='bbox 1170 363 1581 426; x_wconf 78' lang='lat' dir='ltr'><strong>COMMENT.</strong></span> <span class='ocrx_word' id='word_1_3' title='bbox 1624 364 1704 425; x_wconf 86' lang='lat' dir='ltr'><strong>IN</strong></span> <span class='ocrx_word' id='word_1_4' title='bbox 1749 365 2023 427; x_wconf 83' lang='lat' dir='ltr'><strong>ISAIAM</strong></span> <span class='ocrx_word' id='word_1_5' title='bbox 2062 364 2574 426; x_wconf 81' lang='lat' dir='ltr'><strong>PROPHETAM.</strong></span> <span class='ocrx_word' id='word_1_6' title='bbox 2615 365 2785 426; x_wconf 85' lang='lat' dir='ltr'><strong>CAP.</strong></span> <span class='ocrx_word' id='word_1_7' title='bbox 2831 365 2940 425; x_wconf 86' lang='lat' dir='ltr'><strong>IX.</strong></span> 
     </span>
    </p>
   </div>
   <div class='ocr_carea' id='block_1_3' title="bbox 3625 373 3748 432">
    <p class='ocr_par' dir='ltr' id='par_1_3' title="bbox 3625 373 3748 432">
     <span class='ocr_line' id='line_1_3' title="bbox 3625 373 3748 432; baseline 0 -1"><span class='ocrx_word' id='word_1_8' title='bbox 3625 373 3748 432; x_wconf 74' lang='grc'><strong>514</strong></span> 
     </span>
    </p>
   </div>
   <div class='ocr_carea' id='block_1_4' title="bbox 325 491 2002 577">
    <p class='ocr_par' dir='ltr' id='par_1_4' title="bbox 325 491 1970 572">
     <span class='ocr_line' id='line_1_4' title="bbox 325 491 1970 572; baseline -0.001 -17"><span class='ocrx_word' id='word_1_9' title='bbox 325 498 526 568; x_wconf 73' lang='grc' dir='ltr'>αὑτοῦ,</span> <span class='ocrx_word' id='word_1_10' title='bbox 583 497 673 552; x_wconf 83' lang='grc' dir='ltr'><strong>καὶ</strong></span> <span class='ocrx_word' id='word_1_11' title='bbox 726 500 829 568; x_wconf 78' lang='grc' dir='ltr'><strong>τῆς</strong></span> <span class='ocrx_word' id='word_1_12' title='bbox 885 497 1108 572; x_wconf 75' lang='grc' dir='ltr'>εἰρήνης</span> <span class='ocrx_word' id='word_1_13' title='bbox 1165 497 1331 552; x_wconf 78' lang='grc' dir='ltr'>αὐτοῦ</span> <span class='ocrx_word' id='word_1_14' title='bbox 1406 495 1504 552; x_wconf 79' lang='grc' dir='ltr'>οὐκ</span> <span class='ocrx_word' id='word_1_15' title='bbox 1573 491 1712 551; x_wconf 79' lang='grc' dir='ltr'>ἔστιν</span> <span class='ocrx_word' id='word_1_16' title='bbox 1787 498 1970 571; x_wconf 78' lang='grc' dir='ltr'>ὅριον.</span> 
     </span>
    </p>
   </div>
   <div class='ocr_carea' id='block_1_5' title="bbox 2120 491 3741 577">
    <p class='ocr_par' dir='ltr' id='par_1_5' title="bbox 2120 498 3741 572">
     <span class='ocr_line' id='line_1_5' title="bbox 2120 498 3741 572; baseline 0.004 -18"><span class='ocrx_word' id='word_1_17' title='bbox 2120 498 2373 565; x_wconf 64' lang='grc' dir='ltr'>ῑυοηίαω</span> <span class='ocrx_word' id='word_1_18' title='bbox 2405 498 2730 570; x_wconf 81' lang='lat' dir='ltr'><strong>paciﬁcavit</strong></span> <span class='ocrx_word' id='word_1_19' title='bbox 2750 499 2876 570; x_wconf 90' lang='lat' dir='ltr'><strong>ipse</strong></span> <span class='ocrx_word' id='word_1_20' title='bbox 2896 501 3360 572; x_wconf 83' lang='lat' dir='ltr'><strong>persanguinem</strong></span> <span class='ocrx_word' id='word_1_21' title='bbox 3383 503 3576 560; x_wconf 82' lang='lat' dir='ltr'><strong>crucis</strong></span> <span class='ocrx_word' id='word_1_22' title='bbox 3619 521 3741 560; x_wconf 65' lang='lat' dir='ltr'><strong>suae</strong></span> 
     </span>
    </p>
   </div>
   <div class='ocr_carea' id='block_1_6' title="bbox 328 584 1984 661">
    <p class='ocr_par' dir='ltr' id='par_1_6' title="bbox 328 584 1984 661">
     <span class='ocr_line' id='line_1_6' title="bbox 328 584 1984 661; baseline -0.004 -15"><span class='ocrx_word' id='word_1_23' title='bbox 328 590 422 646; x_wconf 84' lang='grc' dir='ltr'>Ἐκ</span> <span class='ocrx_word' id='word_1_24' title='bbox 462 585 662 643; x_wconf 80' lang='grc' dir='ltr'>τούτου</span> <span class='ocrx_word' id='word_1_25' title='bbox 703 585 1048 661; x_wconf 86' lang='grc' dir='ltr'>παρίσταται,</span> <span class='ocrx_word' id='word_1_26' title='bbox 1099 584 1182 641; x_wconf 74' lang='grc' dir='ltr'><strong>ὅτι</strong></span> <span class='ocrx_word' id='word_1_27' title='bbox 1246 585 1306 641; x_wconf 78' lang='grc' dir='ltr'>ἐκ</span> <span class='ocrx_word' id='word_1_28' title='bbox 1350 589 1447 640; x_wconf 87' lang='grc' dir='ltr'><strong>τοῦ</strong></span> <span class='ocrx_word' id='word_1_29' title='bbox 1492 589 1756 660; x_wconf 74' lang='grc' dir='ltr'><strong>πατρικοῦ</strong></span> <span class='ocrx_word' id='word_1_30' title='bbox 1809 605 1984 661; x_wconf 83' lang='grc' dir='ltr'>προσ-</span> 
     </span>
    </p>
   </div>
   <div class='ocr_carea' id='block_1_7' title="bbox 334 673 1980 749">
    <p class='ocr_par' dir='ltr' id='par_1_7' title="bbox 334 673 1980 749">
     <span class='ocr_line' id='line_1_7' title="bbox 334 673 1980 749; baseline -0.002 -17"><span class='ocrx_word' id='word_1_31' title='bbox 334 679 493 732; x_wconf 86' lang='grc' dir='ltr'>ώπου</span> <span class='ocrx_word' id='word_1_32' title='bbox 524 674 637 730; x_wconf 78' lang='grc' dir='ltr'>ἐστί</span> <span class='ocrx_word' id='word_1_33' title='bbox 691 676 760 730; x_wconf 82' lang='grc' dir='ltr'>τὰ</span> <span class='ocrx_word' id='word_1_34' title='bbox 791 674 1083 749; x_wconf 86' lang='grc' dir='ltr'>λεγόμενα.</span> <span class='ocrx_word' id='word_1_35' title='bbox 1109 675 1207 729; x_wconf 77' lang='grc' dir='ltr'>Διὰ</span> <span class='ocrx_word' id='word_1_36' title='bbox 1251 673 1314 729; x_wconf 79' lang='grc' dir='ltr'>τὰ</span> <span class='ocrx_word' id='word_1_37' title='bbox 1351 674 1766 749; x_wconf 82' lang='grc' dir='ltr'>εἷρηνοποιῆσαι</span> <span class='ocrx_word' id='word_1_38' title='bbox 1822 675 1980 729; x_wconf 84' lang='grc' dir='ltr'>αὐτὸν</span> 
     </span>
    </p>
   </div>
   <div class='ocr_carea' id='block_1_8' title="bbox 334 762 1984 838">
    <p class='ocr_par' dir='ltr' id='par_1_8' title="bbox 334 762 1984 838">
     <span class='ocr_line' id='line_1_8' title="bbox 334 762 1984 838; baseline -0.003 -17"><span class='ocrx_word' id='word_1_39' title='bbox 334 765 424 821; x_wconf 83' lang='grc' dir='ltr'><strong>διὰ</strong></span> <span class='ocrx_word' id='word_1_40' title='bbox 451 769 550 820; x_wconf 87' lang='grc' dir='ltr'><strong>τοῦ</strong></span> <span class='ocrx_word' id='word_1_41' title='bbox 576 763 806 836; x_wconf 66' lang='grc' dir='ltr'>α’ίματος</span> <span class='ocrx_word' id='word_1_42' title='bbox 835 768 932 818; x_wconf 87' lang='grc' dir='ltr'><strong>τοῦ</strong></span> <span class='ocrx_word' id='word_1_43' title='bbox 963 767 1194 838; x_wconf 85' lang='grc' dir='ltr'>σταυροῦ</span> <span class='ocrx_word' id='word_1_44' title='bbox 1247 763 1431 835; x_wconf 75' lang='grc' dir='ltr'>αὐτοῦ,</span> <span class='ocrx_word' id='word_1_45' title='bbox 1465 762 1572 818; x_wconf 83' lang='grc' dir='ltr'>εἷ’τε</span> <span class='ocrx_word' id='word_1_46' title='bbox 1625 765 1692 817; x_wconf 73' lang='grc' dir='ltr'><strong>τὰ</strong></span> <span class='ocrx_word' id='word_1_47' title='bbox 1744 762 1831 817; x_wconf 83' lang='grc' dir='ltr'>ἐπὶ</span> <span class='ocrx_word' id='word_1_48' title='bbox 1885 771 1984 834; x_wconf 81' lang='grc' dir='ltr'><strong>τῆς</strong></span> 
     </span>
    </p>
   </div>
   <div class='ocr_carea' id='block_1_9' title="bbox 2094 590 3746 660">
    <p class='ocr_par' dir='ltr' id='par_1_9' title="bbox 2094 590 3746 660">
     <span class='ocr_line' id='line_1_9' title="bbox 2094 590 3746 660; baseline 0.004 -15"><span class='ocrx_word' id='word_1_49' title='bbox 2094 590 2215 645; x_wconf 88' lang='lat' dir='ltr'><strong>sive</strong></span> <span class='ocrx_word' id='word_1_50' title='bbox 2256 606 2382 660; x_wconf 73' lang='lat' dir='ltr'><strong>quas</strong></span> <span class='ocrx_word' id='word_1_51' title='bbox 2410 591 2658 658; x_wconf 88' lang='lat' dir='ltr'><strong>interra,</strong></span> <span class='ocrx_word' id='word_1_52' title='bbox 2685 590 2804 644; x_wconf 85' lang='lat' dir='ltr'><strong>sive</strong></span> <span class='ocrx_word' id='word_1_53' title='bbox 2826 606 2956 660; x_wconf 72' lang='lat' dir='ltr'><strong>qum</strong></span> <span class='ocrx_word' id='word_1_54' title='bbox 2987 592 3042 645; x_wconf 89' lang='lat' dir='ltr'><strong>in</strong></span> <span class='ocrx_word' id='word_1_55' title='bbox 3077 593 3240 647; x_wconf 81' lang='lat' dir='ltr'><strong>ccelis</strong></span> <span class='ocrx_word' id='word_1_56' title='bbox 3275 595 3339 660; x_wconf 69' lang='grc' dir='ltr'>υ,</span> <span class='ocrx_word' id='word_1_57' title='bbox 3389 594 3611 650; x_wconf 90' lang='lat' dir='ltr'><strong>dictum</strong></span> <span class='ocrx_word' id='word_1_58' title='bbox 3657 601 3746 651; x_wconf 88' lang='lat' dir='ltr'><strong>est</strong></span> 
     </span>
    </p>
   </div>
   <div class='ocr_carea' id='block_1_10' title="bbox 2094 679 3744 753">
    <p class='ocr_par' dir='ltr' id='par_1_10' title="bbox 2094 679 3744 753">
     <span class='ocr_line' id='line_1_10' title="bbox 2094 679 3744 753; baseline 0.004 -19"><span class='ocrx_word' id='word_1_59' title='bbox 2094 680 2241 734; x_wconf 89' lang='lat' dir='ltr'><strong>illud</strong></span> <span class='ocrx_word' id='word_1_60' title='bbox 2268 697 2280 734; x_wconf 90' lang='lat'>:</span> <span class='ocrx_word' id='word_1_61' title='bbox 2317 679 2592 734; x_wconf 79' lang='lat' dir='ltr'><strong>Adducam</strong></span> <span class='ocrx_word' id='word_1_62' title='bbox 2623 682 2771 734; x_wconf 87' lang='lat' dir='ltr'><strong>enim</strong></span> <span class='ocrx_word' id='word_1_63' title='bbox 2798 697 2990 750; x_wconf 85' lang='lat' dir='ltr'><strong>pacem</strong></span> <span class='ocrx_word' id='word_1_64' title='bbox 3012 698 3175 752; x_wconf 85' lang='lat' dir='ltr'><strong>super</strong></span> <span class='ocrx_word' id='word_1_65' title='bbox 3198 685 3500 753; x_wconf 87' lang='lat' dir='ltr'><strong>principes,</strong></span> <span class='ocrx_word' id='word_1_66' title='bbox 3522 689 3744 740; x_wconf 85' lang='lat' dir='ltr'><strong>etsani-</strong></span> 
     </span>
    </p>
   </div>
   <div class='ocr_carea' id='block_1_11' title="bbox 2096 764 3742 842">
    <p class='ocr_par' dir='ltr' id='par_1_11' title="bbox 2096 764 3742 842">
     <span class='ocr_line' id='line_1_11' title="bbox 2096 764 3742 842; baseline 0.004 -22"><span class='ocrx_word' id='word_1_67' title='bbox 2096 768 2406 836; x_wconf 84' lang='lat' dir='ltr'><strong>tatemipsi.</strong></span> <span class='ocrx_word' id='word_1_68' title='bbox 2452 764 2715 819; x_wconf 83' lang='lat' dir='ltr'><strong>Arbitror</strong></span> <span class='ocrx_word' id='word_1_69' title='bbox 2759 768 3203 822; x_wconf 78' lang='lat' dir='ltr'><strong>resurrectionis</strong></span> <span class='ocrx_word' id='word_1_70' title='bbox 3254 771 3599 842; x_wconf 80' lang='lat' dir='ltr'><strong>mysterium</strong></span> <span class='ocrx_word' id='word_1_71' title='bbox 3651 773 3742 826; x_wconf 90' lang='lat' dir='ltr'><strong>his</strong></span> 
     </span>
    </p>
   </div>
   <div class='ocr_carea' id='block_1_12' title="bbox 333 850 2002 932">
    <p class='ocr_par' dir='ltr' id='par_1_12' title="bbox 333 850 1985 932">
     <span class='ocr_line' id='line_1_12' title="bbox 333 850 1985 932; baseline -0.001 -24"><span class='ocrx_word' id='word_1_72' title='bbox 333 863 434 932; x_wconf 82' lang='grc' dir='ltr'><strong>γῆς</strong></span> <span class='ocrx_word' id='word_1_73' title='bbox 492 851 602 908; x_wconf 73' lang='grc' dir='ltr'>εἴτε</span> <span class='ocrx_word' id='word_1_74' title='bbox 657 853 725 908; x_wconf 80' lang='grc' dir='ltr'>τὰ</span> <span class='ocrx_word' id='word_1_75' title='bbox 782 853 833 907; x_wconf 79' lang='grc' dir='ltr'>ἐν</span> <span class='ocrx_word' id='word_1_76' title='bbox 880 858 996 916; x_wconf 87' lang='grc' dir='ltr'>τοῖς</span> <span class='ocrx_word' id='word_1_77' title='bbox 1045 853 1317 929; x_wconf 77' lang='grc' dir='ltr'><strong>οὐρανοῖς,</strong></span> <span class='ocrx_word' id='word_1_78' title='bbox 1349 850 1561 927; x_wconf 82' lang='grc' dir='ltr'>εἷ’ρηται</span> <span class='ocrx_word' id='word_1_79' title='bbox 1589 852 1672 923; x_wconf 84' lang='grc' dir='ltr'><strong>τὸ,</strong></span> <span class='ocrx_word' id='word_1_80' title='bbox 1705 853 1849 923; x_wconf 77' lang='grc' dir='ltr'><strong>’Ἄξω</strong></span> <span class='ocrx_word' id='word_1_81' title='bbox 1881 853 1985 930; x_wconf 81' lang='grc' dir='ltr'><strong>γὰρ</strong></span> 
     </span>
    </p>
   </div>
   <div class='ocr_carea' id='block_1_13' title="bbox 2120 850 3742 932">
    <p class='ocr_par' dir='ltr' id='par_1_13' title="bbox 2120 855 3742 930">
     <span class='ocr_line' id='line_1_13' title="bbox 2120 855 3742 930; baseline 0.004 -20"><span class='ocrx_word' id='word_1_82' title='bbox 2120 856 2285 910; x_wconf 77' lang='lat' dir='ltr'><strong>&#39;erbis</strong></span> <span class='ocrx_word' id='word_1_83' title='bbox 2313 855 2713 910; x_wconf 76' lang='lat' dir='ltr'><strong>ostendiJVam</strong></span> <span class='ocrx_word' id='word_1_84' title='bbox 2739 858 2867 924; x_wconf 83' lang='lat' dir='ltr'><strong>quia</strong></span> <span class='ocrx_word' id='word_1_85' title='bbox 2887 859 3190 926; x_wconf 74' lang='lat' dir='ltr'><strong>cruciﬁxus</strong></span> <span class='ocrx_word' id='word_1_86' title='bbox 3207 861 3284 913; x_wconf 82' lang='lat' dir='ltr'><strong>est</strong></span> <span class='ocrx_word' id='word_1_87' title='bbox 3313 873 3382 913; x_wconf 72' lang='lat' dir='ltr'><strong>ex</strong></span> <span class='ocrx_word' id='word_1_88' title='bbox 3395 860 3742 930; x_wconf 75' lang='lat' dir='ltr'><strong>inﬁmitate,</strong></span> 
     </span>
    </p>
   </div>
   <div class='ocr_carea' id='block_1_14' title="bbox 339 938 1984 1021">
    <p class='ocr_par' dir='ltr' id='par_1_14' title="bbox 339 938 1984 1021">
     <span class='ocr_line' id='line_1_14' title="bbox 339 938 1984 1021; baseline 0 -23"><span class='ocrx_word' id='word_1_89' title='bbox 339 945 562 1021; x_wconf 77' lang='grc' dir='ltr'>εἰρήνην</span> <span class='ocrx_word' id='word_1_90' title='bbox 635 941 724 996; x_wconf 76' lang='grc' dir='ltr'><strong>ἐπὶ</strong></span> <span class='ocrx_word' id='word_1_91' title='bbox 797 940 924 1004; x_wconf 82' lang='grc' dir='ltr'>τοὺς</span> <span class='ocrx_word' id='word_1_92' title='bbox 1001 938 1309 1018; x_wconf 78' lang='grc' dir='ltr'>ἄρχοντας,</span> <span class='ocrx_word' id='word_1_93' title='bbox 1369 941 1458 996; x_wconf 84' lang='grc' dir='ltr'><strong>καὶ</strong></span> <span class='ocrx_word' id='word_1_94' title='bbox 1539 941 1716 1015; x_wconf 80' lang='grc' dir='ltr'>ὑγείαν</span> <span class='ocrx_word' id='word_1_95' title='bbox 1795 942 1984 1013; x_wconf 79' lang='grc' dir='ltr'>αὐτῷ.</span> 
     </span>
    </p>
   </div>
   <div class='ocr_carea' id='block_1_15' title="bbox 339 1027 1990 1106">
    <p class='ocr_par' dir='ltr' id='par_1_15' title="bbox 339 1027 1990 1106">
     <span class='ocr_line' id='line_1_15' title="bbox 339 1027 1990 1106; baseline -0.002 -19"><span class='ocrx_word' id='word_1_96' title='bbox 339 1035 508 1106; x_wconf 72' lang='grc' dir='ltr'>Οἶμαι</span> <span class='ocrx_word' id='word_1_97' title='bbox 537 1032 599 1087; x_wconf 87' lang='grc' dir='ltr'>τὸ</span> <span class='ocrx_word' id='word_1_98' title='bbox 632 1037 730 1100; x_wconf 82' lang='grc' dir='ltr'>τῆς</span> <span class='ocrx_word' id='word_1_99' title='bbox 777 1029 1109 1092; x_wconf 75' lang='grc' dir='ltr'><strong>ἀναστάσεως</strong></span> <span class='ocrx_word' id='word_1_100' title='bbox 1159 1027 1456 1084; x_wconf 79' lang='grc' dir='ltr'><strong>δείκνυσθαι</strong></span> <span class='ocrx_word' id='word_1_101' title='bbox 1507 1027 1595 1084; x_wconf 77' lang='grc' dir='ltr'>διὰ</span> <span class='ocrx_word' id='word_1_102' title='bbox 1634 1029 1831 1085; x_wconf 71' lang='grc' dir='ltr'>τούτου</span> <span class='ocrx_word' id='word_1_103' title='bbox 1893 1051 1990 1102; x_wconf 89' lang='grc' dir='ltr'>μυ-</span> 
     </span>
    </p>
   </div>
   <div class='ocr_carea' id='block_1_16' title="bbox 345 1118 1986 1196">
    <p class='ocr_par' dir='ltr' id='par_1_16' title="bbox 345 1118 1986 1196">
     <span class='ocr_line' id='line_1_16' title="bbox 345 1118 1986 1196; baseline -0.015 -2"><span class='ocrx_word' id='word_1_104' title='bbox 345 1125 565 1196; x_wconf 82' lang='grc' dir='ltr'>στήριον</span> <span class='ocrx_word' id='word_1_105' title='bbox 601 1165 613 1177; x_wconf 80' lang='grc' dir='ltr'><strong><em>ο</em></strong></span> <span class='ocrx_word' id='word_1_106' title='bbox 671 1119 895 1187; x_wconf 72' lang='grc' dir='ltr'><strong>Ἐπειδή</strong></span> <span class='ocrx_word' id='word_1_107' title='bbox 973 1120 1078 1195; x_wconf 82' lang='grc' dir='ltr'><strong>γὰρ</strong></span> <span class='ocrx_word' id='word_1_108' title='bbox 1148 1118 1462 1196; x_wconf 64' lang='grc' dir='ltr'>ἐσταυρώθη</span> <span class='ocrx_word' id='word_1_109' title='bbox 1537 1118 1587 1189; x_wconf 81' lang='grc' dir='ltr'><strong>ἐξ</strong></span> <span class='ocrx_word' id='word_1_110' title='bbox 1665 1118 1936 1180; x_wconf 72' lang='grc' dir='ltr'>ἀσθενείας</span> <span class='ocrx_word' id='word_1_111' title='bbox 1971 1165 1986 1192; x_wconf 74' lang='grc'><strong>,</strong></span> 
     </span>
    </p>
   </div>
   <div class='ocr_carea' id='block_1_17' title="bbox 350 1205 1988 1285">
    <p class='ocr_par' dir='ltr' id='par_1_17' title="bbox 350 1205 1988 1285">
     <span class='ocr_line' id='line_1_17' title="bbox 350 1205 1988 1285; baseline -0.002 -20"><span class='ocrx_word' id='word_1_112' title='bbox 350 1215 412 1285; x_wconf 81' lang='grc' dir='ltr'>ζῇ</span> <span class='ocrx_word' id='word_1_113' title='bbox 470 1207 527 1265; x_wconf 73' lang='grc' dir='ltr'>δὶ</span> <span class='ocrx_word' id='word_1_114' title='bbox 576 1208 634 1263; x_wconf 67' lang='grc' dir='ltr'>ὲκ</span> <span class='ocrx_word' id='word_1_115' title='bbox 688 1207 970 1282; x_wconf 80' lang='grc' dir='ltr'>δυνάμεως</span> <span class='ocrx_word' id='word_1_116' title='bbox 1028 1212 1182 1277; x_wconf 88' lang='grc' dir='ltr'>Θεοῦ,</span> <span class='ocrx_word' id='word_1_117' title='bbox 1218 1206 1308 1264; x_wconf 79' lang='grc' dir='ltr'><strong>διὰ</strong></span> <span class='ocrx_word' id='word_1_118' title='bbox 1359 1212 1519 1263; x_wconf 86' lang='grc' dir='ltr'>τοῦτο</span> <span class='ocrx_word' id='word_1_119' title='bbox 1565 1209 1717 1282; x_wconf 80' lang='grc' dir='ltr'>ὑγεία</span> <span class='ocrx_word' id='word_1_120' title='bbox 1774 1205 1988 1282; x_wconf 76' lang='grc' dir='ltr'>ἄγεσθαι</span> 
     </span>
    </p>
   </div>
   <div class='ocr_carea' id='block_1_18' title="bbox 345 1295 1988 1373">
    <p class='ocr_par' dir='ltr' id='par_1_18' title="bbox 345 1295 1988 1373">
     <span class='ocr_line' id='line_1_18' title="bbox 345 1295 1988 1373; baseline -0.002 -19"><span class='ocrx_word' id='word_1_121' title='bbox 345 1299 488 1370; x_wconf 82' lang='grc' dir='ltr'><strong>αὖτῷ</strong></span> <span class='ocrx_word' id='word_1_122' title='bbox 532 1295 748 1373; x_wconf 64' lang='grc' dir='ltr'>λέγεται</span> <span class='ocrx_word' id='word_1_123' title='bbox 780 1300 918 1371; x_wconf 90' lang='grc'>(36),</span> <span class='ocrx_word' id='word_1_124' title='bbox 949 1296 1036 1352; x_wconf 84' lang='grc' dir='ltr'><strong>ἐπὶ</strong></span> <span class='ocrx_word' id='word_1_125' title='bbox 1084 1299 1182 1368; x_wconf 80' lang='grc' dir='ltr'><strong>τήν</strong></span> <span class='ocrx_word' id='word_1_126' title='bbox 1225 1295 1498 1362; x_wconf 70' lang='grc' dir='ltr'>ἀσθένειαν</span> <span class='ocrx_word' id='word_1_127' title='bbox 1548 1303 1648 1367; x_wconf 86' lang='grc' dir='ltr'><strong>τῆς</strong></span> <span class='ocrx_word' id='word_1_128' title='bbox 1680 1297 1896 1371; x_wconf 85' lang='grc' dir='ltr'>σαρκὸς,</span> <span class='ocrx_word' id='word_1_129' title='bbox 1927 1298 1988 1366; x_wconf 78' lang='grc' dir='ltr'>ἣν</span> 
     </span>
    </p>
   </div>
   <div class='ocr_carea' id='block_1_19' title="bbox 345 1383 1994 1463">
    <p class='ocr_par' dir='ltr' id='par_1_19' title="bbox 345 1383 1994 1463">
     <span class='ocr_line' id='line_1_19' title="bbox 345 1383 1994 1463; baseline -0.001 -22"><span class='ocrx_word' id='word_1_130' title='bbox 345 1387 476 1463; x_wconf 59' lang='grc' dir='ltr'>ὑπὲρ</span> <span class='ocrx_word' id='word_1_131' title='bbox 526 1389 688 1459; x_wconf 82' lang='grc' dir='ltr'>ἡμῶν</span> <span class='ocrx_word' id='word_1_132' title='bbox 738 1383 1020 1461; x_wconf 78' lang='grc' dir='ltr'>ἀνείληφε.</span> <span class='ocrx_word' id='word_1_133' title='bbox 1063 1386 1163 1440; x_wconf 83' lang='grc' dir='ltr'>Καὶ</span> <span class='ocrx_word' id='word_1_134' title='bbox 1219 1393 1318 1455; x_wconf 84' lang='grc' dir='ltr'><strong>τῆς</strong></span> <span class='ocrx_word' id='word_1_135' title='bbox 1388 1385 1610 1461; x_wconf 78' lang='grc' dir='ltr'>εἷ’ρήνης</span> <span class='ocrx_word' id='word_1_136' title='bbox 1670 1385 1836 1440; x_wconf 85' lang='grc' dir='ltr'>αὑτοῦ</span> <span class='ocrx_word' id='word_1_137' title='bbox 1893 1385 1994 1440; x_wconf 78' lang='grc' dir='ltr'>οὐκ</span> 
     </span>
    </p>
   </div>
   <div class='ocr_carea' id='block_1_20' title="bbox 344 1473 1994 1550">
    <p class='ocr_par' dir='ltr' id='par_1_20' title="bbox 344 1473 1994 1550">
     <span class='ocr_line' id='line_1_20' title="bbox 344 1473 1994 1550; baseline -0.001 -20"><span class='ocrx_word' id='word_1_138' title='bbox 344 1475 487 1530; x_wconf 82' lang='grc' dir='ltr'>ἔστιν</span> <span class='ocrx_word' id='word_1_139' title='bbox 539 1477 711 1550; x_wconf 78' lang='grc' dir='ltr'>δριον.</span> <span class='ocrx_word' id='word_1_140' title='bbox 750 1474 1013 1549; x_wconf 53' lang='grc' dir='ltr'>Εῗρήνην,</span> <span class='ocrx_word' id='word_1_141' title='bbox 1061 1476 1217 1550; x_wconf 77' lang='grc' dir='ltr'>φησὶ,</span> <span class='ocrx_word' id='word_1_142' title='bbox 1260 1473 1463 1549; x_wconf 86' lang='grc' dir='ltr'>δίδωμι</span> <span class='ocrx_word' id='word_1_143' title='bbox 1513 1476 1663 1549; x_wconf 83' lang='grc' dir='ltr'>ὑμῖν,</span> <span class='ocrx_word' id='word_1_144' title='bbox 1707 1475 1768 1530; x_wconf 83' lang='grc' dir='ltr'><strong>οὑ</strong></span> <span class='ocrx_word' id='word_1_145' title='bbox 1814 1475 1994 1537; x_wconf 90' lang='grc' dir='ltr'>καθὼς</span> 
     </span>
    </p>
   </div>
   <div class='ocr_carea' id='block_1_21' title="bbox 347 1561 1996 1640">
    <p class='ocr_par' dir='ltr' id='par_1_21' title="bbox 347 1561 1996 1640">
     <span class='ocr_line' id='line_1_21' title="bbox 347 1561 1996 1640; baseline -0.001 -20"><span class='ocrx_word' id='word_1_146' title='bbox 347 1566 377 1620; x_wconf 83' lang='grc' dir='ltr'>ὁ</span> <span class='ocrx_word' id='word_1_147' title='bbox 407 1563 617 1638; x_wconf 89' lang='grc' dir='ltr'>κόσμος</span> <span class='ocrx_word' id='word_1_148' title='bbox 665 1561 907 1634; x_wconf 85' lang='grc' dir='ltr'>δίδωσιν,</span> <span class='ocrx_word' id='word_1_149' title='bbox 939 1563 1049 1640; x_wconf 80' lang='grc' dir='ltr'>ἐγὼ</span> <span class='ocrx_word' id='word_1_150' title='bbox 1100 1562 1304 1638; x_wconf 88' lang='grc' dir='ltr'>διδωμι</span> <span class='ocrx_word' id='word_1_151' title='bbox 1351 1565 1498 1638; x_wconf 85' lang='grc' dir='ltr'>ὑμῖν.</span> <span class='ocrx_word' id='word_1_152' title='bbox 1535 1564 1633 1619; x_wconf 80' lang='grc' dir='ltr'><strong>Διὰ</strong></span> <span class='ocrx_word' id='word_1_153' title='bbox 1676 1567 1838 1619; x_wconf 87' lang='grc' dir='ltr'>τοῦτο</span> <span class='ocrx_word' id='word_1_154' title='bbox 1889 1565 1996 1618; x_wconf 82' lang='grc' dir='ltr'><strong>οὐκ</strong></span> 
     </span>
    </p>
   </div>
   <div class='ocr_carea' id='block_1_22' title="bbox 347 1647 1995 1728">
    <p class='ocr_par' dir='ltr' id='par_1_22' title="bbox 347 1647 1995 1728">
     <span class='ocr_line' id='line_1_22' title="bbox 347 1647 1995 1728; baseline -0.001 -20"><span class='ocrx_word' id='word_1_155' title='bbox 347 1647 492 1709; x_wconf 76' lang='grc' dir='ltr'>ἔστιν</span> <span class='ocrx_word' id='word_1_156' title='bbox 543 1655 690 1727; x_wconf 77' lang='grc' dir='ltr'>ὅριον</span> <span class='ocrx_word' id='word_1_157' title='bbox 739 1660 838 1722; x_wconf 83' lang='grc' dir='ltr'><strong>τῆς</strong></span> <span class='ocrx_word' id='word_1_158' title='bbox 883 1653 1107 1728; x_wconf 61' lang='grc' dir='ltr'>εῗρήνης</span> <span class='ocrx_word' id='word_1_159' title='bbox 1161 1654 1345 1708; x_wconf 84' lang='grc' dir='ltr'>αὐτοῦ·</span> <span class='ocrx_word' id='word_1_160' title='bbox 1375 1651 1562 1722; x_wconf 67' lang='grc' dir='ltr'>ἄπειδή</span> <span class='ocrx_word' id='word_1_161' title='bbox 1765 1653 1995 1727; x_wconf 87' lang='grc' dir='ltr'>ὑπερκό-</span> 
     </span>
    </p>
   </div>
   <div class='ocr_carea' id='block_1_23' title="bbox 349 1740 1996 1819">
    <p class='ocr_par' dir='ltr' id='par_1_23' title="bbox 349 1740 1996 1819">
     <span class='ocr_line' id='line_1_23' title="bbox 349 1740 1996 1819; baseline -0.001 -22"><span class='ocrx_word' id='word_1_162' title='bbox 349 1743 511 1816; x_wconf 86' lang='grc' dir='ltr'>σμιόν</span> <span class='ocrx_word' id='word_1_163' title='bbox 543 1742 653 1798; x_wconf 69' lang='grc' dir='ltr'>ἐστι</span> <span class='ocrx_word' id='word_1_164' title='bbox 683 1743 744 1798; x_wconf 86' lang='grc' dir='ltr'>τὸ</span> <span class='ocrx_word' id='word_1_165' title='bbox 778 1740 976 1818; x_wconf 89' lang='grc' dir='ltr'>δῶρον.</span> <span class='ocrx_word' id='word_1_166' title='bbox 1002 1743 1065 1799; x_wconf 76' lang='lat' dir='ltr'><strong>Ei</strong></span> <span class='ocrx_word' id='word_1_167' title='bbox 1096 1743 1199 1819; x_wconf 82' lang='grc' dir='ltr'><strong>γὰρ</strong></span> <span class='ocrx_word' id='word_1_168' title='bbox 1243 1741 1304 1798; x_wconf 76' lang='grc' dir='ltr'><strong>ἐκ</strong></span> <span class='ocrx_word' id='word_1_169' title='bbox 1344 1747 1442 1798; x_wconf 89' lang='grc' dir='ltr'><strong>τοῦ</strong></span> <span class='ocrx_word' id='word_1_170' title='bbox 1483 1744 1694 1816; x_wconf 84' lang='grc' dir='ltr'>κόσμου</span> <span class='ocrx_word' id='word_1_171' title='bbox 1747 1742 1839 1814; x_wconf 78' lang='grc' dir='ltr'><strong>ἧν,</strong></span> <span class='ocrx_word' id='word_1_172' title='bbox 1873 1763 1996 1796; x_wconf 88' lang='grc' dir='ltr'>συν-</span> 
     </span>
    </p>
   </div>
   <div class='ocr_carea' id='block_1_24' title="bbox 350 1829 1997 1907">
    <p class='ocr_par' dir='ltr' id='par_1_24' title="bbox 350 1829 1997 1907">
     <span class='ocr_line' id='line_1_24' title="bbox 350 1829 1997 1907; baseline -0.001 -21"><span class='ocrx_word' id='word_1_173' title='bbox 350 1832 658 1907; x_wconf 90' lang='grc' dir='ltr'>απηρτίσθη</span> <span class='ocrx_word' id='word_1_174' title='bbox 693 1829 751 1886; x_wconf 74' lang='grc' dir='ltr'><strong>ἂν</strong></span> <span class='ocrx_word' id='word_1_175' title='bbox 782 1836 851 1906; x_wconf 79' lang='grc' dir='ltr'><strong>τῇ</strong></span> <span class='ocrx_word' id='word_1_176' title='bbox 881 1837 977 1886; x_wconf 90' lang='grc' dir='ltr'><strong>τοῦ</strong></span> <span class='ocrx_word' id='word_1_177' title='bbox 1007 1832 1218 1904; x_wconf 84' lang='grc' dir='ltr'>κόσμου</span> <span class='ocrx_word' id='word_1_178' title='bbox 1247 1832 1512 1889; x_wconf 83' lang='grc' dir='ltr'>συστάσει.</span> <span class='ocrx_word' id='word_1_179' title='bbox 1546 1837 1652 1887; x_wconf 87' lang='grc' dir='ltr'>Νῦν</span> <span class='ocrx_word' id='word_1_180' title='bbox 1706 1829 1763 1886; x_wconf 77' lang='grc' dir='ltr'>δὲ</span> <span class='ocrx_word' id='word_1_181' title='bbox 1787 1833 1816 1885; x_wconf 85' lang='grc' dir='ltr'><strong>ὑ</strong></span> <span class='ocrx_word' id='word_1_182' title='bbox 1848 1829 1997 1901; x_wconf 80' lang='grc' dir='ltr'>δεξά-</span> 
     </span>
    </p>
   </div>
   <div class='ocr_carea' id='block_1_25' title="bbox 2096 944 3747 1010">
    <p class='ocr_par' dir='ltr' id='par_1_25' title="bbox 2096 944 3747 1010">
     <span class='ocr_line' id='line_1_25' title="bbox 2096 944 3747 1010; baseline 0.003 -11"><span class='ocrx_word' id='word_1_183' title='bbox 2096 947 2231 999; x_wconf 82' lang='lat' dir='ltr'><strong>vivit</strong></span> <span class='ocrx_word' id='word_1_184' title='bbox 2251 960 2379 998; x_wconf 85' lang='lat' dir='ltr'><strong>vero</strong></span> <span class='ocrx_word' id='word_1_185' title='bbox 2399 960 2468 998; x_wconf 67' lang='lat' dir='ltr'><strong>ea:</strong></span> <span class='ocrx_word' id='word_1_186' title='bbox 2497 945 2702 997; x_wconf 79' lang='lat' dir='ltr'><strong>virtute</strong></span> <span class='ocrx_word' id='word_1_187' title='bbox 2721 944 2818 998; x_wconf 91' lang='lat' dir='ltr'><strong>Dei</strong></span> <span class='ocrx_word' id='word_1_188' title='bbox 2838 944 2902 1010; x_wconf 73' lang='grc' dir='ltr'>ιθ,</span> <span class='ocrx_word' id='word_1_189' title='bbox 2935 945 3151 1000; x_wconf 87' lang='lat' dir='ltr'><strong>idcirco</strong></span> <span class='ocrx_word' id='word_1_190' title='bbox 3176 948 3224 1001; x_wconf 90' lang='lat' dir='ltr'><strong>ei</strong></span> <span class='ocrx_word' id='word_1_191' title='bbox 3261 948 3470 1002; x_wconf 80' lang='lat' dir='ltr'><strong>adduci</strong></span> <span class='ocrx_word' id='word_1_192' title='bbox 3529 949 3747 1004; x_wconf 84' lang='lat' dir='ltr'><strong>dicitur</strong></span> 
     </span>
    </p>
   </div>
   <div class='ocr_carea' id='block_1_26' title="bbox 2097 1032 3750 1109">
    <p class='ocr_par' dir='ltr' id='par_1_26' title="bbox 2097 1032 3750 1109">
     <span class='ocr_line' id='line_1_26' title="bbox 2097 1032 3750 1109; baseline 0.003 -21"><span class='ocrx_word' id='word_1_193' title='bbox 2097 1033 2324 1088; x_wconf 80' lang='lat' dir='ltr'><strong>sanitas</strong></span> <span class='ocrx_word' id='word_1_194' title='bbox 2347 1034 2418 1088; x_wconf 88' lang='lat' dir='ltr'><strong>ad</strong></span> <span class='ocrx_word' id='word_1_195' title='bbox 2451 1033 2768 1088; x_wconf 81' lang='lat' dir='ltr'><strong>curandam</strong></span> <span class='ocrx_word' id='word_1_196' title='bbox 2801 1032 3204 1090; x_wconf 84' lang='lat' dir='ltr'><strong>inﬁrmitatem</strong></span> <span class='ocrx_word' id='word_1_197' title='bbox 3227 1038 3624 1108; x_wconf 87' lang='lat' dir='ltr'><strong>carnis,quam</strong></span> <span class='ocrx_word' id='word_1_198' title='bbox 3647 1055 3750 1109; x_wconf 87' lang='lat' dir='ltr'><strong>pro</strong></span> 
     </span>
    </p>
   </div>
   <div class='ocr_carea' id='block_1_27' title="bbox 2100 1121 3751 1195">
    <p class='ocr_par' dir='ltr' id='par_1_27' title="bbox 2100 1121 3751 1195">
     <span class='ocr_line' id='line_1_27' title="bbox 2100 1121 3751 1195; baseline 0.004 -19"><span class='ocrx_word' id='word_1_199' title='bbox 2100 1121 2270 1178; x_wconf 88' lang='lat' dir='ltr'><strong>nobis</strong></span> <span class='ocrx_word' id='word_1_200' title='bbox 2301 1122 2647 1193; x_wconf 78' lang='lat' dir='ltr'><strong>assumpsit.</strong></span> <span class='ocrx_word' id='word_1_201' title='bbox 2682 1123 2745 1175; x_wconf 85' lang='lat' dir='ltr'><strong>Et</strong></span> <span class='ocrx_word' id='word_1_202' title='bbox 2757 1125 2920 1193; x_wconf 82' lang='lat' dir='ltr'><strong>pacis</strong></span> <span class='ocrx_word' id='word_1_203' title='bbox 2949 1123 3066 1190; x_wconf 96' lang='lat' dir='ltr'><strong>ejus</strong></span> <span class='ocrx_word' id='word_1_204' title='bbox 3095 1141 3205 1179; x_wconf 88' lang='lat' dir='ltr'><strong>non</strong></span> <span class='ocrx_word' id='word_1_205' title='bbox 3233 1129 3310 1180; x_wconf 85' lang='lat' dir='ltr'><strong>est</strong></span> <span class='ocrx_word' id='word_1_206' title='bbox 3357 1129 3503 1195; x_wconf 76' lang='lat' dir='ltr'><strong>finis.</strong></span> <span class='ocrx_word' id='word_1_207' title='bbox 3557 1129 3751 1182; x_wconf 82' lang='lat' dir='ltr'><strong>Pacem</strong></span> 
     </span>
    </p>
   </div>
   <div class='ocr_carea' id='block_1_28' title="bbox 2099 1211 3750 1288">
    <p class='ocr_par' dir='ltr' id='par_1_28' title="bbox 2099 1211 3750 1288">
     <span class='ocr_line' id='line_1_28' title="bbox 2099 1211 3750 1288; baseline 0.004 -24"><span class='ocrx_word' id='word_1_208' title='bbox 2099 1211 2314 1281; x_wconf 85' lang='lat' dir='ltr'><strong>inquit,</strong></span> <span class='ocrx_word' id='word_1_209' title='bbox 2346 1211 2412 1265; x_wconf 90' lang='lat' dir='ltr'><strong>do</strong></span> <span class='ocrx_word' id='word_1_210' title='bbox 2443 1212 2612 1274; x_wconf 86' lang='lat' dir='ltr'><strong>vobis,</strong></span> <span class='ocrx_word' id='word_1_211' title='bbox 2641 1226 2749 1265; x_wconf 85' lang='lat' dir='ltr'><strong>non</strong></span> <span class='ocrx_word' id='word_1_212' title='bbox 2782 1211 3045 1281; x_wconf 83' lang='lat' dir='ltr'><strong>quomodo</strong></span> <span class='ocrx_word' id='word_1_213' title='bbox 3099 1214 3335 1268; x_wconf 86' lang='lat' dir='ltr'><strong>mundus</strong></span> <span class='ocrx_word' id='word_1_214' title='bbox 3379 1215 3490 1284; x_wconf 82' lang='lat' dir='ltr'><strong>dat,</strong></span> <span class='ocrx_word' id='word_1_215' title='bbox 3523 1231 3627 1288; x_wconf 85' lang='lat' dir='ltr'><strong>ego</strong></span> <span class='ocrx_word' id='word_1_216' title='bbox 3685 1217 3750 1271; x_wconf 91' lang='lat' dir='ltr'><strong>do</strong></span> 
     </span>
    </p>
   </div>
   <div class='ocr_carea' id='block_1_29' title="bbox 2098 1300 3750 1376">
    <p class='ocr_par' dir='ltr' id='par_1_29' title="bbox 2098 1300 3750 1376">
     <span class='ocr_line' id='line_1_29' title="bbox 2098 1300 3750 1376; baseline 0.003 -20"><span class='ocrx_word' id='word_1_217' title='bbox 2098 1301 2255 1357; x_wconf 90' lang='lat' dir='ltr'><strong>vobis</strong></span> <span class='ocrx_word' id='word_1_218' title='bbox 2287 1302 2349 1354; x_wconf 81' lang='grc'><strong>¹⁹.</strong></span> <span class='ocrx_word' id='word_1_219' title='bbox 2385 1301 2517 1356; x_wconf 90' lang='lat' dir='ltr'><strong>Ideo</strong></span> <span class='ocrx_word' id='word_1_220' title='bbox 2550 1317 2660 1372; x_wconf 85' lang='lat' dir='ltr'><strong>pax</strong></span> <span class='ocrx_word' id='word_1_221' title='bbox 2690 1300 2848 1356; x_wconf 92' lang='lat' dir='ltr'><strong>illius</strong></span> <span class='ocrx_word' id='word_1_222' title='bbox 2889 1317 3004 1355; x_wconf 90' lang='lat' dir='ltr'><strong>non</strong></span> <span class='ocrx_word' id='word_1_223' title='bbox 3037 1301 3246 1373; x_wconf 90' lang='lat' dir='ltr'><strong>accipit</strong></span> <span class='ocrx_word' id='word_1_224' title='bbox 3268 1304 3750 1376; x_wconf 85' lang='lat' dir='ltr'><strong>ﬁnem,quoniam</strong></span> 
     </span>
    </p>
   </div>
   <div class='ocr_carea' id='block_1_30' title="bbox 2103 1391 3751 1462">
    <p class='ocr_par' dir='ltr' id='par_1_30' title="bbox 2103 1391 3751 1462">
     <span class='ocr_line' id='line_1_30' title="bbox 2103 1391 3751 1462; baseline 0.004 -15"><span class='ocrx_word' id='word_1_225' title='bbox 2103 1392 2321 1447; x_wconf 89' lang='lat' dir='ltr'><strong>donum</strong></span> <span class='ocrx_word' id='word_1_226' title='bbox 2342 1391 2634 1462; x_wconf 87' lang='lat' dir='ltr'><strong>quoddam</strong></span> <span class='ocrx_word' id='word_1_227' title='bbox 2648 1396 2736 1446; x_wconf 89' lang='lat' dir='ltr'><strong>est</strong></span> <span class='ocrx_word' id='word_1_228' title='bbox 2758 1391 2976 1446; x_wconf 89' lang='lat' dir='ltr'><strong>mundo</strong></span> <span class='ocrx_word' id='word_1_229' title='bbox 2998 1391 3567 1450; x_wconf 84' lang='lat' dir='ltr'><strong>sublimius.Etcnim</strong></span> <span class='ocrx_word' id='word_1_230' title='bbox 3595 1397 3642 1450; x_wconf 90' lang='lat' dir='ltr'><strong>si</strong></span> <span class='ocrx_word' id='word_1_231' title='bbox 3661 1414 3751 1453; x_wconf 85' lang='lat' dir='ltr'><strong>es-</strong></span> 
     </span>
    </p>
   </div>
   <div class='ocr_carea' id='block_1_31' title="bbox 2103 1479 3753 1551">
    <p class='ocr_par' dir='ltr' id='par_1_31' title="bbox 2103 1479 3753 1551">
     <span class='ocr_line' id='line_1_31' title="bbox 2103 1479 3753 1551; baseline 0.003 -16"><span class='ocrx_word' id='word_1_232' title='bbox 2103 1484 2194 1535; x_wconf 85' lang='lat' dir='ltr'><strong>set</strong></span> <span class='ocrx_word' id='word_1_233' title='bbox 2209 1495 2274 1533; x_wconf 87' lang='lat' dir='ltr'><strong>ex</strong></span> <span class='ocrx_word' id='word_1_234' title='bbox 2291 1479 2654 1542; x_wconf 81' lang='lat' dir='ltr'><strong>rr.undo,non</strong></span> <span class='ocrx_word' id='word_1_235' title='bbox 2676 1479 2862 1548; x_wconf 89' lang='lat' dir='ltr'><strong>magis</strong></span> <span class='ocrx_word' id='word_1_236' title='bbox 2877 1494 3054 1549; x_wconf 90' lang='lat' dir='ltr'><strong>quam</strong></span> <span class='ocrx_word' id='word_1_237' title='bbox 3076 1480 3472 1551; x_wconf 84' lang='lat' dir='ltr'><strong>mundusipse</strong></span> <span class='ocrx_word' id='word_1_238' title='bbox 3494 1483 3753 1540; x_wconf 89' lang='lat' dir='ltr'><strong>duraret.</strong></span> 
     </span>
    </p>
   </div>
   <div class='ocr_carea' id='block_1_32' title="bbox 2104 1567 3754 1640">
    <p class='ocr_par' dir='ltr' id='par_1_32' title="bbox 2104 1567 3754 1640">
     <span class='ocr_line' id='line_1_32' title="bbox 2104 1567 3754 1640; baseline 0.002 -17"><span class='ocrx_word' id='word_1_239' title='bbox 2104 1569 2376 1623; x_wconf 79' lang='lat' dir='ltr'><strong>Attamen</strong></span> <span class='ocrx_word' id='word_1_240' title='bbox 2397 1567 2496 1638; x_wconf 91' lang='lat' dir='ltr'><strong>qui</strong></span> <span class='ocrx_word' id='word_1_241' title='bbox 2521 1583 2676 1621; x_wconf 88' lang='lat' dir='ltr'><strong>nunc</strong></span> <span class='ocrx_word' id='word_1_242' title='bbox 2697 1567 3106 1637; x_wconf 87' lang='lat' dir='ltr'><strong>excepitillius</strong></span> <span class='ocrx_word' id='word_1_243' title='bbox 3146 1585 3348 1639; x_wconf 89' lang='lat' dir='ltr'><strong>pacem</strong></span> <span class='ocrx_word' id='word_1_244' title='bbox 3384 1575 3442 1624; x_wconf 90' lang='lat' dir='ltr'><strong>et</strong></span> <span class='ocrx_word' id='word_1_245' title='bbox 3484 1573 3754 1640; x_wconf 80' lang='lat' dir='ltr'><strong>servavit,</strong></span> 
     </span>
    </p>
   </div>
   <div class='ocr_carea' id='block_1_33' title="bbox 2105 1655 3762 1733">
    <p class='ocr_par' dir='ltr' id='par_1_33' title="bbox 2105 1655 3762 1733">
     <span class='ocr_line' id='line_1_33' title="bbox 2105 1655 3762 1733; baseline 0.002 -22"><span class='ocrx_word' id='word_1_246' title='bbox 2105 1657 2156 1712; x_wconf 93' lang='lat' dir='ltr'><strong>is</strong></span> <span class='ocrx_word' id='word_1_247' title='bbox 2183 1657 2240 1710; x_wconf 86' lang='lat' dir='ltr'><strong>in</strong></span> <span class='ocrx_word' id='word_1_248' title='bbox 2262 1656 2688 1727; x_wconf 88' lang='lat' dir='ltr'><strong>sempiternum</strong></span> <span class='ocrx_word' id='word_1_249' title='bbox 2710 1661 2947 1727; x_wconf 83' lang='lat' dir='ltr'><strong>tempus</strong></span> <span class='ocrx_word' id='word_1_250' title='bbox 2969 1655 3144 1710; x_wconf 89' lang='lat' dir='ltr'><strong>vitam</strong></span> <span class='ocrx_word' id='word_1_251' title='bbox 3173 1673 3340 1711; x_wconf 91' lang='lat' dir='ltr'><strong>suam</strong></span> <span class='ocrx_word' id='word_1_252' title='bbox 3374 1657 3430 1712; x_wconf 90' lang='lat' dir='ltr'><strong>in</strong></span> <span class='ocrx_word' id='word_1_253' title='bbox 3464 1660 3634 1716; x_wconf 86' lang='lat' dir='ltr'><strong>bonis</strong></span> <span class='ocrx_word' id='word_1_254' title='bbox 3661 1678 3762 1733; x_wconf 72' lang='lat' dir='ltr'><strong>pa-</strong></span> 
     </span>
    </p>
   </div>
   <div class='ocr_carea' id='block_1_34' title="bbox 2108 1743 3760 1814">
    <p class='ocr_par' dir='ltr' id='par_1_34' title="bbox 2108 1743 3760 1814">
     <span class='ocr_line' id='line_1_34' title="bbox 2108 1743 3760 1814; baseline 0.004 -15"><span class='ocrx_word' id='word_1_255' title='bbox 2108 1745 2192 1800; x_wconf 87' lang='lat' dir='ltr'><strong>cis</strong></span> <span class='ocrx_word' id='word_1_256' title='bbox 2221 1746 2505 1800; x_wconf 79' lang='lat' dir='ltr'><strong>traducat.</strong></span> <span class='ocrx_word' id='word_1_257' title='bbox 2530 1743 2864 1800; x_wconf 87' lang='lat' dir='ltr'><strong>Salomonis</strong></span> <span class='ocrx_word' id='word_1_258' title='bbox 2906 1762 3014 1814; x_wconf 84' lang='lat' dir='ltr'><strong>pax</strong></span> <span class='ocrx_word' id='word_1_259' title='bbox 3043 1745 3220 1800; x_wconf 90' lang='lat' dir='ltr'><strong>certis</strong></span> <span class='ocrx_word' id='word_1_260' title='bbox 3241 1762 3308 1800; x_wconf 87' lang='lat' dir='ltr'><strong>ac</strong></span> <span class='ocrx_word' id='word_1_261' title='bbox 3326 1750 3565 1804; x_wconf 86' lang='lat' dir='ltr'><strong>statutis</strong></span> <span class='ocrx_word' id='word_1_262' title='bbox 3585 1751 3760 1806; x_wconf 87' lang='lat' dir='ltr'><strong>annis</strong></span> 
     </span>
    </p>
   </div>
   <div class='ocr_carea' id='block_1_35' title="bbox 2109 1833 3759 1905">
    <p class='ocr_par' dir='ltr' id='par_1_35' title="bbox 2109 1833 3759 1905">
     <span class='ocr_line' id='line_1_35' title="bbox 2109 1833 3759 1905; baseline 0.004 -16"><span class='ocrx_word' id='word_1_263' title='bbox 2109 1833 2704 1889; x_wconf 85' lang='lat' dir='ltr'><strong>circumscribehatur</strong></span> <span class='ocrx_word' id='word_1_264' title='bbox 2735 1834 2780 1868; x_wconf 88' lang='grc'><strong>²⁰</strong></span> <span class='ocrx_word' id='word_1_265' title='bbox 2810 1849 2822 1887; x_wconf 91' lang='lat'>:</span> <span class='ocrx_word' id='word_1_266' title='bbox 2858 1850 2983 1904; x_wconf 68' lang='lat' dir='ltr'><strong>quae</strong></span> <span class='ocrx_word' id='word_1_267' title='bbox 3015 1838 3213 1888; x_wconf 92' lang='lat' dir='ltr'><strong>autem</strong></span> <span class='ocrx_word' id='word_1_268' title='bbox 3250 1851 3357 1905; x_wconf 87' lang='lat' dir='ltr'><strong>pax</strong></span> <span class='ocrx_word' id='word_1_269' title='bbox 3380 1837 3556 1892; x_wconf 89' lang='lat' dir='ltr'><strong>datur</strong></span> <span class='ocrx_word' id='word_1_270' title='bbox 3586 1856 3620 1894; x_wconf 86' lang='lat' dir='ltr'><strong>a</strong></span> <span class='ocrx_word' id='word_1_271' title='bbox 3646 1845 3759 1894; x_wconf 90' lang='lat' dir='ltr'><strong>Do-</strong></span> 
     </span>
    </p>
   </div>
   <div class='ocr_carea' id='block_1_36' title="bbox 354 1905 2002 1999">
    <p class='ocr_par' dir='ltr' id='par_1_36' title="bbox 354 1905 2000 1999">
     <span class='ocr_line' id='line_1_36' title="bbox 354 1905 2000 1999; baseline -0.001 -23"><span class='ocrx_word' id='word_1_272' title='bbox 354 1905 512 1994; x_wconf 84' lang='grc' dir='ltr'>μενος</span> <span class='ocrx_word' id='word_1_273' title='bbox 543 1923 711 1976; x_wconf 83' lang='grc' dir='ltr'>αὐτοῦ</span> <span class='ocrx_word' id='word_1_274' title='bbox 739 1905 837 1990; x_wconf 75' lang='grc' dir='ltr'><strong>τὴν</strong></span> <span class='ocrx_word' id='word_1_275' title='bbox 877 1920 1096 1997; x_wconf 74' lang='grc' dir='ltr'>εἰρήνην</span> <span class='ocrx_word' id='word_1_276' title='bbox 1146 1921 1234 1976; x_wconf 81' lang='grc' dir='ltr'><strong>καὶ</strong></span> <span class='ocrx_word' id='word_1_277' title='bbox 1286 1919 1523 1999; x_wconf 79' lang='grc' dir='ltr'>φυλάξας</span> <span class='ocrx_word' id='word_1_278' title='bbox 1567 1920 1644 1985; x_wconf 75' lang='grc' dir='ltr'>εἷς</span> <span class='ocrx_word' id='word_1_279' title='bbox 1690 1921 1781 1976; x_wconf 85' lang='grc' dir='ltr'>τὸν</span> <span class='ocrx_word' id='word_1_280' title='bbox 1829 1918 2000 1974; x_wconf 75' lang='grc' dir='ltr'>αῗῶνα</span> 
     </span>
    </p>
   </div>
   <div class='ocr_carea' id='block_1_37' title="bbox 2120 1905 3761 1999">
    <p class='ocr_par' dir='ltr' id='par_1_37' title="bbox 2120 1923 3761 1992">
     <span class='ocr_line' id='line_1_37' title="bbox 2120 1923 3761 1992; baseline 0.004 -14"><span class='ocrx_word' id='word_1_281' title='bbox 2120 1923 2288 1989; x_wconf 88' lang='lat' dir='ltr'><strong>:nino,</strong></span> <span class='ocrx_word' id='word_1_282' title='bbox 2316 1924 2384 1978; x_wconf 89' lang='lat' dir='ltr'><strong>ad</strong></span> <span class='ocrx_word' id='word_1_283' title='bbox 2407 1938 2579 1976; x_wconf 91' lang='lat' dir='ltr'><strong>omne</strong></span> <span class='ocrx_word' id='word_1_284' title='bbox 2607 1927 2843 1992; x_wconf 89' lang='lat' dir='ltr'><strong>tempus</strong></span> <span class='ocrx_word' id='word_1_285' title='bbox 2875 1938 2936 1977; x_wconf 90' lang='lat' dir='ltr'><strong>se</strong></span> <span class='ocrx_word' id='word_1_286' title='bbox 2963 1923 3238 1989; x_wconf 81' lang='lat' dir='ltr'><strong>extendit,</strong></span> <span class='ocrx_word' id='word_1_287' title='bbox 3274 1941 3407 1980; x_wconf 85' lang='lat' dir='ltr'><strong>cum</strong></span> <span class='ocrx_word' id='word_1_288' title='bbox 3431 1943 3536 1981; x_wconf 90' lang='lat' dir='ltr'><strong>nec</strong></span> <span class='ocrx_word' id='word_1_289' title='bbox 3587 1929 3761 1984; x_wconf 81' lang='lat' dir='ltr'><strong>tinem</strong></span> 
     </span>
    </p>
   </div>
   <div class='ocr_carea' id='block_1_38' title="bbox 351 2005 1997 2088">
    <p class='ocr_par' dir='ltr' id='par_1_38' title="bbox 351 2005 1997 2088">
     <span class='ocr_line' id='line_1_38' title="bbox 351 2005 1997 2088; baseline -0.001 -22"><span class='ocrx_word' id='word_1_290' title='bbox 351 2007 552 2088; x_wconf 84' lang='grc' dir='ltr'>χρόνον</span> <span class='ocrx_word' id='word_1_291' title='bbox 598 2016 714 2073; x_wconf 84' lang='grc' dir='ltr'>τοῖς</span> <span class='ocrx_word' id='word_1_292' title='bbox 766 2009 824 2065; x_wconf 84' lang='grc' dir='ltr'>ἐκ</span> <span class='ocrx_word' id='word_1_293' title='bbox 869 2016 969 2080; x_wconf 83' lang='grc' dir='ltr'><strong>τῆς</strong></span> <span class='ocrx_word' id='word_1_294' title='bbox 1001 2011 1224 2084; x_wconf 76' lang='grc' dir='ltr'>ε’ρήνης</span> <span class='ocrx_word' id='word_1_295' title='bbox 1270 2008 1466 2072; x_wconf 88' lang='grc' dir='ltr'>καλοῖς</span> <span class='ocrx_word' id='word_1_296' title='bbox 1513 2005 1900 2084; x_wconf 86' lang='grc' dir='ltr'>συμϐιώσεται.</span> <span class='ocrx_word' id='word_1_297' title='bbox 1933 2010 1997 2065; x_wconf 82' lang='grc' dir='ltr'><strong><em>Ἠ</em></strong></span> 
     </span>
    </p>
   </div>
   <div class='ocr_carea' id='block_1_39' title="bbox 354 2097 1994 2175">
    <p class='ocr_par' dir='ltr' id='par_1_39' title="bbox 354 2097 1994 2175">
     <span class='ocr_line' id='line_1_39' title="bbox 354 2097 1994 2175; baseline -0.002 -19"><span class='ocrx_word' id='word_1_298' title='bbox 354 2099 720 2173; x_wconf 80' lang='grc' dir='ltr'>Σολομῶντος</span> <span class='ocrx_word' id='word_1_299' title='bbox 752 2100 944 2174; x_wconf 77' lang='grc' dir='ltr'>εἰρήνη</span> <span class='ocrx_word' id='word_1_300' title='bbox 975 2101 1379 2175; x_wconf 72' lang='grc' dir='ltr'>γεγραμμένοις</span> <span class='ocrx_word' id='word_1_301' title='bbox 1425 2099 1562 2154; x_wconf 76' lang='grc' dir='ltr'>ἔτεσι</span> <span class='ocrx_word' id='word_1_302' title='bbox 1621 2097 1994 2174; x_wconf 78' lang='grc' dir='ltr'>περιωρίζετο·</span> 
     </span>
    </p>
   </div>
   <div class='ocr_carea' id='block_1_40' title="bbox 352 2185 2002 2265">
    <p class='ocr_par' dir='ltr' id='par_1_40' title="bbox 352 2185 2002 2265">
     <span class='ocr_line' id='line_1_40' title="bbox 352 2185 2002 2265; baseline -0.002 -21"><span class='ocrx_word' id='word_1_303' title='bbox 352 2193 388 2259; x_wconf 82' lang='grc' dir='ltr'><strong>ἡ</strong></span> <span class='ocrx_word' id='word_1_304' title='bbox 422 2187 480 2244; x_wconf 78' lang='grc' dir='ltr'>δὶ</span> <span class='ocrx_word' id='word_1_305' title='bbox 507 2191 655 2265; x_wconf 84' lang='grc' dir='ltr'><strong>παρά</strong></span> <span class='ocrx_word' id='word_1_306' title='bbox 703 2194 802 2244; x_wconf 90' lang='grc' dir='ltr'><strong>τοῦ</strong></span> <span class='ocrx_word' id='word_1_307' title='bbox 849 2187 1057 2264; x_wconf 85' lang='grc' dir='ltr'>Κυρίου</span> <span class='ocrx_word' id='word_1_308' title='bbox 1107 2185 1293 2262; x_wconf 74' lang='grc' dir='ltr'>εἰρήνη</span> <span class='ocrx_word' id='word_1_309' title='bbox 1343 2193 1422 2260; x_wconf 79' lang='grc' dir='ltr'><strong>τῷ</strong></span> <span class='ocrx_word' id='word_1_310' title='bbox 1468 2189 1624 2244; x_wconf 84' lang='grc' dir='ltr'>αἰῶνι</span> <span class='ocrx_word' id='word_1_311' title='bbox 1656 2188 1812 2242; x_wconf 75' lang='grc' dir='ltr'>παντὶ</span> <span class='ocrx_word' id='word_1_312' title='bbox 1864 2209 2002 2260; x_wconf 87' lang='grc' dir='ltr'>συμ-</span> 
     </span>
    </p>
   </div>
   <div class='ocr_carea' id='block_1_41' title="bbox 357 2276 2004 2354">
    <p class='ocr_par' dir='ltr' id='par_1_41' title="bbox 357 2276 2004 2354">
     <span class='ocr_line' id='line_1_41' title="bbox 357 2276 2004 2354; baseline -0.002 -20"><span class='ocrx_word' id='word_1_313' title='bbox 357 2278 810 2354; x_wconf 82' lang='grc' dir='ltr'>παρεκτείνεται,</span> <span class='ocrx_word' id='word_1_314' title='bbox 860 2279 1240 2354; x_wconf 82' lang='grc' dir='ltr'>ἀπεριόριστος</span> <span class='ocrx_word' id='word_1_315' title='bbox 1320 2276 1450 2332; x_wconf 78' lang='grc' dir='ltr'>οὖσα</span> <span class='ocrx_word' id='word_1_316' title='bbox 1531 2278 1621 2332; x_wconf 73' lang='grc' dir='ltr'>καὶ</span> <span class='ocrx_word' id='word_1_317' title='bbox 1707 2277 2004 2352; x_wconf 83' lang='grc' dir='ltr'>ἀτερμάτι-</span> 
     </span>
    </p>
   </div>
   <div class='ocr_carea' id='block_1_42' title="bbox 359 2367 2006 2446">
    <p class='ocr_par' dir='ltr' id='par_1_42' title="bbox 359 2367 2006 2446">
     <span class='ocr_line' id='line_1_42' title="bbox 359 2367 2006 2446; baseline -0.003 -21"><span class='ocrx_word' id='word_1_318' title='bbox 359 2372 648 2444; x_wconf 82' lang='grc' dir='ltr'>στος</span> <span class='ocrx_word' id='word_1_319' title='bbox 674 2369 854 2425; x_wconf 79' lang='grc' dir='ltr'>Πάντα</span> <span class='ocrx_word' id='word_1_320' title='bbox 897 2371 1002 2446; x_wconf 79' lang='grc' dir='ltr'><strong>γὰρ</strong></span> <span class='ocrx_word' id='word_1_321' title='bbox 1046 2369 1442 2443; x_wconf 75' lang='grc' dir='ltr'>ὑποταγήσεται</span> <span class='ocrx_word' id='word_1_322' title='bbox 1492 2367 1659 2440; x_wconf 76' lang='grc' dir='ltr'>αὐτῷ,</span> <span class='ocrx_word' id='word_1_323' title='bbox 1695 2367 1786 2422; x_wconf 80' lang='grc' dir='ltr'><strong>καὶ</strong></span> <span class='ocrx_word' id='word_1_324' title='bbox 1833 2367 2006 2421; x_wconf 83' lang='grc' dir='ltr'>πάντα</span> 
     </span>
    </p>
   </div>
   <div class='ocr_carea' id='block_1_43' title="bbox 357 2453 2002 2535">
    <p class='ocr_par' dir='ltr' id='par_1_43' title="bbox 357 2453 2002 2535">
     <span class='ocr_line' id='line_1_43' title="bbox 357 2453 2002 2535; baseline -0.003 -21"><span class='ocrx_word' id='word_1_325' title='bbox 357 2460 714 2535; x_wconf 78' lang='grc' dir='ltr'>ἐπιγνώσεται</span> <span class='ocrx_word' id='word_1_326' title='bbox 789 2461 888 2529; x_wconf 78' lang='grc' dir='ltr'><strong>τήν</strong></span> <span class='ocrx_word' id='word_1_327' title='bbox 971 2458 1136 2514; x_wconf 84' lang='grc' dir='ltr'>αὑτοῦ</span> <span class='ocrx_word' id='word_1_328' title='bbox 1225 2455 1572 2513; x_wconf 85' lang='grc' dir='ltr'>δεσποτείαν⁴</span> <span class='ocrx_word' id='word_1_329' title='bbox 1625 2458 1714 2512; x_wconf 86' lang='grc' dir='ltr'>καὶ</span> <span class='ocrx_word' id='word_1_330' title='bbox 1791 2453 2002 2510; x_wconf 74' lang='grc' dir='ltr'>ἐπειδὰν</span> 
     </span>
    </p>
   </div>
   <div class='ocr_carea' id='block_1_44' title="bbox 356 2545 2006 2626">
    <p class='ocr_par' dir='ltr' id='par_1_44' title="bbox 356 2545 2006 2626">
     <span class='ocr_line' id='line_1_44' title="bbox 356 2545 2006 2626; baseline -0.003 -23"><span class='ocrx_word' id='word_1_331' title='bbox 356 2548 575 2626; x_wconf 68' lang='grc' dir='ltr'>γενηται</span> <span class='ocrx_word' id='word_1_332' title='bbox 607 2551 634 2604; x_wconf 87' lang='grc' dir='ltr'>ὁ</span> <span class='ocrx_word' id='word_1_333' title='bbox 665 2549 795 2612; x_wconf 88' lang='grc' dir='ltr'>Θεὸς</span> <span class='ocrx_word' id='word_1_334' title='bbox 849 2549 918 2602; x_wconf 77' lang='grc' dir='ltr'>τὰ</span> <span class='ocrx_word' id='word_1_335' title='bbox 968 2547 1138 2602; x_wconf 84' lang='grc' dir='ltr'>πάντα</span> <span class='ocrx_word' id='word_1_336' title='bbox 1198 2546 1248 2600; x_wconf 68' lang='grc' dir='ltr'>ἂν</span> <span class='ocrx_word' id='word_1_337' title='bbox 1300 2551 1450 2612; x_wconf 82' lang='grc' dir='ltr'>πᾶσι,</span> <span class='ocrx_word' id='word_1_338' title='bbox 1483 2545 2006 2621; x_wconf 80' lang='grc' dir='ltr'>καθησυχασθὲντων</span> 
     </span>
    </p>
   </div>
   <div class='ocr_carea' id='block_1_45' title="bbox 357 2633 2008 2712">
    <p class='ocr_par' dir='ltr' id='par_1_45' title="bbox 357 2633 2008 2712">
     <span class='ocr_line' id='line_1_45' title="bbox 357 2633 2008 2712; baseline -0.003 -19"><span class='ocrx_word' id='word_1_339' title='bbox 357 2643 464 2693; x_wconf 90' lang='grc' dir='ltr'><strong>τῶν</strong></span> <span class='ocrx_word' id='word_1_340' title='bbox 540 2633 916 2712; x_wconf 73' lang='grc' dir='ltr'>θορυϐούντων</span> <span class='ocrx_word' id='word_1_341' title='bbox 989 2642 1106 2698; x_wconf 82' lang='grc' dir='ltr'>ταῖς</span> <span class='ocrx_word' id='word_1_342' title='bbox 1181 2633 1578 2707; x_wconf 80' lang='grc' dir='ltr'>ἀποστασίαις,</span> <span class='ocrx_word' id='word_1_343' title='bbox 1639 2634 1690 2688; x_wconf 71' lang='grc' dir='ltr'>ἰν</span> <span class='ocrx_word' id='word_1_344' title='bbox 1749 2634 2008 2709; x_wconf 79' lang='grc' dir='ltr'>εἷρηνικῷ</span> 
     </span>
    </p>
   </div>
   <div class='ocr_carea' id='block_1_46' title="bbox 360 2724 2007 2804">
    <p class='ocr_par' dir='ltr' id='par_1_46' title="bbox 360 2724 2007 2804">
     <span class='ocr_line' id='line_1_46' title="bbox 360 2724 2007 2804; baseline -0.002 -24"><span class='ocrx_word' id='word_1_345' title='bbox 360 2726 647 2804; x_wconf 75' lang='grc' dir='ltr'>συμφωνίᾳ</span> <span class='ocrx_word' id='word_1_346' title='bbox 672 2726 764 2781; x_wconf 88' lang='grc' dir='ltr'>τὸν</span> <span class='ocrx_word' id='word_1_347' title='bbox 799 2727 928 2781; x_wconf 84' lang='grc' dir='ltr'><strong>Θεὸν</strong></span> <span class='ocrx_word' id='word_1_348' title='bbox 965 2725 1297 2798; x_wconf 73' lang='grc' dir='ltr'>ὑμνήσουσιν</span> <span class='ocrx_word' id='word_1_349' title='bbox 1333 2727 1464 2799; x_wconf 88' lang='grc'><strong>(39).</strong></span> <span class='ocrx_word' id='word_1_350' title='bbox 1501 2725 1618 2779; x_wconf 77' lang='grc' dir='ltr'><strong>Ἐπὶ</strong></span> <span class='ocrx_word' id='word_1_351' title='bbox 1669 2724 1761 2778; x_wconf 87' lang='grc' dir='ltr'><strong>τὸν</strong></span> <span class='ocrx_word' id='word_1_352' title='bbox 1817 2724 2007 2799; x_wconf 87' lang='grc' dir='ltr'>θρόνον</span> 
     </span>
    </p>
   </div>
   <div class='ocr_carea' id='block_1_47' title="bbox 361 2811 2006 2889">
    <p class='ocr_par' dir='ltr' id='par_1_47' title="bbox 361 2811 2006 2889">
     <span class='ocr_line' id='line_1_47' title="bbox 361 2811 2006 2889; baseline -0.001 -20"><span class='ocrx_word' id='word_1_353' title='bbox 361 2811 566 2885; x_wconf 82' lang='grc' dir='ltr'>Δαϐὶδ,</span> <span class='ocrx_word' id='word_1_354' title='bbox 624 2815 714 2870; x_wconf 83' lang='grc' dir='ltr'><strong>καὶ</strong></span> <span class='ocrx_word' id='word_1_355' title='bbox 775 2816 864 2870; x_wconf 73' lang='grc' dir='ltr'>ἐπὶ</span> <span class='ocrx_word' id='word_1_356' title='bbox 914 2816 1013 2884; x_wconf 82' lang='grc' dir='ltr'><strong>τήν</strong></span> <span class='ocrx_word' id='word_1_357' title='bbox 1077 2813 1354 2888; x_wconf 81' lang='grc' dir='ltr'>βασιλείαν</span> <span class='ocrx_word' id='word_1_358' title='bbox 1406 2813 1611 2882; x_wconf 83' lang='grc' dir='ltr'>αὑτοῦ,</span> <span class='ocrx_word' id='word_1_359' title='bbox 1664 2817 2006 2889; x_wconf 84' lang='grc' dir='ltr'>κατορθῶσαι</span> 
     </span>
    </p>
   </div>
   <div class='ocr_carea' id='block_1_48' title="bbox 360 2900 2004 2979">
    <p class='ocr_par' dir='ltr' id='par_1_48' title="bbox 360 2900 2004 2979">
     <span class='ocr_line' id='line_1_48' title="bbox 360 2900 2004 2979; baseline -0.002 -19"><span class='ocrx_word' id='word_1_360' title='bbox 360 2904 549 2975; x_wconf 83' lang='grc' dir='ltr'>αὐτήν.</span> <span class='ocrx_word' id='word_1_361' title='bbox 607 2903 706 2958; x_wconf 78' lang='grc' dir='ltr'><strong>Διὰ</strong></span> <span class='ocrx_word' id='word_1_362' title='bbox 759 2905 823 2958; x_wconf 82' lang='grc' dir='ltr'><strong>τὸ</strong></span> <span class='ocrx_word' id='word_1_363' title='bbox 875 2903 1154 2978; x_wconf 75' lang='grc' dir='ltr'>εἰρῆσθαι,</span> <span class='ocrx_word' id='word_1_364' title='bbox 1215 2904 1299 2958; x_wconf 78' lang='grc' dir='ltr'><strong>ὅτι</strong></span> <span class='ocrx_word' id='word_1_365' title='bbox 1353 2901 1467 2960; x_wconf 79' lang='grc' dir='ltr'>Οὐκ</span> <span class='ocrx_word' id='word_1_366' title='bbox 1520 2900 1758 2976; x_wconf 77' lang='grc' dir='ltr'>ἐκλείψει</span> <span class='ocrx_word' id='word_1_367' title='bbox 1817 2900 2004 2979; x_wconf 74' lang='grc' dir='ltr'>ἅρχων</span> 
     </span>
    </p>
   </div>
   <div class='ocr_carea' id='block_1_49' title="bbox 361 2990 2006 3067">
    <p class='ocr_par' dir='ltr' id='par_1_49' title="bbox 361 2990 2006 3067">
     <span class='ocr_line' id='line_1_49' title="bbox 361 2990 2006 3067; baseline -0.002 -19"><span class='ocrx_word' id='word_1_368' title='bbox 361 2993 412 3063; x_wconf 79' lang='grc' dir='ltr'>ιξ</span> <span class='ocrx_word' id='word_1_369' title='bbox 469 2991 676 3063; x_wconf 82' lang='grc' dir='ltr'>Ἰούδα,</span> <span class='ocrx_word' id='word_1_370' title='bbox 729 2992 818 3047; x_wconf 85' lang='grc' dir='ltr'><strong>καὶ</strong></span> <span class='ocrx_word' id='word_1_371' title='bbox 876 2992 1186 3067; x_wconf 75' lang='grc' dir='ltr'>ἡγούμενος</span> <span class='ocrx_word' id='word_1_372' title='bbox 1257 2990 1317 3046; x_wconf 81' lang='grc' dir='ltr'>ἐκ</span> <span class='ocrx_word' id='word_1_373' title='bbox 1394 2997 1501 3046; x_wconf 87' lang='grc' dir='ltr'><strong>τῶν</strong></span> <span class='ocrx_word' id='word_1_374' title='bbox 1567 2996 1758 3067; x_wconf 81' lang='grc' dir='ltr'>μηρῶν</span> <span class='ocrx_word' id='word_1_375' title='bbox 1820 2993 2006 3063; x_wconf 81' lang='grc' dir='ltr'>αὑτοῦ,</span> 
     </span>
    </p>
   </div>
   <div class='ocr_carea' id='block_1_50' title="bbox 357 3075 2004 3153">
    <p class='ocr_par' dir='ltr' id='par_1_50' title="bbox 357 3075 2004 3153">
     <span class='ocr_line' id='line_1_50' title="bbox 357 3075 2004 3153; baseline -0.001 -20"><span class='ocrx_word' id='word_1_376' title='bbox 357 3077 463 3142; x_wconf 57' lang='grc' dir='ltr'>ἓως</span> <span class='ocrx_word' id='word_1_377' title='bbox 530 3079 590 3133; x_wconf 76' lang='grc' dir='ltr'><strong>ἂν</strong></span> <span class='ocrx_word' id='word_1_378' title='bbox 669 3075 801 3153; x_wconf 75' lang='grc' dir='ltr'>ἔλθῃ</span> <span class='ocrx_word' id='word_1_379' title='bbox 873 3080 940 3134; x_wconf 77' lang='grc' dir='ltr'>τὰ</span> <span class='ocrx_word' id='word_1_380' title='bbox 1012 3079 1348 3152; x_wconf 81' lang='grc' dir='ltr'>ἀποκείμενα</span> <span class='ocrx_word' id='word_1_381' title='bbox 1418 3079 1604 3150; x_wconf 77' lang='grc' dir='ltr'>αὐτῷ,</span> <span class='ocrx_word' id='word_1_382' title='bbox 1659 3078 1852 3140; x_wconf 81' lang='grc' dir='ltr'>πάντες</span> <span class='ocrx_word' id='word_1_383' title='bbox 1896 3081 2004 3151; x_wconf 87' lang='grc'><strong>(40)</strong></span> 
     </span>
    </p>
   </div>
   <div class='ocr_carea' id='block_1_51' title="bbox 361 3162 2006 3244">
    <p class='ocr_par' dir='ltr' id='par_1_51' title="bbox 361 3162 2006 3244">
     <span class='ocr_line' id='line_1_51' title="bbox 361 3162 2006 3244; baseline 0.001 -24"><span class='ocrx_word' id='word_1_384' title='bbox 361 3163 555 3242; x_wconf 82' lang='grc' dir='ltr'>σχεδὸν</span> <span class='ocrx_word' id='word_1_385' title='bbox 589 3167 916 3244; x_wconf 78' lang='grc' dir='ltr'>ὁμοφώνως,</span> <span class='ocrx_word' id='word_1_386' title='bbox 950 3167 1008 3222; x_wconf 68' lang='grc' dir='ltr'>ἐκ</span> <span class='ocrx_word' id='word_1_387' title='bbox 1037 3166 1345 3240; x_wconf 69' lang='grc' dir='ltr'>σπέρματος</span> <span class='ocrx_word' id='word_1_388' title='bbox 1378 3162 1544 3222; x_wconf 80' lang='grc' dir='ltr'>Δαϐὶδ</span> <span class='ocrx_word' id='word_1_389' title='bbox 1577 3167 1713 3222; x_wconf 81' lang='grc' dir='ltr'>εἶναι</span> <span class='ocrx_word' id='word_1_390' title='bbox 1758 3167 1822 3221; x_wconf 86' lang='grc' dir='ltr'>τὸ</span> <span class='ocrx_word' id='word_1_391' title='bbox 1869 3168 2006 3222; x_wconf 83' lang='grc' dir='ltr'><strong>κατά</strong></span> 
     </span>
    </p>
   </div>
   <div class='ocr_carea' id='block_1_52' title="bbox 2113 2011 3763 2085">
    <p class='ocr_par' dir='ltr' id='par_1_52' title="bbox 2113 2011 3763 2085">
     <span class='ocr_line' id='line_1_52' title="bbox 2113 2011 3763 2085; baseline 0.002 -17"><span class='ocrx_word' id='word_1_392' title='bbox 2113 2028 2217 2068; x_wconf 86' lang='lat' dir='ltr'><strong>nec</strong></span> <span class='ocrx_word' id='word_1_393' title='bbox 2250 2011 2568 2067; x_wconf 85' lang='lat' dir='ltr'><strong>terminum</strong></span> <span class='ocrx_word' id='word_1_394' title='bbox 2601 2011 2896 2066; x_wconf 83' lang='lat' dir='ltr'><strong>admittat.</strong></span> <span class='ocrx_word' id='word_1_395' title='bbox 2928 2011 3139 2066; x_wconf 87' lang='lat' dir='ltr'><strong>Omnia</strong></span> <span class='ocrx_word' id='word_1_396' title='bbox 3177 2014 3329 2068; x_wconf 88' lang='lat' dir='ltr'><strong>enim</strong></span> <span class='ocrx_word' id='word_1_397' title='bbox 3360 2014 3409 2068; x_wconf 87' lang='lat' dir='ltr'><strong>ei</strong></span> <span class='ocrx_word' id='word_1_398' title='bbox 3444 2017 3763 2085; x_wconf 83' lang='lat' dir='ltr'><strong>subjicien-</strong></span> 
     </span>
    </p>
   </div>
   <div class='ocr_carea' id='block_1_53' title="bbox 2108 2101 3767 2173">
    <p class='ocr_par' dir='ltr' id='par_1_53' title="bbox 2108 2101 3767 2173">
     <span class='ocr_line' id='line_1_53' title="bbox 2108 2101 3767 2173; baseline 0.003 -17"><span class='ocrx_word' id='word_1_399' title='bbox 2108 2107 2208 2156; x_wconf 87' lang='lat' dir='ltr'><strong>tur</strong></span> <span class='ocrx_word' id='word_1_400' title='bbox 2232 2102 2303 2166; x_wconf 63' lang='grc' dir='ltr'>υ,</span> <span class='ocrx_word' id='word_1_401' title='bbox 2337 2106 2776 2171; x_wconf 85' lang='lat' dir='ltr'><strong>agnoscentque</strong></span> <span class='ocrx_word' id='word_1_402' title='bbox 2806 2101 2934 2169; x_wconf 87' lang='lat' dir='ltr'><strong>ejus</strong></span> <span class='ocrx_word' id='word_1_403' title='bbox 2965 2101 3274 2169; x_wconf 88' lang='lat' dir='ltr'><strong>imperium</strong></span> <span class='ocrx_word' id='word_1_404' title='bbox 3308 2104 3532 2173; x_wconf 88' lang='lat' dir='ltr'><strong>omnia;</strong></span> <span class='ocrx_word' id='word_1_405' title='bbox 3556 2112 3614 2160; x_wconf 88' lang='lat' dir='ltr'><strong>et</strong></span> <span class='ocrx_word' id='word_1_406' title='bbox 3664 2107 3767 2161; x_wconf 92' lang='lat' dir='ltr'><strong>ubi</strong></span> 
     </span>
    </p>
   </div>
   <div class='ocr_carea' id='block_1_54' title="bbox 2113 2189 3764 2264">
    <p class='ocr_par' dir='ltr' id='par_1_54' title="bbox 2113 2189 3764 2264">
     <span class='ocr_line' id='line_1_54' title="bbox 2113 2189 3764 2264; baseline 0.004 -20"><span class='ocrx_word' id='word_1_407' title='bbox 2113 2189 2287 2244; x_wconf 81' lang='lat' dir='ltr'><strong>fuerit</strong></span> <span class='ocrx_word' id='word_1_408' title='bbox 2315 2189 2469 2244; x_wconf 89' lang='lat' dir='ltr'><strong>Deus</strong></span> <span class='ocrx_word' id='word_1_409' title='bbox 2501 2189 2700 2244; x_wconf 90' lang='lat' dir='ltr'><strong>omnia</strong></span> <span class='ocrx_word' id='word_1_410' title='bbox 2729 2189 2785 2242; x_wconf 89' lang='lat' dir='ltr'><strong>in</strong></span> <span class='ocrx_word' id='word_1_411' title='bbox 2821 2190 3117 2250; x_wconf 88' lang='lat' dir='ltr'><strong>omnibus.</strong></span> <span class='ocrx_word' id='word_1_412' title='bbox 3151 2190 3224 2244; x_wconf 92' lang='lat' dir='ltr'><strong>iis</strong></span> <span class='ocrx_word' id='word_1_413' title='bbox 3274 2192 3374 2262; x_wconf 91' lang='lat' dir='ltr'><strong>qui</strong></span> <span class='ocrx_word' id='word_1_414' title='bbox 3433 2208 3536 2264; x_wconf 92' lang='lat' dir='ltr'><strong>per</strong></span> <span class='ocrx_word' id='word_1_415' title='bbox 3593 2211 3764 2250; x_wconf 91' lang='lat' dir='ltr'><strong>suam</strong></span> 
     </span>
    </p>
   </div>
   <div class='ocr_carea' id='block_1_55' title="bbox 2113 2277 3765 2353">
    <p class='ocr_par' dir='ltr' id='par_1_55' title="bbox 2113 2277 3765 2353">
     <span class='ocr_line' id='line_1_55' title="bbox 2113 2277 3765 2353; baseline 0.004 -20"><span class='ocrx_word' id='word_1_416' title='bbox 2113 2278 2497 2333; x_wconf 76' lang='lat' dir='ltr'><strong>defectionem</strong></span> <span class='ocrx_word' id='word_1_417' title='bbox 2530 2277 2820 2332; x_wconf 87' lang='lat' dir='ltr'><strong>tumultus</strong></span> <span class='ocrx_word' id='word_1_418' title='bbox 2851 2277 3181 2333; x_wconf 80' lang='lat' dir='ltr'><strong>excitabant</strong></span> <span class='ocrx_word' id='word_1_419' title='bbox 3234 2279 3455 2335; x_wconf 87' lang='lat' dir='ltr'><strong>indicto</strong></span> <span class='ocrx_word' id='word_1_420' title='bbox 3507 2281 3765 2353; x_wconf 90' lang='lat' dir='ltr'><strong>silentio,</strong></span> 
     </span>
    </p>
   </div>
   <div class='ocr_carea' id='block_1_56' title="bbox 2115 2367 3765 2440">
    <p class='ocr_par' dir='ltr' id='par_1_56' title="bbox 2115 2367 3765 2440">
     <span class='ocr_line' id='line_1_56' title="bbox 2115 2367 3765 2440; baseline 0.004 -18"><span class='ocrx_word' id='word_1_421' title='bbox 2115 2368 2300 2423; x_wconf 91' lang='lat' dir='ltr'><strong>Deum</strong></span> <span class='ocrx_word' id='word_1_422' title='bbox 2335 2367 2574 2436; x_wconf 81' lang='lat' dir='ltr'><strong>paciﬁco</strong></span> <span class='ocrx_word' id='word_1_423' title='bbox 2607 2382 2896 2422; x_wconf 85' lang='lat' dir='ltr'><strong>consensu</strong></span> <span class='ocrx_word' id='word_1_424' title='bbox 2930 2367 3276 2424; x_wconf 86' lang='lat' dir='ltr'><strong>landabunt.</strong></span> <span class='ocrx_word' id='word_1_425' title='bbox 3343 2370 3518 2440; x_wconf 80' lang='lat' dir='ltr'><strong>Super</strong></span> <span class='ocrx_word' id='word_1_426' title='bbox 3563 2373 3765 2428; x_wconf 79' lang='lat' dir='ltr'><strong>solium</strong></span> 
     </span>
    </p>
   </div>
   <div class='ocr_carea' id='block_1_57' title="bbox 2115 2457 3764 2526">
    <p class='ocr_par' dir='ltr' id='par_1_57' title="bbox 2115 2457 3764 2526">
     <span class='ocr_line' id='line_1_57' title="bbox 2115 2457 3764 2526; baseline 0.003 -14"><span class='ocrx_word' id='word_1_427' title='bbox 2115 2457 2297 2512; x_wconf 83' lang='lat' dir='ltr'><strong>David</strong></span> <span class='ocrx_word' id='word_1_428' title='bbox 2326 2461 2379 2510; x_wconf 88' lang='lat' dir='ltr'><strong>et</strong></span> <span class='ocrx_word' id='word_1_429' title='bbox 2421 2472 2588 2526; x_wconf 84' lang='lat' dir='ltr'><strong>super</strong></span> <span class='ocrx_word' id='word_1_430' title='bbox 2643 2473 2873 2524; x_wconf 79' lang='lat' dir='ltr'><strong>regnum</strong></span> <span class='ocrx_word' id='word_1_431' title='bbox 2929 2458 3070 2522; x_wconf 79' lang='lat' dir='ltr'><strong>eius,</strong></span> <span class='ocrx_word' id='word_1_432' title='bbox 3124 2465 3186 2511; x_wconf 88' lang='lat' dir='ltr'><strong>ut</strong></span> <span class='ocrx_word' id='word_1_433' title='bbox 3237 2458 3548 2514; x_wconf 78' lang='lat' dir='ltr'><strong>moderetur</strong></span> <span class='ocrx_word' id='word_1_434' title='bbox 3602 2461 3764 2518; x_wconf 89' lang='lat' dir='ltr'><strong>illud.</strong></span> 
     </span>
    </p>
   </div>
   <div class='ocr_carea' id='block_1_58' title="bbox 2116 2546 3764 2619">
    <p class='ocr_par' dir='ltr' id='par_1_58' title="bbox 2116 2546 3764 2619">
     <span class='ocr_line' id='line_1_58' title="bbox 2116 2546 3764 2619; baseline 0.003 -19"><span class='ocrx_word' id='word_1_435' title='bbox 2116 2546 2404 2612; x_wconf 87' lang='lat' dir='ltr'><strong>Quoniam</strong></span> <span class='ocrx_word' id='word_1_436' title='bbox 2439 2546 2661 2600; x_wconf 91' lang='lat' dir='ltr'><strong>dictum</strong></span> <span class='ocrx_word' id='word_1_437' title='bbox 2695 2552 2811 2600; x_wconf 88' lang='lat' dir='ltr'><strong>est:</strong></span> <span class='ocrx_word' id='word_1_438' title='bbox 2837 2551 2962 2602; x_wconf 82' lang='lat' dir='ltr'><strong>Non</strong></span> <span class='ocrx_word' id='word_1_439' title='bbox 2990 2547 3205 2615; x_wconf 82' lang='lat' dir='ltr'><strong>deﬁciet</strong></span> <span class='ocrx_word' id='word_1_440' title='bbox 3228 2549 3484 2619; x_wconf 81' lang='lat' dir='ltr'><strong>princeps</strong></span> <span class='ocrx_word' id='word_1_441' title='bbox 3503 2566 3576 2604; x_wconf 70' lang='lat' dir='ltr'><strong>ea:</strong></span> <span class='ocrx_word' id='word_1_442' title='bbox 3594 2551 3764 2618; x_wconf 78' lang='lat' dir='ltr'><strong>Iuda,</strong></span> 
     </span>
    </p>
   </div>
   <div class='ocr_carea' id='block_1_59' title="bbox 2116 2635 3768 2710">
    <p class='ocr_par' dir='ltr' id='par_1_59' title="bbox 2116 2635 3768 2710">
     <span class='ocr_line' id='line_1_59' title="bbox 2116 2635 3768 2710; baseline 0.002 -19"><span class='ocrx_word' id='word_1_443' title='bbox 2116 2645 2166 2692; x_wconf 89' lang='lat' dir='ltr'><strong>el</strong></span> <span class='ocrx_word' id='word_1_444' title='bbox 2194 2637 2317 2691; x_wconf 69' lang='lat' dir='ltr'><strong>diu:</strong></span> <span class='ocrx_word' id='word_1_445' title='bbox 2345 2635 2411 2690; x_wconf 88' lang='lat' dir='ltr'><strong>de</strong></span> <span class='ocrx_word' id='word_1_446' title='bbox 2428 2637 2735 2703; x_wconf 80' lang='lat' dir='ltr'><strong>femoribus</strong></span> <span class='ocrx_word' id='word_1_447' title='bbox 2764 2636 2900 2704; x_wconf 84' lang='lat' dir='ltr'><strong>ejus.</strong></span> <span class='ocrx_word' id='word_1_448' title='bbox 2933 2635 3101 2690; x_wconf 85' lang='lat' dir='ltr'><strong>donec</strong></span> <span class='ocrx_word' id='word_1_449' title='bbox 3127 2637 3354 2692; x_wconf 80' lang='lat' dir='ltr'><strong>veniant</strong></span> <span class='ocrx_word' id='word_1_450' title='bbox 3383 2653 3509 2706; x_wconf 66' lang='lat' dir='ltr'><strong>quae</strong></span> <span class='ocrx_word' id='word_1_451' title='bbox 3523 2643 3768 2710; x_wconf 84' lang='lat' dir='ltr'><strong>reposita</strong></span> 
     </span>
    </p>
   </div>
   <div class='ocr_carea' id='block_1_60' title="bbox 2115 2725 3770 2789">
    <p class='ocr_par' dir='ltr' id='par_1_60' title="bbox 2115 2725 3770 2789">
     <span class='ocr_line' id='line_1_60' title="bbox 2115 2725 3770 2789; baseline 0.001 -8"><span class='ocrx_word' id='word_1_452' title='bbox 2115 2730 2244 2781; x_wconf 86' lang='lat' dir='ltr'><strong>sunt</strong></span> <span class='ocrx_word' id='word_1_453' title='bbox 2263 2726 2320 2781; x_wconf 87' lang='lat' dir='ltr'><strong>ei</strong></span> <span class='ocrx_word' id='word_1_454' title='bbox 2349 2725 2417 2789; x_wconf 83' lang='grc'><strong>²²,</strong></span> <span class='ocrx_word' id='word_1_455' title='bbox 2441 2740 2646 2779; x_wconf 85' lang='lat' dir='ltr'><strong>omnes</strong></span> <span class='ocrx_word' id='word_1_456' title='bbox 2677 2725 2942 2778; x_wconf 90' lang='lat' dir='ltr'><strong>unanimi</strong></span> <span class='ocrx_word' id='word_1_457' title='bbox 2975 2725 3092 2779; x_wconf 78' lang='lat' dir='ltr'><strong>fere</strong></span> <span class='ocrx_word' id='word_1_458' title='bbox 3119 2741 3404 2780; x_wconf 88' lang='lat' dir='ltr'><strong>consensu</strong></span> <span class='ocrx_word' id='word_1_459' title='bbox 3458 2731 3770 2783; x_wconf 87' lang='lat' dir='ltr'><strong>enuntiant</strong></span> 
     </span>
    </p>
   </div>
   <div class='ocr_carea' id='block_1_61' title="bbox 2116 2814 3766 2872">
    <p class='ocr_par' dir='ltr' id='par_1_61' title="bbox 2116 2814 3766 2872">
     <span class='ocr_line' id='line_1_61' title="bbox 2116 2814 3766 2872; baseline 0.001 -1"><span class='ocrx_word' id='word_1_460' title='bbox 2116 2814 2433 2871; x_wconf 88' lang='lat' dir='ltr'><strong>Dominum</strong></span> <span class='ocrx_word' id='word_1_461' title='bbox 2466 2815 2793 2868; x_wconf 89' lang='lat' dir='ltr'><strong>secundum</strong></span> <span class='ocrx_word' id='word_1_462' title='bbox 2826 2829 3059 2868; x_wconf 87' lang='lat' dir='ltr'><strong>carnem</strong></span> <span class='ocrx_word' id='word_1_463' title='bbox 3091 2830 3160 2868; x_wconf 82' lang='lat' dir='ltr'><strong>ex</strong></span> <span class='ocrx_word' id='word_1_464' title='bbox 3189 2815 3412 2870; x_wconf 87' lang='lat' dir='ltr'><strong>semine</strong></span> <span class='ocrx_word' id='word_1_465' title='bbox 3437 2816 3616 2872; x_wconf 87' lang='lat' dir='ltr'><strong>David</strong></span> <span class='ocrx_word' id='word_1_466' title='bbox 3650 2819 3766 2872; x_wconf 90' lang='lat' dir='ltr'><strong>ori-</strong></span> 
     </span>
    </p>
   </div>
   <div class='ocr_carea' id='block_1_62' title="bbox 2117 2902 3766 2976">
    <p class='ocr_par' dir='ltr' id='par_1_62' title="bbox 2117 2902 3766 2976">
     <span class='ocr_line' id='line_1_62' title="bbox 2117 2902 3766 2976; baseline 0.002 -19"><span class='ocrx_word' id='word_1_467' title='bbox 2117 2904 2186 2958; x_wconf 88' lang='lat' dir='ltr'><strong>ri.</strong></span> <span class='ocrx_word' id='word_1_468' title='bbox 2222 2903 2459 2958; x_wconf 84' lang='lat' dir='ltr'><strong>Sedebit</strong></span> <span class='ocrx_word' id='word_1_469' title='bbox 2489 2903 2667 2972; x_wconf 87' lang='lat' dir='ltr'><strong>igitur</strong></span> <span class='ocrx_word' id='word_1_470' title='bbox 2685 2902 2860 2972; x_wconf 85' lang='lat' dir='ltr'><strong>Super</strong></span> <span class='ocrx_word' id='word_1_471' title='bbox 2908 2903 3176 2957; x_wconf 74' lang='lat' dir='ltr'><strong>thronum</strong></span> <span class='ocrx_word' id='word_1_472' title='bbox 3206 2904 3402 2966; x_wconf 80' lang='lat' dir='ltr'><strong>David,</strong></span> <span class='ocrx_word' id='word_1_473' title='bbox 3433 2909 3484 2958; x_wconf 82' lang='lat' dir='ltr'><strong>et</strong></span> <span class='ocrx_word' id='word_1_474' title='bbox 3535 2921 3766 2976; x_wconf 84' lang='lat' dir='ltr'><strong>regnum</strong></span> 
     </span>
    </p>
   </div>
   <div class='ocr_carea' id='block_1_63' title="bbox 2116 2990 3770 3065">
    <p class='ocr_par' dir='ltr' id='par_1_63' title="bbox 2116 2990 3770 3065">
     <span class='ocr_line' id='line_1_63' title="bbox 2116 2990 3770 3065; baseline 0.002 -18"><span class='ocrx_word' id='word_1_475' title='bbox 2116 2995 2250 3064; x_wconf 81' lang='lat' dir='ltr'><strong>ejus,</strong></span> <span class='ocrx_word' id='word_1_476' title='bbox 2283 3001 2346 3046; x_wconf 85' lang='lat' dir='ltr'><strong>ut</strong></span> <span class='ocrx_word' id='word_1_477' title='bbox 2373 2991 2684 3046; x_wconf 82' lang='lat' dir='ltr'><strong>moderetur</strong></span> <span class='ocrx_word' id='word_1_478' title='bbox 2715 2990 2880 3055; x_wconf 79' lang='lat' dir='ltr'><strong>illud,</strong></span> <span class='ocrx_word' id='word_1_479' title='bbox 2903 2996 2955 3045; x_wconf 86' lang='lat' dir='ltr'><strong>et</strong></span> <span class='ocrx_word' id='word_1_480' title='bbox 2974 2993 3358 3061; x_wconf 72' lang='lat' dir='ltr'><strong>patrocinatur</strong></span> <span class='ocrx_word' id='word_1_481' title='bbox 3374 2996 3429 3048; x_wconf 86' lang='lat' dir='ltr'><strong>ei</strong></span> <span class='ocrx_word' id='word_1_482' title='bbox 3457 2996 3517 3048; x_wconf 83' lang='lat' dir='ltr'><strong>in</strong></span> <span class='ocrx_word' id='word_1_483' title='bbox 3553 2995 3770 3065; x_wconf 76' lang='lat' dir='ltr'><strong>judicio</strong></span> 
     </span>
    </p>
   </div>
   <div class='ocr_carea' id='block_1_64' title="bbox 2116 3079 3764 3152">
    <p class='ocr_par' dir='ltr' id='par_1_64' title="bbox 2116 3079 3764 3152">
     <span class='ocr_line' id='line_1_64' title="bbox 2116 3079 3764 3152; baseline 0.001 -16"><span class='ocrx_word' id='word_1_484' title='bbox 2116 3085 2166 3136; x_wconf 86' lang='lat' dir='ltr'><strong>et</strong></span> <span class='ocrx_word' id='word_1_485' title='bbox 2187 3079 2665 3151; x_wconf 80' lang='lat' dir='ltr'><strong>justitiaJudicia</strong></span> <span class='ocrx_word' id='word_1_486' title='bbox 2693 3081 2809 3144; x_wconf 71' lang='lat' dir='ltr'><strong>tua,</strong></span> <span class='ocrx_word' id='word_1_487' title='bbox 2843 3079 3056 3149; x_wconf 91' lang='lat' dir='ltr'><strong>inquit,</strong></span> <span class='ocrx_word' id='word_1_488' title='bbox 3091 3079 3318 3150; x_wconf 79' lang='lat' dir='ltr'><strong>abyssus</strong></span> <span class='ocrx_word' id='word_1_489' title='bbox 3355 3083 3538 3136; x_wconf 80' lang='lat' dir='ltr'><strong>multa</strong></span> <span class='ocrx_word' id='word_1_490' title='bbox 3566 3083 3650 3150; x_wconf 69' lang='lat'><strong>’3;</strong></span> <span class='ocrx_word' id='word_1_491' title='bbox 3684 3091 3764 3152; x_wconf 90' lang='lat' dir='ltr'><strong>et,</strong></span> 
     </span>
    </p>
   </div>
   <div class='ocr_carea' id='block_1_65' title="bbox 2117 3168 3771 3241">
    <p class='ocr_par' dir='ltr' id='par_1_65' title="bbox 2117 3168 3771 3241">
     <span class='ocr_line' id='line_1_65' title="bbox 2117 3168 3771 3241; baseline 0.001 -16"><span class='ocrx_word' id='word_1_492' title='bbox 2117 3171 2342 3225; x_wconf 74' lang='lat' dir='ltr'><strong>Iustitia</strong></span> <span class='ocrx_word' id='word_1_493' title='bbox 2369 3176 2476 3223; x_wconf 79' lang='lat' dir='ltr'><strong>tua</strong></span> <span class='ocrx_word' id='word_1_494' title='bbox 2504 3169 2647 3222; x_wconf 84' lang='lat' dir='ltr'><strong>sicut</strong></span> <span class='ocrx_word' id='word_1_495' title='bbox 2673 3171 2888 3221; x_wconf 87' lang='lat' dir='ltr'><strong>montes</strong></span> <span class='ocrx_word' id='word_1_496' title='bbox 2917 3168 3017 3222; x_wconf 90' lang='lat' dir='ltr'><strong>Dei</strong></span> <span class='ocrx_word' id='word_1_497' title='bbox 3045 3168 3318 3238; x_wconf 70' lang='lat' dir='ltr'><strong>&quot;.Neque</strong></span> <span class='ocrx_word' id='word_1_498' title='bbox 3347 3170 3530 3238; x_wconf 81' lang='lat' dir='ltr'><strong>igitur</strong></span> <span class='ocrx_word' id='word_1_499' title='bbox 3544 3171 3771 3241; x_wconf 90' lang='lat' dir='ltr'><strong>judicia</strong></span> 
     </span>
    </p>
   </div>
   <div class='ocr_carea' id='block_1_66' title="bbox 363 3254 2002 3332">
    <p class='ocr_par' dir='ltr' id='par_1_66' title="bbox 363 3254 2002 3331">
     <span class='ocr_line' id='line_1_66' title="bbox 363 3254 2002 3331; baseline 0.001 -22"><span class='ocrx_word' id='word_1_500' title='bbox 363 3257 534 3329; x_wconf 83' lang='grc' dir='ltr'>σάρκα</span> <span class='ocrx_word' id='word_1_501' title='bbox 596 3257 688 3310; x_wconf 88' lang='grc' dir='ltr'><strong>τὸν</strong></span> <span class='ocrx_word' id='word_1_502' title='bbox 770 3255 992 3330; x_wconf 76' lang='grc' dir='ltr'>Κύριον,</span> <span class='ocrx_word' id='word_1_503' title='bbox 1046 3255 1526 3331; x_wconf 71' lang='grc' dir='ltr'>καταγγέλλουσιν.</span> <span class='ocrx_word' id='word_1_504' title='bbox 1583 3256 1707 3310; x_wconf 85' lang='grc' dir='ltr'><strong>Ἐπὶ</strong></span> <span class='ocrx_word' id='word_1_505' title='bbox 1766 3254 1858 3309; x_wconf 79' lang='grc' dir='ltr'>οὖν</span> <span class='ocrx_word' id='word_1_506' title='bbox 1911 3256 2002 3310; x_wconf 85' lang='grc' dir='ltr'>τὸν</span> 
     </span>
    </p>
   </div>
   <div class='ocr_carea' id='block_1_67' title="bbox 2120 3254 3776 3332">
    <p class='ocr_par' dir='ltr' id='par_1_67' title="bbox 2121 3256 3776 3332">
     <span class='ocr_line' id='line_1_67' title="bbox 2121 3256 3776 3332; baseline 0.001 -19"><span class='ocrx_word' id='word_1_507' title='bbox 2121 3259 2247 3327; x_wconf 86' lang='lat' dir='ltr'><strong>ejus</strong></span> <span class='ocrx_word' id='word_1_508' title='bbox 2277 3256 2695 3328; x_wconf 89' lang='lat' dir='ltr'><strong>comprehendi</strong></span> <span class='ocrx_word' id='word_1_509' title='bbox 2737 3258 3429 3327; x_wconf 86' lang='lat' dir='ltr'><strong>queunt,nequejustitia</strong></span> <span class='ocrx_word' id='word_1_510' title='bbox 3460 3275 3562 3328; x_wconf 91' lang='lat' dir='ltr'><strong>pro</strong></span> <span class='ocrx_word' id='word_1_511' title='bbox 3584 3260 3776 3332; x_wconf 89' lang='lat' dir='ltr'><strong>digni-</strong></span> 
     </span>
    </p>
   </div>
   <div class='ocr_carea' id='block_1_68' title="bbox 366 3339 2014 3420">
    <p class='ocr_par' dir='ltr' id='par_1_68' title="bbox 366 3339 2014 3420">
     <span class='ocr_line' id='line_1_68' title="bbox 366 3339 2014 3420; baseline 0 -22"><span class='ocrx_word' id='word_1_512' title='bbox 366 3344 556 3419; x_wconf 86' lang='grc' dir='ltr'>θρόνον</span> <span class='ocrx_word' id='word_1_513' title='bbox 643 3339 831 3417; x_wconf 80' lang='grc' dir='ltr'>Δαϐἰδ,</span> <span class='ocrx_word' id='word_1_514' title='bbox 880 3344 970 3399; x_wconf 85' lang='grc' dir='ltr'><strong>καὶ</strong></span> <span class='ocrx_word' id='word_1_515' title='bbox 1039 3347 1138 3414; x_wconf 78' lang='grc' dir='ltr'><strong>τὴν</strong></span> <span class='ocrx_word' id='word_1_516' title='bbox 1207 3343 1481 3420; x_wconf 88' lang='grc' dir='ltr'>βασιλείαν</span> <span class='ocrx_word' id='word_1_517' title='bbox 1569 3343 1732 3399; x_wconf 84' lang='grc' dir='ltr'>αὐτοῦ</span> <span class='ocrx_word' id='word_1_518' title='bbox 1788 3346 2014 3414; x_wconf 79' lang='grc' dir='ltr'>καθήσε-</span> 
     </span>
    </p>
   </div>
   <div class='ocr_carea' id='block_1_69' title="bbox 362 3432 2012 3509">
    <p class='ocr_par' dir='ltr' id='par_1_69' title="bbox 362 3432 2012 3509">
     <span class='ocr_line' id='line_1_69' title="bbox 362 3432 2012 3509; baseline 0 -21"><span class='ocrx_word' id='word_1_519' title='bbox 362 3453 501 3502; x_wconf 88' lang='grc' dir='ltr'>ται,</span> <span class='ocrx_word' id='word_1_520' title='bbox 579 3432 716 3488; x_wconf 72' lang='grc' dir='ltr'>ὥστε</span> <span class='ocrx_word' id='word_1_521' title='bbox 801 3435 1144 3509; x_wconf 89' lang='grc' dir='ltr'>κατορθῶσαι</span> <span class='ocrx_word' id='word_1_522' title='bbox 1227 3434 1395 3502; x_wconf 80' lang='grc' dir='ltr'>αὐτὴν</span> <span class='ocrx_word' id='word_1_523' title='bbox 1430 3478 1445 3504; x_wconf 80' lang='grc'><strong>,</strong></span> <span class='ocrx_word' id='word_1_524' title='bbox 1521 3433 1610 3487; x_wconf 84' lang='grc' dir='ltr'><strong>καὶ</strong></span> <span class='ocrx_word' id='word_1_525' title='bbox 1693 3433 2012 3508; x_wconf 61' lang='grc' dir='ltr'>ἀντέχεσθαι</span> 
     </span>
    </p>
   </div>
   <div class='ocr_carea' id='block_1_70' title="bbox 366 3519 2014 3596">
    <p class='ocr_par' dir='ltr' id='par_1_70' title="bbox 366 3519 2014 3596">
     <span class='ocr_line' id='line_1_70' title="bbox 366 3519 2014 3596; baseline 0.001 -20"><span class='ocrx_word' id='word_1_526' title='bbox 366 3523 536 3592; x_wconf 81' lang='grc' dir='ltr'>αὐτῆς</span> <span class='ocrx_word' id='word_1_527' title='bbox 595 3519 648 3577; x_wconf 83' lang='grc' dir='ltr'>ἐν</span> <span class='ocrx_word' id='word_1_528' title='bbox 707 3521 928 3594; x_wconf 82' lang='grc' dir='ltr'>κρίματι</span> <span class='ocrx_word' id='word_1_529' title='bbox 986 3521 1077 3576; x_wconf 85' lang='grc' dir='ltr'><strong>καὶ</strong></span> <span class='ocrx_word' id='word_1_530' title='bbox 1135 3521 1186 3576; x_wconf 83' lang='grc' dir='ltr'>ἐν</span> <span class='ocrx_word' id='word_1_531' title='bbox 1244 3519 1586 3596; x_wconf 71' lang='grc' dir='ltr'>δικαιρσύνῃ.</span> <span class='ocrx_word' id='word_1_532' title='bbox 1649 3521 1723 3576; x_wconf 78' lang='grc' dir='ltr'><strong>Τὰ</strong></span> <span class='ocrx_word' id='word_1_533' title='bbox 1775 3523 2014 3596; x_wconf 84' lang='grc' dir='ltr'>κρίματά</span> 
     </span>
    </p>
   </div>
   <div class='ocr_carea' id='block_1_71' title="bbox 368 3592 2008 3687">
    <p class='ocr_par' dir='ltr' id='par_1_71' title="bbox 368 3592 2008 3687">
     <span class='ocr_line' id='line_1_71' title="bbox 368 3592 2008 3687; baseline 0.001 -22"><span class='ocrx_word' id='word_1_534' title='bbox 368 3632 502 3680; x_wconf 88' lang='grc' dir='ltr'>σου,</span> <span class='ocrx_word' id='word_1_535' title='bbox 563 3610 766 3687; x_wconf 81' lang='grc' dir='ltr'>φησὶν,</span> <span class='ocrx_word' id='word_1_536' title='bbox 825 3605 1058 3672; x_wconf 82' lang='grc' dir='ltr'>ἄϐυσσος</span> <span class='ocrx_word' id='word_1_537' title='bbox 1108 3609 1296 3680; x_wconf 86' lang='grc' dir='ltr'>πολλή</span> <span class='ocrx_word' id='word_1_538' title='bbox 1333 3627 1345 3640; x_wconf 78' lang='grc'><strong>⁸</strong></span> <span class='ocrx_word' id='word_1_539' title='bbox 1391 3592 1512 3676; x_wconf 56' lang='lat' dir='ltr'><strong>iui,</strong></span> <span class='ocrx_word' id='word_1_540' title='bbox 1572 3611 1634 3666; x_wconf 87' lang='grc' dir='ltr'>Ἡ</span> <span class='ocrx_word' id='word_1_541' title='bbox 1694 3607 2008 3683; x_wconf 80' lang='grc' dir='ltr'>δικαιοσύνη</span> 
     </span>
    </p>
   </div>
   <div class='ocr_carea' id='block_1_72' title="bbox 353 3694 2009 3774">
    <p class='ocr_par' dir='ltr' id='par_1_72' title="bbox 353 3694 2009 3774">
     <span class='ocr_line' id='line_1_72' title="bbox 353 3694 2009 3774; baseline 0 -20"><span class='ocrx_word' id='word_1_542' title='bbox 353 3721 449 3755; x_wconf 89' lang='grc' dir='ltr'><strong>σου</strong></span> <span class='ocrx_word' id='word_1_543' title='bbox 508 3700 582 3764; x_wconf 82' lang='grc' dir='ltr'>ὡς</span> <span class='ocrx_word' id='word_1_544' title='bbox 640 3694 742 3774; x_wconf 80' lang='grc' dir='ltr'><strong>ὅρη</strong></span> <span class='ocrx_word' id='word_1_545' title='bbox 777 3703 932 3756; x_wconf 87' lang='grc' dir='ltr'>Θεοῦ.</span> <span class='ocrx_word' id='word_1_546' title='bbox 963 3695 1102 3756; x_wconf 69' lang='grc' dir='ltr'>Οὔτε</span> <span class='ocrx_word' id='word_1_547' title='bbox 1159 3697 1251 3753; x_wconf 80' lang='grc' dir='ltr'><strong>οῦν</strong></span> <span class='ocrx_word' id='word_1_548' title='bbox 1294 3698 1362 3753; x_wconf 83' lang='grc' dir='ltr'><strong>τὰ</strong></span> <span class='ocrx_word' id='word_1_549' title='bbox 1392 3699 1634 3773; x_wconf 84' lang='grc' dir='ltr'>κρίματα</span> <span class='ocrx_word' id='word_1_550' title='bbox 1663 3697 2009 3769; x_wconf 73' lang='grc' dir='ltr'>καταληπτὰ,</span> 
     </span>
    </p>
   </div>
   <div class='ocr_carea' id='block_1_73' title="bbox 353 3786 2006 3863">
    <p class='ocr_par' dir='ltr' id='par_1_73' title="bbox 353 3786 2006 3863">
     <span class='ocr_line' id='line_1_73' title="bbox 353 3786 2006 3863; baseline 0.001 -19"><span class='ocrx_word' id='word_1_551' title='bbox 353 3786 478 3845; x_wconf 67' lang='grc' dir='ltr'>οὔτε</span> <span class='ocrx_word' id='word_1_552' title='bbox 535 3791 570 3858; x_wconf 77' lang='grc' dir='ltr'><strong>ἡ</strong></span> <span class='ocrx_word' id='word_1_553' title='bbox 621 3786 936 3859; x_wconf 78' lang='grc' dir='ltr'>δικαιοσύνη</span> <span class='ocrx_word' id='word_1_554' title='bbox 994 3789 1110 3843; x_wconf 86' lang='grc' dir='ltr'>κατ’</span> <span class='ocrx_word' id='word_1_555' title='bbox 1145 3788 1293 3859; x_wconf 78' lang='grc' dir='ltr'>ἀξίαν</span> <span class='ocrx_word' id='word_1_556' title='bbox 1348 3792 1446 3843; x_wconf 89' lang='grc' dir='ltr'><strong>τοῦ</strong></span> <span class='ocrx_word' id='word_1_557' title='bbox 1505 3787 1674 3863; x_wconf 76' lang='grc' dir='ltr'>ὕψους</span> <span class='ocrx_word' id='word_1_558' title='bbox 1733 3790 2006 3863; x_wconf 84' lang='grc' dir='ltr'>θεωρητή.</span> 
     </span>
    </p>
   </div>
   <div class='ocr_carea' id='block_1_74' title="bbox 354 3872 2005 3952">
    <p class='ocr_par' dir='ltr' id='par_1_74' title="bbox 354 3872 2005 3952">
     <span class='ocr_line' id='line_1_74' title="bbox 354 3872 2005 3952; baseline 0.002 -18"><span class='ocrx_word' id='word_1_559' title='bbox 354 3881 452 3935; x_wconf 84' lang='grc' dir='ltr'><strong>Καὶ</strong></span> <span class='ocrx_word' id='word_1_560' title='bbox 527 3882 693 3934; x_wconf 85' lang='grc' dir='ltr'>ταῦτα</span> <span class='ocrx_word' id='word_1_561' title='bbox 765 3879 985 3948; x_wconf 88' lang='grc' dir='ltr'>ποιήσει</span> <span class='ocrx_word' id='word_1_562' title='bbox 1062 3877 1090 3931; x_wconf 83' lang='grc' dir='ltr'>ὁ</span> <span class='ocrx_word' id='word_1_563' title='bbox 1169 3875 1336 3946; x_wconf 86' lang='grc' dir='ltr'>ζῆλος</span> <span class='ocrx_word' id='word_1_564' title='bbox 1443 3877 1642 3952; x_wconf 87' lang='grc' dir='ltr'>Κυρίου</span> <span class='ocrx_word' id='word_1_565' title='bbox 1735 3872 2005 3937; x_wconf 83' lang='grc' dir='ltr'>Σαϐαώθ.</span> 
     </span>
    </p>
   </div>
   <div class='ocr_carea' id='block_1_75' title="bbox 2123 3344 3772 3417">
    <p class='ocr_par' dir='ltr' id='par_1_75' title="bbox 2123 3344 3772 3417">
     <span class='ocr_line' id='line_1_75' title="bbox 2123 3344 3772 3417; baseline 0.002 -16"><span class='ocrx_word' id='word_1_566' title='bbox 2123 3351 2242 3402; x_wconf 89' lang='lat' dir='ltr'><strong>tate</strong></span> <span class='ocrx_word' id='word_1_567' title='bbox 2266 3361 2387 3401; x_wconf 65' lang='lat' dir='ltr'><strong>suae</strong></span> <span class='ocrx_word' id='word_1_568' title='bbox 2409 3344 2775 3400; x_wconf 86' lang='lat' dir='ltr'><strong>celsitudinis</strong></span> <span class='ocrx_word' id='word_1_569' title='bbox 2800 3349 2991 3414; x_wconf 88' lang='lat' dir='ltr'><strong>potest</strong></span> <span class='ocrx_word' id='word_1_570' title='bbox 3019 3345 3139 3399; x_wconf 85' lang='lat' dir='ltr'><strong>ulla</strong></span> <span class='ocrx_word' id='word_1_571' title='bbox 3160 3347 3648 3417; x_wconf 87' lang='lat' dir='ltr'><strong>contemplatione</strong></span> <span class='ocrx_word' id='word_1_572' title='bbox 3680 3354 3772 3404; x_wconf 90' lang='lat' dir='ltr'><strong>at-</strong></span> 
     </span>
    </p>
   </div>
   <div class='ocr_carea' id='block_1_76' title="bbox 2122 3433 3770 3506">
    <p class='ocr_par' dir='ltr' id='par_1_76' title="bbox 2122 3433 3770 3506">
     <span class='ocr_line' id='line_1_76' title="bbox 2122 3433 3770 3506; baseline 0.003 -17"><span class='ocrx_word' id='word_1_573' title='bbox 2122 3435 2290 3506; x_wconf 86' lang='lat' dir='ltr'><strong>tingi.</strong></span> <span class='ocrx_word' id='word_1_574' title='bbox 2319 3437 2394 3489; x_wconf 82' lang='lat' dir='ltr'><strong>Et</strong></span> <span class='ocrx_word' id='word_1_575' title='bbox 2422 3439 2540 3490; x_wconf 65' lang='lat' dir='ltr'><strong>haec</strong></span> <span class='ocrx_word' id='word_1_576' title='bbox 2553 3435 2720 3502; x_wconf 85' lang='lat' dir='ltr'><strong>faciet</strong></span> <span class='ocrx_word' id='word_1_577' title='bbox 2750 3433 2900 3488; x_wconf 64' lang='lat' dir='ltr'><strong>zelus</strong></span> <span class='ocrx_word' id='word_1_578' title='bbox 2920 3435 3142 3489; x_wconf 90' lang='lat' dir='ltr'><strong>Domini</strong></span> <span class='ocrx_word' id='word_1_579' title='bbox 3170 3435 3434 3491; x_wconf 83' lang='lat' dir='ltr'><strong>Sabaoth.</strong></span> <span class='ocrx_word' id='word_1_580' title='bbox 3479 3438 3770 3502; x_wconf 88' lang='lat' dir='ltr'><strong>Quoniam</strong></span> 
     </span>
    </p>
   </div>
   <div class='ocr_carea' id='block_1_77' title="bbox 2121 3521 3772 3596">
    <p class='ocr_par' dir='ltr' id='par_1_77' title="bbox 2121 3521 3772 3596">
     <span class='ocr_line' id='line_1_77' title="bbox 2121 3521 3772 3596; baseline 0.002 -18"><span class='ocrx_word' id='word_1_581' title='bbox 2121 3523 2242 3578; x_wconf 88' lang='lat' dir='ltr'><strong>zelo</strong></span> <span class='ocrx_word' id='word_1_582' title='bbox 2269 3522 2584 3593; x_wconf 89' lang='lat' dir='ltr'><strong>studioque</strong></span> <span class='ocrx_word' id='word_1_583' title='bbox 2616 3538 2722 3576; x_wconf 93' lang='lat' dir='ltr'><strong>nos</strong></span> <span class='ocrx_word' id='word_1_584' title='bbox 2744 3521 3077 3592; x_wconf 82' lang='lat' dir='ltr'><strong>ignorantia</strong></span> <span class='ocrx_word' id='word_1_585' title='bbox 3093 3530 3402 3592; x_wconf 87' lang='lat' dir='ltr'><strong>pereuntes</strong></span> <span class='ocrx_word' id='word_1_586' title='bbox 3421 3532 3772 3596; x_wconf 87' lang='lat' dir='ltr'><strong>prosecutus</strong></span> 
     </span>
    </p>
   </div>
   <div class='ocr_carea' id='block_1_78' title="bbox 2119 3611 3775 3681">
    <p class='ocr_par' dir='ltr' id='par_1_78' title="bbox 2119 3611 3775 3681">
     <span class='ocr_line' id='line_1_78' title="bbox 2119 3611 3775 3681; baseline 0.002 -14"><span class='ocrx_word' id='word_1_587' title='bbox 2119 3618 2208 3667; x_wconf 84' lang='lat' dir='ltr'><strong>est</strong></span> <span class='ocrx_word' id='word_1_588' title='bbox 2239 3617 2503 3667; x_wconf 89' lang='lat' dir='ltr'><strong>assumet</strong></span> <span class='ocrx_word' id='word_1_589' title='bbox 2523 3611 2846 3666; x_wconf 88' lang='lat' dir='ltr'><strong>humanam</strong></span> <span class='ocrx_word' id='word_1_590' title='bbox 2898 3611 3424 3681; x_wconf 87' lang='lat' dir='ltr'><strong>dispensationem,</strong></span> <span class='ocrx_word' id='word_1_591' title='bbox 3455 3619 3520 3669; x_wconf 83' lang='lat' dir='ltr'><strong>ut</strong></span> <span class='ocrx_word' id='word_1_592' title='bbox 3549 3632 3656 3671; x_wconf 91' lang='lat' dir='ltr'><strong>nos</strong></span> <span class='ocrx_word' id='word_1_593' title='bbox 3688 3633 3775 3671; x_wconf 89' lang='lat' dir='ltr'><strong>re-</strong></span> 
     </span>
    </p>
   </div>
   <div class='ocr_carea' id='block_1_79' title="bbox 2119 3700 3773 3775">
    <p class='ocr_par' dir='ltr' id='par_1_79' title="bbox 2119 3700 3773 3775">
     <span class='ocr_line' id='line_1_79' title="bbox 2119 3700 3773 3775; baseline 0.004 -19"><span class='ocrx_word' id='word_1_594' title='bbox 2119 3719 2230 3771; x_wconf 86' lang='lat' dir='ltr'><strong>gno</strong></span> <span class='ocrx_word' id='word_1_595' title='bbox 2261 3717 2370 3756; x_wconf 91' lang='lat' dir='ltr'><strong>suo</strong></span> <span class='ocrx_word' id='word_1_596' title='bbox 2400 3704 2646 3755; x_wconf 85' lang='lat' dir='ltr'><strong>asserat.</strong></span> <span class='ocrx_word' id='word_1_597' title='bbox 2678 3700 2847 3755; x_wconf 90' lang='lat' dir='ltr'><strong>Zelus</strong></span> <span class='ocrx_word' id='word_1_598' title='bbox 2869 3700 3050 3772; x_wconf 89' lang='lat' dir='ltr'><strong>igitur</strong></span> <span class='ocrx_word' id='word_1_599' title='bbox 3080 3701 3309 3756; x_wconf 89' lang='lat' dir='ltr'><strong>Domini</strong></span> <span class='ocrx_word' id='word_1_600' title='bbox 3344 3703 3617 3775; x_wconf 84' lang='lat' dir='ltr'><strong>Sabaoth,</strong></span> <span class='ocrx_word' id='word_1_601' title='bbox 3668 3705 3773 3762; x_wconf 88' lang='lat' dir='ltr'><strong>Dei</strong></span> 
     </span>
    </p>
   </div>
   <div class='ocr_carea' id='block_1_80' title="bbox 2118 3789 3774 3861">
    <p class='ocr_par' dir='ltr' id='par_1_80' title="bbox 2118 3789 3774 3861">
     <span class='ocr_line' id='line_1_80' title="bbox 2118 3789 3774 3861; baseline 0.002 -15"><span class='ocrx_word' id='word_1_602' title='bbox 2118 3791 2507 3856; x_wconf 83' lang='lat' dir='ltr'><strong>exercituum,</strong></span> <span class='ocrx_word' id='word_1_603' title='bbox 2543 3790 2639 3846; x_wconf 88' lang='lat' dir='ltr'><strong>cui</strong></span> <span class='ocrx_word' id='word_1_604' title='bbox 2667 3789 2850 3844; x_wconf 88' lang='lat' dir='ltr'><strong>virtus</strong></span> <span class='ocrx_word' id='word_1_605' title='bbox 2881 3791 3076 3846; x_wconf 87' lang='lat' dir='ltr'><strong>omnis</strong></span> <span class='ocrx_word' id='word_1_606' title='bbox 3106 3791 3371 3861; x_wconf 81' lang='lat' dir='ltr'><strong>subjecta</strong></span> <span class='ocrx_word' id='word_1_607' title='bbox 3402 3793 3638 3859; x_wconf 77' lang='lat' dir='ltr'><strong>est,haac</strong></span> <span class='ocrx_word' id='word_1_608' title='bbox 3687 3795 3774 3851; x_wconf 84' lang='lat' dir='ltr'><strong>fa-</strong></span> 
     </span>
    </p>
   </div>
   <div class='ocr_carea' id='block_1_81' title="bbox 2119 3879 2252 3936">
    <p class='ocr_par' dir='ltr' id='par_1_81' title="bbox 2119 3879 2252 3936">
     <span class='ocr_line' id='line_1_81' title="bbox 2119 3879 2252 3936; baseline -0.015 0"><span class='ocrx_word' id='word_1_609' title='bbox 2119 3879 2252 3936; x_wconf 89' lang='lat' dir='ltr'><strong>ciet.</strong></span> 
     </span>
    </p>
   </div>
   <div class='ocr_carea' id='block_1_82' title="bbox 355 3965 3771 4045">
    <p class='ocr_par' dir='ltr' id='par_1_82' title="bbox 355 3965 3771 4045">
     <span class='ocr_line' id='line_1_82' title="bbox 355 3965 3771 4045; baseline 0 -21"><span class='ocrx_word' id='word_1_610' title='bbox 355 3969 618 4042; x_wconf 86' lang='grc' dir='ltr'>Ζηλώσας</span> <span class='ocrx_word' id='word_1_611' title='bbox 650 3973 797 4042; x_wconf 83' lang='grc' dir='ltr'>ἡμᾶς</span> <span class='ocrx_word' id='word_1_612' title='bbox 826 3969 952 4030; x_wconf 83' lang='grc' dir='ltr'>τοὺς</span> <span class='ocrx_word' id='word_1_613' title='bbox 981 3967 1401 4041; x_wconf 68' lang='grc' dir='ltr'>ἀπολλυμένοας</span> <span class='ocrx_word' id='word_1_614' title='bbox 1430 3972 1499 4042; x_wconf 77' lang='grc' dir='ltr'><strong>τῇ</strong></span> <span class='ocrx_word' id='word_1_615' title='bbox 1527 3968 1737 4045; x_wconf 81' lang='grc' dir='ltr'>ἀγνοίᾳ,</span> <span class='ocrx_word' id='word_1_616' title='bbox 1774 3965 1999 4039; x_wconf 66' lang='grc' dir='ltr'>δὲξεται,</span> <span class='ocrx_word' id='word_1_617' title='bbox 2034 3969 2166 4044; x_wconf 67' lang='grc' dir='ltr'>ὑπερ</span> <span class='ocrx_word' id='word_1_618' title='bbox 2194 3968 2292 4022; x_wconf 77' lang='grc' dir='ltr'><strong>τοῦ</strong></span> <span class='ocrx_word' id='word_1_619' title='bbox 2321 3968 2782 4042; x_wconf 86' lang='grc' dir='ltr'>περιποιήσασθαι</span> <span class='ocrx_word' id='word_1_620' title='bbox 2813 3966 2890 4030; x_wconf 73' lang='grc' dir='ltr'>εἰς</span> <span class='ocrx_word' id='word_1_621' title='bbox 2915 3987 3015 4036; x_wconf 87' lang='grc' dir='ltr'><strong>την</strong></span> <span class='ocrx_word' id='word_1_622' title='bbox 3051 3969 3241 4022; x_wconf 75' lang='grc' dir='ltr'>ἑαυτου</span> <span class='ocrx_word' id='word_1_623' title='bbox 3272 3966 3687 4044; x_wconf 83' lang='grc' dir='ltr'>βασιλείαν,τὴν</span> <span class='ocrx_word' id='word_1_624' title='bbox 3719 3971 3771 4027; x_wconf 72' lang='grc' dir='ltr'>ἐν</span> 
     </span>
    </p>
   </div>
   <div class='ocr_carea' id='block_1_83' title="bbox 353 4053 3772 4134">
    <p class='ocr_par' dir='ltr' id='par_1_83' title="bbox 353 4053 3772 4134">
     <span class='ocr_line' id='line_1_83' title="bbox 353 4053 3772 4134; baseline -0 -19"><span class='ocrx_word' id='word_1_625' title='bbox 353 4058 662 4134; x_wconf 79' lang='grc' dir='ltr'>ἀνθρώποις</span> <span class='ocrx_word' id='word_1_626' title='bbox 697 4061 812 4132; x_wconf 87' lang='grc'>(41)</span> <span class='ocrx_word' id='word_1_627' title='bbox 834 4056 1172 4131; x_wconf 79' lang='grc' dir='ltr'>οἷ’κονομίαν.</span> <span class='ocrx_word' id='word_1_628' title='bbox 1205 4057 1267 4114; x_wconf 89' lang='grc' dir='ltr'>Ὁ</span> <span class='ocrx_word' id='word_1_629' title='bbox 1299 4055 1390 4112; x_wconf 80' lang='grc' dir='ltr'>οὖν</span> <span class='ocrx_word' id='word_1_630' title='bbox 1425 4055 1593 4127; x_wconf 83' lang='grc' dir='ltr'>ζῆλος</span> <span class='ocrx_word' id='word_1_631' title='bbox 1624 4055 1824 4132; x_wconf 87' lang='grc' dir='ltr'>Κυρίου</span> <span class='ocrx_word' id='word_1_632' title='bbox 1858 4053 2112 4128; x_wconf 86' lang='grc' dir='ltr'>Σαϐαὼθ,</span> <span class='ocrx_word' id='word_1_633' title='bbox 2141 4061 2240 4112; x_wconf 88' lang='grc' dir='ltr'><strong>τοῦ</strong></span> <span class='ocrx_word' id='word_1_634' title='bbox 2270 4059 2404 4111; x_wconf 86' lang='grc' dir='ltr'>Θεοῦ</span> <span class='ocrx_word' id='word_1_635' title='bbox 2431 4059 2540 4110; x_wconf 89' lang='grc' dir='ltr'><strong>τῶν</strong></span> <span class='ocrx_word' id='word_1_636' title='bbox 2574 4059 2860 4130; x_wconf 87' lang='grc' dir='ltr'>στρατιῶν,</span> <span class='ocrx_word' id='word_1_637' title='bbox 2885 4054 2931 4127; x_wconf 84' lang='grc' dir='ltr'>ᾧ</span> <span class='ocrx_word' id='word_1_638' title='bbox 2960 4061 3104 4110; x_wconf 82' lang='grc' dir='ltr'>πᾶσα</span> <span class='ocrx_word' id='word_1_639' title='bbox 3133 4053 3362 4129; x_wconf 77' lang='grc' dir='ltr'>δύναμις</span> <span class='ocrx_word' id='word_1_640' title='bbox 3397 4059 3772 4132; x_wconf 74' lang='grc' dir='ltr'>ὑποτέτακται,</span> 
     </span>
    </p>
   </div>
   <div class='ocr_carea' id='block_1_84' title="bbox 357 4149 985 4218">
    <p class='ocr_par' dir='ltr' id='par_1_84' title="bbox 357 4149 985 4218">
     <span class='ocr_line' id='line_1_84' title="bbox 357 4149 985 4218; baseline 0 -14"><span class='ocrx_word' id='word_1_641' title='bbox 357 4150 516 4212; x_wconf 79' lang='grc' dir='ltr'>οὗτος</span> <span class='ocrx_word' id='word_1_642' title='bbox 545 4152 713 4204; x_wconf 86' lang='grc' dir='ltr'>ταῦτα</span> <span class='ocrx_word' id='word_1_643' title='bbox 741 4149 985 4218; x_wconf 88' lang='grc' dir='ltr'>ποιήσει.</span> 
     </span>
    </p>
   </div>
   <div class='ocr_carea' id='block_1_85' title="bbox 424 4231 2007 4312">
    <p class='ocr_par' dir='ltr' id='par_1_85' title="bbox 424 4231 2007 4312">
     <span class='ocr_line' id='line_1_85' title="bbox 424 4231 2007 4312; baseline -0.002 -18"><span class='ocrx_word' id='word_1_644' title='bbox 424 4239 566 4294; x_wconf 87' lang='grc'><strong>227.</strong></span> <span class='ocrx_word' id='word_1_645' title='bbox 609 4235 786 4312; x_wconf 88' lang='grc' dir='ltr'>Λόγον</span> <span class='ocrx_word' id='word_1_646' title='bbox 837 4238 950 4309; x_wconf 78' lang='grc'>(42)</span> <span class='ocrx_word' id='word_1_647' title='bbox 1013 4233 1301 4291; x_wconf 74' lang='grc' dir='ltr'>ἀπέστειλε</span> <span class='ocrx_word' id='word_1_648' title='bbox 1358 4235 1554 4310; x_wconf 83' lang='grc' dir='ltr'>Κύριος</span> <span class='ocrx_word' id='word_1_649' title='bbox 1612 4234 1702 4290; x_wconf 76' lang='grc' dir='ltr'>ἐπὶ</span> <span class='ocrx_word' id='word_1_650' title='bbox 1770 4231 2007 4306; x_wconf 68' lang='grc' dir='ltr'>Ἰακὼϐ,</span> 
     </span>
    </p>
   </div>
   <div class='ocr_carea' id='block_1_86' title="bbox 357 4323 2012 4400">
    <p class='ocr_par' dir='ltr' id='par_1_86' title="bbox 357 4323 2012 4400">
     <span class='ocr_line' id='line_1_86' title="bbox 357 4323 2012 4400; baseline -0.001 -19"><span class='ocrx_word' id='word_1_651' title='bbox 357 4328 448 4382; x_wconf 88' lang='grc' dir='ltr'><strong>καὶ</strong></span> <span class='ocrx_word' id='word_1_652' title='bbox 524 4324 692 4394; x_wconf 83' lang='grc' dir='ltr'>ἦλθεν</span> <span class='ocrx_word' id='word_1_653' title='bbox 771 4323 859 4378; x_wconf 71' lang='grc' dir='ltr'><strong>ἐπὶ</strong></span> <span class='ocrx_word' id='word_1_654' title='bbox 929 4323 1190 4398; x_wconf 86' lang='grc' dir='ltr'>Ἰσραήλ.</span> <span class='ocrx_word' id='word_1_655' title='bbox 1251 4326 1350 4378; x_wconf 85' lang='grc' dir='ltr'>Καὶ</span> <span class='ocrx_word' id='word_1_656' title='bbox 1425 4325 1724 4400; x_wconf 88' lang='grc' dir='ltr'>γνώσονται</span> <span class='ocrx_word' id='word_1_657' title='bbox 1802 4331 1905 4388; x_wconf 83' lang='grc' dir='ltr'>πᾶς</span> <span class='ocrx_word' id='word_1_658' title='bbox 1983 4327 2012 4380; x_wconf 88' lang='grc' dir='ltr'>ὁ</span> 
     </span>
    </p>
   </div>
   <div class='ocr_carea' id='block_1_87' title="bbox 360 4412 2009 4490">
    <p class='ocr_par' dir='ltr' id='par_1_87' title="bbox 360 4412 2009 4490">
     <span class='ocr_line' id='line_1_87' title="bbox 360 4412 2009 4490; baseline -0.004 -18"><span class='ocrx_word' id='word_1_659' title='bbox 360 4414 493 4478; x_wconf 86' lang='grc' dir='ltr'>λαὸς</span> <span class='ocrx_word' id='word_1_660' title='bbox 551 4412 648 4470; x_wconf 80' lang='grc' dir='ltr'><strong>τοῦ</strong></span> <span class='ocrx_word' id='word_1_661' title='bbox 708 4415 968 4490; x_wconf 58' lang='grc' dir='ltr'>Ἐφραὶμ,</span> <span class='ocrx_word' id='word_1_662' title='bbox 1001 4413 1091 4467; x_wconf 87' lang='grc' dir='ltr'><strong>καὶ</strong></span> <span class='ocrx_word' id='word_1_663' title='bbox 1132 4413 1183 4466; x_wconf 80' lang='grc' dir='ltr'>οἱ</span> <span class='ocrx_word' id='word_1_664' title='bbox 1241 4414 1540 4485; x_wconf 86' lang='grc' dir='ltr'>καθήμενοι</span> <span class='ocrx_word' id='word_1_665' title='bbox 1600 4413 1650 4466; x_wconf 78' lang='grc' dir='ltr'>ἐν</span> <span class='ocrx_word' id='word_1_666' title='bbox 1710 4413 2009 4488; x_wconf 84' lang='grc' dir='ltr'>Σαμαρείᾳ,</span> 
     </span>
    </p>
   </div>
   <div class='ocr_carea' id='block_1_88' title="bbox 360 4499 2010 4584">
    <p class='ocr_par' dir='ltr' id='par_1_88' title="bbox 360 4499 2010 4584">
     <span class='ocr_line' id='line_1_88' title="bbox 360 4499 2010 4584; baseline -0.002 -24"><span class='ocrx_word' id='word_1_667' title='bbox 360 4505 441 4584; x_wconf 78' lang='grc' dir='ltr'><strong>ἐφ’</strong></span> <span class='ocrx_word' id='word_1_668' title='bbox 499 4501 650 4579; x_wconf 77' lang='grc' dir='ltr'>ὕϐρει</span> <span class='ocrx_word' id='word_1_669' title='bbox 734 4502 824 4557; x_wconf 87' lang='grc' dir='ltr'><strong>καὶ</strong></span> <span class='ocrx_word' id='word_1_670' title='bbox 910 4499 1098 4575; x_wconf 81' lang='grc' dir='ltr'>ὑψηλῇ</span> <span class='ocrx_word' id='word_1_671' title='bbox 1156 4499 1350 4576; x_wconf 85' lang='grc' dir='ltr'>καρδίᾳ</span> <span class='ocrx_word' id='word_1_672' title='bbox 1433 4501 1682 4576; x_wconf 74' lang='grc' dir='ltr'>λέγοντες</span> <span class='ocrx_word' id='word_1_673' title='bbox 1717 4522 1730 4535; x_wconf 74' lang='grc'><strong>⁸</strong></span> <span class='ocrx_word' id='word_1_674' title='bbox 1787 4502 2010 4558; x_wconf 84' lang='grc' dir='ltr'>Πλίνθοι</span> 
     </span>
    </p>
   </div>
   <div class='ocr_carea' id='block_1_89' title="bbox 359 4588 2008 4662">
    <p class='ocr_par' dir='ltr' id='par_1_89' title="bbox 359 4588 2008 4662">
     <span class='ocr_line' id='line_1_89' title="bbox 359 4588 2008 4662; baseline -0.003 -12"><span class='ocrx_word' id='word_1_675' title='bbox 359 4593 708 4650; x_wconf 86' lang='grc' dir='ltr'>πεπτώκασιν</span> <span class='ocrx_word' id='word_1_676' title='bbox 746 4635 760 4662; x_wconf 88' lang='grc'><strong>,</strong></span> <span class='ocrx_word' id='word_1_677' title='bbox 841 4589 987 4646; x_wconf 80' lang='grc' dir='ltr'>ἀλλὰ</span> <span class='ocrx_word' id='word_1_678' title='bbox 1065 4588 1262 4660; x_wconf 87' lang='grc' dir='ltr'>δεῦτε,</span> <span class='ocrx_word' id='word_1_679' title='bbox 1336 4588 1680 4662; x_wconf 78' lang='grc' dir='ltr'>λαξεύσωμεν</span> <span class='ocrx_word' id='word_1_680' title='bbox 1773 4591 1958 4655; x_wconf 84' lang='grc' dir='ltr'>λίθους</span> <span class='ocrx_word' id='word_1_681' title='bbox 1995 4637 2008 4661; x_wconf 90' lang='grc'><strong>,</strong></span> 
     </span>
    </p>
   </div>
   <div class='ocr_carea' id='block_1_90' title="bbox 2189 4235 3777 4306">
    <p class='ocr_par' dir='ltr' id='par_1_90' title="bbox 2189 4235 3777 4306">
     <span class='ocr_line' id='line_1_90' title="bbox 2189 4235 3777 4306; baseline 0.003 -16"><span class='ocrx_word' id='word_1_682' title='bbox 2189 4235 2313 4290; x_wconf 89' lang='grc'><strong>227.</strong></span> <span class='ocrx_word' id='word_1_683' title='bbox 2347 4235 2518 4292; x_wconf 80' lang='lat' dir='ltr'><strong>Vsas.</strong></span> <span class='ocrx_word' id='word_1_684' title='bbox 2539 4236 2694 4290; x_wconf 89' lang='grc'><strong>8-10.</strong></span> <span class='ocrx_word' id='word_1_685' title='bbox 2725 4236 2952 4291; x_wconf 83' lang='lat' dir='ltr'><strong>Verbum</strong></span> <span class='ocrx_word' id='word_1_686' title='bbox 2979 4238 3131 4292; x_wconf 87' lang='lat' dir='ltr'><strong>misit</strong></span> <span class='ocrx_word' id='word_1_687' title='bbox 3149 4239 3409 4294; x_wconf 75' lang='lat' dir='ltr'><strong>Dominus</strong></span> <span class='ocrx_word' id='word_1_688' title='bbox 3439 4240 3499 4292; x_wconf 87' lang='lat' dir='ltr'><strong>in</strong></span> <span class='ocrx_word' id='word_1_689' title='bbox 3527 4240 3777 4306; x_wconf 85' lang='lat' dir='ltr'><strong>Jacob,et</strong></span> 
     </span>
    </p>
   </div>
   <div class='ocr_carea' id='block_1_91' title="bbox 2119 4325 3773 4400">
    <p class='ocr_par' dir='ltr' id='par_1_91' title="bbox 2119 4325 3773 4400">
     <span class='ocr_line' id='line_1_91' title="bbox 2119 4325 3773 4400; baseline 0.001 -20"><span class='ocrx_word' id='word_1_690' title='bbox 2119 4327 2270 4380; x_wconf 79' lang='lat' dir='ltr'><strong>venit</strong></span> <span class='ocrx_word' id='word_1_691' title='bbox 2308 4325 2365 4379; x_wconf 85' lang='lat' dir='ltr'><strong>in</strong></span> <span class='ocrx_word' id='word_1_692' title='bbox 2399 4325 2586 4380; x_wconf 86' lang='lat' dir='ltr'><strong>Israel.</strong></span> <span class='ocrx_word' id='word_1_693' title='bbox 2620 4326 2694 4378; x_wconf 83' lang='lat' dir='ltr'><strong>El</strong></span> <span class='ocrx_word' id='word_1_694' title='bbox 2717 4328 2994 4392; x_wconf 86' lang='lat' dir='ltr'><strong>cognoscet</strong></span> <span class='ocrx_word' id='word_1_695' title='bbox 3024 4327 3203 4380; x_wconf 90' lang='lat' dir='ltr'><strong>omnis</strong></span> <span class='ocrx_word' id='word_1_696' title='bbox 3225 4327 3459 4397; x_wconf 88' lang='lat' dir='ltr'><strong>populus</strong></span> <span class='ocrx_word' id='word_1_697' title='bbox 3489 4329 3773 4400; x_wconf 87' lang='lat' dir='ltr'><strong>Ephraim.</strong></span> 
     </span>
    </p>
   </div>
   <div class='ocr_carea' id='block_1_92' title="bbox 2120 4412 3774 4484">
    <p class='ocr_par' dir='ltr' id='par_1_92' title="bbox 2120 4412 3774 4484">
     <span class='ocr_line' id='line_1_92' title="bbox 2120 4412 3774 4484; baseline 0.003 -16"><span class='ocrx_word' id='word_1_698' title='bbox 2120 4422 2175 4469; x_wconf 79' lang='lat' dir='ltr'><strong>et</strong></span> <span class='ocrx_word' id='word_1_699' title='bbox 2227 4416 2325 4484; x_wconf 86' lang='lat' dir='ltr'><strong>qui</strong></span> <span class='ocrx_word' id='word_1_700' title='bbox 2379 4413 2565 4468; x_wconf 83' lang='lat' dir='ltr'><strong>sedent</strong></span> <span class='ocrx_word' id='word_1_701' title='bbox 2612 4417 2674 4468; x_wconf 87' lang='lat' dir='ltr'><strong>in</strong></span> <span class='ocrx_word' id='word_1_702' title='bbox 2729 4412 2987 4468; x_wconf 89' lang='lat' dir='ltr'><strong>Samaria</strong></span> <span class='ocrx_word' id='word_1_703' title='bbox 3045 4417 3101 4469; x_wconf 90' lang='lat' dir='ltr'><strong>in</strong></span> <span class='ocrx_word' id='word_1_704' title='bbox 3151 4418 3506 4482; x_wconf 75' lang='lat' dir='ltr'><strong>contumelia,</strong></span> <span class='ocrx_word' id='word_1_705' title='bbox 3555 4426 3606 4472; x_wconf 87' lang='lat' dir='ltr'><strong>et</strong></span> <span class='ocrx_word' id='word_1_706' title='bbox 3634 4420 3774 4474; x_wconf 85' lang='lat' dir='ltr'><strong>elato</strong></span> 
     </span>
    </p>
   </div>
   <div class='ocr_carea' id='block_1_93' title="bbox 2121 4503 3772 4578">
    <p class='ocr_par' dir='ltr' id='par_1_93' title="bbox 2121 4503 3772 4578">
     <span class='ocr_line' id='line_1_93' title="bbox 2121 4503 3772 4578; baseline 0.003 -20"><span class='ocrx_word' id='word_1_707' title='bbox 2121 4505 2282 4560; x_wconf 84' lang='lat' dir='ltr'><strong>corde</strong></span> <span class='ocrx_word' id='word_1_708' title='bbox 2310 4504 2585 4559; x_wconf 83' lang='lat' dir='ltr'><strong>dicentes:</strong></span> <span class='ocrx_word' id='word_1_709' title='bbox 2635 4504 2854 4558; x_wconf 87' lang='lat' dir='ltr'><strong>Laleres</strong></span> <span class='ocrx_word' id='word_1_710' title='bbox 2899 4503 3237 4572; x_wconf 84' lang='lat' dir='ltr'><strong>ceciderunt,</strong></span> <span class='ocrx_word' id='word_1_711' title='bbox 3294 4505 3386 4560; x_wconf 87' lang='lat' dir='ltr'><strong>sed</strong></span> <span class='ocrx_word' id='word_1_712' title='bbox 3428 4510 3626 4576; x_wconf 76' lang='lat' dir='ltr'><strong>venite,</strong></span> <span class='ocrx_word' id='word_1_713' title='bbox 3674 4525 3772 4578; x_wconf 87' lang='lat' dir='ltr'><strong>po-</strong></span> 
     </span>
    </p>
   </div>
   <div class='ocr_carea' id='block_1_94' title="bbox 2125 4592 3768 4668">
    <p class='ocr_par' dir='ltr' id='par_1_94' title="bbox 2125 4592 3768 4668">
     <span class='ocr_line' id='line_1_94' title="bbox 2125 4592 3768 4668; baseline 0.002 -20"><span class='ocrx_word' id='word_1_714' title='bbox 2125 4593 2329 4648; x_wconf 85' lang='lat' dir='ltr'><strong>liamus</strong></span> <span class='ocrx_word' id='word_1_715' title='bbox 2363 4592 2592 4664; x_wconf 83' lang='lat' dir='ltr'><strong>lapides,</strong></span> <span class='ocrx_word' id='word_1_716' title='bbox 2633 4597 2683 4648; x_wconf 86' lang='lat' dir='ltr'><strong>et</strong></span> <span class='ocrx_word' id='word_1_717' title='bbox 2711 4593 3028 4648; x_wconf 65' lang='lat' dir='ltr'><strong>excidemus</strong></span> <span class='ocrx_word' id='word_1_718' title='bbox 3083 4598 3415 4664; x_wconf 88' lang='lat' dir='ltr'><strong>sycaminos,</strong></span> <span class='ocrx_word' id='word_1_719' title='bbox 3477 4604 3530 4651; x_wconf 78' lang='lat' dir='ltr'><strong>et</strong></span> <span class='ocrx_word' id='word_1_720' title='bbox 3559 4597 3768 4668; x_wconf 85' lang='lat' dir='ltr'><strong>cedrcs,</strong></span> 
     </span>
    </p>
   </div>
   <div class='ocr_carea' id='block_1_95' title="bbox 357 4675 2002 4756">
    <p class='ocr_par' dir='ltr' id='par_1_95' title="bbox 357 4675 2002 4756">
     <span class='ocr_line' id='line_1_95' title="bbox 357 4675 2002 4756; baseline -0.01 -17"><span class='ocrx_word' id='word_1_721' title='bbox 357 4685 449 4740; x_wconf 83' lang='grc' dir='ltr'>καὶ</span> <span class='ocrx_word' id='word_1_722' title='bbox 505 4683 765 4756; x_wconf 81' lang='grc' dir='ltr'>κόψωμεν</span> <span class='ocrx_word' id='word_1_723' title='bbox 826 4678 1156 4752; x_wconf 76' lang='grc' dir='ltr'>συκαμίνους</span> <span class='ocrx_word' id='word_1_724' title='bbox 1224 4679 1313 4734; x_wconf 86' lang='grc' dir='ltr'><strong>καὶ</strong></span> <span class='ocrx_word' id='word_1_725' title='bbox 1387 4675 1656 4752; x_wconf 77' lang='grc' dir='ltr'>κὲδρους,</span> <span class='ocrx_word' id='word_1_726' title='bbox 1715 4681 1808 4734; x_wconf 87' lang='grc' dir='ltr'><strong>καὶ</strong></span> <span class='ocrx_word' id='word_1_727' title='bbox 1865 4682 2002 4738; x_wconf 78' lang='grc' dir='ltr'>οἶκο.</span> 
     </span>
    </p>
   </div>
   <div class='ocr_carea' id='block_1_96' title="bbox 2120 4675 3776 4756">
    <p class='ocr_par' dir='ltr' id='par_1_96' title="bbox 2124 4681 3776 4754">
     <span class='ocr_line' id='line_1_96' title="bbox 2124 4681 3776 4754; baseline 0.001 -16"><span class='ocrx_word' id='word_1_728' title='bbox 2124 4692 2175 4738; x_wconf 87' lang='lat' dir='ltr'><strong>et</strong></span> <span class='ocrx_word' id='word_1_729' title='bbox 2203 4681 2544 4752; x_wconf 64' lang='lat' dir='ltr'><strong>aediﬁcemus</strong></span> <span class='ocrx_word' id='word_1_730' title='bbox 2571 4682 2726 4737; x_wconf 84' lang='lat' dir='ltr'><strong>nobis</strong></span> <span class='ocrx_word' id='word_1_731' title='bbox 2757 4684 2980 4737; x_wconf 77' lang='lat' dir='ltr'><strong>turrim.</strong></span> <span class='ocrx_word' id='word_1_732' title='bbox 3005 4683 3309 4754; x_wconf 79' lang='lat' dir='ltr'><strong>Scriptura</strong></span> <span class='ocrx_word' id='word_1_733' title='bbox 3331 4685 3567 4740; x_wconf 88' lang='lat' dir='ltr'><strong>nomine</strong></span> <span class='ocrx_word' id='word_1_734' title='bbox 3593 4685 3776 4740; x_wconf 90' lang='lat' dir='ltr'><strong>Jacob</strong></span> 
     </span>
    </p>
   </div>
   <div class='ocr_carea' id='block_1_97' title="bbox 360 4767 2012 4847">
    <p class='ocr_par' dir='ltr' id='par_1_97' title="bbox 360 4767 2012 4847">
     <span class='ocr_line' id='line_1_97' title="bbox 360 4767 2012 4847; baseline -0.002 -20"><span class='ocrx_word' id='word_1_735' title='bbox 360 4771 692 4847; x_wconf 85' lang='grc' dir='ltr'>δομήσωμεν</span> <span class='ocrx_word' id='word_1_736' title='bbox 769 4771 979 4832; x_wconf 60' lang='grc' dir='ltr'>ἑαυτοῖς</span> <span class='ocrx_word' id='word_1_737' title='bbox 1053 4767 1288 4844; x_wconf 79' lang='grc' dir='ltr'>πύργον.</span> <span class='ocrx_word' id='word_1_738' title='bbox 1351 4769 1438 4825; x_wconf 88' lang='grc' dir='ltr'>Ἐν</span> <span class='ocrx_word' id='word_1_739' title='bbox 1523 4772 1591 4842; x_wconf 79' lang='grc' dir='ltr'><strong>τῇ</strong></span> <span class='ocrx_word' id='word_1_740' title='bbox 1669 4771 2012 4846; x_wconf 81' lang='grc' dir='ltr'>προσηγορίᾳ</span> 
     </span>
    </p>
   </div>
   <div class='ocr_carea' id='block_1_98' title="bbox 356 4853 2010 4934">
    <p class='ocr_par' dir='ltr' id='par_1_98' title="bbox 356 4853 2010 4934">
     <span class='ocr_line' id='line_1_98' title="bbox 356 4853 2010 4934; baseline -0.002 -15"><span class='ocrx_word' id='word_1_741' title='bbox 356 4867 454 4920; x_wconf 90' lang='grc' dir='ltr'><strong>τοῦ</strong></span> <span class='ocrx_word' id='word_1_742' title='bbox 485 4855 679 4919; x_wconf 78' lang='grc' dir='ltr'>Ἰακὼϐ</span> <span class='ocrx_word' id='word_1_743' title='bbox 710 4857 800 4914; x_wconf 84' lang='grc' dir='ltr'><strong>καὶ</strong></span> <span class='ocrx_word' id='word_1_744' title='bbox 846 4863 942 4914; x_wconf 85' lang='grc' dir='ltr'><strong>τοῦ</strong></span> <span class='ocrx_word' id='word_1_745' title='bbox 991 4856 1211 4933; x_wconf 78' lang='grc' dir='ltr'>Ἰσραὴλ</span> <span class='ocrx_word' id='word_1_746' title='bbox 1259 4855 1355 4913; x_wconf 75' lang='grc' dir='ltr'><strong>δύο</strong></span> <span class='ocrx_word' id='word_1_747' title='bbox 1406 4859 1743 4934; x_wconf 72' lang='grc' dir='ltr'>πραγμάτων</span> <span class='ocrx_word' id='word_1_748' title='bbox 1803 4853 2010 4915; x_wconf 75' lang='grc' dir='ltr'>ἔννοιαν</span> 
     </span>
    </p>
   </div>
   <div class='ocr_carea' id='block_1_99' title="bbox 2124 4770 3778 4846">
    <p class='ocr_par' dir='ltr' id='par_1_99' title="bbox 2124 4770 3778 4846">
     <span class='ocr_line' id='line_1_99' title="bbox 2124 4770 3778 4846; baseline 0.002 -20"><span class='ocrx_word' id='word_1_749' title='bbox 2124 4777 2182 4826; x_wconf 90' lang='lat' dir='ltr'><strong>et</strong></span> <span class='ocrx_word' id='word_1_750' title='bbox 2207 4770 2382 4826; x_wconf 88' lang='lat' dir='ltr'><strong>Israel</strong></span> <span class='ocrx_word' id='word_1_751' title='bbox 2407 4770 2576 4826; x_wconf 89' lang='lat' dir='ltr'><strong>nobis</strong></span> <span class='ocrx_word' id='word_1_752' title='bbox 2598 4771 2849 4825; x_wconf 87' lang='lat' dir='ltr'><strong>duarum</strong></span> <span class='ocrx_word' id='word_1_753' title='bbox 2872 4786 3066 4826; x_wconf 88' lang='lat' dir='ltr'><strong>rerum</strong></span> <span class='ocrx_word' id='word_1_754' title='bbox 3093 4770 3542 4844; x_wconf 88' lang='lat' dir='ltr'><strong>intelligentiam</strong></span> <span class='ocrx_word' id='word_1_755' title='bbox 3563 4790 3778 4846; x_wconf 83' lang='lat' dir='ltr'><strong>sugge-</strong></span> 
     </span>
    </p>
   </div>
   <div class='ocr_carea' id='block_1_100' title="bbox 2125 4859 3779 4936">
    <p class='ocr_par' dir='ltr' id='par_1_100' title="bbox 2125 4859 3779 4936">
     <span class='ocr_line' id='line_1_100' title="bbox 2125 4859 3779 4936; baseline 0.001 -19"><span class='ocrx_word' id='word_1_756' title='bbox 2125 4877 2250 4917; x_wconf 89' lang='lat' dir='ltr'><strong>rere</strong></span> <span class='ocrx_word' id='word_1_757' title='bbox 2277 4859 2530 4929; x_wconf 90' lang='lat' dir='ltr'><strong>videtur,</strong></span> <span class='ocrx_word' id='word_1_758' title='bbox 2554 4859 2803 4932; x_wconf 89' lang='lat' dir='ltr'><strong>primam</strong></span> <span class='ocrx_word' id='word_1_759' title='bbox 2828 4859 3305 4932; x_wconf 79' lang='lat' dir='ltr'><strong>imperfectorum</strong></span> <span class='ocrx_word' id='word_1_760' title='bbox 3327 4860 3779 4936; x_wconf 87' lang='lat' dir='ltr'><strong>institutionem,</strong></span> 
     </span>
    </p>
   </div>
   <div class='ocr_carea' id='block_1_101' title="bbox 435 4984 2002 5059">
    <p class='ocr_par' dir='ltr' id='par_1_101' title="bbox 435 4985 1974 5059">
     <span class='ocr_line' id='line_1_101' title="bbox 435 4985 1974 5059; baseline -0.002 -15"><span class='ocrx_word' id='word_1_761' title='bbox 435 4991 477 5028; x_wconf 71' lang='grc' dir='ltr'><strong>ιτ</strong></span> <span class='ocrx_word' id='word_1_762' title='bbox 507 4988 726 5044; x_wconf 87' lang='lat' dir='ltr'><strong>Coloss.</strong></span> <span class='ocrx_word' id='word_1_763' title='bbox 761 5004 800 5059; x_wconf 78' lang='grc' dir='ltr'><strong>ι,</strong></span> <span class='ocrx_word' id='word_1_764' title='bbox 832 4987 922 5041; x_wconf 85' lang='lat'><strong>20.</strong></span> <span class='ocrx_word' id='word_1_765' title='bbox 989 4985 1130 5059; x_wconf 15' lang='grc' dir='ltr'>,α’-ΙΙ</span> <span class='ocrx_word' id='word_1_766' title='bbox 1157 4987 1284 5042; x_wconf 81' lang='lat' dir='ltr'><strong>Cor.</strong></span> <span class='ocrx_word' id='word_1_767' title='bbox 1305 5002 1427 5053; x_wconf 84' lang='lat' dir='ltr'><strong>xm,</strong></span> <span class='ocrx_word' id='word_1_768' title='bbox 1461 4986 1512 5041; x_wconf 86' lang='grc'><strong>4.</strong></span> <span class='ocrx_word' id='word_1_769' title='bbox 1581 4987 1626 5022; x_wconf 83' lang='grc'>¹⁹</span> <span class='ocrx_word' id='word_1_770' title='bbox 1653 4986 1821 5042; x_wconf 88' lang='lat' dir='ltr'><strong>Joan.</strong></span> <span class='ocrx_word' id='word_1_771' title='bbox 1857 5003 1974 5053; x_wconf 72' lang='lat' dir='ltr'><strong>xxv,</strong></span> 
     </span>
    </p>
   </div>
   <div class='ocr_carea' id='block_1_102' title="bbox 2120 4984 3776 5059">
    <p class='ocr_par' dir='ltr' id='par_1_102' title="bbox 2139 4984 3776 5059">
     <span class='ocr_line' id='line_1_102' title="bbox 2139 4984 3776 5059; baseline 0.002 -18"><span class='ocrx_word' id='word_1_772' title='bbox 2139 4987 2185 5021; x_wconf 81' lang='grc' dir='ltr'><strong>³ο</strong></span> <span class='ocrx_word' id='word_1_773' title='bbox 2216 4985 2288 5042; x_wconf 90' lang='grc' dir='ltr'><strong>ΙΙΙ</strong></span> <span class='ocrx_word' id='word_1_774' title='bbox 2319 4985 2459 5056; x_wconf 81' lang='lat' dir='ltr'><strong>Reg.</strong></span> <span class='ocrx_word' id='word_1_775' title='bbox 2496 5001 2571 5056; x_wconf 83' lang='grc' dir='ltr'><strong>ιν,</strong></span> <span class='ocrx_word' id='word_1_776' title='bbox 2595 4984 2686 5039; x_wconf 85' lang='grc'><strong>24.</strong></span> <span class='ocrx_word' id='word_1_777' title='bbox 2723 4985 2764 5020; x_wconf 76' lang='grc'><em>³³</em></span> <span class='ocrx_word' id='word_1_778' title='bbox 2798 4986 2819 5039; x_wconf 89' lang='lat' dir='ltr'><strong>l</strong></span> <span class='ocrx_word' id='word_1_779' title='bbox 2851 4985 2980 5042; x_wconf 90' lang='lat' dir='ltr'><strong>Cor.</strong></span> <span class='ocrx_word' id='word_1_780' title='bbox 3007 5003 3102 5054; x_wconf 84' lang='lat' dir='ltr'><strong>xv,</strong></span> <span class='ocrx_word' id='word_1_781' title='bbox 3127 4987 3218 5042; x_wconf 87' lang='lat'><strong>28.</strong></span> <span class='ocrx_word' id='word_1_782' title='bbox 3245 4988 3290 5021; x_wconf 83' lang='grc'><strong>²²</strong></span> <span class='ocrx_word' id='word_1_783' title='bbox 3315 4986 3458 5042; x_wconf 89' lang='lat' dir='ltr'><strong>Gen.</strong></span> <span class='ocrx_word' id='word_1_784' title='bbox 3492 5003 3646 5059; x_wconf 70' lang='grc' dir='ltr'>χιιι,</span> <span class='ocrx_word' id='word_1_785' title='bbox 3690 4989 3776 5045; x_wconf 93' lang='grc'><strong>10.</strong></span> 
     </span>
    </p>
   </div>
   <div class='ocr_carea' id='block_1_103' title="bbox 360 5057 1128 5125">
    <p class='ocr_par' dir='ltr' id='par_1_103' title="bbox 360 5057 1128 5125">
     <span class='ocr_line' id='line_1_103' title="bbox 360 5057 1128 5125; baseline -0.009 -6"><span class='ocrx_word' id='word_1_786' title='bbox 360 5064 405 5099; x_wconf 77' lang='grc'><strong>³³</strong></span> <span class='ocrx_word' id='word_1_787' title='bbox 434 5061 587 5118; x_wconf 89' lang='lat' dir='ltr'><strong>Psal.</strong></span> <span class='ocrx_word' id='word_1_788' title='bbox 623 5057 793 5125; x_wconf 76' lang='lat' dir='ltr'><strong>xxxv,</strong></span> <span class='ocrx_word' id='word_1_789' title='bbox 820 5061 876 5113; x_wconf 91' lang='lat'><strong>7.</strong></span> <span class='ocrx_word' id='word_1_790' title='bbox 911 5059 958 5093; x_wconf 68' lang='grc'><strong>³⁸</strong></span> <span class='ocrx_word' id='word_1_791' title='bbox 984 5057 1128 5112; x_wconf 91' lang='lat' dir='ltr'><strong>ibid.</strong></span> 
     </span>
    </p>
   </div>
   <div class='ocr_carea' id='block_1_104' title="bbox 433 5183 2020 5274">
    <p class='ocr_par' dir='ltr' id='par_1_104' title="bbox 433 5183 2020 5274">
     <span class='ocr_line' id='line_1_104' title="bbox 433 5183 2020 5274; baseline -0.003 -31"><span class='ocrx_word' id='word_1_792' title='bbox 433 5190 546 5274; x_wconf 56' lang='grc' dir='ltr'>(ᾅβ)</span> <span class='ocrx_word' id='word_1_793' title='bbox 577 5188 669 5274; x_wconf 66' lang='lat' dir='ltr'><strong>Sic</strong></span> <span class='ocrx_word' id='word_1_794' title='bbox 687 5185 1222 5274; x_wconf 35' lang='lat' dir='ltr'><strong>uterqueAGombef.</strong></span> <span class='ocrx_word' id='word_1_795' title='bbox 1256 5189 1316 5240; x_wconf 90' lang='lat' dir='ltr'><strong>et</strong></span> <span class='ocrx_word' id='word_1_796' title='bbox 1345 5183 1443 5240; x_wconf 84' lang='lat' dir='ltr'><strong>alii</strong></span> <span class='ocrx_word' id='word_1_797' title='bbox 1475 5184 1717 5257; x_wconf 89' lang='lat' dir='ltr'><strong>quidam</strong></span> <span class='ocrx_word' id='word_1_798' title='bbox 1750 5199 1895 5239; x_wconf 83' lang='lat' dir='ltr'><strong>mss.</strong></span> <span class='ocrx_word' id='word_1_799' title='bbox 1945 5186 2020 5239; x_wconf 84' lang='lat' dir='ltr'><strong>At</strong></span> 
     </span>
    </p>
   </div>
   <div class='ocr_carea' id='block_1_105' title="bbox 362 5254 1036 5329">
    <p class='ocr_par' dir='ltr' id='par_1_105' title="bbox 362 5254 1036 5329">
     <span class='ocr_line' id='line_1_105' title="bbox 362 5254 1036 5329; baseline -0.01 -10"><span class='ocrx_word' id='word_1_800' title='bbox 362 5254 503 5320; x_wconf 85' lang='lat' dir='ltr'><strong>editi</strong></span> <span class='ocrx_word' id='word_1_801' title='bbox 516 5254 540 5321; x_wconf 63' lang='grc'>,’</span> <span class='ocrx_word' id='word_1_802' title='bbox 561 5259 728 5312; x_wconf 81' lang='grc' dir='ltr'>αὑτοῦ</span> <span class='ocrx_word' id='word_1_803' title='bbox 759 5254 1036 5329; x_wconf 60' lang='grc' dir='ltr'>λέγεσθαι.</span> 
     </span>
    </p>
   </div>
   <div class='ocr_carea' id='block_1_106' title="bbox 2222 5181 3550 5253">
    <p class='ocr_par' dir='ltr' id='par_1_106' title="bbox 2222 5181 3550 5253">
     <span class='ocr_line' id='line_1_106' title="bbox 2222 5181 3550 5253; baseline 0.001 -17"><span class='ocrx_word' id='word_1_804' title='bbox 2222 5183 2314 5249; x_wconf 85' lang='grc'><strong>39)</strong></span> <span class='ocrx_word' id='word_1_805' title='bbox 2347 5182 2434 5236; x_wconf 86' lang='lat' dir='ltr'><strong>Ita</strong></span> <span class='ocrx_word' id='word_1_806' title='bbox 2453 5196 2555 5236; x_wconf 85' lang='lat' dir='ltr'><strong>sex</strong></span> <span class='ocrx_word' id='word_1_807' title='bbox 2576 5197 2722 5253; x_wconf 90' lang='lat' dir='ltr'><strong>mss.</strong></span> <span class='ocrx_word' id='word_1_808' title='bbox 2755 5181 2908 5236; x_wconf 87' lang='lat' dir='ltr'><strong>Editi</strong></span> <span class='ocrx_word' id='word_1_809' title='bbox 2937 5197 3092 5249; x_wconf 81' lang='lat' dir='ltr'><strong>vero,</strong></span> <span class='ocrx_word' id='word_1_810' title='bbox 3126 5181 3550 5253; x_wconf 81' lang='grc' dir='ltr'>ἀνυμνήσουσιν.</span> 
     </span>
    </p>
   </div>
   <div class='ocr_carea' id='block_1_107' title="bbox 2226 5252 3786 5328">
    <p class='ocr_par' dir='ltr' id='par_1_107' title="bbox 2226 5252 3786 5328">
     <span class='ocr_line' id='line_1_107' title="bbox 2226 5252 3786 5328; baseline 0.003 -21"><span class='ocrx_word' id='word_1_811' title='bbox 2226 5253 2516 5328; x_wconf 56' lang='lat' dir='ltr'><strong>toiEditi,</strong></span> <span class='ocrx_word' id='word_1_812' title='bbox 2548 5252 2743 5316; x_wconf 85' lang='grc' dir='ltr'>πάντες</span> <span class='ocrx_word' id='word_1_813' title='bbox 2789 5252 2912 5327; x_wconf 86' lang='grc' dir='ltr'>γάρ.</span> <span class='ocrx_word' id='word_1_814' title='bbox 2961 5258 3131 5308; x_wconf 90' lang='lat' dir='ltr'><strong>Deest</strong></span> <span class='ocrx_word' id='word_1_815' title='bbox 3159 5252 3262 5328; x_wconf 80' lang='grc' dir='ltr'><strong>γάρ</strong></span> <span class='ocrx_word' id='word_1_816' title='bbox 3310 5256 3370 5310; x_wconf 92' lang='lat' dir='ltr'><strong>in</strong></span> <span class='ocrx_word' id='word_1_817' title='bbox 3411 5256 3630 5311; x_wconf 89' lang='lat' dir='ltr'><strong>nostris</strong></span> <span class='ocrx_word' id='word_1_818' title='bbox 3683 5272 3786 5312; x_wconf 79' lang='lat' dir='ltr'><strong>sex</strong></span> 
     </span>
    </p>
   </div>
   <div class='ocr_carea' id='block_1_108' title="bbox 437 5324 2002 5404">
    <p class='ocr_par' dir='ltr' id='par_1_108' title="bbox 437 5324 2002 5404">
     <span class='ocr_line' id='line_1_108' title="bbox 437 5324 2002 5404; baseline -0.005 -15"><span class='ocrx_word' id='word_1_819' title='bbox 437 5335 548 5404; x_wconf 85' lang='grc'>(37)</span> <span class='ocrx_word' id='word_1_820' title='bbox 574 5324 973 5404; x_wconf 38' lang='grc' dir='ltr'><strong>Εάἱιὶηζτὲειδή</strong></span> <span class='ocrx_word' id='word_1_821' title='bbox 1004 5327 1116 5404; x_wconf 80' lang='grc' dir='ltr'>καί.</span> <span class='ocrx_word' id='word_1_822' title='bbox 1150 5327 1370 5385; x_wconf 88' lang='lat' dir='ltr'><strong>Vocula</strong></span> <span class='ocrx_word' id='word_1_823' title='bbox 1409 5324 1515 5404; x_wconf 64' lang='grc' dir='ltr'><strong>καίΔ</strong></span> <span class='ocrx_word' id='word_1_824' title='bbox 1547 5327 1870 5404; x_wconf 38' lang='grc' dir='ltr'><strong>ῘῙΞῌΠΟΒΫΓῘΘ</strong></span> <span class='ocrx_word' id='word_1_825' title='bbox 1891 5342 2002 5404; x_wconf 29' lang='grc' dir='ltr'>ἐει</span> 
     </span>
    </p>
   </div>
   <div class='ocr_carea' id='block_1_109' title="bbox 2120 5324 2452 5404">
    <p class='ocr_par' dir='ltr' id='par_1_109' title="bbox 2130 5326 2452 5404">
     <span class='ocr_line' id='line_1_109' title="bbox 2130 5326 2452 5404; baseline -0.003 -24"><span class='ocrx_word' id='word_1_826' title='bbox 2130 5326 2452 5404; x_wconf 75' lang='lat' dir='ltr'><strong>codibua.</strong></span> 
     </span>
    </p>
   </div>
   <div class='ocr_carea' id='block_1_110' title="bbox 365 5394 2023 5473">
    <p class='ocr_par' dir='ltr' id='par_1_110' title="bbox 365 5394 2023 5473">
     <span class='ocr_line' id='line_1_110' title="bbox 365 5394 2023 5473; baseline -0.005 -11"><span class='ocrx_word' id='word_1_827' title='bbox 365 5394 892 5473; x_wconf 30' lang='lat' dir='ltr'><strong>mss.&#39;deest.:Mox</strong></span> <span class='ocrx_word' id='word_1_828' title='bbox 916 5394 1178 5473; x_wconf 70' lang='lat' dir='ltr'><strong>quinque</strong></span> <span class='ocrx_word' id='word_1_829' title='bbox 1238 5417 1411 5467; x_wconf 91' lang='lat' dir='ltr'><strong>mss.,</strong></span> <span class='ocrx_word' id='word_1_830' title='bbox 1465 5399 1528 5453; x_wconf 85' lang='grc' dir='ltr'>τὸ</span> <span class='ocrx_word' id='word_1_831' title='bbox 1587 5394 1781 5471; x_wconf 85' lang='grc' dir='ltr'>δῶρον.</span> <span class='ocrx_word' id='word_1_832' title='bbox 1841 5399 2023 5454; x_wconf 85' lang='lat' dir='ltr'><strong>Abest</strong></span> 
     </span>
    </p>
   </div>
   <div class='ocr_carea' id='block_1_111' title="bbox 365 5472 802 5532">
    <p class='ocr_par' dir='ltr' id='par_1_111' title="bbox 365 5472 802 5532">
     <span class='ocr_line' id='line_1_111' title="bbox 365 5472 802 5532; baseline -0.016 0"><span class='ocrx_word' id='word_1_833' title='bbox 365 5476 428 5532; x_wconf 86' lang='grc' dir='ltr'><strong>τό</strong></span> <span class='ocrx_word' id='word_1_834' title='bbox 461 5477 531 5532; x_wconf 88' lang='lat' dir='ltr'><strong>ab</strong></span> <span class='ocrx_word' id='word_1_835' title='bbox 552 5472 802 5530; x_wconf 82' lang='lat' dir='ltr'><strong>excusis.</strong></span> 
     </span>
    </p>
   </div>
   <div class='ocr_carea' id='block_1_112' title="bbox 440 5537 2020 5620">
    <p class='ocr_par' dir='ltr' id='par_1_112' title="bbox 440 5537 2020 5620">
     <span class='ocr_line' id='line_1_112' title="bbox 440 5537 2020 5620; baseline -0.006 -19"><span class='ocrx_word' id='word_1_836' title='bbox 440 5549 554 5620; x_wconf 70' lang='lat'><strong>(38)</strong></span> <span class='ocrx_word' id='word_1_837' title='bbox 585 5551 793 5601; x_wconf 84' lang='lat' dir='ltr'><strong>Totum</strong></span> <span class='ocrx_word' id='word_1_838' title='bbox 828 5543 998 5620; x_wconf 78' lang='lat' dir='ltr'><strong>illud,</strong></span> <span class='ocrx_word' id='word_1_839' title='bbox 1029 5539 1409 5620; x_wconf 80' lang='grc' dir='ltr'>ἀπεριόριστος</span> <span class='ocrx_word' id='word_1_840' title='bbox 1462 5540 1594 5620; x_wconf 60' lang='grc' dir='ltr'>φῦσα</span> <span class='ocrx_word' id='word_1_841' title='bbox 1636 5539 1726 5620; x_wconf 51' lang='grc' dir='ltr'><strong>κα)</strong></span> <span class='ocrx_word' id='word_1_842' title='bbox 1785 5537 2020 5614; x_wconf 76' lang='grc' dir='ltr'>ἀτερμα-</span> 
     </span>
    </p>
   </div>
   <div class='ocr_carea' id='block_1_113' title="bbox 368 5612 2025 5690">
    <p class='ocr_par' dir='ltr' id='par_1_113' title="bbox 368 5612 2025 5690">
     <span class='ocr_line' id='line_1_113' title="bbox 368 5612 2025 5690; baseline -0.003 -17"><span class='ocrx_word' id='word_1_843' title='bbox 368 5612 573 5681; x_wconf 56' lang='lat' dir='ltr'><strong>neme,</strong></span> <span class='ocrx_word' id='word_1_844' title='bbox 599 5615 979 5690; x_wconf 82' lang='lat' dir='ltr'><strong>typographis</strong></span> <span class='ocrx_word' id='word_1_845' title='bbox 1009 5612 1302 5690; x_wconf 58' lang='lat' dir='ltr'><strong>esciderat</strong></span> <span class='ocrx_word' id='word_1_846' title='bbox 1333 5633 1346 5672; x_wconf 88' lang='lat'>:</span> <span class='ocrx_word' id='word_1_847' title='bbox 1382 5617 1482 5672; x_wconf 78' lang='lat' dir='ltr'><strong>sed</strong></span> <span class='ocrx_word' id='word_1_848' title='bbox 1515 5616 1672 5670; x_wconf 92' lang='lat' dir='ltr'><strong>hunc</strong></span> <span class='ocrx_word' id='word_1_849' title='bbox 1702 5612 1897 5670; x_wconf 83' lang='lat' dir='ltr'><strong>locum</strong></span> <span class='ocrx_word' id='word_1_850' title='bbox 1955 5630 2025 5668; x_wconf 79' lang='lat' dir='ltr'><strong>ex</strong></span> 
     </span>
    </p>
   </div>
   <div class='ocr_carea' id='block_1_114' title="bbox 373 5685 1314 5750">
    <p class='ocr_par' dir='ltr' id='par_1_114' title="bbox 373 5685 1314 5750">
     <span class='ocr_line' id='line_1_114' title="bbox 373 5685 1314 5750; baseline -0.011 0"><span class='ocrx_word' id='word_1_851' title='bbox 373 5693 593 5750; x_wconf 82' lang='lat' dir='ltr'><strong>nostris</strong></span> <span class='ocrx_word' id='word_1_852' title='bbox 622 5685 725 5748; x_wconf 76' lang='lat' dir='ltr'><strong>sex</strong></span> <span class='ocrx_word' id='word_1_853' title='bbox 748 5685 898 5744; x_wconf 80' lang='lat' dir='ltr'><strong>mss.</strong></span> <span class='ocrx_word' id='word_1_854' title='bbox 928 5685 1314 5743; x_wconf 85' lang='lat' dir='ltr'><strong>restituimus.</strong></span> 
     </span>
    </p>
   </div>
   <div class='ocr_carea' id='block_1_115' title="bbox 2201 5391 3785 5469">
    <p class='ocr_par' dir='ltr' id='par_1_115' title="bbox 2201 5391 3785 5469">
     <span class='ocr_line' id='line_1_115' title="bbox 2201 5391 3785 5469; baseline 0.002 -17"><span class='ocrx_word' id='word_1_855' title='bbox 2201 5397 2315 5469; x_wconf 67' lang='grc'>(41)</span> <span class='ocrx_word' id='word_1_856' title='bbox 2341 5395 2583 5466; x_wconf 83' lang='lat' dir='ltr'><strong>Antiqui</strong></span> <span class='ocrx_word' id='word_1_857' title='bbox 2616 5396 2732 5469; x_wconf 67' lang='lat' dir='ltr'><strong>duo</strong></span> <span class='ocrx_word' id='word_1_858' title='bbox 2765 5393 2922 5461; x_wconf 79' lang='lat' dir='ltr'><strong>libri,</strong></span> <span class='ocrx_word' id='word_1_859' title='bbox 2954 5395 3050 5462; x_wconf 77' lang='grc' dir='ltr'><strong>τήν</strong></span> <span class='ocrx_word' id='word_1_860' title='bbox 3086 5391 3137 5447; x_wconf 81' lang='grc' dir='ltr'>ἐν</span> <span class='ocrx_word' id='word_1_861' title='bbox 3172 5393 3442 5469; x_wconf 75' lang='grc' dir='ltr'>οὐρανοῖς,</span> <span class='ocrx_word' id='word_1_862' title='bbox 3487 5399 3642 5454; x_wconf 84' lang='lat' dir='ltr'><strong>haud</strong></span> <span class='ocrx_word' id='word_1_863' title='bbox 3695 5416 3785 5454; x_wconf 86' lang='lat' dir='ltr'><strong>re-</strong></span> 
     </span>
    </p>
   </div>
   <div class='ocr_carea' id='block_1_116' title="bbox 2132 5466 3785 5540">
    <p class='ocr_par' dir='ltr' id='par_1_116' title="bbox 2132 5466 3785 5540">
     <span class='ocr_line' id='line_1_116' title="bbox 2132 5466 3785 5540; baseline 0 -18"><span class='ocrx_word' id='word_1_864' title='bbox 2132 5466 2239 5524; x_wconf 83' lang='lat' dir='ltr'><strong>cte.</strong></span> <span class='ocrx_word' id='word_1_865' title='bbox 2273 5466 2389 5523; x_wconf 81' lang='lat' dir='ltr'><strong>Nec</strong></span> <span class='ocrx_word' id='word_1_866' title='bbox 2414 5470 2499 5522; x_wconf 85' lang='lat' dir='ltr'><strong>ita</strong></span> <span class='ocrx_word' id='word_1_867' title='bbox 2529 5466 2714 5521; x_wconf 90' lang='lat' dir='ltr'><strong>multo</strong></span> <span class='ocrx_word' id='word_1_868' title='bbox 2746 5471 2878 5540; x_wconf 85' lang='lat' dir='ltr'><strong>post</strong></span> <span class='ocrx_word' id='word_1_869' title='bbox 2909 5472 3028 5521; x_wconf 86' lang='lat' dir='ltr'><strong>tres</strong></span> <span class='ocrx_word' id='word_1_870' title='bbox 3061 5466 3396 5536; x_wconf 64' lang='lat' dir='ltr'><strong>mss.,obroc</strong></span> <span class='ocrx_word' id='word_1_871' title='bbox 3425 5470 3598 5523; x_wconf 80' lang='grc' dir='ltr'>πάντα</span> <span class='ocrx_word' id='word_1_872' title='bbox 3627 5471 3785 5540; x_wconf 82' lang='grc' dir='ltr'>ποιή·</span> 
     </span>
    </p>
   </div>
   <div class='ocr_carea' id='block_1_117' title="bbox 2133 5537 3407 5608">
    <p class='ocr_par' dir='ltr' id='par_1_117' title="bbox 2133 5537 3407 5608">
     <span class='ocr_line' id='line_1_117' title="bbox 2133 5537 3407 5608; baseline 0.002 -17"><span class='ocrx_word' id='word_1_873' title='bbox 2133 5559 2234 5596; x_wconf 86' lang='grc' dir='ltr'>σει.</span> <span class='ocrx_word' id='word_1_874' title='bbox 2269 5541 2383 5596; x_wconf 76' lang='lat' dir='ltr'><strong>Alii</strong></span> <span class='ocrx_word' id='word_1_875' title='bbox 2417 5541 2532 5594; x_wconf 86' lang='lat' dir='ltr'><strong>duo</strong></span> <span class='ocrx_word' id='word_1_876' title='bbox 2565 5555 2696 5593; x_wconf 87' lang='lat' dir='ltr'><strong>cum</strong></span> <span class='ocrx_word' id='word_1_877' title='bbox 2725 5537 2918 5608; x_wconf 81' lang='lat' dir='ltr'><strong>editis,</strong></span> <span class='ocrx_word' id='word_1_878' title='bbox 2949 5541 3116 5591; x_wconf 88' lang='grc' dir='ltr'>ταῦτα</span> <span class='ocrx_word' id='word_1_879' title='bbox 3162 5541 3407 5608; x_wconf 86' lang='grc' dir='ltr'>ποιήσει.</span> 
     </span>
    </p>
   </div>
   <div class='ocr_carea' id='block_1_118' title="bbox 2203 5607 3781 5686">
    <p class='ocr_par' dir='ltr' id='par_1_118' title="bbox 2203 5607 3781 5686">
     <span class='ocr_line' id='line_1_118' title="bbox 2203 5607 3781 5686; baseline -0.002 -19"><span class='ocrx_word' id='word_1_880' title='bbox 2203 5613 2320 5683; x_wconf 84' lang='grc'>(42)</span> <span class='ocrx_word' id='word_1_881' title='bbox 2349 5612 2518 5684; x_wconf 85' lang='lat' dir='ltr'><strong>Apud</strong></span> <span class='ocrx_word' id='word_1_882' title='bbox 2555 5610 2691 5666; x_wconf 85' lang='lat' dir='ltr'><strong>LXX</strong></span> <span class='ocrx_word' id='word_1_883' title='bbox 2721 5607 2957 5678; x_wconf 85' lang='lat' dir='ltr'><strong>legitur,</strong></span> <span class='ocrx_word' id='word_1_884' title='bbox 2986 5627 3099 5665; x_wconf 89' lang='lat' dir='ltr'><strong>non</strong></span> <span class='ocrx_word' id='word_1_885' title='bbox 3133 5607 3328 5686; x_wconf 78' lang='grc' dir='ltr'>Λόγον,</span> <span class='ocrx_word' id='word_1_886' title='bbox 3358 5615 3625 5684; x_wconf 85' lang='lat' dir='ltr'><strong>verbum;</strong></span> <span class='ocrx_word' id='word_1_887' title='bbox 3660 5613 3781 5682; x_wconf 88' lang='lat' dir='ltr'><strong>sed,</strong></span> 
     </span>
    </p>
   </div>
  </div>
