4138 6422
293 386 411 445 815

1226 375 1621 438 APPENDIX
1663 373 1988 436 OPERUM
2035 374 2104 434 Β.
2147 371 2431 433 BASILII
2476 371 2753 434 MAGNI.

3589 377 3710 438 516

290 519 606 571 extremam
636 511 1088 582 absolutamque
1120 509 1352 563 virtutis
1382 506 1928 579 perfectioneme-

2053 497 2384 559 ὑποϐάλλειν
2435 505 2570 576 ἡμῖν
2613 504 2640 559 6
2673 501 2841 578 λόγος
2893 500 3080 558 ἔοικε’
3129 504 3228 574 τήν
3283 524 3344 559 τε
3401 503 3708 582 εἰσαγωγὴν

292 606 404 660 dus
433 603 588 658 enim
615 619 730 674 quo
750 618 960 656 nomen
996 597 1336 671 patriarchae
1359 601 1649 651 mutatum
1671 595 1928 661 est,hun¢

2052 595 2159 644 τῶν
2207 590 2607 664 ἀτελεστέρων,
2661 590 2750 645 καὶ
2817 592 2918 659 τὴν
2988 591 3075 646 ἰπὶ
3131 593 3192 647 τὸ
3249 592 3545 664 ἀκρότατον
3604 603 3707 664 τῆς

290 693 460 748 nobis
491 692 694 763 objicit
725 689 1239 744 sensum.Vocatus
1273 701 1529 757 namque
1559 690 1648 740 est
1677 685 1857 739 Jacob
1885 686 1942 737 in

290 799 395 836 suo
429 781 743 851 ortu,quod
774 778 966 832 fratris
989 778 1330 831 calcaneum
1376 773 1829 846 apprehenderit
1863 774 1940 828 ²⁶ε

289 877 425 942 post
455 871 674 924 luctam
705 884 856 930 vero,
891 866 1112 937 praemii
1147 864 1271 918 loco
1304 880 1514 918 nomen
1542 862 1697 917 aliud
1729 862 1780 916 ei
1813 867 1940 916 tan-

288 976 464 1030 quam
499 956 695 1011 victori
731 955 1074 1025 imponitur.
1105 953 1220 1008 Non
1267 953 1424 1008 enim
1465 951 1748 1006 vocabitur
1793 951 1943 1005 ultra

286 1063 486 1103 nomen
518 1054 670 1100 tuum
690 1045 892 1099 Jacob:
924 1042 1016 1098 sed
1063 1040 1236 1096 Israel
1274 1043 1379 1097 erit
1426 1057 1624 1095 nomen
1671 1045 1827 1092 tuum
1871 1040 1936 1090 ’9.

288 1136 526 1190 Missum
561 1137 651 1188 est
679 1132 863 1203 igitur
891 1131 1132 1186 verbum
1179 1131 1248 1185 ad
1309 1130 1514 1194 Jacob,
1575 1138 1628 1183 et
1673 1128 1835 1182 venit
1880 1128 1939 1181 in

286 1221 797 1278 Israel.Enimvero
831 1221 1087 1274 Verbum
1123 1235 1185 1273 se
1211 1221 1467 1290 primum
1492 1218 1561 1272 ad
1587 1216 1940 1271 inﬁrmiores

286 1330 402 1383 prae
435 1310 838 1366 misericordia
867 1307 1155 1363 demittit:
1190 1306 1649 1378 perspicaciores
1670 1304 1940 1374 vero,uti-

279 1401 506 1456 litatem
538 1399 666 1469 ejus
699 1403 1104 1469 agnoscentes.
1129 1396 1306 1451 veluti
1342 1396 1537 1466 ipsum
1571 1395 1848 1465 rapiunt;
1873 1411 1938 1448 ac

282 1506 484 1545 eorum
515 1490 582 1543 ad
605 1505 751 1559 quos
772 1486 1016 1541 missum
1040 1484 1519 1548 erat,socordiam
1546 1487 1934 1537 autevertunt.

283 1578 540 1633 Verbum
574 1576 756 1647 igitur
789 1576 950 1630 misit
972 1573 1257 1628 Dominus
1276 1573 1344 1627 ad
1367 1571 1567 1627 Jacob.
1590 1571 1752 1625 Nosti
1801 1575 1940 1624 Ver-

284 1665 610 1733 bum,quod
633 1665 826 1718 eratin
849 1661 1322 1733 principio,quod
1343 1659 1633 1730 eratapud
1656 1658 1842 1713 Deum
1863 1656 1934 1711 ’7?

285 1755 402 1808 Hoc
434 1753 595 1808 misit
625 1753 793 1807 Pater
823 1753 893 1805 ad
925 1751 1128 1806 Jacob.
1183 1748 1432 1821 Agnovit
1487 1751 1682 1802 autem
1737 1748 1930 1818 ipsum

283 1859 456 1898 verus
490 1840 982 1908 lsrael,nimirum
1002 1839 1212 1894 anima;-
1263 1837 1688 1909 perspicaciore
1714 1835 1932 1890 intelli-

282 1933 479 2002 gentia
511 1931 784 2002 praditae.
819 1930 881 1982 Et
909 1930 1157 1998 cognovit
1187 1928 1362 1981 omnis
1389 1926 1621 1996 populus
1673 1926 1933 1994 Ephraim

284 2022 381 2090 qui
424 2021 583 2090 prius
634 2017 894 2071 sedebant
939 2018 998 2070 in
1057 2015 1339 2082 Samaria,
1401 2017 1460 2067 in
1515 2014 1852 2069 contumelia
1884 2022 1933 2068 et

283 2110 428 2163 elato
456 2104 695 2161 corde”.
733 2106 830 2158 llic
862 2108 954 2159 est
987 2103 1281 2175 Ephraim,
1315 2119 1348 2156 a
1380 2119 1494 2174 quo
1528 2103 1743 2172 prodiit
1772 2101 1931 2156 defe-

279 2203 408 2252 ctor
435 2194 906 2264 Jeroboam,qui,
929 2194 1168 2249 resectis
1199 2192 1585 2262 abductisque
1614 2207 1811 2245 secum
1841 2191 1936 2245 de-

281 2302 406 2340 cem
438 2284 732 2352 tribubus,
776 2287 832 2337 et
861 2280 1343 2351 aureisjuvencis
1363 2279 1803 2343 efﬁctis,auctor
1827 2279 1934 2333 fuit

279 2371 589 2445 populo,ut
619 2389 652 2427 a
698 2371 793 2426 Dei
848 2371 1005 2425 cultu
1062 2371 1372 2438 secederet,
1404 2369 1676 2440 idolaque
1719 2367 1934 2423 coleret

279 2461 676 2534 Egyptiorum
709 2461 773 2515 9°.
809 2459 916 2522 Qui
949 2459 1130 2530 igitur
1161 2458 1444 2513 sedebant
1475 2457 1531 2511 in
1563 2457 1832 2512 Samaria
1869 2454 1930 2512 in

279 2549 639 2605 contumelia
667 2554 724 2604 et
752 2549 900 2604 elato
924 2548 1116 2616 corde,
1149 2547 1208 2601 hi
1231 2547 1472 2602 veritate
1504 2547 1739 2616 cognita
1769 2561 1930 2601 exce-

279 2643 492 2710 perunt
520 2637 1294 2708 verbum,quemadmodum
1319 2642 1376 2690 et
1404 2638 1546 2692 Acta
1578 2639 1819 2690 narrant
1834 2653 1932 2690 au-

278 2727 494 2781 divisse
524 2725 818 2797 apostolos
850 2726 1001 2797 quod
1045 2725 1308 2780 Samaria
1347 2725 1589 2780 verbum
1649 2725 1932 2793 receperit

276 2815 378 2870 Dei
409 2816 474 2870 3°.
508 2815 768 2871 Subinde
801 2814 1081 2869 describit
1111 2814 1396 2885 propheta
1425 2817 1673 2884 Lquanta
1727 2830 1929 2870 eorum

275 2909 433 2960 esset
464 2904 819 2960 contumelia
845 2909 1019 2974 atque
1049 2903 1497 2974 superbiaNam
1531 2903 1768 2958 Davidis
1798 2920 1926 2975 pur-

278 2999 393 3048 tem
428 2995 1038 3065 aspernati,tanquam
1071 2993 1201 3062 ejus
1239 3009 1484 3063 regnum
1545 2996 1702 3047 esset
1761 2993 1929 3048 faoile

272 3081 989 3152 evertendum,irridentes
1020 3082 1292 3137 dicebant
1318 3097 1332 3138 :
1357 3083 1574 3138 Latere:
1593 3083 1924 3152 ceciderunt,

271 3172 362 3226 sed
391 3175 591 3242 venite,
622 3169 900 3242 potiamus
931 3171 1159 3242 lapides.
1195 3171 1431 3226 Lateres
1462 3171 1696 3240 quidem
1730 3172 1922 3227 nomi-

2056 681 2248 753 ἀρετῆς
2276 679 2578 736 τελείωσιν.
2613 677 2819 737 Τοῦτον
2854 678 2910 734 δὲ
2939 683 3076 753 ἡμῖν
3124 676 3425 736 ὑποϐάλλει
3458 684 3550 736 τὸν
3581 687 3706 738 νοῦν

2055 770 2082 822 6
2139 769 2344 842 τρόπος
2395 777 2494 839 τῆς
2559 768 2970 841 μετωνομασίας
3023 773 3119 824 τοῦ
3179 772 3542 846 πατριάρχου.
3581 772 3707 829 Ἐπὶ

2058 857 2151 929 μὲν
2180 858 2280 931 γὰρ
2304 861 2372 930 τῇ
2423 857 2648 931 γενέσει,
2683 855 2774 912 διὰ
2821 859 2884 912 τὸ
2941 857 3266 936 ἐπειλῆφθαι
3313 866 3414 927 τῆς
3473 862 3709 934 πτέρνης

2049 951 2147 999 τοῦ
2202 943 2460 1022 ἀδελφοῦ,
2513 942 2708 1001 Ἰακὼϐ
2769 945 3000 1022 ε’ίρηται·
3039 949 3173 1019 μετὰ
3223 945 3279 1001 δὶ
3337 949 3436 1015 τὴν
3495 948 3704 1021 πάλην,

2053 1033 2168 1088 ἀντὶ
2225 1033 2395 1097 ἄθλου
2446 1033 2654 1090 δίδοται
2685 1037 2801 1108 (43)
2842 1035 2989 1107 αὖτῷ
3021 1038 3054 1104 ἡ
3087 1035 3435 1111 προσηγορία
3485 1038 3558 1100 ὡς
3617 1061 3704 1094 νε-

2049 1123 2320 1192 νικηκότι.
2381 1125 2456 1178 Οὐ
2514 1124 2617 1198 γὰρ
2665 1122 3003 1195 κληθήσεται
3078 1123 3154 1179 ἔτι
3223 1125 3284 1178 τὸ
3357 1124 3534 1198 ὄνομά
3607 1149 3705 1184 σου

2049 1208 2293 1284 Ἰακὼϐ,
2384 1210 2530 1268 ἀλλά
2615 1214 2834 1285 Ἰσραὴλ
2915 1211 3063 1268 ἔσται
3144 1214 3208 1268 τὸ
3291 1210 3463 1287 ὄνομά
3554 1238 3698 1276 σου,

2051 1300 2358 1372 Ἀπεστάλη
2393 1301 2574 1356 τοίνυν
2622 1302 2796 1376 Λόγος
2853 1302 2988 1377 πρὸς
3022 1297 3240 1373 Ἰακὼϐ,
3273 1305 3359 1357 καὶ
3411 1302 3579 1372 ἦλθεν
3613 1307 3699 1361 έπὶ

2045 1392 2137 1445 τὸν
2169 1391 2410 1465 Ἰσραήλ.
2474 1392 2570 1445 Διά
2631 1391 2724 1464 μὲν
2788 1391 2892 1465 γάρ
2951 1390 3329 1464 ἆλεημοσύνην
3378 1399 3492 1454 τοῖς
3555 1395 3698 1450 ἀσθε-

2045 1479 2317 1554 νεστέροις
2373 1481 2615 1555 πρώτοις
2699 1474 3113 1554 συγκαταϐαίνει
3176 1482 3204 1535 6
3264 1481 3469 1556 Λόγος·
3534 1485 3585 1536 οἱ
3643 1482 3698 1540 δὲ

2047 1565 2514 1642 διορατικώτεροι,
2547 1568 2928 1640 αἰσθανόμενοι
2960 1571 3058 1633 τῆς
3090 1569 3182 1623 ἀπ’
3212 1568 3377 1623 αὑτοῦ
3405 1569 3698 1645 ὡφελείας,

2046 1655 2208 1711 οἷονεί
2267 1655 2652 1729 διαρπάζουσιν
2687 1656 3025 1733 ,αὑτὸνμεὴν
3073 1658 3210 1733 πρὸς
3268 1659 3360 1721 οὕς
3419 1659 3696 1734 ἀπεστάλη

2043 1743 2361 1818 νωθρότητα
2389 1739 2875 1818 προλαμϐάνοντες
2905 1747 3038 1816 (44).
3072 1747 3246 1819 Λόγον
3293 1746 3383 1801 οῦν
3418 1748 3702 1805 ἀπέστειλε

2044 1833 2240 1906 Κύριος
2300 1832 2387 1887 ἐπὶ
2443 1829 2660 1889 Ἰακώϐ.
2695 1831 2852 1895 Οἶδας
2909 1833 3000 1888 τὸν
3063 1834 3234 1910 Λόγον
3287 1836 3382 1898 τὸς
3435 1836 3486 1891 ὲν
3544 1837 3696 1914 ἀρχῇ

2043 1920 2192 1989 ὄντα,
2222 1925 2313 1977 τὸν
2373 1921 2510 1999 πρός
2573 1925 2666 1978 τὸν
2723 1924 2851 1978 Θεὸν
2887 1921 3014 1978 ὄντα
3042 1944 3055 1994 ;
3086 1931 3287 1981 Τοῦτον
3318 1926 3635 1983 ἀπέστειλεν
3667 1931 3694 1984 6

2043 2015 2228 2084 Πατήρ
2287 2009 2621 2069 έπὶῚακώϐ.
2659 2014 2952 2088 Ἐγνώρισε
3011 2011 3068 2068 δὲ
3129 2015 3286 2070 αὐτὸν
3350 2019 3377 2071 6
3432 2015 3695 2087 ἀληθινὸς

2043 2101 2286 2176 Ἰσραὴλ,
2344 2103 2398 2155 αἱ
2454 2104 2628 2176 ψυχαὶ
2688 2102 2741 2155 ait
2791 2099 3259 2178 διορατικώτεραι.
3323 2105 3425 2161 Καὶ
3482 2107 3694 2183 ἐπέγνω

2042 2195 2146 2254 πᾶς
2200 2191 2229 2245 ὃ
2291 2189 2423 2254 λαὸς
2472 2191 2746 2267 Ἐφραῖμ,
2809 2193 2862 2244 οἱ
2931 2191 3193 2266 πρότερον
3271 2196 3566 2267 καθήμενοι
3642 2197 3693 2253 ἐν

2045 2281 2366 2355 Σαμαρείᾳ,
2417 2279 2499 2354 ἐφ’
2558 2275 2710 2354 ὕϐρει
2801 2279 2890 2334 καὶ
2953 2279 3142 2354 ὑψηλῆ
3214 2280 3408 2357 καρδίᾳ
3445 2329 3455 2340 .
3520 2287 3696 2350 Οὗτός

2043 2367 2182 2422 ἐστιν
2217 2368 2477 2443 Ἐφραῗμ,
2514 2365 2563 2439 ἐξ
2599 2367 2660 2420 οὗ
2725 2366 3036 2442 βλαστήσας
3100 2369 3127 2422 ὁ
3187 2370 3497 2443 ἀποστάτης
3527 2375 3690 2450 Ἰερο-

2041 2451 2209 2528 ϐοάμ,
2241 2455 2335 2516 τὰς
2398 2452 2527 2509 δέκα
2583 2453 2755 2532 φυλὰς
2795 2456 2968 2528 έαυτῷ
3031 2458 3410 2534 συναπέσχισε,
3442 2462 3533 2515 καὶ
3566 2482 3694 2538 χρυ-

2040 2551 2134 2607 σᾶς
2177 2542 2444 2617 δαμάλεις
2475 2544 2810 2614 ἀναπλάσας,
2843 2545 3200 2621 ἀναχωρῆσαι
3230 2547 3323 2602 τὸν
3357 2548 3491 2606 λαὸν
3525 2548 3696 2607 ἔπεισε

2038 2641 2138 2702 τῆς
2225 2633 2474 2709 λατρείας
2546 2639 2642 2688 τοῦ
2707 2639 2840 2688 Θεοῦ
2876 2679 2889 2704 ,
2948 2635 3037 2689 καὶ
3097 2634 3378 2712 λατρεύειν
3437 2637 3697 2703 εἰδώλοις

2039 2722 2382 2797 Αἰγυπτίων.
2419 2723 2486 2780 Οἱ
2527 2721 2618 2777 οῦν
2659 2724 2962 2795 καθήμενοι
2995 2721 3047 2778 ἐν
3098 2726 3396 2800 Εαμαρείᾳ,
3432 2727 3513 2803 ἐφ’
3544 2725 3695 2805 ὕϐρει

2039 2811 2128 2866 καὶ
2173 2809 2364 2886 ὑψηλῇ
2395 2810 2609 2887 καρδίᾳ,
2643 2813 2790 2866 οὗτοι
2831 2819 2931 2882 τῆς
2980 2813 3238 2883 ἀληθείας
3295 2813 3346 2869 ἐν
3398 2819 3692 2888 συναισθή-

2040 2922 2117 2956 σει
2295 2901 2604 2977 γενόμενοι,
2636 2898 2880 2973 ἐδέξαντο
2911 2903 3002 2956 τὸν
3034 2901 3221 2979 λόγον,
3252 2904 3427 2966 καθὼς
3492 2905 3581 2958 καὶ
3631 2906 3685 2959 αἱ

2038 2991 2262 3064 Πράξεις
2295 2988 2630 3066 διηγοῦνται,
2663 2990 2745 3046 δτι
2778 2988 3013 3061 ἤκουσαν
3062 2994 3112 3046 οἱ
3162 2991 3480 3061 ἀπόστολοι,
3514 2986 3596 3048 δτι
3645 2995 3681 3063 ἡ

2037 3081 2316 3157 Σαμάρεια
2347 3077 2588 3136 δέδεκται
2633 3081 2727 3136 τὸν
2761 3079 2954 3156 λόγον.
2991 3081 3121 3138 Εἶτα
3179 3078 3462 3159 διαγράφει
3505 3081 3683 3136 αὐτῶν

2037 3171 2064 3225 6
2093 3171 2384 3248 προφήτης
2431 3171 2529 3239 τήν
2581 3165 2735 3244 ὕϐριν
2789 3170 2880 3225 καὶ
2928 3172 3026 3239 τὴν
3066 3170 3433 3248 ὑπερηφανίαν
3469 3169 3567 3241 δση
3600 3172 3688 3240 ἦν.

271 3259 490 3315 nabant
520 3260 1015 3315 constructionem
1050 3260 1211 3330 regni
1244 3259 1499 3316 filiorum
1527 3260 1694 3316 Jesse
1720 3277 1924 3328 ;suam

2044 3245 2508 3335 Ka'cwp'povoﬁvrcc
2565 3259 2667 3335 γὰρ
2735 3267 2836 3329 τῆς
2899 3257 3123 3336 μερίδος
3173 3245 3282 3315 τοῦ
3350 3255 3558 3329 Δαϐὶδ,
3616 3260 3694 3322 ὡς

273 3365 408 3403 vero
441 3349 759 3420 potentiam
795 3365 1082 3420 suamque
1113 3349 1183 3402 ad
1218 3351 1548 3420 peragenda
1567 3349 1696 3404 vita:
1755 3365 1926 3422 nego-

269 3438 352 3492 tia
375 3437 1114 3504 concordiam,ﬁrmitatem
1141 3437 1404 3510 lapidum
1423 3439 1577 3494 inter
1598 3455 1660 3494 se
1683 3439 1927 3494 commi-

275 3543 476 3581 sorum
509 3524 902 3596 appellabant.

2038 3347 2410 3422 εὐκαθαίρετον
2479 3347 2717 3423 ἐχούσης
2799 3350 2899 3418 τὴν
2990 3347 3293 3424 βασιλείαν,
3353 3342 3539 3423 ἔλεγον
3605 3346 3692 3402 έπὶ

2038 3434 2216 3511 χλεύη
2257 3437 2339 3508 τὸ,
2373 3435 2598 3491 Πλίνθοι
2661 3437 3029 3505 πεπτώκασιν,
3088 3435 3234 3492 ἀλλὰ
3286 3434 3460 3507 δεῦτε,
3511 3434 3694 3506 λαξεύ-

2038 3546 2216 3599 σωμεν
2251 3523 2459 3587 λίθους.
2493 3522 2764 3606 Πλίνθους
2821 3527 2915 3598 μὲν
2976 3525 3259 3598 ὠνόμαζον
3305 3526 3404 3593 τὴν
3473 3523 3691 3581 οἰκοδο-

277 3614 382 3684 μήν
415 3619 515 3681 τῆς
553 3609 832 3687 βασιλείας
872 3615 980 3666 τῶν
1013 3613 1143 3666 υἱῶν
1180 3612 1386 3666 Ἰεσσαί·
1424 3611 1593 3677 λίθων
1628 3611 1686 3668 δὶ
1716 3614 2049 3691 στερρότητα
2098 3616 2562 3689 συνηρμοσμένων
2599 3611 2894 3688 ἀλλήλοις,
2923 3615 3021 3684 τὴν
3069 3615 3267 3670 ἑαυτῶν
3323 3611 3574 3688 δύναμιν,
3601 3615 3689 3670 καὶ

263 3701 364 3768 τήν
399 3703 536 3776 πρὸς
567 3701 631 3754 τὰ
661 3705 758 3754 τοῦ
796 3700 917 3775 βίου
951 3702 1248 3774 πράγματα
1278 3701 1578 3773 σύμπνοιαν
1612 3704 2047 3780 προσηγόρευον.

331 3793 457 3846 228.
510 3792 572 3846 Et
627 3791 968 3857 excidemus,
1027 3791 1242 3863 inquit,
1275 3796 1590 3863 sycaminos
1610 3799 1660 3850 et
1689 3795 1914 3858 cedros;

263 3885 316 3936 et
345 3879 474 3935 loco
517 3879 742 3952 templi.
776 3881 930 3952 quod
963 3881 1126 3936 Judaa
1171 3882 1440 3937 Salomon
1493 3886 1822 3940 construxit
1851 3888 1918 3952 3',

261 3969 596 4038 aediﬁcemu:
617 3969 770 4024 nobis
803 3973 1031 4024 turrim.
1068 3970 1295 4026 Similia
1328 3972 1722 4029 moliebantur
1746 3981 1922 4047 atque

266 4057 326 4126 ii,
363 4057 461 4128 qui
497 4057 725 4113 excelsa
754 4059 900 4113 turri
934 4064 1228 4114 exstructa
1263 4060 1470 4116 caelum
1535 4064 1797 4134 pervium
1867 4069 1923 4118 et

261 4163 564 4202 accessum
599 4148 709 4202 sibi
747 4148 988 4203 reddere
1027 4149 1410 4204 conabantur.
1447 4151 1728 4208 Dicebant
1780 4152 1866 4207 illi
1905 4171 1917 4208 :

267 4237 465 4302 Venite,
518 4238 803 4308 faciamus
858 4237 1014 4292 nobis
1073 4239 1297 4308 lateres,
1366 4243 1418 4294 et
1472 4257 1766 4311 coquamus
1832 4257 1922 4297 eo:

259 4328 384 4394 igni
403 4326 470 4380 ³2.
507 4326 572 4380 Et
603 4343 845 4382 rursus:
887 4329 1100 4391 Venite,
1125 4327 1463 4396 aediﬁcamus
1492 4330 1649 4385 nobis
1670 4332 1922 4400 metipsz’s

257 4417 540 4469 civitatem
562 4421 612 4469 et
635 4415 1026 4485 turrim,cujus
1041 4424 1226 4470 vertex
1247 4419 1350 4470 erit
1375 4433 1543 4487 usque
1563 4419 1632 4472 ad
1656 4419 1920 4473 caelum-'53.

260 4501 610 4572 Sycaminus
633 4507 832 4554 autem
867 4502 1038 4555 arbor
1069 4507 1158 4557 est
1185 4503 1484 4558 fructuum
1535 4505 1921 4571 feracissima,

261 4589 479 4660 quibus
513 4587 676 4643 nulla
707 4591 862 4644 inest
889 4591 1172 4662 qualitas,
1197 4594 1312 4649 nisi
1344 4595 1478 4666 quis
1508 4595 1780 4668 diligenti
1799 4612 1923 4651 sca-

264 4674 584 4730 rilicatione
627 4677 780 4733 552
832 4695 1075 4734 succum
1137 4683 1474 4753 quemdam,
1506 4684 1604 4755 qui
1661 4683 1922 4755 gustatui

2102 3794 2250 3848 228.
2317 3793 2415 3846 Κειὶ
2470 3791 2770 3866 κόψωμεν,
2829 3793 2998 3871 φησὶ,
3051 3813 3380 3866 συκαμινους
3439 3792 3527 3847 καὶ
3609 3793 3691 3847 κέ-

2033 3879 2241 3956 δρους,
2303 3882 2392 3935 καὶ
2465 3878 2926 3955 οἰκοδομησωμεν
3005 3882 3216 3944 ἑαυτοῖς
3272 3881 3475 3957 πύργον
3513 3927 3526 3950 ,
3578 3881 3692 3936 ἀντὶ

2030 3974 2128 4025 τοῦ
2186 3974 2353 4040 ναοῦ,
2413 3969 2472 4023 ’ὸν
2529 3970 2883 4025 κατεσκεύασε
2938 3977 3018 4044 τῷ
3073 3968 3250 4042 Ἰούδᾳ
3307 3972 3335 4025 6
3396 3970 3684 4042 Σολομών.

2033 4061 2241 4133 Ὀμοια
2275 4057 2577 4114 διενοοῦντο
2607 4061 2722 4122 τοῖς
2758 4058 2826 4115 δι’
2846 4061 3066 4134 ὑψηλῆς
3107 4061 3321 4136 πύργου
3351 4065 3686 4123 κατασκευῆς

2031 4146 2400 4223 ἐπιχειροῦσιν
2457 4147 2669 4212 ἑαυτοῖς
2720 4150 2951 4224 βάσιμον
3010 4157 3238 4219 ποιῆσαι
3286 4149 3376 4204 τὸν
3435 4147 3684 4224 οὐρανόν.

2031 4237 2138 4292 Καὶ
2198 4236 2301 4312 γὰρ
2361 4235 2555 4291 ἐκεῖνοι
2607 4233 2798 4313 ἔλεγον
2829 4259 2841 4270 ·
2875 4243 3054 4308 Δεῦτε,
3088 4237 3503 4312 πλινθεύσωμεν
3564 4238 3690 4292 ἑαυ-

2029 4331 2148 4388 τοῖς
2205 4324 2487 4393 πλίνθους,
2556 4329 2645 4381 καὶ
2733 4328 3060 4400 ὀπτήσωμεν
3143 4328 3304 4391 αὐτὰς
3374 4327 3542 4399 πυρί·
3599 4326 3691 4380 καὶ

2031 4414 2234 4469 πάλιν·
2293 4415 2472 4484 Δεῦτε,
2533 4414 2992 4491 οἱκοδομήσωμεν
3073 4419 3286 4480 ἑαυτοῖς
3364 4416 3526 4472 πόλιν
3600 4417 3690 4470 καὶ

2031 4503 2260 4578 πύργον,
2297 4503 2360 4556 οὗ
2392 4507 2426 4573 ἡ
2485 4503 2698 4583 κεφαλὴ
2759 4506 2905 4562 ἔσται
2962 4504 3066 4568 ἕως
3121 4512 3218 4562 τοῦ
3268 4507 3500 4582 οὐρανοῦ
3552 4509 3683 4579 (46).

2029 4599 2091 4647 Ἣ
2139 4589 2195 4646 δὲ
2246 4591 2540 4666 συκάμινος
2591 4592 2809 4672 δένδρον
2863 4598 2973 4652 έστὶ
3031 4596 3497 4673 πολυφορώτατον
3555 4615 3684 4668 καρ-

2032 4685 2146 4735 πῶν
2202 4677 2457 4754 οὐδεμίαν
2505 4685 2776 4755 ποιότητα
2823 4687 3084 4762 ἑχόντων,
3117 4688 3162 4742 εἰ
3217 4689 3294 4760 μή
3325 4706 3409 4746 τις
3465 4685 3514 4756 έξ
3571 4684 3687 4740 έπι-

333 4855 549 4939 βρυ.
573 4875 702 4926 xxv,
729 4857 818 4912 25.
854 4857 900 4892 2⁸
929 4855 1072 4939 gen.
1105 4872 1282 4924 xxxn,
1305 4860 1492 4939 ‘28:":
1515 4861 1685 4939 Joan.
1717 4883 1756 4932 ι,
1793 4867 1844 4921 1.
1877 4865 1920 4900 ³⁸

2051 4865 2183 4937 Reg.
2218 4884 2298 4939 χι,
2330 4867 2420 4922 26.
2455 4865 2501 4901 ²⁹
2532 4864 2608 4922 III
2641 4865 2780 4938 Reg.
2817 4883 2943 4936 xui,
2970 4869 3063 4939 20,
3088 4868 3180 4923 28.
3205 4869 3250 4904 ³ο
3272 4872 3398 4924 Act.
3423 4883 3546 4936 vm,
3602 4863 3688 4919 14.

261 4926 306 4962 ει
343 4927 581 5004 mnes,
621 4947 698 4999 vx,
733 4944 900 5002 seqq.
937 4927 983 4964 ⁸³
1007 4927 1150 4983 Gen.
1195 4945 1270 5000 xu,
1303 4931 1356 4986 3.
1389 4931 1599 4990 3'ibid.
1633 4937 1685 4992 4.

265 5106 523 5187 Θάνατον,
556 5122 784 5187 mortem
807 5127 825 5164 :
851 5109 1006 5182 quod
1041 5124 1156 5187 non
1190 5113 1427 5170 aliunde
1457 5132 1634 5187 quam
1680 5131 1749 5170 ex
1795 5131 1915 5170 ser-

266 5180 460 5236 monis
489 5180 1171 5256 ambiguitateeveniase
1229 5190 1432 5240 auctor
1471 5180 1580 5242 'est
1635 5187 1916 5258 Hierony-

268 5267 423 5306 IDUS.

338 5324 719 5406 (6'3)"Anti.qui
751 5346 848 5387 sex
882 5332 1039 5406 libri,
1074 5325 1304 5386 δίδοται.
1340 5325 1764 5406 ῌᾱὶιί,δέδοται.
1789 5330 1923 5385 Mox

265 5394 779 5520 Θόέὑὶκῖνομάῶου,
813 5405 995 5479 φησίν,
1025 5394 1209 5461 hbeat
1239 5399 1400 5477 φησίν
1451 5394 1507 5456 α.
1544 5403 1762 5457 nostris
1821 5419 1924 5458 sex

267 5481 333 5520 co
382 5483 452 5520 ιοι
503 5485 590 5522 us.

335 5510 800 5614 (ῥῆξιςίίᾳυίοπ
827 5547 1161 5602 Combeﬁsii
1195 5545 1376 5600 codex
1402 5549 1457 5599 et
1488 5544 1584 5599 alii
1644 5549 1922 5614 quatuor,

264 5603 775 5682 προλαμϐάνοντες,
805 5618 972 5674 bene.
1023 5618 1189 5674 Alter
1240 5617 1573 5673 Combeﬁsii
1632 5603 1814 5672 codex
1869 5603 1926 5673 et

265 5681 426 5751 editi,
461 5681 1000 5761 προσλαμϐάνοντες,
1033 5690 1206 5748 male.
1239 5690 1378 5762 Ejus
1405 5689 1517 5746 loci
1550 5689 1923 5761 sententiam,

2028 5117 2600 5192 testeCombeﬁsio,
2639 5119 2860 5190 optime
2931 5119 3224 5192 expressit
3294 5116 3565 5192 Hilarius
3630 5115 3692 5170 in

2031 5189 2238 5262 Matth.
2272 5207 2400 5262 cap.
2435 5207 2513 5260 ιχ,
2545 5190 2640 5246 his
2669 5189 2900 5249 verbis:
2936 5189 3086 5262 Quod
3125 5190 3331 5248 [εν-αθιὶ
3362 5190 3691 5262 parabatur,

2023 5260 2188 5331 plebs
2210 5260 2463 5330 gentium
2491 5267 2789 5334 occupavit.

2100 5328 2334 5406 (45)_Ita
2369 5337 2554 5389 nostri
2603 5328 2700 5390 sex
2761 5353 2906 5391 mss.
2975 5335 3127 5392 Editi
3185 5351 3341 5405 vero,
3400 5331 3454 5386 έν
3495 5328 3691 5398 utcet-

2033 5422 2133 5459 σει.

2105 5477 2214 5550 (46)
2249 5473 2499 5550 Uterque
2529 5477 2686 5533 Colb.
2731 5482 2789 5532 et
2820 5478 2960 5550 Reg.
2985 5479 3336 5550 secundus,
3394 5473 3539 5529 ἔσται
3610 5471 3686 5533 εἷς

2032 5544 2124 5622 τρν
2159 5544 2556 5622 ορρανόνίετῐι
2588 5552 2647 5604 in
2671 5544 3248 5622 cretum._‘Aliquanto
3307 5544 3440 5622 post
3496 5563 3688 5602 recon-

2035 5619 2151 5676 tior
2179 5617 2514 5678 COmbeﬁsii
2546 5623 2748 5691 codex,
2779 5617 3058 5692 ποιότητα
3077 5617 3230 5697 ἕχον.
