4138 6372
262 370 379 430 51⁸1

1112 364 1523 428 οοΜΜωΝΤ.
1565 364 1642 425 ΙΝ
1688 363 1956 425 ISAIAM
1996 365 2508 428 PROPHETAM.
2553 365 2730 428 CAP.
2775 367 2884 429 IX.

3570 373 3690 434 518

259 497 482 573 μελείας
527 495 756 572 ἂμύξας,
791 495 924 551 ὀπόν
973 516 1094 552 τινα
1142 493 1328 558 αὐτοῖς
1377 491 1732 550 ἐπισπάσαιτο
1781 493 1918 567 (47),

2039 496 2238 552 afferat
2268 497 2641 566 suavitatem,
2677 516 2746 554 ex
2773 499 2858 555 eis
2889 499 3102 556 eliciat.
3132 501 3296 558 Unde
3328 503 3690 560 arbitramur

254 586 460 659 ἡδονὴν
511 585 847 660 ἐμποιοῦντα
895 587 964 650 τῆ
1017 584 1215 661 γεύσει.
1248 586 1407 649 Ὅθεν
1462 583 1748 658 ἡγούμεθα
1777 582 1920 655 σύμ-

257 673 424 733 ϐολον
484 675 618 731 εἶναι
680 681 780 744 τῆς
839 673 1054 743 ἐθνικῆς
1113 679 1429 749 συναγωγῆς
1464 717 1478 742 ,
1533 670 1917 741 πληθυνούσης

260 767 378 841 μὲν,
434 764 602 820 οἱονεὶ
652 763 1122 838 μεμωραμμένης,
1152 760 1240 816 διὰ
1286 763 1384 831 τήν
1428 761 1478 816 ἐν
1524 767 1640 823 τοῖς
1687 760 1921 824 ἐθνικοῖς

256 852 651 927 ἐηιτηδεύμασι
707 855 1016 923 συνήθειαν,
1068 851 1136 920 ἢν
1192 850 1280 905 ἐὰν
1330 850 1632 924 καταμύξαι
1679 851 1793 923 (48)
1834 871 1918 912 τις

257 943 346 1000 διὰ
373 948 470 998 τοῦ
502 941 670 1018 λόγου
721 939 952 1014 δυνηθῇ,
1003 938 1368 1016 γλυκανθεῖσα
1397 943 1466 1013 τῇ
1505 933 1807 1012 μεταϐολῇ,
1847 937 1922 999 εἰς

255 1030 586 1109 εὐχρηστίαν
623 1031 733 1104 (49)
787 1024 1212 1103 μεταϐάλλεται.
1247 1029 1344 1083 Καὶ
1387 1029 1443 1083 αἱ
1481 1025 1665 1104 κέδροι
1699 1023 1919 1101 λαμϐά-

256 1143 439 1177 νονται
475 1118 567 1194 μέν
590 1139 722 1174 ποτε
753 1119 843 1173 καὶ
892 1118 967 1180 εἷς
1024 1117 1207 1173 εἰκόνα
1255 1121 1447 1194 ψυχῶν
1503 1115 1786 1192 μεγάλων,
1827 1117 1918 1170 καὶ

260 1210 538 1286 ἀξιόλογον
592 1205 839 1283 ἐχουσῶν
891 1204 1114 1281 δίαρμα,
1149 1207 1208 1262 ἐκ
1253 1210 1349 1262 τοῦ
1403 1204 1810 1277 διανεστηκέναι
1841 1209 1919 1278 τῷ

257 1300 588 1378 φρονήματι,
619 1296 710 1352 καὶ
752 1297 814 1351 τὸ
860 1295 1170 1369 πολίτευμα
1217 1293 1364 1370 ἔχειν
1389 1293 1444 1350 ἐν
1477 1294 1750 1370 οὐρανοῖς·
1786 1305 1916 1358 καθ-

257 1389 330 1450 ὼς
380 1384 750 1462 ἐδιδάχθημεν
803 1384 855 1440 ἐν
906 1382 1191 1458 Ψαλμοῖς,
1244 1389 1338 1438 νῦν
1391 1385 1486 1458 μὲν
1538 1387 1648 1457 (50)
1694 1381 1771 1444 εἲς
1827 1383 1918 1438 τὸν

255 1478 400 1531 αἶνον
452 1473 548 1531 τοῦ
602 1479 735 1530 Θεοῦ
793 1469 1321 1547 παραλαμϐάνοντος
1372 1472 1535 1534 αὐτας
1579 1477 1675 1526 τοῦ
1727 1467 1916 1540 Δαϐὶδ,

252 1565 344 1620 καὶ
403 1566 685 1640 λὲγοντος·
738 1560 897 1617 Ξύλα
940 1562 1305 1642 καρποφόρα,
1356 1561 1447 1616 καὶ
1489 1565 1653 1616 πᾶσαι
1708 1559 1913 1636 κὲδροι·

257 1652 424 1709 πάλιν
473 1651 549 1708 δί’
606 1653 1040 1726 Χορτασθήσεται
1088 1652 1156 1705 τὰ
1195 1649 1330 1720 ξύλα
1384 1653 1480 1704 τοῦ
1532 1647 1721 1705 πεδίου
1777 1651 1914 1722 (51),

261 1743 316 1797 αἱ
385 1739 568 1815 κέδροι
638 1745 734 1796 τοῦ
814 1735 1052 1795 Λιϐάνου
1087 1783 1100 1809 ,
1153 1738 1213 1801 ἃς
1271 1737 1549 1816 ἐφύτευσεν
1588 1784 1599 1796 .

259 1829 351 1886 καὶ
397 1831 464 1886 τὰ
515 1827 729 1904 σκληρὰ
776 1827 870 1883 καῗ
921 1826 1244 1902 δύσκαμπτα
1288 1824 1422 1898 ἤθη,
1470 1829 1538 1882 τὰ
1585 1826 1915 1903 ἐπαιρόμενα

255 1920 396 1975 κατὰ
423 1925 525 1989 τῆς
556 1918 811 1994 γνώσεως
858 1921 955 1972 τοῦ
1005 1921 1160 1986 Θεοῦ,
1206 1913 1432 1991 κέδρους
1478 1910 1722 1990 ἔγνωμεν
1755 1914 1914 1991 λεγό-

263 2031 416 2086 μενα.
467 2011 564 2065 Διὰ
606 2014 767 2064 τοῦτο
819 2003 1100 2085 Συντρίϐει
1152 2007 1355 2082 Κύριος
1399 2007 1494 2068 τὰς
1545 2004 1770 2080 κέδρους
1817 2009 1915 2059 τοῦ

260 2095 499 2156 Λιϐάνου
536 2120 548 2132 ·
610 2097 710 2153 Καὶ
769 2097 820 2152 οἱ
898 2095 1250 2171 ἐπαιρόμενοι
1310 2093 1398 2149 ἐπὶ
1452 2098 1520 2169 τῇ
1576 2092 1920 2168 ψευδωνύμῳ

254 2189 504 2265 γνώσει,
557 2186 648 2242 καὶ
727 2185 1180 2258 φαντασιούμενοι
1237 2185 1310 2246 ὡς
1379 2183 1446 2238 τὰ
1506 2186 1777 2260 μυστήρια
1823 2188 1920 2238 τοῦ

260 2277 506 2352 ὑπεράνω
557 2279 691 2332 Θεοῦ
739 2273 1154 2352 κατειληφότες,
1209 2270 1393 2350 κέδροι
1441 2271 1716 2348 λέγονται.
1759 2270 1918 2327 Εἶδον

257 2367 360 2444 γὰρ
436 2365 528 2421 τὸν
606 2360 773 2435 ἀσεϐῆ
854 2362 1298 2439 ὑπερυψούμενον
1387 2361 1481 2416 καῖ
1559 2361 1918 2437 ἐπαιρόμενον

267 2457 340 2519 ὡς
393 2455 487 2517 τὰς
541 2451 768 2528 κέδρους
828 2457 924 2508 τοῦ
985 2447 1244 2506 Λιϐάνου.
1305 2453 1400 2505 Ὧν
1455 2454 1490 2520 ἡ
1550 2449 1920 2526 ἐξολόθρευσις

264 2549 489 2620 ταχεῖα·
551 2540 842 2617 Παρῆλθον
902 2543 1030 2616 γὰρ,
1084 2539 1175 2595 καὶ
1234 2537 1353 2594 ἰδοὺ
1410 2541 1509 2594 οὐκ
1563 2539 1652 2606 ἦν.
1710 2538 1922 2600 Ταύτας

269 2636 359 2690 οὖν
407 2632 501 2694 τὰς
557 2628 784 2707 κέδρους
841 2624 1266 2704 παρελάμϐανον
1346 2630 1460 2701 (52)
1545 2627 1619 2690 είς
1671 2629 1769 2696 τὴν
1827 2631 1922 2682 τοῦ

267 2722 476 2799 πύργου
515 2719 846 2788 κατασκευὴν
899 2719 950 2773 οἱ
999 2718 1104 2793 πρὸ
1133 2725 1234 2788 τῆς
1285 2715 1583 2790 ἐπιδημίας
1613 2720 1710 2772 τοῦ
1743 2715 1922 2792 Λόγου

269 2812 570 2884 καθήμενοι
623 2808 675 2863 ἐν
727 2807 1006 2884 Σαμαρείᾳ
1059 2806 1138 2884 ἐφ’
1193 2801 1368 2882 ὕϐρει,
1423 2807 1513 2861 καὶ
1563 2803 1925 2882 χλευάζοντες

266 2902 366 2970 τὴν
410 2899 548 2954 κατὰ
594 2899 686 2953 τὸν
739 2894 944 2952 Ἰούδαν
998 2891 1323 2968 Θεοσέϐειαν,
1365 2896 1454 2950 καὶ
1517 2895 1776 2957 πλίνθους
1824 2917 1923 2950 πε-

268 2987 549 3050 πτωκυίας
601 2984 850 3064 λίγοντες
904 2986 972 3041 τὰ
1023 2984 1073 3040 ἐν
1127 2981 1396 3061 δόγμασιν
1448 2983 1659 3040 ἐκείνων
1708 2985 1925 3039 οἰκοδο-

277 3079 352 3150 μή
365 3097 523 3148 ματα.

340 3167 467 3220 229.
513 3164 612 3219 Καὶ
667 3161 807 3237 βάξει
869 3161 897 3216 ὁ
956 3161 1087 3224 Θεὸς
1139 3160 1267 3223 τοὺς
1322 3159 1776 3233 ἐπανισταμένους
1837 3159 1925 3214 ἐπὶ

272 3248 398 3327 ὄρος
481 3251 622 3306 Σιὼν
691 3249 773 3304 ἐπ’
843 3248 1001 3304 αὐτὸν
1040 3293 1053 3318 ,

273 3337 607 3394 διασκεδάσει
661 3359 674 3372 ·
751 3337 951 3414 Συρίαν
1033 3338 1120 3415 ἀφ’
1185 3336 1352 3406 ἡλίου
1429 3335 1755 3409 ἀνατολῶν,
1841 3337 1930 3392 καὶ

270 3427 406 3490 τοὺς
486 3425 768 3495 ’Έλληνας
850 3425 938 3502 ἀφ’
1022 3423 1191 3494 ἡλίου
1274 3423 1544 3499 δυσμῶν,
1608 3427 1739 3487 τοὺς
1804 3446 1930 3480 κατ-

277 3515 549 3579 εσθίοντας
622 3513 714 3569 τὸν
783 3512 1008 3588 Ἰσραὴλ
1083 3511 1201 3586 ὅλῳ
1259 3519 1340 3586 τῷ
1399 3513 1671 3586 στόματι.
1729 3515 1928 3584 Ῥάξειν

279 3601 369 3658 οὗν
445 3602 641 3666 αὐτοὺς
709 3600 1108 3676 ἐπαγγέλλεται
1185 3605 1272 3655 καί
1346 3597 1672 3656 καταϐαλεῖν
1731 3601 1932 3663 πάντας

275 3692 402 3756 τοὺς
432 3688 892 3763 ἐπανισταμένους
937 3694 1018 3762 τῷ
1064 3687 1179 3766 ὄρει
1225 3691 1392 3760 Σιὼν,
1443 3692 1529 3746 καὶ
1565 3689 1931 3746 διασκεδάσειν

277 3782 451 3839 αὐτῶν
504 3783 604 3850 τὴν
658 3779 795 3834 κατᾶ
858 3785 958 3848 τῆς
1013 3776 1273 3850 ἀληθείας
1333 3774 1498 3850 ἀσεϐῆ
1560 3779 1878 3855 συμφωνίαν
1917 3825 1928 3837 .

276 3871 397 3929 Εἰσὶ
447 3868 505 3926 δὶ
548 3870 600 3924 οἱ
661 3867 852 3944 ἐχθροὶ
924 3866 1090 3943 Σύροι
1137 3867 1228 3922 καὶ
1288 3867 1582 3939 Ἕλληνες·
1635 3869 1686 3922 οἱ
1731 3868 1825 3941 μὲν
1866 3869 1934 3923 τὰ

273 3961 410 4034 πρὸς
458 3957 726 4019 ἀνατολὰς
764 3960 860 4011 τοῦ
900 3954 1069 4025 ἡλίου
1108 3955 1458 4030 κατέχοντες,
1502 3957 1554 4011 οἱ
1596 3952 1653 4010 δὲ
1689 3957 1758 4010 τὰ
1795 3957 1931 4029 πρὸς

270 4055 391 4111 ταῖς
431 4046 679 4121 δυσμαῖς.
724 4046 824 4100 Διὰ
859 4049 1022 4100 τοῦτο
1055 4041 1112 4099 δὲ
1151 4041 1929 4116 διασκεδασθήσονται,ἐπειδὴ

272 4140 561 4209 κατήσθιον
619 4133 735 4209 ὅλῳ
771 4139 849 4207 τῷ
889 4132 1116 4207 στόματι
1175 4134 1266 4188 τὸν
1330 4133 1575 4210 Ἰσραήλ.
1634 4134 1823 4206 Στόμα
1878 4133 1934 4189 δὲ

273 4229 417 4304 Λέγει
457 4225 547 4282 νῦν
587 4227 686 4295 τήν
725 4224 1044 4300 σοφιστικὴν
1084 4226 1187 4277 τοῦ
1231 4221 1400 4298 λόγου
1444 4220 1694 4296 δύναμιν,
1749 4223 1785 4298 ᾗ
1830 4225 1934 4278 πά-

272 4337 338 4391 σῃ
375 4316 781 4390 κατεκὲχρηντο
823 4313 899 4376 εἷς
937 4312 1037 4380 τήν
1075 4306 1379 4382 ἐπιϐουλὴν
1417 4317 1523 4367 τῶν
1566 4311 1619 4367 ἐν
1661 4311 1933 4384 ἁπλότητι

2029 583 2180 639 hanc
2205 585 2472 640 arborem
2506 587 2833 657 symbolum
2870 604 2996 644 esse
3021 607 3327 663 synagoga:
3351 593 3688 662 gentilium,

2030 689 2159 744 quae
2191 674 2403 728 crescit
2436 675 2694 745 quidem,
2729 678 2827 731 sed
2862 679 3027 748 quasi
3085 680 3411 735 infatuatur
3462 682 3534 736 ob
3566 688 3689 737 stu-

2030 761 2257 816 diorum
2287 762 2600 833 gentilium
2624 766 3063 822 assuetudinem
3088 785 3100 822 :
3125 785 3300 839 quam
3331 785 3688 842 synagogam

2030 850 2078 906 si
2111 851 2244 921 quis
2273 851 2446 905 verbo
2481 851 2810 907 sacriﬁcare
2841 855 3116 924 potuerit,
3150 861 3275 911 tum
3310 874 3377 912 ex
3413 858 3522 913 hac
3557 876 3687 914 mu-

2027 939 2249 994 tatione
2280 938 2651 995 dulcedinem
2687 947 2876 1006 nacta,
2903 943 3054 998 bona
3081 945 3273 999 evadit
3294 951 3350 1000 et
3375 947 3554 1002 utilis.
3575 950 3682 1004 Sed

2027 1043 2452 1099 nonnunquam
2485 1029 2663 1084 etiam
2693 1029 2846 1083 cedri
2871 1031 3240 1102 accipiuntur
3263 1034 3332 1088 ad
3357 1036 3658 1106 exprimen

2026 1117 2162 1171 dam
2182 1117 2498 1188 imaginem
2523 1117 2849 1172 animarum
2867 1127 3422 1193 magnarum,atque
3437 1123 3689 1179 elatione

2029 1205 2484 1261 commendabili
2511 1206 3118 1278 prazditarum,utpote
3139 1226 3266 1279 qua
3291 1211 3529 1266 sublimi
3558 1213 3688 1266 ani-

2030 1294 2111 1348 mi
2133 1311 2308 1348 sensu
2329 1295 2668 1359 efferantur,
2688 1311 2754 1349 ac
2769 1294 2828 1348 in
2849 1295 3006 1350 ccelis
3025 1295 3281 1351 habeant
3297 1302 3690 1355 conversatio—

2029 1400 2188 1450 nem,
2213 1383 2295 1436 uti
2324 1383 2380 1436 in
2409 1382 2662 1437 Psalmis
2689 1400 2896 1439 sumus
2917 1384 3124 1451 edocti,
3156 1385 3366 1440 Oavide
3392 1387 3688 1443 interdum

2031 1473 2102 1527 ad
2137 1472 2234 1526 Dei
2271 1471 2506 1527 laudem
2541 1473 2750 1527 cedros
2794 1477 3158 1541 assumente,
3196 1491 3260 1528 ac
3310 1475 3559 1545 dicente,
3595 1479 3690 1531 Li-

2025 1577 2132 1632 gna
2161 1561 2458 1632 fructi/era
2490 1565 2540 1614 et
2570 1575 2753 1614 omnes
2781 1561 2932 1615 cedri
2951 1562 2996 1595 3‘
3023 1579 3035 1628 ;
3071 1578 3278 1617 rursus
3326 1579 3483 1631 vero,
3515 1565 3690 1620 Satu-

2026 1649 2486 1720 rabunlurlz’gna
2537 1651 2764 1720 campi:
2817 1651 2970 1706 cedri
3029 1651 3246 1721 Libani,
3308 1669 3446 1724 quas
3473 1656 3690 1725 plante—

1662 1735 1798 1809 Ἤδη
1859 1737 1916 1794 δὲ
2022 1739 2182 1793 vita“.
2219 1738 2374 1802 Quin
2407 1742 2462 1792 et
2501 1754 2692 1792 mores
2722 1755 2963 1809 asperos
2997 1743 3054 1794 et
3096 1740 3465 1812 inﬂexibiles,
3499 1743 3596 1813 qui
3629 1760 3692 1799 se

2030 1826 2308 1882 attollunt
2341 1828 2622 1882 adversus
2676 1827 2775 1882 Dei
2824 1827 3131 1883 scientiam
3153 1829 3219 1896 ³⁸,
3253 1831 3460 1885 cedros
3491 1833 3691 1903 appel-

2029 1916 2138 1971 lari
2171 1915 2463 1970 novimus.
2497 1917 2888 1982 Quamobrem
2934 1917 3183 1973 Conterit
3219 1920 3479 1975 Dominus
3507 1922 3692 1976 cedros

2031 2005 2229 2060 Libani
2252 2005 2318 2057 3".
2355 2005 2497 2060 Item
2529 2005 2630 2074 qui
2663 2005 2985 2060 efferuntur
3018 2009 3091 2060 ob
3125 2006 3331 2062 falsam
3379 2013 3436 2062 et
3466 2010 3692 2064 adulte-

2031 2094 2220 2149 rinam
2257 2093 2560 2148 scientiam
2577 2138 2589 2158 ,
2611 2093 2844 2165 sibique
2867 2095 3137 2149 videntur
3159 2096 3327 2167 quasi
3355 2096 3449 2151 Dei
3472 2096 3691 2152 altissi-

2032 2182 2114 2237 mi
2160 2181 2438 2254 mysteria
2489 2182 3026 2252 comprehendisse,
3062 2184 3235 2238 iidem
3270 2189 3552 2239 vocantur
3600 2203 3690 2240 ce-

2031 2271 2140 2327 dri.
2182 2271 2298 2325 Vidi
2337 2271 2518 2336 enim,
2550 2272 2788 2336 impium
2833 2273 3315 2341 superexaltatum
3344 2282 3397 2328 et
3425 2274 3692 2328 eleuatum

2029 2361 2169 2414 sicut
2215 2359 2400 2415 cedros
2448 2358 2648 2413 Libani
2667 2359 2732 2413 ³⁸.
2765 2358 3024 2421 Quorum
3079 2359 3385 2416 celerrima
3433 2368 3520 2418 est
3573 2363 3694 2416 rui-

2033 2465 2110 2503 na
2141 2466 2153 2504 :
2190 2448 2438 2502 Transivi
2488 2447 2669 2513 enim,
2701 2456 2753 2502 et
2781 2463 2901 2503 ecce
2948 2464 3060 2503 non
3108 2459 3228 2504 erat
3250 2451 3314 2505 ³³.
3350 2451 3465 2505 Has
3515 2451 3694 2524 igitur

2032 2538 2236 2592 cedros
2301 2537 2372 2590 ad
2440 2537 2856 2592 exstruendam
2925 2538 3140 2593 turrim
3211 2539 3572 2594 adhibebant
3628 2539 3690 2607 ii,

2034 2631 2136 2698 qui
2167 2629 2300 2681 ante
2329 2625 2502 2681 Verbi
2555 2627 2873 2682 adventum
2907 2627 3188 2682 sedebant
3235 2628 3292 2682 in
3341 2629 3606 2684 Samaria
3633 2629 3691 2684 in

2034 2714 2408 2780 contumelia,
2444 2714 2664 2786 quique
2697 2713 2923 2769 cultum
2955 2715 3071 2770 Deo
3109 2733 3143 2771 a
3178 2717 3334 2772 Juda
3364 2717 3691 2772 exhibitum

2033 2804 2371 2868 illudenles,
2406 2803 2620 2858 lateres
2651 2803 2943 2874 collapsos
2985 2805 3361 2876 appellabant
3401 2807 3603 2862 innixa
3634 2807 3693 2862 in

2033 2893 2270 2949 illorum
2303 2892 2595 2964 dogmatis
2626 2891 2892 2948 aediﬁcia.

2107 3160 2233 3214 229.
2266 3159 2442 3214 Vsas.
2478 3159 2565 3226 11,
2601 3158 2687 3214 12.
2720 3159 2786 3215 Et
2810 3160 3038 3232 franget
3065 3161 3204 3215 Deus
3232 3175 3342 3225 eos,
3374 3163 3472 3231 qui
3499 3164 3686 3218 insur-

1113 3249 1204 3303 καὶ
1276 3249 1404 3312 τοὺς
1462 3247 1694 3324 ἐχθροὺς
1761 3248 1923 3302 αὐτοῦ

2039 3253 2171 3320 gunt
2213 3247 2476 3303 adversus
2520 3251 2758 3303 montem
2805 3249 2935 3304 Sion
2987 3251 3049 3303 in
3097 3251 3296 3320 ipsum,
3337 3257 3390 3304 et
3434 3252 3690 3307 inimicos

2039 3338 2159 3407 ejus
2187 3337 2519 3407 dissipabit;
2549 3337 2772 3409 Syriam
2804 3357 2837 3392 a
2866 3341 2997 3394 solis
3027 3347 3176 3407 ortu,
3207 3344 3264 3392 et
3298 3338 3513 3396 Graecos
3541 3357 3575 3394 a
3604 3357 3694 3397 so-

2043 3427 2111 3481 lis
2140 3442 2354 3493 occasu,
2402 3427 2727 3481 devorantes
2775 3428 3029 3482 Israelem
3081 3432 3188 3482 toto
3235 3443 3346 3483 ore.
3379 3428 3698 3485 Pollicetur

2041 3515 2224 3587 igitur
2253 3531 2352 3570 eos
2375 3531 2600 3580 omnes,
2625 3514 2720 3585 qui
2755 3515 3039 3570 adversus
3062 3521 3318 3570 montem
3343 3517 3478 3571 Sion
3507 3517 3701 3572 insur-

2040 3607 2208 3674 gunt,
2223 3603 2543 3657 fracturum
2563 3619 2692 3657 esse
2711 3620 2773 3658 se
2791 3621 2857 3658 ac
2879 3620 3242 3674 eversurum,
3261 3609 3436 3676 atque
3452 3605 3698 3678 impiam

2041 3708 2244 3748 eorum
2277 3693 2335 3746 in
2365 3691 2668 3746 veritatem
2702 3694 3070 3748 concordiam
3104 3694 3553 3765 dissipaturum.
3583 3695 3697 3751 Ini-

2042 3780 2178 3836 mici
2211 3784 2430 3846 autem,
2456 3780 2584 3853 Syri
2617 3786 2757 3836 sunt
2789 3785 2844 3836 et
2876 3782 3077 3838 Graeci.
3112 3782 3199 3836 Illi
3233 3783 3470 3854 quidem
3499 3785 3569 3838 ad
3603 3802 3694 3839 or-

2042 3877 2164 3925 tum
2197 3869 2360 3936 solis,
2395 3869 2452 3924 hi
2487 3886 2619 3924 vero
2650 3871 2719 3924 ad
2773 3870 2915 3925 solis
2945 3887 3215 3926 occasum
3251 3871 3540 3927 habitant.
3567 3874 3698 3929 Ideo

2041 3965 2236 4014 autem
2265 3958 2737 4030 dissipabuntur,
2763 3961 2916 4030 quod
2944 3959 3217 4015 lsraelem
3248 3965 3368 4014 toto
3397 3977 3494 4016 ore
3525 3962 3698 4018 devo-

2042 4046 2246 4103 rarint.
2272 4047 2348 4103 0s
2382 4051 2578 4102 autem
2612 4047 2721 4103 hoc
2754 4049 2879 4103 loco
2910 4053 3076 4104 vocat
3109 4049 3222 4103 vim
3257 4050 3544 4105 sermonis
3575 4065 3705 4122 cap-

2044 4136 2273 4203 iiosam,
2309 4153 2425 4207 qua
2451 4136 2522 4190 ad
2556 4136 2802 4192 insidias
2847 4138 2916 4192 iis
2946 4138 3046 4209 qui
3078 4137 3136 4192 in
3173 4137 3555 4209 simplicitate
3585 4139 3702 4194 Deo

2043 4225 2434 4291 crediderant,
2498 4225 2898 4296 instruendae,
2969 4227 3209 4280 omnino
3281 4227 3697 4282 abutebantur.

2051 4318 2219 4369 Vsas.
2265 4314 2353 4368 13.
2410 4315 2470 4368 In
2533 4314 2789 4369 omnibus
2843 4314 2931 4368 his
2978 4331 3090 4370 non
3137 4318 3221 4369 est
3265 4331 3493 4369 aversus
3535 4319 3696 4386 furor

341 4471 389 4506 "'
419 4469 568 4526 Psal.
597 4483 827 4536 cxnvm,
853 4467 909 4520 9.
986 4465 1032 4501 ⁸⁵
1063 4464 1216 4521 Psal.
1249 4481 1371 4532 cm,
1405 4467 1492 4521 16.
1569 4467 1613 4502 ⁸⁸
1633 4467 1682 4522 ΙΙ
1720 4469 1850 4524 Cor.
1883 4484 1940 4536 x,
1970 4467 2026 4523 5.
2103 4467 2147 4501 ³⁷
2176 4465 2330 4522 Psal.
2373 4482 2575 4534 xxvm,
2608 4466 2662 4521 5.
2745 4466 2789 4500 ⁸⁸
2829 4463 3203 4534 Psal.xxxv1,
3235 4466 3326 4522 35.
3403 4466 3604 4522 "ibid.
3635 4468 3707 4522 36

341 4624 455 4696 (47)
488 4619 896 4696 Combeﬁsius,
927 4621 992 4696 ut
1013 4616 1144 4696 aliis
1174 4617 1318 4696 locis
1341 4635 1514 4696 saepe,
1553 4621 1633 4676 ita
1662 4620 1759 4676 hic
1781 4637 1924 4692 quo-
1963 4623 2004 4686 ι)
2037 4621 2276 4696 dicitur.

271 4690 386 4769 que
418 4690 698 4769 praecipit,
732 4697 798 4769 ut
827 4707 934 4746 suo
965 4690 1150 4769 ipsius
1181 4691 1440 4769 periculo
1486 4693 1778 4769 legamus,
1798 4690 1924 4769 non

269 4760 337 4826 ut
367 4760 436 4823 in'
458 4760 626 4822 libris
655 4763 890 4836 legitur,
925 4760 1026 4818 sed
1054 4760 1446 4836 utlegendum
1476 4760 1660 4835 pu'tat.
1695 4764 1788 4816 Ait
1819 4763 1918 4835 igi-

269 4847 371 4898 tur
401 4839 512 4912 legi
564 4830 1024 4912 opcrt‘ereh’ncn.
1050 4830 1427 4912 ἐπισπάσαιτο,
1477 4830 1706 4912 succum
1738 4830 1924 4912 accer—

269 4921 379 4980 sat,
408 4902 640 4966 asciscdt
665 4907 831 4980 sed,
866 4902 1209 4980 ἐπιπάσαιτοο
1264 4905 1321 4960 id
1353 4907 1508 4978 quod
1557 4908 1638 4963 ita
1686 4907 1809 4978 ipse
1837 4906 1926 4961 in-

268 4976 643 5053 terpretatur,
672 4979 866 5036 Sedulo
913 4976 1235 5053 sacfiﬁcans
1253 5051 1259 5053 _
1279 4993 1343 5032 ac
1368 4976 1678 5053 Yancinans
1708 4976 1930 5053 succum

269 5047 514 5134 aiiﬁuem
541 5047 636 5134 eis
666 5047 1134 5134 inspergat.__N0s
1167 5051 1385 5134 autem,
1420 5051 1521 5134 qui
1553 5057 1627 5134 et.
1664 5051 1723 5106 in
1755 5049 1928 5134 ed‘itis

269 5131 327 5186 et
346 5119 407 5182 i'n
435 5125 651 5181 nostris
673 5119 773 5179 sei
795 5119 1095 5179 codicibus
1117 5120 1406 5192 scriptum
1435 5119 1790 5189 invenimus,
1813 5119 1927 5175 ἐπι-

272 5199 556 5263 σπάσαιτο,
587 5200 792 5252 contra
819 5198 908 5249 tot
936 5192 1226 5249 librorum
1259 5196 1669 5252 auctoritatem
1692 5196 1930 5251 Combe-

270 5271 404 5328 ﬂsio
435 5262 840 5340 obtemperare
866 5281 981 5321 non
1014 5262 1339 5335 potuimus.

342 5341 456 5412 (48)
489 5332 655 5396 Editi.
673 5342 732 5393 et
782 5343 901 5392 tres
949 5332 1119 5401 met,
1163 5332 1482 5412 κατανύξαι,
1533 5338 1584 5392 si
1623 5338 1748 5409 qui;
1776 5352 1929 5412 ορτη-

264 5407 515 5484 pungere
543 5413 728 5484 possit.
759 5413 834 5484 A_t
865 5412 1112 5484 uterque
1151 5407 1308 5463 Colb.
1343 5413 1409 5484 et
1431 5409 1570 5480 Reg.
1604 5407 1924 5484 secundus,

268 5478 596 5556 καταμύξαι,
628 5483 678 5537 si
715 5478 1204 5556 quis__scariﬁcare
1255 5483 1452 5556 possit,
1504 5478 1926 5556 rectius._Na_m

266 5556 380 5612 hoc
415 5549 955 5627 pactogvox'itpégae
1003 5551 1127 5627 voci
1175 5549 1477 5624 καταμύξαι
1523 5553 1924 5627 respondebit.

267 5621 473 5699 Itaque
504 5624 602 5698 qui
628 5621 940 5699 gentilium
986 5621 1255 5683 animum
1308 5621 1512 5699 sancto
1543 5631 1599 5681 et
1624 5621 1924 5699 spirituali

267 5697 445 5758 modo
476 5697 704 5756 sauciat
729 5697 782 5754 is
811 5709 1014 5753 eorum
1044 5697 1564 5768 congregationem
1594 5697 1926 5755 sacriﬁcare

2111 4691 2225 4762 (49)
2260 4688 2499 4764 Antiqui
2533 4687 2834 4764 duonlibri,
2865 4686 2942 4749 εἷς
2969 4686 3343 4764 εὐχαριστίαν,
3384 4689 3557 4764 male.

2111 4757 2222 4834 (50)
2459 4758 2572 4813 νυνὶ
2618 4757 2732 4832 μὲν.
2771 4757 2840 4815 At
2870 4777 2970 4816 sex
2999 4757 3171 4834 (fi-$6.,
3203 4766 3292 4815 νῦν
3325 4757 3450 4834 μέν.

2111 4830 2221 4904 ῖ51)
2254 4832 2403 4887 Editi
2437 4837 2494 4888 et
2525 4830 2778 4904 quatuor
2803 4849 2970 4901 mss.,
3004 4833 3138 4902 ξύλα
3158 4830 3264 4887 ’τοῦ
3295 4830 3505 4899 πεδίου,
3543 4833 3699 4904 ligna

2039 4903 2242 4976 campi.
2278 4903 2723 4976 UterqueCclb.
2759 4905 3001 4976 perinde
3032 4911 3209 4978 atque
3257 4923 3290 4961 v
3322 4911 3379 4962 et
3433 4923 3488 4960 τι
3518 4903 3698 4960 editio

2040 4975 2175 5049 ξύλα
2199 4979 2294 5030 τοῦ
2327 4975 2531 5050 Κυρίου
2560 4978 2723 5050 tigna
2754 4977 2981 5050 Domini
2995 5030 3000 5037 ,
3035 4984 3092 5034 et
3125 4981 3205 5034 ita
3259 4993 3492 5050 quoque
3525 4977 3696 5050 Sym-

2040 5046 2289 5106 machus
2320 5046 2776 5125 edi'dit._lbi_der_n
2809 5049 2955 5125 editi
2981 5057 3039 5106 et
3089 5051 3203 5106 duo
3238 5046 3415 5125 mss,—
3462 5046 3519 5125 ἓες
3560 5046 3696 5125 ἐφύ-

2037 5139 2242 5188 τευσεν,
2293 5137 2428 5197 quas
2480 5119 2785 5197 plantavit.
2846 5121 2959 5176 Alii
3021 5128 3324 5194 quatuor,
3357 5117 3419 5182 εξ
3477 5117 3700 5197 ἐφύτευ-

2039 5212 2154 5265 σας,
2188 5209 2327 5265 quas
2351 5193 2647 5264 plantasti.

2109 5261 2222 5338 (52)
2281 5261 2525 5338 Veteres
2580 5261 3020 5338 quatuor_l_ibr_i
3081 5267 3290 5338 praeter
3318 5261 3696 5338 vetustiorem

2037 5328 2369 5392 Co‘mb'etisii
2401 5328 2683 5408 codicem,
2716 5328 3157 5408 παρελάμϐανόν.
3200 5336 3360 5390 Alter
3387 5335 3701 5408 _C_ongbefi-

2038 5407 2108 5481 sli
2170 5409 2349 5464 codex
2375 5449 2390 5475 ,
2420 5399 2901 5481 ,προσελάμϐανον
2934 5399 2951 5460 ξ
3009 5407 3206 5481 Editi,_
3242 5399 3697 5481 upocképGavov,

2035 5479 2194 5537 haud
2227 5477 2555 5549 emendate.
2593 5477 2905 5548 Aliquanto
2937 5483 3069 5548 post
3089 5477 3387 5549 antiquior
3408 5477 3696 5533 (Jombeﬁ-

2037 5551 2116 5625 aii
2139 5553 2318 5625 codex
2347 5547 2606 5625 év_€i69st.
2644 5547 2904 5625 Subinde
2928 5547 3073 5625 editi
3093 5547 3365 5625 et__n_cstri
3391 5565 3490 5625 sex
3520 5565 3694 5625 mss”

2036 5621 2120 5678 ἐπ’
2143 5622 2326 5679 αὐτόν.
2362 5623 2456 5680 Ait
2486 5619 2684 5680 tamen
2719 5621 2826 5675 hoc
2857 5619 2982 5674 loco
3027 5621 3316 5688 Nobilius,
3363 5622 3546 5678 videri
3579 5625 3692 5677 Ba-

2035 5695 2238 5754 silium
2267 5697 2482 5768 legisse
2511 5694 2597 5749 ετι³
2621 5690 2776 5760 αύτό,
2804 5692 2999 5748 simul.
