4138 6376
373 321 498 382 819

1332 308 1726 374 ΛΡΡΕΝῙΠΧ
1766 308 2097 372 OPERUM
2138 308 2206 369 S.
2248 307 2531 371 BASILII
2571 307 2828 374 MAGNI

3677 318 3811 379 530

372 453 469 510 sed
497 454 673 509 adhuc
698 467 900 507 manus
926 449 1161 506 excelsa.
1197 451 1261 504 Et
1287 444 1520 518 populus
1546 459 1659 499 non
1685 452 1766 500 est
1795 458 2019 500 conver-

2137 440 2567 498 πεπιστευκότων
2641 447 2726 517 τῷ
2787 448 2906 517 Θεῷ
3110 489 3125 503 .
3180 446 3307 503 Ἔπὶ
3378 451 3509 502 πᾶσι
3574 447 3801 513 τούτοις

375 560 489 609 sus,
513 543 680 597 donec
698 556 983 612 percussus
1006 547 1085 593 est
1106 554 1125 598 ;
1150 540 1202 592 et
1234 537 1526 590 Dominum
1546 534 1893 588 exercituum
1919 547 2032 587 non

377 634 737 703 quaesierunt.
801 629 863 684 In
921 627 1011 682 his
1066 624 1381 688 omnibus,
1434 622 1711 693 quoniam
1773 621 1868 675 Dei
1917 620 2031 676 ini-

380 722 516 776 mici
547 720 686 775 licet.
706 716 970 788 castigati
1012 714 1276 769 nondum
1319 710 1657 782 compuncti
1697 715 1853 777 sunt,
1880 726 2031 763 non-

381 809 522 864 dum
558 810 718 862 furor
747 821 986 861 aversus
1017 808 1107 855 est
1139 818 1152 855 :
1184 800 1285 855 sed
1318 799 1510 854 adhuc
1542 814 1774 864 manus,
1811 814 1915 852 ceu
1947 798 2030 851 fa-

380 898 567 954 cultas
599 895 809 950 vindex
840 896 1105 947 surrecta
1133 894 1222 945 est
1262 890 1547 944 adversus
1578 903 1699 952 eos,
1726 903 1875 957 quos
1908 902 2029 940 ma-

379 986 516 1041 litiae
540 1002 605 1039 ac
629 981 901 1054 nequitiae
934 984 1173 1052 patratae
1198 993 1570 1048 nequaquam
1600 976 1857 1046 poenitet.
1884 975 2032 1039 Quia

377 1076 557 1146 igitur
587 1071 840 1143 populus
870 1070 982 1123 iste
1013 1085 1130 1122 non
1172 1066 1386 1129 verbis,
1416 1066 1517 1120 sed
1552 1064 1738 1135 plagis
1763 1069 2029 1127 sanatur,

374 1162 661 1233 scriptum
695 1163 786 1215 est
819 1175 833 1214 :
868 1161 931 1214 Et
959 1158 1137 1213 omnis
1163 1155 1395 1227 papulas
1433 1169 1545 1208 non
1586 1163 1668 1209 est
1717 1167 2028 1219 conversus,

371 1252 537 1307 donec
562 1238 848 1321 percussus
878 1255 974 1302 est.
1000 1245 1393 1309 Quamobrem
1426 1241 1605 1313 plagae
1638 1246 1774 1297 sunt
1805 1241 2031 1295 talibus

372 1337 736 1394 necessariae.
766 1336 948 1392 Nemo
982 1334 1165 1405 igitur
1194 1331 1486 1387 curiosius
1515 1346 1727 1385 causas
1759 1327 2030 1384 afflictio-

374 1443 515 1482 num
565 1426 829 1497 inquirat
886 1427 944 1478 et
1004 1421 1437 1485 molestiarum;
1471 1436 1578 1473 cur
1630 1417 1899 1483 ariditas,
1929 1432 2033 1471 cur

375 1515 643 1572 fulmina.
668 1531 774 1569 cur
802 1513 1025 1585 grando
1048 1508 1387 1581 contingat?
1419 1508 1548 1562 Haec
1569 1507 1845 1562 eveniunt
1878 1506 2029 1563 σοι

372 1609 574 1659 nostra
604 1619 786 1658 causa
815 1617 1066 1673 quorum
1114 1615 1214 1654 cor
1258 1596 1601 1669 poenitentia
1648 1595 1805 1650 haud
1839 1593 2030 1667 tangi-

372 1698 491 1757 tur,
514 1698 570 1746 et
592 1691 695 1762 qui
726 1707 839 1745 non
867 1688 1263 1743 convertimur
1283 1684 1394 1739 nisi
1421 1684 1584 1756 prius
1608 1682 2027 1756 percutiamur.

370 1782 568 1851 (Vsus.
601 1782 690 1841 14,
728 1780 835 1849 15).
862 1778 925 1832 Et
953 1778 1169 1845 auferet
1194 1776 1461 1829 Dominus
1489 1773 1555 1827 ab
1587 1773 1758 1827 Israel
1787 1777 1947 1842 caput
1978 1774 2031 1825 et

370 1870 621 1933 caudam,
658 1884 931 1935 magnum
960 1874 1011 1921 et
1038 1881 1293 1936 parvum,
1325 1864 1386 1917 in
1424 1879 1539 1916 una
1568 1863 1676 1915 die.
1709 1861 2026 1931 Postquam

371 1958 608 2012 verbum
640 1958 791 2026 quod
828 1954 1077 2010 missum
1108 1958 1218 2021 est,
1252 1954 1321 2007 ad
1358 1967 1458 2006 eos
1491 1951 1775 2021 pervenit,
1804 1948 2027 2004 malum

368 2062 569 2101 eorum
603 2045 869 2100 ordinem
903 2058 1139 2097 omnem
1166 2041 1249 2095 ait
1276 2038 1762 2095 confundendum
1793 2052 1944 2101 esse,
1973 2040 2031 2091 et

369 2134 722 2189 auferendos
779 2132 1077 2204 principes
1126 2129 1570 2199 inferioresque,
1611 2143 1712 2181 eos
1760 2125 2030 2181 videlicet

370 2224 473 2293 qui
506 2223 565 2278 in
607 2225 897 2295 potestate
938 2218 1246 2276 constituti
1290 2217 1459 2272 valde
1512 2216 1938 2281 intumescunt,
1973 2219 2029 2269 ct

368 2328 469 2368 eos
501 2311 603 2383 qui
635 2311 844 2365 iisdem
899 2308 1149 2379 subjecti
1182 2313 1339 2363 sunt.
1372 2306 1702 2370 Seniorum,
1733 2308 1791 2359 et
1821 2320 2024 2359 eorum

370 2401 468 2471 qui
503 2415 888 2472 personarum
940 2397 1143 2452 habita
1186 2395 1411 2451 ratione
1439 2393 1843 2465 judicant,jus
1892 2395 2026 2448 ante

369 2488 514 2545 alios
536 2487 776 2544 sedendi
801 2485 1265 2542 dedecorabitur.
1285 2484 1569 2539 Caeterum
1592 2483 1694 2555 qui
1726 2482 1784 2537 in
1810 2481 2025 2553 populo

369 2577 601 2632 nullum
644 2576 909 2632 ordinem
967 2583 1067 2629 aut
1123 2574 1371 2646 gradum
1416 2572 1701 2638 obtinent,
1736 2570 1838 2625 sed
1900 2570 2025 2625 suis

367 2667 631 2736 ipsorum
686 2664 983 2736 suffragiis
1030 2664 1316 2717 duntaxat
1375 2660 1564 2725 electi,
1615 2658 2022 2731 propheticum

367 2756 592 2811 donum
624 2754 778 2826 quod
828 2770 863 2808 a
910 2752 1127 2825 Spiritu
1160 2756 1363 2806 sancio
1417 2766 1529 2805 non
1583 2764 1877 2820 accepere,
1910 2747 2023 2804 sibi

368 2844 516 2900 falso
548 2846 843 2915 arrogant,
876 2857 943 2897 ac
993 2843 1205 2896 docent
1249 2839 1485 2910 iniqua;
1522 2836 1853 2907 cujusmodi
1902 2840 2027 2892 erat

370 2938 534 2989 mtatc
562 2932 828 2988 Jeremize
859 2930 1201 2995 Ananiae”,
1236 2928 1439 3001 quales
1470 2926 1647 2982 etiam
1683 2931 1849 2981 erant
1877 2930 2024 2981 tem-

369 3037 507 3092 pore
551 3019 806 3076 Micbazae
838 3018 1381 3091 pseudoprophetae,
1413 3016 1474 3071 in
1506 3015 1721 3087 quibus
1762 3013 1875 3069 fuit
1904 3015 2024 3083 spi-

368 3110 517 3165 ritus
552 3110 801 3164 mendax
819 3108 886 3174 ‘l,
919 3108 1018 3180 qui
1052 3106 1279 3177 decepit
1312 3105 1589 3171 Achaam,
1614 3120 1747 3159 cum
1780 3119 1914 3158 eum
1948 3103 2020 3158 ad

2142 528 2241 583 οὐκ
2284 527 2595 609 ἀπεστράφη
2647 532 2676 586 6
2735 528 2928 605 θυμός
2989 532 3117 590 ἀλλ’
3172 530 3253 590 ἔτι
3307 537 3345 606 ἡ
3396 537 3519 611 χεὶρ
3582 535 3799 611 ὑψηλή.

2140 618 2239 672 Καὶ
2308 619 2337 672 6
2403 619 2535 682 λαὸς
2619 620 2721 675 οὐκ
2793 623 3108 699 ἀπεστράφη
3140 667 3154 693 ,
3212 620 3316 685 ἕως
3389 623 3634 701 ἐπλήγη*
3706 626 3799 681 καὶ

2137 707 2228 761 τὸν
2312 706 2513 783 Κύριον
2594 713 2702 764 τῶν
2776 706 3052 784 δυνάμεων
3126 713 3230 768 οὐκ
3307 712 3616 784 ἐζήτησαν.
3672 714 3800 772 Ἐπὶ

2139 794 2352 858 τούτοις
2400 801 2554 865 πᾶσι,
2586 794 2677 852 διὰ
2712 799 2774 854 τὸ
2827 802 2996 873 μήπω
3039 809 3407 876 κατανυγῆναι
3458 804 3801 877 μαστιζομέ-

2137 904 2265 945 νους
2294 884 2423 946 τοὺς
2453 885 2684 959 ἐχθροὺς
2732 892 2830 942 τοῦ
2878 890 3032 961 Θεοῦ,
3066 889 3220 945 οὕπω
3252 892 3279 946 6
3311 892 3481 965 θυμὸς
3527 892 3798 968 ἀπεστρά-

2140 993 2238 1050 φη,
2271 971 2398 1028 ἀλλ’
2450 970 2526 1029 ἔτι
2558 977 2593 1044 ἡ
2626 976 2752 1051 χεὶρ
2783 979 2819 1047 ἡ
2870 975 3173 1048 κολαστικὴ
3224 976 3453 1053 δύναμις
3507 980 3795 1057 ἐπηρμένη

2141 1060 2279 1116 εστὶν
2313 1060 2401 1116 ἰπὶ
2458 1067 2568 1117 τῶν
2628 1066 2705 1137 μὴ
2770 1068 3174 1138 μετανοούντων
3234 1066 3323 1123 έπὶ
3375 1072 3445 1143 τῇ
3494 1070 3658 1141 κακίᾳ
3703 1071 3796 1126 καὶ

2138 1150 2379 1226 πονηρίᾳ
2489 1149 2742 1229 ἔπραξαν.
2785 1152 3011 1224 Ἐπειδή
3065 1154 3157 1211 οὖν
3191 1157 3221 1211 6
3254 1156 3387 1220 λαὸς
3419 1156 3579 1221 οὗτος
3610 1159 3674 1215 οὐ
3708 1159 3800 1218 διὰ

2142 1238 2310 1313 λόγου
2368 1237 2516 1295 ἀλλὰ
2573 1238 2663 1295 διὰ
2730 1241 2958 1318 πληγῆς
3019 1245 3417 1320 θεραπεύεται,
3472 1246 3793 1324 γέγραπται·

2139 1328 2245 1383 Καὶ
2276 1333 2380 1390 πᾶς
2438 1330 2466 1383 6
2524 1326 2656 1393 λαὸς
2689 1330 2790 1386 οὐκ
2843 1331 3186 1409 ἀπεστράφη,
3237 1331 3343 1396 ἕως
3401 1336 3517 1409 (54)
3552 1335 3792 1413 ἐπλήγη.

2141 1417 2336 1492 Διόπερ
2379 1418 2662 1493 ἀναγκαῖαι
2710 1426 2826 1482 τοῖς
2874 1419 3115 1477 τοιοῖσδε
3169 1424 3225 1477 αἱ
3271 1422 3535 1500 πληγαί.
3587 1423 3791 1495 Μηδεὶς

2140 1504 2230 1559 οὐν
2289 1506 2823 1583 πολυπραγμονείτω
2869 1509 2964 1572 τὰς
3021 1510 3197 1573 αἰτίας
3253 1516 3362 1567 τῶν
3421 1516 3793 1590 σκυθρωποτέο

2141 1615 2271 1670 ρων·
2306 1592 2393 1650 διὰ
2421 1596 2475 1650 τί
2504 1596 2738 1673 αὐχμοὶ,
2772 1594 2861 1654 διὰ
2890 1598 2942 1653 τί
2973 1593 3295 1674 ἐπομϐρίαι,
3329 1598 3419 1657 διὰ
3445 1603 3497 1658 τί
3532 1605 3795 1674 σκηπτοὶ,

2140 1679 2227 1737 διὰ
2253 1682 2305 1737 τί
2333 1682 2570 1759 χάλαζαι
2596 1704 2609 1754 ;
2646 1687 2723 1741 Δι’
2753 1689 2901 1760 ἡμᾶς
2932 1686 3060 1750 τοὺς
3109 1690 3210 1757 τήν
3261 1690 3634 1762 ἀμετανόητον
3662 1713 3797 1768 καρ-

2140 1769 2257 1825 δίαν
2291 1769 2544 1848 ἔχοντας,
2592 1774 2683 1830 καὶ
2745 1776 2821 1846 μή
2880 1776 3145 1853 πρότερον
3203 1776 3651 1857 ἐπιστρέφοντας,
3701 1780 3796 1837 ἐὰν

2144 1862 2218 1933 μή
2279 1860 2583 1937 πληγῶμεν
2621 1905 2634 1920 .
2696 1864 2797 1920 Καὶ
2875 1864 3066 1942 ἀφελεῖ
3120 1864 3325 1941 Κύριος
3403 1869 3509 1924 ἀπὸ
3570 1869 3794 1947 Ἰσραὴλ

2136 1948 2381 2028 κεφαλὴν
2458 1953 2549 2006 καί
2606 1952 2767 2026 οὐρὰν
2807 1998 2822 2019 ,
2879 1952 3045 2028 μέγαν
3117 1955 3206 2009 καὶ
3289 1957 3507 2030 μικρὸν,
3579 1957 3633 2012 ἐν
3696 1965 3797 2032 μιᾷ

2136 2037 2337 2112 ἡμέρᾳ.
2402 2039 2553 2097 Μετά
2606 2040 2669 2096 τὸ
2727 2040 2924 2117 φθάσαι
2983 2042 3067 2097 ὐπ’
3127 2042 3323 2106 αὐτοὺς
3358 2046 3450 2100 τὸν
3493 2046 3671 2121 Λόγον
3702 2049 3796 2104 τὸν

2136 2127 2542 2201 ἀπεσταλμένον
2580 2174 2594 2201 ,
2642 2130 2816 2185 πὰσαν
2892 2132 2995 2200 τήν
3074 2134 3246 2201 κακὴν
3319 2132 3494 2189 αὐτῶν
3554 2132 3794 2208 διάταξιν

2136 2218 2569 2291 συγχυθήσεσθαι
2647 2215 2797 2293 λέγει
2842 2260 2857 2287 ,
2936 2220 3027 2274 καὶ
3103 2224 3611 2298 περιαιρεθήσεσθαι
3697 2226 3792 2298 μὶν

2136 2304 2425 2381 ἄρχοντας,
2473 2306 2566 2360 καὶ
2615 2305 2741 2368 τοὺς
2793 2305 3115 2381 ἑπομένους,
3145 2309 3276 2372 τοὺς
3318 2331 3377 2365 τε
3422 2310 3475 2366 έν
3510 2309 3793 2387 δυναστείᾳ

2139 2394 2275 2468 μέγα
2304 2398 2604 2472 φυσῶντας,
2653 2395 2743 2449 καὶ
2797 2394 2925 2457 τοὺς
2983 2392 3396 2469 ὑποϐεϐηκότας
3644 2403 3787 2458 ³Δτι-

2138 2483 2469 2555 μασθήσεται
2529 2479 2909 2559 πρεσϐυτέρων
2984 2483 3284 2563 προεδρία,
3339 2488 3431 2544 καὶ
3487 2494 3597 2547 τῶν
3653 2494 3784 2548 κατὰ

2132 2570 2599 2646 προσωποληψίαν
2657 2572 2997 2648 κρινόντων.
3058 2576 3127 2634 Οἱ
3186 2573 3243 2632 δῖ
3306 2574 3582 2654 μηδεμίαν
3638 2582 3783 2653 τάξιν

2133 2656 2353 2749 ἔχοντες
2389 2660 2441 2714 έν
2484 2665 2564 2733 τῷ
2612 2660 2750 2734 λαῷ,
2782 2661 3305 2749 αὐτοχειροτόνητοι
3354 2663 3413 2723 δὶ
3449 2668 3540 2723 καὶ
3570 2689 3787 2749 προφη-

2130 2750 2279 2804 τικὸν
2330 2748 2542 2812 ἑαυτοῖς
2592 2746 3010 2825 ἐπιψευδὸμενοι
3068 2752 3341 2830 χάρισμα,
3384 2755 3412 2811 ὃ
3463 2758 3539 2830 μὴ
3583 2746 3786 2814 ἔλαϐον

2132 2837 2277 2914 παρά
2305 2841 2404 2893 τοῦ
2453 2839 2783 2913 Πνεύματος,
2814 2841 2904 2895 καὶ
2957 2838 3298 2905 διδάσκοντες
3326 2843 3392 2898 τὰ
3434 2842 3628 2917 ἄνομαο
3663 2849 3784 2911 οἷος

2132 2929 2196 2996 ἦν
2255 2926 2342 2982 ἐπὶ
2399 2927 2667 3004 Ἰερεμίου
2720 2929 2748 2983 6
2809 2929 3070 2999 ’Δνανίας,
3128 2930 3216 2986 καὶ
3271 2930 3356 2987 ἰπὶ
3418 2933 3662 3010 Μιχαίου
3722 2935 3775 2989 οἱ

2132 3013 2615 3094 ψευδοπροφῆται,
2676 3015 2729 3073 έν
2787 3020 2873 3080 οἷς
2930 3017 3137 3095 ἐγένετο
3193 3024 3405 3093 πνεῦμα
3459 3018 3690 3095 ψευδὲς,
3749 3022 3782 3077 ὃ

2131 3105 2366 3176 ἐξηπάτα
2423 3106 2515 3161 τὸν
2575 3107 2816 3183 Ἀχαὰμ,
2861 3106 3303 3183 προτρεπόμενον
3356 3107 3445 3164 ἰπὶ
3496 3109 3588 3164 τὸν
3646 3110 3786 3164 κατὰ

366 3198 587 3255 bellum
618 3197 778 3272 Syris
828 3175 1210 3252 inferendum»
1246 3194 1483 3267 impulit
1510 3211 1525 3265 ;
1555 3192 1595 3247 ii
1625 3209 1859 3266 quoque
1890 3196 2019 3248 tan-

2274 3194 2460 3270 Σύρων
2493 3175 2768 3265 πόλεμον·⁷
2794 3175 3251 3271 ἀφαιρεθήσονται
3293 3198 3382 3253 καὶ
3432 3197 3581 3253 οὗτοι
3614 3197 3784 3254 οἱονεὶ

367 3305 544 3360 quam
576 3288 826 3343 caudam
858 3287 1138 3341 ducentes
1169 3285 1529 3340 auferentur.

436 3466 562 3522 230.
597 3466 763 3521 Vsus.
798 3466 884 3536 16,
920 3466 1005 3520 17.
1036 3463 1141 3520 Sed
1170 3469 1218 3519 et
1251 3466 1349 3536 qui
1387 3463 1601 3519 beatum
1630 3462 1825 3518 dicunt
1848 3478 2023 3535 papu-

369 3557 482 3611 lum
513 3561 675 3625 hunc,
709 3563 759 3610 et
787 3571 914 3611 eum
959 3553 1228 3609 inducunt
1259 3555 1319 3607 in
1344 3568 1605 3621 errorem,
1637 3560 1688 3607 et
1715 3568 1812 3623 per
1857 3553 2021 3622 frau-

364 3646 486 3701 dem
513 3646 804 3716 facultates
829 3643 1190 3699 exhauriunt.
1225 3643 1565 3713 Quapropter
1592 3657 1767 3712 neque
1800 3642 1859 3697 in
1892 3641 2023 3696 ado-

368 3735 700 3802 lescentulis,
740 3748 917 3805 neque
946 3734 1007 3787 in
1037 3732 1122 3786 his
1153 3733 1250 3803 qui
1278 3732 1427 3786 inter
1455 3747 1600 3804 ipsos
1628 3738 1792 3787 aetate
1818 3731 2022 3800 vigent,

369 3824 644 3879 laetabitur
677 3823 962 3877 Dominus.
997 3826 1179 3892 Neque
1219 3821 1270 3875 si
1319 3822 1439 3891 quis
1483 3818 1763 3891 orphanus
1812 3821 1873 3874 in
1923 3820 2026 3875 tali

365 3911 592 3983 populo,
614 3926 789 3981 neque
815 3914 866 3966 si
895 3927 1007 3980 qua
1037 3910 1207 3980 fuerit
1234 3908 1423 3974 vidua,
1445 3908 1883 3964 misericordiam
1900 3923 2023 3963 con-

365 4005 643 4070 sequetur.
678 4000 838 4063 Quod
871 4000 1027 4054 enim
1062 3999 1367 4053 inﬁrmum
1396 4001 1487 4053 est
1517 4001 1574 4052 et
1602 3996 1819 4052 auxilio
1850 3998 2024 4055 desti-

365 4094 582 4160 tutum,
614 4089 671 4143 id
706 4087 1216 4144 commiseratione
1248 4087 1493 4158 dignum
1527 4090 1617 4141 est
1649 4103 1663 4140 :
1698 4086 1851 4157 quod
1886 4101 2020 4142 vero

365 4183 573 4251 potens
604 4181 694 4234 est
722 4178 781 4233 in
806 4176 1029 4233 malitia
1052 4181 1107 4232 et
1128 4176 1458 4247 iniquitate,
1483 4175 1538 4229 id
1572 4174 2020 4231 detestationem

366 4272 626 4323 meretur
682 4272 737 4322 et
796 4267 1019 4323 odium.
1056 4265 1278 4321 Deinde
1337 4264 1445 4319 hoc
1502 4264 1832 4335 subjungit,
1863 4265 2018 4334 quod

362 4358 630 4411 nondum
651 4359 950 4411 avertatur
970 4355 1100 4425 ejus
1125 4354 1304 4421 furor,
1326 4353 1425 4407 sed
1446 4352 1639 4407 adhuc
1664 4369 1875 4408 manus
1891 4352 2021 4424 ejus

365 4444 594 4500 excelsa
622 4445 960 4516 impendeat
991 4447 1231 4516 propter
1250 4458 1348 4498 eos
1381 4441 1481 4513 qui
1512 4442 1569 4495 in
1604 4442 1817 4513 populo
1844 4442 2019 4497 sedu-

366 4538 527 4600 cunt,
559 4539 618 4589 et
651 4537 882 4604 propter
931 4532 1240 4599 seductos;
1273 4531 1429 4602 apud
1462 4545 1611 4628 quos
1661 4529 1849 4601 iniqui
1881 4533 2023 4585 sunt
2051 4562 2099 4628 Β

365 4638 570 4679 omnes
602 4626 661 4677 et
710 4621 1005 4694 ﬂagitiosi,
1040 4626 1217 4691 atque
1265 4620 1470 4690 iniqua
1516 4617 1859 4690 loquuntur.
1893 4618 2024 4674 Haec

365 4717 561 4767 autem
582 4710 961 4766 comminatio
984 4707 1326 4764 nonnullam
1354 4709 1587 4779 praefert
1606 4707 1873 4763 beneﬁcii
1896 4723 2023 4779 spe-

364 4800 509 4855 ciem
538 4818 549 4857 :
584 4800 801 4873 quippe
829 4798 1025 4872 (Vens.
1053 4799 1141 4865 18)
1164 4796 1533 4852 Succendetur
1582 4798 1851 4868 iniquitas
1879 4798 2022 4853 sicut

362 4892 538 4960 ignis.
572 4890 804 4946 Etenim
848 4888 1159 4945 hominum
1209 4886 1401 4959 gratia
1429 4885 1680 4958 providit
1726 4885 2020 4959 benignus

368 4980 672 5050 Dominus,
690 4984 756 5035 ut
780 4982 984 5051 parata
1011 4974 1345 5048 iniquitatis
1369 4976 1616 5032 materia
1644 4992 1675 5031 e
1704 4976 1896 5032 medio
1925 4990 2020 5047 pe-

437 5169 483 5205 ‘0
510 5167 728 5224 Jerem.
758 5181 957 5237 xxvm,
991 5164 1080 5219 15.
1158 5164 1202 5199 ⁴¹
1236 5162 1309 5219 ΠΙ
1342 5162 1484 5235 Reg.
1514 5180 1655 5233 χχιι,
1683 5163 1775 5219 22.

439 5349 554 5419 (53)
584 5350 671 5405 Ila
700 5365 846 5404 mss.
893 5362 1124 5403 omnes.
1148 5418 1155 5419 ί
1182 5344 1355 5419 Editi,
1381 5360 1538 5419 vero,
1566 5412 1578 5419 _
1599 5340 1674 5419 εἲς
1720 5342 1812 5396 τὸν
1870 5341 2022 5398 Θεόν.

363 5412 569 5476 Statim
605 5438 760 5476 unus
790 5420 970 5475 codex
998 5418 1285 5483 Combet.,
1318 5414 1491 5487 θυμὸς
1521 5412 1709 5471 αὐτοῦ.

440 5494 554 5564 (54)
585 5492 760 5560 Editi,
791 5488 894 5552 ῐως
935 5489 1017 5545 οὗ.
1050 5488 1274 5546 Vocula
1304 5487 1366 5541 οὗ
1399 5489 1456 5543 in
1493 5488 1711 5543 nostris
1747 5502 1891 5543 mss.
1925 5488 2024 5542 de-

371 5573 557 5710 ϐδῖϐὗ)
587 5635 764 5709 Editi,
798 5626 1217 5706 ἐπιϐεϐηκότας,
1251 5632 1421 5691 male.
1458 5635 1529 5691 At
1563 5648 1706 5690 mss.
1741 5646 1861 5700 sex,
1894 5629 2024 5685 ὐπο-

2127 3284 2227 3352 τὴν
2262 3283 2521 3360 οὐραγίαν
2552 3282 2650 3339 τοῖ’)
2682 3284 2816 3341 λαοῦ
2845 3284 3189 3362 κατέχοντες.
3632 3322 3667 3349 ,ν

2198 3375 2325 3431 230.
2385 3371 2566 3429 Ἀλλὰ
2618 3374 2710 3428 καὶ
2769 3374 2820 3429 οἱ
2883 3376 3274 3451 μακαρίζοντες
3321 3376 3415 3431 τὸν
3470 3374 3601 3431 λαὸν
3657 3378 3785 3431 τοῦ-

2129 3480 2246 3529 τον,
2301 3459 2390 3515 καὶ
2447 3457 2753 3523 πλανῶντες
2812 3460 2971 3517 αὐτὸν
3005 3507 3023 3535 ,
3103 3462 3190 3517 καὶ
3253 3459 3343 3517 διὰ
3419 3470 3520 3534 τῆς
3572 3463 3785 3535 ἀπάτης

2133 3547 2563 3624 ἐκκαρπούμενοι
2597 3592 2610 3606 .
2672 3550 2771 3604 Διὰ
2841 3555 3004 3606 τοῦτο
3081 3546 3206 3607 οὐτε
3280 3550 3367 3607 ἐπὶ
3438 3550 3566 3618 τοὺς
3615 3552 3789 3608 νεανί-

2131 3657 2282 3702 σκοις
2338 3638 2428 3693 καὶ
2502 3637 2835 3710 ἀκμάζουσιν
2914 3638 2967 3693 έν
3020 3637 3205 3702 αὐτοῖς
3272 3639 3697 3717 εὐφρανθήσεται
3754 3642 3785 3697 6

2133 3726 2360 3801 Κύριος.
2420 3723 2561 3784 Οὔτε
2617 3725 2672 3782 εἷ’
2712 3748 2796 3790 τις
2850 3726 3082 3804 ὀρφανὸς
3141 3727 3194 3782 ἐν
3242 3733 3324 3801 τῷ
3369 3728 3608 3802 τοιούτῳ
3638 3727 3779 3802 λαῷ,

2134 3813 2257 3871 οὔτε
2305 3814 2351 3870 ε’ί
2400 3837 2483 3878 τις
2532 3818 2705 3893 χήρα,
2756 3814 3133 3888 ἱλεηθήσεται.
3167 3817 3246 3875 Τὸ
3299 3817 3394 3890 μὶν
3435 3818 3535 3893 γὰρ
3568 3819 3782 3881 ἀσθενὲς

2131 3906 2218 3960 καὶ
2252 3899 2587 3975 ἀϐοήθητον,
2641 3903 2826 3967 ἐλέους
2871 3908 2984 3980 (56)
3034 3901 3199 3977 ἄξιον·
3243 3907 3307 3961 τὸ
3350 3903 3408 3961 δὶ
3451 3903 3672 3961 δυνατὸν
3725 3904 3781 3961 ἐν

2129 3993 2291 4066 κακίᾳ
2344 3992 2434 4048 καὶ
2489 3994 2744 4067 πονηρίᾳ,
2801 3993 3154 4074 ἀποστροφῆς
3211 3993 3302 4049 καὶ
3361 3994 3591 4068 μίσους.
3651 3994 3789 4052 Εἶτα

2132 4083 2344 4158 ἐπάγει,
2403 4080 2486 4137 ὅτι
2547 4079 2762 4137 οὐδέπω
2822 4084 2851 4137 6
2911 4083 3084 4157 Θυμὸς
3142 4081 3307 4138 αὐτοῦ
3365 4083 3780 4163 ἀποστρέφεται·

2131 4170 2259 4227 ἀλλ’
2288 4167 2364 4226 ἔτι
2396 4173 2431 4241 ἠ
2464 4170 2588 4247 χεὶρ
2620 4170 2785 4226 αὐτοῦ
2817 4170 3005 4245 ὑψηλὴ
3039 4171 3328 4240 ἐπίκειται,
3361 4169 3449 4227 διὰ
3476 4171 3606 4236 τοὺς
3636 4171 3787 4228 πλα-

2130 4266 2333 4323 νῶντας
2366 4260 2417 4315 έν
2447 4265 2527 4332 τῷ
2559 4259 2677 4331 λαῷ
2722 4261 2810 4316 καὶ
2860 4258 3277 4335 πλανωμένους,
3309 4263 3435 4338 παρ’
3467 4264 3551 4327 οἷς
3596 4262 3790 4325 πάντες

2131 4350 2326 4423 ἄνομοι
2379 4349 2471 4403 καὶ
2522 4350 2782 4421 πονηροὶ,
2820 4349 2908 4404 καὶ
2962 4346 3122 4404 ἄδικα
3154 4348 3471 4414 λαλοῦντες.
3525 4353 3683 4427 Ἔχει
3731 4348 3791 4406 δέ

2130 4439 2308 4506 τιναή
2368 4436 2570 4506 ἀπειλὴ
2626 4436 2933 4512 εὐεργεσίας
2984 4433 3243 4516 ἔμφασιν,
3302 4438 3387 4493 ὅτι
3442 4440 3786 4509 Καυθήσεται

2128 4529 2164 4595 ἡ
2215 4525 2414 4598 ἀνομία
2462 4525 2539 4588 ὡς
2588 4530 2716 4602 πῦρ.
2764 4528 2875 4596 Τὴν
2932 4527 3036 4602 γὰρ
3087 4528 3613 4603 παρασκευασθεῖσαν
3643 4526 3779 4595 ὕλην

2133 4614 2193 4669 ὶκ
2221 4621 2319 4686 τῆς
2349 4614 2574 4688 ἀνομίας
2615 4614 2905 4693 ἀφανισμῷ
2953 4612 3328 4691 παραδοθῆναι
3373 4615 3457 4671 ὐπ’
3508 4615 3790 4691 εὐεργεσίᾳ

2130 4709 2239 4760 τῶν
2298 4705 2592 4776 ἀνθρώπων
2643 4706 2789 4782 παρὰ
2835 4709 2931 4759 τοῦ
2985 4706 3182 4780 ἀγαθοῦ
3242 4704 3524 4761 Δεσπότου
3579 4704 3792 4777 ᾠκονό-

2134 4814 2324 4866 μηται.
2385 4794 2483 4848 Καὶ
2542 4792 2616 4858 ὠς
2673 4793 2966 4870 ἄγρωστις,
3020 4794 3174 4872 φησὶ,
3236 4793 3376 4870 ξηρὰ
3445 4794 3794 4869 βρωθήσεται

2132 4882 2235 4938 ὑπὸ
2290 4883 2463 4960 πυρὸς
2495 4927 2509 4952 ,
2566 4883 2657 4938 καὶ
2731 4884 3058 4957 καυθήσεται
3134 4882 3187 4939 έν
3257 4888 3374 4945 τοῖς
3448 4880 3631 4937 δάσεσι
3689 4885 3797 4937 τοῦ

2131 4970 2366 5050 δρυμοῦ.
2396 4974 2541 5037 Ἕως
2601 4973 2696 5046 μὲν
2752 4972 3085 5049 ίγκέχωσται
3139 4978 3257 5036 τοῖς
3309 4972 3525 5048 γηίνοις
3566 4971 3795 5036 πάθεσιν

2136 5336 2462 5413 ϐεϐηκότας,
2518 5343 2685 5400 bene.
2746 5344 2972 5400 Ibidem
3027 5342 3192 5412 editi,
3247 5339 3672 5413 ἀτιμασθήσεται
3715 5333 3797 5393 δέ.

2136 5417 2319 5471 Abest
2350 5411 2407 5469 δέ
2437 5433 2469 5470 a
2500 5417 2719 5472 nostris
2748 5416 3044 5472 veteribus
3074 5411 3263 5470 libris.
3345 5411 3353 5413 “
3457 5474 3461 5479 ,

2206 5489 2323 5556 (56)
2353 5488 2527 5555 Editi,
2558 5485 2737 5542 ἐλέου.
2800 5491 2876 5541 At
2933 5503 3078 5543 mss.
3136 5503 3259 5557 sex,
3304 5481 3512 5547 ἰλέους.
3571 5483 3685 5539 Nec
3717 5482 3801 5538 ita

2138 5555 2324 5617 multo
2357 5567 2488 5633 post
2516 5576 2661 5616 mss.
2695 5558 2941 5632 aliquot.
2973 5557 3058 5614 ὅτι
3090 5555 3355 5613 οὐδέποτε
3383 5557 3431 5612 ὁ.
