4138 6408
335 433 448 494 521

1161 429 1570 494 COMMENT.
1617 428 1695 488 IN
1742 426 2015 489 lSAIAM
2074 423 2575 487 PROPHETAM.
2623 427 2791 487 CAP.
2842 426 2942 489 IX.

3642 430 3760 493 523

343 567 378 634 ἡ
411 564 592 640 ψυχὴ,
644 562 720 626 ὡς
769 559 1035 639 ἔγρωστις
1079 562 1147 618 τὰ
1175 564 1321 633 παθη
1346 560 1532 632 αὐτῆς,
1561 559 1621 616 ἐκ
1647 562 1745 615 τοῦ
1786 561 1995 634 φρονή-

2113 558 2273 615 uitus
2315 557 2637 614 tolleretur.
2669 564 2740 617 Et
2787 562 2932 616 sicut
2976 576 3211 630 gramen
3258 562 3505 633 aridum,
3544 563 3761 634 inquit,

344 673 514 728 ματος
542 655 646 719 τῆς
705 651 903 727 σαρκὸς
950 650 1276 730 ἐκφυόμενα,
1337 649 1566 729 διέρπει,
1628 647 1698 704 δι’
1732 645 2000 719 ἀλλήλων

337 744 440 812 τὴν
472 743 677 818 γένεσιν
710 740 1024 817 ἕχοντα,καὶ
1050 739 1195 797 ἄλλα
1226 739 1308 797 ἐπ’
1331 738 1525 803 ἄλλοις
1544 738 1848 817 γεννώμενα
1871 739 1998 809 (57).

341 832 433 895 Ὠς
481 833 585 908 γὰρ
644 833 680 900 ἡ
737 827 1004 907 ἄγρωστις
1053 829 1509 907 πολυγονώτατόν
1560 829 1701 885 ἰστιν
1752 826 1803 882 ἐν
1840 826 2001 908 βοτά-ξ

343 906 607 990 ναιςίκαὶ
635 906 880 994 οὐδαμοῦ
910 906 1221 995 καταλήγει
1261 919 1428 990 αὐτῆς
1485 921 1520 988 ἡ
1564 916 1837 995 γέννησις,
1870 906 2001 971 ἀλλ’

344 1011 428 1066 ἀεὶ
456 1011 520 1066 τὸ
550 1008 716 1086 πέρας
745 1015 847 1079 τῆς
887 1008 1113 1084 πρώτης
1139 1008 1398 1085 γενέσεως
1453 1008 1600 1083 ἀρχὴ
1654 1010 1752 1061 τοῦ
1809 1003 1999 1084 ἐφεξῆς

347 1099 572 1176 γίνεται⁶
603 1097 830 1168 τοιαύτη
862 1098 952 1152 καὶ
984 1100 1020 1168 ἡ
1069 1101 1176 1153 τῶν
1226 1096 1637 1173 ἁμαρτημάτων
1670 1094 1781 1152 ἐστὶ
1819 1095 1994 1172 φύσις·

349 1188 482 1258 αὐτὴ
536 1188 726 1257 ἑαυτὴν
787 1183 1119 1264 διαδέχεται.
1182 1186 1277 1242 Καὶ
1319 1190 1471 1262 γεννᾷ
1533 1187 1629 1259 μὲν
1685 1188 1721 1256 ἡ
1774 1184 1997 1259 πορνεία

345 1276 611 1352 πορνείαν·
644 1279 680 1347 ἡ
715 1273 772 1331 δὲ
819 1275 873 1332 ἐν
917 1277 995 1349 τῷ
1049 1273 1231 1350 ψεύδει
1284 1278 1541 1347 συνήθεια
1587 1272 1816 1349 ψεύδους
1850 1276 1997 1350 γίνε-

340 1386 425 1421 ται
461 1368 668 1442 μήτηρ,
700 1366 853 1421 καὶὸ
907 1365 958 1421 ἐν
1008 1365 1244 1429 κλοπαῖς
1309 1363 1630 1439 μελετήσας,
1677 1364 1997 1438 κατατολμᾷ

338 1452 542 1532 ῥᾳδίως
568 1460 665 1511 τοῦ
696 1452 1059 1528 ἀδικήματος.
1106 1456 1169 1510 Ἣ
1217 1454 1320 1531 γὰρ
1368 1451 1726 1531 προλαϐοῦσα
1757 1451 1996 1527 ἁμαρτία

339 1545 565 1622 ἀφορμὴ
600 1544 867 1622 ἁμαρτίας
1060 1544 1285 1622 γίνεται.
1329 1543 1451 1601 Ἐὰν
1486 1542 1577 1599 οὖν
1610 1543 1991 1620 γυμνώσωμεν

338 1636 440 1703 τὴν
496 1632 764 1711 ἁμαρτίαν
828 1631 918 1689 διὰ
970 1637 1069 1704 τῆς
1122 1633 1598 1710 ἐξομολογήσεως,
1658 1632 1991 1707 ἐποιήσαμεν

340 1714 507 1792 αὖτήν
535 1724 698 1801 ξηρὰν
749 1720 1041 1801 ἄγρωστιν,
1072 1723 1220 1797 ἀξίαν
1279 1728 1375 1778 τοῦ
1428 1723 1532 1778 ὑπὸ
1589 1727 1688 1778 τοῦ
1738 1734 1995 1797 καθαρτι-

339 1816 440 1868 κοῦ
484 1814 652 1887 πυρὸς
706 1807 1147 1889 καταϐρωοῆναιο
1210 1813 1345 1883 αὕτη
1406 1809 1464 1867 δὲ
1519 1810 1725 1868 καίεται
1777 1810 1829 1867 ἐν
1877 1813 1993 1886 (59)

338 1906 456 1995 τοῖς
513 1902 662 1958 άσεσι
707 1906 807 1958 τοῦ
855 1899 1086 1979 δρυμοῦ.
1139 1903 1396 1977 Τήρησον
1447 1899 1548 1956 ὅσα
1583 1900 1720 1995 ,περὶ
1770 1898 1992 1977 δρυμῶν
2024 1928 2072 1995 Β

341 1987 554 2068 εἷ’ρηται
586 1991 638 2047 ὲν
670 1995 738 2067 τῇ
769 1992 965 2067 πρώτῃ
993 1995 1103 2047 τῶν
1134 1996 1455 2049 ΒασιΛειῶν.
1499 1988 1925 2064 [Ιολεμούμενος
1965 1991 1994 2045 ό

342 2079 475 2144 λαὸς
498 2080 745 2150 εἰσῆλθεν
778 2079 854 2143 εἰς
883 2081 976 2136 τὸν
1009 2078 1239 2156 δρυμὸν,
1264 2081 1355 2136 καὶ
1386 2078 1626 2136 ἐκλείπει
1662 2081 1739 2154 μή
1780 2078 1993 2141 ἐσθίων.

340 2167 518 2226 Ἀλλά
546 2171 633 2225 καὶ
668 2171 782 2245 (60)
819 2164 1182 2244 ’Λϐεσσαλὼμ
1227 2167 1648 2243 πολεμοῦμενος
1678 2168 1757 2232 εἷς
1790 2167 1997 2246 δρυμὸν

337 2257 662 2335 εῗσὲρχεται.
697 2259 817 2317 Ἐὰν
868 2258 959 2315 οῦν
1014 2260 1089 2334 μὴ
1136 2260 1359 2335 γένηται
1406 2258 1483 2322 ὡς
1540 2259 1808 2335 ἅγρωστις
1858 2259 1996 2336 ξηρὰ

340 2348 375 2417 ἡ
423 2348 660 2423 ἁμαρτία
706 2351 894 2423 ἡμῶν,
944 2349 1006 2404 οὐ
1070 2350 1408 2425 βρωθήσεται
1466 2348 1567 2404 ὑπὸ
1619 2348 1814 2424 πυρὸς,
1873 2345 1997 2405 οὔτε

335 2439 819 2509 κατακαυθήσεται.
854 2440 954 2494 Καὶ
981 2437 1049 2493 τὰ
1093 2436 1230 2509 δάση
1275 2441 1372 2494 τοῦ
1423 2434 1633 2512 δρυμοῦ
1659 2436 1789 2500 τοὺς
1825 2436 1994 2495 ὑπού-

337 2524 469 2590 λους
502 2525 646 2605 λέγει
679 2529 768 2583 καὶ
791 2529 1276 2603 συνεσκιασμένους
1306 2530 1376 2602 τῇ
1408 2524 1644 2599 διανοίᾳ,
1673 2525 1802 2592 τοὺς
1830 2525 1883 2583 ἐν
1914 2531 1994 2601 τῷ

334 2622 562 2693 κρυπτῷ
589 2624 689 2688 τῆς
720 2615 945 2694 καρδίας
1004 2616 1211 2673 ἑαυτῶν
1268 2614 1458 2672 πολλὰ
1507 2619 1615 2671 τῶν
1657 2619 1840 2672 κακῶν
1867 2637 1993 2673 συν-

334 2710 657 2783 τηροῦντας.

406 2979 535 3034 231.
588 2976 721 3034 Εἶτα
767 2974 978 3052 ἐπάγει,
1037 2975 1119 3032 ὅτι
1194 2977 1292 3031 Διὰ
1346 2976 1518 3050 θυμὸν
1575 2975 1742 3052 ὀργῆς
1793 2975 1992 3048 Κυρίου

345 3067 702 3140 συγκὲκαυται
746 3068 782 3136 ἡ
825 3073 897 3142 γῆ
951 3064 1080 3136 ὅλη.
1140 3064 1432 3136 Δείκνυσιν,
1493 3063 1575 3120 ὅτι
1632 3064 1698 3119 τὰ
1726 3066 1887 3138 γήινα
1912 3068 1994 3137 τῷ

337 3154 469 3227 πυρὶ
508 3157 589 3225 τῷ
637 3152 948 3226 κολαστικῷ
1004 3150 1386 3228 παραδίδοται,
1444 3152 1530 3208 ἐπὶ
1582 3151 1856 3228 εῦεργεσίᾳ
1893 3159 1994 3223 τῆς

339 3244 545 3317 ψυχῆς,
603 3242 741 3296 καθὰ
790 3242 881 3296 καὶ
936 3243 965 3296 ὁ
1018 3241 1224 3317 Κύριος
1283 3242 1593 3320 ὑποφαίνει,
1644 3238 1842 3315 λέγων*
1880 3242 1992 3314 Πῦρ

338 3328 512 3399 ἦλθον
570 3324 763 3385 ϐαλεῖν
823 3329 910 3385 ἐπὶ
960 3332 1060 3400 τήν
1138 3338 1266 3406 γῆν,
1325 3331 1415 3386 καὶ
1470 3327 1672 3400 ἤθελον
1754 3326 1888 3386 ῒδεῖν
1948 3329 1999 3386 εἲ

335 3416 446 3489 ἤδη
479 3418 690 3496 ἀνήφθη
746 3421 879 3493 (61)ζ
912 3420 1019 3475 Καὶ
1071 3416 1215 3475 ἔσται
1267 3421 1296 3475 ὁ
1355 3420 1488 3483 λαὸς
1544 3420 1617 3482 ὡς
1668 3419 1770 3474 ὑπὸ
1822 3420 1992 3496 πυρὸς

335 3506 800 3581 κατακεκαυμένος
881 3505 1213 3584 ἄνθρωπος.
1286 3509 1401 3567 Οὐκ
1457 3507 1759 3584 ἀφανισμὼ
1819 3508 1986 3565 ἀπει-

337 3595 443 3666 λεῖ,
477 3592 625 3652 ἀλλὰ
652 3596 750 3665 τὴν
782 3596 1040 3671 κάθαρσιν
1075 3597 1376 3676 ὑποφαίνει,
1426 3597 1563 3653 κατὰ
1613 3596 1678 3652 τὸ
1734 3597 1881 3673 παρὰ
1908 3601 1986 3671 τῷ

342 3684 668 3758 Ἀποστόλῳ
722 3684 1048 3760 εἰρημένον,
1108 3686 1190 3741 ὅτι
1248 3683 1322 3744 Ei’
1371 3707 1517 3748 τινος
1560 3686 1625 3741 τὸ
1677 3682 1834 3762 ἔργον
1888 3706 1986 3742 κα-

336 3777 683 3847 τακαήσεται,
791 3777 1220 3848 ζημιωθήσεται
1326 3774 1483 3838 αὐτὸς
1586 3773 1644 3831 δὲ
1744 3777 1988 3847 σωθήσε-

336 3875 647 3939 ται,οΰτως
702 3861 761 3919 δὲ
786 3866 898 3939 (62)
956 3864 1031 3929 ὡς
1088 3861 1178 3919 διὰ
1233 3866 1426 3942 πυρός.
1469 3866 1599 3922 Εἶτα
1649 3866 1747 3934 τὴν
1792 3864 1984 3921 κακίαν

331 3956 433 4025 τὴν
465 3953 518 4010 ἐν
563 3958 643 4026 τῷ
674 3952 813 4026 λαῷ,
867 3953 957 4008 καὶ
1015 3954 1112 4023 τὴν
1168 3953 1350 4010 στάσιν
1400 3956 1499 4025 τὴν
1534 3954 1587 4011 ἰν
1637 3955 1825 4016 αὐτοῖς
1855 3955 1985 4009 ἀκα-

327 4043 631 4099 τάπαυστον
662 4039 796 4114 ἤδη,
827 4042 918 4098 καὶ
962 4040 1245 4106 παντελῶς
1293 4044 1369 4105 εἷς
1414 4045 1477 4100 τὸ
1510 4043 1724 4100 ἀνίατον
1756 4063 1988 4119 προχω-

330 4134 569 4211 ρήσασαν
628 4129 908 4211 διαγράφει
943 4176 956 4190 .
1014 4133 1336 4209 ’Ἄνθρωπος
1408 4133 1509 4208 γὰρ
1583 4134 1675 4189 τὸν
1752 4129 1985 4211 ἀδελφὸν

333 4221 546 4292 ἑαυτοῦ,
624 4223 812 4298 φησὶν,
893 4221 993 4278 οὐκ
1065 4218 1280 4294 ἐλεήσει
1353 4218 1577 4285 ἕκαστος
1658 4224 1790 4296 (63)·
1841 4220 1988 4278 ἀλλὰ

332 4312 629 4388 προσιόντα
687 4310 776 4367 ἐπὶ
831 4310 894 4367 τό
949 4331 1095 4374 τινος
1149 4315 1339 4388 τυχεῖν
1364 4310 1743 4385 ἀντιλήψεως,
1799 4308 1987 4367 ἐκκλι-

2115 648 2474 705 devorabitur
2518 650 2587 704 ab
2638 650 2786 722 igne,
2836 653 2887 706 et
2934 650 3266 708 accendatur
3292 653 3355 707 in
3399 651 3765 710 densitatibus

2110 739 2303 796 saltus.
2337 738 2603 803 Quandiu
2657 740 2905 797 terrenis
2935 739 3357 813 cupiditatibus
3388 741 3559 815 quasi
3607 746 3765 800 terra

2111 833 2352 901 aggesta
2383 828 2738 901 opprimitur
2766 829 3022 897 animus,
3050 830 3373 889 turbulenti
3405 831 3534 904 ejus
3566 841 3761 890 motus

2110 934 2178 974 ex
2206 917 2400 975 carnis
2433 916 2756 991 petulantia
2786 924 3173 992 emergentes,
3199 924 3485 993 tanquam
3515 938 3760 995 gramen

2109 1011 2379 1080 serpunt,
2400 1023 2535 1063 cum
2568 1007 2665 1063 alii
2692 1008 2760 1063 ab
2792 1008 2925 1064 aliis
2949 1008 3208 1067 habeant
3232 1014 3449 1081 ortum,
3472 1014 3528 1067 et
3559 1011 3657 1067 alii
3688 1027 3759 1068 ex

2107 1096 2241 1153 aliis
2271 1096 2610 1169 gignantur.
2634 1095 3139 1160 Quemadmodum
3171 1098 3328 1155 enim
3362 1100 3513 1156 inter
3540 1100 3756 1157 herbas

2106 1202 2348 1259 gramen
2372 1191 2462 1242 est
2487 1185 2998 1255 fecundissimum,
3022 1203 3129 1243 nec
3149 1204 3398 1260 usquam
3421 1189 3597 1247 ﬁnem
3618 1189 3757 1247 facit

2105 1275 2405 1349 gignendi,
2431 1276 2531 1331 sed
2565 1274 2698 1331 finis
2726 1280 2890 1332 ortus
2922 1276 3134 1349 prioris
3163 1293 3396 1349 semper
3426 1278 3658 1335 initium
3690 1280 3758 1336 ﬁt

2105 1364 2478 1438 posterioris:
2498 1364 2791 1435 ejusmodi
2808 1370 2897 1421 est
2918 1367 3093 1422 etiam
3116 1370 3490 1437 peccatorum
3514 1372 3756 1439 natura;

2105 1454 2232 1527 ipsa
2261 1453 2374 1511 sibi
2419 1454 2700 1510 succedit.
2734 1458 2801 1511 Et
2833 1455 3070 1527 quidem
3118 1459 3389 1528 stuprum
3436 1460 3634 1529 stupro
3665 1457 3759 1531 gi-

2103 1542 2390 1617 gnitur,et
2407 1542 2726 1600 mentiendi
2744 1545 3107 1601 consuetudo
3127 1550 3313 1600 mater
3328 1544 3581 1602 efﬁcitur
3600 1564 3760 1604 men-

2105 1634 2281 1703 dacii,
2305 1637 2362 1690 et
2390 1634 2665 1706 quisquis
2694 1651 2824 1692 sese
2843 1637 3099 1692 exercuit
3121 1638 3193 1692 ad
3226 1636 3565 1707 furandum,
3590 1637 3759 1695 facile

2104 1723 2163 1780 id
2216 1723 2422 1796 ﬂagitii
2476 1728 2689 1796 patrat.
2721 1728 2869 1781 Nam
2902 1725 3058 1797 quod
3107 1726 3379 1798 praecedit
3426 1730 3756 1798 peccatum,
3842 1788 3843 1791 η

2104 1813 2386 1886 peccandi
2420 1813 2485 1868 fit
2514 1813 2763 1871 occasio.
2802 1815 3004 1886 Itaque
3042 1814 3093 1870 si
3133 1819 3438 1887 peccatum
3469 1816 3626 1873 554
3655 1817 3757 1873 de-

2102 1902 2419 1958 texerimus
2460 1917 2565 1974 per
2605 1903 3058 1971 confessionem,
3091 1902 3392 1959 eﬂ‘ecimus
3423 1903 3620 1977 ipsum
3649 1921 3754 1962 ceu

2104 2006 2348 2064 gramen
2369 1991 2624 2060 aridum,
2647 1995 2705 2048 et
2726 1991 2993 2065 dignum,
3018 1993 3172 2064 quod
3205 1993 3277 2048 ab
3307 1992 3437 2064 igne
3468 1997 3757 2066 purgante

2106 2079 2433 2136 devoretur.
2460 2080 2743 2151 Iniquitas
2774 2086 2968 2137 autem
3001 2081 3380 2137 succenditur
3407 2080 3467 2137 in
3493 2082 3756 2139 densita-

2103 2167 2263 2224 tibus
2291 2167 2498 2225 saltus.
2532 2168 2786 2226 Observa
2816 2186 2943 2242 quae
2974 2169 3132 2227 dicta
3161 2173 3301 2226 sunt
3328 2169 3386 2225 in
3420 2171 3610 2243 primo
3643 2172 3755 2229 Re-

2103 2273 2356 2330 gnorum
2388 2257 2539 2314 libro
2582 2260 2652 2315 de
2699 2258 2873 2315 saltu.
2908 2259 3167 2331 Populus
3214 2259 3367 2315 bello
3397 2264 3635 2317 vexatus
3667 2261 3754 2317 in-

2103 2362 2343 2417 gressus
2371 2351 2457 2404 est
2488 2346 2716 2415 silvam,
2751 2347 3030 2421 nulloque
3057 2353 3266 2422 pastus
3297 2349 3427 2407 cibo
3456 2348 3668 2407 defecit
3687 2351 3756 2407 ".

2101 2436 2213 2492 Sed
2244 2440 2301 2492 et
2326 2435 2582 2493 Absalon
2631 2440 3003 2508 oppugnatus
3042 2437 3102 2492 in
3143 2437 3363 2494 saltum
3410 2437 3673 2495 introivit
3691 2438 3755 2495 ⁸³.

2105 2524 2353 2582 Proinde
2383 2526 2498 2583 nisi
2543 2530 2848 2599 peccatum
2898 2530 3169 2584 nostrum
3204 2526 3305 2584 ﬁat
3334 2527 3485 2584 sicut
3513 2544 3759 2601 gramen

2104 2615 2358 2684 aridum,
2393 2632 2509 2672 non
2536 2615 2913 2673 devorabitur
2937 2616 3011 2673 ab
3042 2616 3199 2689 igne,
3218 2633 3409 2690 neque
3440 2618 3759 2675 succende-

2104 2708 2220 2761 tur.
2278 2702 2477 2760 Saltus
2533 2707 2733 2761 autem
2791 2704 3117 2762 densitates
3161 2710 3329 2762 vocat
3384 2722 3505 2775 eos,
3538 2705 3758 2779 quibus

2103 2794 2388 2853 subdolus
2419 2795 2656 2852 animus
2686 2800 2775 2852 est
2803 2798 2861 2851 et
2889 2799 3079 2852 tectus
3113 2812 3126 2851 :
3162 2796 3263 2869 qui
3295 2796 3354 2852 in
3387 2813 3601 2854 arcano
3630 2814 3756 2855 cor-

2102 2886 2197 2942 dis
2226 2886 2319 2942 sui
2350 2901 2585 2942 recessu
2616 2885 2773 2941 mala
2802 2884 3059 2958 plurima
3090 2885 3370 2942 detinent.

2172 2976 2298 3031 231.
2326 2978 2535 3031 Postea
2559 2974 2869 3046 subjungit
2888 2973 3086 3046 (Vens.
3114 2974 3196 3045 19)
3225 2976 3490 3047 :Prepter
3510 2977 3758 3047 furorem

2102 3066 2204 3120 irae
2233 3064 2457 3119 Domini
2499 3064 2784 3119 combusta
2829 3066 2909 3118 est
2954 3070 3067 3120 tota
3112 3067 3283 3119 terra.
3339 3063 3606 3120 Declarat
3634 3064 3760 3122 vice

2101 3151 2370 3209 beneficii
2398 3152 2458 3207 in
2490 3150 2746 3208 animum
2795 3150 3155 3221 conferendi,
3188 3156 3423 3209 terrena
3470 3152 3594 3225 igni
3623 3154 3758 3210 vin-

2107 3241 2220 3297 dici
2252 3240 2426 3307 tradi,
2461 3241 2961 3313 quemadmodum
2990 3244 3049 3297 et
3079 3241 3365 3298 Dominus
3395 3242 3638 3311 indicat,
3672 3243 3759 3299 di-

2107 3347 2246 3387 cens
2281 3346 2296 3386 :
2326 3332 2515 3401 Ignem
2570 3331 2695 3386 veni
2742 3331 2964 3386 mittere
3019 3332 3078 3386 in
3131 3332 3456 3387 terram“:
3500 3336 3557 3388 et
3600 3331 3761 3389 volui

2103 3420 2300 3476 videre
2351 3418 2401 3475 si
2441 3419 2568 3491 jam
2601 3435 2884 3475 accensus
2916 3423 3024 3476 est.
3060 3421 3122 3474 Et
3169 3419 3276 3477 erit
3323 3421 3560 3494 populus
3615 3424 3761 3480 sicut

2103 3510 2261 3566 homo
2299 3510 2367 3565 ab
2412 3511 2541 3581 igne
2590 3513 2837 3565 exustus.
2870 3509 2997 3565 Non
3046 3508 3289 3566 exitium
3337 3510 3754 3584 comminatur,

2097 3599 2198 3654 sed
2231 3597 2429 3654 innuit
2458 3597 2939 3669 expurgationem
2973 3598 3142 3669 juxta
3179 3597 3440 3670 Apostoli
3474 3598 3698 3655 dictum
3734 3617 3750 3657 :

2096 3684 2157 3741 Si
2203 3686 2363 3757 cujus
2421 3700 2558 3756 opus
2613 3684 2835 3751 arserit,
2865 3683 3259 3741 detrimentum
3309 3685 3553 3757 patietur
3578 3703 3598 3740 :
3629 3688 3750 3757 ipse

2093 3778 2281 3831 autem
2335 3775 2519 3830 salvus
2573 3773 2702 3841 erit,
2751 3774 2831 3830 sic
2886 3782 3071 3829 tamen.
3127 3775 3289 3846 quasi
3339 3790 3441 3846 per
3495 3776 3680 3847 ignem
3701 3776 3747 3811 “

2095 3866 2247 3921 Tum
2277 3864 2516 3919 demum
2550 3862 2747 3934 populi
2782 3863 3091 3934 malitiam,
3119 3863 3367 3935 ejusque
3395 3864 3744 3921 seditionem

2095 3953 2376 4026 depingit,
2402 3969 2528 4024 quae
2560 3952 2790 4008 nullum
2815 3953 2941 4022 jam
2976 3953 3148 4008 finem
3182 3952 3377 4025 habet,
3400 3970 3586 4026 eoque
3615 3971 3746 4027 pro-

2093 4047 2259 4099 vecta
2289 4046 2396 4111 est,
2433 4047 2497 4097 ut
2527 4041 2760 4097 nullum
2791 4041 3033 4098 omnino
3079 4043 3402 4098 remedium
3441 4044 3739 4101 admittat.

2095 4132 2273 4187 Vens.
2296 4133 2385 4187 20.
2414 4132 2583 4187 Homo
2611 4129 2791 4199 enim,
2823 4129 3038 4202 inquit,
3068 4131 3265 4203 fratris
3294 4131 3385 4187 sui
3424 4148 3536 4188 non
3576 4147 3745 4188 mise-

2096 4221 2313 4277 rebimr
2345 4218 2753 4292 unusquisque
2786 4235 2800 4277 :
2832 4218 2925 4275 sed
2967 4235 3128 4287 eum,
3158 4220 3260 4291 qui
3305 4221 3377 4276 ad
3409 4220 3747 4277 subsidium

2097 4294 2334 4382 aliquod
2358 4307 2748 4364 obtinendum
2772 4307 3014 4376 accedit,
3027 4307 3330 4364 declinabit
3343 4308 3418 4364 ad
3431 4310 3749 4378 dexteram,

409 4475 456 4512 ⁴²
486 4476 506 4531 Ι
540 4474 679 4549 Reg.
711 4492 828 4547 xxv,
857 4476 950 4531 26.
1028 4474 1072 4511 "
1102 4475 1150 4531 II
1180 4474 1319 4548 Reg.
1352 4491 1514 4543 xvm,
1542 4475 1662 4529 6-9.
1739 4474 1786 4509 “
1815 4473 1955 4531 Luc.
1989 4491 1995 4529 :

2122 4472 2211 4526 49.
2290 4471 2334 4506 ⁸⁸
2364 4474 2384 4523 Ι
2414 4474 2541 4527 Cor.
2576 4487 2663 4540 ιιι,
2694 4470 2781 4527 15.

555 4635 727 4711 Editi,
755 4632 1041 4710 γενόμενα.
1076 4639 1279 4711 Ages};
1304 4650 1470 4701 mss.,
1502 4633 1836 4711 γεννιιῖξμενα⁸

414 4703 530 4782 (58)
561 4709 648 4782 I_ta
687 4703 832 4782 mss.
864 4703 1091 4782 omnes.
1125 4706 1275 4762 Editi
1320 4722 1476 4782 vero,
1506 4703 1608 4782 τοῦ
1647 4703 1994 4782 ἁμαρτάνειν.

343 4776 470 4851 Illa,
504 4776 629 4834 Ἐὰν
659 4777 1183 4859 οὗνῄγυμνώσωμεν,
1215 4784 1350 4859 etc.,
1383 4779 1446 4859 Si
1492 4780 1671 4859 igitui:
1696 4776 1993 4859 detestari-

345 4795 470 4851 tua,
505 4795 629 4834 'hiav
659 4795 752 4832 ουν
783 4795 1183 4854 γυμνωσωμεν,
1215 4795 1350 4849 etc.,
1383 4795 1444 4835 δι
1492 4795 1671 4905 igitur
1696 4795 1993 4835 delentem-

345 4868 467 4908 mus
504 4867 604 4924 per
639 4853 1052 4922 confessionem,
1084 4855 1220 4917 etc.,
1254 4855 1459 4906 notatu
1547 4849 1860 4922 ignissima
1898 4850 1997 4975 {lu-

345 4925 635 4981 dicamus.
693 4926 809 4979 Nec
873 4923 1033 4979 enim
1088 4923 1342 4978 multum
1405 4922 1580 4978 refert
1647 4925 1843 4976 utrum
1947 4936 1999 4975 ιο

349 4994 820 5052 Commentarius
852 4993 1050 5051 Basilii
1099 4994 1199 5057 sit.
1232 5010 1304 5050 an
1354 5009 1502 5060 non;
1552 5008 1683 5048 cum
1740 4993 1808 5049 ad
1861 5008 2002 5064 pro-

348 5069 613 5125 bandum
642 5067 1031 5123 confessionis
1063 5082 1237 5123 usum
1288 5065 1434 5122 satis
1481 5064 1577 5135 sit,
1612 5065 1661 5119 si
1695 5064 1802 5121 hoc
1852 5080 2002 5136 opus

350 5138 839 5221 antiquissimum
897 5155 1029 5195 esse
1081 5142 1334 5221 constet.
1392 5136 1546 5193 Satis
1599 5143 1799 5218 autem
1853 5137 2006 5221 inter

348 5208 781 5283 eruditissimos
829 5226 1100 5283 quosque
1149 5209 1420 5283 homines
1446 5208 1777 5283 convenire
1815 5208 2004 5278 video,

350 5284 523 5354 illud,
574 5281 625 5339 si
681 5298 797 5338 non
846 5279 881 5338 ξι
925 5279 1162 5354 Basilio,
1202 5285 1274 5354 at
1328 5279 1528 5354 Basilii
1584 5283 1781 5338 tamen
1839 5285 2008 5337 aetate

350 5352 744 5426 compositum
779 5354 979 5426 fuisse.
1014 5352 1619 5426 LegeqPrazfationem.

446 5422 540 5495 59)
571 5426 742 5498 Editi,
774 5424 865 5498 κα)
891 5422 972 5498 ἐν.
1005 5422 1226 5498 Copula
1254 5422 1345 5498 καί
1374 5425 1432 5480 in
1466 5439 1611 5498 mss.
1642 5423 1827 5479 deest.

446 5500 539 5570 60)
571 5496 747 5570 Editi,
779 5495 959 5551 ’Λλλὰ
984 5497 1072 5552 καὶ
1087 5494 1155 5553 ”ὁ.
1178 5500 1251 5553 Αι
1278 5496 1374 5553 hic
1403 5495 1692 5553 articulus
1724 5512 1757 5551 a
1788 5494 2009 5551 nostris

354 5569 459 5630 sex
489 5569 634 5627 mss.
663 5569 848 5624 abest.

427 5643 543 5715 (61)
573 5641 683 5715 Hic
698 5640 865 5715 inter
886 5656 965 5715 _se
993 5640 1286 5715 dissident
1323 5638 1553 5715 editiet
1581 5654 1726 5715 mss.
1760 5640 1839 5715 et
1847 5652 2014 5715 sacer

355 5707 575 5771 teitus.
607 5711 782 5779 Editi,
812 5709 903 5765 καὶ
951 5709 1004 5764 τί
1051 5707 1258 5779 ἤθελον
1316 5709 1362 5764 εἱ
1412 5707 1521 5779 ήδη
1585 5707 1752 5778 tuoin;
1798 5712 2012 5765 Textus

359 5802 550 5855 sacer,
579 5782 672 5839 καὶ
698 5780 752 5838 τί
782 5779 927 5847 θέλω
953 5781 999 5838 εἰ
1029 5779 1139 5854 ἤδη
1170 5780 1418 5860 civ-4901;;
1451 5783 1754 5851 Erasmus,
1784 5782 1851 5838 Et
1880 5779 2014 5854 quid

640 5914 911 5980 ΡΑτιιοι..
959 5913 1070 5979 Gs.
1108 5911 1301 5976 XXX.

2026 4640 2073 4704 ι)
2104 4631 2474 4704 vetqsijam
2520 4645 2779 4704 accensus
2807 4633 2926 4686 est?
2956 4634 3093 4704 Reg.
3129 4631 3379 4704 primus,
3410 4630 3500 4686 καὶ
3549 4627 3751 4701 ἤθελον

2108 4702 2158 4757 εἴ
2186 4700 2293 4777 ἤδη
2330 4698 2727 4777 διεκάητΰεοιο.
2752 4698 3058 4777 secundus
3088 4698 3396 4777 cumAReg'.
3428 4698 3632 4761 itidem
3664 4721 3757 4763 se-

2107 4770 2321 4839 cundo,
2353 4773 2444 4827 καὶ
2490 4772 2691 4849 ἤθελον
2723 4770 2768 4826 εἰ
2798 4770 2908 4843 ἤδη
2959 4772 3195 4849 ἀνήφθη.
3230 4775 3293 4849 In
3340 4770 3475 4849 aliis
3526 4778 3759 4849 duobus

2110 4864 2253 4923 _mss.
2286 4849 2455 4923 deest
2510 4846 2563 4901 τί
2599 4863 2902 4923 Αᾳυ-οίιυοε
2948 4849 3048 4901 sed
3080 4845 3212 4923 'pro
3266 4845 3480 4923 ἀνήφθη
3542 4848 3762 4923 habent

2108 4918 2560 4992 ἒκάητΑΒθηὶςμο
2590 4918 3027 4992 Colb.__pri‘mus
3078 4918 3312 4992 optima:
3362 4918 3761 4992 notmcodex,

2109 4991 2199 5045 καὶ
2224 4986 2424 5059 ἤρεικον
2458 4986 2591 5045 ἷδιῖν
2640 4989 2684 5044 εἷ
2875 4986 3213 5059 ἀνήφθηξΕι
3257 4991 3410 5046 volui
3452 4989 3637 5047 videre
3683 4986 3763 5048 ait

2110 5062 2344 5134 sitdtﬂn
2371 5078 2649 5119 accensus.
2683 5062 2956 5134 Vulgata,
2987 5062 3048 5117 Et
3078 5063 3211 5132 quid
3239 5063 3356 5117 volo
3402 5063 3518 5118 nisi
3566 5067 3627 5119 ut
3671 5079 3763 5120 ac-

2112 5135 2375 5191 cendatur
2390 5137 2415 5186 .9

2207 5207 2295 5275 62)
2329 5206 2413 5260 Ita
2445 5205 2627 5261 nostri
2666 5222 2767 5260 sex
2802 5221 2944 5260 mss.
2978 5205 3155 5259 Abest
3186 5199 3243 5256 δὲ.
3269 5204 3340 5258 ab
3371 5204 3620 5275 excusis.

2209 5269 2578 5349 63)Autiqui
2625 5281 2744 5333 tres
2793 5277 2925 5349 libri
2973 5292 3107 5349 cum
3152 5275 3345 5341 editis,
3378 5272 3593 5349 ἄλεήσει
3630 5269 3765 5349 νίκα-

2118 5347 2265 5409 στος.
2292 5348 2413 5405 Vox
2446 5347 2912 5439 ultim‘a‘in'ali‘is
2954 5347 3161 5439 tribus
3194 5363 3336 5402 mss.
3372 5347 3768 5439 no‘n'legi‘tur.

2118 5436 2310 5504 neque
2346 5422 2506 5503 _apud
2558 5421 2718 5477 LXX.
2754 5420 2975 5475 Ibidem
3040 5433 3183 5473 mss.
3227 5420 3533 5503 nonnulli,
3566 5415 3655 5474 ἰῖτὶ
3681 5415 3769 5503 τό,

2119 5492 2230 5547 Aln
2260 5494 2525 5570 quidam,
2559 5489 2645 5545 ἐπὶ
2675 5495 2774 5570 τῷ.
2799 5493 3031 5570 ‘I’tursus
3078 5490 3185 5570 beo
3210 5506 3351 5570 ipso
3367 5508 3440 5570 in
3474 5490 3597 5547 loco
3629 5491 3773 5570 editi

2121 5571 2179 5635 et
2209 5558 2467 5635 quinque
2499 5558 2668 5623 mss..
2701 5558 2957 5635 ἐκκλίνει,
2985 5558 3337 5635 declinat—At
3367 5561 3506 5634 Reg.
3543 5562 3773 5635 tertius2

2120 5630 2387 5720 txxlwei,
2402 5637 2704 5693 declinabit
2717 5651 2740 5697 ;
2770 5638 2828 5690 et
2854 5634 2935 5689 ita
2955 5647 3188 5704 quoque
3212 5632 3440 5691 editum
3455 5630 3617 5708 apud
3640 5630 3778 5689 LXX

2121 5724 2478 5767 Invenimus.

3430 5907 3507 5973 17
