4150 6380
362 415 479 479 528

1205 421 1611 484 COMMENT.
1660 424 1738 484 IN
1785 422 2061 485 ISAIAM
2108 423 2612 488 PROPHE'I‘AM.
2659 425 2826 490 CAP.
2878 429 2952 490 X.

3664 435 3784 496 528

364 569 473 607 ται.
535 548 658 606 Ἐπὶ
716 554 845 604 πᾶσι
927 547 1141 612 τούτοις
1222 552 1322 607 οῦκ
1387 551 1699 632 ἀπεστράφη
1755 556 1790 623 ἧ
1851 554 2008 629 ὀργὴ,

2132 573 2266 611 cum
2293 561 2488 629 patres
2519 576 2659 616 suos
2687 564 2746 615 et
2776 562 2991 618 tradita
3019 563 3091 618 ab
3137 562 3220 618 eis
3277 564 3554 636 dogmata
3615 568 3784 639 sequi

368 634 604 694 ἀλλ’ἕτι
663 641 698 708 ἡ
761 637 886 714 χεὶρ
951 637 1162 713 ὑψηλή.
1195 639 1314 695 Εἷ¹σί
1369 663 1530 712 τινες,
1579 644 1630 697 οἱ
1685 640 2024 698 κατακολου-

369 733 478 793 θεῖν
554 734 672 792 τοῖς
757 729 989 805 πατράσι
1070 731 1160 784 καὶ
1208 736 1324 795 τοῖς
1379 733 1506 808 παρ’
1558 731 1732 787 αὐτῶν
1787 730 2023 809 παραδε-

367 815 626 891 δομένοις
712 813 979 894 δόγμασιν
1057 817 1438 891 ἀπαξιοῦντες,
1496 821 1649 877 αὐτοὶ
1728 821 2018 898 κατάρχειν

367 906 625 984 αἱρέσεων
683 905 1044 982 ἐπιθυμοῦσι.
1107 910 1202 964 Διὸ
1275 910 1631 984 καινοτομίας
1684 913 1829 974 τινὰς
1881 933 2020 984 παρ-

369 1001 644 1053 επινοοῦσι
701 1001 781 1069 τῷ
831 997 977 1074 ὀρθῷ
1043 999 1215 1073 λόγῳ,
1248 1001 1548 1074 γράφοντες
1605 1000 1871 1078 πονηρίαν
1928 1000 2018 1056 καὶ

368 1083 634 1143 ἀσέϐειανι
670 1086 746 1151 εἷς
776 1085 866 1149 οῦς
923 1087 1109 1166 φθάνει
1168 1088 1230 1143 τὸ
1288 1088 1431 1160 οὐαὶ,
1466 1088 1541 1152 εἷς
1598 1089 1725 1152 τοὺς
1783 1092 2017 1166 πατέρας

369 1183 469 1246 τῆς
555 1173 915 1250 ψευδωνύμου
995 1179 1279 1251 γνώσεως,
1328 1178 1419 1234 καὶ
1496 1180 1835 1258 συγγραφέας
1906 1184 2014 1235 τῶν

371 1265 539 1321 ἀθέων
571 1263 877 1342 δογμάτων.
914 1266 981 1324 Οἱ
1009 1267 1108 1342 γὰρ
1166 1271 1407 1323 τοιοῦτοι
1452 1267 1578 1330 τοὺς
1627 1268 2014 1344 πτωχεύοντας

363 1357 431 1428 τῇ
475 1356 588 1430 (72)
647 1357 821 1411 πίστει
881 1355 1299 1432 συναρπάζουσι,
1349 1359 1440 1412 καὶ
1496 1355 2014 1413 καταδυναστεύουσι

365 1444 548 1520 ψυχάς
579 1445 922 1522 χηρευούσας
979 1451 1077 1502 τοῦ
1123 1444 1390 1518 ἀληθινοῦ
1443 1447 1684 1525 νυμφίου
1735 1452 1831 1502 τοῦ
1883 1449 2015 1503 Θεοῦ

365 1534 570 1609 Λόγου.
603 1533 783 1590 Ἀλλὰ
810 1532 905 1590 κᾶν
936 1557 1057 1590 τινα
1110 1532 1300 1591 ἴδωσιν
1353 1536 1822 1612 ἆπορφανισθέντα
1881 1541 2014 1593 Θεοῦ

366 1619 457 1677 διὰ
501 1625 601 1694 τὴν
655 1625 946 1698 ἁμαρτίαν,
977 1624 1068 1680 καὶ
1122 1624 1314 1681 τοῦτον
1373 1625 1554 1702 ὥσπερ
1598 1626 1843 1706 λάφυρον
1893 1629 2014 1683 ἑαυ-

364 1717 473 1766 τῶν
506 1718 808 1785 ποιοῦνται,
841 1713 1407 1792 κατεπαγγελλόμενοι
1463 1716 1554 1789 μὲν
1606 1715 1790 1779 αὐτοῖς
1839 1722 2012 1772 πᾶσαν

364 1798 567 1875 ἄδειαν,
599 1803 688 1858 καὶ
718 1804 811 1859 τὸν
836 1803 888 1860 έν
921 1802 1094 1880 ἡδονῇ
1138 1805 1510 1881 προτείνοντες
1571 1805 1707 1882 βίον,
1739 1806 1784 1860 εἷ
1847 1806 2010 1880 μόνον

365 1885 587 1946 λάϐοιεν
647 1891 842 1956 αὖτοὺς
918 1895 1356 1967 συντεθειμένους
1430 1900 1547 1956 τοῖς
1621 1893 1858 1970 δόγμασι
1917 1899 2090 1999 τῆςΒ

373 1980 424 1999 Ἀ
473 1979 486 1999 1
719 1983 731 1999 ο
827 1982 839 1999 Ι
931 1985 946 1999 ο
1040 1987 1066 1998 ο
1300 1979 1355 1999 ΩΧ
1497 1984 1509 1999 Ι
1739 1989 1764 1998 ν
1865 1990 1908 1999 na

363 1979 677 2051 ἀθεότητος-
712 1982 874 2037 ὁποία
921 1985 956 2052 ἡ
1008 1987 1098 2038 νῦν
1149 1979 1652 2061 παραϐλαστήσασα
1699 1989 1806 2040 τῶν
1865 1990 2014 2041 Ἀνο-

365 2070 536 2144 μοίων
580 2069 804 2147 α’ίρεσις·
837 2071 927 2126 καὶ
976 2073 1224 2148 πόρνοις,
1257 2074 1344 2128 καὶ
1398 2078 1648 2149 μοιχοῖς,
1707 2074 1796 2128 καὶ
1855 2073 2010 2150 ἀρσε-

362 2160 656 2230 νοκοίταις,
716 2161 806 2216 καὶ
866 2158 1356 2236 ἀνδραποδισταῖς,
1416 2163 1504 2218 καὶ
1560 2161 1867 2238 ἐπιόρκοις,
1925 2163 2016 2220 καὶ

366 2250 620 2324 ψεύσταις
715 2251 1068 2328 συγχώρησιν
1157 2253 1566 2328 ἁμαρτημάτων
1641 2252 2013 2328 ὑπισχνούμε-

365 2360 448 2393 νοι
483 2341 616 2414 (73),
649 2338 736 2395 ἐὰν
773 2341 938 2414 μόνον
980 2339 1174 2403 αὐτοὺς
1207 2336 1420 2396 λάϐωσι
1448 2343 1520 2413 τῇ
1566 2342 1701 2396 κατὰ
1746 2346 1844 2396 τοῦ
1901 2347 2015 2398 Μο-

363 2433 619 2505 νογενοῦς
667 2427 995 2506 βλασφημίᾳ
1025 2430 1481 2506 συνερχομένους.
1515 2431 1660 2505 Πρὸς
1711 2429 1801 2492 οὕς
1851 2452 2014 2506 φησιν

364 2519 392 2572 ὁ
449 2517 646 2595 λόγος’
687 2518 747 2574 Τί
819 2521 1139 2592 ποιήσουσιν
1210 2521 1261 2574 έν
1338 2523 1405 2594 τῇ
1476 2521 1659 2596 ἡμέρᾳ
1731 2526 1830 2590 τῆς
1903 2519 2016 2575 ἐπι-

366 2615 612 2679 σκοπῆς;
668 2610 904 2686 Ἡμέραν
961 2611 1073 2682 (74)
1134 2607 1283 2684 λέγει
1351 2611 1449 2679 τὴν
1539 2607 1848 2686 ἐπιφάνειαν
1917 2613 2014 2665 τοῦ

360 2698 566 2772 Κυρίου
623 2700 784 2771 ἡμῶν
820 2699 998 2769 Ἰησοῦ
1047 2699 1282 2770 Χριστοῦ
1341 2697 1392 2768 ἐξ
1454 2697 1720 2775 οὐρανῶν,
1749 2697 1800 2754 έν
1901 2697 2013 2754 ἐπι-

354 2784 595 2860 δημήσει
623 2792 702 2860 τῷ
749 2788 962 2862 κόσμῳ,
997 2784 1291 2851 ἀποδιδοὺς
1324 2789 1534 2862 ἑκάστῳ
1583 2788 1720 2844 κατά
1764 2789 1832 2844 τὰ
1879 2785 2013 2866 ἔργα

353 2877 536 2933 αὐτοῦ·
597 2879 719 2943 καθ’
756 2879 817 2947 ἣν
875 2879 1258 2952 ἀπολήψονται
1318 2879 1417 2947 τήν
1481 2877 1665 2952 θλίψιν
1725 2877 2010 2955 πόρρωθεν

353 2967 434 3022 ἐπ’
466 2967 660 3030 αὐτοὺς
710 2968 1044 3044 ἐρχομένην,
1088 2968 1162 3032 ὡς
1218 2969 1518 3044 γράφοντες
1571 2970 1685 3042 (75)
1716 2967 2004 3043 πονηρίαν.

2133 644 2463 717 fastidiant,
2508 649 2623 719 ipsi
2674 649 2962 708 haeresum
3014 651 3256 723 cupiunt
3314 658 3584 711 auctores
3632 671 3781 712 esse.

2132 737 2320 801 Quare
2337 737 2622 793 novitates
2642 740 2824 808 quasd
2835 756 2928 794 am
2943 742 3473 797 comminiscuntur
3499 744 3784 801 adversus

2131 828 2355 880 rectum
2388 827 3036 896 sermonem,ma1itiam
3055 829 3533 902 impietatemque
3547 832 3783 905 scriptis

2131 913 2477 984 prodentes:
2513 915 2583 970 ad
2611 931 2758 986 quos
2778 918 3041 987 pervenit
3060 935 3161 986 vat,
3182 920 3252 975 ad
3286 923 3482 991 patres
3511 921 3783 978 videlicet

2130 1001 2288 1057 falsa
2319 1006 2376 1058 et
2401 1003 2741 1059 adulterina:
2789 1005 3064 1074 scientiae,
3099 1011 3155 1063 et
3186 1009 3257 1064 ad
3291 1009 3635 1082 dogmatum
3676 1009 3779 1066 im-

2126 1091 2358 1162 piorum
2390 1093 2727 1165 scriptores.
2760 1093 2928 1150 Tales
2959 1095 3114 1150 enim
3146 1112 3244 1152 eos
3278 1098 3378 1169 qui
3407 1099 3542 1154 ﬁdei
3579 1098 3779 1171 inopia

2127 1178 2416 1248 laborant,
2437 1180 2741 1252 diripiunt,
2761 1184 2935 1252 atque
2958 1183 3018 1238 in
3038 1183 3264 1241 animas
3280 1201 3417 1243 vero
3442 1185 3542 1243 illo
3561 1202 3777 1259 sponso

2127 1266 2242 1323 Deo
2273 1268 2460 1326 Vorbo
2490 1269 2696 1326 viduas
2719 1270 3093 1342 tyrannidem
3125 1279 3427 1344 exercent;
3461 1277 3561 1332 sed
3612 1280 3669 1332 et
3726 1275 3778 1331 si

2127 1358 2460 1430 quempiam
2484 1359 2600 1415 Deo
2622 1359 2890 1415 orbatum
2916 1361 2987 1416 ob
3031 1366 3336 1432 peccatum
3390 1364 3662 1434 viderint,
3722 1365 3781 1420 et

2126 1446 2282 1502 hunc
2301 1447 2411 1504 sibi
2446 1449 2615 1520 quasi
2639 1449 2896 1520 praedam
2915 1451 3248 1506 vindicant:
3286 1453 3502 1524 quippe
3532 1454 3617 1510 eis
3652 1470 3780 1526 pro-

2126 1537 2370 1592 mittunt
2399 1539 2773 1594 securitatem
2806 1555 3065 1610 omnem,
3088 1543 3146 1595 et
3169 1541 3558 1613 voluptariam
3595 1542 3778 1599 vitam

2125 1631 2482 1699 proponunt,
2509 1627 2559 1683 si
2593 1629 2763 1684 modo
2779 1629 3184 1702 eosdogmatis
3203 1630 3572 1687 divinitatem
3598 1648 3779 1703 oppu-

2123 1716 2446 1787 gnantibus
2468 1715 2798 1790 intelligant
2827 1717 3328 1784 assentiri.Qualis
3347 1735 3505 1775 nunc
3525 1719 3778 1793 pullula-

2125 1803 2635 1863 vitAnomceorum
2657 1806 3026 1879 haeresis,qui
3041 1809 3778 1876 scortatoribus,adulteris

2124 1895 2520 1952 masculorum
2553 1896 3051 1964 coneubitoribus,
3085 1896 3407 1969 plagiariis,
3434 1899 3689 1970 perjuris
3711 1915 3779 1956 ao

2124 1985 2509 2041 mendacibus
2540 1985 2769 2040 veniam
2795 1990 3164 2057 peccatorum
3183 1986 3560 2058 pollicentur,
3594 1989 3644 2044 si
3680 2005 3776 2046 so-

2124 2075 2246 2132 lum
2281 2093 2398 2131 suae
2432 2076 2714 2131 adversus
2743 2074 3122 2147 Unigenitum
3156 2075 3538 2148 blasphemia
3586 2078 3777 2135 socios

2127 2164 2260 2221 illos
2291 2164 2626 2220 habuerint.
2646 2165 2802 2229 Quos
2820 2163 3141 2236 alloquitur
3159 2165 3458 2237 Scriptura
3479 2183 3492 2222 :
3510 2167 3662 2239 Quid
3681 2170 3776 2239 fa-

2127 2255 2269 2310 cient
2299 2255 2358 2310 in
2387 2254 2476 2309 die
2506 2254 2838 2309 uisitationis
2861 2257 2886 2306 .9
2913 2253 3080 2309 Diem
3111 2255 3462 2312 visitationis
3493 2260 3659 2312 vocat
3681 2257 3783 2314 ad-

2126 2347 2368 2399 ventum
2392 2341 2619 2397 Domini
2653 2343 2837 2399 nostri
2852 2343 2991 2399 Jesu
3014 2343 3231 2399 Christi
3255 2360 3285 2400 e
3317 2344 3499 2416 caelis,
3519 2362 3636 2417 qua
3683 2347 3776 2403 die

2125 2433 2316 2488 veniet
2344 2431 2404 2486 in
2437 2433 2751 2497 mundum,
2787 2432 3125 2489 redditurus
3157 2433 3409 2506 singulis
3452 2436 3779 2493 secundum

2124 2537 2300 2592 opera
2329 2521 2797 2592 cujusquezquo
2832 2521 2890 2576 in
2941 2522 3218 2594 adventu,
3274 2523 3430 2594 quod
3487 2522 3775 2580 malitiam

2125 2609 2387 2666 scribant
2414 2609 2857 2666 tribulationem
2883 2611 2953 2665 ad
2983 2627 3045 2666 se
3065 2611 3430 2684 elonginquo
3447 2613 3777 2671 venientem

2123 2699 2434 2773 excipient.
2462 2703 2533 2753 At
2556 2715 2688 2755 vero
2718 2699 2797 2754 Ad
2822 2699 2978 2769 cuius
3006 2701 3336 2771 praesidium
3391 2703 3775 2774 coniugialia?

2121 2790 2346 2847 Etenim
2375 2789 2654 2845 adversus
2677 2789 2860 2845 Deum
2886 2789 3232 2862 scripsistis,
3255 2790 3516 2846 vivorum
3540 2808 3605 2847 ac
3625 2809 3777 2849 mor-

2122 2883 2357 2935 tuorum
2384 2878 2665 2949 judicem.
2698 2877 2920 2934 Vestris
2944 2896 3206 2950 Ipsorum
3239 2879 3476 2952 scriptis
3499 2896 3774 2954 coargue-

2122 2985 2288 3023 mlnl.

350 3056 494 3130 Πρὸς
548 3056 671 3111 τίνα
728 3055 787 3111 δὶ
832 3056 1223 3136 καταφεύξεσθε
1277 3061 1375 3112 τοῦ
1439 3058 1826 3130 βοηθηθῆναι;
1859 3056 2004 3111 Κατὰ
2048 3055 2149 3131 γὰρ
2192 3059 2325 3109 Θεοῦ
2376 3053 2665 3128 έκράψατε,
2696 3075 2794 3108 του
2844 3074 3122 3129 κρινοντος
3170 3059 3373 3124 ζῶντας
3402 3057 3491 3111 καὶ
3522 3056 3768 3133 νεκρούς.

347 3145 657 3218 Κατηγορία
692 3146 842 3218 ὑμῶν
872 3143 1018 3200 ἔσται
1049 3145 1116 3200 τὰ
1145 3145 1378 3221 ὑμέτερα
1402 3147 1720 3220 γράμματα.

419 3235 546 3292 233.
614 3234 745 3290 Εἶτά
815 3253 994 3312 φησι·

358 3323 550 3396 ὑμῶν;
584 3323 652 3380 Οἱ
694 3327 1088 3398 φανητιῶντες,
1121 3325 1211 3378 καὶ
1272 3330 1372 3394 τῆς
1431 3323 1784 3400 ἀνθρωπίνης
1839 3330 2007 3397 τιμῆς

353 3412 737 3487 ἀντεχόμενοι,
790 3412 880 3466 καὶ
962 3413 1328 3487 ἀῖρεσιαρχεῖν
1414 3412 1866 3486 ἐπιθυμήσαντες,
1920 3409 2009 3466 τίνα

353 3499 622 3574 ὀνόματος
653 3501 882 3576 τύχητε,
916 3501 1006 3556 καὶ
1053 3499 1141 3555 διὰ
1189 3505 1350 3556 τοῦτο
1403 3500 1740 3572 λαλήσαντες
1798 3499 2007 3557 ἀδικίαν

350 3589 425 3651 εἷς
477 3591 540 3646 τὸ
604 3589 779 3665 ὕψος·
814 3593 924 3645 ποῦ
971 3588 1096 3645 τότε
1150 3588 1203 3644 ἐν
1256 3592 1324 3664 τῇ
1386 3588 1570 3666 ἡμέρᾳ
1624 3597 1723 3661 τῆς
1775 3591 2004 3667 κρίσεως

346 3678 700 3754 καταλείψετε
753 3680 854 3749 τὴν
919 3677 1073 3750 δόξαν
1135 3679 1639 3753 ὑμῶν;Ὑποκάτω
1699 3677 1775 3749 δὲ,
1818 3681 2004 3758 φησὶν,

345 3768 398 3824 οἱ
488 3773 732 3824 τοιοῦτοι
826 3771 932 3822 τῶν
1037 3766 1398 3844 ἀνῃρημένων
1507 3772 1834 3824 πεσοῦνται.
1893 3769 2001 3824 Νῦν

349 3860 664 3936 προστάτης
714 3859 760 3912 εἷ
803 3862 912 3912 τῶν
963 3856 1407 3930 ἐξηπατημένων,
1434 3858 1522 3911 καὶ
1567 3858 1816 3931 θαυμάζῃ
1875 3858 2003 3932 παρ’

344 3948 545 4016 αὐτῶν,
578 3943 752 4022 ὄνομα
786 3943 1116 4001 διδασκάλου
1162 3945 1252 4000 καὶ
1309 3947 1624 4021 καθηγητοῦ
1671 3946 2001 4021 περιφέρων,

344 4037 746 4111 σεμνυνόμενος
796 4037 924 4112 παρ’
973 4035 1150 4090 αὐτῶν
1202 4033 1292 4089 καὶ
1354 4033 1826 4109 μακαριζόμενος’
1879 4035 2003 4089 τότε

349 4125 409 4183 δὲ
434 4126 647 4182 τούτων
702 4124 875 4181 αὐτῶν
927 4123 1252 4199 ἀτιμότερος
1296 4119 1409 4198 ἔσῃ,
1439 4127 1547 4179 τῶν
1605 4124 1708 4178 ὑπὸ
1775 4127 1874 4178 σοῦ
1903 4145 1999 4178 πε-

350 4218 726 4296 φονευμένων.
786 4215 962 4277 Φόνος
1025 4215 1130 4290 γάρ
1191 4213 1300 4268 ἐστι
1360 4216 1591 4288 ψυχῆς,
1650 4210 2000 4287 ψευδοδοξίας

349 4305 668 4384 παραδοχή.
727 4305 1012 4360 Ὑποκάτω
1073 4301 1163 4359 οῦν
1219 4301 1428 4358 τούτων
1498 4299 1590 4376 ἔσῃ
1659 4303 1997 4372 πεπτωκὼς,

346 4397 436 4454 καὶ
469 4397 531 4452 τὸ
577 4401 682 4451 τῶν
735 4394 1092 4472 ἀνῃρημένων
1143 4393 1247 4448 ὑπὸ
1296 4397 1392 4446 σοῦ
1452 4391 1617 4467 βάρος
1678 4391 2000 4447 ἐπικείσεταί

346 4509 454 4545 σοι.
487 4482 708 4556 Ἐπειδή
771 4481 828 4540 δὲ
881 4480 1108 4546 ἕκαστος
1162 4485 1322 4556 ἡμῶν
1384 4479 1474 4535 διὰ
1526 4485 1624 4537 τοῦ
1676 4481 1796 4557 βίου
1827 4481 1999 4536 οἷονεί

343 4577 687 4655 χειρόγραφα
744 4576 906 4648 ἡμῶν
963 4572 1264 4650 γράφομεν,
1315 4570 1394 4642 τῷ
1457 4576 1778 4644 μνημονικῷ
1834 4574 1998 4646 ἡμῶν

342 4665 472 4730 τοὺς
528 4665 732 4728 τύπους
779 4669 888 4719 τῶν
950 4663 1290 4740 πραγμάτων
1353 4659 1940 4738 έναποσφραγιζόμενοι
1982 4679 1995 4693 ·

341 4754 490 4832 τάχα
516 4756 606 4811 καὶ
635 4753 764 4816 τοὺς
799 4751 1086 4816 τοιούτους
1127 4749 1401 4820 ταλανίζει
1453 4749 1481 4803 ὁ
1527 4748 1716 4825 λόγος,
1750 4750 1825 4813 ὡς
1866 4748 1999 4825 γρά-

347 4867 547 4926 φοντας
591 4842 880 4920 πονηρίαν.
927 4843 990 4900 Ἡ
1046 4841 1139 4916 μὲν
1203 4841 1306 4918 γὰρ
1363 4837 1558 4918 καρδία
1613 4843 1712 4894 τῶν
1773 4835 1998 4895 δικαίων

1060 3238 1172 3288 Ποῦ
1239 3233 1595 3308 καταλείψετε
1664 3235 1764 3304 τὴν
1841 3233 1995 3304 δόξαν

2181 3234 2307 3288 233.
2341 3232 2600 3289 Subinde
2623 3233 2702 3288 ait
2727 3233 2852 3290 :Ubi
2872 3234 3199 3305 relinquetis
3221 3236 3465 3304 gloriam
3487 3243 3732 3294 vestram
3762 3258 3780 3310 ι

2119 3322 2227 3388 Qui
2258 3321 2418 3378 inani
2452 3321 2841 3378 ostentatione
2880 3321 3189 3390 ducimini,
3241 3325 3343 3395 qui
3394 3326 3778 3398 aucupamini

2121 3413 2410 3468 humanos
2442 3411 2715 3479 honores,
2740 3411 2841 3484 qui
2865 3413 2936 3468 ad
2967 3429 3180 3468 nomen
3200 3417 3642 3487 assequendum
3662 3417 3780 3474 his-

2118 3518 2314 3558 reseos
2346 3502 2680 3573 cujuspiam
2714 3505 2982 3558 auctores
3006 3518 3134 3558 esse
3158 3506 3582 3576 exoptastis,ob
3603 3507 3781 3581 idque

2118 3590 2491 3664 iniquitatem
2519 3590 2699 3646 locuti
2725 3590 2866 3647 estis
2893 3591 2948 3646 in
2972 3591 3342 3649 altitudinem
3359 3594 3694 3664 ‘7,ubitunc
3713 3598 3774 3655 in

2117 3679 2225 3737 hac
2250 3679 2460 3751 judicii
2494 3680 2587 3736 die
2635 3681 2983 3752 relinquetis
3033 3681 3278 3752 gloriam
3327 3685 3632 3741 vestram?
3685 3688 3778 3746 Ait

2119 3774 2350 3826 autem:
2383 3769 2551 3825 Tales
2608 3769 2707 3824 sub
2768 3771 3076 3841 interfectis
3136 3771 3288 3829 556
3341 3773 3553 3829 cadent.
3605 3777 3773 3834 Nunc

2115 3876 2339 3928 eorum,
2374 3858 2474 3930 qui
2506 3858 2734 3930 decepti
2767 3863 2924 3928 sunt,
2970 3861 3276 3931 praefectus
3325 3878 3409 3930 es,
3458 3863 3660 3936 eisque
3710 3880 3772 3920 es

2113 3949 2509 4017 admirationi,
2535 3949 2801 4020 magistri
2832 3966 3045 4005 nomen
3063 3954 3119 4005 et
3141 3951 3308 4006 ducis
3329 3951 3770 4021 circumferens,

2112 4044 2290 4110 atque
2320 4040 2391 4094 ab
2423 4038 2643 4093 eisdem
2677 4038 3006 4107 honoraris,
3043 4040 3496 4112 praedicarisque
3520 4043 3766 4098 beatus:

2111 4133 2251 4183 tunc
2284 4132 2482 4182 autem
2515 4127 2588 4182 iis
2620 4127 2767 4198 ipsis
2791 4144 2939 4198 quos
2960 4133 3019 4181 tu
3047 4127 3425 4198 interfeceris,
3451 4131 3684 4186 futurus
3707 4148 3771 4188 es

2111 4217 2411 4288 abjcctior.
2448 4216 2746 4272 Occiditur
2778 4216 2931 4272 enim
2967 4217 3163 4272 anima
3193 4221 3345 4282 tum,
3379 4234 3514 4274 cum
3549 4218 3696 4276 falsa
3712 4225 3770 4276 et

2109 4307 2390 4362 ementita
2418 4305 2615 4377 opinio
2646 4306 2705 4360 in
2739 4322 2808 4362 ea
2838 4306 3138 4378 recipitur.
3173 4308 3374 4378 Itaque
3406 4307 3518 4363 sub
3551 4309 3624 4364 iis
3669 4326 3768 4365 ca-

2111 4397 2250 4463 des;
2285 4401 2341 4452 et
2369 4396 2595 4468 pondus
2617 4411 2845 4466 eorum,
2872 4395 2972 4466 qui
3006 4412 3039 4450 a
3069 4400 3125 4450 te
3158 4395 3376 4451 fuerint
3407 4397 3770 4470 interempti,

2109 4483 2218 4540 tibi
2248 4484 2570 4539 incumbet.
2602 4484 2710 4540 Sed
2744 4483 3018 4554 quoniam
3045 4485 3458 4557 unusquisque
3488 4491 3763 4544 nostrum

2109 4591 2212 4646 per
2229 4578 2412 4630 totam
2425 4573 2606 4629 vitam
2627 4573 2796 4645 quasi
2810 4573 3198 4646 chirographa
3214 4580 3414 4631 nostra
3429 4575 3769 4648 scribimus,

2107 4678 2304 4719 rerum
2335 4666 2635 4734 gestarum
2667 4661 3029 4733 consignatis
3061 4664 3423 4736 imaginibus
3459 4665 3515 4720 in
3567 4669 3772 4721 nostra

2111 4751 2395 4808 memoria
2419 4769 2433 4819 ;
2469 4752 2617 4808 forte
2643 4751 2820 4806 etiam
2853 4752 3000 4808 tales
3032 4753 3335 4824 Scriptura
3355 4754 3633 4825 praedicat
3655 4754 3769 4810 mi-

2111 4857 2294 4911 seros,
2326 4845 2608 4912 tanquam
2643 4840 2744 4911 qui
2768 4841 3038 4896 scribunt
3061 4842 3370 4899 malitiam.
3401 4844 3508 4898 Cor
3530 4842 3770 4914 quidem

349 4934 808 5012 καταγέγραπται,
893 4931 953 4986 ού
1043 4928 1259 5005 μέλανι,
1316 4929 1462 4986 ἀλλὰ
1541 4928 1813 5002 Πνεύματι
1867 4932 1999 4983 Θεοῦ

2121 4930 2406 4999 iustorum
2438 4929 2842 5002 conscriptum
2877 4935 2968 4986 est
3003 4949 3118 4986 non
3152 4936 3499 5002 atramento,
3525 4933 3627 4988 sed
3650 4932 3773 5004 Spi-

354 5031 572 5098 ζῶντος
606 5027 642 5094 ἡ
678 5022 734 5078 δὲ
759 5027 866 5078 τῶν
901 5018 1102 5076 ἀδίκων
1161 5017 1356 5096 καρδία
1414 5019 1476 5075 ού
1536 5019 1806 5093 ΙΙνεύματι
1867 5018 1999 5074 Θεοῦ

352 5121 574 5188 ζῶντος,
606 5111 754 5169 ἀλλὰ
813 5111 1008 5186 μέλανι
1053 5115 1134 5183 τῷ
1183 5113 1426 5187 συγγενεῖ
1479 5113 1576 5164 τοῦ
1625 5107 1853 5169 σκότους
1909 5107 1998 5162 καὶ

349 5207 540 5283 ἐχθρῷ
589 5207 687 5260 τοῦ
745 5202 946 5282 φωτός.
1000 5203 1160 5256 Ὥστε
1237 5196 1462 5262 ἕκαστος
1519 5200 1556 5269 ἢ
1617 5199 1749 5274 ὑπὲρ
1809 5198 1998 5253 ἑαυτοῦ

421 5361 464 5396 ⁸⁷
495 5357 651 5414 Psal.
686 5372 859 5424 Lxxu,
881 5358 933 5412 8.
1010 5355 1054 5392 ⁴⁸
1085 5356 1137 5411 ΙΙ
1168 5355 1298 5412 Cor.
1325 5370 1410 5422 in,
1434 5352 1487 5408 3.

420 5495 534 5569 (72)
564 5491 741 5569 Editi,
770 5488 943 5569 ἱνᾹτῇ,
980 5494 1049 5548 At
1069 5483 1356 5569 voculatv
1385 5488 1446 5544 in
1495 5504 1644 5569 mss.
1671 5503 1788 5544 non
1825 5486 2006 5569 inve-

350 5559 536 5630 nitur.
567 5564 776 5621 Statim
810 5559 908 5618 ita
924 5561 1186 5634 loquitur
1214 5563 1506 5634 interpres
1536 5559 2012 5634 deihaeresiAno-

353 5654 667 5703 mmorum,
700 5639 767 5692 ut
785 5632 1045 5691 dubitari
1067 5634 1161 5690 vix
1181 5632 1538 5707 possitfquin
1561 5633 1656 5688 hic
1708 5632 2013 5688 Commen-

353 5716 547 5775 tarius
577 5713 784 5782 quarto
815 5707 1027 5782 saeculo
1053 5707 1310 5782 scriptus
1341 5706 1438 5782 sit.

429 5785 545 5862 (73)
576 5773 665 5840 Ita
695 5779 881 5839 nostri
905 5796 1005 5836 sex
1026 5773 1355 5835 msstditi
1383 5793 1536 5841 vero,
1575 5773 2010 5850 ὑπισχνουμένη.

2109 5021 2224 5077 rilu
2255 5019 2358 5076 Dei
2386 5019 2497 5075 vivi
2527 5020 2608 5073 ‘3:
2655 5037 2762 5075 cur
2806 5037 2942 5076 vero
2994 5021 3334 5093 iniquorum
3387 5039 3500 5078 non
3549 5020 3770 5094 Spiritu

2110 5109 2212 5166 Dei
2243 5109 2514 5177 viventis,
2549 5110 2648 5164 sed
2685 5114 3012 5166 atramento
3048 5112 3421 5166 tenebrarum
3464 5110 3649 5179 affini,
3683 5110 3774 5168 lu-

2111 5197 2313 5272 cisque
2341 5199 2603 5256 inimico.
2637 5200 3060 5271 Unusquisque
3105 5200 3286 5271 igitur
3315 5205 3418 5256 aut
3447 5201 3589 5256 dum
3620 5200 3776 5257 bona

2189 5485 2300 5557 (74)
2332 5485 2456 5542 Vox
2487 5481 2786 5552 ἐπισκοπῆς
2810 5485 2866 5540 in
2898 5483 3068 5540 editis
3103 5484 3382 5556 repetitur
3408 5491 3541 5544 ante
3571 5502 3771 5545 vocem

2121 5557 2329 5641 ἡμέραν
2390 5559 2644 5641 sedeam
2678 5557 2816 5641 inde
2852 5557 3229 5624 sustulimus,
3290 5565 3627 5618 nostrorum
3672 5576 3772 5617 sex

2123 5631 2394 5686 codicum
2428 5631 2603 5685 ﬁdem
2636 5631 2840 5683 secuti.

2194 5703 2288 5772 (75
2320 5703 2401 5758 Ita
2433 5718 2576 5760 mss.
2605 5715 2824 5756 omnes.
2858 5698 3033 5769 Editi,
3068 5697 3118 5751 οἱ
3151 5697 3469 5775 γράφοντες.
