4150 6368
330 404 452 466 529

330 536 533 607 νομὴν,
613 535 705 590 καὶ
795 538 1121 590 καταπατεῖν

326 714 475 788 μήθη
495 757 510 783 ,

321 801 624 874 ἀπαλλάξει
702 803 730 857 ὁ
816 800 940 864 νοῦς
1025 801 1189 857 αύτοῢ
1266 804 1355 858 καὶ
1428 808 1525 859 τοῦ

1163 403 1570 465 COMMENT.
1617 405 1696 465 IN
1740 404 2007 466 ISAIAM
2056 405 2558 465 PROPHETAM.
2607 406 2752 465 CAP
2821 406 2893 465 X.

1203 533 1300 598 τὰς
1378 535 1592 604 πόλεις,
1667 536 1757 591 καὶ
1838 538 1947 592 θεῖν

2064 599 2068 607 ι
2095 547 2265 610 ponat
2293 556 2385 596 ea:
2415 542 2476 596 in
2504 542 2801 612 pulverem.
2824 542 2944 611 Ipse
2971 544 3154 597 autem
3180 555 3290 596 non
3333 539 3413 594 sic
3465 537 3753 608 cogitavit,

323 624 489 687 αὐτὰς
542 623 619 686 εἰς
676 642 999 697 κονιορτον.
1059 622 1230 687 Αὐτὸς
1292 622 1348 680 δὲ
1409 625 1516 701 οὐχ
1572 625 1745 688 οὕτως
1804 624 1981 680 ὶνεθυ-

595 713 683 768 καὶ
742 716 812 787 τῇ
865 714 1019 788 ψυχῇ
1080 712 1187 790 οὐχ
1244 711 1387 770 οὕτω
1443 712 1786 790 λελόγισται⁸
1855 714 1979 771 ἀλΛ’

3639 402 3758 462 530

2090 638 2143 685 et
2171 631 2231 684 in
2275 632 2459 685 animo
2492 647 2601 685 non
2644 632 2728 685 sic
2786 633 3105 699 reputavit:
3162 629 3255 685 sed
3303 627 3541 685 obscedet
3592 641 3748 682 mens

2089 719 2208 783 eius
2235 719 2430 786 etiam,
2463 729 2527 774 ut
2565 719 2847 790 disperdat
2906 724 3088 791 gentes
3143 734 3255 775 non
3302 732 3527 789 paucas.
3583 716 3650 771 Et
3696 714 3747 770 si

1604 803 1951 881 ἰξολοθρεῢσα

2087 809 2335 864 dixerint
2363 810 2438 879 ei,
2470 810 2544 863 Tu
2591 810 2739 864 solus
2767 825 2825 863 es
2878 811 3161 881 princeps,
3208 806 3593 878 respondebit:
3624 805 3745 860 Non
3820 822 3828 829 ‘

317 887 446 964 ἔθνη
502 893 605 947 οὐκ
663 889 845 966 ὀλίγα,
904 892 1008 947 Καὶ
1071 893 1156 946 ἐὰν
1219 890 1440 948 εἷ’πωσιν
1497 894 1647 966 αύτῷ
1704 895 1841 968 (82),
1901 894 1951 948 Σί

2084 900 2205 969 cepi
2232 900 2515 968 regionem
2546 915 2661 969 qua:
2689 906 2771 953 est
2795 914 2962 969 supra.
2979 898 3332 969 Babylonem,
3366 903 3417 951 et
3438 894 3738 960 Chalanen,

323 979 487 1055 μόνος
566 980 616 1035 εἶ
688 981 896 1055 ἄρχων,
971 979 1099 1056 ἐρεῖ·
1174 982 1288 1038 Οὐκ
1357 977 1552 1037 ἔλαϐον
1621 983 1720 1052 τὴν
1785 984 1972 1059 χώραν

314 1073 416 1142 τὴν
476 1068 652 1125 ἐπάνω
714 1063 1092 1139 Βαϐυλῶνος,
1156 1071 1244 1125 καὶ
1326 1072 1423 1140 τὴν
1486 1071 1763 1143 Χαλάνην,
1824 1071 1886 1127 οὗ
1946 1075 1972 1128 ὁ

317 1157 527 1236 πύργος
599 1155 965 1232 ᾠκοδομήθη.
1050 1160 1153 1215 Καὶ
1245 1154 1440 1215 ἔλαϐον
1514 1163 1614 1231 τὴν
1693 1157 1971 1237 ’Δραϐίαν,

316 1249 406 1304 καὶ
463 1248 787 1322 Δαμασκὸν,
850 1267 939 1302 και
1008 1250 1316 1326 Σαμάρειαν
1354 1292 1367 1306 .
1424 1251 1521 1307 Ὃν
1580 1250 1785 1326 τρόπον
1842 1251 1971 1306 ταύ-

311 1358 405 1400 τας
472 1333 695 1409 ἔλαϐον,
770 1336 861 1393 καὶ
920 1338 1094 1401 πάσας
1165 1338 1263 1402 τὰς
1321 1337 1496 1415 ἅρχὰς
1544 1337 1821 1414 λήψομαι.
1875 1340 1971 1397 Διὰ

307 1425 370 1480 τὸ
427 1423 644 1496 πλῆθος
674 1429 781 1482 τῶν
813 1425 1055 1501 ἀνομιῶν
1107 1431 1203 1481 τοῦ
1252 1425 1411 1498 λαοῦ,
1472 1429 1749 1505 Ἀσσύριοι
1783 1429 1968 1493 αὐτοῖς

309 1513 624 1592 ἰπάγονται·
688 1515 754 1571 οὐ
813 1514 902 1572 διὰ
958 1517 1058 1586 τὴν
1128 1517 1330 1573 ἑαυτῶν
1392 1514 1761 1591 δικαιοσύνην,
1820 1518 1968 1575 ἀλλᾶ

308 1601 399 1660 διὰ
470 1607 570 1675 τὴν
648 1600 1095 1681 ὑπερϐάλλουσαν
1168 1611 1266 1662 τοῦ
1324 1604 1461 1663 λαοῦ
1518 1605 1750 1666 ἀδικίαν.
1808 1599 1968 1665 Ἀλλ’

310 1693 467 1767 ὅμως
495 1694 583 1751 καὶ
645 1695 817 1768 οὗτοι,
874 1697 951 1769 μὴ
984 1698 1252 1770 νοοῦντες,
1284 1695 1366 1752 ὅτι
1398 1696 1512 1751 ἀντὶ
1548 1698 1810 1773 μάστιγος
1838 1719 1962 1753 παι-

2084 988 2184 1042 ubi
2213 989 2383 1043 (ariis
2403 988 2672 1057 aediﬁcata
2700 987 2909 1044 est.Sed
2959 986 3077 1058 cepi
3121 986 3404 1052 Arabiam,
3434 987 3487 1039 et
3534 985 3739 1039 Dama-

2081 1093 2255 1147 scum,
2287 1085 2339 1132 et
2369 1077 2875 1133 Samariam.Sicut
2909 1075 3006 1131 ha:
3034 1077 3174 1147 cepi,
3205 1076 3285 1130 sic
3312 1088 3495 1130 omnes
3522 1072 3738 1144 princi-

2079 1174 2243 1238 patu:
2261 1167 2498 1238 capiam.
2533 1167 2774 1237 Propter
2787 1164 3060 1220 multitud
3073 1164 3223 1218 insm
3240 1162 3618 1233 iniquitatum
3633 1175 3733 1231 po-

2081 1255 2640 1328 puli,immittuntur
2663 1254 2720 1309 in
2756 1271 2856 1311 eos
2887 1253 3124 1326 Assyrii,
3144 1269 3259 1309 non
3291 1251 3363 1307 ob
3395 1267 3563 1307 suam
3579 1249 3735 1321 ipso-

2081 1361 2211 1400 rum
2231 1343 2657 1415 justitiam,sed
2683 1345 2755 1399 ob
2774 1343 3018 1399 nimiam
3044 1341 3243 1415 populi
3275 1339 3647 1411 iniquitatem
3666 1337 3729 1393 ⁸³.

2077 1437 2349 1490 Attamen
2380 1437 2438 1490 et
2476 1433 2533 1487 hi
2565 1448 2701 1489 cum
2731 1449 2847 1487 non
2866 1430 3265 1502 intelligerent
3289 1429 3506 1485 ascitos
3528 1442 3730 1483 seesss

2078 1524 2358 1580 adversus
2404 1523 2683 1595 populum
2745 1520 2952 1577 divinae
3000 1519 3148 1592 legis
3206 1518 3544 1574 violatorem
3601 1514 3728 1571 loco

2075 1613 2287 1687 ﬂagelli
2323 1613 2395 1669 ad
2427 1612 2835 1685 castigandum
2861 1608 3285 1675 destinati,imo
3302 1622 3435 1663 cum
3457 1606 3731 1662 efferrent

2074 1721 2159 1776 se,
2206 1709 2488 1777 tanquam
2539 1701 2816 1759 maximis
2872 1698 3161 1771 pollerent
3205 1696 3452 1762 viribus,
3510 1694 3641 1750 ideo
3691 1710 3725 1750 ιι

307 1779 556 1853 δευτικῆς
621 1785 757 1840 κατὰ
820 1787 917 1839 τοῦ
983 1784 1051 1840 τὰ
1107 1787 1224 1841 θεῖα
1274 1785 1483 1860 νόμιμα
1533 1782 1951 1863 παραϐαίνοντος

2070 1791 2374 1864 Scriptura
2404 1790 2683 1846 dicuntur
2712 1786 2934 1844 miseri.
2975 1786 3073 1840 Var.
3103 1785 3290 1855 vobis,
3341 1781 3587 1855 Assyrii,
3619 1780 3722 1853 qui

305 1869 441 1928 λαοῦ
473 1869 715 1929 δίδονται
765 1876 905 1980 ς83),
960 1871 1086 1931 ἀλλ’
1134 1873 1215 1980 lip’
1245 1875 1477 1945 ἑαυτοῖς,
1509 1874 1583 1938 ὡς
1613 1873 1678 1947 δή
1709 1898 1830 1932 τινα
1860 1874 1951 1932 δύ-

2068 1882 2232 1954 virga
2262 1880 2405 1937 estis
2427 1879 2641 1935 furoris
2706 1876 2819 1933 mei
2847 1894 2862 1946 ;
2893 1876 2995 1949 qui
3043 1875 3186 1932 estis
3232 1875 3718 1941 instrumentum,

299 1980 458 2035 ναμιν
534 1962 936 2039 κεκτημένοις,
1018 1961 1445 2040 μεγαλυνόμενοι
1480 2009 1495 2036 ,
1567 1966 1950 2036 ταλανίζονται

2066 1990 2182 2045 quo
2214 1988 2394 2045 pmnm
2427 1971 2814 2042 inﬂiguntur;
2848 1984 2964 2023 non
2999 1965 3171 2038 agitis
3226 1968 3421 2020 vestra
3450 1964 3666 2019 virtute
3699 1979 3714 2030 ;

296 2051 444 2135 παρὰ
467 2054 565 2107 τοῦ
607 2048 797 2129 λόγου.
851 2052 985 2109 Οὐαὶ
1043 2052 1192 2126 ὑμῖν,
1249 2053 1550 2130 Ἀσσύριοι,
1611 2056 1807 2123 οἲτινες
1855 2058 1947 2135 ρά-

2064 2062 2160 2119 sed
2195 2061 2242 2118 si
2270 2065 2327 2117 et
2355 2077 2529 2133 opera
2553 2060 2682 2130 ejus
2714 2058 2812 2130 qui
2857 2072 2955 2112 vos
2991 2059 3204 2125 movet,
3237 2051 3584 2109 inducimini
3608 2053 3715 2107 ad-

296 2134 426 2203 ϐδος
476 2139 592 2197 ἐστὶ
640 2145 738 2197 τοῦ
777 2142 952 2215 θυμοῦ
1002 2163 1129 2216 μου,
1178 2138 1405 2221 ὄργανον
1452 2144 1775 2203 κολαστικόν
1808 2134 1946 2219 ἐστι,

2064 2166 2292 2207 versum
2310 2148 2538 2220 eos,qui
2579 2146 2743 2219 digni
2772 2149 2913 2201 sunt
2942 2144 3040 2216 qui
3083 2146 3479 2199 conterantur.
3509 2143 3576 2196 Et
3599 2141 3708 2207 ira,

295 2226 395 2284 οὔκ
447 2228 622 2303 οἷ’κείᾳ
675 2227 898 2304 δυνάμει
944 2237 1171 2306 ποιεῖτε,
1229 2231 1375 2290 ἀλλὰ
1427 2238 1495 2309 τῇ
1539 2240 1640 2291 τοῦ
1670 2241 1949 2301 κινοῦντος

2064 2239 2274 2311 inquit,
2294 2247 2371 2293 est
2398 2241 2454 2294 in
2484 2233 3231 2293 manibuseorum.Hooloco
3261 2232 3707 2303 castigationem

297 2316 533 2396 ἆνεργείᾳ
578 2326 695 2383 τοῖς
743 2319 910 2391 ἀξίοις
956 2325 1055 2376 τοῦ
1099 2318 1464 2399 συντριϐῆναι
1500 2323 1791 2401 ὶπάγεσθε.
1845 2329 1947 2384 Καὶ

299 2406 455 2484 ὀργὴ,
525 2409 713 2487 φησὶν,
781 2409 921 2465 ἐστὶν
998 2408 1051 2466 ἐν
1124 2418 1244 2475 ταῖς
1314 2414 1502 2490 χερσὶν
1582 2415 1780 2473 αὐτῶν.
1840 2419 1945 2487 Τὴν

296 2493 575 2553 παίδευσιν
627 2496 849 2553 ἐνταῦθα
899 2504 1142 2578 φανερῶς
1196 2502 1363 2578 ὀργὴν
1410 2502 1689 2576 ὀνομάζει,
1738 2506 1813 2568 ὡς
1858 2506 1947 2561 καὶ

297 2588 327 2643 ὁ
381 2585 741 2663 Ψαλμῳδός.
801 2587 959 2661 Μηδὶ
1012 2594 1081 2666 τῇ
1135 2592 1271 2667 ὀργῇ
1330 2614 1463 2664 σου,
1517 2593 1806 2671 παιδεύσῃς
1860 2617 1945 2671 με.

297 2673 582 2742 Παίδευσις
632 2677 724 2733 οὗν
769 2680 882 2753 (84)
933 2684 1030 2735 τοῦ
1074 2681 1295 2756 Ἰσραὴλ
1347 2680 1400 2737 ἐν
1450 2688 1567 2746 ταῖς
1610 2685 1797 2761 χερσίν
1837 2685 1947 2742 ἐστι

294 2768 403 2821 τῶν
461 2766 805 2841 Ἀσσυρίων.
848 2769 955 2838 Τὴν
1013 2770 1182 2845 ὀργήν
1242 2791 1349 2845 μου
1398 2770 1476 2835 εἷς
1533 2769 1684 2838 ἔθνος
1742 2774 1946 2849 ἄνομον

295 2853 603 2914 ἀποστελῶ.
652 2856 760 2927 Τὴν
803 2855 1030 2914 κόλασιν
1085 2864 1162 2932 τῷ
1210 2861 1287 2935 μὴ
1338 2861 1475 2917 κατὰ
1519 2863 1609 2918 τὸν
1652 2864 1822 2939 νόμον
1852 2865 1944 2921 τὸν

299 2941 720 3022 διατεταγμένον
773 2948 921 3020 αὐτῷ
991 2948 1142 3022 βιοῦν
1195 2950 1517 3026 ἀνεχομᾶνῳ
1572 2948 1693 3026 λαῷ
1745 2952 1943 3027 ἰπάξω.

294 3032 397 3090 Καὶ
471 3037 552 3105 τῷ
631 3032 752 3106 ἐμῷ
826 3032 948 3108 λαῷ
1022 3038 1260 3107 συντάζω
1311 3046 1539 3109 ποιῆσαι
1597 3040 1787 3099 σκῦλα.
1848 3044 1948 3097 Διὰ

289 3119 388 3187 τὴν
437 3116 845 3197 φιλανθρωπίαν
894 3119 973 3177 ἔτι
1024 3121 1162 3179 ἴδιον
1217 3125 1473 3199 ὀνομάζει
1532 3127 1665 3182 λαὸν
1696 3129 1788 3184 τὸν
1819 3129 1941 3184 ἀνο-

2064 3131 2401 3204 quiaipsum
2432 3126 2613 3185 semel
2628 3126 2884 3199 elegitob
2920 3124 3208 3180 delectum
3241 3121 3703 3194 progenitorum.

297 3208 542 3280 μήσαντα
572 3208 600 3264 ὁ
631 3209 831 3284 ἀγαθὸς
861 3210 1010 3273 Θεός.
1051 3214 1171 3268 ’Ότι
1221 3214 1315 3287 μὶν
1369 3217 1471 3291 γὰρ
1518 3216 1788 3290 ἠνόμησε,
1846 3219 1944 3287 τὴν

2064 3223 2213 3277 hunc
2244 3220 2356 3276 sibi
2391 3216 2742 3290 peculiarem
2777 3231 2904 3270 esse
2933 3218 2990 3267 et
3019 3213 3317 3285 proprium
3342 3227 3457 3265 non
3508 3215 3703 3282 negat.

294 3295 465 3382 όργὴν
510 3296 834 3354 ἀποστέλλει
882 3301 1017 3373 (85).
1067 3285 1230 3357 Ἐπεὶή
1264 3298 1321 3357 δὲ
1368 3285 1548 3359 αὐτὸν
1579 3285 1714 3377 ἅπαξ
1764 3285 1941 3362 εἵλετο

2064 3310 2239 3368 Jubeo
2270 3285 2767 3382 igitur,inquit,ut
2797 3302 2970 3360 faciat
2999 3300 3185 3373 spolia
3216 3305 3271 3354 et
3301 3297 3705 3370 depopulatio-

290 3380 381 3438 διὰ
406 3384 506 3454 τήν
538 3383 776 3463 ἐκλογὴν
816 3391 924 3443 τῶν
971 3389 1237 3462 πατέρων,
1281 3393 1379 3447 οὐκ
1409 3392 1723 3469 ἀπαρνεῖται
1773 3396 1941 3451 αὐτοῦ

2064 3417 2206 3471 nem,
2240 3380 2626 3454 et—conculcet
2660 3394 3008 3463 civitates,et
3036 3389 3263 3461 redigat
3293 3406 3391 3445 eas
3422 3389 3481 3443 in
3508 3386 3703 3459 pulve-

284 3473 385 3541 τὴν
419 3471 712 3533 οἷκείωσιν.
766 3478 1053 3532 Συντάσσω
1096 3477 1213 3550 οὖν,
1277 3482 1431 3554 φησὶ,
1490 3490 1717 3553 ποιῆσαι
1769 3484 1944 3540 σκῦλα

285 3562 376 3619 καὶ
453 3565 764 3641 προνομὴν,
841 3565 930 3621 καὶ
999 3574 1324 3625 καταπατεῖν
1399 3570 1494 3635 τὰς
1569 3572 1786 3643 πόλεις,
1851 3575 1941 3631 καὶ

289 3657 458 3717 θεῖναι
520 3652 686 3718 αὐτὰς
714 3652 790 3719 είς
830 3657 1135 3732 κονιορτόνο
1174 3659 1264 3714 ἳνα
1320 3656 1574 3734 εἰδῶμεν,
1628 3662 1710 3718 ὅτι
1767 3665 1943 3720 πάντα

285 3742 386 3797 ὅσα
449 3743 735 3818 πάσχομεν
808 3748 1125 3819 σκυθρωπὰ,
1204 3747 1265 3803 ἐκ
1322 3756 1422 3820 τῆς
1485 3750 1629 3815 θείας
1681 3749 1941 3830 διαταγῆς

290 3830 658 3905 ὑπομίνομεν.
704 3833 822 3891 υύκ
852 3832 912 3905 ἰᾷ
949 3836 1055 3913 γὰρ
1097 3838 1245 3911 ἡμᾶς
1289 3835 1541 3902 ἐκδότους
1596 3846 1716 3904 ταῖς
1765 3864 1937 3914 πονη-

283 3925 406 3992 ραῖς
435 3921 526 3976 καὶ
569 3919 922 3987 κολαστικαῖς
955 3920 1267 4000 δυνάμεσιν,
1299 3926 1426 3983 ἀλλ’
1456 3927 1614 3990 αὐτὸς
1661 3931 1729 3985 τὰ
1769 3933 1939 4007 μέτρα

283 4008 457 4085 ὁρίζει
513 4014 620 4066 τῶν
675 4010 1137 4087 κολάτεων’(86),
1199 4016 1599 4092 στοχαζόμενος
1629 4026 1729 4088 τῆς
1778 4018 1938 4076 δυνά-

288 4119 434 4174 μεως
460 4103 569 4155 τῶν
611 4101 1083 4176 θεραπευομὲνων.
1119 4102 1303 4161 Σκῦλα
1336 4108 1432 4180 μὲν
1464 4105 1554 4162 οὖν
1588 4107 1697 4164 ἐστι
1729 4110 1795 4165 τὰ
1821 4116 1937 4174 τοῖς

284 4193 500 4265 νεκροῖς
547 4195 663 4253 τοῖς
720 4195 974 4247 πεσοῦσιν
1029 4192 1081 4247 ἐν
1127 4191 1362 4268 πολέμῳ
1404 4196 1771 4271 περικείμενα·
1835 4197 1940 4255 ε’ίτε

2064 4201 2241 4272 praeda
2270 4215 2404 4256 vero
2436 4197 2758 4270 spoliorum
2794 4201 2882 4251 est
2913 4191 3386 4263 distributio,pro
3417 4191 3707 4261 cujusque

286 4275 455 4365 δπλα,
504 4276 613 4365 εἴτε
661 4278 842 4352 ἐσθὴς,
892 4278 997 4337 εἷ’τε
1034 4303 1116 4346 τις
1163 4279 1347 4361 ἕτερος
1393 4284 1622 4358 κύσμοςε
1682 4290 1937 4365 προνομὴ

2064 4289 2287 4346 lictoris
2317 4288 2527 4345 merito
2569 4286 2774 4342 divisa.
2825 4283 2986 4340 Jussi
3035 4286 3175 4338 sunt
3222 4281 3422 4351 itaque
3478 4278 3704 4351 Assyrii

284 4363 364 4437 δὶ,
409 4370 445 4439 ἠ
494 4364 730 4443 διανομή
796 4374 903 4425 τῶν
966 4369 1225 4450 λαφύρων
1289 4374 1426 4430 κατὰ
1483 4377 1583 4446 τὴν
1635 4363 1780 4447 ἀξίαν
1832 4382 1937 4433 τῶν

2064 4378 2305 4452 spoliare
2327 4376 2624 4442 Israelem,
2658 4380 2715 4431 et
2745 4372 3085 4446 deprtedari,
3136 4376 3194 4428 et
3250 4370 3519 4426 civitates
3574 4368 3704 4439 ejus

285 4457 699 4531 κεκρατηκότων
761 4457 1125 4535 διανεμομὲνη
1165 4504 1178 4518 .
1257 4462 1685 4535 Ἐκελεύσθησαν
1750 4468 1841 4522 οὗν
1888 4470 1942 4523 οἱ

2064 4467 2412 4542 proculcare,
2444 4470 2503 4523 et
2534 4482 2633 4523 eas
2661 4465 2722 4519 in
2750 4463 3047 4535 pulverem
3080 4460 3360 4532 redigere.

282 4545 574 4616 Ἀσσύριοι
627 4547 918 4607 σκυλεῦσαι
974 4551 1065 4606 τὸν
1127 4551 1372 4626 Ἰσραὴλ,
1431 4555 1519 4609 καὶ
1596 4561 1967 4631 προνομεῦσαι
2041 4557 2130 4613 καὶ
2186 4561 2562 4624 καταπατῆσαι
2613 4552 2777 4607 αὐτοῦ
2831 4552 2928 4613 τὰς
2985 4545 3199 4617 πόλεις,
3256 4547 3347 4602 καὶ
3397 4548 3567 4602 θεῖναι
3623 4545 3702 4610 είς

286 4634 588 4710 κονιορτόν.

356 4727 484 4783 235.
563 4726 738 4791 Αὐτὸς
813 4724 871 4784 8t
946 4727 1053 4805 οὐχ
1127 4727 1299 4793 οὕτως
1350 4729 1679 4805 ἐνεθυμήθη,
1738 4733 1826 4789 καὶ
1872 4738 1942 4809 τῇ

2122 4737 2251 4791 235.
2277 4737 2393 4807 Ipse
2422 4737 2609 4790 autem
2638 4747 2749 4788 non
2795 4732 2876 4786 sic
2940 4729 3218 4801 cogitavit,
3271 4735 3326 4784 et
3362 4729 3558 4783 animo
3589 4742 3703 4782 non

288 4814 447 4890 ψυχῇ
515 4814 622 4892 οὐχ
695 4816 838 4872 οὕτω
913 4815 1275 4894 λελόγισται⁸
1350 4819 1477 4876 ἀλλ’
1530 4821 1810 4898 ὑπερήρθη
1868 4825 1936 4897 τῇ

2064 4827 2126 4882 :ic
2153 4826 2456 4897 reputavit:
2489 4823 2587 4878 sed
2621 4837 2802 4893 supra
2831 4819 3070 4875 modum
3099 4817 3289 4874 elatus
3345 4819 3538 4872 mente
3586 4820 3696 4886 est,

288 4901 527 4977 διανοίᾳ,
561 4905 669 4982 οὑχ
699 4905 775 4970 ὡς
807 4902 896 4962 διὰ
921 4908 990 4963 τὰ
1038 4908 1405 4986 ἁμαρτήματα
1432 4915 1533 4967 τοῦ
1583 4910 1719 4967 λαοῦ
1765 4933 1936 4988 παρα-

2064 4913 2217 4986 ιυοεὶ
2249 4911 2504 4985 populus
2534 4912 2584 4967 ei
2607 4909 2861 4965 traditus
2876 4925 2991 4964 non
3015 4913 3173 4963 esset
3197 4907 3269 4961 ob
3287 4921 3398 4961 sua
3426 4906 3699 4977 peccata;

286 4989 534 5059 δοθέντος
562 4993 731 5069 αύτῷ,
786 4993 913 5053 ἀλλ’
953 4996 1203 5072 ἐπαρθεὶς
1244 5001 1312 5072 τῇ
1346 4997 1578 5074 διανοίᾳ,
1625 5002 1716 5057 καὶ
1762 5000 1937 5057 ἀπειλ-

2074 5019 2169 5059 mo
2204 5002 2392 5058 elatus
2422 5001 2642 5067 animo,
2702 5003 2879 5071 atque
2935 4996 3220 5055 rationem
3274 5009 3470 5052 veram
3529 5008 3704 5049 asua

2060 2327 2367 2401 perspicue
2398 2326 2665 2382 nominat
2721 2325 2903 2391 iram;
2960 2322 3461 2395 quemadmodum
3520 2321 3603 2374 ait
3661 2323 3720 2376 et

2060 2416 2285 2473 Psaltes
2328 2432 2341 2471 :
2395 2415 2499 2472 Nec
2547 2415 2737 2471 inira
2788 2418 2885 2470 tua
2934 2413 3201 2483 corripias
3255 2425 3341 2465 me
3394 2409 3460 2462 ⁸⁸.
3514 2413 3716 2479 Itaque

2061 2506 2292 2562 Israelis
2323 2504 2604 2562 correctio
2635 2507 2752 2559 stat
2779 2502 2838 2558 in
2873 2501 3145 2558 manibus
3165 2498 3715 2571 Assyriorueram

2060 2612 2239 2652 meam
2266 2597 2327 2651 in
2356 2602 2573 2665 gentem
2602 2595 2851 2664 iniquam
2883 2593 3122 2647 mittam.
3160 2586 3712 2643 Animadvertamin

2058 2684 2473 2759 populum.qui
2507 2683 2686 2739 vitam
2709 2680 3062 2745 adlegissibi
3097 2679 3712 2735 constituttsnormam

2058 2774 2371 2833 instituere
2399 2772 2690 2830 noluit.Et
2714 2772 2914 2844 papula
2942 2785 3059 2825 meo
3098 2769 3429 2842 praecipiam
3458 2773 3518 2821 ut
3536 2766 3713 2836 faciat

2056 2865 2253 2939 spolia.
2286 2860 2795 2920 Clementissimus
2856 2865 3007 2915 Deus
3065 2873 3179 2930 prae
3210 2873 3319 2911 sua
3349 2854 3710 2926 benignitate

2055 2954 2363 3028 populum,
2394 2952 2533 3008 licet
2561 2951 2761 3023 inique
2783 2946 3284 3021 agentem,adhuo
3313 2960 3489 3000 suum
3514 2942 3711 3015 appel-

2054 3044 2158 3099 lat.
2195 3042 2357 3108 Quod
2401 3041 2558 3096 enim
2589 3040 2790 3109 inique
2841 3035 3044 3108 egerit,
3077 3034 3346 3089 immittit
3375 3034 3564 3100 iram;
3597 3030 3700 3087 sed

2052 3506 2209 3555 rem;
2243 3493 2307 3543 ut
2358 3486 2616 3542 sciamus
2670 3483 2824 3556 quod
2876 3479 3240 3537 calamitates
3271 3494 3496 3545 omnes,
3551 3493 3701 3548 quas

2051 3578 2434 3651 perpetimur,
2468 3592 2535 3630 ex
2568 3573 2762 3628 divino
2796 3569 3135 3643 praescripto
3159 3567 3546 3641 perferamus.
3570 3565 3699 3621 Non

2049 3667 2205 3724 enim
2231 3665 2369 3722 sinit
2403 3681 2509 3719 nos
2542 3660 2819 3733 malignis
2850 3663 2909 3715 et
2962 3657 3274 3716 ultricibus
3316 3654 3705 3727 potestatibus

2050 3755 2416 3827 mancipatos
2448 3769 2577 3809 esse
2608 3768 2673 3806 ac
2705 3748 2935 3805 deditos
2961 3749 3107 3815 {sed
3159 3747 3303 3817 ipse,
3363 3761 3566 3801 eorum
3598 3745 3701 3816 qui

2049 3845 2290 3901 curandi
2315 3847 2456 3899 sunt
2483 3839 2871 3897 consideratis
2903 3838 3148 3902 viribus,
3170 3836 3409 3892 modum
3444 3835 3705 3906 pceniset

2047 3926 3302 4003 cruciatibusimponitQumcunquequidem
3316 3922 3702 3980 cadaveribus

2046 4022 2105 4077 in
2155 4022 2307 4077 bello
2364 4020 2675 4093 prostratis
2706 4017 3255 4088 circumponuntur,
3318 4012 3508 4083 spolia
3538 4015 3698 4082 sunt,

2049 4111 2168 4168 sive
2196 4127 2379 4177 arma,
2413 4109 2534 4165 sive
2562 4108 2761 4171 vestis.
2812 4106 2933 4161 sive
2987 4105 3137 4160 alius
3182 4102 3376 4174 quivis
3406 4105 3650 4157 ornatus
3684 4117 3698 4156 :

352 5149 399 5185 ⁸³
422 5150 500 5206 IV
514 5153 660 5225 Reg.
688 5169 827 5226 xvn,
860 5154 917 5212 6.
938 5153 984 5189 “
1006 5152 1163 5213 Psal.
1195 5167 1274 5225 v1,
1306 5158 1361 5211 2.

2122 5327 2232 5398 (84)
2265 5326 2441 5394 Editi,
2473 5330 2531 5382 et
2559 5330 2696 5395 Reg.
2733 5324 2981 5398 primus,
3014 5283 3108 5376 οϐν
3143 5338 3298 5398 φησι.
3358 5323 3477 5380 Vox
3505 5325 3704 5395 poste-

2050 5396 2171 5457 rior
2199 5399 2256 5453 in
2285 5398 2420 5455 aliis
2450 5398 2714 5524 quinque
2740 5396 2888 5453 mss.
2917 5396 3097 5452 deest.
3156 5396 3165 5398 '
3658 5469 3683 5481 υ

2122 5470 2230 5524 (85»
2263 5470 2514 5524 Uterque
2538 5475 2613 5524 Co
2641 5472 2695 5524 b.
2726 5473 2783 5524 et
2841 5468 2981 5524 Reiz.
3016 5465 3339 5524 secundus.
3389 5462 3682 5520 ἀποστελει

2063 5544 2074 5555 α
2122 5470 2230 5542 (85)
2263 5462 2514 5556 ψει-συθ
2534 5462 2695 5553 ροΙὺ.
2726 5473 2802 5550 οι⁸
2840 5468 2981 5592 flag.
3016 5465 3339 5531 secundus,
3389 5462 3702 5536 ἀποστελεῖ,

2063 5559 2198 5592 iram
2229 5547 2428 5592 mittet.
2464 5543 2687 5592 Ibidem
2714 5542 2875 5592 editi.
2962 5534 3124 5592 πειδῆ
3158 5532 3235 5591 δὲ.
3270 5541 3345 5592 At
3401 5552 3502 5592 sex
3533 5554 3702 5592 ωδε..

2051 5532 2436 5632 iramo'mittet.‘
2464 5542 2687 5598 Ibidem
2714 5539 2875 5606 editi,
2926 5532 3124 5605 ἓπειδὴ
3158 5532 3235 5591 δε.
3270 5541 3345 5593 At
3401 5552 3502 5595 sex
3533 5532 3704 5609 ωσι,

2052 5610 2513 5757 ιπῖἑϐξὶῐιοταυο
2543 5683 2701 5739 Colb.
2735 5685 2793 5739 et
2824 5685 2963 5755 Reg.
3008 5680 3327 5748 secundus,
3379 5681 3488 5735 τῶν
3544 5674 3700 5737 δυνά-

2056 5756 2225 5830 μεων,
2258 5756 2415 5815 haud
2446 5759 2620 5812 recte.

356 5319 473 5391 (82)
495 5320 1025 5397 Veteresquinque
1056 5324 1214 5392 libri,
1247 5321 1414 5397 αὐτῷ.
1443 5325 1595 5383 Editi
1636 5341 1773 5386 vero
1804 5343 1939 5383 cum

288 5390 445 5472 ﬂag,
468 5392 663 5472 tertio,
696 5390 1118 5472 a6i6¢._8'tatim
1176 5390 1331 5471 apud
1366 5390 1523 5454 'LXX
1553 5399 1791 5472 legitur,
1826 5399 1939 5472 ,καὶ

290 5462 573 5593 gingivae,
617 5469 727 5522 Nec
781 5469 896 5539 cepi
948 5462 1232 5539 regionem
1275 5486 1394 5542 quae
1449 5478 1532 5527 est
1586 5462 1941 5543 supra'Cha-

533 5607 595 5686 [ῃ
657 5607 1195 5686 editis__operarum
1251 5612 1504 5679 incuria.
1560 5631 1664 5686 pro
1695 5611 1939 5686 δέδονται

290 5675 1108 5760 ΙΘςὶιυιχδιονται.Α1ἰιιὶιεοιο
1138 5688 1273 5756 post
1323 5689 1441 5742 tres
1491 5675 1659 5754 mea,
1711 5683 1941 5760 δύναμιν

292 5749 643 5825 κεκτημένοι.
903 5749 918 5754 ⁷
1028 5764 1032 5769 ’
