4150 6374
327 339 435 402 531

1274 335 1664 395 APPENDIX
1711 331 2039 396 OPERUM
2083 331 2148 391 S.
2194 331 2481 395 BASILII
2526 336 2797 396 MAGNl.

3636 330 3754 390 532

331 475 526 528 mente
555 471 934 540 submovens,
967 473 1132 542 putat
1155 484 1216 523 se
1246 483 1361 522 non
1393 466 1547 523 558
1594 481 1810 537 paucas
1842 479 1980 535 gen-

2102 459 2260 533 λάξας
2294 463 2407 535 (87)
2442 463 2547 518 ἀπὸ
2576 471 2676 534 τῆς
2710 467 2903 521 ἑαυτοῦ
2935 463 3143 527 ἰννοίας
3181 465 3274 520 τὸν
3327 461 3510 534 ἀληθῆ
3566 457 3762 534 λόγον,

330 568 417 618 tes
439 560 828 616 exterminare
860 575 1030 632 posse
1059 559 1122 613 ⁵⁵.
1152 558 1217 612 Et
1256 555 1534 628 quoniam
1569 554 1790 610 subditi
1811 553 1980 610 blan-

332 652 561 706 dientes
590 650 641 706 ei
669 654 726 706 et
757 649 1066 706 adulantes
1098 648 1301 702 dicunt
1327 647 1589 701 :Tusolus
1622 661 1676 700 es
1696 645 1983 715 princeps;

334 740 504 811 quasi
537 740 756 796 ironice
785 738 929 809 ipsis
962 738 1275 808 respondet
1314 752 1327 791 :
1361 734 1478 792 Non
1533 736 1651 806 cepi
1696 736 1985 806 regionem

333 844 459 902 quae
499 838 574 884 est
601 845 768 899 supra
825 827 1181 896 Babylonem,
1213 842 1314 881 nec
1345 825 1645 881 Chalanen.
1689 823 1984 893 Nondum,

336 919 547 990 inquit,
582 917 807 972 obtinui
832 916 1096 971 omnium
1125 915 1409 970 ditionem
1447 933 1460 970 :
1495 915 1753 970 declinat
1787 929 1983 967 meum

338 1022 582 1079 regnum
615 1023 683 1060 ea
713 1004 870 1076 regio
904 1021 1033 1076 quae
1065 1008 1153 1059 est
1181 1021 1360 1075 supra
1383 1003 1732 1075 Babylonem
1766 1007 1820 1057 et
1849 1001 1986 1056 Cha-

335 1097 488 1165 lane,
525 1095 622 1152 Ubi
650 1095 935 1164 zdi/icata
965 1100 1042 1148 est
1066 1095 1262 1148 turris.
1296 1099 1444 1148 Sane
1475 1093 1779 1162 antiquam
1822 1090 1984 1145 illam

336 1185 546 1241 turrim
575 1184 740 1250 dicit,
773 1199 949 1256 quam
983 1183 1685 1252 exstruxerantincampo
1707 1181 1986 1249 Sennaar,

336 1274 636 1330 dicentes:
676 1275 878 1342 Venite,
911 1273 1245 1343 wdiﬁcemus
1282 1271 1690 1342 nobismetipsis
1710 1273 1988 1325 civitatem

337 1371 389 1420 et
425 1364 655 1428 turrim,
685 1365 1014 1434 priusquam
1056 1360 1374 1417 dividemur
1430 1360 1496 1414 ab
1541 1361 1798 1426 invicem,
1833 1359 1990 1430 cujus

333 1456 522 1508 vertex
542 1455 647 1507 erit
684 1467 854 1524 usque
884 1451 952 1506 ad
982 1452 1178 1506 caelum
1205 1451 1268 1506 ⁸⁸.
1303 1449 1525 1505 Nomen
1558 1454 1756 1504 autem
1790 1447 1990 1503 Chala-

339 1557 443 1598 nes
475 1557 590 1599 non
623 1545 712 1596 est
743 1541 1028 1596 usitatum
1061 1543 1117 1594 et
1147 1539 1353 1594 tritum
1388 1539 1446 1594 in
1491 1538 1812 1609 Scriptura.
1848 1538 1988 1592 Eam

338 1634 538 1685 tamen
570 1631 968 1700 conjectamus
1008 1629 1182 1683 sitam
1232 1645 1362 1684 esse
1413 1628 1473 1682 in
1531 1626 1808 1699 quopiam
1864 1627 1989 1682 loco

341 1719 620 1792 Babyloni
645 1719 1055 1786 ﬁnitimo,cum
1082 1716 1338 1789 Babylon
1361 1733 1574 1772 nomen
1597 1733 1772 1772 suum
1796 1715 1991 1771 trahat

341 1826 378 1865 a
405 1808 743 1880 linguarum
776 1807 1139 1874 confusione,
1173 1823 1321 1878 quas
1377 1807 1642 1862 confudit
1683 1805 1988 1873 Dominus,
2022 1839 2071 1906 B

341 1897 838 1969 conspirationem
890 1897 961 1951 ad
1011 1895 1235 1952 malum
1289 1897 1635 1968 patrandum
1680 1896 1992 1952 conflatam

342 1985 760 2058 dissipaturus.
793 1985 1101 2042 Enimvero
1137 2002 1350 2042 nomen
1373 1986 1552 2057 hujus
1576 1985 1685 2041 loci
1717 1992 1987 2042 vocatum

342 2077 526 2132 fuisse
555 2076 993 2144 Confusionem,
1051 2074 1329 2131 Hebraice
1385 2091 1518 2131 vero
1577 2074 1773 2143 Babel,
1823 2076 1992 2132 docet

338 2167 638 2238 Scriptura
663 2167 725 2220 ⁵⁷.
759 2164 861 2221 Sed
903 2166 1040 2238 cepi,
1092 2165 1306 2236 inquit,
1365 2165 1627 2221 Arabiam
1682 2170 1735 2221 et
1795 2167 1989 2221 Dama-

336 2273 510 2325 scum,
541 2263 594 2312 et
622 2255 1122 2312 Samariam.Sicut
1152 2256 1252 2310 has
1289 2257 1426 2326 cepi,
1458 2257 1530 2310 sit
1559 2271 1745 2312 omnes
1772 2259 1986 2327 princ:-

337 2354 496 2419 patus
524 2344 1054 2418 capiam.Quoniam
1086 2345 1264 2416 igitur
1295 2345 1406 2400 sibi
1434 2346 1490 2399 in
1527 2350 1782 2402 mentem
1807 2346 1984 2414 venit,

337 2453 403 2494 se
431 2437 489 2491 in
536 2451 703 2492 suam
761 2438 1107 2506 potestatem
1156 2434 1421 2491 civitates
1477 2451 1682 2490 omnes
1725 2435 1989 2508 redigere

336 2540 549 2599 posse;
583 2541 690 2581 nec
720 2528 916 2580 tamen
953 2522 1236 2579 intellexit
1264 2539 1326 2580 se
1353 2523 1423 2579 ab
1457 2524 1986 2580 hominibusvicto-

336 2615 486 2671 riam
509 2618 838 2687 reportasse
869 2631 985 2669 non
1037 2613 1158 2668 suis
1200 2612 1387 2684 ipsius
1446 2613 1690 2682 viribus,
1752 2617 1851 2671 sed
1886 2616 1988 2672 Dei

339 2708 671 2776 peccatores
729 2702 1033 2774 plectentis
1091 2702 1548 2774 dispensatione,
1591 2704 1664 2758 ob
1711 2704 1768 2759 id
1821 2704 1986 2761 illum

341 2792 578 2848 exhibet
604 2791 982 2865 propheticus
1013 2808 1206 2847 sermo
1239 2809 1340 2848 ceu
1376 2792 1511 2849 ﬂetu
1539 2792 1807 2866 dignum.

407 3060 535 3116 236.
569 3060 744 3116 Vsus.
785 3061 865 3116 li.
906 3060 1141 3128 Ululate,
1173 3061 1558 3133 sculptilia,in
1583 3063 1907 3136 Jerusalem,
1938 3072 1992 3121 et

338 3153 400 3206 in
428 3150 704 3206 Samaria.
716 3149 1195 3218 Quemadmodum
1213 3151 1363 3206 enim
1375 3153 1484 3222 feci
1507 3151 1863 3221 Samariam:
1877 3172 1988 3211 ma-

334 3240 580 3310 nufactis
607 3240 828 3310 cjus,sic
855 3240 1069 3310 factum
1097 3240 1478 3310 Jerusalem,et
1507 3241 1676 3298 idolis
1703 3243 1842 3314 ejus.
1868 3247 1990 3310 Quo

335 3331 504 3400 pacto
535 3325 849 3383 ululabunt
870 3325 1262 3398 sculptilia,ex
1291 3328 1465 3400 ligno,
1500 3330 1714 3401 lapide,
1746 3338 1848 3387 aut
1878 3333 1991 3389 alia

335 3415 543 3488 quavis
561 3416 807 3472 materia
837 3417 1190 3483 constantia,
1225 3434 1358 3474 cum
1391 3419 1464 3474 ab
1495 3424 1616 3475 arte
1647 3419 1897 3479 formam
1925 3439 1992 3480 ac

336 3505 588 3576 speciem
623 3504 908 3576 recipiant
933 3505 1242 3560 hominum
1260 3511 1360 3561 aut
1380 3507 1686 3563 brutorum
1719 3510 1991 3566 animali-

341 3592 1388 3665 um,quadrupedum,autvoluerum,
1408 3601 1511 3651 aut
1529 3597 1850 3668 reptilium,
1885 3616 1988 3655 cu-

335 3681 769 3753 jusmodierant
785 3687 989 3738 statuis
1003 3688 1059 3739 et
1075 3683 1804 3758 simulacraIEgyptiorum
1818 3688 1845 3742 ?
1859 3689 1988 3745 Ulu-

339 3771 495 3828 latus
517 3773 674 3828 enim
708 3790 815 3828 vox
836 3778 924 3828 est
953 3771 1364 3845 lugubris,qua
1385 3791 1528 3831 sono
1559 3778 1807 3848 quodam
1832 3779 1987 3836 haud

339 3861 644 3916 articulate
667 3861 821 3916 edito
834 3861 1092 3918 dolorem
1107 3863 1302 3919 cordis
1320 3863 1868 3929 indicat.Quomodo
1884 3869 1990 3942 igi-

339 3953 438 4004 tur
470 3948 784 4004 ululabunt
815 3950 1113 4022 sculptilis
1142 3952 1169 4006 ‘2
1199 3951 1345 4016 Quia
1373 3951 1552 4026 lignis
1592 3955 1665 4010 ab
1714 3956 1990 4016 humanis

340 4038 618 4094 manibus
642 4039 890 4094 formam
923 4056 988 4095 ac
1012 4040 1261 4112 figuram
1294 4041 1668 4111 habentibus,
1704 4051 1807 4102 aut
1843 4047 1989 4121 lapi-

339 4125 534 4194 dibus,
567 4135 666 4182 aul
692 4127 871 4183 etiam
931 4144 1072 4184 auro
1104 4135 1161 4184 et
1217 4135 1480 4203 argento,
1517 4137 1620 4189 aut
1673 4135 1854 4206 ebori,
1888 4143 1992 4195 aut

338 4215 798 4288 reliquisidolis,
833 4233 1196 4290 quascunque
1247 4219 1363 4276 alia
1421 4226 1560 4278 sunt
1619 4239 1687 4278 ex
1734 4227 1992 4297 pretiosa

338 4303 427 4362 vel
453 4305 556 4361 vili
590 4307 838 4362 materia
868 4308 1036 4378 facta,
1079 4313 1137 4363 et
1167 4324 1294 4378 quae
1325 4326 1358 4365 α
1405 4312 1680 4382 gentibus
1740 4315 1989 4374 adoran-

338 4400 455 4464 tur,
488 4394 737 4450 latenter
766 4395 1032 4452 assident
1057 4402 1318 4454 astantes
1373 4398 1617 4470 quidam
1671 4404 1986 4478 daemones,

340 4500 410 4539 ex
447 4484 699 4555 impuris
731 4485 914 4540 sacris
946 4485 1304 4558 voluptatem
1334 4489 1649 4560 capientes.
1693 4495 1986 4556 Quemad-

2095 547 2264 604 οἷέται
2341 549 2567 614 δυνατὸς
2642 555 2773 609 εἶναι
2847 558 2945 609 τοῦ
3012 551 3138 622 ἔθνη
3212 550 3582 628 ἐξολοθρεύειν
3649 549 3754 604 οὐκ

2097 638 2274 715 ὀλίγα.
2349 643 2448 698 Καὶ
2531 641 2718 712 ἐπειδὴ
2790 642 3180 705 κολακεύοντες
3257 642 3415 697 αὐτὸν
3492 640 3584 696 καὶ
3649 642 3755 695 θω-

2095 729 2347 792 πεύοντες
2412 733 2461 786 οἱ
2532 733 2839 809 ὑποχείριοι
2908 733 3147 810 λέγουσι.
3203 731 3277 788 Σὺ
3343 731 3509 805 μόνος
3561 731 3612 785 εἴ
3665 727 3759 805 ἅρ-

2097 837 2238 892 χων·
2291 820 2473 895 ὥσπερ
2508 822 2931 896 εἰρωνευόμενος
2969 823 3105 894 πρὸς
3153 819 3348 885 αὐτοὺς
3403 819 3574 896 λέγει·
3645 819 3761 877 Οὐκ

2095 903 2292 963 ἔλαϐον
2351 911 2450 980 τήν
2529 912 2716 986 χώραν
2791 913 2889 981 τήν
2956 911 3134 967 ἐπάνω
3214 906 3544 972 Βαϐυλῶνος
3585 955 3600 979 ,
3665 909 3757 964 καὶ

2097 996 2356 1068 Χαλάνην
2408 1003 2542 1074 (88).
2591 1000 2780 1069 Οὔπω,
2837 1002 2991 1078 φησὶ,
3041 1001 3237 1078 γὲγονα
3274 1000 3486 1054 πάντων
3541 999 3754 1073 κύριος·

2099 1087 2342 1164 ἐκφεύγει
2397 1110 2503 1162 μου
2573 1092 2672 1159 τὴν
2735 1089 3010 1166 βασιλείαν
3059 1093 3094 1161 ἡ
3145 1091 3304 1166 χώρα
3341 1092 3376 1159 ἡ
3423 1088 3605 1144 ἐπάνω
3657 1096 3760 1146 Βα-

2098 1171 2366 1245 ϐυλῶνος,
2421 1180 2507 1233 xui
2558 1185 2592 1248 ἡ
2627 1179 2871 1251 Χαλάνη,
2931 1184 3004 1234 Οὔ
3053 1180 3080 1234 ὁ
3133 1177 3341 1254 πύργος
3389 1175 3755 1252 ᾠκοδομήθη.

2099 1265 2313 1341 Πύργον
2351 1267 2444 1338 μὶν
2499 1265 2589 1322 οὖν
2633 1267 2842 1342 ἐβεῖνον
2893 1266 3042 1343 λέγει
3086 1267 3176 1322 τὸν
3211 1267 3465 1342 ἀρχαῖον,
3500 1266 3557 1322 ὃν
3594 1266 3646 1322 ἐν
3681 1273 3752 1341 εῷ

2098 1352 2270 1428 πεδίῳ
2299 1361 2377 1428 τῷ
2412 1357 2612 1433 Σεναὰρ
2644 1355 3029 1431 ᾠκοδόμησαν,
3077 1357 3337 1421 εἷ’πόντες·
3392 1361 3573 1426 Δεῦτε,
3605 1357 3750 1412 oixc-

2100 1443 2416 1518 δομήσομεν
2489 1447 2700 1509 ἑαυτοῖς
2769 1446 2931 1503 πόλιν
3003 1447 3092 1502 καὶ
3167 1448 3369 1520 πύργον
3405 1489 3419 1515 ,
3499 1447 3604 1523 πρὸ
3657 1452 3751 1501 τοῦ

2101 1531 2532 1609 διαχωρισθῆναι
2603 1539 2751 1608 ἡμᾶς
2827 1537 2918 1593 ἀπ’
2975 1533 3266 1607 ἀλλήλων,
3326 1533 3388 1590 οὗ
3445 1539 3480 1606 ἡ
3540 1534 3751 1615 κεφαλὴ

2099 1618 2244 1678 ἔσται
2303 1621 2406 1686 ἕως
2461 1630 2559 1680 τοῦ
2619 1624 2870 1701 ούρανοῦ.
2928 1627 3002 1682 Τὸ
3052 1623 3109 1681 δὲ
3137 1633 3231 1696 νῆς
3289 1623 3551 1696 Χαλάνης
3583 1622 3756 1700 ὄνομα

2101 1712 2200 1767 οὐκ
2244 1711 2579 1786 ἐντέτριπται
2637 1715 2727 1790 τῇ
2759 1718 2960 1792 χρήσει
3013 1722 3112 1786 τῆς
3165 1718 3402 1794 Γραφῆς.
3452 1715 3755 1791 Εἶκάζομεν

2102 1799 2158 1857 δὶ
2215 1802 2338 1876 περὶ
2367 1804 2468 1873 τὴν
2514 1800 2863 1860 Βαϐυλωνίαν
2922 1822 3027 1860 που
3082 1810 3316 1876 κεῖσθαι,
3355 1802 3542 1874 Ξπειδὴ
3575 1807 3612 1876 ἡ
3645 1808 3761 1864 Βα-

2101 1886 2286 1946 ϐυλών
2334 1891 2473 1948 ἐστιν
2527 1893 2813 1967 ἐπώνυμος
2858 1898 2926 1969 τῇ
2981 1893 3244 1970 συγχύσει
3303 1897 3408 1948 τῶν
3467 1891 3762 1972 γλωσσῶν,

2101 1981 2160 2044 ἃς
2191 1985 2439 2059 συνίχεεν
2489 1985 2518 2039 ὁ
2569 1985 2790 2062 Κύριος,
2835 1987 2934 2055 τήν
2985 1985 3120 2060 πρὸς
3149 1985 3214 2040 τὸ
3242 1985 3404 2041 κακὸν
3431 1985 3752 2064 συμφωνίαν

2100 2069 2365 2130 διασπῶν.
2427 2075 2572 2145 Φησὶ
2618 2074 2720 2151 γὰρ
2762 2077 2796 2145 ἡ
2828 2077 3038 2151 Γραφή,
3100 2074 3181 2130 δτι
3238 2073 3447 2147 ἐκλήθη
3478 2076 3541 2131 τὸ
3574 2071 3756 2151 ὄνομα

2096 2162 2193 2218 τοῦ
2223 2162 2394 2218 τόπου
2428 2162 2632 2219 ἐκείνου
2680 2163 2968 2241 σύγχυσις,
3010 2161 3287 2241 Ἑϐραῖστὶ
3323 2163 3373 2219 δῖ
3406 2161 3582 2220 Βαὸἐλ
3619 2169 3754 2241 (89).

2096 2247 2330 2308 *Ελαϐον
2416 2250 2494 2327 δὲ,
2571 2255 2757 2332 φησὶν,
2838 2249 3094 2330 Ἀραϐίαν
3163 2254 3253 2309 καὶ
3327 2255 3611 2327 Δαμασκὸν
3666 2257 3753 2311 καὶ

2099 2340 2430 2418 Σαμάρειαν.
2535 2344 2632 2400 Ὀν
2727 2343 2927 2418 τρόπον
3029 2342 3226 2407 ταύτας
3327 2338 3562 2416 ἔλαϐον,
3665 2345 3755 2400 xui

2097 2430 2268 2494 πάσας
2357 2432 2426 2486 τὰ
2519 2432 2694 2509 ἀρχὰς
2792 2433 3068 2508 λήψομαι.
3165 2433 3315 2487 Ἐπεὶ
3399 2435 3491 2488 οὗν
3584 2435 3752 2507 ἑαυτῷ

2097 2515 2260 2574 ἔλαϐε
2317 2520 2381 2575 τὸ
2446 2520 2616 2584 πάσας
2685 2520 2936 2577 δύνασθαι
3016 2522 3366 2598 ὑποχειρίους
3424 2529 3599 2578 ποιεῖν
3649 2524 3742 2586 τὰς

2098 2607 2309 2682 πόλεις,
2359 2610 2447 2665 xui
2495 2612 2557 2666 οὐ
2608 2615 2852 2684 συνῆκεν,
2905 2611 2987 2667 ὅτι
3021 2613 3316 2686 ἀνθρώπων
3346 2611 3636 2690 ἐκράτησεν
3685 2612 3745 2668 οὗ

2099 2696 2168 2753 δι’
2227 2698 2426 2755 οἰκείαν
2469 2698 2719 2774 δύναμιν,
2779 2700 2924 2758 ἀλλὰ
2979 2699 3069 2757 διὰ
3119 2703 3219 2771 τὴν
3279 2701 3596 2775 οἰκονομίαν
3654 2706 3750 2757 τοῦ

2098 2785 2451 2854 παιδεύοντος
2525 2790 2652 2852 τοὺς
2732 2790 3125 2867 ἡμαρτηκότας
3195 2795 3328 2846 Θεοῦ
3384 2790 3746 2865 περιεγένετο,

2097 2876 2292 2933 τούτου
2323 2875 2498 2934 ἕνεκεν
2533 2881 2733 2955 θρήνου
2755 2879 2913 2936 αὐτὸν
2947 2879 3091 2952 ἄξιον
3122 2881 3149 2936 ὁ
3177 2878 3514 2957 προφητικὸς
3541 2879 3745 2942 τίθεται

2100 2967 2282 3044 λόγος.

2169 3062 2295 3116 236.
2377 3059 2707 3131 Ὀλολύξατε
2789 3059 2856 3114 τὰ
2932 3057 3148 3136 γλυπτᾶ
3226 3057 3277 3114 ἰν
3358 3054 3746 3134 Ἰερουσαλὴμ,

2102 3149 2191 3205 καὶ
2250 3148 2302 3205 ἐν
2365 3151 2645 3227 Σαμαρείᾳ
2679 3195 2691 3208 .
2769 3151 2866 3208 Ὃν
2941 3149 3143 3225 τρόπον
3203 3148 3304 3224 γὰρ
3356 3145 3588 3218 ἐποίησα
3646 3152 3752 3200 Σα-

2106 3242 2342 3315 μαρείᾳ,
2421 3240 2512 3296 καὶ
2599 3245 2716 3304 τοῖς
2796 3241 3216 3316 χειροποιήτοις
3301 3238 3524 3310 αὐτῆς,
3609 3231 3752 3291 οὕτω

2099 3332 2316 3401 ποιήσω
2398 3333 2466 3404 τῇ
2745 3327 3110 3403 Ἰερουσαλὴμ
3142 3372 3157 3399 ,
3228 3326 3318 3382 καὶ
3397 3332 3514 3388 τοῖς
3600 3322 3754 3380 εΐδώ-

2100 3417 2220 3481 λοις
2295 3419 2484 3488 αὐτῆς.
2570 3423 2695 3482 Πῶς
2771 3416 3024 3490 ὁλολύξει
3090 3416 3328 3494 γλυπτὰ,
3385 3414 3418 3471 ἃ
3473 3413 3534 3470 ἐκ
3588 3414 3753 3488 ξύλου

2099 3508 2188 3562 καὶ
2247 3506 2407 3571 λίθόκ
2570 3529 2714 3570 τινος
2792 3506 2970 3577 ἄλλης
3028 3505 3164 3578 ὕλης
3217 3504 3350 3574 ἐστὶ,
3435 3502 3754 3583 μορφούσης

2102 3595 2235 3651 αύτᾶ
2298 3604 2398 3666 τῆς
2460 3598 2663 3672 τίχνης
2722 3595 2799 3660 εἷς
2849 3597 3148 3673 ἀνθρώπων
3209 3594 3438 3662 εῗκόνας,
3498 3594 3533 3664 ἢ
3597 3593 3752 3664 ζώων

2100 3684 2317 3762 ἀλόγων
2401 3685 2786 3762 τετραπόδων,
2874 3686 2909 3755 ἢ
2989 3683 3232 3757 πτηνῶν,
3317 3686 3351 3755 ἢ
3426 3682 3516 3738 xui
3593 3681 3750 3757 ἑρπε-

2100 3783 2232 3849 τῶν,
2293 3781 2381 3833 οἴα
2455 3778 2523 3833 τὰ
2585 3782 2694 3832 τῶν
2773 3776 3087 3852 Αἰγυπτίων
3163 3773 3303 3829 ἐστὶν
3371 3771 3750 3851 ἀφιδρύματω

2102 3865 2448 3944 Ὀλολυγμὸς
2521 3863 2578 3922 δέ
2651 3865 2763 3921 ἐστι
2831 3866 2984 3943 φωνὴ
3048 3862 3289 3938 λυπηρὰ,
3367 3860 3561 3932 ὀδύνην
3628 3881 3756 3935 καρ-

2101 3955 2220 4019 δίας
2293 3959 2494 4030 ἀσημῳ
2568 3957 2675 4011 τινὶ
2744 3955 2966 4033 φθόγγῳ
3039 3957 3376 4028 παριστῶσα.
3471 3955 3593 4014 Πῶς
3663 3949 3756 4006 οὗν

2101 4045 2354 4118 ὀλολύξει
2411 4045 2664 4122 γλυπτά;
2718 4047 2840 4103 Ὃτι
2887 4049 3005 4107 τοῖς
3061 4045 3164 4099 ὑπὸ
3218 4045 3422 4119 χειρῶν
3476 4039 3752 4117 ἀγθρωπί-

2097 4157 2203 4192 νων
2237 4139 2351 4210 (91)
2408 4136 2867 4214 μεμορφωμίνοις
2919 4132 3102 4205 ξύλοις
3138 4135 3173 4205 ἢ
3220 4131 3418 4202 λίθοις,
3450 4133 3486 4203 ἢ
3529 4151 3635 4185 που
3663 4130 3756 4185 καὶ

2098 4230 2288 4302 χρυσῷ
2334 4224 2424 4279 καὶ
2479 4224 2696 4301 ἀργύρῳ
2748 4225 2783 4294 ἢ
2826 4221 3100 4300 ἰλὲφαντι,
3129 4223 3164 4293 ἢ
3207 4223 3304 4277 ὅσα
3333 4219 3478 4278 ἄλλα
3504 4219 3689 4294 τιμίας
3718 4220 3755 4291 ii

2097 4316 2437 4391 ἀτιμωτὲρας
2466 4313 2603 4384 ὕλης
2635 4312 2747 4368 ἐστί
2777 4312 2923 4388 παρὰ
2951 4314 3069 4376 τοῖς
3099 4309 3300 4377 ἔθνεσιν
3334 4307 3538 4366 εἷ’δωλα
3584 4329 3754 4385 προσ-

2096 4403 2569 4478 νούμενα,τούτοις
2601 4401 2660 4458 ἐκ
2677 4407 2775 4458 τοῦ
2805 4403 3039 4482 ἀφανοῦς
3064 4399 3314 4476 δαίμονες
3332 4420 3470 4466 τινες
3491 4397 3754 4476 προστάν-

2093 4517 2181 4558 τες
2222 4496 2702 4570 παρακαθὲζονται,
2749 4497 2850 4560 τῆς
2883 4493 2988 4548 ἀπὸ
3039 4495 3144 4546 τῶν
3181 4492 3501 4565 μιασμάτων
3547 4485 3748 4560 ἡδονῆς

342 4573 584 4628 modum
618 4574 772 4628 enim
805 4575 864 4628 in
913 4573 1057 4630 locis
1089 4575 1490 4648 macellorum,
1548 4580 1646 4636 ubi
1705 4598 1877 4638 cruor
1931 4590 1987 4642 et

2102 4585 2488 4647 ἆπολαύοντες.
2523 4591 2720 4659 Ὠσπερ
2752 4585 2854 4659 γὰρ
2887 4581 2954 4638 τὰ
2982 4581 3152 4658 λίχνα
3188 4577 3401 4636 κυνίδια
3448 4580 3573 4655 περὶ
3623 4579 3748 4646 τοὺς

341 4662 587 4735 sanguis
609 4663 735 4734 jam
771 4669 1082 4736 corruptus
1131 4667 1441 4735 invenitur,
1491 4685 1664 4726 canes
1721 4675 1985 4744 cupediis

340 4753 520 4810 dediti
543 4758 984 4809 commorantur
1012 4770 1024 4808 :
1059 4755 1140 4810 ita
1156 4760 1212 4810 et
1241 4757 1537 4814 daemones
1557 4759 1704 4830 gulae
1735 4764 1988 4821 servien-

335 4846 445 4915 tes,
469 4842 950 4916 voluptatemque
1005 4861 1073 4900 ex
1105 4846 1394 4917 sanguine
1431 4863 1498 4904 ac
1529 4849 1731 4907 nidore
1762 4855 1984 4910 sacriﬁ-

336 4931 561 4989 ciorum
592 4936 922 5005 captantes,
991 4933 1146 4990 circa
1176 4951 1308 4991 aras
1340 4939 1687 5012 statuasque
1709 4940 1820 4998 sibi
1843 4959 1982 5001 con-

405 5073 450 5109 ⁸⁸
477 5075 546 5133 IV
569 5074 710 5148 Reg.
742 5092 903 5147 xvm,
933 5076 1024 5131 24.
1049 5075 1093 5112 ⁵⁸
1114 5076 1257 5133 Gen.
1280 5094 1360 5147 χι,
1385 5079 1436 5134 4.
1470 5079 1512 5114 ⁵⁷
1549 5080 1693 5137 ibid.
1725 5084 1777 5140 9.

403 5232 516 5315 (81)
548 5234 872 5315 Mirari_hic
903 5239 1065 5295 subit
1089 5239 1636 5315 Combeiisium,qui
1669 5249 1832 5303 tanto
1856 5263 1984 5304 mu-

330 5306 493 5394 tandi
526 5324 722 5394 amore
749 5310 974 5394 flagrat,
1029 5315 1094 5367 ut
1149 5329 1252 5384 pro
1311 5306 1638 5394 διπαλλάέας
1668 5317 1983 5394 legendum

333 5380 500 5459 putet
541 5377 857 5459 ἐπελάσαςῗ
891 5387 1039 5459 Sane
1080 5377 1194 5440 no'n
1255 5377 1671 5444 animadvertit
1708 5377 1794 5445 vir
1841 5391 1985 5449 alio-

334 5450 476 5532 quin
536 5450 867 5532 Graecarum
936 5453 1258 5532 litterarum
1326 5460 1722 5532 pertissimus,
1783 5479 1982 5522 vocem

332 5524 644 5608 utramque
665 5523 867 5608 eadem
898 5523 1375 5608 planesententia
1398 5548 1511 5589 non
1536 5551 1663 5590 raro
1682 5523 1978 5608 usurpari.

401 5593 646 5679 (‘8'8)Hio
679 5595 841 5663 editi,
891 5593 977 5650 xui
1039 5599 1311 5669 Χαλάνης.
1373 5609 1447 5660 At
1505 5622 1649 5663 mss.
1711 5593 1846 5679 sex,‘
1880 5593 1980 5663 καὶ

330 5661 600 5734 mum.

2095 4681 2203 4733 τῶν
2259 4674 2549 4751 μακέλλων
2595 4673 2818 4747 τόπους,
2862 4673 2913 4728 ἐν
2957 4676 3039 4737 οἷς
3068 4675 3205 4746 αἷμα
3236 4670 3327 4726 καὶ
3361 4671 3582 4747 ίχῶρες,
3635 4666 3752 4723 δια·

2095 4761 2394 4844 τρίϐουσιν·
2446 4765 2588 4820 οὕτω
2649 4764 2737 4819 xui
2787 4763 2854 4818 τὰ
2901 4762 3070 4837 λίχνοι
3121 4759 3400 4836 δαιμόνια,
3459 4759 3755 4836 θηρώμενα

2092 4858 2192 4927 τὴν
2225 4857 2331 4912 ἀπὸ
2380 4860 2487 4911 τῶν
2535 4854 2780 4928 αἱμάτων
2827 4852 2916 4908 καὶ
2970 4858 3068 4922 τῆς
3108 4852 3330 4922 κνίσσης
3379 4854 3486 4906 τῶν
3550 4851 3751 4904 θυσιῶν

2094 4946 2416 5017 ἀπόλαυσιν,
2456 4944 2579 5019 περὶ
2611 4943 2736 5006 τοὺς
2775 4941 2998 5018 βωμοὺς
3032 4939 3278 5011 εἰλεῖται,
3335 4940 3424 4997 καὶ
3457 4939 3526 4996 τὰ
3581 4937 3756 5015 ἁγάλ-

2166 5253 2276 5325 (89)
2307 5250 2460 5308 Editi
2489 5254 2548 5308 et
2578 5250 2718 5323 Reg.
2751 5250 3005 5325 primus,
3077 5243 3292 5325 Βειὸἑλ.
3314 5249 3422 5304 Alii
3455 5252 3574 5304 tres
3607 5262 3749 5325 mss:

2096 5316 2269 5396 Regii
2289 5341 2422 5379 cum
2457 5316 2704 5394 utroque
2729 5316 2914 5396 Golb.,
2965 5316 3142 5396 Ἀμάϐ
3199 5323 3308 5396 ubi
3357 5328 3558 5396 tamen
3593 5317 3751 5396 illud

2095 5391 2555 5522 fstngtgniium,
2589 5391 2743 5468 quod
2775 5395 2832 5449 in
2858 5394 3123 5466 margine
3153 5394 3311 5466 Regii
3367 5393 3561 5467 quarti
3593 5391 3750 5463 lega-

2122 5485 2210 5522 ur.
2281 5488 2311 5521 α
2353 5488 2376 5520 ε
2421 5509 2434 5522 .

2093 5473 2210 5534 tur,
2234 5467 2434 5524 Βαῦἐλ.

2165 5541 2274 5611 (90)
2308 5539 2480 5604 Editi,
2504 5535 2614 5593 καί.
2651 5536 2934 5611 Atnostri
2963 5552 3064 5611 sex
3098 5553 3268 5611 mss.,
3294 5540 3385 5610 τῇ.

2165 5604 2278 5683 (91)
2308 5611 2549 5684 Antiqui
2583 5607 2860 5676 sexlibri,
2890 5604 3263 5684 ἀνθρωπίνωνξ
3321 5604 3494 5676 Editi,
3530 5604 3744 5680 ἀνθρώ-

2091 5701 2227 5740 πων.
2263 5679 2394 5742 Mox
2433 5679 2656 5755 aliquot
2678 5697 2848 5751 mss.,
2879 5681 2968 5737 xui
2988 5679 3272 5760 ὶλᾶφαντι.
