4150 6394
360 354 480 418 533

1201 346 1605 409 COMMENT.
1651 346 1730 407 ΙΝ
1775 346 2050 406 ISAIAM
2095 345 2602 406 PRUPHETAM.
2653 350 2824 406 CAP.
2873 347 2944 407 X.

3668 348 3785 408 534

367 502 509 558 ματα
532 483 600 538 τὰ
629 479 814 543 αὐτοῖς
865 478 1207 552 ἀνακείμενα.
1262 475 1416 554 Τάχα
1465 477 1565 552 γάρ
1605 497 1711 531 που
1760 474 1850 530 καὶ
1905 475 2014 550 τρὲ-

2143 478 2398 531 sacratas
2428 476 2788 533 volutantur.
2839 479 3009 535 Forte
3037 479 3193 535 enim
3229 480 3578 536 nutriuntur
3606 481 3784 538 etiam

362 594 515 653 φεται
564 572 632 627 τὰ
679 571 832 646 ἀὲρια
871 569 1099 643 σώματα
1147 567 1345 638 αὐτῶν,
1390 565 1514 636 ἤτοι
1568 565 1656 620 καὶ
1710 563 1932 640 πύρινα,
1981 565 2015 634 ἢ

2129 582 2332 621 eorum
2364 581 2626 638 corpora,
2661 585 2786 639 quas
2823 569 2940 624 aeri
2975 575 3116 626 sunt
3141 575 3242 626 aut
3291 571 3497 643 ignita,
3558 575 3661 628 aut
3715 587 3786 629 ex

361 650 449 719 καὶ
485 662 535 735 ἐξ
569 660 894 739 ἀμφοτέρων
951 662 1058 714 τῶν
1111 657 1399 733 στοιχείων
1443 656 1626 729 μικταὶ,
1661 655 1909 712 Δείκνυσι
1961 650 2014 708 δὲ

2130 659 2380 726 utroque
2415 655 2702 713 elemento
2748 659 3094 730 composita.
3138 660 3287 726 Quin
3337 665 3394 716 et
3443 665 3781 734 Regnorum

359 752 450 808 καὶ
507 754 542 822 ἡ
576 751 791 826 ΐστορια
817 753 925 805 τῶν
961 745 1279 817 Βασιλείων,
1311 746 1394 801 ὅτι
1430 743 1775 820 προσεδρεύει
1830 746 1864 812 ἡ
1901 741 2016 798 δαι-

285 875 289 877 λ
364 842 564 916 μονική
613 838 840 912 δόναμις
888 843 1004 900 τοῖς
1049 837 1490 912 ἐπιφημισθεῖσιν
1532 837 1719 896 αὐτοῖς
1762 833 2015 910 ἀγάλμα-

361 952 461 986 σιν.
521 923 760 987 Ἒλαϐον
815 927 941 1004 γὰρ,
995 925 1181 1005 φησὶν,
1231 927 1280 980 οἱ
1332 923 1640 1003 ἀλλόφυλοι
1686 925 1785 992 τήν
1840 919 2014 978 κιϐω-

359 1021 450 1077 τὸν
502 1023 599 1076 τοῦ
651 1021 818 1088 Θεοῦ,
876 1015 965 1071 καὶ
1021 1014 1303 1092 εἰσήγαγον
1362 1015 1532 1083 αὐτὴν
1606 1013 1845 1090 ἐχόμενα
1901 1014 2014 1086 (92)

365 1110 571 1185 Δαγὼν,
628 1106 717 1162 καὶ
788 1106 1084 1182 ὣρθρωσαν
1162 1105 1214 1160 οἱ
1277 1105 1532 1174 Ἀζώτιοι
1598 1107 1667 1177 τῇ
1735 1103 2013 1178 ἐπαύριον,

363 1201 450 1255 καὶ
508 1195 620 1253 ἰδοὺ
693 1195 884 1272 Δαγὼν
951 1195 1252 1258 πεπτωκὼς
1305 1193 1382 1258 εἷς
1435 1193 1502 1249 τὰ
1559 1190 1857 1268 ἔμπροσθεν
1919 1191 2013 1246 αύ-

359 1291 455 1344 τοῦ
484 1285 570 1342 ἰπὶ
628 1286 728 1356 τὴν
786 1292 911 1360 γῆν.
972 1283 1180 1342 Οὐκοῦν
1237 1283 1421 1358 Δαγών
1483 1284 1577 1356 μὲν
1618 1283 1773 1351 ἦντὸ
1806 1282 2016 1358 ὁρώμε-

356 1397 447 1432 νον
478 1374 718 1452 ἄγαλμα·
781 1375 810 1429 6
842 1372 899 1430 δε
929 1373 1141 1429 πίπτων
1172 1373 1260 1428 ἐπὶ
1309 1371 1625 1446 πρόσωπον,
1682 1373 1709 1427 ὁ
1743 1369 1951 1444 δαίμων
1986 1374 2014 1426 6

356 1465 658 1539 νικώμενος
689 1463 794 1520 ὑπὸ
822 1470 922 1534 τῆς
973 1463 1098 1539 περὶ
1127 1463 1226 1532 τήν
1276 1457 1485 1517 κιϐωτὰ
1514 1465 1613 1516 τοῦ
1645 1465 1778 1515 Θεοῦ
1829 1457 2010 1531 δόξης·

353 1557 443 1612 καὶ
473 1555 691 1612 πίπτων
727 1555 821 1629 μὲν
853 1553 1017 1617 αὑτὸς
1050 1551 1137 1608 ἐπὶ
1165 1554 1277 1627 (93)
1298 1551 1616 1628 πρόσωπον,
1647 1545 2016 1626 συγκαταϐάλ-

359 1644 470 1702 λων
502 1642 559 1701 δὶ
589 1645 763 1718 ἑαυτῷ
792 1644 854 1700 τὸ
884 1641 1402 1721 χειροποίητον.Διά
1429 1646 1590 1697 τοῦτο
1622 1642 1672 1696 οἱ
1695 1641 1762 1696 τὰ
1791 1638 2016 1696 εἰδωλό-

355 1735 488 1790 θυτα
516 1732 804 1803 ἐσθίοντες,
835 1733 1085 1789 κοινωνοὶ
1110 1733 1379 1808 τραπέζης
1411 1730 1664 1808 λέγονται
1716 1728 2013 1804 δαιμόνων.

2128 745 2374 800 historia
2402 750 2752 817 potestatem
2787 749 3166 805 daemonicum
3199 751 3415 807 statuis
3446 751 3558 807 sibi
3616 752 3777 808 dedi-

2129 834 2273 891 catis
2304 834 2566 892 assidere
2597 837 2873 893 declarat.
2911 840 3187 911 Ceperunt
3216 840 3616 913 enim,inquit,
3639 842 3777 897 alie-

2124 927 2339 997 nigenae
2369 942 2558 981 arcam
2589 928 2711 996 Dei,
2742 936 2795 983 et
2832 930 3139 985 intulerunt
3165 947 3290 984 eam
3315 932 3494 1003 {juxta
3540 933 3734 1005 Dagon
3755 948 3776 987 :

2125 1018 2176 1071 et
2204 1024 2568 1072 surrexerunt
2600 1033 2760 1072 mane
2805 1019 2988 1074 Azotii
3012 1022 3225 1089 postero
3245 1020 3350 1088 die,
3402 1023 3452 1076 et
3507 1035 3625 1076 ecce
3665 1022 3772 1077 Da-

2124 1122 2232 1175 gon
2259 1107 2412 1164 559
2454 1108 2517 1160 in
2539 1107 2743 1178 faciem
2767 1123 2928 1162 suam
2948 1117 3235 1164 corruerat
3266 1126 3431 1180 super
3462 1117 3667 1166 terram
3705 1110 3769 1165 ⁸⁸.

2123 1196 2511 1265 Simulacrum
2546 1197 2744 1268 itaque
2776 1198 2932 1268 quod
2968 1199 3458 1271 conspiciebatur,
3480 1204 3604 1256 erat
3657 1200 3770 1256 Da-

2125 1303 2239 1360 gon
2269 1287 2408 1359 ;qui
2429 1303 2562 1343 vero
2595 1287 2882 1343 ceciderat
2938 1287 2997 1342 in
3054 1287 3257 1343 faciem
3311 1306 3500 1356 suam,
3545 1291 3773 1346 daemon

2124 1380 2270 1443 erat,
2316 1393 2348 1431 a
2378 1376 2563 1448 gloria
2594 1393 2739 1432 arcas
2761 1376 2862 1433 Dei
2894 1377 3254 1433 circumfusa
3283 1383 3612 1450 prostratus
3637 1397 3651 1449 ;
3673 1380 3773 1452 qui

2125 1467 2257 1538 ipse
2283 1467 2503 1522 corruit
2563 1467 2799 1538 quidem
2830 1466 2892 1521 in
2940 1467 3170 1538 faciem,
3222 1483 3422 1523 secum
3479 1483 3616 1524 vero
3650 1485 3772 1526 rem

2124 1556 2549 1612 imanufactam
2573 1556 2780 1627 dejecit
2809 1573 2876 1612 ac
2905 1557 3128 1612 evertit.
3162 1557 3309 1612 Hinc
3341 1556 3440 1629 qui
3463 1564 3780 1614 vescuntur

2122 1644 2486 1718 idolothytis,
2519 1645 2833 1718 participes
2865 1646 3143 1701 dicuntur
3202 1663 3416 1702 mensas
3470 1647 3778 1704 daemonio-

2125 1752 2279 1790 rum.
2314 1734 2460 1791 Cum
2495 1735 2651 1791 enim
2681 1734 2919 1791 victima
2959 1736 3201 1790 oii'ertur
3247 1735 3401 1791 idolo
3463 1737 3527 1807 ‘9,
3589 1736 3776 1809 portio

352 1821 578 1893 Ἐπειδὴ
629 1823 692 1879 τὸ
753 1824 999 1902 σφάγιον,
1055 1823 1118 1877 τὸ
1173 1821 1581 1898 προσαγόμενον
1639 1825 1720 1893 τῷ
1775 1818 2014 1894 εἰδώλῳ,

2130 1823 2323 1896 aliqua
2379 1825 2553 1880 etiam
2604 1824 2888 1880 assidenti
2949 1824 3199 1880 daemoni
3229 1825 3584 1893 destinatur,
3638 1843 3773 1882 cum

351 1912 759 1991 προσεμερίσθη
785 1934 838 1968 τι
896 1912 986 1968 καὶ
1037 1910 1113 1977 εἷς
1161 1912 1252 1967 τὸν
1311 1907 1710 1987 παρεδρεύοντα
1758 1907 2012 1982 δαίμονα,

353 1999 414 2060 Kx
463 2024 524 2058 τε
571 2005 670 2059 τοῦ
724 1999 1116 2079 ἐξαερουμὲνου
1170 2002 1285 2075 (94)
1342 1999 1592 2074 α’ίματος,
1653 1998 1742 2055 καὶ
1800 1998 1860 2054 ἐκ
1915 2004 2014 2067 τῆς

352 2094 816 2168 ἀναθυμιωμὲνης
847 2091 1115 2167 πιμελῆς,
1175 2091 1265 2148 καὶ
1319 2096 1423 2146 τῶν
1488 2090 1698 2148 λοιπῶν
1726 2095 1832 2146 τῶν
1888 2089 2013 2145 ὁλο-

352 2185 748 2258 καυτωμάτων.
810 2177 1188 2258 λαμϐάνοντάς
1244 2203 1368 2238 τινα
1427 2178 1626 2257 μερίδα
1661 2184 1759 2236 τοῦ
1817 2178 2010 2253 δαιμο-

351 2273 488 2332 νίου.
523 2273 622 2329 Καὶ
678 2274 708 2329 6
760 2273 866 2328 ἀπὸ
904 2277 1007 2328 τοῦ
1035 2271 1305 2347 ποτηρίου
1330 2271 1522 2341 πίνων,
1552 2270 1641 2346 ἀφ’
1673 2271 1734 2326 οὗ
1764 2273 1798 2340 ἡ
1850 2290 2010 2325 σπον-

354 2361 444 2432 δὴ,
476 2365 741 2440 ποτήριον
795 2361 940 2418 πίνει
969 2359 1292 2435 δαιμονίων.
1328 2362 1426 2416 Διά
1453 2364 1616 2416 τοῦτο
1665 2357 1915 2430 ὁλολύξει
1946 2358 2013 2414 τὰ

352 2452 608 2528 γλυπτὰ,
664 2452 910 2507 τουτέστι
967 2451 1035 2506 τὰ
1082 2450 1351 2524 ὁμώνυμα
1406 2454 1522 2512 τοῖς
1579 2447 1846 2524 γλυπτοῖς
1904 2445 2014 2502 δαι-

358 2543 539 2617 μόνια.
593 2541 699 2598 Καὶ
727 2542 852 2596 ὅταν
887 2539 1139 2617 λέγηται,
1168 2538 1250 2594 ὅτι
1282 2541 1432 2612 Ἥξει
1463 2538 1539 2601 είς
1580 2535 1855 2612 Αἴγυπτον
1906 2536 2013 2592 Κύ-

354 2653 490 2708 ριος.
525 2631 615 2686 καὶ
648 2632 989 2701 σεισθήσεται
1040 2628 1107 2685 τὰ
1160 2629 1524 2705 χειροποίητα
1572 2627 1861 2701 Αἷγύπτοο,
1922 2626 2013 2680 καὶ

355 2723 390 2792 ἡ
444 2718 639 2796 καρδία
689 2720 865 2775 αὐτῶν
927 2719 1314 2791 ἡττηθήσεται,
1376 2718 1476 2788 τὴν
1542 2716 1706 2788 αὐτὴν
1779 2713 2014 2772 διάνοιαν

355 2810 716 2888 ἶξηγούμεθα.
763 2809 846 2868 Τὰ
894 2808 996 2885 γὰρ
1051 2805 1338 2882 δαιμόνια,
1396 2809 1463 2862 τὰ
1519 2802 2015 2884 πρυσδιατρίϐοντα

353 2905 436 2973 τῷ
483 2898 745 2977 περιγείῳ
791 2898 988 2972 τόπῳ,
1030 2900 1369 2969 σεισθήσεται
1424 2895 1874 2975 φυγαδευύμενα,
1924 2895 2013 2951 καὶ

356 2988 436 3052 εἲς
463 2990 554 3045 τὸν
589 2989 789 3044 οἰκεῖον
834 2995 934 3057 τῆς
980 2982 1216 3042 ἀϐύσσου
1265 2985 1665 3057 ἀπελαθήσεται
1715 2985 1906 3056 τόπον,
1961 2984 2011 3039 ἐν

353 3078 421 3152 τῇ
479 3075 749 3149 ἐπιδημίᾳ
806 3080 904 3132 τοῦ
963 3075 1192 3147 Κυρίου.
1253 3077 1352 3130 Διά
1405 3079 1570 3130 τοῦτο
1622 3073 2014 3148 ὲπικατάρατος

355 3169 460 3228 πᾶς
491 3165 640 3226 ὅστις
670 3165 891 3234 ποιήσει
920 3161 1184 3239 γλυπτὸν,
1214 3162 1302 3216 καὶ
1329 3164 1441 3235 (95)
1498 3161 1796 3236 χωνευτὸν,
1856 3157 2014 3235 ἔργον

356 3256 561 3329 χειρῶν
597 3251 871 3328 τεχνίτου,
927 3249 1018 3306 καὶ
1078 3253 1231 3321 θήσει
1285 3248 1414 3304 αὐτὸ
1473 3249 1522 3304 ἂν
1557 3249 1872 3326 ἀποκρύφῳ,
1929 3249 2011 3303 δτι

352 3341 518 3397 κακὸν
551 3343 724 3414 ἑαυτῷ
755 3341 1103 3416 θησαύρισμα
1134 3336 1222 3395 διὰ
1245 3344 1342 3394 τοῦ
1382 3337 1628 3416 γλυπτοῦ
1676 3339 1768 3393 τὸν
1821 3338 2014 3393 ἐπακο-

354 3428 658 3486 λουθοῦντα
688 3429 836 3502 αὐτῷ
865 3427 1098 3503 δαίμονα
1128 3428 1456 3504 ἐπηγάγετο,
1480 3429 1567 3484 moi.
1629 3427 1859 3503 κατάραν
1914 3428 2009 3483 σύ-

350 3539 536 3575 νοικον
569 3516 657 3574 διὰ
684 3522 782 3573 τοῦ
814 3515 1072 3592 δαίμονος
1104 3517 1462 3575 ἐπεσπάσατο.
1836 3523 1844 3531 ’

417 3628 543 3684 237·
605 3625 702 3681 Καὶ
788 3621 960 3694 ἔσται,
1038 3623 1162 3679 ὅταν
1224 3622 1513 3698 συντελέσῃ
1588 3623 1782 3700 Κόριος
1838 3623 2012 3680 πάντα

347 3721 519 3771 ποιῶν
587 3714 640 3771 ἐν
693 3719 773 3788 τῷ
830 3710 944 3786 ὄρει
997 3714 1180 3786 Σιὼν,
1229 3712 1320 3769 καί
1379 3713 1430 3769 ἐν
1491 3714 1856 3789 Ἰερουσαλὴμ
1912 3713 2011 3768 ἐπ-

349 3806 450 3878 έξει
510 3805 598 3861 ἐπὶ
651 3805 743 3860 τὸν
804 3807 926 3860 νοῦν
982 3804 1074 3859 τὸν
1137 3804 1300 3878 μέγαν
1359 3804 1469 3878 (96)
1499 3802 1592 3858 τὸν
1634 3801 1876 3880 ἄρχοντα
1901 3809 2009 3859 τῶν

353 3895 686 3971 Ἀσσυρίων,
767 3893 858 3950 καὶ
946 3893 1034 3948 ἐπὶ
1111 3893 1174 3948 τὸ
1258 3891 1394 3968 ὕψος
1477 3900 1576 3963 τῆς
1665 3890 1823 3966 δόξης
1902 3899 2009 3949 τῶν

360 3984 658 4065 ὀφθαλμῶν
719 3984 906 4041 αὐτοῦ.
965 3983 1113 4040 Μετὰ
1139 3984 1202 4038 τὸ
1233 3983 1527 4060 προστάξαι
1580 3989 1697 4046 τοῖς
1745 3982 2015 4060 γλυπτοῖς

357 4081 476 4140 τοῖς
505 4075 558 4131 ὲν
585 4072 900 4150 Ἰερουσαλή
912 4095 951 4147 μ
978 4073 1068 4128 καὶ
1099 4077 1218 4136 τοῖς
1248 4071 1299 4128 ἰν
1353 4073 1632 4149 Σαμαρείᾳ
1678 4071 2012 4148 ὀλολυγμὸν,

359 4165 450 4222 καὶ
508 4169 578 4239 τῇ
638 4163 721 4220 ἐπ’
771 4164 959 4226 αὐτοῖς
989 4160 1194 4238 ἆμειλῇ
1223 4165 1338 4218 οἷον
1370 4163 1781 4238 καθαρισθείσης
1818 4161 2013 4219 λοιπὸν

2125 1913 2482 1970 daemonium
2504 1917 2561 1969 et
2589 1930 2656 1969 ex
2689 1913 2974 1985 sanguine
3005 1915 3104 1984 qui
3137 1914 3314 1970 veluti
3334 1915 3391 1970 in
3425 1932 3614 1972 aerem
3647 1933 3773 1972 ver-

2125 2021 2227 2060 sus
2258 2007 2367 2071 est,
2399 2007 2455 2059 et
2484 2020 2550 2060 ex
2577 2003 2748 2076 adipe
2795 2003 3237 2076 suifumigante,
3289 2009 3346 2060 et
3402 2021 3470 2060 ex
3529 2005 3772 2079 reliquis

2123 2091 2481 2149 holocaustis
2529 2096 2754 2164 partem
2799 2092 3112 2163 quamdam
3154 2092 3266 2148 sibi
3313 2099 3598 2149 assumat.
3663 2095 3772 2160 Qui

2124 2188 2319 2240 autem
2353 2199 2421 2238 ex
2452 2181 2630 2238 calice
2661 2181 2930 2238 libamini
2950 2182 3352 2238 subserviente
3382 2183 3548 2252 bibit,
3579 2184 3630 2240 is
3677 2201 3776 2240 ca-

2123 2273 2293 2328 licem
2324 2271 2474 2326 bibit
2496 2272 2915 2327 dmmoniorum
2941 2272 3006 2324 5°.
3038 2273 3427 2338 Quamobrem
3460 2272 3779 2329 ululabunt

2124 2360 2417 2434 seuptilia,
2453 2360 2562 2416 hoc
2588 2361 3003 2430 esl,da3monia
3023 2377 3150 2432 quae
3173 2359 3327 2416 idem
3361 2378 3573 2418 nomen
3604 2368 3779 2435 atque

2124 2449 2423 2522 sculptilia
2455 2448 2740 2505 obtinent.
2776 2451 2966 2521 Atque
2997 2466 3129 2505 cum
3155 2450 3371 2505 dicitur
3429 2451 3570 2522 fore,
3603 2456 3669 2507 ut
3717 2453 3778 2508 in

2122 2541 2435 2613 [Egyptum
2484 2538 2770 2594 Dominus
2817 2538 3033 2609 veniat,
3091 2539 3434 2611 Egyptique
3509 2555 3770 2596 commo-

2123 2634 2368 2687 veantur
2399 2629 2757 2698 manufesta,
2819 2633 2878 2684 et
2931 2645 3129 2684 eorum
3175 2629 3410 2684 deﬁciat
3455 2631 3523 2700 ⁵1,
3589 2647 3774 2686 unum

2124 2721 2517 2792 eamdemque
2547 2735 2787 2776 sensum
2818 2735 2947 2775 esse
2969 2718 3773 2791 ducimus.D:cmonia,enim,

2125 2827 2251 2884 quas
2289 2809 2349 2866 in
2399 2809 2526 2865 loco
2574 2812 2738 2864 terras
2787 2808 3039 2864 ﬁnitimo
3109 2808 3497 2874 diversantur,
3570 2810 3775 2881 fugata

2125 2898 2568 2965 concutientur;
2602 2903 2780 2970 atque
2812 2897 3061 2953 Domino
3093 2897 3457 2968 adveniente,
3491 2897 3550 2954 in
3574 2899 3773 2968 abyssi

2122 2990 2317 3046 locum
2348 2987 2461 3044 sibi
2494 2988 2795 3060 prOprium
2825 2985 3279 3058 ablegabuntur.
3314 2989 3501 3052 Quare
3533 2987 3771 3043 maledi-

2122 3082 2240 3134 clus
2269 3078 2514 3150 quisquis
2541 3079 2710 3147 faetet
2758 3077 3035 3146 sculptile,
3060 3087 3112 3131 et
3142 3078 3313 3147 fusile
3342 3092 3474 3148 opus
3497 3093 3774 3133 manuum

2126 3167 2380 3238 artiﬁcis,
2407 3169 2458 3221 et
2500 3175 2666 3237 ponet
2706 3164 2846 3219 illud
2885 3166 2942 3218 in
3002 3165 3314 3221 abscondito
3371 3167 3437 3234 62,
3487 3168 3625 3238 quia
3674 3184 3776 3239 per

2128 3254 2401 3327 sculptile
2433 3252 2796 3324 comparavit
2827 3250 2937 3307 sibi
2963 3251 3181 3306 malum
3198 3253 3780 3322 thesaurum,da3mo-

2125 3362 2260 3401 nem
2311 3343 2534 3399 scilicet
2577 3341 2714 3397 huic
2760 3339 3139 3408 assidentem,
3191 3345 3248 3396 et
3297 3359 3399 3412 per
3448 3344 3772 3400 daemonem

2125 3433 2596 3489 maledictionem
2641 3427 3026 3486 domesticam
3064 3432 3241 3500 atque
3291 3431 3774 3490 contubernalem

2122 3521 2446 3579 accersivit.

2192 3631 2316 3686 237.
2349 3629 2519 3685 Vens.
2555 3627 2640 3682 12.
2674 3627 2739 3682 Et
2770 3626 2895 3692 erit,
2927 3641 3051 3681 cum
3080 3626 3544 3681 consummaverit
3581 3625 3772 3682 Domi-

2120 3736 2224 3777 nus
2248 3719 2439 3774 omnia
2462 3716 2670 3788 faciens
2701 3717 2759 3770 in
2812 3723 2998 3771 monte
3044 3714 3174 3770 Sion
3221 3717 3271 3768 et
3313 3713 3371 3768 in.
3414 3714 3721 3769 Jerusalem
3749 3732 3770 3778 ,-

2122 3810 2339 3868 inducet
2375 3822 2537 3879 super
2572 3811 2812 3861 mentem
2855 3821 3128 3877 magnam
3164 3804 3473 3875 principem
3518 3802 3769 3875 Assyrio-

2123 3917 2266 3970 rum,
2297 3902 2348 3955 et
2409 3912 2572 3968 super
2624 3895 2982 3951 altitudinem
3027 3894 3224 3966 gloria?
3282 3894 3564 3950 oculorum
3626 3893 3764 3961 eius.

2122 3990 2440 4058 Postquam
2473 3983 2792 4056 sculptilia,
2827 4001 2955 4056 quae
2978 3987 3144 4038 erant
3167 3983 3225 4037 in
3266 3981 3590 4038 Jerusalem
3620 3985 3677 4037 et
3705 3982 3765 4038 in

2122 4077 2407 4142 Samaria,
2440 4073 2668 4132 ululare
2688 4075 2862 4144 jussa
2891 4077 3050 4136 sunt.
3071 4074 3273 4145 eisque
3301 4073 3603 4128 intentata
3634 4075 3776 4128 sunt

2126 4168 2320 4235 minae,
2355 4164 2524 4238 quasi
2548 4165 2674 4236 jam
2706 4169 2862 4219 esset
2892 4168 3213 4235 expurgatu
3244 4161 3596 4233 Jerusalem,
3649 4161 3778 4218 ido-

358 4262 458 4326 τῆς
507 4252 879 4328 Ἱερουσαλὴν,
909 4251 1000 4308 καὶ
1047 4257 1145 4307 τοῦ
1179 4251 1283 4306 ὀπὸ
1337 4256 1444 4307 τῶν
1494 4249 1738 4308 εἰδώλων
1776 4252 2014 4325 μιάσμα-

2130 4256 2437 4326 lorumque
2469 4253 2770 4326 spurcitiis
2805 4253 3069 4316 liberata,
3105 4255 3161 4307 et
3213 4250 3442 4306 erudita
3488 4267 3552 4306 ao
3593 4251 3776 4306 casti-

351 4365 447 4408 τος
505 4341 991 4415 ἐλευθερωθείσης,
1050 4342 1144 4397 καὶ
1201 4339 1582 4413 παιδευθείσης
1630 4347 1748 4405 ταῖς
1779 4342 2014 4416 πληγαῖς

2130 4351 2262 4418 gata
2292 4361 2395 4417 per
2426 4342 2663 4399 ultrices
2696 4343 2921 4414 plagas,
2950 4358 3098 4414 quas
3135 4344 3334 4412 utpote
3364 4339 3621 4410 Assyriis
3668 4343 3783 4395 tra-

358 4441 478 4496 ταῖς
512 4430 888 4503 κολαπικαῖς,
915 4429 976 4493 ἂς
1007 4429 1096 4486 διὰ
1141 4434 1238 4485 106
1293 4428 1666 4504 παραδοθῆναι
1723 4438 1842 4496 τοῖς
1891 4438 2017 4488 Ἀσ-

356 4521 568 4597 συρίοις
599 4521 864 4594 ὑπέμενον
891 4522 1028 4595 (97),
1089 4519 1215 4576 τότε
1265 4518 1459 4575 λοιπὸν
1501 4519 1716 4576 ἀπειλεῖ
1773 4523 1800 4576 ὁ
1858 4519 2021 4596 λόγος

2129 4434 2251 4490 dita
2281 4432 2542 4505 pertulit,
2573 4436 2700 4487 tum
2724 4434 2954 4486 demum
2992 4431 3382 4485 comminatur
3413 4428 3719 4501 Scriptura
3737 4428 3784 4464 ⁸³

2135 4523 2369 4596 plagam
2393 4520 2745 4576 translatum
2777 4520 2848 4574 iri
2878 4519 2937 4574 in
2997 4520 3374 4591 Assyriorum
3427 4517 3778 4591 principem.

366 4591 455 4667 ἐπὶ
484 4612 580 4668 τὸν
605 4591 850 4687 ἄρχοντα
899 4591 1014 4665 ’τῶν
1074 4610 1373 4686 Ἀσσυρίων
1402 4609 1502 4679 τήν
1534 4607 1755 4686 πληγὴν
1792 4591 2014 4684 μεταθή-

2136 4611 2424 4678 Quoniam
2466 4609 2622 4665 enim
2667 4626 2846 4680 supra
2886 4610 3128 4663 modum
3181 4607 3369 4663 elatus
3419 4607 3616 4664 animo
3675 4610 3784 4677 est,

363 4699 498 4758 σειν.
555 4697 777 4769 Ἐπειδὴ
833 4701 937 4774 γὰρ
980 4699 1260 4775 ὑπερήρθη
1319 4702 1398 4770 τῷ
1449 4701 1780 4774 φρονήματι,
1810 4701 1899 4755 καὶ
1928 4700 2014 4757 οὐκ

2134 4718 2241 4758 nec
2269 4700 2682 4756 animadvertit
2713 4701 3016 4769 peccatum
3049 4695 3283 4753 illorum
3326 4713 3566 4753 causam
3604 4696 3790 4752 fuisse

357 4787 604 4861 ἐνόησεν,
665 4788 748 4845 6'1:
806 4790 841 4859 ἡ
903 4787 1118 4845 ἐκείνων
1175 4787 1412 4864 ἁμαρτία
1482 4787 1628 4842 αἰτία
1676 4789 1869 4865 γὲγοιε
1915 4795 2014 4846 τῶν

2133 4797 2191 4848 et
2220 4789 2507 4862 originem
2538 4791 2625 4844 tot
2654 4791 2708 4843 et
2739 4791 3039 4843 tantorum
3073 4786 3363 4844 malorum
3396 4806 3416 4854 ;
3473 4785 3591 4842 imo
3650 4783 3791 4856 quia

427 4961 472 4999 ⁸⁸
503 4962 527 5018 Ι
553 4960 693 5033 Reg.
725 4975 782 5030 ν,
811 4960 867 5030 2,
897 4959 952 5015 8.
1029 4960 1072 5030 ‘6
1106 4959 1278 5017 ICor.
1309 4975 1366 5030 χ,
1387 4958 1478 5013 21.
1555 4959 1600 4995 ⁸ο
1630 4957 1772 5015 ibid.
1802 4958 1893 5014 20.
1969 4959 2012 4995 ⁸1

2130 4977 2167 5031 ι,
2195 4975 2311 5031 xxx,
2343 4957 2396 5014 1.
2474 4957 2520 4992 ⁶²
2556 4957 2722 5014 Deut.
2756 4972 2957 5025 xxvm,
2994 4957 3080 5011 15.
3158 4954 3204 4992 ⁸³
3234 4953 3307 5011 IV
3338 4953 3480 5027 Reg.
3516 4967 3676 5024 xvm,
3725 4952 3794 5009 19

367 5050 492 5107 seq.

439 5203 552 5276 (92)
577 5206 702 5276 vox
729 5191 971 5276 ἐχόμενα
1027 5201 1136 5259 hoc
1173 5201 1300 5258 loco
1349 5202 1409 5258 in
1473 5203 1717 5260 modum
1765 5202 2025 5259 adverbii
2134 5219 2322 5261 versus
2351 5205 2446 5276 sit.

369 5274 564 5350 posita
595 5274 1058 5350 fuissevidetur.

441 5348 556 5421 (93)
588 5346 760 5412 Editi,
795 5345 896 5407 εἷς.
937 5351 1012 5402 At
1038 5364 1182 5421 mss,
1208 5345 1418 5421 nostri,
1451 5341 1558 5421 é_ul.

454 5414 564 5492 (94⁷)
595 5421 888 5492 interpres
937 5435 1072 5474 cum
1139 5414 1200 5473 in
1244 5416 1420 5492 editis
1467 5417 1730 5492 legisset,
1783 5414 2027 5489 ἐξαιρου-

375 5489 564 5560 auos,
621 5490 704 5544 ita
728 5490 940 5544 vertit:
976 5492 1058 5545 Ex
1100 5491 1372 5560 sanguine
1429 5489 1652 5559 quidem
1707 5492 2026 5546 exsiliente.

369 5565 482 5620 Sed
503 5561 903 5617 restituendus
924 5561 1088 5617 locus
1113 5566 1203 5618 est
1231 5578 1300 5616 ex
1321 5561 1540 5616 nostris
1571 5578 1671 5617 sex
1701 5561 2026 5617 codicibus.

371 5636 432 5691 in
465 5635 682 5708 quibus
713 5648 825 5687 non
854 5629 1285 5708 Δἐξιαρουμέῖνου,
1319 5634 1420 5708 sed
1453 5631 1840 5708 ἐξαερουμὲνου
1889 5635 2033 5706 legi-

380 5705 524 5778 tur';
555 5722 628 5763 em
657 5705 955 5778 sanguine,
987 5706 1102 5778 qui,
1142 5712 1202 5762 ut
1224 5707 1305 5761 ita
1318 5705 1519 5779 dicam,
1553 5707 1616 5762 in
1671 5722 1858 5763 aerem
1894 5705 2031 5764 con-

2205 5276 2321 5348 (95)
2348 5275 2524 5348 Editi,
2554 5271 2613 5342 ἤ.
2647 5276 2851 5348 ΑίβωιΔ
2870 5268 3180 5348 ωεξνκαί.

2207 5339 2321 5419 (96)
2354 5339 2688 5422 Ρτδέρόεῇἱο
2713 5342 2808 5422 ⁵ιὶπί
2839 5344 2894 5397 in
2930 5342 3110 5422 editis
3131 5346 3188 5398 et
3210 5342 3365 5422 apud
3399 5339 3798 5422 LXX‘legitur

2141 5414 2275 5475 ante
2305 5414 2503 5474 'voces
2557 5418 2646 5471 τὸν
2707 5415 2990 5490 ἄρχονταῆ
3015 5415 3114 5469 sed
3147 5430 3280 5469 cum
3321 5414 3382 5468 in
3440 5414 3658 5469 nostris
3698 5427 3797 5468 sex

2142 5508 2284 5547 mss.
2320 5493 2501 5558 deest,
2535 5507 2661 5545 eam
2692 5486 3102 5560 expunximus.

2215 5563 2328 5635 (97)
2357 5553 2507 5635 Editi
2538 5567 2594 5618 et
2624 5553 2781 5634 Reg.’
2796 5557 3027 5627 tertius,
3063 5555 3339 5627 ὑπίμεινε.
3374 5555 3486 5612 Alii
3534 5553 3796 5629 quinque

2143 5632 2317 5708 mas,
2351 5632 2631 5708 ὑπέμενεν.
