4150 6398
325 335 440 395 535

1305 331 1698 391 APPENDIX
1739 331 2061 392 OPERUM
2111 327 2176 388 S.
2225 326 2500 389 BASILll
2550 325 2822 395 MAGNI.

3623 323 3738 385 536

327 469 540 538 suapte
568 463 806 521 solertia
838 480 905 521 ac
934 463 1151 520 virtuts
1178 462 1605 536 Jerosolymam
1671 463 1978 537 subegisse

2092 457 2367 515 τοσούτων
2396 462 2596 527 κακῶν,
2628 454 2755 513 ἀλλ’
2787 457 2944 530 ᾠήθη
3005 454 3117 528 ἰδίᾳ
3171 453 3383 528 ἐπινοίᾳ
3430 454 3521 511 καὶ
3580 453 3738 512 δυνά-

330 556 651 611 arbitratus
672 556 780 625 est,
832 554 905 609 ob
944 552 1092 609 hanc
1122 555 1534 625 arrogantiam,
1585 552 1976 624 stolidamque

329 640 738 698 celsitudinem
773 639 1025 697 elatione
1057 640 1237 695 animi
1270 639 1553 710 innixam,
1590 642 1839 710 Inducet,
1885 639 1972 695 in-

330 730 479 802 quit,
513 745 677 801 super
705 734 939 786 mentem
966 746 1255 799 magnam,
1287 747 1452 802 super
1486 733 1798 803 principem
1821 730 1976 801 Assy-

333 820 571 886 riorum,
601 826 654 873 et
683 833 843 889 super
871 817 1231 872 altitudinem
1280 818 1478 889 glorias
1508 820 1791 874 oculorum
1836 820 1975 891 ejus.

330 908 498 963 Alius
530 908 765 979 quidem
798 923 1050 980 magnus
1072 912 1161 963 est
1189 912 1396 981 suapte
1429 909 1815 979 natura,a1ter
1843 924 1977 964 vero

332 996 761 1052 existimatione
811 997 1088 1068 quadam,
1123 1000 1180 1052 et
1209 998 1553 1069 praestantia
1582 1014 1647 1054 ac
1678 997 1976 1069 magnitu-

333 1085 468 1141 dine
499 1101 693 1141 rerum
727 1086 797 1141 ad
832 1102 893 1141 se
926 1084 1074 1141 nihil
1106 1086 1507 1143 attinentium.
1564 1090 1726 1143 Mens
1780 1090 1977 1142 autem

330 1189 463 1230 vers
494 1191 710 1247 magna
744 1192 813 1231 ea
851 1180 960 1242 est,
985 1192 1113 1247 quae
1146 1191 1360 1248 magna
1388 1176 1978 1248 contemplatur,quze

330 1263 402 1320 ad
437 1280 646 1319 causas
676 1280 873 1320 rerum
907 1265 1276 1320 conditarum
1309 1265 1493 1322 aciem
1526 1265 1829 1321 intendere
1880 1282 1980 1336 po-

328 1355 542 1421 test,ex
570 1352 772 1425 eisque
797 1354 1299 1425 pulchritudinem
1323 1354 1548 1426 opiﬁcis
1572 1355 1977 1410 universorum

333 1440 683 1514 intelligere.
718 1443 966 1515 Magnus
998 1444 1217 1516 est,qui
1249 1459 1444 1499 rerum
1478 1461 1510 1499 a
1541 1444 1656 1501 Deo
1690 1446 1980 1500 factarum

334 1531 929 1602 administrationem,
960 1534 1205 1605 ejusque
1236 1532 1660 1605 providentiam
1699 1535 1770 1589 ad
1805 1533 1980 1588 mini-

334 1636 435 1676 ma
461 1636 649 1692 usque
680 1620 1107 1694 pertingentem
1148 1626 1342 1680 mente
1380 1623 1616 1695 assequi
1662 1628 1870 1696 potest,
1928 1626 1985 1679 et

334 1708 473 1765 inde
494 1709 661 1778 justa
690 1709 877 1782 ipsius
901 1711 1127 1782 judicia
1156 1712 1548 1768 considerare.
1572 1713 1736 1769 Mens
1769 1729 1986 1786 magna

2089 570 2179 623 μει
2237 546 2559 618 δεδυνῆσθαι
2618 547 2756 602 κατὰ
2811 552 2911 615 τῆς
2970 544 3352 621 Ἰερουσαλήμ·
3397 543 3487 600 διὰ
3535 544 3737 617 ταύτην

2084 640 2184 709 τὴν
2241 637 2558 707 ἀλαζονείαν
2616 635 2709 692 καὶ
2762 636 2827 691 τὸ
2880 633 3079 711 ἄλογον
3116 634 3251 710 ὕψος
3303 641 3403 705 τῆς
3461 635 3598 690 κατὰ
3649 635 3742 690 τὸν

2087 732 2209 784 νοῦν
2271 727 2570 803 ἐπάρσεως,
2646 724 2885 798 Ἐπάξει,
2939 726 3126 803 φησὶν,
3182 723 3272 779 ἐπὶ
3318 724 3411 780 τὸν
3465 729 3592 780 νοῦν
3651 725 3743 780 τὸν

2091 819 2278 893 μέγαν,
2362 815 2451 872 ἐπὶ
2516 817 2606 871 τὸν
2685 813 2924 892 ἄρχοντα
2987 819 3096 870 τῶν
3149 814 3450 889 Ἀσσυρίων
3503 814 3595 870 καὶ
3653 813 3744 870 ἐπὶ

2085 907 2148 961 τὸ
2206 905 2340 980 ὕψος
2396 911 2496 975 τῆς
2555 902 2715 976 δόξης
2765 909 2873 959 τῶν
2933 901 3233 982 ὀφθαλμῶν
3287 903 3453 958 αὐτοῦ
3486 946 3500 960 .
3560 903 3745 980 Μέγας

2090 998 2118 1052 6
2155 996 2249 1069 μέν
2279 994 2358 1057 τίς
2389 995 2501 1050 ἐστι
2531 996 2671 1050 κατᾶ
2697 995 2796 1063 τὴν
2829 995 3020 1049 ἑαυτοῦ
3068 993 3249 1071 φύσιν,
3281 994 3309 1048 6
3342 990 3400 1048 δὲ
3454 993 3593 1049 κατὰ
3641 995 3745 1065 τὴν

2089 1084 2293 1157 οἲήσιν,
2324 1083 2414 1140 καὶ
2443 1085 2543 1153 τήν
2578 1078 2888 1161 ὑπερϐολὴν
2922 1085 3035 1159 (98)
3065 1086 3175 1137 τῶν
3208 1079 3362 1137 οὐδὲν
3390 1081 3539 1155 αὗτῷ
3567 1102 3746 1155 προσ-

2089 1173 2359 1246 ηκόντων.
2418 1178 2561 1236 Νοῦς
2620 1170 2677 1228 δὶ
2739 1172 2932 1247 μέγας,
2989 1173 3066 1236 ὡς
3093 1172 3477 1242 ἀληθῶςὸτᾶ
3528 1170 3745 1246 μεγάλα

2091 1268 2332 1339 θεωρῶν,
2367 1264 2395 1318 6
2445 1260 2740 1335 δυνάμενος
2767 1267 2887 1324 τοῖς
2922 1259 3108 1336 λόγοις
3156 1266 3273 1323 τοῖς
3323 1257 3746 1337 δημιουργικοῖς

2090 1348 2432 1409 ἐπιϐάλλειν.
2466 1351 2557 1407 καὶ
2588 1351 2680 1406 ἀπ’
2711 1350 2888 1406 αὐτῶν
2916 1352 2979 1406 τὸ
3004 1348 3215 1414 κάλλος
3260 1356 3361 1420 τῆς
3404 1350 3594 1427 σοφίας
3646 1355 3741 1406 τοῦ

2090 1439 2343 1518 τεχνίτου
2391 1446 2498 1496 τῶν
2543 1438 2689 1496 δ’λων
2734 1444 3039 1495 κατανοεῖν.
3082 1440 3266 1514 Μέγας
3296 1440 3324 1494 6
3355 1442 3425 1514 τῇ
3457 1438 3743 1513 οἰκονομίᾳ

2088 1535 2198 1587 τῶν
2229 1531 2376 1605 παρὰ
2423 1534 2558 1586 Θεοῦ
2606 1531 2911 1606 γινομένων
3127 1529 3217 1584 καὶ
3275 1532 3346 1603 τῇ
3411 1530 3579 1605 μέχρι
3633 1533 3740 1584 τῶν

2093 1618 2439 1676 λεπτοτάτων
2505 1617 2765 1695 διηκούσῃ
2823 1620 2953 1695 παρ’
3010 1619 3178 1674 αὐτοῦ
3233 1618 3469 1695 προνοίᾳ
3515 1611 3744 1673 ἐπιϐάλ-

2094 1707 2209 1765 λειν
2241 1707 2557 1784 δυνάμενος,
2611 1709 2728 1765 καὶ·
2766 1708 3003 1765 ἐντεῦθεν
3064 1707 3229 1763 αὐτοῦ
3273 1708 3341 1763 τὰ
3397 1705 3581 1763 δίκαια
3626 1707 3749 1781 κρί-

334 1813 405 1855 ea
436 1803 548 1867 est,
584 1815 711 1870 quae
744 1814 848 1870 per
875 1800 1117 1872 angelos
1148 1805 1585 1874 potestatesque
1622 1807 1680 1858 et
1709 1805 1979 1858 cunctam

2097 1820 2237 1874 ματα
2284 1804 2526 1875 θεωρεῖν.
2582 1798 2764 1874 Μέγας
2807 1799 2835 1853 6
2882 1802 3031 1870 νοῦς,
3083 1798 3112 1851 6
3179 1794 3269 1852 διὰ
3315 1801 3420 1852 τῶν
3460 1795 3751 1904 ἀγγέλωγ,

342 1885 673 1944 caelestium
722 1888 993 1960 gloriam,
1016 1889 1211 1961 gloria:
1233 1905 1429 1962 regem
1450 1894 1508 1946 et
1527 1891 1807 1947 virtutum
1830 1891 1979 1949 560

2092 1889 2181 1946 καὶ
2228 1894 2336 1945 τῶν
2385 1887 2686 1963 δυνάμεων,
2736 1888 2828 1943 καὶ
2876 1888 3055 1959 πάσης
3097 1893 3197 1957 τῆς
3246 1885 3373 1963 περὶ
3417 1884 3486 1942 τὰ
3516 1885 3750 1963 ὑπερκό-

336 1974 654 2033 Dominum
678 1977 723 2011 ⁸⁴
752 1976 1161 2050 percipit.Vice
1174 1979 1469 2051 versa,qui
1494 1996 1557 2036 se
1585 1981 1782 2053 ipsum
1799 1982 1987 2053 jactat

334 2065 593 2136 beatum,
618 2070 675 2121 et
705 2065 961 2137 inﬂatur,
994 2066 1233 2139 isjuxta
1262 2067 1506 2125 stultam
1530 2069 1618 2126 sui
1646 2070 1834 2143 ipsius
1864 2070 1983 2126 exi-

334 2153 733 2211 stimationem
765 2156 1001 2229 sapiens
1045 2173 1174 2214 esse
1202 2174 1270 2214 ac
1303 2158 1566 2215 inanium
1629 2161 1986 2233 excogitator

326 2243 552 2316 justius
582 2243 1014 2316 dicatur,quam
1047 2263 1261 2320 magna
1279 2252 1477 2304 mente
1507 2250 1981 2320 praeditus.Atta-

334 2349 468 2388 men
501 2349 636 2389 cum
669 2349 798 2390 mos
839 2334 914 2389 sit
935 2335 1270 2407 Scriptura,
1324 2341 1388 2393 ut
1435 2337 1593 2411 vulgi
1641 2339 1979 2396 aestimatio-

324 2438 460 2478 nem
491 2421 548 2478 in
584 2438 782 2479 rzrum
805 2424 1147 2481 nominibus
1163 2430 1754 2501 sequatur,magnam
1788 2428 1984 2502 appel-

323 2508 468 2567 lavit
493 2514 814 2582 fmentem;
865 2529 981 2568 non
1023 2516 1179 2585 quod
1208 2514 1536 2588 quidquam
1569 2519 1724 2589 quod
1772 2523 1982 2575 natura

328 2616 611 2673 magnum
644 2600 742 2669 sit,
777 2601 1159 2671 declaret,sed
1193 2605 1349 2675 quod
1383 2621 1505 2661 rem
1537 2606 1811 2679 opinione
1833 2625 1982 2680 qua-

330 2690 465 2745 dam
504 2705 570 2744 ac
603 2691 761 2746 fama
792 2692 842 2745 ei
878 2691 1160 2747 tributam
1193 2692 1430 2750 indicet.
1464 2695 1605 2750 Eam
1635 2697 1709 2753 ob
1740 2712 1980 2753 causam

335 2778 676 2850 superbiam
712 2780 1013 2852 castigans
1054 2781 1426 2846 Dominus.et
1454 2782 1767 2840 elationem
1802 2786 1984 2843 animi

329 2866 460 2939 ejus
492 2868 1173 2940 deprimens,vindictam
1204 2871 1553 2929 inducturus
1575 2873 1792 2930 dicitur
1808 2892 1985 2949 super

332 2973 608 3030 magnam
640 2958 1015 3031 Assyriorum
1041 2962 1429 3018 mentem.Sed
1452 2964 1733 3034 quoniam
1757 2966 1983 3037 opinio-

332 3062 466 3102 nem
499 3047 793 3103 inﬁrmam
818 3049 1099 3121 coarguit,
1137 3048 1217 3107 ait
1272 3066 1331 3106 se
1380 3067 1559 3123 super
1606 3052 1980 3111 altitudinem

330 3133 528 3206 gloriae
558 3136 860 3193 oculorum
887 3138 1015 3209 ejus
1037 3138 1334 3196 illaturum
1370 3141 1979 3214 supplicium.Etenim

2094 2000 2229 2053 σμια
2276 1976 2459 2049 δόξης,
2502 1978 2596 2034 τὸν
2647 1975 2875 2053 βασιλέα
2914 1983 3016 2047 τῆς
3058 1973 3217 2047 δόξης
3262 1975 3355 2031 καὶ
3386 1976 3583 2051 Κύριον
3635 1980 3747 2031 τῶν

2093 2066 2373 2143 δυνάμεων
2424 2067 2639 2124 ἐννοῶν.
2689 2068 2752 2125 Ὀ
2811 2068 2994 2140 μέντοι
3043 2066 3230 2121 ἑαυτὸν
3291 2062 3603 2142 μακαρίζων
3653 2066 3743 2121 καὶ

2094 2157 2418 2237 ὑπεραίρων,
2472 2156 2791 2236 οἶησίσοφός
2818 2160 2896 2231 (1)
2926 2177 3009 2219 τις
3054 2155 3145 2212 καὶ
3196 2157 3548 2232 ματαιόφρων
3603 2153 3749 2229 μᾶλ⁴

2093 2246 2190 2304 λον
2242 2245 2466 2310 δικαίως
2520 2249 2557 2319 ἢ
2612 2249 2777 2324 μέγας
2836 2247 2974 2302 κατὰ
3017 2249 3142 2301 νοῦν
3188 2246 3538 2319 ὀνομάζοιτο.
3591 2244 3744 2315 Πλὴν

2092 2336 2241 2396 ἀλλ’.
2273 2334 2460 2407 ἐπειδὴ
2494 2337 2717 2408 σύνηθες
2766 2340 2836 2411 τῇ
2884 2338 3073 2411 Γραφῇ
3115 2338 3184 2409 τῇ
3222 2338 3333 2390 τῶν
3361 2332 3590 2390 πολλῶν
3621 2334 3743 2406 οἰή-

2093 2448 2170 2482 σει
2220 2428 2357 2502 πρὸς
2407 2428 2503 2490 τὰς
2553 2425 2846 2499 ὀνομασίας
2912 2423 3254 2499 ἀκολουθεῖν,
3326 2423 3489 2499 μέγαν
3559 2420 3740 2500 εἴρηκε

2091 2520 2239 2587 νοῦν,
2275 2514 2335 2570 οὐ
2364 2515 2428 2572 τὸ
2455 2519 2524 2590 τῇ
2558 2515 2712 2594 φύσει
2749 2513 3033 2590 μεγαλεῖον
3083 2517 3544 2590 προσμαρτυρῶν,
3601 2510 3743 2569 ἀλλὰ

2091 2606 2152 2660 τὸ
2183 2604 2241 2660 ἐκ
2267 2611 2369 2675 τῆς
2416 2605 2648 2677 οίήσεως
2695 2604 3056 2681 έπιφημισθὲν
3111 2603 3261 2675 αὐτῷ
3310 2602 3616 2676 ὀνομάζων.
3650 2601 3745 2657 Διὰ

2088 2698 2251 2749 τοῦτο
2280 2693 2530 2763 κολάζων
2580 2693 2943 2771 ὑπερηφανίαν
2996 2692 3024 2746 6
3079 2690 3295 2766 Κύριος,
3338 2692 3427 2746 καὶ
3476 2694 3746 2747 ταπεινῶν

2091 2782 2255 2839 αὐτοῦ
2285 2785 2383 2853 τὴν
2437 2782 2921 2861 ὑψηλοφροσῦνην,
2970 2780 3185 2858 ἐπάγειν
3243 2779 3455 2856 λέγεται
3516 2780 3605 2835 ἰπὶ
3651 2780 3744 2836 τὸν

2090 2877 2213 2929 νοῦν
2244 2874 2336 2928 τὸν
2373 2872 2535 2948 μέγαν
2567 2877 2673 2928 τῶν
2706 2870 3140 2947 Ἀσσυρίων.Τήν
3166 2868 3220 2925 δὲ
3248 2870 3437 2939 ἀσθενῆ
3465 2867 3740 2942 ὑπόληψιν

2091 2961 2412 3038 ἐξελέγχων,
2444 2962 2532 3017 ἐπὶ
2561 2962 2624 3018 τὸ
2656 2961 2790 3035 ὕψος
2822 2960 2955 3039 φησὶ
2982 2966 3083 3030 τῆς
3111 2956 3268 3030 δόξης
3292 2962 3399 3013 τῶν
3436 2956 3733 3035 ὀφθαλμῶν

2089 3051 2254 3107 αὐτοῦ
2302 3051 2511 3123 ἰπάξειν
2561 3054 2633 3125 (2)
2680 3052 2783 3121 τὴν
2840 3047 3086 3105 κόλασιν.
3138 3048 3241 3106 Καὶ
3288 3046 3388 3122 γὰρ
3426 3047 3525 3115 τὴν
3557 3041 3738 3115 δόξαν,

2090 3139 2307 3212 πολόση
2318 3163 2417 3215 μον
2448 3141 2608 3196 οὖσαν
2647 3141 2857 3218 φωνὴν,
2888 3140 3025 3194 κατὰ
3067 3138 3122 3193 ’ὲν
3155 3140 3233 3211 (3)
3272 3140 3378 3192 τῶν
3410 3134 3743 3209 σημαινομέ-

331 3222 598 3296 gloriam,
632 3242 767 3281 cum
820 3243 928 3283 vox
960 3227 1036 3282 sit
1062 3228 1236 3284 variae
1286 3213 1757 3303 signiﬁcationis,
1812 3237 1979 3306 juxta

2092 3252 2194 3286 νων
2230 3213 2498 3308 ὡρίσαντό
2525 3213 2690 3301 τινες,
2724 3230 2920 3299 ἀσθενῆ
2955 3227 3254 3301 ὑπόληψιν.

329 3328 507 3368 unam
536 3314 835 3370 notionem
870 3316 1223 3373 deﬁnierunt
1262 3319 1557 3388 nonnulli,
1600 3320 1982 3381 existimatio-

332 3417 468 3457 nem
502 3402 755 3458 debilem
779 3419 929 3459 esse.

400 3490 527 3546 238.
563 3490 759 3548 Potest
793 3498 989 3549 autem
1024 3494 1209 3567 accipi
1250 3512 1416 3552 mens
1463 3514 1680 3572 magna
1735 3505 1794 3557 et
1849 3520 1986 3575 pru-

332 3579 630 3652 densg’pro
678 3585 909 3638 versuto
956 3588 1012 3638 et
1062 3584 1356 3657 versipelli
1386 3586 1645 3660 ingenio.
1685 3590 1852 3646 Hunc
1909 3593 1982 3649 ad

332 3668 573 3724 modum
607 3686 850 3743 serpens
872 3670 1224 3748 bestiisque
1254 3691 1433 3748 super
1461 3680 1677 3734 terram
1708 3682 1987 3753 gradiun-

332 3761 450 3827 tur,
482 3757 700 3830 legitur
718 3761 1061 3833 prudentior
1081 3763 1160 3832 ⁸⁵ς
1186 3768 1363 3836 atque
1391 3764 1725 3839 iniquitatis
1744 3770 1982 3845 dispen-

334 3849 496 3901 sator
516 3848 836 3919 prudenter
866 3849 1001 3922 egit.
1036 3852 1186 3916 Quin
1208 3853 1384 3910 etiam
1418 3857 1555 3912 Filii
1582 3856 1751 3930 hujus
1796 3863 1987 3918 saeculi

329 3936 716 4006 prudentiores
745 3938 881 4006 ﬁliis
909 3939 1049 3995 lucis
1088 3943 1145 3995 in
1165 3945 1527 4011 generatione
1592 3962 1692 4003 sua
1738 3956 1869 4005 sunt
1915 3952 1979 3987 σθ’

330 4023 480 4090 Quid
514 4030 706 4081 autem
733 4043 840 4081 vox
880 4029 1119 4100 prudens
1176 4031 1487 4104 signiﬁcet,
1540 4034 1755 4093 Paulus
1813 4040 1983 4096 nobis

327 4112 389 4167 in
420 4129 528 4169 sua
558 4116 630 4170 ad
659 4116 990 4174 Corinthios
1016 4118 1277 4192 Epistola
1309 4124 1604 4195 exposuit,
1665 4127 1804 4183 dum
1849 4129 1933 4185 ait
1965 4144 1979 4186 ε

330 4203 511 4259 Timeo
540 4211 753 4274 autem,
787 4223 858 4263 ne
887 4209 1031 4263 sicut
1050 4213 1295 4281 fserpens
1321 4211 1539 4268 seduxit
1573 4215 1741 4271 Evam
1772 4221 1982 4275 astutia

323 4306 424 4347 sua
452 4292 728 4350 “.Docuit
749 4296 904 4351 enim
928 4297 1372 4369 vituperabilem
1401 4302 1776 4373 prudentiam
1805 4307 1982 4364 histo-

323 4379 420 4435 riae
448 4382 790 4440 testimonio
821 4385 1081 4456 serpenti
1102 4386 1385 4445 tributam
1422 4390 1626 4460 fuisse,
1680 4410 1814 4451 cum
1851 4396 1979 4469 ipse

321 4485 523 4525 vocem
540 4472 899 4542 prudentiam
928 4474 985 4529 in
1011 4477 1296 4533 astutiam
1320 4482 1698 4538 transmutet.
1732 4484 1825 4540 Sic
1875 4486 1979 4558 igi-

2162 3501 2287 3556 238'
2333 3497 2555 3554 Δόναται
2590 3494 2647 3552 δὲ
2694 3499 2721 3552 6
2769 3500 2892 3559 νοῦς
2942 3497 2971 3552 6
3005 3516 3169 3572 μεγας
3194 3495 3284 3550 καὶ
3320 3495 3347 3549 6
3380 3492 3673 3571 φρόνιμας,
3719 3494 3749 3548 6

2094 3588 2210 3645 ἀντὶ
2240 3591 2337 3645 τοῦ
2366 3586 2670 3664 πανούργου
2699 3581 3139 3662 λαμϐανόμενος.
3189 3585 3302 3657 Ὦς,
3353 3584 3415 3642 Ὁ
3446 3579 3569 3661 ὄφις
3611 3604 3748 3661 φρο-

2092 3680 2392 3754 νιμώτερος
2419 3682 2527 3732 τῶν
2570 3675 2776 3751 θηρίων
2822 3680 2931 3731 τῶν
2980 3674 3066 3730 ἐπὶ
3107 3680 3207 3745 τῆς
3256 3674 3382 3749 γῆς·
3415 3672 3506 3728 καὶ
3540 3673 3569 3728 6
3601 3672 3751 3729 οἶκοέ

2091 3768 2263 3842 νόμος
2307 3774 2410 3837 τῆς
2452 3764 2664 3828 ἀδικίας
2714 3764 2992 3842 φρονίμως
3039 3763 3299 3834 ἰποίησε.
3354 3761 3480 3832 Καὶ,
3528 3763 3591 3816 Οἱ
3637 3762 3750 3818 υἱοὶ

2093 3857 2188 3912 τοῦ
2232 3855 2429 3919 αἶ’ῶνος
2487 3856 2684 3911 τούτου
2752 3854 3151 3934 φρονιμώτεροι
3208 3853 3340 3927 ὑπέρ
3412 3851 3540 3913 τοὺς
3598 3850 3749 3914 υἱοὺς

2090 3950 2188 4002 τοῦ
2241 3947 2419 4025 φωτὸς
2486 3944 2563 4008 εἷς
2619 3943 2718 4013 τήν
2775 3944 2961 4019 γενεὰν
3021 3941 3218 3999 αὐτῶν.
3286 3942 3624 4017 Ἦρμήνευσε
3692 3937 3750 3995 δὲ

2090 4039 2230 4110 ἡμῖν
2261 4038 2288 4091 6
2346 4032 2683 4099 Ἀπόστολος
2727 4038 2824 4089 τοῦ
2883 4033 3150 4112 φρονίμου
3174 4032 3276 4101 τήν
3334 4025 3565 4102 ἔννοιαν,
3598 4029 3651 4085 έν
3677 4033 3746 4105 τῇ

2091 4127 2227 4203 πρὸς
2278 4124 2624 4203 Κορινθίους,
2686 4123 2876 4179 εἰπών’
2928 4117 3219 4196 Φοϐοῦμαι
3276 4118 3356 4195 δὶ,
3418 4122 3617 4193 μήπως
3671 4122 3747 4194 (4)

2090 4215 2166 4278 ὡς
2212 4216 2241 4269 6
2281 4210 2402 4291 ὄφις
2481 4211 2813 4285 ἐξηπάτησεν
2874 4209 3017 4265 Εὕαν
3090 4208 3142 4264 έν
3199 4213 3269 4284 τῇ
3301 4206 3603 4285 πανουργίᾳ
3648 4206 3748 4262 αὐ-

2091 4308 2209 4380 ροῦ.
2239 4300 2446 4373 Ἓδειξε
2475 4301 2602 4377 γὰρ,
2635 4299 2717 4356 ὅτι
2749 4303 2784 4370 ἡ
2820 4298 3030 4377 ἱστορία
3073 4300 3175 4368 τήν
3225 4299 3430 4374 ψεκτὴν
3484 4300 3557 4373 (5)
3613 4317 3747 4375 φρο-

2086 4393 2359 4468 νιμότητα
2402 4395 2482 4465 τῷ
2554 4385 2671 4469 ὄφει
2721 4394 3116 4467 προσματυρεῖ,
3167 4387 3229 4445 ἐκ
3287 4392 3385 4445 τοῦ
3453 4387 3611 4443 αὐτὸν
3668 4385 3747 4450 εἰς

2086 4485 2412 4561 πανουργίαν
2491 4476 2855 4557 μεταϐάλλειν
2921 4483 2985 4536 τὸ
3065 4482 3362 4559 φρόνιμον.
3423 4480 3608 4541 Οὕτως
3657 4478 3745 4533 οὗν

321 4561 420 4613 tur
449 4562 506 4613 et
535 4574 703 4616 mens
737 4578 951 4634 magna
979 4568 1239 4636 vocatur,
1266 4584 1379 4623 non
1404 4569 1476 4625 ob
1509 4570 1827 4645 quidquam
1846 4574 1972 4632 lau-

2092 4577 2174 4631 καὶ
2205 4580 2330 4638 νοῦς
2367 4575 2556 4649 μέγας,
2590 4572 2651 4628 οὗ
2682 4573 2818 4628 κατά
2845 4591 2994 4634 τινος
3024 4569 3407 4641 ἑπαινετοῦ,ὡς
3442 4569 3496 4624 οἱ
3524 4567 3591 4623 τὰ
3617 4568 3741 4643 παρ’

322 4645 517 4703 debile
537 4648 1061 4720 (quemadmodum
1087 4658 1342 4711 statuere
1380 4659 1481 4729 qui
1532 4661 1688 4732 apud
1744 4665 1973 4721 Graecos

317 4735 627 4806 diligenter
653 4737 768 4794 vim
790 4740 1098 4796 verborum
1122 4748 1298 4815 atque
1315 4744 1805 4818 signiﬁcationem
1840 4770 1970 4824 per-

317 4824 581 4899 quirunt,
609 4827 754 4885 adeo
789 4833 853 4885 ut
877 4828 1076 4886 dicant
1119 4836 1375 4889 mentem
1418 4852 1549 4893 esse
1592 4838 1967 4910 prudentiam

2082 4663 2324 4737 Ἕλλησι
2372 4661 2751 4737 σημαινόμενα
2800 4657 3147 4738 ἀκριϐοῦντες
3198 4653 3381 4729 ἔταξαν
3418 4700 3433 4727 ,
3495 4657 3742 4734 λέγοντες

2080 4757 2170 4811 τὸν
2210 4759 2334 4810 νοῦν
2370 4754 2503 4809 εἶναι
2539 4746 2802 4830 φρόνησιν
2850 4748 3354 4825 συνεστραμμένην,
3403 4745 3550 4804 ἀλλᾶ
3579 4742 3744 4821 ψευδ-

2081 4845 2339 4919 ωνύμως.
2387 4844 2459 4901 "H
2516 4839 2673 4903 αὐτὸς
2712 4840 2899 4897 ἑαυτὸν
2951 4839 3328 4913 ἐκθαυμάζων,
3376 4836 3412 4907 ἢ
3460 4834 3608 4914 παρὰ
3635 4838 3744 4889 τῶν

379 4997 426 5035 σι
453 4996 606 5057 Psal.
638 5016 802 5072 xxm,
833 5001 887 5073 8,
922 5000 1007 5055 10.
1082 5001 1128 5037 ⁸⁸
1157 5000 1302 5060 Gen.
1344 5022 1428 5077 ιιι,
1456 5008 1507 5063 1.
1584 5009 1629 5045 ⁸ο
1664 5010 1801 5069 Luc.
1835 5028 1951 5086 XVI,

2124 5018 2169 5055 ⁸⁷
2203 5017 2227 5075 Ι
2258 5018 2386 5074 Cor.
2418 5032 2501 5087 xx,
2532 5015 2588 5073 3.

381 5166 494 5244 (98)
524 5168 692 5244 Hunc
721 5171 916 5244 locum
947 5188 1016 5229 ex
1036 5175 1253 5244 nostris
1284 5193 1385 5235 sex
1416 5184 1961 5244 mss.restituimus.

313 5241 375 5295 In
403 5241 568 5311 prius
600 5242 795 5312 editis,
847 5260 951 5317 pro
1009 5242 1347 5321 ὑπερϐολήν,
1407 5260 1681 5326 corrupte
1727 5241 1970 5331 legitur,

322 5304 628 5366 ὑποϐολήν.

322 5330 628 5380 υπουοΛην.

385 5383 710 5470 ςίᾷῼλΕᾴξίί,
728 5384 1361 5470 ,γενομένωνηᾼῒμῐηεεκ
1382 5409 1503 5462 sex,
1535 5397 1866 5470 γινομένων.

390 5453 468 5527 (1)
500 5453 814 5542 Antiquior
868 5453 1199 5542 Combeﬁsili
1228 5464 1438 5542 .codex
1469 5453 1525 5523 et
1549 5453 1675 5524 lalii'
1723 5476 1979 5542 quatuor

326 5525 631 5612 unaLvoce,
658 5525 1007 5612 οἷἠσίσοφοε.
1033 5532 1444 5612 Editiduabus
1483 5525 1757 5606 vocibus:
1778 5525 1978 5612 alia;

326 5595 1067 5683 poetic:_Alter_@pmbpﬁsi_i
1100 5607 1301 5683 codex,
1349 5595 1817 5683 semiesas};
1843 5595 1975 5672 Sta?

321 5668 431 5726 tim
463 5671 627 5742 editi,
660 5668 875 5746 μᾶλλον
909 5672 991 5731 ἄν.
1011 5674 1227 5734 Vocula
1249 5668 1311 5733 αν
1344 5680 1403 5739 in
1427 5668 1977 5758 mssfnequaquam

2083 5190 2352 5331 Ιϐῗὲὲυὲίο
2383 5261 2569 5315 nostri
2603 5276 2704 5331 sex
2734 5273 2878 5315 mss.
2912 5259 2986 5314 At
3024 5256 3190 5331 editi,
3232 5254 3432 5331 ἐπάξει,

2158 5322 2233 5404 ζ3)
2260 5332 2433 5404 Editi,
2464 5331 2579 5385 καθ’
2609 5328 2688 5387 ἓν.
2713 5334 2965 5404 Veteres
2999 5346 3097 5385 sex
3128 5322 3282 5398 libri,
3316 5322 3451 5381 κατὰ
3477 5322 3552 5380 ἓν.

2267 5401 2524 5485 §ic_r_nss.
2556 5406 2628 5485 At
2658 5401 3094 5485 editi,.prﬁwqte.
3132 5472 3142 5485 _
3278 5471 3290 5485 '
3407 5470 3445 5485 ﬁ

2158 5464 2236 5549 (ὃ)
2267 5477 2514 5556 C_odices_
2562 5481 2682 5556 tres
2715 5464 3059 5556 uegit-5m
3118 5471 3347 5556 ψεκτήν.
3407 5465 3583 5534 Editi,
3636 5464 3745 5556 ξὴν

2087 5536 2366 5675 ἓείιτίκήν,
2401 5548 2573 5604 male.
2607 5547 2721 5603 Nec
2750 5536 2834 5601 ita
2864 5536 3051 5602 multo
3094 5536 3227 5616 post
3277 5536 3393 5599 duo
3430 5556 3596 5607 mss.,
3632 5536 3749 5591 ἐπι-

2126 5617 2315 5674 άλλειν
2342 5620 2404 5675 τὸ
2437 5617 2714 5675 φρόνημα.

2240 5639 2315 5674 ειν
2342 5640 2404 5675 το
2437 5638 2714 5693 φρονημα.
