4150 6370
325 375 442 435 53⁸1

1174 367 1581 430 COMMENT.
1628 366 1708 427 IN
1752 368 2029 429 lSAlAM
2072 368 2574 429 PROPHETAM.
2626 370 2794 430 CAP.
2844 370 2911 429 Χ.

3629 374 3748 434 538

326 499 579 557 κολάκων
641 497 784 554 οῧτω
864 498 1406 574 προσαγορευόμενος
1442 541 1456 567 ,
1511 496 1823 570 ὠνόμασται
1895 498 1973 550 νῦκ

2100 501 2473 568 contortam),
2508 500 2607 556 sed
2642 499 2789 557 falso
2846 503 2903 557 et
2959 500 3254 558 simulate.
3305 502 3414 557 Aut
3458 501 3544 559 ita
3589 519 3749 559 nunc

328 592 476 668 παρά
522 596 626 660 τῆς
674 594 915 667 Γραφῆς.
967 588 1139 649 Οὗτος
1191 583 1249 641 δὲ
1288 588 1316 642 ὁ
1354 590 1480 650 νοῦς
1511 588 1539 642 ὁ
1574 586 1760 661 μέγας,
1797 582 1985 654 ἐπειδή

330 678 496 748 οἶδεν,
531 678 615 733 ὅτι
645 681 751 733 Τοῦ
806 681 998 755 σοφοῦ,
1026 680 1124 731 τοῦ
1174 696 1238 751 γε
1269 678 1346 750 (6)
1396 674 1675 747 ἀληθινῶς
1708 678 1899 752 σοφοῦ,
1933 676 1986 729 οἱ

328 767 611 847 ὀφθαλμοὶ
670 766 758 823 ἐπὶ
814 770 915 833 τῆς
989 763 1233 843 κεφαλῆς
1312 766 1480 821 αὐτοῦ
1514 812 1527 838 ,
1591 762 1801 836 δοξάζει
1859 764 1988 829 τοὺς

328 856 650 937 ὀφθαλμοὺς
680 856 864 925 αὐτοῦ,
893 855 968 918 ὡς
998 854 1060 909 οὐ
1090 855 1240 910 κάτω
1276 854 1519 930 βλέπων,
1554 852 1682 909 οὐδὲ
1710 855 1776 909 τὰ
1800 855 1982 930 γήινα,

329 946 475 1004 ἀλλᾶ
503 946 570 1001 τὰ
624 946 869 1019 μετέωρα
917 942 1419 1022 πολυπραγμονῶν,
1450 945 1537 999 καὶ
1588 946 1688 1013 τήν
1728 942 1839 999 ἄνω
1872 942 1984 999 δια-

328 1031 524 1115 τριϐὴν
556 1034 907 1107 ποιούμενος.
939 1035 1153 1089 Ὀποῖοί
1214 1032 1348 1089 εἰσιν
1403 1035 1455 1089 οἳ
1508 1033 1654 1110 παρά
1715 1039 1832 1096 τοῖς
1857 1034 1987 1090 Ἔλ-

335 1125 468 1199 λησι
499 1125 673 1204 σοφοί·
705 1124 799 1180 τὸν
832 1124 928 1197 μὶν
975 1122 1095 1198 βίον
1145 1118 1365 1199 ἔχοντες
1401 1129 1519 1188 τοῖς
1546 1124 1855 1200 αἰσχίστοις
1887 1132 1986 1194 τῆς

334 1214 528 1291 σαρκὸς
568 1214 789 1279 πάθεσιν
851 1210 1365 1289 ὶγκαλινδούμενον,
1425 1214 1494 1268 τὰ
1542 1210 1599 1267 δὶ
1642 1214 1763 1289 περὶ
1819 1211 1983 1287 οὐρα-

332 1308 427 1359 νοῦ
481 1304 572 1358 καὶ
632 1302 893 1378 ἀστὲρων,
941 1302 1033 1357 καὶ
1086 1306 1197 1357 τῶν
1252 1301 1529 1379 αἶ’θερίων,
1580 1302 1669 1358 καὶ
1719 1306 1827 1357 τῶν
1859 1303 1986 1379 περὶ

325 1392 420 1447 τὸν
469 1392 600 1467 ἀὲρα
650 1390 1073 1465 συμπτωμάτων
1129 1390 1606 1470 φυσιολογοῦντες,
1661 1388 1815 1465 δόξαν
1864 1392 1986 1447 τινὰ

328 1483 531 1538 ἑαυτῶν
563 1486 680 1543 τοῖς
712 1480 1020 1559 ὀφθαλμοῖς
1048 1481 1433 1556 περιτιθίασιν.

2099 587 2393 660 appellata
2422 594 2513 645 est
2541 607 2574 646 a
2601 590 2924 662 Scriptura,
2958 592 3114 663 quod
3147 592 3279 663 ipsa
3308 591 3419 648 sibi
3453 596 3609 649 esset
3647 594 3747 648 ad-

2098 677 2421 748 mirationi,
2455 682 2556 734 aut
2588 680 2741 750 quod
2778 680 2886 734 hoc
2933 681 3105 736 modo
3155 680 3227 736 ab
3278 682 3746 737 assentatoribus

2094 772 2416 824 vocaretur.
2452 767 2580 823 Haec
2625 772 2820 824 autem
2873 786 3039 824 mens
3091 785 3329 841 magna,
3384 786 3516 825 cum
3566 771 3748 827 semel

2095 857 2256 911 novit
2286 856 2603 927 Sapientis,
2636 857 2765 929 ejus
2795 856 3019 913 scilicet
3048 858 3149 930 qui
3183 873 3311 915 vere
3355 861 3592 929 sapiens
3638 864 3749 933 est,

2095 945 2294 1003 oculos
2326 962 2455 1001 esse
2484 945 2542 999 in
2578 946 2766 1016 capite
2797 947 2924 1017 ejus
2965 947 3032 1011 σθ,
3088 963 3225 1001 suos
3272 946 3476 1003 laudat
3522 947 3749 1016 oculos,

2096 1035 2313 1108 quippe
2343 1051 2466 1106 quae
2497 1050 2566 1090 ea
2595 1051 2719 1105 quae
2752 1034 2916 1089 humi
2949 1038 3088 1090 sunt
3113 1039 3169 1090 et
3200 1040 3454 1104 terrena,
3511 1052 3625 1092 non
3658 1053 3748 1093 re-

2095 1126 2328 1197 spiciat,
2360 1125 2459 1181 sed
2486 1126 2785 1179 scrutetur
2803 1123 3144 1195 diligentius
3164 1124 3468 1194 sublimia,
3495 1129 3668 1196 atque
3687 1126 3750 1181 in

2094 1212 2431 1270 ccelestibus
2474 1213 2841 1269 immoratur.
2903 1214 3200 1285 Ejusmodi
3256 1220 3396 1270 sunt
3441 1213 3751 1288 qui'apud

2095 1303 2323 1360 Graecos
2353 1303 2648 1359 habentur
2677 1303 2972 1375 sapientes
2998 1320 3010 1358 :
3045 1320 3293 1374 quorum
3324 1303 3579 1376 {quidem
3636 1304 3754 1360 vita

2094 1392 2153 1449 in
2184 1392 2551 1465 turpissimis
2582 1392 2778 1448 carnis
2807 1391 2967 1448 vitiis
2990 1409 3055 1448 ac
3079 1392 3506 1465 cupiditatibus
3526 1392 3751 1450 voluta-

2093 1486 2210 1547 tur,
2245 1482 2346 1537 sed
2381 1486 2580 1537 tamen
2634 1498 2764 1537 cum
2818 1484 2889 1537 de
2939 1485 3150 1537 natura
3203 1481 3355 1549 cmli,
3416 1481 3747 1549 stellarum,

325 1587 527 1628 rerum
559 1572 943 1629 mtherearum
974 1572 1555 1645 atqueali'ectionum
1607 1572 1665 1628 in
1721 1588 1853 1630 aere
1900 1571 2376 1645 contingentium
2427 1571 2758 1644 disputant,
2809 1570 3009 1628 oculos
3059 1588 3199 1628 suos
3246 1572 3503 1643 quadam
3557 1570 3746 1645 gloria

328 1661 832 1718 circumvestiunt.

399 1750 526 1807 239.
583 1748 715 1806 Εἶπε
765 1747 890 1826 γάρ’
953 1751 1039 1806 Ἐν
1107 1753 1178 1825 τῇ
1239 1749 1394 1827 ἰσχύϊ
1454 1751 1699 1822 ποιήσω,
1756 1750 1847 1805 καὶ
1903 1753 1973 1825 τῇ

2150 1751 2277 1808 239.
2309 1749 2484 1807 Vens.
2519 1751 2606 1819 13,
2640 1751 2728 1808 14.
2761 1752 2916 1807 Dixit
2944 1752 3093 1807 enim
3117 1770 3135 1805 :
3164 1752 3228 1807 In
3274 1750 3603 1823 fortitudine
3648 1752 3742 1823 fa-

328 1837 493 1914 σοφίᾳ
545 1845 648 1909 τῆς
725 1838 985 1904 συνέσεως
1047 1838 1233 1917 ἀφελῶ
1309 1839 1432 1916 ὅρια
1490 1837 1682 1910 ἐθνῶν,
1733 1838 1823 1894 καὶ
1878 1839 1979 1908 τήν

328 1926 491 2004 ΐσχὺν
548 1928 725 1984 αὐτῶν
778 1927 1180 2004 προνομεύσω.
1235 1929 1341 1984 Καὶ
1394 1927 1554 1984 σείσω
1610 1926 1803 1992 πόλεις
1852 1948 1981 1984 κατ-

329 2016 652 2090 οικουμένας
686 2060 702 2090 ,
776 2017 870 2072 καὶ
943 2018 1042 2087 τὴν
1124 2015 1450 2091 οἷ¹κουμὲνην
1524 2015 1663 2087 ὅλην
1742 2014 1981 2087 καταλή-

324 2109 500 2181 ψομαι
556 2109 626 2180 τῇ
686 2105 834 2183 χειρὶ
894 2106 971 2169 ὡς
1024 2107 1266 2177 νοσσιὰν,
1324 2106 1360 2176 ἢ
1413 2108 1486 2170 ὡς
1543 2103 1979 2179 καταλελειμμέ-

323 2216 391 2253 να
415 2196 498 2251 ὠᾶ
550 2195 688 2272 ἀρῶ.
744 2195 848 2253 Καὶ
908 2195 1007 2251 οὐκ
1062 2192 1203 2251 ἔστιν
1262 2199 1338 2270 (7)
1404 2197 1464 2259 ὃς
1523 2193 1855 2273 διαφεύξεταί
1886 2217 1974 2270 με,

323 2285 360 2356 ἢ
393 2284 616 2361 ἀντείπῃ
662 2303 781 2359 μοι.
832 2283 938 2340 Νῦν
991 2284 1278 2361 ἒρμηνεύει
1323 2290 1506 2364 σαφῶς
1561 2283 1652 2340 διὰ
1705 2286 1757 2340 τί
1809 2288 1972 2362 μέγαν

320 2380 445 2432 νοῦν
479 2373 692 2453 εἷ’ρηκεν
746 2373 929 2445 αὐτὸν,
978 2375 1069 2431 καὶ
1117 2373 1209 2431 διὰ
1259 2374 1312 2430 τί
1357 2373 1445 2433 ἐπὶ
1492 2377 1555 2432 τὸ
1584 2374 1718 2450 ὕψος
1748 2382 1849 2445 τῆς
1880 2374 1972 2431 δό-

321 2463 416 2535 ξης
470 2468 579 2521 τῶν
636 2462 937 2542 ὀφθαλμῶν
985 2462 1149 2520 αὐτοῦ
1200 2464 1417 2520 ἀπειλεῖ
1441 2464 1538 2527 τὰς
1586 2463 1839 2528 κολάσεις
1880 2464 1973 2521 ἐπ-

320 2558 560 2629 αγαγεῖν,
590 2553 683 2608 τὸν
736 2556 812 2628 (8)
858 2554 1076 2627 κόμπον
1122 2553 1287 2609 αὐτοῦ
1323 2558 1432 2609 τῶν
1489 2553 1774 2630 ῥημάτων,
1805 2556 1852 2628 ᾧ
1890 2556 1975 2611 κέ-

319 2662 526 2720 χρηται
584 2642 722 2698 κατὰ
770 2647 879 2698 τῶν
939 2640 1356 2718 ὑποδεεστέρων,
1422 2643 1559 2717 μετὰ
1614 2644 1792 2715 πάσης
1849 2665 1910 2701 πι
1943 2679 1974 2692 .-

320 2730 476 2808 κρίας
508 2730 692 2795 αὐτοῖς
745 2729 985 2787 ἀπειλῶν
1029 2738 1136 2787 πᾶν
1186 2730 1326 2795 εἶδος
1376 2734 1702 2812 ἀφανισμοῦ,
1753 2736 1971 2812 ἅμαχον

321 2822 513 2878 ἑαυτοῦ
564 2821 653 2877 καὶ
707 2822 1168 2897 ἀνανταγώνιστον
1228 2821 1407 2899 λέγων
1475 2824 1609 2879 εἶναι
1664 2826 1763 2894 τήν
1814 2822 1973 2881 δύνα-

325 2932 439 2985 μιν.
494 2912 582 2974 Ὦς
638 2910 739 2986 γὰρ
795 2911 984 2982 κύριος
1034 2910 1323 2989 τυγχάνων
1381 2910 1454 2966 ὧν
1517 2912 1774 2988 βούλεται
1808 2957 1822 2984 ,
1882 2917 1974 2970 καὶ

321 2998 538 3062 πάντως
578 2999 905 3056 ἐπιτελὲσων
951 3002 1019 3055 τὰ
1065 3001 1201 3055 κατὰ
1246 3002 1525 3076 πρόθεσιν,
1576 3002 1748 3065 οὕτως
1801 3003 1970 3078 ἐκόμ-

324 3093 513 3155 παζεν.
560 3086 783 3157 Ἐπειδὴ
832 3087 1021 3157 πολλή
1075 3090 1169 3161 μοί
1219 3088 1358 3144 ἔστιν
1403 3091 1604 3159 ἱππικὴ
1652 3093 1744 3146 καὶ
1772 3095 1967 3163 πεζικὴ

2090 1843 2261 1908 ciam,
2291 1848 2343 1897 et
2367 1842 2641 1914 sapientia
2667 1841 2976 1913 prudentiae
3003 1843 3256 1912 auferam
3285 1843 3547 1897 terminos
3603 1855 3740 1913 gen-

2091 1933 2256 1999 tium,
2297 1940 2350 1987 et
2377 1930 2766 2003 fortitudinem
2794 1946 2989 1987 earum
3017 1930 3389 2002 depraedabor.
3422 1933 3489 1987 Et
3542 1946 3740 1987 concu-

2088 2023 2228 2079 tiam
2268 2022 2518 2078 civitate:
2559 2019 2850 2086 habitatas,
2895 2027 2946 2074 et
2990 2021 3314 2075 universum
3356 2022 3547 2078 orbem
3592 2035 3739 2076 com-

2080 2110 2423 2183 prehendam
2448 2126 2640 2179 manu,
2673 2111 2834 2180 quasi
2851 2110 3064 2176 nidum,
3094 2109 3180 2164 vel
3208 2110 3373 2180 quasi
3390 2125 3489 2165 ova
3535 2108 3739 2166 dereli-

2089 2211 2179 2256 cta
2207 2199 2422 2257 tollam.
2456 2199 2518 2254 Et
2548 2213 2658 2255 non
2686 2206 2764 2255 est
2792 2200 2891 2272 qui
2918 2199 3149 2270 e/rugiat
3173 2215 3282 2266 me,
3298 2207 3401 2254 aut
3454 2199 3739 2256 contradi-

2083 2294 2172 2346 cat
2198 2289 2362 2345 mihi.
2390 2289 2556 2344 Nunc
2578 2287 2749 2360 plane
2769 2292 2826 2344 et
2845 2287 3169 2344 luculenter
3187 2289 3424 2361 exponit
3450 2306 3557 2345 cur
3575 2288 3735 2361 prin-

2085 2380 2274 2450 cipem
2303 2379 2593 2435 vocaverit
2622 2384 2879 2435 mentem
2913 2394 3211 2450 magnam,
3245 2384 3302 2435 et
3332 2395 3439 2435 cur
3467 2379 3734 2435 intermi-

2085 2473 2257 2525 netur
2286 2487 2349 2526 se
2377 2470 2521 2528 561
2562 2469 2863 2526 altitudini
2889 2469 3087 2542 gloriae
3117 2469 3419 2526 oculorum
3451 2471 3580 2540 ejus
3612 2488 3735 2544 pce-

2083 2575 2191 2615 nas
2221 2562 2400 2632 atque
2428 2559 2722 2632 supplicia
2747 2558 3171 2631 irrogaturum,
3203 2560 3481 2615 nimirum
3513 2561 3586 2615 ob
3609 2576 3737 2616 ver-

2081 2648 2290 2704 borum
2317 2648 2687 2720 jactantiam,
2721 2648 2939 2721 quibus
2970 2665 3116 2704 usus
3134 2653 3222 2704 est
3243 2649 3555 2721 adversum
3573 2648 3736 2705 debi-

2081 2736 2167 2793 les
2194 2742 2251 2793 et
2281 2738 2585 2794 inﬁrmos:
2619 2737 2912 2809 siquidem
2943 2754 3077 2793 cum
3127 2736 3286 2794 omni
3340 2737 3736 2794 amaritudine

2081 2826 2166 2883 eis
2198 2826 2694 2884 interminabatur
2722 2843 2895 2882 omne
2949 2826 3157 2882 excidii
3209 2843 3417 2898 genus,
3465 2827 3737 2899 viresque

2083 2932 2224 2973 suas
2256 2917 2589 2972 affirmabat
2636 2916 2886 2972 invictas
2937 2932 3068 2971 esse
3116 2919 3174 2971 et
3221 2915 3730 2988 inexpugnabiles.

2082 3006 2310 3061 Etenim
2342 3006 2423 3060 ita
2454 3005 2833 3077 gloriabatur,
2858 3004 3029 3075 quasi
3053 3020 3120 3059 ea
3150 3020 3277 3074 quae
3308 3005 3501 3073 vellet,
3532 3004 3593 3059 in
3626 3020 3735 3060 sua

2002 3139 2045 3205 Ο
2085 3099 2282 3149 essent
2312 3097 2618 3165 potestate,
2650 3097 2708 3147 et
2737 3093 2907 3164 quasi
2968 3109 3097 3164 qua)
3143 3093 3340 3148 animo
3387 3092 3733 3160 destinarat,

2093 3187 2244 3205 -__.-L
2281 3182 2512 3205 -_._.‘_-
2546 3182 2914 3205 ..-_l'.-.L-.._---
2970 3182 3250 3205 n._-..:_...
3307 3181 3509 3205 μεμε...
3543 3181 3730 3205 --'I.L--_.

326 3171 574 3248 δύναμις,
614 3174 704 3231 καί
758 3174 935 3238 οὐδεὶς
984 3178 1013 3231 ὁ
1061 3176 1344 3254 ἀνταίρων,
1395 3179 1484 3232 καὶ
1524 3176 1710 3249 ἐπειδὴ
1742 3180 1969 3257 ἀπρόσι-

2088 3187 2246 3239 esset
2276 3182 2517 3238 omnino
2546 3182 2935 3253 perfecturus.
2970 3182 3253 3245 Quoniam
3307 3181 3514 3236 mihim
3543 3181 3735 3238 ultum

322 3283 415 3326 τος
444 3265 479 3334 ἡ
512 3263 563 3318 ἐν
590 3268 710 3329 τοῖς
760 3270 1151 3341 στρατηγικοῖς
1202 3266 1369 3344 σοφία
1407 3288 1501 3340 μοι
1532 3268 1782 3344 πάρεστι,
1816 3270 1907 3325 καὶ
1937 3274 1972 3341 ἡ

322 3351 530 3415 σύνεσις
580 3352 953 3425 ἀνεπίληπτος
1001 3357 1100 3429 (9)’
1151 3352 1240 3409 διὰ
1285 3359 1470 3425 τοῦτο,
1515 3358 1703 3431 φησὶν,
1754 3358 1973 3438 Ἀφελῶ

319 3439 443 3517 ὅρια
499 3440 667 3505 ἐθνῶν
702 3485 717 3511 ,
776 3443 865 3498 καὶ
922 3444 1020 3511 τὴν
1098 3443 1255 3519 ἰσχὺν
1333 3444 1507 3500 αὐτῶν
1566 3450 1929 3521 προνομεύσω
1957 3492 1969 3506 .

317 3530 504 3586 Πάντα
534 3530 638 3606 γὰρ
670 3532 739 3586 τὰ
767 3526 893 3602 ἔθνη
951 3535 1020 3606 τῇ
1071 3531 1307 3605 ἐμαυτοῦ
1355 3532 1683 3590 ὑποκύπτειν
1721 3528 1975 3610 βασιλείᾳ

318 3617 741 3694 συναναγκάσας,
789 3616 885 3675 ἕνα
927 3624 1033 3675 τῶν
1083 3619 1294 3676 πάντων
1345 3626 1613 3694 ποιοῦμαι
1670 3621 1821 3698 ὅρον,
1872 3627 1973 3694 τὴν

317 3707 456 3781 ἐμὴν
507 3707 840 3785 ἔπικρᾳτεια.
895 3714 1000 3764 Νῦν
1049 3710 1151 3787 γὰρ
1197 3706 1420 3767 ἕκαστον
1474 3708 1638 3775 ῗδίοις
1671 3712 1971 3789 ὀροθεσίοις

316 3797 426 3853 ἀπὸ
480 3801 577 3853 τοῦ
636 3798 821 3873 ἑτέρου
881 3796 1185 3875 διώρισται.
1248 3800 1490 3879 Ἀφελὼν
1550 3800 1642 3857 οῦν
1686 3801 1861 3858 αὐτῶν
1905 3804 1974 3859 τὰ

317 3885 461 3963 ὅρια,
498 3888 603 3942 ὑπὸ
643 3884 697 3943 ἓν
751 3894 1027 3965 σκῆπτρον
1075 3896 1177 3959 τῆς
1226 3889 1368 3962 ἐμῆς
1419 3888 1699 3967 βασιλείας
1727 3893 1969 3968 γενέσθαι

313 3976 383 4033 τὰ
432 3978 606 4032 πάντα
663 3978 776 4051 (40)
834 3978 1239 4053 συναναγκάσω.
1274 3980 1375 4034 Καὶ
1432 3981 1531 4048 τήν
1589 3980 1747 4057 ἰσχὺν
1793 3981 1967 4037 αὐτῶν

315 4064 703 4141 προνομεύσω.
756 4069 1019 4142 Προνομή
1078 4065 1296 4143 λάγεται
1347 4070 1383 4138 ἡ
1433 4066 1487 4123 ἐν
1517 4074 1635 4131 τοῖς
1671 4064 1971 4143 πολεμίοις

314 4159 422 4212 τῶν
465 4151 789 4210 ἱαλωκότων
822 4156 901 4218 εἰς
944 4154 1072 4219 τοὺς
1119 4162 1449 4234 κρατοῦντας
1491 4156 1749 4233 διανομὴ,
1783 4159 1906 4215 ὅταν
1933 4161 1969 4231 ἢ

315 4242 653 4321 αἰχμάλωτα
708 4245 979 4319 σώματα,
1034 4246 1070 4316 ἢ
1127 4267 1247 4302 τινα
1295 4251 1403 4303 τῶν
1464 4249 1827 4323 βοσκημάτων
1860 4295 1873 4321 ,
1933 4250 1970 4320 ἢ

315 4331 461 4390 ἄλλα
504 4332 627 4390 τινὰ
675 4338 782 4388 τῶν
833 4334 970 4390 κατὰ
1013 4336 1104 4391 τὸν
1161 4333 1301 4411 βίον,
1336 4337 1389 4391 οἱ
1434 4334 1755 4411 κρατοῦντες
1794 4337 1845 4394 ἐν
1877 4338 1974 4395 ἀλ-

314 4419 514 4493 λήλοις
563 4418 995 4497 διαλαγχάνουσι
1040 4426 1195 4497 (41)*
1248 4424 1338 4480 καὶ
1403 4422 1630 4488 ἕκαστος
1681 4428 1819 4483 κατὰ
1869 4429 1970 4497 τὴν

2082 3272 2238 3327 inest
2266 3272 2564 3343 equitatus
2594 3286 2661 3327 ac
2692 3270 3007 3342 peditatus,
3042 3286 3146 3326 nec
3180 3269 3475 3342 quispiam
3519 3271 3735 3343 reperi-

2082 3365 2182 3417 tur
2210 3361 2312 3432 qui
2344 3360 2601 3429 resistat,
2634 3375 2885 3430 cumque
2913 3358 3214 3415 inaccessa
3239 3360 3298 3415 in
3317 3359 3492 3415 rebus
3519 3360 3736 3416 milita-

2082 3451 2249 3506 ribus
2280 3449 2586 3521 sapientia,
2611 3453 2788 3521 atque
2807 3447 3399 3521 incomprehensibile
3420 3448 3733 3506 consilium

2083 3538 2227 3594 mihi
2259 3542 2552 3610 suppetat,
2584 3538 2737 3606 ideo,
2768 3538 2982 3609 inquit,
3015 3537 3281 3608 Ait/eram
3310 3540 3578 3594 terminos
3605 3555 3737 3610 gen-

2081 3628 2240 3693 tium,
2270 3634 2323 3684 et
2366 3626 2750 3699 fortitudinem
2796 3642 2990 3683 earum
3030 3627 3410 3698 depraedabor.
3452 3626 3598 3683 Nam
3631 3626 3732 3683 ubi

2081 3723 2283 3790 gentes
2313 3733 2518 3773 omnes
2548 3732 2790 3787 coegero
2839 3715 3086 3788 imperio
3134 3733 3262 3772 meo
3311 3732 3372 3772 se
3420 3716 3733 3787 subjicere,

2082 3823 2267 3863 unum
2321 3806 2585 3862 omnium
2634 3805 2958 3860 terminum
3009 3805 3282 3874 efficiam,
3332 3806 3616 3862 ditionem
3667 3821 3733 3861 ac

2079 3896 2477 3970 principatum
2511 3909 2729 3950 meum.
2763 3894 2930 3950 Nunc
2960 3894 3114 3951 enim
3167 3910 3535 3967 unaquaeque
3587 3911 3733 3968 gens

2081 3984 2334 4056 propriis
2365 3983 2654 4039 limitibus
2682 3982 2873 4038 divisa
2902 3987 2991 4039 est
3019 3987 3077 4039 et
3105 3983 3388 4039 distincta
3416 3984 3490 4039 ab
3527 3984 3730 4040 altera.

2080 4073 2336 4129 Sublatis
2365 4071 2550 4143 igitur
2577 4070 2841 4144 gentium
2872 4072 3164 4135 terminis,
3183 4089 3282 4128 eas
3309 4089 3514 4128 omnes
3535 4073 3589 4127 vi
3615 4074 3727 4128 adi-

2080 4178 2238 4235 gem,
2271 4165 2338 4217 ut
2367 4161 2478 4215 sub
2501 4175 2685 4215 unum
2714 4159 2879 4232 regni
2906 4159 3017 4214 mei
3042 4164 3339 4233 sceptrum
3363 4161 3731 4233 redigantur.

2079 4253 2146 4307 Et
2174 4249 2563 4323 fortitudinem
2611 4263 2803 4303 earum
2861 4249 3231 4321 deprirdabor.
3279 4253 3357 4305 Ea
3405 4250 3729 4323 spoliorum

2080 4340 2355 4396 hostibus
2384 4340 2798 4409 ademptorum
2831 4338 3062 4409 divisio,
3094 4354 3224 4410 quae
3246 4356 3281 4395 a
3299 4339 3617 4395 victoribus
3644 4340 3731 4407 fit,

2081 4431 2280 4504 praeda
2309 4427 2544 4493 dicitur,
2576 4444 2709 4483 cum
2742 4428 2872 4500 ipsa
2899 4428 3148 4484 victores
3174 4429 3331 4483 inter
3358 4445 3421 4485 se
3465 4430 3733 4501 partiun-

312 4514 622 4588 προσοῦσαν
670 4510 818 4584 αὐτῷ
865 4512 1143 4590 ὑπεροχὴν
1181 4516 1282 4578 τῆς
1316 4511 1375 4569 ἐκ
1401 4518 1507 4569 τῶν
1542 4513 1800 4591 λαφύρων
1832 4537 1973 4593 προ-

2087 4525 2195 4586 tur,
2229 4519 2350 4575 sive
2380 4518 2596 4575 fuerint
2624 4533 2867 4588 corpora
2898 4518 3150 4590 captiva,
3206 4518 3326 4575 sive
3372 4534 3584 4591 pecora
3633 4519 3736 4575 ali-

310 4606 490 4675 νομῆς
543 4598 888 4673 ἀξιούμενος,
940 4600 1085 4659 οὕτω
1147 4601 1364 4680 μετέχει
1423 4608 1532 4659 τῶν
1578 4603 1639 4660 ἐκ
1674 4610 1771 4660 τοῦ
1799 4604 1967 4662 πολὲ-

317 4712 443 4766 μου.
494 4688 598 4745 Καὶ
646 4688 740 4752 τὰς
788 4694 903 4761 νῦν,
956 4692 1113 4771 φησὶ,
1165 4690 1562 4768 καθιδρυμένας
1611 4696 1824 4770 παγίως
1867 4695 1966 4751 πό-

311 4780 429 4843 λεις
459 4780 575 4855 (42)
636 4776 817 4854 σείσω,
859 4780 949 4837 καὶ
1006 4781 1261 4854 κλονησω
1316 4787 1384 4858 τῇ
1436 4782 1672 4858 ἐμαυτοῦ
1721 4782 1966 4861 δυνάμει,

383 4955 427 4991 ⁸⁸
466 4954 649 5013 Eccle.
682 4972 746 5026 ιι,
781 4954 867 5010 14.

403 5124 459 5192 6)
491 5123 578 5179 Ita
605 5138 751 5181 mss.
784 5122 993 5180 nostri.
1025 5122 1183 5180 Editi
1209 5138 1368 5192 vero,
1396 5120 1495 5179 τοῦ
1518 5144 1597 5182 τε.

491 5195 592 5270 §ic
617 5213 763 5270 mss.
792 5212 1019 5270 omnes.
1051 5195 1227 5264 Editi,
1262 5190 1432 5270 ἔσται,
1465 5202 1651 5257 etnon
1679 5200 1804 5256 erit.

380 5264 462 5340 (8)
491 5268 644 5343 Editi
674 5273 734 5325 et
763 5285 934 5343 mss._,
964 5264 1273 5343 ἐπαγαγεῖν,
1304 5267 1396 5343 τόν
1416 5264 1548 5343 ubi
1583 5287 1653 5329 ex
1700 5270 1964 5343 superio-

306 5338 474 5466 i'ibu's
501 5338 1090 5465 Zidetursupplenda
1111 5338 1441 5414 praepositio
1467 5338 1555 5395 διά
1585 5346 1719 5400 ante
1750 5338 1963 5400 articu-

335 5428 437 5466 um
466 5431 495 5464 τ
532 5429 582 5466 ν.

335 5428 437 5467 um
466 5428 582 5466 τον.

384 5483 459 5557 (9)
491 5483 684 5557 Codex
958 5497 1092 5557 cum
1139 5482 1271 5541 aliis
1320 5485 1532 5553 tribus,
1581 5483 1962 5557 ἀνεπίληστος,

306 5551 606 5625 prudentia
628 5551 780 5608 nulli
806 5551 1074 5609 oblivioni
1117 5557 1375 5614 obnoxia.
1426 5551 1588 5613 Alter
1630 5551 1966 5615 Combeﬂsii

312 5627 577 5703 codeaet
606 5628 747 5703 Reg.
796 5625 1271 5703 secundus‘cum
1323 5630 1521 5703 editis,
1570 5626 1965 5703 ἀνεπίληπτος,

309 5699 612 5757 consilium
626 5694 1201 5777 incomprehensibilia.
1225 5699 1343 5758 Hoc
1367 5719 1441 5758 an
1463 5694 1566 5758 illo
1589 5704 1762 5760 modo
1782 5694 1964 5776 legas,

2082 4627 2219 4683 qua,
2252 4610 2374 4665 sive
2404 4607 2695 4680 quaepiam
2731 4606 2846 4662 alia
2875 4608 2944 4663 ad
2962 4606 3143 4663 vitam
3166 4607 3515 4664 necessaria.
3542 4612 3732 4680 Atque

2080 4697 2491 4769 unusquisque
2522 4712 2624 4768 pro
2669 4712 2778 4752 sua
2824 4695 3112 4768 dignitate
3166 4701 3341 4769 atque
3389 4697 3732 4769 prmstantia

2079 4788 2451 4862 partitionem
2475 4785 2798 4859 spoliorum
2822 4787 3315 4854 consecutus,boc
3338 4790 3506 4858 pacto
3529 4802 3726 4842 rerum

2074 5143 2281 5201 parum
2314 5126 2508 5201 refert.
2543 5125 2885 5201 Notavimus
2916 5125 3030 5199 legi
3063 5126 3303 5201 quidem
3336 5124 3396 5201 in
3427 5127 3607 5201 R_eg_.__
3629 5139 3725 5181 se-

2074 5143 2281 5201 parum
2314 5142 2508 5184 reteri.
2543 5142 2885 5183 uocavxmus
2916 5142 3030 5199 tegi
3063 5142 3303 5253 quidem
3336 5142 3396 5181 in
3427 5142 3568 5198 neg.
3629 5142 3725 5181 se-

2074 5200 2288 5268 cundo,
2321 5195 2681 5270 dvenlkna'po:
2712 5199 2815 5270 sed
2844 5198 2905 5254 in
2936 5213 3038 5255 ora
3112 5197 3225 5255 ibri
3268 5196 3505 5270 scripsit
3548 5195 3727 5256 libra-

2075 5274 2224 5342 rius,
2256 5266 2309 5327 ἔν
2342 5266 2549 5332 ἄλλοις
2586 5267 2973 5342 ἀνεπίληστος.

2293 5344 2538 5419 antiqui
2569 5347 2689 5400 tres
2720 5343 2878 5419 libri,
2905 5340 2972 5395 τὰ
2997 5341 3239 5419 πάντωνἶ

2147 5410 2262 5490 (ll)
2293 5410 2535 5490 Codices
2561 5419 2700 5485 tres,
2733 5410 3201 5489 διαλαγχάνωσιν.
3228 5411 3406 5471 Paulo
3431 5416 3566 5486 post
3586 5412 3722 5485 Reg.

2078 5486 2347 5564 quartus,
2384 5486 2614 5564 μετέχῃ.

2146 5563 2261 5634 (12)
2293 5555 3043 5634 Sic'uter'quecombeﬁsii
3093 5555 3273 5611 codex
3317 5560 3374 5611 et
3419 5555 3542 5612 alii.
3600 5558 3726 5613 Vox

2076 5628 2272 5696 πόλεις
2303 5634 2362 5690 in
2394 5638 2531 5690 ante
2555 5628 2729 5688 editis
2759 5628 3221 5685 desiderabatur.
