  <div class='ocr_page' id='page_1' title='image "/cluster/home/n/w/nwhite01/storage/ocr_20150623/30:no.2/coo.31924054873116/283.png"; bbox 0 0 4150 6372; ppageno 0'>
   <div class='ocr_carea' id='block_1_1' title="bbox 350 331 468 395">
    <p class='ocr_par' dir='ltr' id='par_1_1' title="bbox 350 331 468 395">
     <span class='ocr_line' id='line_1_1' title="bbox 350 331 468 395; baseline 0.017 -2"><span class='ocrx_word' id='word_1_1' title='bbox 350 331 468 395; x_wconf 72' lang='lat'>539</span> 
     </span>
    </p>
   </div>
   <div class='ocr_carea' id='block_1_2' title="bbox 1285 340 2805 406">
    <p class='ocr_par' dir='ltr' id='par_1_2' title="bbox 1285 340 2805 406">
     <span class='ocr_line' id='line_1_2' title="bbox 1285 340 2805 406; baseline -0.002 -2"><span class='ocrx_word' id='word_1_2' title='bbox 1285 343 1682 405; x_wconf 82' lang='lat' dir='ltr'>APPENDIX</span> <span class='ocrx_word' id='word_1_3' title='bbox 1725 341 2053 406; x_wconf 77' lang='lat' dir='ltr'>OPERUM</span> <span class='ocrx_word' id='word_1_4' title='bbox 2097 344 2162 406; x_wconf 91' lang='lat' dir='ltr'>S.</span> <span class='ocrx_word' id='word_1_5' title='bbox 2205 341 2488 405; x_wconf 83' lang='lat' dir='ltr'>BASlLll</span> <span class='ocrx_word' id='word_1_6' title='bbox 2530 340 2805 404; x_wconf 88' lang='lat' dir='ltr'>MAGNI.</span> 
     </span>
    </p>
   </div>
   <div class='ocr_carea' id='block_1_3' title="bbox 3641 331 3760 398">
    <p class='ocr_par' dir='ltr' id='par_1_3' title="bbox 3641 331 3760 398">
     <span class='ocr_line' id='line_1_3' title="bbox 3641 331 3760 398; baseline 0.008 -1"><span class='ocrx_word' id='word_1_7' title='bbox 3641 331 3760 398; x_wconf 71' lang='grc'>540</span> 
     </span>
    </p>
   </div>
   <div class='ocr_carea' id='block_1_4' title="bbox 352 465 2005 547">
    <p class='ocr_par' dir='ltr' id='par_1_4' title="bbox 352 465 1995 547">
     <span class='ocr_line' id='line_1_4' title="bbox 352 465 1995 547; baseline 0.007 -29"><span class='ocrx_word' id='word_1_8' title='bbox 352 465 410 522; x_wconf 89' lang='lat' dir='ltr'>in</span> <span class='ocrx_word' id='word_1_9' title='bbox 445 467 594 524; x_wconf 93' lang='lat' dir='ltr'>bello</span> <span class='ocrx_word' id='word_1_10' title='bbox 626 475 929 543; x_wconf 86' lang='lat' dir='ltr'>captarum</span> <span class='ocrx_word' id='word_1_11' title='bbox 974 475 1268 547; x_wconf 81' lang='lat' dir='ltr'>particeps</span> <span class='ocrx_word' id='word_1_12' title='bbox 1311 477 1393 532; x_wconf 78' lang='lat' dir='ltr'>fit.</span> <span class='ocrx_word' id='word_1_13' title='bbox 1444 476 1514 532; x_wconf 89' lang='lat' dir='ltr'>Et</span> <span class='ocrx_word' id='word_1_14' title='bbox 1560 492 1737 545; x_wconf 90' lang='lat' dir='ltr'>nunc,</span> <span class='ocrx_word' id='word_1_15' title='bbox 1783 475 1995 546; x_wconf 86' lang='lat' dir='ltr'>inquit,</span> 
     </span>
    </p>
   </div>
   <div class='ocr_carea' id='block_1_5' title="bbox 2117 465 3760 547">
    <p class='ocr_par' dir='ltr' id='par_1_5' title="bbox 2117 465 3760 544">
     <span class='ocr_line' id='line_1_5' title="bbox 2117 465 3760 544; baseline -0.003 -16"><span class='ocrx_word' id='word_1_16' title='bbox 2117 473 2196 528; x_wconf 73' lang='grc' dir='ltr'>καὶ</span> <span class='ocrx_word' id='word_1_17' title='bbox 2225 475 2324 542; x_wconf 78' lang='grc' dir='ltr'>τὴν</span> <span class='ocrx_word' id='word_1_18' title='bbox 2375 471 2702 544; x_wconf 76' lang='grc' dir='ltr'>οἷ’κουμένην</span> <span class='ocrx_word' id='word_1_19' title='bbox 2755 468 2893 540; x_wconf 74' lang='grc' dir='ltr'>ὅλην</span> <span class='ocrx_word' id='word_1_20' title='bbox 2924 467 3315 543; x_wconf 80' lang='grc' dir='ltr'>καταλήψομαι</span> <span class='ocrx_word' id='word_1_21' title='bbox 3352 469 3422 540; x_wconf 74' lang='grc' dir='ltr'>τῇ</span> <span class='ocrx_word' id='word_1_22' title='bbox 3464 465 3615 541; x_wconf 82' lang='grc' dir='ltr'>χειρὶ</span> <span class='ocrx_word' id='word_1_23' title='bbox 3643 466 3760 539; x_wconf 80' lang='grc'>(43)</span> 
     </span>
    </p>
   </div>
   <div class='ocr_carea' id='block_1_6' title="bbox 352 557 2001 638">
    <p class='ocr_par' dir='ltr' id='par_1_6' title="bbox 352 557 2001 638">
     <span class='ocr_line' id='line_1_6' title="bbox 352 557 2001 638; baseline 0.006 -28"><span class='ocrx_word' id='word_1_24' title='bbox 352 557 526 612; x_wconf 83' lang='lat' dir='ltr'>urbes</span> <span class='ocrx_word' id='word_1_25' title='bbox 559 561 804 617; x_wconf 82' lang='lat' dir='ltr'>firmiter</span> <span class='ocrx_word' id='word_1_26' title='bbox 836 564 1128 620; x_wconf 82' lang='lat' dir='ltr'>stabilitas</span> <span class='ocrx_word' id='word_1_27' title='bbox 1160 565 1514 636; x_wconf 88' lang='lat' dir='ltr'>concutiam,</span> <span class='ocrx_word' id='word_1_28' title='bbox 1549 581 1794 638; x_wconf 90' lang='lat' dir='ltr'>meaque</span> <span class='ocrx_word' id='word_1_29' title='bbox 1825 565 2001 620; x_wconf 89' lang='lat' dir='ltr'>unius</span> 
     </span>
    </p>
   </div>
   <div class='ocr_carea' id='block_1_7' title="bbox 350 645 1998 725">
    <p class='ocr_par' dir='ltr' id='par_1_7' title="bbox 350 645 1998 725">
     <span class='ocr_line' id='line_1_7' title="bbox 350 645 1998 725; baseline 0.006 -27"><span class='ocrx_word' id='word_1_30' title='bbox 350 645 566 702; x_wconf 90' lang='lat' dir='ltr'>virtute</span> <span class='ocrx_word' id='word_1_31' title='bbox 583 651 997 716; x_wconf 83' lang='lat' dir='ltr'>exturbabo,ac</span> <span class='ocrx_word' id='word_1_32' title='bbox 1021 653 1219 708; x_wconf 89' lang='lat' dir='ltr'>orbem</span> <span class='ocrx_word' id='word_1_33' title='bbox 1247 654 1586 710; x_wconf 85' lang='lat' dir='ltr'>universum</span> <span class='ocrx_word' id='word_1_34' title='bbox 1610 654 1779 725; x_wconf 88' lang='lat' dir='ltr'>quasi</span> <span class='ocrx_word' id='word_1_35' title='bbox 1796 654 1998 708; x_wconf 90' lang='lat' dir='ltr'>nidum</span> 
     </span>
    </p>
   </div>
   <div class='ocr_carea' id='block_1_8' title="bbox 354 740 2002 814">
    <p class='ocr_par' dir='ltr' id='par_1_8' title="bbox 354 740 2002 814">
     <span class='ocr_line' id='line_1_8' title="bbox 354 740 2002 814; baseline 0.005 -26"><span class='ocrx_word' id='word_1_36' title='bbox 354 749 530 790; x_wconf 85' lang='lat' dir='ltr'>manu</span> <span class='ocrx_word' id='word_1_37' title='bbox 566 740 1080 810; x_wconf 81' lang='lat' dir='ltr'>comprehendam.</span> <span class='ocrx_word' id='word_1_38' title='bbox 1110 745 1342 798; x_wconf 82' lang='lat' dir='ltr'>Etenim</span> <span class='ocrx_word' id='word_1_39' title='bbox 1370 745 1574 814; x_wconf 85' lang='lat' dir='ltr'>ecquis</span> <span class='ocrx_word' id='word_1_40' title='bbox 1607 743 1771 799; x_wconf 90' lang='lat' dir='ltr'>labor</span> <span class='ocrx_word' id='word_1_41' title='bbox 1826 742 2002 798; x_wconf 91' lang='lat' dir='ltr'>fuerit</span> 
     </span>
    </p>
   </div>
   <div class='ocr_carea' id='block_1_9' title="bbox 355 825 2000 902">
    <p class='ocr_par' dir='ltr' id='par_1_9' title="bbox 355 825 2000 902">
     <span class='ocr_line' id='line_1_9' title="bbox 355 825 2000 902; baseline 0.007 -25"><span class='ocrx_word' id='word_1_42' title='bbox 355 825 552 895; x_wconf 88' lang='lat' dir='ltr'>pullos</span> <span class='ocrx_word' id='word_1_43' title='bbox 585 828 915 884; x_wconf 81' lang='lat' dir='ltr'>involucres</span> <span class='ocrx_word' id='word_1_44' title='bbox 949 847 1014 885; x_wconf 89' lang='lat' dir='ltr'>ac</span> <span class='ocrx_word' id='word_1_45' title='bbox 1047 830 1384 902; x_wconf 82' lang='lat' dir='ltr'>implumes,</span> <span class='ocrx_word' id='word_1_46' title='bbox 1418 833 1475 888; x_wconf 88' lang='lat' dir='ltr'>in</span> <span class='ocrx_word' id='word_1_47' title='bbox 1510 833 1662 889; x_wconf 88' lang='lat' dir='ltr'>nidis</span> <span class='ocrx_word' id='word_1_48' title='bbox 1693 833 1764 888; x_wconf 88' lang='lat' dir='ltr'>ab</span> <span class='ocrx_word' id='word_1_49' title='bbox 1797 833 2000 888; x_wconf 86' lang='lat' dir='ltr'>avibus</span> 
     </span>
    </p>
   </div>
   <div class='ocr_carea' id='block_1_10' title="bbox 354 919 1997 992">
    <p class='ocr_par' dir='ltr' id='par_1_10' title="bbox 354 919 1997 992">
     <span class='ocr_line' id='line_1_10' title="bbox 354 919 1997 992; baseline 0.005 -25"><span class='ocrx_word' id='word_1_50' title='bbox 354 929 480 985; x_wconf 65' lang='lat' dir='ltr'>qua:</span> <span class='ocrx_word' id='word_1_51' title='bbox 512 933 612 971; x_wconf 88' lang='lat' dir='ltr'>eos</span> <span class='ocrx_word' id='word_1_52' title='bbox 635 919 960 989; x_wconf 82' lang='lat' dir='ltr'>enutriunt,</span> <span class='ocrx_word' id='word_1_53' title='bbox 985 919 1315 992; x_wconf 88' lang='lat' dir='ltr'>calelactos,</span> <span class='ocrx_word' id='word_1_54' title='bbox 1343 939 1519 977; x_wconf 90' lang='lat' dir='ltr'>manu</span> <span class='ocrx_word' id='word_1_55' title='bbox 1542 922 1997 992; x_wconf 88' lang='lat' dir='ltr'>apprehendere,</span> 
     </span>
    </p>
   </div>
   <div class='ocr_carea' id='block_1_11' title="bbox 350 1008 2001 1082">
    <p class='ocr_par' dir='ltr' id='par_1_11' title="bbox 350 1008 2001 1082">
     <span class='ocr_line' id='line_1_11' title="bbox 350 1008 2001 1082; baseline 0.004 -23"><span class='ocrx_word' id='word_1_56' title='bbox 350 1019 482 1059; x_wconf 89' lang='lat' dir='ltr'>cum</span> <span class='ocrx_word' id='word_1_57' title='bbox 505 1021 692 1076; x_wconf 88' lang='lat' dir='ltr'>neque</span> <span class='ocrx_word' id='word_1_58' title='bbox 715 1008 944 1077; x_wconf 87' lang='lat' dir='ltr'>pennis,</span> <span class='ocrx_word' id='word_1_59' title='bbox 974 1025 1163 1081; x_wconf 89' lang='lat' dir='ltr'>neque</span> <span class='ocrx_word' id='word_1_60' title='bbox 1185 1011 1434 1082; x_wconf 82' lang='lat' dir='ltr'>pedibus</span> <span class='ocrx_word' id='word_1_61' title='bbox 1458 1011 1538 1066; x_wconf 87' lang='lat' dir='ltr'>uti</span> <span class='ocrx_word' id='word_1_62' title='bbox 1568 1012 1637 1066; x_wconf 89' lang='lat' dir='ltr'>ad</span> <span class='ocrx_word' id='word_1_63' title='bbox 1661 1012 1852 1080; x_wconf 81' lang='lat' dir='ltr'>fugam</span> <span class='ocrx_word' id='word_1_64' title='bbox 1873 1028 2001 1082; x_wconf 81' lang='lat' dir='ltr'>pos-</span> 
     </span>
    </p>
   </div>
   <div class='ocr_carea' id='block_1_12' title="bbox 348 1092 2001 1171">
    <p class='ocr_par' dir='ltr' id='par_1_12' title="bbox 348 1092 2001 1171">
     <span class='ocr_line' id='line_1_12' title="bbox 348 1092 2001 1171; baseline 0.004 -23"><span class='ocrx_word' id='word_1_65' title='bbox 348 1092 495 1149; x_wconf 85' lang='lat' dir='ltr'>sint?</span> <span class='ocrx_word' id='word_1_66' title='bbox 515 1094 736 1151; x_wconf 86' lang='lat' dir='ltr'>Deinde</span> <span class='ocrx_word' id='word_1_67' title='bbox 753 1101 1157 1170; x_wconf 87' lang='lat' dir='ltr'>contemptum</span> <span class='ocrx_word' id='word_1_68' title='bbox 1180 1103 1358 1155; x_wconf 85' lang='lat' dir='ltr'>etiam</span> <span class='ocrx_word' id='word_1_69' title='bbox 1383 1117 1498 1171; x_wconf 92' lang='lat' dir='ltr'>quo</span> <span class='ocrx_word' id='word_1_70' title='bbox 1520 1100 1787 1156; x_wconf 87' lang='lat' dir='ltr'>homines</span> <span class='ocrx_word' id='word_1_71' title='bbox 1811 1116 2001 1171; x_wconf 45' lang='lat' dir='ltr'>pri-se-</span> 
     </span>
    </p>
   </div>
   <div class='ocr_carea' id='block_1_13' title="bbox 348 1182 2000 1262">
    <p class='ocr_par' dir='ltr' id='par_1_13' title="bbox 348 1182 2000 1262">
     <span class='ocr_line' id='line_1_13' title="bbox 348 1182 2000 1262; baseline 0.004 -25"><span class='ocrx_word' id='word_1_72' title='bbox 348 1182 766 1256; x_wconf 82' lang='lat' dir='ltr'>quitur;magis</span> <span class='ocrx_word' id='word_1_73' title='bbox 785 1202 1168 1260; x_wconf 82' lang='lat' dir='ltr'>exaggerans,</span> <span class='ocrx_word' id='word_1_74' title='bbox 1187 1206 1473 1262; x_wconf 87' lang='lat' dir='ltr'>suamque</span> <span class='ocrx_word' id='word_1_75' title='bbox 1499 1189 1820 1261; x_wconf 81' lang='lat' dir='ltr'>potentiam</span> <span class='ocrx_word' id='word_1_76' title='bbox 1844 1189 2000 1244; x_wconf 91' lang='lat' dir='ltr'>ultra</span> 
     </span>
    </p>
   </div>
   <div class='ocr_carea' id='block_1_14' title="bbox 347 1273 2000 1350">
    <p class='ocr_par' dir='ltr' id='par_1_14' title="bbox 347 1273 2000 1350">
     <span class='ocr_line' id='line_1_14' title="bbox 347 1273 2000 1350; baseline 0.005 -25"><span class='ocrx_word' id='word_1_77' title='bbox 347 1273 586 1327; x_wconf 89' lang='lat' dir='ltr'>modum</span> <span class='ocrx_word' id='word_1_78' title='bbox 620 1274 924 1344; x_wconf 83' lang='lat' dir='ltr'>extollens,</span> <span class='ocrx_word' id='word_1_79' title='bbox 961 1277 1301 1333; x_wconf 87' lang='lat' dir='ltr'>universum</span> <span class='ocrx_word' id='word_1_80' title='bbox 1336 1279 1559 1345; x_wconf 87' lang='lat' dir='ltr'>orbem,</span> <span class='ocrx_word' id='word_1_81' title='bbox 1593 1278 1804 1350; x_wconf 84' lang='lat' dir='ltr'>inquit,</span> <span class='ocrx_word' id='word_1_82' title='bbox 1839 1295 1910 1334; x_wconf 90' lang='lat' dir='ltr'>ne</span> <span class='ocrx_word' id='word_1_83' title='bbox 1935 1282 2000 1334; x_wconf 89' lang='lat' dir='ltr'>ut</span> 
     </span>
    </p>
   </div>
   <div class='ocr_carea' id='block_1_15' title="bbox 2111 553 3759 636">
    <p class='ocr_par' dir='ltr' id='par_1_15' title="bbox 2111 553 3759 636">
     <span class='ocr_line' id='line_1_15' title="bbox 2111 553 3759 636; baseline -0.005 -20"><span class='ocrx_word' id='word_1_84' title='bbox 2111 565 2185 625; x_wconf 86' lang='grc' dir='ltr'>ὡς</span> <span class='ocrx_word' id='word_1_85' title='bbox 2216 563 2452 619; x_wconf 86' lang='grc' dir='ltr'>νοσσιάν.</span> <span class='ocrx_word' id='word_1_86' title='bbox 2507 563 2673 623; x_wconf 87' lang='grc' dir='ltr'>ΙΙοῖος</span> <span class='ocrx_word' id='word_1_87' title='bbox 2719 559 2820 636; x_wconf 87' lang='grc' dir='ltr'>γάρ</span> <span class='ocrx_word' id='word_1_88' title='bbox 2867 558 3056 630; x_wconf 84' lang='grc' dir='ltr'>πόνος,</span> <span class='ocrx_word' id='word_1_89' title='bbox 3100 559 3349 619; x_wconf 80' lang='grc' dir='ltr'>νεοσσοὺς</span> <span class='ocrx_word' id='word_1_90' title='bbox 3397 555 3635 624; x_wconf 75' lang='grc' dir='ltr'>ἀπτῆνας</span> <span class='ocrx_word' id='word_1_91' title='bbox 3669 553 3759 610; x_wconf 68' lang='grc' dir='ltr'>ἐπὶ</span> 
     </span>
    </p>
   </div>
   <div class='ocr_carea' id='block_1_16' title="bbox 2109 643 3759 725">
    <p class='ocr_par' dir='ltr' id='par_1_16' title="bbox 2109 643 3759 725">
     <span class='ocr_line' id='line_1_16' title="bbox 2109 643 3759 725; baseline -0.005 -18"><span class='ocrx_word' id='word_1_92' title='bbox 2109 659 2207 722; x_wconf 80' lang='grc' dir='ltr'>τῆς</span> <span class='ocrx_word' id='word_1_93' title='bbox 2241 653 2430 714; x_wconf 77' lang='grc' dir='ltr'>καλιᾶς</span> <span class='ocrx_word' id='word_1_94' title='bbox 2478 649 2857 724; x_wconf 75' lang='grc' dir='ltr'>θαλπομένους</span> <span class='ocrx_word' id='word_1_95' title='bbox 2907 649 3053 725; x_wconf 86' lang='grc' dir='ltr'>παρὰ</span> <span class='ocrx_word' id='word_1_96' title='bbox 3094 650 3200 703; x_wconf 83' lang='grc' dir='ltr'>τῶν</span> <span class='ocrx_word' id='word_1_97' title='bbox 3251 645 3613 723; x_wconf 77' lang='grc' dir='ltr'>ἐκτρεφόντων</span> <span class='ocrx_word' id='word_1_98' title='bbox 3662 643 3759 699; x_wconf 80' lang='grc' dir='ltr'>αὐ-</span> 
     </span>
    </p>
   </div>
   <div class='ocr_carea' id='block_1_17' title="bbox 2107 734 3760 817">
    <p class='ocr_par' dir='ltr' id='par_1_17' title="bbox 2107 734 3760 817">
     <span class='ocr_line' id='line_1_17' title="bbox 2107 734 3760 817; baseline -0.003 -22"><span class='ocrx_word' id='word_1_99' title='bbox 2107 741 2232 803; x_wconf 81' lang='grc' dir='ltr'>τοὺς</span> <span class='ocrx_word' id='word_1_100' title='bbox 2265 740 2492 817; x_wconf 78' lang='grc' dir='ltr'>ὀρνίθων</span> <span class='ocrx_word' id='word_1_101' title='bbox 2543 734 2868 795; x_wconf 75' lang='grc' dir='ltr'>καταλαϐεῖν</span> <span class='ocrx_word' id='word_1_102' title='bbox 2923 743 2993 813; x_wconf 73' lang='grc' dir='ltr'>τῇ</span> <span class='ocrx_word' id='word_1_103' title='bbox 3042 737 3189 814; x_wconf 80' lang='grc' dir='ltr'>χειρὶ</span> <span class='ocrx_word' id='word_1_104' title='bbox 3239 738 3378 810; x_wconf 88' lang='grc' dir='ltr'>μήτε</span> <span class='ocrx_word' id='word_1_105' title='bbox 3407 738 3592 810; x_wconf 85' lang='grc' dir='ltr'>πτερῷ</span> <span class='ocrx_word' id='word_1_106' title='bbox 3615 735 3760 809; x_wconf 76' lang='grc' dir='ltr'>χρῆ-</span> 
     </span>
    </p>
   </div>
   <div class='ocr_carea' id='block_1_18' title="bbox 2110 822 3758 906">
    <p class='ocr_par' dir='ltr' id='par_1_18' title="bbox 2110 822 3758 906">
     <span class='ocr_line' id='line_1_18' title="bbox 2110 822 3758 906; baseline -0.005 -21"><span class='ocrx_word' id='word_1_107' title='bbox 2110 832 2228 885; x_wconf 89' lang='grc' dir='ltr'>σθαι</span> <span class='ocrx_word' id='word_1_108' title='bbox 2292 833 2431 904; x_wconf 84' lang='grc' dir='ltr'>μήτε</span> <span class='ocrx_word' id='word_1_109' title='bbox 2489 829 2614 885; x_wconf 86' lang='grc' dir='ltr'>ποσῖ</span> <span class='ocrx_word' id='word_1_110' title='bbox 2669 830 2804 901; x_wconf 90' lang='grc' dir='ltr'>πρὸς</span> <span class='ocrx_word' id='word_1_111' title='bbox 2866 829 3039 906; x_wconf 75' lang='grc' dir='ltr'>φυγὴν</span> <span class='ocrx_word' id='word_1_112' title='bbox 3074 824 3430 898; x_wconf 68' lang='grc' dir='ltr'>δυναμένωνς</span> <span class='ocrx_word' id='word_1_113' title='bbox 3471 822 3605 880; x_wconf 79' lang='grc' dir='ltr'>Εἶτα</span> <span class='ocrx_word' id='word_1_114' title='bbox 3635 822 3758 878; x_wconf 65' lang='grc' dir='ltr'>ἐπι-</span> 
     </span>
    </p>
   </div>
   <div class='ocr_carea' id='block_1_19' title="bbox 2107 912 3758 995">
    <p class='ocr_par' dir='ltr' id='par_1_19' title="bbox 2107 912 3758 995">
     <span class='ocr_line' id='line_1_19' title="bbox 2107 912 3758 995; baseline -0.005 -21"><span class='ocrx_word' id='word_1_115' title='bbox 2107 919 2293 975; x_wconf 79' lang='grc' dir='ltr'>τείνων</span> <span class='ocrx_word' id='word_1_116' title='bbox 2348 921 2433 974; x_wconf 82' lang='grc' dir='ltr'>καὶ</span> <span class='ocrx_word' id='word_1_117' title='bbox 2489 920 2587 988; x_wconf 80' lang='grc' dir='ltr'>τήν</span> <span class='ocrx_word' id='word_1_118' title='bbox 2639 917 3036 995; x_wconf 78' lang='grc' dir='ltr'>καταφρόνησιν</span> <span class='ocrx_word' id='word_1_119' title='bbox 3087 916 3186 984; x_wconf 73' lang='grc' dir='ltr'>τὴν</span> <span class='ocrx_word' id='word_1_120' title='bbox 3239 914 3314 977; x_wconf 81' lang='grc' dir='ltr'>εἷς</span> <span class='ocrx_word' id='word_1_121' title='bbox 3371 912 3497 974; x_wconf 79' lang='grc' dir='ltr'>τοὺς</span> <span class='ocrx_word' id='word_1_122' title='bbox 3547 912 3758 986; x_wconf 80' lang='grc' dir='ltr'>ἀνθρώο</span> 
     </span>
    </p>
   </div>
   <div class='ocr_carea' id='block_1_20' title="bbox 2107 998 3761 1080">
    <p class='ocr_par' dir='ltr' id='par_1_20' title="bbox 2107 998 3761 1080">
     <span class='ocr_line' id='line_1_20' title="bbox 2107 998 3761 1080; baseline -0.005 -17"><span class='ocrx_word' id='word_1_123' title='bbox 2107 1031 2263 1078; x_wconf 86' lang='grc' dir='ltr'>πους,</span> <span class='ocrx_word' id='word_1_124' title='bbox 2309 1007 2398 1064; x_wconf 90' lang='grc' dir='ltr'>καὶ</span> <span class='ocrx_word' id='word_1_125' title='bbox 2445 1009 2544 1077; x_wconf 79' lang='grc' dir='ltr'>τήν</span> <span class='ocrx_word' id='word_1_126' title='bbox 2593 1010 2783 1063; x_wconf 72' lang='grc' dir='ltr'>ἑαυτοῦ</span> <span class='ocrx_word' id='word_1_127' title='bbox 2834 1009 2946 1080; x_wconf 77' lang='grc'>(14)</span> <span class='ocrx_word' id='word_1_128' title='bbox 2994 1005 3298 1080; x_wconf 75' lang='grc' dir='ltr'>ὑπεραίρων</span> <span class='ocrx_word' id='word_1_129' title='bbox 3349 1001 3601 1076; x_wconf 77' lang='grc' dir='ltr'>δύναμιν,</span> <span class='ocrx_word' id='word_1_130' title='bbox 3633 998 3761 1056; x_wconf 72' lang='grc' dir='ltr'>οὐδὲ</span> 
     </span>
    </p>
   </div>
   <div class='ocr_carea' id='block_1_21' title="bbox 2109 1091 3756 1176">
    <p class='ocr_par' dir='ltr' id='par_1_21' title="bbox 2109 1091 3756 1176">
     <span class='ocr_line' id='line_1_21' title="bbox 2109 1091 3756 1176; baseline 0.019 -24"><span class='ocrx_word' id='word_1_131' title='bbox 2109 1100 2451 1173; x_wconf 65' lang='grc' dir='ltr'>ὡςῖνοσσιάν,</span> <span class='ocrx_word' id='word_1_132' title='bbox 2487 1097 2640 1176; x_wconf 77' lang='grc' dir='ltr'>φησὶ,</span> <span class='ocrx_word' id='word_1_133' title='bbox 2694 1100 2791 1167; x_wconf 67' lang='grc' dir='ltr'>τὴν</span> <span class='ocrx_word' id='word_1_134' title='bbox 2847 1096 3197 1170; x_wconf 70' lang='grc' dir='ltr'>οἴκουμένηνν</span> <span class='ocrx_word' id='word_1_135' title='bbox 3227 1091 3354 1149; x_wconf 54' lang='grc' dir='ltr'>ἀλλ’</span> <span class='ocrx_word' id='word_1_136' title='bbox 3397 1092 3473 1154; x_wconf 67' lang='grc' dir='ltr'>ὡς</span> <span class='ocrx_word' id='word_1_137' title='bbox 3517 1091 3620 1159; x_wconf 38' lang='grc' dir='ltr'>ὠὴ</span> <span class='ocrx_word' id='word_1_138' title='bbox 3652 1111 3756 1169; x_wconf 54' lang='lat' dir='ltr'>qm-</span> 
     </span>
    </p>
   </div>
   <div class='ocr_carea' id='block_1_22' title="bbox 2108 1180 3760 1263">
    <p class='ocr_par' dir='ltr' id='par_1_22' title="bbox 2108 1180 3760 1263">
     <span class='ocr_line' id='line_1_22' title="bbox 2108 1180 3760 1263; baseline -0.004 -21"><span class='ocrx_word' id='word_1_139' title='bbox 2108 1187 2210 1257; x_wconf 77' lang='grc' dir='ltr'>σῖν,</span> <span class='ocrx_word' id='word_1_140' title='bbox 2269 1185 2855 1263; x_wconf 71' lang='grc' dir='ltr'>ἐγκαταλελειμμένα,</span> <span class='ocrx_word' id='word_1_141' title='bbox 2915 1186 3058 1240; x_wconf 72' lang='grc' dir='ltr'>οὕτω</span> <span class='ocrx_word' id='word_1_142' title='bbox 3123 1182 3426 1257; x_wconf 79' lang='grc' dir='ltr'>λήψομαι,</span> <span class='ocrx_word' id='word_1_143' title='bbox 3487 1180 3587 1236; x_wconf 86' lang='grc' dir='ltr'>Καὶ</span> <span class='ocrx_word' id='word_1_144' title='bbox 3659 1180 3760 1236; x_wconf 80' lang='grc' dir='ltr'>οὐκ</span> 
     </span>
    </p>
   </div>
   <div class='ocr_carea' id='block_1_23' title="bbox 2108 1274 3298 1355">
    <p class='ocr_par' dir='ltr' id='par_1_23' title="bbox 2108 1274 3298 1355">
     <span class='ocr_line' id='line_1_23' title="bbox 2108 1274 3298 1355; baseline -0.006 -22"><span class='ocrx_word' id='word_1_145' title='bbox 2108 1274 2249 1333; x_wconf 73' lang='grc' dir='ltr'>ἔστιν</span> <span class='ocrx_word' id='word_1_146' title='bbox 2282 1279 2340 1339; x_wconf 85' lang='grc' dir='ltr'>’ὸς</span> <span class='ocrx_word' id='word_1_147' title='bbox 2367 1275 2702 1355; x_wconf 75' lang='grc' dir='ltr'>διαφεύξεταί</span> <span class='ocrx_word' id='word_1_148' title='bbox 2739 1297 2825 1350; x_wconf 87' lang='grc' dir='ltr'>με,</span> <span class='ocrx_word' id='word_1_149' title='bbox 2858 1276 2891 1344; x_wconf 73' lang='grc' dir='ltr'><strong>ἢ</strong></span> <span class='ocrx_word' id='word_1_150' title='bbox 2925 1274 3150 1348; x_wconf 73' lang='grc' dir='ltr'>ἀντείπῃ</span> <span class='ocrx_word' id='word_1_151' title='bbox 3179 1294 3298 1346; x_wconf 89' lang='grc' dir='ltr'>μοι.</span> 
     </span>
    </p>
   </div>
   <div class='ocr_carea' id='block_1_24' title="bbox 345 1361 3750 1440">
    <p class='ocr_par' dir='ltr' id='par_1_24' title="bbox 345 1361 3750 1440">
     <span class='ocr_line' id='line_1_24' title="bbox 345 1361 3750 1440; baseline 0.001 -26"><span class='ocrx_word' id='word_1_152' title='bbox 345 1361 548 1419; x_wconf 88' lang='lat' dir='ltr'>nidum</span> <span class='ocrx_word' id='word_1_153' title='bbox 578 1363 841 1434; x_wconf 90' lang='lat' dir='ltr'>quidem,</span> <span class='ocrx_word' id='word_1_154' title='bbox 873 1366 995 1438; x_wconf 86' lang='lat' dir='ltr'>sed,</span> <span class='ocrx_word' id='word_1_155' title='bbox 1030 1368 1246 1440; x_wconf 87' lang='lat' dir='ltr'>inquit,</span> <span class='ocrx_word' id='word_1_156' title='bbox 1278 1369 1446 1440; x_wconf 90' lang='lat' dir='ltr'>quasi</span> <span class='ocrx_word' id='word_1_157' title='bbox 1505 1385 1610 1424; x_wconf 88' lang='lat' dir='ltr'>ova</span> <span class='ocrx_word' id='word_1_158' title='bbox 1653 1368 1931 1424; x_wconf 85' lang='lat' dir='ltr'>derelicta</span> <span class='ocrx_word' id='word_1_159' title='bbox 1979 1369 2065 1424; x_wconf 89' lang='lat' dir='ltr'>sic</span> <span class='ocrx_word' id='word_1_160' title='bbox 2109 1369 2362 1440; x_wconf 91' lang='lat' dir='ltr'>capiam,</span> <span class='ocrx_word' id='word_1_161' title='bbox 2411 1369 2518 1425; x_wconf 82' lang='lat' dir='ltr'>Nec</span> <span class='ocrx_word' id='word_1_162' title='bbox 2554 1375 2633 1425; x_wconf 70' lang='lat' dir='ltr'>est</span> <span class='ocrx_word' id='word_1_163' title='bbox 2687 1369 2782 1440; x_wconf 90' lang='lat' dir='ltr'>qui</span> <span class='ocrx_word' id='word_1_164' title='bbox 2823 1367 3054 1439; x_wconf 76' lang='lat' dir='ltr'>effugiat</span> <span class='ocrx_word' id='word_1_165' title='bbox 3096 1381 3202 1435; x_wconf 85' lang='lat' dir='ltr'>me,</span> <span class='ocrx_word' id='word_1_166' title='bbox 3251 1365 3350 1419; x_wconf 78' lang='lat' dir='ltr'>aut</span> <span class='ocrx_word' id='word_1_167' title='bbox 3403 1361 3750 1418; x_wconf 75' lang='lat' dir='ltr'>contradicat</span> 
     </span>
    </p>
   </div>
   <div class='ocr_carea' id='block_1_25' title="bbox 343 1451 508 1508">
    <p class='ocr_par' dir='ltr' id='par_1_25' title="bbox 343 1451 508 1508">
     <span class='ocr_line' id='line_1_25' title="bbox 343 1451 508 1508; baseline 0.006 -1"><span class='ocrx_word' id='word_1_168' title='bbox 343 1451 508 1508; x_wconf 69' lang='lat' dir='ltr'>mihi.</span> 
     </span>
    </p>
   </div>
   <div class='ocr_carea' id='block_1_26' title="bbox 416 1545 2075 1622">
    <p class='ocr_par' dir='ltr' id='par_1_26' title="bbox 416 1545 2075 1622">
     <span class='ocr_line' id='line_1_26' title="bbox 416 1545 2075 1622; baseline 0.003 -23"><span class='ocrx_word' id='word_1_169' title='bbox 416 1545 542 1600; x_wconf 68' lang='grc'>240.</span> <span class='ocrx_word' id='word_1_170' title='bbox 575 1549 724 1602; x_wconf 86' lang='lat' dir='ltr'>Sane</span> <span class='ocrx_word' id='word_1_171' title='bbox 752 1548 903 1618; x_wconf 89' lang='lat' dir='ltr'>quod</span> <span class='ocrx_word' id='word_1_172' title='bbox 939 1549 1008 1603; x_wconf 88' lang='lat' dir='ltr'>ad</span> <span class='ocrx_word' id='word_1_173' title='bbox 1042 1548 1301 1604; x_wconf 90' lang='lat' dir='ltr'>nativum</span> <span class='ocrx_word' id='word_1_174' title='bbox 1335 1553 1392 1604; x_wconf 91' lang='lat' dir='ltr'>et</span> <span class='ocrx_word' id='word_1_175' title='bbox 1438 1550 1741 1622; x_wconf 88' lang='lat' dir='ltr'>proprium</span> <span class='ocrx_word' id='word_1_176' title='bbox 1789 1551 1994 1605; x_wconf 88' lang='lat' dir='ltr'>verbo-</span> <span class='ocrx_word' id='word_1_177' title='bbox 2027 1552 2075 1617; x_wconf 89' lang='lat' dir='ltr'><strong>B</strong></span> 
     </span>
    </p>
   </div>
   <div class='ocr_carea' id='block_1_27' title="bbox 345 1637 1991 1712">
    <p class='ocr_par' dir='ltr' id='par_1_27' title="bbox 345 1637 1991 1712">
     <span class='ocr_line' id='line_1_27' title="bbox 345 1637 1991 1712; baseline 0.004 -24"><span class='ocrx_word' id='word_1_178' title='bbox 345 1650 478 1689; x_wconf 89' lang='lat' dir='ltr'>rum</span> <span class='ocrx_word' id='word_1_179' title='bbox 511 1652 751 1692; x_wconf 85' lang='lat' dir='ltr'>sensum</span> <span class='ocrx_word' id='word_1_180' title='bbox 785 1637 1010 1707; x_wconf 85' lang='lat' dir='ltr'>attinet,</span> <span class='ocrx_word' id='word_1_181' title='bbox 1029 1639 1400 1708; x_wconf 83' lang='lat' dir='ltr'>Assyriorum</span> <span class='ocrx_word' id='word_1_182' title='bbox 1425 1639 1696 1712; x_wconf 87' lang='lat' dir='ltr'>princeps</span> <span class='ocrx_word' id='word_1_183' title='bbox 1721 1641 1849 1695; x_wconf 90' lang='lat' dir='ltr'>ideo</span> <span class='ocrx_word' id='word_1_184' title='bbox 1871 1639 1991 1694; x_wconf 66' lang='lat' dir='ltr'>haec</span> 
     </span>
    </p>
   </div>
   <div class='ocr_carea' id='block_1_28' title="bbox 2173 1541 3751 1620">
    <p class='ocr_par' dir='ltr' id='par_1_28' title="bbox 2173 1541 3751 1620">
     <span class='ocr_line' id='line_1_28' title="bbox 2173 1541 3751 1620; baseline -0.005 -18"><span class='ocrx_word' id='word_1_185' title='bbox 2173 1549 2299 1604; x_wconf 67' lang='grc'>240.</span> <span class='ocrx_word' id='word_1_186' title='bbox 2333 1548 2421 1610; x_wconf 71' lang='grc' dir='ltr'>Ὠς</span> <span class='ocrx_word' id='word_1_187' title='bbox 2487 1547 2578 1618; x_wconf 80' lang='grc' dir='ltr'>μὶν</span> <span class='ocrx_word' id='word_1_188' title='bbox 2639 1544 2728 1600; x_wconf 78' lang='grc' dir='ltr'>οὗν</span> <span class='ocrx_word' id='word_1_189' title='bbox 2789 1544 2925 1620; x_wconf 87' lang='grc' dir='ltr'>πρὸς</span> <span class='ocrx_word' id='word_1_190' title='bbox 2965 1545 3078 1620; x_wconf 54' lang='grc' dir='ltr'>τήν</span> <span class='ocrx_word' id='word_1_191' title='bbox 3132 1541 3294 1613; x_wconf 67' lang='grc' dir='ltr'>λέξιν,</span> <span class='ocrx_word' id='word_1_192' title='bbox 3327 1543 3355 1597; x_wconf 98' lang='lat'>6</span> <span class='ocrx_word' id='word_1_193' title='bbox 3402 1546 3511 1596; x_wconf 83' lang='grc' dir='ltr'>τῶν</span> <span class='ocrx_word' id='word_1_194' title='bbox 3561 1541 3751 1596; x_wconf 83' lang='grc' dir='ltr'>Ἀσσυ-</span> 
     </span>
    </p>
   </div>
   <div class='ocr_carea' id='block_1_29' title="bbox 2105 1627 3755 1712">
    <p class='ocr_par' dir='ltr' id='par_1_29' title="bbox 2105 1627 3755 1712">
     <span class='ocr_line' id='line_1_29' title="bbox 2105 1627 3755 1712; baseline -0.004 -22"><span class='ocrx_word' id='word_1_195' title='bbox 2105 1636 2232 1712; x_wconf 84' lang='grc' dir='ltr'>ρίων</span> <span class='ocrx_word' id='word_1_196' title='bbox 2287 1638 2472 1711; x_wconf 85' lang='grc' dir='ltr'>ἄρχων</span> <span class='ocrx_word' id='word_1_197' title='bbox 2523 1635 2690 1690; x_wconf 75' lang='grc' dir='ltr'>ταῦτα</span> <span class='ocrx_word' id='word_1_198' title='bbox 2740 1635 2853 1710; x_wconf 70' lang='grc' dir='ltr'><strong>ἕρεῖ</strong></span> <span class='ocrx_word' id='word_1_199' title='bbox 2901 1631 2989 1689; x_wconf 76' lang='grc' dir='ltr'>διὰ</span> <span class='ocrx_word' id='word_1_200' title='bbox 3036 1634 3134 1702; x_wconf 75' lang='grc' dir='ltr'>τὴν</span> <span class='ocrx_word' id='word_1_201' title='bbox 3176 1632 3312 1686; x_wconf 86' lang='grc' dir='ltr'>κατᾶ</span> <span class='ocrx_word' id='word_1_202' title='bbox 3359 1638 3460 1700; x_wconf 88' lang='grc' dir='ltr'>τῆς</span> <span class='ocrx_word' id='word_1_203' title='bbox 3490 1627 3755 1692; x_wconf 88' lang='grc' dir='ltr'>Ἰουδαίας</span> 
     </span>
    </p>
   </div>
   <div class='ocr_carea' id='block_1_30' title="bbox 348 1717 2005 1800">
    <p class='ocr_par' dir='ltr' id='par_1_30' title="bbox 348 1725 1992 1797">
     <span class='ocr_line' id='line_1_30' title="bbox 348 1725 1992 1797; baseline 0.004 -19"><span class='ocrx_word' id='word_1_204' title='bbox 348 1728 473 1779; x_wconf 90' lang='lat' dir='ltr'>erat</span> <span class='ocrx_word' id='word_1_205' title='bbox 503 1725 791 1795; x_wconf 90' lang='lat' dir='ltr'>dicturus,</span> <span class='ocrx_word' id='word_1_206' title='bbox 827 1727 982 1797; x_wconf 89' lang='lat' dir='ltr'>quod</span> <span class='ocrx_word' id='word_1_207' title='bbox 1015 1728 1268 1784; x_wconf 80' lang='lat' dir='ltr'>maxime</span> <span class='ocrx_word' id='word_1_208' title='bbox 1299 1730 1371 1785; x_wconf 93' lang='lat' dir='ltr'>ob</span> <span class='ocrx_word' id='word_1_209' title='bbox 1405 1746 1494 1784; x_wconf 89' lang='lat' dir='ltr'>res</span> <span class='ocrx_word' id='word_1_210' title='bbox 1518 1731 1992 1786; x_wconf 62' lang='lat' dir='ltr'>contraJudaeam</span> 
     </span>
    </p>
   </div>
   <div class='ocr_carea' id='block_1_31' title="bbox 2117 1717 3758 1800">
    <p class='ocr_par' dir='ltr' id='par_1_31' title="bbox 2117 1717 3758 1800">
     <span class='ocr_line' id='line_1_31' title="bbox 2117 1717 3758 1800; baseline -0.005 -20"><span class='ocrx_word' id='word_1_211' title='bbox 2117 1725 2190 1780; x_wconf 83' lang='grc' dir='ltr'>ιαὶ</span> <span class='ocrx_word' id='word_1_212' title='bbox 2227 1724 2530 1800; x_wconf 75' lang='grc' dir='ltr'>Σαμαρείας</span> <span class='ocrx_word' id='word_1_213' title='bbox 2579 1722 2872 1799; x_wconf 77' lang='grc' dir='ltr'>εὐημερίαν</span> <span class='ocrx_word' id='word_1_214' title='bbox 2919 1721 3313 1797; x_wconf 80' lang='grc' dir='ltr'>ὑπερφυσηθεὶς</span> <span class='ocrx_word' id='word_1_215' title='bbox 3357 1723 3456 1790; x_wconf 78' lang='grc' dir='ltr'>τὴν</span> <span class='ocrx_word' id='word_1_216' title='bbox 3491 1717 3758 1790; x_wconf 84' lang='grc' dir='ltr'>διάνοιαν,</span> 
     </span>
    </p>
   </div>
   <div class='ocr_carea' id='block_1_32' title="bbox 346 1813 1994 1888">
    <p class='ocr_par' dir='ltr' id='par_1_32' title="bbox 346 1813 1994 1888">
     <span class='ocr_line' id='line_1_32' title="bbox 346 1813 1994 1888; baseline 0.005 -23"><span class='ocrx_word' id='word_1_217' title='bbox 346 1815 404 1866; x_wconf 91' lang='lat' dir='ltr'>et</span> <span class='ocrx_word' id='word_1_218' title='bbox 431 1813 754 1868; x_wconf 87' lang='lat' dir='ltr'>Samariam</span> <span class='ocrx_word' id='word_1_219' title='bbox 789 1814 1035 1871; x_wconf 86' lang='lat' dir='ltr'>feliciter</span> <span class='ocrx_word' id='word_1_220' title='bbox 1062 1820 1258 1888; x_wconf 80' lang='lat' dir='ltr'>gestas</span> <span class='ocrx_word' id='word_1_221' title='bbox 1289 1817 1619 1874; x_wconf 71' lang='lat' dir='ltr'>efferendus</span> <span class='ocrx_word' id='word_1_222' title='bbox 1651 1819 1845 1874; x_wconf 86' lang='lat' dir='ltr'>animo</span> <span class='ocrx_word' id='word_1_223' title='bbox 1902 1835 1994 1874; x_wconf 90' lang='lat' dir='ltr'>es-</span> 
     </span>
    </p>
   </div>
   <div class='ocr_carea' id='block_1_33' title="bbox 346 1905 1994 1980">
    <p class='ocr_par' dir='ltr' id='par_1_33' title="bbox 346 1905 1994 1980">
     <span class='ocr_line' id='line_1_33' title="bbox 346 1905 1994 1980; baseline 0.002 -22"><span class='ocrx_word' id='word_1_224' title='bbox 346 1905 454 1972; x_wconf 87' lang='lat' dir='ltr'>set,</span> <span class='ocrx_word' id='word_1_225' title='bbox 489 1907 838 1975; x_wconf 84' lang='lat' dir='ltr'>putaretque</span> <span class='ocrx_word' id='word_1_226' title='bbox 869 1921 1208 1960; x_wconf 90' lang='lat' dir='ltr'>eversurum</span> <span class='ocrx_word' id='word_1_227' title='bbox 1243 1923 1304 1962; x_wconf 90' lang='lat' dir='ltr'>se</span> <span class='ocrx_word' id='word_1_228' title='bbox 1340 1907 1527 1978; x_wconf 89' lang='lat' dir='ltr'>primo</span> <span class='ocrx_word' id='word_1_229' title='bbox 1577 1907 1799 1980; x_wconf 90' lang='lat' dir='ltr'>impetu</span> <span class='ocrx_word' id='word_1_230' title='bbox 1849 1924 1994 1980; x_wconf 88' lang='lat' dir='ltr'>gen-</span> 
     </span>
    </p>
   </div>
   <div class='ocr_carea' id='block_1_34' title="bbox 345 1992 1991 2068">
    <p class='ocr_par' dir='ltr' id='par_1_34' title="bbox 345 1992 1991 2068">
     <span class='ocr_line' id='line_1_34' title="bbox 345 1992 1991 2068; baseline 0.004 -22"><span class='ocrx_word' id='word_1_231' title='bbox 345 1995 434 2046; x_wconf 88' lang='lat' dir='ltr'>tes</span> <span class='ocrx_word' id='word_1_232' title='bbox 465 2008 692 2057; x_wconf 84' lang='lat' dir='ltr'>omnes,</span> <span class='ocrx_word' id='word_1_233' title='bbox 724 1998 780 2048; x_wconf 89' lang='lat' dir='ltr'>et</span> <span class='ocrx_word' id='word_1_234' title='bbox 811 1992 1074 2049; x_wconf 86' lang='lat' dir='ltr'>futurum</span> <span class='ocrx_word' id='word_1_235' title='bbox 1107 2011 1232 2050; x_wconf 90' lang='lat' dir='ltr'>esse</span> <span class='ocrx_word' id='word_1_236' title='bbox 1262 1996 1579 2064; x_wconf 87' lang='lat' dir='ltr'>neminem,</span> <span class='ocrx_word' id='word_1_237' title='bbox 1631 1997 1732 2068; x_wconf 89' lang='lat' dir='ltr'>qui</span> <span class='ocrx_word' id='word_1_238' title='bbox 1790 1998 1991 2053; x_wconf 83' lang='lat' dir='ltr'>adver-</span> 
     </span>
    </p>
   </div>
   <div class='ocr_carea' id='block_1_35' title="bbox 345 2083 1999 2157">
    <p class='ocr_par' dir='ltr' id='par_1_35' title="bbox 345 2083 1999 2157">
     <span class='ocr_line' id='line_1_35' title="bbox 345 2083 1999 2157; baseline 0.004 -21"><span class='ocrx_word' id='word_1_239' title='bbox 345 2097 480 2136; x_wconf 88' lang='lat' dir='ltr'>sum</span> <span class='ocrx_word' id='word_1_240' title='bbox 512 2097 574 2137; x_wconf 90' lang='lat' dir='ltr'>se</span> <span class='ocrx_word' id='word_1_241' title='bbox 604 2083 872 2138; x_wconf 88' lang='lat' dir='ltr'>attoleret</span> <span class='ocrx_word' id='word_1_242' title='bbox 902 2100 1114 2140; x_wconf 89' lang='lat' dir='ltr'>manus</span> <span class='ocrx_word' id='word_1_243' title='bbox 1141 2085 1208 2155; x_wconf 73' lang='grc' dir='ltr'>δ’,</span> <span class='ocrx_word' id='word_1_244' title='bbox 1242 2085 1344 2140; x_wconf 88' lang='lat' dir='ltr'>sed</span> <span class='ocrx_word' id='word_1_245' title='bbox 1375 2102 1580 2142; x_wconf 88' lang='lat' dir='ltr'>omnes</span> <span class='ocrx_word' id='word_1_246' title='bbox 1602 2085 1865 2157; x_wconf 89' lang='lat' dir='ltr'>gentium</span> <span class='ocrx_word' id='word_1_247' title='bbox 1889 2090 1999 2142; x_wconf 90' lang='lat' dir='ltr'>ter-</span> 
     </span>
    </p>
   </div>
   <div class='ocr_carea' id='block_1_36' title="bbox 347 2170 1995 2242">
    <p class='ocr_par' dir='ltr' id='par_1_36' title="bbox 347 2170 1995 2242">
     <span class='ocr_line' id='line_1_36' title="bbox 347 2170 1995 2242; baseline 0.003 -16"><span class='ocrx_word' id='word_1_248' title='bbox 347 2170 542 2227; x_wconf 89' lang='lat' dir='ltr'>minos</span> <span class='ocrx_word' id='word_1_249' title='bbox 569 2188 677 2228; x_wconf 89' lang='lat' dir='ltr'>sua</span> <span class='ocrx_word' id='word_1_250' title='bbox 713 2172 930 2228; x_wconf 89' lang='lat' dir='ltr'>virtute</span> <span class='ocrx_word' id='word_1_251' title='bbox 979 2174 1290 2230; x_wconf 83' lang='lat' dir='ltr'>confusum</span> <span class='ocrx_word' id='word_1_252' title='bbox 1351 2174 1446 2242; x_wconf 90' lang='lat' dir='ltr'>iri,</span> <span class='ocrx_word' id='word_1_253' title='bbox 1505 2177 1995 2232; x_wconf 89' lang='lat' dir='ltr'>commovendum</span> 
     </span>
    </p>
   </div>
   <div class='ocr_carea' id='block_1_37' title="bbox 342 2259 1997 2321">
    <p class='ocr_par' dir='ltr' id='par_1_37' title="bbox 342 2259 1997 2321">
     <span class='ocr_line' id='line_1_37' title="bbox 342 2259 1997 2321; baseline 0.004 -7"><span class='ocrx_word' id='word_1_254' title='bbox 342 2259 547 2316; x_wconf 90' lang='lat' dir='ltr'>itidem</span> <span class='ocrx_word' id='word_1_255' title='bbox 577 2277 706 2316; x_wconf 88' lang='lat' dir='ltr'>esse</span> <span class='ocrx_word' id='word_1_256' title='bbox 735 2266 927 2318; x_wconf 89' lang='lat' dir='ltr'>totum</span> <span class='ocrx_word' id='word_1_257' title='bbox 958 2267 1249 2319; x_wconf 87' lang='lat' dir='ltr'>terrarum</span> <span class='ocrx_word' id='word_1_258' title='bbox 1281 2265 1482 2320; x_wconf 90' lang='lat' dir='ltr'>orbem</span> <span class='ocrx_word' id='word_1_259' title='bbox 1514 2270 1673 2320; x_wconf 89' lang='lat' dir='ltr'>metu</span> <span class='ocrx_word' id='word_1_260' title='bbox 1705 2266 1997 2321; x_wconf 85' lang='lat' dir='ltr'>adventus</span> 
     </span>
    </p>
   </div>
   <div class='ocr_carea' id='block_1_38' title="bbox 348 2347 1995 2424">
    <p class='ocr_par' dir='ltr' id='par_1_38' title="bbox 348 2347 1995 2424">
     <span class='ocr_line' id='line_1_38' title="bbox 348 2347 1995 2424; baseline 0.004 -21"><span class='ocrx_word' id='word_1_261' title='bbox 348 2347 560 2420; x_wconf 84' lang='lat' dir='ltr'>ipsius,</span> <span class='ocrx_word' id='word_1_262' title='bbox 593 2355 648 2405; x_wconf 88' lang='lat' dir='ltr'>et</span> <span class='ocrx_word' id='word_1_263' title='bbox 677 2366 810 2405; x_wconf 91' lang='lat' dir='ltr'>eum</span> <span class='ocrx_word' id='word_1_264' title='bbox 841 2352 940 2422; x_wconf 87' lang='lat' dir='ltr'>qui</span> <span class='ocrx_word' id='word_1_265' title='bbox 990 2354 1047 2407; x_wconf 88' lang='lat' dir='ltr'>in</span> <span class='ocrx_word' id='word_1_266' title='bbox 1083 2369 1297 2409; x_wconf 89' lang='lat' dir='ltr'>manus</span> <span class='ocrx_word' id='word_1_267' title='bbox 1324 2355 1453 2424; x_wconf 85' lang='lat' dir='ltr'>ejus</span> <span class='ocrx_word' id='word_1_268' title='bbox 1484 2359 1766 2410; x_wconf 88' lang='lat' dir='ltr'>venturus</span> <span class='ocrx_word' id='word_1_269' title='bbox 1817 2361 1995 2422; x_wconf 89' lang='lat' dir='ltr'>esset,</span> 
     </span>
    </p>
   </div>
   <div class='ocr_carea' id='block_1_39' title="bbox 349 2437 1998 2515">
    <p class='ocr_par' dir='ltr' id='par_1_39' title="bbox 349 2437 1998 2515">
     <span class='ocr_line' id='line_1_39' title="bbox 349 2437 1998 2515; baseline 0.004 -23"><span class='ocrx_word' id='word_1_270' title='bbox 349 2437 582 2494; x_wconf 84' lang='lat' dir='ltr'>facilius</span> <span class='ocrx_word' id='word_1_271' title='bbox 607 2456 785 2510; x_wconf 90' lang='lat' dir='ltr'>quam</span> <span class='ocrx_word' id='word_1_272' title='bbox 819 2440 1048 2512; x_wconf 68' lang='lat' dir='ltr'>gallinae</span> <span class='ocrx_word' id='word_1_273' title='bbox 1082 2441 1272 2513; x_wconf 86' lang='lat' dir='ltr'>pullos</span> <span class='ocrx_word' id='word_1_274' title='bbox 1313 2461 1345 2497; x_wconf 88' lang='lat' dir='ltr'>a</span> <span class='ocrx_word' id='word_1_275' title='bbox 1389 2460 1448 2498; x_wconf 87' lang='lat' dir='ltr'>se</span> <span class='ocrx_word' id='word_1_276' title='bbox 1486 2459 1614 2499; x_wconf 90' lang='lat' dir='ltr'>esse</span> <span class='ocrx_word' id='word_1_277' title='bbox 1671 2443 1998 2515; x_wconf 88' lang='lat' dir='ltr'>apprehen-</span> 
     </span>
    </p>
   </div>
   <div class='ocr_carea' id='block_1_40' title="bbox 347 2527 1999 2603">
    <p class='ocr_par' dir='ltr' id='par_1_40' title="bbox 347 2527 1999 2603">
     <span class='ocr_line' id='line_1_40' title="bbox 347 2527 1999 2603; baseline 0.003 -19"><span class='ocrx_word' id='word_1_278' title='bbox 347 2527 628 2597; x_wconf 87' lang='lat' dir='ltr'>dendum,</span> <span class='ocrx_word' id='word_1_279' title='bbox 661 2535 838 2600; x_wconf 89' lang='lat' dir='ltr'>atque</span> <span class='ocrx_word' id='word_1_280' title='bbox 867 2536 1058 2587; x_wconf 90' lang='lat' dir='ltr'>totum</span> <span class='ocrx_word' id='word_1_281' title='bbox 1088 2533 1186 2603; x_wconf 89' lang='lat' dir='ltr'>qui</span> <span class='ocrx_word' id='word_1_282' title='bbox 1218 2534 1328 2588; x_wconf 88' lang='lat' dir='ltr'>sub</span> <span class='ocrx_word' id='word_1_283' title='bbox 1360 2533 1478 2590; x_wconf 91' lang='lat' dir='ltr'>sole</span> <span class='ocrx_word' id='word_1_284' title='bbox 1507 2539 1599 2589; x_wconf 89' lang='lat' dir='ltr'>est</span> <span class='ocrx_word' id='word_1_285' title='bbox 1621 2535 1820 2589; x_wconf 91' lang='lat' dir='ltr'>orbem</span> <span class='ocrx_word' id='word_1_286' title='bbox 1843 2551 1999 2590; x_wconf 87' lang='lat' dir='ltr'>asuo</span> 
     </span>
    </p>
   </div>
   <div class='ocr_carea' id='block_1_41' title="bbox 349 2617 1999 2694">
    <p class='ocr_par' dir='ltr' id='par_1_41' title="bbox 349 2617 1999 2694">
     <span class='ocr_line' id='line_1_41' title="bbox 349 2617 1999 2694; baseline 0.004 -22"><span class='ocrx_word' id='word_1_287' title='bbox 349 2618 605 2673; x_wconf 83' lang='lat' dir='ltr'>exercitu</span> <span class='ocrx_word' id='word_1_288' title='bbox 625 2617 910 2690; x_wconf 90' lang='lat' dir='ltr'>impetum</span> <span class='ocrx_word' id='word_1_289' title='bbox 932 2621 1180 2678; x_wconf 83' lang='lat' dir='ltr'>faciente</span> <span class='ocrx_word' id='word_1_290' title='bbox 1203 2623 1434 2694; x_wconf 84' lang='lat' dir='ltr'>negotio</span> <span class='ocrx_word' id='word_1_291' title='bbox 1459 2624 1669 2678; x_wconf 88' lang='lat' dir='ltr'>minori</span> <span class='ocrx_word' id='word_1_292' title='bbox 1689 2624 1999 2679; x_wconf 90' lang='lat' dir='ltr'>subactum</span> 
     </span>
    </p>
   </div>
   <div class='ocr_carea' id='block_1_42' title="bbox 351 2706 2001 2784">
    <p class='ocr_par' dir='ltr' id='par_1_42' title="bbox 351 2706 2001 2784">
     <span class='ocr_line' id='line_1_42' title="bbox 351 2706 2001 2784; baseline 0.004 -23"><span class='ocrx_word' id='word_1_293' title='bbox 351 2706 446 2777; x_wconf 91' lang='lat' dir='ltr'>iri,</span> <span class='ocrx_word' id='word_1_294' title='bbox 479 2724 657 2778; x_wconf 91' lang='lat' dir='ltr'>quam</span> <span class='ocrx_word' id='word_1_295' title='bbox 689 2707 741 2762; x_wconf 92' lang='lat' dir='ltr'>si</span> <span class='ocrx_word' id='word_1_296' title='bbox 772 2709 925 2766; x_wconf 70' lang='lat'><strong>562</strong></span> <span class='ocrx_word' id='word_1_297' title='bbox 977 2711 1110 2782; x_wconf 91' lang='lat' dir='ltr'>quis</span> <span class='ocrx_word' id='word_1_298' title='bbox 1163 2728 1290 2778; x_wconf 87' lang='lat' dir='ltr'>ova,</span> <span class='ocrx_word' id='word_1_299' title='bbox 1343 2729 1469 2784; x_wconf 68' lang='lat' dir='ltr'>quae</span> <span class='ocrx_word' id='word_1_300' title='bbox 1521 2713 1609 2768; x_wconf 84' lang='lat' dir='ltr'>avi</span> <span class='ocrx_word' id='word_1_301' title='bbox 1663 2713 1866 2768; x_wconf 87' lang='lat' dir='ltr'>eadem</span> <span class='ocrx_word' id='word_1_302' title='bbox 1917 2713 2001 2767; x_wconf 92' lang='lat' dir='ltr'>fo-</span> 
     </span>
    </p>
   </div>
   <div class='ocr_carea' id='block_1_43' title="bbox 350 2797 2000 2873">
    <p class='ocr_par' dir='ltr' id='par_1_43' title="bbox 350 2797 2000 2873">
     <span class='ocr_line' id='line_1_43' title="bbox 350 2797 2000 2873; baseline 0.004 -22"><span class='ocrx_word' id='word_1_303' title='bbox 350 2801 519 2853; x_wconf 89' lang='lat' dir='ltr'>vente</span> <span class='ocrx_word' id='word_1_304' title='bbox 549 2813 615 2852; x_wconf 90' lang='lat' dir='ltr'>ac</span> <span class='ocrx_word' id='word_1_305' title='bbox 661 2797 1012 2854; x_wconf 87' lang='lat' dir='ltr'>fecundante</span> <span class='ocrx_word' id='word_1_306' title='bbox 1073 2800 1550 2868; x_wconf 89' lang='lat' dir='ltr'>destituerentur,</span> <span class='ocrx_word' id='word_1_307' title='bbox 1597 2808 1849 2873; x_wconf 88' lang='lat' dir='ltr'>caperet.</span> <span class='ocrx_word' id='word_1_308' title='bbox 1894 2803 2000 2857; x_wconf 90' lang='lat' dir='ltr'>Sed</span> 
     </span>
    </p>
   </div>
   <div class='ocr_carea' id='block_1_44' title="bbox 355 2885 2002 2962">
    <p class='ocr_par' dir='ltr' id='par_1_44' title="bbox 355 2885 2002 2962">
     <span class='ocr_line' id='line_1_44' title="bbox 355 2885 2002 2962; baseline 0.004 -23"><span class='ocrx_word' id='word_1_309' title='bbox 355 2885 494 2956; x_wconf 89' lang='lat' dir='ltr'>quia</span> <span class='ocrx_word' id='word_1_310' title='bbox 522 2887 816 2957; x_wconf 80' lang='lat' dir='ltr'>ejusmodi</span> <span class='ocrx_word' id='word_1_311' title='bbox 843 2889 1123 2960; x_wconf 87' lang='lat' dir='ltr'>superbia</span> <span class='ocrx_word' id='word_1_312' title='bbox 1156 2891 1346 2960; x_wconf 86' lang='lat' dir='ltr'>major</span> <span class='ocrx_word' id='word_1_313' title='bbox 1374 2895 1463 2946; x_wconf 89' lang='lat' dir='ltr'>est</span> <span class='ocrx_word' id='word_1_314' title='bbox 1492 2908 1667 2962; x_wconf 89' lang='lat' dir='ltr'>quam</span> <span class='ocrx_word' id='word_1_315' title='bbox 1703 2893 1850 2946; x_wconf 89' lang='lat' dir='ltr'>ferat</span> <span class='ocrx_word' id='word_1_316' title='bbox 1893 2891 2002 2946; x_wconf 88' lang='lat' dir='ltr'>hu-</span> 
     </span>
    </p>
   </div>
   <div class='ocr_carea' id='block_1_45' title="bbox 355 2977 2005 3053">
    <p class='ocr_par' dir='ltr' id='par_1_45' title="bbox 355 2977 2005 3053">
     <span class='ocr_line' id='line_1_45' title="bbox 355 2977 2005 3053; baseline 0.004 -24"><span class='ocrx_word' id='word_1_317' title='bbox 355 2991 535 3030; x_wconf 88' lang='lat' dir='ltr'>mana</span> <span class='ocrx_word' id='word_1_318' title='bbox 565 2977 844 3046; x_wconf 89' lang='lat' dir='ltr'>conditio,</span> <span class='ocrx_word' id='word_1_319' title='bbox 881 2983 1094 3049; x_wconf 85' lang='lat' dir='ltr'>putant</span> <span class='ocrx_word' id='word_1_320' title='bbox 1124 2979 1390 3035; x_wconf 90' lang='lat' dir='ltr'>nonnulli</span> <span class='ocrx_word' id='word_1_321' title='bbox 1421 2982 1598 3036; x_wconf 90' lang='lat' dir='ltr'>verba</span> <span class='ocrx_word' id='word_1_322' title='bbox 1627 2981 1749 3037; x_wconf 65' lang='lat' dir='ltr'>haec</span> <span class='ocrx_word' id='word_1_323' title='bbox 1806 2982 1855 3037; x_wconf 88' lang='lat' dir='ltr'>ei</span> <span class='ocrx_word' id='word_1_324' title='bbox 1905 2981 2005 3053; x_wconf 91' lang='lat' dir='ltr'>qui</span> 
     </span>
    </p>
   </div>
   <div class='ocr_carea' id='block_1_46' title="bbox 352 3065 2006 3140">
    <p class='ocr_par' dir='ltr' id='par_1_46' title="bbox 352 3065 2006 3140">
     <span class='ocr_line' id='line_1_46' title="bbox 352 3065 2006 3140; baseline 0.002 -22"><span class='ocrx_word' id='word_1_325' title='bbox 352 3079 486 3120; x_wconf 88' lang='lat' dir='ltr'>vere</span> <span class='ocrx_word' id='word_1_326' title='bbox 516 3065 806 3136; x_wconf 86' lang='lat' dir='ltr'>superbus</span> <span class='ocrx_word' id='word_1_327' title='bbox 837 3071 947 3132; x_wconf 92' lang='lat' dir='ltr'>est,</span> <span class='ocrx_word' id='word_1_328' title='bbox 981 3067 1309 3138; x_wconf 88' lang='lat' dir='ltr'>convenire,</span> <span class='ocrx_word' id='word_1_329' title='bbox 1345 3066 1444 3140; x_wconf 89' lang='lat' dir='ltr'>qui</span> <span class='ocrx_word' id='word_1_330' title='bbox 1475 3069 1758 3124; x_wconf 90' lang='lat' dir='ltr'>cervicem</span> <span class='ocrx_word' id='word_1_331' title='bbox 1804 3069 2006 3123; x_wconf 88' lang='lat' dir='ltr'>adver-</span> 
     </span>
    </p>
   </div>
   <div class='ocr_carea' id='block_1_47' title="bbox 353 3152 2006 3229">
    <p class='ocr_par' dir='ltr' id='par_1_47' title="bbox 353 3152 2006 3229">
     <span class='ocr_line' id='line_1_47' title="bbox 353 3152 2006 3229; baseline 0.002 -21"><span class='ocrx_word' id='word_1_332' title='bbox 353 3169 457 3209; x_wconf 88' lang='lat' dir='ltr'>sus</span> <span class='ocrx_word' id='word_1_333' title='bbox 507 3152 978 3225; x_wconf 89' lang='lat' dir='ltr'>Omnipotentem</span> <span class='ocrx_word' id='word_1_334' title='bbox 1030 3155 1232 3226; x_wconf 84' lang='lat' dir='ltr'>erexit,</span> <span class='ocrx_word' id='word_1_335' title='bbox 1279 3156 1714 3228; x_wconf 87' lang='lat' dir='ltr'>detrectatoque</span> <span class='ocrx_word' id='word_1_336' title='bbox 1762 3157 2006 3229; x_wconf 91' lang='lat' dir='ltr'>imperio</span> 
     </span>
    </p>
   </div>
   <div class='ocr_carea' id='block_1_48' title="bbox 352 3242 2006 3316">
    <p class='ocr_par' dir='ltr' id='par_1_48' title="bbox 352 3242 2006 3316">
     <span class='ocr_line' id='line_1_48' title="bbox 352 3242 2006 3316; baseline 0.002 -19"><span class='ocrx_word' id='word_1_337' title='bbox 352 3242 586 3308; x_wconf 84' lang='lat' dir='ltr'>defecit,</span> <span class='ocrx_word' id='word_1_338' title='bbox 619 3246 677 3298; x_wconf 91' lang='lat' dir='ltr'>et</span> <span class='ocrx_word' id='word_1_339' title='bbox 707 3242 999 3315; x_wconf 87' lang='lat' dir='ltr'>malignos</span> <span class='ocrx_word' id='word_1_340' title='bbox 1034 3244 1280 3316; x_wconf 78' lang='lat' dir='ltr'>Spiritus</span> <span class='ocrx_word' id='word_1_341' title='bbox 1312 3245 1412 3316; x_wconf 89' lang='lat' dir='ltr'>qui</span> <span class='ocrx_word' id='word_1_342' title='bbox 1443 3263 1506 3302; x_wconf 90' lang='lat' dir='ltr'>se</span> <span class='ocrx_word' id='word_1_343' title='bbox 1536 3246 1720 3302; x_wconf 89' lang='lat' dir='ltr'>secuti</span> <span class='ocrx_word' id='word_1_344' title='bbox 1754 3247 2006 3315; x_wconf 81' lang='lat' dir='ltr'>fuerant,</span> 
     </span>
    </p>
   </div>
   <div class='ocr_carea' id='block_1_49' title="bbox 352 3332 2008 3408">
    <p class='ocr_par' dir='ltr' id='par_1_49' title="bbox 352 3332 2008 3408">
     <span class='ocr_line' id='line_1_49' title="bbox 352 3332 2008 3408; baseline 0.001 -20"><span class='ocrx_word' id='word_1_345' title='bbox 352 3332 414 3388; x_wconf 87' lang='lat' dir='ltr'>in</span> <span class='ocrx_word' id='word_1_346' title='bbox 443 3348 612 3388; x_wconf 90' lang='lat' dir='ltr'>suam</span> <span class='ocrx_word' id='word_1_347' title='bbox 646 3332 970 3404; x_wconf 88' lang='lat' dir='ltr'>nequitiam</span> <span class='ocrx_word' id='word_1_348' title='bbox 1004 3338 1180 3405; x_wconf 89' lang='lat' dir='ltr'>atque</span> <span class='ocrx_word' id='word_1_349' title='bbox 1209 3335 1595 3391; x_wconf 87' lang='lat' dir='ltr'>defectionem</span> <span class='ocrx_word' id='word_1_350' title='bbox 1617 3335 2008 3408; x_wconf 80' lang='lat' dir='ltr'>impulit.Exi-</span> 
     </span>
    </p>
   </div>
   <div class='ocr_carea' id='block_1_50' title="bbox 356 3421 2008 3496">
    <p class='ocr_par' dir='ltr' id='par_1_50' title="bbox 356 3421 2008 3496">
     <span class='ocr_line' id='line_1_50' title="bbox 356 3421 2008 3496; baseline 0.001 -18"><span class='ocrx_word' id='word_1_351' title='bbox 356 3421 561 3478; x_wconf 88' lang='lat' dir='ltr'>stimat</span> <span class='ocrx_word' id='word_1_352' title='bbox 587 3422 744 3477; x_wconf 89' lang='lat' dir='ltr'>enim</span> <span class='ocrx_word' id='word_1_353' title='bbox 778 3421 875 3478; x_wconf 88' lang='lat' dir='ltr'>ille</span> <span class='ocrx_word' id='word_1_354' title='bbox 915 3437 978 3478; x_wconf 88' lang='lat' dir='ltr'>se</span> <span class='ocrx_word' id='word_1_355' title='bbox 1010 3423 1061 3478; x_wconf 89' lang='lat' dir='ltr'>ei</span> <span class='ocrx_word' id='word_1_356' title='bbox 1093 3429 1348 3479; x_wconf 88' lang='lat' dir='ltr'>mentem</span> <span class='ocrx_word' id='word_1_357' title='bbox 1382 3441 1656 3496; x_wconf 91' lang='lat' dir='ltr'>magnam</span> <span class='ocrx_word' id='word_1_358' title='bbox 1689 3441 1841 3495; x_wconf 87' lang='lat' dir='ltr'>asse,</span> <span class='ocrx_word' id='word_1_359' title='bbox 1875 3441 2008 3481; x_wconf 88' lang='lat' dir='ltr'>cen-</span> 
     </span>
    </p>
   </div>
   <div class='ocr_carea' id='block_1_51' title="bbox 355 3510 2008 3584">
    <p class='ocr_par' dir='ltr' id='par_1_51' title="bbox 355 3510 2008 3584">
     <span class='ocr_line' id='line_1_51' title="bbox 355 3510 2008 3584; baseline 0.001 -17"><span class='ocrx_word' id='word_1_360' title='bbox 355 3515 561 3582; x_wconf 89' lang='lat' dir='ltr'>setque</span> <span class='ocrx_word' id='word_1_361' title='bbox 591 3510 880 3583; x_wconf 89' lang='lat' dir='ltr'>speculari</span> <span class='ocrx_word' id='word_1_362' title='bbox 913 3528 974 3567; x_wconf 88' lang='lat' dir='ltr'>se</span> <span class='ocrx_word' id='word_1_363' title='bbox 1005 3528 1241 3584; x_wconf 82' lang='lat' dir='ltr'>magna,</span> <span class='ocrx_word' id='word_1_364' title='bbox 1273 3518 1327 3568; x_wconf 90' lang='lat' dir='ltr'>et</span> <span class='ocrx_word' id='word_1_365' title='bbox 1357 3530 1419 3570; x_wconf 91' lang='lat' dir='ltr'>se</span> <span class='ocrx_word' id='word_1_366' title='bbox 1441 3515 1782 3569; x_wconf 88' lang='lat' dir='ltr'>universum</span> <span class='ocrx_word' id='word_1_367' title='bbox 1809 3514 2008 3569; x_wconf 90' lang='lat' dir='ltr'>orbem</span> 
     </span>
    </p>
   </div>
   <div class='ocr_carea' id='block_1_52' title="bbox 358 3601 2010 3675">
    <p class='ocr_par' dir='ltr' id='par_1_52' title="bbox 358 3601 2010 3675">
     <span class='ocr_line' id='line_1_52' title="bbox 358 3601 2010 3675; baseline 0.001 -19"><span class='ocrx_word' id='word_1_368' title='bbox 358 3601 469 3656; x_wconf 93' lang='lat' dir='ltr'>sub</span> <span class='ocrx_word' id='word_1_369' title='bbox 501 3617 668 3656; x_wconf 91' lang='lat' dir='ltr'>suam</span> <span class='ocrx_word' id='word_1_370' title='bbox 704 3601 986 3656; x_wconf 82' lang='lat' dir='ltr'>ditionem</span> <span class='ocrx_word' id='word_1_371' title='bbox 1021 3602 1429 3672; x_wconf 89' lang='lat' dir='ltr'>subjecturum</span> <span class='ocrx_word' id='word_1_372' title='bbox 1453 3605 1884 3659; x_wconf 87' lang='lat' dir='ltr'>comminatur:</span> <span class='ocrx_word' id='word_1_373' title='bbox 1909 3604 2010 3675; x_wconf 89' lang='lat' dir='ltr'>qui</span> 
     </span>
    </p>
   </div>
   <div class='ocr_carea' id='block_1_53' title="bbox 357 3689 2009 3762">
    <p class='ocr_par' dir='ltr' id='par_1_53' title="bbox 357 3689 2009 3762">
     <span class='ocr_line' id='line_1_53' title="bbox 357 3689 2009 3762; baseline 0.002 -17"><span class='ocrx_word' id='word_1_374' title='bbox 357 3691 564 3762; x_wconf 88' lang='lat' dir='ltr'>utique</span> <span class='ocrx_word' id='word_1_375' title='bbox 596 3706 668 3745; x_wconf 91' lang='lat' dir='ltr'>ne</span> <span class='ocrx_word' id='word_1_376' title='bbox 702 3689 944 3746; x_wconf 91' lang='lat' dir='ltr'>Domino</span> <span class='ocrx_word' id='word_1_377' title='bbox 977 3691 1213 3761; x_wconf 90' lang='lat' dir='ltr'>quidem</span> <span class='ocrx_word' id='word_1_378' title='bbox 1248 3691 1652 3762; x_wconf 79' lang='lat' dir='ltr'>interroganti,</span> <span class='ocrx_word' id='word_1_379' title='bbox 1703 3695 1860 3749; x_wconf 90' lang='lat' dir='ltr'>unde</span> <span class='ocrx_word' id='word_1_380' title='bbox 1902 3695 2009 3749; x_wconf 89' lang='lat' dir='ltr'>ad-</span> 
     </span>
    </p>
   </div>
   <div class='ocr_carea' id='block_1_54' title="bbox 356 3779 2011 3853">
    <p class='ocr_par' dir='ltr' id='par_1_54' title="bbox 356 3779 2011 3853">
     <span class='ocr_line' id='line_1_54' title="bbox 356 3779 2011 3853; baseline 0.002 -18"><span class='ocrx_word' id='word_1_381' title='bbox 356 3779 601 3849; x_wconf 87' lang='lat' dir='ltr'>veniret,</span> <span class='ocrx_word' id='word_1_382' title='bbox 633 3779 1034 3835; x_wconf 88' lang='lat' dir='ltr'>reformidavit</span> <span class='ocrx_word' id='word_1_383' title='bbox 1053 3781 1244 3836; x_wconf 90' lang='lat' dir='ltr'>dicere</span> <span class='ocrx_word' id='word_1_384' title='bbox 1267 3797 1279 3834; x_wconf 87' lang='lat'><em>:</em></span> <span class='ocrx_word' id='word_1_385' title='bbox 1307 3787 1614 3853; x_wconf 80' lang='lat' dir='ltr'>Postquam</span> <span class='ocrx_word' id='word_1_386' title='bbox 1635 3785 1868 3837; x_wconf 81' lang='lat' dir='ltr'>circuivi</span> <span class='ocrx_word' id='word_1_387' title='bbox 1886 3800 2011 3838; x_wconf 87' lang='lat' dir='ltr'>eam</span> 
     </span>
    </p>
   </div>
   <div class='ocr_carea' id='block_1_55' title="bbox 361 3868 2011 3943">
    <p class='ocr_par' dir='ltr' id='par_1_55' title="bbox 361 3868 2011 3943">
     <span class='ocr_line' id='line_1_55' title="bbox 361 3868 2011 3943; baseline 0.002 -20"><span class='ocrx_word' id='word_1_388' title='bbox 361 3884 481 3940; x_wconf 66' lang='lat' dir='ltr'>qua!</span> <span class='ocrx_word' id='word_1_389' title='bbox 517 3868 616 3923; x_wconf 79' lang='lat' dir='ltr'>sub</span> <span class='ocrx_word' id='word_1_390' title='bbox 645 3868 757 3924; x_wconf 73' lang='lat' dir='ltr'>sole</span> <span class='ocrx_word' id='word_1_391' title='bbox 786 3873 885 3938; x_wconf 78' lang='lat' dir='ltr'>est,</span> <span class='ocrx_word' id='word_1_392' title='bbox 942 3877 992 3924; x_wconf 79' lang='lat' dir='ltr'>et</span> <span class='ocrx_word' id='word_1_393' title='bbox 1035 3868 1388 3925; x_wconf 77' lang='lat' dir='ltr'>obambulabi</span> <span class='ocrx_word' id='word_1_394' title='bbox 1423 3873 1736 3928; x_wconf 75' lang='lat' dir='ltr'>universam</span> <span class='ocrx_word' id='word_1_395' title='bbox 1757 3888 1882 3943; x_wconf 74' lang='lat' dir='ltr'>quae</span> <span class='ocrx_word' id='word_1_396' title='bbox 1910 3873 2011 3928; x_wconf 79' lang='lat' dir='ltr'>sub</span> 
     </span>
    </p>
   </div>
   <div class='ocr_carea' id='block_1_56' title="bbox 359 3959 2009 4028">
    <p class='ocr_par' dir='ltr' id='par_1_56' title="bbox 359 3959 2009 4028">
     <span class='ocr_line' id='line_1_56' title="bbox 359 3959 2009 4028; baseline 0.001 -13"><span class='ocrx_word' id='word_1_397' title='bbox 359 3959 490 4015; x_wconf 77' lang='lat' dir='ltr'>caelo</span> <span class='ocrx_word' id='word_1_398' title='bbox 519 3965 714 4028; x_wconf 72' lang='lat' dir='ltr'>exstat,</span> <span class='ocrx_word' id='word_1_399' title='bbox 745 3959 938 4013; x_wconf 81' lang='lat' dir='ltr'>adsum</span> <span class='ocrx_word' id='word_1_400' title='bbox 965 3960 1009 3995; x_wconf 80' lang='grc' dir='ltr'>⁷ο</span> <span class='ocrx_word' id='word_1_401' title='bbox 1065 3960 1167 4015; x_wconf 84' lang='lat' dir='ltr'>Hic</span> <span class='ocrx_word' id='word_1_402' title='bbox 1212 3965 1270 4014; x_wconf 89' lang='lat' dir='ltr'>et</span> <span class='ocrx_word' id='word_1_403' title='bbox 1328 3961 1574 4016; x_wconf 82' lang='lat' dir='ltr'>Domino</span> <span class='ocrx_word' id='word_1_404' title='bbox 1622 3962 1804 4017; x_wconf 84' lang='lat' dir='ltr'>totius</span> <span class='ocrx_word' id='word_1_405' title='bbox 1850 3979 2009 4018; x_wconf 76' lang='lat' dir='ltr'>crea-</span> 
     </span>
    </p>
   </div>
   <div class='ocr_carea' id='block_1_57' title="bbox 359 4050 2007 4121">
    <p class='ocr_par' dir='ltr' id='par_1_57' title="bbox 359 4050 2007 4121">
     <span class='ocr_line' id='line_1_57' title="bbox 359 4050 2007 4121; baseline 0.002 -19"><span class='ocrx_word' id='word_1_406' title='bbox 359 4055 508 4103; x_wconf 70' lang='lat' dir='ltr'>turaa</span> <span class='ocrx_word' id='word_1_407' title='bbox 535 4063 717 4103; x_wconf 91' lang='lat' dir='ltr'>ausus</span> <span class='ocrx_word' id='word_1_408' title='bbox 745 4053 835 4104; x_wconf 89' lang='lat' dir='ltr'>est</span> <span class='ocrx_word' id='word_1_409' title='bbox 863 4053 1028 4104; x_wconf 69' lang='lat' dir='ltr'>terrae</span> <span class='ocrx_word' id='word_1_410' title='bbox 1059 4066 1237 4121; x_wconf 87' lang='lat' dir='ltr'>regna</span> <span class='ocrx_word' id='word_1_411' title='bbox 1285 4050 1612 4117; x_wconf 89' lang='lat' dir='ltr'>ostendere,</span> <span class='ocrx_word' id='word_1_412' title='bbox 1665 4068 1731 4107; x_wconf 92' lang='lat' dir='ltr'>ac</span> <span class='ocrx_word' id='word_1_413' title='bbox 1783 4051 2007 4106; x_wconf 88' lang='lat' dir='ltr'>dicere:</span> 
     </span>
    </p>
   </div>
   <div class='ocr_carea' id='block_1_58' title="bbox 359 4136 2012 4212">
    <p class='ocr_par' dir='ltr' id='par_1_58' title="bbox 359 4136 2012 4212">
     <span class='ocr_line' id='line_1_58' title="bbox 359 4136 2012 4212; baseline 0.002 -19"><span class='ocrx_word' id='word_1_414' title='bbox 359 4136 490 4194; x_wconf 58' lang='lat' dir='ltr'>Haec</span> <span class='ocrx_word' id='word_1_415' title='bbox 521 4137 718 4192; x_wconf 89' lang='lat' dir='ltr'>omnia</span> <span class='ocrx_word' id='word_1_416' title='bbox 758 4153 885 4192; x_wconf 88' lang='lat' dir='ltr'>mea</span> <span class='ocrx_word' id='word_1_417' title='bbox 931 4143 1111 4194; x_wconf 83' lang='lat' dir='ltr'>sunt:</span> <span class='ocrx_word' id='word_1_418' title='bbox 1164 4156 1320 4194; x_wconf 91' lang='lat' dir='ltr'>nunc</span> <span class='ocrx_word' id='word_1_419' title='bbox 1371 4139 1550 4212; x_wconf 85' lang='lat' dir='ltr'>igitur</span> <span class='ocrx_word' id='word_1_420' title='bbox 1599 4140 1645 4195; x_wconf 94' lang='lat' dir='ltr'>si</span> <span class='ocrx_word' id='word_1_421' title='bbox 1701 4141 2012 4212; x_wconf 89' lang='lat' dir='ltr'>procidens</span> 
     </span>
    </p>
   </div>
   <div class='ocr_carea' id='block_1_59' title="bbox 361 4226 2014 4302">
    <p class='ocr_par' dir='ltr' id='par_1_59' title="bbox 361 4226 2014 4302">
     <span class='ocr_line' id='line_1_59' title="bbox 361 4226 2014 4302; baseline 0.002 -19"><span class='ocrx_word' id='word_1_422' title='bbox 361 4226 696 4284; x_wconf 87' lang='lat' dir='ltr'>adoravcris</span> <span class='ocrx_word' id='word_1_423' title='bbox 729 4244 840 4293; x_wconf 89' lang='lat' dir='ltr'>me,</span> <span class='ocrx_word' id='word_1_424' title='bbox 874 4227 995 4282; x_wconf 70' lang='lat' dir='ltr'>haec</span> <span class='ocrx_word' id='word_1_425' title='bbox 1019 4227 1123 4282; x_wconf 87' lang='lat' dir='ltr'>tibi</span> <span class='ocrx_word' id='word_1_426' title='bbox 1159 4228 1309 4284; x_wconf 91' lang='lat' dir='ltr'>dabo</span> <span class='ocrx_word' id='word_1_427' title='bbox 1340 4229 1404 4283; x_wconf 85' lang='grc'>“¹¹.</span> <span class='ocrx_word' id='word_1_428' title='bbox 1462 4233 1626 4285; x_wconf 78' lang='lat' dir='ltr'>Forte</span> <span class='ocrx_word' id='word_1_429' title='bbox 1680 4230 1862 4302; x_wconf 85' lang='lat' dir='ltr'>igitur</span> <span class='ocrx_word' id='word_1_430' title='bbox 1911 4247 2014 4302; x_wconf 88' lang='lat' dir='ltr'>per</span> 
     </span>
    </p>
   </div>
   <div class='ocr_carea' id='block_1_60' title="bbox 358 4302 2090 4390">
    <p class='ocr_par' dir='ltr' id='par_1_60' title="bbox 358 4302 2090 4390">
     <span class='ocr_line' id='line_1_60' title="bbox 358 4302 2090 4390; baseline 0.003 -18"><span class='ocrx_word' id='word_1_431' title='bbox 358 4317 732 4386; x_wconf 79' lang='lat' dir='ltr'>Assyriorum</span> <span class='ocrx_word' id='word_1_432' title='bbox 769 4333 963 4390; x_wconf 82' lang='lat' dir='ltr'>regem</span> <span class='ocrx_word' id='word_1_433' title='bbox 997 4317 1218 4373; x_wconf 88' lang='lat' dir='ltr'>indicat</span> <span class='ocrx_word' id='word_1_434' title='bbox 1248 4319 1550 4389; x_wconf 86' lang='lat' dir='ltr'>Scriptura</span> <span class='ocrx_word' id='word_1_435' title='bbox 1581 4319 1775 4375; x_wconf 69' lang='lat' dir='ltr'>seaculi</span> <span class='ocrx_word' id='word_1_436' title='bbox 1831 4320 2013 4390; x_wconf 89' lang='lat' dir='ltr'>hujus</span> <span class='ocrx_word' id='word_1_437' title='bbox 2043 4302 2090 4366; x_wconf 85' lang='lat' dir='ltr'><strong>D</strong></span> 
     </span>
    </p>
   </div>
   <div class='ocr_carea' id='block_1_61' title="bbox 363 4406 2012 4480">
    <p class='ocr_par' dir='ltr' id='par_1_61' title="bbox 363 4406 2012 4480">
     <span class='ocr_line' id='line_1_61' title="bbox 363 4406 2012 4480; baseline 0.003 -20"><span class='ocrx_word' id='word_1_438' title='bbox 363 4406 708 4480; x_wconf 89' lang='lat' dir='ltr'>principem.</span> <span class='ocrx_word' id='word_1_439' title='bbox 741 4406 1024 4462; x_wconf 88' lang='lat' dir='ltr'>Dominus</span> <span class='ocrx_word' id='word_1_440' title='bbox 1057 4424 1308 4478; x_wconf 86' lang='lat' dir='ltr'>namque</span> <span class='ocrx_word' id='word_1_441' title='bbox 1339 4408 1666 4480; x_wconf 91' lang='lat' dir='ltr'>principem</span> <span class='ocrx_word' id='word_1_442' title='bbox 1689 4409 1887 4464; x_wconf 70' lang='lat' dir='ltr'>saeculi</span> <span class='ocrx_word' id='word_1_443' title='bbox 1911 4427 2012 4465; x_wconf 89' lang='lat' dir='ltr'>no-</span> 
     </span>
    </p>
   </div>
   <div class='ocr_carea' id='block_1_62' title="bbox 368 4493 2013 4571">
    <p class='ocr_par' dir='ltr' id='par_1_62' title="bbox 368 4493 2013 4571">
     <span class='ocr_line' id='line_1_62' title="bbox 368 4493 2013 4571; baseline 0.005 -24"><span class='ocrx_word' id='word_1_444' title='bbox 368 4493 577 4558; x_wconf 88' lang='lat' dir='ltr'>minat,</span> <span class='ocrx_word' id='word_1_445' title='bbox 609 4495 810 4551; x_wconf 91' lang='lat' dir='ltr'>dicens</span> <span class='ocrx_word' id='word_1_446' title='bbox 836 4513 848 4549; x_wconf 90' lang='lat'>:</span> <span class='ocrx_word' id='word_1_447' title='bbox 876 4501 1037 4552; x_wconf 86' lang='lat' dir='ltr'>Nunc</span> <span class='ocrx_word' id='word_1_448' title='bbox 1059 4499 1313 4568; x_wconf 79' lang='lat' dir='ltr'>princeps</span> <span class='ocrx_word' id='word_1_449' title='bbox 1370 4498 1533 4570; x_wconf 78' lang='lat' dir='ltr'>hujus</span> <span class='ocrx_word' id='word_1_450' title='bbox 1580 4499 1779 4554; x_wconf 85' lang='lat' dir='ltr'>mundi</span> <span class='ocrx_word' id='word_1_451' title='bbox 1827 4501 2013 4571; x_wconf 79' lang='lat' dir='ltr'>ejicie-</span> 
     </span>
    </p>
   </div>
   <div class='ocr_carea' id='block_1_63' title="bbox 363 4584 2018 4659">
    <p class='ocr_par' dir='ltr' id='par_1_63' title="bbox 363 4584 2018 4659">
     <span class='ocr_line' id='line_1_63' title="bbox 363 4584 2018 4659; baseline 0.003 -20"><span class='ocrx_word' id='word_1_452' title='bbox 363 4587 456 4640; x_wconf 75' lang='lat' dir='ltr'>tur</span> <span class='ocrx_word' id='word_1_453' title='bbox 483 4584 718 4654; x_wconf 67' lang='lat' dir='ltr'>foras“.</span> <span class='ocrx_word' id='word_1_454' title='bbox 754 4588 819 4640; x_wconf 85' lang='lat' dir='ltr'>Et</span> <span class='ocrx_word' id='word_1_455' title='bbox 858 4585 1032 4656; x_wconf 89' lang='lat' dir='ltr'>paulo</span> <span class='ocrx_word' id='word_1_456' title='bbox 1072 4590 1223 4657; x_wconf 89' lang='lat' dir='ltr'>post.</span> <span class='ocrx_word' id='word_1_457' title='bbox 1269 4589 1391 4642; x_wconf 89' lang='lat' dir='ltr'>Jam</span> <span class='ocrx_word' id='word_1_458' title='bbox 1437 4603 1544 4643; x_wconf 84' lang='lat' dir='ltr'>non</span> <span class='ocrx_word' id='word_1_459' title='bbox 1596 4589 1768 4644; x_wconf 78' lang='lat' dir='ltr'>multa</span> <span class='ocrx_word' id='word_1_460' title='bbox 1821 4589 2018 4659; x_wconf 83' lang='lat' dir='ltr'>loquar</span> 
     </span>
    </p>
   </div>
   <div class='ocr_carea' id='block_1_64' title="bbox 359 4673 2015 4747">
    <p class='ocr_par' dir='ltr' id='par_1_64' title="bbox 359 4673 2015 4747">
     <span class='ocr_line' id='line_1_64' title="bbox 359 4673 2015 4747; baseline 0.002 -18"><span class='ocrx_word' id='word_1_461' title='bbox 359 4673 685 4730; x_wconf 82' lang='lat' dir='ltr'>vobiscum:</span> <span class='ocrx_word' id='word_1_462' title='bbox 709 4676 856 4730; x_wconf 78' lang='lat' dir='ltr'>venit</span> <span class='ocrx_word' id='word_1_463' title='bbox 886 4677 1034 4730; x_wconf 85' lang='lat' dir='ltr'>enim</span> <span class='ocrx_word' id='word_1_464' title='bbox 1084 4677 1334 4747; x_wconf 80' lang='lat' dir='ltr'>princeps</span> <span class='ocrx_word' id='word_1_465' title='bbox 1380 4677 1575 4732; x_wconf 75' lang='lat' dir='ltr'>mundi</span> <span class='ocrx_word' id='word_1_466' title='bbox 1617 4677 1802 4747; x_wconf 69' lang='lat' dir='ltr'>huius,</span> <span class='ocrx_word' id='word_1_467' title='bbox 1851 4681 1903 4734; x_wconf 82' lang='lat' dir='ltr'>et</span> <span class='ocrx_word' id='word_1_468' title='bbox 1953 4681 2015 4734; x_wconf 83' lang='lat' dir='ltr'>in</span> 
     </span>
    </p>
   </div>
   <div class='ocr_carea' id='block_1_65' title="bbox 354 4763 2014 4838">
    <p class='ocr_par' dir='ltr' id='par_1_65' title="bbox 354 4763 2014 4838">
     <span class='ocr_line' id='line_1_65' title="bbox 354 4763 2014 4838; baseline 0.004 -20"><span class='ocrx_word' id='word_1_469' title='bbox 354 4779 443 4818; x_wconf 87' lang='lat' dir='ltr'>me</span> <span class='ocrx_word' id='word_1_470' title='bbox 469 4778 579 4818; x_wconf 83' lang='lat' dir='ltr'>non</span> <span class='ocrx_word' id='word_1_471' title='bbox 611 4763 779 4818; x_wconf 80' lang='lat' dir='ltr'>habet</span> <span class='ocrx_word' id='word_1_472' title='bbox 809 4765 1111 4836; x_wconf 82' lang='lat' dir='ltr'>quidquam</span> <span class='ocrx_word' id='word_1_473' title='bbox 1139 4765 1204 4818; x_wconf 71' lang='lat'>73.</span> <span class='ocrx_word' id='word_1_474' title='bbox 1258 4765 1537 4822; x_wconf 69' lang='lat' dir='ltr'>Prasterea</span> <span class='ocrx_word' id='word_1_475' title='bbox 1584 4766 1876 4838; x_wconf 89' lang='lat' dir='ltr'>principes</span> <span class='ocrx_word' id='word_1_476' title='bbox 1897 4785 2014 4824; x_wconf 88' lang='lat' dir='ltr'>non</span> 
     </span>
    </p>
   </div>
   <div class='ocr_carea' id='block_1_66' title="bbox 365 4851 2013 4929">
    <p class='ocr_par' dir='ltr' id='par_1_66' title="bbox 365 4851 2013 4929">
     <span class='ocr_line' id='line_1_66' title="bbox 365 4851 2013 4929; baseline 0.003 -20"><span class='ocrx_word' id='word_1_477' title='bbox 365 4851 558 4927; x_wconf 85' lang='lat' dir='ltr'>pauci,</span> <span class='ocrx_word' id='word_1_478' title='bbox 593 4857 650 4909; x_wconf 91' lang='lat' dir='ltr'>et</span> <span class='ocrx_word' id='word_1_479' title='bbox 681 4853 949 4909; x_wconf 89' lang='lat' dir='ltr'>nonnulli</span> <span class='ocrx_word' id='word_1_480' title='bbox 971 4853 1236 4926; x_wconf 88' lang='lat' dir='ltr'>gentium</span> <span class='ocrx_word' id='word_1_481' title='bbox 1251 4855 1504 4927; x_wconf 79' lang='lat' dir='ltr'>praefecti</span> <span class='ocrx_word' id='word_1_482' title='bbox 1525 4857 1830 4913; x_wconf 88' lang='lat' dir='ltr'>constituti</span> <span class='ocrx_word' id='word_1_483' title='bbox 1853 4862 2013 4929; x_wconf 89' lang='lat' dir='ltr'>sunt,</span> 
     </span>
    </p>
   </div>
   <div class='ocr_carea' id='block_1_67' title="bbox 2102 1802 3759 1889">
    <p class='ocr_par' dir='ltr' id='par_1_67' title="bbox 2102 1802 3759 1889">
     <span class='ocr_line' id='line_1_67' title="bbox 2102 1802 3759 1889; baseline -0.005 -19"><span class='ocrx_word' id='word_1_484' title='bbox 2102 1815 2191 1870; x_wconf 82' lang='grc' dir='ltr'>καὶ</span> <span class='ocrx_word' id='word_1_485' title='bbox 2223 1813 2528 1889; x_wconf 77' lang='grc' dir='ltr'>ἡγούμενος</span> <span class='ocrx_word' id='word_1_486' title='bbox 2559 1815 2731 1870; x_wconf 85' lang='grc' dir='ltr'>πάντα</span> <span class='ocrx_word' id='word_1_487' title='bbox 2775 1811 2826 1884; x_wconf 73' lang='grc' dir='ltr'>ιξ</span> <span class='ocrx_word' id='word_1_488' title='bbox 2877 1809 3185 1886; x_wconf 61' lang='grc' dir='ltr'>ἐπιδρομῆς</span> <span class='ocrx_word' id='word_1_489' title='bbox 3216 1811 3459 1886; x_wconf 80' lang='grc' dir='ltr'>αἱρήσειν</span> <span class='ocrx_word' id='word_1_490' title='bbox 3507 1809 3575 1865; x_wconf 77' lang='grc' dir='ltr'>τὰ</span> <span class='ocrx_word' id='word_1_491' title='bbox 3605 1802 3759 1880; x_wconf 74' lang='grc' dir='ltr'>ἔθνη,</span> 
     </span>
    </p>
   </div>
   <div class='ocr_carea' id='block_1_68' title="bbox 2102 1897 3761 1978">
    <p class='ocr_par' dir='ltr' id='par_1_68' title="bbox 2102 1897 3761 1978">
     <span class='ocr_line' id='line_1_68' title="bbox 2102 1897 3761 1978; baseline -0.004 -18"><span class='ocrx_word' id='word_1_492' title='bbox 2102 1903 2192 1960; x_wconf 84' lang='grc' dir='ltr'>καί</span> <span class='ocrx_word' id='word_1_493' title='bbox 2227 1901 2433 1977; x_wconf 80' lang='grc' dir='ltr'>μηδὲνα</span> <span class='ocrx_word' id='word_1_494' title='bbox 2479 1901 2611 1976; x_wconf 74' lang='grc' dir='ltr'>ἕξειν</span> <span class='ocrx_word' id='word_1_495' title='bbox 2659 1903 2752 1957; x_wconf 83' lang='grc' dir='ltr'>τὸν</span> <span class='ocrx_word' id='word_1_496' title='bbox 2803 1908 2992 1978; x_wconf 86' lang='grc' dir='ltr'>χεῖρας</span> <span class='ocrx_word' id='word_1_497' title='bbox 3025 1899 3364 1976; x_wconf 67' lang='grc' dir='ltr'>ἀνταίροντι,</span> <span class='ocrx_word' id='word_1_498' title='bbox 3396 1897 3546 1955; x_wconf 85' lang='grc' dir='ltr'>ἀλλὰ</span> <span class='ocrx_word' id='word_1_499' title='bbox 3582 1899 3761 1954; x_wconf 82' lang='grc' dir='ltr'>πάντα</span> 
     </span>
    </p>
   </div>
   <div class='ocr_carea' id='block_1_69' title="bbox 2109 1988 3756 2068">
    <p class='ocr_par' dir='ltr' id='par_1_69' title="bbox 2109 1988 3756 2068">
     <span class='ocr_line' id='line_1_69' title="bbox 2109 1988 3756 2068; baseline -0.003 -20"><span class='ocrx_word' id='word_1_500' title='bbox 2109 1995 2202 2067; x_wconf 74' lang='grc' dir='ltr'>μὶν</span> <span class='ocrx_word' id='word_1_501' title='bbox 2259 1993 2382 2068; x_wconf 79' lang='grc' dir='ltr'>ὅρια</span> <span class='ocrx_word' id='word_1_502' title='bbox 2437 1991 2604 2047; x_wconf 71' lang='grc' dir='ltr'>ἐθνῶν</span> <span class='ocrx_word' id='word_1_503' title='bbox 2661 1995 2731 2066; x_wconf 79' lang='grc' dir='ltr'>τῇ</span> <span class='ocrx_word' id='word_1_504' title='bbox 2790 1988 3014 2065; x_wconf 78' lang='grc' dir='ltr'>δυνάμει</span> <span class='ocrx_word' id='word_1_505' title='bbox 3077 1990 3241 2046; x_wconf 77' lang='grc' dir='ltr'>αὐτοῦ</span> <span class='ocrx_word' id='word_1_506' title='bbox 3297 1991 3756 2066; x_wconf 82' lang='grc' dir='ltr'>συγχυθήσεσθαι,</span> 
     </span>
    </p>
   </div>
   <div class='ocr_carea' id='block_1_70' title="bbox 2106 2073 3758 2157">
    <p class='ocr_par' dir='ltr' id='par_1_70' title="bbox 2106 2073 3758 2157">
     <span class='ocr_line' id='line_1_70' title="bbox 2106 2073 3758 2157; baseline -0.002 -19"><span class='ocrx_word' id='word_1_507' title='bbox 2106 2081 2374 2138; x_wconf 82' lang='grc' dir='ltr'>δονεῖσθαι</span> <span class='ocrx_word' id='word_1_508' title='bbox 2433 2079 2490 2136; x_wconf 73' lang='grc' dir='ltr'>δὲ</span> <span class='ocrx_word' id='word_1_509' title='bbox 2538 2086 2711 2136; x_wconf 83' lang='grc' dir='ltr'>πᾶσαν</span> <span class='ocrx_word' id='word_1_510' title='bbox 2765 2081 2864 2150; x_wconf 72' lang='grc' dir='ltr'>τὴν</span> <span class='ocrx_word' id='word_1_511' title='bbox 2925 2080 3250 2154; x_wconf 63' lang='grc' dir='ltr'>οἰκουμένην</span> <span class='ocrx_word' id='word_1_512' title='bbox 3309 2084 3390 2152; x_wconf 79' lang='grc' dir='ltr'>τῷ</span> <span class='ocrx_word' id='word_1_513' title='bbox 3447 2073 3604 2157; x_wconf 73' lang='grc' dir='ltr'>φόϐῳ</span> <span class='ocrx_word' id='word_1_514' title='bbox 3657 2085 3758 2150; x_wconf 84' lang='grc' dir='ltr'>τῆς</span> 
     </span>
    </p>
   </div>
   <div class='ocr_carea' id='block_1_71' title="bbox 2106 2167 3760 2246">
    <p class='ocr_par' dir='ltr' id='par_1_71' title="bbox 2106 2167 3760 2246">
     <span class='ocr_line' id='line_1_71' title="bbox 2106 2167 3760 2246; baseline -0.003 -18"><span class='ocrx_word' id='word_1_515' title='bbox 2106 2170 2402 2244; x_wconf 75' lang='grc' dir='ltr'>ἐπιδημίας</span> <span class='ocrx_word' id='word_1_516' title='bbox 2461 2171 2647 2238; x_wconf 77' lang='grc' dir='ltr'>αὐτοῦ,</span> <span class='ocrx_word' id='word_1_517' title='bbox 2707 2171 2798 2226; x_wconf 80' lang='grc' dir='ltr'>τὸν</span> <span class='ocrx_word' id='word_1_518' title='bbox 2860 2167 2917 2226; x_wconf 67' lang='grc' dir='ltr'>δὲ</span> <span class='ocrx_word' id='word_1_519' title='bbox 2975 2169 3050 2232; x_wconf 85' lang='grc' dir='ltr'>είς</span> <span class='ocrx_word' id='word_1_520' title='bbox 3101 2175 3295 2246; x_wconf 83' lang='grc' dir='ltr'>χεῖρας</span> <span class='ocrx_word' id='word_1_521' title='bbox 3344 2168 3647 2245; x_wconf 72' lang='grc' dir='ltr'>ἐρχόμενον</span> <span class='ocrx_word' id='word_1_522' title='bbox 3680 2167 3760 2224; x_wconf 80' lang='grc' dir='ltr'>εὖ·</span> 
     </span>
    </p>
   </div>
   <div class='ocr_carea' id='block_1_72' title="bbox 2107 2256 3762 2336">
    <p class='ocr_par' dir='ltr' id='par_1_72' title="bbox 2107 2256 3762 2336">
     <span class='ocr_line' id='line_1_72' title="bbox 2107 2256 3762 2336; baseline -0.003 -19"><span class='ocrx_word' id='word_1_523' title='bbox 2107 2261 2445 2336; x_wconf 87' lang='grc' dir='ltr'>αλωτότερον</span> <span class='ocrx_word' id='word_1_524' title='bbox 2481 2262 2614 2316; x_wconf 79' lang='grc' dir='ltr'>εἷναι</span> <span class='ocrx_word' id='word_1_525' title='bbox 2647 2265 2881 2316; x_wconf 81' lang='grc' dir='ltr'>νεοττῶν</span> <span class='ocrx_word' id='word_1_526' title='bbox 2914 2262 3028 2332; x_wconf 88' lang='grc'>(15)</span> <span class='ocrx_word' id='word_1_527' title='bbox 3058 2256 3293 2333; x_wconf 77' lang='grc' dir='ltr'>ὄρνιθος,</span> <span class='ocrx_word' id='word_1_528' title='bbox 3347 2258 3474 2334; x_wconf 78' lang='grc' dir='ltr'>ῥᾷον</span> <span class='ocrx_word' id='word_1_529' title='bbox 3505 2257 3564 2314; x_wconf 72' lang='grc' dir='ltr'>δὲ</span> <span class='ocrx_word' id='word_1_530' title='bbox 3595 2259 3762 2333; x_wconf 77' lang='grc' dir='ltr'>ἀρθή-</span> 
     </span>
    </p>
   </div>
   <div class='ocr_carea' id='block_1_73' title="bbox 2107 2346 3761 2427">
    <p class='ocr_par' dir='ltr' id='par_1_73' title="bbox 2107 2346 3761 2427">
     <span class='ocr_line' id='line_1_73' title="bbox 2107 2346 3761 2427; baseline -0.003 -21"><span class='ocrx_word' id='word_1_531' title='bbox 2107 2362 2288 2414; x_wconf 82' lang='grc' dir='ltr'>σεσθαι</span> <span class='ocrx_word' id='word_1_532' title='bbox 2343 2353 2412 2423; x_wconf 79' lang='grc' dir='ltr'>τῇ</span> <span class='ocrx_word' id='word_1_533' title='bbox 2469 2347 2694 2423; x_wconf 83' lang='grc' dir='ltr'>δυνάμει</span> <span class='ocrx_word' id='word_1_534' title='bbox 2753 2349 2917 2404; x_wconf 76' lang='grc' dir='ltr'>αὐτοῦ</span> <span class='ocrx_word' id='word_1_535' title='bbox 2966 2347 3298 2427; x_wconf 71' lang='grc' dir='ltr'>ἕφοδευούσῃ</span> <span class='ocrx_word' id='word_1_536' title='bbox 3345 2350 3444 2418; x_wconf 73' lang='grc' dir='ltr'>τὴν</span> <span class='ocrx_word' id='word_1_537' title='bbox 3495 2349 3583 2424; x_wconf 76' lang='grc' dir='ltr'>ὑφ’</span> <span class='ocrx_word' id='word_1_538' title='bbox 3613 2346 3761 2421; x_wconf 78' lang='grc' dir='ltr'>ἡλίῳ</span> 
     </span>
    </p>
   </div>
   <div class='ocr_carea' id='block_1_74' title="bbox 2107 2433 3758 2514">
    <p class='ocr_par' dir='ltr' id='par_1_74' title="bbox 2107 2433 3758 2514">
     <span class='ocr_line' id='line_1_74' title="bbox 2107 2433 3758 2514; baseline -0.001 -20"><span class='ocrx_word' id='word_1_539' title='bbox 2107 2445 2280 2495; x_wconf 80' lang='grc' dir='ltr'>πᾶσαν</span> <span class='ocrx_word' id='word_1_540' title='bbox 2309 2439 2662 2513; x_wconf 64' lang='grc' dir='ltr'>οἰκουμένην,</span> <span class='ocrx_word' id='word_1_541' title='bbox 2695 2439 2730 2508; x_wconf 74' lang='grc' dir='ltr'>ἢ</span> <span class='ocrx_word' id='word_1_542' title='bbox 2763 2440 2838 2503; x_wconf 86' lang='grc' dir='ltr'>ὡς</span> <span class='ocrx_word' id='word_1_543' title='bbox 2889 2437 2949 2493; x_wconf 77' lang='grc' dir='ltr'>ἄν</span> <span class='ocrx_word' id='word_1_544' title='bbox 2981 2460 3065 2502; x_wconf 85' lang='grc' dir='ltr'>τις</span> <span class='ocrx_word' id='word_1_545' title='bbox 3115 2433 3276 2494; x_wconf 77' lang='grc' dir='ltr'>λάϐοι</span> <span class='ocrx_word' id='word_1_546' title='bbox 3319 2439 3422 2510; x_wconf 62' lang='lat' dir='ltr'>ea,</span> <span class='ocrx_word' id='word_1_547' title='bbox 3455 2435 3636 2514; x_wconf 84' lang='grc' dir='ltr'>ἔρημα</span> <span class='ocrx_word' id='word_1_548' title='bbox 3661 2444 3758 2506; x_wconf 86' lang='grc' dir='ltr'>τῆς</span> 
     </span>
    </p>
   </div>
   <div class='ocr_carea' id='block_1_75' title="bbox 2108 2526 3760 2607">
    <p class='ocr_par' dir='ltr' id='par_1_75' title="bbox 2108 2526 3760 2607">
     <span class='ocr_line' id='line_1_75' title="bbox 2108 2526 3760 2607; baseline -0.002 -20"><span class='ocrx_word' id='word_1_549' title='bbox 2108 2531 2426 2602; x_wconf 70' lang='grc' dir='ltr'>θαλπούσης</span> <span class='ocrx_word' id='word_1_550' title='bbox 2485 2532 2622 2586; x_wconf 75' lang='grc' dir='ltr'>αὐτὰ</span> <span class='ocrx_word' id='word_1_551' title='bbox 2677 2531 2767 2585; x_wconf 84' lang='grc' dir='ltr'>καὶ</span> <span class='ocrx_word' id='word_1_552' title='bbox 2825 2529 3200 2607; x_wconf 75' lang='grc' dir='ltr'>ζωογονούσης</span> <span class='ocrx_word' id='word_1_553' title='bbox 3249 2527 3482 2605; x_wconf 82' lang='grc' dir='ltr'>ὄρνιθος.</span> <span class='ocrx_word' id='word_1_554' title='bbox 3543 2526 3760 2598; x_wconf 81' lang='grc' dir='ltr'>Ἐπειδὴ</span> 
     </span>
    </p>
   </div>
   <div class='ocr_carea' id='block_1_76' title="bbox 2111 2616 3764 2698">
    <p class='ocr_par' dir='ltr' id='par_1_76' title="bbox 2111 2616 3764 2698">
     <span class='ocr_line' id='line_1_76' title="bbox 2111 2616 3764 2698; baseline -0.003 -20"><span class='ocrx_word' id='word_1_555' title='bbox 2111 2620 2168 2678; x_wconf 71' lang='grc' dir='ltr'>δὲ</span> <span class='ocrx_word' id='word_1_556' title='bbox 2227 2624 2261 2691; x_wconf 83' lang='grc' dir='ltr'>ἡ</span> <span class='ocrx_word' id='word_1_557' title='bbox 2324 2620 2662 2698; x_wconf 76' lang='grc' dir='ltr'>ὑπερηφανία</span> <span class='ocrx_word' id='word_1_558' title='bbox 2719 2619 2898 2695; x_wconf 81' lang='grc' dir='ltr'>ὥσπερ</span> <span class='ocrx_word' id='word_1_559' title='bbox 2960 2619 3160 2693; x_wconf 78' lang='grc' dir='ltr'>μείζων</span> <span class='ocrx_word' id='word_1_560' title='bbox 3219 2618 3364 2676; x_wconf 75' lang='grc' dir='ltr'>ἐστὶν</span> <span class='ocrx_word' id='word_1_561' title='bbox 3421 2620 3457 2689; x_wconf 79' lang='grc' dir='ltr'><strong>ἢ</strong></span> <span class='ocrx_word' id='word_1_562' title='bbox 3504 2621 3644 2674; x_wconf 74' lang='grc' dir='ltr'>κατὰ</span> <span class='ocrx_word' id='word_1_563' title='bbox 3679 2616 3764 2673; x_wconf 76' lang='grc' dir='ltr'>ἄν·</span> 
     </span>
    </p>
   </div>
   <div class='ocr_carea' id='block_1_77' title="bbox 2112 2708 3771 2786">
    <p class='ocr_par' dir='ltr' id='par_1_77' title="bbox 2112 2708 3771 2786">
     <span class='ocr_line' id='line_1_77' title="bbox 2112 2708 3771 2786; baseline -0.001 -20"><span class='ocrx_word' id='word_1_564' title='bbox 2112 2724 2352 2783; x_wconf 79' lang='grc' dir='ltr'>θρωπον,</span> <span class='ocrx_word' id='word_1_565' title='bbox 2406 2710 2627 2785; x_wconf 71' lang='grc' dir='ltr'>πρίπειν</span> <span class='ocrx_word' id='word_1_566' title='bbox 2686 2710 2828 2771; x_wconf 77' lang='grc' dir='ltr'>τινὶς</span> <span class='ocrx_word' id='word_1_567' title='bbox 2889 2708 3145 2782; x_wconf 80' lang='grc' dir='ltr'>ἐνόμισαν</span> <span class='ocrx_word' id='word_1_568' title='bbox 3202 2711 3270 2764; x_wconf 76' lang='grc' dir='ltr'>τὰ</span> <span class='ocrx_word' id='word_1_569' title='bbox 3325 2709 3543 2786; x_wconf 83' lang='grc' dir='ltr'>ῥήματα</span> <span class='ocrx_word' id='word_1_570' title='bbox 3598 2710 3771 2766; x_wconf 76' lang='grc' dir='ltr'>ταῦτα</span> 
     </span>
    </p>
   </div>
   <div class='ocr_carea' id='block_1_78' title="bbox 2109 2797 3769 2875">
    <p class='ocr_par' dir='ltr' id='par_1_78' title="bbox 2109 2797 3769 2875">
     <span class='ocr_line' id='line_1_78' title="bbox 2109 2797 3769 2875; baseline -0.002 -19"><span class='ocrx_word' id='word_1_571' title='bbox 2109 2806 2191 2873; x_wconf 77' lang='grc' dir='ltr'>τῷ</span> <span class='ocrx_word' id='word_1_572' title='bbox 2249 2800 2470 2870; x_wconf 78' lang='grc' dir='ltr'>ἀληθῶς</span> <span class='ocrx_word' id='word_1_573' title='bbox 2541 2799 2873 2875; x_wconf 71' lang='grc' dir='ltr'>ὑπερηφάνῳ</span> <span class='ocrx_word' id='word_1_574' title='bbox 2907 2843 2921 2870; x_wconf 91' lang='grc'>,</span> <span class='ocrx_word' id='word_1_575' title='bbox 2980 2803 3060 2871; x_wconf 80' lang='grc' dir='ltr'>τῷ</span> <span class='ocrx_word' id='word_1_576' title='bbox 3133 2797 3567 2873; x_wconf 86' lang='grc' dir='ltr'>τραχηλιάσαντι</span> <span class='ocrx_word' id='word_1_577' title='bbox 3628 2799 3769 2853; x_wconf 89' lang='grc' dir='ltr'>κατὰ</span> 
     </span>
    </p>
   </div>
   <div class='ocr_carea' id='block_1_79' title="bbox 2113 2884 3761 2964">
    <p class='ocr_par' dir='ltr' id='par_1_79' title="bbox 2113 2884 3761 2964">
     <span class='ocr_line' id='line_1_79' title="bbox 2113 2884 3761 2964; baseline -0.003 -20"><span class='ocrx_word' id='word_1_578' title='bbox 2113 2893 2211 2945; x_wconf 74' lang='grc' dir='ltr'>τοῦ</span> <span class='ocrx_word' id='word_1_579' title='bbox 2262 2890 2729 2964; x_wconf 83' lang='grc' dir='ltr'>Παντοκράτορος,</span> <span class='ocrx_word' id='word_1_580' title='bbox 2781 2889 2861 2960; x_wconf 79' lang='grc' dir='ltr'>τῷ</span> <span class='ocrx_word' id='word_1_581' title='bbox 2917 2887 3266 2959; x_wconf 83' lang='grc' dir='ltr'>ἀνυποτάκτῳ</span> <span class='ocrx_word' id='word_1_582' title='bbox 3322 2887 3411 2942; x_wconf 83' lang='grc' dir='ltr'>καὶ</span> <span class='ocrx_word' id='word_1_583' title='bbox 3461 2884 3761 2958; x_wconf 78' lang='grc' dir='ltr'>ἀποστάτῃ,</span> 
     </span>
    </p>
   </div>
   <div class='ocr_carea' id='block_1_80' title="bbox 2116 2973 3757 3046">
    <p class='ocr_par' dir='ltr' id='par_1_80' title="bbox 2116 2973 3757 3046">
     <span class='ocr_line' id='line_1_80' title="bbox 2116 2973 3757 3046; baseline -0.003 -11"><span class='ocrx_word' id='word_1_584' title='bbox 2116 2979 2206 3035; x_wconf 80' lang='grc' dir='ltr'>καὶ</span> <span class='ocrx_word' id='word_1_585' title='bbox 2239 2978 2316 3040; x_wconf 77' lang='grc' dir='ltr'>εἷς</span> <span class='ocrx_word' id='word_1_586' title='bbox 2362 2979 2461 3046; x_wconf 73' lang='grc' dir='ltr'>τὴν</span> <span class='ocrx_word' id='word_1_587' title='bbox 2515 2979 2705 3034; x_wconf 73' lang='grc' dir='ltr'>ἑαυτοῦ</span> <span class='ocrx_word' id='word_1_588' title='bbox 2756 2975 2944 3032; x_wconf 79' lang='grc' dir='ltr'>κακίαν</span> <span class='ocrx_word' id='word_1_589' title='bbox 2979 2979 3435 3046; x_wconf 89' lang='grc' dir='ltr'>συναποστήσαντι</span> <span class='ocrx_word' id='word_1_590' title='bbox 3465 2973 3610 3045; x_wconf 80' lang='grc' dir='ltr'>αὐτῷ</span> <span class='ocrx_word' id='word_1_591' title='bbox 3643 2975 3757 3046; x_wconf 81' lang='grc'>(16)</span> 
     </span>
    </p>
   </div>
   <div class='ocr_carea' id='block_1_81' title="bbox 2113 3061 3759 3140">
    <p class='ocr_par' dir='ltr' id='par_1_81' title="bbox 2113 3061 3759 3140">
     <span class='ocr_line' id='line_1_81' title="bbox 2113 3061 3759 3140; baseline -0.003 -17"><span class='ocrx_word' id='word_1_592' title='bbox 2113 3069 2181 3124; x_wconf 80' lang='grc' dir='ltr'>τὰ</span> <span class='ocrx_word' id='word_1_593' title='bbox 2240 3065 2857 3138; x_wconf 79' lang='grc' dir='ltr'>συνεπακολουθήσαντα</span> <span class='ocrx_word' id='word_1_594' title='bbox 2951 3065 3098 3138; x_wconf 82' lang='grc' dir='ltr'>αὐτῷ</span> <span class='ocrx_word' id='word_1_595' title='bbox 3172 3064 3388 3140; x_wconf 81' lang='grc' dir='ltr'>πονηρὰ</span> <span class='ocrx_word' id='word_1_596' title='bbox 3457 3061 3759 3136; x_wconf 80' lang='grc' dir='ltr'>πνεύματα.</span> 
     </span>
    </p>
   </div>
   <div class='ocr_carea' id='block_1_82' title="bbox 2118 3151 3766 3232">
    <p class='ocr_par' dir='ltr' id='par_1_82' title="bbox 2118 3151 3766 3232">
     <span class='ocr_line' id='line_1_82' title="bbox 2118 3151 3766 3232; baseline -0.004 -20"><span class='ocrx_word' id='word_1_597' title='bbox 2118 3158 2355 3219; x_wconf 85' lang='grc' dir='ltr'>Ἐκεῖνος</span> <span class='ocrx_word' id='word_1_598' title='bbox 2409 3158 2513 3232; x_wconf 76' lang='grc' dir='ltr'>γάρ</span> <span class='ocrx_word' id='word_1_599' title='bbox 2569 3156 2755 3211; x_wconf 70' lang='grc' dir='ltr'>ἑαυτὸν</span> <span class='ocrx_word' id='word_1_600' title='bbox 2811 3155 2903 3210; x_wconf 80' lang='grc' dir='ltr'>καὶ</span> <span class='ocrx_word' id='word_1_601' title='bbox 2959 3159 3084 3210; x_wconf 79' lang='grc' dir='ltr'>νοῦν</span> <span class='ocrx_word' id='word_1_602' title='bbox 3151 3151 3318 3210; x_wconf 79' lang='grc' dir='ltr'>οἷέται</span> <span class='ocrx_word' id='word_1_603' title='bbox 3390 3151 3555 3228; x_wconf 69' lang='grc' dir='ltr'>μέγαν</span> <span class='ocrx_word' id='word_1_604' title='bbox 3595 3198 3608 3220; x_wconf 97' lang='grc'>,</span> <span class='ocrx_word' id='word_1_605' title='bbox 3673 3151 3766 3206; x_wconf 88' lang='grc' dir='ltr'>καὶ</span> 
     </span>
    </p>
   </div>
   <div class='ocr_carea' id='block_1_83' title="bbox 2118 3242 3772 3325">
    <p class='ocr_par' dir='ltr' id='par_1_83' title="bbox 2118 3242 3772 3325">
     <span class='ocr_line' id='line_1_83' title="bbox 2118 3242 3772 3325; baseline -0.005 -23"><span class='ocrx_word' id='word_1_606' title='bbox 2118 3246 2437 3325; x_wconf 75' lang='grc' dir='ltr'>φαντάζεται</span> <span class='ocrx_word' id='word_1_607' title='bbox 2488 3247 2555 3300; x_wconf 73' lang='grc' dir='ltr'>τὰ</span> <span class='ocrx_word' id='word_1_608' title='bbox 2607 3243 2794 3319; x_wconf 81' lang='grc' dir='ltr'>ὑψηλᾶ</span> <span class='ocrx_word' id='word_1_609' title='bbox 2845 3249 3214 3322; x_wconf 82' lang='grc' dir='ltr'>περισκοπεῖν,</span> <span class='ocrx_word' id='word_1_610' title='bbox 3273 3243 3363 3298; x_wconf 85' lang='grc' dir='ltr'>καὶ</span> <span class='ocrx_word' id='word_1_611' title='bbox 3423 3242 3637 3297; x_wconf 81' lang='grc' dir='ltr'>ἀπειλεῖ</span> <span class='ocrx_word' id='word_1_612' title='bbox 3674 3246 3772 3295; x_wconf 81' lang='grc' dir='ltr'>π’ά·</span> 
     </span>
    </p>
   </div>
   <div class='ocr_carea' id='block_1_84' title="bbox 2119 3328 3770 3412">
    <p class='ocr_par' dir='ltr' id='par_1_84' title="bbox 2119 3328 3770 3412">
     <span class='ocr_line' id='line_1_84' title="bbox 2119 3328 3770 3412; baseline -0.004 -20"><span class='ocrx_word' id='word_1_613' title='bbox 2119 3358 2211 3394; x_wconf 89' lang='grc' dir='ltr'>σαν</span> <span class='ocrx_word' id='word_1_614' title='bbox 2249 3339 2348 3406; x_wconf 77' lang='grc' dir='ltr'>τὴν</span> <span class='ocrx_word' id='word_1_615' title='bbox 2409 3335 2737 3409; x_wconf 79' lang='grc' dir='ltr'>οἷ’κουμένην</span> <span class='ocrx_word' id='word_1_616' title='bbox 2797 3336 2885 3412; x_wconf 71' lang='grc' dir='ltr'>ὑφ’</span> <span class='ocrx_word' id='word_1_617' title='bbox 2916 3335 3100 3390; x_wconf 65' lang='grc' dir='ltr'>ἑαυτὸν</span> <span class='ocrx_word' id='word_1_618' title='bbox 3163 3333 3494 3405; x_wconf 88' lang='grc' dir='ltr'>ποιήσασθαι</span> <span class='ocrx_word' id='word_1_619' title='bbox 3545 3332 3680 3406; x_wconf 93' lang='grc'>(17),</span> <span class='ocrx_word' id='word_1_620' title='bbox 3715 3328 3770 3391; x_wconf 79' lang='grc' dir='ltr'>ὅς</span> 
     </span>
    </p>
   </div>
   <div class='ocr_carea' id='block_1_85' title="bbox 2118 3423 3772 3503">
    <p class='ocr_par' dir='ltr' id='par_1_85' title="bbox 2118 3423 3772 3503">
     <span class='ocr_line' id='line_1_85' title="bbox 2118 3423 3772 3503; baseline -0.004 -21"><span class='ocrx_word' id='word_1_621' title='bbox 2118 3449 2177 3503; x_wconf 80' lang='grc' dir='ltr'>γε</span> <span class='ocrx_word' id='word_1_622' title='bbox 2225 3424 2350 3481; x_wconf 65' lang='grc' dir='ltr'>οὐδὲ</span> <span class='ocrx_word' id='word_1_623' title='bbox 2405 3431 2484 3497; x_wconf 81' lang='grc' dir='ltr'>τῷ</span> <span class='ocrx_word' id='word_1_624' title='bbox 2535 3425 2716 3501; x_wconf 84' lang='grc' dir='ltr'>Κυρίῳ</span> <span class='ocrx_word' id='word_1_625' title='bbox 2746 3425 3103 3501; x_wconf 82' lang='grc' dir='ltr'>ἐρωτήσαντι,</span> <span class='ocrx_word' id='word_1_626' title='bbox 3135 3423 3300 3488; x_wconf 84' lang='grc' dir='ltr'>πόθεν</span> <span class='ocrx_word' id='word_1_627' title='bbox 3348 3424 3598 3498; x_wconf 86' lang='grc' dir='ltr'>πάρεστι,</span> <span class='ocrx_word' id='word_1_628' title='bbox 3629 3441 3772 3497; x_wconf 87' lang='grc' dir='ltr'>παρ-</span> 
     </span>
    </p>
   </div>
   <div class='ocr_carea' id='block_1_86' title="bbox 2119 3507 3773 3590">
    <p class='ocr_par' dir='ltr' id='par_1_86' title="bbox 2119 3507 3773 3590">
     <span class='ocr_line' id='line_1_86' title="bbox 2119 3507 3773 3590; baseline -0.001 -21"><span class='ocrx_word' id='word_1_629' title='bbox 2119 3517 2362 3590; x_wconf 76' lang='grc' dir='ltr'>ῃτήσατο</span> <span class='ocrx_word' id='word_1_630' title='bbox 2423 3514 2593 3569; x_wconf 79' lang='grc' dir='ltr'>εἰπεῖν</span> <span class='ocrx_word' id='word_1_631' title='bbox 2629 3559 2642 3583; x_wconf 94' lang='grc'>,</span> <span class='ocrx_word' id='word_1_632' title='bbox 2702 3514 2786 3569; x_wconf 83' lang='grc' dir='ltr'>ὅτι</span> <span class='ocrx_word' id='word_1_633' title='bbox 2863 3512 3172 3590; x_wconf 88' lang='grc' dir='ltr'>Περιελθὼν</span> <span class='ocrx_word' id='word_1_634' title='bbox 3225 3515 3324 3582; x_wconf 79' lang='grc' dir='ltr'>τὴν</span> <span class='ocrx_word' id='word_1_635' title='bbox 3399 3513 3503 3568; x_wconf 88' lang='grc' dir='ltr'>ὑπὸ</span> <span class='ocrx_word' id='word_1_636' title='bbox 3558 3511 3650 3567; x_wconf 86' lang='grc' dir='ltr'>τὸν</span> <span class='ocrx_word' id='word_1_637' title='bbox 3700 3507 3773 3580; x_wconf 65' lang='grc' dir='ltr'>ἤ-</span> 
     </span>
    </p>
   </div>
   <div class='ocr_carea' id='block_1_87' title="bbox 2121 3601 3773 3679">
    <p class='ocr_par' dir='ltr' id='par_1_87' title="bbox 2121 3601 3773 3679">
     <span class='ocr_line' id='line_1_87' title="bbox 2121 3601 3773 3679; baseline -0.002 -19"><span class='ocrx_word' id='word_1_638' title='bbox 2121 3604 2280 3673; x_wconf 89' lang='grc' dir='ltr'>λιον,</span> <span class='ocrx_word' id='word_1_639' title='bbox 2333 3604 2422 3660; x_wconf 81' lang='grc' dir='ltr'>καὶ</span> <span class='ocrx_word' id='word_1_640' title='bbox 2483 3603 2929 3679; x_wconf 80' lang='grc' dir='ltr'>ἐμπεριπατήσας</span> <span class='ocrx_word' id='word_1_641' title='bbox 2983 3605 3082 3672; x_wconf 81' lang='grc' dir='ltr'>τὴν</span> <span class='ocrx_word' id='word_1_642' title='bbox 3142 3603 3231 3659; x_wconf 85' lang='grc' dir='ltr'>ὑπ’</span> <span class='ocrx_word' id='word_1_643' title='bbox 3289 3601 3514 3676; x_wconf 79' lang='grc' dir='ltr'>οὐρανὸν</span> <span class='ocrx_word' id='word_1_644' title='bbox 3551 3645 3568 3672; x_wconf 86' lang='grc'>,</span> <span class='ocrx_word' id='word_1_645' title='bbox 3633 3601 3773 3676; x_wconf 85' lang='grc' dir='ltr'>πάρ-</span> 
     </span>
    </p>
   </div>
   <div class='ocr_carea' id='block_1_88' title="bbox 2121 3691 3772 3769">
    <p class='ocr_par' dir='ltr' id='par_1_88' title="bbox 2121 3691 3772 3769">
     <span class='ocr_line' id='line_1_88' title="bbox 2121 3691 3772 3769; baseline -0.002 -20"><span class='ocrx_word' id='word_1_646' title='bbox 2121 3716 2258 3769; x_wconf 87' lang='grc' dir='ltr'>ειμι.</span> <span class='ocrx_word' id='word_1_647' title='bbox 2316 3696 2488 3756; x_wconf 79' lang='grc' dir='ltr'>Οὗτος</span> <span class='ocrx_word' id='word_1_648' title='bbox 2559 3691 2833 3766; x_wconf 62' lang='grc' dir='ltr'>ἐτόλμησε</span> <span class='ocrx_word' id='word_1_649' title='bbox 2908 3694 2997 3748; x_wconf 84' lang='grc' dir='ltr'>καὶ</span> <span class='ocrx_word' id='word_1_650' title='bbox 3054 3698 3136 3766; x_wconf 80' lang='grc' dir='ltr'>τῷ</span> <span class='ocrx_word' id='word_1_651' title='bbox 3203 3692 3386 3766; x_wconf 82' lang='grc' dir='ltr'>Κυρίῳ</span> <span class='ocrx_word' id='word_1_652' title='bbox 3435 3692 3614 3761; x_wconf 88' lang='grc' dir='ltr'>πάσης</span> <span class='ocrx_word' id='word_1_653' title='bbox 3669 3697 3772 3756; x_wconf 82' lang='grc' dir='ltr'>τῆς</span> 
     </span>
    </p>
   </div>
   <div class='ocr_carea' id='block_1_89' title="bbox 2119 3779 3770 3858">
    <p class='ocr_par' dir='ltr' id='par_1_89' title="bbox 2119 3779 3770 3858">
     <span class='ocr_line' id='line_1_89' title="bbox 2119 3779 3770 3858; baseline -0.003 -18"><span class='ocrx_word' id='word_1_654' title='bbox 2119 3785 2342 3846; x_wconf 78' lang='grc' dir='ltr'>κτίσεως</span> <span class='ocrx_word' id='word_1_655' title='bbox 2398 3781 2563 3854; x_wconf 79' lang='grc' dir='ltr'>δεῖξαι</span> <span class='ocrx_word' id='word_1_656' title='bbox 2623 3784 2717 3845; x_wconf 70' lang='grc' dir='ltr'>τὰς</span> <span class='ocrx_word' id='word_1_657' title='bbox 2783 3781 3057 3858; x_wconf 87' lang='grc' dir='ltr'>βασιλείας</span> <span class='ocrx_word' id='word_1_658' title='bbox 3098 3788 3198 3851; x_wconf 87' lang='grc' dir='ltr'>τῆς</span> <span class='ocrx_word' id='word_1_659' title='bbox 3240 3789 3340 3858; x_wconf 81' lang='grc' dir='ltr'>γῆς</span> <span class='ocrx_word' id='word_1_660' title='bbox 3391 3785 3525 3855; x_wconf 89' lang='grc'>(18),</span> <span class='ocrx_word' id='word_1_661' title='bbox 3573 3781 3660 3835; x_wconf 84' lang='grc' dir='ltr'>καὶ</span> <span class='ocrx_word' id='word_1_662' title='bbox 3696 3779 3770 3836; x_wconf 74' lang='grc' dir='ltr'>εἲ-</span> 
     </span>
    </p>
   </div>
   <div class='ocr_carea' id='block_1_90' title="bbox 2120 3869 3771 3946">
    <p class='ocr_par' dir='ltr' id='par_1_90' title="bbox 2120 3869 3771 3946">
     <span class='ocr_line' id='line_1_90' title="bbox 2120 3869 3771 3946; baseline -0.004 -17"><span class='ocrx_word' id='word_1_663' title='bbox 2120 3881 2262 3944; x_wconf 86' lang='grc' dir='ltr'>πεῖν,</span> <span class='ocrx_word' id='word_1_664' title='bbox 2321 3873 2402 3929; x_wconf 81' lang='grc' dir='ltr'>ὅτι</span> <span class='ocrx_word' id='word_1_665' title='bbox 2459 3874 2632 3928; x_wconf 76' lang='grc' dir='ltr'>Ταῦτα</span> <span class='ocrx_word' id='word_1_666' title='bbox 2690 3875 2863 3928; x_wconf 85' lang='grc' dir='ltr'>πάντα</span> <span class='ocrx_word' id='word_1_667' title='bbox 2911 3872 3017 3946; x_wconf 77' lang='grc' dir='ltr'>ἐμά</span> <span class='ocrx_word' id='word_1_668' title='bbox 3073 3871 3205 3928; x_wconf 77' lang='grc' dir='ltr'>ἰστι·</span> <span class='ocrx_word' id='word_1_669' title='bbox 3261 3875 3352 3926; x_wconf 78' lang='grc' dir='ltr'>νῦν</span> <span class='ocrx_word' id='word_1_670' title='bbox 3405 3869 3496 3926; x_wconf 77' lang='grc' dir='ltr'>οὖν</span> <span class='ocrx_word' id='word_1_671' title='bbox 3547 3869 3634 3925; x_wconf 72' lang='grc' dir='ltr'>ἐὰν</span> <span class='ocrx_word' id='word_1_672' title='bbox 3675 3889 3771 3924; x_wconf 91' lang='grc' dir='ltr'>πε-</span> 
     </span>
    </p>
   </div>
   <div class='ocr_carea' id='block_1_91' title="bbox 2121 3959 3770 4041">
    <p class='ocr_par' dir='ltr' id='par_1_91' title="bbox 2121 3959 3770 4041">
     <span class='ocr_line' id='line_1_91' title="bbox 2121 3959 3770 4041; baseline -0.004 -21"><span class='ocrx_word' id='word_1_673' title='bbox 2121 3967 2226 4020; x_wconf 85' lang='grc' dir='ltr'>σὼν</span> <span class='ocrx_word' id='word_1_674' title='bbox 2259 3966 2645 4041; x_wconf 74' lang='grc' dir='ltr'>προσκυνήσῃς</span> <span class='ocrx_word' id='word_1_675' title='bbox 2682 3984 2798 4035; x_wconf 87' lang='grc' dir='ltr'>μοι,</span> <span class='ocrx_word' id='word_1_676' title='bbox 2833 3964 2915 4018; x_wconf 81' lang='grc' dir='ltr'>σοὶ</span> <span class='ocrx_word' id='word_1_677' title='bbox 2965 3960 3146 4019; x_wconf 87' lang='grc' dir='ltr'>δώσω.</span> <span class='ocrx_word' id='word_1_678' title='bbox 3197 3963 3356 4038; x_wconf 78' lang='grc' dir='ltr'>Τάχα</span> <span class='ocrx_word' id='word_1_679' title='bbox 3405 3959 3496 4016; x_wconf 81' lang='grc' dir='ltr'>οὖν</span> <span class='ocrx_word' id='word_1_680' title='bbox 3546 3960 3638 4015; x_wconf 87' lang='grc' dir='ltr'>τὸν</span> <span class='ocrx_word' id='word_1_681' title='bbox 3675 3961 3770 4035; x_wconf 83' lang='grc' dir='ltr'>βα-</span> 
     </span>
    </p>
   </div>
   <div class='ocr_carea' id='block_1_92' title="bbox 2122 4048 3770 4129">
    <p class='ocr_par' dir='ltr' id='par_1_92' title="bbox 2122 4048 3770 4129">
     <span class='ocr_line' id='line_1_92' title="bbox 2122 4048 3770 4129; baseline -0.004 -19"><span class='ocrx_word' id='word_1_682' title='bbox 2122 4053 2275 4110; x_wconf 82' lang='grc' dir='ltr'>σιλέα</span> <span class='ocrx_word' id='word_1_683' title='bbox 2303 4059 2410 4109; x_wconf 81' lang='grc' dir='ltr'>τῶν</span> <span class='ocrx_word' id='word_1_684' title='bbox 2453 4052 2774 4125; x_wconf 79' lang='grc' dir='ltr'>Ἀσσυρίων,</span> <span class='ocrx_word' id='word_1_685' title='bbox 2820 4052 2910 4107; x_wconf 90' lang='grc' dir='ltr'>τὸν</span> <span class='ocrx_word' id='word_1_686' title='bbox 2963 4052 3204 4129; x_wconf 79' lang='grc' dir='ltr'>ἄρχοντα</span> <span class='ocrx_word' id='word_1_687' title='bbox 3249 4054 3345 4106; x_wconf 76' lang='grc' dir='ltr'>τοῦ</span> <span class='ocrx_word' id='word_1_688' title='bbox 3394 4050 3591 4112; x_wconf 72' lang='grc' dir='ltr'>αἰῶνος</span> <span class='ocrx_word' id='word_1_689' title='bbox 3643 4048 3770 4105; x_wconf 78' lang='grc' dir='ltr'>τοὺ-</span> 
     </span>
    </p>
   </div>
   <div class='ocr_carea' id='block_1_93' title="bbox 2119 4136 3778 4217">
    <p class='ocr_par' dir='ltr' id='par_1_93' title="bbox 2119 4136 3778 4217">
     <span class='ocr_line' id='line_1_93' title="bbox 2119 4136 3778 4217; baseline -0.003 -18"><span class='ocrx_word' id='word_1_690' title='bbox 2119 4165 2236 4213; x_wconf 89' lang='grc' dir='ltr'>του,</span> <span class='ocrx_word' id='word_1_691' title='bbox 2289 4144 2317 4198; x_wconf 88' lang='lat'>6</span> <span class='ocrx_word' id='word_1_692' title='bbox 2364 4141 2526 4216; x_wconf 84' lang='grc' dir='ltr'>λόγος</span> <span class='ocrx_word' id='word_1_693' title='bbox 2570 4141 2878 4199; x_wconf 82' lang='grc' dir='ltr'>αἰνίττεται,</span> <span class='ocrx_word' id='word_1_694' title='bbox 2923 4142 3021 4196; x_wconf 84' lang='grc' dir='ltr'>Καὶ</span> <span class='ocrx_word' id='word_1_695' title='bbox 3069 4142 3169 4217; x_wconf 80' lang='grc' dir='ltr'>γὰρ</span> <span class='ocrx_word' id='word_1_696' title='bbox 3220 4142 3248 4196; x_wconf 92' lang='lat'>6</span> <span class='ocrx_word' id='word_1_697' title='bbox 3289 4139 3484 4216; x_wconf 79' lang='grc' dir='ltr'>Κύριος</span> <span class='ocrx_word' id='word_1_698' title='bbox 3529 4136 3778 4216; x_wconf 80' lang='grc' dir='ltr'>ἄρχοντα</span> 
     </span>
    </p>
   </div>
   <div class='ocr_carea' id='block_1_94' title="bbox 2121 4226 3775 4306">
    <p class='ocr_par' dir='ltr' id='par_1_94' title="bbox 2121 4226 3775 4306">
     <span class='ocr_line' id='line_1_94' title="bbox 2121 4226 3775 4306; baseline -0.003 -19"><span class='ocrx_word' id='word_1_699' title='bbox 2121 4233 2381 4305; x_wconf 80' lang='grc' dir='ltr'>ἀνομάζει</span> <span class='ocrx_word' id='word_1_700' title='bbox 2429 4235 2526 4286; x_wconf 83' lang='grc' dir='ltr'>τοῦ</span> <span class='ocrx_word' id='word_1_701' title='bbox 2578 4230 2776 4294; x_wconf 71' lang='grc' dir='ltr'>αἰῶνος</span> <span class='ocrx_word' id='word_1_702' title='bbox 2822 4230 3038 4299; x_wconf 75' lang='grc' dir='ltr'>τούτου,</span> <span class='ocrx_word' id='word_1_703' title='bbox 3102 4229 3296 4306; x_wconf 67' lang='grc' dir='ltr'>λὲγων·</span> <span class='ocrx_word' id='word_1_704' title='bbox 3346 4230 3456 4286; x_wconf 79' lang='grc' dir='ltr'>Νὖν</span> <span class='ocrx_word' id='word_1_705' title='bbox 3506 4230 3534 4285; x_wconf 91' lang='lat'>6</span> <span class='ocrx_word' id='word_1_706' title='bbox 3585 4226 3775 4304; x_wconf 79' lang='grc' dir='ltr'>ἄρχων</span> 
     </span>
    </p>
   </div>
   <div class='ocr_carea' id='block_1_95' title="bbox 2121 4314 3776 4396">
    <p class='ocr_par' dir='ltr' id='par_1_95' title="bbox 2121 4314 3776 4396">
     <span class='ocr_line' id='line_1_95' title="bbox 2121 4314 3776 4396; baseline -0.002 -20"><span class='ocrx_word' id='word_1_707' title='bbox 2121 4327 2216 4376; x_wconf 74' lang='grc' dir='ltr'>τοῦ</span> <span class='ocrx_word' id='word_1_708' title='bbox 2246 4321 2458 4392; x_wconf 87' lang='grc' dir='ltr'>κόσμου</span> <span class='ocrx_word' id='word_1_709' title='bbox 2513 4319 2710 4376; x_wconf 69' lang='grc' dir='ltr'>τούτου</span> <span class='ocrx_word' id='word_1_710' title='bbox 2769 4319 3103 4396; x_wconf 75' lang='grc' dir='ltr'>βληθήσεται</span> <span class='ocrx_word' id='word_1_711' title='bbox 3152 4314 3273 4394; x_wconf 71' lang='grc' dir='ltr'>ἔξω.</span> <span class='ocrx_word' id='word_1_712' title='bbox 3327 4319 3423 4374; x_wconf 81' lang='grc' dir='ltr'>Καὶ</span> <span class='ocrx_word' id='word_1_713' title='bbox 3486 4319 3600 4392; x_wconf 82' lang='grc' dir='ltr'>μετ’</span> <span class='ocrx_word' id='word_1_714' title='bbox 3659 4317 3776 4373; x_wconf 73' lang='grc' dir='ltr'>ὀλίο</span> 
     </span>
    </p>
   </div>
   <div class='ocr_carea' id='block_1_96' title="bbox 2122 4408 3774 4487">
    <p class='ocr_par' dir='ltr' id='par_1_96' title="bbox 2122 4408 3774 4487">
     <span class='ocr_line' id='line_1_96' title="bbox 2122 4408 3774 4487; baseline -0.001 -21"><span class='ocrx_word' id='word_1_715' title='bbox 2122 4433 2236 4487; x_wconf 88' lang='grc' dir='ltr'>γα·</span> <span class='ocrx_word' id='word_1_716' title='bbox 2299 4411 2493 4470; x_wconf 67' lang='grc' dir='ltr'>Οὐκίτι</span> <span class='ocrx_word' id='word_1_717' title='bbox 2555 4409 2742 4466; x_wconf 82' lang='grc' dir='ltr'>πολλὰ</span> <span class='ocrx_word' id='word_1_718' title='bbox 2815 4408 3046 4482; x_wconf 79' lang='grc' dir='ltr'>λαλήσω</span> <span class='ocrx_word' id='word_1_719' title='bbox 3123 4413 3240 4486; x_wconf 84' lang='grc' dir='ltr'>μεθ’</span> <span class='ocrx_word' id='word_1_720' title='bbox 3316 4412 3516 4485; x_wconf 82' lang='grc' dir='ltr'>ὑμῶν·</span> <span class='ocrx_word' id='word_1_721' title='bbox 3575 4411 3774 4486; x_wconf 80' lang='grc' dir='ltr'>Ἔρχε-</span> 
     </span>
    </p>
   </div>
   <div class='ocr_carea' id='block_1_97' title="bbox 2123 4495 3775 4575">
    <p class='ocr_par' dir='ltr' id='par_1_97' title="bbox 2123 4495 3775 4575">
     <span class='ocr_line' id='line_1_97' title="bbox 2123 4495 3775 4575; baseline -0.001 -21"><span class='ocrx_word' id='word_1_722' title='bbox 2123 4520 2208 4554; x_wconf 89' lang='grc' dir='ltr'>ται</span> <span class='ocrx_word' id='word_1_723' title='bbox 2264 4500 2368 4575; x_wconf 82' lang='grc' dir='ltr'>γὰρ</span> <span class='ocrx_word' id='word_1_724' title='bbox 2429 4501 2456 4553; x_wconf 93' lang='lat'>6</span> <span class='ocrx_word' id='word_1_725' title='bbox 2511 4503 2607 4554; x_wconf 80' lang='grc' dir='ltr'>τοῦ</span> <span class='ocrx_word' id='word_1_726' title='bbox 2655 4499 2867 4571; x_wconf 90' lang='grc' dir='ltr'>κόσμου</span> <span class='ocrx_word' id='word_1_727' title='bbox 2926 4495 3111 4574; x_wconf 76' lang='grc' dir='ltr'>ἄρχων</span> <span class='ocrx_word' id='word_1_728' title='bbox 3147 4546 3160 4572; x_wconf 87' lang='grc'>,</span> <span class='ocrx_word' id='word_1_729' title='bbox 3219 4498 3310 4554; x_wconf 90' lang='grc' dir='ltr'>καὶ</span> <span class='ocrx_word' id='word_1_730' title='bbox 3378 4496 3430 4554; x_wconf 81' lang='grc' dir='ltr'>ἐν</span> <span class='ocrx_word' id='word_1_731' title='bbox 3497 4497 3622 4572; x_wconf 81' lang='grc' dir='ltr'>ἐμοὶ</span> <span class='ocrx_word' id='word_1_732' title='bbox 3679 4497 3775 4552; x_wconf 76' lang='grc' dir='ltr'>οὐκ</span> 
     </span>
    </p>
   </div>
   <div class='ocr_carea' id='block_1_98' title="bbox 2124 4585 3771 4663">
    <p class='ocr_par' dir='ltr' id='par_1_98' title="bbox 2124 4585 3771 4663">
     <span class='ocr_line' id='line_1_98' title="bbox 2124 4585 3771 4663; baseline -0.002 -20"><span class='ocrx_word' id='word_1_733' title='bbox 2124 4587 2240 4663; x_wconf 76' lang='grc' dir='ltr'>ἔχει</span> <span class='ocrx_word' id='word_1_734' title='bbox 2274 4585 2450 4646; x_wconf 75' lang='grc' dir='ltr'>οὐδέν.</span> <span class='ocrx_word' id='word_1_735' title='bbox 2515 4585 2735 4656; x_wconf 86' lang='grc' dir='ltr'>Ἐπειδὴ</span> <span class='ocrx_word' id='word_1_736' title='bbox 2769 4586 2826 4642; x_wconf 70' lang='grc' dir='ltr'>δὲ</span> <span class='ocrx_word' id='word_1_737' title='bbox 2864 4585 3069 4644; x_wconf 87' lang='grc' dir='ltr'>πολλοὶ</span> <span class='ocrx_word' id='word_1_738' title='bbox 3118 4587 3398 4663; x_wconf 82' lang='grc' dir='ltr'>ἄρχοντες,</span> <span class='ocrx_word' id='word_1_739' title='bbox 3433 4589 3484 4642; x_wconf 80' lang='grc' dir='ltr'>οἱ</span> <span class='ocrx_word' id='word_1_740' title='bbox 3514 4587 3771 4661; x_wconf 75' lang='grc' dir='ltr'>ἐθνάρχαι</span> 
     </span>
    </p>
   </div>
   <div class='ocr_carea' id='block_1_99' title="bbox 2121 4675 3774 4753">
    <p class='ocr_par' dir='ltr' id='par_1_99' title="bbox 2121 4675 3774 4753">
     <span class='ocr_line' id='line_1_99' title="bbox 2121 4675 3774 4753; baseline -0.002 -22"><span class='ocrx_word' id='word_1_741' title='bbox 2121 4679 2284 4744; x_wconf 70' lang='grc' dir='ltr'>τινὲς,</span> <span class='ocrx_word' id='word_1_742' title='bbox 2343 4675 2750 4752; x_wconf 69' lang='grc' dir='ltr'>διατεταγμένοι</span> <span class='ocrx_word' id='word_1_743' title='bbox 2802 4678 2937 4752; x_wconf 89' lang='grc' dir='ltr'>πρὸς</span> <span class='ocrx_word' id='word_1_744' title='bbox 2995 4675 3244 4752; x_wconf 76' lang='grc' dir='ltr'>φυλακὴν</span> <span class='ocrx_word' id='word_1_745' title='bbox 3303 4676 3393 4732; x_wconf 88' lang='grc' dir='ltr'>καὶ</span> <span class='ocrx_word' id='word_1_746' title='bbox 3451 4675 3774 4753; x_wconf 87' lang='grc' dir='ltr'>διατήρησιν</span> 
     </span>
    </p>
   </div>
   <div class='ocr_carea' id='block_1_100' title="bbox 2123 4764 3781 4844">
    <p class='ocr_par' dir='ltr' id='par_1_100' title="bbox 2123 4764 3781 4844">
     <span class='ocr_line' id='line_1_100' title="bbox 2123 4764 3781 4844; baseline -0.001 -23"><span class='ocrx_word' id='word_1_747' title='bbox 2123 4771 2219 4822; x_wconf 78' lang='grc' dir='ltr'>τοῦ</span> <span class='ocrx_word' id='word_1_748' title='bbox 2253 4767 2339 4842; x_wconf 82' lang='grc' dir='ltr'>ὑφ’</span> <span class='ocrx_word' id='word_1_749' title='bbox 2385 4767 2588 4823; x_wconf 66' lang='grc' dir='ltr'>ἑαυτῶν</span> <span class='ocrx_word' id='word_1_750' title='bbox 2639 4766 2864 4822; x_wconf 71' lang='grc' dir='ltr'>ἑκάστου</span> <span class='ocrx_word' id='word_1_751' title='bbox 2909 4764 3115 4833; x_wconf 72' lang='grc' dir='ltr'>ἔθνους,</span> <span class='ocrx_word' id='word_1_752' title='bbox 3163 4767 3299 4821; x_wconf 89' lang='grc' dir='ltr'>καθά</span> <span class='ocrx_word' id='word_1_753' title='bbox 3347 4788 3508 4844; x_wconf 82' lang='grc' dir='ltr'>φησιν</span> <span class='ocrx_word' id='word_1_754' title='bbox 3555 4768 3584 4822; x_wconf 89' lang='grc' dir='ltr'>ὁ</span> <span class='ocrx_word' id='word_1_755' title='bbox 3616 4768 3781 4824; x_wconf 74' lang='grc' dir='ltr'>Μωυ-</span> 
     </span>
    </p>
   </div>
   <div class='ocr_carea' id='block_1_101' title="bbox 2123 4854 3779 4932">
    <p class='ocr_par' dir='ltr' id='par_1_101' title="bbox 2123 4854 3779 4932">
     <span class='ocr_line' id='line_1_101' title="bbox 2123 4854 3779 4932; baseline -0.001 -20"><span class='ocrx_word' id='word_1_756' title='bbox 2123 4859 2222 4928; x_wconf 75' lang='grc' dir='ltr'>τῆς</span> <span class='ocrx_word' id='word_1_757' title='bbox 2280 4857 2330 4914; x_wconf 73' lang='grc' dir='ltr'>ἰν</span> <span class='ocrx_word' id='word_1_758' title='bbox 2389 4861 2458 4932; x_wconf 77' lang='grc' dir='ltr'>τῇ</span> <span class='ocrx_word' id='word_1_759' title='bbox 2711 4859 2838 4915; x_wconf 85' lang='grc' dir='ltr'>Ὅτε</span> <span class='ocrx_word' id='word_1_760' title='bbox 2897 4854 3197 4932; x_wconf 76' lang='grc' dir='ltr'>διεμὲριζεν</span> <span class='ocrx_word' id='word_1_761' title='bbox 3252 4857 3282 4911; x_wconf 90' lang='lat'>6</span> <span class='ocrx_word' id='word_1_762' title='bbox 3338 4858 3594 4932; x_wconf 87' lang='grc' dir='ltr'>Ὕψιστος</span> <span class='ocrx_word' id='word_1_763' title='bbox 3625 4854 3779 4930; x_wconf 70' lang='grc' dir='ltr'>ἔθνη,</span> 
     </span>
    </p>
   </div>
   <div class='ocr_carea' id='block_1_102' title="bbox 429 5022 2005 5100">
    <p class='ocr_par' dir='ltr' id='par_1_102' title="bbox 429 5022 2005 5097">
     <span class='ocr_line' id='line_1_102' title="bbox 429 5022 2005 5097; baseline 0.005 -20"><span class='ocrx_word' id='word_1_764' title='bbox 429 5025 474 5060; x_wconf 74' lang='grc' dir='ltr'><strong>⁸ο</strong></span> <span class='ocrx_word' id='word_1_765' title='bbox 503 5022 582 5078; x_wconf 84' lang='grc' dir='ltr'>ιν</span> <span class='ocrx_word' id='word_1_766' title='bbox 613 5023 754 5097; x_wconf 81' lang='lat' dir='ltr'>Reg.</span> <span class='ocrx_word' id='word_1_767' title='bbox 790 5041 956 5097; x_wconf 83' lang='lat' dir='ltr'>xvm,</span> <span class='ocrx_word' id='word_1_768' title='bbox 987 5024 1056 5080; x_wconf 89' lang='grc'>13</span> <span class='ocrx_word' id='word_1_769' title='bbox 1085 5040 1218 5097; x_wconf 88' lang='lat' dir='ltr'>sqq.</span> <span class='ocrx_word' id='word_1_770' title='bbox 1293 5024 1338 5060; x_wconf 74' lang='lat'>7°</span> <span class='ocrx_word' id='word_1_771' title='bbox 1367 5025 1478 5082; x_wconf 90' lang='lat' dir='ltr'>Job</span> <span class='ocrx_word' id='word_1_772' title='bbox 1508 5042 1572 5093; x_wconf 80' lang='grc' dir='ltr'>ιι,</span> <span class='ocrx_word' id='word_1_773' title='bbox 1596 5029 1648 5081; x_wconf 91' lang='lat'>2.</span> <span class='ocrx_word' id='word_1_774' title='bbox 1727 5027 1772 5064; x_wconf 77' lang='grc' dir='ltr'>’τί</span> <span class='ocrx_word' id='word_1_775' title='bbox 1802 5026 2005 5085; x_wconf 86' lang='lat' dir='ltr'>Matth.</span> 
     </span>
    </p>
   </div>
   <div class='ocr_carea' id='block_1_103' title="bbox 2117 5022 3365 5100">
    <p class='ocr_par' dir='ltr' id='par_1_103' title="bbox 2117 5027 3365 5099">
     <span class='ocr_line' id='line_1_103' title="bbox 2117 5027 3365 5099; baseline -0.002 -13"><span class='ocrx_word' id='word_1_776' title='bbox 2117 5076 2120 5094; x_wconf 87' lang='lat'>.</span> <span class='ocrx_word' id='word_1_777' title='bbox 2148 5030 2202 5086; x_wconf 91' lang='lat'>8.</span> <span class='ocrx_word' id='word_1_778' title='bbox 2282 5029 2328 5064; x_wconf 70' lang='grc'>⁷³</span> <span class='ocrx_word' id='word_1_779' title='bbox 2357 5027 2528 5086; x_wconf 86' lang='lat' dir='ltr'>Joan.</span> <span class='ocrx_word' id='word_1_780' title='bbox 2555 5045 2656 5098; x_wconf 81' lang='lat' dir='ltr'>xu,</span> <span class='ocrx_word' id='word_1_781' title='bbox 2687 5029 2777 5085; x_wconf 89' lang='grc'>31.</span> <span class='ocrx_word' id='word_1_782' title='bbox 2854 5028 2898 5064; x_wconf 76' lang='grc'>⁷³</span> <span class='ocrx_word' id='word_1_783' title='bbox 2924 5027 3095 5086; x_wconf 86' lang='lat' dir='ltr'>Joan.</span> <span class='ocrx_word' id='word_1_784' title='bbox 3127 5045 3242 5099; x_wconf 70' lang='lat' dir='ltr'>xxv,</span> <span class='ocrx_word' id='word_1_785' title='bbox 3274 5029 3365 5084; x_wconf 91' lang='lat'>30.</span> 
     </span>
    </p>
   </div>
   <div class='ocr_carea' id='block_1_104' title="bbox 428 5183 2007 5266">
    <p class='ocr_par' dir='ltr' id='par_1_104' title="bbox 428 5183 2007 5266">
     <span class='ocr_line' id='line_1_104' title="bbox 428 5183 2007 5266; baseline 0.003 -27"><span class='ocrx_word' id='word_1_786' title='bbox 428 5185 549 5266; x_wconf 91' lang='grc'>(13)</span> <span class='ocrx_word' id='word_1_787' title='bbox 574 5185 744 5266; x_wconf 53' lang='lat' dir='ltr'>Editi,</span> <span class='ocrx_word' id='word_1_788' title='bbox 776 5186 844 5258; x_wconf 81' lang='grc' dir='ltr'>τῇ</span> <span class='ocrx_word' id='word_1_789' title='bbox 878 5183 1116 5266; x_wconf 40' lang='lat' dir='ltr'>iuuaret?)</span> <span class='ocrx_word' id='word_1_790' title='bbox 1145 5185 1314 5266; x_wconf 26' lang='grc' dir='ltr'>χειρί..</span> <span class='ocrx_word' id='word_1_791' title='bbox 1353 5187 1515 5266; x_wconf 77' lang='lat' dir='ltr'>Unus</span> <span class='ocrx_word' id='word_1_792' title='bbox 1543 5190 1826 5262; x_wconf 75' lang='grc' dir='ltr'>εοᾱοι,τῇ</span> <span class='ocrx_word' id='word_1_793' title='bbox 1857 5189 2007 5266; x_wconf 88' lang='grc' dir='ltr'>χειρί</span> 
     </span>
    </p>
   </div>
   <div class='ocr_carea' id='block_1_105' title="bbox 363 5256 1536 5350">
    <p class='ocr_par' dir='ltr' id='par_1_105' title="bbox 363 5256 1536 5350">
     <span class='ocr_line' id='line_1_105' title="bbox 363 5256 1536 5350; baseline 0.004 -40"><span class='ocrx_word' id='word_1_794' title='bbox 363 5277 511 5350; x_wconf 49' lang='lat' dir='ltr'>{AO/0;,</span> <span class='ocrx_word' id='word_1_795' title='bbox 655 5256 1210 5350; x_wconf 38' lang='lat' dir='ltr'>‘mssrsimplicit‘e‘r,</span> <span class='ocrx_word' id='word_1_796' title='bbox 1369 5259 1536 5350; x_wconf 49' lang='grc' dir='ltr'>χειρί.</span> 
     </span>
    </p>
   </div>
   <div class='ocr_carea' id='block_1_106' title="bbox 430 5329 2010 5402">
    <p class='ocr_par' dir='ltr' id='par_1_106' title="bbox 430 5329 2010 5402">
     <span class='ocr_line' id='line_1_106' title="bbox 430 5329 2010 5402; baseline 0.004 -18"><span class='ocrx_word' id='word_1_797' title='bbox 430 5330 545 5400; x_wconf 72' lang='grc'>(14)</span> <span class='ocrx_word' id='word_1_798' title='bbox 568 5329 803 5385; x_wconf 86' lang='lat' dir='ltr'>Veteres</span> <span class='ocrx_word' id='word_1_799' title='bbox 834 5329 1096 5402; x_wconf 83' lang='lat' dir='ltr'>quinque</span> <span class='ocrx_word' id='word_1_800' title='bbox 1129 5329 1294 5400; x_wconf 69' lang='lat' dir='ltr'>libri,</span> <span class='ocrx_word' id='word_1_801' title='bbox 1335 5329 1518 5390; x_wconf 72' lang='grc' dir='ltr'>αὑτοῦ.</span> <span class='ocrx_word' id='word_1_802' title='bbox 1575 5332 1728 5388; x_wconf 91' lang='lat' dir='ltr'>Editi</span> <span class='ocrx_word' id='word_1_803' title='bbox 1773 5350 1907 5389; x_wconf 87' lang='lat' dir='ltr'>vero</span> <span class='ocrx_word' id='word_1_804' title='bbox 1955 5339 2010 5390; x_wconf 88' lang='lat' dir='ltr'>et</span> 
     </span>
    </p>
   </div>
   <div class='ocr_carea' id='block_1_107' title="bbox 361 5399 2009 5478">
    <p class='ocr_par' dir='ltr' id='par_1_107' title="bbox 361 5399 2009 5478">
     <span class='ocr_line' id='line_1_107' title="bbox 361 5399 2009 5478; baseline 0.002 -23"><span class='ocrx_word' id='word_1_805' title='bbox 361 5399 516 5478; x_wconf 40' lang='lat' dir='ltr'>Reg.“</span> <span class='ocrx_word' id='word_1_806' title='bbox 556 5399 870 5464; x_wconf 57' lang='lat' dir='ltr'>secundus;</span> <span class='ocrx_word' id='word_1_807' title='bbox 931 5399 1120 5456; x_wconf 57' lang='lat' dir='ltr'>suam;</span> <span class='ocrx_word' id='word_1_808' title='bbox 1171 5404 1482 5478; x_wconf 81' lang='lat' dir='ltr'>Aliquanto</span> <span class='ocrx_word' id='word_1_809' title='bbox 1527 5411 1660 5478; x_wconf 83' lang='lat' dir='ltr'>post</span> <span class='ocrx_word' id='word_1_810' title='bbox 1709 5405 1870 5473; x_wconf 89' lang='lat' dir='ltr'>editi,</span> <span class='ocrx_word' id='word_1_811' title='bbox 1921 5404 2009 5458; x_wconf 83' lang='grc' dir='ltr'>καὶ</span> 
     </span>
    </p>
   </div>
   <div class='ocr_carea' id='block_1_108' title="bbox 361 5468 2010 5544">
    <p class='ocr_par' dir='ltr' id='par_1_108' title="bbox 361 5468 2010 5544">
     <span class='ocr_line' id='line_1_108' title="bbox 361 5468 2010 5544; baseline 0.005 -19"><span class='ocrx_word' id='word_1_812' title='bbox 361 5468 657 5528; x_wconf 49' lang='grc' dir='ltr'>οὐκέσται.</span> <span class='ocrx_word' id='word_1_813' title='bbox 707 5479 782 5527; x_wconf 82' lang='lat' dir='ltr'>At</span> <span class='ocrx_word' id='word_1_814' title='bbox 816 5490 967 5544; x_wconf 15' lang='lat' dir='ltr'>imss.</span> <span class='ocrx_word' id='word_1_815' title='bbox 1021 5492 1246 5544; x_wconf 90' lang='lat' dir='ltr'>omnes,</span> <span class='ocrx_word' id='word_1_816' title='bbox 1275 5468 1382 5530; x_wconf 60' lang='grc' dir='ltr'>’καὶ</span> <span class='ocrx_word' id='word_1_817' title='bbox 1431 5468 1543 5530; x_wconf 61' lang='grc' dir='ltr'>οὐχ’</span> <span class='ocrx_word' id='word_1_818' title='bbox 1578 5473 1740 5534; x_wconf 70' lang='grc' dir='ltr'>ἔστιν.</span> <span class='ocrx_word' id='word_1_819' title='bbox 1787 5468 2010 5534; x_wconf 88' lang='lat' dir='ltr'>Ibidem</span> 
     </span>
    </p>
   </div>
   <div class='ocr_carea' id='block_1_109' title="bbox 370 5543 1067 5617">
    <p class='ocr_par' dir='ltr' id='par_1_109' title="bbox 370 5543 1067 5617">
     <span class='ocr_line' id='line_1_109' title="bbox 370 5543 1067 5617; baseline 0.001 -16"><span class='ocrx_word' id='word_1_820' title='bbox 370 5545 512 5616; x_wconf 86' lang='lat' dir='ltr'>Reg.</span> <span class='ocrx_word' id='word_1_821' title='bbox 547 5544 774 5617; x_wconf 88' lang='lat' dir='ltr'>primus</span> <span class='ocrx_word' id='word_1_822' title='bbox 803 5543 1067 5602; x_wconf 80' lang='grc' dir='ltr'>ἀντείποι.</span> 
     </span>
    </p>
   </div>
   <div class='ocr_carea' id='block_1_110' title="bbox 426 5618 1448 5690">
    <p class='ocr_par' dir='ltr' id='par_1_110' title="bbox 426 5618 1448 5690">
     <span class='ocr_line' id='line_1_110' title="bbox 426 5618 1448 5690; baseline 0.004 -18"><span class='ocrx_word' id='word_1_823' title='bbox 426 5619 538 5687; x_wconf 87' lang='grc'>(15)</span> <span class='ocrx_word' id='word_1_824' title='bbox 569 5618 661 5674; x_wconf 87' lang='lat' dir='ltr'>Sic</span> <span class='ocrx_word' id='word_1_825' title='bbox 693 5634 835 5672; x_wconf 82' lang='lat' dir='ltr'>mss.</span> <span class='ocrx_word' id='word_1_826' title='bbox 870 5624 941 5674; x_wconf 83' lang='lat' dir='ltr'>At</span> <span class='ocrx_word' id='word_1_827' title='bbox 971 5619 1131 5690; x_wconf 86' lang='lat' dir='ltr'>editi,</span> <span class='ocrx_word' id='word_1_828' title='bbox 1174 5618 1448 5678; x_wconf 86' lang='grc' dir='ltr'>νεοττίων.</span> 
     </span>
    </p>
   </div>
   <div class='ocr_carea' id='block_1_111' title="bbox 435 5691 2011 5768">
    <p class='ocr_par' dir='ltr' id='par_1_111' title="bbox 435 5691 2011 5768">
     <span class='ocr_line' id='line_1_111' title="bbox 435 5691 2011 5768; baseline 0.003 -24"><span class='ocrx_word' id='word_1_829' title='bbox 435 5691 543 5762; x_wconf 81' lang='grc'>(16)</span> <span class='ocrx_word' id='word_1_830' title='bbox 613 5694 850 5750; x_wconf 78' lang='lat' dir='ltr'>Veteres</span> <span class='ocrx_word' id='word_1_831' title='bbox 919 5695 1172 5763; x_wconf 82' lang='lat' dir='ltr'>quatuor</span> <span class='ocrx_word' id='word_1_832' title='bbox 1245 5693 1402 5768; x_wconf 85' lang='lat' dir='ltr'>libri,</span> <span class='ocrx_word' id='word_1_833' title='bbox 1484 5693 2011 5764; x_wconf 82' lang='grc' dir='ltr'>συναποστατήσαντι</span> 
     </span>
    </p>
   </div>
   <div class='ocr_carea' id='block_1_112' title="bbox 2118 5189 3785 5262">
    <p class='ocr_par' dir='ltr' id='par_1_112' title="bbox 2118 5189 3785 5262">
     <span class='ocr_line' id='line_1_112' title="bbox 2118 5189 3785 5262; baseline 0.002 -17"><span class='ocrx_word' id='word_1_834' title='bbox 2118 5190 2310 5260; x_wconf 68' lang='grc' dir='ltr'>ἑαυτῷ.</span> <span class='ocrx_word' id='word_1_835' title='bbox 2344 5191 2457 5246; x_wconf 85' lang='lat' dir='ltr'>Alii</span> <span class='ocrx_word' id='word_1_836' title='bbox 2487 5191 2603 5247; x_wconf 87' lang='lat' dir='ltr'>duo</span> <span class='ocrx_word' id='word_1_837' title='bbox 2635 5207 2770 5262; x_wconf 86' lang='lat' dir='ltr'>cum</span> <span class='ocrx_word' id='word_1_838' title='bbox 2804 5191 2995 5262; x_wconf 85' lang='lat' dir='ltr'>editis,</span> <span class='ocrx_word' id='word_1_839' title='bbox 3030 5192 3520 5261; x_wconf 87' lang='grc' dir='ltr'>συναποστήσαντι.</span> <span class='ocrx_word' id='word_1_840' title='bbox 3555 5189 3785 5262; x_wconf 78' lang='lat' dir='ltr'>Ibidem</span> 
     </span>
    </p>
   </div>
   <div class='ocr_carea' id='block_1_113' title="bbox 2119 5261 3786 5333">
    <p class='ocr_par' dir='ltr' id='par_1_113' title="bbox 2119 5261 3786 5333">
     <span class='ocr_line' id='line_1_113' title="bbox 2119 5261 3786 5333; baseline -0.001 -14"><span class='ocrx_word' id='word_1_841' title='bbox 2119 5281 2221 5319; x_wconf 80' lang='lat' dir='ltr'>sex</span> <span class='ocrx_word' id='word_1_842' title='bbox 2261 5280 2433 5331; x_wconf 88' lang='lat' dir='ltr'>mss.,</span> <span class='ocrx_word' id='word_1_843' title='bbox 2487 5261 3100 5332; x_wconf 78' lang='grc' dir='ltr'>συνεπακολουθήσαντα</span> <span class='ocrx_word' id='word_1_844' title='bbox 3149 5264 3324 5333; x_wconf 87' lang='lat' dir='ltr'>Editi,</span> <span class='ocrx_word' id='word_1_845' title='bbox 3375 5261 3786 5318; x_wconf 75' lang='grc' dir='ltr'>συναποκολουο</span> 
     </span>
    </p>
   </div>
   <div class='ocr_carea' id='block_1_114' title="bbox 2119 5335 3782 5409">
    <p class='ocr_par' dir='ltr' id='par_1_114' title="bbox 2119 5335 3782 5409">
     <span class='ocr_line' id='line_1_114' title="bbox 2119 5335 3782 5409; baseline 0.002 -21"><span class='ocrx_word' id='word_1_846' title='bbox 2119 5337 2376 5409; x_wconf 83' lang='grc' dir='ltr'>θήσαντα.</span> <span class='ocrx_word' id='word_1_847' title='bbox 2413 5336 2710 5409; x_wconf 88' lang='lat' dir='ltr'>Librarius</span> <span class='ocrx_word' id='word_1_848' title='bbox 2741 5337 2956 5409; x_wconf 88' lang='lat' dir='ltr'>aliquis</span> <span class='ocrx_word' id='word_1_849' title='bbox 2987 5336 3046 5390; x_wconf 88' lang='lat' dir='ltr'>in</span> <span class='ocrx_word' id='word_1_850' title='bbox 3074 5337 3344 5409; x_wconf 82' lang='lat' dir='ltr'>margine</span> <span class='ocrx_word' id='word_1_851' title='bbox 3369 5335 3533 5409; x_wconf 80' lang='lat' dir='ltr'>Regii</span> <span class='ocrx_word' id='word_1_852' title='bbox 3578 5337 3782 5409; x_wconf 88' lang='lat' dir='ltr'>quarti</span> 
     </span>
    </p>
   </div>
   <div class='ocr_carea' id='block_1_115' title="bbox 2119 5406 3782 5481">
    <p class='ocr_par' dir='ltr' id='par_1_115' title="bbox 2119 5406 3782 5481">
     <span class='ocr_line' id='line_1_115' title="bbox 2119 5406 3782 5481; baseline 0.002 -19"><span class='ocrx_word' id='word_1_853' title='bbox 2119 5408 2214 5481; x_wconf 70' lang='lat' dir='ltr'>ita</span> <span class='ocrx_word' id='word_1_854' title='bbox 2232 5410 2518 5473; x_wconf 88' lang='lat' dir='ltr'>scribens,</span> <span class='ocrx_word' id='word_1_855' title='bbox 2551 5406 2674 5481; x_wconf 85' lang='grc' dir='ltr'>περὶ</span> <span class='ocrx_word' id='word_1_856' title='bbox 2704 5410 2800 5461; x_wconf 76' lang='grc' dir='ltr'>τοῦ</span> <span class='ocrx_word' id='word_1_857' title='bbox 2833 5406 3239 5481; x_wconf 73' lang='grc' dir='ltr'>Ἀντιχρίστου,</span> <span class='ocrx_word' id='word_1_858' title='bbox 3273 5409 3383 5464; x_wconf 91' lang='lat' dir='ltr'>hoc</span> <span class='ocrx_word' id='word_1_859' title='bbox 3415 5406 3540 5465; x_wconf 62' lang='lat' dir='ltr'>loco</span> <span class='ocrx_word' id='word_1_860' title='bbox 3558 5406 3629 5465; x_wconf 80' lang='lat' dir='ltr'>de</span> <span class='ocrx_word' id='word_1_861' title='bbox 3653 5413 3782 5466; x_wconf 80' lang='lat' dir='ltr'>An-</span> 
     </span>
    </p>
   </div>
   <div class='ocr_carea' id='block_1_116' title="bbox 2123 5479 3277 5537">
    <p class='ocr_par' dir='ltr' id='par_1_116' title="bbox 2123 5479 3277 5537">
     <span class='ocr_line' id='line_1_116' title="bbox 2123 5479 3277 5537; baseline 0.001 -2"><span class='ocrx_word' id='word_1_862' title='bbox 2123 5479 2391 5535; x_wconf 88' lang='lat' dir='ltr'>tichristo</span> <span class='ocrx_word' id='word_1_863' title='bbox 2422 5479 2754 5536; x_wconf 84' lang='lat' dir='ltr'>sermonem</span> <span class='ocrx_word' id='word_1_864' title='bbox 2787 5495 2918 5535; x_wconf 90' lang='lat' dir='ltr'>esse</span> <span class='ocrx_word' id='word_1_865' title='bbox 2948 5479 3277 5537; x_wconf 79' lang='lat' dir='ltr'>admonuit.</span> 
     </span>
    </p>
   </div>
   <div class='ocr_carea' id='block_1_117' title="bbox 2191 5551 3347 5632">
    <p class='ocr_par' dir='ltr' id='par_1_117' title="bbox 2191 5551 3347 5632">
     <span class='ocr_line' id='line_1_117' title="bbox 2191 5551 3347 5632; baseline 0.002 -27"><span class='ocrx_word' id='word_1_866' title='bbox 2339 5553 2432 5632; x_wconf 70' lang='lat' dir='ltr'>Sic</span> <span class='ocrx_word' id='word_1_867' title='bbox 2457 5570 2620 5632; x_wconf 81' lang='lat' dir='ltr'>_mss._</span> <span class='ocrx_word' id='word_1_868' title='bbox 2646 5551 2978 5632; x_wconf 77' lang='lat' dir='ltr'>Editi_ver0_,</span> <span class='ocrx_word' id='word_1_869' title='bbox 3005 5553 3347 5632; x_wconf 56' lang='grc' dir='ltr'>ποιήσεσθαι.</span> 
     </span>
    </p>
   </div>
   <div class='ocr_carea' id='block_1_118' title="bbox 2196 5620 3785 5697">
    <p class='ocr_par' dir='ltr' id='par_1_118' title="bbox 2196 5620 3785 5697">
     <span class='ocr_line' id='line_1_118' title="bbox 2196 5620 3785 5697; baseline 0.003 -22"><span class='ocrx_word' id='word_1_870' title='bbox 2196 5620 2304 5697; x_wconf 71' lang='grc'>(18)</span> <span class='ocrx_word' id='word_1_871' title='bbox 2337 5624 2574 5697; x_wconf 76' lang='lat' dir='ltr'>Antiqui</span> <span class='ocrx_word' id='word_1_872' title='bbox 2609 5629 2726 5697; x_wconf 87' lang='lat' dir='ltr'>tres</span> <span class='ocrx_word' id='word_1_873' title='bbox 2759 5624 2914 5697; x_wconf 79' lang='lat' dir='ltr'>libri,</span> <span class='ocrx_word' id='word_1_874' title='bbox 2948 5620 3319 5697; x_wconf 75' lang='grc' dir='ltr'>δεῖξαιπάσας</span> <span class='ocrx_word' id='word_1_875' title='bbox 3347 5621 3443 5683; x_wconf 80' lang='grc' dir='ltr'>τὰς</span> <span class='ocrx_word' id='word_1_876' title='bbox 3498 5620 3785 5694; x_wconf 80' lang='grc' dir='ltr'>βασιλείας</span> 
     </span>
    </p>
   </div>
   <div class='ocr_carea' id='block_1_119' title="bbox 2124 5692 3635 5774">
    <p class='ocr_par' dir='ltr' id='par_1_119' title="bbox 2124 5692 3635 5774">
     <span class='ocr_line' id='line_1_119' title="bbox 2124 5692 3635 5774; baseline 0.003 -25"><span class='ocrx_word' id='word_1_877' title='bbox 2124 5692 2312 5754; x_wconf 78' lang='lat' dir='ltr'>Codex</span> <span class='ocrx_word' id='word_1_878' title='bbox 2343 5692 2520 5770; x_wconf 56' lang='lat' dir='ltr'>unus,</span> <span class='ocrx_word' id='word_1_879' title='bbox 2553 5692 2721 5768; x_wconf 76' lang='grc' dir='ltr'>δεῖξαι</span> <span class='ocrx_word' id='word_1_880' title='bbox 2744 5695 2838 5759; x_wconf 79' lang='grc' dir='ltr'>τὰς</span> <span class='ocrx_word' id='word_1_881' title='bbox 2872 5692 3148 5774; x_wconf 82' lang='grc' dir='ltr'>βασιλείας</span> <span class='ocrx_word' id='word_1_882' title='bbox 3176 5696 3358 5768; x_wconf 86' lang='grc' dir='ltr'>πάσης</span> <span class='ocrx_word' id='word_1_883' title='bbox 3383 5692 3635 5771; x_wconf 77' lang='grc' dir='ltr'>τῆςγῆς.</span> 
     </span>
    </p>
   </div>
  </div>
