4150 6382
307 361 421 421 541

1135 354 1541 415 COMMENT.
1588 355 1664 414 IN
1710 353 1980 414 ISAIAM
2028 353 2533 414 PROPHETAM.
2582 353 2751 414 CAP.
2800 354 2874 415 X.

3614 351 3732 412 543

301 491 379 554 ὡς
432 488 729 565 διέσπειρεν
790 485 941 549 υἱοὺς
975 505 989 518 '
1039 484 1203 560 Αδάμ
1237 529 1251 557 ,
1309 480 1529 556 ἔστησεν
1602 485 1728 560 ὃρια
1784 483 1951 548 ἐθνῶν

2089 490 2136 542 1t
2185 485 2450 556 singulas
2497 490 2699 560 gentes
2748 485 2859 543 sibi
2911 486 3210 558 subjectas
3269 484 3608 541 custodiant
3661 500 3730 541 ac

299 581 436 636 κατά
492 579 724 654 ἀριθμὸν
785 577 1028 653 ἀγγέλων
1090 581 1260 633 Θεοῦ.
1320 577 1424 632 Καὶ
1486 572 1653 630 πάλιν
1708 576 1736 629 6
1797 574 1960 630 Ἀπό-

302 667 499 732 στολός
556 689 710 746 φησι.
772 665 971 745 Σοφίαν
1039 663 1095 720 δὲ
1147 663 1448 739 λαλοῦμεν,
1491 663 1552 718 οὐ
1609 668 1706 718 τοῦ
1763 662 1960 725 αἰῶνος

297 757 534 827 τούτου,
599 754 725 811 οὐδὲ
779 761 890 810 τῶν
953 754 1238 830 ἀρχόντων
1313 758 1412 809 τοῦ
1466 753 1668 817 αἰῶνος
1724 752 1957 809 τούτου.

299 845 447 903 ἀλλά
525 843 805 919 λαλοῦμεν
880 849 1012 900 Θεοῦ
1067 843 1279 921 σοφίαν,
1339 842 1405 913 ἢν
1465 839 1647 904 οὐδεὶς
1699 846 1803 897 τῶν
1865 843 1959 917 ἀρ-

298 937 511 1013 χόντων
570 939 666 989 τοῦ
725 935 924 994 αἰῶνος
993 932 1190 986 τούτου
1249 931 1470 1008 ἔγνωκε.
1527 933 1625 986 Καὶ
1680 930 1847 986 πάλιν
1908 930 1957 985 ἐν

297 1030 378 1100 τῷ
408 1024 612 1094 Δανιὴλ
644 1021 831 1100 ἅρχων
877 1044 959 1084 τις
1011 1026 1249 1098 Περσῶν,
1301 1022 1388 1076 καὶ
1442 1020 1628 1098 ἄρχων
1672 1021 1958 1092 Ἑλλήνων

302 1115 740 1190 ἀναγὲγραπται.
823 1113 980 1187 Αὲγει
1038 1113 1140 1188 γὰρ
1218 1113 1357 1188 πρὸς
1407 1113 1566 1167 αὐτὸν
1621 1115 1648 1167 6
1710 1109 1956 1188 ἄγγελος·

303 1203 406 1262 Καὶ
455 1203 562 1278 ἐγὼ
616 1199 790 1272 ἦλθον
846 1201 898 1256 ἐν
956 1207 1072 1264 τοῖς
1135 1200 1321 1277 λόγοις
1385 1223 1499 1259 σου.
1536 1201 1632 1256 Καὶ
1689 1203 1717 1256 6
1770 1203 1957 1277 ἄρχων

301 1300 400 1363 τῆς
486 1291 766 1368 βασιλείας
838 1296 1056 1368 Περσῶν
1137 1293 1372 1362 εἱστήκει
1448 1291 1747 1362 ἐξεναντίας
1810 1311 1959 1364 μου.

300 1382 402 1438 Καὶ
465 1379 583 1436 ἰδού
642 1379 894 1459 Μιχαὴλ,
966 1383 1042 1444 εἷς
1085 1385 1193 1436 τῶν
1271 1380 1552 1457 ἀρχόντων
1628 1385 1735 1436 τῶν
1812 1380 1964 1456 πρώ-

300 1492 456 1541 των,
533 1470 674 1540 ἧλθε
752 1469 1023 1547 βοηθῆσαί
1079 1490 1219 1545 μοι’
1283 1471 1373 1526 καὶ
1445 1471 1608 1526 αὐτὸν
1677 1470 1964 1525 κατὲκιπον

308 1559 421 1616 ἐκεῖ
484 1560 618 1633 μετὰ
685 1565 786 1616 τοῦ
858 1557 1127 1636 ἄρχοντος
1207 1559 1486 1636 βασιλείας
1546 1564 1769 1636 Περσῶν
1805 1602 1819 1618 .
1863 1559 1964 1614 Καὶ

311 1650 427 1722 μετ’
481 1649 661 1726 ὀλίγα·
721 1650 821 1704 Καὶ
881 1649 990 1726 ἐγὼ
1047 1649 1491 1725 ἐξεπορευόμην,
1551 1649 1726 1728 φησὶ,
1788 1651 1876 1704 καὶ
1937 1650 1964 1703 6

306 1739 497 1813 ἅρχων
553 1743 662 1793 τῶν
722 1736 1005 1810 Ἐλλήνων
1065 1736 1297 1815 ἤρχετο.
1355 1741 1588 1810 Μήποτε
1647 1738 1738 1793 οὖν
1796 1737 1883 1793 ἐὰν
1931 1736 1968 1812 ᾖ

2071 580 2370 646 tueantur,
2408 577 2911 647 quemadmodum
2959 577 3040 631 ait
3087 576 3317 648 Moyses
3348 575 3408 629 in
3440 573 3677 630 Cantico
3712 590 3726 630 :

2075 666 2300 735 Quando
2347 667 2623 722 dividebat
2673 666 2978 721 Altissimus
3025 671 3232 736 gentes,
3292 664 3515 736 quando
3564 663 3732 720 disse-

2073 757 2309 812 minavit
2337 758 2480 828 ﬁlios
2508 756 2702 824 Adam,
2749 758 3034 812 constituit
3082 757 3341 811 terminos
3368 755 3618 826 gentium
3645 769 3728 809 se-

2073 847 2311 901 cundum
2341 863 2634 901 numerum
2666 847 2988 917 angelorum
3013 846 3110 901 Dei
3130 847 3196 898 7‘.
3232 845 3298 900 Et
3329 861 3538 900 rursus
3577 846 3727 915 Apo-

2077 937 2266 993 stolus
2297 939 2376 991 ait
2411 953 2424 992 :
2460 937 2804 1008 Sapientiam
2833 940 3023 992 autem
3064 936 3362 1007 loquimur,
3391 949 3502 989 non
3531 932 3732 990 saeculi

2073 1028 2262 1099 hujus,
2294 1043 2471 1097 neque
2504 1027 2824 1096 principum
2861 1024 3056 1082 saeculi
3088 1025 3254 1094 hujus
3285 1041 3304 1080 .·
3332 1023 3424 1079 sed
3455 1024 3732 1094 loquimur

2079 1119 2181 1173 Dei
2209 1117 2564 1188 sapientiam,
2598 1131 2764 1186 quam
2791 1129 2948 1169 nemo
2998 1115 3315 1185 principum
3343 1115 3512 1184 hujus
3541 1109 3731 1167 δασαιί

2076 1209 2319 1278 cognovit
2343 1206 2405 1260 ⁷⁸.
2440 1210 2507 1260 Et
2550 1205 2762 1260 iterum
2811 1203 2967 1276 apud
3006 1203 3302 1258 Danielem
3352 1203 3424 1258 de
3466 1199 3731 1272 principe

2078 1299 2335 1369 quodam
2381 1301 2716 1362 Persarum,
2764 1298 2821 1349 et
2866 1295 2938 1349 de
2968 1292 3302 1348 Graecorum
3352 1290 3612 1361 principe
3665 1289 3732 1344 ﬁt

2078 1388 2318 1443 mentio.
2351 1387 2495 1442 Nam
2548 1385 2630 1441 ita
2661 1383 2960 1440 Danielem
2993 1381 3315 1453 alloquitur
3344 1379 3587 1450 angelus
3619 1396 3632 1434 :
3667 1380 3733 1434 Et

2075 1494 2169 1548 ego
2199 1477 2325 1534 veni
2355 1478 2417 1532 in
2444 1476 2622 1532 verbis
2652 1477 2784 1530 tuis.
2834 1477 2897 1529 Et
2937 1473 3192 1544 princeps
3221 1472 3382 1541 regni
3428 1475 3733 1524 Persarum

2075 1569 2228 1624 stetit
2257 1569 2446 1623 contra
2487 1582 2596 1621 me.
2649 1567 2712 1620 Et
2742 1579 2862 1620 ecce
2910 1561 3152 1619 Michael
3183 1576 3326 1616 unus
3373 1559 3439 1614 de
3466 1559 3734 1630 principi-

2081 1658 2182 1712 bus
2199 1657 2405 1729 primis
2447 1656 2598 1710 venit
2627 1653 2697 1709 ad
2747 1651 3145 1709 auxiliandum
3171 1650 3312 1706 mihi
3353 1657 3405 1706 et
3431 1650 3612 1721 ipsum
3642 1663 3731 1704 re-

2083 1747 2220 1819 liqui
2249 1747 2332 1801 ibi
2357 1762 2484 1801 cum
2506 1746 2762 1816 principe
2777 1744 2937 1813 regni
2952 1744 3253 1798 Persarum
3273 1741 3335 1795 ⁷⁸.
3370 1739 3435 1794 Et
3463 1737 3733 1810 aliquan-

303 1831 474 1922 ταῦτα
498 1826 557 1882 ἐκ
585 1829 885 1922 προσώπου
936 1823 1202 1884 διαϐόλου
1252 1825 1525 1904 λεγόμενα
1569 1829 1702 1902 (19),
1733 1830 1768 1898 ἡ
1804 1828 1965 1902 ὑπερ-

2089 1841 2136 1892 to
2169 1839 2302 1909 post
2333 1835 2415 1891 ait
2447 1852 2461 1890 :
2492 1835 2554 1890 Et
2580 1850 2674 1906 ego
2726 1833 3078 1906 egrediebar,
3127 1839 3182 1886 et
3206 1830 3465 1902 princeps
3517 1826 3733 1885 Gracc-

306 1916 511 1995 ηφανία
567 1916 730 1974 αὐτοῦ
793 1919 856 1972 οὐ
915 1917 1054 1973 κατὰ
1107 1917 1429 1993 ἀνθρώπων,
1463 1916 1609 1974 ἀλλὰ
1664 1917 1800 1972 κατὰ
1836 1936 1967 1988 νοη-

303 2010 411 2061 τῶν
441 2003 478 2076 ἤ
509 2027 670 2064 τινων
706 2004 993 2082 δυνάμεων
1026 2005 1313 2084 γινομένη.

378 2204 502 2261 241.
575 2203 670 2272 Μὴ
737 2199 1124 2274 δοξασθήσεται
1227 2201 1380 2273 ἀξίνη
1481 2199 1604 2257 ἄνευ
1697 2205 1794 2257 τοῦ
1872 2199 1970 2256 κό-

308 2313 539 2356 πτοντος
598 2293 650 2348 ἓν
706 2292 844 2367 αὑτῇ
894 2313 908 2363 ;
965 2293 1000 2362 ἢ
1067 2293 1410 2367 ὑψωθήσεται
1464 2292 1641 2369 πρίων
1695 2289 1818 2347 ἄνευ
1872 2295 1970 2346 τοῦ

306 2380 570 2445 ἕλκοντος
622 2382 782 2437 αὐτόν
834 2401 847 2452 ;
907 2381 1164 2444 ὡσαύτως
1238 2379 1300 2438 ἅν
1365 2403 1449 2444 τις
1522 2379 1626 2457 ἄρῃ
1684 2376 1879 2458 ῥάϐδον
1933 2380 1969 2451 ἢ

317 2470 498 2544 ξύλον.
561 2471 906 2549 Ἐλεγκτικὸς
959 2477 1059 2541 τῆς
1122 2470 1490 2547 ὑπερηφανίας
1541 2475 1639 2526 τοῦ
1700 2469 1973 2546 ἄρχοντος

321 2566 431 2617 τῶν
486 2561 784 2638 Ἀσσυρίων
817 2564 844 2617 ὁ
900 2560 1082 2638 λόγος.
1114 2559 1182 2618 Τί
1231 2565 1448 2639 φρονεῖς
1504 2560 1591 2616 ἐπὶ
1641 2564 1866 2632 σεαυτῷ,
1900 2562 1974 2623 ὡς

323 2649 759 2724 κόπτοντιέθνη,
807 2651 895 2706 καὶ
953 2655 1301 2726 καθαιροῦντι
1357 2650 1452 2713 τὰς
1502 2648 1810 2712 δυναστείας
1863 2655 1971 2705 τῶν

321 2740 539 2797 πόλεων
568 2760 581 2810 ;
615 2742 678 2798 Ἠ
714 2739 857 2795 οὕεω
899 2742 1002 2816 γὰρ
1032 2739 1122 2794 καὶ
1165 2743 1199 2810 ἡ
1252 2741 1401 2816 ἀξίνῃ
1441 2742 1578 2816 μέγα
1609 2741 1862 2819 φρονοίη,
1898 2739 1973 2803 ὡς

322 2831 388 2887 τὰ
422 2830 694 2905 ὑπέρογκα
722 2834 836 2886 τῶα
867 2827 1100 2906 δένδρων
1153 2829 1231 2892 εἰς
1277 2837 1378 2905 γῆν
1409 2825 1848 2898 καταϐάλλουσα,
1882 2829 1975 2884 καὶ

323 2922 351 2977 6
385 2919 561 2997 πρίων
620 2919 695 2982 ὡς
751 2921 820 2974 τὰ
878 2923 1182 2975 συνεστῶτα
1234 2921 1323 2974 καὶ
1371 2919 1630 2992 ἡνωμένα
1655 2923 1762 2975 τῶν
1797 2917 1972 2990 ξύλων

326 3007 571 3085 διαιρῶν.
618 3008 782 3064 Ἀλλ’
837 3005 1024 3078 οὕτε-η
1083 3009 1233 3082 ἀξίνη
1292 3006 1412 3064 ἄνευ
1464 3013 1571 3064 τῶν
1628 3013 1833 3087 χειρῶν
1881 3009 1972 3063 κό-

319 3118 462 3166 πτει,
497 3095 621 3152 οὔτε
652 3099 680 3152 6
707 3097 876 3166 πρίων
912 3099 1024 3170 (20)
1058 3095 1180 3152 ἄνευ
1224 3102 1322 3152 τοῦ
1369 3094 1629 3161 ἕλκοντος
1672 3098 1851 3167 αὐτὸν,
1885 3096 1975 3152 καὶ

320 3185 397 3249 εἷς
451 3184 641 3261 χρείαν
688 3186 811 3240 τινὰ
851 3190 1114 3262 τεχνικῶς
1163 3190 1525 3262 καθαιροῦνος
1566 3186 1636 3241 τὰ
1691 3183 1826 3257 ξύλα
1881 3184 1972 3240 δύ-

327 3274 743 3352 ναταιπρίζειν.
793 3275 1105 3337 Ἐπαινετὸς
1146 3272 1204 3330 δὲ
1259 3272 1408 3350 εἷ’περ
1468 3276 1568 3347 ἄρα
1622 3276 1649 3330 6
1704 3279 1774 3350 τῇ
1824 3274 1977 3350 ἀξίνῃ

322 3364 694 3439 κεχρημένος,
735 3362 825 3418 καὶ
877 3364 905 3418 6
947 3363 1038 3418 16v
1094 3362 1289 3438 ⁴πρίονα
1343 3361 1519 3418 ἕλκων
1572 3363 1976 3438 ἐπιστημόνως.

324 3451 516 3516 Οὕτως
567 3449 693 3507 οὐδὲ
739 3453 802 3506 τὸ
858 3450 1042 3523 ξύλον,
1101 3452 1130 3506 ὃ
1176 3451 1252 3514 εἷς
1301 3460 1576 3528 σκῆπτρον
1628 3473 1980 3528 μετεσχημα-

327 3541 514 3611 τίσθη,
571 3542 669 3611 τὴν
729 3544 825 3595 τοῦ
881 3544 1097 3615 κρατεῖν
1155 3540 1304 3611 ἀξίαν
1362 3541 1564 3598 ὀσείλει
1622 3547 1978 3618 καρποῦσθαι,

325 3629 452 3687 ἀλλ’
501 3631 529 3684 6
576 3634 746 3684 ταῦτα
804 3633 915 3704 (21)
981 3629 1521 3706 μεταχειριζόμενος,
1575 3630 1651 3694 εἷς
1698 3626 1979 3704 σύμϐολον

326 3727 427 3791 τῆς
480 3719 836 3796 ὑπαρχούσης
890 3718 1036 3791 αὗτῷ
1095 3716 1426 3783 δυναστείας.
1458 3720 1647 3784 Οὕτως
1696 3720 1786 3776 οὖν
1826 3721 1981 3795 κάγώ

327 3831 386 3865 σε
414 3803 724 3886 παρέλαϐον
759 3807 835 3873 εἷς
874 3809 973 3876 τήν
1019 3812 1116 3863 τοῦ
1168 3808 1304 3864 λαοῦ
1334 3814 1430 3865 τοῦ
1473 3811 1862 3886 ἡμαρτηκότος
1889 3809 1984 3866 κό-

327 3898 504 3956 λασιν·
540 3897 615 3960 είς
664 3897 847 3968 ἀξίνην
906 3896 995 3952 καὶ
1045 3898 1245 3974 πρίονα
1289 3903 1358 3974 τῇ
1413 3898 1662 3974 ὠμότητί
1710 3921 1805 3955 σου
1852 3921 1982 3976 συγ-

326 3988 644 4065 χρώμενος,
679 3988 757 4050 εὶς
810 3988 909 4056 τήν
958 3984 1167 4042 δικαίαν
1221 3993 1318 4042 τοῦ
1379 3989 1514 4045 λαοῦ
1562 3989 1654 4044 καὶ
1713 3989 1795 4045 ἐπ’
1836 3989 1983 4052 ὠφε-

328 4077 450 4151 λείᾳ
480 4077 645 4133 αὑτοῦ
702 4076 1107 4153 ἱπεργουμίνην
1162 4075 1460 4134 παίδευσιν.
1491 4081 1581 4141 Ὡς
1617 4077 1708 4134 οὖν
1737 4079 1821 4134 ἐπὶ
1872 4083 1979 4135 τῶν

325 4164 690 4243 δικαστηρίων
745 4167 796 4220 οἱ
857 4163 1049 4239 δήμιοι
1106 4166 1195 4222 ἰπὶ
1250 4172 1330 4240 τῷ
1382 4170 1491 4241 (22)
1543 4169 1795 4239 κοΛάζειν
1836 4189 1987 4225 τετα-

325 4259 522 4334 γμὲνοι
568 4256 698 4332 οὐχὶ
747 4255 927 4329 κύριοι
986 4257 1260 4332 τιμωρίας
1320 4259 1478 4328 είσίν,
1532 4257 1656 4316 οὐδὲ
1684 4263 1752 4335 τῇ
1782 4261 1981 4316 ἑαυτῶν

327 4347 486 4424 ἰσχύϊ
533 4349 568 4418 ἢ
623 4345 836 4417 ἐξουσίᾳ
887 4366 940 4400 τι
998 4351 1270 4420 ποιοῦσιν,
1304 4345 1431 4404 ἀλλ’
1489 4349 1621 4425 ἅπερ
1682 4348 1741 4404 ἂν
1799 4349 1983 4413 αὐτοῖς

327 4437 476 4514 παρά
523 4439 633 4491 τῶν
688 4435 875 4508 νόμων
931 4433 1240 4512 ἐπιτραπῇ·
1303 4436 1446 4492 οὕτω
1519 4439 1608 4494 καὶ
1667 4439 1982 4516 Ἀσσύριοι,

330 4526 435 4582 οὐκ
465 4525 690 4603 ἰσχυρὸν
747 4521 922 4593 ἔθνος,
981 4522 1109 4580 οὐδὲ
1157 4527 1244 4605 ἀφ’
1281 4527 1474 4582 ἑαυτοῦ
1535 4527 1768 4604 ἐνεργεῖν
1796 4549 1847 4582 τι
1899 4525 1987 4583 δυ-

2078 1942 2202 1981 rum
2250 1925 2501 1980 veniebat
2520 1925 2585 1977 ⁷⁷.
2621 1925 2890 1980 Fortasse
2935 1921 3118 1992 igitur
3145 1919 3197 1974 si
3248 1919 3368 1974 haec
3396 1917 3570 1989 {dicta
3616 1916 3737 1973 sint

2077 2031 2145 2070 ex
2176 2013 2394 2069 diaboli
2428 2028 2697 2085 persona,
2718 2009 2995 2084 superbia
3016 2008 3174 2065 illius
3199 2025 3314 2063 non
3343 2007 3403 2062 in
3440 2006 3732 2085 homines,

2081 2103 2182 2158 sed
2211 2103 2271 2157 in
2304 2083 2596 2174 spiritales
2629 2105 2730 2158 aut
2759 2083 3004 2157 eiimias
3034 2098 3279 2154 virtutes
3308 2083 3625 2152 invehitur.

2149 2211 2277 2266 241.
2309 2210 2486 2265 Vsas.
2534 2209 2620 2264 15.
2671 2207 2930 2280 Nunquid
2977 2206 3314 2277 gloriabitur
3359 2203 3568 2259 securis
3615 2203 3738 2258 sine

2081 2300 2300 2356 cedente
2328 2301 2389 2355 in
2417 2301 2583 2370 ipsa?
2633 2301 2726 2354 aut
2757 2297 3099 2353 exaltabitur
3137 2311 3296 2350 serra
3334 2295 3457 2348 sine
3480 2291 3736 2347 trahente

2084 2391 2287 2446 illam?
2337 2397 2434 2445 aut
2461 2391 2512 2445 si
2539 2390 2661 2461 quis
2711 2389 2870 2443 tollat
2905 2388 3142 2457 virgam,
3195 2392 3294 2439 aut
3333 2384 3568 2452 lignum.
3604 2381 3736 2438 Haec

2081 2480 2260 2536 verba
2288 2479 2606 2551 objurgant
2633 2481 2690 2533 et
2730 2480 3055 2548 coarguunt
3084 2471 3481 2546 arrogantiam
3513 2469 3736 2543 princi-

2085 2569 2176 2642 pis
2202 2568 2601 2642 Assyriorum.
2636 2567 2751 2622 Cur
2798 2565 3106 2636 magnifice
3139 2565 3209 2618 de
3238 2567 3294 2617 te
3325 2560 3533 2630 sentis,
3564 2558 3738 2631 quasi

2084 2664 2150 2716 tu
2183 2659 2265 2716 sis
2295 2658 2394 2730 qui
2427 2658 2615 2713 caedas
2645 2659 2866 2729 gentes,
2898 2660 2955 2710 et
2995 2653 3229 2710 urbium
3265 2654 3602 2722 potentatus
3633 2649 3738 2703 de-

2086 2748 2564 2805 moliarls‘?Nam
2610 2745 2828 2818 alioqui
2861 2743 3085 2800 securis
3130 2741 3306 2796 etiam
3359 2739 3582 2794 ratione
3612 2735 3739 2809 pari

2085 2840 2274 2911 possit
2330 2836 2590 2910 gloriari,
2635 2840 2921 2906 tanquam
2973 2833 3021 2888 si
3059 2833 3327 2904 ingentes
3377 2833 3434 2885 et
3476 2827 3736 2884 excelsas

2084 2929 2323 2984 arbores
2372 2927 2430 2981 in
2477 2930 2696 2981 terram
2744 2923 3041 2994 dejiceret,
3091 2935 3252 2975 serra
3300 2917 3525 2987 itidem,
3567 2914 3738 2986 quasi

2085 3021 2389 3088 compacta
2417 3012 2881 3083 continualigna
2909 3010 3260 3065 diffinderet.
3282 3010 3553 3061 Attamen
3578 3020 3743 3060 secu-

2087 3107 2168 3162 ris
2199 3119 2574 3176 nequaquam
2607 3101 2776 3157 caedit
2806 3100 2932 3156 sine
2965 3097 3238 3153 manibus
3273 3113 3285 3152 :
3321 3111 3511 3166 neque
3541 3109 3741 3149 secare

2092 3210 2252 3252 serra
2281 3196 2493 3266 potest,
2543 3191 2654 3247 nisi
2706 3191 2840 3261 quis
2886 3187 3082 3243 trahat
3125 3186 3338 3258 ipsam,
3373 3187 3431 3240 et
3476 3183 3639 3254 ligna
3667 3183 3741 3238 ad

2093 3285 2344 3354 aliquem
2379 3298 2552 3336 nsum
2585 3279 2829 3336 solerter
2858 3275 3224 3333 conscindat.
3258 3277 3534 3329 Caeterum
3567 3271 3744 3326 laude

2089 3373 2292 3443 utique
2323 3370 2538 3443 dignus
2581 3373 2671 3424 est
2699 3371 2755 3422 et
2801 3363 3333 3430 commendatione,
3365 3366 3493 3417 tum
3527 3360 3626 3432 qui
3658 3375 3744 3416 se-

2091 3461 2217 3517 curi
2250 3459 2458 3530 utitur,
2499 3463 2626 3514 tum
2679 3456 2778 3530 qui
2811 3471 3034 3511 serram
3084 3451 3372 3509 industrie
3403 3449 3605 3506 trahit.
3651 3447 3743 3504 Sic

2090 3551 2336 3621 lignum,
2395 3549 2550 3621 quod
2594 3547 2806 3618 sceptri
2868 3545 3116 3599 formam
3163 3540 3386 3614 accepit
3436 3539 3745 3612 potestatis

2092 3645 2268 3712 atque
2284 3637 2533 3694 dominii
2555 3635 3003 3708 dignitate563
3026 3647 3399 3705 nequaquam
3415 3629 3588 3685 debet
3608 3627 3744 3694 frui,

2092 3730 2194 3785 sed
2228 3730 2278 3784 is
2309 3728 2411 3801 qui
2441 3727 2501 3782 in
2536 3743 2716 3781 manu
2748 3729 2979 3796 sceptra
3021 3721 3226 3788 sumit,
3262 3721 3320 3776 in
3351 3721 3585 3790 signum
3617 3717 3746 3787 ejus

2094 3836 2268 3892 quem
2301 3818 2480 3874 habet
2509 3814 2898 3888 principatus.
2949 3814 3146 3884 Itaque
3175 3815 3230 3866 et
3259 3825 3366 3882 ego
3393 3813 3449 3864 te
3479 3807 3751 3863 similiter

2093 3909 2166 3965 ad
2199 3906 2482 3980 populum
2530 3908 2905 3978 peccatorum
2956 3901 3334 3974 plectendum
3366 3896 3644 3963 adhibui;
3695 3899 3753 3952 et

2093 3998 2282 4054 instar
2311 3995 2535 4053 securis
2586 4011 2652 4050 ac
2683 4009 2854 4050 serrae
2887 4008 3034 4048 usus
3084 4005 3216 4046 sum
3249 3992 3354 4043 tua
3383 3984 3747 4053 crudelitate,

2085 4089 2222 4160 jure
2249 4103 2314 4142 ac
2347 4085 2557 4142 merito
2589 4082 2872 4156 populum
2907 4082 2978 4136 ad
3015 4078 3200 4150 ipsius
3234 4075 3549 4133 utilitatem
3581 4073 3753 4146 puni-

2091 4181 2281 4232 turus.
2327 4173 2837 4240 Quemadmodum
2885 4169 3067 4242 igitur
3097 4165 3403 4223 carnifices
3434 4164 3494 4217 in
3523 4163 3646 4218 foro
3677 4162 3750 4217 ad

2093 4283 2297 4339 poenas
2324 4265 2643 4338 exigendas
2673 4260 2952 4327 instituti,
2989 4274 3104 4313 non
3136 4272 3239 4328 pro
3272 4252 3513 4309 arbitrio
3545 4266 3750 4322 poenas

2093 4356 2353 4427 irrogare
2402 4356 2672 4425 possunt,
2724 4366 2829 4406 nec
2878 4348 3202 4420 quidquam
3252 4345 3436 4416 agunt
3465 4342 3751 4412 potestate

2095 4461 2204 4502 sua
2233 4448 2335 4499 aut
2363 4440 2730 4506 auctoritate,
2761 4439 2862 4495 sed
2896 4454 2962 4493 ea
2990 4452 3118 4508 quae
3150 4433 3264 4490 sibi
3297 4431 3646 4505 permittunt
3673 4427 3752 4483 le-

2094 4550 2220 4607 ges,
2250 4535 2671 4604 exsequuntur,
2697 4527 2781 4584 ita
2809 4531 2866 4583 et
2897 4524 3123 4598 Assyrii
3149 4540 3262 4579 non
3295 4524 3436 4577 sunt
3465 4535 3609 4592 gens
3641 4518 3754 4573 for-

328 4615 577 4689 νάμενον,
611 4612 758 4670 ἀλλὰ
785 4615 922 4670 κατὰ
950 4615 1010 4670 τὸ
1056 4613 1404 4690 ἰνδεδομίνον
1452 4619 1562 4691 (23)
1599 4617 1750 4692 αύτῷ
1784 4619 1972 4695 μέτρον

2089 4625 2165 4681 tis
2196 4639 2264 4680 ac
2306 4621 2518 4691 valida,
2567 4637 2690 4690 quae
2747 4617 3072 4690 quidquam
3123 4631 3190 4670 ex
3223 4629 3284 4668 se
3323 4612 3450 4682 ipsa
3479 4608 3750 4680 perﬁcere

329 4705 477 4782 παρὰ
530 4709 628 4761 τοῦ
685 4707 1014 4780 θεραπευτοῦ
1071 4709 1178 4760 τῶν
1233 4706 1662 4784 ἡμαρτηκότων,
1720 4713 1839 4771 ταῖς
1894 4707 1983 4764 ἐπὶ

327 4795 392 4852 τὸ
423 4798 620 4852 κακοῦν
652 4795 918 4870 κέχρηται
950 4792 1258 4870 ἆνεργείαις.

397 4976 522 5034 242.
582 4973 685 5032 Καὶ
742 4972 850 5050 οὐχ
929 4971 1144 5047 οὕτως,
1204 4973 1329 5033 ἀλλ’
1412 4976 1706 5034 ἀποστελεῖ
1785 4976 1984 5055 Κύριος

2094 4716 2294 4786 queat,
2341 4710 2443 4767 sed
2492 4725 2620 4782 quas
2662 4709 2833 4780 juxta
2881 4705 3125 4760 modum
3174 4701 3348 4758 sibia
3377 4701 3749 4771 peccatorum

2094 4799 2321 4858 medico
2352 4797 2778 4872 praescriptum,
2803 4795 2875 4850 ad
2902 4809 3104 4866 poenas
3129 4788 3480 4862 inﬂigendas
3510 4800 3750 4858 operam

2093 4907 2266 4948 suam
2297 4888 2567 4946 contulit.

2162 4979 2289 5035 242.
2318 4979 2493 5034 Vnus.
2527 4975 2616 5045 16,
2652 4976 2739 5032 17.
2789 4976 2856 5030 Et
2904 4989 3017 5031 non
3063 4971 3163 5041 sic,
3213 4967 3308 5026 sed
3344 4967 3521 5023 mittet
3563 4964 3752 5021 Domi-

396 5159 443 5195 ⁷⁴
471 5157 643 5216 Deut.
675 5173 852 5228 XXXII,
882 5157 936 5214 8.
1017 5158 1061 5193 ⁷⁵
1092 5162 1114 5213 Ι
1144 5159 1272 5216 Cor.
1306 5177 1372 5231 ιι,
1402 5162 1528 5217 6-8.
1606 5163 1650 5198 7°
1679 5165 1822 5219 Dan.
1855 5179 1912 5234 x,
1948 5161 1972 5217 1

2101 5161 2157 5217 3.
2232 5161 2275 5196 ⁷⁷
2308 5158 2453 5216 ibid.
2480 5159 2572 5213 20.

396 5345 508 5488 E19)
538 5343 777 5399 Veteres
808 5341 1032 5414 aliquot
1059 5342 1218 5412 libri,
1249 5339 1368 5418 εἷ’ρη
1381 5341 1533 5417 μένα.

420 5417 512 5488 20)
542 5414 780 5486 Antiqui
809 5429 909 5470 sex
939 5413 1095 5485 libri,
1120 5414 1147 5468 6
1178 5414 1374 5488 πρίων.
1401 5422 1533 5473 Deer

420 5413 780 5499 .20)‘Antiqui
809 5413 1095 5485 sex’libri,
1120 5414 1147 5468 ὁ
1178 5413 1606 5491 πρίώνίῡθοιιειι
1635 5417 1694 5472 in
1727 5416 1980 5490 vulgatis

332 5489 656 5632 ariii‘i‘iiié
685 5571 880 5613 vocem
915 5560 1162 5632 σκῇπτρα
1210 5560 1679 5618 subaudiendum
1707 5560 1980 5630 arbitror,

329 5629 509 5686 ταῦτα’
530 5631 639 5705 (τὰ)
667 5633 933 5706 σκῆπτρα.
986 5629 1194 5706 Statim
1219 5704 1225 5706 _
1246 5633 1409 5706 editi,
1461 5631 1538 5696 εἷς
1567 5632 1667 5700 τήν
1697 5633 1832 5687 κατὰ
1860 5629 1977 5690 τοῦς

330 5707 406 5762 At
432 5699 599 5763 abest
617 5699 755 5758 κατά
771 5718 805 5758 a
834 5699 977 5757 mss.
999 5699 1110 5757 Nec
1129 5699 1405 5778 dubium,
1419 5707 1561 5780 quin
1589 5699 1792 5765 abesse
1810 5721 1980 5780 Oporo

2087 5348 2226 5403 teat.
2256 5342 2517 5400 Subinde
2564 5339 2726 5408 editi,
2779 5335 2974 5413 πρίονά
3019 5313 3157 5391 τινα.
3207 5333 3334 5390 Vox
3359 5349 3476 5386 τινα
3508 5329 3570 5386 in
3599 5345 3749 5388 mss.

2091 5420 2602 5563 defgngditih'cdg
2622 5486 3033 5563 At_s.ex_mss.,
3054 5481 3154 5535 τῶ.
3181 5481 3299 5562 Nec
3327 5476 3412 5560 ita
3442 5473 3628 5532 multo
3659 5472 3746 5529 in-

2089 5549 2178 5620 rui
2207 5549 2369 5631 editi,
2399 5549 2666 5633 ἀπὸ-τῶν.
2685 5554 2855 5633 Libri
2885 5549 3129 5633 veteres,
3164 5549 3468 5633 παραπῶν.
3557 5616 3570 5631 ⁸

2161 5635 2272 5708 (23)
2306 5620 2420 5708 Pro
2439 5625 2792 5708 ἐνδεδυμένον
2819 5627 2877 5689 in
2909 5625 3099 5682 tribus
3129 5620 3429 5680 codicibus
3459 5620 3741 5690 scriptum

2091 5698 2745 5781 reperitur,‘_6166ucv,ov.
