4150 6450
291 380 409 442 543

1279 381 1670 443 ΔΡΡΕΝΒΙΧ
1712 377 2037 444 OPERUM
2083 382 2145 442 S.
2191 379 2473 442 BASlLll
2516 377 2792 442 MAGNI.

290 531 396 569 nus
424 513 662 571 Sabaoth
707 518 771 570 in
829 515 1086 572 honorem
1139 523 1301 570 tuum
1346 517 1743 586 ignominiam,
1788 520 1843 571 et
1879 516 1941 570 in

2065 507 2287 577 Σαϐαὼθ
2345 510 2423 575 εἷς
2473 513 2572 581 τὴν
2656 512 2755 580 σὴν
2804 508 2973 582 τιμὴν
3030 504 3271 581 ἀτιμίαν,
3330 506 3421 564 καὶ
3469 507 3548 573 είς
3604 509 3704 579 τὴν

289 604 527 673 gloriam
555 608 717 660 tuam
746 606 902 677 ignis
956 604 1276 661 comburens
1326 604 1671 660 accendetur.
1724 606 1789 660 Et
1834 606 1943 660 erit

291 694 478 749 lumen
509 695 680 750 Israel
713 696 770 749 in
802 694 1003 763 ignem,
1035 702 1084 748 et
1128 694 1497 764 sanctiﬁcabit
1537 695 1699 749 illum
1729 697 1785 750 in
1819 696 1945 765 igne

292 791 519 838 urente:
552 791 601 839 et
649 782 925 838 devorabit
965 782 1125 853 quasi
1171 787 1362 854 [onum
1410 784 1625 839 silvam.
1672 785 1807 839 Haec
1855 788 1944 839 est

295 872 488 927 stultae
518 871 804 943 superbiae
838 887 1081 928 merces.
1112 872 1255 935 Quia
1285 878 1340 928 te
1373 873 1565 945 ipsum
1601 872 1941 944 gloriabun—

296 959 408 1017 dus
440 964 692 1015 mentem
725 976 998 1032 magnam
1033 961 1410 1032 praedicabas,
1443 968 1498 1017 et
1528 962 1861 1018 eﬁ‘erebaris
1884 961 1942 1016 in

297 1049 607 1104 altitudine
636 1048 831 1118 glorias
864 1049 1191 1118 oculorum,
1226 1051 1396 1106 Mitte!
1430 1052 1689 1106 Dominus
1713 1049 1943 1121 ignomi-

293 1139 446 1193 niam
480 1139 536 1191 in
559 1138 820 1194 honorem
839 1146 1014 1207 tuum,
1039 1138 1235 1210 ignem
1259 1139 1463 1194 veroin
1487 1138 1734 1211 gloriam
1755 1143 1939 1194 tuam.

297 1226 583 1290 Quoniam
614 1226 770 1283 enim
810 1227 1228 1283 interminatus
1259 1244 1320 1284 es
1354 1228 1685 1283 ablaturum
1734 1232 1787 1283 te
1817 1244 1947 1283 esse

293 1316 1053 1386 ﬁnesgentium,habitatas
1087 1316 1350 1372 civitates
1386 1321 1943 1389 conquassaturum,

292 1407 480 1462 totum
494 1408 783 1461 terrarum
800 1406 997 1461 orbem
1012 1406 1176 1476 quasi
1193 1406 1329 1462 nidu
1342 1423 1394 1460 m
1414 1406 1943 1479 apprehensurum,

296 1497 354 1550 et
382 1509 514 1550 eum
550 1495 720 1566 quasi
771 1512 875 1550 ova
934 1495 1212 1551 derelicta
1260 1494 1660 1563 sublaturum,
1712 1495 1946 1551 nemine

303 1583 547 1639 omnino
579 1584 893 1656 etfugiente
923 1590 1024 1639 aut
1052 1584 1509 1655 contradicente,
1542 1585 1757 1640 idcirco
1796 1586 1947 1656 Ignis

297 1673 619 1729 comburens
666 1673 1008 1740 accendatur,
1062 1678 1118 1729 et
1171 1676 1279 1730 erit
1336 1675 1525 1729 lumen
1596 1675 1818 1730 lsraelis
1888 1676 1949 1729 in

307 1762 510 1833 ignem.
546 1762 987 1831 Immutabitur,
1019 1763 1232 1835 inquit,
1266 1779 1460 1819 rerum
1510 1767 1737 1832 status;
1783 1767 1840 1818 et
1889 1763 1946 1817 in

299 1850 633 1922 splendore,
668 1852 878 1923 inquit,
910 1852 1019 1908 erit
1052 1851 1249 1919 Israel,
1275 1853 1373 1924 qui
1401 1869 1554 1908 nunc
1576 1850 1946 1925 deprimitur,

298 1944 357 1995 et
383 1941 484 2012 qui
519 1940 622 1997 tibi
671 1942 742 1996 ob
792 1946 1095 2012 peccatum
1147 1942 1399 1997 traditus
1448 1945 1535 1997 est
1588 1942 1944 2014 puniendus.

300 2028 592 2101 Splendor
629 2032 825 2099 itaque
855 2028 1015 2086 illius
1046 2030 1152 2086 tibi
1187 2031 1243 2085 in
1278 2030 1594 2103 perniciem
1624 2035 1680 2087 et
1706 2031 1947 2085 exitium

301 2118 490 2175 cedet.
541 2119 662 2174 Erit
708 2120 879 2184 enim,
928 2120 1144 2191 inquit,
1183 2120 1371 2177 lumen
1415 2122 1590 2176 Israel
1639 2122 1700 2176 in
1744 2122 1950 2190 ignem.

303 2210 497 2279 Atque
522 2223 655 2262 cum
690 2207 873 2264 insint
930 2208 1051 2280 igni
1096 2208 1403 2265 facultates
1446 2210 1596 2280 duae,
1649 2227 1765 2265 una
1817 2208 1951 2265 illu-

303 2297 553 2365 strandi,
586 2296 771 2353 altera
801 2298 1223 2366 comburendi;
1258 2299 1516 2355 suavitas
1548 2299 1779 2370 quidem
1800 2298 1954 2371 ignis

298 2389 475 2458 atque
498 2385 846 2456 jucunditas
898 2394 1199 2459 permanet
1245 2387 1399 2459 apud
1447 2386 1742 2457 Israelem,
1800 2387 1955 2442 unde

298 2471 633 2529 illustratur
662 2480 719 2530 et
752 2474 1198 2547 circumfulget:
1234 2476 1390 2545 quod
1421 2491 1552 2531 vere
1582 2474 1641 2529 in
1676 2491 1743 2531 eo
1790 2489 1956 2529 acer-

299 2561 443 2617 bum
472 2567 580 2630 est,
614 2566 672 2618 et
701 2564 857 2635 quod
894 2564 1212 2631 excruciat,
1246 2564 1303 2619 id
1337 2581 1473 2636 pars
1508 2564 1616 2620 erit
1657 2563 1818 2619 illius
1866 2578 1958 2618 su-

300 2650 485 2722 perbi,
518 2668 650 2707 eum
683 2656 749 2707 ut
789 2657 1014 2722 exurat,
1073 2657 1248 2725 atque
1307 2670 1421 2726 prae
1472 2654 1680 2709 ardore
1738 2652 1958 2709 afﬁciat

300 2739 951 2797 doloreinconsolabili.
1004 2743 1070 2797 Et
1112 2743 1475 2812 sanciiﬁoabit
1520 2743 1682 2798 illum
1727 2744 1786 2798 in
1834 2744 1958 2813 igne

301 2834 517 2897 urente,
548 2835 598 2888 et
619 2830 901 2887 devorabit
920 2834 1089 2903 quasi
1123 2834 1313 2903 fenum
1335 2831 1561 2888 silvam.
1599 2834 1773 2889 Docet
1801 2832 1957 2904 ignis

301 2924 575 2975 naturam
607 2937 736 2976 esse
761 2925 1132 2995 purgantem.
1166 2920 1566 2977 Sanctiﬁcabit
1596 2923 1752 2978 enim
1784 2921 1953 2978 illum

301 3008 473 3081 quasi
504 3008 563 3063 in
597 3009 728 3079 igne
759 3013 982 3066 urente.
1017 3011 1320 3075 Quomodo
1349 3015 1545 3066 autem
1576 3010 1732 3083 ignis
1790 3011 1954 3082 puri-

300 3098 482 3153 ﬁcat?
512 3101 824 3169 Postquam
857 3099 1177 3155 comederit
1194 3099 1402 3154 silvam
1425 3105 1708 3171 tanquam
1731 3101 1951 3155 fenum.

303 3191 509 3261 Itaque
540 3205 674 3245 cum
706 3191 846 3245 Deus
875 3194 1057 3246 noster
1083 3193 1230 3261 ignis
1271 3206 1600 3247 consumens
1634 3193 1707 3246 sit
1726 3191 1791 3259 ⁷⁸,
1825 3208 1955 3264 pro-

313 3276 408 3333 cul
441 3277 617 3333 dubio
648 3277 855 3334 silvam
900 3283 958 3334 et
1005 3296 1073 3335 ea
1101 3296 1228 3351 qua:
1259 3278 1460 3336 asilva
1506 3280 1776 3336 oriuntur
1824 3278 1954 3336 vitia

2073 3276 2463 3333 καταναλίσκον
2553 3276 2687 3350 ἐστὶ,
2763 3275 3160 3346 καταγαλώσει,

319 3372 667 3435 consumet;
698 3367 896 3423 anima
928 3385 1044 3424 non
1078 3369 1135 3423 in
1166 3368 1396 3441 spiritu,
1433 3370 1534 3425 sed
1567 3369 1626 3425 in
1658 3386 1833 3425 carne
1861 3369 1968 3425 im-

304 3459 592 3511 moranto.
619 3455 933 3512 Sciendum
966 3462 1163 3512 autem
1195 3463 1303 3525 est,
1327 3458 1580 3530 gloriam
1606 3476 1639 3514 a
1668 3459 1825 3515 fama
1853 3458 1968 3513 dis‘

304 3542 462 3599 cerni
495 3542 568 3597 ab
595 3543 668 3598 iis
699 3543 799 3615 qui
831 3560 1037 3603 vocum
1077 3545 1476 3615 signiﬁcatum
1527 3550 1799 3603 accurate
1832 3546 1965 3602 dili-

308 3636 630 3704 genterque
676 3632 1045 3705 perquirunt.
1095 3635 1163 3689 Et
1193 3634 1401 3691 dicunt
1446 3634 1692 3707 gloriam
1727 3635 1964 3692 laudem

307 3736 437 3777 esse
466 3736 593 3791 qua;
623 3738 651 3776 s
686 3721 859 3794 vulgo
889 3722 1172 3778 tribuitur
1197 3741 1211 3792 ;
1262 3724 1482 3780 famam
1516 3741 1650 3780 vero
1681 3741 1810 3780 esse
1839 3724 1965 3781 lau-

308 3808 464 3875 dem,
494 3825 622 3880 quas
654 3826 688 3864 a
717 3810 886 3866 bonis
911 3810 1266 3883 impertitur.
1296 3812 1583 3868 Eumdem
1619 3814 1690 3868 ad
1723 3814 1965 3869 modum

308 3895 580 3953 dividunt.
608 3902 666 3953 et
696 3898 997 3955 honorem.
1030 3899 1224 3956 Alium
1267 3901 1504 3972 quidem
1537 3901 1834 3957 afﬁrmant
1863 3902 1965 3958 bo-

311 3990 546 4042 nestum
577 4002 747 4055 esse;
781 4003 1035 4059 eumque
1060 3989 1116 4044 in
1148 3991 1339 4046 virum
1366 3991 1601 4047 virtutis
1633 3992 1965 4048 studiosum

313 4074 541 4143 cadere,
574 4076 730 4133 564
760 4093 894 4133 cum
927 4078 1254 4150 amplitudo
1303 4078 1379 4134 sit
1411 4081 1844 4150 remuneratio;
1881 4098 1967 4136 re-

312 4164 781 4222 munerationem
815 4171 1011 4223 autem
1062 4173 1331 4224 statuunt
1362 4170 1656 4240 quoddam
1695 4187 1825 4226 esse
1853 4171 1967 4226 vir-

315 4253 464 4310 tutis
495 4258 802 4327 prsemium
840 4275 852 4313 :
888 4258 1067 4315 alium
1094 4275 1227 4315 vero
1259 4276 1409 4330 esse,
1442 4260 1541 4332 qui
1569 4262 1642 4316 ob
1674 4261 1824 4317 facta
1852 4277 1967 4318 non

318 4345 558 4402 omnino
592 4348 838 4417 probata
863 4364 897 4403 ο.
926 4348 1093 4420 plebe
1123 4349 1400 4405 defertur.

394 4434 521 4488 243.
555 4435 721 4492 Vens.
768 4438 854 4492 18.
900 4439 999 4493 Die
1048 4438 1152 4495 illa
1180 4442 1606 4509 exstanguenlur
1656 4444 1890 4508 montes,
1921 4443 1972 4496 et

312 4525 474 4583 colles
505 4530 557 4581 et
601 4544 850 4584 nemora.
901 4532 969 4586 Et
1014 4530 1305 4586 devorabit
1354 4531 1422 4587 ab
1453 4534 1643 4588 anima
1689 4550 1863 4606 usgue
1893 4534 1971 4590 ad

1978 1899 2026 1964 B

2054 602 2151 671 σὴν
2215 599 2371 673 δόξαν
2445 605 2551 676 πῦρ
2629 598 2923 671 καιόμενον
2999 599 3344 669 καυθήσεται.
3400 598 3498 653 Καὶ
3556 595 3705 655 ἔσται

2050 692 2112 746 τὸ
2158 695 2270 767 φῶς
2326 694 2422 745 τοῦ
2474 687 2694 765 Ἰσραὴλ
2767 688 2843 751 είς
2890 690 3039 763 πῦρ,
3094 692 3188 742 καῖ
3263 686 3470 763 ἁγιάσει
3544 686 3704 744 αὐτὸν

2051 778 2104 834 ἐν
2154 780 2283 854 πυρὶ
2341 778 2656 853 καιομένῳ,
2718 779 2807 833 καὶ
2885 776 3111 857 φάγεται
3170 775 3297 832 ὡσεὶ
3352 776 3554 853 χόρτον
3606 777 3709 848 τὴν

2053 867 2214 939 ὕλην.
2250 867 2396 940 Αὕτη
2456 871 2490 939 ἠ
2542 866 2852 942 ἀντιμισθία
2900 873 2999 936 τῆς
3060 864 3267 941 ἀλόγου
3310 864 3708 945 ὑπερηφανίας.

2052 955 2275 1027 Ἐπειδή
2308 962 2428 1013 νοῦν
2479 956 2640 1034 μέγαν
2692 956 2877 1012 ἑαυτὸν
2937 954 3322 1029 ἀποσεμνύνων
3379 950 3585 1033 ἔλεγες,
3618 956 3711 1012 καὶ

2050 1051 2130 1119 τῷ
2157 1046 2279 1121 ὕψει
2306 1055 2406 1117 τῆς
2442 1044 2601 1118 δόξης
2649 1051 2757 1101 τῶν
2809 1042 3111 1124 ὀφθαλμῶν
3163 1043 3508 1121 ἐπηγάλλου,
3544 1046 3709 1102 Ἀπο-

2054 1134 2235 1190 στελεῖ
2290 1138 2403 1209 (24)
2463 1136 2658 1208 Κύριος
2744 1133 2962 1207 ἀτιμίαν
3018 1133 3095 1196 εἷς
3169 1134 3267 1202 τὴν
3346 1134 3444 1203 σὴν
3504 1135 3709 1209 τιμὴν,

2052 1229 2158 1297 πῦρ
2190 1221 2248 1279 δὲ
2278 1224 2354 1287 εἷς
2406 1226 2505 1294 τὴν
2559 1223 2715 1295 δόξαν
2749 1244 2865 1279 σου.
2925 1220 3149 1291 Ἐπειδή
3204 1224 3307 1299 γὰρ
3365 1222 3707 1301 ἀφαιρεῖσθαι

2052 1311 2303 1384 ἠπείλεις
2336 1313 2459 1389 ὅρια
2489 1313 2679 1383 ἐθνῶν,
2711 1314 2799 1368 καὶ
2848 1312 3005 1367 σείειν
3046 1311 3238 1375 πόλεις
3425 1333 3704 1369 κατοικου-

2059 1403 2242 1476 μινας,
2308 1405 2397 1457 καὶ
2457 1400 2864 1477 καταλήψεσθαι
2911 1404 3010 1472 τήν
3069 1396 3206 1473 ὅλην
3261 1401 3587 1476 οἰκουμένην
3628 1403 3702 1468 ὠς

2055 1492 2294 1561 νοσσιὰν,
2327 1492 2415 1547 καὶ
2448 1494 2522 1555 ὡς
2572 1491 2655 1547 alii
2710 1490 3249 1567 ἐγκαταλελειμμένα
3297 1488 3491 1566 αἴρειν,
3531 1489 3701 1565 μηδε-

2056 1582 2147 1644 νὸς
2180 1577 2577 1658 διασεύγοντος,
2614 1579 2755 1655 μηδὲ
2811 1585 2906 1637 τοῦ
2956 1578 3343 1655 ἀντιλέγοντος
3392 1576 3567 1643 ὄντος·
3619 1578 3708 1637 διὰ

2054 1674 2217 1725 τοῦτο
2282 1675 2394 1746 Πῦρ
2474 1672 2758 1745 καιόμενον
2836 1672 3199 1742 καυθήσεται,
3270 1669 3361 1726 καὶ
3431 1668 3581 1726 ἔσται
3645 1670 3708 1726 τὸ

2058 1763 2171 1836 φῶς
2223 1764 2320 1815 τοῦ
2368 1759 2589 1834 Ἰσραὴλ
2648 1760 2721 1823 είς
2780 1763 2908 1835 πῦρ.
2968 1760 3486 1838 Ηεριστραφήσεται,
3548 1759 3706 1836 φησὶ,

2056 1852 2164 1903 τῶν
2211 1849 2550 1925 πραγμάτων
2607 1852 2642 1919 ἡ
2691 1849 3033 1921 κατάστασις,
3082 1848 3171 1903 καὶ
3229 1846 3282 1904 ἐν
3329 1846 3707 1923 λαμπρότητι,

2058 1938 2243 2015 φησὶν,
2298 1932 2409 1992 ἔστι
2463 1938 2491 1992 ὁ
2553 1937 2776 2014 Ἰσραήλ
2834 1939 2863 1994 ὁ
2920 1942 3012 1992 νῦν
3063 1939 3567 2012 τεταπεινωμένος,
3615 1939 3706 1994 καὶ

2059 2025 2144 2080 σοὶ
2178 2023 2620 2104 παραδεδομένος
2663 2024 2752 2082 διὰ
2777 2028 2880 2097 τὴν
2930 2026 3194 2104 ἁμαρτίαν
3241 2027 3319 2091 είς
3364 2026 3614 2086 κόλασιν.
3642 2033 3707 2086 Ἡ

2061 2114 2153 2171 οῦν
2186 2114 2392 2171 ἑκείνου
2422 2116 2741 2195 περιφάνεια
2771 2119 2881 2189 (26)
2937 2115 3014 2179 εἲς
3073 2116 3377 2193 ἀφανισμόν
3428 2137 3515 2172 σοι
3545 2119 3708 2193 γενή-

2062 2226 2231 2262 σεται.
2289 2207 2477 2262 Ἔσται
2533 2207 2657 2282 γὰρ,
2704 2205 2858 2283 φησὶ,
2906 2206 2969 2260 τὸ
3038 2209 3154 2280 φῶς
3200 2210 3296 2261 τοῦ
3354 2205 3577 2281 Ἰσραὴλ
3633 2205 3710 2270 εἷς

2061 2295 2190 2370 πῦρ.
2226 2294 2322 2349 Καὶ
2381 2292 2477 2349 δύο
2521 2293 2803 2371 ἐνεργειῶν
2855 2294 3029 2350 οὐσῶν
3062 2295 3186 2370 περὶ
3231 2294 3296 2351 τὸ
3343 2299 3473 2371 πῦρ,
3523 2303 3623 2367 τῆς
3655 2317 3716 2351 τε

2064 2390 2397 2461 φωτιστικῆς
2448 2384 2536 2439 καὶ
2596 2391 2695 2454 τῆς
2753 2391 3067 2454 καυστικῆς⁶
3117 2384 3181 2440 τὸ
3242 2386 3336 2458 μὲν
3394 2385 3569 2460 γλυκὺ
3624 2386 3713 2441 καὶ

2063 2473 2251 2550 ’χαρίεν
2298 2477 2395 2528 τοῦ
2458 2473 2628 2548 πυρὸς
2699 2478 2782 2546 τῷ
2828 2472 3049 2550 Ἰσραὴλ
3104 2480 3427 2549 παραμενεῖ,
3482 2474 3710 2553 φωτίζον

2064 2560 2220 2617 αὐτὸν
2267 2562 2356 2616 καὶ
2414 2560 2785 2638 περιλάμπον*
2818 2562 2881 2618 τὸ
2926 2560 2982 2617 δὶ
3025 2563 3225 2639 πικρὸυ
3272 2564 3364 2618 καὶ
3408 2560 3714 2619 κατώδυνον

2065 2650 2152 2706 ἐπὶ
2201 2651 2292 2706 τὸν
2349 2653 2693 2729 ὑπερήφανον
2744 2651 3290 2727 κατὰμερισθήσετᾶι,
3347 2657 3501 2708 καῖον
3536 2651 3716 2723 αὐτὸν,

2063 2741 2154 2795 καὶ
2186 2740 2597 2815 ἁπαραμυθήτῳ
2627 2739 2779 2814 πόνῳ
2810 2738 2899 2796 διὰ
2942 2747 3042 2810 τῆς
3087 2740 3327 2804 καύσεως
3356 2739 3716 2816 παραδιδοῦν.

2064 2828 2163 2884 Καὶ
2230 2828 2440 2905 ἂγιάσει
2491 2828 2650 2884 αὐτὸν
2724 2828 2777 2883 ἐν
2837 2829 2966 2906 πυρὶ
3010 2829 3300 2902 καιομινῳ,
3359 2830 3453 2884 καὶ
3537 2829 3701 2906 φάγε-

2061 2939 2151 2974 ται
2191 2919 2318 2974 ὡσεί
2358 2918 2557 2995 χόρτον
2600 2919 2701 2988 τήν
2751 2916 2912 2990 ὕλην.
2975 2919 3207 2975 Δείκνυσι
3262 2920 3361 2987 τὴν
3411 2916 3570 2993 φύσιν
3601 2921 3697 2973 τοῦ

2061 3008 2251 3085 πυρὸς,
2286 3004 2368 3063 ὅτι
2400 3010 2719 3084 καθαρτική.
2764 3007 3003 3083 Ἀγιάσει
3051 3008 3150 3085 γὰρ
3198 3006 3354 3063 αὐτὸν
3409 3007 3483 3069 ὡς
3515 3006 3564 3062 ἐν
3597 3027 3699 3062 πυ-

2063 3097 2115 3174 ρὶ
2147 3099 2441 3171 καιομένῳ.
2492 3100 2617 3161 Πῶς
2646 3095 2702 3153 δι
2749 3098 2958 3173 ἁγιάζει
3004 3098 3066 3152 τὸ
3096 3102 3241 3174 πῦρ;
3272 3094 3523 3151 Ἐπειδὰν
3560 3095 3707 3174 φάγῃ

2061 3189 2161 3257 τὴν
2194 3186 2332 3259 ῧλην
2382 3188 2455 3249 ὡς
2494 3188 2719 3264 χόρτον.
2771 3188 2919 3243 Ἐπεὶ
2970 3185 3063 3243 οὖν
3116 3187 3179 3245 Ὁ
3223 3186 3352 3249 Θεὸς
3400 3188 3561 3259 ἡμῶν
3606 3188 3715 3261 πῦρ

3258 3273 3545 3348 δηλονότὶ⁹
3619 3274 3717 3343 τὴν

2074 3364 2231 3439 ὕλην⁹
2257 3367 2433 3421 καὶτὰ
2464 3366 2568 3422 ἀπὸ
2596 3368 2710 3441 (27)
2734 3364 2871 3437 ὕλης
2900 3363 3127 3422 ἐλθόντα
3162 3364 3333 3436 πάθη,
3364 3364 3429 3419 οὗ
3447 3366 3516 3439 τῇ
3549 3362 3641 3437 μὶν
3669 3361 3722 3418 ἐν

2073 3454 2339 3528 πνεύματι
2390 3454 2516 3511 ἀλλ’
2566 3454 2617 3511 ἐν
2667 3454 2822 3530 σαρκὶ
2883 3448 3237 3530 διατριϐοόσῃ
3293 3456 3471 3530 ψυχῇ.
3527 3453 3721 3508 Ἰστὲον

2076 3542 2155 3614 δὶ,
2188 3546 2270 3599 ὅτι
2294 3545 2345 3599 οἱ
2389 3539 2913 3622 ἀκριϐολογούμενοι
2946 3544 3071 3621 περὶ
3100 3544 3168 3599 τὰ
3198 3544 3603 3617 σημαινόμενα,
3622 3541 3722 3611 τὴν

2076 3630 2229 3706 δόξαν
2262 3634 2367 3689 ἀπὸ
2395 3638 2492 3689 τοῦ
2522 3631 2716 3697 κλέους
2742 3631 3021 3711 διώρισαν*
3054 3633 3144 3689 καὶ
3172 3654 3297 3710 φασι
3326 3634 3428 3703 τὴν
3472 3632 3567 3706 μὶν
3628 3628 3723 3686 δό-

2076 3723 2162 3794 ξαν
2199 3723 2331 3777 εἶναι
2356 3724 2446 3778 τὸν
2500 3724 2603 3778 ἀπὸ
2647 3728 2756 3779 τῶν
2798 3721 3030 3779 πολλῶν
3084 3718 3322 3777 ἔπαινον·
3355 3721 3419 3776 τὸ
3450 3718 3509 3776 δὲ
3537 3718 3723 3790 κλὶος,

2072 3813 2164 3867 τὸν
2195 3812 2300 3867 ἀπὸ
2328 3816 2437 3867 τῶν
2469 3812 2685 3887 ἀγαθῶῧ
2715 3809 2952 3868 ἔπαινον.
3001 3810 3245 3886 Ὁμοίως
3290 3810 3379 3866 καὶ
3421 3811 3520 3880 τὴν
3552 3809 3722 3883 τιμὴν

2077 3901 2367 3981 διαιροῦσι,
2402 3906 2693 3984 φάσκοντες
2741 3906 2838 3973 τὴν
2877 3904 2974 3979 μὶν
3021 3903 3233 3959 ἀστείαν
3275 3903 3396 3960 τινὰ
3446 3902 3603 3972 εἶναι,
3633 3903 3725 3958 καὶ

2077 3993 2161 4049 ἐπὶ
2194 3996 2284 4049 τὸν
2314 3991 2605 4049 σποοδαῖον
2657 3991 2895 4066 πίπτειν,
2944 3994 3120 4070 γίρως
3168 3993 3327 4049 οὖσαν
3386 3991 3625 4063 ἀξίωσιν·
3659 3992 3724 4049 τὸ

2077 4083 2136 4140 δὲ
2178 4085 2338 4160 γέρας
2390 4082 2551 4139 ἆθλον
2611 4083 2807 4158 ἀρετῆς
2862 4083 3119 4148 τίθενται·
3170 4083 3270 4152 τὴν
3317 4079 3375 4137 δέ
3404 4102 3527 4137 τινα
3552 4082 3721 4155 τιμὴν

2075 4175 2222 4250 παρὰ
2256 4178 2367 4229 τῶν
2414 4172 2718 4248 τυνχόντων,
2765 4178 2882 4235 τοῖς
2932 4175 3044 4246 (28)
3099 4174 3163 4229 οὐ
3223 4171 3363 4227 πάνυ
3414 4167 3727 4232 ἀποδεκτῶς

2074 4263 2456 4341 γεγενημένοις
2490 4259 2785 4318 ἀντίδοσιν.

2147 4445 2275 4500 243.
2332 4445 2408 4515 Τῇ
2467 4440 2650 4517 ἡμέρᾳ
2704 4438 2879 4516 ἰκείνῃ
2951 4434 3413 4511 ἀποσϐεσθήσεται
3485 4439 3552 4495 τὰ
3597 4438 3724 4515 ὅρη,

2078 4533 2165 4587 καὶ
2236 4531 2288 4586 οἱ
2355 4532 2563 4607 βουνοὶ,
2620 4530 2710 4595 καὶ
2789 4531 2842 4585 οἱ
2917 4527 3139 4606 δρυμοὶ,
3203 4528 3293 4584 καὶ
3359 4526 3718 4607 καταφάγεται

3588 377 3708 437 5n
3812 341 3817 345 ’

311 4619 881 4710 carnes._Postquam
916 4620 1081 4676 misit
1100 4621 1388 4677 Dominus
1416 4622 1666 4678 Sabaoth
1701 4624 1759 4678 in
1792 4624 1949 4679 bono

2079 4621 2184 4677 ἀπὸ
2233 4624 2419 4710 ψυχῆς
2462 4617 2565 4684 ἕως
2620 4625 2853 4696 σαρκῶν.
2904 4619 3052 4675 Μετὰ
3112 4619 3175 4673 τὸ
3239 4616 3560 4674 ἀποστεῖλαι
3620 4615 3725 4672 Κύο

314 4718 438 4759 rem
471 4704 750 4778 p.incipis
799 4709 1173 4781 Assyriorum
1226 4710 1634 4783 ignominiam,
1667 4716 1723 4768 et
1752 4712 1812 4768 in
1843 4713 1954 4785 eju:

2084 4732 2201 4787 ριον
2236 4705 2466 4765 Σαϐαὼθ
2511 4708 2587 4771 εἷς
2630 4711 2727 4779 τὴν
2779 4709 2947 4783 τιμὴν
2997 4710 3094 4762 τοῦ
3142 4707 3415 4782 ἄρχοντος
3461 4711 3570 4762 τῶν
3600 4708 3732 4764 Ἀσ-

316 4790 564 4865 gloriam
587 4793 783 4867 ignem
826 4799 1291 4868 comburentem,
1320 4800 1537 4870 luxque
1557 4800 1788 4857 Israelis
1809 4818 1954 4859 versi

2084 4799 2281 4875 συρίων
2307 4800 2551 4874 ἀτιμίαν,
2582 4798 2672 4854 καὶ
2730 4797 2805 4861 εἷς
2834 4800 2934 4867 τήν
2982 4794 3138 4867 δόξαν
3196 4796 3363 4851 αὐτοῦ
3420 4800 3529 4872 πῦρ
3573 4793 3731 4850 καιό-

313 4885 404 4938 est
430 4881 491 4939 in
510 4883 706 4958 ignem
735 4887 998 4960 Assyrio,
1017 4891 1082 4943 ut
1098 4886 1248 4944 lucis
1266 4887 1578 4961 splendore
1597 4904 1954 4962 nequaquam

2086 4910 2269 4964 μενον,
2302 4889 2392 4945 καὶ
2428 4887 2561 4964 μετά
2602 4889 2664 4943 τὸ
2709 4889 2954 4965 γενέσθαι
3004 4886 3068 4941 τὸ
3118 4889 3233 4961 φῶς
3275 4883 3374 4942 τοῦ
3407 4883 3625 4960 Ἰσραὴλ
3659 4882 3735 4946 είς

315 4972 717 5033 sanctiﬁcatus
748 4979 1100 5049 purgaretur
1119 4976 1273 5051 ignis
1304 4977 1537 5035 ustione
1558 4996 1687 5051 quae
1717 4980 1954 5039 efﬁcere

2081 4983 2189 5055 πῦρ
2218 4983 2298 5053 τῷ
2330 4977 2621 5053 Ἀσσυρίῳ,
2648 4975 2741 5033 (ίνα
2771 4979 2800 5033 ὁ
2835 4977 2912 5052 μὴ
2958 4974 3235 5052 ἀγιασθεὶς
3273 4974 3326 5031 ἰν
3373 4977 3443 5051 τῇ
3475 4970 3737 5051 λαμπρό·
3848 5056 3853 5061 ι

385 5166 429 5202 ⁷⁸
458 5166 627 5227 Deut.
659 5187 735 5240 ιν,
766 5173 856 5231 24.

532 5360 721 5446 (ξρρῳ
751 5383 927 5446 unus,
959 5367 1338 5446 Ἀποστὲλλει.

391 5434 723 5513 (ἳῗξλΕίἸὶίὶ,
770 5434 962 5513 πόλεις
1010 5441 1226 5497 σείσειν.
1280 5445 1354 5499 At
1409 5456 1511 5497 sex
1567 5458 1736 5513 mss.,
1787 5441 1970 5501 σείειν.

321 5504 484 5560 Haud
518 5506 690 5591 longe
718 5510 881 5584 editi,
932 5511 1020 5566 διὰ
1048 5518 1210 5569 τοῦτο
1240 5513 1323 5570 τό.
1352 5513 1525 5570 Deest
1553 5511 1614 5567 τό
1664 5504 1734 5572 ιη’
1755 5519 1954 5573 nostri:

2086 5504 2105 5591 κ’
2153 5504 2261 5591 ί27)
2298 5518 2471 5587 Εάίῐί,
2500 5504 2621 5571 ’ἀπὸ
2663 5522 2788 5591 τῆς.
2840 5518 3057 5591 At__sex
3106 5531 3274 5582 mss.,
3326 5506 3454 5570 ἀπό.
3506 5510 3736 5570 Ibidem

325 5578 771 5663 scnngod‘i‘cibus.
866 5578 876 5584 ⁷
1750 5608 1753 5609 ν

2084 5578 2229 5663 Reg.
2250 5578 2569 5663 secundus,
2602 5578 2767 5657 πάθή·
2803 5586 2863 5663 οὐ
2893 5588 2961 5659 τῇ
2982 5583 3060 5663 ἐν.

393 5605 1018 5735 ἴξξῖυίέιξίῆῗδὸιᾚθε..
1050 5659 1369 5735 secundus,
1419 5654 1751 5735 περιφᾴνεια,
1803 5659 1949 5735 bene

2084 5605 2165 5647 tte
2212 5632 2223 5644 .
2254 5605 2569 5653 secundus.
2602 5605 2767 5657 παυηο
2803 5606 2863 5640 ου
2893 5606 2961 5659 τῃ
2984 5605 3060 5640 εν.

2154 5605 2265 5733 (ἓὸ)
2296 5661 2468 5729 Editi,
2502 5661 2576 5715 ὧν
2615 5664 2753 5724 τοῖς.
2803 5662 2925 5735 _Vox
2970 5657 3070 5727 ὧν,
3102 5674 3277 5735 quam
3310 5653 3599 5735 παρέλκειν
3631 5669 3732 5712 ne-

321 5720 429 5778 Alii
449 5727 567 5779 tres
586 5720 1277 5802 mss.praeteriitrumque
1292 5720 1975 5808 Combeﬁéianum,6nep-
2084 5720 2181 5793 mo
2212 5720 2329 5793 n'on
2358 5720 2539 5808 videt,
2571 5751 2605 5791 ε
2634 5720 2852 5795 nostris
2882 5748 2985 5791 sex
3009 5720 3153 5791 nisi.
3187 5729 3371 5789 abest.

2082 5372 2309 5462 ηερανίοι,
2341 5377 2454 5462 aut
2505 5369 3143 5462 bnegnipaivat‘aLInEIBL
3164 5366 3587 5462 ﬁtatjim‘lediti,
3640 5371 3741 5422 Και

2081 5443 2459 5529 γάρὶ-γορμιᾳ
2488 5443 2933 5529 γᾴρςὶηροεὶςξε
2965 5458 3065 5499 sex
3097 5460 3242 5499 mss.
3275 5443 3461 5529 deest.
