4150 6418
347 368 466 432 545

1186 366 1597 430 COMMENT.
1640 368 1718 428 IN
1768 366 2037 429 ISAIAM
2082 365 2589 434 PROPHETAM.
2638 372 2806 436 CAP.
2858 375 2930 438 X.

3651 378 3771 442 546

345 524 471 575 τητι
498 505 595 557 τοῦ
621 500 822 578 φωτὸς,
855 501 1098 574 καθαρθῇ
1152 496 1240 554 διὰ
1283 502 1385 573 τῇς
1445 499 1685 562 καύσεως
1741 502 1837 553 τοῦ
1894 518 2034 565 πυτ

2149 503 2616 573 ιιιτιςαιὶοηοπι,ειο
2649 525 2780 563 eam
2807 526 2934 578 quin
2966 509 3157 564 aderit
3189 514 3562 582 peccatorum
3583 516 3768 568 mate-

350 594 465 669 ρός,
510 593 609 660 τῆς
663 587 1060 665 ἐνεργουμένης
1109 588 1194 643 ἰπὶ
1240 590 1521 667 καθάρσει,
1554 589 1643 644 καὶ
1695 585 2009 651 κατεσθιού-

351 702 452 753 σης
487 682 564 743 ὡς
612 680 815 756 χόρτον
851 680 949 747 τήν
985 675 1398 754 ἐνυπάρχουσαν
1430 678 1569 750 ὕλην
1600 681 1707 731 τῶν
1763 678 2011 751 ἁμαρτη-

357 772 564 847 μάτων·
598 770 723 826 τότε
769 767 988 835 λοιπὸν,
1023 765 1399 839 ἀναλωθείσης
1445 775 1545 837 τῆς
1593 766 1732 836 ὕλης
1776 773 1876 834 τῆς
1932 763 2013 835 ἰξ-

354 859 634 928 απτούσης
685 859 784 926 τήν
834 855 1167 925 κολαστικὴν
1221 856 1421 934 φλόγα,
1468 859 1827 927 παυθήσεται,
1857 854 2013 932 φησὶ,

351 951 421 1007 τὰ
477 945 579 1026 ὄρη
614 943 901 1020 καιόμενα,
930 944 1021 999 καὶ
1067 946 1122 999 οἱ
1186 947 1394 1021 βουνοὶ,
1426 946 1515 1001 καὶ
1561 947 1611 1000 ol
1671 942 1891 1020 δρυμοὶ,
1923 944 2013 998 καὶ

356 1040 510 1113 λήξει
541 1038 604 1092 τὸ
634 1040 742 1113 πῦρ
772 1039 870 1090 τοῦ
911 1033 1245 1110 ἐμπρησμοῦ
1287 1035 1565 1100 κατεσθίον
1608 1034 1675 1090 τὰ
1703 1033 1897 1106 πάντα,
1923 1033 2010 1087 καὶ

361 1122 786 1201 ἱπιϐοσκόμενον
813 1144 826 1157 ·
860 1126 961 1194 τὴν
998 1124 1092 1198 μὶν
1128 1123 1308 1201 ἀρχὴν
1360 1125 1465 1179 ἀπὸ
1516 1128 1701 1201 ψυχῆς
1750 1121 2014 1195 ποιούμε-

361 1238 474 1288 νον,
505 1218 702 1296 φθάνον
755 1212 813 1269 δὲ
862 1210 968 1277 ἕως
1026 1219 1133 1269 τῶν
1186 1219 1421 1289 σαρκῶν.
1454 1213 1652 1272 Οὐδενὶ
1721 1211 1778 1267 δὲ
1837 1214 2012 1287 ἄγνω-

369 1328 489 1362 στον
523 1308 633 1380 (29)
665 1307 701 1375 ἡ
754 1305 1008 1375 συνήθεια
1042 1310 1141 1375 τῆς
1191 1311 1437 1383 Γραφῆς,
1470 1304 1551 1358 ὅτι
1600 1302 1728 1364 τοὺς
1781 1301 1832 1356 ἐν
1887 1321 2019 1375 προ-

363 1394 632 1471 τερήμασί
659 1416 769 1451 τισι
799 1395 1148 1471 γινομένους,
1179 1393 1268 1448 καὶ
1306 1394 1429 1449 ὅσον
1470 1391 1560 1448 ἐπὶ
1607 1396 1677 1467 τῇ
1714 1393 2017 1464 κατασκευῇ

364 1481 560 1540 πλεῖόν
591 1506 643 1539 τι
673 1488 782 1539 τῶν
827 1482 1054 1539 πολλῶν
1114 1481 1366 1558 ἔχοντας,
1400 1479 1500 1560 ὅρη
1545 1481 1699 1537 εἴωθε
1745 1499 2016 1555 προσαγο-

369 1573 542 1650 ρεύειν
573 1574 663 1629 καὶ
697 1572 949 1650 βουνούς.
983 1572 1125 1636 Τοὺς
1156 1571 1214 1628 δὶ
1243 1572 1521 1648 ἀκάρπους
1549 1572 1640 1628 καὶ
1674 1571 1792 1641 είκῆ
1835 1568 2019 1640 ἀλλή-

372 1662 493 1725 λοις
553 1662 1042 1740 συμπεφυρμένους
1100 1664 1256 1736 (30),
1318 1661 1485 1717 οἱονεὶ
1543 1659 1848 1735 αὐτόματόν
1902 1679 2022 1714 τινα

370 1752 459 1807 καὶ
512 1748 680 1821 ἀτελῆ
731 1751 830 1820 τὴν
887 1752 1031 1821 ζωὴν
1078 1748 1325 1827 ἔχοντας,
1360 1749 1490 1807 ἀλλ’
1518 1749 1647 1826 οὐχὶ
1679 1749 1739 1805 ἐκ
1776 1756 1878 1819 τῆς
1922 1768 2022 1827 φυ-

2120 590 2266 644 riam
2298 608 2364 647 ac
2394 593 2600 650 silvam
2634 597 2789 651 velut
2817 600 3015 652 fenum
3043 599 3383 670 depascerut
3413 617 3426 653 :
3487 605 3613 655 tum
3668 603 3772 657 de-

2121 695 2281 734 mum
2318 683 2562 739 materia
2590 684 2692 743 illa
2719 691 2777 742 et
2796 686 2962 756 silva,
2999 704 3126 760 quae
3158 687 3460 744 ﬂammam
3497 688 3767 746 ultricem

2123 771 2482 843 accenderet,
2516 778 2864 846 consumpta
2894 780 2950 832 et
2979 776 3265 833 exhausta
3297 794 3310 831 :
3368 777 3449 833 ait
3498 778 3767 835 futurum

2121 875 2270 926 esse,
2299 864 2363 915 ut
2394 864 2945 936 montes,ccllesque
2966 871 3022 921 et
3042 882 3285 922 nemora
3320 865 3596 922 desinant
3617 883 3772 922 com-

2124 947 2275 1016 buri,
2300 952 2356 1004 et
2384 949 2478 1006 ille
2504 950 2757 1008 incendii
2788 953 2944 1026 ignis
2988 955 3089 1026 qui
3128 955 3411 1012 exedebat
3459 961 3517 1012 et
3564 957 3769 1029 depas-

2122 1036 2364 1094 cebatur
2383 1039 2785 1105 omnia,finem
2818 1041 3193 1113 accipiatzubi
3216 1043 3451 1101 exordio
3467 1043 3541 1100 ab
3573 1044 3770 1101 anima

2124 1127 2318 1193 ducto,
2343 1128 2414 1184 ad
2436 1146 2641 1186 carnes
2673 1147 2860 1202 usque
2891 1132 3211 1202 pertigerit.
3242 1132 3549 1191 Neminem
3572 1141 3772 1191 autem

2124 1217 2264 1272 latet
2293 1234 2428 1272 cum
2459 1234 2588 1275 esse
2607 1220 2919 1289 Scriptura:
2953 1236 3197 1286 morem,
3232 1228 3298 1275 ut
3341 1222 3627 1277 mentium
3671 1239 3773 1277 nc-

2124 1322 2259 1361 mcn
2299 1310 2355 1361 et
2385 1306 2619 1363 collium
2648 1309 2719 1364 iis
2767 1309 3011 1376 tribuat,
3053 1310 3154 1380 qui
3203 1311 3457 1381 quadam
3514 1312 3774 1383 gaudent

2127 1395 2507 1468 prisrogativa
2528 1414 2592 1452 ac
2623 1397 2931 1470 dignitate,
2965 1398 3205 1469 quique,
3233 1400 3388 1470 quod
3441 1400 3513 1454 ad
3536 1401 3774 1472 suppel-

2132 1484 2386 1540 lectilem
2418 1490 2476 1541 et
2504 1486 2812 1542 facultates
2836 1487 3227 1558 attinet,plebi
3250 1493 3625 1558 prastant.At
3647 1505 3778 1545 vero

2130 1590 2369 1629 nemora
2403 1575 2659 1647 appellat
2698 1594 2820 1646 eos,
2854 1577 2955 1647 qui
2991 1575 3179 1631 nullos
3209 1576 3435 1631 fructus
3457 1576 3778 1643 edentes,et

2132 1665 2375 1719 fortuito
2408 1665 2560 1721 inter
2589 1683 2652 1721 se
2683 1666 3153 1737 permisti,veluti
3173 1666 3546 1722 temerariam
3578 1683 3782 1740 quam-

2130 1754 2266 1809 dam
2296 1770 2363 1809 ac
2393 1754 2795 1826 imperfectam
2833 1756 3011 1811 vitam
3048 1759 3252 1828 agunt,
3295 1772 3427 1810 cum
3463 1772 3575 1810 non
3598 1755 3719 1812 sint
3747 1773 3781 1812 a

368 1840 518 1902 τείας
546 1843 646 1895 τοῦ
685 1838 951 1911 ἀληθινοῦ
995 1844 1238 1917 γεωργοῦ
1286 1838 1745 1919 πεφυτευμένους,
1778 1835 2021 1910 δρυμοὺς

2149 1858 2263 1898 rero
2287 1842 2536 1912 agricola
2567 1842 2834 1916 plantali,
2863 1860 2968 1899 nec
2999 1843 3230 1899 consiti.
3290 1844 3399 1898 Sed
3456 1842 3611 1916 ignis
3647 1861 3776 1917 per-

373 1926 655 2002 όνομάζει.
689 1930 911 1984 Πάντων
967 1929 1152 2003 μέντοι
1208 1929 1270 1984 τὸ
1327 1933 1434 2004 πῦρ
1484 1929 1728 1996 ἅπτεται,
1782 1925 2021 2002 ἀρξάμε-

367 2038 458 2074 νον
522 2018 629 2073 ἀπὸ
686 2021 896 2094 ψυχῆς,
933 2015 1105 2093 λῆγον
1159 2015 1215 2072 δὲ
1263 2016 1349 2072 ἐπὶ
1397 2020 1493 2082 τας
1533 2019 1751 2093 σάρκας.
1794 2016 1876 2072 Τὰ
1929 2016 2022 2088 μὲν

367 2105 469 2184 γὰρ
522 2106 688 2183 μέχρι
735 2106 1082 2180 ἐνθυμήσεων
1129 2105 1328 2161 στάντα
1382 2107 1770 2182 ἁμαρτήματα,
1831 2102 2018 2158 ὁποῖόν

369 2192 480 2251 ἐστι
512 2194 577 2250 τὸ
611 2200 904 2271 μοιχεῦσαι
930 2195 982 2250 ἐν
1012 2199 1082 2270 τῇ
1112 2193 1307 2269 καρδίᾳ
1336 2196 1548 2263 ἑαυτοῦ,
1580 2193 1633 2249 ἐν
1666 2196 1820 2269 ψυχῇ
1879 2192 2019 2249 ἐστιν

371 2282 481 2356 ὕλη
543 2283 662 2356 ἀξία
718 2289 815 2340 τοῦ
870 2286 973 2340 ὑπὸ
1029 2286 1200 2362 πυρὸς
1227 2280 1776 2359 καταϐρωθῆναι.Τὰ
1825 2280 1882 2338 ὃὶ
1931 2280 2021 2337 καὶ

379 2374 548 2451 μέχρι
607 2378 715 2429 τῶν
771 2370 945 2450 ἔργων
1002 2376 1293 2452 φθάσαντα,
1319 2375 1664 2448 νεμηθέντων
1697 2378 1803 2428 τῶν
1846 2374 2021 2445 ἀμαρ-

372 2461 634 2537 τημάτων
665 2463 752 2518 ἐπὶ
781 2463 876 2527 τὰς
922 2461 1010 2519 διὰ
1059 2465 1254 2539 σαρκὸς
1301 2464 1389 2518 καὶ
1440 2462 1683 2537 πράξεως
1735 2459 2021 2537 ἐνεργείας,

374 2555 544 2607 ταῦτα
604 2548 980 2626 ὑπολαμϐάνω
1038 2554 1408 2627 ἁμαρτήματα
1484 2551 1639 2607 εἶναι.
1697 2551 2024 2627 Ἀρξαμενοι

386 2642 479 2714 μὲν
526 2641 628 2717 γὰρ
680 2641 785 2696 ἀπὸ
844 2644 1052 2717 ψυχῆς,
1087 2639 1347 2716 λήγοντες
1398 2638 1454 2696 δὲ
1501 2637 1553 2695 ἐν
1585 2643 1654 2714 τῇ
1684 2636 1899 2715 καρδίᾳ,
1934 2636 2027 2694 οὗ·

379 2727 438 2786 δὲ
471 2732 583 2805 (31)
620 2729 817 2807 μᾶχρις
860 2730 1032 2800 αὐτῆς
1079 2731 1482 2807 περιορίζονται
1525 2730 1576 2785 οἱ
1624 2728 1859 2803 πονηροὶ
1909 2726 2028 2783 δια-

378 2819 639 2898 λογισμοί
692 2819 819 2876 ἀλλ’
877 2819 1222 2896 ἐξέρχονται,
1280 2820 1369 2875 καὶ
1431 2820 1595 2875 οἱονεὶ
1649 2815 2023 2892 διακύπτουσι,

379 2913 650 2983 περῶντες
677 2911 776 2979 τήν
811 2910 1002 2985 σάρκα,
1033 2910 1122 2964 καὶ
1157 2908 1537 2988 ἐκφαινόμενοι
1594 2908 1733 2986 πρὸς
1788 2908 1857 2963 τὰ
1902 2905 2023 2981 ἔξω.

378 2998 445 3054 Ei
476 2999 580 3076 γὰρ
613 2999 775 3077 φόνον
808 2998 1115 3073 ἐνεθυμήθη
1154 3002 1249 3072 μὲν
1281 3019 1362 3061 τις
1394 3004 1642 3068 ποιῆσαι,
1677 2998 1783 3053 οὐκ
1834 2991 2029 3072 ἔπραξε

381 3084 460 3156 δὲ,
485 3086 586 3141 οὐκ
616 3085 837 3158 ἰξῆλθεν
881 3089 909 3142 6
940 3088 1099 3166 φόνος
1148 3088 1254 3142 άπὸ
1302 3093 1405 3157 τῆς
1451 3083 1697 3163 καρδίας.
1738 3085 1837 3141 Καὶ
1871 3086 1899 3140 6
1930 3085 2027 3158 ἂμ-

2131 1931 2289 1987 vadit
2319 1933 2519 1987 omnia
2551 1950 2563 1988 :
2599 1932 2894 2003 siquidem
2924 1931 3130 2005 incipit
3158 1932 3229 1987 ab
3253 1933 3541 2000 auima,et
3569 1932 3629 1988 in
3662 1951 3784 1989 car-

2132 2038 2234 2077 nes
2256 2020 2805 2077 desinit.Enimvero
2830 2025 3069 2093 peccata
3089 2038 3218 2092 qua:
3239 2022 3594 2092 cogitatione
3611 2026 3784 2078 tenus

2131 2110 2545 2179 consistere,ut
2561 2111 2848 2183 contingit
2868 2127 3003 2166 cum
3028 2112 3159 2181 quis
3181 2111 3508 2166 moechatur
3528 2110 3588 2165 in
3610 2112 3784 2167 corde

2132 2216 2259 2266 suo,
2295 2200 2353 2253 in
2384 2198 2581 2254 anima
2601 2205 2739 2255 sunt
2758 2200 3001 2254 materia
3031 2198 3184 2271 ignis
3215 2198 3558 2270 depastione
3580 2200 3780 2272 digna.

2134 2288 2351 2343 Delicta
2380 2304 2671 2360 vero,quas
2704 2289 2774 2343 ad
2800 2304 2947 2360 opus
2969 2304 3160 2359 usque
3193 2288 3785 2360 perveniunt(quippe

2132 2377 2253 2432 haec
2285 2377 2496 2432 delicta
2525 2394 2702 2433 carne
2741 2382 2799 2433 et
2830 2377 3058 2433 actione
3088 2377 3787 2450 admittuntur),peccata

2134 2466 2370 2538 propria
2399 2483 2530 2521 esse
2560 2466 2831 2522 arbitror.
2865 2465 3012 2521 Nam
3044 2483 3229 2537 pravae
3260 2465 3370 2521 illas
3402 2465 3786 2538 cogitationes

2136 2572 2263 2627 quae
2286 2555 2358 2610 ab
2409 2555 2609 2611 anima
2656 2556 2882 2611 ducunt
2923 2554 3184 2627 initium,
3242 2559 3297 2611 et
3329 2555 3386 2609 in
3437 2556 3561 2627 ipso
3613 2558 3784 2613 corde

2136 2644 2576 2716 conquiescunt,
2630 2662 2702 2700 ne
2747 2643 2804 2699 in
2849 2660 2915 2700 eo
2946 2643 3185 2716 quidem
3236 2644 3648 2701 continentur:
3683 2646 3784 2702 sed

2135 2734 2541 2808 egrediuntur,
2572 2739 2629 2789 et
2653 2732 2831 2790 veluti
2863 2734 3052 2806 capite
3073 2738 3267 2791 exerto
3298 2733 3611 2807 aspiciunt,
3633 2736 3786 2805 jam-

2136 2840 2249 2896 que
2277 2839 2512 2879 carnem
2546 2827 2944 2895 penetrantes,
2979 2823 3135 2879 foras
3177 2823 3486 2895 prodeunt.
3535 2823 3593 2879 Si
3653 2824 3786 2896 quis

2136 2912 2292 2970 enim
2326 2913 2541 2968 caedem
2584 2916 2817 2983 patrare
2848 2912 3209 2984 cogitaverit,
3238 2927 3344 2966 nec
3392 2917 3590 2968 tamen
3626 2929 3785 2969 com-

2140 3000 2383 3069 miserit,
2447 3001 2634 3057 cades
2671 3018 2702 3056 e
2742 3001 2915 3056 corde
2973 3001 3319 3071 neutiquam
3363 3000 3522 3056 exiit.
3567 3001 3635 3056 Et
3679 3001 3781 3071 qui

2137 3090 2429 3161 aspexerit
2460 3088 2765 3144 mulierem
2798 3089 2871 3144 ad
2899 3088 3441 3160 concupiscendum
3471 3089 3782 3158 eam7°,uec

379 3167 586 3247 ϐλέψας
617 3175 830 3250 γυναικὶ
882 3175 1020 3251 πρὸς
1064 3176 1128 3230 τὸ
1177 3174 1534 3246 ἐπιθυμῆσαι,
1570 3174 1645 3246 μὴ
1697 3172 1917 3249 φθείρας
1956 3169 2027 3249 ,δὲ

2149 3187 2333 3234 tamen
2399 3175 2727 3249 corruperit
2792 3176 2889 3232 Dei
2955 3175 3282 3248 templum,
3341 3192 3530 3248 neque
3594 3177 3793 3234 fecerit

379 3263 470 3317 τὸν
497 3241 642 3317 ⁷ναὸν⁷
660 3267 758 3318 τοῦ
792 3241 947 3332 Θεοῦ,
986 3260 1126 3338 μηδὶ
1156 3241 1390 3335 ποιήσας
1408 3241 1486 3318 τὰ
1523 3241 1677 3335 μέλη
1710 3241 1834 3317 ’τοῦ
1891 3244 2026 3338 Χρι-

2149 3266 2412 3322 membra
2459 3265 2676 3323 Christi
2733 3266 3000 3321 membra
3053 3265 3378 3322 meretricis
3400 3266 3465 3334 3°,
3515 3266 3568 3322 is
3614 3283 3790 3324 suum

386 3355 518 3406 στοῦ
548 3352 754 3428 πόρνης
790 3349 956 3425 μέλη,
989 3352 1155 3407 οἱονεὶ
1188 3352 1338 3428 δριον
1368 3358 1467 3421 τῆς
1524 3351 1790 3425 ἁμαρτίας
1845 3351 2037 3406 ἑαυτοῦ

390 3443 489 3510 τὴν
548 3438 768 3516 καρδίαν
828 3441 1100 3508 ἐποίησενο
1152 3440 1291 3497 ὥστε
1350 3442 1452 3496 οὐκ
1494 3439 1717 3513 ἐξῆλθεν
1775 3440 1881 3496 ἀπὸ
1937 3446 2039 3511 τῆς

391 3527 618 3605 καρδίας
672 3534 769 3584 τοῦ
823 3530 1079 3585 τοιούτου
1110 3531 1139 3585 6
1170 3530 1411 3605 πονηρὸς
1473 3527 1851 3604 διαλογισμὸς.
1885 3528 2043 3588 Οὕτω

394 3617 484 3672 καὶ
515 3616 639 3694 περί
670 3616 885 3688 κλοπῆς
918 3616 1059 3673 ἔστιν
1090 3618 1279 3689 εἰπεῖν,
1311 3618 1399 3673 καὶ
1430 3616 1552 3694 περὶ
1583 3616 2043 3695 εἷ’δωλολατρείας

392 3704 484 3762 καί
544 3707 904 3785 φαρμακείας,
945 3708 1035 3762 καὶ
1094 3706 1193 3762 ὅσα
1249 3705 1394 3763 ἄλλα
1433 3704 1551 3778 εἷ’δη
1613 3706 2043 3781 ἁμαρτημάτων,

395 3794 523 3851 ὅταν
587 3798 663 3870 μὴ
730 3796 986 3873 στὲγηται
1063 3796 1166 3852 ὑπὸ
1237 3801 1333 3852 τοῦ
1405 3797 1680 3870 σώματος,
1747 3794 1874 3852 ἀλλ’
1933 3796 2046 3853 ὥσ-

392 3906 495 3961 περ
529 3889 644 3960 (32)
676 3886 780 3941 ὑπὸ
839 3885 1061 3962 ἀγγείου
1120 3886 1313 3962 ἀραιοῦ
1364 3885 1575 3962 ρἑντα,
1627 3885 1853 3964 φέρηται
1910 3888 2047 3962 πρὸς

389 3974 460 4031 τὰ
488 3972 616 4046 ἔξω.

466 4067 592 4122 244.
627 4062 732 4120 Καὶ
790 4062 937 4119 ἔσται
997 4066 1026 4119 ὁ
1084 4062 1323 4140 φεύγων,
1355 4063 1429 4126 ὠς
1471 4065 1498 4119 ὁ
1530 4064 1742 4140 φεύγων
1772 4063 1878 4120 ἀπὸ
1908 4062 2047 4140 φλο-

394 4155 491 4231 γὸς
548 4155 870 4227 καιομένης.
921 4154 1019 4209 Καὶ
1080 4154 1133 4209 οἱ
1190 4152 1642 4231 καταλειφθέντες
1699 4154 1790 4209 ἀπ’
1848 4153 2046 4229 αὐτῶν,

396 4239 609 4298 ἔσονται
699 4243 981 4318 ἀριθμός,
1037 4242 1127 4298 καὶ
1213 4240 1432 4299 παιδίον
1528 4242 1722 4320 γράψει
1807 4241 2045 4307 αὐτούς.

397 4332 546 4389 Μετὰ
577 4334 694 4405 (33)
721 4332 813 4387 τὸν
876 4331 1206 4409 ἐμπρησμὸν
1266 4332 1357 4387 τὸν
1418 4332 1525 4389 ἀπὸ
1580 4336 1677 4388 τοῦ
1706 4334 1899 4408 πυρὸς,
1930 4338 2047 4397 τοῖς

399 4417 545 4498 ὅρεσι
587 4422 678 4477 καὶ
707 4427 826 4486 τοῖς
859 4423 1077 4497 βουνοῖς
1105 4421 1196 4477 καὶ
1227 4426 1344 4484 τοῖς
1377 4419 1611 4498 δρυμοῖς
1670 4422 2048 4499 ἐγγινόμενον,

397 4512 460 4567 τὸ
520 4511 890 4589 εὐαρίθμητον
942 4510 1089 4588 λέγει
1145 4517 1253 4567 τὼν
1305 4508 1744 4585 διασωζομενων.
1778 4512 1874 4570 Καὶ
1907 4513 2050 4570 οὕτω

400 4597 477 4675 δὲ,
500 4601 686 4680 φησὶν,
721 4601 798 4664 εἷς
831 4601 1063 4678 ἀριθμὸν
1109 4599 1478 4675 εὖσημείωτον
1524 4603 1905 4677 περιστήσεται
1953 4603 2053 4660 αὐ-

469 4765 517 4801 "
544 4763 745 4821 Matth.
778 4781 834 4833 ν,
862 4763 953 4834 28,
1028 4764 1075 4799 ⁸ο
1106 4763 1128 4821 Ι
1157 4766 1285 4820 Cor.
1318 4780 1396 4833 v1,
1430 4762 1516 4819 15.

471 4926 586 4999 (29)
642 4925 881 5000 Antiqui
952 4942 1052 5000 sex
1116 4924 1272 4994 libri,
1332 4924 1627 5000 ἄγνωστον.
1689 4925 1853 5000 Editi
1900 4941 2053 4997 vero,

403 4992 696 5071 ἄγνωστος.
724 4992 886 5064 Ου’οά
918 4998 1127 5071 quina
1154 4992 1536 5071 typograpbis
1561 5000 1779 5054 factum
1811 4999 1910 5067 sit,
1940 4992 2056 5055 non

401 5069 573 5128 valde
617 5071 938 5127 admodum
983 5069 1413 5138 dubitc’.’Nam,
1446 5070 1675 5141 opinor,
1708 5071 2061 5127 verebantur

404 5159 477 5199 ne
502 5143 559 5199 in
593 5142 686 5198 his
715 5143 840 5216 vitii
873 5141 1421 5216 aliquidisubesset;
1456 5141 1528 5216 ob
1558 5141 1860 5216 idque‘eos
1891 5142 2063 5216 ἄγνω-

403 5231 527 5275 στος
572 5232 676 5286 pro
728 5213 1000 5291 ἄγνωστον
1048 5214 1304 5271 edidisse
1348 5213 1664 5291 suspicor}
1699 5213 1813 5291 dici
1864 5213 2059 5291 tamen

402 5285 738 5360 utrumque
773 5285 966 5360 posse,
1000 5303 1175 5360 nemo
1228 5285 1476 5359 paulum
1517 5286 1690 5360 modo
1745 5286 2064 5344 humanior

405 5357 661 5433 negabit.
692 5357 807 5416 Nec
836 5357 1055 5432 graecos
1096 5357 1271 5433 solos,
1306 5360 1402 5414 sed
1454 5361 1513 5414 et
1561 5357 1796 5415 Latinos
1828 5376 2062 5432 quoque

405 5431 613 5488 neutro
644 5431 871 5499 genere,
904 5448 1038 5487 cum
1089 5431 1247 5487 aliud
1300 5446 1368 5485 ex
1418 5433 1941 5503 grammaticorum
1974 5431 2062 5488 re-

446 5505 559 5559 ulis
592 5503 728 5576 poni
759 5503 1082 5576 debuisset,
1111 5520 1248 5559 usos
1279 5509 1527 5573 constat,
1547 5508 1622 5576 ut
1650 5518 1718 5559 ex
1748 5503 1846 5576 illo
1875 5503 2065 5575 Virgi-

430 5577 565 5631 iano
603 5575 827 5647 notum
859 5578 971 5647 est,
1023 5575 1192 5647 Triste
1241 5576 1400 5646 lupus
1445 5575 1702 5647 stabulis.
1748 5575 2064 5647 Aliquanto

410 5648 737 5722 postediti,
761 5640 936 5722 Δπλέον
959 5640 1043 5722 τι.
1078 5640 1314 5702 Veteres
1345 5647 1502 5718 libri,
1534 5644 1727 5702 πλεῖόν
1746 5666 1822 5722 τι.

2147 3372 2247 3412 cor
2274 3355 2433 3411 velut
2461 3355 2554 3411 sui
2594 3354 2813 3426 peccati
2856 3353 3106 3410 limitem
3136 3369 3203 3409 ac
3230 3353 3550 3411 terminum
3583 3354 3792 3424 etfacit,

2153 3428 2236 3500 sic
2270 3449 2334 3499 ut
2362 3443 2632 3515 cogitatio
2677 3461 2854 3516 prava
2883 3459 2913 3499 e
2943 3444 3115 3500 corde
3164 3460 3281 3499 non
3312 3445 3612 3501 exsilierit.
3650 3445 3801 3502 Licet

2154 3538 2347 3590 autem
2380 3532 2463 3587 ita
2490 3531 2649 3603 loqui
2698 3533 2768 3587 de
2817 3532 2990 3603 furto,
3021 3531 3093 3587 de
3139 3530 3492 3603 idololatria,
3527 3532 3597 3589 de
3626 3549 3797 3589 vene-

2156 3623 2314 3690 ficio,
2365 3622 2554 3691 deque
2611 3621 2743 3676 aliis
2801 3620 2860 3675 id
2911 3636 3098 3692 genus
3144 3621 3455 3692 quibusvis
3513 3621 3800 3694 peccatis;

2155 3711 2391 3784 quando
2422 3727 2456 3766 a
2495 3726 2736 3782 corpore
2784 3726 2900 3765 non
2946 3708 3334 3777 occultantur,
3367 3711 3469 3766 sed
3516 3714 3799 3782 tanquam

2154 3818 2185 3857 e
2215 3799 2452 3857 vasculo
2483 3797 2614 3855 laxo
2644 3802 2702 3854 et
2728 3797 2977 3871 fungcso
3008 3797 3330 3870 efﬂuentia,
3354 3798 3509 3855 foras
3538 3815 3804 3873 prorum-

2156 3893 2324 3963 punL

2225 4068 2352 4125 244.
2382 4070 2559 4123 Vsus.
2594 4066 2682 4123 19.
2714 4066 2779 4123 Et
2804 4067 2911 4124 erit
2960 4067 3056 4139 qui
3099 4067 3300 4139 fugiet,
3331 4065 3498 4140 quasi
3524 4067 3747 4140 fugiens
3777 4086 3811 4122 (ι

2154 4159 2384 4229 ﬂamma
2412 4161 2627 4213 urente.
2661 4160 2728 4213 Et
2776 4159 2878 4229 qui
2912 4158 3298 4229 relinquentur
3340 4173 3410 4213 ea:
3460 4158 3619 4229 ipsis,
3649 4165 3810 4214 crum

2155 4264 2442 4317 numerus,
2471 4251 2520 4303 et
2549 4263 2691 4320 puer
2717 4247 2916 4303 scribet
2946 4262 3052 4304 eos.
3078 4251 3213 4303 Post
3243 4251 3495 4313 montes,
3516 4245 3812 4317 collesque

2160 4342 2217 4394 et
2246 4336 2433 4393 saltus
2460 4337 2532 4392 ab
2563 4336 2698 4408 igne
2729 4335 3023 4406 incensos,
3045 4352 3143 4391 eos
3184 4335 3283 4406 qui
3326 4333 3469 4391 salvi
3501 4339 3560 4390 et
3588 4336 3811 4391 incolu-

2162 4443 2286 4484 mes
2316 4424 2628 4491 evaserint,
2646 4424 2817 4482 facile
2846 4441 2977 4481 esse
3008 4425 3406 4481 numerandos
3437 4423 3597 4482 dicit.
3624 4430 3815 4496 Atque

2161 4517 2327 4587 adeo,
2340 4514 2553 4587 inquit,
2569 4515 2639 4570 ad
2659 4530 2972 4570 numerum
2991 4513 3093 4585 qui
3114 4512 3279 4569 facile
3296 4512 3588 4586 assignari
3608 4513 3815 4586 possit,

2164 4605 2463 4678 redigetur
2502 4619 2707 4659 eorum
2756 4617 3041 4659 numerus
3073 4615 3089 4660 :
3120 4602 3270 4661 565
3304 4600 3386 4658 ita
3416 4605 3483 4657 ut
3532 4600 3818 4675 puerulus

2169 4928 2307 5000 Reg.
2341 4924 2662 5000 secundus,
2694 4923 3199 5000 συμπεφορμινους.
3225 4923 3820 5000 Lectionemutram-

2168 4994 2282 5071 que
2313 4997 2492 5071 recipi
2516 5010 2687 5071 posse
2719 4994 2832 5053 ncn
2858 4994 3116 5071 d'ifﬁtecr
3137 4997 3377 5071 quidem
3402 5012 3415 5051 :
3444 4994 3591 5050 mihi
3622 4998 3822 5071 tamen

2169 5067 2369 5128 nescio
2399 5067 2692 5142 quomodo
2724 5070 2914 5142 magis
2959 5067 3819 5142 placet:scriptura-posterior.

2241 5086 2369 5126 scio
2439 5086 2692 5125 uomoao
2724 5086 2914 5142 magis
2959 5086 3149 5142 placet
3190 5086 3483 5140 scriptura
3516 5086 3819 5139 posterior.

2241 5142 2354 5214 (31)
2386 5086 2763 5220 ὔμμε-Βιλρωὶ
2788 5142 2991 5220 cod-ex,
3015 5137 3458 5220 ’ᾼρξάμενοι-μξν.
3477 5137 3823 5220 ἀπὸ-ψυχῆς,

2170 5209 2417 5289 λήγοντα
2432 5209 2504 5289 Δ’δξ
2545 5211 2596 5265 ἐν
2638 5215 2707 5289 τῇ
2746 5209 3277 5289 καρδίᾳίκαὶλόὖδέ.
3494 5214 3565 5289 ut
3592 5209 3650 5266 in
3684 5209 3821 5289 cui}:

2169 5266 2501 5358 tci'tu,’nisi
2546 5266 2707 5358 quod
2733 5266 3001 5358 Voculam
3032 5281 3124 5358 καί
3152 5266 3666 5358 anteparticulam
3701 5278 3825 5335 οὖδὲ

2172 5356 2514 5427 delevimus,
2546 5353 2723 5413 fidem
2754 5357 3086 5427 Henriciani
3119 5353 3338 5412 codicis
3368 5353 3576 5411 secuti.

2244 5431 2356 5555 (632)
2377 5425 2577 5555 609361:
2610 5446 2784 5497 unus,
2806 5425 2932 5483 ἀλλ’
2961 5425 3106 5481 ὅσον.
3131 5427 3340 5483 Statim
3367 5431 3623 5500 quatuor
3654 5442 3823 5491 mss.,

2244 5530 2246 5545 ¹
2286 5522 2310 5555 ς
2341 5522 2371 5555 τ
2435 5521 2459 5554 ε
2492 5520 2559 5555 ω.

2172 5520 2310 5563 προς
2341 5520 2404 5556 το
2435 5520 2559 5563 εξω.

2218 5500 2310 5577 ρὸς
2341 5500 2404 5556 τὸ
2435 5500 2559 5571 ἔξω.

2245 5575 2362 5647 (33)
2391 5573 2567 5640 Editi,
2619 5567 2770 5647 Μετᾶ
2815 5566 3339 5647 γάρ-,Λνρρυὶιξχάρ
3372 5584 3417 5647 ’ᾳ
3466 5567 3681 5647 nostri:
3730 5580 3824 5617 sex

2179 5624 2783 5714 ωὲέῗεῦἑέιῗειέιίω
2828 5624 2997 5708 “editi,
3033 5639 3126 5694 Καὶ
3162 5624 3514 5698 δὲ.Ὀῖ)άίοοε
3546 5641 3824 5714 quinque,

482 5720 595 5798 (30)
620 5718 775 5775 Editi
817 5723 876 5774 et
920 5717 1180 5790 quinque
1210 5734 1380 5789 mss.,
1413 5712 1959 5798 συμπεφορημένους.
1994 5720 2034 5774 Δ

2177 5716 2280 5773 Καὶ
2308 5714 2450 5771 οὕτω
2482 5712 2559 5770 δὲ.
