4150 6402
374 394 493 456 647

1319 380 1717 445 APPENDIX
1758 376 2085 444 OPERUM
2131 380 2196 441 8.
2243 370 2532 440 BASlLlI
2576 368 2852 438 MAGNI.

3680 372 3801 441 848

377 526 477 598 qui
511 538 755 597 prorsus
785 519 932 577 nihil
954 519 1279 592 quidquam
1302 516 1652 572 numerandi
1685 514 1911 588 peritus
1935 512 2031 582 sit,

2161 513 2249 564 τῶν
2280 509 2342 564 τὸ
2372 506 2609 578 πλῆθος,
2643 506 2782 561 ὥστε
2836 506 2927 561 καὶ
2990 505 3093 561 ὑπὸ
3142 502 3389 581 παιδίου,
3423 508 3502 581 μὴ
3560 508 3701 563 πάνυ
3745 529 3802 565 τι

375 618 480 672 aut
508 611 828 679 scribendi,
861 627 959 666 eos
1007 622 1350 664 enumerare
1393 605 1601 678 possit.
1622 608 1790 660 Forte
1838 606 2034 659 autem

371 703 474 776 qui
507 703 659 776 fugit
688 702 760 759 ab
792 698 1082 766 incendio,
1108 697 1289 752 vitam
1320 711 1556 768 pravam
1581 694 1759 750 evitat
1789 709 1894 766 per
1923 707 2038 764 pm-

371 793 708 862 nitentiam,
739 805 965 860 suaque
1018 785 1398 842 conversione
1452 799 1711 850 carnem,
1746 798 1950 855 poenas
1980 785 2038 837 et

376 884 674 940 cruciatus
703 878 813 936 sibi
843 876 1251 945 asciscentem,
1290 873 1523 946 refugit.
1547 872 1827 945 Quisquis
1854 873 2035 941 enim,

376 976 761 1046 posteaquam
796 964 1203 1039 deprehensus
1234 968 1323 1020 est
1364 964 1422 1017 in
1456 962 1731 1034 peccatis,
1765 959 2038 1017 conscius

376 1065 466 1119 est
503 1060 749 1132 dignum
803 1072 866 1112 se
919 1071 1069 1125 esse,
1103 1053 1202 1125 qui
1262 1068 1365 1125 per
1421 1051 1646 1124 virgam
1696 1054 1753 1105 et
1799 1048 2039 1106 verbera

374 1147 911 1218 convertatur,jam
944 1148 1251 1217 peccatum
1284 1146 1568 1213 tanquam
1602 1137 1877 1213 supplicii
1908 1153 2037 1193 ma-

371 1238 585 1296 teriam
616 1236 948 1301 declinans,
982 1233 1134 1306 fugit
1175 1231 1346 1304 quasi
1377 1248 1411 1287 a
1440 1236 1679 1286 ﬂamma
1713 1232 1939 1284 urente.
1968 1227 2041 1282 Et

371 1334 515 1385 tunc
546 1327 648 1399 qui
681 1325 902 1381 fuerint
930 1322 1215 1393 derelicti,
1250 1324 1426 1377 erunt
1456 1335 1762 1389 numerus,
1795 1335 1911 1373 non
1943 1333 2039 1373 so-

369 1417 496 1475 lum
525 1415 707 1489 quod,
729 1413 818 1470 uti
838 1413 1245 1484 exposuimus,
1273 1407 1441 1465 facile
1469 1414 1686 1479 queant
1718 1406 2037 1475 numerari,

374 1507 478 1565 sed
510 1505 691 1563 etiam
725 1503 880 1575 quod
915 1503 985 1557 de
1016 1505 1223 1557 caetero
1257 1499 1380 1554 sint
1410 1497 1594 1571 digni,
1622 1497 1724 1570 qui
1756 1496 1814 1552 in
1838 1512 2041 1552 nume-

375 1612 511 1653 rum
544 1594 892 1651 referantur.
925 1591 1017 1646 Sic
1065 1591 1126 1645 in
1178 1589 1572 1647 Numerorum
1606 1586 1756 1643 libro
1805 1600 2038 1659 pueros,

376 1684 680 1755 mulieres,
724 1699 908 1751 senes,
961 1683 1249 1754 quotquot
1308 1696 1413 1753 per
1470 1682 1698 1735 aetatem
1759 1677 1829 1734 ad
1889 1674 2043 1732 bella

375 1774 651 1831 obeunda
706 1775 875 1828 erant
932 1769 1196 1839 inutiles,
1240 1776 1295 1825 et
1346 1768 1755 1840 promiscuum
1804 1764 2040 1838 vulgus,

376 1869 664 1935 tanquam
696 1879 730 1918 a
760 1858 976 1934 populo
1024 1858 1344 1916 Israelitico
1395 1856 1675 1925 alienum,
1707 1854 2045 1912 invenimus
2072 1900 2119 1966 B

789 1950 800 1961 ο
1061 1965 1064 1966 ,
1151 1965 1154 1966 ,
1219 1946 2039 1966 HW..-__.n___“____,-__

377 1967 755 2026 nequaquam
785 1950 843 2006 in
874 1965 1189 2005 numerum
1217 1947 1354 2021 poni
1377 1946 1421 1983 ει
1447 1965 1461 2016 ;
1489 1947 1588 2003 sed
1617 1946 1916 2003 numerari
1941 1960 2042 2000 eos

380 2042 483 2115 qui
509 2041 571 2097 in
601 2039 755 2096 bello
780 2039 957 2095 fortes
980 2042 1145 2095 erant
1166 2041 1222 2094 et
1251 2037 1499 2105 strenui,
1524 2053 1557 2091 a
1578 2035 1864 2108 vigesimo
1889 2050 2042 2091 anno

381 2135 440 2188 et
482 2147 664 2202 supra
683 2130 750 2185 ⁸³.
776 2130 1022 2200 Insuper
1069 2143 1275 2184 omnes
1326 2125 1560 2182 Israelis
1609 2124 2044 2202 primogenitia

380 2201 587 2277 mense
642 2222 700 2275 et
746 2234 927 2290 supra
974 2215 1536 2273 annumerantur”.
1593 2201 1819 2270 Pariter
1864 2212 2042 2269 etiam

378 2308 587 2366 Levita;
621 2324 655 2364 a
683 2323 886 2364 mense
926 2310 984 2362 et
1027 2321 1227 2378 supra,
1261 2309 1319 2361 et
1348 2304 1450 2377 qui
1504 2303 1920 2360 ministrabant
1949 2319 2043 2359 sa-

381 2398 648 2455 cerdotes
686 2412 876 2469 usque
907 2395 979 2451 ad
1013 2393 1447 2467 quinquaginta
1499 2410 1686 2450 annos
1736 2408 2042 2449 recensen-

379 2492 480 2542 tur
501 2486 566 2538 ⁸⁵.
601 2485 886 2540 Craterum
920 2483 1055 2556 quis
1106 2499 1274 2555 puer,
1317 2499 1434 2538 non
1466 2482 1573 2549 vir,
1603 2498 1791 2554 neque
1842 2497 2042 2549 senex,

384 2592 486 2632 eos
518 2575 619 2647 qui
654 2579 793 2629 sunt
835 2572 1129 2645 ejusmodi
1169 2572 1493 2627 inscribet?
1527 2571 1781 2627 lndicari
1812 2587 1912 2627 eos
1943 2572 2044 2643 qui

386 2664 656 2721 Ecclesia:
706 2661 1129 2735 praeficiuntur,
1177 2661 1476 2733 negaverit
1518 2677 1714 2729 nemo,
1769 2677 1835 2717 eo
1889 2661 2043 2732 quod

381 2752 565 2809 vitam
599 2753 817 2825 degant
866 2750 924 2806 in
971 2750 1307 2807 innocentia
1336 2755 1395 2805 et
1423 2750 1776 2823 integritate,
1803 2754 1860 2807 et
1889 2750 2045 2822 quod

382 2845 623 2915 peccata
646 2840 877 2897 occulta
899 2857 1150 2912 quorum
1182 2841 1385 2895 nullus
1408 2844 1499 2896 est
1522 2840 1689 2895 testis
1723 2839 1833 2896 nisi
1864 2840 1915 2895 is
1945 2838 2047 2912 qui

387 2931 618 2987 abditos
648 2930 937 3002 cujusque
977 2945 1246 2985 recessus
1276 2933 1596 2999 scrutatur,
1630 2928 1743 2984 sibi
1778 2946 1811 2985 a
1842 2946 2045 3001 pecca-

383 3020 613 3077 toribus
656 3019 1105 3075 concredantur.
1139 3018 1242 3073 llic
1297 3016 1442 3073 tales
1494 3021 1583 3073 est
1630 3017 2047 3091 inscripturus,

388 3109 496 3182 qui
527 3107 747 3164 fuerint
764 3106 941 3163 veluti
976 3123 1078 3180 per
1100 3110 1401 3178 peccatum
1422 3105 1737 3162 oblitterati
1764 3123 1829 3162 ac
1852 3105 2049 3177 deleti,

388 3213 489 3254 eos
520 3196 735 3254 iterum
767 3197 1003 3253 scribet.
1029 3196 1138 3263 Qui
1190 3195 1448 3269 fugerint
1496 3196 1858 3263 incendium,
1892 3213 2047 3252 rece-

2148 597 2290 673 μηδὲ
2336 598 2474 674 πρὸς
2520 598 2584 652 τὸ
2618 595 2893 673 ἀριθμεῖν,
2933 592 3072 672 μηδὲ
3102 598 3209 669 (34)
3240 595 3462 675 γράφειν
3524 595 3804 675 ἐμπείρως

2145 685 2393 764 ἔχοντος,
2441 684 2695 741 δύνασθαι
2745 685 2944 750 αὐτοὺς
2988 685 3398 763 ἀπογραφῆναι.
3450 688 3611 763 Τάχα
3659 684 3719 742 δὲ
3774 688 3807 743 ὁ

2146 777 2354 857 φεύγων
2383 775 2615 832 ἀπὸτοῦ
2659 775 3016 850 ἐμπρησμοῦ⁹
3046 779 3113 850 τῇ
3176 776 3435 849 μετανοίᾳ
3480 774 3664 853 φεύγει
3711 775 3807 831 τὸν

2145 867 2385 943 πονηρὸν
2424 864 2563 943 βίον,
2596 864 2686 920 καὶ
2716 868 2785 940 τῇ
2817 862 3121 944 ἐπιστροφῇ
3150 865 3249 934 τήν
3279 864 3621 934 κολάζουσαν
3679 863 3811 941 σάρ-

2144 977 2215 1013 κα
2242 958 2355 1029 (35)
2389 952 2803 1031 ἀποδιδράσκει.
2835 960 2947 1018 Πᾶς
2975 955 3078 1031 γὰρ
3110 955 3138 1008 ὁ
3174 954 3309 1028 μετὰ
3335 955 3398 1009 τὸ
3440 952 3810 1032 καταληφθῆ-

2144 1048 2375 1121 ναι
2425 1045 2477 1100 έν
2532 1046 2912 1119 ἁμαρτήμασι,
2949 1043 3369 1119 συναισθόμενος
3419 1044 3613 1101 ἑαυτοῦ
3659 1044 3810 1117 ἀξίου

2148 1130 2301 1199 ὄντος
2344 1140 2445 1205 τῆς
2490 1134 2541 1189 ἐν
2594 1128 2781 1210 ῥάϐδῳ
2812 1133 2903 1188 καὶ
2939 1136 3157 1210 μάστιγι
3205 1131 3564 1213 ἐπιστροφῆς,
3597 1134 3808 1212 φεύγων

2144 1226 2245 1295 τὴν
2305 1223 2596 1299 ἁμαρτίαν,
2656 1223 2732 1286 ὡς
2787 1220 2926 1295 ὕλην
2983 1221 3287 1291 κολάσεως,
3330 1222 3515 1298 φεύγει
3571 1223 3648 1287 ὡς
3704 1223 3813 1281 ἀπὸ

2148 1312 2350 1393 φλογὸς
2380 1313 2700 1386 καιομένης.
2734 1311 2832 1368 Καὶ
2863 1313 2989 1368 τότε
3044 1313 3097 1367 οἱ
3151 1308 3596 1390 καταλειφθέντες
3655 1312 3806 1369 ἴσον·

2145 1425 2235 1460 ται
2268 1403 2524 1480 ἀριθμὸς,
2559 1406 2621 1458 ού
2656 1401 2823 1476 μόνον
2867 1398 2954 1457 διὰ
3002 1402 3063 1457 τὸ
3110 1401 3506 1478 εὐαρίθμητον,
3540 1403 3612 1465 ὡς
3666 1402 3801 1460 ἀπο·-

2151 1490 2485 1567 δεδώκαμεν,
2515 1491 2661 1548 ἀλλά
2712 1493 2800 1548 καὶ
2855 1488 2946 1547 διὰ
2985 1492 3050 1548 τὸ
3102 1490 3297 1548 λοιπὸν
3349 1488 3490 1566 ἄξιοι
3539 1492 3672 1549 ε’ίναι
3724 1494 3803 1556 εἰς

2151 1583 2383 1660 ἀριθμὸν
2457 1576 2956 1655 ἀναλαμϐάνεσθαι.
3015 1582 3105 1646 Ὠς
3186 1581 3239 1637 ἐν
3310 1584 3381 1657 τῇ
3456 1576 3638 1657 βίϐλῳ
3702 1586 3808 1637 τῶν

2152 1673 2431 1745 Ἀριθμῶν
2485 1671 2815 1747 εὑρήκαμεν,
2865 1667 3055 1726 παιδία
3121 1671 3211 1726 καὶ
3266 1676 3523 1746 γυναῖκας
3578 1669 3670 1726 καὶ
3721 1673 3809 1749 γέ-

2152 1781 2361 1836 ροντας,
2395 1759 2512 1816 ὅσοι
2542 1763 2641 1831 τὴν
2695 1759 2972 1836 ἄχρηστον
3024 1759 3077 1816 ἐν
3125 1758 3396 1835 πολέμοις
3429 1755 3653 1837 ἔχουσιν
3684 1759 3815 1832 ἡλι-

2151 1853 2293 1923 κίαν,
2344 1852 2431 1907 καὶ
2483 1853 2575 1907 τὸν
2619 1851 2906 1926 ἐπίμικτον
2963 1852 3040 1916 ὡς
3093 1849 3389 1928 ἀλλότριον
3435 1856 3535 1908 τοῦ
3589 1850 3813 1931 Ἰσραὴλ

2152 1938 2258 2012 ἔξω
2302 1941 2627 2016 ἀφιεμένους
2672 1945 2769 1996 τοῦ
2841 1942 3207 2015 ἀριθμεῖσθαι,
3256 1941 3698 2019 ἀριθμουμένους
3758 1941 3816 1998 δέ

2150 2031 2277 2093 τοὺς
2309 2032 2414 2086 ἀπὸ
2446 2031 2794 2095 είκοσαετοῦς
2821 2031 2913 2086 καὶ
2945 2029 3127 2086 ἐπάνω
3159 2028 3420 2095 δυνατοὺς
3451 2030 3504 2087 ἐν
3552 2030 3811 2107 πολέμῳ.

2154 2122 2252 2176 Καὶ
2285 2122 2337 2176 οἱ
2369 2121 2717 2197 πρωτότοκοι
2772 2123 2870 2175 τοῦ
2901 2118 3123 2197 Ἰσραὴλ
3176 2121 3374 2185 πάντες
3433 2122 3810 2198 ἀριθμοῦνται,

2154 2211 2260 2266 ἀπὸ
2323 2210 2601 2285 μηνιαίου,
2633 2209 2725 2265 καὶ
2782 2208 2984 2268 ἐπάνω.
3015 2209 3256 2285 Ὁμοίως
3303 2209 3394 2267 καὶ
3453 2212 3509 2266 οἳ
3566 2217 3808 2283 Λευῖται,

2153 2299 2259 2355 ἀπὸ
2294 2298 2575 2373 μηνιαίου,
2608 2300 2695 2354 καὶ
2758 2297 2938 2355 ἐπάνω
2962 2321 2974 2334 ’
3004 2301 3092 2355 καὶ
3147 2302 3200 2356 οἱ
3246 2300 3689 2378 λειτουργοῦντες
3729 2302 3809 2357 ἱε-

2155 2394 2268 2464 ρεῖς
2320 2385 2425 2451 ἕως
2476 2390 2817 2460 πεντήκοντα
2896 2388 3030 2444 ἐτῶν
3095 2388 3475 2465 ἀριθμοῦνται.
3534 2396 3697 2447 Ποῖον
3752 2388 3810 2446 δέ

2153 2475 2371 2534 παιδίον
2420 2479 2619 2554 γράψει
2663 2477 2790 2541 τοὺς
2837 2477 3147 2552 τοιούτους,
3180 2477 3288 2555 οὐχ
3329 2480 3357 2534 ὁ
3406 2480 3567 2557 ἀνὴρ,
3607 2478 3727 2536 οὐδὲ
3777 2480 3806 2534 ὁ

2154 2563 2462 2644 πρεσϐύτης
2495 2570 2641 2643 (37);
2673 2565 2867 2632 Οὐδεὶς
2909 2570 3135 2646 ἀντερεῖ·
3185 2568 3313 2632 τοὺς
3355 2574 3700 2647 προεστῶτας
3755 2568 3807 2624 ἐν

2152 2662 2223 2733 τῇ
2272 2655 2594 2730 Ἐκκλησία,
2625 2655 2713 2713 διὰ
2749 2659 2812 2713 τὸ
2853 2658 2906 2713 έν
2961 2658 3157 2731 ἀκακία
3203 2655 3427 2734 διάγειν,
3469 2660 3560 2714 καὶ
3601 2657 3691 2715 διὰ
3748 2660 3810 2714 τὸ

2156 2747 2497 2803 πιστεύεσθαι
2540 2750 2654 2822 (38)
2686 2748 2832 2823 παρά
2881 2752 2989 2803 τῶν
3049 2748 3453 2825 ἡμαρτηκότων
3511 2750 3580 2805 τὰ
3634 2748 3812 2826 ἀπόρ-

2159 2837 2317 2915 ῥητα,
2352 2838 2424 2891 ὧν
2460 2834 2637 2899 οὐδεὶς
2693 2838 2918 2913 μάρτυς,
2950 2838 2996 2893 εί
3034 2839 3108 2911 μή
3141 2840 3170 2893 ὁ
3199 2841 3267 2894 τὰ
3313 2838 3524 2913 κρυπτὰ
3580 2838 3809 2894 ἑκάστου

2159 2925 2603 3004 διερευνώμενος.
2647 2928 2822 2990 Οὗτος
2871 2927 3064 3004 γράψει
3108 2928 3233 2990 τοὺς
3279 2926 3582 2995 τοιούτους,
3631 2925 3802 2981 οἱονεὶ

2159 3015 2563 3094 ἐξαλειφθέντας
2619 3014 2709 3072 διὰ
2763 3024 2865 3088 τῆς
2934 3018 3200 3093 ἁμαρτίας
3233 3036 3245 3049 ·
3302 3014 3464 3072 πάλιν
3549 3014 3801 3092 ἐγγράψει

2156 3105 2283 3168 τοὺς
2311 3107 2402 3161 τὸν
2435 3105 2765 3181 ἐμπρησμὸν
2811 3106 3099 3183 φυγόντας,
3130 3107 3219 3162 καὶ
3266 3107 3362 3175 τήν
3409 3102 3498 3161 διὰ
3541 3111 3644 3174 τῆς
3706 3124 3804 3178 με·

2157 3195 2377 3259 τανοίας
2400 3194 2684 3271 κάθαρσιν,
2717 3196 2886 3252 οἱονεὶ
2911 3200 3020 3273 πῦρ
3050 3192 3389 3251 ἀναλωτικῦν
3430 3200 3530 3264 τῆς
3582 3191 3811 3266 ἐνυπαρ-

389 3287 700 3359 perintque
731 3286 1212 3359 expurgationen:
1248 3285 1587 3357 poenitentia
1619 3291 1848 3358 partam
1881 3285 2046 3356 quasi

2161 3282 2374 3361 χούσης
2423 3270 2561 3355 ὕλης
2620 3289 2728 3340 τῶν
2774 3270 2999 3357 κακῶν,
3031 3281 3387 3358 δεξαμένους*
3438 3284 3634 3361 γράφει
3688 3281 3817 3344 τοὺς

388 3375 606 3447 ignem,
631 3380 780 3431 tales
811 3375 862 3430 is
890 3375 981 3448 qui
1007 3374 1391 3430 inhaerentem
1418 3374 1707 3431 malorum
1742 3376 2050 3432 materiam

392 3464 675 3535 absumit,
708 3465 1043 3520 conscribit.
1086 3466 1198 3519 Aut
1244 3465 1492 3520 fortasse
1542 3464 1682 3536 quia
1712 3465 2056 3521 scribuntur

385 3551 448 3608 in
499 3551 649 3608 libro
696 3553 849 3616 vitae,
883 3560 940 3609 et
988 3570 1106 3609 una
1155 3569 1289 3609 cum
1313 3553 1499 3625 justis
1551 3552 1960 3609 inscribuntur
1989 3553 2052 3626 ii,

389 3641 490 3714 qui
522 3641 685 3716 digni
713 3645 872 3708 sunt,
905 3643 1002 3712 qui
1049 3641 1341 3698 Altissimi
1374 3642 1609 3698 dextera
1644 3647 2053 3714 numerentur,

387 3746 574 3802 Operae
606 3730 861 3803 pretium
890 3730 1061 3786 fuerit
1085 3746 1257 3787 nosse
1288 3729 1446 3786 hunc
1469 3730 1888 3787 salvandorum
1913 3734 2057 3788 scri-

388 3819 547 3887 bam,
575 3819 674 3890 qui
699 3818 883 3891 justis
918 3820 1025 3875 fert
1056 3836 1248 3891 opem,
1282 3836 1349 3875 ac
1380 3820 1622 3876 nomina
1649 3836 1851 3876 eorum
1889 3821 1990 3892 qui
2023 3839 2057 3878 a

389 3909 590 3982 pravis
622 3909 900 3981 operibus
930 3909 1309 3981 resipiscunt,
1334 3909 1392 3964 in
1420 3908 1699 3964 caelorum
1724 3909 1874 3965 libro
1904 3910 2057 3967 inse-

394 3999 494 4054 rit.
523 3997 757 4054 Gaudete
778 3998 956 4069 enim,
982 3999 1194 4069 inquit,
1219 3998 1360 4069 quod
1387 4000 1619 4055 nomina
1643 4007 1821 4055 vestra
1843 4002 2057 4069 scripta

388 4091 519 4143 sunt
566 4089 625 4143 in
683 4087 917 4145 caelis”.
950 4087 1233 4151 Quisnam
1290 4087 1473 4160 igitur
1526 4105 1671 4160 puer
1731 4089 2054 4161 proborum

402 4177 646 4234 nomina
679 4178 740 4233 in
763 4177 923 4234 ctelis
947 4177 1203 4234 scribere
1225 4178 1459 4250 potest?
1482 4179 1686 4234 Nonne
1711 4178 1827 4251 ille,
1852 4180 1923 4235 de
1940 4196 2056 4252 quo

406 4268 627 4324 dictum
660 4271 749 4324 est
780 4286 793 4323 :
825 4269 1099 4324 Parvulas
1126 4276 1289 4323 natus
1318 4271 1396 4323 est
1424 4270 1607 4337 nobis,
1640 4268 1790 4339 ﬁlius
1818 4272 1867 4325 et
1897 4269 2057 4325 datus

391 4361 477 4412 est
504 4356 662 4414 nobis
680 4356 771 4411 3‘?
800 4357 949 4412 Puer
990 4357 1091 4413 ille
1138 4362 1246 4428 est,
1279 4372 1456 4428 quem
1509 4358 1822 4414 adoravere
1857 4359 2054 4431 magi;

2159 3374 2467 3437 τοιούτους.
2490 3376 2557 3432 Ἠ
2597 3374 2741 3451 τάχα
2777 3372 2967 3444 ἐπειδὴ
3016 3374 3069 3429 ἐν
3123 3368 3307 3449 βίϐλῳ
3358 3378 3503 3444 ζωῆς
3541 3373 3654 3446 (39)
3684 3372 3820 3448 γρά-

2168 3484 2384 3543 φονται,
2419 3464 2509 3519 καὶ
2540 3469 2657 3527 τοῖς
2691 3461 2925 3528 δικαίοις
2954 3465 3407 3540 συνεγγράφονται
3462 3463 3514 3518 οἱ
3557 3460 3695 3533 ἄξιοι
3724 3465 3822 3516 τοῦ

2168 3553 2519 3628 ἀριθμεῖσθαι
2585 3553 2731 3629 παρὰ
2785 3560 2888 3624 τῆς
2944 3550 3119 3625 δεξιᾶς
3191 3557 3290 3608 τοῦ
3327 3553 3618 3628 Ὑψίστου,
3676 3550 3823 3623 ἄξιόν

2169 3642 2281 3698 ἐστι
2338 3650 2532 3713 νοῆσαι
2594 3646 2706 3717 (40)
2757 3642 2964 3721 γραφέα
3011 3643 3122 3698 τῶν
3176 3642 3538 3716 σωζομένων,
3598 3661 3825 3696 συνανα-

2170 3726 2517 3807 λαμϐάνοντα
2592 3738 2709 3796 τοῖς
2790 3730 3045 3802 δικαίοις,
3103 3732 3195 3787 καὶ
3253 3731 3717 3808 ἐγκατατάσσοντα
3762 3732 3830 3785 τά

2168 3820 2414 3895 ὀνόματα
2442 3825 2550 3877 τῶν
2584 3820 3013 3901 ἐπιστρεφόντων
3047 3821 3154 3877 ἀπὸ
3181 3826 3289 3878 τῶν
3330 3824 3591 3897 πονηρῶν
3650 3818 3825 3898 ἔργων

2165 3908 2218 3966 ἐν
2258 3915 2329 3986 τῇ
2388 3907 2573 3985 βίϐλῳ
2623 3916 2731 3967 τῶν
2788 3912 3055 3988 οὐρανῶν.
3087 3913 3319 3988 Χαίρετε
3364 3912 3488 3989 γὰρ,
3521 3910 3707 3989 φησὶν,
3740 3908 3824 3965 ὅτι

2161 4000 2229 4055 τὰ
2296 3999 2541 4075 ὀνόματα
2594 4001 2746 4076 ὑμῶν
2801 4001 3166 4079 ἐγγέγραπται
3227 3999 3278 4057 ἐν
3354 4006 3474 4065 τοῖς
3546 4000 3820 4075 οὐρανοῖς.

2166 4094 2333 4144 Ηοῖον
2368 4088 2468 4145 οὖν
2500 4088 2718 4146 παιδίον
2760 4090 2811 4147 ἐν
2844 4097 2960 4154 τοῖς
2999 4092 3253 4169 οὐρανοῖς
3304 4089 3528 4169 γράφειν
3575 4090 3643 4145 τά
3699 4087 3823 4143 ὀνό-

2170 4200 2313 4253 ματα
2344 4176 2567 4235 δύναται
2619 4185 2729 4237 τῶν
2785 4179 3108 4255 εὐδοκίμων,
3140 4183 3174 4253 ἢ
3207 4182 3332 4257 περὶ
3360 4180 3423 4236 οὗ
3477 4177 3706 4255 ἐλέχθη,
3738 4177 3823 4233 ὅτι

2165 4265 2394 4326 Παιδίον
2475 4267 2735 4346 ἐγεννήθη
2812 4273 2995 4345 ἡμῖν,
3060 4272 3174 4334 υίὸς
3248 4270 3338 4326 καὶ
3414 4267 3574 4341 ἐδόθη
3634 4271 3771 4343 ἡμῖν
3807 4314 3821 4342 ,

2168 4357 2340 4413 ἐκεῖνο
2386 4358 2451 4413 τὸ
2493 4356 2737 4431 παιδίον,
2771 4360 2801 4416 ’ὀ
2850 4361 2905 4416 οἱ
2957 4360 3120 4438 μάγοι
3168 4359 3598 4438 προσεκύνησαν,
3631 4358 3825 4432 ἐκεῖνο,

458 4516 505 4553 ⁸1
537 4514 712 4572 Num.
748 4534 788 4588 ι,
818 4518 876 4585 2,
907 4517 973 4586 3;
1014 4534 1171 4589 xxxi,
1201 4519 1258 4574 2.
1332 4519 1380 4555 ³³
1414 4518 1591 4578 Num.
1627 4536 1715 4588 ιιι,
1747 4520 1837 4576 40.
1915 4521 1962 4557 ⁸³
1989 4520 2046 4577 ib

2169 4521 2253 4579 15.
2331 4521 2380 4558 ⁸⁴
2411 4521 2585 4581 Num.
2621 4539 2700 4596 ιν,
2734 4524 2789 4579 3.
2864 4523 2911 4560 ⁸³
2938 4523 3076 4581 Luc.
3107 4540 3163 4579 κ.
3199 4525 3289 4580 20.
3365 4524 3411 4560 ⁸⁸
3441 4523 3556 4581 Isa.
3586 4540 3665 4592 ιι,
3691 4523 3745 4578 6.

457 4675 572 4820 (34)
604 4678 842 4759 Veteres
874 4676 1100 4749 aliquot
1127 4677 1287 4747 libri,
1324 4674 1464 4752 μηδέ
1495 4678 1631 4753 πρὸς
1659 4676 1742 4736 τό.

458 4748 551 4820 (35
594 4748 749 4803 Editi
771 4753 829 4804 et
848 4749 1034 4804 nostri
1057 4751 1159 4806 sed
1185 4768 1352 4820 mss.,
1374 4751 1473 4819 τὴν
1495 4748 1742 4819 κολάζου

458 4748 572 4821 (35)
594 4748 749 4803 Editi
766 4753 829 4825 et
848 4749 1034 4804 nostri
1057 4751 1159 4825 sed
1185 4748 1352 4822 mss.,
1374 4751 1473 4825 τὴν
1495 4748 1833 4819 κολάζουσαν
1858 4751 2048 4825 σάρκα,

385 4835 606 4896 carnem
636 4822 1022 4896 castigantem.
1046 4824 1155 4896 Sed
1187 4839 1297 4879 vox
1323 4822 1659 4891 κολάζουσαν
1684 4825 1821 4896 jure
1851 4822 2053 4896 suspe-

388 4898 481 4968 cta
503 4894 737 4968 videtur
758 4894 1268 4968 Combetisiofzipro
1291 4914 1409 4968 qua
1430 4914 1543 4952 non
1566 4894 1789 4952 invitus
1811 4894 2050 4968 legeret,

386 4961 813 5035 κολακεύουσαν,
845 4982 1073 5021 carnem
1104 4961 1494 5025 blandientem.
1540 4969 1658 5035 Ego
1707 4961 1905 5025 autem
1937 4961 2049 5025 du;

388 5036 921 5113 biumnonhabeo
954 5038 1097 5109 quin
1142 5039 1237 5093 hic
1278 5041 1442 5097 locus
1472 5057 1540 5096 ex
1572 5036 1846 5113 ProcOpio
1877 5041 2050 5097 resti-

388 5110 989 5185 tuendussithupud
1046 5127 1245 5185 quem,
1297 5130 1426 5185 pag.
1475 5115 1596 5180 170,
1650 5110 2046 5185 ἱῐιιἸοείῐυτε

387 5176 576 5306 ῧεύγει
601 5180 700 5248 τὴν
722 5176 1282 5266 κολάζουσανφλόγα,
1297 5176 1450 5255 ’Ῑυῦἱι
1470 5176 1724 5241 ultricem
1742 5176 2048 5256 ﬂamvmam.

440 5257 666 5306 ostrum
686 5254 795 5306 hoc
823 5255 1110 5306 iudlcium
1135 5255 1380 5306 miriﬁce
1406 5256 1756 5306 conﬁrmant
1778 5274 1906 5306 cum
1931 5274 2047 5306 non

440 5257 666 5329 ostrum
686 5254 795 5309 hoc
813 5254 1110 5329 judicium
1135 5254 1380 5329 mirifice
1406 5254 1756 5329 confirmant
1778 5274 1906 5329 quas
1931 5274 2048 5314 non

387 5321 471 5403 ita
500 5323 687 5403 multo
720 5321 851 5403 post
880 5325 1179 5403 leguntur,
1214 5325 1395 5403 φεύγει
1420 5326 1495 5389 ὡς
1527 5325 1632 5403 ἀιπρ
1664 5321 1870 5402 φλογὸς
1894 5348 2046 5403 καιο-

393 5393 759 5477 μέηαείιιθῐι
797 5393 1023 5477 ιιιιαεῗρ
1051 5393 1716 5477 [ῖᾳηὶνὴςι-ξινεηιεηΝιιὼ
1760 5393 2047 5477 posterio-

388 5465 564 5545 ribus
588 5465 695 5522 bis
711 5465 904 5545 verbis
926 5471 998 5525 ad
1031 5465 1227 5545 priora
1248 5471 1371 5538 illa,
1393 5469 1482 5525 καὶ
1512 5474 1580 5545 τῇ
1614 5465 1915 5545 ἐπιστροφῇ
1946 5473 2043 5542 τὴν

388 5534 747 5608 κολάζουσαν,
781 5543 917 5608 etc.,
951 5534 1296 5614 scriptorem
1339 5534 1607 5600 nostrum
1651 5534 1916 5601 alludere
1944 5534 2048 5603 ob-

390 5626 632 5690 scurum
664 5617 916 5690 nonest.
941 5617 1017 5690 Ex
1046 5631 1163 5690 quo
1194 5617 1347 5690 effici
1378 5617 1630 5690 videtur,
1660 5621 1725 5673 ut
1753 5634 1856 5690 pro
1878 5616 2048 5689 σάρκα

388 5682 505 5757 legi
537 5686 804 5757 oporteat

2163 4684 2425 4759 veterum
2456 4681 2744 4759 librorum
2769 4686 3186 4759 auctoritatem
3203 4684 3440 4742 retineri
3468 4702 3643 4759 posse
3666 4685 3824 4759 arbi-

2162 4754 2297 4811 trati
2321 4771 2563 4825 sumus;
2581 4759 2632 4814 si
2654 4756 2841 4830 prius,
2855 4759 3151 4830 quomodo
3172 4756 3340 4815 locus
3356 4754 3573 4832 corrigi
3589 4758 3819 4829 debeat,

2162 4843 2560 4885 maneremus.

2231 4900 2347 4977 (36)
2379 4900 2483 4977 Sic
2519 4899 2750 4957 codices
2768 4905 2936 4977 _tres.
2972 4900 3085 4957 Alii
3134 4899 3412 4977 totidem,
3448 4899 3823 4977 καταλειφθῆ-

2159 4969 2614 5050 ναι-ιφηειιςέιιε-
2633 4977 2733 5030 est.
2768 4973 2939 5050 Editi,
2970 4969 3522 5050 προκαταληφθῆναι.

2232 5042 2347 5120 (ξῖ)
2375 5045 2619 5120 Antiqui
2649 5050 2768 5100 tres
2800 5040 2957 5114 libri,
2985 5040 3115 5101 οὐδὲ
3145 5045 3174 5099 ὁ
3198 5040 3457 5120 πρέσϐυς.

2230 5115 2346 5187 (38)
2376 5115 2550 5188 Editi
2585 5122 2642 5173 et
2699 5126 2813 5174 tres
2871 5136 3040 5188 mss.,
3090 5115 3456 5181 πιστεύεσθαι.
3504 5117 3617 5174 Alii
3675 5122 3823 5188 tres,

2158 5184 2607 5263 ἐμπιστεύεσθαι.
2641 5189 2881 5263 Insigne
2925 5184 3340 5248 testimonium
3388 5192 3450 5246 in
3502 5189 3597 5245 bis
3629 5184 3823 5247 verbis

2158 5259 2444 5342 contineri
2475 5259 2852 5342 arbitramur
2877 5281 2889 5320 :
2924 5281 3064 5336 quo,
3097 5263 3148 5318 si
3172 5280 3209 5342 ιι
3241 5263 3625 5342 prejudicata
3655 5263 3821 5342 omni

2158 5331 2434 5403 opinione
2474 5331 2623 5390 liber
2652 5334 2731 5390 sit
2759 5331 3015 5403 animus,
3050 5331 3439 5392 confessionis
3471 5335 3825 5392 auricularis

2157 5403 2480 5479 antiquitas
2511 5410 2711 5479 aperte
2743 5407 2978 5479 probari
3009 5408 3216 5479 possit.

2229 5421 2480 5528 .ngunas
2511 5421 2711 5479 aperte
2743 5421 2978 5479 pronam
3009 5421 3216 5479 possit.

2229 5475 2286 5546 (3
2322 5475 2471 5552 isis
2501 5477 2690 5552 nostri
2728 5496 2882 5552 mss.
2906 5495 3135 5552 omnes.
3168 5477 3343 5552 Editi,
3377 5475 3429 5532 ἐν
3467 5471 3651 5552 βίϐλῳ
3684 5475 3817 5548 ζών.

2153 5546 2544 5629 τωχλξρξᾴοφ
2577 5550 2716 5629 Reg.
2749 5549 2984 5629 tertius,
3000 5546 3407 5629 _£ﬁp_a'tpov'tut.'

2227 5618 2341 5693 (40)
2370 5622 2546 5693 Editi,
2576 5618 2769 5695 νοῆσαι
2800 5618 2978 5695 ἡμᾶς.
2996 5618 3209 5681 Βόᾶίιῖί
3232 5623 3394 5679 nullo
3424 5622 3623 5679 codice
3653 5637 3818 5695 repe-

852 5682 1339 5771 φλόγαδιιιίοιξυὶρ
1370 5689 1528 5771 enim
1580 5682 1736 5771 alter
1753 5682 1955 5771 'locus'
1973 5691 2047 5771 ad
2156 5682 2271 5749 rire
2301 5682 2621 5771 est_vocem
2650 5682 2973 5769 ἡμᾶς.”Ηοο
3003 5696 3134 5771 ipso
3161 5696 3223 5753 in
3252 5696 3380 5755 loco
3411 5694 3553 5769 Reg.
3576 5682 3815 5768 tertius,

390 5755 643 5814 alterum
666 5755 875 5813 referri
892 5755 1005 5813 non
1040 5755 1257 5829 posset.
1290 5760 1624 5818 Leetionem
1642 5760 1939 5835 vulgatam
1969 5763 2043 5820 ob
2156 5763 2482 5845 συγγραφέα.
