4150 6394
367 402 483 466 549

1211 397 1612 462 COMMENT.
1665 399 1742 460 IN
1790 401 2058 462 ISAlAM
2104 401 2610 464 PROPHETAM.
2656 403 2825 464 CAP.
2875 405 2948 463 X.

3667 406 3789 469 εθο

370 534 399 588 ὃ
426 532 694 603 κατῆλθεν
723 531 799 594 εἰς
835 531 1130 607 Αἴγυπτον,
1161 531 1250 586 καὶ
1279 531 1552 600 ἐπανῆλθε
1583 532 1747 586 πάλιν
1795 531 1869 593 εἶς
1917 531 2014 597 τήν

2141 532 2250 598 ille,
2287 535 2383 603 qui
2419 536 2718 589 descrndit
2767 537 2819 589 in
2874 542 3209 608 fligi-plum,
3244 544 3300 593 et
3349 539 3520 593 rediit
3567 539 3782 594 iterum

365 629 470 698 γῆν
505 621 764 698 Ἰσραήλ;
797 619 1034 676 Πολλῶν
1069 619 1158 676 οὖν
1194 619 1448 675 ἐπινοιῶν
1481 620 1654 675 οὐσῶν
1687 624 1783 676 τοῦ
1816 620 2019 694 Κυρίου

364 715 527 786 ἡμῶν
557 712 649 768 καὶ
687 700 948 786 Σωτῆρος
981 712 1160 781 Ἰηςοῦ
1205 711 1440 784 Χριστοῦ
1487 712 1620 784 (41),
1651 706 1706 764 ἓν
1757 708 1867 764 ἐστι
1913 713 2019 764 τῶν

364 803 481 858 κατ’
512 802 677 856 αὐτὸν
713 801 1022 872 νοουμένων
1080 799 1170 854 καὶ
1227 800 1289 854 τὸ
1344 797 1560 854 παιδίον
1593 799 1623 852 ’ὀ
1672 797 1865 874 γράψει
1894 797 2022 860 τοὺς

367 889 820 969 προσεχομὲνους
866 888 954 944 διὰ
981 895 1081 958 τῆς
1116 887 1511 963 μετανοίαςξξτῇ
1560 892 1657 942 τοῦ
1713 892 1847 943 Θεοῦ
1903 885 2028 941 ἐπι-

365 981 583 1058 γνώσει.

439 1127 588 1182 245.
647 1121 747 1180 Καὶ
823 1120 970 1176 ἔσται
1051 1120 1103 1176 ἐν
1161 1126 1230 1194 τῇ
1307 1121 1490 1196 ἡμὲρᾳ
1562 1119 1737 1196 ἐκείνῃ
1774 1164 1788 1191 ,
1847 1118 2028 1175 οὐκέτι

374 1213 790 1290 προστεθήσεται
869 1211 931 1264 τὸ
1004 1209 1365 1285 καταλειφθὲν
1440 1215 1540 1265 τοῦ
1620 1207 1890 1284 Ἰσραὴλ,
1937 1209 2027 1264 καὶ

375 1305 426 1358 οἱ
507 1300 764 1366 σωθέντες
847 1305 944 1355 τοῦ
1012 1295 1208 1356 Ἰακὼϐ
1289 1299 1468 1354 οὐκέτι
1546 1301 1620 1371 μή
1710 1293 2030 1362 πεποιθότες

372 1392 501 1446 ὦσιν
581 1390 669 1446 ἐπὶ
744 1391 870 1452 τοὺς
949 1387 1315 1460 ἀδικήσαντας
1405 1387 1646 1457 αὐτοὺς,
1705 1386 1834 1443 ἀλλ’
1885 1384 2028 1443 ἔσον-

369 1500 458 1536 ται
515 1479 836 1543 πεποιθότες
890 1478 977 1534 ἐπὶ
1035 1479 1126 1534 τὸν
1217 1478 1344 1534 Θεὸν
1403 1477 1493 1532 τὸν
1558 1479 1708 1553 ἅγιον
1767 1482 1865 1533 τοῦ
1921 1480 2027 1534 Ἰσ-

377 1567 522 1646 ραὴλ
606 1572 676 1635 τῆ
758 1567 1035 1640 ἀληθεὶᾳ.
1097 1567 1200 1624 Καὶ
1296 1563 1442 1623 ἔσται
1525 1567 1588 1623 τὸ
1672 1565 2030 1642 καταλειφθὲν

379 1662 478 1713 τοῦ
557 1651 752 1713 Ἰακὼϐ
833 1655 923 1712 ἐπὶ
1007 1657 1134 1713 Θεὸν
1217 1657 1484 1732 ἰσχύοντα
1517 1698 1528 1711 .
1593 1661 1788 1734 Σαφῶς
1864 1660 2032 1711 ταῦτα

383 1747 472 1802 ἐπὶ
549 1746 677 1810 τοὺς
741 1747 1134 1824 ἀφισταμένους
1221 1749 1320 1814 τῆς
1404 1750 1648 1821 πονηρᾶς
1729 1745 1979 1822 ἐργασίας
2014 1790 2029 1816 ,

380 1836 470 1892 καὶ
558 1837 932 1912 μετατιθέντας
1015 1835 1102 1892 ἐπὶ
1185 1837 1314 1891 Θεὸν
1405 1840 1580 1904 ζῶντα
1657 1837 1756 1904 τὴν
1827 1836 2028 1890 ἑαυτῶν

2131 621 2190 676 in
2250 629 2463 678 terram
2525 625 2788 681 Israel".
2824 627 3024 696 Itaque
3087 629 3352 682 notiones
3410 632 3480 684 de
3543 630 3786 684 Domino

2134 716 2334 766 nostro
2366 715 2423 767 et
2466 713 2763 769 Servatore
2813 714 2953 770 Jesu
2986 715 3217 772 Christo
3249 717 3445 772 multae
3478 734 3610 773 cum
3645 720 3785 788 sint,

2133 815 2254 853 una
2283 815 2483 854 earum
2526 805 2583 856 et
2623 799 2725 856 illa
2755 807 2845 857 est
2877 818 2889 856 :
2926 819 3072 873 puer
3101 808 3211 872 est,
3247 805 3344 876 qui
3390 805 3659 861 inscribit
3687 823 3786 861 eos

2136 888 2234 958 qui
2295 905 2398 960 per
2450 888 2850 961 paenitentiam
2898 893 2971 947 ad
3025 892 3126 948 Dei
3178 893 3572 967 cognitionem
3623 909 3789 953 acce-

2135 977 2302 1032 dunt

2208 1121 2363 1178 566
2394 1121 2517 1178 245.
2542 1121 2716 1180 Vsas.
2751 1124 2842 1193 20,
2874 1123 2963 1178 21.
2996 1125 3060 1180 Ει
3107 1127 3215 1180 erit
3262 1127 3320 1181 in
3367 1126 3461 1183 die
3509 1129 3638 1196 illa,
3678 1143 3787 1186 non

2137 1211 2292 1266 ultra
2322 1211 2619 1282 adﬁcietur
2659 1212 2938 1268 residuum
2985 1214 3170 1283 Israel,
3201 1223 3255 1270 el
3284 1217 3382 1286 qui
3407 1220 3552 1272 salvi
3577 1220 3790 1288 fuerint

2135 1317 2206 1356 ex
2233 1301 2394 1357 Jacob
2445 1317 2556 1357 non
2601 1301 2760 1358 ultra
2805 1302 3067 1372 ﬁduciam
3110 1303 3385 1360 habebunt
3434 1307 3492 1360 in
3535 1309 3648 1362 illis
3697 1309 3794 1378 qui

2138 1392 2284 1462 ipsos
2331 1391 2546 1458 iniuria
2593 1392 2926 1462 affecerunt;
2968 1391 3060 1447 sed
3107 1392 3361 1460 ﬁduciam
3414 1394 3684 1452 habebunt
3730 1398 3794 1453 in

2140 1480 2242 1535 Deo
2273 1488 2464 1537 sancto
2492 1481 2672 1536 Israel
2704 1482 2762 1536 in
2791 1481 3046 1536 veritate.
3080 1482 3142 1537 El
3173 1483 3281 1537 erit
3321 1483 3600 1539 residuum
3626 1486 3793 1541 Jacob

2139 1569 2200 1622 in
2252 1570 2418 1624 Deum
2469 1573 2686 1640 loriam.
2724 1569 2853 1625 Haec
2911 1569 3136 1642 liquido
3197 1572 3529 1628 referuntur
3575 1576 3647 1629 ad
3695 1591 3796 1632 eos

2141 1659 2242 1730 qui
2275 1674 2336 1714 se
2367 1660 2439 1714 ab
2488 1675 2663 1731 opere
2712 1675 2888 1730 pravo
2937 1659 3292 1716 submovent
3322 1667 3380 1716 et
3409 1678 3575 1733 spem
3624 1680 3796 1720 suam

2140 1747 2505 1804 transferunt
2536 1749 2593 1803 in
2625 1748 2810 1804 Deum
2839 1749 3160 1804 viventem.
3188 1749 3495 1808 Enimvero
3516 1768 3647 1808 cum
3671 1769 3800 1825 pec-

2141 1854 2367 1903 camus,
2395 1838 2664 1894 hostibus
2686 1839 3069 1910 adjungimus
3091 1855 3196 1895 nos
3216 1839 3396 1910 ipsos,
3419 1846 3475 1896 et
3505 1842 3562 1896 in
3596 1842 3668 1898 iis
3694 1843 3796 1914 qui

379 1909 603 1996 ἐλπίδα,
649 1929 749 1997 τὴν
811 1926 1081 2003 ἀναφορὰν
1143 1923 1282 2000 ἔχει.
1343 1926 1749 2000 Προστιθὲμεθα
1806 1921 1864 1978 δὲ
1920 1927 2029 1998 (42)

2143 1927 2313 1983 nobis
2345 1928 2622 1998 injuriam
2655 1926 2932 1993 inferunt,
2963 1927 3238 1983 ﬁduciam
3270 1931 3634 2000 reponimus.
3671 1931 3790 1986 Cir-

379 2017 430 2072 οἱ
462 2017 862 2090 ἁμαρτάνοντες
913 2019 1030 2076 τοῖς
1079 2013 1394 2087 πολεμίοις,
1425 2013 1514 2068 καὶ
1560 2014 1890 2088 πεποίθαμεν
1944 2013 2032 2069 ἐπὶ

374 2110 494 2167 τοῖς
523 2102 800 2160 ἀδικοῦσιν
832 2106 1000 2176 ἡμᾶς.
1032 2103 1283 2178 Πονηρός
1321 2125 1406 2165 τις
1456 2102 1801 2178 περιέρχεται
1835 2101 2030 2177 δαιμό-

377 2215 484 2250 νων
530 2194 780 2269 στρατὸς,
810 2192 898 2248 διὰ
944 2197 1052 2248 τῶν
1093 2196 1192 2258 τῆς
1241 2190 1447 2262 ἡδονῆς
1497 2190 1878 2266 δελεασμάτων
1935 2194 2032 2256 τὰς

377 2284 556 2360 ψυχὰς
595 2286 756 2358 ἡμῶν
784 2282 1307 2361 καταστρεφόμενος.
1341 2281 1570 2344 Τούτοις
1628 2284 2030 2359 προστιθέντες,

382 2373 562 2448 ὥσπερ
595 2370 784 2436 παῖδες
817 2373 1041 2444 ἀνόητοι
1081 2378 1197 2436 τοῖς
1229 2369 1709 2449 ἀνδραποδισταῖς,
1740 2373 1791 2427 οἳ
1824 2370 2034 2427 πολλά-

378 2485 465 2526 κις
521 2462 745 2540 παίγνιά
793 2485 915 2518 τινα
961 2460 1187 2518 παιδικά
1260 2459 1632 2538 προδείξαντες
1691 2460 2030 2532 ἐξηπάτησαν

381 2553 507 2616 τοὺς
560 2550 776 2622 παῖδας,
812 2552 899 2608 καὶ
956 2551 1148 2628 «regem
1205 2553 1532 2622 ποιήσαντες
1577 2556 1682 2606 τῶν
1730 2550 2030 2629 ὀφθαλμῶν

378 2647 485 2698 τῶν
519 2646 819 2718 πατρικῶν,
853 2639 941 2697 διὰ
964 2649 1063 2710 τῆς
1096 2641 1146 2696 ἐν
1195 2639 1368 2714 ὀλίγῳ
1396 2641 1636 2714 τέρψεως
1680 2641 1876 2714 πικράν
1932 2641 2034 2695 αὐ-

380 2737 496 2794 τοῖς
551 2731 942 2788 κατεσκεύασαν
999 2728 1270 2786 δουλείαν.
1333 2730 1714 2806 Προστιθὲντες
1771 2733 1883 2804 (43)
1939 2728 2029 2785 οὗν

381 2822 620 2877 κάκεῖνοι
649 2827 766 2884 τοῖς
817 2819 1085 2890 ἀδικοῦσι,
1113 2821 1200 2875 καὶ
1235 2823 1398 2893 ἡμεῖς
1426 2821 1504 2892 τῷ
1553 2817 1878 2893 δελεάσματι
1933 2826 2034 2890 τῆς

381 2909 584 2982 ἡδονῆς
608 2907 993 2988 προσέχοντες,
1030 2908 1376 2986 μακρύνομεν
1435 2908 1656 2972 ἑαυτοὺς
1711 2907 1818 2962 ἀπὸ
1874 2914 2031 2980 Θεοῦ,

377 3001 469 3057 καὶ
497 3004 567 3075 τῇ
612 2999 802 3076 βαρείᾳ
856 2997 1127 3075 τυραννίδι
1185 3003 1282 3054 τοῦ
1338 2998 1714 3074 ἀπαραιτήτου
1769 2995 2032 3072 δαίμονος

385 3089 606 3152 ἑαυτοὺς
639 3084 1056 3161 ὑποϐάλλομεν·
1081 3089 1140 3149 ὃς
1192 3084 1379 3154 ἐπειδὴ
1413 3084 1738 3162 κατάκριτός
1787 3086 1898 3141 ἐστι
1954 3091 2032 3158 τῷ

385 3175 593 3250 αῗωνίῳ
624 3177 778 3253 πυρὶ,
825 3175 1075 3238 πολλοὺς
1117 3175 1418 3253 φιλονεικεῖ
1455 3173 1600 3249 ἔχειν
1654 3175 1779 3236 τοὺς
1831 3195 2032 3250 συγκα-

2143 2016 2263 2072 cuit
2293 2016 2600 2088 improbus
2631 2015 2870 2088 quidam
2896 2016 3226 2071 daamonum
3256 2017 3674 2090 exercitus,qui
3704 2036 3797 2076 vo-

2144 2105 2393 2179 luptatis
2426 2105 2717 2160 illecebris
2747 2104 2978 2160 animas
3015 2109 3250 2160 nostras
3280 2111 3524 2162 evertat.
3562 2109 3658 2164 His
3689 2109 3795 2164 ad-

2135 2195 2468 2267 jungimur,
2494 2193 2734 2266 perinde
2755 2199 2819 2247 ut
2845 2193 3007 2264 pueri
3030 2193 3204 2248 rudes
3227 2211 3294 2250 ac
3313 2194 3568 2266 imperiti
3591 2198 3798 2268 adjun-

2143 2289 2291 2356 gunt
2312 2299 2374 2339 se
2396 2281 2716 2354 plagiariis,
2736 2282 2835 2353 qui
2857 2283 3196 2353 crepundiis
3220 2283 3577 2354 quibusdam
3605 2291 3795 2342 osten-

2143 2375 2226 2430 sis
2259 2372 2607 2444 plerumque
2637 2387 2850 2443 pueros
2883 2370 3178 2442 decepere,
3203 2377 3258 2426 et
3290 2373 3488 2443 procul
3525 2391 3558 2429 a
3589 2390 3795 2446 paren-

2142 2468 2268 2520 tum
2301 2460 2487 2518 oculis
2519 2461 2825 2527 abductos,
2861 2477 2960 2532 per
2991 2461 3219 2516 brevem
3253 2459 3702 2520 oblectationem
3735 2464 3793 2520 in

2143 2567 2404 2608 amaram
2437 2554 2768 2622 pertraxere
2795 2549 3157 2606 servitutem.
3185 2550 3598 2623 Adjunguntur
3619 2553 3796 2624 igitur

2141 2647 2198 2698 et
2229 2642 2311 2696 illi
2343 2657 2407 2696 se
2450 2638 2668 2710 injuria
2715 2638 3136 2707 efﬁcientibus;
3173 2656 3280 2696 nos
3311 2657 3542 2714 quoque
3591 2645 3661 2698 ad
3695 2660 3792 2699 vo-

2143 2729 2388 2804 luptatis
2420 2728 2662 2785 illicium
2697 2733 2954 2784 mentem
2986 2728 3369 2801 appellantes,
3400 2733 3794 2805 nosmetipsos

2142 2837 2316 2893 quam
2348 2817 2692 2890 longissime
2712 2817 3100 2874 subducimus
3122 2835 3156 2874 a
3175 2817 3315 2885 Deo,
3337 2835 3403 2874 ac
3437 2837 3542 2876 nos
3574 2824 3794 2878 acerbas

2142 2909 2520 2966 inexorabilis
2568 2907 2850 2963 daamonis
2898 2906 3197 2978 tyrannidi
3247 2908 3596 2978 subjicimus
3641 2927 3654 2965 :
3694 2912 3794 2984 qui

2143 3017 2277 3056 cum
2309 2999 2387 3055 sit
2416 2997 2536 3069 igni
2560 3001 2793 3067 {interno
2829 2995 3124 3063 addictus,
3161 2994 3359 3067 plures
3391 2997 3670 3070 supplicii
3699 3004 3792 3058 sui

2143 3087 2332 3144 socios
2365 3086 2580 3142 habere
2619 3089 2882 3141 conatur.
2919 3083 3120 3154 Itaque
3151 3084 3221 3140 de
3250 3083 3324 3140 iis
3356 3103 3504 3157 quos
3553 3090 3794 3159 poenitet

2143 3177 2292 3233 male
2324 3179 2608 3242 actorum,
2633 3173 2794 3241 dicit,
2819 3173 2974 3244 quod
3009 3172 3048 3226 ii
3074 3172 3175 3243 qui
3209 3173 3393 3229 relicti
3415 3180 3473 3231 et
3498 3176 3642 3232 salvi
3677 3179 3793 3236 fue-

379 3264 844 3340 ταδικαζομὲνους
895 3263 1061 3337 αὐτῷ.
1112 3262 1242 3339 Περὶ
1304 3260 1394 3316 οῦν
1448 3266 1556 3317 τῶν
1620 3263 2026 3336 μετανοούντων

2143 3266 2282 3337 rint,
2315 3281 2430 3320 non
2453 3264 2579 3335 jam
2612 3261 2869 3334 amplius
2900 3261 3322 3334 adjungantur,
3358 3279 3462 3319 nec
3493 3264 3552 3320 in
3583 3266 3656 3322 iis
3688 3269 3793 3341 qui

385 3356 571 3429 φησὶν,
604 3353 689 3409 ὅτι
747 3354 931 3408 οὑκετι
978 3353 1442 3426 προστεθήσονται
1491 3352 1544 3406 οἱ
1589 3351 2034 3430 καταλειφθέντες

381 3442 471 3497 καὶ
502 3443 556 3498 οἱ
586 3444 866 3514 σωθὲντες,
900 3438 1025 3496 οὐδὶ
1085 3442 1160 3513 μὴ
1218 3438 1578 3495 ἐπελπίσωσιν
1614 3442 1726 3515 (44)
1764 3439 1852 3496 ἐπὶ
1904 3442 2032 3506 τοὺς

385 3529 770 3602 ἀδικήσαντας,
804 3527 932 3586 ἀλλ’
981 3527 1190 3584 ἔσονται
1243 3531 1564 3593 πεποιθὸτες
1621 3529 1708 3584 ἐπὶ
1756 3532 1847 3586 τὸν
1902 3531 2030 3586 Θεὸν

383 3621 476 3677 τὸν
506 3621 656 3696 ἅγιον
695 3623 792 3676 τοῦ
823 3617 1044 3694 Ἰσραὴλ
1092 3621 1160 3692 τῇ
1199 3617 1451 3690 ἀληθείᾳ.
1497 3619 1802 3694 Μακάριος,
1850 3619 1878 3674 ὁ
1925 3622 2028 3676 πά-

379 3731 479 3783 σης
513 3707 736 3773 ἐλπίδος
766 3713 872 3764 τῶν
900 3709 1036 3763 κατᾶ
1059 3707 1150 3762 τὸν
1175 3706 1380 3780 κόσμον
1413 3710 1604 3762 τοῦτον
1655 3708 1839 3764 ἑαυτὸν
1891 3711 2029 3764 ἀπο-

377 3802 599 3872 στήσας,
629 3799 718 3854 καὶ
755 3799 925 3872 μόνην
959 3793 1326 3872 ἔχωνὶαυτοῦ
1383 3794 1579 3852 ἐλπίδα
1608 3797 1699 3852 τὸν
1729 3800 1842 3872 (45)
1874 3799 2026 3858 Θεόν.

377 3890 465 3954 Ὠς
517 3889 618 3965 γὰρ
679 3887 1103 3962 Ἐπικατάρατος
1178 3887 1485 3961 ἄνθρωπος,
1543 3887 1603 3948 ὃς
1673 3888 1773 3956 τὴν
1833 3885 2031 3944 ἐλπίδα

377 3975 494 4056 ἔχει
555 3975 970 4050 ἐπ’ἅνθρωποψ
1007 3973 1179 4038 οὕτως
1241 3972 1610 4049 εὐλογημένος
1669 3976 1697 4030 ὁ
1754 3975 2032 4054 ἐπιστηρις

379 4068 603 4142 ζόμενος
661 4072 738 4140 τῷ
793 4065 1010 4142 Κυρίῳ’
1043 4065 1131 4134 Μὴ
1194 4063 1378 4137 μέντοι
1430 4065 1608 4140 ἀργῶς
1667 4062 2026 4141 παραδράμῃς

374 4159 475 4226 τὴν
535 4157 880 4233 προσθήκην.
947 4156 1200 4210 ’Έσονται
1256 4153 1360 4230 γὰρ
1395 4197 1410 4224 ,
1470 4154 1652 4230 φησὶ,
1711 4155 2028 4220 πεποιθότες

377 4245 464 4301 ἐπὶ
521 4246 610 4301 τὸν
666 4245 794 4300 Θεὸν
849 4243 938 4299 τὸν
996 4245 1147 4320 ἅγιον
1206 4247 1304 4298 τοῦ
1355 4241 1578 4318 Ἰσραὴλ
1644 4248 1713 4318 τῇ
1773 4244 2026 4317 ἀληθείᾳ.

377 4337 458 4393 Οὐ
489 4335 588 4412 γὰρ
621 4331 931 4409 ἐπιδέχεται
975 4331 1453 4410 ἐπαμφοτερισμὸν
1484 4334 1519 4403 ἡ
1553 4331 1630 4395 εἰς
1662 4335 1789 4389 Θεὸν
1847 4332 2026 4403 ὶλπὶς,

378 4423 504 4480 οὐδὲ
531 4422 884 4499 καταδέχεται
918 4423 946 4478 ὁ
981 4422 1176 4497 Κύριος
1224 4419 1536 4497 ὁλόκληρον
1595 4424 1694 4492 τὴν
1755 4425 1879 4500 παρ’
1912 4425 2030 4480 ἑαυ-

373 4519 473 4572 τοῦ
502 4515 761 4591 παρεχειν
827 4513 1082 4588 βοήθειαν
1142 4509 1222 4584 τῷ
1269 4512 1402 4566 ποτὲ
1449 4512 1544 4585 μὶν
1599 4511 1684 4567 ἐπὶ
1743 4515 2024 4590 χρήμασιν

374 4604 662 4676 ἠλπικότι,
694 4604 785 4659 καὶ
817 4600 943 4676 δόξῃ
968 4600 1280 4676 ἀνθρωπίνῃ
1340 4602 1430 4655 καὶ
1485 4598 1711 4674 δυνάμει
1766 4607 1836 4677 τῇ
1893 4604 2028 4660 κατὰ

373 4695 604 4768 κόσμον,
635 4693 768 4748 ποτὶ
821 4689 879 4746 δὶ
921 4689 1076 4745 σύτὸν
1129 4690 1203 4752 ὠς
1265 4686 1464 4745 ἐλπίδα
1513 4690 1704 4746 ἑαυτοῦ
1738 4693 1848 4764 (46)
1883 4713 2020 4769 προ-

375 4779 733 4856 ϐαλλομὲνῳ·
797 4778 943 4836 ἀλλὰ
1003 4777 1085 4834 δεῖ
1142 4778 1418 4850 ἀληθινῶς
1475 4778 1906 4836 ἐπαναπαύεσθαι
1952 4786 2021 4857 τῇ

375 4875 523 4950 παρά
574 4876 671 4928 τοῦ
729 4874 862 4928 Θεοῦ
908 4869 1154 4944 βοηθείᾳ.
1189 4868 1296 4924 Καὶ
1329 4865 1498 4937 ἔσται,
1531 4869 1686 4948 φησὶ,
1739 4871 1801 4926 τὸ
1859 4892 2024 4926 κατα-

377 4961 591 5042 λειφθὶν
677 4964 774 5016 τοῦ
832 4953 1028 5015 Ἰακὼϐ
1109 4957 1197 5013 ἐπὶ
1273 4958 1401 5014 Θεὸν
1483 4957 1763 5034 ἰσχύοντα.
1830 4964 2025 5038 Σαφῶς

446 5174 490 5213 ³⁷
520 5173 726 5232 Matth.
759 5190 822 5246 II,
853 5170 913 5228 11
947 5187 1080 5245 sqq.
1156 5169 1200 5208 ⁸⁸
1227 5167 1347 5228 Jer.
1379 5184 1520 5243 xvn,
1551 5168 1605 5227 5.
1683 5169 1729 5207 ⁸9
1759 5168 1926 5228 Rom.
1959 5187 2040 5241 χι,
2069 5171 2126 5227 5.

445 5400 555 5474 (41)
586 5399 775 5474 Codex
800 5414 976 5474 unus,
998 5393 1221 5474 _Kuplou_
1244 5393 1407 5470 ἡμῶν
1441 5394 1620 5466 Ἰησοῦ
1664 5391 2024 5474 Χριστοῦικαὶ

375 5467 638 5546 Σωτῆρος
661 5473 816 5525 Θεοῦ.
847 5467 967 5546 Nec
995 5467 1300 5546 ila'multo
1321 5473 1456 5543 post
1485 5467 1804 5546 tresmss.2
1827 5467 2022 5542 γράψει

374 5540 571 5606 αὐτοὺς
619 5541 1114 5618 προσερχομίνους.
1164 5541 1275 5597 Alii
1321 5540 1467 5608 tres,
1499 5541 1691 5617 γράψει
1732 5540 2022 5616 τοὺςπρο-

377 5613 769 5690 σερχομένουςο
1007 5688 1013 5690 _
1060 5683 1070 5690 .
1132 5684 1274 5690 μ-.-
1554 5681 1563 5690 .

504 5681 682 5760 ‘1)'Sic
713 5701 856 5760 mss.
890 5683 1094 5760 nostri.
1131 5684 1278 5760 Editi
1311 5701 1467 5760 vero,
1500 5681 1625 5759 γάρ.

473 5692 552 5760 42)
587 5692 682 5744 Sic
713 5701 856 5742 mss.
890 5692 1094 5740 nostri.
1131 5692 1278 5740 Editi
1311 5701 1467 5753 vero,
1500 5692 1625 5759 γάρ.

445 5692 562 5839 (43)
593 5757 832 5832 Antiqui
872 5772 973 5814 sex
1011 5755 1168 5828 libri,
1199 5755 1598 5833 Προστιθᾶντες.
1633 5754 1809 5824 Editi,
1842 5757 2020 5832 Προσ-

2141 3355 2202 3410 in
2235 3371 2297 3410 se
2328 3352 2603 3424 injuriam
2646 3349 2911 3422 jecerint,
2945 3366 3110 3422 spem
3150 3367 3319 3408 suam
3352 3353 3658 3423 collocent,
3689 3360 3789 3414 sed

2146 3446 2256 3502 Deo
2289 3446 2489 3500 sancto
2537 3441 2714 3498 Israel
2744 3441 2803 3496 in
2830 3439 3074 3496 veritate
3099 3441 3416 3498 conﬁdant.
3457 3448 3666 3502 Beatus
3693 3446 3793 3504 ille

2140 3531 2542 3606 est,qui,omni
2567 3546 2670 3603 spe
2694 3545 2889 3585 rerum
2913 3530 3346 3587 mundanarum
3366 3549 3400 3588 a
3416 3549 3478 3589 se
3495 3534 3787 3610 submota,

2142 3623 2378 3680 unicam
2414 3637 2578 3694 spem
2611 3635 2780 3676 suam
2810 3618 2872 3674 in
2914 3619 3098 3675 Deum
3128 3621 3370 3676 confert.
3395 3624 3788 3687 Quemadmo-

2140 3716 2282 3768 dum
2315 3711 2472 3768 enim
2521 3709 2837 3765 Maledicta:
2873 3712 2953 3764 est
2989 3708 3171 3775 homo,
3195 3712 3293 3786 qui
3336 3727 3486 3782 spem
3533 3712 3699 3770 habet
3727 3717 3789 3771 in

2140 3804 2360 3860 homine
2382 3800 2427 3836 ⁸⁸
2456 3816 2468 3855 :
2493 3799 2576 3854 ita
2596 3797 2938 3854 benedictus
2958 3801 3181 3870 est,qui
3214 3799 3485 3856 innititur
3516 3802 3784 3861 Domino.

2138 3894 2355 3950 Verum
2386 3906 2458 3946 ne
2489 3887 2883 3961 perfunctorie
2927 3887 3230 3944 transilias
3261 3904 3390 3960 quis
3423 3892 3792 3965 subjungun-

2139 3987 2238 4039 tur
2268 3980 2442 4037 verba
2474 3995 2486 4034 :
2523 3977 2807 4034 Fiduciam
2845 3977 3002 4032 enim
3047 3977 3258 4050 inquit,
3292 3977 3569 4037 habebunt
3599 3985 3658 4038 in
3688 3983 3794 4040 Deo

2136 4079 2319 4128 sancto
2369 4068 2537 4126 Israel
2569 4069 2630 4123 in
2660 4067 2902 4123 veritate.
2939 4067 3080 4139 Spes
3119 4067 3276 4123 enim
3326 4068 3383 4124 in
3436 4069 3551 4127 Deo
3605 4074 3796 4144 posita

2140 4161 2393 4216 alternas
2423 4157 2578 4214 vices
2625 4172 2743 4212 non
2775 4156 3055 4222 admittit,
3092 4173 3196 4211 nec
3229 4156 3509 4214 Dominus
3541 4161 3798 4217 sustinet

2137 4249 2429 4320 integram
2461 4261 2628 4302 suam
2652 4260 2822 4316 opem
2855 4244 2905 4298 ei
2935 4244 3219 4315 ferre,qui
3252 4246 3424 4302 modo
3457 4248 3697 4318 quidem
3731 4251 3792 4305 in

2139 4337 2425 4410 pecuniis,
2459 4340 2516 4391 et
2545 4334 2605 4389 in
2636 4333 2820 4404 gloria
2852 4333 3109 4388 humana
3147 4337 3324 4406 atque
3357 4335 3416 4390 in
3449 4337 3652 4392 mundi
3685 4355 3796 4410 po-

2137 4431 2347 4483 testate
2397 4440 2563 4498 spem
2618 4439 2788 4480 suam
2839 4421 3170 4490 constituit,
3203 4425 3377 4481 modo
3421 4442 3559 4483 vero
3613 4428 3792 4483 Deum

2136 4521 2416 4588 tanquam
2449 4529 2615 4586 spem
2644 4512 2756 4568 sibi
2780 4512 3054 4584 proponit
3079 4529 3091 4568 :
3119 4514 3220 4570 sed
3253 4520 3480 4586 oportet
3501 4521 3564 4572 ut
3584 4533 3714 4574 vere
3734 4517 3794 4572 in

2138 4605 2239 4662 Dei
2268 4603 2483 4660 auxilio
2513 4601 2897 4673 conquiescat
2921 4601 2986 4655 θθ.
3013 4602 3076 4658 Ει
3105 4604 3232 4672 erit,
3268 4602 3482 4676 inquit,
3513 4607 3800 4662 residuum

2133 4694 2294 4751 Iacob
2326 4695 2388 4748 in
2429 4693 2599 4748 Deum
2649 4692 2875 4760 fortem.
2911 4695 3040 4746 Haec
3090 4691 3398 4764 perspicue
3429 4695 3498 4749 ad
3532 4711 3630 4751 ess
3661 4696 3796 4751 reli-

2135 4783 2306 4855 quias
2337 4797 2486 4854 quas
2517 4777 2834 4851 Apostolus
2883 4778 3162 4852 reliquias
3205 4782 3532 4837 secundum
3563 4781 3796 4839 electio-

2135 4888 2269 4928 nem
2298 4871 2498 4944 gratisa
2545 4873 2731 4937 vocat,
2766 4869 3118 4938 referuntur,
3153 4870 3237 4927 uti
3269 4873 3444 4927 verba
3483 4871 3792 4943 sequentia

2135 4961 2458 5018 declarant.

2135 5392 2872 5542 Ῠίίῗίιῗδοάίοθξρωηςξρ
2928 5459 3052 5542 Oiei,
3113 5462 3186 5542 μὴ
3248 5461 3634 5542 ἐφελπίσωσιν,
3684 5471 3787 5526 aut

2133 5534 2519 5594 ἐπελπίσωσιν.
2555 5539 2726 5601 Editi,
2759 5534 2889 5610 onst
2916 5534 3469 5610 μήγέτιάλπίσῖουσιν.

2205 5611 2318 5680 (45)
2353 5610 2514 5666 Unus
2563 5610 2760 5681 codex,
2809 5606 3058 5663 ἐπὶτόν.
3096 5611 3310 5666 Ibidem
3366 5611 3528 5681 editi,
3563 5611 3780 5665 Ἐπικα-

2129 5676 2374 5757 τάρατος
2404 5681 2610 5757 ἀνὴρ...
2645 5676 2811 5757 ἔχων.
2843 5682 2915 5757 At
2965 5699 3108 5757 mss.
3141 5699 3242 5740 sex
3274 5683 3358 5738 uti
3406 5686 3466 5742 in
3511 5676 3780 5741 contextu

2202 5751 2316 5828 (46)
2346 5751 2536 5812 Codex
2568 5751 2829 5826 quidam,
2864 5751 3058 5828 ἑαυτῷ.
