4150 6368
390 336 503 399 551
1360 334 1755 397 APPENDIX
1796 333 2124 397 OPEBUM
2170 336 2236 397 S.
2281 334 2563 400 BASlLll
2611 332 2882 399 MAGNI.
3695 338 3815 402 55!

398 473 565 525 ταῦτα
607 468 697 524 ἰπὶ
742 469 806 526 τὸ
851 470 999 545 παρὰ
1040 472 1140 522 τοῦ
1167 464 1512 524 Ἀποστόλου
1556 463 1945 539 ὠνομασμένον
1990 462 2205 539 λεῖμμα
2234 467 2352 522 κατ’
2383 465 2621 538 ἐκλογὴν
2650 467 2880 544 χάριτος
2909 467 3005 536 τήν
3041 467 3311 546 ἀναφορὰν
3340 466 3479 543 ἔχει,
3513 468 3589 533 ὡς
3645 466 3818 541 δηλοῖ

397 559 463 613 τὰ
493 557 703 630 ἐφεξῆς.

467 580 777 706 27:12.3
796 651 884 718 22,
913 650 1002 706 23.
1026 649 1087 702 Et
1124 648 1173 703 si
1208 649 1379 719 luerit
1421 648 1657 720 papulas
1685 647 1860 703 Israel
1888 663 2022 719 quas

2230 649 2356 705 246.
2390 648 2487 702 Καὶ
2549 645 2636 702 ἐὰν
2696 646 2917 722 γένηται
2974 647 3001 701 ὁ
3059 644 3192 710 λαὸς
3255 645 3477 723 Ἰσραὴλ
3531 646 3811 723 ὡςήἅμο

397 753 572 794 arena
627 741 825 809 maris,
873 740 1124 810 reliquiae
1171 754 1361 793 eorum
1401 737 1787 793 salvabuntur.
1824 736 2025 792 Verbum

2164 758 2266 810 μος
2340 743 2439 807 τῆς
2518 735 2791 808 θαλάσσης
2826 780 2840 805 ,
2897 736 2960 792 τὸ
3016 736 3364 811 κατάλημμα
3438 737 3616 793 αὐτῶν
3702 759 3811 794 σω-

398 829 547 884 enim
578 843 979 894 consummans,
1014 831 1068 881 et
1116 826 1406 881 abrevians
1455 827 1515 881 in
1560 827 1838 896 justitiam
1866 842 1885 878 :
1918 826 2025 895 qui:

2162 827 2381 897 θήσεται
2419 869 2432 884 ,
2512 825 2690 902 Λόγον
2776 827 2880 902 γὰρ
2965 824 3235 881 συντελῶν
3322 827 3411 881 καὶ
3500 828 3808 901 συντέμνων

396 918 620 974 verbum
647 917 1028 973 abbrevialum
1054 918 1226 987 [aciei
1255 917 1522 971 Dominus
1554 917 1612 969 in
1643 923 1747 971 toto
1774 924 2025 971 terrarun

2158 915 2210 970 ἰν
2272 913 2587 992 δικαιοσύνῃ
2623 960 2638 986 ,
2697 914 2779 971 ὅτι
2838 913 3007 990 λόγον
3084 914 3519 990 συντετμημένον
3588 919 3812 989 ποιήσει

398 1006 759 1064 orbe.Paucis
775 1005 1136 1062 dictionibus
1154 1004 1503 1071 immutatis,
1522 1002 1838 1076 Apostolus
1858 1003 1917 1057 in
1942 1020 2025 1058 sua

2158 1005 2356 1080 Κύριος
2410 1006 2461 1062 ἐν
2518 1010 2587 1081 τῇ
2646 1002 2940 1080 οἴκουμένῃ
2976 1004 3096 1080 ὅλῃ.
3133 1005 3356 1081 Ὀλίγας
3412 1004 3582 1078 λέξεις
3645 1028 3809 1081 μετα-

393 1095 465 1152 ad
506 1097 803 1152 Romanos
851 1094 1116 1167 Epistola
1165 1112 1310 1151 usus
1364 1101 1453 1151 est
1508 1094 1616 1149 hac
1670 1092 1960 1149 sententia
1980 1093 2044 1150 νο.

387 1186 548 1253 Quod
580 1185 629 1240 si
657 1185 954 1257 quispiam
989 1202 1228 1241 causam
1260 1189 1505 1257 quaerat,
1529 1200 1633 1238 cur
1662 1182 1774 1239 alia
1806 1182 2045 1254 quidem

384 1274 847 1347 pratermiserit,
869 1275 984 1331 alia
1005 1292 1139 1330 vero
1162 1275 1492 1331 immutarit
1513 1273 1863 1346 Apostolus;
1897 1270 2045 1327 illud

389 1364 632 1432 noverit,
652 1379 810 1431 eum,
830 1381 964 1420 cum
988 1364 1463 1432 Hebraeusiesset,
1481 1380 1542 1419 se
1568 1363 1642 1418 iis
1663 1361 2041 1432 editionihus,

384 1452 604 1525 quibus
635 1469 743 1509 nos
775 1453 1019 1523 utimur,
1061 1452 1352 1509 serviliter
1398 1469 1511 1508 non
1562 1450 1857 1507 addixisse
1892 1467 1904 1506 :
1938 1451 2040 1507 sed

384 1558 518 1599 cum
563 1543 918 1599 sententiam
969 1541 1229 1613 aliquam
1284 1541 1785 1611 interpretaretur,
1820 1544 1884 1594 ut
1930 1538 2041 1595 sibi

380 1630 544 1686 venit
565 1631 623 1686 in
649 1636 927 1702 mentem,
947 1632 1027 1686 ita
1050 1630 1397 1687 reddidisse.
1423 1631 1493 1686 Et
1513 1629 1753 1701 quidem
1770 1628 2044 1684 videntur

2154 1096 2346 1167 τιθεὶς,
2377 1095 2553 1169 τούτῳ
2608 1096 2688 1167 τῷ
2742 1094 2892 1171 ῥητῷ
2949 1096 3061 1169 (47)
3105 1093 3157 1150 ἐν
3209 1098 3278 1169 τῇ
3336 1095 3470 1170 πρὸς
3501 1095 3811 1171 Ῥωμαίους

2156 1184 2459 1260 Ἐπιστολῇ
2519 1186 2546 1239 6
2601 1183 2936 1246 Ἀπόστολος
2995 1187 3391 1263 συνεχρήσατο.
3427 1186 3551 1243 Ἐὰν
3609 1183 3668 1241 δέ
3722 1209 3807 1251 τις

2156 1273 2389 1348 ἔπιζητῇ
2420 1275 2518 1343 τὴν
2553 1274 2727 1330 αἰτίαν
2761 1272 2833 1329 δι’
2870 1275 2931 1328 ’ἓν
2961 1274 3029 1330 τὰ
3088 1274 3183 1346 μὲν
3231 1281 3466 1349 παρῆκε,
3494 1276 3562 1330 τὰ
3610 1273 3667 1331 δὶ
3712 1277 3803 1332 ἇν-

2154 1362 2391 1437 ήλλαξεν
2424 1367 2452 1420 6
2481 1364 2842 1428 Ἀπόστολος’
2877 1363 3050 1420 ἐκεῖνο
3074 1365 3405 1439 γινωσκέτω,
3440 1364 3523 1420 ὅτι
3553 1360 3800 1441 Ἑϐραῖος

2155 1454 2227 1510 ὢν
2265 1455 2368 1510 οὐκ
2416 1451 2705 1510 ἐδούλευσε
2749 1458 2869 1518 ταῖς
2923 1450 3217 1526 ἐκδόσεσιν,
3248 1456 3334 1517 αἷς
3389 1457 3552 1528 ἡμεῖς
3611 1476 3795 1532 συγκε-

2153 1546 2430 1621 χρήμεοα,
2463 1542 2591 1599 ἀλλ’
2622 1542 2957 1620 ὶρμηνεύσας
3000 1544 3061 1599 τὸ
3124 1542 3305 1619 ῥητὸν,
3340 1544 3415 1607 ὡς
3466 1543 3612 1617 αὗτῷ
3661 1566 3794 1620 παρ’

2152 1632 2301 1703 ἐστη,
2336 1629 2508 1693 οὕτως
2537 1628 2822 1688 ἐκδέδωκε.
2856 1630 2952 1686 Καὶ
2987 1632 3090 1707 γὰρ
3141 1631 3421 1709 φαίνονται
3464 1633 3555 1688 καί
3605 1634 3658 1688 οἱ
3710 1631 3801 1689 ἅλ-

382 1719 560 1776 etiam
590 1720 694 1776 alii
739 1720 938 1792 potius
968 1719 1280 1792 astipulari
1310 1718 1641 1792 apostolicae
1690 1718 2025 1789 interpreta-

2151 1720 2242 1776 λοι
2279 1718 2491 1795 μᾶλλον
2528 1718 2919 1797 συνδραμόντες
2948 1724 3018 1787 τῇ
3050 1720 3390 1796 ἀποστολικῇ
3424 1718 3700 1799 διηγήσει.
3737 1725 3798 1780 Ἦ

382 1809 546 1866 tioni.
584 1809 732 1866 Dioti
776 1815 973 1866 autem
1016 1809 1197 1881 hujus
1227 1810 1278 1866 is
1309 1825 1521 1865 sensus
1549 1812 1657 1864 est.
1689 1807 1921 1864 Dictum
1952 1815 2025 1865 esi

2153 1809 2337 1883 μέντοι
2370 1807 2584 1865 διάνοια
2612 1815 2708 1865 τοῦ
2760 1810 2928 1886 ῥητοῦ
2969 1808 3195 1882 τοιαύτη
3245 1810 3407 1869 ἐστίν.
3440 1813 3588 1869 Ἄνω
3649 1810 3798 1888 ενρη-

380 1899 866 1970 supra,l‘uturum
890 1915 1019 1956 esse
1045 1903 1111 1954 ut
1137 1915 1285 1971 puer
1304 1915 1404 1955 eos
1435 1897 1740 1967 inscribat,
1759 1898 1907 1954 561
1937 1899 2025 1969 qui

2147 1921 2257 1969 ται,
2290 1900 2372 1955 ὅτι
2404 1900 2494 1955 καὶ
2526 1898 2746 1955 παιδίον
2790 1901 2986 1975 γράψει
3034 1899 3161 1963 τοὺς
3206 1898 3643 1975 διασωζομένους
3694 1904 3800 1959 ἀπὸ

379 1986 526 2043 salvi
557 1994 616 2043 et
644 1987 971 2044 incolumes
1019 1988 1153 2043 facti
1204 1988 1422 2042 fuerint
1469 2004 1503 2043 a
1544 1997 1797 2060 peccato.
1831 1990 2025 2058 Nemo1

2146 1994 2246 2060 τῆς
2299 1993 2585 2067 ἁμαρτίας.
2639 1992 2898 2048 Ἑνταῦοα
2958 1988 3151 2065 μηδείς
3209 1992 3549 2067 θαυμαζᾶτω,
3610 1994 3799 2071 φησὶν,

377 2076 587 2148 inquit,
621 2077 716 2132 hic
749 2077 1015 2144 miretur,
1049 2078 1098 2132 si
1136 2078 1209 2133 ad
1252 2094 1470 2150 paucos
1503 2079 1805 2149 redigatur
1834 2080 2025 2132 tantus

2151 2080 2196 2135 εἰ
2229 2080 2306 2142 εἰς
2342 2079 2565 2155 ὀλίγους
2594 2083 2976 2155 περιστήσεται
3027 2082 3056 2136 6
3101 2086 3362 2144 τυσοῦτος
3414 2082 3649 2158 ἀριθμὸς
3701 2087 3799 2138 τοῦ

377 2165 680 2222 Israelitici
711 2166 913 2239 populi
945 2184 1250 2223 numerus.
1277 2166 1642 2223 Multitudini
1665 2183 1736 2222 ne
1768 2167 2025 2222 attendas

2147 2167 2387 2243 Ἰσραήλ.
2424 2169 2515 2237 Μὴ
2548 2168 2787 2245 πρόσεχε
2839 2173 2919 2241 τῷ
2960 2168 3160 2240 πλήθει
3219 2174 3325 2225 τῶν
3376 2170 3800 2247 ὀνομαζομένων

375 2271 599 2327 eorum,
628 2257 729 2327 qui
762 2256 862 2311 Dei
904 2257 1164 2323 cultores
1196 2264 1479 2313 vocantur
1511 2274 1523 2313 :
1559 2255 2025 2328 quandoquidem

2147 2252 2432 2312 Θεοσεϐῶν·
2469 2256 2583 2312 ἐπεὶ
2633 2255 2870 2319 πολλοῖς
2919 2256 2981 2312 τὸ
3031 2252 3203 2331 ὄνομα
3238 2262 3335 2313 τοῦ
3382 2252 3640 2335 Χριστοῦ,
3679 2258 3796 2315 ὀλί-

376 2342 594 2400 Ghristi
635 2345 868 2400 nomine
912 2345 1319 2417 insigniuntur
1351 2347 1546 2418 multi,
1570 2346 1671 2402 sed
1721 2344 1781 2400 in
1829 2344 2025 2417 paucis

2144 2368 2262 2424 γοις
2297 2344 2353 2401 δὲ
2379 2348 2414 2416 ἡ
2444 2350 2552 2402 τῶν
2586 2342 2755 2421 ἔργων
2793 2346 3059 2422 μαρτυρία
3116 2342 3327 2424 βεϐαἲοι
3356 2348 3455 2418 τὴν
3516 2369 3795 2426 προσηγο-

374 2432 836 2512 idIcognominis
858 2436 1277 2491 constabilitur
1306 2451 1552 2507 operum
1585 2435 1943 2491 testimonio.
1977 2434 2025 2490 Si

2145 2435 2285 2509 ρίαν.
2347 2434 2469 2492 Ἐὰν
2553 2437 2772 2510 γένηται
2830 2437 2858 2490 6
2918 2434 3051 2499 λαὸς
3111 2434 3333 2512 Ἰσραήλ
3388 2438 3463 2501 ὡς
3517 2440 3553 2508 ἠ
3613 2436 3794 2512 ἄμμος

372 2496 570 2591 Ῑιιὲνίιυ
597 2522 836 2594 populus
890 2524 1066 2579 Israel
1123 2526 1285 2594 quasi
1330 2496 1507 2580 arena
1553 2525 1747 2592 maris,
1776 2524 2037 2595 reliquiae

374 2624 567 2665 eorum
612 2610 1002 2667 salvabuntur.
1038 2612 1274 2669 Dictum
1308 2614 1548 2685 quidem
1584 2616 1672 2669 est
1721 2613 1791 2668 de
1842 2614 2034 2684 priore

374 2699 614 2772 populo,
642 2702 796 2771 quod
831 2701 944 2757 sita
974 2719 1090 2757 non
1118 2703 1195 2757 sit
1224 2702 1386 2759 salus
1417 2703 1475 2758 in
1508 2701 1905 2770 multitudine,
1931 2703 2032 2758 sed

375 2787 436 2843 in
468 2787 759 2860 reliquiis,
792 2806 920 2861 quo:
965 2791 1295 2846 secundum
1324 2790 1669 2847 electionem
1701 2791 1902 2863 gratias
1935 2808 2032 2848 sa-

370 2875 554 2932 lutem
586 2884 1048 2949 consequuntur.
1084 2880 1297 2950 Ecquis
1338 2886 1534 2936 autem
1567 2884 1657 2935 est
1689 2878 1899 2936 salutis
1929 2880 2032 2936 ob-

372 2967 627 3023 tinendas
661 2969 915 3025 modus?
940 2972 1007 3026 Si
1056 2971 1300 3042 verbum,
1352 2972 1566 3043 inquit,
1616 2987 1951 3027 consummes
1979 2976 2033 3029 et

369 3056 651 3113 abbrevies
688 3060 748 3113 in
789 3060 1039 3130 justitia.
1074 3060 1182 3125 Qui
1232 3062 1389 3117 enim
1440 3065 1624 3117 totam
1676 3061 2029 3133 scripturam

367 3145 616 3218 legalem
675 3164 741 3203 ac
797 3149 1219 3222 prophetarum
1287 3152 1622 3207 sanctiones
1681 3151 2029 3223 compendio

370 3235 666 3308 Evangelii
699 3237 1153 3309 circumscribit,
1176 3256 1244 3295 ac
1277 3241 1629 3297 documenta
1663 3241 1887 3313 perﬁcit
1915 3239 2028 3296 sibi

2141 2532 2242 2595 τῆς
2299 2524 2597 2599 θαλάσσης,
2657 2526 2720 2580 τὸ
2791 2524 3143 2599 κατάλειμμα
3225 2524 3399 2582 αὐτῶν
3471 2529 3787 2599 σωθήσεται.

2144 2612 2374 2691 Εἴρηται
2410 2616 2504 2688 μὲν
2537 2618 2658 2692 περὶ
2694 2617 2807 2689 (48)
2838 2619 2935 2671 τοῦ
2960 2615 3228 2691 προτέρου
3259 2614 3418 2686 λαοῦ,
3452 2618 3532 2672 ὅτι
3585 2619 3688 2673 οὐκ
3742 2617 3792 2673 ἒν

2141 2709 2220 2777 τῷ
2248 2702 2449 2775 πλήθει
2482 2704 2623 2759 ἐστὶν
2654 2707 2688 2775 ἡ
2722 2704 2986 2782 σωτηρία,
3019 2704 3146 2760 ἀλλ’
3178 2704 3231 2761 ἐν
3267 2708 3347 2779 τῷ
3405 2705 3667 2781 λείμματι
3718 2712 3797 2780 τῷ

2141 2794 2257 2869 κατε
2284 2791 2522 2870 ἐκλογὴν
2549 2793 2778 2869 χάριτος
2809 2797 3126 2868 σωζομένῳ.
3157 2795 3247 2858 Τίς
3280 2792 3336 2850 δὲ
3373 2797 3400 2851 6
3441 2795 3647 2871 τρόπος
3690 2804 3791 2866 τῆς

2143 2884 2452 2956 σωτηρίας;
2514 2886 2631 2938 ’Ότι
2690 2881 2863 2959 λόγοδ
2900 2929 2917 2955 ,
2972 2884 3126 2962 φησὶ,
3183 2884 3449 2939 συντελῶν
3515 2883 3607 2939 καὶ
3666 2906 3785 2938 συν-

2138 2972 2350 3046 τέμνων
2413 2972 2463 3028 iv
2523 2970 2863 3047 δικαιοαύνῃ.
2925 2974 2985 3031 Ὁ
3059 2974 3158 3050 γὰρ
3214 2971 3342 3028 ὅλον
3399 2973 3460 3027 τὸ
3517 2974 3782 3049 χάραγμα

2138 3063 2200 3117 τὸ
2229 3065 2339 3135 (49)
2371 3063 2596 3136 νομικὸν
2649 3062 2738 3118 καὶ
2787 3064 2886 3132 τὴν
2919 3062 3259 3142 προφητικῆν
3317 3059 3550 3133 διάταξιν
3600 3060 3653 3116 ἐν
3712 3065 3782 3137 τῇ

2143 3150 2485 3229 βραχυλογίᾳ
2515 3157 2610 3207 τοῦ
2650 3152 2983 3229 Εὐαγγελίου
3034 3146 3372 3228 περιλαϐών,
3402 3151 3494 3207 καὶ
3563 3150 3782 3228 mare-

2141 3262 2301 3315 μενος
2357 3243 2420 3297 τὸ
2477 3244 2622 3316 παρὰ
2663 3247 2760 3297 τοῦ
2805 3244 3010 3317 Κυρίου
3057 3241 3203 3313 αὐτῷ
3253 3238 3594 3318 ὑποδειχθὶν,
3628 3241 3783 3305 οὗτος

374 3340 409 3380 a
438 3326 683 3381 Domino
712 3327 947 3398 tradita,
978 3328 1074 3384 hic
1104 3329 1304 3385 salvus
1333 3329 1462 3385 erit.
1498 3331 1701 3400 Diliges
1733 3330 1887 3386 enim
1916 3331 2025 3385 Do-

2139 3333 2465 3403 σωθήσεται.
2518 3334 2849 3408 Ἀγαπήσεις
2907 3333 3010 3408 γὰρ
3060 3331 3257 3407 Κύριον
3316 3330 3409 3386 τὸν
3468 3331 3598 3387 Θεόν
3666 3354 3782 3405 σου,

373 3414 594 3469 minam
626 3418 801 3470 Deum
830 3420 1007 3485 tuum,
1040 3426 1090 3473 et
1120 3418 1316 3489 diliges
1348 3421 1669 3491 proximum
1697 3422 1855 3475 tuum
1882 3421 2024 3475 sicut

2139 3421 2220 3475 καὶ
2276 3400 2606 3496 Ἵάγαπήσειςυ
2683 3400 2774 3478 16v
2860 3400 3097 3492 πλησίον
3141 3400 3278 3476 ’σου
3362 3421 3438 3485 ὡς
3521 3422 3780 3480 σεαυτόν.

372 3512 428 3559 te
455 3504 656 3574 ipsum.
686 3506 750 3559 In
780 3505 866 3559 his
894 3506 1101 3561 duobus
1149 3508 1431 3564 mandatis
1478 3512 1740 3565 universa
1770 3510 1860 3565 lea:
1881 3526 2020 3581 pen-

367 3593 478 3663 del,
508 3597 559 3649 et
605 3594 887 3665 prophetas
907 3596 972 3651 ⁹¹.
1006 3596 1114 3660 Qui
1168 3596 1346 3668 igitur
1393 3598 1621 3670 perlicit
1667 3600 1931 3669 verbum,
1962 3604 2021 3654 et

361 3682 435 3737 ad
465 3687 664 3738 actum
698 3684 1143 3757 redigittidque
1173 3687 1420 3756 breviat,
1443 3704 1509 3742 ac
1542 3688 1729 3759 ipsius
1761 3687 2019 3744 latitudi-

360 3786 495 3826 nem
527 3772 586 3826 in
619 3772 823 3843 paucis
857 3775 1155 3846 praeceptis
1185 3775 1362 3831 veluti
1390 3778 1450 3831 in
1484 3793 1722 3832 summa
1750 3794 2015 3850 compre-

362 3859 589 3927 hendit,
624 3860 721 3916 ille
768 3861 894 3932 ipse
936 3868 1021 3918 est
1059 3864 1362 3919 residuum
1412 3871 1730 3921 servatum.
1780 3868 2012 3937 Omnia,

364 3949 580 4020 inquit,
612 3966 954 4023 quascunque
998 3954 1166 4009 vultis
1195 3964 1257 4010 ut
1284 3956 1495 4024 faciant
1544 3957 1695 4011 vobis
1740 3956 2013 4027 homines,

353 4039 528 4109 juxta
556 4038 675 4098 haec
702 4050 754 4096 et
780 4057 872 4097 vos
898 4044 1064 4113 [acite
1093 4044 1230 4099 illis.
1259 4045 1382 4100 Haec
1408 4054 1487 4101 est
1512 4049 1661 4101 enim
1691 4047 1783 4102 lex
1810 4051 1862 4104 et
1890 4064 2014 4119 pro-

355 4127 541 4199 phetae
562 4130 628 4164 “-
665 4129 840 4187 Vides
870 4132 928 4188 in
960 4131 1070 4187 hac
1101 4132 1356 4189 naturali
1393 4135 1629 4191 notione
1668 4140 1855 4192 totum
1886 4153 2013 4192 ver-

356 4218 499 4274 bum
522 4226 1003 4276 consummatum
1021 4225 1079 4277 et
1099 4222 1503 4279 abbreviatum
1526 4225 1583 4279 in
1598 4225 1851 4296 justitia,
1873 4227 2016 4295 Quia

357 4308 587 4363 verbum
631 4310 1029 4366 abbreviatum
1073 4312 1242 4381 faciet
1286 4312 1550 4368 Dominus
1579 4313 1638 4368 in
1671 4318 1783 4370 toto
1830 4319 2013 4370 terra-

361 4411 490 4450 rum
531 4398 679 4453 orbe.
714 4397 869 4454 Dixit
917 4400 1154 4471 quidem
1203 4401 1521 4473 Apostolus
1556 4418 1570 4456 :
1601 4404 1785 4460 Faciet
1825 4404 2015 4462 Domi-

361 4499 468 4539 nus
489 4501 654 4556 super
670 4491 881 4543 terram
906 4506 925 4541 :
948 4504 1205 4560 quocum
1230 4491 1606 4546 consentiunt
1627 4492 2016 4565 Symmachus

364 4577 425 4628 et
449 4572 770 4630 Theodotio
795 4593 808 4632 :
830 4579 891 4632 In
919 4577 1095 4633 medio
1125 4580 1293 4635 totius
1321 4586 1510 4638 terrae.
1535 4581 1830 4655 Quidquid
1858 4584 2016 4640 enim

362 4660 423 4718 in
449 4660 573 4735 lege
597 4668 687 4720 est
702 4664 1008 4722 observatu
1030 4666 1264 4725 difﬁcile
1279 4673 1335 4724 et
1351 4670 1598 4725 arduum
1610 4713 1623 4734 ,
1640 4687 1712 4727 ne
1728 4671 2014 4746 tetigeris,

2130 3511 2213 3566 Ἐν
2271 3510 2490 3571 ταύταις
2567 3516 2684 3572 ταῖς
2770 3508 2919 3566 δυσὶν
3006 3508 3249 3573 ἐντολαῖς
3334 3508 3466 3573 ὅλος
3522 3511 3551 3565 6
3608 3511 3780 3585 νόμος

2126 3597 2414 3675 κρέμαται,
2447 3599 2538 3654 καὶ
2589 3601 2639 3654 οἱ
2686 3608 2964 3677 προφῆται
3005 3602 3137 3674 (50).
3170 3601 3232 3658 Ὁ
3264 3597 3356 3654 οὖν
3386 3599 3658 3656 συντελῶν
3685 3600 3776 3656 τὸν

2128 3687 2316 3764 λόγον,
2350 3690 2377 3743 6
2405 3688 2480 3751 εἷς
2537 3684 2691 3766 ἔργον
2750 3687 2915 3768 ἄγων,
2942 3689 3033 3745 καὶ
3091 3688 3398 3763 συντέμνων
3455 3689 3638 3761 αὐτὸν,
3683 3692 3774 3747 καὶ

2126 3777 2292 3833 οἱονεὶ
2332 3778 2897 3858 συγκεφαλαιούμενος
2947 3778 3111 3835 αὐτοῦ
3166 3781 3229 3835 τὸ
3284 3777 3495 3842 πλάτος
3552 3779 3605 3835 ιν
3654 3786 3775 3844 ταῖς

2128 3868 2494 3944 βραχυτάταις
2523 3868 2794 3931 ἐντολαῖς·
2828 3869 2986 3932 οὗτός
3017 3869 3127 3925 ἐστι
3187 3869 3250 3925 τὸ
3307 3868 3657 3944 κατάλειμμα
3709 3870 3774 3925 16

2124 3957 2433 4030 σωζόμενον
2467 4000 2479 4015 .
2544 3959 2741 4028 Πάντα,
2825 3959 2985 4038 φησὶν
3016 4006 3031 4033 ,
3092 3957 3191 4014 ὅσα
3275 3955 3334 4013 ἃν
3403 3957 3599 4031 Θὲλητε
3679 3957 3773 4015 ἵνα

2122 4052 2352 4102 ποιῶσιν
2384 4047 2511 4120 ὑμῖν
2567 4047 2617 4102 οἱ
2678 4048 2978 4124 ἄνθρωποι,
3010 4049 3149 4105 κατὰ
3194 4048 3262 4104 τὰ
3298 4048 3433 4104 αὐτᾶ
3464 4049 3555 4105 καὶ
3615 4050 3772 4123 ὑμεῖς

2123 4140 2336 4191 ποιεῖτε
2396 4135 2602 4199 αὐτοῖς.
2671 4138 2845 4200 Οὗτος
2903 4139 3008 4213 γάρ
3075 4137 3216 4194 ἐστιν
3272 4140 3300 4194 6
3355 4138 3527 4212 νόμος
3578 4140 3668 4194 καὶ
3718 4139 3771 4194 οἱ

2124 4231 2424 4301 προφῆται.
2456 4225 2613 4301 Ὁρᾷς
2645 4223 2696 4280 ἐν
2727 4228 2797 4299 τῇ
2830 4229 3030 4302 φυσικῇ
3062 4225 3243 4298 ἰννοίᾳ
3300 4224 3429 4281 ὅλον
3463 4225 3553 4280 τὸν
3604 4223 3768 4303 λόγον

2123 4312 2549 4388 συντελούμενον
2626 4315 2714 4369 καὶ
2791 4313 3221 4389 συντεμνόμενον
3295 4313 3347 4369 ἐν
3410 4312 3725 4392 δικαιοσύνῃ
3755 4334 3770 4348 ο

2124 4405 2247 4461 Ὅτι
2303 4401 2473 4479 λόγον
2551 4403 2986 4479 συντετμημᾶνον
3061 4407 3284 4476 ποιήσει
3336 4406 3540 4482 Κύριος
3598 4403 3651 4460 ἐν
3699 4409 3770 4480 τῇ

2126 4492 2420 4567 οἰκουμένῃ
2460 4491 2564 4568 ὅλῃ
2594 4495 2726 4566 (51).
2757 4495 2817 4551 Ὀ
2853 4493 3037 4567 μέντοι
3070 4493 3403 4557 Ἀπόστολος
3434 4494 3568 4551 εἶπε·
3604 4495 3772 4566 Ποιή·

2126 4602 2205 4638 σει
2237 4583 2434 4659 Κύριος
2466 4581 2556 4638 ἐπὶ
2607 4589 2707 4653 τῆς
2755 4590 2880 4659 γῆς.
2922 4583 3244 4661 Συμφώνως
3304 4580 3363 4639 δὲ
3418 4582 3566 4658 αύτῷ
3623 4582 3769 4657 Σύμ-

2130 4691 2309 4749 μαχος
2370 4672 2462 4727 καὶ
2518 4669 2854 4728 Θεοδοτίων·
2900 4676 2991 4731 ’Ev
3050 4672 3199 4747 μέσῳ
3252 4674 3433 4746 πάσης
3488 4681 3591 4743 τῆς
3645 4679 3773 4750 γῆς.

362 4767 555 4823 neque
601 4755 950 4825 gustaveris,
992 4772 1181 4827 neque
1224 4760 1673 4816 contrectaveris
1697 4762 1856 4818 93-”:
1892 4780 2018 4835 quae

2139 4764 2193 4817 [‘6
2247 4763 2348 4839 γάρ
2403 4761 2887 4838 ὸυσπαρατήρητον
2945 4766 3043 4817 τοῦ
3103 4762 3275 4836 νόμου
3336 4764 3411 4836 μὴ
3454 4763 3590 4839 ἅψῃ,
3635 4760 3779 4838 μηδὶ

360 4841 689 4898 constituta
718 4849 860 4900 sunt
878 4845 950 4900 de
982 4845 1167 4915 festis,
1192 4846 1263 4902 de
1283 4846 1513 4919 diebus,
1536 4850 1607 4904 de
1633 4850 2017 4922 holocaustis,

365 4931 436 4985 de
456 4933 805 5003 purgatione
826 4949 892 4989 ac
915 4934 1358 5005 propitiatione;
1382 4939 1580 4993 omnia
1608 4939 1853 4997 collecta
1879 4948 2021 5000 sunt

2126 4852 2311 4927 γεύσῃ,
2348 4848 2488 4925 μηδὲ
2515 4851 2692 4928 Θίγῃς·
2725 4852 2781 4906 αἱ
2828 4850 2952 4928 περὶ
2997 4851 3201 4927 ἑορτῶν
3250 4849 3534 4927 διατάξεις·
3566 4854 3622 4907 αἱ
3652 4851 3780 4928 περὶ

2127 4945 2374 5016 ἡμερῶν·
2410 4942 2466 4996 αἱ
2511 4943 2638 5016 περὶ
2687 4937 3166 5015 ὁλοκαυτωμάτων
3218 4943 3350 5016 (52)·
3387 4943 3441 4996 αἱ
3498 4941 3622 5020 περὶ
3678 4962 3780 4998 κα-

435 5087 480 5122 ⁹⁰
509 5089 676 5145 Rom.
711 5106 790 5161 1x,
820 5091 912 5160 27,
944 5091 1034 5145 28.
1112 5092 1154 5126 9‘
1188 5092 1393 5149 Matth.
1426 5111 1563 5163 xxn,
1595 5097 1685 5165 37,
1722 5100 1809 5154 40.
1887 5102 1932 5135 ⁸³
1964 5100 2022 5157 ib

2183 5100 2299 5143 93-99
2328 5098 2537 5155 Matth.
2568 5115 2670 5169 vn,
2706 5099 2791 5153 12.

437 5254 677 5343 (47)βῇ
717 5276 858 5343 mss.
896 5262 1089 5318 nostri
1122 5278 1347 5318 omnes.
1384 5262 1554 5335 Editi,
1615 5268 1861 5337 μεταθεὶς
1890 5266 2019 5323 τού-

369 5343 466 5400 του
490 5332 586 5400 τοῦ
614 5332 803 5400 ῥητοῦ.

434 5397 549 5526 (ἐξ)
580 5397 823 5474 Antiqui
882 5421 981 5460 sex
1039 5403 1196 5472 libri,
1224 5403 1368 5480 περί.
1401 5407 1575 5476 Editi,
1607 5407 1713 5476 ἐπί,
1765 5428 1881 5469 non
1932 5412 2016 5468 ita

366 5484 540 5527 τθοῑο.

438 5542 755 5628 (49),Ει1ἱ1;ἱ,
789 5545 1154 5628 χάρισμα-καὶ
1187 5547 1269 5628 τό..
1303 5550 1373 5628 At
1402 5554 1520 5606 tres
1552 5566 1694 5628 mss.
1729 5553 2015 5628 simplici-

368 5619 491 5697 ter,
501 5612 755 5697 χάρισμα
895 5612 1016 5697 Alii
1030 5624 1181 5697 tres,
1212 5620 1273 5697 τὸ
1303 5619 1564 5697 χάραγμα
1591 5620 1675 5679 τό.

579 5685 823 5762 Antiqui
853 5694 972 5748 tres
1001 5685 1353 5765 Ιίὺτὶίνόμὸξ
1382 5685 1551 5750 icui-'01
1583 5701 1862 5773 προφῆται
1891 5697 2016 5773 κρι-

2133 5288 2347 5341 μανται.

2197 5342 2305 5414 (51)
2338 5339 2511 5421 Εάἱῐὶ.
2527 5341 2596 5421 τῇ
2629 5336 2924 5421 οἴκου-μένῃ
3109 5339 3223 5395 Sed
3255 5340 3363 5396 hoc
3389 5338 3515 5396 loco
3537 5357 3647 5398 vox
3678 5338 3785 5417 ὅλῃ

2123 5412 2185 5467 in
2206 5412 2353 5469 'mss.
2388 5412 2602 5468 nostris
2634 5430 2750 5468 non
2782 5412 3097 5466 invenitur.

2194 5484 2308 5556 (52)
2339 5484 2510 5566 Editi,
2542 5486 2651 5537 τῶν
2680 5483 2954 5566 3:quan
2987 5485 3097 5564 τῶν
3134 5478 3637 5556 ὁλοκαυτωμάτων.
3669 5485 3784 5566 Sed

2122 5554 2346 5627 vocem,
2375 5559 2507 5627 τῶν,
2540 5554 2788 5629 quodin
2821 5554 3042 5629 nostris
3089 5570 3190 5610 sex
3233 5571 3377 5612 mss.
3411 5554 3528 5613 non
3561 5556 3784 5629 reperi-

2125 5634 2305 5703 retur,
2330 5623 2397 5686 in
2428 5623 2676 5700 utroque
2703 5623 2830 5683 loco
2861 5623 3206 5683 delevimus.
