4150 6430
304 393 424 456 553

1045 382 1453 446 COMMENT.
1495 380 1579 442 IN
1620 378 1894 442 ISAIAM
1945 376 2458 439 PROPBETAM.
2503 375 2676 437 CAP.
2721 375 2804 438 XI
2845 375 2980 436 XII.

3609 380 3728 442 554

303 523 562 598 θάρσεως·
617 519 675 573 αἱ
719 517 844 594 περὶ
892 514 1154 589 ἱλασμοῦο
1205 511 1736 584 πάντα·συνετμήθη
1776 506 1989 598 ,εἰς-ἓν,

2108 525 2132 563 n
2167 523 2346 563 unam
2377 522 2675 563 summam
2713 507 2947 563 brevem
2996 507 3345 581 facilemque
3395 510 3728 584 observata,

299 594 592 687 κεφάλαιον
651 604 831 684 βραχὺ
885 605 975 660 καὶ
1029 603 1500 680 εὐπαρατήρητον,
1553 600 1628 661 ὡς
1688 594 1959 687 μηδεμίαν

300 686 566 778 πρόφασιν
599 693 988 753 ὑπολείπεσθαι
1040 695 1156 755 τοῖς
1217 693 1292 765 μὴ
1325 687 1784 762 πολιτευομένοις
1827 686 1964 742 κατὰ

297 789 362 846 τὸ
390 785 723 865 Εὐαγγέλιον
735 829 747 842 .

2073 596 2195 653 ulla
2244 596 2338 666 iis,
2369 597 2470 668 qui
2519 611 2588 651 ex
2639 597 2979 671 praescripto
3018 598 3313 672 Evangelii
3357 616 3470 656 non
3504 599 3729 672 vivunt,

2075 685 2375 743 excusatio
2404 686 2683 757 supersit.

993 1075 1400 1134 ENARRATIO
1441 1074 1515 1130 IN
1552 1070 1867 1138 ALIQUOT
1906 1069 2090 1127 LOCA
2127 1069 2200 1125 XI
2239 1069 2328 1125 ET
2366 1069 2466 1125 XII
2504 1068 2781 1126 CAPITIS
2820 1070 3049 1130 ISAIIE.

373 1391 499 1447 247.
540 1387 647 1445 Καὶ
704 1386 852 1443 ἔσται
907 1385 960 1441 ἐν
1012 1387 1082 1458 τῇ
1136 1385 1318 1458 ἡμέρᾳ
1375 1379 1554 1457 ἐκείνῃ
1605 1383 1640 1452 ἡ
1694 1378 1816 1458 ῥίζα
1866 1382 1963 1434 τοῦ

2144 1379 2271 1436 247.
2307 1381 2505 1452 (Vens.
2539 1380 2652 1453 10.)
2691 1382 2758 1436 Et
2805 1382 2915 1436 erit
2965 1381 3025 1435 in
3069 1381 3158 1437 die
3204 1383 3308 1438 illa
3348 1383 3515 1440 radix
3563 1386 3727 1454 Iesse,

306 1480 500 1535 Ἰεσσαί
535 1522 552 1545 ,
603 1477 693 1532 καὶ
753 1477 782 1530 ὁ
842 1473 1191 1547 ἀνιστάμενος
1261 1470 1448 1548 ἄρχειν
1507 1471 1696 1536 ἐθνῶν.
1756 1471 1856 1524 Τὸν
1909 1467 1968 1522 ἐκ

2109 1477 2129 1524 t
2160 1470 2256 1541 qui
2283 1472 2554 1541 exsurgit,
2586 1474 2649 1526 ut
2676 1471 2906 1542 imperet
2943 1470 3219 1541 gentibus.
3251 1471 3443 1529 Verba
3471 1474 3593 1529 haec
3622 1490 3732 1530 no-

306 1569 618 1644 σπέρματος
667 1559 834 1620 Δαϐὶδ
883 1562 1118 1637 Χριστὸν
1166 1558 1572 1636 εὐαγγελίζεται
1620 1561 1755 1633 ἡμῖν
1790 1558 1818 1614 ὁ
1870 1554 1966 1612 λό-

307 1677 426 1734 γος.
464 1657 555 1713 Ἐν
599 1654 698 1730 γὰρ
757 1657 825 1728 τῇ
879 1653 1064 1726 ἡμέρᾳ
1115 1649 1318 1724 ἐκείνῃ,
1372 1649 1648 1704 τουτέστιν
1712 1646 1800 1702 ἐπὶ
1855 1649 1966 1734 τῶν

310 1732 483 1801 πάλαι
514 1742 945 1820 προωρισμὲνων
973 1743 1177 1817 καιρῶν
1223 1740 1359 1812 (53),
1391 1739 1483 1793 καὶ
1533 1736 1586 1792 ἐν
1626 1740 1705 1809 τῷ
1735 1732 1970 1812 προδια-

311 1832 628 1908 τεταγμένῳ
676 1831 866 1908 χρόνῳ
917 1825 1063 1885 ἔσται
1119 1831 1154 1898 ἡ
1207 1827 1329 1905 ῥίζα
1371 1831 1465 1881 τοῦ
1517 1824 1730 1882 Ἰεσσαί.
1763 1822 1970 1881 Ἀλλα-

2077 1558 2169 1615 bis
2200 1559 2499 1615 Christum
2533 1560 2890 1616 annuntiant
2915 1576 2984 1614 ex
3011 1560 3251 1617 Davidis
3282 1561 3508 1618 semine
3537 1564 3734 1620 oriun-

2080 1648 2242 1704 dum.
2265 1648 2576 1704 Enimvero
2607 1649 2668 1704 in
2695 1649 2790 1706 die
2817 1647 2938 1716 illa,
2959 1648 3068 1704 hoc
3093 1654 3203 1720 est,
3229 1649 3289 1704 in
3316 1655 3580 1724 tempore
3607 1653 3734 1723 jam

2081 1738 2308 1808 pridem
2344 1737 2668 1804 praestituto
2720 1752 2786 1794 ao
2835 1736 3145 1809 prmﬁnito,
3175 1738 3285 1793 erit
3333 1739 3502 1795 radix
3546 1741 3734 1798 Jesse.

2083 1826 2236 1882 Alibi
2266 1826 2503 1898 quidem
2535 1827 2681 1883 dicit
2699 1826 2922 1899 virgam
2953 1843 3022 1882 ex
3052 1827 3245 1884 radice
3266 1844 3396 1884 esse
3424 1829 3733 1900 orituram,

314 1927 422 2001 χοῦ
474 1923 568 1997 μὲν
619 1917 820 1999 ῥάϐδον
867 1919 1017 1995 λέγει
1069 1917 1129 1974 ἐκ
1178 1924 1281 1988 τῆς
1331 1915 1484 1994 ῥίζης
1538 1913 1838 2001 ἀνατελεῖν,
1883 1911 1972 1968 καὶ

2108 1921 2142 1972 ιι
2171 1916 2374 1973 ﬂorem
2407 1933 2476 1973 ex
2513 1917 2710 1974 radice
2741 1917 2906 1973 Jesse
2937 1933 3345 1987 escensurum,
3379 1919 3458 1975 sit
3488 1922 3553 1975 ut
3582 1923 3736 1978 acci-

315 1999 476 2077 ἀνθος
534 2010 594 2066 ἐκ
648 2016 752 2080 τῆς
809 2008 965 2086 ῥίζης
1021 2011 1119 2062 τοῦ
1175 2005 1370 2063 Ἰεσσαὶ
1429 1999 1813 2076 ἀναϐήσεσθαι,
1871 2003 1969 2072 τὴν

2084 2005 2206 2079 piat
2233 2005 2458 2078 virgam
2491 2023 2596 2078 pro
2640 2006 2912 2080 imperio,
2939 2011 2997 2062 et
3027 2006 3226 2064 ﬂorem
3259 2024 3363 2079 pro
3409 2007 3600 2079 ipsius
3634 2011 3734 2066 ad-

317 2095 515 2178 ῥάόδον
573 2098 660 2155 ἐπὶ
709 2104 808 2168 τῆς
871 2097 1052 2174 ἀρχῆς
1111 2090 1433 2170 λαμϐάνων,
1464 2094 1527 2149 τὸ
1577 2090 1634 2149 δὲ
1673 2091 1852 2159 ἄνθος,
1885 2089 1972 2145 ἐπὶ

2108 2098 2259 2151 νεοίη
2291 2109 2574 2166 perquam
2613 2094 2852 2150 amabili
2882 2097 2941 2150 et
2970 2095 3245 2150 omnibus
3275 2095 3646 2166 gratissimo;
3680 2099 3738 2152 et

313 2197 414 2261 τῆς
467 2189 763 2266 ἐπεράστου
831 2187 923 2242 καὶ
982 2191 1115 2242 πᾶσι
1170 2182 1575 2262 κεχαρισμένης
1632 2179 1926 2256 ἐπιδημίας
1958 2201 1970 2214 ·

315 2279 405 2335 καὶ
440 2279 523 2334 ὅτι
555 2277 608 2334 ἐν
642 2279 839 2354 βραχεῖ
885 2277 984 2346 τήν
1031 2276 1194 2352 χάριν
1242 2273 1664 2350 παρασχόμενος
1695 2277 1795 2342 τῆς
1827 2270 1976 2325 ἐναν-

317 2370 680 2442 θρωπήσεως,
724 2369 972 2442 ταχεῖαν,
1026 2365 1114 2420 καὶ
1172 2363 1339 2418 οῒονεί
1388 2359 1692 2438 παροδικὴν
1739 2364 1976 2415 ποιεῖται

318 2445 443 2527 τῆν’
479 2454 798 2531 ἐπιδημίαν’
860 2453 1084 2518 ἐνταῦθα
1144 2452 1202 2508 δὲ
1260 2452 1410 2530 ῥίζαν
1465 2451 1612 2528 λέγει
1657 2454 1755 2507 τοῦ
1785 2448 1978 2507 Ἰεσσαὶ

322 2541 555 2612 ἔσεσθαι.
589 2544 836 2621 Πρόσχες
885 2547 989 2616 τῷ,
1039 2548 1248 2598 Ἔσται.
1283 2541 1422 2616 Οὐχὶ
1477 2562 1632 2619 φησι,
1684 2539 1853 2611 Δόξει·
1889 2537 1981 2593 οὐ-

324 2634 402 2705 δὲ,
436 2635 587 2709 Δόξει
620 2637 730 2706 (54)
760 2633 915 2704 εἶναι,
966 2630 1112 2687 ἀλλὰ
1154 2631 1294 2686 κατὰ
1343 2629 1626 2700 ἀλήθειαν,
1657 2631 1864 2686 Ἔσται.
1902 2626 1978 2684 Οό

324 2726 430 2802 γὰρ
484 2724 772 2800 φαντασίᾳ,
832 2719 957 2777 οὐδε
1015 2720 1193 2792 οἰήσει
1247 2721 1348 2788 τὴν
1409 2718 1599 2792 σάρκα,
1658 2717 1787 2774 ἀλλ’
1841 2718 1983 2790 αὐτῇ

326 2813 559 2886 ἀληθείᾳ
603 2806 862 2869 ἀνέλαϐεν
898 2856 912 2869 .
961 2811 1151 2869 Ἔσται
1209 2807 1301 2864 οῦν
1362 2811 1397 2879 ἡ
1454 2809 1578 2886 ῥίζα
1632 2812 1729 2863 τοῦ
1761 2805 1982 2862 Ἰεσσαί-

327 2904 598 2972 τουτὲσαι,
654 2903 716 2957 τὸ
775 2901 1000 2978 φύραμα
1057 2903 1157 2965 τῆς
1219 2899 1415 2974 σαρκὸς
1464 2899 1527 2954 τὸ
1584 2898 1689 2953 ἀπὸ
1748 2895 1978 2965 Ἰεσσαὶ,

328 2989 472 3049 ἔσται
504 2991 641 3048 κατά
666 2990 948 3063 ἀλήθειαν,
995 2989 1084 3045 καὶ
1134 2989 1517 3060 ὑποστήσεται.
1565 2987 1662 3044 Καὶ
1711 2987 1740 3041 ὁ
1772 2983 1985 3040 ἀνιστά-

335 3104 517 3156 μενος,
577 3081 741 3143 αὐτὸς
963 3077 1054 3134 καὶ
1109 3077 1233 3152 ῥίζα
1285 3077 1377 3131 καὶ
1429 3075 1806 3148 ἀνιστάμενος.
1839 3075 1985 3143 Ῥίζα

328 3175 426 3226 τοῦ
468 3167 678 3224 Ἰεσσαί*
732 3167 816 3223 ὅτι
871 3167 930 3222 ἐκ
976 3165 1265 3242 βασιλικῆς
1318 3162 1586 3240 διαδοχῆς
1631 3167 1667 3233 ἡ
1722 3164 1984 3238 θεοφόρος

2086 2184 2226 2256 quia
2246 2199 2424 2256 prope
2447 2183 2602 2239 diem
2624 2189 2748 2240 erat
2769 2183 3093 2240 collaturus
3120 2184 3544 2240 incarnationis
3563 2186 3737 2241 bene-

2085 2274 2311 2342 ﬁcium,
2360 2271 2596 2328 exhibet
2640 2273 2954 2329 adventum
3003 2272 3357 2340 celerem,et
3386 2273 3555 2345 quasi
3603 2278 3738 2330 tan-

2087 2367 2215 2419 tum
2247 2377 2363 2418 non
2414 2366 2761 2434 praesentem
2799 2378 2812 2417 :
2844 2361 2942 2418 hic
2989 2379 3124 2418 vero
3175 2363 3256 2418 ait
3305 2363 3560 2419 futuram
3611 2379 3742 2420 csse

2088 2451 2344 2508 radicem
2374 2450 2561 2507 Jesse.
2594 2451 2871 2506 Attendas
2897 2450 3068 2506 velim
3101 2451 3236 2507 huic
3265 2451 3410 2520 voci,
3444 2453 3582 2509 Erit.
3614 2453 3741 2509 Non

2091 2542 2218 2598 ait:
2253 2540 2590 2610 Videbitur;
2643 2555 2855 2612 neque,
2900 2541 3208 2597 Videbitur
3252 2557 3404 2612 esse,
3437 2543 3540 2598 sed
3588 2559 3741 2612 vere,

2089 2633 2232 2687 Erit.
2256 2631 2382 2686 Non
2416 2629 2570 2687 enim
2603 2629 2930 2686 secundum
2962 2630 3214 2700 speciem
3238 2635 3340 2688 aut
3368 2631 3746 2688 existimatio-

2091 2737 2249 2790 nem,
2291 2720 2394 2776 sed
2449 2735 2510 2775 re
2565 2719 2696 2791 ipsa
2745 2718 2894 2774 568
2953 2735 3190 2776 carnem
3250 2721 3595 2794 assumpsit.
3625 2723 3748 2779 Erit

2092 2811 2273 2884 igitur
2319 2809 2484 2866 radix
2527 2814 2708 2878 leue,
2739 2809 2849 2865 hoc
2897 2813 3007 2878 est,
3051 2809 3390 2882 conspersio
3438 2811 3634 2868 carnis
3680 2828 3750 2868 ex

2091 2901 2256 2957 Jesse
2287 2900 2618 2972 desumpta,
2651 2899 2761 2955 erit
2797 2915 2952 2967 vere,
2984 2904 3160 2972 atque
3207 2899 3510 2956 subsistet.
3543 2901 3614 2956 Et
3643 2901 3747 2974 qui

2093 2989 2374 3061 exsurgit,
2407 2990 2533 3061 ipse
2561 2992 2618 3044 et
2647 2988 2813 3044 radix
2858 3005 3180 3062 exsurgens
3228 2992 3338 3044 est.
3373 2989 3476 3045 Est
3505 2991 3746 3061 quidem

2095 3078 2262 3134 radix
2289 3078 2477 3144 Jesse,
2501 3076 2719 3149 quippe
2750 3077 2906 3148 quod
2926 3093 2994 3132 ex
3023 3077 3182 3149 regia
3211 3077 3583 3135 successione
3611 3097 3747 3137 caro

2096 3167 2312 3222 deifera
2367 3170 2676 3237 assumpta
2733 3165 2853 3221 sit:
2888 3167 3152 3238 exsurgit
3179 3182 3338 3234 vero,
3377 3170 3445 3221 ut
3498 3167 3750 3239 imperet

337 3257 465 3333 σὰρξ
513 3256 898 3332 προσελήφθη.
940 3256 1000 3312 Ὁ
1054 3251 1112 3310 δὲ
1156 3253 1510 3327 ἀνιστάμενος
1560 3253 1767 3360 ιίἱρχξινΧ
1798 3251 1982 3309 ἐθνῶν.

2108 3255 2396 3329 gentibus.
2431 3255 2566 3311 Eam
2597 3255 2669 3310 ob
2718 3270 2955 3310 causam
2988 3255 3046 3309 in
3077 3255 3207 3327 ipso
3239 3271 3406 3327 spem
3453 3271 3621 3311 suam
3653 3274 3747 3313 re-

336 3347 432 3403 Διά
461 3351 623 3402 τοῦτο
653 3347 720 3400 τὰ
749 3341 874 3416 ἔθνη
919 3342 1003 3399 ἐπ’
1048 3343 1210 3398 αὐτὸν
1247 3340 1506 3414 ἤλπισεν,
1555 3343 1631 3406 ὡς
1675 3338 1850 3412 δῆλον
1881 3342 1986 3396 ἀπὸ

336 3442 436 3505 τῆς
465 3435 518 3490 ἐν
550 3439 666 3496 τοῖς
696 3431 862 3488 ἔθνεσι
911 3435 1008 3488 τοῦ
1053 3435 1294 3506 Χριστοῦ
1349 3429 1702 3500 Ἐκκλησίας.
1735 3431 1990 3494 ’Δναστὰς

341 3525 444 3602 γὰρ
474 3522 534 3578 ἐκ
561 3527 785 3599 νεκρῶν,
817 3521 948 3597 ἦρξε
998 3525 1106 3576 τῶν
1155 3520 1345 3585 ἐθνῶν,
1394 3518 1711 3575 καταλιπὼν
1759 3520 1848 3575 τὸν
1885 3541 1992 3598 φο-

343 3614 436 3668 νέα
484 3611 641 3670 λαόν.
671 3610 928 3673 Ἐκείνοις
982 3610 1075 3684 μὲν
1125 3608 1225 3684 γὰρ
1268 3609 1358 3664 τὸν
1407 3607 1629 3664 θάνατον
1669 3616 1994 3688 περιαφῆκε,

341 3708 458 3766 τοῖς
493 3699 551 3756 δὲ
581 3698 753 3757 ἔθνεσι
782 3700 883 3768 τήν
934 3698 1220 3755 ἀνάστασιν
1271 3696 1582 3774 ἐχαρίσατο.
1618 3699 1766 3753 Διότι
1815 3699 1868 3753 οἱ
1900 3700 1992 3772 μὲν

339 3790 586 3871 ἔκραζον·
667 3790 1072 3866 Σταυρωθήτω·
1150 3786 1262 3856 καὶ,
1337 3787 1408 3840 Τὸ
1479 3787 1618 3860 αἷμα
1693 3786 1856 3842 αὐτοῦ
1916 3787 1998 3866 ἐφ’

340 3886 516 3956 ἡμᾶς,
564 3881 653 3937 καὶ
711 3879 799 3935 ἐπὶ
854 3879 922 3933 τὰ
963 3878 1125 3933 τὲκνα
1175 3879 1358 3949 ἡμῶν·
1414 3876 1465 3930 οἱ
1515 3873 1572 3931 δὲ
1618 3873 1865 3950 ἐδέξαντο
1902 3877 1995 3932 τὸν

341 3969 792 4048 ἐσταυρωμένον,
857 3965 946 4023 καὶ
999 3971 1080 4039 τῷ
1138 3963 1328 4039 αθίματι
1390 3965 1557 4021 αὐτοῦ
1612 3963 1995 4041 ἐλυτρώθησαν

341 4063 445 4118 ἀπὸ
473 4065 570 4116 τοῦ
603 4059 852 4115 θανάσου.
889 4057 994 4114 Καὶ
1043 4052 1210 4126 ἔσται,
1260 4053 1445 4134 φησὶν,
1495 4058 1531 4125 ἡ
1575 4055 1873 4120 ἀνάπαυσις
1905 4058 1998 4112 αὑ-

338 4156 437 4207 τοῦ
483 4151 645 4223 τιμή.
703 4146 849 4218 Αὕτη
881 4149 914 4216 ἡ
968 4147 1203 4222 Χριστοῦ
1258 4143 1573 4217 ἀνάπαυσις,
1607 4146 1642 4215 ἡ
1695 4147 1830 4218 τιμὴ
1883 4149 1996 4220 (56)

338 4245 450 4298 τῶν
475 4240 765 4315 τιμώντων
795 4235 953 4292 αὐτὸν
991 4235 1065 4299 ὡς
1095 4235 1273 4308 Λόγον
1307 4238 1463 4306 Θεοῦ,
1495 4234 1586 4288 καὶ
1627 4235 1818 4310 σοφίαν
1844 4240 1999 4309 Θεοῦ,

341 4331 434 4387 καὶ
468 4327 716 4402 δύναμιν.
751 4327 812 4384 Ὁ
843 4323 1131 4380 ἀναπαύων
1161 4322 1255 4379 τὸν
1299 4322 1558 4399 Χριστὸν,
1595 4322 1862 4401 ὁμολογεῖ
1910 4325 2002 4380 αὖ-

340 4424 439 4476 τοῦ
469 4421 567 4489 τήν
596 4417 734 4494 πρὸς
762 4414 854 4471 τὸν
905 4411 1267 4490 γεγεννηκότα
1319 4411 1477 4468 αὐτὸν
1530 4413 1851 4486 ὁμοτιμίαν*
1902 4421 2002 4486 τῆς

344 4508 494 4581 ἀξίας
524 4508 622 4577 τὴν
655 4501 963 4562 κοινωνίαν·
997 4505 1096 4568 τῆς
1145 4499 1354 4581 φύσεως
1400 4503 1500 4571 τὴν
1538 4500 1589 4572 ἐξ
1619 4499 1800 4558 ἀϊδίου
1833 4503 2003 4580 ὕπαρ-

344 4599 442 4670 ξιν.
477 4599 541 4653 Oi
573 4593 632 4652 δὲ
687 4597 1054 4671 μεριμνῶντες
1084 4612 1136 4647 τι
1166 4595 1274 4646 τῶν
1329 4590 1466 4667 πρὸς
1507 4589 1724 4664 ἀτιμίαν
1761 4596 1870 4667 (57)
1905 4594 2006 4670 ῥη-

347 4687 530 4762 μάτων
566 4684 872 4760 ἐξεύρωσιν,
902 4683 964 4739 οὐ
1012 4682 1080 4739 τὰ
1130 4681 1268 4756 πρὸς
1315 4682 1612 4736 ἀνάπαυσιν
1642 4680 1739 4736 τοῦ
1770 4684 2003 4757 Χριστοῦ
2036 4665 2084 4730 Ῑ)

345 4778 695 4856 φθέγγονται.
759 4773 989 4828 Δύναται
1049 4772 1298 4846 μέντοιγε
1345 4773 1381 4840 ὴ
1435 4770 1732 4833 ἀνάπαυσις
1791 4767 2005 4845 λαμϐά-

345 4878 550 4939 νεσθαι,
606 4865 682 4939 μή
744 4865 914 4937 μόνον
972 4863 1033 4932 ἣν
1088 4861 1249 4923 αὐτὸς
1311 4857 1640 4916 ἀναπαύεται
1695 4860 1843 4936 παρὰ
1895 4867 2005 4918 τῶν

427 5047 518 5088 ί-ἐ
548 5044 756 5104 Matth.
789 5059 967 5112 xxvn,
997 5041 1090 5098 23.
1165 5041 1209 5077 3°
1239 5039 1383 5099 ibid.
1416 5041 1506 5098 25.

349 5223 665 5303 ._(53)uSio
709 5226 935 5281 veteres
992 5221 1255 5303 quinque
1313 5219 1668 5303 libri._liditi
1717 5236 1876 5303 vero,
1929 5217 2019 5303 ἐπὶ

351 5291 445 5366 τῷ’
496 5291 666 5349 πάλαι
733 5291 1398 5370 προωρισμῖένῳ“καιρῷ.
1440 5292 1628 5375 'Mox.
1668 5293 1846 5361 editi,
1921 5291 2017 5376 μὲν

356 5367 473 5422 οὗν.
519 5365 740 5422 Vocula
791 5364 882 5420 οὖν
933 5368 990 5422 in
1051 5381 1198 5422 mss.
1260 5382 1376 5421 non
1436 5369 1756 5420 Invenitur.
1805 5365 2018 5420 Subm-

355 5443 447 5568 ge.
485 5438 743 5510 quinque
794 5455 963 5510 mss.,
1015 5435 1171 5512 ῥίζης
1218 5432 1555 5493 ἀνατέλλειν.
1608 5436 1782 5504 Editi,
1830 5435 2020 5491 ἀνατε-

397 5529 498 5566 ειν.

397 5529 498 5566 ειν.

429 5581 554 5710 (54ὲ
575 5582 662 5638 Ita
712 5596 856 5636 mss.
919 5595 1145 5636 omnes.
1201 5580 1377 5651 Editi,
1437 5576 1602 5663 ῼῦχὶ,
1657 5579 1810 5652 φασὶ,
1863 5574 2022 5664 δόξα,

431 5651 488 5710 δὲ
561 5652 681 5710 όξη.
713 5652 871 5709 haud
933 5653 1260 5710 emendate.
1320 5653 1530 5710 Statim
1589 5655 1729 5710 Reg.
1792 5667 2020 5710 primus

361 5651 899 5744 °95i§é5nnh9ufi
932 5651 1729 5744 SE?°“9EE°-__§Etii}¥i3338'
1766 5651 2020 5744 Primus

363 5733 422 5788 et
451 5721 785 5801 οάἱιὶζαῦτῂ
814 5721 1068 5798 ἀληθείᾳ.
1098 5723 1214 5781 Alii
1249 5726 1514 5799 quinque
1543 5721 1712 5799 mss;
1743 5721 1912 5796 αὗτήν

692 5857 960 5920 Panos.
1003 5853 1118 5920 Gn.
1162 5852 1354 5916 xxx.

1584 5041 1629 5078 ³⁷
1660 5042 1684 5099 Ι
1715 5041 1840 5099 Cor.
1875 5060 1917 5114 ι,
1947 5044 2038 5101 24.

2099 3361 2346 3416 posuere
2374 3349 2600 3417 gentes,
2625 3344 2712 3399 uti
2740 3360 2808 3400 ex
2843 3344 3059 3400 Christi
3081 3344 3338 3401 Ecclesia
3364 3344 3519 3400 inter
3546 3350 3754 3418 gentes

2101 3433 2365 3490 stabilita
2412 3425 2592 3505 patet.
2624 3434 2944 3505 Postquam
2993 3433 3148 3489 enim
3182 3450 3216 3489 a
3254 3437 3502 3491 mortuis
3553 3452 3760 3492 resur-

2103 3523 2272 3591 rexit,
2305 3523 2602 3579 homicida
2647 3523 2862 3595 populo
2913 3522 3209 3590 derelicto,
3240 3523 3558 3596 imperium
3610 3526 3763 3582 obti-

2105 3613 2236 3668 nuit
2265 3613 2326 3668 in
2358 3617 2584 3685 gentes.
2605 3612 2726 3670 Illis
2747 3612 2985 3684 quidem
3009 3612 3250 3686 reliquit
3275 3619 3546 3679 mortem,
3569 3616 3761 3688 genti-

2105 3703 2217 3758 bus
2239 3719 2371 3758 vero
2401 3701 2654 3774 largitus
2674 3705 2764 3758 est
2792 3702 3281 3759 resurrectionem
3307 3721 3320 3759 :
3345 3703 3644 3776 siquidem
3677 3703 3766 3760 illi

2106 3791 2442 3848 clamabant
2484 3808 2498 3846 :
2544 3791 3076 3864 Cruciﬁgatur1-3‘;
3129 3791 3273 3848 item
3307 3809 3321 3848 :
3357 3793 3594 3863 Sanguis
3645 3796 3767 3867 ejus

2105 3897 2272 3953 super
2297 3897 2419 3949 nos,
2450 3885 2502 3936 et
2545 3898 2710 3954 super
2751 3879 2902 3950 ﬁlios
2931 3889 3144 3938 nostros
3161 3882 3206 3917 3°
3241 3899 3254 3938 :
3287 3882 3384 3938 hic
3412 3899 3548 3939 vero
3578 3885 3768 3940 cruci-

2108 3971 2290 4027 ﬁxum
2323 3985 2656 4043 suscepere,
2689 3974 2864 4043 atque
2908 3971 3100 4042 ipsius
3150 3972 3439 4044 sanguine
3469 3989 3504 4028 a
3530 3977 3770 4045 peccato

2109 4060 2356 4116 liberato
2405 4063 2563 4116 sunt.
2617 4061 2683 4116 Et
2731 4061 2866 4126 erit,
2900 4060 3113 4132 inquit,
3143 4063 3360 4132 requies
3404 4063 3524 4133 ejus
3576 4063 3770 4118 honor.

2109 4153 2242 4204 Haec
2273 4148 2484 4205 Christi
2531 4148 2766 4220 requies
2816 4148 3005 4204 honor
3035 4152 3145 4218 est,
3181 4149 3253 4204 ab
3285 4149 3358 4204 iis
3389 4149 3638 4221 delatus,
3669 4150 3774 4223 qui

2111 4239 2308 4311 ipsum
2344 4239 2637 4295 honorant
2666 4242 2952 4309 tanquam
2984 4238 3082 4293 Dei
3117 4238 3404 4307 Verbum,
3437 4239 3656 4311 Deique
3684 4256 3776 4296 sa-

2113 4327 2394 4400 pientiam
2443 4331 2499 4382 et
2546 4325 2820 4382 virtutem
2849 4327 2912 4381 ³⁷.
2959 4326 3067 4390 Qui
3123 4325 3409 4382 refocillat
3449 4327 3774 4397 Christum,

2113 4433 2250 4473 eum
2282 4432 2413 4472 esse
2441 4415 2597 4471 Patri
2628 4415 2848 4471 honore
2892 4420 2949 4471 et
2979 4416 3289 4487 majestate
3319 4433 3544 4489 parem,
3581 4417 3772 4491 digni-

2114 4511 2412 4578 tatemque
2444 4507 2756 4576 utriusque
2807 4521 3180 4562 communem
3212 4522 3364 4574 esse,
3396 4509 3454 4562 et
3501 4513 3774 4563 naturam

2117 4596 2428 4667 utriusque
2445 4595 2517 4650 ab
2535 4600 2751 4650 esterno
2774 4594 3099 4651 subsistere
3129 4597 3460 4652 conﬁtetur.
3483 4597 3524 4651 E
3547 4596 3776 4654 diverso

2116 4687 2217 4757 qui
2251 4685 2384 4757 plus
2430 4701 2597 4755 aequo
2646 4681 2903 4754 solliciti,
2937 4683 3137 4754 aliqua
3172 4685 3348 4741 verba
3389 4686 3779 4758 excogitarint

2116 4776 2188 4831 ad
2213 4773 2603 4846 ignominiam
2626 4772 3000 4844 inurendam,
3021 4772 3198 4828 iidem
3223 4790 3290 4830 ea
3311 4789 3438 4845 quae
3464 4775 3535 4831 ad
3559 4774 3776 4831 Christi

2116 4862 2382 4936 requiem
2415 4867 2707 4935 spectant,
2751 4878 2869 4919 non
2907 4861 3251 4935 loquuntur.
3286 4863 3539 4934 Requies
3572 4867 3773 4922 autem

2202 5218 2522 5293 (55)_Editi,
2552 5218 2580 5271 ὁ
2612 5217 2797 5293 αὐτός.
2831 5220 2938 5276 Sed
2973 5219 3032 5278 in
3064 5219 3283 5276 nostris
3315 5236 3416 5279 sex
3445 5238 3590 5278 mss.
3625 5223 3791 5281 deest

2131 5291 2440 5349 articulus.
2481 5295 2651 5348 Hunc
2697 5292 2894 5349 locum
2945 5293 3421 5365 interpunximus
3472 5295 3578 5361 ita,
3609 5296 3694 5350 uti
3728 5297 3789 5352 in

2131 5381 2274 5493 mss.
2311 5365 2754 5492 inteipunctum
2796 5365 3153 5422 invenimus.
3186 5365 3315 5421 Alia
3361 5371 3486 5423 erat
3516 5367 3576 5423 in
3609 5368 3786 5426 editis

2131 5455 2190 5493 1n
2221 5453 2444 5493 ernunc
2474 5454 2548 5492 ιο.

2129 5453 2548 5493 ΙΠῘιΒῙὍυΠΟῑΙΟ.

2203 5505 2316 5598 (56)
2349 5509 2618 5598 Sictmss.
2651 5523 2878 5592 gmnes.
2922 5505 3093 5575 Editi,
3128 5505 3280 5576 Αὕτη
3315 5506 3456 5564 ἔστὶν
3490 5509 3526 5580 ἡ
3558 5509 3789 5586 Χριστοῦ

2132 5579 2425 5641 ἀνάπαυσις
2446 5579 2510 5652 ,ἒν
2551 5581 2709 5652 τιμῇ.

2204 5655 2319 5727 (57)
2354 5651 2531 5723 Editi,
2563 5647 2778 5727 ἀτιμίαν
2819 5647 3110 5725 φερόντων.
3139 5649 3262 5708 Vox
3298 5653 3590 5726 posterior
3619 5670 3654 5712 a
3682 5669 3789 5712 no-

2135 5727 2279 5787 stris
2310 5743 2412 5787 sex
2438 5742 2584 5787 mss.
2618 5727 2802 5785 abest.

3395 5852 3472 5912 18
