4150 6366
379 347 499 409 555

1319 340 1718 402 APPENDIX
1762 338 2090 402 OPERUM
2135 339 2200 401 S.
2246 339 2534 400 BASILll
2578 337 2855 398 MAGNI.

3689 344 3811 404 556

379 479 575 552 potest
605 473 792 546 accipi
815 488 931 528 non
964 474 1137 528 modo
1168 489 1271 544 pro
1293 488 1359 528 ea
1385 471 1610 543 requie,
1633 488 1751 543 qua
1781 471 1906 544 ipse
1935 471 2040 527 Βο-

2178 467 2486 538 ἰοξαζόντων
2543 467 2703 524 αὐτὸν
2761 469 2791 522 ὁ
2848 466 3068 544 Κύριος,
3115 466 3265 523 ἀλλὰ
3305 467 3484 538 καὶῆν
3517 468 3814 526 ἀναπαύσει

381 566 581 624 minus
613 563 906 619 refovetur
948 562 1019 616 ab
1052 561 1143 627 iis,
1177 561 1277 632 qui
1309 561 1504 632 ipsum
1534 560 1722 633 gloria
1751 560 2038 628 afﬁciunt,

381 671 587 713 verum
619 654 796 712 etiam
841 668 944 724 pro
993 667 1080 716 ea,
1113 667 1230 722 qua
1258 650 1574 722 diligentes
1606 669 1667 708 se
1695 655 1784 707 est
1813 666 2041 706 recrea-

383 751 580 811 turus,
613 745 763 801 sicut
792 741 1080 812 scriptum
1111 742 1201 795 est
1232 757 1244 794 :
1280 740 1568 803 Quoniam
1601 757 1704 811 ego
1731 740 2045 812 diligentes

385 853 480 893 me
510 834 768 906 gloriﬁco
787 831 850 884 ³⁸.
875 828 1129 900 Requies
1152 829 1446 899 siquidem
1468 829 1606 901 quia
1629 829 1910 884 reiovebit
1944 834 2044 882 Do-

387 925 607 990 minus,
641 921 827 975 honor
856 921 947 974 est
987 917 1109 988 qui,
1137 917 1302 988 juxta
1339 919 1574 988 justum
1608 918 1706 973 Dei
1728 917 2045 988 judicium,

385 1029 490 1085 pro
521 1015 785 1066 actorum
811 1006 1017 1062 merito
1051 1006 1442 1078 impertietur.
1470 1007 1626 1063 Alios
1647 1007 1802 1063 enim
1836 1006 2046 1077 majori

385 1101 605 1157 honore
636 1096 998 1170 dignabitur,
1022 1093 1167 1151 alios
1188 1112 1322 1152 vero
1357 1096 1571 1152 minori
1596 1113 1609 1152 :
1636 1097 1855 1168 quippe
1877 1094 2048 1152 stella

387 1187 622 1246 astella
671 1185 864 1241 differt
911 1184 970 1238 in
1023 1183 1297 1255 gloria”.
1340 1187 1410 1240 Et
1460 1185 1598 1257 quia
1652 1185 1849 1240 multa
1911 1188 2050 1240 sunt

385 1279 542 1352 apud
573 1277 806 1332 Patrem
838 1274 1176 1330 mansiones
1197 1275 1263 1340 ‘°,
1297 1275 1444 1331 alios
1475 1276 1535 1330 in
1575 1279 1732 1332 statu
1766 1281 2048 1347 praestan-

384 1368 531 1425 tiore
559 1369 618 1423 et
656 1363 880 1436 altiore,
915 1363 1065 1420 alios
1115 1363 1175 1418 in
1223 1363 1498 1420 inferiore
1529 1363 1902 1422 refocillabit.
1937 1365 2046 1420 Sed

388 1459 661 1516 fruentur
687 1468 890 1510 emnes
921 1453 1121 1526 requie
1151 1453 1212 1509 in
1247 1453 1489 1510 honore.

459 1548 585 1603 248.
610 1545 806 1618 (Vsas.
835 1545 946 1612 11.)
973 1547 1048 1600 Et
1077 1546 1184 1601 erit
1229 1545 1290 1600 in
1334 1545 1423 1602 die
1453 1546 1576 1613 illa,
1607 1544 1835 1616 adjiciet
1865 1545 2048 1601 Domi-

389 1655 497 1694 nus
526 1635 805 1693 ostendere
833 1650 1063 1689 manum
1101 1650 1282 1690 suam.
1317 1634 1529 1691 Manus
1567 1633 1801 1690 Domini
1832 1651 1894 1690 se
1926 1633 2051 1688 sin-

393 1725 550 1800 gulis
578 1723 850 1781 mtatibus
881 1722 1107 1779 diverse
1134 1723 1394 1779 ostendit
1439 1740 1544 1796 per
1584 1740 1705 1794 eos,
1738 1722 1840 1795 qui
1872 1722 2049 1778 mira-

2150 555 2276 618 τοὺς
2335 558 2656 632 ἀγαπῶντας
2711 557 2908 627 αὐτὸν,
2960 556 3096 613 κατά
3140 557 3202 612 τὸ
3259 557 3661 634 γεγραμμένον,
3722 561 3812 616 δτι

2152 647 2296 719 Ἐγὼ
2328 646 2454 708 τοὺς
2487 646 2584 719 ἐμὲ
2613 646 2937 722 ἀγαπῶντας
2983 643 3213 717 δοξάζω.
3263 649 3416 704 ’Ἐστι
3468 649 3570 725 γὰρ
3610 651 3645 719 ἡ
3679 649 3816 705 ἀνά-

2152 756 2369 804 παυσις,
2399 737 2460 805 ἣν
2493 735 2784 790 ἀναπαύσει
2836 737 2864 790 ὁ
2908 735 3128 810 Κύριος,
3158 737 3318 810 τιμὴ,
3369 735 3494 807 ἥτις
3544 739 3681 811 μετὰ
3706 741 3811 809 τὴν

2157 822 2547 900 δικαιοκρισίαν
2593 829 2690 879 τοῦ
2738 827 2872 880 Θεοῦ
2927 825 3065 901 πρὸς
3122 827 3222 896 τήν
3252 830 3358 881 τῶν
3409 827 3810 902 πεπραγμένων

2155 915 2303 985 ἀξίαν
2336 911 2812 987 διανεμηθήσεται.
2860 916 3093 987 Τιμήσει
3143 913 3248 991 γὰρ
3296 913 3423 977 τοὺς
3471 916 3566 988 μὶν
3599 916 3818 990 μείζοσι

2155 1007 2363 1075 τιμαῖς,
2393 1001 2525 1065 τοὺς
2573 999 2630 1056 δὲ
2683 999 3112 1076 ὑποδεεστέραις,
3145 1000 3332 1072 ἐπειδὴ
3385 1003 3556 1080 ἀστὴρ
3588 1005 3818 1082 ἀστιρος

2158 1089 2398 1170 διαφέρει
2426 1089 2479 1146 ἐν
2513 1088 2659 1166 δόξῃ.
2696 1092 2794 1148 Καὶ
2843 1090 3031 1161 ἐπειδὴ
3086 1091 3293 1148 πολλαὶ
3348 1093 3508 1167 μοναὶ
3562 1095 3711 1172 παρὰ
3738 1101 3818 1169 τῷ

2158 1181 2350 1256 Πατρὶ,
2409 1179 2538 1243 τοὺς
2590 1183 2684 1253 μὲν
2732 1179 2784 1235 ἐν
2847 1181 3238 1257 ὑπερεχούσαις
3289 1183 3377 1237 καὶ
3437 1182 3810 1259 ὑψηλοτέραις

2158 1269 2531 1340 καταστάσεσι,
2586 1269 2713 1333 τοὺς
2773 1267 2830 1324 δὲ
2890 1269 2941 1324 ἐν
3005 1268 3411 1343 ὑποδεεστέραις
3471 1271 3758 1330 ἀναπαύσει
3795 1320 3808 1333 .

2161 1361 2363 1422 Πάντες
2400 1360 2584 1432 μέντοι
2618 1357 2707 1415 διὰ
2733 1366 2902 1434 τιμῆς
2927 1360 3028 1430 τήν
3057 1359 3352 1416 ἀνάπαυσιν
3383 1357 3611 1436 ἕξουσιν.

2229 1540 2359 1596 248.
2392 1538 2491 1593 Καὶ
2550 1537 2694 1594 ἔσται
2755 1538 2807 1594 ἐν
2864 1543 2932 1613 τῇ
2992 1537 3173 1615 ἡμίρᾳ
3229 1538 3448 1613 ἐκείνῃ,
3507 1545 3811 1616 προσθήσει

2157 1626 2356 1701 Κύριος
2409 1630 2507 1682 τοῦ
2558 1625 2726 1699 δεῖξαι
2782 1628 2881 1697 τήν
2938 1633 3100 1703 χεῖρα
3155 1628 3354 1687 αὐτοῦ.
3415 1630 3545 1707 Χεὶρ
3604 1633 3816 1708 Κυρίου

2161 1713 2437 1793 διαφόρως
2469 1714 2690 1793 ἐδείχθη
2739 1718 2855 1772 καθ’
2903 1717 3133 1788 ἑκάστην
3179 1717 3363 1793 γενεὰν
3407 1717 3495 1774 διὰ
3518 1723 3625 1775 τῶν
3660 1718 3821 1778 δυνα-

391 1814 603 1872 bilium
633 1812 1074 1870 efﬁciendorum
1099 1811 1217 1867 vim
1251 1815 1310 1868 et
1339 1811 1675 1868 facultatem
1708 1827 1912 1883 capere
1944 1827 2048 1884 po-

2178 1803 2344 1878 μὲνων
2376 1811 2629 1880 χωρῆσαι
2677 1806 2778 1873 τὴν
2828 1805 3099 1906 ἰνέργειαν
3146 1810 3254 1862 τῶν
3306 1807 3644 1882 θαυμασίων.
3673 1811 3818 1888 Πρό-

392 1907 654 1961 tuerunt.
669 1900 932 1957 Primum
953 1901 1192 1974 quidem
1212 1901 1398 1958 edidit
1418 1901 1688 1974 prodigia
1705 1901 1763 1956 in
1784 1905 2053 1974 Egypto,

396 1993 606 2049 deinde
637 1991 698 2047 in
729 2006 944 2059 eremo,
968 1995 1093 2046 tum
1128 1995 1295 2048 etate
1334 1992 1479 2048 Jesu
1529 1991 1632 2047 ﬁlii
1681 1991 1859 2058 Nave,
1892 1989 2056 2046 deni-

395 2099 508 2156 que
535 2084 800 2152 tempore
823 2079 1100 2150 judicum
1124 2083 1183 2136 et
1212 2079 1659 2152 prophetarum,
1680 2081 1782 2153 qui
1815 2097 2059 2152 magna-

394 2187 527 2226 rum
570 2184 768 2224 rerum
801 2167 1056 2223 ministri
1097 2168 1469 2225 exstiterunt.
1501 2169 1670 2225 Nunc
1701 2173 1898 2225 autem
1932 2185 2060 2224 ma-

395 2277 510 2316 nus
539 2256 773 2314 Domini
804 2257 1034 2313 ostendi
1066 2257 1281 2313 dicitur
1320 2258 1380 2312 in
1425 2258 1676 2314 adventu
1711 2259 1895 2314 nostri
1927 2262 2062 2312 Ser—

398 2346 640 2412 vatoris,
672 2346 946 2402 morbum
989 2362 1246 2415 omnem,
1280 2362 1636 2420 omnemque
1681 2347 1884 2420 populi
1929 2346 2062 2402 lan-

402 2451 642 2510 guorem
691 2438 749 2490 et
790 2434 1196 2490 infirmitatem
1255 2436 1538 2508 curantis,
1586 2453 1654 2492 ac
1710 2452 1776 2492 ea
1825 2452 1953 2508 quae
2001 2435 2061 2490 in

402 2523 714 2597 Evangelio
744 2523 1058 2596 praedicata
1087 2527 1247 2590 unt,
1279 2525 1659 2596 perﬁcientis.
1691 2526 1838 2581 Nam
1872 2525 2066 2581 Domi-

404 2631 520 2670 nus
561 2614 807 2684 insuper
857 2611 1010 2668 hanc
1056 2612 1332 2668 virtulem
1386 2614 1662 2685 ostendit,
1695 2615 1850 2686 quod
1900 2615 2067 2686 signa

405 2703 604 2777 priora
633 2701 1050 2772 inobsequenti
1086 2702 1301 2774 populo
1333 2703 1404 2757 ad
1428 2703 1528 2759 Dei
1553 2703 1948 2774 cognitionem
1975 2705 2070 2758 de-

407 2791 676 2849 ducendo
700 2790 844 2846 satis
881 2791 1061 2846 fuisse
1089 2790 1214 2846 visa
1246 2807 1362 2847 non
1395 2793 1533 2847 sint.
1558 2794 1621 2849 Ut
1648 2793 1787 2848 πνείει
1816 2793 2072 2847 relictum

407 2881 694 2938 residuum
741 2880 962 2951 populi.
995 2880 1132 2935 Eam
1161 2880 1235 2936 ob
1267 2896 1389 2936 rem
1423 2881 1683 2951 adjiciat,
1716 2886 1780 2936 ut
1827 2897 2071 2936 manum

411 2969 706 3039 ostendat,
738 2973 805 3025 ut
836 2969 908 3024 ad
940 2968 1130 3025 zelum
1172 2970 1451 3041 perducat
1498 2971 1801 3026 residuum
1835 2969 2071 3042 populi;

410 3077 562 3134 quas
591 3057 878 3130 reliquias
909 3057 990 3114 ait
1033 3059 1105 3114 ab
1139 3058 1410 3115 hostibus
1439 3059 1764 3117 incolumes
1797 3075 2071 3132 perman-

411 3151 581 3207 sisse.
615 3147 762 3212 Quin
793 3151 852 3203 et
895 3145 1334 3204 multitudinem
1383 3165 1613 3220 eorum,
1638 3149 1739 3222 qui
1772 3148 1918 3222 ipsis
1949 3147 2069 3204 bel-

412 3239 540 3295 lum
589 3235 863 3305 intulere,
910 3240 1196 3304 recenset,
1229 3237 1551 3310 Assyriam,
1593 3239 2072 3312 Egyptum,:Ba-

420 3326 718 3400 bylonem,
753 3325 1054 3398 Ethiopas
1098 3326 1274 3394 509,
1311 3325 1614 3398 Elamitas,
1647 3327 1896 3400 populos
1935 3327 2078 3385 solis

421 3415 663 3474 orientis
693 3413 927 3486 plagam
959 3414 1305 3483 incolentes,
1329 3419 1387 3471 et
1415 3417 1659 3473 Arabas.
1693 3417 1947 3474 Historia
1975 3435 2079 3473 au-

422 3509 545 3561 tem
575 3504 671 3559 his
702 3503 966 3560 conferta
994 3509 1101 3560 est.
1157 3505 1251 3560 Ait
1293 3505 1528 3577 quidem
1562 3507 1633 3562 de
1660 3505 2027 3578 EthiOpibus
2062 3523 2076 3563 :

423 3595 612 3651 Exivit
640 3593 810 3649 Zarai
837 3593 1086 3664 Ethiops
1117 3595 1176 3648 in.
1207 3596 1432 3662 virtute,
1454 3603 1507 3650 et
1529 3611 1590 3649 ιη
1618 3595 1776 3651 mille
1802 3596 2079 3664 millibus,

421 3688 474 3740 et
503 3682 763 3739 curribus
803 3684 1082 3739 trecentis.
1110 3684 1178 3738 Et
1205 3698 1452 3754 egressus
1495 3692 1576 3740 est
1621 3685 1730 3740 Asa
1782 3686 1846 3741 in
1890 3700 2082 3741 occur-

420 3788 564 3840 sum,
598 3775 650 3827 et
699 3772 965 3827 clamavit
1011 3771 1083 3826 ad
1138 3772 1455 3839 Dominum,
1504 3777 1555 3829 et
1599 3773 1742 3829 dixit
1771 3792 1790 3830 :
1823 3777 2081 3844 Domine,

417 3875 534 3917 non
571 3869 656 3916 est
687 3861 1006 3931 impossible
1034 3862 1192 3932 apud
1241 3865 1291 3916 te
1337 3863 1560 3917 sulvare
1605 3864 1667 3918 in
1722 3864 1913 3919 multis
1942 3868 1992 3920 et
2021 3867 2084 3920 in

416 3951 644 4022 paucis.
678 3948 984 4005 Corrobora
1011 3965 1128 4018 nos,
1163 3951 1393 4006 Domine
1419 3953 1564 4007 Deus
1590 3957 1793 4018 noster,
1824 3955 2086 4026 quoniam

429 4041 489 4095 in
519 4043 571 4094 te
598 4039 921 4108 conﬁdimus
950 4055 969 4093 :
1001 4048 1054 4095 et
1083 4041 1142 4094 in
1171 4042 1395 4096 nomine
1423 4049 1514 4096 tuo
1546 4044 1794 4097 venimus
1822 4041 2082 4098 adversus

421 4127 843 4184 multitudinem
892 4128 1200 4198 plurimam
1248 4129 1410 4186 hanc.
1444 4131 1675 4187 Domine
1707 4137 1848 4187 Deus
1877 4136 2080 4203 noster,

421 4233 534 4275 non
562 4218 871 4290 praevaleat
894 4217 1184 4274 adversum
1216 4223 1268 4274 te
1296 4219 1452 4275 homo
1473 4220 1539 4274 ‘1.
1562 4221 1789 4292 Assyrii
1819 4238 1952 4277 vero
1981 4238 2080 4276 eos

423 4307 718 4363 abduxere
748 4305 808 4362 in
838 4307 1237 4379 captivitatem
1261 4309 1336 4378 ‘9;
1371 4309 1442 4364 ab
1465 4308 1631 4365 initio
1662 4310 1721 4365 in
1742 4310 2082 4367 servitutem

423 4410 525 4452 eos
583 4395 858 4452 addixere
915 4397 1167 4469 Egyptii
1187 4397 1253 4465 ‘3,
1297 4402 1355 4453 et
1398 4398 1937 4456 Nabuchodonosor
1982 4416 2082 4456 rex

2161 1914 2316 1970 τερον
2354 1893 2446 1967 μὶν
2499 1893 2602 1970 γὰρ
2655 1893 2724 1948 τὰ
2773 1893 3026 1970 τεράστια
3071 1889 3264 1968 ἔδειξεν
3306 1894 3358 1952 ἐν
3390 1896 3670 1974 Αἰγύπτῳο
3706 1901 3821 1956 εἶτα

2167 1983 2218 2038 ἂν
2248 1986 2318 2057 τῇ
2375 1981 2590 2057 ἰρήμῳ·
2642 1983 2754 2038 εἶτα
2799 1985 2935 2038 κατὰ
2963 1984 3088 2046 τοὸς
3143 1989 3240 2040 τοῦ
3295 1986 3475 2057 Ἰησοῦ
3522 1992 3619 2043 τοῦ
3667 1996 3817 2061 Ναυῆ

2167 2072 2444 2148 χρόνουςο
2507 2072 2621 2126 εἶτα
2672 2074 2810 2128 κατά
2859 2072 2989 2136 τοὺς
3049 2074 3277 2151 Κριτὰς,
3337 2075 3426 2130 καὶ
3485 2076 3554 2132 τὰ
3613 2077 3824 2155 μεγάλα

2171 2159 2670 2234 διακονησαμένους
2752 2165 3036 2238 προφήνας
3072 2207 3085 2222 .
3137 2167 3242 2219 Νῦν
3303 2161 3360 2219 δὶ
3431 2167 3556 2243 χεὶρ
3617 2167 3824 2244 Κυρίου

2173 2249 2474 2315 δείκνυσθαι
2537 2248 2753 2326 λέγεται
2830 2253 2966 2307 κατὰ
3020 2253 3120 2321 τὴν
3197 2251 3492 2327 ἐπιδημίαν
3550 2260 3650 2311 τοῦ
3711 2264 3829 2313 Σω-

2171 2349 2341 2416 τῆρος
2392 2343 2594 2413 ἡμῶν,
2651 2345 2823 2396 πᾶσαν
2904 2342 3058 2397 νόσον
3145 2343 3234 2396 καὶ
3295 2349 3467 2399 πᾶσαν
3556 2344 3824 2420 μαλακίαν

2175 2428 2565 2503 θεραπεύοντος
2619 2429 2672 2485 ἰν
2729 2435 2809 2503 τῷ
2870 2430 3010 2505 λαῷ,
3068 2430 3155 2487 καί
3213 2437 3498 2497 ποιοῦντος
3544 2436 3612 2491 τὰ
3658 2436 3708 2490 ἰν
3748 2441 3826 2509 τῷ

2175 2517 2497 2594 Εὔαγγελίῳ
2567 2519 2951 2596 κεκηρυγμίνα
2984 2565 2996 2577 .
3054 2520 3264 2592 Ταύτην
3320 2524 3424 2599 γὰρ
3498 2526 3597 2594 τὴν
3655 2523 3826 2580 δύνα-

2181 2630 2272 2682 μιν
2333 2609 2666 2684 προσέθηκεν
2725 2610 2753 2662 δ
2812 2609 3015 2684 Κύριος
3070 2607 3272 2683 δεῖξαι,
3331 2609 3520 2682 ἐπειδὴ
3575 2615 3642 2668 τὰ
3696 2635 3830 2690 προ-

2179 2695 2419 2753 λαϐόντα
2476 2696 2576 2752 οὐκ
2649 2695 2816 2775 ἐφάνη
2892 2697 3132 2775 αὐτάρκη
3215 2701 3350 2775 πρὸς
3423 2701 3486 2756 τὸ
3554 2701 3828 2778 ἐναγαγεῖν

2182 2786 2256 2848 εἷς
2325 2787 2423 2856 τὴν
2497 2787 2824 2863 θεογνωσίαν
2899 2789 2991 2843 τὸν
3080 2788 3404 2854 ἀπειθοῦντα
3489 2789 3620 2846 λαόν
3657 2836 3671 2850 .
3725 2797 3831 2848 Τοῦ

2185 2873 2430 2946 ζηλῶσαι
2513 2875 2574 2930 τὸ
2657 2875 3012 2953 καταλειφθὲν
3099 2878 3395 2933 ὑπόλοιπὸν
3472 2884 3570 2934 τοῦ
3664 2879 3824 2938 λαοῦ.

2184 2965 2282 3019 Διά
2337 2969 2497 3019 τοῦτο
2575 2967 2874 3041 προσθήσει
2954 2967 3052 3036 τὴν
3129 2973 3287 3042 χεῖρα
3357 2965 3542 3038 δεῖξαι,
3596 2965 3691 3022 ’ίνα
3743 2967 3825 3030 εἷς

2185 3051 2352 3124 ζῆλον
2407 3051 2579 3129 ἀγάγῃ
2810 3055 2872 3110 τὸ
2935 3054 3234 3112 ὑπόλοιπὸν
3291 3059 3388 3110 τοῦ
3445 3053 3583 3111 λαοῦ
3617 3075 3629 3088 ·
3690 3057 3824 3132 ὅπερ

2186 3141 2442 3218 λείψανον
2501 3140 2681 3219 λεγειν
2742 3146 2876 3200 είναι
2935 3145 3040 3200 ἀπὸ
3089 3149 3196 3202 τῶν
3249 3143 3533 3218 πολεμίων
3591 3166 3829 3222 περισω-

2189 3233 2296 3297 θεν.
2353 3231 2460 3288 Καὶ
2517 3231 2906 3309 ἀπαριθμεῖται
2956 3236 3017 3290 τὸ
3071 3232 3287 3305 πλῆθος
3333 3239 3441 3290 τῶν
3484 3232 3836 3309 πολεμησάν-

2185 3345 2314 3397 των,
2375 3323 2658 3398 Ἀσσυρίαν
2714 3327 2851 3400 (59),
2909 3323 2999 3380 καὶ
3051 3325 3374 3403 Αἴγυπτον,
3429 3327 3516 3381 καὶ
3578 3321 3837 3381 Βαϐυλω-

2187 3413 2321 3483 νίαν,
2371 3411 2658 3483 Αἰθίοπας,
2716 3415 2805 3470 καὶ
2865 3415 3160 3490 Ἐλαμίτας
3219 3417 3309 3472 καὶ
3365 3416 3492 3478 τοὺς
3524 3416 3629 3471 ἀπὸ
3677 3414 3842 3486 ἡλίου

2189 3500 2469 3558 ἀνατολῶν
2506 3548 2519 3573 ,
2578 3505 2666 3559 καὶ
2726 3500 2988 3580 ¹Ἄραϐας.
3050 3504 3279 3582 Πλήρης
3335 3508 3369 3576 ὴ
3431 3505 3679 3580 ἱστορία,
3739 3526 3841 3561 πε-

2191 3593 2243 3667 ρὶ
2304 3592 2398 3665 μὲν
2457 3591 2739 3656 Αἰθιόπων
2821 3593 3101 3668 λέγουσα,
3162 3597 3244 3650 δτι
3300 3594 3528 3668 Ἐξῆλθε
3583 3595 3751 3672 Ζαραὶ
3809 3596 3840 3650 ὁ

2190 3680 2392 3755 Αἰθίοψ
2448 3680 2498 3736 ἰν
2561 3679 2808 3756 δυνάμει,
2867 3683 2956 3738 καὶ
3015 3683 3228 3761 χιλίαις
3282 3683 3540 3761 χιλιάσι,
3599 3684 3690 3740 καὶ
3746 3681 3844 3760 ἄρ-

2193 3791 2324 3844 μασι
2393 3770 2774 3845 τριακοσίοις.
2839 3774 2937 3827 Καὶ
3006 3771 3228 3844 ἐξῆλθεν
3300 3774 3440 3829 ’Λσά
3510 3775 3585 3835 εἱς
3661 3771 3850 3828 συνάν-

2188 3879 2364 3932 τησιν,
2423 3859 2511 3914 καὶ
2574 3854 2771 3931 ἐϐόησε
2822 3863 2958 3936 πρὸς
3017 3862 3235 3938 Κύριον,
3295 3861 3386 3917 καὶ
3445 3863 3597 3917 εἶπεν
3660 3862 3846 3938 Κύριε,

2193 3947 2291 4004 οὐκ
2348 3945 2593 4004 ἀδυνατεῖ
2648 3951 2794 4026 παρὰ
2851 3973 2935 4006 σοι
2986 3953 3177 4022 σώζειν
3237 3952 3289 4008 ἂν
3348 3950 3586 4016 πολλοῖς
3640 3952 3731 4006 καὶ
3791 3951 3843 4006 ἐν

2191 4036 2402 4113 ὀλίγοις
2437 4083 2448 4094 .
2508 4038 2848 4115 Κατίσχυσον
2903 4043 3092 4114 ἡμᾶς,
3149 4041 3313 4117 Κύριε
3369 4042 3398 4095 ὁ
3457 4041 3590 4103 Θεὸς
3636 4043 3796 4115 ἡμῶν
3831 4084 3847 4112 ,

2190 4126 2273 4182 ὅτι
2330 4126 2417 4182 ἐπὶ
2476 4129 2559 4182 σοὶ
2616 4128 2975 4202 πεποίθαμεν,
3035 4130 3125 4185 καὶ
3174 4129 3262 4185 ἒπὶ
3318 4135 3397 4202 τῷ
3458 4128 3687 4203 ὀνόματί
3744 4151 3841 4184 σου

2189 4216 2433 4290 ἤλθομεν
2491 4217 2578 4273 ἐπὶ
2631 4219 2692 4273 τὸ
2745 4218 2961 4289 πλῆθος
3018 4220 3081 4274 τὸ
3140 4217 3284 4275 πολὺ
3349 4224 3532 4275 τοῦτο.
3594 4218 3757 4296 Κύριε
3813 4221 3843 4275 ὁ

2191 4307 2321 4370 Θεὸς
2376 4309 2539 4380 ἡμῶν
2572 4355 2588 4381 ,
2651 4309 2726 4380 μὴ
2787 4310 3167 4385 κατισχυσάτω
3225 4311 3363 4384 πρὸς
3422 4310 3480 4364 σὶ
3536 4305 3840 4384 ἄνθρωπος.

2191 4397 2467 4472 ’Δσσύριοι
2533 4393 2591 4452 δὲ
2647 4397 2784 4467 ἦσαν
2841 4399 2892 4453 οἰ
2950 4397 3520 4474 αἰχμαλωτεύσαντες·
3551 4398 3641 4454 καὶ
3673 4397 3841 4474 Αἰγύ-

422 4483 739 4557 Babylonis
798 4484 1062 4556 captivos
1113 4503 1211 4542 eos
1266 4487 1434 4543 duxit
1456 4488 1521 4543 “.
1572 4487 1832 4544 Ειειῑῐιὶιω
1881 4493 2066 4546 autem

2188 4507 2338 4540 πτιοι
2370 4487 2420 4541 οἱ
2453 4485 2502 4560 ἐξ
2537 4486 2719 4563 ἀρχῆς
2745 4487 3319 4563 καταδουλωσάμενοι,
3351 4489 3439 4544 καὶ
3479 4483 3840 4564 Ναϐουχοδο-

424 4576 567 4630 sunt
596 4589 784 4644 genus
824 4573 1180 4643 Parthicum,
1214 4577 1368 4648 quod
1401 4593 1533 4633 cum
1576 4577 1785 4633 incolis
1815 4579 2076 4652 Mesopo-

423 4662 618 4720 tamiae
651 4662 830 4734 Syriae
860 4662 919 4717 in
955 4663 1225 4719 lsraelem
1271 4682 1387 4720 non
1433 4683 1563 4723 raro
1593 4666 1824 4724 invasit.
1862 4669 2081 4725 Arabes

421 4752 663 4808 tandem
713 4767 860 4823 gens
910 4751 1141 4823 bellica,
1175 4754 1335 4810 nullo
1384 4772 1499 4810 non
1546 4759 1807 4828 tempore
1850 4757 2081 4814 Israelis

422 4841 622 4898 hostes
654 4840 836 4898 fuere.
872 4841 976 4896 His
1025 4841 1203 4912 igitur
1249 4845 1524 4900 omnibus
1555 4861 1836 4917 generoso
1867 4848 2080 4903 semini

423 4929 644 4985 bellum
683 4929 1060 5001 facientibus,
1093 4931 1192 4986 alii
1221 4932 1558 5001 vincuntur,
1593 4933 1837 4990 vincunt
1865 4935 1984 4991 alii.
2017 4937 2084 4992 Ft

424 5017 563 5089 quia
613 5019 889 5076 exstitere
919 5021 1191 5092 victores,
1225 5021 1524 5094 nullisque
1571 5021 1872 5079 laboribus
1921 5041 2083 5082 exer-

2185 4574 2346 4651 νόσορ
2404 4576 2512 4631 ἀπὸ
2557 4583 2656 4648 τῆς
2705 4573 3074 4642 Βαϐυλωνίας.
3105 4576 3398 4652 Ἐλαμῖται
3436 4577 3494 4634 δέ
3523 4578 3624 4633 εἶσι
3656 4578 3717 4632 τὸ
3745 4576 3832 4654 γε·

2188 4687 2284 4730 νος
2306 4670 2414 4721 τῶν
2463 4667 2804 4743 Παρθυαίων,
2838 4669 2866 4723 ’ὁ
3061 4667 3195 4742 μετὰ
3241 4672 3349 4723 τῶν
3401 4668 3507 4723 ἀπὸ
3537 4667 3633 4734 τῆς
3663 4673 3838 4724 Μεσο-

2189 4755 2461 4829 ποταμίας
2495 4756 2694 4832 Συρίας
2723 4755 2996 4822 πολλάκις
3049 4757 3267 4821 ἰπάθετο
3295 4761 3374 4828 τῷ
3404 4757 3642 4828 Ἰσςαήλ.
3672 4760 3842 4833 "Apa-

2191 4839 2280 4906 ϐες
2312 4844 2369 4900 δὲ
2397 4843 2545 4908 ἔθνος
2576 4845 2874 4918 πολέμιον,
2906 4849 3081 4903 πάντα
3120 4848 3212 4903 τὸν
3266 4842 3467 4923 χρόνον
3514 4845 3843 4920 ἐκπολεμώ-

2194 4955 2352 5007 μενον
2383 4940 2463 5007 τῷ
2503 4936 2744 5011 Ἰσραήλ.
2780 4938 2998 4993 Πάντων
3051 4938 3142 4992 οὖν
3185 4936 3398 4992 τούτων
3448 4936 3841 5010 πολεμούντων

2189 5029 2269 5097 τῷ
2299 5024 2503 5100 εὐγενεῖ
2531 5024 2822 5099 σπέρματι,
2869 5027 2920 5081 οἱ
2973 5027 3068 5101 μὲν
3125 5029 3418 5098 ἡττῶνται,
3448 5027 3501 5082 o't
3532 5023 3590 5080 δὲ
3635 5025 3846 5100 περιγί-

495 5179 541 5266 :2
571 5181 844 5266 lites-1.1:
876 5183 988 5266 θος.
1024 5184 1094 5266 ,ξεῖ
1119 5184 1296 5266 [σοι
1454 5186 1544 5266 4.4:
1619 5187 1664 5222 ‘°
1691 5187 1862 5244 δοεη-
1911 5203 2026 5259 κω

2210 5191 2252 5226 ⁴¹
2289 5189 2336 5245 ΙΙ
2371 5188 2558 5246 Paral.
2589 5207 2708 5261 xxv,
2737 5191 2897 5247 9-11.
2972 5192 3018 5226 ⁸³
3048 5192 3121 5248 IV
3154 5192 3296 5266 Reg.
3328 5209 3423 5262 xv,
3452 5191 3557 5260 29;
3609 5206 3749 5259 xvn,
3780 5192 3839 5246 6.

421 5249 467 5286 ⁴³
496 5251 673 5310 Exod.
707 5249 749 5322 ἰ,
782 5255 869 5311 14.
947 5256 994 5290 “
1024 5255 1094 5313 IV
1123 5255 1266 5329 Reg.
1297 5249 1449 5329 xxiv,
1484 5259 1571 5314 14.

495 5393 802 5519 ξῇ)
821 5401 879 5452 et
907 5402 1044 5472 Reg.
1080 5399 1327 5472 primus,
1361 5397 1615 5476 ἀναγάγη.
1650 5401 1760 5458 Alii
1813 5403 2071 5474 quinque

423 5481 592 5531 mss.,
627 5481 826 5593 αγαζγῃ.

427 5611 438 5618 _
497 5538 607 5606 (59)
638 5542 710 5618 Cp
759 5555 840 5618 ex_
867 5539 959 5618 Fr.
993 5541 1041 5608 1,
1087 5540 1518 5618 πολεμησάντων
1550 5544 1845 5618 ξΑσσυρίων
1895 5562 2072 5618 quam

423 5611 546 5664 tam
579 5609 793 5666 malam
827 5609 1134 5670 lectionem
1169 5609 1435 5673 secutum
1481 5617 1661 5675 fuisse
1691 5609 2072 5676 Tilmannum

425 5697 573 5754 agre
602 5682 714 5740 fert
742 5683 1151 5745 Combeﬁsius.
1183 5689 1292 5745 Alii
1337 5690 1599 5762 quinque
1643 5709 1783 5751 mss.
1819 5695 1877 5750 et
1905 5693 2072 5766 editi,

2189 5401 2501 5476 ’Λσσυρίαν,
2526 5405 2692 5462 bene.
2718 5410 2847 5462 Mox
2875 5407 3098 5464 veteres
3125 5410 3245 5464 tres
3274 5405 3430 5476 libri,
3462 5398 3849 5472 Βαϐυλωνίαν,

2187 5475 2498 5532 Αἰθιοπίαν.

2193 5620 2202 5622 _
2255 5550 2367 5622 (60)
2399 5546 2557 5622 Editi
2580 5552 2636 5604 et
2665 5551 2803 5620 Reg.
2841 5550 3086 5622 primus,
3122 5548 3193 5607 o’l.
3231 5551 3339 5606 Alii
3381 5549 3657 5622 quinque
3675 5564 3844 5616 mss.,

2183 5620 2232 5688 ὁ,
2264 5619 2789 5699 recte.__Aliq_uanto
2821 5619 2956 5696 post
2995 5623 3160 5695 editi,
3189 5622 3281 5678 τὸν
3315 5619 3563 5699 Ἰσραηλῖ
3594 5620 3661 5676 Ai
3695 5637 3845 5679 mss.

2181 5711 2301 5765 sex,
2333 5697 2411 5768 τῷ
2436 5690 2680 5768 Ἰσραῆλ.
