  <div class='ocr_page' id='page_1' title='image "/cluster/home/n/w/nwhite01/storage/ocr_20150623/30:no.2/coo.31924054873116/292.png"; bbox 0 0 4150 6392; ppageno 0'>
   <div class='ocr_carea' id='block_1_1' title="bbox 318 357 1957 476">
    <p class='ocr_par' dir='ltr' id='par_1_1' title="bbox 318 357 1957 474">
     <span class='ocr_line' id='line_1_1' title="bbox 318 357 1957 474; baseline -0.005 -2"><span class='ocrx_word' id='word_1_1' title='bbox 318 413 437 474; x_wconf 74' lang='lat' dir='ltr'>m</span> <span class='ocrx_word' id='word_1_2' title='bbox 990 357 1401 467; x_wconf 75' lang='lat' dir='ltr'>coMMEN&#39;r.</span> <span class='ocrx_word' id='word_1_3' title='bbox 1446 402 1525 464; x_wconf 87' lang='lat' dir='ltr'><strong>IN</strong></span> <span class='ocrx_word' id='word_1_4' title='bbox 1569 401 1842 465; x_wconf 79' lang='lat' dir='ltr'><strong>ISAIAM</strong></span> <span class='ocrx_word' id='word_1_5' title='bbox 1883 402 1957 463; x_wconf 85' lang='lat' dir='ltr'>Pl</span> 
     </span>
    </p>
   </div>
   <div class='ocr_carea' id='block_1_2' title="bbox 2112 357 3751 476">
    <p class='ocr_par' dir='ltr' id='par_1_2' title="bbox 2112 400 3751 476">
     <span class='ocr_line' id='line_1_2' title="bbox 2112 400 3751 476; baseline 0.008 -13"><span class='ocrx_word' id='word_1_6' title='bbox 2112 400 2392 464; x_wconf 69' lang='lat' dir='ltr'>PIETAM.</span> <span class='ocrx_word' id='word_1_7' title='bbox 2439 401 2613 464; x_wconf 82' lang='lat' dir='ltr'>CAP.</span> <span class='ocrx_word' id='word_1_8' title='bbox 2660 403 2742 466; x_wconf 85' lang='lat' dir='ltr'><strong>XI</strong></span> <span class='ocrx_word' id='word_1_9' title='bbox 2786 406 2885 466; x_wconf 88' lang='lat' dir='ltr'><strong>ET</strong></span> <span class='ocrx_word' id='word_1_10' title='bbox 2927 406 3060 470; x_wconf 85' lang='lat' dir='ltr'>XII.</span> <span class='ocrx_word' id='word_1_11' title='bbox 3630 415 3751 476; x_wconf 75' lang='lat'><strong>558</strong></span> 
     </span>
    </p>
   </div>
   <div class='ocr_carea' id='block_1_3' title="bbox 315 530 1954 613">
    <p class='ocr_par' dir='ltr' id='par_1_3' title="bbox 315 530 1954 613">
     <span class='ocr_line' id='line_1_3' title="bbox 315 530 1954 613; baseline -0.007 -16"><span class='ocrx_word' id='word_1_12' title='bbox 315 560 538 613; x_wconf 83' lang='grc' dir='ltr'>νονται,</span> <span class='ocrx_word' id='word_1_13' title='bbox 595 536 685 593; x_wconf 79' lang='grc' dir='ltr'>καὶ</span> <span class='ocrx_word' id='word_1_14' title='bbox 748 533 837 590; x_wconf 76' lang='grc' dir='ltr'>διὰ</span> <span class='ocrx_word' id='word_1_15' title='bbox 893 535 954 590; x_wconf 87' lang='grc' dir='ltr'>τὸ</span> <span class='ocrx_word' id='word_1_16' title='bbox 1011 534 1421 609; x_wconf 83' lang='grc' dir='ltr'>περιγενέσθαι,</span> <span class='ocrx_word' id='word_1_17' title='bbox 1474 530 1564 587; x_wconf 84' lang='grc' dir='ltr'>καὶ</span> <span class='ocrx_word' id='word_1_18' title='bbox 1629 532 1680 586; x_wconf 83' lang='grc' dir='ltr'>ἐν</span> <span class='ocrx_word' id='word_1_19' title='bbox 1729 530 1954 587; x_wconf 73' lang='grc' dir='ltr'>πολλοῖς</span> 
     </span>
    </p>
   </div>
   <div class='ocr_carea' id='block_1_4' title="bbox 2115 530 3754 613">
    <p class='ocr_par' dir='ltr' id='par_1_4' title="bbox 2120 532 3754 610">
     <span class='ocr_line' id='line_1_4' title="bbox 2120 532 3754 610; baseline 0.007 -22"><span class='ocrx_word' id='word_1_20' title='bbox 2120 532 2249 589; x_wconf 84' lang='lat' dir='ltr'>itati</span> <span class='ocrx_word' id='word_1_21' title='bbox 2282 535 2465 606; x_wconf 87' lang='lat' dir='ltr'>fuere,</span> <span class='ocrx_word' id='word_1_22' title='bbox 2493 533 2655 590; x_wconf 89' lang='lat' dir='ltr'>velut</span> <span class='ocrx_word' id='word_1_23' title='bbox 2698 536 3006 607; x_wconf 82' lang='lat' dir='ltr'>cujusdam</span> <span class='ocrx_word' id='word_1_24' title='bbox 3047 540 3268 610; x_wconf 78' lang='lat' dir='ltr'>praemii</span> <span class='ocrx_word' id='word_1_25' title='bbox 3304 541 3430 599; x_wconf 93' lang='lat' dir='ltr'>loco</span> <span class='ocrx_word' id='word_1_26' title='bbox 3483 543 3540 597; x_wconf 90' lang='lat' dir='ltr'>id</span> <span class='ocrx_word' id='word_1_27' title='bbox 3593 544 3754 599; x_wconf 86' lang='lat' dir='ltr'>acci-</span> 
     </span>
    </p>
   </div>
   <div class='ocr_carea' id='block_1_5' title="bbox 314 616 1953 704">
    <p class='ocr_par' dir='ltr' id='par_1_5' title="bbox 314 616 1953 704">
     <span class='ocr_line' id='line_1_5' title="bbox 314 616 1953 704; baseline -0.009 -17"><span class='ocrx_word' id='word_1_28' title='bbox 314 629 506 692; x_wconf 87' lang='grc' dir='ltr'>πόνοις</span> <span class='ocrx_word' id='word_1_29' title='bbox 554 625 950 704; x_wconf 79' lang='grc' dir='ltr'>γεγυμνάσθαι,</span> <span class='ocrx_word' id='word_1_30' title='bbox 996 624 1111 680; x_wconf 83' lang='grc' dir='ltr'>οἶόν</span> <span class='ocrx_word' id='word_1_31' title='bbox 1159 640 1212 678; x_wconf 88' lang='grc' dir='ltr'>τι</span> <span class='ocrx_word' id='word_1_32' title='bbox 1263 621 1428 678; x_wconf 81' lang='grc' dir='ltr'>ἆθλον</span> <span class='ocrx_word' id='word_1_33' title='bbox 1479 616 1820 695; x_wconf 76' lang='grc' dir='ltr'>λαμϐάνουσι</span> <span class='ocrx_word' id='word_1_34' title='bbox 1867 623 1953 690; x_wconf 51' lang='grc' dir='ltr'>τὴς</span> 
     </span>
    </p>
   </div>
   <div class='ocr_carea' id='block_1_6' title="bbox 2108 616 3747 704">
    <p class='ocr_par' dir='ltr' id='par_1_6' title="bbox 2108 622 3747 702">
     <span class='ocr_line' id='line_1_6' title="bbox 2108 622 3747 702; baseline 0.008 -26"><span class='ocrx_word' id='word_1_35' title='bbox 2108 624 2250 678; x_wconf 58' lang='lat' dir='ltr'>piunt</span> <span class='ocrx_word' id='word_1_36' title='bbox 2277 622 2688 694; x_wconf 87' lang='lat' dir='ltr'>additamenti,</span> <span class='ocrx_word' id='word_1_37' title='bbox 2722 629 2788 679; x_wconf 91' lang='lat' dir='ltr'>ut</span> <span class='ocrx_word' id='word_1_38' title='bbox 2837 642 3080 682; x_wconf 86' lang='lat' dir='ltr'>manum</span> <span class='ocrx_word' id='word_1_39' title='bbox 3110 630 3214 684; x_wconf 87' lang='lat' dir='ltr'>Dei</span> <span class='ocrx_word' id='word_1_40' title='bbox 3250 633 3630 702; x_wconf 83' lang='lat' dir='ltr'>conspicuam</span> <span class='ocrx_word' id='word_1_41' title='bbox 3679 650 3747 690; x_wconf 89' lang='lat' dir='ltr'>ac</span> 
     </span>
    </p>
   </div>
   <div class='ocr_carea' id='block_1_7' title="bbox 313 709 1952 797">
    <p class='ocr_par' dir='ltr' id='par_1_7' title="bbox 313 709 1946 797">
     <span class='ocr_line' id='line_1_7' title="bbox 313 709 1946 797; baseline -0.009 -21"><span class='ocrx_word' id='word_1_42' title='bbox 313 720 634 797; x_wconf 72' lang='grc' dir='ltr'>προσθήκην</span> <span class='ocrx_word' id='word_1_43' title='bbox 667 718 942 790; x_wconf 85' lang='grc' dir='ltr'>θεωρῆσαι</span> <span class='ocrx_word' id='word_1_44' title='bbox 969 719 1071 783; x_wconf 90' lang='grc' dir='ltr'>τῆς</span> <span class='ocrx_word' id='word_1_45' title='bbox 1103 709 1453 783; x_wconf 84' lang='grc' dir='ltr'>δεικνυμένης</span> <span class='ocrx_word' id='word_1_46' title='bbox 1478 711 1666 785; x_wconf 80' lang='grc' dir='ltr'>χειρὸς</span> <span class='ocrx_word' id='word_1_47' title='bbox 1695 713 1791 764; x_wconf 91' lang='grc' dir='ltr'>τοῦ</span> <span class='ocrx_word' id='word_1_48' title='bbox 1815 713 1946 763; x_wconf 88' lang='grc' dir='ltr'>Θεοῦ</span> 
     </span>
    </p>
   </div>
   <div class='ocr_carea' id='block_1_8' title="bbox 2102 709 3741 797">
    <p class='ocr_par' dir='ltr' id='par_1_8' title="bbox 2102 712 3741 794">
     <span class='ocr_line' id='line_1_8' title="bbox 2102 712 3741 794; baseline 0.008 -28"><span class='ocrx_word' id='word_1_49' title='bbox 2102 712 2455 768; x_wconf 80' lang='lat' dir='ltr'>manifestam</span> <span class='ocrx_word' id='word_1_50' title='bbox 2483 714 2869 786; x_wconf 82' lang='lat' dir='ltr'>conspiciant.</span> <span class='ocrx_word' id='word_1_51' title='bbox 2894 715 3259 790; x_wconf 82' lang='lat' dir='ltr'>Quapropter</span> <span class='ocrx_word' id='word_1_52' title='bbox 3280 721 3457 776; x_wconf 89' lang='lat' dir='ltr'>etiam</span> <span class='ocrx_word' id='word_1_53' title='bbox 3481 725 3616 794; x_wconf 88' lang='lat' dir='ltr'>post</span> <span class='ocrx_word' id='word_1_54' title='bbox 3645 737 3741 780; x_wconf 88' lang='lat' dir='ltr'>res</span> 
     </span>
    </p>
   </div>
   <div class='ocr_carea' id='block_1_9' title="bbox 315 797 1954 884">
    <p class='ocr_par' dir='ltr' id='par_1_9' title="bbox 315 797 1954 877">
     <span class='ocr_line' id='line_1_9' title="bbox 315 797 1954 877; baseline -0.009 -12"><span class='ocrx_word' id='word_1_55' title='bbox 315 811 409 865; x_wconf 86' lang='grc' dir='ltr'>Διὸ</span> <span class='ocrx_word' id='word_1_56' title='bbox 438 809 528 864; x_wconf 87' lang='grc' dir='ltr'>καὶ</span> <span class='ocrx_word' id='word_1_57' title='bbox 563 804 804 877; x_wconf 84' lang='grc' dir='ltr'>ζηλωτοὶ</span> <span class='ocrx_word' id='word_1_58' title='bbox 835 798 1048 859; x_wconf 78' lang='grc' dir='ltr'>ἔσονται</span> <span class='ocrx_word' id='word_1_59' title='bbox 1085 802 1218 875; x_wconf 85' lang='grc' dir='ltr'>μετᾶ</span> <span class='ocrx_word' id='word_1_60' title='bbox 1241 801 1339 863; x_wconf 81' lang='grc' dir='ltr'>τὰς</span> <span class='ocrx_word' id='word_1_61' title='bbox 1384 797 1654 873; x_wconf 79' lang='grc' dir='ltr'>ἀριστείας</span> <span class='ocrx_word' id='word_1_62' title='bbox 1704 799 1795 852; x_wconf 85' lang='grc' dir='ltr'>καὶ</span> <span class='ocrx_word' id='word_1_63' title='bbox 1841 797 1954 852; x_wconf 74' lang='grc' dir='ltr'>τοὺς</span> 
     </span>
    </p>
   </div>
   <div class='ocr_carea' id='block_1_10' title="bbox 2104 797 3743 884">
    <p class='ocr_par' dir='ltr' id='par_1_10' title="bbox 2104 803 3743 884">
     <span class='ocr_line' id='line_1_10' title="bbox 2104 803 3743 884; baseline 0.006 -27"><span class='ocrx_word' id='word_1_64' title='bbox 2104 803 2309 859; x_wconf 83' lang='lat' dir='ltr'>&#39;ortiter</span> <span class='ocrx_word' id='word_1_65' title='bbox 2355 808 2551 875; x_wconf 83' lang='lat' dir='ltr'>gestas</span> <span class='ocrx_word' id='word_1_66' title='bbox 2583 809 2641 860; x_wconf 91' lang='lat' dir='ltr'>et</span> <span class='ocrx_word' id='word_1_67' title='bbox 2673 803 2903 860; x_wconf 85' lang='lat' dir='ltr'>labores</span> <span class='ocrx_word' id='word_1_68' title='bbox 2955 807 3279 864; x_wconf 87' lang='lat' dir='ltr'>exantlatos</span> <span class='ocrx_word' id='word_1_69' title='bbox 3325 809 3548 867; x_wconf 87' lang='lat' dir='ltr'>invidia</span> <span class='ocrx_word' id='word_1_70' title='bbox 3577 811 3743 884; x_wconf 87' lang='lat' dir='ltr'>digni</span> 
     </span>
    </p>
   </div>
   <div class='ocr_carea' id='block_1_11' title="bbox 313 893 1952 963">
    <p class='ocr_par' dir='ltr' id='par_1_11' title="bbox 313 899 539 961">
     <span class='ocr_line' id='line_1_11' title="bbox 313 899 539 961; baseline -0.004 -5"><span class='ocrx_word' id='word_1_71' title='bbox 313 899 539 961; x_wconf 83' lang='grc' dir='ltr'>πόνους.</span> 
     </span>
    </p>
   </div>
   <div class='ocr_carea' id='block_1_12' title="bbox 1237 893 2876 963">
    <p class='ocr_par' dir='ltr' id='par_1_12' title="bbox 2079 893 2876 963">
     <span class='ocr_line' id='line_1_12' title="bbox 2079 893 2876 963; baseline 0.004 -17"><span class='ocrx_word' id='word_1_72' title='bbox 2079 896 2253 946; x_wconf 87' lang='lat' dir='ltr'>erunt</span> <span class='ocrx_word' id='word_1_73' title='bbox 2283 897 2456 963; x_wconf 88' lang='lat' dir='ltr'>atque</span> <span class='ocrx_word' id='word_1_74' title='bbox 2487 893 2876 950; x_wconf 85' lang='lat' dir='ltr'>aemulatione.</span> 
     </span>
    </p>
   </div>
   <div class='ocr_carea' id='block_1_13' title="bbox 383 971 2022 1060">
    <p class='ocr_par' dir='ltr' id='par_1_13' title="bbox 383 971 1969 1060">
     <span class='ocr_line' id='line_1_13' title="bbox 383 971 1969 1060; baseline -0.009 -15"><span class='ocrx_word' id='word_1_75' title='bbox 383 991 509 1046; x_wconf 81' lang='grc'><strong>249.</strong></span> <span class='ocrx_word' id='word_1_76' title='bbox 571 985 672 1041; x_wconf 86' lang='grc' dir='ltr'>Καὶ</span> <span class='ocrx_word' id='word_1_77' title='bbox 722 985 862 1060; x_wconf 80' lang='grc' dir='ltr'>ἀρεῖ,</span> <span class='ocrx_word' id='word_1_78' title='bbox 925 979 1083 1059; x_wconf 78' lang='grc' dir='ltr'>φησὶ,</span> <span class='ocrx_word' id='word_1_79' title='bbox 1133 984 1364 1053; x_wconf 88' lang='grc' dir='ltr'>σημεῖον</span> <span class='ocrx_word' id='word_1_80' title='bbox 1419 979 1498 1042; x_wconf 80' lang='grc' dir='ltr'>είς</span> <span class='ocrx_word' id='word_1_81' title='bbox 1555 978 1624 1033; x_wconf 77' lang='grc' dir='ltr'>τὰ</span> <span class='ocrx_word' id='word_1_82' title='bbox 1679 971 1829 1048; x_wconf 78' lang='grc' dir='ltr'>ἔθνη,</span> <span class='ocrx_word' id='word_1_83' title='bbox 1879 977 1969 1031; x_wconf 84' lang='grc' dir='ltr'>καὶ</span> 
     </span>
    </p>
   </div>
   <div class='ocr_carea' id='block_1_14' title="bbox 2098 971 3737 1060">
    <p class='ocr_par' dir='ltr' id='par_1_14' title="bbox 2151 981 3737 1060">
     <span class='ocr_line' id='line_1_14' title="bbox 2151 981 3737 1060; baseline 0.008 -27"><span class='ocrx_word' id='word_1_84' title='bbox 2151 981 2274 1034; x_wconf 84' lang='grc'><strong>249.</strong></span> <span class='ocrx_word' id='word_1_85' title='bbox 2303 981 2501 1052; x_wconf 74' lang='lat' dir='ltr'>(Vaas.</span> <span class='ocrx_word' id='word_1_86' title='bbox 2530 983 2644 1054; x_wconf 82' lang='lat'>12.)</span> <span class='ocrx_word' id='word_1_87' title='bbox 2664 985 2732 1038; x_wconf 85' lang='lat' dir='ltr'>Et</span> <span class='ocrx_word' id='word_1_88' title='bbox 2767 984 2989 1054; x_wconf 79' lang='lat' dir='ltr'>levabit,</span> <span class='ocrx_word' id='word_1_89' title='bbox 3022 984 3233 1056; x_wconf 82' lang='lat' dir='ltr'>inquit,</span> <span class='ocrx_word' id='word_1_90' title='bbox 3262 987 3487 1054; x_wconf 83' lang='lat' dir='ltr'>signum</span> <span class='ocrx_word' id='word_1_91' title='bbox 3517 988 3578 1042; x_wconf 87' lang='lat' dir='ltr'>in</span> <span class='ocrx_word' id='word_1_92' title='bbox 3607 1005 3737 1060; x_wconf 88' lang='lat' dir='ltr'>gen-</span> 
     </span>
    </p>
   </div>
   <div class='ocr_carea' id='block_1_15' title="bbox 312 1065 1951 1148">
    <p class='ocr_par' dir='ltr' id='par_1_15' title="bbox 312 1065 1951 1148">
     <span class='ocr_line' id='line_1_15' title="bbox 312 1065 1951 1148; baseline -0.009 -14"><span class='ocrx_word' id='word_1_93' title='bbox 312 1077 521 1148; x_wconf 82' lang='grc' dir='ltr'>συνάξει</span> <span class='ocrx_word' id='word_1_94' title='bbox 610 1073 738 1136; x_wconf 81' lang='grc' dir='ltr'>τοὺς</span> <span class='ocrx_word' id='word_1_95' title='bbox 847 1069 1230 1143; x_wconf 68' lang='grc' dir='ltr'>ἀπολομένους</span> <span class='ocrx_word' id='word_1_96' title='bbox 1312 1069 1534 1142; x_wconf 83' lang='grc' dir='ltr'>Ἰσραὴλ</span> <span class='ocrx_word' id='word_1_97' title='bbox 1569 1113 1583 1140; x_wconf 92' lang='grc'>,</span> <span class='ocrx_word' id='word_1_98' title='bbox 1667 1067 1757 1122; x_wconf 76' lang='grc' dir='ltr'>καὶ</span> <span class='ocrx_word' id='word_1_99' title='bbox 1841 1065 1951 1121; x_wconf 81' lang='grc' dir='ltr'>τοὺι</span> 
     </span>
    </p>
   </div>
   <div class='ocr_carea' id='block_1_16' title="bbox 2101 1065 3740 1148">
    <p class='ocr_par' dir='ltr' id='par_1_16' title="bbox 2105 1072 3740 1145">
     <span class='ocr_line' id='line_1_16' title="bbox 2105 1072 3740 1145; baseline 0.007 -21"><span class='ocrx_word' id='word_1_100' title='bbox 2105 1083 2182 1134; x_wconf 91' lang='lat' dir='ltr'>es,</span> <span class='ocrx_word' id='word_1_101' title='bbox 2217 1078 2266 1124; x_wconf 79' lang='lat' dir='ltr'>et</span> <span class='ocrx_word' id='word_1_102' title='bbox 2291 1073 2642 1142; x_wconf 86' lang='lat' dir='ltr'>congregabit</span> <span class='ocrx_word' id='word_1_103' title='bbox 2689 1072 2932 1143; x_wconf 77' lang='lat' dir='ltr'>perditos</span> <span class='ocrx_word' id='word_1_104' title='bbox 2982 1075 3172 1140; x_wconf 86' lang='lat' dir='ltr'>Israel,</span> <span class='ocrx_word' id='word_1_105' title='bbox 3205 1082 3258 1129; x_wconf 78' lang='lat' dir='ltr'>et</span> <span class='ocrx_word' id='word_1_106' title='bbox 3302 1075 3570 1145; x_wconf 84' lang='lat' dir='ltr'>dispersos</span> <span class='ocrx_word' id='word_1_107' title='bbox 3600 1079 3740 1135; x_wconf 83' lang='lat' dir='ltr'>Juda</span> 
     </span>
    </p>
   </div>
   <div class='ocr_carea' id='block_1_17' title="bbox 313 1156 1952 1243">
    <p class='ocr_par' dir='ltr' id='par_1_17' title="bbox 313 1156 1952 1243">
     <span class='ocr_line' id='line_1_17' title="bbox 313 1156 1952 1243; baseline -0.008 -20"><span class='ocrx_word' id='word_1_108' title='bbox 313 1164 742 1243; x_wconf 72' lang='grc' dir='ltr'>διεσπαρμένους</span> <span class='ocrx_word' id='word_1_109' title='bbox 829 1165 927 1217; x_wconf 88' lang='grc' dir='ltr'>τοῦ</span> <span class='ocrx_word' id='word_1_110' title='bbox 985 1158 1167 1217; x_wconf 83' lang='grc' dir='ltr'>Ἰούδα</span> <span class='ocrx_word' id='word_1_111' title='bbox 1246 1157 1452 1229; x_wconf 79' lang='grc' dir='ltr'>συνάξει</span> <span class='ocrx_word' id='word_1_112' title='bbox 1511 1159 1572 1213; x_wconf 88' lang='grc' dir='ltr'>ἐκ</span> <span class='ocrx_word' id='word_1_113' title='bbox 1623 1160 1730 1211; x_wconf 87' lang='grc' dir='ltr'>τῶν</span> <span class='ocrx_word' id='word_1_114' title='bbox 1783 1156 1952 1211; x_wconf 85' lang='grc' dir='ltr'>τεσσά·</span> 
     </span>
    </p>
   </div>
   <div class='ocr_carea' id='block_1_18' title="bbox 2102 1156 3741 1243">
    <p class='ocr_par' dir='ltr' id='par_1_18' title="bbox 2102 1161 3741 1236">
     <span class='ocr_line' id='line_1_18' title="bbox 2102 1161 3741 1236; baseline 0.005 -22"><span class='ocrx_word' id='word_1_115' title='bbox 2102 1161 2436 1229; x_wconf 67' lang='grc' dir='ltr'>τοηρνθραὸἱι</span> <span class='ocrx_word' id='word_1_116' title='bbox 2490 1177 2558 1216; x_wconf 75' lang='lat' dir='ltr'>ex</span> <span class='ocrx_word' id='word_1_117' title='bbox 2616 1166 2851 1233; x_wconf 85' lang='lat' dir='ltr'>quatuor</span> <span class='ocrx_word' id='word_1_118' title='bbox 2909 1164 3016 1219; x_wconf 86' lang='lat' dir='ltr'>alis</span> <span class='ocrx_word' id='word_1_119' title='bbox 3071 1171 3252 1219; x_wconf 68' lang='lat' dir='ltr'>terras.</span> <span class='ocrx_word' id='word_1_120' title='bbox 3314 1165 3517 1236; x_wconf 85' lang='lat' dir='ltr'>Itaque</span> <span class='ocrx_word' id='word_1_121' title='bbox 3572 1166 3741 1223; x_wconf 86' lang='lat' dir='ltr'>radix</span> 
     </span>
    </p>
   </div>
   <div class='ocr_carea' id='block_1_19' title="bbox 313 1245 1952 1334">
    <p class='ocr_par' dir='ltr' id='par_1_19' title="bbox 313 1245 1952 1334">
     <span class='ocr_line' id='line_1_19' title="bbox 313 1245 1952 1334; baseline -0.007 -23"><span class='ocrx_word' id='word_1_122' title='bbox 313 1277 422 1334; x_wconf 90' lang='grc' dir='ltr'>ρων</span> <span class='ocrx_word' id='word_1_123' title='bbox 481 1253 766 1330; x_wconf 82' lang='grc' dir='ltr'>πτερύγων</span> <span class='ocrx_word' id='word_1_124' title='bbox 823 1257 927 1321; x_wconf 81' lang='grc' dir='ltr'>τῆς</span> <span class='ocrx_word' id='word_1_125' title='bbox 981 1256 1105 1325; x_wconf 87' lang='grc' dir='ltr'>γῆς.</span> <span class='ocrx_word' id='word_1_126' title='bbox 1140 1250 1203 1304; x_wconf 83' lang='grc' dir='ltr'>Ἱῐ</span> <span class='ocrx_word' id='word_1_127' title='bbox 1262 1246 1354 1303; x_wconf 79' lang='grc' dir='ltr'>οῦν</span> <span class='ocrx_word' id='word_1_128' title='bbox 1414 1245 1535 1323; x_wconf 80' lang='grc' dir='ltr'>ῥίζα</span> <span class='ocrx_word' id='word_1_129' title='bbox 1562 1251 1660 1302; x_wconf 91' lang='grc' dir='ltr'>τοῦ</span> <span class='ocrx_word' id='word_1_130' title='bbox 1691 1247 1952 1312; x_wconf 78' lang='grc' dir='ltr'>Ἰεσσαὶ,ἑ</span> 
     </span>
    </p>
   </div>
   <div class='ocr_carea' id='block_1_20' title="bbox 2097 1245 3736 1334">
    <p class='ocr_par' dir='ltr' id='par_1_20' title="bbox 2097 1247 3736 1334">
     <span class='ocr_line' id='line_1_20' title="bbox 2097 1247 3736 1334; baseline 0.009 -38"><span class='ocrx_word' id='word_1_131' title='bbox 2097 1247 2261 1334; x_wconf 74' lang='lat' dir='ltr'>Iesse,</span> <span class='ocrx_word' id='word_1_132' title='bbox 2295 1261 2397 1301; x_wconf 90' lang='lat' dir='ltr'>seu</span> <span class='ocrx_word' id='word_1_133' title='bbox 2431 1247 2528 1318; x_wconf 90' lang='lat' dir='ltr'>qui</span> <span class='ocrx_word' id='word_1_134' title='bbox 2581 1250 2845 1321; x_wconf 83' lang='lat' dir='ltr'>exsurgit</span> <span class='ocrx_word' id='word_1_135' title='bbox 2876 1251 2946 1306; x_wconf 88' lang='lat' dir='ltr'>ad</span> <span class='ocrx_word' id='word_1_136' title='bbox 2990 1251 3406 1323; x_wconf 90' lang='lat' dir='ltr'>imperandum</span> <span class='ocrx_word' id='word_1_137' title='bbox 3439 1254 3736 1326; x_wconf 85' lang='lat' dir='ltr'>gentibus,</span> 
     </span>
    </p>
   </div>
   <div class='ocr_carea' id='block_1_21' title="bbox 308 1333 1947 1416">
    <p class='ocr_par' dir='ltr' id='par_1_21' title="bbox 308 1335 1947 1416">
     <span class='ocr_line' id='line_1_21' title="bbox 308 1335 1947 1416; baseline -0.006 -17"><span class='ocrx_word' id='word_1_138' title='bbox 308 1345 532 1407; x_wconf 83' lang='grc' dir='ltr'>ἀναστὰς</span> <span class='ocrx_word' id='word_1_139' title='bbox 563 1341 654 1398; x_wconf 83' lang='grc' dir='ltr'>ἐπὶ</span> <span class='ocrx_word' id='word_1_140' title='bbox 683 1345 763 1414; x_wconf 78' lang='grc' dir='ltr'>τῷ</span> <span class='ocrx_word' id='word_1_141' title='bbox 789 1343 902 1415; x_wconf 88' lang='grc'>(61)</span> <span class='ocrx_word' id='word_1_142' title='bbox 937 1340 1127 1416; x_wconf 80' lang='grc' dir='ltr'>ἄρχειν</span> <span class='ocrx_word' id='word_1_143' title='bbox 1158 1339 1267 1393; x_wconf 79' lang='grc' dir='ltr'>τῶν</span> <span class='ocrx_word' id='word_1_144' title='bbox 1302 1336 1494 1407; x_wconf 83' lang='grc' dir='ltr'>ἐθνῶν,</span> <span class='ocrx_word' id='word_1_145' title='bbox 1530 1338 1688 1399; x_wconf 85' lang='grc' dir='ltr'>οὗτος</span> <span class='ocrx_word' id='word_1_146' title='bbox 1714 1335 1834 1411; x_wconf 83' lang='grc' dir='ltr'>ἀρεῖ</span> <span class='ocrx_word' id='word_1_147' title='bbox 1862 1356 1947 1405; x_wconf 75' lang='grc' dir='ltr'>σηι</span> 
     </span>
    </p>
   </div>
   <div class='ocr_carea' id='block_1_22' title="bbox 2096 1333 3735 1416">
    <p class='ocr_par' dir='ltr' id='par_1_22' title="bbox 2096 1333 3735 1415">
     <span class='ocr_line' id='line_1_22' title="bbox 2096 1333 3735 1415; baseline 0.006 -27"><span class='ocrx_word' id='word_1_148' title='bbox 2096 1333 2172 1388; x_wconf 76' lang='lat' dir='ltr'>iic</span> <span class='ocrx_word' id='word_1_149' title='bbox 2202 1333 2296 1389; x_wconf 90' lang='lat' dir='ltr'>ille</span> <span class='ocrx_word' id='word_1_150' title='bbox 2325 1335 2488 1390; x_wconf 85' lang='lat' dir='ltr'>tollet</span> <span class='ocrx_word' id='word_1_151' title='bbox 2518 1337 2759 1408; x_wconf 87' lang='lat' dir='ltr'>signum</span> <span class='ocrx_word' id='word_1_152' title='bbox 2797 1338 2951 1395; x_wconf 91' lang='lat' dir='ltr'>inter</span> <span class='ocrx_word' id='word_1_153' title='bbox 2988 1346 3216 1413; x_wconf 85' lang='lat' dir='ltr'>gentes,</span> <span class='ocrx_word' id='word_1_154' title='bbox 3251 1346 3316 1397; x_wconf 88' lang='lat' dir='ltr'>ut</span> <span class='ocrx_word' id='word_1_155' title='bbox 3344 1341 3383 1396; x_wconf 92' lang='lat' dir='ltr'>ii</span> <span class='ocrx_word' id='word_1_156' title='bbox 3415 1344 3516 1414; x_wconf 91' lang='lat' dir='ltr'>qui</span> <span class='ocrx_word' id='word_1_157' title='bbox 3550 1344 3735 1415; x_wconf 90' lang='lat' dir='ltr'>perie-</span> 
     </span>
    </p>
   </div>
   <div class='ocr_carea' id='block_1_23' title="bbox 309 1424 1948 1506">
    <p class='ocr_par' dir='ltr' id='par_1_23' title="bbox 309 1424 1942 1506">
     <span class='ocr_line' id='line_1_23' title="bbox 309 1424 1942 1506; baseline -0.004 -19"><span class='ocrx_word' id='word_1_158' title='bbox 309 1438 459 1506; x_wconf 82' lang='grc' dir='ltr'>μεῖον</span> <span class='ocrx_word' id='word_1_159' title='bbox 490 1431 567 1494; x_wconf 74' lang='grc' dir='ltr'>εἷς</span> <span class='ocrx_word' id='word_1_160' title='bbox 592 1431 660 1486; x_wconf 78' lang='grc' dir='ltr'>τὰ</span> <span class='ocrx_word' id='word_1_161' title='bbox 691 1429 843 1502; x_wconf 78' lang='grc' dir='ltr'>ἔθνη,</span> <span class='ocrx_word' id='word_1_162' title='bbox 863 1427 959 1484; x_wconf 70' lang='grc' dir='ltr'>’ἱνα</span> <span class='ocrx_word' id='word_1_163' title='bbox 991 1432 1334 1504; x_wconf 88' lang='grc' dir='ltr'>συναχθῶσιν</span> <span class='ocrx_word' id='word_1_164' title='bbox 1370 1427 1421 1482; x_wconf 74' lang='grc' dir='ltr'>οἱ</span> <span class='ocrx_word' id='word_1_165' title='bbox 1443 1424 1823 1499; x_wconf 80' lang='grc' dir='ltr'>ἀπολλύμενοι</span> <span class='ocrx_word' id='word_1_166' title='bbox 1851 1426 1942 1499; x_wconf 80' lang='lat'>(62</span> 
     </span>
    </p>
   </div>
   <div class='ocr_carea' id='block_1_24' title="bbox 2096 1424 3735 1506">
    <p class='ocr_par' dir='ltr' id='par_1_24' title="bbox 2096 1424 3735 1503">
     <span class='ocr_line' id='line_1_24' title="bbox 2096 1424 3735 1503; baseline 0.007 -26"><span class='ocrx_word' id='word_1_167' title='bbox 2096 1427 2216 1478; x_wconf 72' lang='lat' dir='ltr'>&#39;unt</span> <span class='ocrx_word' id='word_1_168' title='bbox 2247 1440 2314 1478; x_wconf 86' lang='lat' dir='ltr'>ex</span> <span class='ocrx_word' id='word_1_169' title='bbox 2365 1424 2566 1492; x_wconf 84' lang='lat' dir='ltr'>Israel,</span> <span class='ocrx_word' id='word_1_170' title='bbox 2598 1427 2658 1480; x_wconf 91' lang='lat' dir='ltr'>in</span> <span class='ocrx_word' id='word_1_171' title='bbox 2707 1444 2892 1483; x_wconf 89' lang='lat' dir='ltr'>unum</span> <span class='ocrx_word' id='word_1_172' title='bbox 2940 1437 3352 1503; x_wconf 88' lang='lat' dir='ltr'>aggregentur.</span> <span class='ocrx_word' id='word_1_173' title='bbox 3391 1433 3544 1488; x_wconf 80' lang='lat' dir='ltr'>Venit</span> <span class='ocrx_word' id='word_1_174' title='bbox 3575 1432 3735 1489; x_wconf 89' lang='lat' dir='ltr'>enim</span> 
     </span>
    </p>
   </div>
   <div class='ocr_carea' id='block_1_25' title="bbox 303 1513 1942 1598">
    <p class='ocr_par' dir='ltr' id='par_1_25' title="bbox 303 1515 1932 1598">
     <span class='ocr_line' id='line_1_25' title="bbox 303 1515 1932 1598; baseline -0.006 -20"><span class='ocrx_word' id='word_1_175' title='bbox 303 1526 402 1578; x_wconf 89' lang='grc' dir='ltr'>τοῦ</span> <span class='ocrx_word' id='word_1_176' title='bbox 449 1520 696 1598; x_wconf 86' lang='grc' dir='ltr'>Ἰσραήλ.</span> <span class='ocrx_word' id='word_1_177' title='bbox 735 1519 908 1584; x_wconf 85' lang='grc' dir='ltr'>Ἦλθε</span> <span class='ocrx_word' id='word_1_178' title='bbox 953 1519 1054 1595; x_wconf 81' lang='grc' dir='ltr'>γὰρ</span> <span class='ocrx_word' id='word_1_179' title='bbox 1105 1519 1134 1572; x_wconf 86' lang='grc' dir='ltr'>ὁ</span> <span class='ocrx_word' id='word_1_180' title='bbox 1192 1518 1315 1580; x_wconf 74' lang='grc' dir='ltr'>Υἱὸς</span> <span class='ocrx_word' id='word_1_181' title='bbox 1364 1521 1462 1572; x_wconf 86' lang='grc' dir='ltr'>τοῦ</span> <span class='ocrx_word' id='word_1_182' title='bbox 1522 1515 1806 1592; x_wconf 87' lang='grc' dir='ltr'>ἀνθρώπου</span> <span class='ocrx_word' id='word_1_183' title='bbox 1868 1518 1932 1585; x_wconf 84' lang='grc' dir='ltr'>ζη</span> 
     </span>
    </p>
   </div>
   <div class='ocr_carea' id='block_1_26' title="bbox 2095 1513 3734 1598">
    <p class='ocr_par' dir='ltr' id='par_1_26' title="bbox 2095 1513 3734 1594">
     <span class='ocr_line' id='line_1_26' title="bbox 2095 1513 3734 1594; baseline 0.006 -26"><span class='ocrx_word' id='word_1_184' title='bbox 2095 1513 2256 1568; x_wconf 55' lang='lat' dir='ltr'>ﬁlius</span> <span class='ocrx_word' id='word_1_185' title='bbox 2285 1514 2530 1570; x_wconf 76' lang='lat' dir='ltr'>hominis</span> <span class='ocrx_word' id='word_1_186' title='bbox 2572 1532 2836 1588; x_wconf 70' lang='lat' dir='ltr'>quazrcre,</span> <span class='ocrx_word' id='word_1_187' title='bbox 2867 1524 2917 1573; x_wconf 85' lang='lat' dir='ltr'>et</span> <span class='ocrx_word' id='word_1_188' title='bbox 2964 1519 3184 1575; x_wconf 83' lang='lat' dir='ltr'>salvum</span> <span class='ocrx_word' id='word_1_189' title='bbox 3233 1522 3418 1592; x_wconf 80' lang='lat' dir='ltr'>facere</span> <span class='ocrx_word' id='word_1_190' title='bbox 3467 1522 3610 1594; x_wconf 86' lang='lat' dir='ltr'>quod</span> <span class='ocrx_word' id='word_1_191' title='bbox 3636 1538 3734 1592; x_wconf 88' lang='lat' dir='ltr'>pe-</span> 
     </span>
    </p>
   </div>
   <div class='ocr_carea' id='block_1_27' title="bbox 305 1603 1944 1683">
    <p class='ocr_par' dir='ltr' id='par_1_27' title="bbox 305 1603 1944 1682">
     <span class='ocr_line' id='line_1_27' title="bbox 305 1603 1944 1682; baseline -0.005 -15"><span class='ocrx_word' id='word_1_192' title='bbox 305 1619 469 1682; x_wconf 81' lang='grc' dir='ltr'>τῆσαι</span> <span class='ocrx_word' id='word_1_193' title='bbox 527 1612 613 1666; x_wconf 79' lang='grc' dir='ltr'>καὶ</span> <span class='ocrx_word' id='word_1_194' title='bbox 677 1613 846 1664; x_wconf 90' lang='grc' dir='ltr'>σῶσαι</span> <span class='ocrx_word' id='word_1_195' title='bbox 905 1609 968 1663; x_wconf 86' lang='grc' dir='ltr'>τὸ</span> <span class='ocrx_word' id='word_1_196' title='bbox 1027 1605 1346 1668; x_wconf 77' lang='grc' dir='ltr'>ἀπολωλός.</span> <span class='ocrx_word' id='word_1_197' title='bbox 1392 1609 1565 1663; x_wconf 87' lang='grc' dir='ltr'>Τοῦτο</span> <span class='ocrx_word' id='word_1_198' title='bbox 1625 1603 1682 1661; x_wconf 78' lang='grc' dir='ltr'>δέ</span> <span class='ocrx_word' id='word_1_199' title='bbox 1739 1604 1847 1662; x_wconf 89' lang='grc' dir='ltr'>ἐστι</span> <span class='ocrx_word' id='word_1_200' title='bbox 1899 1605 1944 1658; x_wconf 74' lang='grc' dir='ltr'>τὲ</span> 
     </span>
    </p>
   </div>
   <div class='ocr_carea' id='block_1_28' title="bbox 2088 1603 3727 1683">
    <p class='ocr_par' dir='ltr' id='par_1_28' title="bbox 2088 1603 3727 1683">
     <span class='ocr_line' id='line_1_28' title="bbox 2088 1603 3727 1683; baseline 0.005 -24"><span class='ocrx_word' id='word_1_201' title='bbox 2088 1603 2326 1660; x_wconf 69' lang='lat' dir='ltr'>~ierat“.</span> <span class='ocrx_word' id='word_1_202' title='bbox 2373 1604 2615 1675; x_wconf 85' lang='lat' dir='ltr'>Signum</span> <span class='ocrx_word' id='word_1_203' title='bbox 2667 1609 2859 1662; x_wconf 88' lang='lat' dir='ltr'>autem</span> <span class='ocrx_word' id='word_1_204' title='bbox 2893 1609 3046 1679; x_wconf 92' lang='lat' dir='ltr'>quod</span> <span class='ocrx_word' id='word_1_205' title='bbox 3096 1608 3305 1666; x_wconf 85' lang='lat' dir='ltr'>levavit</span> <span class='ocrx_word' id='word_1_206' title='bbox 3336 1610 3394 1666; x_wconf 89' lang='lat' dir='ltr'>in</span> <span class='ocrx_word' id='word_1_207' title='bbox 3425 1611 3727 1683; x_wconf 86' lang='lat' dir='ltr'>gentibus,</span> 
     </span>
    </p>
   </div>
   <div class='ocr_carea' id='block_1_29' title="bbox 311 1690 1950 1773">
    <p class='ocr_par' dir='ltr' id='par_1_29' title="bbox 311 1690 1950 1773">
     <span class='ocr_line' id='line_1_29' title="bbox 311 1690 1950 1773; baseline -0.004 -18"><span class='ocrx_word' id='word_1_208' title='bbox 311 1703 564 1773; x_wconf 83' lang='grc' dir='ltr'>σημεῖον,</span> <span class='ocrx_word' id='word_1_209' title='bbox 597 1699 626 1752; x_wconf 82' lang='grc' dir='ltr'>ὃ</span> <span class='ocrx_word' id='word_1_210' title='bbox 656 1699 785 1772; x_wconf 80' lang='grc' dir='ltr'>ἦρεν</span> <span class='ocrx_word' id='word_1_211' title='bbox 815 1695 892 1760; x_wconf 78' lang='grc' dir='ltr'>εἷς</span> <span class='ocrx_word' id='word_1_212' title='bbox 919 1695 986 1750; x_wconf 80' lang='grc' dir='ltr'>τὰ</span> <span class='ocrx_word' id='word_1_213' title='bbox 1022 1690 1172 1766; x_wconf 77' lang='grc' dir='ltr'>ἔθνη,</span> <span class='ocrx_word' id='word_1_214' title='bbox 1205 1694 1268 1749; x_wconf 87' lang='grc' dir='ltr'>τὸ</span> <span class='ocrx_word' id='word_1_215' title='bbox 1316 1693 1367 1748; x_wconf 75' lang='grc' dir='ltr'>ἐν</span> <span class='ocrx_word' id='word_1_216' title='bbox 1424 1698 1542 1756; x_wconf 89' lang='grc' dir='ltr'>τοῖς</span> <span class='ocrx_word' id='word_1_217' title='bbox 1599 1690 1950 1768; x_wconf 78' lang='grc' dir='ltr'>Εὐαγγελίοιι</span> 
     </span>
    </p>
   </div>
   <div class='ocr_carea' id='block_1_30' title="bbox 2088 1690 3727 1773">
    <p class='ocr_par' dir='ltr' id='par_1_30' title="bbox 2088 1694 3727 1773">
     <span class='ocr_line' id='line_1_30' title="bbox 2088 1694 3727 1773; baseline 0.005 -24"><span class='ocrx_word' id='word_1_218' title='bbox 2088 1710 2180 1750; x_wconf 80' lang='lat'>100</span> <span class='ocrx_word' id='word_1_219' title='bbox 2230 1694 2427 1766; x_wconf 89' lang='lat' dir='ltr'>ipsum</span> <span class='ocrx_word' id='word_1_220' title='bbox 2475 1699 2583 1764; x_wconf 84' lang='lat' dir='ltr'>est,</span> <span class='ocrx_word' id='word_1_221' title='bbox 2635 1695 2807 1765; x_wconf 87' lang='lat' dir='ltr'>cujus</span> <span class='ocrx_word' id='word_1_222' title='bbox 2856 1695 2920 1750; x_wconf 81' lang='lat' dir='ltr'>ﬁt</span> <span class='ocrx_word' id='word_1_223' title='bbox 2971 1698 3188 1752; x_wconf 86' lang='lat' dir='ltr'>mentio</span> <span class='ocrx_word' id='word_1_224' title='bbox 3239 1699 3297 1753; x_wconf 92' lang='lat' dir='ltr'>in</span> <span class='ocrx_word' id='word_1_225' title='bbox 3351 1701 3727 1773; x_wconf 87' lang='lat' dir='ltr'>Evangeliis:</span> 
     </span>
    </p>
   </div>
   <div class='ocr_carea' id='block_1_31' title="bbox 309 1782 1948 1862">
    <p class='ocr_par' dir='ltr' id='par_1_31' title="bbox 309 1782 1948 1862">
     <span class='ocr_line' id='line_1_31' title="bbox 309 1782 1948 1862; baseline -0.005 -18"><span class='ocrx_word' id='word_1_226' title='bbox 309 1787 639 1862; x_wconf 76' lang='grc' dir='ltr'>λεγόμενονο</span> <span class='ocrx_word' id='word_1_227' title='bbox 675 1788 939 1860; x_wconf 83' lang='grc' dir='ltr'>Ὄψονται</span> <span class='ocrx_word' id='word_1_228' title='bbox 987 1785 1049 1840; x_wconf 87' lang='grc' dir='ltr'>τὸ</span> <span class='ocrx_word' id='word_1_229' title='bbox 1108 1788 1340 1857; x_wconf 84' lang='grc' dir='ltr'>σημεῖον</span> <span class='ocrx_word' id='word_1_230' title='bbox 1387 1788 1483 1839; x_wconf 88' lang='grc' dir='ltr'>τοῦ</span> <span class='ocrx_word' id='word_1_231' title='bbox 1535 1784 1664 1837; x_wconf 76' lang='grc' dir='ltr'>Υἱοῦ</span> <span class='ocrx_word' id='word_1_232' title='bbox 1709 1786 1806 1836; x_wconf 89' lang='grc' dir='ltr'>τοῦ</span> <span class='ocrx_word' id='word_1_233' title='bbox 1864 1782 1948 1836; x_wconf 90' lang='grc' dir='ltr'>ἀν-</span> 
     </span>
    </p>
   </div>
   <div class='ocr_carea' id='block_1_32' title="bbox 2090 1782 3729 1862">
    <p class='ocr_par' dir='ltr' id='par_1_32' title="bbox 2090 1783 3729 1859">
     <span class='ocr_line' id='line_1_32' title="bbox 2090 1783 3729 1859; baseline 0.005 -21"><span class='ocrx_word' id='word_1_234' title='bbox 2090 1784 2339 1840; x_wconf 66' lang='lat' dir='ltr'>Videbunt</span> <span class='ocrx_word' id='word_1_235' title='bbox 2365 1785 2584 1854; x_wconf 84' lang='lat' dir='ltr'>signum</span> <span class='ocrx_word' id='word_1_236' title='bbox 2618 1783 2750 1839; x_wconf 81' lang='lat' dir='ltr'>Filii</span> <span class='ocrx_word' id='word_1_237' title='bbox 2791 1785 3034 1840; x_wconf 82' lang='lat' dir='ltr'>hominis</span> <span class='ocrx_word' id='word_1_238' title='bbox 3055 1787 3098 1821; x_wconf 69' lang='grc'>⁸⁸</span> <span class='ocrx_word' id='word_1_239' title='bbox 3125 1803 3137 1841; x_wconf 95' lang='lat'>:</span> <span class='ocrx_word' id='word_1_240' title='bbox 3165 1789 3316 1859; x_wconf 89' lang='lat' dir='ltr'>quod</span> <span class='ocrx_word' id='word_1_241' title='bbox 3353 1788 3566 1846; x_wconf 85' lang='lat' dir='ltr'>dixeris</span> <span class='ocrx_word' id='word_1_242' title='bbox 3600 1807 3729 1847; x_wconf 91' lang='lat' dir='ltr'>esse</span> 
     </span>
    </p>
   </div>
   <div class='ocr_carea' id='block_1_33' title="bbox 308 1871 1947 1974">
    <p class='ocr_par' dir='ltr' id='par_1_33' title="bbox 308 1871 1947 1954">
     <span class='ocr_line' id='line_1_33' title="bbox 308 1871 1947 1954; baseline -0.005 -21"><span class='ocrx_word' id='word_1_243' title='bbox 308 1877 551 1951; x_wconf 86' lang='grc' dir='ltr'>θρώπου·</span> <span class='ocrx_word' id='word_1_244' title='bbox 589 1874 722 1951; x_wconf 79' lang='grc' dir='ltr'>ὅπερ</span> <span class='ocrx_word' id='word_1_245' title='bbox 757 1877 945 1954; x_wconf 76' lang='grc' dir='ltr'>φήσεις</span> <span class='ocrx_word' id='word_1_246' title='bbox 997 1873 1130 1928; x_wconf 79' lang='grc' dir='ltr'>εἶναι</span> <span class='ocrx_word' id='word_1_247' title='bbox 1179 1873 1270 1928; x_wconf 88' lang='grc' dir='ltr'>τὸν</span> <span class='ocrx_word' id='word_1_248' title='bbox 1317 1873 1544 1948; x_wconf 85' lang='grc' dir='ltr'>σταυρὸν</span> <span class='ocrx_word' id='word_1_249' title='bbox 1601 1876 1698 1926; x_wconf 90' lang='grc' dir='ltr'>τοῦ</span> <span class='ocrx_word' id='word_1_250' title='bbox 1756 1871 1947 1946; x_wconf 68' lang='grc' dir='ltr'>Κυρίου</span> 
     </span>
    </p>
   </div>
   <div class='ocr_carea' id='block_1_34' title="bbox 2086 1871 3725 1974">
    <p class='ocr_par' dir='ltr' id='par_1_34' title="bbox 2086 1872 3725 1949">
     <span class='ocr_line' id='line_1_34' title="bbox 2086 1872 3725 1949; baseline 0.004 -20"><span class='ocrx_word' id='word_1_251' title='bbox 2086 1889 2301 1929; x_wconf 84' lang='lat' dir='ltr'>:rucem</span> <span class='ocrx_word' id='word_1_252' title='bbox 2335 1872 2569 1928; x_wconf 88' lang='lat' dir='ltr'>Domini</span> <span class='ocrx_word' id='word_1_253' title='bbox 2600 1873 2785 1928; x_wconf 85' lang='lat' dir='ltr'>nostri</span> <span class='ocrx_word' id='word_1_254' title='bbox 2814 1873 2956 1930; x_wconf 86' lang='lat' dir='ltr'>Jesu</span> <span class='ocrx_word' id='word_1_255' title='bbox 2989 1874 3225 1948; x_wconf 87' lang='lat' dir='ltr'>Christi,</span> <span class='ocrx_word' id='word_1_256' title='bbox 3250 1894 3353 1948; x_wconf 89' lang='lat' dir='ltr'>per</span> <span class='ocrx_word' id='word_1_257' title='bbox 3381 1894 3560 1949; x_wconf 90' lang='lat' dir='ltr'>quam</span> <span class='ocrx_word' id='word_1_258' title='bbox 3592 1897 3725 1936; x_wconf 87' lang='lat' dir='ltr'>san-</span> 
     </span>
    </p>
   </div>
   <div class='ocr_carea' id='block_1_35' title="bbox 304 1960 1943 2040">
    <p class='ocr_par' dir='ltr' id='par_1_35' title="bbox 304 1960 1943 2040">
     <span class='ocr_line' id='line_1_35' title="bbox 304 1960 1943 2040; baseline -0.003 -20"><span class='ocrx_word' id='word_1_259' title='bbox 304 1968 466 2040; x_wconf 80' lang='grc' dir='ltr'>ἡμῶν</span> <span class='ocrx_word' id='word_1_260' title='bbox 498 1969 686 2036; x_wconf 86' lang='grc' dir='ltr'>Ἰησοῦ</span> <span class='ocrx_word' id='word_1_261' title='bbox 737 1968 999 2040; x_wconf 77' lang='grc' dir='ltr'>Χριστοῦ,</span> <span class='ocrx_word' id='word_1_262' title='bbox 1033 1960 1102 2018; x_wconf 86' lang='grc' dir='ltr'>δι’</span> <span class='ocrx_word' id='word_1_263' title='bbox 1151 1963 1214 2018; x_wconf 80' lang='grc' dir='ltr'>οὗ</span> <span class='ocrx_word' id='word_1_264' title='bbox 1268 1967 1384 2025; x_wconf 86' lang='grc' dir='ltr'>τοῖς</span> <span class='ocrx_word' id='word_1_265' title='bbox 1438 1962 1612 2038; x_wconf 84' lang='grc' dir='ltr'>ἁγίοις</span> <span class='ocrx_word' id='word_1_266' title='bbox 1671 1963 1699 2016; x_wconf 88' lang='grc' dir='ltr'>ὁ</span> <span class='ocrx_word' id='word_1_267' title='bbox 1753 1960 1943 2035; x_wconf 64' lang='grc' dir='ltr'>κόσμοι</span> 
     </span>
    </p>
   </div>
   <div class='ocr_carea' id='block_1_36' title="bbox 2084 1960 3723 2040">
    <p class='ocr_par' dir='ltr' id='par_1_36' title="bbox 2084 1961 3723 2039">
     <span class='ocr_line' id='line_1_36' title="bbox 2084 1961 3723 2039; baseline 0.004 -21"><span class='ocrx_word' id='word_1_268' title='bbox 2084 1963 2178 2019; x_wconf 77' lang='lat' dir='ltr'>:tis</span> <span class='ocrx_word' id='word_1_269' title='bbox 2209 1961 2522 2018; x_wconf 82' lang='lat' dir='ltr'>crucifixus</span> <span class='ocrx_word' id='word_1_270' title='bbox 2554 1962 2813 2018; x_wconf 89' lang='lat' dir='ltr'>mundus</span> <span class='ocrx_word' id='word_1_271' title='bbox 2846 1967 2954 2032; x_wconf 87' lang='lat' dir='ltr'>est,</span> <span class='ocrx_word' id='word_1_272' title='bbox 2984 1967 3041 2019; x_wconf 91' lang='lat' dir='ltr'>et</span> <span class='ocrx_word' id='word_1_273' title='bbox 3073 1964 3187 2037; x_wconf 91' lang='lat' dir='ltr'>ipsi</span> <span class='ocrx_word' id='word_1_274' title='bbox 3228 1967 3450 2022; x_wconf 90' lang='lat' dir='ltr'>mundo</span> <span class='ocrx_word' id='word_1_275' title='bbox 3471 1969 3514 2003; x_wconf 73' lang='lat'>‘7</span> <span class='ocrx_word' id='word_1_276' title='bbox 3548 1986 3562 2025; x_wconf 92' lang='lat'><strong>:</strong></span> <span class='ocrx_word' id='word_1_277' title='bbox 3596 1969 3723 2039; x_wconf 90' lang='lat' dir='ltr'>qui-</span> 
     </span>
    </p>
   </div>
   <div class='ocr_carea' id='block_1_37' title="bbox 302 2050 1941 2129">
    <p class='ocr_par' dir='ltr' id='par_1_37' title="bbox 302 2050 1941 2129">
     <span class='ocr_line' id='line_1_37' title="bbox 302 2050 1941 2129; baseline -0.005 -17"><span class='ocrx_word' id='word_1_278' title='bbox 302 2055 660 2129; x_wconf 70' lang='grc' dir='ltr'>έσταύρωται,</span> <span class='ocrx_word' id='word_1_279' title='bbox 693 2055 784 2109; x_wconf 84' lang='grc' dir='ltr'>καὶ</span> <span class='ocrx_word' id='word_1_280' title='bbox 818 2052 971 2109; x_wconf 72' lang='grc' dir='ltr'>αὐτοὶ</span> <span class='ocrx_word' id='word_1_281' title='bbox 1003 2057 1082 2126; x_wconf 81' lang='grc' dir='ltr'>τῷ</span> <span class='ocrx_word' id='word_1_282' title='bbox 1112 2051 1329 2126; x_wconf 84' lang='grc' dir='ltr'>κόσμῳ·</span> <span class='ocrx_word' id='word_1_283' title='bbox 1363 2051 1416 2106; x_wconf 79' lang='grc' dir='ltr'>ἐν</span> <span class='ocrx_word' id='word_1_284' title='bbox 1448 2051 1494 2125; x_wconf 84' lang='grc' dir='ltr'>ᾧ</span> <span class='ocrx_word' id='word_1_285' title='bbox 1523 2051 1613 2106; x_wconf 84' lang='grc' dir='ltr'>καὶ</span> <span class='ocrx_word' id='word_1_286' title='bbox 1662 2050 1814 2126; x_wconf 87' lang='grc' dir='ltr'>λέγει</span> <span class='ocrx_word' id='word_1_287' title='bbox 1861 2054 1941 2106; x_wconf 85' lang='grc' dir='ltr'>τοῑ</span> 
     </span>
    </p>
   </div>
   <div class='ocr_carea' id='block_1_38' title="bbox 2086 2050 3725 2129">
    <p class='ocr_par' dir='ltr' id='par_1_38' title="bbox 2086 2052 3725 2125">
     <span class='ocr_line' id='line_1_38' title="bbox 2086 2052 3725 2125; baseline 0.002 -16"><span class='ocrx_word' id='word_1_288' title='bbox 2086 2070 2180 2109; x_wconf 70' lang='grc' dir='ltr'>ωε</span> <span class='ocrx_word' id='word_1_289' title='bbox 2206 2052 2401 2108; x_wconf 87' lang='lat' dir='ltr'>verbis</span> <span class='ocrx_word' id='word_1_290' title='bbox 2425 2053 2694 2108; x_wconf 87' lang='lat' dir='ltr'>enuntiat</span> <span class='ocrx_word' id='word_1_291' title='bbox 2718 2052 2893 2108; x_wconf 89' lang='lat' dir='ltr'>etiam</span> <span class='ocrx_word' id='word_1_292' title='bbox 2917 2052 3034 2108; x_wconf 89' lang='lat' dir='ltr'>vim</span> <span class='ocrx_word' id='word_1_293' title='bbox 3059 2053 3210 2125; x_wconf 89' lang='lat' dir='ltr'>signi</span> <span class='ocrx_word' id='word_1_294' title='bbox 3233 2057 3409 2125; x_wconf 90' lang='lat' dir='ltr'>atque</span> <span class='ocrx_word' id='word_1_295' title='bbox 3429 2055 3725 2113; x_wconf 85' lang='lat' dir='ltr'>virtutem.</span> 
     </span>
    </p>
   </div>
   <div class='ocr_carea' id='block_1_39' title="bbox 303 2137 1942 2219">
    <p class='ocr_par' dir='ltr' id='par_1_39' title="bbox 303 2137 1942 2219">
     <span class='ocr_line' id='line_1_39' title="bbox 303 2137 1942 2219; baseline -0.004 -18"><span class='ocrx_word' id='word_1_296' title='bbox 303 2145 537 2219; x_wconf 80' lang='grc' dir='ltr'>σημείου</span> <span class='ocrx_word' id='word_1_297' title='bbox 583 2145 682 2213; x_wconf 79' lang='grc' dir='ltr'>τήν</span> <span class='ocrx_word' id='word_1_298' title='bbox 735 2141 988 2216; x_wconf 86' lang='grc' dir='ltr'>δύναμιν.</span> <span class='ocrx_word' id='word_1_299' title='bbox 1024 2141 1122 2196; x_wconf 85' lang='grc' dir='ltr'>Διά</span> <span class='ocrx_word' id='word_1_300' title='bbox 1161 2141 1214 2197; x_wconf 86' lang='grc' dir='ltr'>τί</span> <span class='ocrx_word' id='word_1_301' title='bbox 1273 2142 1385 2215; x_wconf 86' lang='grc'>(63)</span> <span class='ocrx_word' id='word_1_302' title='bbox 1429 2137 1521 2195; x_wconf 84' lang='grc' dir='ltr'>διὰ</span> <span class='ocrx_word' id='word_1_303' title='bbox 1565 2145 1798 2217; x_wconf 90' lang='grc' dir='ltr'>σταυροῦ</span> <span class='ocrx_word' id='word_1_304' title='bbox 1835 2142 1870 2210; x_wconf 80' lang='grc' dir='ltr'><strong>ἡ</strong></span> <span class='ocrx_word' id='word_1_305' title='bbox 1905 2141 1942 2194; x_wconf 72' lang='grc' dir='ltr'>ο⁴</span> 
     </span>
    </p>
   </div>
   <div class='ocr_carea' id='block_1_40' title="bbox 2089 2137 3728 2219">
    <p class='ocr_par' dir='ltr' id='par_1_40' title="bbox 2089 2143 3728 2217">
     <span class='ocr_line' id='line_1_40' title="bbox 2089 2143 3728 2217; baseline 0.002 -21"><span class='ocrx_word' id='word_1_306' title='bbox 2089 2143 2254 2208; x_wconf 62' lang='lat' dir='ltr'>Quare</span> <span class='ocrx_word' id='word_1_307' title='bbox 2309 2159 2413 2214; x_wconf 90' lang='lat' dir='ltr'>per</span> <span class='ocrx_word' id='word_1_308' title='bbox 2460 2157 2691 2197; x_wconf 89' lang='lat' dir='ltr'>crucem</span> <span class='ocrx_word' id='word_1_309' title='bbox 2742 2143 3067 2199; x_wconf 85' lang='lat' dir='ltr'>ceconomia</span> <span class='ocrx_word' id='word_1_310' title='bbox 3120 2144 3545 2200; x_wconf 87' lang='lat' dir='ltr'>Incarnationis</span> <span class='ocrx_word' id='word_1_311' title='bbox 3592 2161 3728 2217; x_wconf 89' lang='lat' dir='ltr'>per-</span> 
     </span>
    </p>
   </div>
   <div class='ocr_carea' id='block_1_41' title="bbox 303 2228 1942 2308">
    <p class='ocr_par' dir='ltr' id='par_1_41' title="bbox 303 2228 1942 2308">
     <span class='ocr_line' id='line_1_41' title="bbox 303 2228 1942 2308; baseline -0.005 -18"><span class='ocrx_word' id='word_1_312' title='bbox 303 2235 539 2308; x_wconf 86' lang='grc' dir='ltr'>κονομία</span> <span class='ocrx_word' id='word_1_313' title='bbox 583 2241 685 2305; x_wconf 85' lang='grc' dir='ltr'>τῆς</span> <span class='ocrx_word' id='word_1_314' title='bbox 735 2233 1194 2307; x_wconf 83' lang='grc' dir='ltr'>ἐνανθρωπήσεως</span> <span class='ocrx_word' id='word_1_315' title='bbox 1241 2228 1492 2302; x_wconf 74' lang='grc' dir='ltr'>ἐτελέσθη</span> <span class='ocrx_word' id='word_1_316' title='bbox 1524 2249 1538 2301; x_wconf 89' lang='grc'><strong>;</strong></span> <span class='ocrx_word' id='word_1_317' title='bbox 1569 2233 1688 2286; x_wconf 76' lang='grc' dir='ltr'>’Ἰνα</span> <span class='ocrx_word' id='word_1_318' title='bbox 1733 2229 1791 2285; x_wconf 90' lang='grc' dir='ltr'>ἐκ</span> <span class='ocrx_word' id='word_1_319' title='bbox 1847 2235 1942 2285; x_wconf 51' lang='grc' dir='ltr'>τῶι</span> 
     </span>
    </p>
   </div>
   <div class='ocr_carea' id='block_1_42' title="bbox 2092 2228 3731 2308">
    <p class='ocr_par' dir='ltr' id='par_1_42' title="bbox 2092 2231 3731 2306">
     <span class='ocr_line' id='line_1_42' title="bbox 2092 2231 3731 2306; baseline 0.001 -18"><span class='ocrx_word' id='word_1_320' title='bbox 2092 2237 2219 2288; x_wconf 84' lang='lat' dir='ltr'>ecta</span> <span class='ocrx_word' id='word_1_321' title='bbox 2247 2237 2338 2288; x_wconf 91' lang='lat' dir='ltr'>est</span> <span class='ocrx_word' id='word_1_322' title='bbox 2368 2237 2424 2287; x_wconf 89' lang='lat' dir='ltr'>et</span> <span class='ocrx_word' id='word_1_323' title='bbox 2455 2231 2768 2287; x_wconf 84' lang='lat' dir='ltr'>absoluta?</span> <span class='ocrx_word' id='word_1_324' title='bbox 2798 2231 2872 2288; x_wconf 90' lang='lat' dir='ltr'>Ut</span> <span class='ocrx_word' id='word_1_325' title='bbox 2913 2233 3013 2306; x_wconf 91' lang='lat' dir='ltr'>qui</span> <span class='ocrx_word' id='word_1_326' title='bbox 3046 2237 3212 2288; x_wconf 89' lang='lat' dir='ltr'>erant</span> <span class='ocrx_word' id='word_1_327' title='bbox 3251 2233 3440 2289; x_wconf 84' lang='lat' dir='ltr'>salute</span> <span class='ocrx_word' id='word_1_328' title='bbox 3471 2233 3731 2290; x_wconf 86' lang='lat' dir='ltr'>donandi</span> 
     </span>
    </p>
   </div>
   <div class='ocr_carea' id='block_1_43' title="bbox 305 2320 1944 2401">
    <p class='ocr_par' dir='ltr' id='par_1_43' title="bbox 305 2320 1944 2401">
     <span class='ocr_line' id='line_1_43' title="bbox 305 2320 1944 2401; baseline -0.004 -21"><span class='ocrx_word' id='word_1_329' title='bbox 305 2322 578 2401; x_wconf 76' lang='grc' dir='ltr'>τεσσάρων</span> <span class='ocrx_word' id='word_1_330' title='bbox 612 2322 897 2398; x_wconf 75' lang='grc' dir='ltr'>πτερύγων</span> <span class='ocrx_word' id='word_1_331' title='bbox 927 2324 1025 2386; x_wconf 82' lang='grc' dir='ltr'>τῆς</span> <span class='ocrx_word' id='word_1_332' title='bbox 1058 2327 1164 2396; x_wconf 86' lang='grc' dir='ltr'>γῆς</span> <span class='ocrx_word' id='word_1_333' title='bbox 1218 2321 1556 2395; x_wconf 89' lang='grc' dir='ltr'>συναχθῶσιν</span> <span class='ocrx_word' id='word_1_334' title='bbox 1615 2320 1667 2375; x_wconf 76' lang='grc' dir='ltr'>οἱ</span> <span class='ocrx_word' id='word_1_335' title='bbox 1720 2320 1944 2395; x_wconf 79' lang='grc' dir='ltr'>σωζόμε⁴</span> 
     </span>
    </p>
   </div>
   <div class='ocr_carea' id='block_1_44' title="bbox 2094 2320 3733 2401">
    <p class='ocr_par' dir='ltr' id='par_1_44' title="bbox 2094 2320 3733 2396">
     <span class='ocr_line' id='line_1_44' title="bbox 2094 2320 3733 2396; baseline 0.001 -19"><span class='ocrx_word' id='word_1_336' title='bbox 2094 2322 2107 2377; x_wconf 92' lang='lat' dir='ltr'>i</span> <span class='ocrx_word' id='word_1_337' title='bbox 2139 2339 2208 2378; x_wconf 83' lang='lat' dir='ltr'>ex</span> <span class='ocrx_word' id='word_1_338' title='bbox 2235 2324 2491 2393; x_wconf 89' lang='lat' dir='ltr'>quatuor</span> <span class='ocrx_word' id='word_1_339' title='bbox 2521 2320 2630 2377; x_wconf 86' lang='lat' dir='ltr'>alis</span> <span class='ocrx_word' id='word_1_340' title='bbox 2661 2325 2830 2378; x_wconf 66' lang='lat' dir='ltr'>terrae</span> <span class='ocrx_word' id='word_1_341' title='bbox 2861 2321 3299 2393; x_wconf 88' lang='lat' dir='ltr'>colligerentur.</span> <span class='ocrx_word' id='word_1_342' title='bbox 3322 2323 3470 2379; x_wconf 90' lang='lat' dir='ltr'>Nam</span> <span class='ocrx_word' id='word_1_343' title='bbox 3503 2323 3733 2396; x_wconf 90' lang='lat' dir='ltr'>quadri-</span> 
     </span>
    </p>
   </div>
   <div class='ocr_carea' id='block_1_45' title="bbox 303 2407 1942 2488">
    <p class='ocr_par' dir='ltr' id='par_1_45' title="bbox 303 2407 1930 2488">
     <span class='ocr_line' id='line_1_45' title="bbox 303 2407 1930 2488; baseline -0.003 -19"><span class='ocrx_word' id='word_1_344' title='bbox 303 2433 412 2471; x_wconf 83' lang='grc' dir='ltr'>νοι.</span> <span class='ocrx_word' id='word_1_345' title='bbox 445 2415 702 2488; x_wconf 84' lang='grc' dir='ltr'>Τετραχῆ</span> <span class='ocrx_word' id='word_1_346' title='bbox 751 2411 855 2485; x_wconf 81' lang='grc' dir='ltr'>γὰρ</span> <span class='ocrx_word' id='word_1_347' title='bbox 907 2407 1194 2485; x_wconf 75' lang='grc' dir='ltr'>διαιρεῖται</span> <span class='ocrx_word' id='word_1_348' title='bbox 1239 2413 1337 2464; x_wconf 89' lang='grc' dir='ltr'>τοῦ</span> <span class='ocrx_word' id='word_1_349' title='bbox 1393 2414 1626 2483; x_wconf 87' lang='grc' dir='ltr'>σταυροῦ</span> <span class='ocrx_word' id='word_1_350' title='bbox 1673 2409 1741 2464; x_wconf 80' lang='grc' dir='ltr'>τὰ</span> <span class='ocrx_word' id='word_1_351' title='bbox 1794 2410 1930 2483; x_wconf 84' lang='grc' dir='ltr'>μέρη</span> 
     </span>
    </p>
   </div>
   <div class='ocr_carea' id='block_1_46' title="bbox 2092 2407 3731 2488">
    <p class='ocr_par' dir='ltr' id='par_1_46' title="bbox 2092 2410 3731 2485">
     <span class='ocr_line' id='line_1_46' title="bbox 2092 2410 3731 2485; baseline 0.002 -18"><span class='ocrx_word' id='word_1_352' title='bbox 2092 2413 2278 2468; x_wconf 84' lang='lat' dir='ltr'>ariam</span> <span class='ocrx_word' id='word_1_353' title='bbox 2310 2410 2654 2466; x_wconf 87' lang='lat' dir='ltr'>dividuntur</span> <span class='ocrx_word' id='word_1_354' title='bbox 2683 2411 2876 2468; x_wconf 89' lang='lat' dir='ltr'>crucis</span> <span class='ocrx_word' id='word_1_355' title='bbox 2918 2417 3142 2482; x_wconf 89' lang='lat' dir='ltr'>partes;</span> <span class='ocrx_word' id='word_1_356' title='bbox 3176 2412 3320 2467; x_wconf 90' lang='lat' dir='ltr'>adeo</span> <span class='ocrx_word' id='word_1_357' title='bbox 3352 2417 3416 2467; x_wconf 90' lang='lat' dir='ltr'>ut</span> <span class='ocrx_word' id='word_1_358' title='bbox 3446 2430 3731 2485; x_wconf 69' lang='lat' dir='ltr'>unaquae-</span> 
     </span>
    </p>
   </div>
   <div class='ocr_carea' id='block_1_47' title="bbox 308 2497 1947 2574">
    <p class='ocr_par' dir='ltr' id='par_1_47' title="bbox 308 2497 1947 2574">
     <span class='ocr_line' id='line_1_47' title="bbox 308 2497 1947 2574; baseline -0.005 -15"><span class='ocrx_word' id='word_1_359' title='bbox 308 2501 448 2558; x_wconf 79' lang='grc' dir='ltr'>ὥστε</span> <span class='ocrx_word' id='word_1_360' title='bbox 496 2499 722 2557; x_wconf 69' lang='grc' dir='ltr'>ἕκαστον</span> <span class='ocrx_word' id='word_1_361' title='bbox 782 2497 1064 2554; x_wconf 80' lang='grc' dir='ltr'>ἀπονεύειν</span> <span class='ocrx_word' id='word_1_362' title='bbox 1119 2497 1255 2574; x_wconf 89' lang='grc' dir='ltr'>πρὸς</span> <span class='ocrx_word' id='word_1_363' title='bbox 1310 2499 1376 2551; x_wconf 82' lang='grc' dir='ltr'>τὰ</span> <span class='ocrx_word' id='word_1_364' title='bbox 1402 2517 1636 2572; x_wconf 83' lang='grc' dir='ltr'>τεσσαρα</span> <span class='ocrx_word' id='word_1_365' title='bbox 1668 2498 1805 2573; x_wconf 88' lang='grc' dir='ltr'>μέρη</span> <span class='ocrx_word' id='word_1_366' title='bbox 1863 2501 1947 2551; x_wconf 87' lang='grc' dir='ltr'>τοῐ</span> 
     </span>
    </p>
   </div>
   <div class='ocr_carea' id='block_1_48' title="bbox 2095 2497 3734 2574">
    <p class='ocr_par' dir='ltr' id='par_1_48' title="bbox 2095 2500 3734 2574">
     <span class='ocr_line' id='line_1_48' title="bbox 2095 2500 3734 2574; baseline 0.001 -18"><span class='ocrx_word' id='word_1_367' title='bbox 2095 2519 2183 2574; x_wconf 82' lang='lat' dir='ltr'>[ue</span> <span class='ocrx_word' id='word_1_368' title='bbox 2213 2503 2413 2573; x_wconf 83' lang='lat' dir='ltr'>vergat</span> <span class='ocrx_word' id='word_1_369' title='bbox 2443 2500 2501 2555; x_wconf 93' lang='lat' dir='ltr'>in</span> <span class='ocrx_word' id='word_1_370' title='bbox 2535 2505 2789 2572; x_wconf 89' lang='lat' dir='ltr'>quatuor</span> <span class='ocrx_word' id='word_1_371' title='bbox 2819 2501 3026 2556; x_wconf 91' lang='lat' dir='ltr'>mundi</span> <span class='ocrx_word' id='word_1_372' title='bbox 3059 2505 3272 2573; x_wconf 86' lang='lat' dir='ltr'>partes.</span> <span class='ocrx_word' id='word_1_373' title='bbox 3299 2502 3424 2557; x_wconf 90' lang='lat' dir='ltr'>Sive</span> <span class='ocrx_word' id='word_1_374' title='bbox 3454 2501 3638 2574; x_wconf 86' lang='lat' dir='ltr'>igitur</span> <span class='ocrx_word' id='word_1_375' title='bbox 3666 2505 3734 2558; x_wconf 89' lang='lat' dir='ltr'>ut</span> 
     </span>
    </p>
   </div>
   <div class='ocr_carea' id='block_1_49' title="bbox 306 2583 1945 2666">
    <p class='ocr_par' dir='ltr' id='par_1_49' title="bbox 306 2583 1945 2666">
     <span class='ocr_line' id='line_1_49' title="bbox 306 2583 1945 2666; baseline -0.005 -18"><span class='ocrx_word' id='word_1_376' title='bbox 306 2593 542 2666; x_wconf 90' lang='grc' dir='ltr'>κόσμου.</span> <span class='ocrx_word' id='word_1_377' title='bbox 576 2585 703 2645; x_wconf 67' lang='grc' dir='ltr'>Εἴτε</span> <span class='ocrx_word' id='word_1_378' title='bbox 733 2586 824 2644; x_wconf 81' lang='grc' dir='ltr'>οὖν</span> <span class='ocrx_word' id='word_1_379' title='bbox 849 2585 943 2642; x_wconf 71' lang='grc' dir='ltr'>’ίνα</span> <span class='ocrx_word' id='word_1_380' title='bbox 971 2587 1146 2641; x_wconf 80' lang='grc' dir='ltr'>πάντα</span> <span class='ocrx_word' id='word_1_381' title='bbox 1171 2585 1240 2640; x_wconf 82' lang='grc' dir='ltr'>τὰ</span> <span class='ocrx_word' id='word_1_382' title='bbox 1281 2584 1416 2660; x_wconf 81' lang='grc' dir='ltr'>μέρη</span> <span class='ocrx_word' id='word_1_383' title='bbox 1476 2583 1565 2641; x_wconf 83' lang='grc' dir='ltr'>διὰ</span> <span class='ocrx_word' id='word_1_384' title='bbox 1608 2590 1714 2641; x_wconf 87' lang='grc' dir='ltr'>τῶν</span> <span class='ocrx_word' id='word_1_385' title='bbox 1781 2589 1945 2662; x_wconf 52' lang='grc' dir='ltr'>μερῶη</span> 
     </span>
    </p>
   </div>
   <div class='ocr_carea' id='block_1_50' title="bbox 2092 2583 3731 2666">
    <p class='ocr_par' dir='ltr' id='par_1_50' title="bbox 2092 2589 3731 2663">
     <span class='ocr_line' id='line_1_50' title="bbox 2092 2589 3731 2663; baseline 0.001 -17"><span class='ocrx_word' id='word_1_386' title='bbox 2092 2590 2314 2663; x_wconf 66' lang='grc' dir='ltr'>ιίοέζυιω</span> <span class='ocrx_word' id='word_1_387' title='bbox 2365 2589 2571 2645; x_wconf 91' lang='lat' dir='ltr'>mundi</span> <span class='ocrx_word' id='word_1_388' title='bbox 2621 2593 2819 2662; x_wconf 89' lang='lat' dir='ltr'>partes</span> <span class='ocrx_word' id='word_1_389' title='bbox 2851 2590 2922 2645; x_wconf 90' lang='lat' dir='ltr'>ad</span> <span class='ocrx_word' id='word_1_390' title='bbox 2969 2589 3222 2646; x_wconf 87' lang='lat' dir='ltr'>salutem</span> <span class='ocrx_word' id='word_1_391' title='bbox 3270 2591 3731 2663; x_wconf 88' lang='lat' dir='ltr'>perducerentur</span> 
     </span>
    </p>
   </div>
   <div class='ocr_carea' id='block_1_51' title="bbox 308 2673 1947 2754">
    <p class='ocr_par' dir='ltr' id='par_1_51' title="bbox 308 2673 1947 2754">
     <span class='ocr_line' id='line_1_51' title="bbox 308 2673 1947 2754; baseline -0.005 -18"><span class='ocrx_word' id='word_1_392' title='bbox 308 2685 407 2737; x_wconf 92' lang='grc' dir='ltr'>τοῦ</span> <span class='ocrx_word' id='word_1_393' title='bbox 457 2683 690 2754; x_wconf 85' lang='grc' dir='ltr'>σταυροῦ</span> <span class='ocrx_word' id='word_1_394' title='bbox 745 2677 1090 2750; x_wconf 79' lang='grc' dir='ltr'>οἶκονομηθῇ</span> <span class='ocrx_word' id='word_1_395' title='bbox 1147 2676 1282 2750; x_wconf 88' lang='grc' dir='ltr'>πρὸς</span> <span class='ocrx_word' id='word_1_396' title='bbox 1339 2674 1630 2751; x_wconf 84' lang='grc' dir='ltr'>σωτηρίαν,</span> <span class='ocrx_word' id='word_1_397' title='bbox 1664 2673 1754 2730; x_wconf 82' lang='grc' dir='ltr'>διὰ</span> <span class='ocrx_word' id='word_1_398' title='bbox 1799 2679 1947 2730; x_wconf 80' lang='grc' dir='ltr'>τοῦτ(</span> 
     </span>
    </p>
   </div>
   <div class='ocr_carea' id='block_1_52' title="bbox 2087 2673 3726 2754">
    <p class='ocr_par' dir='ltr' id='par_1_52' title="bbox 2087 2679 3726 2751">
     <span class='ocr_line' id='line_1_52' title="bbox 2087 2679 3726 2751; baseline 0.001 -15"><span class='ocrx_word' id='word_1_399' title='bbox 2087 2698 2172 2751; x_wconf 66' lang='lat' dir='ltr'>)er</span> <span class='ocrx_word' id='word_1_400' title='bbox 2196 2681 2390 2736; x_wconf 87' lang='lat' dir='ltr'>crucis</span> <span class='ocrx_word' id='word_1_401' title='bbox 2422 2683 2644 2751; x_wconf 79' lang='lat' dir='ltr'>partes.</span> <span class='ocrx_word' id='word_1_402' title='bbox 2673 2680 2746 2735; x_wconf 89' lang='lat' dir='ltr'>ob</span> <span class='ocrx_word' id='word_1_403' title='bbox 2776 2679 2834 2734; x_wconf 90' lang='lat' dir='ltr'>id</span> <span class='ocrx_word' id='word_1_404' title='bbox 2866 2696 3025 2735; x_wconf 89' lang='lat' dir='ltr'>mors</span> <span class='ocrx_word' id='word_1_405' title='bbox 3060 2680 3250 2735; x_wconf 91' lang='lat' dir='ltr'>crucis</span> <span class='ocrx_word' id='word_1_406' title='bbox 3281 2684 3370 2736; x_wconf 92' lang='lat' dir='ltr'>est</span> <span class='ocrx_word' id='word_1_407' title='bbox 3401 2680 3726 2737; x_wconf 87' lang='lat' dir='ltr'>honorata:</span> 
     </span>
    </p>
   </div>
   <div class='ocr_carea' id='block_1_53' title="bbox 311 2761 1950 2847">
    <p class='ocr_par' dir='ltr' id='par_1_53' title="bbox 311 2761 1950 2847">
     <span class='ocr_line' id='line_1_53' title="bbox 311 2761 1950 2847; baseline -0.005 -22"><span class='ocrx_word' id='word_1_408' title='bbox 311 2770 656 2847; x_wconf 86' lang='grc' dir='ltr'>προετιμήθη</span> <span class='ocrx_word' id='word_1_409' title='bbox 691 2767 720 2822; x_wconf 77' lang='grc' dir='ltr'>ὁ</span> <span class='ocrx_word' id='word_1_410' title='bbox 755 2763 845 2820; x_wconf 78' lang='grc' dir='ltr'>διὰ</span> <span class='ocrx_word' id='word_1_411' title='bbox 897 2769 992 2820; x_wconf 90' lang='grc' dir='ltr'>τοῦ</span> <span class='ocrx_word' id='word_1_412' title='bbox 1051 2768 1282 2840; x_wconf 87' lang='grc' dir='ltr'>σταυροῦ</span> <span class='ocrx_word' id='word_1_413' title='bbox 1339 2761 1583 2826; x_wconf 89' lang='grc' dir='ltr'>θάνατος·</span> <span class='ocrx_word' id='word_1_414' title='bbox 1618 2764 1653 2834; x_wconf 72' lang='grc' dir='ltr'><strong>ἢ</strong></span> <span class='ocrx_word' id='word_1_415' title='bbox 1714 2761 1796 2820; x_wconf 75' lang='grc' dir='ltr'>ὅτι</span> <span class='ocrx_word' id='word_1_416' title='bbox 1855 2763 1950 2839; x_wconf 73' lang='grc' dir='ltr'>πρε</span> 
     </span>
    </p>
   </div>
   <div class='ocr_carea' id='block_1_54' title="bbox 2090 2761 3729 2847">
    <p class='ocr_par' dir='ltr' id='par_1_54' title="bbox 2090 2763 3729 2842">
     <span class='ocr_line' id='line_1_54' title="bbox 2090 2763 3729 2842; baseline 0.001 -16"><span class='ocrx_word' id='word_1_417' title='bbox 2090 2771 2193 2826; x_wconf 73' lang='lat' dir='ltr'>sive</span> <span class='ocrx_word' id='word_1_418' title='bbox 2221 2771 2373 2841; x_wconf 90' lang='lat' dir='ltr'>quod</span> <span class='ocrx_word' id='word_1_419' title='bbox 2408 2773 2543 2825; x_wconf 90' lang='lat' dir='ltr'>ante</span> <span class='ocrx_word' id='word_1_420' title='bbox 2571 2768 2830 2841; x_wconf 87' lang='lat' dir='ltr'>ligneam</span> <span class='ocrx_word' id='word_1_421' title='bbox 2865 2763 3027 2824; x_wconf 82' lang='lat' dir='ltr'>illam</span> <span class='ocrx_word' id='word_1_422' title='bbox 3063 2785 3298 2826; x_wconf 89' lang='lat' dir='ltr'>crucem</span> <span class='ocrx_word' id='word_1_423' title='bbox 3333 2771 3526 2826; x_wconf 89' lang='lat' dir='ltr'>crucis</span> <span class='ocrx_word' id='word_1_424' title='bbox 3556 2772 3729 2842; x_wconf 90' lang='lat' dir='ltr'>cuju-</span> 
     </span>
    </p>
   </div>
   <div class='ocr_carea' id='block_1_55' title="bbox 305 2852 1944 2932">
    <p class='ocr_par' dir='ltr' id='par_1_55' title="bbox 305 2852 1944 2932">
     <span class='ocr_line' id='line_1_55' title="bbox 305 2852 1944 2932; baseline -0.004 -17"><span class='ocrx_word' id='word_1_425' title='bbox 305 2857 405 2915; x_wconf 82' lang='grc' dir='ltr'>τοῦ</span> <span class='ocrx_word' id='word_1_426' title='bbox 437 2859 550 2932; x_wconf 84' lang='grc'>(64)</span> <span class='ocrx_word' id='word_1_427' title='bbox 581 2855 800 2928; x_wconf 77' lang='grc' dir='ltr'>ξυλίνου</span> <span class='ocrx_word' id='word_1_428' title='bbox 833 2858 1065 2930; x_wconf 88' lang='grc' dir='ltr'>σταυροῦ</span> <span class='ocrx_word' id='word_1_429' title='bbox 1095 2852 1292 2925; x_wconf 90' lang='grc' dir='ltr'>νοητός</span> <span class='ocrx_word' id='word_1_430' title='bbox 1317 2874 1401 2916; x_wconf 89' lang='grc' dir='ltr'>τις</span> <span class='ocrx_word' id='word_1_431' title='bbox 1440 2858 1519 2926; x_wconf 82' lang='grc' dir='ltr'>τῷ</span> <span class='ocrx_word' id='word_1_432' title='bbox 1567 2855 1763 2927; x_wconf 87' lang='grc' dir='ltr'>κόσμῳ</span> <span class='ocrx_word' id='word_1_433' title='bbox 1800 2856 1944 2908; x_wconf 87' lang='grc' dir='ltr'>παντ</span> 
     </span>
    </p>
   </div>
   <div class='ocr_carea' id='block_1_56' title="bbox 2090 2852 3729 2932">
    <p class='ocr_par' dir='ltr' id='par_1_56' title="bbox 2090 2857 3729 2930">
     <span class='ocr_line' id='line_1_56' title="bbox 2090 2857 3729 2930; baseline 0.001 -15"><span class='ocrx_word' id='word_1_434' title='bbox 2090 2862 2208 2915; x_wconf 82' lang='lat' dir='ltr'>iam</span> <span class='ocrx_word' id='word_1_435' title='bbox 2241 2857 2630 2930; x_wconf 83' lang='lat' dir='ltr'>intelligibilis</span> <span class='ocrx_word' id='word_1_436' title='bbox 2662 2858 2857 2930; x_wconf 88' lang='lat' dir='ltr'>imago</span> <span class='ocrx_word' id='word_1_437' title='bbox 2891 2874 2956 2914; x_wconf 91' lang='lat' dir='ltr'>ac</span> <span class='ocrx_word' id='word_1_438' title='bbox 2988 2859 3170 2930; x_wconf 85' lang='lat' dir='ltr'>ﬁgura</span> <span class='ocrx_word' id='word_1_439' title='bbox 3220 2858 3282 2914; x_wconf 92' lang='lat' dir='ltr'>in</span> <span class='ocrx_word' id='word_1_440' title='bbox 3332 2863 3456 2916; x_wconf 91' lang='lat' dir='ltr'>toto</span> <span class='ocrx_word' id='word_1_441' title='bbox 3506 2860 3729 2917; x_wconf 89' lang='lat' dir='ltr'>mundo</span> 
     </span>
    </p>
   </div>
   <div class='ocr_carea' id='block_1_57' title="bbox 309 2942 1948 3023">
    <p class='ocr_par' dir='ltr' id='par_1_57' title="bbox 309 2942 1948 3023">
     <span class='ocr_line' id='line_1_57' title="bbox 309 2942 1948 3023; baseline -0.005 -19"><span class='ocrx_word' id='word_1_442' title='bbox 309 2946 761 3023; x_wconf 85' lang='grc' dir='ltr'>συνεσταύρωται,</span> <span class='ocrx_word' id='word_1_443' title='bbox 792 2950 900 3000; x_wconf 89' lang='grc' dir='ltr'>τῶν</span> <span class='ocrx_word' id='word_1_444' title='bbox 932 2945 1206 3020; x_wconf 88' lang='grc' dir='ltr'>τεσσάρων</span> <span class='ocrx_word' id='word_1_445' title='bbox 1262 2948 1439 3020; x_wconf 82' lang='grc' dir='ltr'>μερῶν</span> <span class='ocrx_word' id='word_1_446' title='bbox 1486 2947 1584 2998; x_wconf 91' lang='grc' dir='ltr'>τοῦ</span> <span class='ocrx_word' id='word_1_447' title='bbox 1632 2945 1833 3005; x_wconf 86' lang='grc' dir='ltr'>παντὸς</span> <span class='ocrx_word' id='word_1_448' title='bbox 1886 2942 1948 2998; x_wconf 58' lang='lat' dir='ltr'>ait</span> 
     </span>
    </p>
   </div>
   <div class='ocr_carea' id='block_1_58' title="bbox 2092 2942 3731 3023">
    <p class='ocr_par' dir='ltr' id='par_1_58' title="bbox 2092 2948 3731 3020">
     <span class='ocr_line' id='line_1_58' title="bbox 2092 2948 3731 3020; baseline 0 -16"><span class='ocrx_word' id='word_1_449' title='bbox 2092 2950 2418 3015; x_wconf 73' lang='lat' dir='ltr'>laberetur;</span> <span class='ocrx_word' id='word_1_450' title='bbox 2448 2964 2583 3003; x_wconf 92' lang='lat' dir='ltr'>cum</span> <span class='ocrx_word' id='word_1_451' title='bbox 2616 2952 2868 3019; x_wconf 88' lang='lat' dir='ltr'>quatuor</span> <span class='ocrx_word' id='word_1_452' title='bbox 2910 2948 3157 3004; x_wconf 87' lang='lat' dir='ltr'>universi</span> <span class='ocrx_word' id='word_1_453' title='bbox 3191 2953 3384 3020; x_wconf 88' lang='lat' dir='ltr'>partes</span> <span class='ocrx_word' id='word_1_454' title='bbox 3415 2948 3641 3004; x_wconf 90' lang='lat' dir='ltr'>coirent</span> <span class='ocrx_word' id='word_1_455' title='bbox 3669 2949 3731 3004; x_wconf 90' lang='lat' dir='ltr'>in</span> 
     </span>
    </p>
   </div>
   <div class='ocr_carea' id='block_1_59' title="bbox 312 3031 1951 3112">
    <p class='ocr_par' dir='ltr' id='par_1_59' title="bbox 312 3031 1951 3112">
     <span class='ocr_line' id='line_1_59' title="bbox 312 3031 1951 3112; baseline -0.004 -18"><span class='ocrx_word' id='word_1_456' title='bbox 312 3040 376 3094; x_wconf 89' lang='grc' dir='ltr'>τὸ</span> <span class='ocrx_word' id='word_1_457' title='bbox 411 3038 570 3112; x_wconf 84' lang='grc' dir='ltr'>μέσον</span> <span class='ocrx_word' id='word_1_458' title='bbox 630 3033 1074 3107; x_wconf 67' lang='grc' dir='ltr'>συναπτομένων,</span> <span class='ocrx_word' id='word_1_459' title='bbox 1103 3031 1194 3088; x_wconf 90' lang='grc' dir='ltr'>καὶ</span> <span class='ocrx_word' id='word_1_460' title='bbox 1240 3035 1340 3102; x_wconf 76' lang='grc' dir='ltr'>τῆς</span> <span class='ocrx_word' id='word_1_461' title='bbox 1389 3033 1439 3088; x_wconf 83' lang='grc' dir='ltr'>έν</span> <span class='ocrx_word' id='word_1_462' title='bbox 1483 3038 1563 3106; x_wconf 82' lang='grc' dir='ltr'>τῷ</span> <span class='ocrx_word' id='word_1_463' title='bbox 1617 3033 1765 3107; x_wconf 88' lang='grc' dir='ltr'>μέσῳ</span> <span class='ocrx_word' id='word_1_464' title='bbox 1817 3031 1951 3088; x_wconf 76' lang='grc' dir='ltr'>δννά</span> 
     </span>
    </p>
   </div>
   <div class='ocr_carea' id='block_1_60' title="bbox 2097 3031 3736 3112">
    <p class='ocr_par' dir='ltr' id='par_1_60' title="bbox 2097 3036 3736 3110">
     <span class='ocr_line' id='line_1_60' title="bbox 2097 3036 3736 3110; baseline 0 -16"><span class='ocrx_word' id='word_1_465' title='bbox 2097 3038 2362 3105; x_wconf 89' lang='lat' dir='ltr'>nedium,</span> <span class='ocrx_word' id='word_1_466' title='bbox 2393 3041 2450 3092; x_wconf 90' lang='lat' dir='ltr'>et</span> <span class='ocrx_word' id='word_1_467' title='bbox 2478 3036 2664 3092; x_wconf 91' lang='lat' dir='ltr'>virtus</span> <span class='ocrx_word' id='word_1_468' title='bbox 2695 3037 2874 3092; x_wconf 86' lang='lat' dir='ltr'>medii</span> <span class='ocrx_word' id='word_1_469' title='bbox 2905 3039 2974 3093; x_wconf 88' lang='lat' dir='ltr'>ad</span> <span class='ocrx_word' id='word_1_470' title='bbox 3008 3042 3262 3109; x_wconf 81' lang='lat' dir='ltr'>quatuor</span> <span class='ocrx_word' id='word_1_471' title='bbox 3292 3043 3489 3110; x_wconf 83' lang='lat' dir='ltr'>partes</span> <span class='ocrx_word' id='word_1_472' title='bbox 3521 3037 3736 3109; x_wconf 87' lang='lat' dir='ltr'>pertin-</span> 
     </span>
    </p>
   </div>
   <div class='ocr_carea' id='block_1_61' title="bbox 324 3122 1963 3204">
    <p class='ocr_par' dir='ltr' id='par_1_61' title="bbox 324 3122 1962 3200">
     <span class='ocr_line' id='line_1_61' title="bbox 324 3122 1962 3200; baseline -0.003 -19"><span class='ocrx_word' id='word_1_473' title='bbox 324 3147 465 3200; x_wconf 88' lang='grc' dir='ltr'>μεως</span> <span class='ocrx_word' id='word_1_474' title='bbox 512 3125 648 3200; x_wconf 87' lang='grc' dir='ltr'>πρὸς</span> <span class='ocrx_word' id='word_1_475' title='bbox 694 3126 763 3179; x_wconf 83' lang='grc' dir='ltr'>τὰ</span> <span class='ocrx_word' id='word_1_476' title='bbox 805 3123 1039 3197; x_wconf 82' lang='grc' dir='ltr'>τέσσαρα</span> <span class='ocrx_word' id='word_1_477' title='bbox 1091 3123 1229 3196; x_wconf 83' lang='grc' dir='ltr'>μέρη</span> <span class='ocrx_word' id='word_1_478' title='bbox 1277 3123 1708 3197; x_wconf 86' lang='grc' dir='ltr'>περατουμένης.</span> <span class='ocrx_word' id='word_1_479' title='bbox 1741 3122 1962 3199; x_wconf 82' lang='grc' dir='ltr'>Ἀρθέν-</span> 
     </span>
    </p>
   </div>
   <div class='ocr_carea' id='block_1_62' title="bbox 2096 3122 3735 3204">
    <p class='ocr_par' dir='ltr' id='par_1_62' title="bbox 2096 3125 3735 3203">
     <span class='ocr_line' id='line_1_62' title="bbox 2096 3125 3735 3203; baseline -0.001 -19"><span class='ocrx_word' id='word_1_480' title='bbox 2096 3131 2253 3203; x_wconf 71' lang='grc' dir='ltr'>ςθτεῐ.</span> <span class='ocrx_word' id='word_1_481' title='bbox 2290 3129 2494 3199; x_wconf 89' lang='lat' dir='ltr'>Itaque</span> <span class='ocrx_word' id='word_1_482' title='bbox 2544 3125 2655 3181; x_wconf 93' lang='lat' dir='ltr'>hoc</span> <span class='ocrx_word' id='word_1_483' title='bbox 2703 3125 2871 3198; x_wconf 87' lang='lat' dir='ltr'>signo</span> <span class='ocrx_word' id='word_1_484' title='bbox 2903 3131 3187 3196; x_wconf 87' lang='lat' dir='ltr'>surrecto,</span> <span class='ocrx_word' id='word_1_485' title='bbox 3219 3127 3735 3200; x_wconf 89' lang='lat' dir='ltr'>congregabuntur</span> 
     </span>
    </p>
   </div>
   <div class='ocr_carea' id='block_1_63' title="bbox 315 3208 1954 3292">
    <p class='ocr_par' dir='ltr' id='par_1_63' title="bbox 315 3208 1954 3284">
     <span class='ocr_line' id='line_1_63' title="bbox 315 3208 1954 3284; baseline -0.003 -13"><span class='ocrx_word' id='word_1_486' title='bbox 315 3235 407 3276; x_wconf 90' lang='grc' dir='ltr'>τος</span> <span class='ocrx_word' id='word_1_487' title='bbox 433 3211 524 3268; x_wconf 80' lang='grc' dir='ltr'>οῦν</span> <span class='ocrx_word' id='word_1_488' title='bbox 555 3217 652 3267; x_wconf 87' lang='grc' dir='ltr'>τοῦ</span> <span class='ocrx_word' id='word_1_489' title='bbox 685 3209 917 3283; x_wconf 88' lang='grc' dir='ltr'>σημείου</span> <span class='ocrx_word' id='word_1_490' title='bbox 944 3208 1164 3276; x_wconf 86' lang='grc' dir='ltr'>τούτου,</span> <span class='ocrx_word' id='word_1_491' title='bbox 1206 3212 1639 3284; x_wconf 74' lang='grc' dir='ltr'>συναχθήσονται</span> <span class='ocrx_word' id='word_1_492' title='bbox 1671 3213 1723 3267; x_wconf 77' lang='grc' dir='ltr'>οἱ</span> <span class='ocrx_word' id='word_1_493' title='bbox 1755 3209 1954 3267; x_wconf 86' lang='grc' dir='ltr'>ἀπολό-</span> 
     </span>
    </p>
   </div>
   <div class='ocr_carea' id='block_1_64' title="bbox 2100 3208 3739 3292">
    <p class='ocr_par' dir='ltr' id='par_1_64' title="bbox 2100 3215 3739 3288">
     <span class='ocr_line' id='line_1_64' title="bbox 2100 3215 3739 3288; baseline -0.001 -14"><span class='ocrx_word' id='word_1_494' title='bbox 2100 3217 2292 3274; x_wconf 71' lang='grc' dir='ltr'>›θι·ᾶίῐὶ</span> <span class='ocrx_word' id='word_1_495' title='bbox 2322 3215 2522 3282; x_wconf 89' lang='lat' dir='ltr'>Israel,</span> <span class='ocrx_word' id='word_1_496' title='bbox 2545 3221 2602 3271; x_wconf 92' lang='lat' dir='ltr'>et</span> <span class='ocrx_word' id='word_1_497' title='bbox 2625 3215 2876 3286; x_wconf 89' lang='lat' dir='ltr'>dispersi</span> <span class='ocrx_word' id='word_1_498' title='bbox 2898 3216 2928 3271; x_wconf 88' lang='lat' dir='ltr'><strong>J</strong></span> <span class='ocrx_word' id='word_1_499' title='bbox 2939 3217 3054 3271; x_wconf 90' lang='lat' dir='ltr'>uda</span> <span class='ocrx_word' id='word_1_500' title='bbox 3083 3233 3114 3272; x_wconf 92' lang='lat' dir='ltr'>e</span> <span class='ocrx_word' id='word_1_501' title='bbox 3146 3220 3400 3288; x_wconf 85' lang='lat' dir='ltr'>quatuor</span> <span class='ocrx_word' id='word_1_502' title='bbox 3429 3215 3540 3272; x_wconf 90' lang='lat' dir='ltr'>alis</span> <span class='ocrx_word' id='word_1_503' title='bbox 3573 3222 3739 3272; x_wconf 73' lang='lat' dir='ltr'>terrea</span> 
     </span>
    </p>
   </div>
   <div class='ocr_carea' id='block_1_65' title="bbox 317 3280 1956 3378">
    <p class='ocr_par' dir='ltr' id='par_1_65' title="bbox 317 3280 1956 3378">
     <span class='ocr_line' id='line_1_65' title="bbox 317 3280 1956 3378; baseline -0.002 -19"><span class='ocrx_word' id='word_1_504' title='bbox 317 3324 468 3378; x_wconf 88' lang='grc' dir='ltr'>μενοι</span> <span class='ocrx_word' id='word_1_505' title='bbox 501 3305 597 3357; x_wconf 87' lang='grc' dir='ltr'>τοῦ</span> <span class='ocrx_word' id='word_1_506' title='bbox 630 3280 873 3375; x_wconf 80' lang='grc' dir='ltr'>Ἰσραὴλ,</span> <span class='ocrx_word' id='word_1_507' title='bbox 903 3297 994 3352; x_wconf 88' lang='grc' dir='ltr'>καὶ</span> <span class='ocrx_word' id='word_1_508' title='bbox 1051 3299 1110 3350; x_wconf 74' lang='grc' dir='ltr'>οἳ</span> <span class='ocrx_word' id='word_1_509' title='bbox 1167 3280 1642 3373; x_wconf 65' lang='grc' dir='ltr'>διεσκορπισμένα</span> <span class='ocrx_word' id='word_1_510' title='bbox 1667 3305 1764 3357; x_wconf 87' lang='grc' dir='ltr'>τοῦ</span> <span class='ocrx_word' id='word_1_511' title='bbox 1791 3299 1956 3358; x_wconf 75' lang='grc' dir='ltr'>Ἰούδα</span> 
     </span>
    </p>
   </div>
   <div class='ocr_carea' id='block_1_66' title="bbox 2103 3280 3742 3378">
    <p class='ocr_par' dir='ltr' id='par_1_66' title="bbox 2103 3280 3742 3378">
     <span class='ocr_line' id='line_1_66' title="bbox 2103 3280 3742 3378; baseline 0.001 -18"><span class='ocrx_word' id='word_1_512' title='bbox 2103 3307 2454 3378; x_wconf 77' lang='lat' dir='ltr'>:olligentur.</span> <span class='ocrx_word' id='word_1_513' title='bbox 2501 3280 2926 3376; x_wconf 53' lang='lat' dir='ltr'>Erecto-signo</span> <span class='ocrx_word' id='word_1_514' title='bbox 2974 3304 3103 3374; x_wconf 87' lang='lat' dir='ltr'>hoc,</span> <span class='ocrx_word' id='word_1_515' title='bbox 3140 3280 3233 3361; x_wconf 71' lang='lat' dir='ltr'>cui</span> <span class='ocrx_word' id='word_1_516' title='bbox 3286 3305 3440 3361; x_wconf 88' lang='lat' dir='ltr'>inest</span> <span class='ocrx_word' id='word_1_517' title='bbox 3488 3305 3742 3362; x_wconf 86' lang='lat' dir='ltr'>facultas</span> 
     </span>
    </p>
   </div>
   <div class='ocr_carea' id='block_1_67' title="bbox 323 3386 1962 3467">
    <p class='ocr_par' dir='ltr' id='par_1_67' title="bbox 323 3386 1962 3467">
     <span class='ocr_line' id='line_1_67' title="bbox 323 3386 1962 3467; baseline -0.001 -19"><span class='ocrx_word' id='word_1_518' title='bbox 323 3392 756 3466; x_wconf 80' lang='grc' dir='ltr'>συναχθήσονται</span> <span class='ocrx_word' id='word_1_519' title='bbox 787 3386 984 3443; x_wconf 85' lang='grc' dir='ltr'>ἐκτῶν</span> <span class='ocrx_word' id='word_1_520' title='bbox 1039 3386 1313 3463; x_wconf 86' lang='grc' dir='ltr'>τεσσάρων</span> <span class='ocrx_word' id='word_1_521' title='bbox 1367 3387 1643 3463; x_wconf 82' lang='grc' dir='ltr'>πτερύγων</span> <span class='ocrx_word' id='word_1_522' title='bbox 1689 3397 1789 3459; x_wconf 83' lang='grc' dir='ltr'>τῆς</span> <span class='ocrx_word' id='word_1_523' title='bbox 1841 3394 1962 3467; x_wconf 74' lang='grc' dir='ltr'>γῆς.</span> 
     </span>
    </p>
   </div>
   <div class='ocr_carea' id='block_1_68' title="bbox 2100 3386 3739 3467">
    <p class='ocr_par' dir='ltr' id='par_1_68' title="bbox 2100 3393 3739 3466">
     <span class='ocr_line' id='line_1_68' title="bbox 2100 3393 3739 3466; baseline -0.001 -14"><span class='ocrx_word' id='word_1_524' title='bbox 2100 3395 2420 3453; x_wconf 89' lang='lat' dir='ltr'>lestruendi</span> <span class='ocrx_word' id='word_1_525' title='bbox 2479 3393 2842 3466; x_wconf 87' lang='lat' dir='ltr'>principatus</span> <span class='ocrx_word' id='word_1_526' title='bbox 2889 3398 2948 3450; x_wconf 91' lang='lat' dir='ltr'>et</span> <span class='ocrx_word' id='word_1_527' title='bbox 3004 3398 3348 3465; x_wconf 83' lang='lat' dir='ltr'>potestates,</span> <span class='ocrx_word' id='word_1_528' title='bbox 3399 3395 3472 3450; x_wconf 90' lang='lat' dir='ltr'>de</span> <span class='ocrx_word' id='word_1_529' title='bbox 3518 3395 3739 3465; x_wconf 90' lang='lat' dir='ltr'>quibus</span> 
     </span>
    </p>
   </div>
   <div class='ocr_carea' id='block_1_69' title="bbox 317 3472 1956 3555">
    <p class='ocr_par' dir='ltr' id='par_1_69' title="bbox 317 3472 1956 3552">
     <span class='ocr_line' id='line_1_69' title="bbox 317 3472 1956 3552; baseline -0.002 -14"><span class='ocrx_word' id='word_1_530' title='bbox 317 3480 530 3539; x_wconf 90' lang='grc' dir='ltr'>Τούτου</span> <span class='ocrx_word' id='word_1_531' title='bbox 561 3478 818 3552; x_wconf 80' lang='grc' dir='ltr'>ἀρθέντος</span> <span class='ocrx_word' id='word_1_532' title='bbox 839 3480 938 3532; x_wconf 89' lang='grc' dir='ltr'>τοῦ</span> <span class='ocrx_word' id='word_1_533' title='bbox 969 3474 1222 3549; x_wconf 84' lang='grc' dir='ltr'>σημείου,</span> <span class='ocrx_word' id='word_1_534' title='bbox 1251 3472 1478 3551; x_wconf 69' lang='grc' dir='ltr'>ἓχοντος</span> <span class='ocrx_word' id='word_1_535' title='bbox 1509 3474 1735 3552; x_wconf 88' lang='grc' dir='ltr'>δύναμιν</span> <span class='ocrx_word' id='word_1_536' title='bbox 1780 3483 1956 3535; x_wconf 89' lang='grc' dir='ltr'>καθαι-</span> 
     </span>
    </p>
   </div>
   <div class='ocr_carea' id='block_1_70' title="bbox 2098 3472 3737 3555">
    <p class='ocr_par' dir='ltr' id='par_1_70' title="bbox 2098 3481 3737 3555">
     <span class='ocr_line' id='line_1_70' title="bbox 2098 3481 3737 3555; baseline -0.001 -14"><span class='ocrx_word' id='word_1_537' title='bbox 2098 3482 2557 3555; x_wconf 61' lang='lat' dir='ltr'>miumphavit&#39;jn</span> <span class='ocrx_word' id='word_1_538' title='bbox 2589 3481 2772 3554; x_wconf 87' lang='lat' dir='ltr'>ligno,</span> <span class='ocrx_word' id='word_1_539' title='bbox 2805 3483 3072 3554; x_wconf 88' lang='lat' dir='ltr'>spoliatis</span> <span class='ocrx_word' id='word_1_540' title='bbox 3102 3483 3243 3550; x_wconf 90' lang='lat' dir='ltr'>illis,</span> <span class='ocrx_word' id='word_1_541' title='bbox 3270 3499 3335 3539; x_wconf 90' lang='lat' dir='ltr'>ac</span> <span class='ocrx_word' id='word_1_542' title='bbox 3363 3483 3737 3553; x_wconf 87' lang='lat' dir='ltr'>vestimento,</span> 
     </span>
    </p>
   </div>
   <div class='ocr_carea' id='block_1_71' title="bbox 321 3562 1960 3648">
    <p class='ocr_par' dir='ltr' id='par_1_71' title="bbox 321 3562 1960 3647">
     <span class='ocr_line' id='line_1_71' title="bbox 321 3562 1960 3647; baseline -0.001 -22"><span class='ocrx_word' id='word_1_543' title='bbox 321 3569 538 3647; x_wconf 81' lang='grc' dir='ltr'>ρετικήν</span> <span class='ocrx_word' id='word_1_544' title='bbox 572 3569 759 3644; x_wconf 86' lang='grc' dir='ltr'>ἀρχῶν</span> <span class='ocrx_word' id='word_1_545' title='bbox 793 3565 883 3622; x_wconf 81' lang='grc' dir='ltr'>καὶ</span> <span class='ocrx_word' id='word_1_546' title='bbox 914 3565 1192 3640; x_wconf 78' lang='grc' dir='ltr'>ἐξουσιῶν,</span> <span class='ocrx_word' id='word_1_547' title='bbox 1227 3566 1441 3628; x_wconf 80' lang='grc' dir='ltr'>ἅστινας</span> <span class='ocrx_word' id='word_1_548' title='bbox 1476 3562 1857 3642; x_wconf 75' lang='grc' dir='ltr'>ἐθριάμϐευσεν</span> <span class='ocrx_word' id='word_1_549' title='bbox 1917 3569 1960 3624; x_wconf 57' lang='grc' dir='ltr'>ἐκ</span> 
     </span>
    </p>
   </div>
   <div class='ocr_carea' id='block_1_72' title="bbox 2096 3562 3735 3648">
    <p class='ocr_par' dir='ltr' id='par_1_72' title="bbox 2096 3572 3735 3648">
     <span class='ocr_line' id='line_1_72' title="bbox 2096 3572 3735 3648; baseline -0.002 -17"><span class='ocrx_word' id='word_1_550' title='bbox 2096 3576 2234 3648; x_wconf 67' lang='grc' dir='ltr'>ιυοό</span> <span class='ocrx_word' id='word_1_551' title='bbox 2269 3572 2382 3646; x_wconf 90' lang='lat' dir='ltr'>ipsi</span> <span class='ocrx_word' id='word_1_552' title='bbox 2413 3573 2581 3629; x_wconf 87' lang='lat' dir='ltr'>nobis</span> <span class='ocrx_word' id='word_1_553' title='bbox 2616 3576 2940 3641; x_wconf 87' lang='lat' dir='ltr'>texuerant,</span> <span class='ocrx_word' id='word_1_554' title='bbox 2964 3573 3143 3629; x_wconf 89' lang='lat' dir='ltr'>veluti</span> <span class='ocrx_word' id='word_1_555' title='bbox 3167 3573 3423 3644; x_wconf 82' lang='lat' dir='ltr'>deiecto;</span> <span class='ocrx_word' id='word_1_556' title='bbox 3457 3573 3619 3629; x_wconf 87' lang='lat' dir='ltr'>exuit</span> <span class='ocrx_word' id='word_1_557' title='bbox 3649 3573 3735 3628; x_wconf 91' lang='lat' dir='ltr'>ni-</span> 
     </span>
    </p>
   </div>
   <div class='ocr_carea' id='block_1_73' title="bbox 318 3653 1957 3735">
    <p class='ocr_par' dir='ltr' id='par_1_73' title="bbox 318 3653 1957 3735">
     <span class='ocr_line' id='line_1_73' title="bbox 318 3653 1957 3735; baseline 0 -20"><span class='ocrx_word' id='word_1_558' title='bbox 318 3662 400 3732; x_wconf 84' lang='grc' dir='ltr'>τῴ</span> <span class='ocrx_word' id='word_1_559' title='bbox 433 3656 603 3732; x_wconf 82' lang='grc' dir='ltr'>ξύλῳ,</span> <span class='ocrx_word' id='word_1_560' title='bbox 635 3653 1076 3730; x_wconf 82' lang='grc' dir='ltr'>ἀπεκδυσάμενος</span> <span class='ocrx_word' id='word_1_561' title='bbox 1126 3655 1308 3725; x_wconf 76' lang='grc' dir='ltr'>αὐτὰς,</span> <span class='ocrx_word' id='word_1_562' title='bbox 1337 3656 1426 3711; x_wconf 84' lang='grc' dir='ltr'>καὶ</span> <span class='ocrx_word' id='word_1_563' title='bbox 1471 3656 1635 3712; x_wconf 73' lang='grc' dir='ltr'>οἱονεὶ</span> <span class='ocrx_word' id='word_1_564' title='bbox 1667 3657 1957 3735; x_wconf 72' lang='grc' dir='ltr'>ἀπορῥίῲαι</span> 
     </span>
    </p>
   </div>
   <div class='ocr_carea' id='block_1_74' title="bbox 2096 3653 3735 3735">
    <p class='ocr_par' dir='ltr' id='par_1_74' title="bbox 2096 3661 3735 3735">
     <span class='ocr_line' id='line_1_74' title="bbox 2096 3661 3735 3735; baseline -0.002 -15"><span class='ocrx_word' id='word_1_565' title='bbox 2096 3666 2294 3721; x_wconf 85' lang='lat' dir='ltr'>nirum</span> <span class='ocrx_word' id='word_1_566' title='bbox 2346 3661 2709 3735; x_wconf 86' lang='lat' dir='ltr'>principatus</span> <span class='ocrx_word' id='word_1_567' title='bbox 2739 3666 2796 3718; x_wconf 91' lang='lat' dir='ltr'>et</span> <span class='ocrx_word' id='word_1_568' title='bbox 2839 3667 3176 3734; x_wconf 84' lang='lat' dir='ltr'>potestates,</span> <span class='ocrx_word' id='word_1_569' title='bbox 3209 3678 3427 3734; x_wconf 90' lang='lat' dir='ltr'>eosque</span> <span class='ocrx_word' id='word_1_570' title='bbox 3473 3663 3735 3719; x_wconf 85' lang='lat' dir='ltr'>traduxit</span> 
     </span>
    </p>
   </div>
   <div class='ocr_carea' id='block_1_75' title="bbox 316 3739 1955 3824">
    <p class='ocr_par' dir='ltr' id='par_1_75' title="bbox 316 3739 1955 3824">
     <span class='ocr_line' id='line_1_75' title="bbox 316 3739 1955 3824; baseline -0.009 -19"><span class='ocrx_word' id='word_1_571' title='bbox 316 3750 346 3805; x_wconf 79' lang='grc' dir='ltr'><strong>’ὀ</strong></span> <span class='ocrx_word' id='word_1_572' title='bbox 378 3747 602 3824; x_wconf 70' lang='grc' dir='ltr'>εἴχομεν</span> <span class='ocrx_word' id='word_1_573' title='bbox 647 3746 737 3800; x_wconf 87' lang='grc' dir='ltr'>ἀπ’</span> <span class='ocrx_word' id='word_1_574' title='bbox 768 3743 944 3800; x_wconf 84' lang='grc' dir='ltr'>αὐτῶν</span> <span class='ocrx_word' id='word_1_575' title='bbox 989 3743 1292 3821; x_wconf 82' lang='grc' dir='ltr'>ὑφασμένον</span> <span class='ocrx_word' id='word_1_576' title='bbox 1337 3747 1472 3818; x_wconf 76' lang='grc' dir='ltr'>ἡμῖν</span> <span class='ocrx_word' id='word_1_577' title='bbox 1535 3739 1757 3820; x_wconf 74' lang='grc' dir='ltr'>ἔνδυμα,</span> <span class='ocrx_word' id='word_1_578' title='bbox 1791 3745 1955 3820; x_wconf 67' lang='grc' dir='ltr'>ἐξεδύ.</span> 
     </span>
    </p>
   </div>
   <div class='ocr_carea' id='block_1_76' title="bbox 2165 3739 3804 3824">
    <p class='ocr_par' dir='ltr' id='par_1_76' title="bbox 2165 3751 3804 3823">
     <span class='ocr_line' id='line_1_76' title="bbox 2165 3751 3804 3823; baseline -0.001 -14"><span class='ocrx_word' id='word_1_579' title='bbox 2165 3754 2440 3809; x_wconf 69' lang='lat' dir='ltr'>nﬁdenter</span> <span class='ocrx_word' id='word_1_580' title='bbox 2496 3753 2690 3823; x_wconf 86' lang='lat' dir='ltr'>palam</span> <span class='ocrx_word' id='word_1_581' title='bbox 2747 3751 3123 3822; x_wconf 87' lang='lat' dir='ltr'>triumphans</span> <span class='ocrx_word' id='word_1_582' title='bbox 3170 3751 3228 3806; x_wconf 91' lang='lat' dir='ltr'>in</span> <span class='ocrx_word' id='word_1_583' title='bbox 3275 3751 3435 3822; x_wconf 87' lang='lat' dir='ltr'>ligno</span> <span class='ocrx_word' id='word_1_584' title='bbox 3457 3751 3521 3808; x_wconf 59' lang='grc' dir='ltr'><strong>ω.</strong></span> <span class='ocrx_word' id='word_1_585' title='bbox 3555 3751 3640 3808; x_wconf 92' lang='lat' dir='ltr'>Ob</span> <span class='ocrx_word' id='word_1_586' title='bbox 3671 3751 3730 3808; x_wconf 88' lang='lat' dir='ltr'>id</span> <span class='ocrx_word' id='word_1_587' title='bbox 3798 3751 3804 3778; x_wconf 83' lang='lat'>&quot;</span> 
     </span>
    </p>
   </div>
   <div class='ocr_carea' id='block_1_77' title="bbox 319 3832 1958 3912">
    <p class='ocr_par' dir='ltr' id='par_1_77' title="bbox 319 3832 1958 3912">
     <span class='ocr_line' id='line_1_77' title="bbox 319 3832 1958 3912; baseline -0.001 -18"><span class='ocrx_word' id='word_1_588' title='bbox 319 3859 449 3894; x_wconf 88' lang='grc' dir='ltr'>σατο</span> <span class='ocrx_word' id='word_1_589' title='bbox 504 3836 604 3898; x_wconf 78' lang='grc' dir='ltr'>τὰς</span> <span class='ocrx_word' id='word_1_590' title='bbox 654 3834 832 3910; x_wconf 80' lang='grc' dir='ltr'>ἀρχὰς</span> <span class='ocrx_word' id='word_1_591' title='bbox 870 3832 960 3888; x_wconf 84' lang='grc' dir='ltr'>καὶ</span> <span class='ocrx_word' id='word_1_592' title='bbox 1010 3834 1107 3895; x_wconf 84' lang='grc' dir='ltr'>τὰς</span> <span class='ocrx_word' id='word_1_593' title='bbox 1151 3832 1411 3906; x_wconf 79' lang='grc' dir='ltr'>ἐξουσίας,</span> <span class='ocrx_word' id='word_1_594' title='bbox 1463 3837 1554 3890; x_wconf 77' lang='grc' dir='ltr'>καὶ</span> <span class='ocrx_word' id='word_1_595' title='bbox 1604 3833 1958 3912; x_wconf 57' lang='grc' dir='ltr'>ἐδειγμάτισεη</span> 
     </span>
    </p>
   </div>
   <div class='ocr_carea' id='block_1_78' title="bbox 2095 3832 3734 3912">
    <p class='ocr_par' dir='ltr' id='par_1_78' title="bbox 2095 3839 3734 3912">
     <span class='ocr_line' id='line_1_78' title="bbox 2095 3839 3734 3912; baseline -0.001 -14"><span class='ocrx_word' id='word_1_596' title='bbox 2095 3842 2322 3912; x_wconf 85' lang='lat' dir='ltr'>Paulus,</span> <span class='ocrx_word' id='word_1_597' title='bbox 2345 3840 2482 3896; x_wconf 85' lang='lat' dir='ltr'>licet</span> <span class='ocrx_word' id='word_1_598' title='bbox 2506 3840 2659 3895; x_wconf 86' lang='lat' dir='ltr'>inter</span> <span class='ocrx_word' id='word_1_599' title='bbox 2681 3841 2934 3907; x_wconf 88' lang='lat' dir='ltr'>perditos</span> <span class='ocrx_word' id='word_1_600' title='bbox 2958 3839 3161 3907; x_wconf 85' lang='lat' dir='ltr'>Israel,</span> <span class='ocrx_word' id='word_1_601' title='bbox 3178 3844 3236 3895; x_wconf 90' lang='lat' dir='ltr'>et</span> <span class='ocrx_word' id='word_1_602' title='bbox 3257 3839 3556 3912; x_wconf 86' lang='lat' dir='ltr'>dispersos</span> <span class='ocrx_word' id='word_1_603' title='bbox 3575 3840 3734 3897; x_wconf 87' lang='lat' dir='ltr'>Juda</span> 
     </span>
    </p>
   </div>
   <div class='ocr_carea' id='block_1_79' title="bbox 318 3917 1957 4002">
    <p class='ocr_par' dir='ltr' id='par_1_79' title="bbox 318 3917 1957 4001">
     <span class='ocr_line' id='line_1_79' title="bbox 318 3917 1957 4001; baseline -0.008 -19"><span class='ocrx_word' id='word_1_604' title='bbox 318 3926 371 3982; x_wconf 73' lang='grc' dir='ltr'>ἰν</span> <span class='ocrx_word' id='word_1_605' title='bbox 564 3921 845 4001; x_wconf 75' lang='grc' dir='ltr'>παῤῥησίᾳ</span> <span class='ocrx_word' id='word_1_606' title='bbox 887 3917 1250 3998; x_wconf 81' lang='grc' dir='ltr'>θριαμϐεύσας</span> <span class='ocrx_word' id='word_1_607' title='bbox 1279 3923 1331 3979; x_wconf 74' lang='grc' dir='ltr'>ἐν</span> <span class='ocrx_word' id='word_1_608' title='bbox 1380 3928 1460 3997; x_wconf 79' lang='grc' dir='ltr'>τῷ</span> <span class='ocrx_word' id='word_1_609' title='bbox 1508 3923 1676 3998; x_wconf 81' lang='grc' dir='ltr'>ξύλῳ,</span> <span class='ocrx_word' id='word_1_610' title='bbox 1710 3927 1807 3980; x_wconf 80' lang='grc' dir='ltr'>Διὰ</span> <span class='ocrx_word' id='word_1_611' title='bbox 1845 3931 1957 3982; x_wconf 72' lang='grc' dir='ltr'><strong>τοῦ.</strong></span> 
     </span>
    </p>
   </div>
   <div class='ocr_carea' id='block_1_80' title="bbox 2097 3917 3736 4002">
    <p class='ocr_par' dir='ltr' id='par_1_80' title="bbox 2097 3928 3736 4002">
     <span class='ocr_line' id='line_1_80' title="bbox 2097 3928 3736 4002; baseline 0 -16"><span class='ocrx_word' id='word_1_612' title='bbox 2097 3934 2512 3997; x_wconf 81' lang='lat' dir='ltr'>numeraretur,</span> <span class='ocrx_word' id='word_1_613' title='bbox 2565 3929 2743 3984; x_wconf 90' lang='lat' dir='ltr'>simul</span> <span class='ocrx_word' id='word_1_614' title='bbox 2802 3935 2976 4000; x_wconf 87' lang='lat' dir='ltr'>atque</span> <span class='ocrx_word' id='word_1_615' title='bbox 3035 3928 3320 3985; x_wconf 84' lang='lat' dir='ltr'>intellexit</span> <span class='ocrx_word' id='word_1_616' title='bbox 3375 3931 3616 4002; x_wconf 89' lang='lat' dir='ltr'>signum</span> <span class='ocrx_word' id='word_1_617' title='bbox 3675 3931 3736 3986; x_wconf 92' lang='lat' dir='ltr'>in</span> 
     </span>
    </p>
   </div>
   <div class='ocr_carea' id='block_1_81' title="bbox 316 4007 1955 4088">
    <p class='ocr_par' dir='ltr' id='par_1_81' title="bbox 316 4007 1955 4087">
     <span class='ocr_line' id='line_1_81' title="bbox 316 4007 1955 4087; baseline 0 -16"><span class='ocrx_word' id='word_1_618' title='bbox 316 4037 384 4071; x_wconf 92' lang='grc' dir='ltr'>το</span> <span class='ocrx_word' id='word_1_619' title='bbox 427 4012 642 4076; x_wconf 79' lang='grc' dir='ltr'>Παῦλος</span> <span class='ocrx_word' id='word_1_620' title='bbox 672 4012 731 4067; x_wconf 80' lang='grc' dir='ltr'>ἐκ</span> <span class='ocrx_word' id='word_1_621' title='bbox 772 4017 878 4067; x_wconf 87' lang='grc' dir='ltr'>τῶν</span> <span class='ocrx_word' id='word_1_622' title='bbox 925 4007 1301 4067; x_wconf 86' lang='grc' dir='ltr'>ἀπολωλότων</span> <span class='ocrx_word' id='word_1_623' title='bbox 1346 4017 1442 4068; x_wconf 88' lang='grc' dir='ltr'>τοῦ</span> <span class='ocrx_word' id='word_1_624' title='bbox 1475 4012 1716 4087; x_wconf 76' lang='grc' dir='ltr'>Ἰσραὴλ,</span> <span class='ocrx_word' id='word_1_625' title='bbox 1749 4017 1836 4071; x_wconf 83' lang='grc' dir='ltr'>καὶ</span> <span class='ocrx_word' id='word_1_626' title='bbox 1899 4013 1955 4071; x_wconf 53' lang='grc' dir='ltr'>δικ</span> 
     </span>
    </p>
   </div>
   <div class='ocr_carea' id='block_1_82' title="bbox 2106 4007 3745 4088">
    <p class='ocr_par' dir='ltr' id='par_1_82' title="bbox 2106 4018 3745 4088">
     <span class='ocr_line' id='line_1_82' title="bbox 2106 4018 3745 4088; baseline 0 -13"><span class='ocrx_word' id='word_1_627' title='bbox 2106 4019 2532 4088; x_wconf 65' lang='grc' dir='ltr'>ιαίὶοηὶδυεξαι)</span> <span class='ocrx_word' id='word_1_628' title='bbox 2562 4019 2704 4075; x_wconf 87' lang='lat' dir='ltr'>Jesu</span> <span class='ocrx_word' id='word_1_629' title='bbox 2739 4018 2940 4088; x_wconf 58' lang='lat' dir='ltr'>5fuisse</span> <span class='ocrx_word' id='word_1_630' title='bbox 2988 4022 3268 4086; x_wconf 88' lang='lat' dir='ltr'>erectum,</span> <span class='ocrx_word' id='word_1_631' title='bbox 3305 4019 3457 4076; x_wconf 74' lang='lat'>570</span> <span class='ocrx_word' id='word_1_632' title='bbox 3487 4019 3745 4076; x_wconf 87' lang='lat' dir='ltr'>accurrit</span> 
     </span>
    </p>
   </div>
   <div class='ocr_carea' id='block_1_83' title="bbox 323 4099 1962 4182">
    <p class='ocr_par' dir='ltr' id='par_1_83' title="bbox 323 4099 1962 4181">
     <span class='ocr_line' id='line_1_83' title="bbox 323 4099 1962 4181; baseline -0.001 -20"><span class='ocrx_word' id='word_1_633' title='bbox 323 4104 764 4180; x_wconf 86' lang='grc' dir='ltr'>εσκορπισμένων</span> <span class='ocrx_word' id='word_1_634' title='bbox 807 4105 905 4157; x_wconf 92' lang='grc' dir='ltr'>τοῦ</span> <span class='ocrx_word' id='word_1_635' title='bbox 937 4099 1112 4158; x_wconf 81' lang='grc' dir='ltr'>Ἰούδα</span> <span class='ocrx_word' id='word_1_636' title='bbox 1139 4101 1426 4178; x_wconf 82' lang='grc' dir='ltr'>ὑπάρχων,</span> <span class='ocrx_word' id='word_1_637' title='bbox 1456 4105 1656 4174; x_wconf 85' lang='grc' dir='ltr'>νοήσας</span> <span class='ocrx_word' id='word_1_638' title='bbox 1702 4107 1766 4160; x_wconf 88' lang='grc' dir='ltr'>τὸ</span> <span class='ocrx_word' id='word_1_639' title='bbox 1819 4105 1962 4181; x_wconf 54' lang='grc' dir='ltr'>ἀρθὶη</span> 
     </span>
    </p>
   </div>
   <div class='ocr_carea' id='block_1_84' title="bbox 2106 4099 3745 4182">
    <p class='ocr_par' dir='ltr' id='par_1_84' title="bbox 2106 4106 3745 4182">
     <span class='ocr_line' id='line_1_84' title="bbox 2106 4106 3745 4182; baseline -0.001 -18"><span class='ocrx_word' id='word_1_640' title='bbox 2106 4109 2157 4164; x_wconf 78' lang='lat' dir='ltr'>td</span> <span class='ocrx_word' id='word_1_641' title='bbox 2190 4124 2444 4177; x_wconf 86' lang='lat' dir='ltr'>crucem,</span> <span class='ocrx_word' id='word_1_642' title='bbox 2478 4115 2534 4162; x_wconf 86' lang='lat' dir='ltr'>et</span> <span class='ocrx_word' id='word_1_643' title='bbox 2575 4108 2805 4164; x_wconf 90' lang='lat' dir='ltr'>dicebat</span> <span class='ocrx_word' id='word_1_644' title='bbox 2838 4126 2850 4163; x_wconf 85' lang='lat'>:</span> <span class='ocrx_word' id='word_1_645' title='bbox 2886 4107 3019 4163; x_wconf 86' lang='lat' dir='ltr'>Mihi</span> <span class='ocrx_word' id='word_1_646' title='bbox 3063 4113 3243 4163; x_wconf 83' lang='lat' dir='ltr'>autem</span> <span class='ocrx_word' id='word_1_647' title='bbox 3293 4106 3455 4164; x_wconf 57' lang='lat' dir='ltr'>absit&#39;</span> <span class='ocrx_word' id='word_1_648' title='bbox 3480 4111 3745 4182; x_wconf 80' lang='lat' dir='ltr'>gloriari,</span> 
     </span>
    </p>
   </div>
   <div class='ocr_carea' id='block_1_85' title="bbox 325 4187 1964 4269">
    <p class='ocr_par' dir='ltr' id='par_1_85' title="bbox 325 4187 1964 4269">
     <span class='ocr_line' id='line_1_85' title="bbox 325 4187 1964 4269; baseline 0 -18"><span class='ocrx_word' id='word_1_649' title='bbox 325 4195 433 4251; x_wconf 84' lang='grc' dir='ltr'>ὑπὸ</span> <span class='ocrx_word' id='word_1_650' title='bbox 464 4197 561 4249; x_wconf 85' lang='grc' dir='ltr'>τοῦ</span> <span class='ocrx_word' id='word_1_651' title='bbox 588 4195 773 4263; x_wconf 85' lang='grc' dir='ltr'>Ἰησοῦ</span> <span class='ocrx_word' id='word_1_652' title='bbox 805 4189 882 4254; x_wconf 74' lang='grc' dir='ltr'>εἷς</span> <span class='ocrx_word' id='word_1_653' title='bbox 910 4195 978 4245; x_wconf 83' lang='grc' dir='ltr'>τὰ</span> <span class='ocrx_word' id='word_1_654' title='bbox 1025 4187 1152 4258; x_wconf 74' lang='grc' dir='ltr'>ἔθνη</span> <span class='ocrx_word' id='word_1_655' title='bbox 1214 4197 1468 4264; x_wconf 89' lang='grc' dir='ltr'>σημεῖον,</span> <span class='ocrx_word' id='word_1_656' title='bbox 1497 4191 1843 4269; x_wconf 79' lang='grc' dir='ltr'>προσέδραμε</span> <span class='ocrx_word' id='word_1_657' title='bbox 1897 4201 1964 4268; x_wconf 72' lang='grc' dir='ltr'>τᾷ</span> 
     </span>
    </p>
   </div>
   <div class='ocr_carea' id='block_1_86' title="bbox 2104 4187 3743 4269">
    <p class='ocr_par' dir='ltr' id='par_1_86' title="bbox 2104 4197 3743 4255">
     <span class='ocr_line' id='line_1_86' title="bbox 2104 4197 3743 4255; baseline 0.001 -2"><span class='ocrx_word' id='word_1_658' title='bbox 2104 4200 2199 4254; x_wconf 60' lang='lat' dir='ltr'>nisi</span> <span class='ocrx_word' id='word_1_659' title='bbox 2230 4203 2289 4254; x_wconf 85' lang='lat' dir='ltr'>in</span> <span class='ocrx_word' id='word_1_660' title='bbox 2323 4213 2484 4252; x_wconf 71' lang='lat' dir='ltr'>cruce</span> <span class='ocrx_word' id='word_1_661' title='bbox 2514 4197 2734 4252; x_wconf 86' lang='lat' dir='ltr'>Domini</span> <span class='ocrx_word' id='word_1_662' title='bbox 2762 4200 2942 4253; x_wconf 78' lang='lat' dir='ltr'>nostri</span> <span class='ocrx_word' id='word_1_663' title='bbox 2968 4202 3099 4254; x_wconf 84' lang='lat' dir='ltr'>Jesu</span> <span class='ocrx_word' id='word_1_664' title='bbox 3128 4197 3338 4254; x_wconf 84' lang='lat' dir='ltr'>Christi</span> <span class='ocrx_word' id='word_1_665' title='bbox 3355 4198 3417 4252; x_wconf 70' lang='lat'>‘9.</span> <span class='ocrx_word' id='word_1_666' title='bbox 3449 4198 3579 4253; x_wconf 89' lang='lat' dir='ltr'>Jam</span> <span class='ocrx_word' id='word_1_667' title='bbox 3608 4214 3743 4255; x_wconf 89' lang='lat' dir='ltr'>vero</span> 
     </span>
    </p>
   </div>
   <div class='ocr_carea' id='block_1_87' title="bbox 322 4277 1961 4361">
    <p class='ocr_par' dir='ltr' id='par_1_87' title="bbox 322 4277 1952 4361">
     <span class='ocr_line' id='line_1_87' title="bbox 322 4277 1952 4361; baseline 0 -21"><span class='ocrx_word' id='word_1_668' title='bbox 322 4281 563 4358; x_wconf 78' lang='grc' dir='ltr'>σταυρῷ,</span> <span class='ocrx_word' id='word_1_669' title='bbox 596 4281 686 4336; x_wconf 84' lang='grc' dir='ltr'>καὶ</span> <span class='ocrx_word' id='word_1_670' title='bbox 718 4279 920 4357; x_wconf 68' lang='grc' dir='ltr'>ἔλεγενο</span> <span class='ocrx_word' id='word_1_671' title='bbox 954 4279 1116 4354; x_wconf 87' lang='grc' dir='ltr'>Ἐμοὶ</span> <span class='ocrx_word' id='word_1_672' title='bbox 1148 4277 1205 4335; x_wconf 75' lang='grc' dir='ltr'>δὲ</span> <span class='ocrx_word' id='word_1_673' title='bbox 1256 4282 1331 4354; x_wconf 79' lang='grc' dir='ltr'>μὴ</span> <span class='ocrx_word' id='word_1_674' title='bbox 1385 4282 1593 4357; x_wconf 78' lang='grc' dir='ltr'>γένοιτο</span> <span class='ocrx_word' id='word_1_675' title='bbox 1650 4287 1952 4361; x_wconf 80' lang='grc' dir='ltr'>καυχᾶσθαι</span> 
     </span>
    </p>
   </div>
   <div class='ocr_carea' id='block_1_88' title="bbox 2111 4277 3750 4361">
    <p class='ocr_par' dir='ltr' id='par_1_88' title="bbox 2111 4285 3750 4358">
     <span class='ocr_line' id='line_1_88' title="bbox 2111 4285 3750 4358; baseline 0 -16"><span class='ocrx_word' id='word_1_676' title='bbox 2111 4306 2156 4343; x_wconf 70' lang='lat' dir='ltr'>:x</span> <span class='ocrx_word' id='word_1_677' title='bbox 2185 4303 2250 4342; x_wconf 93' lang='lat' dir='ltr'>eo</span> <span class='ocrx_word' id='word_1_678' title='bbox 2283 4285 2437 4357; x_wconf 91' lang='lat' dir='ltr'>quod</span> <span class='ocrx_word' id='word_1_679' title='bbox 2467 4289 2531 4340; x_wconf 91' lang='lat' dir='ltr'>ut</span> <span class='ocrx_word' id='word_1_680' title='bbox 2564 4285 2776 4356; x_wconf 88' lang='lat' dir='ltr'>perditi</span> <span class='ocrx_word' id='word_1_681' title='bbox 2808 4285 3005 4354; x_wconf 81' lang='lat' dir='ltr'>Israel,</span> <span class='ocrx_word' id='word_1_682' title='bbox 3029 4285 3088 4342; x_wconf 91' lang='lat' dir='ltr'>in</span> <span class='ocrx_word' id='word_1_683' title='bbox 3116 4303 3265 4358; x_wconf 89' lang='lat' dir='ltr'>quos</span> <span class='ocrx_word' id='word_1_684' title='bbox 3295 4285 3612 4358; x_wconf 91' lang='lat' dir='ltr'>imperium</span> <span class='ocrx_word' id='word_1_685' title='bbox 3645 4287 3750 4342; x_wconf 92' lang='lat' dir='ltr'>ha-</span> 
     </span>
    </p>
   </div>
   <div class='ocr_carea' id='block_1_89' title="bbox 322 4369 1961 4451">
    <p class='ocr_par' dir='ltr' id='par_1_89' title="bbox 322 4369 1961 4451">
     <span class='ocr_line' id='line_1_89' title="bbox 322 4369 1961 4451; baseline -0.006 -22"><span class='ocrx_word' id='word_1_686' title='bbox 322 4373 481 4446; x_wconf 78' lang='grc' dir='ltr'>εἰμὴ</span> <span class='ocrx_word' id='word_1_687' title='bbox 526 4372 578 4426; x_wconf 82' lang='grc' dir='ltr'>ἐν</span> <span class='ocrx_word' id='word_1_688' title='bbox 625 4371 705 4443; x_wconf 78' lang='grc' dir='ltr'>τῷ</span> <span class='ocrx_word' id='word_1_689' title='bbox 755 4373 972 4445; x_wconf 86' lang='grc' dir='ltr'>σταυρῷ</span> <span class='ocrx_word' id='word_1_690' title='bbox 1019 4373 1116 4424; x_wconf 89' lang='grc' dir='ltr'>τοῦ</span> <span class='ocrx_word' id='word_1_691' title='bbox 1155 4369 1364 4446; x_wconf 78' lang='grc' dir='ltr'>Κυρίου</span> <span class='ocrx_word' id='word_1_692' title='bbox 1411 4374 1572 4445; x_wconf 81' lang='grc' dir='ltr'>ἡμῶν</span> <span class='ocrx_word' id='word_1_693' title='bbox 1606 4373 1786 4445; x_wconf 88' lang='grc' dir='ltr'>Ἰησοῦ</span> <span class='ocrx_word' id='word_1_694' title='bbox 1841 4376 1961 4451; x_wconf 82' lang='grc' dir='ltr'>Χρι.</span> 
     </span>
    </p>
   </div>
   <div class='ocr_carea' id='block_1_90' title="bbox 2106 4369 3745 4451">
    <p class='ocr_par' dir='ltr' id='par_1_90' title="bbox 2106 4373 3745 4448">
     <span class='ocr_line' id='line_1_90' title="bbox 2106 4373 3745 4448; baseline 0 -15"><span class='ocrx_word' id='word_1_695' title='bbox 2106 4377 2216 4433; x_wconf 80' lang='lat' dir='ltr'>)uit</span> <span class='ocrx_word' id='word_1_696' title='bbox 2249 4373 2544 4448; x_wconf 88' lang='lat' dir='ltr'>Ephraim,</span> <span class='ocrx_word' id='word_1_697' title='bbox 2579 4374 2660 4428; x_wconf 90' lang='lat' dir='ltr'>ita</span> <span class='ocrx_word' id='word_1_698' title='bbox 2689 4375 2942 4448; x_wconf 89' lang='lat' dir='ltr'>dispersi</span> <span class='ocrx_word' id='word_1_699' title='bbox 2976 4393 3045 4430; x_wconf 88' lang='lat' dir='ltr'>cx</span> <span class='ocrx_word' id='word_1_700' title='bbox 3078 4374 3231 4431; x_wconf 85' lang='lat' dir='ltr'>tribu</span> <span class='ocrx_word' id='word_1_701' title='bbox 3259 4376 3438 4444; x_wconf 90' lang='lat' dir='ltr'>Juda,</span> <span class='ocrx_word' id='word_1_702' title='bbox 3471 4392 3620 4448; x_wconf 90' lang='lat' dir='ltr'>quos</span> <span class='ocrx_word' id='word_1_703' title='bbox 3652 4393 3745 4434; x_wconf 90' lang='lat' dir='ltr'>re-</span> 
     </span>
    </p>
   </div>
   <div class='ocr_carea' id='block_1_91' title="bbox 324 4457 1963 4540">
    <p class='ocr_par' dir='ltr' id='par_1_91' title="bbox 324 4457 1963 4538">
     <span class='ocr_line' id='line_1_91' title="bbox 324 4457 1963 4538; baseline 0 -18"><span class='ocrx_word' id='word_1_704' title='bbox 324 4467 476 4520; x_wconf 87' lang='grc' dir='ltr'>στοῦ.</span> <span class='ocrx_word' id='word_1_705' title='bbox 513 4461 840 4524; x_wconf 80' lang='grc' dir='ltr'>’Δκολουθεῖ</span> <span class='ocrx_word' id='word_1_706' title='bbox 893 4457 950 4514; x_wconf 77' lang='grc' dir='ltr'>δὲ</span> <span class='ocrx_word' id='word_1_707' title='bbox 996 4463 1076 4530; x_wconf 80' lang='grc' dir='ltr'>τῷ</span> <span class='ocrx_word' id='word_1_708' title='bbox 1123 4467 1461 4535; x_wconf 83' lang='grc' dir='ltr'>συναχθῆναι</span> <span class='ocrx_word' id='word_1_709' title='bbox 1510 4461 1636 4524; x_wconf 83' lang='grc' dir='ltr'>τοὺς</span> <span class='ocrx_word' id='word_1_710' title='bbox 1693 4464 1963 4538; x_wconf 73' lang='grc' dir='ltr'>ἀπολομέ-</span> 
     </span>
    </p>
   </div>
   <div class='ocr_carea' id='block_1_92' title="bbox 2110 4457 3749 4540">
    <p class='ocr_par' dir='ltr' id='par_1_92' title="bbox 2110 4463 3749 4539">
     <span class='ocr_line' id='line_1_92' title="bbox 2110 4463 3749 4539; baseline 0 -16"><span class='ocrx_word' id='word_1_711' title='bbox 2110 4484 2191 4539; x_wconf 72' lang='lat' dir='ltr'>ges</span> <span class='ocrx_word' id='word_1_712' title='bbox 2221 4482 2289 4522; x_wconf 85' lang='lat' dir='ltr'>ex</span> <span class='ocrx_word' id='word_1_713' title='bbox 2319 4463 2544 4520; x_wconf 89' lang='lat' dir='ltr'>semine</span> <span class='ocrx_word' id='word_1_714' title='bbox 2575 4463 2756 4519; x_wconf 89' lang='lat' dir='ltr'>David</span> <span class='ocrx_word' id='word_1_715' title='bbox 2789 4465 3026 4520; x_wconf 88' lang='lat' dir='ltr'>oriundi</span> <span class='ocrx_word' id='word_1_716' title='bbox 3074 4467 3492 4537; x_wconf 84' lang='lat' dir='ltr'>gubernavere,</span> <span class='ocrx_word' id='word_1_717' title='bbox 3519 4465 3749 4523; x_wconf 76' lang='lat' dir='ltr'>collecti</span> 
     </span>
    </p>
   </div>
   <div class='ocr_carea' id='block_1_93' title="bbox 321 4543 1960 4625">
    <p class='ocr_par' dir='ltr' id='par_1_93' title="bbox 321 4543 1960 4624">
     <span class='ocr_line' id='line_1_93' title="bbox 321 4543 1960 4624; baseline 0.004 -22"><span class='ocrx_word' id='word_1_718' title='bbox 321 4572 451 4615; x_wconf 82' lang='grc' dir='ltr'>νους</span> <span class='ocrx_word' id='word_1_719' title='bbox 527 4555 628 4606; x_wconf 86' lang='grc' dir='ltr'>τοῦ</span> <span class='ocrx_word' id='word_1_720' title='bbox 687 4547 933 4624; x_wconf 81' lang='grc' dir='ltr'>Ἰσραὴλ,</span> <span class='ocrx_word' id='word_1_721' title='bbox 983 4546 1180 4610; x_wconf 71' lang='grc' dir='ltr'>οἵτινες</span> <span class='ocrx_word' id='word_1_722' title='bbox 1245 4543 1628 4606; x_wconf 76' lang='grc' dir='ltr'>ἐϐασιλεύοντο</span> <span class='ocrx_word' id='word_1_723' title='bbox 1706 4553 1808 4608; x_wconf 86' lang='grc' dir='ltr'>ὑπὸ</span> <span class='ocrx_word' id='word_1_724' title='bbox 1881 4555 1960 4610; x_wconf 75' lang='grc' dir='ltr'>τοί</span> 
     </span>
    </p>
   </div>
   <div class='ocr_carea' id='block_1_94' title="bbox 2113 4543 3752 4625">
    <p class='ocr_par' dir='ltr' id='par_1_94' title="bbox 2113 4553 3752 4625">
     <span class='ocr_line' id='line_1_94' title="bbox 2113 4553 3752 4625; baseline 0.002 -16"><span class='ocrx_word' id='word_1_725' title='bbox 2113 4560 2249 4621; x_wconf 60' lang='lat' dir='ltr'>lunt,</span> <span class='ocrx_word' id='word_1_726' title='bbox 2275 4553 2543 4625; x_wconf 90' lang='lat' dir='ltr'>sequitur</span> <span class='ocrx_word' id='word_1_727' title='bbox 2573 4569 2687 4608; x_wconf 89' lang='lat' dir='ltr'>non</span> <span class='ocrx_word' id='word_1_728' title='bbox 2721 4553 2976 4623; x_wconf 88' lang='lat' dir='ltr'>amplius</span> <span class='ocrx_word' id='word_1_729' title='bbox 2999 4555 3267 4610; x_wconf 84' lang='lat' dir='ltr'>futurum</span> <span class='ocrx_word' id='word_1_730' title='bbox 3290 4571 3420 4610; x_wconf 89' lang='lat' dir='ltr'>esse</span> <span class='ocrx_word' id='word_1_731' title='bbox 3453 4553 3642 4612; x_wconf 90' lang='lat' dir='ltr'>ullum</span> <span class='ocrx_word' id='word_1_732' title='bbox 3666 4573 3752 4612; x_wconf 89' lang='lat' dir='ltr'>ze-</span> 
     </span>
    </p>
   </div>
   <div class='ocr_carea' id='block_1_95' title="bbox 325 4635 1964 4720">
    <p class='ocr_par' dir='ltr' id='par_1_95' title="bbox 325 4635 1964 4720">
     <span class='ocr_line' id='line_1_95' title="bbox 325 4635 1964 4720; baseline 0.023 -54"><span class='ocrx_word' id='word_1_733' title='bbox 325 4641 588 4720; x_wconf 53' lang='grc' dir='ltr'>Ἑφραῖμ,</span> <span class='ocrx_word' id='word_1_734' title='bbox 618 4639 710 4695; x_wconf 80' lang='grc' dir='ltr'>καὶ</span> <span class='ocrx_word' id='word_1_735' title='bbox 766 4659 894 4701; x_wconf 88' lang='grc' dir='ltr'>τους</span> <span class='ocrx_word' id='word_1_736' title='bbox 945 4635 1379 4713; x_wconf 84' lang='grc' dir='ltr'>διεσπαρμένους</span> <span class='ocrx_word' id='word_1_737' title='bbox 1419 4644 1518 4694; x_wconf 89' lang='grc' dir='ltr'>τοῦ</span> <span class='ocrx_word' id='word_1_738' title='bbox 1549 4638 1746 4714; x_wconf 85' lang='grc' dir='ltr'>Ἰούδα,</span> <span class='ocrx_word' id='word_1_739' title='bbox 1782 4641 1964 4705; x_wconf 57' lang='grc' dir='ltr'>οτίτινες</span> 
     </span>
    </p>
   </div>
   <div class='ocr_carea' id='block_1_96' title="bbox 2114 4635 3753 4720">
    <p class='ocr_par' dir='ltr' id='par_1_96' title="bbox 2117 4641 3753 4716">
     <span class='ocr_line' id='line_1_96' title="bbox 2117 4641 3753 4716; baseline 0 -16"><span class='ocrx_word' id='word_1_740' title='bbox 2117 4661 2214 4700; x_wconf 92' lang='lat' dir='ltr'>um</span> <span class='ocrx_word' id='word_1_741' title='bbox 2246 4641 2520 4714; x_wconf 84' lang='lat' dir='ltr'>Ephraim</span> <span class='ocrx_word' id='word_1_742' title='bbox 2553 4643 2755 4697; x_wconf 89' lang='lat' dir='ltr'>contra</span> <span class='ocrx_word' id='word_1_743' title='bbox 2785 4642 2955 4710; x_wconf 85' lang='lat' dir='ltr'>Juda,</span> <span class='ocrx_word' id='word_1_744' title='bbox 2985 4659 3092 4698; x_wconf 92' lang='lat' dir='ltr'>nec</span> <span class='ocrx_word' id='word_1_745' title='bbox 3123 4642 3380 4715; x_wconf 89' lang='lat' dir='ltr'>amplius</span> <span class='ocrx_word' id='word_1_746' title='bbox 3410 4659 3532 4713; x_wconf 89' lang='lat' dir='ltr'>eos,</span> <span class='ocrx_word' id='word_1_747' title='bbox 3553 4644 3654 4716; x_wconf 91' lang='lat' dir='ltr'>qui</span> <span class='ocrx_word' id='word_1_748' title='bbox 3685 4661 3753 4700; x_wconf 84' lang='lat' dir='ltr'>ex</span> 
     </span>
    </p>
   </div>
   <div class='ocr_carea' id='block_1_97' title="bbox 329 4721 1968 4804">
    <p class='ocr_par' dir='ltr' id='par_1_97' title="bbox 329 4721 1968 4804">
     <span class='ocr_line' id='line_1_97' title="bbox 329 4721 1968 4804; baseline -0.004 -17"><span class='ocrx_word' id='word_1_749' title='bbox 329 4731 434 4787; x_wconf 78' lang='grc' dir='ltr'>ὑπὸ</span> <span class='ocrx_word' id='word_1_750' title='bbox 462 4733 570 4785; x_wconf 90' lang='grc' dir='ltr'>τῶν</span> <span class='ocrx_word' id='word_1_751' title='bbox 604 4727 665 4783; x_wconf 82' lang='grc' dir='ltr'>ἐκ</span> <span class='ocrx_word' id='word_1_752' title='bbox 692 4726 1003 4802; x_wconf 83' lang='grc' dir='ltr'>σπέρματος</span> <span class='ocrx_word' id='word_1_753' title='bbox 1033 4721 1200 4782; x_wconf 80' lang='grc' dir='ltr'>Δαϐἰδ</span> <span class='ocrx_word' id='word_1_754' title='bbox 1234 4725 1648 4801; x_wconf 85' lang='grc' dir='ltr'>ἐπολιτεύοντο,</span> <span class='ocrx_word' id='word_1_755' title='bbox 1677 4731 1740 4784; x_wconf 84' lang='grc' dir='ltr'>τὸ</span> <span class='ocrx_word' id='word_1_756' title='bbox 1786 4733 1968 4804; x_wconf 61' lang='grc' dir='ltr'>μηκέτη</span> 
     </span>
    </p>
   </div>
   <div class='ocr_carea' id='block_1_98' title="bbox 2113 4721 3752 4804">
    <p class='ocr_par' dir='ltr' id='par_1_98' title="bbox 2113 4731 3752 4804">
     <span class='ocr_line' id='line_1_98' title="bbox 2113 4731 3752 4804; baseline 0.001 -17"><span class='ocrx_word' id='word_1_757' title='bbox 2113 4734 2249 4790; x_wconf 78' lang='lat' dir='ltr'>Iuda</span> <span class='ocrx_word' id='word_1_758' title='bbox 2291 4734 2454 4797; x_wconf 88' lang='lat' dir='ltr'>sunt,</span> <span class='ocrx_word' id='word_1_759' title='bbox 2483 4731 2684 4786; x_wconf 89' lang='lat' dir='ltr'>hostes</span> <span class='ocrx_word' id='word_1_760' title='bbox 2716 4747 2777 4786; x_wconf 89' lang='lat' dir='ltr'>se</span> <span class='ocrx_word' id='word_1_761' title='bbox 2809 4732 3194 4803; x_wconf 69' lang='lat' dir='ltr'>praestituros.</span> <span class='ocrx_word' id='word_1_762' title='bbox 3230 4733 3545 4804; x_wconf 88' lang='lat' dir='ltr'>Postquam</span> <span class='ocrx_word' id='word_1_763' title='bbox 3595 4732 3752 4788; x_wconf 92' lang='lat' dir='ltr'>enim</span> 
     </span>
    </p>
   </div>
   <div class='ocr_carea' id='block_1_99' title="bbox 329 4815 1968 4895">
    <p class='ocr_par' dir='ltr' id='par_1_99' title="bbox 329 4815 1968 4895">
     <span class='ocr_line' id='line_1_99' title="bbox 329 4815 1968 4895; baseline 0.001 -19"><span class='ocrx_word' id='word_1_764' title='bbox 329 4821 460 4876; x_wconf 72' lang='grc' dir='ltr'>εἶναι</span> <span class='ocrx_word' id='word_1_765' title='bbox 496 4816 668 4889; x_wconf 84' lang='grc' dir='ltr'>ζῆλον</span> <span class='ocrx_word' id='word_1_766' title='bbox 695 4821 796 4874; x_wconf 89' lang='grc' dir='ltr'>τοῦ</span> <span class='ocrx_word' id='word_1_767' title='bbox 823 4818 1064 4895; x_wconf 76' lang='grc' dir='ltr'>Ἐφραῒμ</span> <span class='ocrx_word' id='word_1_768' title='bbox 1084 4818 1220 4872; x_wconf 86' lang='grc' dir='ltr'>κατά</span> <span class='ocrx_word' id='word_1_769' title='bbox 1241 4820 1339 4873; x_wconf 91' lang='grc' dir='ltr'>τοῦ</span> <span class='ocrx_word' id='word_1_770' title='bbox 1372 4815 1574 4888; x_wconf 84' lang='grc' dir='ltr'>Ἰούδα,</span> <span class='ocrx_word' id='word_1_771' title='bbox 1599 4816 1748 4892; x_wconf 67' lang='grc' dir='ltr'>’μηδὲ</span> <span class='ocrx_word' id='word_1_772' title='bbox 1806 4821 1968 4877; x_wconf 57' lang='grc' dir='ltr'>ἀνύειη</span> 
     </span>
    </p>
   </div>
   <div class='ocr_carea' id='block_1_100' title="bbox 2117 4815 3756 4895">
    <p class='ocr_par' dir='ltr' id='par_1_100' title="bbox 2117 4818 3756 4894">
     <span class='ocr_line' id='line_1_100' title="bbox 2117 4818 3756 4894; baseline -0.002 -16"><span class='ocrx_word' id='word_1_773' title='bbox 2117 4826 2356 4878; x_wconf 57' lang='lat' dir='ltr'>tractum</span> <span class='ocrx_word' id='word_1_774' title='bbox 2388 4820 2564 4876; x_wconf 84' lang='lat' dir='ltr'>fuerit</span> <span class='ocrx_word' id='word_1_775' title='bbox 2613 4818 2847 4892; x_wconf 84' lang='lat' dir='ltr'>signum</span> <span class='ocrx_word' id='word_1_776' title='bbox 2901 4819 3246 4892; x_wconf 90' lang='lat' dir='ltr'>collectique</span> <span class='ocrx_word' id='word_1_777' title='bbox 3296 4821 3513 4876; x_wconf 85' lang='lat' dir='ltr'>fuerint</span> <span class='ocrx_word' id='word_1_778' title='bbox 3542 4819 3756 4894; x_wconf 88' lang='lat' dir='ltr'>perditi</span> 
     </span>
    </p>
   </div>
   <div class='ocr_carea' id='block_1_101' title="bbox 328 4903 1967 4984">
    <p class='ocr_par' dir='ltr' id='par_1_101' title="bbox 328 4903 1967 4984">
     <span class='ocr_line' id='line_1_101' title="bbox 328 4903 1967 4984; baseline -0.001 -19"><span class='ocrx_word' id='word_1_779' title='bbox 328 4905 407 4966; x_wconf 77' lang='grc' dir='ltr'>ἔτι</span> <span class='ocrx_word' id='word_1_780' title='bbox 435 4909 564 4972; x_wconf 83' lang='grc' dir='ltr'>τοὺς</span> <span class='ocrx_word' id='word_1_781' title='bbox 593 4911 690 4964; x_wconf 85' lang='grc' dir='ltr'>τοῦ</span> <span class='ocrx_word' id='word_1_782' title='bbox 720 4903 900 4964; x_wconf 85' lang='grc' dir='ltr'>Ἰούδα</span> <span class='ocrx_word' id='word_1_783' title='bbox 931 4905 1182 4983; x_wconf 80' lang='grc' dir='ltr'>ἐχθρούς.</span> <span class='ocrx_word' id='word_1_784' title='bbox 1215 4907 1366 4965; x_wconf 87' lang='grc' dir='ltr'>Μετά</span> <span class='ocrx_word' id='word_1_785' title='bbox 1395 4908 1496 4984; x_wconf 83' lang='grc' dir='ltr'>γὰρ</span> <span class='ocrx_word' id='word_1_786' title='bbox 1526 4908 1589 4963; x_wconf 83' lang='grc' dir='ltr'>τὸ</span> <span class='ocrx_word' id='word_1_787' title='bbox 1633 4909 1863 4984; x_wconf 79' lang='grc' dir='ltr'>ἀρθῆναι</span> <span class='ocrx_word' id='word_1_788' title='bbox 1922 4911 1967 4966; x_wconf 74' lang='grc' dir='ltr'>τὶ</span> 
     </span>
    </p>
   </div>
   <div class='ocr_carea' id='block_1_102' title="bbox 2118 4903 3757 4984">
    <p class='ocr_par' dir='ltr' id='par_1_102' title="bbox 2124 4909 3757 4984">
     <span class='ocr_line' id='line_1_102' title="bbox 2124 4909 3757 4984; baseline -0.001 -16"><span class='ocrx_word' id='word_1_789' title='bbox 2124 4911 2296 4982; x_wconf 87' lang='lat' dir='ltr'>srael,</span> <span class='ocrx_word' id='word_1_790' title='bbox 2324 4909 2424 4981; x_wconf 89' lang='lat' dir='ltr'>qui</span> <span class='ocrx_word' id='word_1_791' title='bbox 2455 4909 2673 4966; x_wconf 88' lang='lat' dir='ltr'>dicitur</span> <span class='ocrx_word' id='word_1_792' title='bbox 2701 4909 3002 4982; x_wconf 89' lang='lat' dir='ltr'>Ephraim,</span> <span class='ocrx_word' id='word_1_793' title='bbox 3029 4911 3366 4984; x_wconf 85' lang='lat' dir='ltr'>congregati</span> <span class='ocrx_word' id='word_1_794' title='bbox 3398 4909 3600 4968; x_wconf 90' lang='lat' dir='ltr'>itidem</span> <span class='ocrx_word' id='word_1_795' title='bbox 3632 4912 3757 4967; x_wconf 80' lang='lat' dir='ltr'>fue-</span> 
     </span>
    </p>
   </div>
   <div class='ocr_carea' id='block_1_103' title="bbox 408 5079 2047 5155">
    <p class='ocr_par' dir='ltr' id='par_1_103' title="bbox 408 5079 2047 5155">
     <span class='ocr_line' id='line_1_103' title="bbox 408 5079 2047 5155; baseline 0 -17"><span class='ocrx_word' id='word_1_796' title='bbox 408 5082 453 5118; x_wconf 67' lang='lat'><strong>‘5</strong></span> <span class='ocrx_word' id='word_1_797' title='bbox 483 5082 617 5138; x_wconf 88' lang='lat' dir='ltr'>Luc.</span> <span class='ocrx_word' id='word_1_798' title='bbox 648 5097 767 5148; x_wconf 79' lang='lat' dir='ltr'>xxx,</span> <span class='ocrx_word' id='word_1_799' title='bbox 803 5081 889 5136; x_wconf 83' lang='lat'>10.</span> <span class='ocrx_word' id='word_1_800' title='bbox 971 5079 1014 5115; x_wconf 76' lang='lat'>“</span> <span class='ocrx_word' id='word_1_801' title='bbox 1043 5080 1249 5137; x_wconf 86' lang='lat' dir='ltr'>Matth.</span> <span class='ocrx_word' id='word_1_802' title='bbox 1283 5097 1436 5148; x_wconf 70' lang='lat' dir='ltr'>xxxv,</span> <span class='ocrx_word' id='word_1_803' title='bbox 1470 5081 1559 5138; x_wconf 92' lang='lat'>30.</span> <span class='ocrx_word' id='word_1_804' title='bbox 1637 5082 1678 5116; x_wconf 76' lang='lat'>‘7</span> <span class='ocrx_word' id='word_1_805' title='bbox 1712 5081 1903 5141; x_wconf 86' lang='lat' dir='ltr'>Galat.</span> <span class='ocrx_word' id='word_1_806' title='bbox 1933 5099 2011 5155; x_wconf 72' lang='lat' dir='ltr'>vn,</span> <span class='ocrx_word' id='word_1_807' title='bbox 2045 5105 2047 5111; x_wconf 57' lang='grc' dir='ltr'><strong><em>λ</em></strong></span> 
     </span>
    </p>
   </div>
   <div class='ocr_carea' id='block_1_104' title="bbox 1656 5079 3295 5155">
    <p class='ocr_par' dir='ltr' id='par_1_104' title="bbox 1656 5081 3295 5155">
     <span class='ocr_line' id='line_1_104' title="bbox 1656 5081 3295 5155; baseline -0.001 -16"><span class='ocrx_word' id='word_1_808' title='bbox 1656 5082 1678 5116; x_wconf 64' lang='grc'>’⁷</span> <span class='ocrx_word' id='word_1_809' title='bbox 1712 5081 1903 5141; x_wconf 86' lang='lat' dir='ltr'>Galat.</span> <span class='ocrx_word' id='word_1_810' title='bbox 1933 5099 2011 5155; x_wconf 71' lang='lat' dir='ltr'>vn,</span> <span class='ocrx_word' id='word_1_811' title='bbox 2045 5083 2132 5139; x_wconf 88' lang='grc'>14.</span> <span class='ocrx_word' id='word_1_812' title='bbox 2209 5082 2253 5117; x_wconf 69' lang='grc'>⁸⁸</span> <span class='ocrx_word' id='word_1_813' title='bbox 2282 5081 2506 5138; x_wconf 81' lang='lat' dir='ltr'>Coloss.</span> <span class='ocrx_word' id='word_1_814' title='bbox 2539 5097 2602 5150; x_wconf 80' lang='grc' dir='ltr'>ιι,</span> <span class='ocrx_word' id='word_1_815' title='bbox 2636 5081 2724 5135; x_wconf 91' lang='grc'>15.</span> <span class='ocrx_word' id='word_1_816' title='bbox 2799 5083 2845 5116; x_wconf 68' lang='grc'>⁸9</span> <span class='ocrx_word' id='word_1_817' title='bbox 2873 5081 3060 5138; x_wconf 85' lang='lat' dir='ltr'>Galat.</span> <span class='ocrx_word' id='word_1_818' title='bbox 3095 5099 3173 5150; x_wconf 78' lang='lat' dir='ltr'>vi,</span> <span class='ocrx_word' id='word_1_819' title='bbox 3209 5083 3295 5138; x_wconf 94' lang='grc'>11.</span> 
     </span>
    </p>
   </div>
   <div class='ocr_carea' id='block_1_105' title="bbox 431 5249 3768 5322">
    <p class='ocr_par' dir='ltr' id='par_1_105' title="bbox 431 5249 3768 5322">
     <span class='ocr_line' id='line_1_105' title="bbox 431 5249 3768 5322; baseline 0.001 -17"><span class='ocrx_word' id='word_1_820' title='bbox 431 5251 523 5322; x_wconf 85' lang='grc'>61)</span> <span class='ocrx_word' id='word_1_821' title='bbox 553 5251 794 5308; x_wconf 88' lang='lat' dir='ltr'>Veteres</span> <span class='ocrx_word' id='word_1_822' title='bbox 823 5249 1232 5322; x_wconf 83' lang='lat' dir='ltr'>aliquotlibri,</span> <span class='ocrx_word' id='word_1_823' title='bbox 1263 5269 1349 5305; x_wconf 90' lang='grc' dir='ltr'>το.</span> <span class='ocrx_word' id='word_1_824' title='bbox 1517 5289 1519 5292; x_wconf 60' lang='grc'>‹</span> <span class='ocrx_word' id='word_1_825' title='bbox 1860 5320 1869 5322; x_wconf 15' lang='grc' dir='ltr'>μ</span> <span class='ocrx_word' id='word_1_826' title='bbox 1900 5320 1909 5322; x_wconf 15' lang='grc' dir='ltr'>μ</span> <span class='ocrx_word' id='word_1_827' title='bbox 2109 5252 2232 5308; x_wconf 90' lang='lat' dir='ltr'>nati</span> <span class='ocrx_word' id='word_1_828' title='bbox 2262 5268 2492 5308; x_wconf 90' lang='lat' dir='ltr'>sumus.</span> <span class='ocrx_word' id='word_1_829' title='bbox 2529 5252 2644 5306; x_wconf 86' lang='lat' dir='ltr'>Hoc</span> <span class='ocrx_word' id='word_1_830' title='bbox 2675 5250 2855 5318; x_wconf 90' lang='lat' dir='ltr'>enim,</span> <span class='ocrx_word' id='word_1_831' title='bbox 2878 5255 2943 5306; x_wconf 89' lang='lat' dir='ltr'>ut</span> <span class='ocrx_word' id='word_1_832' title='bbox 2972 5250 3142 5306; x_wconf 90' lang='lat' dir='ltr'>nobis</span> <span class='ocrx_word' id='word_1_833' title='bbox 3173 5251 3422 5322; x_wconf 88' lang='lat' dir='ltr'>videtur,</span> <span class='ocrx_word' id='word_1_834' title='bbox 3456 5251 3599 5308; x_wconf 91' lang='lat' dir='ltr'>dicit</span> <span class='ocrx_word' id='word_1_835' title='bbox 3623 5253 3768 5308; x_wconf 89' lang='lat' dir='ltr'>scri-</span> 
     </span>
    </p>
   </div>
   <div class='ocr_carea' id='block_1_106' title="bbox 433 5319 2072 5407">
    <p class='ocr_par' dir='ltr' id='par_1_106' title="bbox 433 5319 1994 5395">
     <span class='ocr_line' id='line_1_106' title="bbox 433 5319 1994 5395; baseline 0.001 -19"><span class='ocrx_word' id='word_1_836' title='bbox 433 5319 528 5390; x_wconf 84' lang='lat'>62)</span> <span class='ocrx_word' id='word_1_837' title='bbox 553 5323 728 5394; x_wconf 76' lang='lat' dir='ltr'>Editi,</span> <span class='ocrx_word' id='word_1_838' title='bbox 779 5322 831 5374; x_wconf 73' lang='grc' dir='ltr'>οἱ</span> <span class='ocrx_word' id='word_1_839' title='bbox 891 5319 1258 5395; x_wconf 75' lang='grc' dir='ltr'>ἀπολόμενοι.</span> <span class='ocrx_word' id='word_1_840' title='bbox 1320 5325 1389 5377; x_wconf 86' lang='lat' dir='ltr'>At</span> <span class='ocrx_word' id='word_1_841' title='bbox 1427 5338 1597 5395; x_wconf 63' lang='lat' dir='ltr'>mss,</span> <span class='ocrx_word' id='word_1_842' title='bbox 1645 5323 1696 5376; x_wconf 67' lang='lat' dir='ltr'>ot</span> <span class='ocrx_word' id='word_1_843' title='bbox 1748 5320 1994 5377; x_wconf 85' lang='grc' dir='ltr'>ἀπολλύ-</span> 
     </span>
    </p>
   </div>
   <div class='ocr_carea' id='block_1_107' title="bbox 2130 5319 3769 5407">
    <p class='ocr_par' dir='ltr' id='par_1_107' title="bbox 2130 5319 3769 5407">
     <span class='ocr_line' id='line_1_107' title="bbox 2130 5319 3769 5407; baseline 0.001 -28"><span class='ocrx_word' id='word_1_844' title='bbox 2130 5329 2264 5407; x_wconf 58' lang='grc' dir='ltr'>ριοιν,</span> <span class='ocrx_word' id='word_1_845' title='bbox 2281 5328 2418 5379; x_wconf 87' lang='lat' dir='ltr'>ante</span> <span class='ocrx_word' id='word_1_846' title='bbox 2440 5323 2697 5395; x_wconf 89' lang='lat' dir='ltr'>ligneam</span> <span class='ocrx_word' id='word_1_847' title='bbox 2726 5339 2959 5407; x_wconf 78' lang='lat' dir='ltr'>crucem</span> <span class='ocrx_word' id='word_1_848' title='bbox 2992 5323 3173 5407; x_wconf 76' lang='lat' dir='ltr'>fuisse</span> <span class='ocrx_word' id='word_1_849' title='bbox 3195 5323 3371 5380; x_wconf 79' lang='lat' dir='ltr'>aliam</span> <span class='ocrx_word' id='word_1_850' title='bbox 3396 5319 3627 5380; x_wconf 86' lang='lat' dir='ltr'>crucem</span> <span class='ocrx_word' id='word_1_851' title='bbox 3649 5343 3769 5399; x_wconf 84' lang='lat' dir='ltr'>my-</span> 
     </span>
    </p>
   </div>
   <div class='ocr_carea' id='block_1_108' title="bbox 344 5395 3776 5541">
    <p class='ocr_par' dir='ltr' id='par_1_108' title="bbox 344 5395 3776 5541">
     <span class='ocr_line' id='line_1_108' title="bbox 344 5395 3776 5468; baseline 0.002 -20"><span class='ocrx_word' id='word_1_852' title='bbox 344 5411 516 5468; x_wconf 84' lang='grc' dir='ltr'>μενοι.</span> <span class='ocrx_word' id='word_1_853' title='bbox 2114 5395 2494 5466; x_wconf 73' lang='lat' dir='ltr'>sticam,quae</span> <span class='ocrx_word' id='word_1_854' title='bbox 2520 5412 2620 5466; x_wconf 88' lang='lat' dir='ltr'>per</span> <span class='ocrx_word' id='word_1_855' title='bbox 2646 5400 2898 5467; x_wconf 87' lang='lat' dir='ltr'>quatuor</span> <span class='ocrx_word' id='word_1_856' title='bbox 2921 5395 3126 5449; x_wconf 89' lang='lat' dir='ltr'>mundi</span> <span class='ocrx_word' id='word_1_857' title='bbox 3145 5405 3340 5466; x_wconf 86' lang='lat' dir='ltr'>partes</span> <span class='ocrx_word' id='word_1_858' title='bbox 3357 5395 3776 5464; x_wconf 70' lang='lat' dir='ltr'>repraesentata</span> 
     </span>
     <span class='ocr_line' id='line_1_109' title="bbox 418 5462 3772 5541; baseline 0.001 -21"><span class='ocrx_word' id='word_1_859' title='bbox 418 5465 532 5536; x_wconf 84' lang='lat'>(63)</span> <span class='ocrx_word' id='word_1_860' title='bbox 565 5467 728 5541; x_wconf 77' lang='lat' dir='ltr'>Unus</span> <span class='ocrx_word' id='word_1_861' title='bbox 759 5465 941 5520; x_wconf 87' lang='lat' dir='ltr'>codex</span> <span class='ocrx_word' id='word_1_862' title='bbox 971 5481 1104 5522; x_wconf 89' lang='lat' dir='ltr'>cum</span> <span class='ocrx_word' id='word_1_863' title='bbox 1144 5465 1340 5533; x_wconf 89' lang='lat' dir='ltr'>editis,</span> <span class='ocrx_word' id='word_1_864' title='bbox 1375 5462 1546 5520; x_wconf 87' lang='grc' dir='ltr'>Διότι.</span> <span class='ocrx_word' id='word_1_865' title='bbox 1586 5465 1695 5521; x_wconf 83' lang='lat' dir='ltr'>Alii</span> <span class='ocrx_word' id='word_1_866' title='bbox 1745 5467 2006 5539; x_wconf 89' lang='lat' dir='ltr'>quinque</span> <span class='ocrx_word' id='word_1_867' title='bbox 2118 5471 2196 5525; x_wconf 87' lang='lat' dir='ltr'>sit</span> <span class='ocrx_word' id='word_1_868' title='bbox 2225 5474 2284 5523; x_wconf 89' lang='lat' dir='ltr'>et</span> <span class='ocrx_word' id='word_1_869' title='bbox 2314 5467 2850 5541; x_wconf 28' lang='lat' dir='ltr'>adumbratasstad,</span> <span class='ocrx_word' id='word_1_870' title='bbox 2885 5472 2950 5541; x_wconf 84' lang='lat' dir='ltr'>ut</span> <span class='ocrx_word' id='word_1_871' title='bbox 2979 5483 3178 5521; x_wconf 88' lang='lat' dir='ltr'>verum</span> <span class='ocrx_word' id='word_1_872' title='bbox 3223 5469 3425 5541; x_wconf 83' lang='lat' dir='ltr'>fatear,</span> <span class='ocrx_word' id='word_1_873' title='bbox 3459 5469 3772 5541; x_wconf 79' lang='lat' dir='ltr'>mysticam</span> 
     </span>
    </p>
   </div>
   <div class='ocr_carea' id='block_1_109' title="bbox 344 5532 3775 5616">
    <p class='ocr_par' dir='ltr' id='par_1_109' title="bbox 344 5532 3775 5616">
     <span class='ocr_line' id='line_1_110' title="bbox 344 5532 3775 5616; baseline -0.001 -14"><span class='ocrx_word' id='word_1_874' title='bbox 344 5532 526 5616; x_wconf 34' lang='lat'>1113191.:</span> <span class='ocrx_word' id='word_1_875' title='bbox 554 5532 728 5616; x_wconf 64' lang='grc' dir='ltr'>ῥξςῑτί·</span> <span class='ocrx_word' id='word_1_876' title='bbox 806 5605 859 5616; x_wconf 51' lang='grc' dir='ltr'>η</span> <span class='ocrx_word' id='word_1_877' title='bbox 955 5605 975 5616; x_wconf 81' lang='lat'>_</span> <span class='ocrx_word' id='word_1_878' title='bbox 1017 5607 1041 5616; x_wconf 51' lang='grc' dir='ltr'><strong>η</strong></span> <span class='ocrx_word' id='word_1_879' title='bbox 1209 5608 1221 5616; x_wconf 85' lang='lat'><em>_</em></span> <span class='ocrx_word' id='word_1_880' title='bbox 1326 5532 1369 5616; x_wconf 10' lang='lat' dir='ltr'>in</span> <span class='ocrx_word' id='word_1_881' title='bbox 1467 5613 1475 5616; x_wconf 90' lang='lat'>_</span> <span class='ocrx_word' id='word_1_882' title='bbox 1636 5612 1645 5616; x_wconf 89' lang='lat'>_</span> <span class='ocrx_word' id='word_1_883' title='bbox 1761 5532 1779 5538; x_wconf 71' lang='grc'><strong>’</strong></span> <span class='ocrx_word' id='word_1_884' title='bbox 2119 5542 2273 5616; x_wconf 79' lang='lat' dir='ltr'>hanc</span> <span class='ocrx_word' id='word_1_885' title='bbox 2315 5539 2742 5616; x_wconf 75' lang='lat' dir='ltr'>interpretandi</span> <span class='ocrx_word' id='word_1_886' title='bbox 2793 5532 3077 5594; x_wconf 84' lang='lat' dir='ltr'>rationem</span> <span class='ocrx_word' id='word_1_887' title='bbox 3119 5532 3543 5611; x_wconf 25' lang='lat' dir='ltr'>suspicor—non&quot;</span> <span class='ocrx_word' id='word_1_888' title='bbox 3568 5542 3775 5600; x_wconf 86' lang='lat' dir='ltr'>multis</span> 
     </span>
    </p>
   </div>
   <div class='ocr_carea' id='block_1_110' title="bbox 421 5605 2060 5689">
    <p class='ocr_par' dir='ltr' id='par_1_110' title="bbox 421 5605 2011 5689">
     <span class='ocr_line' id='line_1_111' title="bbox 421 5605 2011 5689; baseline 0.003 -27"><span class='ocrx_word' id='word_1_889' title='bbox 421 5609 548 5689; x_wconf 70' lang='lat'>(64)_</span> <span class='ocrx_word' id='word_1_890' title='bbox 568 5607 672 5664; x_wconf 82' lang='lat' dir='ltr'>His</span> <span class='ocrx_word' id='word_1_891' title='bbox 701 5605 919 5673; x_wconf 89' lang='lat' dir='ltr'>verbis,</span> <span class='ocrx_word' id='word_1_892' title='bbox 948 5605 982 5673; x_wconf 84' lang='grc' dir='ltr'>ἢ</span> <span class='ocrx_word' id='word_1_893' title='bbox 1013 5607 1096 5689; x_wconf 77' lang='grc' dir='ltr'>ὅτι</span> <span class='ocrx_word' id='word_1_894' title='bbox 1125 5608 1232 5681; x_wconf 85' lang='grc' dir='ltr'>πρὸ</span> <span class='ocrx_word' id='word_1_895' title='bbox 1276 5611 1394 5689; x_wconf 73' lang='grc' dir='ltr'>τοῦ,</span> <span class='ocrx_word' id='word_1_896' title='bbox 1426 5613 1562 5689; x_wconf 77' lang='lat' dir='ltr'>etc.,</span> <span class='ocrx_word' id='word_1_897' title='bbox 1594 5612 1710 5665; x_wconf 83' lang='lat' dir='ltr'>sive</span> <span class='ocrx_word' id='word_1_898' title='bbox 1733 5613 2011 5689; x_wconf 56' lang='lat' dir='ltr'>quoniam</span> 
     </span>
    </p>
   </div>
   <div class='ocr_carea' id='block_1_111' title="bbox 916 5605 2555 5689">
    <p class='ocr_par' dir='ltr' id='par_1_111' title="bbox 916 5605 2555 5689">
     <span class='ocr_line' id='line_1_112' title="bbox 916 5605 2555 5689; baseline 0.005 -30"><span class='ocrx_word' id='word_1_899' title='bbox 916 5653 919 5667; x_wconf 88' lang='grc'>,</span> <span class='ocrx_word' id='word_1_900' title='bbox 948 5605 982 5673; x_wconf 84' lang='grc' dir='ltr'>ἢ</span> <span class='ocrx_word' id='word_1_901' title='bbox 1013 5607 1096 5689; x_wconf 77' lang='grc' dir='ltr'>ὅτι</span> <span class='ocrx_word' id='word_1_902' title='bbox 1125 5608 1232 5681; x_wconf 85' lang='grc' dir='ltr'>πρὸ</span> <span class='ocrx_word' id='word_1_903' title='bbox 1276 5611 1394 5689; x_wconf 73' lang='grc' dir='ltr'>τοῦ,</span> <span class='ocrx_word' id='word_1_904' title='bbox 1426 5613 1562 5689; x_wconf 77' lang='lat' dir='ltr'>etc.,</span> <span class='ocrx_word' id='word_1_905' title='bbox 1594 5612 1710 5665; x_wconf 84' lang='lat' dir='ltr'>sive</span> <span class='ocrx_word' id='word_1_906' title='bbox 1733 5613 2011 5689; x_wconf 74' lang='lat' dir='ltr'>_quon_iam</span> <span class='ocrx_word' id='word_1_907' title='bbox 2120 5613 2432 5689; x_wconf 56' lang='lat' dir='ltr'>probatum</span> <span class='ocrx_word' id='word_1_908' title='bbox 2459 5605 2555 5689; x_wconf 69' lang='lat' dir='ltr'>iri.</span> 
     </span>
    </p>
   </div>
   <div class='ocr_carea' id='block_1_112' title="bbox 348 5652 3627 5758">
    <p class='ocr_par' dir='ltr' id='par_1_112' title="bbox 348 5652 3627 5758">
     <span class='ocr_line' id='line_1_113' title="bbox 348 5652 3627 5758; baseline 0.002 -22"><span class='ocrx_word' id='word_1_909' title='bbox 348 5652 478 5738; x_wconf 48' lang='lat' dir='ltr'>male</span> <span class='ocrx_word' id='word_1_910' title='bbox 506 5652 1015 5758; x_wconf 52' lang='lat' dir='ltr'>l’ignehmerueern,</span> <span class='ocrx_word' id='word_1_911' title='bbox 1038 5652 1296 5758; x_wconf 54' lang='lat' dir='ltr'>e_tc.,rsua</span> <span class='ocrx_word' id='word_1_912' title='bbox 1326 5652 2011 5758; x_wconf 51' lang='lat' dir='ltr'>isinFOlsééHqiiﬁfs&#39;é&#39;ﬁi</span> <span class='ocrx_word' id='word_1_913' title='bbox 2652 5679 2704 5737; x_wconf 74' lang='lat' dir='ltr'>tv</span> <span class='ocrx_word' id='word_1_914' title='bbox 2736 5697 2804 5741; x_wconf 87' lang='lat' dir='ltr'>ex</span> <span class='ocrx_word' id='word_1_915' title='bbox 2837 5680 3059 5758; x_wconf 88' lang='lat' dir='ltr'>aliquot</span> <span class='ocrx_word' id='word_1_916' title='bbox 3090 5699 3236 5743; x_wconf 81' lang='lat' dir='ltr'>mss.</span> <span class='ocrx_word' id='word_1_917' title='bbox 3270 5683 3627 5744; x_wconf 83' lang='lat' dir='ltr'>addidimus.</span> 
     </span>
    </p>
   </div>
   <div class='ocr_carea' id='block_1_113' title="bbox 353 5751 2013 5830">
    <p class='ocr_par' dir='ltr' id='par_1_113' title="bbox 353 5751 2013 5830">
     <span class='ocr_line' id='line_1_114' title="bbox 353 5751 2013 5830; baseline 0.001 -18"><span class='ocrx_word' id='word_1_918' title='bbox 353 5769 489 5813; x_wconf 81' lang='lat' dir='ltr'>sum</span> <span class='ocrx_word' id='word_1_919' title='bbox 519 5751 728 5813; x_wconf 79' lang='lat' dir='ltr'>eorum</span> <span class='ocrx_word' id='word_1_920' title='bbox 760 5752 821 5811; x_wconf 89' lang='lat' dir='ltr'>in</span> <span class='ocrx_word' id='word_1_921' title='bbox 850 5755 1052 5811; x_wconf 87' lang='lat' dir='ltr'>nostra</span> <span class='ocrx_word' id='word_1_922' title='bbox 1067 5751 1545 5825; x_wconf 83' lang='lat' dir='ltr'>interpretatione</span> <span class='ocrx_word' id='word_1_923' title='bbox 1567 5753 1895 5830; x_wconf 83' lang='lat' dir='ltr'>exprimere</span> <span class='ocrx_word' id='word_1_924' title='bbox 1918 5771 2013 5814; x_wconf 88' lang='lat' dir='ltr'>co-</span> 
     </span>
    </p>
   </div>
  </div>
