4150 6372
368 357 492 418 559

1327 347 1724 411 APPENDIX
1767 345 2092 408 OPEHOM
2140 349 2208 407 S.
2253 346 2537 408 BASILII
2579 345 2856 411 MAGNI.

3677 351 3799 412 560

373 486 494 543 rint
551 484 804 557 dispersi
859 485 1012 540 Juda
1061 483 1258 554 (Vs-as.
1308 483 1393 552 13)
1449 498 1462 537 :
1524 481 1820 550 Auferetur
1873 477 2025 532 zelus

2141 479 2393 547 σημεῖον,
2426 475 2516 530 καὶ
2562 479 2895 552 συναχθῆναι
2945 475 3076 539 τοὺς
3123 475 3504 550 ἀπολομένους
3551 481 3650 533 τοῦ
3695 480 3796 536 Ἰσ-

371 574 662 646 Ephraim,
695 582 746 630 et
775 574 998 629 inimici
1022 572 1167 628 Juda
1194 572 1482 643 peribunt.

2141 563 2306 639 ραὴλ,
2341 565 2488 629 ὅστις
2519 564 2729 641 λέγεται
2766 568 3026 644 Ἐφραῒμ,
3059 567 3391 642 συναχθῆναι
3423 564 3481 622 δὲ
3531 567 3621 622 καὶ
3669 568 3800 632 τοὺς

377 659 894 738 διεσκορπισμένους
972 665 1068 714 τοῦ
1129 657 1346 718 Ἰούδα’
1411 657 1858 732 ’Δφαιρεθήσεται
1913 655 1940 708 6
1999 653 2166 722 ζῆλος
2241 658 2336 708 τοῦ
2396 655 2676 732 Ἐφραὶμ,
2732 657 2823 711 καὶ
2889 654 2939 709 οἱ
2993 654 3184 731 ἐχθροὶ
3257 660 3355 710 τοῦ
3404 654 3584 714 Ἰούδα
3659 659 3801 714 ἁπο-

377 752 625 808 λοῦνται.

446 845 572 898 250.
632 841 870 897 Noveris
929 845 1122 898 autem
1194 839 1472 896 Israelem
1534 837 1647 893 diei
1715 836 2035 908 perditum,

375 934 590 990 Judam
640 947 773 986 vero
826 930 1186 1002 dispersum.
1240 934 1514 984 Attamen
1568 925 2038 1000 perturbationes

376 1022 542 1094 prius
573 1021 644 1075 ob
667 1020 1100 1076 contentionem
1127 1023 1185 1075 et
1217 1020 1564 1075 seditionem
1595 1017 1652 1071 in
1675 1015 1794 1071 vita
1825 1014 2040 1069 invale-

377 1114 630 1178 soentes,
662 1109 1014 1165 auferuntur
1045 1125 1150 1180 per
1173 1108 1544 1164 concordiam
1580 1123 1613 1161 a
1642 1104 1873 1160 Christo
1905 1103 2043 1159 alla-

375 1205 498 1256 tam
532 1214 545 1254 :
582 1198 682 1271 qui
715 1215 843 1269 quas
873 1197 935 1253 in
967 1201 1144 1266 terra,
1179 1201 1237 1252 et
1267 1213 1393 1268 quae
1427 1197 1485 1252 in
1518 1202 1660 1251 coelo
1695 1198 1854 1264 sunt,
1878 1192 2042 1264 paci-

376 1289 534 1358 ficat,
557 1292 735 1360 atque
779 1287 838 1342 in
873 1304 934 1344 se
963 1287 1093 1360 ipso
1123 1287 1323 1342 omnia
1370 1283 1793 1342 reconciliat”.
1817 1283 1901 1338 Ob
1931 1281 2042 1336 hoe

375 1378 559 1450 igitur
604 1378 881 1449 Ephraim
938 1393 1048 1432 non
1097 1377 1453 1432 mmulabitur
1503 1374 1723 1442 ludam,
1767 1377 1820 1428 et
1872 1371 2044 1428 ludas

378 1483 493 1524 uon
520 1467 764 1539 amplius
801 1465 1108 1523 tribulabit
1149 1465 1424 1537 Ephraim
1456 1483 1472 1518 :
1508 1463 1782 1535 quoniam
1817 1462 2041 1530 odium,

381 1573 497 1630 quo
529 1572 592 1614 se
641 1556 891 1612 invicem
945 1555 1480 1628 prosequebantur,
1513 1551 1840 1624 disperibit.
1874 1549 2045 1606 Zelus

381 1647 536 1704 enim
565 1646 799 1702 videtur
842 1644 1095 1702 maxime
1129 1643 1497 1700 occasionem
1533 1640 1738 1697 multis
1787 1639 2043 1712 praebere

381 1734 728 1792 inimicitias
758 1734 912 1790 inter
937 1751 999 1791 se
1029 1732 1292 1806 gerendi.
1317 1732 1482 1809 Nune
1507 1735 1702 1786 autem
1732 1727 1893 1786 zelus
1924 1745 2041 1784 non

387 1826 678 1882 bonorum
701 1821 1137 1890 aemulatio,sed
1165 1821 1404 1887 invidia,
1424 1837 1551 1892 quae
1573 1819 1645 1876 ob
1673 1818 1924 1874 aliorum
1947 1833 2040 1873 res

385 1913 678 1971 secundas
710 1916 849 1968 nata
868 1916 980 1982 est,
1003 1929 1038 1968 a
1065 1911 1366 1984 Scriptura
1387 1913 1644 1966 vocatur.
1668 1908 1832 1964 Tune
1863 1905 2041 1979 igitur

386 2003 705 2059 concordes
761 2001 899 2057 facti
945 2001 1154 2071 (Vana.
1206 2001 1316 2070 14),
1372 1999 1638 2056 Volabant
1691 1999 1754 2052 in
1807 1997 2040 2052 navibus

383 2091 856 2161 alienigenarum,
912 2107 1068 2146 mare
1112 2090 1285 2146 simul
1325 2088 1750 2160 praedabantur.
1792 2085 2040 2142 Pulchre

385 2181 621 2239 nomine
653 2180 832 2236 maris
859 2179 1147 2252 expressit
1176 2195 1296 2248 eos,
1321 2179 1423 2251 qui
1455 2177 1732 2249 navigant
1752 2175 2035 2242 celeriter,

383 2275 546 2328 motu
595 2286 797 2328 eorum
837 2285 972 2325 eum
1032 2269 1124 2324 ala
1179 2268 1421 2338 collato;
1457 2284 1592 2323 eum
1640 2265 1866 2322 scilicet
1913 2263 2037 2320 velo

379 2360 552 2434 pleno
584 2376 687 2432 per
718 2375 878 2415 mare
922 2359 1314 2429 advehuntur,
1339 2361 1512 2413 vento
1543 2358 1933 2428 congruenter
1963 2354 2035 2410 ad

377 2449 625 2522 puppim
656 2448 971 2520 aspirante.
1011 2448 1351 2504 Praedantur
1390 2450 1588 2502 autem
1621 2461 1803 2511 mare,
1829 2445 2033 2500 draco-

377 2540 472 2596 nis
497 2542 556 2595 et
575 2537 826 2594 aliorum
858 2537 908 2592 ei
940 2537 1342 2608 subjectorum
1362 2535 1610 2590 victores
1631 2533 1819 2590 effecti
1847 2549 1858 2588 :
1885 2549 2034 2604 quos

375 2626 594 2684 Christi
627 2625 893 2698 Apostoli
935 2626 1006 2680 ad
1040 2624 1300 2680 veritatis
1332 2623 1689 2696 agnitionem
1717 2621 2033 2678 translatos

365 2717 504 2788 jure
525 2714 748 2788 optimo
769 2713 1092 2786 deprzsdari
1122 2730 1188 2768 ac
1211 2713 1462 2785 diripere
1485 2711 1755 2767 dicantur
1779 2728 1792 2767 :
1816 2711 2034 2784 quippe

373 2804 476 2878 qui
507 2803 698 2878 spolia
727 2802 888 2874 prius
910 2819 1187 2874 possessa
1216 2802 1288 2858 ab
1309 2818 1376 2858 eo
1401 2801 1501 2874 qui
1524 2801 1824 2856 hominem
1851 2800 2032 2872 capti-

369 2911 512 2951 vum
543 2895 885 2964 abduxerat,
916 2892 1098 2949 veluti
1141 2910 1249 2950 sua
1281 2893 1526 2949 faciunt.
1560 2891 1669 2946 Sed
1714 2891 1896 2947 maris
1928 2908 2030 2947 no-

372 2984 531 3042 mine
559 3001 668 3057 par
697 2987 787 3040 est
816 2982 1064 3055 intelligi
1105 2981 1300 3038 locum
1332 2981 1733 3038 afflictationis
1764 2986 1821 3036 et
1851 2981 2032 3036 mise-

2215 835 2340 888 250.
2376 832 2660 908 Κατάμαθε
2720 832 2797 904 δὶ,
2830 833 2912 890 ὅτι
2972 836 3000 889 6
3063 835 3155 906 μὶν
3189 833 3410 910 Ἰσραὴλ
3444 833 3800 893 ἀπολωλέναι

2148 921 2379 997 λέγεται,
2416 925 2444 978 6
2476 922 2532 978 δὲ
2565 921 2771 988 Ἰούδας
2799 921 3140 998 διεσπάρθαι.
3172 922 3324 993 Πλὴν
3377 922 3523 980 ἀλλά
3576 931 3647 1001 τῇ
3706 949 3804 983 κα-

2147 1012 2214 1066 τὰ
2267 1014 2495 1086 Χριστὸν
2553 1013 2841 1090 συμφωνίᾳ
2896 1017 2993 1068 τοῦ
3053 1012 3532 1088 εἷρηνοποιοῦντος
3588 1016 3658 1070 τά
3688 1020 3798 1092 (66)

2150 1100 2237 1155 ἐπὶ
2268 1107 2367 1170 τῆς
2395 1109 2522 1175 γῆς,
2554 1101 2642 1157 καὶ
2675 1102 2740 1158 τὰ
2770 1103 2823 1158 ἐν
2855 1103 3090 1178 οὐρανῷ,
3122 1102 3210 1157 καὶ
3241 1102 3295 1158 ἐν
3328 1103 3477 1176 αὐτῷ
3505 1104 3574 1160 τὰ
3629 1108 3805 1162 πάντα

2151 1189 2760 1262 ἀποκαταλλάσσοντος,
2805 1192 3106 1266 ἀναιρεῖται
3175 1193 3242 1248 τὰ
3286 1192 3432 1264 πάθη
3485 1192 3550 1249 τὰ
3607 1195 3808 1272 πρότε-

2153 1299 2244 1353 ρον
2300 1278 2360 1334 ἐκ
2417 1279 2753 1355 φιλονεικίας
2803 1281 2892 1336 καὶ
2956 1278 3282 1346 διαστάσεως
3355 1279 3802 1340 ένδυναστεύοντα

2150 1373 2229 1441 τῷ
2289 1370 2411 1446 βίῳ.
2473 1371 2570 1425 Διά
2625 1375 2787 1426 τοῦτο
2845 1369 2935 1426 οῦν
2987 1371 3231 1449 Ἐφραὶμ
3289 1371 3351 1426 ού
3414 1371 3647 1443 ζηλώσει
3705 1376 3798 1430 τὸν

2153 1455 2409 1531 Ἰούδαν,
2468 1461 2558 1514 καὶ
2630 1461 2657 1514 6
2723 1458 2930 1525 Ἰούδας
3006 1461 3187 1515 οὐκέτι
3265 1459 3452 1536 θλίψει
3513 1462 3794 1541 Ἐφραίμ·

2155 1545 2334 1616 έπεὶὴ
2395 1546 2448 1602 έν
2499 1549 2686 1611 αὐτοῖς
2717 1549 2854 1623 πρὸς
2914 1547 3201 1620 ἀλλήλους
3257 1545 3430 1625 ἔχθρα
3487 1550 3796 1611 ἀπολεῖται.

2152 1639 2343 1693 "Enixa
2372 1637 2476 1713 γὰρ
2512 1637 2745 1710 μάλιστα
2776 1641 2887 1712 (67)
2917 1640 2945 1693 ὁ
2980 1639 3150 1708 ζῆλος
3177 1639 3416 1713 γίνεσθαι
3447 1645 3544 1696 τοῦ
3575 1640 3801 1718 ἐχθραί-

2149 1747 2254 1780 νειν
2284 1727 2506 1802 ἀφορμὴ
2539 1733 2656 1789 τοῖς
2688 1726 2948 1790 πολλοῖς.
2981 1727 3159 1798 Ζῆλος
3205 1726 3263 1784 δὶ
3313 1733 3406 1784 νῦν
3453 1729 3562 1806 οὐχ
3612 1733 3647 1800 ἡ
3697 1738 3803 1788 τῶν

2149 1813 2332 1872 καλῶν
2397 1816 2651 1889 μίμησις,
2685 1814 2811 1872 ἀλλ’
2840 1819 2875 1886 ἡ
2907 1815 2994 1872 ἰπὶ
3044 1823 3164 1879 ταῖς
3214 1816 3531 1894 εὐπραγίαις
3593 1821 3797 1895 βασκα-

2147 1904 2237 1960 νία
2284 1906 2431 1981 παρά
2476 1912 2575 1975 τῆς
2627 1912 2843 1984 Γραφῆς
2895 1905 3128 1982 εἴρηται.
3163 1908 3300 1965 Τότε
3347 1906 3438 1962 οὖν
3493 1909 3544 1964 ἰν
3578 1931 3804 1986 συμφω-

2147 1996 2235 2068 νίᾳ
2301 1993 2602 2072 γενόμενοι.
2661 1997 3093 2066 Πετασθήσονται
3153 1995 3204 2051 έν
3263 1995 3486 2062 πλοίοις
3554 1997 3802 2076 ἀλλοφύ-

2149 2085 2287 2152 λων,
2347 2083 2615 2140 Θάλασσαν
2674 2082 2790 2158 ἅμα
2843 2085 3300 2160 προνομεύσουσι.
3366 2088 3467 2142 Διά
3539 2093 3640 2155 τῆς
3705 2093 3799 2146 θα-

2149 2173 2355 2244 λάσσης
2386 2173 2574 2236 καλῶς
2622 2175 2928 2249 παρέστησε
2974 2173 3102 2238 τοὺς
3150 2174 3642 2253 ταχυναυτοῦντας,
3674 2201 3800 2236 πτε-

2149 2269 2229 2340 ρῷ
2257 2263 2586 2339 παρεικάσας
2639 2265 2739 2333 τὴν
2783 2262 3174 2334 κίνησιν·ὅταν
3226 2264 3428 2342 πλήρει
3485 2272 3565 2340 τῷ
3618 2269 3799 2344 ἱστίῳ,

2147 2355 2474 2429 συμμέτρως
2512 2357 2610 2408 τοῦ
2641 2352 2947 2426 πνεύματος
2996 2355 3132 2408 κατὰ
3177 2355 3422 2430 πρύμναν
3483 2358 3797 2435 ἱσταμένου,

2146 2443 2280 2519 ὑπὶρ
2325 2441 2596 2513 θαλάσσης
2645 2441 2934 2520 φέρωνται.
2986 2443 3392 2519 Προνομεύουσι
3445 2444 3641 2522 δὲ
3695 2451 3794 2514 θά-

2145 2531 2370 2602 λασσαν,
2401 2536 2498 2588 τοῦ
2552 2529 2843 2605 δράκοντος
2899 2533 3324 2608 περιγινόμενοι,
3386 2535 3475 2591 καὶ
3536 2541 3641 2592 τῶν
3708 2541 3801 2594 ὑπ’

2146 2623 2295 2694 αὐτῷ
2341 2619 2708 2696 τελουμένων,
2761 2621 2852 2686 οὓς
2913 2623 2965 2676 οἱ
3038 2623 3335 2679 ἀπόστολοι
3394 2630 3490 2681 τοῦ
3564 2633 3799 2704 Χριστοῦ

2145 2711 2222 2774 εἰς
2279 2712 2376 2780 τήν
2433 2712 2721 2787 ἐπίγνωσιν
2775 2713 2876 2780 τῆς
2949 2711 3208 2782 ἀληθείας
3263 2717 3653 2791 μετατιθέντες,
3711 2716 3800 2773 δι-

2142 2801 2312 2862 καίως
2361 2798 2420 2854 ἂν
2468 2799 2714 2876 λέγοιντο
2781 2800 3161 2876 προνομεύειν,
3213 2803 3376 2858 οἱονεὶ
3438 2803 3613 2860 σκῦλα
3669 2807 3791 2862 tau-

2141 2892 2250 2942 τῶν
2282 2887 2606 2960 ποιούμενοι
2653 2888 2721 2944 τὰ
2765 2885 3214 2964 προκατεχόμενα
3262 2890 3362 2944 ὑπὸ
3419 2895 3516 2946 τοῦ
3572 2891 3788 2966 αἲχμά-

2145 2975 2324 3033 λὼτον
2385 2979 2496 3050 (69)
2554 2977 2923 3054 ἀπαγαγόντος
2981 2979 3072 3033 τὸν
3142 2975 3445 3052 ἄνθρωπον.
3505 2977 3782 3036 Θάλασσαν

369 3073 616 3143 riarum,
649 3088 824 3144 quem
874 3071 1014 3128 alibi
1046 3071 1364 3127 didicimus
1397 3070 1587 3126 vocari
1618 3070 1798 3126 etiam
1846 3070 2025 3143 laery-

2141 3062 2197 3121 δὲ
2253 3065 2541 3122 ἀκουστέον
2597 3071 2690 3122 νῦν
2748 3067 2840 3122 τὸν
2894 3075 2996 3138 τῆς
3052 3068 3336 3130 κακώσεως
3361 3069 3550 3138 τόπον,
3581 3069 3639 3124 ὃν
3695 3070 3787 3125 καὶ

367 3178 601 3220 marum
648 3161 860 3218 vallem
881 3161 948 3216 “.
999 3161 1270 3217 Fortasse
1317 3164 1515 3216 autem
1565 3158 2026 3232 alienigenarum

367 3268 565 3320 naves,
599 3267 845 3322 corpora
885 3254 1091 3306 nostra
1129 3250 1428 3316 dicuntur,
1466 3248 1622 3320 quod
1655 3265 1787 3304 eum
1820 3247 2028 3305 animae

365 3339 787 3398 constitutione
837 3355 1211 3413 nequaquam
1264 3338 1656 3394 consentiant.
1691 3337 1837 3393 Caro
1869 3337 2026 3394 enim

361 3429 477 3502 legi
503 3427 604 3484 Dei
635 3445 752 3484 non
783 3427 1102 3499 subjicitur
1120 3427 1188 3498 δ’,
1214 3427 1319 3483 sed
1352 3425 1715 3499 concupiscit
1745 3427 2026 3484 adversus

361 3516 639 3590 spiritum
661 3517 725 3574 ".
749 3516 1085 3582 Quinetiam
1117 3516 1176 3572 hi
1209 3515 1488 3572 dicuntur
1525 3516 1843 3572 Idumaaam
1876 3533 2025 3589 prm-

364 3605 582 3676 daturi,
616 3605 724 3662 hoc
774 3609 884 3675 est,
917 3620 1112 3660 rerum
1162 3610 1530 3661 terrenarum
1578 3605 1845 3677 petituri,
1879 3609 1936 3660 et
1963 3604 2023 3660 in

363 3696 532 3752 Moab
591 3711 802 3752 manus
869 3694 1164 3765 injecturi.
1235 3694 1426 3762 Moab,
1482 3695 1532 3750 si
1599 3695 2022 3766 interpreteris,

363 3788 554 3853 sonat,
586 3783 654 3840 de
687 3790 867 3856 patre.
901 3783 1087 3847 Quare
1149 3785 1221 3840 ad
1280 3785 1440 3856 ipsos
1480 3784 1629 3840 dixit
1684 3783 1971 3840 Dominus
2005 3801 2018 3840 :

368 3876 464 3932 Vos
493 3890 564 3930 ex
588 3882 752 3946 patre
776 3873 1006 3933 diabolo
1050 3875 1184 3929 estis
1214 3892 1233 3930 :
1261 3881 1315 3929 et
1342 3873 1620 3930 desideria
1651 3876 1826 3946 patris
1855 3877 2024 3931 vestri

361 3963 534 4020 vultis
557 3965 741 4035 facere
761 3963 826 4017 “.
862 3961 1142 4034 Injieiunt
1172 3962 1230 4018 in
1262 3979 1362 4018 eos
1395 3979 1533 4018 suas
1565 3979 1796 4035 manus,
1822 3968 1886 4019 ut
1916 3965 2017 4019 bo-

361 4053 454 4109 nis
504 4051 630 4110 suis
687 4051 967 4124 operibus
1026 4052 1186 4124 ipsos
1243 4051 1356 4108 sibi
1407 4051 1746 4124 subjiciunt.
1805 4052 2019 4110 Deinde

357 4143 496 4198 Filii
519 4143 748 4198 Ammon
774 4141 950 4213 primi
977 4141 1242 4197 obedient.
1279 4143 1551 4209 Ammon,
1579 4143 1732 4214 quod
1764 4160 1797 4198 a
1828 4143 2017 4199 nomi-

359 4233 452 4290 nis
483 4231 1031 4304 interpretationem
1065 4230 1296 4299 attinet,
1324 4230 1480 4287 idem
1511 4231 1666 4288 valet
1696 4249 1760 4287 ae
1786 4233 2018 4305 populus

356 4324 660 4379 nobiscum.
696 4321 865 4376 Forte
910 4318 1012 4392 qui
1061 4319 1276 4376 minori
1325 4319 1561 4376 malitiae
1593 4326 1732 4377 sunt
1777 4323 2015 4378 obnoxii

2137 3153 2369 3212 κοιλάδα
2421 3161 2517 3211 τοῦ
2599 3157 2960 3231 κλαυθμῶνος
3032 3155 3282 3233 ἀλλαχοῦ
3363 3159 3776 3232 μεμαθήκαμεν.

2136 3242 2316 3300 Πλοῖα
2347 3244 2403 3300 δὶ
2435 3244 2768 3324 ἀλλοφύλων
2796 3244 3006 3321 λέγεται
3037 3246 3183 3322 τάχα
3212 3248 3279 3301 τὰ
3320 3248 3546 3321 σώματα
3601 3251 3786 3320 ἡμῶν,

2137 3332 2225 3389 διὰ
2253 3335 2313 3390 τὸ
2349 3337 2424 3410 μὴ
2458 3329 2604 3410 ἔχειν
2634 3335 2847 3398 οἰκείως
2879 3336 3016 3412 πρὸς
3069 3338 3168 3405 τήν
3219 3343 3321 3407 τῆς
3379 3339 3566 3413 ψυχῆς
3623 3357 3784 3392 κατα-

2135 3426 2351 3494 σκευήν.
2391 3426 2456 3480 Ἡ
2503 3424 2603 3501 γάρ
2656 3425 2782 3500 σάρξ
2830 3429 2912 3498 τῷ
2959 3425 3115 3498 νόμῳ
3161 3429 3259 3481 τοῦ
3309 3429 3443 3481 Θεοῦ
3488 3425 3595 3502 οὐχ
3647 3427 3788 3482 ὑπο-

2133 3514 2402 3586 τάσσεται,
2450 3511 2576 3580 ἀλλ⁹
2625 3513 2881 3587 ἐπιθυμεῖ
2923 3515 3060 3570 κατὰ
3134 3519 3232 3570 τοῦ
3292 3515 3623 3589 πνεύματος.
3674 3515 3783 3574 Οὗ-

2132 3623 2216 3658 τοι
2272 3600 2330 3658 δὲ
2374 3603 2461 3658 καὶ
2519 3604 2619 3673 τὴν
2682 3601 2990 3678 Ἰδουμαίαν
3058 3603 3418 3679 προνομεύειν
3481 3605 3732 3681 λέγονται
3772 3626 3786 3638 °

2132 3691 2415 3765 τουτέστι,
2471 3698 2580 3748 τῶν
2637 3693 2845 3768 γηίνων
2904 3694 3243 3770 πραγμάτων
3300 3693 3635 3768 ἐπικρατεῖν,
3693 3696 3786 3750 καὶ

2128 3781 2215 3838 ἐπὶ
2267 3777 2440 3840 Musae
2475 3777 2792 3838 ἐπιϐάλλειν
2842 3784 2935 3846 τὰς
2988 3789 3201 3858 χεῖρας.
3251 3779 3426 3840 Musas
3487 3784 3780 3860 ἑρμηνεύε-

2127 3894 2236 3944 ται,
2272 3873 2331 3929 ἰκ
2375 3874 2600 3948 πατρός.
2635 3875 2776 3950 Ηρὸς
2827 3871 2917 3930 οὖν
2969 3874 3168 3938 αὐτοὺς
3223 3874 3437 3949 εἷξοηκεν
3487 3877 3516 3932 6
3547 3878 3779 3952 Κύριος,

2128 3963 2211 4019 δτι
2242 3965 2424 4037 Ὑμεῖς
2485 3963 2544 4018 έκ
2597 3969 2694 4018 τοῦ
2752 3965 2956 4037 πατρὸς
3011 3969 3107 4020 τοῦ
3167 3961 3431 4021 διαϐόλου
3493 3964 3632 4039 ἕστε,
3687 3967 3778 4022 καὶ

2125 4055 2221 4116 τὰς
2281 4052 2573 4126 έπιθυμίας
2628 4059 2726 4109 τοῦ
2781 4054 2985 4130 πατρὸς
3074 4055 3226 4127 ὑμῶν
3313 4053 3498 4120 θέλετε
3572 4063 3772 4112 ποιεῖν.

2125 4142 2354 4207 Τοότοις
2381 4144 2474 4204 τὰς
2507 4144 2706 4198 ἑαυτῶν
2737 4150 2928 4219 χεῖρας
2960 4139 3375 4219 ἐπιϐάλλουσιν,
3402 4143 3493 4200 ’ἱνα
3544 4143 3635 4202 διὰ
3675 4154 3776 4216 τῆς

2127 4233 2326 4288 ἑαυτῶν
2369 4234 2572 4309 ἀγαθῆς
2626 4234 2870 4309 πράξεως
2933 4235 3284 4309 ὑποχειρίους
3335 4233 3532 4298 αὐτοὺς
3591 4231 3774 4292 λάϐω-

2125 4343 2207 4377 σιν
2244 4364 2255 4377 .
2319 4322 2449 4378 Εἶτα
2531 4322 2647 4376 Υἱοὶ
2733 4323 2965 4396 ’Δμμὼν
3044 4329 3255 4399 πρῶτοι
3335 4324 3773 4386 ὑπακούσονται.

357 4427 475 4488 pra:
518 4409 592 4466 iis
641 4409 741 4481 qui
793 4408 1068 4481 nequitiae
1100 4409 1344 4481 majoris
1374 4413 1431 4466 et
1458 4408 1637 4466 latius
1685 4410 1882 4468 effusae
1930 4413 2013 4469 rei

2144 4412 2521 4517 Aupdw'UO)
2560 4411 2962 4517 ’tpp‘quﬁs'cai,
3020 4411 3153 4476 λαὸς
3208 4415 3326 4488 μεθ’
3380 4418 3564 4488 ἡμῶν.
3623 4415 3776 4493 Τάχα

359 4502 520 4568 sunt,
555 4498 845 4572 parebunt
872 4497 1048 4554 verbo
1079 4497 1278 4570 primi.

2125 4505 2335 4576 πρῶτοι
2370 4499 2766 4558 ὑπακούσονται
2798 4507 2877 4576 τῷ
2910 4500 3062 4578 λόγῳ
3095 4505 3146 4559 οἱ
3205 4503 3468 4561 έλάττονα
3523 4506 3622 4575 τήν
3680 4527 3776 4562 κα-

357 4587 479 4644 κίαν
505 4580 746 4662 ἔχοντες,
777 4586 924 4660 παρὰ
953 4585 1080 4648 τοὺς
1105 4583 1332 4641 πλείονα
1361 4588 1531 4656 αὐτὴν
1563 4587 1654 4643 καὶ
1686 4587 1772 4643 ἐπὶ
1803 4587 1994 4644 πλεῖον
2024 4593 2334 4667 κεχυμένην
2366 4586 2616 4668 ἔχοντας.

428 4716 474 4753 ⁵ο
506 4713 734 4772 Coloss.
767 4730 807 4784 ι,
836 4713 924 4768 20.
1004 4713 1046 4748 ⁵¹
1081 4712 1232 4770 Psal.
1268 4730 1504 4782 Lxxxm,
1533 4716 1588 4772 7.
1665 4715 1710 4751 ⁶²
1739 4719 1908 4773 Rom.
1939 4735 2025 4775 vn‘

2140 4761 2144 4774 .
2221 4718 2264 4754 ⁸³
2295 4717 2480 4774 Galat.
2511 4735 2567 4786 v,
2603 4719 2688 4774 17.
2766 4719 2812 4755 ⁸⁸
2841 4719 3009 4776 Joan.
3041 4736 3165 4792 VIII,
3197 4721 3285 4776 44.

427 4843 541 4914 (66)
573 4840 810 4916 Veteres
841 4838 1065 4916 aliquot
1093 4839 1248 4916 libri,
1281 4838 1370 4892 καὶ
1399 4841 1486 4896 τά.
1519 4841 1726 4898 Statim
1758 4843 1920 4916 editi,
1955 4841 2004 4896 έν

357 4908 550 4986 ἐαυτῷ.
583 4915 856 4986 Attinas?
899 4908 959 4986 tv:
983 4908 1152 4981 αὐτῷ.

426 4978 746 5072 (ϐἶξῃΕάἱιί,
771 4978 980 5072 ςΕοιδεοέχ
999 4978 1115 5072 ςγε”
1437 4986 1677 5072 Veteres
1751 4986 1866 5072 duo
1935 4985 2006 5072 l'i-

354 5051 470 5132 bri,
499 5051 684 5132 Ἐοικε
882 5051 1120 5132 μᾶλλον.
1153 5051 1283 5109 ἈΙίἱ
1311 5059 1472 5132 tres,
1508 5060 1728 5132 ΔἜοικε
1745 5057 1845 5132 γὰρ
1903 5055 2004 5132 μά-

355 5127 536 5185 λιστα.
586 5127 858 5200 Nec_'i_ta
933 5127 1120 5200 multo
1197 5129 1328 5200 post
1382 5127 1518 5182 editi
1587 5134 1642 5184 et
1695 5127 1859 5200 Reg,
1897 5127 2006 5200 pri-

356 5219 515 5273 mus,
547 5203 638 5255 νῦν
667 5197 796 5273 οὐχὶ
825 5200 955 5255 τῶν.
982 5198 1095 5254 Alii
1155 5197 1415 5270 quinque
1464 5216 1629 5267 mss.,
1662 5202 1754 5253 νῦν
1786 5197 1913 5274 ὀὐχ
1966 5202 1999 5269 ἠ

357 5293 491 5330 των.

427 5343 539 5418 (68)
573 5343 786 5418 Addita
815 5346 903 5397 est
921 5340 1128 5418 vocula
1147 5335 1210 5418 δέ
1231 5357 1300 5397 ex
1320 5343 1534 5418 nostris
1557 5360 1657 5418 sex
1678 5343 2001 5418 codicibus.

356 5413 487 5474 Mox
520 5413 662 5472 editi
707 5417 763 5470 et
804 5415 1090 5471 recentior
1138 5413 1472 5470 Combeﬁsii
1525 5417 1724 5483 codex,
1777 5415 1863 5469 ὑπ’
1907 5413 2003 5468 αύ-

355 5492 494 5544 τῶνι
521 5505 649 5561 quae
680 5485 1056 5561 mala_le_c_tio,
1090 5491 1154 5542 ut
1188 5485 1310 5561 ﬁeri
1328 5486 1508 5561 solet,
1527 5487 1841 5561 interpreti
1875 5492 2004 5544 tan-

355 5557 747 5642 tas-tenebras
776 5558 1003 5622 offudit,
1029 5562 1093 5613 ut
1119 5557 1374 5642 “quidvis
1424 5559 1617 5642 potius
1649 5557 2003 5642 quam_‘eju.s

355 5633 466 5690 loci
517 5647 761 5690 sensum
809 5629 1178 5702 expresserit.
1213 5630 1306 5688 Sic
1357 5629 1512 5688 enim
1563 5629 1778 5690 vertit:
1818 5634 1879 5689 Et
1911 5629 2002 5689 iis

355 5707 593 5764 salutari
639 5704 907 5777 baptismo
954 5702 1215 5775 initiatis,
1245 5719 1376 5776 quos
1413 5707 1662 5778 apostoli,
1703 5708 1810 5764 etc.
1842 5703 2002 5768 Alter

2121 4844 2453 4919 Combeﬁsii
2497 4845 2697 4919 codex,
2733 4845 2820 4898 ὑπ’
2867 4844 3032 4918 αὐτῷ.
3084 4847 3196 4904 Alii
3237 4853 3509 4919 quatuor,
3548 4849 3634 4904 ὑπ’
3673 4848 3771 4904 αύ-

2118 4915 2232 4992 τόν.
2266 4921 2399 4992 Haec
2441 4917 2595 4989 apud
2648 4915 3028 4992 Procopium,
3061 4937 3195 4992 pag.
3247 4915 3374 4992 189,
3419 4915 3533 4977 non
3587 4923 3771 4992 multo

2120 4990 2294 5044 aliter
2342 4989 2639 5067 leguntur,
2685 4989 2806 5067 hoc
2834 4989 3379 5067 ’_videlicet'_modo
3431 5010 3443 5048 :
3489 4995 3590 5046 τοῦ
3644 4991 3770 5067 δρά-

2117 5080 2306 5140 κοντος
2363 5059 2630 5140 καὶ-τῶν
2680 5059 2768 5140 ὑπ’
2819 5062 2969 5134 αὐτῷ
3032 5062 3338 5140 τελούντων
3417 5059 3770 5140 περιγενόμεο

2117 5153 2222 5212 vet,
2258 5134 2512 5212 draconis
2553 5134 2724 5212 simul
2757 5143 3032 5212 eteorum
3079 5141 3178 5208 qui
3235 5139 3352 5209 ejus
3401 5134 3632 5211 imperio
3676 5134 3772 5212 pa-

2115 5206 2332 5271 rebant,
2363 5207 2587 5262 victores
2615 5206 2818 5276 effecti.

2190 5278 2303 5355 (69)
2345 5282 2409 5333 In
2441 5279 2918 5355 editiseorrupte
2946 5277 3180 5352 legitur,
3201 5277 3587 5355 αἲχμαλώτου.
3612 5287 3688 5355 Αι
3710 5283 3769 5338 in

2117 5349 2339 5428 nostris
2379 5366 2479 5428 se;
2510 5349 3066 5428 codicibus’integre
3096 5357 3154 5408 et
3196 5349 3531 5426 incorrupte
3581 5354 3767 5428 scrip-

2113 5425 2242 5496 tum
2261 5424 2581 5496 repperitur.
2614 5419 3000 5496 αἰχμάλωτονῖ

2189 5494 2300 5570 (7Q)
2325 5494 2436 5570 Alii
2455 5567 2466 5570 _
2488 5495 2658 5570 aliter
2679 5494 2710 5570 ξ
2727 5510 2939 5549 nomen
2994 5496 3049 5548 ’Δ
3064 5494 3224 5569 μμών
3285 5498 3764 5570 interpretantur.

2114 5566 2274 5642 Quod
2299 5567 2347 5622 si
2369 5567 2662 5642 quispiam
2680 5565 2889 5622 harum
2909 5565 3556 5642 rerum'studiosusest,
3574 5572 3768 5628 varias

2112 5638 2245 5770 eiut:3
2271 5639 2528 5768 opminis
2557 5639 3066 5711 interpretationes
3096 5642 3156 5700 in
3188 5644 3380 5701 Ducasi
3401 5638 3555 5702 notis
3574 5645 3772 5719 legere

2114 5726 2186 5770 no
2251 5727 2300 5767 r1
2335 5753 2347 5767 .

2112 5726 2347 5783 pctem.
