  <div class='ocr_page' id='page_1' title='image "/cluster/home/n/w/nwhite01/storage/ocr_20150623/30:no.2/coo.31924054873116/294.png"; bbox 0 0 4150 6366; ppageno 0'>
   <div class='ocr_carea' id='block_1_1' title="bbox 362 384 474 444">
    <p class='ocr_par' dir='ltr' id='par_1_1' title="bbox 362 384 474 444">
     <span class='ocr_line' id='line_1_1' title="bbox 362 384 474 444; baseline 0.018 -2"><span class='ocrx_word' id='word_1_1' title='bbox 362 384 474 444; x_wconf 78' lang='grc'><strong>561</strong></span> 
     </span>
    </p>
   </div>
   <div class='ocr_carea' id='block_1_2' title="bbox 1029 379 3095 443">
    <p class='ocr_par' dir='ltr' id='par_1_2' title="bbox 1029 379 3095 443">
     <span class='ocr_line' id='line_1_2' title="bbox 1029 379 3095 443; baseline -0 -1"><span class='ocrx_word' id='word_1_2' title='bbox 1029 381 1436 442; x_wconf 87' lang='lat' dir='ltr'><strong>COMMENT.</strong></span> <span class='ocrx_word' id='word_1_3' title='bbox 1482 381 1564 440; x_wconf 91' lang='lat' dir='ltr'><strong>IN</strong></span> <span class='ocrx_word' id='word_1_4' title='bbox 1607 379 1879 440; x_wconf 85' lang='lat' dir='ltr'><strong>ISAIAM</strong></span> <span class='ocrx_word' id='word_1_5' title='bbox 1927 379 2435 442; x_wconf 79' lang='lat' dir='ltr'><strong>PROPHETAM.</strong></span> <span class='ocrx_word' id='word_1_6' title='bbox 2481 381 2654 442; x_wconf 85' lang='lat' dir='ltr'><strong>CAP.</strong></span> <span class='ocrx_word' id='word_1_7' title='bbox 2702 381 2779 442; x_wconf 86' lang='lat' dir='ltr'><strong>XI</strong></span> <span class='ocrx_word' id='word_1_8' title='bbox 2823 381 2928 443; x_wconf 89' lang='lat' dir='ltr'><strong>ET</strong></span> <span class='ocrx_word' id='word_1_9' title='bbox 2967 381 3095 442; x_wconf 87' lang='lat' dir='ltr'><strong>XII.</strong></span> 
     </span>
    </p>
   </div>
   <div class='ocr_carea' id='block_1_3' title="bbox 3654 381 3787 441">
    <p class='ocr_par' dir='ltr' id='par_1_3' title="bbox 3654 381 3787 441">
     <span class='ocr_line' id='line_1_3' title="bbox 3654 381 3787 441; baseline 0 0"><span class='ocrx_word' id='word_1_10' title='bbox 3654 381 3787 441; x_wconf 59' lang='lat'><strong>562&#39;</strong></span> 
     </span>
    </p>
   </div>
   <div class='ocr_carea' id='block_1_4' title="bbox 429 509 2011 592">
    <p class='ocr_par' dir='ltr' id='par_1_4' title="bbox 429 509 2006 592">
     <span class='ocr_line' id='line_1_4' title="bbox 429 509 2006 592; baseline -0.007 -19"><span class='ocrx_word' id='word_1_11' title='bbox 429 517 554 573; x_wconf 73' lang='grc'>251.</span> <span class='ocrx_word' id='word_1_12' title='bbox 606 516 731 569; x_wconf 76' lang='grc' dir='ltr'>Εἶτα</span> <span class='ocrx_word' id='word_1_13' title='bbox 805 511 1082 592; x_wconf 75' lang='grc' dir='ltr'>ἐπιφέρει·</span> <span class='ocrx_word' id='word_1_14' title='bbox 1161 511 1260 566; x_wconf 82' lang='grc' dir='ltr'><strong>Καὶ</strong></span> <span class='ocrx_word' id='word_1_15' title='bbox 1327 509 1599 586; x_wconf 76' lang='grc' dir='ltr'><strong>ἐρημώσει</strong></span> <span class='ocrx_word' id='word_1_16' title='bbox 1655 509 1854 580; x_wconf 79' lang='grc' dir='ltr'>Κύριος</span> <span class='ocrx_word' id='word_1_17' title='bbox 1907 510 2006 578; x_wconf 77' lang='grc' dir='ltr'>τὴν</span> 
     </span>
    </p>
   </div>
   <div class='ocr_carea' id='block_1_5' title="bbox 2126 509 3774 592">
    <p class='ocr_par' dir='ltr' id='par_1_5' title="bbox 2191 509 3774 586">
     <span class='ocr_line' id='line_1_5' title="bbox 2191 509 3774 586; baseline 0.001 -20"><span class='ocrx_word' id='word_1_18' title='bbox 2191 512 2316 566; x_wconf 81' lang='grc'>251.</span> <span class='ocrx_word' id='word_1_19' title='bbox 2335 516 2544 570; x_wconf 84' lang='lat' dir='ltr'><strong>Postea</strong></span> <span class='ocrx_word' id='word_1_20' title='bbox 2565 514 3080 586; x_wconf 61' lang='lat' dir='ltr'><strong>whjungitﬂlans.</strong></span> <span class='ocrx_word' id='word_1_21' title='bbox 3102 514 3187 586; x_wconf 90' lang='grc'><strong>15)</strong></span> <span class='ocrx_word' id='word_1_22' title='bbox 3208 509 3354 569; x_wconf 71' lang='grc'>571</span> <span class='ocrx_word' id='word_1_23' title='bbox 3381 529 3394 569; x_wconf 87' lang='lat'><strong>:</strong></span> <span class='ocrx_word' id='word_1_24' title='bbox 3416 514 3483 569; x_wconf 82' lang='lat' dir='ltr'><strong>Et</strong></span> <span class='ocrx_word' id='word_1_25' title='bbox 3511 512 3774 569; x_wconf 76' lang='lat' dir='ltr'><strong>desolabit</strong></span> 
     </span>
    </p>
   </div>
   <div class='ocr_carea' id='block_1_6' title="bbox 358 598 2007 679">
    <p class='ocr_par' dir='ltr' id='par_1_6' title="bbox 358 598 2007 679">
     <span class='ocr_line' id='line_1_6' title="bbox 358 598 2007 679; baseline -0.005 -18"><span class='ocrx_word' id='word_1_26' title='bbox 358 605 626 669; x_wconf 85' lang='grc' dir='ltr'>θάλασσαν</span> <span class='ocrx_word' id='word_1_27' title='bbox 687 601 999 679; x_wconf 76' lang='grc' dir='ltr'>Αἰγύπτου.</span> <span class='ocrx_word' id='word_1_28' title='bbox 1057 604 1257 676; x_wconf 83' lang='grc' dir='ltr'>Ὥσπερ</span> <span class='ocrx_word' id='word_1_29' title='bbox 1319 602 1347 654; x_wconf 99' lang='lat'><strong>6</strong></span> <span class='ocrx_word' id='word_1_30' title='bbox 1405 599 1668 670; x_wconf 80' lang='grc' dir='ltr'>Ἰεζεκιήλ</span> <span class='ocrx_word' id='word_1_31' title='bbox 1727 598 2007 674; x_wconf 69' lang='grc' dir='ltr'>Αἰγύπτου</span> 
     </span>
    </p>
   </div>
   <div class='ocr_carea' id='block_1_7' title="bbox 354 688 2010 769">
    <p class='ocr_par' dir='ltr' id='par_1_7' title="bbox 354 688 2010 769">
     <span class='ocr_line' id='line_1_7' title="bbox 354 688 2010 769; baseline -0.005 -18"><span class='ocrx_word' id='word_1_32' title='bbox 354 694 637 769; x_wconf 81' lang='grc' dir='ltr'>ποταμοὺς</span> <span class='ocrx_word' id='word_1_33' title='bbox 696 694 826 748; x_wconf 77' lang='grc' dir='ltr'>εἶναι</span> <span class='ocrx_word' id='word_1_34' title='bbox 860 691 1028 768; x_wconf 81' lang='grc' dir='ltr'>λέγει,</span> <span class='ocrx_word' id='word_1_35' title='bbox 1080 691 1171 753; x_wconf 77' lang='grc' dir='ltr'><strong>οὕς</strong></span> <span class='ocrx_word' id='word_1_36' title='bbox 1202 690 1405 766; x_wconf 84' lang='grc' dir='ltr'>Φαραὼ</span> <span class='ocrx_word' id='word_1_37' title='bbox 1461 689 1814 759; x_wconf 73' lang='grc' dir='ltr'>πεποιηκέναι</span> <span class='ocrx_word' id='word_1_38' title='bbox 1871 688 2010 744; x_wconf 86' lang='grc' dir='ltr'>ἀλα-</span> 
     </span>
    </p>
   </div>
   <div class='ocr_carea' id='block_1_8' title="bbox 360 776 2011 855">
    <p class='ocr_par' dir='ltr' id='par_1_8' title="bbox 360 776 2011 855">
     <span class='ocr_line' id='line_1_8' title="bbox 360 776 2011 855; baseline -0.006 -15"><span class='ocrx_word' id='word_1_39' title='bbox 360 785 648 854; x_wconf 78' lang='grc' dir='ltr'>ζονεύεται·</span> <span class='ocrx_word' id='word_1_40' title='bbox 697 781 867 844; x_wconf 78' lang='grc' dir='ltr'>οὕτως</span> <span class='ocrx_word' id='word_1_41' title='bbox 917 783 945 836; x_wconf 90' lang='lat'><strong>6</strong></span> <span class='ocrx_word' id='word_1_42' title='bbox 993 778 1214 842; x_wconf 65' lang='grc' dir='ltr'>Ἡσαΐας</span> <span class='ocrx_word' id='word_1_43' title='bbox 1244 779 1509 834; x_wconf 84' lang='grc' dir='ltr'>θάλασσον</span> <span class='ocrx_word' id='word_1_44' title='bbox 1558 778 1834 855; x_wconf 73' lang='grc' dir='ltr'><strong>Αἰγύπτου</strong></span> <span class='ocrx_word' id='word_1_45' title='bbox 1884 776 2011 831; x_wconf 85' lang='grc' dir='ltr'>ὀνο-</span> 
     </span>
    </p>
   </div>
   <div class='ocr_carea' id='block_1_9' title="bbox 361 867 2013 948">
    <p class='ocr_par' dir='ltr' id='par_1_9' title="bbox 361 867 2013 948">
     <span class='ocr_line' id='line_1_9' title="bbox 361 867 2013 948; baseline -0.004 -20"><span class='ocrx_word' id='word_1_46' title='bbox 361 875 539 948; x_wconf 80' lang='grc' dir='ltr'>μάζει,</span> <span class='ocrx_word' id='word_1_47' title='bbox 591 870 782 941; x_wconf 70' lang='grc' dir='ltr'>ἥντινα</span> <span class='ocrx_word' id='word_1_48' title='bbox 827 872 854 926; x_wconf 93' lang='lat'><strong>6</strong></span> <span class='ocrx_word' id='word_1_49' title='bbox 904 870 1105 945; x_wconf 83' lang='grc' dir='ltr'>ἀγαθὸς</span> <span class='ocrx_word' id='word_1_50' title='bbox 1163 870 1290 931; x_wconf 86' lang='grc' dir='ltr'><strong>Θεὸς</strong></span> <span class='ocrx_word' id='word_1_51' title='bbox 1345 867 1659 945; x_wconf 76' lang='grc' dir='ltr'><strong>ἐρημώσει·</strong></span> <span class='ocrx_word' id='word_1_52' title='bbox 1715 867 2013 940; x_wconf 82' lang='grc' dir='ltr'>Εὐεργεσία</span> 
     </span>
    </p>
   </div>
   <div class='ocr_carea' id='block_1_10' title="bbox 355 955 2012 1038">
    <p class='ocr_par' dir='ltr' id='par_1_10' title="bbox 355 955 2012 1038">
     <span class='ocr_line' id='line_1_10' title="bbox 355 955 2012 1038; baseline -0.002 -22"><span class='ocrx_word' id='word_1_53' title='bbox 355 962 458 1038; x_wconf 79' lang='grc' dir='ltr'>γὰρ</span> <span class='ocrx_word' id='word_1_54' title='bbox 491 963 525 1031; x_wconf 75' lang='grc' dir='ltr'><strong>ἡ</strong></span> <span class='ocrx_word' id='word_1_55' title='bbox 562 961 667 1016; x_wconf 82' lang='grc' dir='ltr'><strong>ἀπὸ</strong></span> <span class='ocrx_word' id='word_1_56' title='bbox 698 963 997 1036; x_wconf 77' lang='grc' dir='ltr'><strong>μοχθηρῶν</strong></span> <span class='ocrx_word' id='word_1_57' title='bbox 1031 959 1365 1034; x_wconf 83' lang='grc' dir='ltr'><strong>πραγμάτων</strong></span> <span class='ocrx_word' id='word_1_58' title='bbox 1409 957 1460 1013; x_wconf 83' lang='grc' dir='ltr'><strong>ἐν</strong></span> <span class='ocrx_word' id='word_1_59' title='bbox 1489 963 1665 1035; x_wconf 82' lang='grc' dir='ltr'>καιρῷ</span> <span class='ocrx_word' id='word_1_60' title='bbox 1697 955 1868 1028; x_wconf 83' lang='grc' dir='ltr'>δεκτῷ</span> <span class='ocrx_word' id='word_1_61' title='bbox 1902 957 2012 1029; x_wconf 80' lang='grc'>(71)</span> 
     </span>
    </p>
   </div>
   <div class='ocr_carea' id='block_1_11' title="bbox 357 1044 2016 1126">
    <p class='ocr_par' dir='ltr' id='par_1_11' title="bbox 357 1044 2016 1126">
     <span class='ocr_line' id='line_1_11' title="bbox 357 1044 2016 1126; baseline -0.004 -19"><span class='ocrx_word' id='word_1_62' title='bbox 357 1049 670 1126; x_wconf 74' lang='grc' dir='ltr'>ἐπαγομένη</span> <span class='ocrx_word' id='word_1_63' title='bbox 725 1048 1026 1126; x_wconf 74' lang='grc' dir='ltr'>ἐρήμωσις.</span> <span class='ocrx_word' id='word_1_64' title='bbox 1097 1050 1299 1122; x_wconf 77' lang='grc' dir='ltr'>Ὥσπερ</span> <span class='ocrx_word' id='word_1_65' title='bbox 1374 1044 1431 1102; x_wconf 79' lang='grc' dir='ltr'>δὲ</span> <span class='ocrx_word' id='word_1_66' title='bbox 1520 1047 1829 1124; x_wconf 83' lang='grc' dir='ltr'>Ἐρημώσει</span> <span class='ocrx_word' id='word_1_67' title='bbox 1915 1045 2016 1099; x_wconf 88' lang='grc' dir='ltr'><strong>Κύ-</strong></span> 
     </span>
    </p>
   </div>
   <div class='ocr_carea' id='block_1_12' title="bbox 356 1132 2015 1214">
    <p class='ocr_par' dir='ltr' id='par_1_12' title="bbox 356 1132 2015 1214">
     <span class='ocr_line' id='line_1_12' title="bbox 356 1132 2015 1214; baseline -0.002 -20"><span class='ocrx_word' id='word_1_68' title='bbox 356 1159 472 1214; x_wconf 87' lang='grc' dir='ltr'>ριος</span> <span class='ocrx_word' id='word_1_69' title='bbox 553 1142 652 1208; x_wconf 80' lang='grc' dir='ltr'>τὴν</span> <span class='ocrx_word' id='word_1_70' title='bbox 729 1136 1000 1193; x_wconf 87' lang='grc' dir='ltr'>θάλασσαν</span> <span class='ocrx_word' id='word_1_71' title='bbox 1075 1135 1374 1211; x_wconf 74' lang='grc' dir='ltr'><strong>Αἰγύπτου,</strong></span> <span class='ocrx_word' id='word_1_72' title='bbox 1454 1135 1546 1192; x_wconf 83' lang='grc' dir='ltr'>καὶ</span> <span class='ocrx_word' id='word_1_73' title='bbox 1604 1132 1855 1192; x_wconf 74' lang='grc' dir='ltr'>ἐπιϐαλεῖ</span> <span class='ocrx_word' id='word_1_74' title='bbox 1902 1136 2015 1209; x_wconf 83' lang='grc'>(72)</span> 
     </span>
    </p>
   </div>
   <div class='ocr_carea' id='block_1_13' title="bbox 353 1225 2015 1301">
    <p class='ocr_par' dir='ltr' id='par_1_13' title="bbox 353 1225 2015 1301">
     <span class='ocr_line' id='line_1_13' title="bbox 353 1225 2015 1301; baseline -0.003 -17"><span class='ocrx_word' id='word_1_75' title='bbox 353 1228 438 1284; x_wconf 78' lang='grc' dir='ltr'><strong>ἐπὶ</strong></span> <span class='ocrx_word' id='word_1_76' title='bbox 499 1230 588 1284; x_wconf 84' lang='grc' dir='ltr'>τὸν</span> <span class='ocrx_word' id='word_1_77' title='bbox 647 1228 895 1301; x_wconf 82' lang='grc' dir='ltr'>ποταμὸν</span> <span class='ocrx_word' id='word_1_78' title='bbox 941 1226 1204 1300; x_wconf 80' lang='grc' dir='ltr'>πνεύματι</span> <span class='ocrx_word' id='word_1_79' title='bbox 1264 1227 1426 1301; x_wconf 87' lang='grc' dir='ltr'>βιαίῳ</span> <span class='ocrx_word' id='word_1_80' title='bbox 1460 1245 1472 1259; x_wconf 88' lang='grc'><strong>·</strong></span> <span class='ocrx_word' id='word_1_81' title='bbox 1548 1225 1692 1282; x_wconf 70' lang='grc' dir='ltr'>οὕτω</span> <span class='ocrx_word' id='word_1_82' title='bbox 1749 1225 1856 1282; x_wconf 85' lang='grc' dir='ltr'><strong>Καὶ</strong></span> <span class='ocrx_word' id='word_1_83' title='bbox 1911 1245 2015 1279; x_wconf 89' lang='grc' dir='ltr'><strong>πα-</strong></span> 
     </span>
    </p>
   </div>
   <div class='ocr_carea' id='block_1_14' title="bbox 352 1315 2016 1394">
    <p class='ocr_par' dir='ltr' id='par_1_14' title="bbox 352 1315 2016 1394">
     <span class='ocr_line' id='line_1_14' title="bbox 352 1315 2016 1394; baseline -0.001 -23"><span class='ocrx_word' id='word_1_84' title='bbox 352 1318 494 1388; x_wconf 82' lang='grc' dir='ltr'>τάξει</span> <span class='ocrx_word' id='word_1_85' title='bbox 554 1316 650 1378; x_wconf 84' lang='grc' dir='ltr'><strong>τὰς</strong></span> <span class='ocrx_word' id='word_1_86' title='bbox 710 1317 845 1371; x_wconf 70' lang='grc' dir='ltr'>ἑπτὰ</span> <span class='ocrx_word' id='word_1_87' title='bbox 899 1322 1002 1386; x_wconf 86' lang='grc' dir='ltr'><strong>τῆς</strong></span> <span class='ocrx_word' id='word_1_88' title='bbox 1056 1315 1340 1391; x_wconf 80' lang='grc' dir='ltr'>Αἰγύπτου</span> <span class='ocrx_word' id='word_1_89' title='bbox 1395 1317 1694 1394; x_wconf 80' lang='grc' dir='ltr'>φάραγγας·</span> <span class='ocrx_word' id='word_1_90' title='bbox 1751 1316 1839 1370; x_wconf 85' lang='grc' dir='ltr'><strong>καὶ</strong></span> <span class='ocrx_word' id='word_1_91' title='bbox 1893 1315 2016 1370; x_wconf 87' lang='grc' dir='ltr'>τότε</span> 
     </span>
    </p>
   </div>
   <div class='ocr_carea' id='block_1_15' title="bbox 353 1401 2014 1482">
    <p class='ocr_par' dir='ltr' id='par_1_15' title="bbox 353 1401 2014 1482">
     <span class='ocr_line' id='line_1_15' title="bbox 353 1401 2014 1482; baseline -0.001 -22"><span class='ocrx_word' id='word_1_92' title='bbox 353 1402 762 1482; x_wconf 84' lang='grc' dir='ltr'>διαπορεύσεταί</span> <span class='ocrx_word' id='word_1_93' title='bbox 808 1427 892 1467; x_wconf 90' lang='grc' dir='ltr'><strong>τις</strong></span> <span class='ocrx_word' id='word_1_94' title='bbox 938 1405 1030 1460; x_wconf 82' lang='grc' dir='ltr'><strong>τὸν</strong></span> <span class='ocrx_word' id='word_1_95' title='bbox 1083 1404 1367 1481; x_wconf 82' lang='grc' dir='ltr'>Αἰγύπτου</span> <span class='ocrx_word' id='word_1_96' title='bbox 1397 1406 1642 1478; x_wconf 88' lang='grc' dir='ltr'>ποταμὸν</span> <span class='ocrx_word' id='word_1_97' title='bbox 1692 1401 2014 1477; x_wconf 71' lang='grc' dir='ltr'>ὑποδεδεμέ-</span> 
     </span>
    </p>
   </div>
   <div class='ocr_carea' id='block_1_16' title="bbox 349 1491 2014 1570">
    <p class='ocr_par' dir='ltr' id='par_1_16' title="bbox 349 1491 2014 1570">
     <span class='ocr_line' id='line_1_16' title="bbox 349 1491 2014 1570; baseline -0.002 -20"><span class='ocrx_word' id='word_1_98' title='bbox 349 1515 461 1557; x_wconf 84' lang='grc' dir='ltr'>νος.</span> <span class='ocrx_word' id='word_1_99' title='bbox 520 1495 595 1550; x_wconf 84' lang='grc' dir='ltr'><strong>Τὸ</strong></span> <span class='ocrx_word' id='word_1_100' title='bbox 653 1495 913 1570; x_wconf 85' lang='grc' dir='ltr'>πενιχρὸν</span> <span class='ocrx_word' id='word_1_101' title='bbox 976 1493 1226 1568; x_wconf 74' lang='grc' dir='ltr'>σημαίνει</span> <span class='ocrx_word' id='word_1_102' title='bbox 1283 1499 1381 1550; x_wconf 77' lang='grc' dir='ltr'><strong>τοῦ</strong></span> <span class='ocrx_word' id='word_1_103' title='bbox 1440 1492 1635 1557; x_wconf 74' lang='grc' dir='ltr'>ὕδατος</span> <span class='ocrx_word' id='word_1_104' title='bbox 1662 1497 1761 1550; x_wconf 79' lang='grc' dir='ltr'>τοῦ</span> <span class='ocrx_word' id='word_1_105' title='bbox 1796 1491 2014 1549; x_wconf 88' lang='grc' dir='ltr'>ὑπολει·</span> 
     </span>
    </p>
   </div>
   <div class='ocr_carea' id='block_1_17' title="bbox 350 1580 2010 1661">
    <p class='ocr_par' dir='ltr' id='par_1_17' title="bbox 350 1580 2010 1661">
     <span class='ocr_line' id='line_1_17' title="bbox 350 1580 2010 1661; baseline -0.002 -21"><span class='ocrx_word' id='word_1_106' title='bbox 350 1586 574 1661; x_wconf 80' lang='grc' dir='ltr'>φθέντος</span> <span class='ocrx_word' id='word_1_107' title='bbox 625 1589 703 1656; x_wconf 79' lang='grc' dir='ltr'>τῷ</span> <span class='ocrx_word' id='word_1_108' title='bbox 759 1581 914 1639; x_wconf 74' lang='grc' dir='ltr'>ὕδατι</span> <span class='ocrx_word' id='word_1_109' title='bbox 959 1589 1038 1655; x_wconf 81' lang='grc' dir='ltr'><strong>τῷ</strong></span> <span class='ocrx_word' id='word_1_110' title='bbox 1093 1583 1370 1658; x_wconf 81' lang='grc' dir='ltr'><strong>ποταμίῳ.</strong></span> <span class='ocrx_word' id='word_1_111' title='bbox 1433 1583 1592 1641; x_wconf 77' lang='grc' dir='ltr'>Οὕτω</span> <span class='ocrx_word' id='word_1_112' title='bbox 1650 1585 1754 1660; x_wconf 77' lang='grc' dir='ltr'>γὰρ</span> <span class='ocrx_word' id='word_1_113' title='bbox 1812 1580 2010 1657; x_wconf 83' lang='grc' dir='ltr'>ὀλίγον</span> 
     </span>
    </p>
   </div>
   <div class='ocr_carea' id='block_1_18' title="bbox 346 1669 2012 1750">
    <p class='ocr_par' dir='ltr' id='par_1_18' title="bbox 346 1669 2012 1750">
     <span class='ocr_line' id='line_1_18' title="bbox 346 1669 2012 1750; baseline -0.002 -21"><span class='ocrx_word' id='word_1_114' title='bbox 346 1669 516 1744; x_wconf 76' lang='grc' dir='ltr'>ἔσται,</span> <span class='ocrx_word' id='word_1_115' title='bbox 573 1675 609 1744; x_wconf 73' lang='grc' dir='ltr'>ἢ</span> <span class='ocrx_word' id='word_1_116' title='bbox 667 1673 758 1728; x_wconf 79' lang='grc' dir='ltr'>καὶ</span> <span class='ocrx_word' id='word_1_117' title='bbox 815 1671 1094 1735; x_wconf 80' lang='grc' dir='ltr'>παντελῶς</span> <span class='ocrx_word' id='word_1_118' title='bbox 1151 1673 1676 1750; x_wconf 75' lang='grc' dir='ltr'>ἀποξηρανθήσεται,</span> <span class='ocrx_word' id='word_1_119' title='bbox 1737 1674 1812 1737; x_wconf 85' lang='grc' dir='ltr'>ὡς</span> <span class='ocrx_word' id='word_1_120' title='bbox 1871 1669 2012 1746; x_wconf 78' lang='grc' dir='ltr'>μηδὲ</span> 
     </span>
    </p>
   </div>
   <div class='ocr_carea' id='block_1_19' title="bbox 353 1760 2008 1838">
    <p class='ocr_par' dir='ltr' id='par_1_19' title="bbox 353 1760 2008 1838">
     <span class='ocr_line' id='line_1_19' title="bbox 353 1760 2008 1838; baseline -0.001 -21"><span class='ocrx_word' id='word_1_121' title='bbox 353 1760 557 1838; x_wconf 74' lang='grc' dir='ltr'>ἰκμάδα</span> <span class='ocrx_word' id='word_1_122' title='bbox 590 1761 1011 1837; x_wconf 79' lang='grc' dir='ltr'>ὑπολειφθῆναι,</span> <span class='ocrx_word' id='word_1_123' title='bbox 1047 1760 1116 1817; x_wconf 81' lang='grc' dir='ltr'>δι’</span> <span class='ocrx_word' id='word_1_124' title='bbox 1146 1764 1207 1832; x_wconf 79' lang='grc' dir='ltr'>ἦν</span> <span class='ocrx_word' id='word_1_125' title='bbox 1242 1763 1702 1838; x_wconf 79' lang='grc' dir='ltr'>ἀναγκασθήσεταί</span> <span class='ocrx_word' id='word_1_126' title='bbox 1748 1783 1831 1826; x_wconf 88' lang='grc' dir='ltr'><strong>τις</strong></span> <span class='ocrx_word' id='word_1_127' title='bbox 1882 1763 2008 1816; x_wconf 88' lang='grc' dir='ltr'>ὑπο-</span> 
     </span>
    </p>
   </div>
   <div class='ocr_carea' id='block_1_20' title="bbox 351 1846 2087 1949">
    <p class='ocr_par' dir='ltr' id='par_1_20' title="bbox 351 1846 2087 1949">
     <span class='ocr_line' id='line_1_20' title="bbox 351 1846 2087 1949; baseline -0.001 -42"><span class='ocrx_word' id='word_1_128' title='bbox 351 1846 1040 1949; x_wconf 33' lang='grc' dir='ltr'>λυσάμενοςιέμϐῆναιιτὸν</span> <span class='ocrx_word' id='word_1_129' title='bbox 1094 1851 1360 1924; x_wconf 88' lang='grc' dir='ltr'>ποταμόν.</span> <span class='ocrx_word' id='word_1_130' title='bbox 1410 1854 1481 1908; x_wconf 86' lang='grc' dir='ltr'><strong>’Ἡ</strong></span> <span class='ocrx_word' id='word_1_131' title='bbox 1531 1853 1675 1928; x_wconf 84' lang='grc' dir='ltr'>τάχα</span> <span class='ocrx_word' id='word_1_132' title='bbox 1705 1849 1784 1918; x_wconf 77' lang='grc' dir='ltr'>δὲ,</span> <span class='ocrx_word' id='word_1_133' title='bbox 1817 1847 2005 1918; x_wconf 84' lang='grc' dir='ltr'>ἐπειδή</span> <span class='ocrx_word' id='word_1_134' title='bbox 2040 1884 2087 1949; x_wconf 83' lang='grc' dir='ltr'>Β</span> 
     </span>
    </p>
   </div>
   <div class='ocr_carea' id='block_1_21' title="bbox 348 1938 2004 2017">
    <p class='ocr_par' dir='ltr' id='par_1_21' title="bbox 348 1938 2004 2017">
     <span class='ocr_line' id='line_1_21' title="bbox 348 1938 2004 2017; baseline -0.003 -19"><span class='ocrx_word' id='word_1_135' title='bbox 348 1946 569 1998; x_wconf 79' lang='grc' dir='ltr'>Μωῦσεῖ</span> <span class='ocrx_word' id='word_1_136' title='bbox 597 1940 686 1996; x_wconf 85' lang='grc' dir='ltr'><strong>καὶ</strong></span> <span class='ocrx_word' id='word_1_137' title='bbox 719 1942 900 2010; x_wconf 90' lang='grc' dir='ltr'><strong>Ἰησοῦ</strong></span> <span class='ocrx_word' id='word_1_138' title='bbox 933 1938 1136 2017; x_wconf 66' lang='grc' dir='ltr'>ἐλέχθη</span> <span class='ocrx_word' id='word_1_139' title='bbox 1180 1940 1337 1997; x_wconf 74' lang='grc' dir='ltr'>λῦσαι</span> <span class='ocrx_word' id='word_1_140' title='bbox 1387 1941 1451 1996; x_wconf 86' lang='grc' dir='ltr'>τὸ</span> <span class='ocrx_word' id='word_1_141' title='bbox 1485 1939 1744 2014; x_wconf 84' lang='grc' dir='ltr'>ὑπόδημα</span> <span class='ocrx_word' id='word_1_142' title='bbox 1771 1943 1868 1994; x_wconf 79' lang='grc' dir='ltr'>τοῦ</span> <span class='ocrx_word' id='word_1_143' title='bbox 1899 1959 2004 1994; x_wconf 83' lang='grc' dir='ltr'><strong>πο-</strong></span> 
     </span>
    </p>
   </div>
   <div class='ocr_carea' id='block_1_22' title="bbox 350 2028 2002 2106">
    <p class='ocr_par' dir='ltr' id='par_1_22' title="bbox 350 2028 2002 2106">
     <span class='ocr_line' id='line_1_22' title="bbox 350 2028 2002 2106; baseline -0.002 -20"><span class='ocrx_word' id='word_1_144' title='bbox 350 2029 467 2098; x_wconf 83' lang='grc' dir='ltr'>δὸς,</span> <span class='ocrx_word' id='word_1_145' title='bbox 499 2028 588 2086; x_wconf 80' lang='grc' dir='ltr'><strong>διὰ</strong></span> <span class='ocrx_word' id='word_1_146' title='bbox 632 2031 694 2085; x_wconf 88' lang='grc' dir='ltr'><strong>τὸ</strong></span> <span class='ocrx_word' id='word_1_147' title='bbox 745 2031 846 2100; x_wconf 77' lang='grc' dir='ltr'>τὴν</span> <span class='ocrx_word' id='word_1_148' title='bbox 895 2036 1018 2106; x_wconf 84' lang='grc' dir='ltr'>γῆν,</span> <span class='ocrx_word' id='word_1_149' title='bbox 1071 2029 1154 2105; x_wconf 77' lang='grc' dir='ltr'>ἐφ’</span> <span class='ocrx_word' id='word_1_150' title='bbox 1280 2032 1395 2104; x_wconf 89' lang='grc'><strong>(73)</strong></span> <span class='ocrx_word' id='word_1_151' title='bbox 1445 2030 1800 2101; x_wconf 78' lang='grc' dir='ltr'>εἰστήκεισαν,</span> <span class='ocrx_word' id='word_1_152' title='bbox 1852 2028 2002 2104; x_wconf 78' lang='grc' dir='ltr'>ἁγίαν</span> 
     </span>
    </p>
   </div>
   <div class='ocr_carea' id='block_1_23' title="bbox 345 2117 2005 2195">
    <p class='ocr_par' dir='ltr' id='par_1_23' title="bbox 345 2117 2005 2195">
     <span class='ocr_line' id='line_1_23' title="bbox 345 2117 2005 2195; baseline -0.001 -19"><span class='ocrx_word' id='word_1_153' title='bbox 345 2120 506 2176; x_wconf 74' lang='grc' dir='ltr'>εἶναι*</span> <span class='ocrx_word' id='word_1_154' title='bbox 547 2121 714 2193; x_wconf 79' lang='grc' dir='ltr'>μήτοι</span> <span class='ocrx_word' id='word_1_155' title='bbox 764 2118 930 2190; x_wconf 81' lang='grc' dir='ltr'>αὐτὴν</span> <span class='ocrx_word' id='word_1_156' title='bbox 984 2117 1042 2174; x_wconf 79' lang='grc' dir='ltr'>δὲ</span> <span class='ocrx_word' id='word_1_157' title='bbox 1095 2119 1228 2174; x_wconf 79' lang='grc' dir='ltr'>εἶναι</span> <span class='ocrx_word' id='word_1_158' title='bbox 1276 2121 1374 2188; x_wconf 81' lang='grc' dir='ltr'>τὴν</span> <span class='ocrx_word' id='word_1_159' title='bbox 1411 2117 1702 2195; x_wconf 64' lang='grc' dir='ltr'>Αἷίγυπτον,</span> <span class='ocrx_word' id='word_1_160' title='bbox 1736 2117 1883 2174; x_wconf 81' lang='grc' dir='ltr'>ἀλλὰ</span> <span class='ocrx_word' id='word_1_161' title='bbox 1916 2118 2005 2194; x_wconf 78' lang='grc' dir='ltr'>βέ-</span> 
     </span>
    </p>
   </div>
   <div class='ocr_carea' id='block_1_24' title="bbox 347 2204 2006 2284">
    <p class='ocr_par' dir='ltr' id='par_1_24' title="bbox 347 2204 2006 2284">
     <span class='ocr_line' id='line_1_24' title="bbox 347 2204 2006 2284; baseline -0.001 -20"><span class='ocrx_word' id='word_1_162' title='bbox 347 2204 544 2282; x_wconf 73' lang='grc' dir='ltr'>ϐηλον,</span> <span class='ocrx_word' id='word_1_163' title='bbox 575 2208 887 2265; x_wconf 84' lang='grc' dir='ltr'>κελεύονται</span> <span class='ocrx_word' id='word_1_164' title='bbox 948 2207 1334 2284; x_wconf 73' lang='grc' dir='ltr'>ὑποδεδεμένοι</span> <span class='ocrx_word' id='word_1_165' title='bbox 1377 2214 1700 2266; x_wconf 84' lang='grc' dir='ltr'>καταπατεῖν</span> <span class='ocrx_word' id='word_1_166' title='bbox 1758 2209 1851 2264; x_wconf 85' lang='grc' dir='ltr'>τὸν</span> <span class='ocrx_word' id='word_1_167' title='bbox 1908 2227 2006 2263; x_wconf 87' lang='grc' dir='ltr'><strong>πο-</strong></span> 
     </span>
    </p>
   </div>
   <div class='ocr_carea' id='block_1_25' title="bbox 343 2299 2006 2374">
    <p class='ocr_par' dir='ltr' id='par_1_25' title="bbox 343 2299 2006 2374">
     <span class='ocr_line' id='line_1_25' title="bbox 343 2299 2006 2374; baseline -0.001 -18"><span class='ocrx_word' id='word_1_168' title='bbox 343 2300 544 2374; x_wconf 87' lang='grc' dir='ltr'>ταμὸν,</span> <span class='ocrx_word' id='word_1_169' title='bbox 592 2299 682 2355; x_wconf 88' lang='grc' dir='ltr'>καὶ</span> <span class='ocrx_word' id='word_1_170' title='bbox 728 2301 804 2374; x_wconf 81' lang='grc' dir='ltr'>μή</span> <span class='ocrx_word' id='word_1_171' title='bbox 855 2299 1202 2365; x_wconf 81' lang='grc' dir='ltr'>ἀποτίθεσθαι</span> <span class='ocrx_word' id='word_1_172' title='bbox 1244 2302 1311 2356; x_wconf 83' lang='grc' dir='ltr'>τὰ</span> <span class='ocrx_word' id='word_1_173' title='bbox 1351 2299 1698 2374; x_wconf 80' lang='grc' dir='ltr'>ὑποδήματα.</span> <span class='ocrx_word' id='word_1_174' title='bbox 1731 2299 2006 2374; x_wconf 77' lang='grc' dir='ltr'>Ξηραίνε-</span> 
     </span>
    </p>
   </div>
   <div class='ocr_carea' id='block_1_26' title="bbox 344 2387 2004 2466">
    <p class='ocr_par' dir='ltr' id='par_1_26' title="bbox 344 2387 2004 2466">
     <span class='ocr_line' id='line_1_26' title="bbox 344 2387 2004 2466; baseline -0.002 -21"><span class='ocrx_word' id='word_1_175' title='bbox 344 2411 431 2445; x_wconf 87' lang='grc' dir='ltr'><strong>ται</strong></span> <span class='ocrx_word' id='word_1_176' title='bbox 465 2387 523 2445; x_wconf 81' lang='grc' dir='ltr'>δὶ</span> <span class='ocrx_word' id='word_1_177' title='bbox 557 2388 719 2465; x_wconf 84' lang='grc' dir='ltr'>βιαίῳ</span> <span class='ocrx_word' id='word_1_178' title='bbox 745 2393 879 2444; x_wconf 80' lang='grc' dir='ltr'>Θεοῦ</span> <span class='ocrx_word' id='word_1_179' title='bbox 936 2390 1343 2466; x_wconf 72' lang='grc' dir='ltr'>κεκρατημένος</span> <span class='ocrx_word' id='word_1_180' title='bbox 1374 2391 1664 2464; x_wconf 84' lang='grc' dir='ltr'>πνεύματι.</span> <span class='ocrx_word' id='word_1_181' title='bbox 1711 2391 1811 2444; x_wconf 71' lang='grc' dir='ltr'><strong>Διὰ</strong></span> <span class='ocrx_word' id='word_1_182' title='bbox 1837 2393 2004 2443; x_wconf 80' lang='grc' dir='ltr'>τοῦτο</span> 
     </span>
    </p>
   </div>
   <div class='ocr_carea' id='block_1_27' title="bbox 347 2474 2004 2555">
    <p class='ocr_par' dir='ltr' id='par_1_27' title="bbox 347 2474 2004 2555">
     <span class='ocr_line' id='line_1_27' title="bbox 347 2474 2004 2555; baseline -0.002 -21"><span class='ocrx_word' id='word_1_183' title='bbox 347 2479 559 2550; x_wconf 80' lang='grc' dir='ltr'>ἀνάξιόν</span> <span class='ocrx_word' id='word_1_184' title='bbox 607 2478 718 2533; x_wconf 82' lang='grc' dir='ltr'>ἐστι</span> <span class='ocrx_word' id='word_1_185' title='bbox 768 2478 831 2533; x_wconf 83' lang='grc' dir='ltr'>τὸ</span> <span class='ocrx_word' id='word_1_186' title='bbox 887 2474 1082 2554; x_wconf 77' lang='grc' dir='ltr'>ἔδαφος</span> <span class='ocrx_word' id='word_1_187' title='bbox 1128 2479 1406 2554; x_wconf 81' lang='grc' dir='ltr'>Αἰγύπτου</span> <span class='ocrx_word' id='word_1_188' title='bbox 1476 2481 1684 2555; x_wconf 88' lang='grc' dir='ltr'>γυμνὸν</span> <span class='ocrx_word' id='word_1_189' title='bbox 1761 2477 2004 2549; x_wconf 75' lang='grc' dir='ltr'>δέξασθαι</span> 
     </span>
    </p>
   </div>
   <div class='ocr_carea' id='block_1_28' title="bbox 350 2565 2006 2646">
    <p class='ocr_par' dir='ltr' id='par_1_28' title="bbox 350 2565 2006 2646">
     <span class='ocr_line' id='line_1_28' title="bbox 350 2565 2006 2646; baseline -0.002 -21"><span class='ocrx_word' id='word_1_190' title='bbox 350 2570 414 2625; x_wconf 84' lang='grc' dir='ltr'><strong>τὸ</strong></span> <span class='ocrx_word' id='word_1_191' title='bbox 449 2568 601 2644; x_wconf 67' lang='grc' dir='ltr'>ἴχνος</span> <span class='ocrx_word' id='word_1_192' title='bbox 629 2572 736 2624; x_wconf 80' lang='grc' dir='ltr'><strong>τῶν</strong></span> <span class='ocrx_word' id='word_1_193' title='bbox 771 2565 1243 2645; x_wconf 78' lang='grc' dir='ltr'>διαπορευομένων</span> <span class='ocrx_word' id='word_1_194' title='bbox 1276 2569 1466 2646; x_wconf 84' lang='grc' dir='ltr'>ἁγίων.</span> <span class='ocrx_word' id='word_1_195' title='bbox 1493 2571 1652 2633; x_wconf 84' lang='grc' dir='ltr'>Ὅθεν</span> <span class='ocrx_word' id='word_1_196' title='bbox 1700 2568 1790 2624; x_wconf 83' lang='grc' dir='ltr'><strong>καὶ</strong></span> <span class='ocrx_word' id='word_1_197' title='bbox 1843 2569 1897 2623; x_wconf 83' lang='lat' dir='ltr'><strong>o&#39;t</strong></span> <span class='ocrx_word' id='word_1_198' title='bbox 1942 2567 2006 2622; x_wconf 84' lang='grc' dir='ltr'><strong>τὸ</strong></span> 
     </span>
    </p>
   </div>
   <div class='ocr_carea' id='block_1_29' title="bbox 348 2655 2006 2734">
    <p class='ocr_par' dir='ltr' id='par_1_29' title="bbox 348 2655 2006 2734">
     <span class='ocr_line' id='line_1_29' title="bbox 348 2655 2006 2734; baseline -0.002 -19"><span class='ocrx_word' id='word_1_199' title='bbox 348 2659 536 2734; x_wconf 88' lang='grc' dir='ltr'>πάσχα</span> <span class='ocrx_word' id='word_1_200' title='bbox 565 2658 848 2726; x_wconf 74' lang='grc' dir='ltr'>ἐσθίοντες,</span> <span class='ocrx_word' id='word_1_201' title='bbox 880 2660 948 2714; x_wconf 78' lang='grc' dir='ltr'><strong>τὰ</strong></span> <span class='ocrx_word' id='word_1_202' title='bbox 979 2656 1306 2733; x_wconf 82' lang='grc' dir='ltr'>ὑποδήματα</span> <span class='ocrx_word' id='word_1_203' title='bbox 1362 2657 1415 2714; x_wconf 91' lang='grc' dir='ltr'><strong>ἐν</strong></span> <span class='ocrx_word' id='word_1_204' title='bbox 1473 2665 1592 2723; x_wconf 83' lang='grc' dir='ltr'>τοῖς</span> <span class='ocrx_word' id='word_1_205' title='bbox 1650 2658 1808 2714; x_wconf 81' lang='grc' dir='ltr'>ποσὶν</span> <span class='ocrx_word' id='word_1_206' title='bbox 1860 2655 2006 2733; x_wconf 77' lang='grc' dir='ltr'>ἔχειν</span> 
     </span>
    </p>
   </div>
   <div class='ocr_carea' id='block_1_30' title="bbox 348 2745 2001 2826">
    <p class='ocr_par' dir='ltr' id='par_1_30' title="bbox 348 2745 2001 2826">
     <span class='ocr_line' id='line_1_30' title="bbox 348 2745 2001 2826; baseline -0.002 -22"><span class='ocrx_word' id='word_1_207' title='bbox 348 2746 684 2805; x_wconf 74' lang='grc' dir='ltr'>ἐκελεύοντο.</span> <span class='ocrx_word' id='word_1_208' title='bbox 731 2751 910 2806; x_wconf 69' lang='grc' dir='ltr'>’Ὀπου</span> <span class='ocrx_word' id='word_1_209' title='bbox 951 2749 1056 2825; x_wconf 79' lang='grc' dir='ltr'>γὰρ</span> <span class='ocrx_word' id='word_1_210' title='bbox 1104 2745 1227 2826; x_wconf 74' lang='grc' dir='ltr'>ὄφις</span> <span class='ocrx_word' id='word_1_211' title='bbox 1282 2747 1514 2817; x_wconf 79' lang='grc' dir='ltr'>δάκνων,</span> <span class='ocrx_word' id='word_1_212' title='bbox 1573 2750 1660 2804; x_wconf 84' lang='grc' dir='ltr'><strong>καὶ</strong></span> <span class='ocrx_word' id='word_1_213' title='bbox 1719 2748 2001 2821; x_wconf 84' lang='grc' dir='ltr'>σκορπίος·</span> 
     </span>
    </p>
   </div>
   <div class='ocr_carea' id='block_1_31' title="bbox 349 2833 2007 2912">
    <p class='ocr_par' dir='ltr' id='par_1_31' title="bbox 349 2833 2007 2912">
     <span class='ocr_line' id='line_1_31' title="bbox 349 2833 2007 2912; baseline -0.002 -18"><span class='ocrx_word' id='word_1_214' title='bbox 349 2833 488 2894; x_wconf 70' lang='grc' dir='ltr'>ἔστω</span> <span class='ocrx_word' id='word_1_215' title='bbox 542 2838 610 2892; x_wconf 82' lang='grc' dir='ltr'><strong>τὰ</strong></span> <span class='ocrx_word' id='word_1_216' title='bbox 667 2835 996 2911; x_wconf 79' lang='grc' dir='ltr'>ὑποδήματα</span> <span class='ocrx_word' id='word_1_217' title='bbox 1055 2837 1110 2894; x_wconf 85' lang='grc' dir='ltr'><strong>ἐν</strong></span> <span class='ocrx_word' id='word_1_218' title='bbox 1164 2843 1281 2901; x_wconf 87' lang='grc' dir='ltr'>τοῖς</span> <span class='ocrx_word' id='word_1_219' title='bbox 1337 2839 1536 2908; x_wconf 83' lang='grc' dir='ltr'>ποσὶν,</span> <span class='ocrx_word' id='word_1_220' title='bbox 1598 2835 2007 2912; x_wconf 84' lang='grc' dir='ltr'>ἆσφαλιζόμενα</span> 
     </span>
    </p>
   </div>
   <div class='ocr_carea' id='block_1_32' title="bbox 343 2923 2010 3004">
    <p class='ocr_par' dir='ltr' id='par_1_32' title="bbox 343 2923 2010 3004">
     <span class='ocr_line' id='line_1_32' title="bbox 343 2923 2010 3004; baseline -0.003 -20"><span class='ocrx_word' id='word_1_221' title='bbox 343 2927 471 2990; x_wconf 78' lang='grc' dir='ltr'>τοὺς</span> <span class='ocrx_word' id='word_1_222' title='bbox 512 2925 684 2990; x_wconf 86' lang='grc' dir='ltr'>πόδας</span> <span class='ocrx_word' id='word_1_223' title='bbox 734 2930 817 2990; x_wconf 79' lang='grc' dir='ltr'>οἷς</span> <span class='ocrx_word' id='word_1_224' title='bbox 865 2923 1284 3000; x_wconf 78' lang='grc' dir='ltr'>περιϐἐϐΑηται·</span> <span class='ocrx_word' id='word_1_225' title='bbox 1353 2926 1570 2983; x_wconf 78' lang='grc' dir='ltr'>ἐπειδὰν</span> <span class='ocrx_word' id='word_1_226' title='bbox 1632 2925 1690 2984; x_wconf 80' lang='grc' dir='ltr'><strong>δέ</strong></span> <span class='ocrx_word' id='word_1_227' title='bbox 1717 2947 1801 2989; x_wconf 86' lang='grc' dir='ltr'><strong>τις</strong></span> <span class='ocrx_word' id='word_1_228' title='bbox 1835 2925 2010 3004; x_wconf 79' lang='grc' dir='ltr'>φθάσῃ</span> 
     </span>
    </p>
   </div>
   <div class='ocr_carea' id='block_1_33' title="bbox 347 3014 2012 3093">
    <p class='ocr_par' dir='ltr' id='par_1_33' title="bbox 347 3014 2012 3093">
     <span class='ocr_line' id='line_1_33' title="bbox 347 3014 2012 3093; baseline -0.003 -21"><span class='ocrx_word' id='word_1_229' title='bbox 347 3015 456 3088; x_wconf 69' lang='grc' dir='ltr'>ἤδη</span> <span class='ocrx_word' id='word_1_230' title='bbox 511 3016 599 3071; x_wconf 83' lang='grc' dir='ltr'>ἐπὶ</span> <span class='ocrx_word' id='word_1_231' title='bbox 625 3017 716 3072; x_wconf 86' lang='grc' dir='ltr'>τὸν</span> <span class='ocrx_word' id='word_1_232' title='bbox 749 3017 898 3093; x_wconf 82' lang='grc' dir='ltr'>ἅγιον</span> <span class='ocrx_word' id='word_1_233' title='bbox 929 3017 1122 3089; x_wconf 91' lang='grc' dir='ltr'>τόπον,</span> <span class='ocrx_word' id='word_1_234' title='bbox 1175 3016 1300 3072; x_wconf 89' lang='grc' dir='ltr'>τότε</span> <span class='ocrx_word' id='word_1_235' title='bbox 1333 3014 1654 3080; x_wconf 77' lang='grc' dir='ltr'>ὑπολυέσθω</span> <span class='ocrx_word' id='word_1_236' title='bbox 1687 3017 1763 3078; x_wconf 86' lang='grc' dir='ltr'>ὡς</span> <span class='ocrx_word' id='word_1_237' title='bbox 1795 3017 1847 3069; x_wconf 76' lang='grc' dir='ltr'>οἱ</span> <span class='ocrx_word' id='word_1_238' title='bbox 1879 3014 2012 3069; x_wconf 86' lang='grc' dir='ltr'>ἀπό-</span> 
     </span>
    </p>
   </div>
   <div class='ocr_carea' id='block_1_34' title="bbox 350 3100 2009 3180">
    <p class='ocr_par' dir='ltr' id='par_1_34' title="bbox 350 3100 2009 3180">
     <span class='ocr_line' id='line_1_34' title="bbox 350 3100 2009 3180; baseline -0.002 -20"><span class='ocrx_word' id='word_1_239' title='bbox 350 3105 539 3160; x_wconf 78' lang='grc' dir='ltr'>στολοι</span> <span class='ocrx_word' id='word_1_240' title='bbox 588 3109 686 3158; x_wconf 78' lang='grc' dir='ltr'><strong>τοῦ</strong></span> <span class='ocrx_word' id='word_1_241' title='bbox 735 3106 992 3179; x_wconf 77' lang='grc' dir='ltr'>Χριστοῦ,</span> <span class='ocrx_word' id='word_1_242' title='bbox 1043 3105 1179 3180; x_wconf 86' lang='grc' dir='ltr'>πρὸς</span> <span class='ocrx_word' id='word_1_243' title='bbox 1215 3105 1307 3166; x_wconf 81' lang='grc' dir='ltr'><strong>οὕς</strong></span> <span class='ocrx_word' id='word_1_244' title='bbox 1354 3103 1588 3180; x_wconf 74' lang='grc' dir='ltr'>εἷ’ρηται,</span> <span class='ocrx_word' id='word_1_245' title='bbox 1626 3101 1767 3178; x_wconf 81' lang='grc' dir='ltr'><strong>μηδέ</strong></span> <span class='ocrx_word' id='word_1_246' title='bbox 1797 3100 2009 3174; x_wconf 75' lang='grc' dir='ltr'>ὕποδή-</span> 
     </span>
    </p>
   </div>
   <div class='ocr_carea' id='block_1_35' title="bbox 363 3188 2008 3268">
    <p class='ocr_par' dir='ltr' id='par_1_35' title="bbox 363 3188 2008 3268">
     <span class='ocr_line' id='line_1_35' title="bbox 363 3188 2008 3268; baseline -0.001 -21"><span class='ocrx_word' id='word_1_247' title='bbox 363 3213 506 3266; x_wconf 90' lang='grc' dir='ltr'>ματα</span> <span class='ocrx_word' id='word_1_248' title='bbox 552 3189 760 3268; x_wconf 79' lang='grc' dir='ltr'>αἶ’ρειν.</span> <span class='ocrx_word' id='word_1_249' title='bbox 810 3194 911 3250; x_wconf 84' lang='grc' dir='ltr'><strong>Καὶ</strong></span> <span class='ocrx_word' id='word_1_250' title='bbox 962 3188 1109 3248; x_wconf 70' lang='grc' dir='ltr'>ἔσται</span> <span class='ocrx_word' id='word_1_251' title='bbox 1159 3198 1240 3266; x_wconf 78' lang='grc' dir='ltr'>τῷ</span> <span class='ocrx_word' id='word_1_252' title='bbox 1298 3193 1518 3268; x_wconf 80' lang='grc' dir='ltr'>Ἰσραὴλ</span> <span class='ocrx_word' id='word_1_253' title='bbox 1578 3193 1654 3255; x_wconf 87' lang='grc' dir='ltr'>ὡς</span> <span class='ocrx_word' id='word_1_254' title='bbox 1711 3195 1746 3262; x_wconf 79' lang='grc' dir='ltr'><strong>ἡ</strong></span> <span class='ocrx_word' id='word_1_255' title='bbox 1805 3191 2008 3267; x_wconf 80' lang='grc' dir='ltr'>ἡμέρα,</span> 
     </span>
    </p>
   </div>
   <div class='ocr_carea' id='block_1_36' title="bbox 358 3255 2086 3358">
    <p class='ocr_par' dir='ltr' id='par_1_36' title="bbox 358 3255 2086 3358">
     <span class='ocr_line' id='line_1_36' title="bbox 358 3255 2086 3358; baseline -0.001 -22"><span class='ocrx_word' id='word_1_256' title='bbox 358 3255 448 3338; x_wconf 72' lang='grc' dir='ltr'>δτι</span> <span class='ocrx_word' id='word_1_257' title='bbox 501 3255 722 3353; x_wconf 79' lang='grc' dir='ltr'>ἐξῆλθεν</span> <span class='ocrx_word' id='word_1_258' title='bbox 773 3279 833 3337; x_wconf 88' lang='grc' dir='ltr'><strong>ἐκ</strong></span> <span class='ocrx_word' id='word_1_259' title='bbox 883 3288 988 3358; x_wconf 82' lang='grc' dir='ltr'>γῆς</span> <span class='ocrx_word' id='word_1_260' title='bbox 1045 3285 1154 3355; x_wconf 78' lang='grc'>(74)</span> <span class='ocrx_word' id='word_1_261' title='bbox 1213 3255 1536 3358; x_wconf 54' lang='grc' dir='ltr'>Αίγύπτου.</span> <span class='ocrx_word' id='word_1_262' title='bbox 1592 3283 1689 3336; x_wconf 84' lang='grc' dir='ltr'><strong>Καὶ</strong></span> <span class='ocrx_word' id='word_1_263' title='bbox 1737 3255 2013 3358; x_wconf 38' lang='grc' dir='ltr'><strong>’γὰρ’</strong></span> <span class='ocrx_word' id='word_1_264' title='bbox 2043 3255 2086 3324; x_wconf 77' lang='lat' dir='ltr'>C</span> 
     </span>
    </p>
   </div>
   <div class='ocr_carea' id='block_1_37' title="bbox 359 3367 2012 3447">
    <p class='ocr_par' dir='ltr' id='par_1_37' title="bbox 359 3367 2012 3447">
     <span class='ocr_line' id='line_1_37' title="bbox 359 3367 2012 3447; baseline -0.001 -22"><span class='ocrx_word' id='word_1_265' title='bbox 359 3372 496 3444; x_wconf 87' lang='grc' dir='ltr'>μετὰ</span> <span class='ocrx_word' id='word_1_266' title='bbox 531 3367 899 3445; x_wconf 84' lang='grc' dir='ltr'>ὑποδημάτων</span> <span class='ocrx_word' id='word_1_267' title='bbox 947 3368 1200 3447; x_wconf 81' lang='grc' dir='ltr'>παρῆλθε</span> <span class='ocrx_word' id='word_1_268' title='bbox 1235 3371 1333 3440; x_wconf 72' lang='grc' dir='ltr'><strong>τήν</strong></span> <span class='ocrx_word' id='word_1_269' title='bbox 1387 3369 1654 3425; x_wconf 82' lang='grc' dir='ltr'>θάλασσαν</span> <span class='ocrx_word' id='word_1_270' title='bbox 1697 3371 1796 3439; x_wconf 83' lang='grc' dir='ltr'>τὴν</span> <span class='ocrx_word' id='word_1_271' title='bbox 1858 3370 2012 3444; x_wconf 80' lang='grc' dir='ltr'>Ἐρυ-</span> 
     </span>
    </p>
   </div>
   <div class='ocr_carea' id='block_1_38' title="bbox 355 3457 2013 3536">
    <p class='ocr_par' dir='ltr' id='par_1_38' title="bbox 355 3457 2013 3536">
     <span class='ocr_line' id='line_1_38' title="bbox 355 3457 2013 3536; baseline -0.001 -22"><span class='ocrx_word' id='word_1_272' title='bbox 355 3459 508 3536; x_wconf 81' lang='grc' dir='ltr'>θρὰν,</span> <span class='ocrx_word' id='word_1_273' title='bbox 545 3457 733 3528; x_wconf 73' lang='grc' dir='ltr'>ἐπειδὴ</span> <span class='ocrx_word' id='word_1_274' title='bbox 767 3458 1093 3532; x_wconf 68' lang='grc' dir='ltr'>ἐπετίμησεν</span> <span class='ocrx_word' id='word_1_275' title='bbox 1122 3460 1258 3533; x_wconf 84' lang='grc' dir='ltr'><strong>αύτῇ</strong></span> <span class='ocrx_word' id='word_1_276' title='bbox 1309 3461 1337 3514; x_wconf 93' lang='lat'><strong>6</strong></span> <span class='ocrx_word' id='word_1_277' title='bbox 1370 3457 1618 3529; x_wconf 80' lang='grc' dir='ltr'>δυνατός,</span> <span class='ocrx_word' id='word_1_278' title='bbox 1650 3460 1741 3514; x_wconf 87' lang='grc' dir='ltr'><strong>καὶ</strong></span> <span class='ocrx_word' id='word_1_279' title='bbox 1795 3457 2013 3531; x_wconf 76' lang='grc' dir='ltr'>ἐξηράν-</span> 
     </span>
    </p>
   </div>
   <div class='ocr_carea' id='block_1_39' title="bbox 355 3543 2013 3624">
    <p class='ocr_par' dir='ltr' id='par_1_39' title="bbox 355 3543 2013 3624">
     <span class='ocr_line' id='line_1_39' title="bbox 355 3543 2013 3624; baseline -0.002 -20"><span class='ocrx_word' id='word_1_280' title='bbox 355 3551 446 3620; x_wconf 86' lang='grc' dir='ltr'>θη.</span> <span class='ocrx_word' id='word_1_281' title='bbox 497 3547 604 3604; x_wconf 83' lang='grc' dir='ltr'><strong>Καὶ</strong></span> <span class='ocrx_word' id='word_1_282' title='bbox 642 3549 734 3603; x_wconf 86' lang='grc' dir='ltr'>τὸν</span> <span class='ocrx_word' id='word_1_283' title='bbox 787 3545 1066 3624; x_wconf 88' lang='grc' dir='ltr'>Ἰορδάνην</span> <span class='ocrx_word' id='word_1_284' title='bbox 1114 3546 1396 3624; x_wconf 83' lang='grc' dir='ltr'>παρῆλθον</span> <span class='ocrx_word' id='word_1_285' title='bbox 1451 3546 1604 3618; x_wconf 80' lang='grc' dir='ltr'>ποδὶ,</span> <span class='ocrx_word' id='word_1_286' title='bbox 1660 3543 1904 3624; x_wconf 76' lang='grc' dir='ltr'>ἄϐροχον</span> <span class='ocrx_word' id='word_1_287' title='bbox 1950 3545 2013 3600; x_wconf 87' lang='grc' dir='ltr'><strong>τὸ</strong></span> 
     </span>
    </p>
   </div>
   <div class='ocr_carea' id='block_1_40' title="bbox 355 3633 2012 3716">
    <p class='ocr_par' dir='ltr' id='par_1_40' title="bbox 355 3633 2012 3716">
     <span class='ocr_line' id='line_1_40' title="bbox 355 3633 2012 3716; baseline -0.001 -24"><span class='ocrx_word' id='word_1_288' title='bbox 355 3635 515 3714; x_wconf 68' lang='grc' dir='ltr'>ἴχνος</span> <span class='ocrx_word' id='word_1_289' title='bbox 545 3633 984 3714; x_wconf 81' lang='grc' dir='ltr'>διαφυλάξαντες,</span> <span class='ocrx_word' id='word_1_290' title='bbox 1014 3641 1094 3711; x_wconf 78' lang='grc' dir='ltr'>τῷ</span> <span class='ocrx_word' id='word_1_291' title='bbox 1120 3643 1292 3693; x_wconf 82' lang='grc' dir='ltr'>πᾶσαν</span> <span class='ocrx_word' id='word_1_292' title='bbox 1325 3633 1530 3712; x_wconf 78' lang='grc' dir='ltr'>ἰκμάδα</span> <span class='ocrx_word' id='word_1_293' title='bbox 1560 3636 1886 3716; x_wconf 74' lang='grc' dir='ltr'>ὑποφεύγειν</span> <span class='ocrx_word' id='word_1_294' title='bbox 1918 3635 2012 3691; x_wconf 83' lang='grc' dir='ltr'><strong>αύ-</strong></span> 
     </span>
    </p>
   </div>
   <div class='ocr_carea' id='block_1_41' title="bbox 355 3723 791 3800">
    <p class='ocr_par' dir='ltr' id='par_1_41' title="bbox 355 3723 791 3800">
     <span class='ocr_line' id='line_1_41' title="bbox 355 3723 791 3800; baseline -0.005 -18"><span class='ocrx_word' id='word_1_295' title='bbox 355 3723 465 3782; x_wconf 79' lang='grc' dir='ltr'>τῶν</span> <span class='ocrx_word' id='word_1_296' title='bbox 485 3727 586 3795; x_wconf 76' lang='grc' dir='ltr'><strong>τήν</strong></span> <span class='ocrx_word' id='word_1_297' title='bbox 617 3724 791 3800; x_wconf 89' lang='grc' dir='ltr'>βάσιν.</span> 
     </span>
    </p>
   </div>
   <div class='ocr_carea' id='block_1_42' title="bbox 429 3813 2011 3892">
    <p class='ocr_par' dir='ltr' id='par_1_42' title="bbox 429 3813 2011 3892">
     <span class='ocr_line' id='line_1_42' title="bbox 429 3813 2011 3892; baseline -0.003 -18"><span class='ocrx_word' id='word_1_298' title='bbox 429 3819 556 3874; x_wconf 82' lang='grc'>252.</span> <span class='ocrx_word' id='word_1_299' title='bbox 589 3816 721 3871; x_wconf 85' lang='grc' dir='ltr'>Τότε</span> <span class='ocrx_word' id='word_1_300' title='bbox 763 3816 853 3870; x_wconf 77' lang='grc' dir='ltr'>οὖν</span> <span class='ocrx_word' id='word_1_301' title='bbox 899 3815 1009 3890; x_wconf 69' lang='grc' dir='ltr'>ἐρεῖ</span> <span class='ocrx_word' id='word_1_302' title='bbox 1059 3815 1089 3870; x_wconf 94' lang='lat'><strong>6</strong></span> <span class='ocrx_word' id='word_1_303' title='bbox 1121 3813 1272 3878; x_wconf 86' lang='grc' dir='ltr'>λαός·</span> <span class='ocrx_word' id='word_1_304' title='bbox 1322 3815 1622 3892; x_wconf 73' lang='grc' dir='ltr'>Εὐλογήσω</span> <span class='ocrx_word' id='word_1_305' title='bbox 1679 3837 1757 3888; x_wconf 90' lang='grc' dir='ltr'><strong>σε,</strong></span> <span class='ocrx_word' id='word_1_306' title='bbox 1823 3815 2011 3892; x_wconf 86' lang='grc' dir='ltr'>Κύριε,</span> 
     </span>
    </p>
   </div>
   <div class='ocr_carea' id='block_1_43' title="bbox 360 3903 2015 3981">
    <p class='ocr_par' dir='ltr' id='par_1_43' title="bbox 360 3903 2015 3981">
     <span class='ocr_line' id='line_1_43' title="bbox 360 3903 2015 3981; baseline 0.001 -20"><span class='ocrx_word' id='word_1_307' title='bbox 360 3903 501 3962; x_wconf 87' lang='grc' dir='ltr'>διότι</span> <span class='ocrx_word' id='word_1_308' title='bbox 573 3903 852 3981; x_wconf 87' lang='grc' dir='ltr'>ὠργίσθης</span> <span class='ocrx_word' id='word_1_309' title='bbox 930 3925 1045 3979; x_wconf 87' lang='grc' dir='ltr'>μοι,</span> <span class='ocrx_word' id='word_1_310' title='bbox 1109 3905 1199 3959; x_wconf 86' lang='grc' dir='ltr'>καὶ</span> <span class='ocrx_word' id='word_1_311' title='bbox 1274 3903 1609 3981; x_wconf 74' lang='grc' dir='ltr'>ἀπέστρεψας</span> <span class='ocrx_word' id='word_1_312' title='bbox 1687 3906 1778 3962; x_wconf 84' lang='grc' dir='ltr'><strong>τὸν</strong></span> <span class='ocrx_word' id='word_1_313' title='bbox 1845 3907 2015 3980; x_wconf 85' lang='grc' dir='ltr'>θυμόν</span> 
     </span>
    </p>
   </div>
   <div class='ocr_carea' id='block_1_44' title="bbox 356 3991 2014 4072">
    <p class='ocr_par' dir='ltr' id='par_1_44' title="bbox 356 3991 2014 4072">
     <span class='ocr_line' id='line_1_44' title="bbox 356 3991 2014 4072; baseline -0.001 -21"><span class='ocrx_word' id='word_1_314' title='bbox 356 4016 476 4066; x_wconf 88' lang='grc' dir='ltr'>σου,</span> <span class='ocrx_word' id='word_1_315' title='bbox 523 3992 614 4050; x_wconf 83' lang='grc' dir='ltr'><strong>καὶ</strong></span> <span class='ocrx_word' id='word_1_316' title='bbox 671 3991 917 4066; x_wconf 80' lang='grc' dir='ltr'>ήλέησάς</span> <span class='ocrx_word' id='word_1_317' title='bbox 975 4015 1043 4069; x_wconf 87' lang='grc' dir='ltr'>με</span> <span class='ocrx_word' id='word_1_318' title='bbox 1097 3996 1234 4068; x_wconf 90' lang='grc'><strong>(75).</strong></span> <span class='ocrx_word' id='word_1_319' title='bbox 1297 3993 1542 4072; x_wconf 85' lang='grc' dir='ltr'>Ἀφίεταί</span> <span class='ocrx_word' id='word_1_320' title='bbox 1582 4016 1668 4058; x_wconf 85' lang='grc' dir='ltr'><strong>τις</strong></span> <span class='ocrx_word' id='word_1_321' title='bbox 1713 3995 2014 4068; x_wconf 84' lang='grc' dir='ltr'>πολλάκις,</span> 
     </span>
    </p>
   </div>
   <div class='ocr_carea' id='block_1_45' title="bbox 356 4080 2016 4160">
    <p class='ocr_par' dir='ltr' id='par_1_45' title="bbox 356 4080 2016 4160">
     <span class='ocr_line' id='line_1_45' title="bbox 356 4080 2016 4160; baseline 0 -19"><span class='ocrx_word' id='word_1_322' title='bbox 356 4083 447 4141; x_wconf 82' lang='grc' dir='ltr'>καὶ</span> <span class='ocrx_word' id='word_1_323' title='bbox 515 4081 981 4160; x_wconf 84' lang='grc' dir='ltr'>ἐγκαταλείπεται,</span> <span class='ocrx_word' id='word_1_324' title='bbox 1032 4080 1122 4138; x_wconf 80' lang='grc' dir='ltr'><strong>διὰ</strong></span> <span class='ocrx_word' id='word_1_325' title='bbox 1163 4082 1228 4138; x_wconf 84' lang='grc' dir='ltr'>τὸ</span> <span class='ocrx_word' id='word_1_326' title='bbox 1269 4084 1405 4157; x_wconf 72' lang='grc' dir='ltr'>ἅπαξ</span> <span class='ocrx_word' id='word_1_327' title='bbox 1439 4084 1771 4159; x_wconf 79' lang='grc' dir='ltr'>ὑποσυρῆναι</span> <span class='ocrx_word' id='word_1_328' title='bbox 1827 4085 1905 4149; x_wconf 70' lang='grc' dir='ltr'>εἰς</span> <span class='ocrx_word' id='word_1_329' title='bbox 1946 4087 2016 4141; x_wconf 84' lang='grc' dir='ltr'><strong>τὰ</strong></span> 
     </span>
    </p>
   </div>
   <div class='ocr_carea' id='block_1_46' title="bbox 360 4171 2012 4250">
    <p class='ocr_par' dir='ltr' id='par_1_46' title="bbox 360 4171 2012 4250">
     <span class='ocr_line' id='line_1_46' title="bbox 360 4171 2012 4250; baseline 0 -20"><span class='ocrx_word' id='word_1_330' title='bbox 360 4172 630 4248; x_wconf 78' lang='grc' dir='ltr'>Αἰγύπτια</span> <span class='ocrx_word' id='word_1_331' title='bbox 658 4172 817 4244; x_wconf 79' lang='grc' dir='ltr'>κακὰ,</span> <span class='ocrx_word' id='word_1_332' title='bbox 847 4173 937 4228; x_wconf 85' lang='grc' dir='ltr'><strong>καὶ</strong></span> <span class='ocrx_word' id='word_1_333' title='bbox 969 4171 1169 4250; x_wconf 88' lang='grc' dir='ltr'>χρόνον</span> <span class='ocrx_word' id='word_1_334' title='bbox 1211 4172 1334 4228; x_wconf 78' lang='grc' dir='ltr'>τινὰ</span> <span class='ocrx_word' id='word_1_335' title='bbox 1380 4173 1685 4230; x_wconf 76' lang='grc' dir='ltr'>ἀπολαῦσαι</span> <span class='ocrx_word' id='word_1_336' title='bbox 1721 4182 1824 4246; x_wconf 82' lang='grc' dir='ltr'><strong>τῆς</strong></span> <span class='ocrx_word' id='word_1_337' title='bbox 1872 4173 2012 4238; x_wconf 84' lang='grc' dir='ltr'>ἰδίας</span> 
     </span>
    </p>
   </div>
   <div class='ocr_carea' id='block_1_47' title="bbox 359 4257 2008 4340">
    <p class='ocr_par' dir='ltr' id='par_1_47' title="bbox 359 4257 2008 4340">
     <span class='ocr_line' id='line_1_47' title="bbox 359 4257 2008 4340; baseline 0.002 -22"><span class='ocrx_word' id='word_1_338' title='bbox 359 4257 645 4331; x_wconf 73' lang='grc' dir='ltr'>ἀϐουλίας,</span> <span class='ocrx_word' id='word_1_339' title='bbox 680 4260 770 4318; x_wconf 71' lang='grc' dir='ltr'>’ίνα</span> <span class='ocrx_word' id='word_1_340' title='bbox 824 4261 1009 4340; x_wconf 78' lang='grc' dir='ltr'>Θερίσῃ</span> <span class='ocrx_word' id='word_1_341' title='bbox 1070 4263 1102 4318; x_wconf 76' lang='lat' dir='ltr'><strong>bl</strong></span> <span class='ocrx_word' id='word_1_342' title='bbox 1162 4259 1375 4340; x_wconf 78' lang='grc' dir='ltr'>ἔσπειρε</span> <span class='ocrx_word' id='word_1_343' title='bbox 1429 4269 1628 4330; x_wconf 82' lang='grc' dir='ltr'>κακῶς·</span> <span class='ocrx_word' id='word_1_344' title='bbox 1680 4265 1739 4328; x_wconf 79' lang='grc' dir='ltr'>ὃς</span> <span class='ocrx_word' id='word_1_345' title='bbox 1797 4263 2008 4321; x_wconf 76' lang='grc' dir='ltr'>ἐπειδὰν</span> 
     </span>
    </p>
   </div>
   <div class='ocr_carea' id='block_1_48' title="bbox 363 4351 2013 4432">
    <p class='ocr_par' dir='ltr' id='par_1_48' title="bbox 363 4351 2013 4432">
     <span class='ocr_line' id='line_1_48' title="bbox 363 4351 2013 4432; baseline 0.003 -26"><span class='ocrx_word' id='word_1_346' title='bbox 363 4353 439 4427; x_wconf 81' lang='grc' dir='ltr'>μὴ</span> <span class='ocrx_word' id='word_1_347' title='bbox 473 4351 552 4416; x_wconf 86' lang='grc' dir='ltr'>εἰς</span> <span class='ocrx_word' id='word_1_348' title='bbox 579 4353 642 4408; x_wconf 87' lang='grc' dir='ltr'>τὸ</span> <span class='ocrx_word' id='word_1_349' title='bbox 672 4351 934 4416; x_wconf 66' lang='grc' dir='ltr'>παντελὲς</span> <span class='ocrx_word' id='word_1_350' title='bbox 984 4352 1403 4430; x_wconf 79' lang='grc' dir='ltr'>ἐγκαταλειφθῇ,</span> <span class='ocrx_word' id='word_1_351' title='bbox 1465 4355 1611 4412; x_wconf 80' lang='grc' dir='ltr'><strong>ἀλλᾶ</strong></span> <span class='ocrx_word' id='word_1_352' title='bbox 1664 4355 1808 4432; x_wconf 83' lang='grc' dir='ltr'>τύχῃ</span> <span class='ocrx_word' id='word_1_353' title='bbox 1863 4355 2013 4418; x_wconf 81' lang='grc' dir='ltr'>τινὸς</span> 
     </span>
    </p>
   </div>
   <div class='ocr_carea' id='block_1_49' title="bbox 360 4439 2011 4521">
    <p class='ocr_par' dir='ltr' id='par_1_49' title="bbox 360 4439 2011 4521">
     <span class='ocr_line' id='line_1_49' title="bbox 360 4439 2011 4521; baseline 0.002 -25"><span class='ocrx_word' id='word_1_354' title='bbox 360 4441 662 4520; x_wconf 83' lang='grc' dir='ltr'>εὐεργεσίας</span> <span class='ocrx_word' id='word_1_355' title='bbox 740 4439 852 4519; x_wconf 84' lang='grc' dir='ltr'>ἐρεῖ</span> <span class='ocrx_word' id='word_1_356' title='bbox 916 4443 1001 4513; x_wconf 80' lang='grc' dir='ltr'>τὸ,</span> <span class='ocrx_word' id='word_1_357' title='bbox 1077 4442 1389 4521; x_wconf 82' lang='grc' dir='ltr'>Εύλογήσω</span> <span class='ocrx_word' id='word_1_358' title='bbox 1463 4466 1542 4514; x_wconf 87' lang='grc' dir='ltr'><strong>σε,</strong></span> <span class='ocrx_word' id='word_1_359' title='bbox 1621 4445 1802 4521; x_wconf 83' lang='grc' dir='ltr'>Κύριε,</span> <span class='ocrx_word' id='word_1_360' title='bbox 1873 4443 2011 4501; x_wconf 88' lang='grc' dir='ltr'>διότι</span> 
     </span>
    </p>
   </div>
   <div class='ocr_carea' id='block_1_50' title="bbox 363 4528 2013 4610">
    <p class='ocr_par' dir='ltr' id='par_1_50' title="bbox 363 4528 2013 4610">
     <span class='ocr_line' id='line_1_50' title="bbox 363 4528 2013 4610; baseline 0.002 -24"><span class='ocrx_word' id='word_1_361' title='bbox 363 4528 632 4608; x_wconf 70' lang='grc' dir='ltr'>ὠργίσθητε</span> <span class='ocrx_word' id='word_1_362' title='bbox 717 4551 812 4605; x_wconf 88' lang='grc' dir='ltr'>μοι</span> <span class='ocrx_word' id='word_1_363' title='bbox 889 4533 1027 4606; x_wconf 86' lang='grc'>(76),</span> <span class='ocrx_word' id='word_1_364' title='bbox 1103 4535 1195 4588; x_wconf 84' lang='grc' dir='ltr'><strong>καὶ</strong></span> <span class='ocrx_word' id='word_1_365' title='bbox 1281 4532 1615 4610; x_wconf 71' lang='grc' dir='ltr'>ἀπέστρεψας</span> <span class='ocrx_word' id='word_1_366' title='bbox 1693 4535 1784 4589; x_wconf 88' lang='grc' dir='ltr'>τὸν</span> <span class='ocrx_word' id='word_1_367' title='bbox 1843 4534 2013 4610; x_wconf 78' lang='grc' dir='ltr'>θυμόν</span> 
     </span>
    </p>
   </div>
   <div class='ocr_carea' id='block_1_51' title="bbox 2118 600 3774 674">
    <p class='ocr_par' dir='ltr' id='par_1_51' title="bbox 2118 600 3774 674">
     <span class='ocr_line' id='line_1_51' title="bbox 2118 600 3774 674; baseline 0.001 -18"><span class='ocrx_word' id='word_1_368' title='bbox 2118 603 2385 657; x_wconf 81' lang='lat' dir='ltr'><strong>Dominus</strong></span> <span class='ocrx_word' id='word_1_369' title='bbox 2411 619 2564 658; x_wconf 86' lang='lat' dir='ltr'><strong>mare</strong></span> <span class='ocrx_word' id='word_1_370' title='bbox 2593 605 2830 674; x_wconf 79' lang='lat' dir='ltr'><strong>AE&#39;gypti.</strong></span> <span class='ocrx_word' id='word_1_371' title='bbox 2861 604 3370 670; x_wconf 82' lang='lat' dir='ltr'><strong>Quemadmodum</strong></span> <span class='ocrx_word' id='word_1_372' title='bbox 3400 600 3662 658; x_wconf 86' lang='lat' dir='ltr'><strong>Ezechiel</strong></span> <span class='ocrx_word' id='word_1_373' title='bbox 3693 602 3774 658; x_wconf 91' lang='lat' dir='ltr'><strong>ait</strong></span> 
     </span>
    </p>
   </div>
   <div class='ocr_carea' id='block_1_52' title="bbox 2119 690 3773 766">
    <p class='ocr_par' dir='ltr' id='par_1_52' title="bbox 2119 690 3773 766">
     <span class='ocr_line' id='line_1_52' title="bbox 2119 690 3773 766; baseline 0 -20"><span class='ocrx_word' id='word_1_374' title='bbox 2119 707 2248 748; x_wconf 87' lang='lat' dir='ltr'><strong>esse</strong></span> <span class='ocrx_word' id='word_1_375' title='bbox 2296 692 2524 764; x_wconf 68' lang='lat' dir='ltr'><strong>Egypti</strong></span> <span class='ocrx_word' id='word_1_376' title='bbox 2574 693 2806 761; x_wconf 89' lang='lat' dir='ltr'><strong>ﬂuvios,</strong></span> <span class='ocrx_word' id='word_1_377' title='bbox 2839 710 2988 766; x_wconf 91' lang='lat' dir='ltr'><strong>quos</strong></span> <span class='ocrx_word' id='word_1_378' title='bbox 3036 694 3355 750; x_wconf 85' lang='lat' dir='ltr'><strong>confecisse</strong></span> <span class='ocrx_word' id='word_1_379' title='bbox 3386 708 3448 750; x_wconf 91' lang='lat' dir='ltr'><strong>se</strong></span> <span class='ocrx_word' id='word_1_380' title='bbox 3489 690 3773 765; x_wconf 80' lang='lat' dir='ltr'><strong>gloriatur</strong></span> 
     </span>
    </p>
   </div>
   <div class='ocr_carea' id='block_1_53' title="bbox 2122 780 3772 856">
    <p class='ocr_par' dir='ltr' id='par_1_53' title="bbox 2122 780 3772 856">
     <span class='ocr_line' id='line_1_53' title="bbox 2122 780 3772 856; baseline 0 -20"><span class='ocrx_word' id='word_1_381' title='bbox 2122 782 2347 837; x_wconf 83' lang='lat' dir='ltr'><strong>Pharao</strong></span> <span class='ocrx_word' id='word_1_382' title='bbox 2367 783 2448 838; x_wconf 66' lang='lat'><strong>&quot;5:</strong></span> <span class='ocrx_word' id='word_1_383' title='bbox 2501 783 2583 838; x_wconf 87' lang='lat' dir='ltr'><strong>ita</strong></span> <span class='ocrx_word' id='word_1_384' title='bbox 2635 783 2820 840; x_wconf 82' lang='lat' dir='ltr'><strong>Isaias</strong></span> <span class='ocrx_word' id='word_1_385' title='bbox 2851 785 2922 840; x_wconf 91' lang='lat' dir='ltr'><strong>de</strong></span> <span class='ocrx_word' id='word_1_386' title='bbox 2953 784 3100 839; x_wconf 89' lang='lat' dir='ltr'><strong>mari</strong></span> <span class='ocrx_word' id='word_1_387' title='bbox 3130 782 3361 856; x_wconf 73' lang='lat' dir='ltr'><strong>Egypti</strong></span> <span class='ocrx_word' id='word_1_388' title='bbox 3391 799 3426 838; x_wconf 89' lang='lat' dir='ltr'><strong>a</strong></span> <span class='ocrx_word' id='word_1_389' title='bbox 3453 782 3606 838; x_wconf 90' lang='lat' dir='ltr'><strong>bono</strong></span> <span class='ocrx_word' id='word_1_390' title='bbox 3654 780 3772 836; x_wconf 89' lang='lat' dir='ltr'><strong>Deo</strong></span> 
     </span>
    </p>
   </div>
   <div class='ocr_carea' id='block_1_54' title="bbox 2123 869 3773 928">
    <p class='ocr_par' dir='ltr' id='par_1_54' title="bbox 2123 869 3773 928">
     <span class='ocr_line' id='line_1_54' title="bbox 2123 869 3773 928; baseline 0 -2"><span class='ocrx_word' id='word_1_391' title='bbox 2123 871 2440 928; x_wconf 88' lang='lat' dir='ltr'><strong>desolando</strong></span> <span class='ocrx_word' id='word_1_392' title='bbox 2501 873 2848 928; x_wconf 79' lang='lat' dir='ltr'><strong>nominatim</strong></span> <span class='ocrx_word' id='word_1_393' title='bbox 2909 873 3266 928; x_wconf 87' lang='lat' dir='ltr'><strong>mentionem</strong></span> <span class='ocrx_word' id='word_1_394' title='bbox 3322 872 3477 928; x_wconf 82' lang='lat' dir='ltr'><strong>facit.</strong></span> <span class='ocrx_word' id='word_1_395' title='bbox 3512 869 3773 927; x_wconf 87' lang='lat' dir='ltr'><strong>Vastitas</strong></span> 
     </span>
    </p>
   </div>
   <div class='ocr_carea' id='block_1_55' title="bbox 2124 958 3772 1034">
    <p class='ocr_par' dir='ltr' id='par_1_55' title="bbox 2124 958 3772 1034">
     <span class='ocr_line' id='line_1_55' title="bbox 2124 958 3772 1034; baseline -0.002 -18"><span class='ocrx_word' id='word_1_396' title='bbox 2124 961 2281 1016; x_wconf 89' lang='lat' dir='ltr'><strong>enim</strong></span> <span class='ocrx_word' id='word_1_397' title='bbox 2315 978 2441 1034; x_wconf 69' lang='lat' dir='ltr'><strong>quae</strong></span> <span class='ocrx_word' id='word_1_398' title='bbox 2475 966 2608 1034; x_wconf 91' lang='lat' dir='ltr'><strong>post</strong></span> <span class='ocrx_word' id='word_1_399' title='bbox 2637 978 2813 1032; x_wconf 90' lang='lat' dir='ltr'><strong>prava</strong></span> <span class='ocrx_word' id='word_1_400' title='bbox 2835 962 3093 1018; x_wconf 83' lang='lat' dir='ltr'><strong>facinora</strong></span> <span class='ocrx_word' id='word_1_401' title='bbox 3121 967 3383 1034; x_wconf 89' lang='lat' dir='ltr'><strong>tempore</strong></span> <span class='ocrx_word' id='word_1_402' title='bbox 3414 964 3648 1031; x_wconf 88' lang='lat' dir='ltr'><strong>accepto</strong></span> <span class='ocrx_word' id='word_1_403' title='bbox 3677 958 3772 1014; x_wconf 88' lang='lat' dir='ltr'><strong>in-</strong></span> 
     </span>
    </p>
   </div>
   <div class='ocr_carea' id='block_1_56' title="bbox 2124 1050 3772 1122">
    <p class='ocr_par' dir='ltr' id='par_1_56' title="bbox 2124 1050 3772 1122">
     <span class='ocr_line' id='line_1_56' title="bbox 2124 1050 3772 1122; baseline -0.002 -16"><span class='ocrx_word' id='word_1_404' title='bbox 2124 1051 2381 1122; x_wconf 84' lang='lat' dir='ltr'><strong>ducitur,</strong></span> <span class='ocrx_word' id='word_1_405' title='bbox 2415 1051 2681 1107; x_wconf 90' lang='lat' dir='ltr'><strong>beneﬂcii</strong></span> <span class='ocrx_word' id='word_1_406' title='bbox 2729 1050 2855 1108; x_wconf 93' lang='lat' dir='ltr'><strong>loco</strong></span> <span class='ocrx_word' id='word_1_407' title='bbox 2905 1051 3172 1107; x_wconf 89' lang='lat' dir='ltr'><strong>habenda</strong></span> <span class='ocrx_word' id='word_1_408' title='bbox 3219 1055 3326 1107; x_wconf 88' lang='lat' dir='ltr'><strong>est.</strong></span> <span class='ocrx_word' id='word_1_409' title='bbox 3359 1050 3527 1106; x_wconf 85' lang='lat' dir='ltr'><strong>Sicut</strong></span> <span class='ocrx_word' id='word_1_410' title='bbox 3576 1051 3772 1104; x_wconf 87' lang='lat' dir='ltr'><strong>autem</strong></span> 
     </span>
    </p>
   </div>
   <div class='ocr_carea' id='block_1_57' title="bbox 2126 1139 3772 1213">
    <p class='ocr_par' dir='ltr' id='par_1_57' title="bbox 2126 1139 3772 1213">
     <span class='ocr_line' id='line_1_57' title="bbox 2126 1139 3772 1213; baseline -0.002 -16"><span class='ocrx_word' id='word_1_411' title='bbox 2126 1140 2401 1197; x_wconf 81' lang='lat' dir='ltr'><strong>Desolabit</strong></span> <span class='ocrx_word' id='word_1_412' title='bbox 2448 1141 2711 1197; x_wconf 77' lang='lat' dir='ltr'><strong>Dominus</strong></span> <span class='ocrx_word' id='word_1_413' title='bbox 2755 1157 2910 1197; x_wconf 84' lang='lat' dir='ltr'><strong>mare</strong></span> <span class='ocrx_word' id='word_1_414' title='bbox 2953 1142 3190 1213; x_wconf 64' lang='lat' dir='ltr'><strong>Egypti,</strong></span> <span class='ocrx_word' id='word_1_415' title='bbox 3223 1140 3547 1211; x_wconf 79' lang='lat' dir='ltr'><strong>invadetque</strong></span> <span class='ocrx_word' id='word_1_416' title='bbox 3575 1139 3636 1194; x_wconf 87' lang='lat' dir='ltr'><strong>in</strong></span> <span class='ocrx_word' id='word_1_417' title='bbox 3665 1139 3772 1208; x_wconf 83' lang='lat' dir='ltr'><strong>ﬂu-</strong></span> 
     </span>
    </p>
   </div>
   <div class='ocr_carea' id='block_1_58' title="bbox 2124 1229 3774 1302">
    <p class='ocr_par' dir='ltr' id='par_1_58' title="bbox 2124 1229 3774 1302">
     <span class='ocr_line' id='line_1_58' title="bbox 2124 1229 3774 1302; baseline -0.002 -15"><span class='ocrx_word' id='word_1_418' title='bbox 2124 1232 2277 1287; x_wconf 91' lang='lat' dir='ltr'><strong>vium</strong></span> <span class='ocrx_word' id='word_1_419' title='bbox 2303 1248 2428 1287; x_wconf 88' lang='lat' dir='ltr'><strong>cnm</strong></span> <span class='ocrx_word' id='word_1_420' title='bbox 2457 1231 2639 1288; x_wconf 82' lang='lat' dir='ltr'><strong>valido</strong></span> <span class='ocrx_word' id='word_1_421' title='bbox 2672 1238 2722 1287; x_wconf 75' lang='lat' dir='ltr'><strong>et</strong></span> <span class='ocrx_word' id='word_1_422' title='bbox 2750 1231 3063 1287; x_wconf 81' lang='lat' dir='ltr'><strong>vehementi</strong></span> <span class='ocrx_word' id='word_1_423' title='bbox 3087 1231 3288 1302; x_wconf 75' lang='lat' dir='ltr'><strong>spiritu</strong></span> <span class='ocrx_word' id='word_1_424' title='bbox 3314 1247 3333 1286; x_wconf 90' lang='lat'><strong><em>:</em></strong></span> <span class='ocrx_word' id='word_1_425' title='bbox 3365 1229 3458 1285; x_wconf 90' lang='lat' dir='ltr'><strong>Sic</strong></span> <span class='ocrx_word' id='word_1_426' title='bbox 3488 1229 3554 1284; x_wconf 87' lang='lat' dir='ltr'><strong>Et</strong></span> <span class='ocrx_word' id='word_1_427' title='bbox 3581 1242 3774 1299; x_wconf 74' lang='lat' dir='ltr'><strong>percu-</strong></span> 
     </span>
    </p>
   </div>
   <div class='ocr_carea' id='block_1_59' title="bbox 2125 1315 3772 1395">
    <p class='ocr_par' dir='ltr' id='par_1_59' title="bbox 2125 1315 3772 1395">
     <span class='ocr_line' id='line_1_59' title="bbox 2125 1315 3772 1395; baseline -0.003 -19"><span class='ocrx_word' id='word_1_428' title='bbox 2125 1322 2220 1376; x_wconf 78' lang='lat' dir='ltr'><strong>tiet</strong></span> <span class='ocrx_word' id='word_1_429' title='bbox 2247 1328 2447 1394; x_wconf 74' lang='lat' dir='ltr'><strong>septem</strong></span> <span class='ocrx_word' id='word_1_430' title='bbox 2495 1322 2724 1395; x_wconf 63' lang='lat' dir='ltr'><strong>Egypti</strong></span> <span class='ocrx_word' id='word_1_431' title='bbox 2752 1321 2957 1387; x_wconf 79' lang='lat' dir='ltr'><strong>vattcs;</strong></span> <span class='ocrx_word' id='word_1_432' title='bbox 2985 1323 3242 1392; x_wconf 88' lang='lat' dir='ltr'><strong>tuncque</strong></span> <span class='ocrx_word' id='word_1_433' title='bbox 3274 1317 3488 1391; x_wconf 85' lang='lat' dir='ltr'><strong>quivis,</strong></span> <span class='ocrx_word' id='word_1_434' title='bbox 3519 1316 3608 1372; x_wconf 89' lang='lat' dir='ltr'><strong>vel</strong></span> <span class='ocrx_word' id='word_1_435' title='bbox 3653 1315 3772 1372; x_wconf 85' lang='lat' dir='ltr'><strong>cal-</strong></span> 
     </span>
    </p>
   </div>
   <div class='ocr_carea' id='block_1_60' title="bbox 2123 1407 3773 1484">
    <p class='ocr_par' dir='ltr' id='par_1_60' title="bbox 2123 1407 3773 1484">
     <span class='ocr_line' id='line_1_60' title="bbox 2123 1407 3773 1484; baseline -0.004 -18"><span class='ocrx_word' id='word_1_436' title='bbox 2123 1415 2347 1479; x_wconf 80' lang='lat' dir='ltr'><strong>ceatus,</strong></span> <span class='ocrx_word' id='word_1_437' title='bbox 2380 1410 2657 1467; x_wconf 81' lang='lat' dir='ltr'><strong>transibit</strong></span> <span class='ocrx_word' id='word_1_438' title='bbox 2686 1409 2916 1484; x_wconf 70' lang='lat' dir='ltr'><strong>Egypti</strong></span> <span class='ocrx_word' id='word_1_439' title='bbox 2943 1409 3210 1465; x_wconf 91' lang='lat' dir='ltr'><strong>ﬂuvium.</strong></span> <span class='ocrx_word' id='word_1_440' title='bbox 3234 1407 3536 1481; x_wconf 80' lang='lat' dir='ltr'><strong>Signiﬁcat</strong></span> <span class='ocrx_word' id='word_1_441' title='bbox 3567 1420 3773 1479; x_wconf 86' lang='lat' dir='ltr'><strong>parum</strong></span> 
     </span>
    </p>
   </div>
   <div class='ocr_carea' id='block_1_61' title="bbox 2121 1493 3774 1574">
    <p class='ocr_par' dir='ltr' id='par_1_61' title="bbox 2121 1493 3774 1574">
     <span class='ocr_line' id='line_1_61' title="bbox 2121 1493 3774 1574; baseline -0.004 -18"><span class='ocrx_word' id='word_1_442' title='bbox 2121 1517 2285 1572; x_wconf 83' lang='lat' dir='ltr'><strong>aquae</strong></span> <span class='ocrx_word' id='word_1_443' title='bbox 2317 1500 2376 1556; x_wconf 91' lang='lat' dir='ltr'><strong>in</strong></span> <span class='ocrx_word' id='word_1_444' title='bbox 2408 1517 2562 1574; x_wconf 89' lang='lat' dir='ltr'><strong>aqua</strong></span> <span class='ocrx_word' id='word_1_445' title='bbox 2593 1499 2812 1556; x_wconf 89' lang='lat' dir='ltr'><strong>ﬂuviali</strong></span> <span class='ocrx_word' id='word_1_446' title='bbox 2843 1498 3114 1556; x_wconf 87' lang='lat' dir='ltr'><strong>relictum</strong></span> <span class='ocrx_word' id='word_1_447' title='bbox 3145 1499 3240 1554; x_wconf 88' lang='lat' dir='ltr'><strong>iri.</strong></span> <span class='ocrx_word' id='word_1_448' title='bbox 3262 1497 3447 1553; x_wconf 88' lang='lat' dir='ltr'><strong>Tanta</strong></span> <span class='ocrx_word' id='word_1_449' title='bbox 3475 1495 3632 1553; x_wconf 89' lang='lat' dir='ltr'><strong>enim</strong></span> <span class='ocrx_word' id='word_1_450' title='bbox 3663 1493 3774 1551; x_wconf 86' lang='lat' dir='ltr'><strong>erit</strong></span> 
     </span>
    </p>
   </div>
   <div class='ocr_carea' id='block_1_62' title="bbox 2122 1583 3771 1662">
    <p class='ocr_par' dir='ltr' id='par_1_62' title="bbox 2122 1583 3771 1662">
     <span class='ocr_line' id='line_1_62' title="bbox 2122 1583 3771 1662; baseline -0.004 -18"><span class='ocrx_word' id='word_1_451' title='bbox 2122 1606 2286 1660; x_wconf 69' lang='lat' dir='ltr'><strong>aquae</strong></span> <span class='ocrx_word' id='word_1_452' title='bbox 2318 1589 2582 1662; x_wconf 89' lang='lat' dir='ltr'><strong>penuria,</strong></span> <span class='ocrx_word' id='word_1_453' title='bbox 2611 1593 2713 1645; x_wconf 88' lang='lat' dir='ltr'><strong>aut</strong></span> <span class='ocrx_word' id='word_1_454' title='bbox 2741 1589 2920 1644; x_wconf 91' lang='lat' dir='ltr'><strong>etiam</strong></span> <span class='ocrx_word' id='word_1_455' title='bbox 2972 1588 3054 1643; x_wconf 91' lang='lat' dir='ltr'><strong>ita</strong></span> <span class='ocrx_word' id='word_1_456' title='bbox 3091 1587 3331 1644; x_wconf 88' lang='lat' dir='ltr'><strong>omnino</strong></span> <span class='ocrx_word' id='word_1_457' title='bbox 3361 1583 3771 1652; x_wconf 81' lang='lat' dir='ltr'><strong>exsiccabitur,</strong></span> 
     </span>
    </p>
   </div>
   <div class='ocr_carea' id='block_1_63' title="bbox 2121 1673 3769 1749">
    <p class='ocr_par' dir='ltr' id='par_1_63' title="bbox 2121 1673 3769 1749">
     <span class='ocr_line' id='line_1_63' title="bbox 2121 1673 3769 1749; baseline -0.004 -15"><span class='ocrx_word' id='word_1_458' title='bbox 2121 1684 2188 1734; x_wconf 90' lang='lat' dir='ltr'><strong>ut</strong></span> <span class='ocrx_word' id='word_1_459' title='bbox 2216 1679 2418 1736; x_wconf 90' lang='lat' dir='ltr'><strong>nullus</strong></span> <span class='ocrx_word' id='word_1_460' title='bbox 2469 1695 2854 1736; x_wconf 79' lang='lat' dir='ltr'><strong>remansuras</strong></span> <span class='ocrx_word' id='word_1_461' title='bbox 2893 1678 2970 1734; x_wconf 90' lang='lat' dir='ltr'><strong>sit</strong></span> <span class='ocrx_word' id='word_1_462' title='bbox 3015 1677 3249 1747; x_wconf 87' lang='lat' dir='ltr'><strong>humor,</strong></span> <span class='ocrx_word' id='word_1_463' title='bbox 3283 1676 3383 1749; x_wconf 91' lang='lat' dir='ltr'><strong>qui</strong></span> <span class='ocrx_word' id='word_1_464' title='bbox 3433 1673 3769 1747; x_wconf 89' lang='lat' dir='ltr'><strong>quempiam</strong></span> 
     </span>
    </p>
   </div>
   <div class='ocr_carea' id='block_1_64' title="bbox 2120 1763 3769 1842">
    <p class='ocr_par' dir='ltr' id='par_1_64' title="bbox 2120 1763 3769 1842">
     <span class='ocr_line' id='line_1_64' title="bbox 2120 1763 3769 1842; baseline -0.005 -19"><span class='ocrx_word' id='word_1_465' title='bbox 2120 1773 2292 1842; x_wconf 82' lang='lat' dir='ltr'><strong>cogat</strong></span> <span class='ocrx_word' id='word_1_466' title='bbox 2339 1769 2562 1825; x_wconf 81' lang='lat' dir='ltr'><strong>calceos</strong></span> <span class='ocrx_word' id='word_1_467' title='bbox 2597 1769 2668 1824; x_wconf 91' lang='lat' dir='ltr'><strong>ad</strong></span> <span class='ocrx_word' id='word_1_468' title='bbox 2700 1767 2943 1824; x_wconf 87' lang='lat' dir='ltr'><strong>ﬂuvium</strong></span> <span class='ocrx_word' id='word_1_469' title='bbox 2996 1766 3411 1838; x_wconf 84' lang='lat' dir='ltr'><strong>trajiciendum</strong></span> <span class='ocrx_word' id='word_1_470' title='bbox 3443 1763 3769 1820; x_wconf 87' lang='lat' dir='ltr'><strong>detrahere.</strong></span> 
     </span>
    </p>
   </div>
   <div class='ocr_carea' id='block_1_65' title="bbox 2118 1852 3774 1926">
    <p class='ocr_par' dir='ltr' id='par_1_65' title="bbox 2118 1852 3774 1926">
     <span class='ocr_line' id='line_1_65' title="bbox 2118 1852 3774 1926; baseline -0.004 -13"><span class='ocrx_word' id='word_1_471' title='bbox 2118 1860 2232 1913; x_wconf 90' lang='lat' dir='ltr'><strong>Aut</strong></span> <span class='ocrx_word' id='word_1_472' title='bbox 2287 1859 2534 1915; x_wconf 84' lang='lat' dir='ltr'><strong>fortasse</strong></span> <span class='ocrx_word' id='word_1_473' title='bbox 2587 1858 2764 1915; x_wconf 89' lang='lat' dir='ltr'><strong>etiam</strong></span> <span class='ocrx_word' id='word_1_474' title='bbox 2819 1874 2952 1914; x_wconf 89' lang='lat' dir='ltr'><strong>cum</strong></span> <span class='ocrx_word' id='word_1_475' title='bbox 3006 1857 3231 1912; x_wconf 91' lang='lat' dir='ltr'><strong>dictum</strong></span> <span class='ocrx_word' id='word_1_476' title='bbox 3291 1855 3368 1910; x_wconf 90' lang='lat' dir='ltr'><strong>sit</strong></span> <span class='ocrx_word' id='word_1_477' title='bbox 3423 1852 3672 1926; x_wconf 74' lang='lat' dir='ltr'><strong>Moysi“</strong></span> <span class='ocrx_word' id='word_1_478' title='bbox 3714 1853 3774 1907; x_wconf 86' lang='lat' dir='ltr'><strong>et</strong></span> 
     </span>
    </p>
   </div>
   <div class='ocr_carea' id='block_1_66' title="bbox 2114 1939 3772 2020">
    <p class='ocr_par' dir='ltr' id='par_1_66' title="bbox 2114 1939 3772 2020">
     <span class='ocr_line' id='line_1_66' title="bbox 2114 1939 3772 2020; baseline -0.003 -19"><span class='ocrx_word' id='word_1_479' title='bbox 2114 1950 2252 2004; x_wconf 89' lang='lat' dir='ltr'><strong>Jesu</strong></span> <span class='ocrx_word' id='word_1_480' title='bbox 2275 1949 2338 2016; x_wconf 80' lang='grc'><strong>⁸⁷,</strong></span> <span class='ocrx_word' id='word_1_481' title='bbox 2395 1951 2462 2003; x_wconf 89' lang='lat' dir='ltr'><strong>ut</strong></span> <span class='ocrx_word' id='word_1_482' title='bbox 2518 1947 2684 2020; x_wconf 89' lang='lat' dir='ltr'><strong>pedis</strong></span> <span class='ocrx_word' id='word_1_483' title='bbox 2741 1946 3200 2002; x_wconf 88' lang='lat' dir='ltr'><strong>calceamentum</strong></span> <span class='ocrx_word' id='word_1_484' title='bbox 3259 1943 3568 2009; x_wconf 87' lang='lat' dir='ltr'><strong>solverent,</strong></span> <span class='ocrx_word' id='word_1_485' title='bbox 3615 1939 3772 2013; x_wconf 90' lang='lat' dir='ltr'><strong>quod</strong></span> 
     </span>
    </p>
   </div>
   <div class='ocr_carea' id='block_1_67' title="bbox 2114 2035 3770 2108">
    <p class='ocr_par' dir='ltr' id='par_1_67' title="bbox 2114 2035 3770 2108">
     <span class='ocr_line' id='line_1_67' title="bbox 2114 2035 3770 2108; baseline -0.005 -16"><span class='ocrx_word' id='word_1_486' title='bbox 2114 2040 2271 2092; x_wconf 90' lang='lat' dir='ltr'><strong>terra</strong></span> <span class='ocrx_word' id='word_1_487' title='bbox 2301 2037 2360 2092; x_wconf 91' lang='lat' dir='ltr'><strong>in</strong></span> <span class='ocrx_word' id='word_1_488' title='bbox 2391 2053 2510 2108; x_wconf 91' lang='lat' dir='ltr'><strong>qua</strong></span> <span class='ocrx_word' id='word_1_489' title='bbox 2539 2037 2794 2104; x_wconf 83' lang='lat' dir='ltr'><strong>stabant,</strong></span> <span class='ocrx_word' id='word_1_490' title='bbox 2820 2038 3026 2092; x_wconf 90' lang='lat' dir='ltr'><strong>sancta</strong></span> <span class='ocrx_word' id='word_1_491' title='bbox 3054 2037 3228 2104; x_wconf 88' lang='lat' dir='ltr'><strong>esset,</strong></span> <span class='ocrx_word' id='word_1_492' title='bbox 3256 2035 3459 2088; x_wconf 89' lang='lat' dir='ltr'><strong>contra</strong></span> <span class='ocrx_word' id='word_1_493' title='bbox 3487 2046 3619 2086; x_wconf 91' lang='lat' dir='ltr'><strong>cum</strong></span> <span class='ocrx_word' id='word_1_494' title='bbox 3651 2044 3770 2085; x_wconf 90' lang='lat' dir='ltr'><strong>non</strong></span> 
     </span>
    </p>
   </div>
   <div class='ocr_carea' id='block_1_68' title="bbox 2117 2119 3771 2199">
    <p class='ocr_par' dir='ltr' id='par_1_68' title="bbox 2117 2119 3771 2199">
     <span class='ocr_line' id='line_1_68' title="bbox 2117 2119 3771 2199; baseline -0.006 -16"><span class='ocrx_word' id='word_1_495' title='bbox 2117 2131 2275 2183; x_wconf 87' lang='lat' dir='ltr'><strong>esset</strong></span> <span class='ocrx_word' id='word_1_496' title='bbox 2303 2127 2595 2198; x_wconf 78' lang='lat' dir='ltr'><strong>ejusmodi</strong></span> <span class='ocrx_word' id='word_1_497' title='bbox 2626 2126 2929 2199; x_wconf 65' lang='lat' dir='ltr'><strong>Egyptus,</strong></span> <span class='ocrx_word' id='word_1_498' title='bbox 2964 2124 3065 2180; x_wconf 91' lang='lat' dir='ltr'><strong>sed</strong></span> <span class='ocrx_word' id='word_1_499' title='bbox 3110 2123 3373 2196; x_wconf 85' lang='lat' dir='ltr'><strong>profana,</strong></span> <span class='ocrx_word' id='word_1_500' title='bbox 3405 2121 3534 2176; x_wconf 89' lang='lat' dir='ltr'><strong>ideo</strong></span> <span class='ocrx_word' id='word_1_501' title='bbox 3552 2119 3771 2191; x_wconf 87' lang='lat' dir='ltr'><strong>juben-</strong></span> 
     </span>
    </p>
   </div>
   <div class='ocr_carea' id='block_1_69' title="bbox 2115 2207 3772 2285">
    <p class='ocr_par' dir='ltr' id='par_1_69' title="bbox 2115 2207 3772 2285">
     <span class='ocr_line' id='line_1_69' title="bbox 2115 2207 3772 2285; baseline -0.005 -13"><span class='ocrx_word' id='word_1_502' title='bbox 2115 2220 2216 2273; x_wconf 90' lang='lat' dir='ltr'><strong>tur</strong></span> <span class='ocrx_word' id='word_1_503' title='bbox 2247 2215 2488 2272; x_wconf 88' lang='lat' dir='ltr'><strong>calceati</strong></span> <span class='ocrx_word' id='word_1_504' title='bbox 2518 2214 2860 2272; x_wconf 85' lang='lat' dir='ltr'><strong>conculcare</strong></span> <span class='ocrx_word' id='word_1_505' title='bbox 2890 2212 3155 2285; x_wconf 89' lang='lat' dir='ltr'><strong>ﬂuvium,</strong></span> <span class='ocrx_word' id='word_1_506' title='bbox 3187 2228 3293 2268; x_wconf 91' lang='lat' dir='ltr'><strong>nec</strong></span> <span class='ocrx_word' id='word_1_507' title='bbox 3338 2210 3565 2267; x_wconf 82' lang='lat' dir='ltr'><strong>calceos</strong></span> <span class='ocrx_word' id='word_1_508' title='bbox 3594 2207 3772 2279; x_wconf 92' lang='lat' dir='ltr'><strong>depo-</strong></span> 
     </span>
    </p>
   </div>
   <div class='ocr_carea' id='block_1_70' title="bbox 2116 2300 3773 2374">
    <p class='ocr_par' dir='ltr' id='par_1_70' title="bbox 2116 2300 3773 2374">
     <span class='ocr_line' id='line_1_70' title="bbox 2116 2300 3773 2374; baseline -0.006 -12"><span class='ocrx_word' id='word_1_509' title='bbox 2116 2323 2275 2363; x_wconf 92' lang='lat' dir='ltr'><strong>nere.</strong></span> <span class='ocrx_word' id='word_1_510' title='bbox 2306 2307 2437 2362; x_wconf 87' lang='lat' dir='ltr'><strong>Jam</strong></span> <span class='ocrx_word' id='word_1_511' title='bbox 2468 2323 2602 2362; x_wconf 91' lang='lat' dir='ltr'><strong>vero</strong></span> <span class='ocrx_word' id='word_1_512' title='bbox 2634 2306 2887 2362; x_wconf 90' lang='lat' dir='ltr'><strong>siccatur</strong></span> <span class='ocrx_word' id='word_1_513' title='bbox 2918 2303 3171 2360; x_wconf 88' lang='lat' dir='ltr'><strong>violento</strong></span> <span class='ocrx_word' id='word_1_514' title='bbox 3208 2301 3304 2358; x_wconf 92' lang='lat' dir='ltr'><strong>Dei</strong></span> <span class='ocrx_word' id='word_1_515' title='bbox 3336 2300 3548 2374; x_wconf 87' lang='lat' dir='ltr'><strong>spiritu</strong></span> <span class='ocrx_word' id='word_1_516' title='bbox 3580 2301 3773 2354; x_wconf 90' lang='lat' dir='ltr'><strong>reten-</strong></span> 
     </span>
    </p>
   </div>
   <div class='ocr_carea' id='block_1_71' title="bbox 2114 2385 3776 2466">
    <p class='ocr_par' dir='ltr' id='par_1_71' title="bbox 2114 2385 3776 2466">
     <span class='ocr_line' id='line_1_71' title="bbox 2114 2385 3776 2466; baseline -0.007 -14"><span class='ocrx_word' id='word_1_517' title='bbox 2114 2400 2211 2452; x_wconf 86' lang='lat' dir='ltr'><strong>tus</strong></span> <span class='ocrx_word' id='word_1_518' title='bbox 2244 2411 2309 2452; x_wconf 89' lang='lat' dir='ltr'><strong>ac</strong></span> <span class='ocrx_word' id='word_1_519' title='bbox 2359 2395 2675 2451; x_wconf 88' lang='lat' dir='ltr'><strong>cohibitus.</strong></span> <span class='ocrx_word' id='word_1_520' title='bbox 2709 2395 3077 2466; x_wconf 86' lang='lat' dir='ltr'><strong>Quapropter</strong></span> <span class='ocrx_word' id='word_1_521' title='bbox 3105 2391 3299 2449; x_wconf 91' lang='lat' dir='ltr'><strong>solum</strong></span> <span class='ocrx_word' id='word_1_522' title='bbox 3335 2387 3564 2464; x_wconf 66' lang='lat' dir='ltr'><strong>(Egypti</strong></span> <span class='ocrx_word' id='word_1_523' title='bbox 3612 2385 3776 2443; x_wconf 86' lang='lat' dir='ltr'><strong>indi-</strong></span> 
     </span>
    </p>
   </div>
   <div class='ocr_carea' id='block_1_72' title="bbox 2113 2483 3774 2559">
    <p class='ocr_par' dir='ltr' id='par_1_72' title="bbox 2113 2483 3774 2559">
     <span class='ocr_line' id='line_1_72' title="bbox 2113 2483 3774 2559; baseline -0.005 -19"><span class='ocrx_word' id='word_1_524' title='bbox 2113 2501 2298 2559; x_wconf 85' lang='lat' dir='ltr'><strong>gnum</strong></span> <span class='ocrx_word' id='word_1_525' title='bbox 2321 2488 2430 2554; x_wconf 89' lang='lat' dir='ltr'><strong>est,</strong></span> <span class='ocrx_word' id='word_1_526' title='bbox 2455 2485 2606 2557; x_wconf 90' lang='lat' dir='ltr'><strong>quod</strong></span> <span class='ocrx_word' id='word_1_527' title='bbox 2633 2485 2792 2540; x_wconf 89' lang='lat' dir='ltr'><strong>nuda</strong></span> <span class='ocrx_word' id='word_1_528' title='bbox 2815 2483 3068 2556; x_wconf 87' lang='lat' dir='ltr'><strong>excipiat</strong></span> <span class='ocrx_word' id='word_1_529' title='bbox 3097 2485 3440 2538; x_wconf 87' lang='lat' dir='ltr'><strong>sanctorum</strong></span> <span class='ocrx_word' id='word_1_530' title='bbox 3460 2483 3774 2535; x_wconf 90' lang='lat' dir='ltr'><strong>transeun-</strong></span> 
     </span>
    </p>
   </div>
   <div class='ocr_carea' id='block_1_73' title="bbox 2114 2567 3776 2646">
    <p class='ocr_par' dir='ltr' id='par_1_73' title="bbox 2114 2567 3776 2646">
     <span class='ocr_line' id='line_1_73' title="bbox 2114 2567 3776 2646; baseline -0.006 -16"><span class='ocrx_word' id='word_1_531' title='bbox 2114 2575 2266 2630; x_wconf 90' lang='lat' dir='ltr'><strong>tium</strong></span> <span class='ocrx_word' id='word_1_532' title='bbox 2289 2573 2554 2646; x_wconf 84' lang='lat' dir='ltr'><strong>vestigia.</strong></span> <span class='ocrx_word' id='word_1_533' title='bbox 2570 2575 2758 2639; x_wconf 88' lang='lat' dir='ltr'><strong>Quare</strong></span> <span class='ocrx_word' id='word_1_534' title='bbox 2775 2574 2950 2628; x_wconf 91' lang='lat' dir='ltr'><strong>etiam</strong></span> <span class='ocrx_word' id='word_1_535' title='bbox 2978 2571 3196 2644; x_wconf 90' lang='lat' dir='ltr'><strong>pascha</strong></span> <span class='ocrx_word' id='word_1_536' title='bbox 3215 2569 3395 2639; x_wconf 82' lang='lat' dir='ltr'><strong>esuri,</strong></span> <span class='ocrx_word' id='word_1_537' title='bbox 3407 2567 3776 2640; x_wconf 87' lang='lat' dir='ltr'><strong>jubebantur</strong></span> 
     </span>
    </p>
   </div>
   <div class='ocr_carea' id='block_1_74' title="bbox 2118 2655 3776 2734">
    <p class='ocr_par' dir='ltr' id='par_1_74' title="bbox 2118 2655 3776 2734">
     <span class='ocr_line' id='line_1_74' title="bbox 2118 2655 3776 2734; baseline -0.006 -14"><span class='ocrx_word' id='word_1_538' title='bbox 2118 2663 2515 2720; x_wconf 89' lang='lat' dir='ltr'><strong>calceamenta</strong></span> <span class='ocrx_word' id='word_1_539' title='bbox 2559 2663 2774 2719; x_wconf 87' lang='lat' dir='ltr'><strong>habere</strong></span> <span class='ocrx_word' id='word_1_540' title='bbox 2820 2662 2880 2717; x_wconf 90' lang='lat' dir='ltr'><strong>in</strong></span> <span class='ocrx_word' id='word_1_541' title='bbox 2932 2662 3180 2734; x_wconf 88' lang='lat' dir='ltr'><strong>pedibus</strong></span> <span class='ocrx_word' id='word_1_542' title='bbox 3207 2661 3270 2716; x_wconf 78' lang='grc'><strong>⁵³.</strong></span> <span class='ocrx_word' id='word_1_543' title='bbox 3303 2657 3412 2715; x_wconf 90' lang='lat' dir='ltr'><strong>Ubi</strong></span> <span class='ocrx_word' id='word_1_544' title='bbox 3463 2655 3623 2713; x_wconf 90' lang='lat' dir='ltr'><strong>enim</strong></span> <span class='ocrx_word' id='word_1_545' title='bbox 3653 2671 3776 2711; x_wconf 89' lang='lat' dir='ltr'><strong>ser-</strong></span> 
     </span>
    </p>
   </div>
   <div class='ocr_carea' id='block_1_75' title="bbox 2118 2745 3776 2826">
    <p class='ocr_par' dir='ltr' id='par_1_75' title="bbox 2118 2745 3776 2826">
     <span class='ocr_line' id='line_1_75' title="bbox 2118 2745 3776 2826; baseline -0.006 -16"><span class='ocrx_word' id='word_1_546' title='bbox 2118 2771 2264 2826; x_wconf 88' lang='lat' dir='ltr'><strong>pens</strong></span> <span class='ocrx_word' id='word_1_547' title='bbox 2305 2753 2550 2809; x_wconf 86' lang='lat' dir='ltr'><strong>mordax</strong></span> <span class='ocrx_word' id='word_1_548' title='bbox 2576 2757 2633 2808; x_wconf 91' lang='lat' dir='ltr'><strong>et</strong></span> <span class='ocrx_word' id='word_1_549' title='bbox 2662 2751 2955 2825; x_wconf 87' lang='lat' dir='ltr'><strong>scorpius,</strong></span> <span class='ocrx_word' id='word_1_550' title='bbox 2987 2752 3109 2808; x_wconf 89' lang='lat' dir='ltr'><strong>sint</strong></span> <span class='ocrx_word' id='word_1_551' title='bbox 3139 2751 3368 2822; x_wconf 87' lang='lat' dir='ltr'><strong>oportet</strong></span> <span class='ocrx_word' id='word_1_552' title='bbox 3415 2747 3476 2802; x_wconf 91' lang='lat' dir='ltr'><strong>in</strong></span> <span class='ocrx_word' id='word_1_553' title='bbox 3527 2745 3776 2818; x_wconf 90' lang='lat' dir='ltr'><strong>pedibus</strong></span> 
     </span>
    </p>
   </div>
   <div class='ocr_carea' id='block_1_76' title="bbox 2117 2835 3777 2915">
    <p class='ocr_par' dir='ltr' id='par_1_76' title="bbox 2117 2835 3777 2915">
     <span class='ocr_line' id='line_1_76' title="bbox 2117 2835 3777 2915; baseline -0.007 -15"><span class='ocrx_word' id='word_1_554' title='bbox 2117 2843 2530 2909; x_wconf 91' lang='lat' dir='ltr'><strong>calceamenta,</strong></span> <span class='ocrx_word' id='word_1_555' title='bbox 2566 2846 2630 2898; x_wconf 90' lang='lat' dir='ltr'><strong>ut</strong></span> <span class='ocrx_word' id='word_1_556' title='bbox 2672 2843 2870 2915; x_wconf 86' lang='lat' dir='ltr'><strong>pedes,</strong></span> <span class='ocrx_word' id='word_1_557' title='bbox 2903 2840 3122 2912; x_wconf 89' lang='lat' dir='ltr'><strong>quibus</strong></span> <span class='ocrx_word' id='word_1_558' title='bbox 3167 2835 3586 2909; x_wconf 79' lang='lat' dir='ltr'><strong>circumposita</strong></span> <span class='ocrx_word' id='word_1_559' title='bbox 3613 2836 3777 2902; x_wconf 88' lang='lat' dir='ltr'><strong>sunt,</strong></span> 
     </span>
    </p>
   </div>
   <div class='ocr_carea' id='block_1_77' title="bbox 2119 2922 3776 2998">
    <p class='ocr_par' dir='ltr' id='par_1_77' title="bbox 2119 2922 3776 2998">
     <span class='ocr_line' id='line_1_77' title="bbox 2119 2922 3776 2998; baseline -0.007 -8"><span class='ocrx_word' id='word_1_560' title='bbox 2119 2938 2400 2990; x_wconf 89' lang='lat' dir='ltr'><strong>tueantur</strong></span> <span class='ocrx_word' id='word_1_561' title='bbox 2447 2950 2514 2989; x_wconf 92' lang='lat' dir='ltr'><strong>ac</strong></span> <span class='ocrx_word' id='word_1_562' title='bbox 2567 2931 2995 2988; x_wconf 75' lang='lat' dir='ltr'><strong>communiunt.</strong></span> <span class='ocrx_word' id='word_1_563' title='bbox 3029 2930 3173 2985; x_wconf 88' lang='lat' dir='ltr'><strong>Cum</strong></span> <span class='ocrx_word' id='word_1_564' title='bbox 3231 2931 3427 2984; x_wconf 90' lang='lat' dir='ltr'><strong>autem</strong></span> <span class='ocrx_word' id='word_1_565' title='bbox 3477 2922 3776 2998; x_wconf 86' lang='lat' dir='ltr'><strong>quispiam</strong></span> 
     </span>
    </p>
   </div>
   <div class='ocr_carea' id='block_1_78' title="bbox 2113 3010 3774 3094">
    <p class='ocr_par' dir='ltr' id='par_1_78' title="bbox 2113 3010 3774 3094">
     <span class='ocr_line' id='line_1_78' title="bbox 2113 3010 3774 3094; baseline -0.007 -16"><span class='ocrx_word' id='word_1_566' title='bbox 2113 3023 2240 3094; x_wconf 88' lang='lat' dir='ltr'><strong>jam</strong></span> <span class='ocrx_word' id='word_1_567' title='bbox 2275 3022 2600 3094; x_wconf 86' lang='lat' dir='ltr'><strong>pervenerit</strong></span> <span class='ocrx_word' id='word_1_568' title='bbox 2631 3021 2702 3076; x_wconf 91' lang='lat' dir='ltr'><strong>ad</strong></span> <span class='ocrx_word' id='word_1_569' title='bbox 2743 3019 2938 3076; x_wconf 91' lang='lat' dir='ltr'><strong>locum</strong></span> <span class='ocrx_word' id='word_1_570' title='bbox 2988 3021 3261 3074; x_wconf 86' lang='lat' dir='ltr'><strong>sanctum</strong></span> <span class='ocrx_word' id='word_1_571' title='bbox 3292 3016 3516 3072; x_wconf 89' lang='lat' dir='ltr'><strong>calceos</strong></span> <span class='ocrx_word' id='word_1_572' title='bbox 3568 3010 3774 3084; x_wconf 85' lang='lat' dir='ltr'><strong>solvat,</strong></span> 
     </span>
    </p>
   </div>
   <div class='ocr_carea' id='block_1_79' title="bbox 2121 3101 3778 3184">
    <p class='ocr_par' dir='ltr' id='par_1_79' title="bbox 2121 3101 3778 3184">
     <span class='ocr_line' id='line_1_79' title="bbox 2121 3101 3778 3184; baseline -0.007 -17"><span class='ocrx_word' id='word_1_573' title='bbox 2121 3111 2336 3167; x_wconf 88' lang='lat' dir='ltr'><strong>Christi</strong></span> <span class='ocrx_word' id='word_1_574' title='bbox 2369 3109 2668 3184; x_wconf 85' lang='lat' dir='ltr'><strong>apostolos</strong></span> <span class='ocrx_word' id='word_1_575' title='bbox 2709 3109 2978 3164; x_wconf 89' lang='lat' dir='ltr'><strong>imitatus</strong></span> <span class='ocrx_word' id='word_1_576' title='bbox 3013 3123 3026 3162; x_wconf 88' lang='lat'><strong>:</strong></span> <span class='ocrx_word' id='word_1_577' title='bbox 3062 3106 3280 3178; x_wconf 89' lang='lat' dir='ltr'><strong>quibus</strong></span> <span class='ocrx_word' id='word_1_578' title='bbox 3313 3103 3536 3159; x_wconf 87' lang='lat' dir='ltr'><strong>dictum</strong></span> <span class='ocrx_word' id='word_1_579' title='bbox 3568 3104 3677 3170; x_wconf 89' lang='lat' dir='ltr'><strong>est,</strong></span> <span class='ocrx_word' id='word_1_580' title='bbox 3709 3101 3778 3156; x_wconf 89' lang='lat' dir='ltr'><strong>ut</strong></span> 
     </span>
    </p>
   </div>
   <div class='ocr_carea' id='block_1_80' title="bbox 2125 3189 3782 3269">
    <p class='ocr_par' dir='ltr' id='par_1_80' title="bbox 2125 3189 3782 3269">
     <span class='ocr_line' id='line_1_80' title="bbox 2125 3189 3782 3269; baseline -0.007 -13"><span class='ocrx_word' id='word_1_581' title='bbox 2125 3215 2197 3256; x_wconf 91' lang='lat' dir='ltr'><strong>ne</strong></span> <span class='ocrx_word' id='word_1_582' title='bbox 2239 3199 2637 3255; x_wconf 85' lang='lat' dir='ltr'><strong>calceamenta</strong></span> <span class='ocrx_word' id='word_1_583' title='bbox 2684 3196 2924 3269; x_wconf 90' lang='lat' dir='ltr'><strong>quidem</strong></span> <span class='ocrx_word' id='word_1_584' title='bbox 2975 3197 3273 3269; x_wconf 81' lang='lat' dir='ltr'><strong>gestarent</strong></span> <span class='ocrx_word' id='word_1_585' title='bbox 3292 3193 3354 3248; x_wconf 71' lang='grc'><strong>⁵⁸.</strong></span> <span class='ocrx_word' id='word_1_586' title='bbox 3385 3192 3566 3248; x_wconf 76' lang='lat' dir='ltr'><strong>Vane.</strong></span> <span class='ocrx_word' id='word_1_587' title='bbox 3599 3191 3686 3246; x_wconf 81' lang='lat'><strong>16.</strong></span> <span class='ocrx_word' id='word_1_588' title='bbox 3715 3189 3782 3244; x_wconf 84' lang='lat' dir='ltr'><strong>Et</strong></span> 
     </span>
    </p>
   </div>
   <div class='ocr_carea' id='block_1_81' title="bbox 2124 3279 3778 3358">
    <p class='ocr_par' dir='ltr' id='par_1_81' title="bbox 2124 3279 3778 3358">
     <span class='ocr_line' id='line_1_81' title="bbox 2124 3279 3778 3358; baseline -0.007 -13"><span class='ocrx_word' id='word_1_589' title='bbox 2124 3292 2233 3345; x_wconf 84' lang='lat' dir='ltr'><strong>erit</strong></span> <span class='ocrx_word' id='word_1_590' title='bbox 2252 3288 2450 3344; x_wconf 79' lang='lat' dir='ltr'><strong>Israeti</strong></span> <span class='ocrx_word' id='word_1_591' title='bbox 2467 3288 2628 3358; x_wconf 86' lang='lat' dir='ltr'><strong>quasi</strong></span> <span class='ocrx_word' id='word_1_592' title='bbox 2645 3287 2780 3356; x_wconf 72' lang='lat' dir='ltr'><strong>dies,</strong></span> <span class='ocrx_word' id='word_1_593' title='bbox 2805 3285 3022 3357; x_wconf 86' lang='lat' dir='ltr'><strong>quando</strong></span> <span class='ocrx_word' id='word_1_594' title='bbox 3046 3285 3218 3341; x_wconf 74' lang='lat' dir='ltr'><strong>exivit</strong></span> <span class='ocrx_word' id='word_1_595' title='bbox 3246 3299 3317 3338; x_wconf 77' lang='lat' dir='ltr'><strong>ea:</strong></span> <span class='ocrx_word' id='word_1_596' title='bbox 3334 3283 3588 3354; x_wconf 71' lang='lat' dir='ltr'><strong>AEgypto.</strong></span> <span class='ocrx_word' id='word_1_597' title='bbox 3610 3279 3778 3335; x_wconf 85' lang='lat' dir='ltr'><strong>Tunc</strong></span> 
     </span>
    </p>
   </div>
   <div class='ocr_carea' id='block_1_82' title="bbox 2123 3371 3778 3437">
    <p class='ocr_par' dir='ltr' id='par_1_82' title="bbox 2123 3371 3778 3437">
     <span class='ocr_line' id='line_1_82' title="bbox 2123 3371 3778 3437; baseline -0.006 -3"><span class='ocrx_word' id='word_1_598' title='bbox 2123 3378 2280 3434; x_wconf 89' lang='lat' dir='ltr'><strong>enim</strong></span> <span class='ocrx_word' id='word_1_599' title='bbox 2302 3394 2437 3432; x_wconf 91' lang='lat' dir='ltr'><strong>cum</strong></span> <span class='ocrx_word' id='word_1_600' title='bbox 2460 3375 2873 3432; x_wconf 82' lang='lat' dir='ltr'><strong>calceamentis</strong></span> <span class='ocrx_word' id='word_1_601' title='bbox 2894 3373 3130 3430; x_wconf 89' lang='lat' dir='ltr'><strong>transiit</strong></span> <span class='ocrx_word' id='word_1_602' title='bbox 3152 3388 3313 3428; x_wconf 90' lang='lat' dir='ltr'><strong>mare</strong></span> <span class='ocrx_word' id='word_1_603' title='bbox 3336 3371 3622 3437; x_wconf 83' lang='lat' dir='ltr'><strong>Rubrum,</strong></span> <span class='ocrx_word' id='word_1_604' title='bbox 3641 3383 3778 3425; x_wconf 91' lang='lat' dir='ltr'><strong>cum</strong></span> 
     </span>
    </p>
   </div>
   <div class='ocr_carea' id='block_1_83' title="bbox 2121 3458 3779 3538">
    <p class='ocr_par' dir='ltr' id='par_1_83' title="bbox 2121 3458 3779 3538">
     <span class='ocr_line' id='line_1_83' title="bbox 2121 3458 3779 3538; baseline -0.005 -16"><span class='ocrx_word' id='word_1_605' title='bbox 2121 3467 2269 3522; x_wconf 83' lang='lat' dir='ltr'><strong>illud</strong></span> <span class='ocrx_word' id='word_1_606' title='bbox 2300 3465 2624 3538; x_wconf 82' lang='lat' dir='ltr'><strong>increpavit</strong></span> <span class='ocrx_word' id='word_1_607' title='bbox 2651 3465 2752 3536; x_wconf 91' lang='lat' dir='ltr'><strong>qui</strong></span> <span class='ocrx_word' id='word_1_608' title='bbox 2799 3467 3006 3536; x_wconf 90' lang='lat' dir='ltr'><strong>potens</strong></span> <span class='ocrx_word' id='word_1_609' title='bbox 3054 3467 3164 3532; x_wconf 88' lang='lat' dir='ltr'><strong>est,</strong></span> <span class='ocrx_word' id='word_1_610' title='bbox 3195 3465 3253 3517; x_wconf 88' lang='lat' dir='ltr'><strong>et</strong></span> <span class='ocrx_word' id='word_1_611' title='bbox 3299 3459 3527 3518; x_wconf 86' lang='lat' dir='ltr'><strong>exaruit</strong></span> <span class='ocrx_word' id='word_1_612' title='bbox 3549 3459 3614 3514; x_wconf 76' lang='grc' dir='ltr'><strong>⁸ο.</strong></span> <span class='ocrx_word' id='word_1_613' title='bbox 3646 3458 3779 3515; x_wconf 86' lang='lat' dir='ltr'><strong>Jor-</strong></span> 
     </span>
    </p>
   </div>
   <div class='ocr_carea' id='block_1_84' title="bbox 2123 3546 3779 3626">
    <p class='ocr_par' dir='ltr' id='par_1_84' title="bbox 2123 3546 3779 3626">
     <span class='ocr_line' id='line_1_84' title="bbox 2123 3546 3779 3626; baseline -0.004 -14"><span class='ocrx_word' id='word_1_614' title='bbox 2123 3558 2333 3612; x_wconf 88' lang='lat' dir='ltr'><strong>danem</strong></span> <span class='ocrx_word' id='word_1_615' title='bbox 2375 3555 2612 3626; x_wconf 87' lang='lat' dir='ltr'><strong>iusuper</strong></span> <span class='ocrx_word' id='word_1_616' title='bbox 2661 3552 2910 3626; x_wconf 90' lang='lat' dir='ltr'><strong>pedibus</strong></span> <span class='ocrx_word' id='word_1_617' title='bbox 2956 3553 3260 3624; x_wconf 88' lang='lat' dir='ltr'><strong>trajecere,</strong></span> <span class='ocrx_word' id='word_1_618' title='bbox 3291 3549 3557 3624; x_wconf 81' lang='lat' dir='ltr'><strong>vestigiis</strong></span> <span class='ocrx_word' id='word_1_619' title='bbox 3605 3546 3779 3605; x_wconf 83' lang='lat' dir='ltr'><strong>siccis</strong></span> 
     </span>
    </p>
   </div>
   <div class='ocr_carea' id='block_1_85' title="bbox 2125 3637 3779 3716">
    <p class='ocr_par' dir='ltr' id='par_1_85' title="bbox 2125 3637 3779 3716">
     <span class='ocr_line' id='line_1_85' title="bbox 2125 3637 3779 3716; baseline -0.005 -14"><span class='ocrx_word' id='word_1_620' title='bbox 2125 3644 2602 3712; x_wconf 89' lang='lat' dir='ltr'><strong>remanentibus;</strong></span> <span class='ocrx_word' id='word_1_621' title='bbox 2637 3643 2854 3716; x_wconf 91' lang='lat' dir='ltr'><strong>quippe</strong></span> <span class='ocrx_word' id='word_1_622' title='bbox 2875 3643 3029 3714; x_wconf 90' lang='lat' dir='ltr'><strong>quod</strong></span> <span class='ocrx_word' id='word_1_623' title='bbox 3061 3641 3276 3697; x_wconf 91' lang='lat' dir='ltr'><strong>humor</strong></span> <span class='ocrx_word' id='word_1_624' title='bbox 3305 3638 3498 3697; x_wconf 78' lang='lat' dir='ltr'><strong>omnis</strong></span> <span class='ocrx_word' id='word_1_625' title='bbox 3528 3637 3779 3711; x_wconf 86' lang='lat' dir='ltr'><strong>pedibus</strong></span> 
     </span>
    </p>
   </div>
   <div class='ocr_carea' id='block_1_86' title="bbox 2124 3731 2981 3806">
    <p class='ocr_par' dir='ltr' id='par_1_86' title="bbox 2124 3731 2981 3806">
     <span class='ocr_line' id='line_1_86' title="bbox 2124 3731 2981 3806; baseline -0.006 -15"><span class='ocrx_word' id='word_1_626' title='bbox 2124 3751 2328 3792; x_wconf 92' lang='lat' dir='ltr'><strong>eorum</strong></span> <span class='ocrx_word' id='word_1_627' title='bbox 2360 3750 2488 3790; x_wconf 90' lang='lat' dir='ltr'><strong>sese</strong></span> <span class='ocrx_word' id='word_1_628' title='bbox 2519 3732 2900 3806; x_wconf 86' lang='lat' dir='ltr'><strong>subduxisset</strong></span> <span class='ocrx_word' id='word_1_629' title='bbox 2912 3731 2981 3786; x_wconf 72' lang='grc' dir='ltr'><strong>θί.</strong></span> 
     </span>
    </p>
   </div>
   <div class='ocr_carea' id='block_1_87' title="bbox 2193 3814 3774 3894">
    <p class='ocr_par' dir='ltr' id='par_1_87' title="bbox 2193 3814 3774 3894">
     <span class='ocr_line' id='line_1_87' title="bbox 2193 3814 3774 3894; baseline -0.004 -15"><span class='ocrx_word' id='word_1_630' title='bbox 2193 3825 2320 3879; x_wconf 84' lang='lat'><strong>252.</strong></span> <span class='ocrx_word' id='word_1_631' title='bbox 2346 3823 2511 3878; x_wconf 91' lang='lat' dir='ltr'><strong>Tunc</strong></span> <span class='ocrx_word' id='word_1_632' title='bbox 2532 3821 2712 3894; x_wconf 86' lang='lat' dir='ltr'><strong>igitur</strong></span> <span class='ocrx_word' id='word_1_633' title='bbox 2731 3821 2883 3877; x_wconf 91' lang='lat' dir='ltr'><strong>dicet</strong></span> <span class='ocrx_word' id='word_1_634' title='bbox 2905 3818 3162 3892; x_wconf 90' lang='lat' dir='ltr'><strong>populus</strong></span> <span class='ocrx_word' id='word_1_635' title='bbox 3185 3817 3336 3891; x_wconf 75' lang='grc' dir='ltr'>(ΟΑΡ.</span> <span class='ocrx_word' id='word_1_636' title='bbox 3361 3833 3462 3889; x_wconf 81' lang='lat' dir='ltr'><strong>xu,</strong></span> <span class='ocrx_word' id='word_1_637' title='bbox 3492 3815 3663 3872; x_wconf 77' lang='lat' dir='ltr'><strong>Vsns.</strong></span> <span class='ocrx_word' id='word_1_638' title='bbox 3688 3814 3774 3888; x_wconf 58' lang='lat' dir='ltr'><strong>l)’:</strong></span> 
     </span>
    </p>
   </div>
   <div class='ocr_carea' id='block_1_88' title="bbox 2122 3904 3780 3982">
    <p class='ocr_par' dir='ltr' id='par_1_88' title="bbox 2122 3904 3780 3982">
     <span class='ocr_line' id='line_1_88' title="bbox 2122 3904 3780 3982; baseline -0.005 -14"><span class='ocrx_word' id='word_1_639' title='bbox 2122 3913 2460 3970; x_wconf 82' lang='lat' dir='ltr'><strong>Benedicam</strong></span> <span class='ocrx_word' id='word_1_640' title='bbox 2487 3912 2610 3982; x_wconf 84' lang='lat' dir='ltr'><strong>tibi,</strong></span> <span class='ocrx_word' id='word_1_641' title='bbox 2648 3912 2898 3981; x_wconf 83' lang='lat' dir='ltr'><strong>Domine,</strong></span> <span class='ocrx_word' id='word_1_642' title='bbox 2933 3910 3196 3982; x_wconf 76' lang='lat' dir='ltr'><strong>quoniam</strong></span> <span class='ocrx_word' id='word_1_643' title='bbox 3232 3908 3420 3964; x_wconf 86' lang='lat' dir='ltr'><strong>iratus</strong></span> <span class='ocrx_word' id='word_1_644' title='bbox 3449 3921 3503 3962; x_wconf 83' lang='lat' dir='ltr'><strong>es</strong></span> <span class='ocrx_word' id='word_1_645' title='bbox 3531 3904 3693 3974; x_wconf 79' lang='lat' dir='ltr'><strong>mihi,</strong></span> <span class='ocrx_word' id='word_1_646' title='bbox 3724 3907 3780 3960; x_wconf 82' lang='lat' dir='ltr'><strong>et</strong></span> 
     </span>
    </p>
   </div>
   <div class='ocr_carea' id='block_1_89' title="bbox 2122 3993 3780 4074">
    <p class='ocr_par' dir='ltr' id='par_1_89' title="bbox 2122 3993 3780 4074">
     <span class='ocr_line' id='line_1_89' title="bbox 2122 3993 3780 4074; baseline -0.005 -16"><span class='ocrx_word' id='word_1_647' title='bbox 2122 4003 2377 4059; x_wconf 79' lang='lat' dir='ltr'><strong>avertisti</strong></span> <span class='ocrx_word' id='word_1_648' title='bbox 2403 4004 2652 4074; x_wconf 80' lang='lat' dir='ltr'><strong>furorem</strong></span> <span class='ocrx_word' id='word_1_649' title='bbox 2696 4009 2877 4068; x_wconf 89' lang='lat' dir='ltr'><strong>tuum,</strong></span> <span class='ocrx_word' id='word_1_650' title='bbox 2907 4002 2959 4055; x_wconf 80' lang='lat' dir='ltr'><strong>et</strong></span> <span class='ocrx_word' id='word_1_651' title='bbox 2984 4000 3240 4054; x_wconf 75' lang='lat' dir='ltr'><strong>misertus</strong></span> <span class='ocrx_word' id='word_1_652' title='bbox 3267 4011 3326 4052; x_wconf 80' lang='lat' dir='ltr'><strong>es</strong></span> <span class='ocrx_word' id='word_1_653' title='bbox 3354 3995 3486 4052; x_wconf 76' lang='lat' dir='ltr'><strong>mei.</strong></span> <span class='ocrx_word' id='word_1_654' title='bbox 3522 3993 3780 4051; x_wconf 87' lang='lat' dir='ltr'><strong>Derelin-</strong></span> 
     </span>
    </p>
   </div>
   <div class='ocr_carea' id='block_1_90' title="bbox 2124 4082 3780 4164">
    <p class='ocr_par' dir='ltr' id='par_1_90' title="bbox 2124 4082 3780 4164">
     <span class='ocr_line' id='line_1_90' title="bbox 2124 4082 3780 4164; baseline -0.005 -17"><span class='ocrx_word' id='word_1_655' title='bbox 2124 4092 2328 4164; x_wconf 91' lang='lat' dir='ltr'><strong>quitur</strong></span> <span class='ocrx_word' id='word_1_656' title='bbox 2358 4090 2491 4162; x_wconf 90' lang='lat' dir='ltr'><strong>quis</strong></span> <span class='ocrx_word' id='word_1_657' title='bbox 2521 4104 2947 4163; x_wconf 63' lang='lat' dir='ltr'><strong>saepenumero,</strong></span> <span class='ocrx_word' id='word_1_658' title='bbox 2978 4091 3037 4143; x_wconf 91' lang='lat' dir='ltr'><strong>et</strong></span> <span class='ocrx_word' id='word_1_659' title='bbox 3065 4085 3375 4153; x_wconf 86' lang='lat' dir='ltr'><strong>deseritur,</strong></span> <span class='ocrx_word' id='word_1_660' title='bbox 3407 4083 3562 4156; x_wconf 88' lang='lat' dir='ltr'><strong>quod</strong></span> <span class='ocrx_word' id='word_1_661' title='bbox 3596 4082 3780 4141; x_wconf 90' lang='lat' dir='ltr'><strong>semel</strong></span> 
     </span>
    </p>
   </div>
   <div class='ocr_carea' id='block_1_91' title="bbox 2126 4171 3779 4254">
    <p class='ocr_par' dir='ltr' id='par_1_91' title="bbox 2126 4171 3779 4254">
     <span class='ocr_line' id='line_1_91' title="bbox 2126 4171 3779 4254; baseline -0.006 -17"><span class='ocrx_word' id='word_1_662' title='bbox 2126 4182 2198 4237; x_wconf 91' lang='lat' dir='ltr'><strong>ad</strong></span> <span class='ocrx_word' id='word_1_663' title='bbox 2228 4180 2560 4254; x_wconf 66' lang='lat' dir='ltr'><strong>{Egyptiaca</strong></span> <span class='ocrx_word' id='word_1_664' title='bbox 2589 4177 2747 4234; x_wconf 90' lang='lat' dir='ltr'><strong>mala</strong></span> <span class='ocrx_word' id='word_1_665' title='bbox 2774 4177 3018 4235; x_wconf 90' lang='lat' dir='ltr'><strong>allectus</strong></span> <span class='ocrx_word' id='word_1_666' title='bbox 3041 4176 3138 4244; x_wconf 87' lang='lat' dir='ltr'><strong>sit,</strong></span> <span class='ocrx_word' id='word_1_667' title='bbox 3162 4190 3389 4247; x_wconf 89' lang='lat' dir='ltr'><strong>suaque</strong></span> <span class='ocrx_word' id='word_1_668' title='bbox 3419 4188 3522 4246; x_wconf 90' lang='lat' dir='ltr'><strong>per</strong></span> <span class='ocrx_word' id='word_1_669' title='bbox 3542 4171 3779 4246; x_wconf 86' lang='lat' dir='ltr'><strong>aliquod</strong></span> 
     </span>
    </p>
   </div>
   <div class='ocr_carea' id='block_1_92' title="bbox 2123 4260 3777 4343">
    <p class='ocr_par' dir='ltr' id='par_1_92' title="bbox 2123 4260 3777 4343">
     <span class='ocr_line' id='line_1_92' title="bbox 2123 4260 3777 4343; baseline -0.007 -16"><span class='ocrx_word' id='word_1_670' title='bbox 2123 4273 2359 4343; x_wconf 87' lang='lat' dir='ltr'><strong>tempus</strong></span> <span class='ocrx_word' id='word_1_671' title='bbox 2391 4267 2607 4324; x_wconf 85' lang='lat' dir='ltr'><strong>fruitus</strong></span> <span class='ocrx_word' id='word_1_672' title='bbox 2637 4267 2716 4323; x_wconf 88' lang='lat' dir='ltr'><strong>sit</strong></span> <span class='ocrx_word' id='word_1_673' title='bbox 2757 4265 3039 4334; x_wconf 89' lang='lat' dir='ltr'><strong>stultitia;</strong></span> <span class='ocrx_word' id='word_1_674' title='bbox 3072 4268 3138 4324; x_wconf 89' lang='lat' dir='ltr'><strong>ut</strong></span> <span class='ocrx_word' id='word_1_675' title='bbox 3166 4280 3234 4321; x_wconf 90' lang='lat' dir='ltr'><strong>ea</strong></span> <span class='ocrx_word' id='word_1_676' title='bbox 3265 4279 3391 4336; x_wconf 63' lang='lat' dir='ltr'><strong>quas</strong></span> <span class='ocrx_word' id='word_1_677' title='bbox 3424 4260 3576 4318; x_wconf 89' lang='lat' dir='ltr'><strong>male</strong></span> <span class='ocrx_word' id='word_1_678' title='bbox 3607 4261 3777 4319; x_wconf 67' lang='lat' dir='ltr'><strong>sevit:</strong></span> 
     </span>
    </p>
   </div>
   <div class='ocr_carea' id='block_1_93' title="bbox 2124 4350 3782 4432">
    <p class='ocr_par' dir='ltr' id='par_1_93' title="bbox 2124 4350 3782 4432">
     <span class='ocr_line' id='line_1_93' title="bbox 2124 4350 3782 4432; baseline -0.006 -17"><span class='ocrx_word' id='word_1_679' title='bbox 2124 4363 2306 4416; x_wconf 91' lang='lat' dir='ltr'><strong>metat</strong></span> <span class='ocrx_word' id='word_1_680' title='bbox 2333 4375 2346 4416; x_wconf 75' lang='grc' dir='ltr'><strong>ε</strong></span> <span class='ocrx_word' id='word_1_681' title='bbox 2376 4359 2477 4432; x_wconf 85' lang='lat' dir='ltr'><strong>qui</strong></span> <span class='ocrx_word' id='word_1_682' title='bbox 2509 4373 2643 4415; x_wconf 92' lang='lat' dir='ltr'><strong>cum</strong></span> <span class='ocrx_word' id='word_1_683' title='bbox 2668 4356 2908 4412; x_wconf 90' lang='lat' dir='ltr'><strong>omnino</strong></span> <span class='ocrx_word' id='word_1_684' title='bbox 2939 4352 3254 4411; x_wconf 91' lang='lat' dir='ltr'><strong>derelictus</strong></span> <span class='ocrx_word' id='word_1_685' title='bbox 3278 4369 3392 4408; x_wconf 89' lang='lat' dir='ltr'><strong>non</strong></span> <span class='ocrx_word' id='word_1_686' title='bbox 3415 4351 3512 4419; x_wconf 88' lang='lat' dir='ltr'><strong>sit,</strong></span> <span class='ocrx_word' id='word_1_687' title='bbox 3535 4351 3654 4407; x_wconf 89' lang='lat' dir='ltr'><strong>imo</strong></span> <span class='ocrx_word' id='word_1_688' title='bbox 3676 4350 3782 4406; x_wconf 90' lang='lat' dir='ltr'><strong>be-</strong></span> 
     </span>
    </p>
   </div>
   <div class='ocr_carea' id='block_1_94' title="bbox 2123 4440 3779 4520">
    <p class='ocr_par' dir='ltr' id='par_1_94' title="bbox 2123 4440 3779 4520">
     <span class='ocr_line' id='line_1_94' title="bbox 2123 4440 3779 4520; baseline -0.007 -14"><span class='ocrx_word' id='word_1_689' title='bbox 2123 4449 2398 4506; x_wconf 83' lang='lat' dir='ltr'><strong>neﬁcium</strong></span> <span class='ocrx_word' id='word_1_690' title='bbox 2432 4447 2672 4520; x_wconf 90' lang='lat' dir='ltr'><strong>aliquod</strong></span> <span class='ocrx_word' id='word_1_691' title='bbox 2713 4444 3022 4518; x_wconf 90' lang='lat' dir='ltr'><strong>acceperit,</strong></span> <span class='ocrx_word' id='word_1_692' title='bbox 3067 4443 3223 4500; x_wconf 90' lang='lat' dir='ltr'><strong>dicet</strong></span> <span class='ocrx_word' id='word_1_693' title='bbox 3252 4459 3266 4497; x_wconf 89' lang='lat'><strong>:</strong></span> <span class='ocrx_word' id='word_1_694' title='bbox 3299 4441 3628 4498; x_wconf 77' lang='lat' dir='ltr'><strong>Benedicam</strong></span> <span class='ocrx_word' id='word_1_695' title='bbox 3657 4440 3779 4512; x_wconf 82' lang='lat' dir='ltr'><strong>tibi,</strong></span> 
     </span>
    </p>
   </div>
   <div class='ocr_carea' id='block_1_95' title="bbox 2123 4533 3785 4610">
    <p class='ocr_par' dir='ltr' id='par_1_95' title="bbox 2123 4533 3785 4610">
     <span class='ocr_line' id='line_1_95' title="bbox 2123 4533 3785 4610; baseline -0.006 -14"><span class='ocrx_word' id='word_1_696' title='bbox 2123 4540 2382 4607; x_wconf 78' lang='lat' dir='ltr'><strong>Domine,</strong></span> <span class='ocrx_word' id='word_1_697' title='bbox 2408 4538 2668 4610; x_wconf 86' lang='lat' dir='ltr'><strong>quoniam</strong></span> <span class='ocrx_word' id='word_1_698' title='bbox 2693 4537 2876 4591; x_wconf 84' lang='lat' dir='ltr'><strong>iratus</strong></span> <span class='ocrx_word' id='word_1_699' title='bbox 2907 4550 2963 4590; x_wconf 75' lang='lat' dir='ltr'><strong>es</strong></span> <span class='ocrx_word' id='word_1_700' title='bbox 2985 4535 3146 4602; x_wconf 82' lang='lat' dir='ltr'><strong>mihi,</strong></span> <span class='ocrx_word' id='word_1_701' title='bbox 3172 4542 3228 4589; x_wconf 87' lang='lat' dir='ltr'><strong>et</strong></span> <span class='ocrx_word' id='word_1_702' title='bbox 3247 4533 3504 4591; x_wconf 80' lang='lat' dir='ltr'><strong>avertisti</strong></span> <span class='ocrx_word' id='word_1_703' title='bbox 3531 4533 3785 4602; x_wconf 74' lang='lat' dir='ltr'><strong>furorem</strong></span> 
     </span>
    </p>
   </div>
   <div class='ocr_carea' id='block_1_96' title="bbox 366 4619 2011 4700">
    <p class='ocr_par' dir='ltr' id='par_1_96' title="bbox 366 4619 2011 4700">
     <span class='ocr_line' id='line_1_96' title="bbox 366 4619 2011 4700; baseline 0.004 -23"><span class='ocrx_word' id='word_1_704' title='bbox 366 4643 484 4694; x_wconf 90' lang='grc' dir='ltr'>σου,</span> <span class='ocrx_word' id='word_1_705' title='bbox 535 4621 625 4676; x_wconf 80' lang='grc' dir='ltr'><strong>καὶ</strong></span> <span class='ocrx_word' id='word_1_706' title='bbox 681 4619 926 4693; x_wconf 79' lang='grc' dir='ltr'>ἠλέησάς</span> <span class='ocrx_word' id='word_1_707' title='bbox 987 4643 1073 4697; x_wconf 76' lang='grc' dir='ltr'><strong>με.</strong></span> <span class='ocrx_word' id='word_1_708' title='bbox 1124 4622 1360 4696; x_wconf 88' lang='grc' dir='ltr'>Ὅμοιόν</span> <span class='ocrx_word' id='word_1_709' title='bbox 1391 4621 1501 4678; x_wconf 86' lang='grc' dir='ltr'>ἐστι</span> <span class='ocrx_word' id='word_1_710' title='bbox 1547 4622 1724 4698; x_wconf 85' lang='grc' dir='ltr'>τούτῳ</span> <span class='ocrx_word' id='word_1_711' title='bbox 1778 4625 1862 4694; x_wconf 86' lang='grc' dir='ltr'><strong>τὸ,</strong></span> <span class='ocrx_word' id='word_1_712' title='bbox 1891 4625 2011 4700; x_wconf 86' lang='grc' dir='ltr'><strong>Ὀρ-</strong></span> 
     </span>
    </p>
   </div>
   <div class='ocr_carea' id='block_1_97' title="bbox 2126 4619 3783 4700">
    <p class='ocr_par' dir='ltr' id='par_1_97' title="bbox 2126 4620 3783 4696">
     <span class='ocr_line' id='line_1_97' title="bbox 2126 4620 3783 4696; baseline -0.006 -11"><span class='ocrx_word' id='word_1_713' title='bbox 2126 4637 2303 4696; x_wconf 89' lang='lat' dir='ltr'><strong>tuum,</strong></span> <span class='ocrx_word' id='word_1_714' title='bbox 2334 4636 2386 4684; x_wconf 80' lang='lat' dir='ltr'><strong>et</strong></span> <span class='ocrx_word' id='word_1_715' title='bbox 2413 4628 2672 4683; x_wconf 77' lang='lat' dir='ltr'><strong>misertus</strong></span> <span class='ocrx_word' id='word_1_716' title='bbox 2712 4641 2768 4682; x_wconf 81' lang='lat' dir='ltr'><strong>es</strong></span> <span class='ocrx_word' id='word_1_717' title='bbox 2804 4625 2938 4680; x_wconf 77' lang='lat' dir='ltr'><strong>mei.</strong></span> <span class='ocrx_word' id='word_1_718' title='bbox 2973 4622 3289 4680; x_wconf 83' lang='lat' dir='ltr'><strong>Sententiae</strong></span> <span class='ocrx_word' id='word_1_719' title='bbox 3317 4621 3456 4678; x_wconf 85' lang='lat' dir='ltr'><strong>huic</strong></span> <span class='ocrx_word' id='word_1_720' title='bbox 3489 4620 3612 4677; x_wconf 66' lang='lat' dir='ltr'><strong>haec</strong></span> <span class='ocrx_word' id='word_1_721' title='bbox 3641 4635 3783 4676; x_wconf 84' lang='lat' dir='ltr'><strong>con-</strong></span> 
     </span>
    </p>
   </div>
   <div class='ocr_carea' id='block_1_98' title="bbox 360 4708 2018 4788">
    <p class='ocr_par' dir='ltr' id='par_1_98' title="bbox 360 4708 2018 4788">
     <span class='ocr_line' id='line_1_98' title="bbox 360 4708 2018 4788; baseline 0.002 -22"><span class='ocrx_word' id='word_1_722' title='bbox 360 4711 462 4786; x_wconf 79' lang='grc' dir='ltr'><strong>γὴν</strong></span> <span class='ocrx_word' id='word_1_723' title='bbox 522 4708 730 4784; x_wconf 84' lang='grc' dir='ltr'>Κυρίου</span> <span class='ocrx_word' id='word_1_724' title='bbox 785 4710 1016 4783; x_wconf 88' lang='grc' dir='ltr'>ὑποίσω,</span> <span class='ocrx_word' id='word_1_725' title='bbox 1077 4710 1160 4768; x_wconf 75' lang='grc' dir='ltr'><strong>ὅτι</strong></span> <span class='ocrx_word' id='word_1_726' title='bbox 1218 4711 1465 4788; x_wconf 81' lang='grc' dir='ltr'>ἥμαρτον</span> <span class='ocrx_word' id='word_1_727' title='bbox 1525 4711 1712 4786; x_wconf 76' lang='grc' dir='ltr'>αύτῷ,</span> <span class='ocrx_word' id='word_1_728' title='bbox 1767 4718 1864 4769; x_wconf 84' lang='grc' dir='ltr'><strong>τοῦ</strong></span> <span class='ocrx_word' id='word_1_729' title='bbox 1934 4712 2018 4769; x_wconf 86' lang='grc' dir='ltr'>δι-</span> 
     </span>
    </p>
   </div>
   <div class='ocr_carea' id='block_1_99' title="bbox 362 4798 2021 4878">
    <p class='ocr_par' dir='ltr' id='par_1_99' title="bbox 362 4798 2021 4878">
     <span class='ocr_line' id='line_1_99' title="bbox 362 4798 2021 4878; baseline 0.002 -22"><span class='ocrx_word' id='word_1_730' title='bbox 362 4803 595 4857; x_wconf 80' lang='grc' dir='ltr'>καιῶσαι</span> <span class='ocrx_word' id='word_1_731' title='bbox 651 4798 808 4856; x_wconf 79' lang='grc' dir='ltr'>αὐτὸν</span> <span class='ocrx_word' id='word_1_732' title='bbox 865 4803 964 4872; x_wconf 81' lang='grc' dir='ltr'>τὴν</span> <span class='ocrx_word' id='word_1_733' title='bbox 1021 4798 1182 4873; x_wconf 86' lang='grc' dir='ltr'>δίκην</span> <span class='ocrx_word' id='word_1_734' title='bbox 1243 4823 1367 4878; x_wconf 89' lang='grc' dir='ltr'>μου.</span> <span class='ocrx_word' id='word_1_735' title='bbox 1430 4801 1532 4859; x_wconf 83' lang='grc' dir='ltr'><strong>Καὶ</strong></span> <span class='ocrx_word' id='word_1_736' title='bbox 1584 4802 1719 4878; x_wconf 86' lang='grc' dir='ltr'><strong>μετᾶ</strong></span> <span class='ocrx_word' id='word_1_737' title='bbox 1745 4807 1907 4859; x_wconf 82' lang='grc' dir='ltr'>τοῦτο</span> <span class='ocrx_word' id='word_1_738' title='bbox 1941 4803 2021 4876; x_wconf 80' lang='grc' dir='ltr'><strong>ἐξ-</strong></span> 
     </span>
    </p>
   </div>
   <div class='ocr_carea' id='block_1_100' title="bbox 435 4947 1000 5019">
    <p class='ocr_par' dir='ltr' id='par_1_100' title="bbox 435 4947 1000 5019">
     <span class='ocr_line' id='line_1_100' title="bbox 435 4947 1000 5019; baseline 0 -14"><span class='ocrx_word' id='word_1_739' title='bbox 435 4947 481 4985; x_wconf 83' lang='grc'><strong>⁸⁵</strong></span> <span class='ocrx_word' id='word_1_740' title='bbox 510 4948 714 5006; x_wconf 89' lang='lat' dir='ltr'><strong>Ezech.</strong></span> <span class='ocrx_word' id='word_1_741' title='bbox 745 4966 900 5019; x_wconf 72' lang='lat' dir='ltr'><strong>xxxx,</strong></span> <span class='ocrx_word' id='word_1_742' title='bbox 945 4950 1000 5006; x_wconf 91' lang='lat'><strong>3.</strong></span> 
     </span>
    </p>
   </div>
   <div class='ocr_carea' id='block_1_101' title="bbox 365 5020 1346 5096">
    <p class='ocr_par' dir='ltr' id='par_1_101' title="bbox 365 5020 1346 5096">
     <span class='ocr_line' id='line_1_101' title="bbox 365 5020 1346 5096; baseline -0.001 -16"><span class='ocrx_word' id='word_1_743' title='bbox 365 5020 410 5060; x_wconf 81' lang='grc'><strong>⁶¹</strong></span> <span class='ocrx_word' id='word_1_744' title='bbox 440 5021 562 5080; x_wconf 84' lang='lat' dir='ltr'><strong>Jos.</strong></span> <span class='ocrx_word' id='word_1_745' title='bbox 595 5038 681 5094; x_wconf 80' lang='grc' dir='ltr'>ιιι,</span> <span class='ocrx_word' id='word_1_746' title='bbox 713 5021 800 5080; x_wconf 89' lang='grc'><strong>17.</strong></span> <span class='ocrx_word' id='word_1_747' title='bbox 874 5022 923 5059; x_wconf 80' lang='grc'><strong>⁶²</strong></span> <span class='ocrx_word' id='word_1_748' title='bbox 953 5021 1128 5080; x_wconf 84' lang='lat' dir='ltr'><strong>Mich.</strong></span> <span class='ocrx_word' id='word_1_749' title='bbox 1160 5040 1258 5096; x_wconf 84' lang='lat' dir='ltr'><strong>vn,</strong></span> <span class='ocrx_word' id='word_1_750' title='bbox 1289 5025 1346 5080; x_wconf 88' lang='lat'><strong>9.</strong></span> 
     </span>
    </p>
   </div>
   <div class='ocr_carea' id='block_1_102' title="bbox 444 5161 2022 5242">
    <p class='ocr_par' dir='ltr' id='par_1_102' title="bbox 444 5161 2022 5242">
     <span class='ocr_line' id='line_1_102' title="bbox 444 5161 2022 5242; baseline 0.008 -27"><span class='ocrx_word' id='word_1_751' title='bbox 444 5161 555 5242; x_wconf 68' lang='grc'>(71)</span> <span class='ocrx_word' id='word_1_752' title='bbox 586 5165 953 5242; x_wconf 82' lang='lat' dir='ltr'><strong>In_utroque</strong></span> <span class='ocrx_word' id='word_1_753' title='bbox 988 5167 1151 5225; x_wconf 86' lang='lat' dir='ltr'><strong>Colb.</strong></span> <span class='ocrx_word' id='word_1_754' title='bbox 1183 5170 1241 5242; x_wconf 78' lang='lat' dir='ltr'><strong>et</strong></span> <span class='ocrx_word' id='word_1_755' title='bbox 1285 5167 1346 5224; x_wconf 92' lang='lat' dir='ltr'><strong>in</strong></span> <span class='ocrx_word' id='word_1_756' title='bbox 1398 5169 1553 5242; x_wconf 56' lang='lat' dir='ltr'><strong>Reg.</strong></span> <span class='ocrx_word' id='word_1_757' title='bbox 1586 5171 1866 5242; x_wconf 89' lang='lat' dir='ltr'><strong>secundo,</strong></span> <span class='ocrx_word' id='word_1_758' title='bbox 1919 5188 2022 5242; x_wconf 78' lang='lat' dir='ltr'><strong>pro</strong></span> 
     </span>
    </p>
   </div>
   <div class='ocr_carea' id='block_1_103' title="bbox 372 5185 2024 5320">
    <p class='ocr_par' dir='ltr' id='par_1_103' title="bbox 372 5185 2024 5320">
     <span class='ocr_line' id='line_1_103' title="bbox 444 5185 2022 5249; baseline 0.008 -34"><span class='ocrx_word' id='word_1_759' title='bbox 444 5185 555 5249; x_wconf 51' lang='grc' dir='ltr'><strong>μὶ)</strong></span> <span class='ocrx_word' id='word_1_760' title='bbox 588 5185 652 5248; x_wconf 76' lang='lat' dir='ltr'><strong>in</strong></span> <span class='ocrx_word' id='word_1_761' title='bbox 703 5185 951 5241; x_wconf 79' lang='lat' dir='ltr'><strong>utroque</strong></span> <span class='ocrx_word' id='word_1_762' title='bbox 988 5185 1151 5225; x_wconf 81' lang='lat' dir='ltr'><strong>uom.</strong></span> <span class='ocrx_word' id='word_1_763' title='bbox 1183 5185 1241 5223; x_wconf 78' lang='lat' dir='ltr'><strong>et</strong></span> <span class='ocrx_word' id='word_1_764' title='bbox 1285 5185 1346 5224; x_wconf 81' lang='lat' dir='ltr'><strong>in</strong></span> <span class='ocrx_word' id='word_1_765' title='bbox 1401 5185 1478 5226; x_wconf 74' lang='lat' dir='ltr'><strong>ne</strong></span> <span class='ocrx_word' id='word_1_766' title='bbox 1525 5211 1538 5224; x_wconf 94' lang='lat'><strong>.</strong></span> <span class='ocrx_word' id='word_1_767' title='bbox 1586 5185 1866 5242; x_wconf 81' lang='lat' dir='ltr'><strong>secundo,</strong></span> <span class='ocrx_word' id='word_1_768' title='bbox 1919 5188 2022 5242; x_wconf 88' lang='lat' dir='ltr'><strong>pro</strong></span> 
     </span>
     <span class='ocr_line' id='line_1_104' title="bbox 372 5185 2024 5320; baseline 0.005 -32"><span class='ocrx_word' id='word_1_769' title='bbox 372 5227 542 5320; x_wconf 55' lang='grc' dir='ltr'>διετῳ</span> <span class='ocrx_word' id='word_1_770' title='bbox 581 5238 793 5320; x_wconf 53' lang='lat' dir='ltr'><strong>vitiose</strong></span> <span class='ocrx_word' id='word_1_771' title='bbox 844 5241 1169 5320; x_wconf 87' lang='lat' dir='ltr'><strong>scribitu_r,_</strong></span> <span class='ocrx_word' id='word_1_772' title='bbox 1196 5236 1447 5320; x_wconf 50' lang='grc' dir='ltr'>δεκτικᾷζ.</span> <span class='ocrx_word' id='word_1_773' title='bbox 1482 5185 1663 5320; x_wconf 45' lang='lat' dir='ltr'><strong>illud</strong></span> <span class='ocrx_word' id='word_1_774' title='bbox 1693 5247 1886 5300; x_wconf 89' lang='lat' dir='ltr'><strong>autem</strong></span> <span class='ocrx_word' id='word_1_775' title='bbox 1938 5239 2024 5320; x_wconf 54' lang='grc' dir='ltr'>δεῖ</span> 
     </span>
    </p>
   </div>
   <div class='ocr_carea' id='block_1_104' title="bbox 369 5311 2024 5388">
    <p class='ocr_par' dir='ltr' id='par_1_104' title="bbox 369 5311 2024 5388">
     <span class='ocr_line' id='line_1_105' title="bbox 369 5311 2024 5388; baseline 0.007 -28"><span class='ocrx_word' id='word_1_776' title='bbox 369 5311 504 5376; x_wconf 80' lang='grc' dir='ltr'>κτῷ,</span> <span class='ocrx_word' id='word_1_777' title='bbox 537 5311 649 5364; x_wconf 86' lang='lat' dir='ltr'><strong>nisi</strong></span> <span class='ocrx_word' id='word_1_778' title='bbox 696 5311 969 5368; x_wconf 80' lang='lat' dir='ltr'><strong>fallamur</strong></span> <span class='ocrx_word' id='word_1_779' title='bbox 1011 5311 1308 5386; x_wconf 89' lang='lat' dir='ltr'><strong>opinione,</strong></span> <span class='ocrx_word' id='word_1_780' title='bbox 1341 5313 1616 5388; x_wconf 84' lang='lat' dir='ltr'><strong>bifariam</strong></span> <span class='ocrx_word' id='word_1_781' title='bbox 1647 5314 2024 5388; x_wconf 85' lang='lat' dir='ltr'><strong>interpretari</strong></span> 
     </span>
    </p>
   </div>
   <div class='ocr_carea' id='block_1_105' title="bbox 372 5387 2024 5518">
    <p class='ocr_par' dir='ltr' id='par_1_105' title="bbox 372 5387 2024 5518">
     <span class='ocr_line' id='line_1_106' title="bbox 372 5387 2024 5518; baseline 0.005 -83"><span class='ocrx_word' id='word_1_782' title='bbox 372 5395 712 5518; x_wconf 42' lang='lat' dir='ltr'><strong>gﬁgggps,</strong></span> <span class='ocrx_word' id='word_1_783' title='bbox 745 5388 863 5440; x_wconf 85' lang='lat' dir='ltr'><strong>rato</strong></span> <span class='ocrx_word' id='word_1_784' title='bbox 893 5393 1132 5460; x_wconf 78' lang='lat' dir='ltr'><strong>tempore</strong></span> <span class='ocrx_word' id='word_1_785' title='bbox 1160 5402 1179 5441; x_wconf 88' lang='lat'><strong><em>:</em></strong></span> <span class='ocrx_word' id='word_1_786' title='bbox 1210 5389 1333 5457; x_wconf 90' lang='lat' dir='ltr'><strong>aut,</strong></span> <span class='ocrx_word' id='word_1_787' title='bbox 1359 5387 1606 5458; x_wconf 86' lang='lat' dir='ltr'><strong>propitio</strong></span> <span class='ocrx_word' id='word_1_788' title='bbox 1635 5392 1686 5444; x_wconf 82' lang='lat' dir='ltr'><strong>et</strong></span> <span class='ocrx_word' id='word_1_789' title='bbox 1721 5387 2024 5462; x_wconf 86' lang='lat' dir='ltr'><strong>opportuno</strong></span> 
     </span>
    </p>
   </div>
   <div class='ocr_carea' id='block_1_106' title="bbox 443 5523 2029 5614">
    <p class='ocr_par' dir='ltr' id='par_1_106' title="bbox 443 5523 2029 5614">
     <span class='ocr_line' id='line_1_107' title="bbox 443 5523 2029 5614; baseline 0.007 -38"><span class='ocrx_word' id='word_1_790' title='bbox 443 5523 558 5614; x_wconf 56' lang='lat'><strong>(72,)</strong></span> <span class='ocrx_word' id='word_1_791' title='bbox 590 5523 1070 5614; x_wconf 35' lang='lat' dir='ltr'><strong>Eidi&#39;t‘i‘ooRomana</strong></span> <span class='ocrx_word' id='word_1_792' title='bbox 1113 5528 1326 5598; x_wconf 84' lang='lat' dir='ltr'><strong>fusius,</strong></span> <span class='ocrx_word' id='word_1_793' title='bbox 1356 5527 1448 5583; x_wconf 84' lang='grc' dir='ltr'><strong>καὶ</strong></span> <span class='ocrx_word' id='word_1_794' title='bbox 1499 5524 1752 5614; x_wconf 49' lang='grc' dir='ltr'>ἐπιϐαξεῖ</span> <span class='ocrx_word' id='word_1_795' title='bbox 1780 5531 1880 5614; x_wconf 72' lang='grc' dir='ltr'><strong>τήν</strong></span> <span class='ocrx_word' id='word_1_796' title='bbox 1912 5535 2029 5608; x_wconf 81' lang='grc' dir='ltr'>χεῖ-</span> 
     </span>
    </p>
   </div>
   <div class='ocr_carea' id='block_1_107' title="bbox 376 5597 2028 5740">
    <p class='ocr_par' dir='ltr' id='par_1_107' title="bbox 376 5597 2028 5740">
     <span class='ocr_line' id='line_1_108' title="bbox 376 5597 1954 5694; baseline 0.01 -48"><span class='ocrx_word' id='word_1_797' title='bbox 376 5612 442 5670; x_wconf 90' lang='grc' dir='ltr'><strong>ρα</strong></span> <span class='ocrx_word' id='word_1_798' title='bbox 471 5597 658 5665; x_wconf 79' lang='grc' dir='ltr'>αὐτοῦ,</span> <span class='ocrx_word' id='word_1_799' title='bbox 681 5597 750 5679; x_wconf 62' lang='grc' dir='ltr'>βξ</span> <span class='ocrx_word' id='word_1_800' title='bbox 779 5598 996 5691; x_wconf 68' lang='lat' dir='ltr'><strong>injiciet</strong></span> <span class='ocrx_word' id='word_1_801' title='bbox 1026 5617 1255 5656; x_wconf 87' lang='lat' dir='ltr'><strong>manum</strong></span> <span class='ocrx_word' id='word_1_802' title='bbox 1281 5597 1446 5658; x_wconf 85' lang='lat' dir='ltr'><strong>suam</strong></span> <span class='ocrx_word' id='word_1_803' title='bbox 1475 5619 1638 5694; x_wconf 78' lang='lat' dir='ltr'><strong>super</strong></span> <span class='ocrx_word' id='word_1_804' title='bbox 1664 5597 1954 5688; x_wconf 66' lang='lat' dir='ltr'><strong>ﬂuvium.&quot;</strong></span> 
     </span>
     <span class='ocr_line' id='line_1_109' title="bbox 447 5666 2028 5740; baseline 0.009 -19"><span class='ocrx_word' id='word_1_805' title='bbox 447 5666 561 5740; x_wconf 90' lang='lat'><strong>(73)</strong></span> <span class='ocrx_word' id='word_1_806' title='bbox 591 5667 766 5740; x_wconf 66' lang='lat' dir='ltr'><strong>Editi,</strong></span> <span class='ocrx_word' id='word_1_807' title='bbox 797 5668 860 5740; x_wconf 71' lang='grc' dir='ltr'><strong>ἐφ</strong></span> <span class='ocrx_word' id='word_1_808' title='bbox 909 5673 998 5740; x_wconf 79' lang='grc' dir='ltr'><strong>ἧς.</strong></span> <span class='ocrx_word' id='word_1_809' title='bbox 1030 5670 1222 5730; x_wconf 81' lang='lat' dir='ltr'><strong>Codex</strong></span> <span class='ocrx_word' id='word_1_810' title='bbox 1258 5683 1443 5740; x_wconf 85' lang='lat' dir='ltr'><strong>unus,</strong></span> <span class='ocrx_word' id='word_1_811' title='bbox 1479 5669 1542 5740; x_wconf 77' lang='grc' dir='ltr'>ιφ</span> <span class='ocrx_word' id='word_1_812' title='bbox 1589 5673 1680 5740; x_wconf 75' lang='grc' dir='ltr'>ἥν.</span> <span class='ocrx_word' id='word_1_813' title='bbox 1709 5676 1822 5734; x_wconf 80' lang='lat' dir='ltr'><strong>Alii</strong></span> <span class='ocrx_word' id='word_1_814' title='bbox 1852 5676 2028 5740; x_wconf 85' lang='lat' dir='ltr'><strong>quin-</strong></span> 
     </span>
    </p>
   </div>
   <div class='ocr_carea' id='block_1_108' title="bbox 379 5666 1995 5818">
    <p class='ocr_par' dir='ltr' id='par_1_108' title="bbox 379 5666 1995 5818">
     <span class='ocr_line' id='line_1_110' title="bbox 379 5666 1995 5818; baseline -0.023 -56"><span class='ocrx_word' id='word_1_815' title='bbox 379 5666 890 5818; x_wconf 40' lang='grc' dir='ltr'><strong>ᾂέξθέξῖξξιξέ</strong></span> <span class='ocrx_word' id='word_1_816' title='bbox 909 5673 998 5742; x_wconf 79' lang='grc' dir='ltr'><strong>ἧς.</strong></span> <span class='ocrx_word' id='word_1_817' title='bbox 1030 5670 1222 5730; x_wconf 88' lang='lat' dir='ltr'><strong>Codex</strong></span> <span class='ocrx_word' id='word_1_818' title='bbox 1258 5683 1443 5745; x_wconf 81' lang='lat' dir='ltr'><strong>unus,</strong></span> <span class='ocrx_word' id='word_1_819' title='bbox 1479 5666 1560 5750; x_wconf 60' lang='grc' dir='ltr'>ιφτ</span> <span class='ocrx_word' id='word_1_820' title='bbox 1589 5666 1680 5744; x_wconf 68' lang='grc' dir='ltr'><strong>ἥνζ</strong></span> <span class='ocrx_word' id='word_1_821' title='bbox 1709 5676 1822 5734; x_wconf 90' lang='lat' dir='ltr'><strong>Alii</strong></span> <span class='ocrx_word' id='word_1_822' title='bbox 1852 5676 1995 5772; x_wconf 82' lang='lat' dir='ltr'><strong>quin</strong></span> 
     </span>
    </p>
   </div>
   <div class='ocr_carea' id='block_1_109' title="bbox 2130 4707 3783 4784">
    <p class='ocr_par' dir='ltr' id='par_1_109' title="bbox 2130 4707 3783 4784">
     <span class='ocr_line' id='line_1_111' title="bbox 2130 4707 3783 4784; baseline -0.007 -10"><span class='ocrx_word' id='word_1_823' title='bbox 2130 4716 2344 4774; x_wconf 89' lang='lat' dir='ltr'><strong>similis</strong></span> <span class='ocrx_word' id='word_1_824' title='bbox 2377 4720 2466 4772; x_wconf 83' lang='lat' dir='ltr'><strong>est</strong></span> <span class='ocrx_word' id='word_1_825' title='bbox 2495 4732 2508 4770; x_wconf 90' lang='lat'><strong>:</strong></span> <span class='ocrx_word' id='word_1_826' title='bbox 2532 4715 2680 4771; x_wconf 87' lang='lat' dir='ltr'><strong>Iram</strong></span> <span class='ocrx_word' id='word_1_827' title='bbox 2707 4713 2931 4772; x_wconf 85' lang='lat' dir='ltr'><strong>Domini</strong></span> <span class='ocrx_word' id='word_1_828' title='bbox 2957 4712 3256 4780; x_wconf 74' lang='lat' dir='ltr'><strong>sustinebo,</strong></span> <span class='ocrx_word' id='word_1_829' title='bbox 3287 4712 3426 4784; x_wconf 82' lang='lat' dir='ltr'><strong>quia</strong></span> <span class='ocrx_word' id='word_1_830' title='bbox 3449 4710 3670 4782; x_wconf 81' lang='lat' dir='ltr'><strong>peccavi</strong></span> <span class='ocrx_word' id='word_1_831' title='bbox 3695 4707 3783 4770; x_wconf 81' lang='lat' dir='ltr'><strong>ei;</strong></span> 
     </span>
    </p>
   </div>
   <div class='ocr_carea' id='block_1_110' title="bbox 2130 4797 3786 4879">
    <p class='ocr_par' dir='ltr' id='par_1_110' title="bbox 2130 4797 3786 4879">
     <span class='ocr_line' id='line_1_112' title="bbox 2130 4797 3786 4879; baseline -0.006 -17"><span class='ocrx_word' id='word_1_832' title='bbox 2130 4810 2192 4862; x_wconf 83' lang='lat' dir='ltr'><strong>ut</strong></span> <span class='ocrx_word' id='word_1_833' title='bbox 2242 4814 2295 4864; x_wconf 82' lang='lat' dir='ltr'><strong>et</strong></span> <span class='ocrx_word' id='word_1_834' title='bbox 2341 4807 2459 4879; x_wconf 82' lang='lat' dir='ltr'><strong>ipss</strong></span> <span class='ocrx_word' id='word_1_835' title='bbox 2492 4804 2766 4878; x_wconf 79' lang='lat' dir='ltr'><strong>justiﬁcet</strong></span> <span class='ocrx_word' id='word_1_836' title='bbox 2801 4819 3028 4861; x_wconf 86' lang='lat' dir='ltr'><strong>causam</strong></span> <span class='ocrx_word' id='word_1_837' title='bbox 3075 4801 3345 4859; x_wconf 74' lang='lat' dir='ltr'><strong>meam”.</strong></span> <span class='ocrx_word' id='word_1_838' title='bbox 3379 4803 3448 4856; x_wconf 88' lang='lat' dir='ltr'><strong>Et</strong></span> <span class='ocrx_word' id='word_1_839' title='bbox 3495 4801 3628 4871; x_wconf 89' lang='lat' dir='ltr'><strong>post</strong></span> <span class='ocrx_word' id='word_1_840' title='bbox 3673 4797 3786 4854; x_wconf 93' lang='lat' dir='ltr'><strong>hoc</strong></span> 
     </span>
    </p>
   </div>
   <div class='ocr_carea' id='block_1_111' title="bbox 1077 4945 2011 5027">
    <p class='ocr_par' dir='ltr' id='par_1_111' title="bbox 1077 4950 2011 5027">
     <span class='ocr_line' id='line_1_113' title="bbox 1077 4950 2011 5027; baseline 0.006 -21"><span class='ocrx_word' id='word_1_841' title='bbox 1077 4950 1119 5027; x_wconf 47' lang='grc' dir='ltr'><strong>ξ’</strong></span> <span class='ocrx_word' id='word_1_842' title='bbox 1147 4951 1328 5027; x_wconf 79' lang='lat' dir='ltr'><strong>Exod.</strong></span> <span class='ocrx_word' id='word_1_843' title='bbox 1377 4969 1462 5027; x_wconf 81' lang='grc' dir='ltr'>ιιι,</span> <span class='ocrx_word' id='word_1_844' title='bbox 1512 4952 1568 5009; x_wconf 86' lang='grc'>5.</span> <span class='ocrx_word' id='word_1_845' title='bbox 1643 4952 1687 4989; x_wconf 82' lang='grc'><strong>⁸⁷</strong></span> <span class='ocrx_word' id='word_1_846' title='bbox 1716 4953 1838 5011; x_wconf 84' lang='lat' dir='ltr'><strong>Jos.</strong></span> <span class='ocrx_word' id='word_1_847' title='bbox 1872 4970 1928 5021; x_wconf 76' lang='grc' dir='ltr'><strong>ν,</strong></span> <span class='ocrx_word' id='word_1_848' title='bbox 1975 4955 2011 5011; x_wconf 59' lang='grc' dir='ltr'>1η</span> 
     </span>
    </p>
   </div>
   <div class='ocr_carea' id='block_1_112' title="bbox 2126 4945 3836 5027">
    <p class='ocr_par' dir='ltr' id='par_1_112' title="bbox 2138 4945 3836 5024">
     <span class='ocr_line' id='line_1_114' title="bbox 2138 4945 3836 5024; baseline -0.004 -13"><span class='ocrx_word' id='word_1_849' title='bbox 2138 4951 2182 4992; x_wconf 77' lang='grc'><strong><em>⁵⁸</em></strong></span> <span class='ocrx_word' id='word_1_850' title='bbox 2210 4954 2390 5013; x_wconf 84' lang='lat' dir='ltr'><strong>Exod.</strong></span> <span class='ocrx_word' id='word_1_851' title='bbox 2423 4953 2647 5024; x_wconf 70' lang='lat'><strong>111,11.</strong></span> <span class='ocrx_word' id='word_1_852' title='bbox 2723 4952 2767 4990; x_wconf 75' lang='grc'><strong><em>⁵⁸</em></strong></span> <span class='ocrx_word' id='word_1_853' title='bbox 2797 4953 2938 5011; x_wconf 89' lang='lat' dir='ltr'><strong>Luc.</strong></span> <span class='ocrx_word' id='word_1_854' title='bbox 2989 4969 3048 5021; x_wconf 86' lang='lat' dir='ltr'><strong>x,</strong></span> <span class='ocrx_word' id='word_1_855' title='bbox 3094 4951 3146 5008; x_wconf 75' lang='grc'>4.</span> <span class='ocrx_word' id='word_1_856' title='bbox 3221 4949 3267 4987; x_wconf 73' lang='grc' dir='ltr'>⁸ο</span> <span class='ocrx_word' id='word_1_857' title='bbox 3296 4949 3474 5008; x_wconf 83' lang='lat' dir='ltr'><strong>Exod.</strong></span> <span class='ocrx_word' id='word_1_858' title='bbox 3526 4961 3643 5016; x_wconf 73' lang='lat' dir='ltr'><strong>xxv,</strong></span> <span class='ocrx_word' id='word_1_859' title='bbox 3689 4945 3784 5004; x_wconf 84' lang='grc'>21.</span> <span class='ocrx_word' id='word_1_860' title='bbox 3831 5017 3836 5023; x_wconf 26' lang='grc' dir='ltr'>ί</span> 
     </span>
    </p>
   </div>
   <div class='ocr_carea' id='block_1_113' title="bbox 2202 5160 3748 5244">
    <p class='ocr_par' dir='ltr' id='par_1_113' title="bbox 2202 5160 3748 5244">
     <span class='ocr_line' id='line_1_115' title="bbox 2202 5160 3748 5244; baseline -0.002 -17"><span class='ocrx_word' id='word_1_861' title='bbox 2202 5172 2314 5244; x_wconf 65' lang='lat' dir='ltr'><strong>(7t)</strong></span> <span class='ocrx_word' id='word_1_862' title='bbox 2345 5171 2518 5244; x_wconf 64' lang='lat' dir='ltr'><strong>Editi,</strong></span> <span class='ocrx_word' id='word_1_863' title='bbox 2551 5169 2609 5224; x_wconf 79' lang='grc' dir='ltr'><strong>ἐκ</strong></span> <span class='ocrx_word' id='word_1_864' title='bbox 2637 5173 2752 5225; x_wconf 79' lang='grc' dir='ltr'>τοῦ.</span> <span class='ocrx_word' id='word_1_865' title='bbox 2787 5173 3025 5244; x_wconf 76' lang='lat' dir='ltr'><strong>Veteres</strong></span> <span class='ocrx_word' id='word_1_866' title='bbox 3057 5166 3318 5240; x_wconf 88' lang='lat' dir='ltr'><strong>quinque</strong></span> <span class='ocrx_word' id='word_1_867' title='bbox 3348 5164 3502 5244; x_wconf 76' lang='lat' dir='ltr'><strong>libri,</strong></span> <span class='ocrx_word' id='word_1_868' title='bbox 3537 5160 3598 5244; x_wconf 70' lang='grc' dir='ltr'><strong>ἐκ</strong></span> <span class='ocrx_word' id='word_1_869' title='bbox 3623 5166 3748 5244; x_wconf 55' lang='grc' dir='ltr'>γῇςε</span> 
     </span>
    </p>
   </div>
   <div class='ocr_carea' id='block_1_114' title="bbox 2205 5231 3788 5314">
    <p class='ocr_par' dir='ltr' id='par_1_114' title="bbox 2205 5231 3788 5314">
     <span class='ocr_line' id='line_1_116' title="bbox 2205 5231 3788 5314; baseline -0.006 -16"><span class='ocrx_word' id='word_1_870' title='bbox 2205 5231 2315 5314; x_wconf 75' lang='grc'>(75)</span> <span class='ocrx_word' id='word_1_871' title='bbox 2345 5231 2600 5314; x_wconf 79' lang='lat' dir='ltr'><strong>Uterque</strong></span> <span class='ocrx_word' id='word_1_872' title='bbox 2647 5244 2808 5300; x_wconf 85' lang='lat' dir='ltr'><strong>Colb.</strong></span> <span class='ocrx_word' id='word_1_873' title='bbox 2859 5248 2917 5297; x_wconf 91' lang='lat' dir='ltr'><strong>et</strong></span> <span class='ocrx_word' id='word_1_874' title='bbox 2965 5231 3117 5314; x_wconf 59' lang='lat' dir='ltr'><strong>Reg&#39;._</strong></span> <span class='ocrx_word' id='word_1_875' title='bbox 3147 5231 3602 5314; x_wconf 28' lang='lat' dir='ltr'><strong>secundum—ua!</strong></span> <span class='ocrx_word' id='word_1_876' title='bbox 3638 5231 3788 5314; x_wconf 64' lang='grc' dir='ltr'><strong>’ᾐγᾶ-</strong></span> 
     </span>
    </p>
   </div>
   <div class='ocr_carea' id='block_1_115' title="bbox 2133 5305 3785 5387">
    <p class='ocr_par' dir='ltr' id='par_1_115' title="bbox 2133 5305 3785 5387">
     <span class='ocr_line' id='line_1_117' title="bbox 2133 5305 3785 5387; baseline -0.003 -18"><span class='ocrx_word' id='word_1_877' title='bbox 2133 5305 2310 5385; x_wconf 75' lang='grc' dir='ltr'>πησάς</span> <span class='ocrx_word' id='word_1_878' title='bbox 2347 5333 2432 5387; x_wconf 74' lang='grc' dir='ltr'><strong>με.</strong></span> <span class='ocrx_word' id='word_1_879' title='bbox 2469 5305 2531 5370; x_wconf 70' lang='lat' dir='ltr'><strong>Et</strong></span> <span class='ocrx_word' id='word_1_880' title='bbox 2579 5317 2787 5387; x_wconf 82' lang='lat' dir='ltr'><strong>amasti</strong></span> <span class='ocrx_word' id='word_1_881' title='bbox 2809 5330 2939 5387; x_wconf 10' lang='lat' dir='ltr'><strong>ime.</strong></span> <span class='ocrx_word' id='word_1_882' title='bbox 2980 5305 3184 5368; x_wconf 67' lang='lat' dir='ltr'><strong>Statim</strong></span> <span class='ocrx_word' id='word_1_883' title='bbox 3211 5309 3392 5387; x_wconf 84' lang='lat' dir='ltr'><strong>_editi,</strong></span> <span class='ocrx_word' id='word_1_884' title='bbox 3424 5305 3514 5364; x_wconf 79' lang='grc' dir='ltr'><strong>καὶ</strong></span> <span class='ocrx_word' id='word_1_885' title='bbox 3563 5305 3785 5384; x_wconf 71' lang='grc' dir='ltr'>χρόνον.</span> 
     </span>
    </p>
   </div>
   <div class='ocr_carea' id='block_1_116' title="bbox 2134 5381 3630 5460">
    <p class='ocr_par' dir='ltr' id='par_1_116' title="bbox 2134 5381 3630 5460">
     <span class='ocr_line' id='line_1_118' title="bbox 2134 5381 3630 5460; baseline -0.005 -15"><span class='ocrx_word' id='word_1_886' title='bbox 2134 5381 2480 5460; x_wconf 75' lang='lat' dir='ltr'><strong>conjunctio</strong></span> <span class='ocrx_word' id='word_1_887' title='bbox 2510 5386 2598 5460; x_wconf 84' lang='grc' dir='ltr'><strong>καί</strong></span> <span class='ocrx_word' id='word_1_888' title='bbox 2630 5389 2690 5443; x_wconf 90' lang='lat' dir='ltr'><strong>in</strong></span> <span class='ocrx_word' id='word_1_889' title='bbox 2720 5386 2984 5458; x_wconf 88' lang='lat' dir='ltr'><strong>quinque</strong></span> <span class='ocrx_word' id='word_1_890' title='bbox 3017 5400 3160 5440; x_wconf 82' lang='lat' dir='ltr'><strong>mss.</strong></span> <span class='ocrx_word' id='word_1_891' title='bbox 3195 5381 3379 5438; x_wconf 89' lang='lat' dir='ltr'><strong>deest.</strong></span> <span class='ocrx_word' id='word_1_892' title='bbox 3490 5455 3540 5460; x_wconf 91' lang='lat'>__</span> 
     </span>
    </p>
   </div>
   <div class='ocr_carea' id='block_1_117' title="bbox 2206 5449 3789 5533">
    <p class='ocr_par' dir='ltr' id='par_1_117' title="bbox 2206 5449 3789 5533">
     <span class='ocr_line' id='line_1_119' title="bbox 2206 5449 3789 5533; baseline -0.004 -20"><span class='ocrx_word' id='word_1_893' title='bbox 2206 5449 2320 5533; x_wconf 58' lang='grc'>(7⁷6)</span> <span class='ocrx_word' id='word_1_894' title='bbox 2371 5459 2555 5533; x_wconf 71' lang='lat' dir='ltr'><strong>Editi,</strong></span> <span class='ocrx_word' id='word_1_895' title='bbox 2609 5449 2756 5532; x_wconf 51' lang='lat' dir='ltr'><strong>p.00.-</strong></span> <span class='ocrx_word' id='word_1_896' title='bbox 2793 5449 3066 5533; x_wconf 46' lang='lat' dir='ltr'><strong>gt&#39;mss.</strong></span> <span class='ocrx_word' id='word_1_897' title='bbox 3130 5470 3249 5533; x_wconf 79' lang='lat' dir='ltr'><strong>sex,</strong></span> <span class='ocrx_word' id='word_1_898' title='bbox 3315 5455 3610 5533; x_wconf 44' lang='lat' dir='ltr'><strong>non..Ho_c</strong></span> <span class='ocrx_word' id='word_1_899' title='bbox 3663 5449 3789 5533; x_wconf 76' lang='lat' dir='ltr'><strong>locq</strong></span> 
     </span>
    </p>
   </div>
   <div class='ocr_carea' id='block_1_118' title="bbox 2136 5517 3788 5603">
    <p class='ocr_par' dir='ltr' id='par_1_118' title="bbox 2136 5517 3788 5603">
     <span class='ocr_line' id='line_1_120' title="bbox 2136 5517 3788 5603; baseline -0.007 -17"><span class='ocrx_word' id='word_1_900' title='bbox 2136 5517 2378 5603; x_wconf 68' lang='lat' dir='ltr'><strong>uterque</strong></span> <span class='ocrx_word' id='word_1_901' title='bbox 2442 5517 2620 5587; x_wconf 50' lang='lat' dir='ltr'><strong>Colb.‘</strong></span> <span class='ocrx_word' id='word_1_902' title='bbox 2670 5535 2728 5587; x_wconf 91' lang='lat' dir='ltr'><strong>et</strong></span> <span class='ocrx_word' id='word_1_903' title='bbox 2766 5529 2934 5603; x_wconf 14' lang='lat' dir='ltr'><strong>AReg.</strong></span> <span class='ocrx_word' id='word_1_904' title='bbox 3005 5517 3338 5603; x_wconf 50' lang='grc' dir='ltr'><strong>εθοιιῐιᾴυέΔ</strong></span> <span class='ocrx_word' id='word_1_905' title='bbox 3374 5517 3788 5603; x_wconf 38' lang='lat' dir='ltr'><strong>habent_,__&#39;xal</strong></span> 
     </span>
    </p>
   </div>
   <div class='ocr_carea' id='block_1_119' title="bbox 2135 5593 3794 5675">
    <p class='ocr_par' dir='ltr' id='par_1_119' title="bbox 2135 5593 3794 5675">
     <span class='ocr_line' id='line_1_121' title="bbox 2135 5593 3794 5675; baseline -0.005 -19"><span class='ocrx_word' id='word_1_906' title='bbox 2135 5593 2378 5672; x_wconf 70' lang='grc' dir='ltr'>ἠλέηᾶάς</span> <span class='ocrx_word' id='word_1_907' title='bbox 2437 5621 2523 5675; x_wconf 84' lang='grc' dir='ltr'><strong>με.</strong></span> <span class='ocrx_word' id='word_1_908' title='bbox 2572 5603 2636 5657; x_wconf 88' lang='lat' dir='ltr'><strong>Et</strong></span> <span class='ocrx_word' id='word_1_909' title='bbox 2691 5593 3057 5675; x_wconf 38' lang='lat' dir='ltr'><strong>misertus?</strong></span> <span class='ocrx_word' id='word_1_910' title='bbox 3103 5598 3235 5675; x_wconf 73' lang='lat' dir='ltr'><strong>mei.</strong></span> <span class='ocrx_word' id='word_1_911' title='bbox 3284 5596 3494 5654; x_wconf 83' lang='lat' dir='ltr'><strong>Statim</strong></span> <span class='ocrx_word' id='word_1_912' title='bbox 3548 5593 3705 5675; x_wconf 45' lang='lat' dir='ltr'><strong>editi.</strong></span> <span class='ocrx_word' id='word_1_913' title='bbox 3735 5594 3794 5650; x_wconf 89' lang='lat' dir='ltr'><strong>et</strong></span> 
     </span>
    </p>
   </div>
   <div class='ocr_carea' id='block_1_120' title="bbox 2137 5662 3790 5799">
    <p class='ocr_par' dir='ltr' id='par_1_120' title="bbox 2137 5662 3790 5799">
     <span class='ocr_line' id='line_1_122' title="bbox 2137 5662 3790 5799; baseline -0.008 -69"><span class='ocrx_word' id='word_1_914' title='bbox 2137 5662 2276 5799; x_wconf 53' lang='lat' dir='ltr'><strong>dduo&#39;</strong></span> <span class='ocrx_word' id='word_1_915' title='bbox 2324 5662 2494 5743; x_wconf 53' lang='lat' dir='ltr'><strong>nisi,</strong></span> <span class='ocrx_word' id='word_1_916' title='bbox 2548 5676 2716 5728; x_wconf 77' lang='grc' dir='ltr'>τοῦτο’</span> <span class='ocrx_word' id='word_1_917' title='bbox 2764 5674 2868 5743; x_wconf 81' lang='grc' dir='ltr'>τῷ.</span> <span class='ocrx_word' id='word_1_918' title='bbox 2924 5669 3038 5728; x_wconf 89' lang='lat' dir='ltr'><strong>Alii</strong></span> <span class='ocrx_word' id='word_1_919' title='bbox 3097 5673 3343 5743; x_wconf 79' lang='lat' dir='ltr'><strong>quatuor</strong></span> <span class='ocrx_word' id='word_1_920' title='bbox 3394 5683 3562 5740; x_wconf 56' lang='grc' dir='ltr'>ωσι,</span> <span class='ocrx_word' id='word_1_921' title='bbox 3611 5662 3790 5738; x_wconf 76' lang='grc' dir='ltr'>τούτῳ</span> 
     </span>
     <span class='ocr_line' id='line_1_123' title="bbox 2137 5764 2220 5799; baseline 0 0"><span class='ocrx_word' id='word_1_922' title='bbox 2137 5764 2166 5799; x_wconf 88' lang='grc' dir='ltr'>τ</span> <span class='ocrx_word' id='word_1_923' title='bbox 2205 5785 2220 5799; x_wconf 96' lang='grc'><strong>.</strong></span> 
     </span>
    </p>
   </div>
   <div class='ocr_carea' id='block_1_121' title="bbox 2135 5764 2220 5802">
    <p class='ocr_par' dir='ltr' id='par_1_121' title="bbox 2135 5764 2220 5802">
     <span class='ocr_line' id='line_1_124' title="bbox 2135 5764 2220 5802; baseline 0.024 -3"><span class='ocrx_word' id='word_1_924' title='bbox 2135 5764 2220 5802; x_wconf 88' lang='grc' dir='ltr'><strong>το.</strong></span> 
     </span>
    </p>
   </div>
  </div>
