4150 6402
434 405 550 464 565

1226 402 1637 466 COMMENT.
1680 403 1761 464 IN
1807 403 2075 464 ISAIAM
2123 401 2636 463 PROPHETAM.
2685 402 2862 464 CAP.
2909 401 3068 465 XIII.

3743 403 3862 464 566

436 533 648 602 νοήσεις
696 533 755 587 ἐκ
791 535 890 602 τῆς
923 532 1129 595 εἰκόνος
1185 539 1286 603 τῆς
1342 533 1445 588 ὑπὸ
1505 537 1601 588 τοῦ
1659 529 1826 588 Δαϐὶδ
1887 553 2075 609 παρει-

2198 534 2322 590 vide
2372 537 2679 606 assumpta
2724 534 3039 606 intelliges.
3072 534 3390 603 Nimirum,
3435 533 3623 590 Sitivit
3666 537 3861 594 anima

437 618 769 696 λημμὲνης,
829 621 912 677 ὅτι
966 619 1258 696 Ἐδίψησεν
1329 625 1364 692 ὴ
1435 625 1587 698 ψυχή
1653 644 1756 696 μου
1810 624 1947 698 πρὸς
1990 624 2081 677 τὸν

436 708 563 764 Θεόν
618 711 710 766 τὸν
768 709 995 787 ἲσχυρὸν
1053 712 1145 766 τὸν
1207 715 1400 780 ζῶντα.
1458 713 1528 766 Τὸ
1591 712 1694 788 γὰρ
1746 708 2085 784 ὑπερδάλλον

432 806 531 869 τῆς
580 799 869 874 ἐπιθυμίας
921 800 1209 876 ἀμήχανόν
1262 821 1381 856 τινα
1436 802 1535 869 τήν
1596 801 1929 879 εὐφροσύνην
1985 801 2082 874 ἐμ-

433 895 580 944 ποιεῖ
619 895 736 952 τοῖς
794 890 1218 966 ἐπιτυγχάνουσι
1275 894 1383 946 τῶν
1433 888 1931 965 περισπουδάστων.
1983 891 2081 945 Καὶ

433 979 460 1034 ὁ
517 977 757 1051 μελετῶν
815 981 906 1035 τὸν
963 979 1129 1054 νόμον
1189 980 1392 1054 Κυρίου
1449 981 1660 1058 ἡμέρας
1717 981 1810 1037 καὶ
1867 981 2083 1048 νυκτὸς,

431 1069 556 1144 περὶ
609 1070 672 1126 οὗ
725 1067 958 1146 εἴρηται,
1011 1069 1108 1126 ὅτι
1149 1070 1340 1142 Στόμα
1398 1069 1609 1126 δικαίου
1665 1071 1950 1145 μελετήσει
1991 1091 2084 1125 σο·

432 1156 580 1236 φίαν,
643 1159 869 1236 ἐρευνῶν
923 1158 1017 1222 τὰς
1071 1158 1428 1235 Γραφᾶς,καὶ
1489 1158 1579 1215 διὰ
1618 1165 1717 1216 τοῦ
1767 1161 1942 1235 ὀρθῶς
1995 1164 2086 1230 ζη-

429 1252 540 1303 τεῖν
593 1247 852 1324 εὑρίσκων
903 1249 994 1304 τὸν
1043 1248 1264 1325 Κύριον,
1307 1246 1397 1304 διὰ
1451 1251 1550 1319 τήν
1611 1249 1697 1305 ἰπὶ
1880 1250 2084 1324 εὑρέσει

431 1336 762 1411 εὐφροσύνην
813 1339 1012 1404 συνιεὶς
1083 1340 1147 1394 τὸ
1221 1341 1587 1412 πνευματικὸν
1651 1341 1912 1416 βούλημα
1975 1343 2082 1393 τῶν

429 1430 698 1504 Γραφῶν,
755 1426 1014 1500 ἀντλήσει
1071 1425 1218 1505 ὕδωρ
1303 1430 1418 1501 μετ’
1495 1428 1860 1506 εὐφροσύνης.
1914 1430 2082 1486 Ὅταν

430 1511 521 1569 οὗν
578 1514 736 1571 αὐτοὶ
783 1514 1193 1590 ἐμπλησθῶμεν
1250 1519 1348 1570 τοῦ
1403 1514 1654 1589 πόματος
1710 1520 1818 1570 τῶν
1878 1513 1938 1570 ἐκ
1985 1519 2082 1570 τοῦ

431 1605 711 1680 σωτηρίου
756 1607 872 1679 (85)
901 1610 1117 1680 πηγῶν,
1170 1606 1294 1660 τότε
1347 1604 1436 1660 καὶ
1477 1604 1692 1682 ἑτέρους
1718 1598 2082 1681 προσλαμϐά-

428 1714 614 1767 νομεν,
666 1693 1074 1771 ἆγκελευόμενοι
1131 1693 1316 1755 αὐτοῖς
1361 1691 1452 1748 καὶ
1509 1693 1780 1769 λέγοντες·
1839 1694 2084 1768 Ὑμνεῖτε

427 1783 520 1838 τὸν
581 1785 800 1856 Κύριον,
865 1785 1028 1860 βοᾶτε
1101 1782 1165 1837 τὸ
1239 1785 1415 1855 ὃνομα
1489 1782 1673 1838 αὐτοῦ.
1733 1784 1798 1840 Ἡ
1856 1779 1914 1837 δὲ
1974 1782 2077 1857 βοὴ

430 1875 582 1952 φωνή
643 1871 753 1928 ἔστι
816 1871 1043 1947 μέγεθος
1097 1867 1341 1947 ἔχουσα,
1401 1870 1698 1945 δυνάμενον
1766 1869 2081 1926 διϊκνεῖσθαι

426 1962 516 2017 καὶ
546 1962 683 2038 πρὸς
711 1961 840 2025 τοὺς
870 1961 1062 2038 πόῤῥω
1108 1963 1244 2036 (86).
1304 1963 1476 2018 Βοᾶτε
1524 1959 1635 2015 οῦν·
1688 1960 1807 2017 ἀντὶ
1837 1965 1956 2031 τοῦ,
1987 1961 2082 2030 Μὴ

432 2050 599 2126 μικρὰ
626 2051 750 2126 περὶ
795 2055 928 2106 Θεοῦ
977 2055 1246 2129 φρονεῖτε,
1291 2049 1440 2107 ἀλλὰ
1496 2049 1706 2128 μεγάλῃ
1752 2054 1822 2126 τῇ
1875 2047 2086 2122 διανοίᾳ

420 2141 488 2195 τὰ
542 2139 668 2216 περὶ
734 2139 899 2196 αὐτοῦ
945 2139 1251 2202 ἐννοοῦντες
1280 2183 1300 2212 ,
1351 2137 1492 2194 οὕτω
1545 2138 1856 2216 θεολογεῖτε
1898 2184 1912 2207 ,
1947 2138 2085 2194 ὥστε

423 2230 511 2285 καὶ
571 2235 688 2292 τοῖς
743 2229 950 2307 μακρὰν
1005 2228 1123 2284 οὖσι
1172 2236 1274 2300 τῆς
1329 2229 1602 2305 σωτηρίας
1662 2227 1959 2302 δυνηθῆναι
2005 2227 2085 2300 ἐξ·

425 2319 686 2375 ἁκουστον
721 2319 872 2393 ὑμῶν
903 2319 993 2374 τὸν
1027 2317 1216 2394 λόγον,
1250 2315 1338 2374 διὰ
1361 2318 1425 2374 τὸ
1448 2320 1642 2394 τρανὸν
1692 2322 1792 2386 τῆς
1835 2316 2084 2374 διδασκα-

422 2405 569 2476 λίας,
603 2406 848 2484 γενέσθαι
880 2410 1011 2482 (87).
1048 2407 1226 2479 Δηλοῖ
1257 2405 1314 2463 δὲ
1349 2408 1442 2464 τὸν
1492 2412 1620 2464 νοῦν
1671 2412 1863 2464 τοῦτον
1890 2409 1960 2464 τὰ
1987 2406 2081 2486 ἐφ-

423 2498 564 2569 εξῆς.
628 2497 1008 2574 Ἀναγγείλατε
1052 2497 1190 2575 γὰρ,
1249 2499 1411 2576 φησὶν
1440 2545 1454 2570 ,
1505 2497 1556 2553 ἐν
1614 2503 1732 2560 τοῖς
1790 2494 1962 2553 ἔθνεσι
2017 2497 2085 2552 τὰ

423 2583 608 2658 ἔνδοξα
683 2587 868 2658 αὐτοῦ,
947 2587 1136 2642 εἴπατε
1220 2587 1390 2641 αὐτοῦ
1461 2587 1530 2640 τὰ
1610 2586 1903 2661 θαυμάσια.
1959 2586 2080 2641 Δεί-

425 2677 548 2747 ξατε
574 2681 693 2740 τοῖς
723 2676 975 2748 ἀνοήτοις
1026 2677 1126 2745 τήν
1179 2675 1306 2752 περὶ
1353 2676 1444 2731 τὸν
1504 2675 1718 2750 πόσμον
1749 2679 1862 2751 (88)
1892 2673 2082 2732 διάτα-

421 2765 521 2838 ξιν,
547 2763 640 2821 τίνα
677 2768 1031 2841 προσαχθῶσι
1063 2770 1133 2841 τῇ
1193 2764 1370 2842 ἀγάπῃ
1415 2770 1512 2820 τοῦ
1559 2767 1842 2829 κτίσαντος
1879 2768 1947 2822 τὰ
1978 2764 2082 2821 ὅλα

421 2859 596 2912 Θεοῦ.
681 2857 983 2929 ’Υμνήσατε
1057 2856 1122 2910 τὸ
1197 2855 1370 2929 ὄνομα
1437 2855 1602 2912 αὐτοῦ
1636 2901 1650 2927 ,
1729 2857 1811 2912 ὅτι
1893 2856 2082 2932 ὑψηλὰ

421 2943 693 3017 ἐποίησεν.
727 2945 796 3000 Ἦ
846 2946 972 3022 περὶ
1019 2949 1126 3000 τῶν
1185 2944 1238 3000 ἐν
1295 2950 1376 3018 τῷ
1430 2946 1626 3020 κόσμῳ
1673 2945 1960 3019 θαυμάτων
1995 2943 2081 3000 δι-

422 3035 722 3108 ηγήσασθε,
756 3033 838 3089 ὅτι
898 3034 1087 3108 ὑψηλὰ
1137 3034 1227 3090 καὶ
1289 3033 1575 3110 ἀπρόσιτα·
1636 3033 1672 3103 ἢ
1721 3034 1844 3111 περὶ
1883 3038 1992 3089 τῶν
2026 3034 2076 3090 ἐν

421 3126 538 3186 τοῖς
568 3121 820 3198 οὐρανοῖς
867 3121 1204 3197 δυνάμενων,
1236 3122 1320 3179 ὅτι
1376 3124 1539 3185 αὐτὸς
1597 3123 1820 3194 ἰποίησε
1875 3123 1943 3178 τὰ
1970 3122 2081 3178 ἐκεῖ

425 3211 629 3286 ὑψηλά·
663 3211 699 3282 ἢ
757 3212 883 3287 περὶ
938 3219 1040 3283 τῆς
1071 3212 1123 3269 ἐν
1181 3216 1318 3288 ἡμῖν
1378 3215 1780 3290 χρηστότητος,
1825 3216 1908 3269 ὅτι
1951 3216 2080 3288 ὑψοῖ

2194 640 2314 679 mea
2343 623 2414 679 ad
2445 626 2613 679 Deum
2639 627 2840 696 fortem
2867 627 3055 680 vivum
3076 624 3140 680 ⁸ο.
3174 629 3318 680 Nam
3353 623 3712 680 desiderium
3740 624 3854 681 im-

2195 714 2493 768 modieum
2546 713 2897 769 immensam
2938 716 3257 784 quamdam
3308 713 3575 770 Iustitiam
3626 714 3700 770 iis
3748 715 3852 786 qui

2196 819 2287 857 res
2301 801 2836 858 desideratissimas
2852 807 3500 874 consequuntur,creat.
3517 803 3850 866 Quinetiam

2194 891 2244 946 is
2277 891 2376 962 qui
2409 891 2730 946 meditatur
2772 890 2958 963 legem
2995 893 3224 947 Domini
3265 893 3359 949 die
3391 909 3458 948 ao
3489 897 3658 948 nocte
3678 892 3748 959 εί,
3779 893 3852 949 de

2195 996 2310 1050 quo
2341 981 2560 1036 dictum
2593 985 2718 1036 est:
2759 980 2828 1036 0:
2845 981 2997 1052 justi
3037 983 3394 1038 meditabitur
3421 984 3757 1054 sapientiam
3781 982 3852 1053 ⁷³,

2195 1074 2465 1126 scrutans
2498 1071 2855 1143 Scripturas,
2888 1077 2946 1126 et
2993 1076 3146 1127 recte
3178 1072 3493 1143 quarendo
3534 1071 3853 1127 Dominum

2197 1161 2512 1232 reperiens,
2536 1160 2608 1216 ob
2641 1163 2976 1233 perceptam
3029 1161 3098 1216 de
3143 1160 3378 1217 invento
3411 1159 3699 1232 laetitiam,
3729 1158 3856 1233 spi-

2194 1248 2423 1305 ritalem
2457 1241 2898 1322 Scripturarum
2944 1265 3188 1306 sensum
3233 1249 3589 1322 intelligens,
3619 1247 3856 1306 hauriet

2193 1355 2407 1412 aquam
2440 1355 2574 1394 cum
2607 1339 2843 1412 gaudio.
2877 1339 3020 1395 Cum
3058 1338 3240 1412 igitur
3270 1356 3376 1395 nos
3406 1342 3548 1411 potu
3598 1338 3851 1396 fontium

2192 1445 2224 1484 e
2259 1428 2511 1484 Salutari
2559 1429 3014 1485 scaturientium
3061 1428 3348 1484 fuerimus
3397 1427 3686 1495 exsatiati,
3717 1432 3849 1484 tum

2192 1520 2249 1572 et
2277 1516 2424 1574 alios
2463 1517 2634 1573 nobis
2678 1518 3094 1590 adjungemus,
3126 1521 3184 1574 et
3208 1515 3668 1586 exhortabimur,
3700 1516 3850 1589 ipsis

2192 1606 2454 1662 dicentes
2483 1607 2682 1677 (Vens.
2718 1607 2772 1677 4)
2797 1623 2809 1662 :
2835 1608 3065 1678 Hymnis
3093 1606 3360 1663 celebrate
3390 1608 3716 1675 Dominum,
3739 1605 3852 1660 cla-

2189 1704 2336 1752 mate
2362 1713 2559 1753 nomen
2577 1698 2712 1769 ejus.
2739 1697 2838 1752 Est
2860 1701 3056 1752 autem
3080 1695 3302 1752 clamor
3323 1712 3506 1752 sonus
3532 1711 3666 1751 cum
3691 1694 3846 1751 573

2191 1787 2565 1843 contentione
2612 1803 2841 1859 magna.
2878 1786 3093 1862 editus,
3125 1786 3227 1858 qui
3275 1785 3451 1841 etiam
3496 1785 3569 1840 ad
3616 1800 3716 1840 eos
3745 1781 3849 1855 qui

2193 1875 2392 1947 procul
2443 1876 2680 1944 absunt,
2728 1877 3058 1948 pertingere
3104 1878 3316 1946 potest.
3351 1873 3617 1932 Clamate
3650 1873 3850 1944 igitur,

2195 1965 2304 2021 hoc
2335 1969 2443 2037 est,
2476 1965 2601 2021 Non
2635 1965 2883 2020 humilia
2915 1965 2985 2020 de
3015 1965 3131 2020 Deo
3163 1963 3376 2019 sentite
3404 1979 3417 2019 :
3441 1963 3561 2019 imo
3593 1977 3726 2019 vero
3757 1961 3854 2017 in-

2194 2053 2353 2126 genti
2383 2053 2579 2110 animo
2610 2070 2678 2110 ea
2707 2071 2840 2125 quos
2874 2054 2946 2109 ad
2979 2068 3114 2108 eum
3159 2050 3474 2124 pertinent,
3504 2051 3852 2123 cogitantes,

2195 2143 2280 2199 sic
2311 2143 2384 2199 de
2433 2143 2610 2198 rebus
2639 2142 2854 2198 divinis
2885 2141 3182 2213 disserite,
3216 2145 3282 2196 ut
3309 2139 3400 2198 vel
3432 2140 3506 2196 iis
3533 2139 3636 2212 qui
3682 2139 3855 2212 longe

2195 2236 2336 2288 sunt
2366 2248 2399 2288 a
2428 2231 2619 2288 salute
2669 2229 2900 2301 remoti,
2933 2245 3128 2286 sermo
3173 2233 3365 2286 vester
3414 2229 3602 2286 audiri
3655 2231 3853 2300 queat,

2195 2321 2268 2376 ob
2300 2320 2579 2376 doctrinas
2611 2319 3111 2393 perspicuitatem.
3133 2318 3417 2375 Caeterum
3450 2335 3577 2391 quae
3599 2332 3858 2389 sequun-

2191 2415 2310 2479 tur,
2343 2410 2500 2466 hune
2532 2409 2812 2466 exhibent
2853 2425 3118 2465 sensum.
3153 2409 3494 2464 Annuntiate
3541 2407 3722 2476 enim,
3756 2405 3853 2461 in-

2192 2501 2340 2572 quit,
2376 2502 2438 2555 in
2473 2500 2730 2570 gentibus
2777 2499 3029 2569 gloriosa
3075 2499 3215 2568 eius,
3245 2497 3410 2553 dicite
3459 2497 3635 2568 ipsius
3677 2497 3830 2550 mira

2193 2589 2460 2646 Rudibus
2492 2593 2550 2645 et
2580 2587 2971 2660 intelligentia
2991 2587 3239 2643 minime
3269 2585 3527 2659 praeditis
3560 2583 3854 2642 ostendite

2193 2683 2543 2752 apparatum
2589 2678 2795 2734 mundi
2830 2694 2895 2733 ac
2925 2678 3216 2745 ordinem,
3253 2681 3317 2732 ut
3363 2692 3562 2732 amore
3591 2675 3693 2730 Dei
3725 2672 3854 2728 uni-

2191 2785 2494 2825 versorum
2534 2767 2856 2824 conditoris
2886 2767 3280 2839 pelliciantur.
3315 2768 3512 2836 (Vsus.
3537 2765 3594 2836 5)
3617 2763 3851 2838 Hymnis

2189 2860 2457 2915 celebrate
2485 2874 2686 2915 nomen
2715 2857 2855 2929 ejus,
2889 2859 3154 2928 quoniam
3196 2855 3409 2912 excelsa
3436 2855 3589 2926 fecit.
3624 2857 3744 2910 Aut
3780 2853 3854 2910 de

2193 2948 2398 3004 mundi
2432 2947 2738 3003 miraculis
2768 2947 2878 3002 hoc
2911 2950 3165 3015 narrate,
3199 2945 3355 3016 quod
3388 2943 3615 3000 excelsa
3644 2943 3765 2998 sint
3793 2943 3852 2998 et

2191 3038 2492 3093 inaccessa
2525 3053 2538 3092 :
2573 3041 2676 3092 aut
2724 3036 2796 3090 de
2844 3034 3123 3091 ccslorum
3172 3033 3520 3102 virtutibus,
3549 3031 3707 3104 quod
3738 3031 3852 3088 Do-

2192 3126 2387 3181 minus
2449 3125 2568 3180 illic
2627 3124 2856 3180 excelsa
2913 3124 3143 3197 egerit:
3188 3126 3292 3179 aut
3336 3123 3408 3179 de
3459 3123 3590 3193 ejus
3635 3120 3698 3176 in
3742 3136 3850 3177 nos

2192 3214 2576 3287 benignitate,
2610 3214 2765 3285 quod
2816 3201 3072 3269 humiles
3110 3217 3165 3268 et
3208 3212 3492 3269 contritas
3541 3210 3716 3266 corde
3761 3212 3848 3266 at-

419 3300 547 3365 τοῦς
592 3303 1093 3376 τεταπεινωμένους
1139 3302 1230 3359 καὶ
1279 3288 1769 3381 συντετριμμένους
1810 3305 1911 3373 τὴν
1947 3323 2079 3378 καρ-

2198 3304 2376 3360 tollat.
2408 3303 2696 3359 Dominus
2726 3301 2883 3358 enim
2929 3301 3144 3358 exaltat
3185 3303 3383 3372 justos
3403 3301 3471 3357 ⁷³.
3501 3298 3702 3356 Altum
3733 3298 3846 3372 igi-

421 3386 561 3448 δίαν.
591 3389 794 3466 Κύριος
839 3391 940 3466 γάρ
994 3391 1124 3465 ὑψοῖ
1166 3388 1426 3454 δικαίους·
1478 3389 1716 3465 Ὑψηλὸν
1760 3389 1850 3445 οὖν
1885 3391 2077 3461 ἐποίη-

420 3498 498 3548 σε,
528 3478 618 3534 καὶ
661 3479 1060 3544 ταπεινωθᾶντα
1109 3482 1180 3554 τῇ
1231 3480 1490 3558 ἁμαρτίᾳ,
1521 3485 1590 3555 τῇ
1647 3477 1760 3552 ἰδίᾳ
1807 3477 1934 3556 δόξῃ
1963 3482 2077 3555 (89)

421 3565 796 3643 ὐπερόψωσεν.

907 3869 1022 3942 (90)
1061 3869 1469 3928 ΚΕΦΑΑΑΙΟΝ
1510 3873 1598 3928 1r.

493 3959 622 4014 254.
679 3957 908 4032 Ὅρασις
957 3957 1096 4012 κατὰ
1152 3952 1525 4030 Βαϐυλῶνος,
1594 3958 1660 4029 ἢν
1723 3954 1857 4013 εἶδεν
1916 3959 2079 4016 Ἡσα-

426 4051 516 4108 ἲας
566 4045 682 4108 υἱὸς
731 4045 937 4121 ’Δμώς.
1000 4045 1117 4104 Οὐκ
1177 4045 1410 4118 αἰσθητή
1467 4046 1549 4110 τίς
1611 4045 1939 4119 ἰστιν,οὐδὲ
1995 4046 2084 4103 διὰ

428 4138 758 4208 σωματικῶν
819 4132 1123 4212 ὀφθαλμῶν
1181 4135 1533 4211 θεωρουμένη
1591 4135 1725 4208 αὕτη
1786 4139 1820 4206 ἡ
1872 4135 2080 4212 ὅρασις,

428 4221 556 4278 ἀλλ’
588 4222 691 4278 ὑπὸ
719 4227 816 4278 τοῦ
845 4227 938 4279 νοῦ
983 4225 1418 4298 κατανοουμὲνη,
1459 4229 1556 4280 τοῦ
1587 4230 1720 4284 Θεοῦ
1750 4225 2085 4303 φῶτίζοντος

429 4311 612 4381 αὐτὸν,
646 4312 738 4367 καὶ
785 4310 1154 4388 χαριζομένου
1204 4313 1332 4389 ὁρᾷν
1380 4310 1564 4370 αῦτόν.
1594 4314 1692 4378 Τίς
1723 4317 1758 4386 ἠ
1795 4310 2082 4387 Βαϐυλὼν,

2188 3398 2287 3449 tur
2314 3393 2527 3464 effecit,
2560 3397 2737 3464 atque
2765 3408 2900 3447 eum
2935 3391 3037 3463 qui
3069 3395 3304 3464 peccato
3331 3389 3684 3446 humiliatus
3714 3389 3844 3445 fue-

2187 3486 2279 3538 rat
2309 3498 2375 3538 ae
2405 3481 2743 3554 depressus,
2766 3497 2874 3536 sua
2904 3479 3093 3552 ipsius
3124 3481 3307 3554 gloria
3327 3479 3492 3538 valde
3522 3477 3841 3536 sublimem

2186 3571 2458 3628 reddidit.

2795 3868 3032 3926 CAPUT
3076 3868 3230 3926 XIII.

2259 3958 2386 4016 254.
2435 3960 2582 4016 Visio
2630 3968 2822 4016 contra
2869 3958 3230 4032 Babylonem,
3282 3973 3450 4030 quam
3491 3955 3631 4014 vidit
3680 3957 3855 4013 Isaia:

2190 4049 2341 4120 ﬁlius
2369 4039 2547 4105 Amos.
2563 4049 2727 4105 Visio
2759 4049 2882 4105 haec
2906 4050 3017 4106 sub
3038 4065 3251 4105 sensus
3273 4065 3389 4105 non
3413 4046 3642 4116 cecidit,
3662 4061 3855 4118 neque

2193 4137 2304 4193 fuit
2350 4142 2666 4209 conspecta
2723 4138 3017 4211 corporeis
3066 4137 3275 4208 oculis,
3319 4137 3422 4193 sed
3478 4134 3774 4192 intellecta
3821 4151 3856 4192 a

2194 4230 2410 4299 mente,
2442 4227 2559 4283 Deo
2602 4243 2732 4283 eam
2777 4227 3135 4295 illustrante,
3166 4227 3335 4298 eique
3363 4225 3604 4283 videndi
3633 4225 3753 4281 vim
3785 4239 3854 4280 a0

2193 4317 2530 4374 facultatem
2553 4319 2870 4376 tribuente.
2887 4324 3084 4392 Ecqua
3105 4323 3194 4376 est
3215 4319 3336 4373 haec
3358 4315 3705 4388 Babylon,et
3726 4330 3854 4385 quas

429 4399 520 4456 καὶ
577 4401 701 4457 τίνα
754 4401 824 4456 τὰ
870 4397 1290 4476 ἀπαντησόμενα
1338 4403 1512 4478 auiti};
1568 4403 1747 4476 Δῆλον
1799 4402 1877 4475 δὶ,
1912 4406 1994 4461 ὅτι
2023 4404 2084 4461 οὗ

2198 4412 2366 4463 erant
2390 4407 2442 4462 ei
2469 4408 2832 4464 obventura?
2852 4409 3052 4464 Palam
3073 4413 3162 4464 est
3182 4412 3381 4464 autem
3406 4405 3718 4478 prophetas
3745 4419 3862 4458 non

429 4491 544 4545 κατ’
575 4486 818 4546 ἔκστασιν
860 4487 1065 4546 ἐλάλου
1109 4492 1195 4546 νοὶ
1223 4499 1524 4568 προφῆται.
1555 4495 1620 4549 Ol.
1654 4496 1748 4569 μὲν
1778 4496 1883 4571 γὰρ
1915 4516 2090 4566 πονη-

435 4584 551 4656 ροῖς
583 4579 848 4655 πνεύμασι
875 4579 1136 4657 κάτοχοι,
1183 4583 1623 4659 παραφερόμενοι
1675 4584 1767 4639 τὸν
1818 4589 1962 4655 νοῦν,
1994 4585 2094 4647 τὰς

434 4669 494 4725 tu
520 4674 626 4725 τῶν
689 4667 960 4743 δαιμόνων
1021 4670 1207 4734 αὐτοῖς
1258 4669 1598 4747 ἰγγινομὲνας
1655 4673 1943 4751 φαντασίας
1988 4673 2096 4751 οὐχ

435 4760 659 4834 ὁρῶσιν,
690 4757 839 4816 ἀλλὰ
866 4763 1200 4835 παρορῶσιν.
1253 4761 1455 4836 Ὥσπερ
1485 4763 1537 4816 οἱ
1565 4759 1934 4836 δαιμονῶντες
1977 4765 2093 4838 (91)

435 4847 718 4923 ποταμοὺς
765 4845 1052 4924 βλᾶπουσι,
1085 4849 1176 4904 καὶ
1224 4844 1350 4926 ὅρη,
1385 4850 1475 4906 καὶ
1522 4851 1684 4928 θηρία
1733 4852 1801 4907 τὰ
1845 4853 1923 4926 μὴ
1954 4872 2093 4927 παρ-

438 4937 585 4996 όντα.
618 4937 716 4993 Καὶ
742 4936 1016 5016 χρώματα
1071 4935 1221 4995 δοκεῖ
1273 4959 1396 4996 τινα
1453 4939 1639 5006 αὐτοῖς
1691 4946 1966 5018 παρεῖναι,
2001 4941 2091 4996 καὶ

2209 4496 2437 4554 locutos
2468 4497 2652 4554 fuisse
2691 4500 2973 4569 tanquam
3007 4514 3042 4552 a
3071 4502 3268 4553 mente
3306 4495 3550 4553 alienos.
3582 4490 3867 4550 Nonnulli

2208 4586 2448 4660 quidem
2481 4587 2788 4658 spiritibus
2843 4585 3120 4659 malignis
3152 4583 3400 4657 correpti
3453 4589 3510 4640 et
3556 4582 3761 4649 afﬂati,
3793 4581 3867 4636 de

2206 4679 2363 4732 statu
2397 4675 2614 4731 mentis
2644 4675 2879 4746 dejecti,
2903 4675 3127 4748 species
3159 4674 3272 4730 sibi
3305 4691 3340 4729 ο.
3368 4672 3735 4729 daemonibus
3767 4669 3870 4725 ob-

2196 4765 2389 4836 jectas
2421 4765 2770 4836 neutiquam
2802 4765 3023 4836 vident,
3046 4765 3148 4820 sed
3187 4764 3384 4819 videre
3425 4778 3488 4820 se
3533 4760 3680 4818 falso
3714 4757 3870 4815 arbi-

2203 4859 2457 4911 trantur.
2483 4853 2992 4918 Quemadmodum
3024 4853 3124 4926 qui
3156 4852 3558 4925 corripiuntur
3578 4850 3866 4915 daemone,

2203 4944 2437 5014 ﬂuvios,
2468 4945 2700 5000 montes
2738 4947 2796 4999 et
2840 4941 3069 5000 belluas
3115 4941 3253 5000 licet
3302 4941 3576 5003 absentes
3627 4935 3870 5009 conspi-

509 5095 556 5131 "°
584 5095 735 5154 Psal.
767 5111 883 5170 xu,
911 5097 965 5153 3.
1043 5095 1088 5135 τι
1123 5095 1277 5155 Psal.
1308 5111 1350 5168 ι,
1379 5099 1434 5155 2.
1510 5097 1556 5136 ⁷³
1585 5098 1740 5156 Psal.
1773 5115 1966 5171 xxxvi,
1998 5099 2084 5157 30.

2198 5099 2210 5134 ⁵
2238 5098 2395 5158 Psal.
2429 5115 2615 5170 mw,
2649 5098 2739 5156 11.

479 5252 622 5378 “(3.5)
651 5254 762 5314 Pro
818 5251 1118 5331 σωτηρίου,
1165 5253 1345 5312 habet
1398 5258 1644 5330 uterque
1685 5258 1871 5329 Golb.,
1920 5276 2097 5330 ποτη-

441 5343 626 5476 ρκξξρ)
657 5396 892 5476 Yeteres
922 5397 1345 5476 aliquot_libri,‘
1367 5395 1722 5476 ποῤῥωτιρω.

513 5397 604 5466 (86
657 5396 892 5454 Veteres
922 5397 1150 5470 aliquot
1178 5397 1336 5470 libri,
1367 5396 1722 5476 πορρωτέρω.

513 5396 1746 5564 (ἓῗίιςὲίὶάίίξὲ-υοηξι91¹ίν,γίνεσθαιμοι,
1772 5475 1912 5564 eali“
1955 5490 2096 5564 μυξη

440 5539 739 5627 aliquibus
810 5557 980 5610 mss.,
1037 5544 1160 5596 νοῦν
1217 5539 1444 5600 coni-mw.
1497 5544 1754 5621 Uterque
1811 5547 2096 5614 Combef.,

438 5629 656 5668 τουτον·

652 5686 741 5814 ξε
766 5700 912 5744 mss.
944 5700 1171 5744 omnes.
1204 5685 1382 5756 Editi,
1411 5689 1534 5763 περὶ
1565 5693 1662 5774 τοῦ
1690 5689 1924 5776 κόσμου.
1989 5761 1999 5773 _
2055 5760 2066 5772 .

706 5771 871 5816 ocem
902 5752 1030 5831 δόξῃ
1059 5773 1129 5816 ex
1156 5757 1374 5818 nostris
1403 5775 1506 5818 sex
1531 5761 1839 5822 codicibus
1867 5759 2066 5821 addidi

706 5771 871 5816 ocem
902 5752 1030 5833 δόξῃ
1059 5773 1129 5816 ex
1156 5752 1376 5818 nostris
1403 5752 1506 5818 sei
1531 5752 1839 5822 codicibus
1867 5759 2097 5821 addidi-

2209 5273 2389 5412 ωῗὲό)
2415 5327 2664 5412 Librarii
2704 5327 2871 5400 prius
2919 5326 3163 5411 titulum
3212 5325 3465 5412 nullum,
3496 5324 3874 5412 posuerunt}

2274 5340 2389 5457 seu)
2417 5340 2664 5410 Libram
2704 5344 2871 5400 prius
2919 5340 3163 5384 titulum
3212 5340 3446 5382 nuuum
3496 5340 3824 5452 posuerunt
3854 5340 3874 5379 :

2209 5417 2308 5484 se.
2359 5417 2507 5473 ipsm
2556 5399 2650 5456 hic
2702 5399 3225 5484 apponere'visum
3275 5402 3384 5481 est.
3417 5396 3506 5484 lia
3549 5398 3878 5484 e‘n‘tnigitur

2209 5467 2473 5593 quinque
2504 5488 2648 5529 mss.
2678 5488 2691 5527 :
2716 5467 2945 5555 ’Όραρῖς
2977 5471 3045 5562 γ’·
3082 5469 3395 5542 Antiquior
3415 5467 3754 5554 Combeﬂsii
3784 5481 3876 5523 co-

2253 5562 2319 5593 ρκ
2369 5544 2609 5593 mtide
2661 5542 2951 5593 svllabls:
3009 5543 3211 5593 Οοασις
3249 5539 3429 5593 τρίτη.
3481 5540 3649 5593 Alma
3697 5537 3883 5593 codex

2210 5539 2322 5602 dex
2369 5539 2611 5601 totidem
2661 5539 2904 5616 syllabis
2938 5560 2951 5598 :
2983 5539 3211 5614 Ὃρασις
3241 5539 3429 5616 Ῑτρίτη.
3481 5539 3649 5598 Alius
3697 5539 3803 5594 cod

2211 5619 2392 5690 Res»:
2425 5612 3080 5690 ῗφρασιςγᾉλόγρςηξβκ,
3168 5684 3182 5690 ,
3223 5680 3246 5690 -
3365 5682 3379 5690 .
3455 5685 3482 5690 _
3666 5683 3717 5690 _.
3770 5675 3809 5690 ..

2282 5638 2287 5671 ι
2336 5657 2348 5670 .
2379 5633 2392 5672 :
2426 5633 2652 5690 ”υρασις
2677 5636 2712 5688 γ
2778 5633 2946 5688 Λογος
2983 5633 3071 5688 ιμ’.
3796 5675 3809 5688 .

2282 5633 2396 5762 Et)
2425 5687 2664 5762 Veteres
2689 5659 2919 5762 aliquot
2946 5684 3107 5756 libri,
3136 5684 3190 5740 οἱ
3220 5680 3634 5758 δαιμὸνιῶντες.
3662 5682 3879 5759 Statim~

2209 5750 2331 5817 tres
2361 5750 2533 5830 mss.,
2561 5750 2687 5832 ὄψις
2718 5750 3040 5832 ἀνθρώπων.
