4150 6418
265 363 385 423 567

1220 363 1616 425 APPENDIX
1657 361 1981 426 OPERUM
2027 364 2096 424 S.
2140 364 2424 426 BASILH
2467 363 2740 426 MAGNI.

3572 357 3696 421 568

267 493 432 548 ciunt
458 491 918 564 existimantque
946 491 1170 547 colores
1201 493 1490 563 quosdam
1521 493 1634 548 sibi
1669 509 1925 565 pressan-

2054 493 2192 564 ἵψεις
2248 492 2544 568 ἀνθρώπων
2593 487 2771 565 φίλων
2828 486 2864 558 ἢ
2920 489 3291 565 ἀγνοουμένων
3353 485 3690 565 ἆμφαντάζε-

271 585 359 636 tes
390 582 597 637 adesse
627 585 683 637 et
712 581 1021 637 hominum
1068 581 1391 636 amicorum
1443 585 1545 637 aut
1593 582 1925 654 ignotorum

273 671 498 742 species
532 671 646 726 sibi
678 669 934 727 exhiberi
961 688 972 724 :
1001 686 1251 740 quorum
1277 676 1631 742 conspectus
1660 671 1809 726 nihil
1841 675 1931 726 est

272 758 386 814 nisi
418 777 598 826 error,
633 770 686 815 et
734 759 949 814 mentis
999 759 1346 830 pertarbatse
1378 777 1443 815 ac
1474 761 1528 814 vi
1559 759 1931 830 etfacultate

275 865 385 904 sua
410 849 704 905 destituta
755 847 1031 903 alienatio
1083 849 1375 920 quaedam.
1411 849 1522 904 Sed
1573 866 1688 905 non
1740 849 1822 904 ita
1867 866 1928 905 se

275 952 369 994 res
399 937 577 994 habet
609 939 667 992 in
701 936 939 992 sanctis.
973 936 1068 992 Ait
1111 937 1269 992 enim
1314 942 1466 994 Deus
1498 937 1623 1010 ipse
1655 954 1667 994 :
1701 943 1815 1007 Ego
1844 940 1926 994 vi-

273 1027 455 1081 sione:
485 1026 935 1097 multiplicavi“.
969 1026 1115 1082 Cum
1167 1031 1366 1082 autem
1421 1026 1706 1084 Dominus
1752 1027 1928 1100 largi-

273 1120 370 1170 tur
398 1114 708 1184 visionem,
742 1115 1008 1171 animum
1059 1133 1094 1172 a
1145 1133 1207 1171 se
1256 1117 1799 1188 aptatumﬁminime
1827 1117 1929 1173 ob-

273 1208 470 1274 cacat,
502 1205 621 1260 imo
669 1221 806 1261 vero
856 1220 992 1260 eum
1050 1204 1311 1261 illustrat
1343 1223 1410 1260 ac
1439 1206 1688 1278 Spiritus
1745 1207 1932 1262 sancti

271 1293 525 1348 adventu
572 1294 1292 1366 perspicacioremiefﬁcit.
1323 1295 1545 1351 Idcirco
1593 1295 1751 1351 enim
1800 1313 1932 1368 pro-

270 1382 465 1453 phetae
511 1383 873 1440 vocabantur
907 1384 1238 1455 Videntes“,
1271 1385 1423 1456 quod
1455 1400 1559 1458 per
1587 1385 1845 1458 Spiritus
1874 1401 1933 1441 se

271 1470 630 1528 illustrantis
691 1471 1064 1545 praesentiam
1125 1473 1386 1529 obtuitus
1449 1475 1664 1530 mentis
1711 1474 1773 1530 in
1821 1474 1936 1530 illis

277 1562 450 1633 quasi
492 1568 829 1634 augeretur.
867 1563 996 1631 Qui:
1043 1563 1225 1635 igitur
1270 1566 1402 1635 fecit
1443 1563 1717 1620 videntem
1746 1567 1796 1620 et
1825 1580 1933 1622 ca?-

278 1666 404 1706 cum
422 1651 510 1704 7°?
539 1651 874 1723 Videntem,
910 1652 1194 1707 nimirum
1225 1653 1594 1724 prophetam,
1621 1654 1774 1726 quod
1807 1671 1936 1726 per-

279 1739 497 1812 spicaci
539 1741 753 1797 mentis
798 1742 920 1797 acie
969 1743 1169 1796 futura
1217 1743 1546 1814 prospicere
1576 1743 1794 1811 valeat;
1829 1760 1935 1798 caa-

281 1845 417 1884 cum
447 1846 582 1904 vero
632 1845 765 1885 eum
815 1829 1095 1902 intelligit
1124 1821 1224 1902 q'ui
1274 1849 1382 1887 sua
1433 1831 1622 1904 ipsius
1675 1833 1939 1904 nequitia

279 1919 534 1989 caeoutit,
567 1923 632 1974 ut
678 1935 749 1976 ne
778 1920 1010 1991 profani
1043 1920 1195 1977 oculi
1246 1921 1581 1993 spectacula
1627 1922 1934 1978 beatorum

2038 584 2178 655 σθαι,
2230 584 2303 636 ὧν
2368 579 2520 638 οὐδὲν
2583 581 2722 635 ἐστιν
2783 578 2992 656 ὅρασις,
3054 577 3202 634 ἀλλὰ
3250 578 3544 654 παραιρορὰ
3599 577 3689 632 καί

2038 667 2283 735 ἔκστασις
2311 671 2408 728 τοῦ
2457 676 2551 726 νοῦ
2605 669 3012 743 τεθολωμὲνῠυ,
3061 669 3152 723 καὶ
3197 668 3299 737 τὴν
3351 663 3490 722 ίδίαν
3546 666 3692 739 ἂνάρ-

2037 783 2188 837 γειαν
2277 759 2718 822 ἀπολωλεκότος.
2768 760 2890 817 Ἑπί
2953 759 3139 832 μὲντοι
3189 763 3297 813 τῶν
3349 755 3519 832 ἁγίων
3580 757 3690 832 οὐχ

2039 852 2231 915 οὕτως.
2266 851 2437 912 Αὐτὸς
2467 852 2570 926 γάρ
2603 871 2762 928 φησιν
2797 850 2827 904 ὁ
2877 848 3027 911 Θεός’
3080 847 3220 923 Ἐγώ
3265 844 3486 924 ὁράιρεις
3513 845 3686 916 ἐπλή-

2040 953 2190 1005 θυνα.
2247 942 2470 1016 Ὅρασιν
2527 937 2584 995 δὲ
2660 937 3029 1015 χαριζόμενος
3081 938 3108 993 ὁ
3157 937 3361 1013 Κύριος
3419 937 3535 1008 (92)
3595 933 3695 989 οὐκ

2040 1029 2350 1108 ἀποτυφλοῖ
2375 1031 2466 1085 τὸν
2503 1034 2627 1085 νοῦν
2680 1029 2736 1084 δν
2783 1027 2943 1090 αὐτὸς
2974 1024 3379 1095 κατεσκεύασεν,
3407 1023 3556 1080 ἀλλὰ
3585 1045 3697 1102 φω-

2037 1120 2171 1188 τίζει
2203 1119 2362 1175 αὐτὸν
2389 1120 2479 1174 καὶ
2531 1115 2908 1193 διαυγὲστερον
2965 1121 3116 1171 ποιεῖ
3163 1118 3233 1188 τῇ
3291 1112 3563 1190 παρουσίᾳ
3599 1116 3697 1167 τοῦ

2042 1208 2372 1281 Πνεύματος.
2426 1209 2523 1263 Διά
2573 1211 2735 1263 τοῦτο
2781 1207 2881 1281 γὰρ
2939 1207 3030 1261 καὶ
3079 1205 3133 1260 οἱ
3188 1205 3468 1281 προφῆται
3521 1200 3696 1278 ἐχρη-

2046 1297 2266 1372 μάτιζον
2323 1299 2580 1372 ὁρῶντες,
2659 1293 2750 1350 διὰ
2802 1297 2865 1350 τὸ
2942 1295 3107 1350 οἱονεὶ
3185 1291 3521 1348 ἆπιτετάσθαι
3582 1293 3695 1364 (93)

2043 1391 2230 1452 αὐτοῖς
2260 1390 2360 1458 τήν
2391 1393 2488 1444 τοῦ
2537 1391 2634 1442 νοῦ
2682 1381 2968 1459 διάϐλεψιν
3002 1383 3062 1440 ἐκ
3113 1389 3213 1453 τῆς
3241 1385 3340 1437 τοῦ
3365 1379 3694 1459 φωτίζοντος

2045 1479 2238 1541 αὐτοὺς
2289 1477 2600 1551 Πνεύματος
2644 1475 2964 1551 παρουσίας.
3008 1473 3098 1536 Τίς
3148 1471 3238 1528 οὖν
3290 1470 3514 1542 ἐπὸίησε
3566 1469 3692 1545 βλέ-

2043 1590 2215 1625 ποντα
2250 1568 2340 1623 καὶ
2391 1565 2641 1644 τυφλόν;
2700 1563 2976 1621 Βλὲποντα
3007 1560 3269 1632 δηλονοτι
3341 1560 3434 1616 τὸν
3490 1561 3706 1637 προφή-

2043 1681 2170 1729 την,
2229 1655 2317 1712 διὰ
2365 1658 2428 1713 τὸ
2487 1653 2740 1716 δύνασθαι
2791 1653 2949 1710 αὐτὸν
2999 1656 3070 1726 κῇ
3123 1648 3368 1722 ὁξυωπίᾳ
3423 1655 3524 1718 τῆς
3582 1645 3702 1703 δια-

2044 1748 2193 1810 νοίας
2250 1745 2675 1822 προενατενίζειν
2730 1748 2811 1815 τῷ
2871 1741 3153 1817 μὲλλοντυ
3210 1738 3416 1818 τυφλὸν
3479 1735 3558 1806 δὲ,
3607 1737 3702 1792 τὸν

2049 1835 2137 1892 διὰ
2191 1837 2289 1905 τὴν
2349 1835 2536 1891 κακίαν
2590 1831 3074 1911 ἆποτυφλωθὲντα,
3127 1827 3220 1884 ἵνα
3288 1828 3363 1903 μὴ
3421 1825 3703 1905 ὀφθαλμοί

2050 1921 2288 2004 βάϐηλοι
2317 1925 2384 1980 τὰ
2411 1929 2519 1981 τῶν
2579 1922 2855 1999 μακαρίων
2909 1918 3070 1976 ἴδωσι
3119 1917 3379 1992 θεάματα.
3415 1918 3514 1972 Διὰ
3540 1919 3704 1971 τοῦτο

276 2009 642 2064 intueantur.
677 2008 867 2072 Quare
913 2014 971 2066 et
1022 2009 1308 2066 Dominus
1356 2011 1437 2066 ait
1489 2029 1502 2068 :
1550 2013 1614 2066 In
1649 2011 1938 2084 judicium

2054 2016 2135 2072 ml
2181 2017 2210 2072 ὁ
2267 2014 2487 2090 Κύριος,
2545 2013 2644 2076 Et:
2689 2011 2863 2088 κρίμα
2911 2009 3040 2086 εγὼ,
3096 2008 3284 2088 φησὶν,
3337 2006 3413 2068 εἰς
3460 2007 3552 2062 τὸν
3611 2004 3706 2060 κό-

273 2112 367 2168 ego
399 2097 457 2151 in
485 2096 629 2152 hunc
647 2097 918 2153 mundum
936 2099 1082 2167 veni,
1107 2107 1167 2155 ut
1189 2101 1290 2170 qui
1316 2115 1429 2156 non
1458 2099 1934 2173 vident,‘_videant,

2054 2127 2184 2180 σμον
2240 2109 2433 2161 τοῦτον
2506 2100 2722 2173 ἦλθον,
2773 2098 2868 2155 ’ίνα
2925 2100 2978 2154 οἱ
3057 2099 3132 2172 μὴ
3211 2092 3510 2158 ϐλέποντες
3577 2091 3706 2171 βλί-

274 2194 324 2242 ει
354 2187 454 2259 qui
479 2185 690 2257 vident,
723 2189 859 2244 caci
887 2188 1027 2258 ﬁant
1051 2188 1115 2244 ⁷⁷.
2046 2215 2214 2267 πωσι,
2243 2194 2334 2250 καὶ
2365 2194 2419 2249 οἱ
2454 2191 2746 2268 βλέποντες
2768 2188 2969 2268 τυφλοὶ
2997 2186 3282 2263 γίνωνται.

343 2276 470 2330 255.
504 2276 639 2340 Quae
671 2277 911 2332 demum
955 2277 1072 2334 ista
1115 2278 1394 2351 Babylon,
1431 2279 1710 2336 adversus
1758 2295 1937 2353 quam

2117 2287 2245 2343 255.
2279 2282 2377 2346 Τίς
2409 2281 2500 2339 οῦν
2533 2285 2568 2351 ὴ
2618 2275 2907 2352 Βαϐυλὼν,
2937 2279 3056 2334 καθ’
3113 2279 3180 2347 ἧς
3232 2278 3267 2347 ὴ
3313 2273 3501 2352 όρασις
3532 2272 3706 2351 ἐώρα-

279 2365 438 2421 574
465 2364 592 2421 visa
622 2368 714 2421 est
742 2365 934 2422 visio?
975 2367 1128 2424 Sane
1151 2368 1324 2438 juxta
1356 2369 1662 2425 historiam
1698 2370 1744 2425 is
1776 2371 1939 2425 locus

2054 2396 2134 2430 ται
2165 2377 2280 2448 (94)
2307 2400 2321 2443 ;
2353 2373 2500 2428 Κατὰ
2533 2373 2628 2446 μὶν
2683 2368 2776 2426 οῦν
2819 2371 2919 2440 τὴν
2963 2366 3204 2441 ἱστορίαν
3249 2363 3401 2421 δοκεῖ
3442 2360 3708 2422 Βαϐυλὼν

276 2451 535 2524 Babylon
562 2458 803 2511 vocatus
836 2455 1016 2511 fuisse
1049 2457 1304 2524 videtur,
1338 2458 1396 2512 in
1429 2475 1544 2529 quo
1576 2459 1780 2531 lingua
1810 2475 1941 2514 con-

283 2541 416 2597 fusa
437 2545 526 2597 est
549 2558 774 2614 eorum,
799 2545 896 2615 qui
921 2545 1194 2601 dicebant
1218 2564 1231 2602 :
1263 2548 1464 2615 Venite,
1490 2547 1829 2618 aediﬁcemus
1849 2563 1941 2604 n0-

285 2631 366 2687 bis
397 2632 531 2702 ipsis
575 2633 855 2690 civitatem
886 2638 938 2689 et
968 2636 1194 2702 turrim,
1229 2638 1384 2708 cujus
1422 2646 1588 2706 caput
1615 2637 1726 2694 erit
1772 2653 1942 2710 usque

286 2721 359 2776 ad
385 2722 577 2775 caelum
601 2721 666 2775 ⁷⁸.
697 2720 854 2777 Deus
885 2723 1062 2794 igitur
1091 2724 1646 2793 illucdescendens,
1679 2727 1945 2782 confudit

286 2809 552 2882 linguas;
585 2811 862 2883 quocirca
908 2811 1069 2868 illius
1118 2830 1330 2869 nomen
1370 2816 1591 2870 dictum
1623 2821 1712 2871 est
1741 2817 1943 2872 confu-

285 2898 372 2955 sio
395 2900 458 2953 79.
483 2903 683 2971 Itaque
715 2900 1028 2973 Babylonis
1060 2901 1225 2958 locus
1259 2904 1417 2975 regio
1450 2910 1538 2960 est
1558 2905 1942 2976 confusionis,

286 3005 404 3044 non
437 2987 650 3060 linguae
690 2989 908 3058 solum,
941 2992 1045 3046 sed
1079 2991 1418 3063 dogmatum
1452 2994 1630 3049 etiam
1666 3000 1722 3050 et
1751 2997 1942 3051 consi-

283 3076 501 3133 liorum
534 3082 592 3133 et
641 3079 768 3150 ejus
821 3080 1059 3150 mentis,
1092 3097 1219 3152 quae
1269 3082 1391 3137 haec
1422 3083 1616 3139 videre
1647 3084 1754 3140 sibi
1787 3085 1944 3141 vide-

285 3169 402 3221 tur.
433 3165 565 3222 Haec
596 3165 778 3239 igitur
819 3167 966 3224 visio
1016 3170 1297 3226 adversus
1328 3171 1706 3243 Babylonem,
1741 3173 1944 3231 Israeli

288 3254 390 3327 qui
445 3273 478 3311 a
536 3255 850 3325 Babylonis
899 3257 1317 3327 divexabatur,
1368 3241 1546 3315 veluti
1594 3261 1946 3319 consolatio-
1978 3241 2020 3308 α

290 3361 426 3400 nem
461 3346 647 3400 affert.
681 3345 829 3401 Nam
862 3347 1060 3402 animo
1092 3348 1308 3418 pusillo
1339 3364 1412 3404 ne
1443 3356 1660 3421 essent,
1691 3357 1750 3407 et
1778 3368 1849 3408 ne
1881 3353 1952 3409 de

294 3433 662 3505 providentia
701 3434 802 3489 Dei
845 3439 1128 3508 tanquam
1162 3454 1289 3508 quas
1339 3455 1439 3494 eos
1468 3439 1781 3508 desereret,
1816 3442 1949 3498 des-

293 3526 589 3593 perarsnt,
623 3522 805 3579 Isaias
844 3523 902 3577 in
937 3530 1309 3581 antecessum
1341 3527 1400 3581 in
1447 3528 1753 3600 prophetia
1794 3529 1949 3586 cala-

295 3611 528 3667 mitates
557 3615 614 3666 et
646 3611 945 3668 molestias
977 3614 1255 3686 Babyloni
1288 3620 1598 3674 eventuras
1634 3624 1854 3685 narrat,
1887 3624 1952 3675 ut

296 3716 370 3756 ne
399 3702 777 3772 praesentium
812 3702 1053 3757 tristitia
1085 3704 1558 3776 absorberentur,
1591 3709 1691 3764 sed
1724 3709 1948 3765 futuro-

295 3805 428 3845 rum
459 3791 895 3862 exspectatione
934 3794 1142 3848 ﬁerent
1180 3792 1451 3850 laetiores.
1485 3796 1790 3854 Enimvero
1819 3799 1948 3854 vin-

295 3879 453 3935 dicta
481 3895 613 3952 quze
661 3880 820 3936 brevi
853 3885 1245 3953 exspectatur,
1282 3884 1516 3941 afﬂictis
1547 3891 1605 3943 et
1651 3889 1951 3960 Oppressis

293 3985 411 4024 non
443 3985 652 4039 parum
679 3969 846 4025 affert
875 3969 1208 4027 levamenti.
1232 3973 1521 4044 Adjicitur
1546 3979 1740 4031 autem
1767 3977 1951 4049 patris

294 4073 508 4113 nomen
540 4059 601 4113 in
646 4058 757 4115 hac
806 4059 1133 4132 prophetia,
1167 4077 1283 4117 non
1333 4066 1398 4117 ut
1445 4063 1554 4120 hoc
1602 4064 1662 4119 in
1713 4066 1950 4123 nomine

293 4165 783 4220 cognosceremus
815 4157 1064 4223 patrem,
1099 4154 1200 4224 qui
1249 4152 1307 4207 in
1363 4157 1742 4227 generatione
1769 4157 1951 4230 hujus

293 4238 449 4301 beati
483 4241 755 4296 minister
806 4241 937 4310 fuit,
969 4242 1068 4297 sed
1103 4242 1242 4313 quia
1268 4243 1572 4301 vaticinari
1624 4246 1823 4318 ipsum
1855 4248 1953 4304 do-

293 4329 434 4396 cuit,
470 4345 604 4385 cum
635 4346 772 4386 eum
822 4330 1113 4386 sanctiore
1161 4336 1217 4386 et
1267 4333 1502 4403 puriore
1551 4351 1616 4389 ac
1661 4335 1948 4409 singulari

294 4435 411 4489 prae
443 4418 667 4475 caeteris
699 4419 1014 4492 disciplina
1059 4419 1489 4478 instituendum
1531 4425 1948 4480 erudiendum-

292 4522 407 4578 que
437 4507 742 4565 curaverit.
776 4509 857 4564 Ea
909 4509 978 4565 de
1030 4525 1211 4565 causa
1260 4514 1436 4568 Amos
1485 4528 1719 4585 quoque
1767 4513 1946 4569 veluti

290 4595 613 4669 prophetiae
647 4596 844 4655 socius
875 4597 1246 4656 describitur.

359 4778 489 4835 256.
525 4776 723 4850 (Vsus,
751 4778 807 4850 2,
839 4779 921 4849 3.)
952 4783 1133 4852 Super
1175 4783 1415 4836 montem
1461 4785 1815 4854 campestrem
1865 4782 1948 4840 le-

357 4962 405 5000 ⁷⁴
431 4964 564 5021 Ose.
596 4979 699 5035 an,
733 4964 824 5020 10.
900 4963 945 5001 ⁷⁵
975 4963 997 5021 l
1026 4967 1166 5037 Reg.
1204 4980 1280 5036 1x,
1314 4964 1403 5020 19.
1479 4965 1523 5003 7°
1551 4965 1732 5023 Exod.
1768 4981 1845 5037 ιν,
1879 4964 1969 5021 11.

507 5141 700 5216 Codex
741 5161 918 5214 unus,
950 5141 1315 5216 χαριζόμενος
1349 5143 1500 5206 Θεός.

504 5215 664 5287 Colb.
700 5209 929 5287 primus
952 5209 1335 5279 ἷπὶπέτὰσθαι.

508 5282 745 5363 (lodices
777 5289 1065 5363 nonnulli,
1103 5288 1309 5363 ὁρᾶται.

362 5351 472 5427 (95)
519 5358 690 5429 Editi,
745 5351 1239 5422 Βαϐυλώνιός.Ἀι
1295 5377 1438 5418 mss.
1500 5377 1619 5432 sex,
1678 5351 1943 5415 Βαϐυλῶ-

290 5441 407 5484 νος.

293 5563 327 5575 ,_
358 5496 466 5568 (96)
503 5499 675 5575 Libri
699 5500 922 5575 aliquot
969 5507 1209 5572 veteres,
1262 5500 1782 5575 ἐγκαταλειπούσης.
1825 5501 1940 5557 Nec

288 5569 371 5623 ita
420 5569 815 5650 multokinfra
874 5575 942 5650 in_
981 5569 1228 5650 utroque
1275 5569 1434 5650 Colbﬁ.
1469 5581 1526 5650 et
1574 5577 1633 5650 in
1665 5569 1804 5650 Reg.
1842 5590 1938 5650 Se-

287 5641 478 5700 cundo
529 5643 765 5717 legitur,
823 5641 1268 5721 σκυθρωπὰ’τῆς
1325 5641 1675 5711 Βαϐυλωνίας
1733 5641 1935 5721 δῖηγή-

287 5729 450 5783 ματα.

2048 2463 2343 2532 κεκλῆσθαι
2376 2461 2614 2530 ὁτόπος,
2668 2457 2794 2515 ἔνθα
2859 2457 3130 2532 συνεχύθη
3188 2457 3224 2526 ἡ
3280 2452 3564 2516 διάλεκτος
3599 2457 3710 2509 τῶν

2051 2552 2315 2608 εἶ’πόντων
2370 2571 2383 2584 ·
2471 2554 2652 2618 Δεῦτε,
2741 2544 3200 2620 οίκοδομήσωμεν
3259 2545 3476 2608 ἑαυτοῖς
3551 2539 3716 2598 πόλιν

2051 2643 2138 2698 καὶ
2198 2640 2431 2717 πύργον,
2491 2639 2552 2694 οὗ
2609 2641 2644 2708 ἡ
2695 2635 2908 2715 κεφαλὴ
2986 2631 3136 2691 ἔσται
3201 2631 3308 2697 ἓως
3390 2637 3488 2688 τοῦ
3547 2631 3716 2708 ούρα-

2051 2735 2169 2788 νοῦ.
2226 2731 2372 2786 Ἐκεῖ
2426 2727 2604 2784 τοίνυν
2669 2724 2945 2782 κατελθὼν
2997 2725 3026 2779 ὁ
3100 2723 3263 2794 Θεὸς,
3340 2724 3563 2798 συνεχεε
3617 2721 3715 2784 τὰς

2051 2819 2326 2898 γλώσσας·
2362 2817 2451 2874 διὰ
2477 2821 2640 2873 τοῦτο
2697 2813 2907 2886 ικλήθη
2966 2815 3030 2869 τὸ
3060 2813 3237 2888 ὄνομα
3293 2813 3464 2898 αύτῆς
3503 2810 3712 2886 σύγχυ-

2055 2895 2156 2972 σις.
2191 2907 2406 2984 Χωρίον
2441 2904 2531 2962 οῦν
2583 2903 2904 2981 συγχύσεώς
2959 2902 3099 2958 ἐστιν
3157 2904 3186 2957 ὁ
3234 2895 3565 2961 Βαϐυλῶνος
3595 2900 3710 2972 (93)

2053 2998 2242 3069 τόπος,
2275 2996 2338 3052 ού
2388 2993 2679 3052 διαλεκτου
2730 2993 2914 3068 μόνον,
2965 2990 3109 3049 ἀλλὰ
3163 2989 3252 3047 καὶ
3303 2987 3588 3064 δογμάτων
3620 2986 3712 3041 καὶ

2055 3086 2378 3162 νοημάτων,
2405 3085 2497 3141 καὶ
2543 3088 2642 3141 τοῦ
2694 3082 2984 3146 δοκοῦντος
3029 3084 3196 3138 ταῦτα
3249 3077 3468 3156 βλέπειν
3500 3079 3620 3133 νοῦ.
3653 3076 3716 3131 ’Π

2061 3177 2157 3251 μὲν
2206 3175 2297 3232 οῦν
2345 3174 2532 3242 ὅρασις
2580 3175 2716 3229 κατὰ
2763 3167 3108 3244 Βαϐυλῶνος,
3159 3166 3327 3225 οἱονεὶ
3371 3162 3719 3251 παραμυθίαν

2059 3247 2295 3343 ιρερουσα
2323 3268 2403 3336 τῷ
2451 3262 2694 3340 Ἰσραὴλ,
2723 3265 2803 3334 τῷ
2859 3257 3158 3323 κακωθέντι
3219 3257 3322 3314 ὑπὸ
3373 3259 3483 3312 τῶν
3541 3247 3720 3311 Βαϐυ-

2061 3353 2300 3412 λωνίων.
2361 3356 2522 3408 Ὥστε
2552 3353 2656 3429 γὰρ
2721 3351 2797 3424 μὴ
2859 3348 3269 3425 ὀλιγοψυχῆσαι
3311 3343 3533 3413 αὐτοὺς,
3580 3345 3719 3417 μήτε

2060 3447 2491 3520 ἀπογνῶναιτῆς
2535 3446 2633 3497 τοῦ
2673 3444 2808 3498 Θεοῦ
2862 3437 3146 3515 προνοίας,
3199 3437 3275 3500 ὡς
3317 3431 3717 3520 ἐγκαταλιπού-

2059 3519 2300 3606 σης(96)
2345 3531 2563 3604 αὐτοὺς,
2613 3523 2908 3605 προλαϐὼν
2966 3531 3036 3601 τῇ
3086 3523 3396 3602 προφητείᾳ
3439 3524 3467 3579 ὁ
3497 3519 3720 3585 Ἡσαΐας

2058 3622 2125 3678 τὰ
2185 3618 2462 3695 μέλλοντα
2526 3619 2946 3690 ἀπαντήσεσθαι,
3009 3614 3306 3692 σκυθρωπὰ
3387 3616 3456 3687 τῇ
3540 3607 3718 3667 Βαϐυ-

2060 3711 2194 3768 λῶνι
2221 3709 2510 3786 διηγεῖται,
2538 3708 2630 3765 ’ίνα
2682 3709 2759 3782 μὴ
2810 3706 3188 3763 καταποθῶσιν
3241 3703 3343 3759 ὑπὸ
3389 3703 3489 3770 τῆς
3535 3698 3720 3770 λύπης

2057 3805 2166 3856 τῶν
2212 3801 2517 3875 παρόντων,
2578 3796 2725 3854 ἀλλὰ
2779 3795 2944 3873 ῥᾴους
2995 3796 3254 3870 γίνωνται
3297 3791 3366 3866 τῇ
3412 3787 3718 3864 προσδοκίᾳ

2057 3895 2165 3946 τῶν
2194 3890 2606 3966 ἐπερχομένων.
2664 3885 2761 3942 Καὶ
2803 3883 2908 3961 λᾶρ
2967 3885 3031 3941 ού
3093 3882 3293 3958 μικρὰν
3325 3881 3473 3966 φέρει
3507 3878 3715 3956 ῥᾳστώ-

2058 4001 2155 4050 νην
2204 3965 2730 4052 τοῖςηθλιϐομίνοις
2778 3977 2814 4045 ἡ
2879 3975 2992 4048 μετ’
3052 3971 3238 4047 ὀλίγον
3285 3965 3717 4048 προσδοκωμένη

2058 4066 2356 4140 ἐκδίκησις.
2408 4067 2732 4144 Πρόσκειτσι
2779 4061 2837 4119 δὲ
2895 4064 2956 4120 τὸ
3008 4059 3189 4135 ὄνομα
3233 4063 3336 4115 τοῦ
3391 4058 3594 4134 πατρὸς

2057 4158 2385 4238 προφητείᾳ,
2434 4156 2542 4232 οὐχ
2583 4154 2676 4210 ’ίνα
2723 4153 2854 4210 αὐτὸ
2902 4155 3064 4208 τοῦτο
3115 4154 3327 4226 γνῶμεν
3377 4149 3469 4238 τὸν

2058 4233 2196 4303 vicet
2255 4251 2354 4302 τοῦ
2415 4243 2682 4322 μακαρίου
2735 4243 3222 4318 ύπηρετησάμενον
3291 4237 3515 4308 πατέρα’
3589 4233 3721 4290 ἀλλ’

2059 4337 2142 4393 ὅτι
2195 4336 2284 4391 καὶ
2332 4333 2672 4412 προφητείας
2729 4331 2877 4403 αὐτῷ
2932 4332 3048 4405 (97)
3106 4326 3437 4391 διδάσκαλος
3493 4327 3709 4403 γέγονε,

2060 4425 2343 4502 φροντίσας
2434 4423 2592 4478 αὐτὸν
2664 4422 2962 4498 ἁγιωτὲρας
3032 4418 3122 4474 καὶ
3179 4417 3560 4491 καθαρωτέρας
3618 4413 3709 4470 καὶ

2060 4513 2329 4589 ἑξαιρέτου
2388 4513 2533 4589 πσρᾶ
2585 4509 2711 4575 τοὺς
2783 4506 2990 4573 ἄλλους
3064 4506 3372 4586 ἀνατροφῆς
3441 4507 3552 4579 (98)
3628 4505 3720 4558 καὶ

1980 4605 2026 4670 D
2058 4600 2387 4664 παιδεύσεως
2416 4605 2631 4677 τυχεῖν.
2684 4598 2782 4654 Διᾶ
2835 4601 3021 4668 τοῦτο,
3083 4594 3265 4673 ὥσπερ
3313 4594 3578 4656 κοινωνὸς
3617 4598 3718 4662 τῆς

2057 4691 2392 4770 προφητείας
2423 4686 2945 4765 συμπαραγράφεται
2977 4688 3006 4742 ὁ
3035 4687 3100 4740 "A
3113 4685 3252 4760 μώς.

2126 4784 2274 4840 256.
2334 4781 2455 4839 Ἐπ’
2515 4778 2676 4855 ὅρους
2748 4774 2968 4832 πεδινοῦ
3023 4772 3187 4852 ἄρατε
3237 4779 3505 4847 σημεῖον,
3567 4771 3718 4847 ὑψώ-

2043 4965 2087 5002 "
2117 4964 2289 5023 Joan.
2324 4982 2401 5037 1x,
2434 4963 2522 5020 39.
2599 4961 2642 4997 ⁷⁸
2674 4961 2814 5018 Gen.
2845 4977 2926 5030 χι,
2960 4959 3012 5015 4.
3089 4960 3135 4996 ⁷9
3162 4957 3307 5015 ibid.
3338 4958 3394 5013 9.

2151 5142 2242 5213 97)
2272 5142 2364 5197 Sic
2395 5157 2540 5197 mss.
2577 5155 2804 5213 omnes.
2834 5137 3013 5204 Editi,
3044 5134 3229 5213 αύτοῦ.

2149 5202 2242 5283 98)
2272 5213 2658 5286 Henricianus
2705 5212 2809 5268 cod
2819 5226 2910 5286 ex_
2929 5213 2985 5264 et
3001 5202 3005 5204 ’
3024 5208 3123 5265 alii
3136 5210 3449 5286 _quatuor,_
3463 5202 3722 5286 ἀναστρος

2055 5274 2183 5360 φῆξ.
2340 5285 2520 5342 codex
2574 5289 2634 5338 F.
2667 5288 2726 5360 et
2762 5290 2832 5360 Α,
2885 5274 3216 5360 ἀνατροφῆς·
3248 5295 3376 5351 qua
3398 5349 3410 5360 .
3435 5274 3642 5360 lectio"
3664 5275 3717 5331 si

2054 5348 2170 5412 non
2216 5357 2474 5425 aliunde,
2509 5361 2568 5414 at
2611 5356 2757 5412 satis
2804 5348 3145 5425 tamen'si,
3177 5348 3450 5425 Procopio
3500 5348 3719 5425 proba-

2053 5433 2216 5503 retur
2263 5447 2274 5486 :
2327 5418 2484 5503 apud
2545 5444 2719 5503 quem
2781 5443 2914 5499 pag.
2966 5426 3074 5503 209
3132 5424 3216 5480 ita
3238 5418 3532 5503 degitur}
3563 5418 3720 5494 ἁγίας

2053 5498 2217 5556 αὐτοῦ
2268 5491 2580 5580 φρόντίσαί
2621 5491 2950 5580 ἀνατρυφῆί
2984 5491 3488 5580 καὶ-παιδεύξεως,
3549 5491 3711 5580 qucm

2051 5590 2159 5630 non
2189 5565 2388 5646 parum
2425 5575 2491 5631 de
2535 5580 2726 5628 sancta
2754 5565 3209 5646 cudcducatione
3255 5568 3561 5646 sollicitant
3609 5565 3711 5622 ha-

2053 5636 2275 5705 buiss'et.
2308 5647 2443 5708 Mox
2477 5661 2624 5704 mss.
2656 5642 2950 5713 nonnulli,
2980 5639 3483 5717 συμπεριγράφεται
3516 5636 3566 5692 ὁ.
