4150 6384
424 384 544 446 569

1213 383 1622 446 COMMENT.
1667 383 1748 444 IN
1792 381 2064 445 ISAIAM
2112 380 2621 444 PROPHETAM.
2669 380 2844 443 CAP.
2890 380 3055 443 XIII.

3729 380 3853 442 570

430 534 552 568 σατε
621 514 723 583 τὴν
805 514 991 591 φωνὴν
1068 513 1280 576 ἑαυτοῖς
1559 512 1927 590 παρακαλεῖτε
1999 513 2069 584 τῇ

2191 517 2310 569 vate
2355 515 2600 584 signum,
2650 513 2890 569 exaltate
2940 527 3124 568 vocem
3174 512 3329 567 vobis
3374 513 3510 583 ipsis
3541 529 3560 566 :
3602 514 3854 568 consola-

429 601 606 678 χειρὶ,
693 601 953 673 ἀνοίξατε,
1042 603 1093 657 οἱ
1180 604 1482 678 ἄρχοντες.
1554 602 1696 679 Ἐγὼ
1783 601 2084 670 συντάσσω,

427 693 518 746 καὶ
567 691 672 765 ἐγὼ
735 688 847 767 ἄγω
898 690 1111 754 αὐτούς.
1173 690 1596 766 Δείκνυσιεπῶς
1639 686 1906 750 Βαϐυλὼν
1939 689 2086 746 ἀναι-

431 787 601 856 ρεῖται
651 782 740 836 καὶ
799 779 1260 856 καταστρέφεται,
1309 782 1400 837 καὶ
1474 778 1840 856 αῗχμάλωτος
1885 780 2087 856 γίνεται

426 871 461 940 ἠ
524 869 802 925 δυναστεία
856 874 962 924 τῶν
1019 871 1122 940 τήν
1169 869 1428 946 σύγχυσιν
1461 871 1863 947 ἐργαζομένων.
1900 871 2087 927 Ἐπει-

429 956 522 1014 δὰν
553 959 633 1014 ἐπ’
665 956 790 1034 ὕρος
820 980 903 1020 τις
937 956 1134 1034 ἀνέλθῃ
1171 959 1247 1033 μὴ
1276 958 1656 1035 ἀπόκρημνον,
1694 956 1864 1034 μηδὲν
1897 958 2087 1034 ὀχθῶι-

430 1045 540 1116 δες,
573 1046 718 1103 ἀλλά
747 1045 960 1104 πεδινὸν
1013 1047 1106 1103 καὶ
1164 1046 1378 1119 ὕπτιον,
1431 1047 1571 1105 ὥστε
1627 1047 1761 1123 ὕψος
1812 1049 1908 1123 μὶν
1938 1046 2084 1123 ἔχειν

430 1135 520 1192 διὰ
561 1139 625 1192 τὸ
674 1138 957 1211 ἀνάστημα
1000 1137 1092 1193 καὶ
1131 1139 1194 1193 τὸ
1237 1137 1344 1194 ἀπὸ
1393 1145 1496 1202 τῆς
1525 1145 1629 1214 γῆς
1681 1136 1770 1194 ἐπὶ
1805 1139 1897 1193 τὸν
1957 1135 2089 1212 ἀέρα

431 1225 650 1303 δίαρμα,
683 1224 975 1304 ἀσφάλειαν
1017 1225 1074 1284 δὲ
1120 1228 1382 1304 παρέχειν
1412 1233 1531 1291 τοῖς
1563 1227 1964 1302 ἐφισταμένοις,
1999 1223 2088 1281 διὰ

425 1316 525 1383 τὴν
572 1309 892 1384 ὑπτιότητα.
939 1316 1010 1371 Τὸ
1054 1315 1154 1392 γὰρ
1186 1315 1528 1392 πανταχόθεν
1575 1315 1946 1394 περιεῤῥωγὸς
1995 1313 2084 1371 καὶ

426 1404 874 1477 ἀποτετμημένον
906 1403 1268 1482 ἀκροσφαλεῖς
1321 1411 1559 1461 ποιεῖται
1605 1407 1703 1468 τὰς
1739 1406 1950 1470 στάσεις
2006 1405 2083 1477 (1)

423 1497 530 1548 τῶν
557 1488 968 1550 ἐπιϐαινόντων.
1020 1501 1136 1550 Ἵνα
1183 1491 1275 1550 οὗν
1316 1494 1407 1550 καὶ
1447 1495 1513 1550 τὰ
1544 1494 1732 1568 ὑψηλὰ
1761 1493 1885 1570 περὶ
1950 1497 2085 1549 Θεοῦ

428 1589 610 1654 νοῆτε,
635 1583 726 1638 καὶ
777 1583 1033 1662 ἀσφαλῶς
1074 1587 1242 1639 ταῦτα
1297 1581 1559 1659 διηγῆσθε
1602 1585 1702 1658 (2),
1760 1581 1849 1638 διὰ
1883 1584 1978 1656 μὶν
2026 1583 2085 1636 τὸ

428 1669 586 1746 ὕψος,
635 1672 716 1727 ἐπ’
759 1670 918 1746 ὅρους
954 1693 1033 1734 τις
1182 1667 1452 1749 βεϐηκώς·
1511 1671 1601 1728 διὰ
1656 1670 1714 1728 δὶ
1755 1677 1856 1743 τὴν
1917 1673 2086 1747 ἀσφά-

429 1759 578 1815 λειαν
665 1761 1058 1836 ἀπερίτρεπτος
1135 1759 1398 1836 διαμένει.
1473 1761 1603 1819 Ἐπὶ
1683 1759 1742 1817 δὲ
1778 1766 1876 1816 τοῦ
1922 1757 2082 1836 ὄρους

425 1853 524 1905 τοῦ
575 1845 798 1904 πεδινοῦ
855 1847 1017 1926 ἄρατε
1060 1856 1312 1924 σημεῖον,
1374 1850 1464 1906 καὶ
1522 1850 1770 1924 ὕψώσατε
1809 1851 1909 1920 τὴν
1961 1871 2084 1923 ῳω-

427 1937 548 2007 νήν.
582 1937 951 2014 παρακαλεῖτε
1005 1942 1074 2014 τῇ
1136 1938 1305 2014 χειρί.
1362 1941 1424 1998 Ὀ
1480 1941 1554 1999 τὰ
1601 1940 1725 2012 περὶ
1781 1943 1878 1994 τοῦ
1921 1960 2086 1994 σταυ-

427 2032 524 2102 ροῦ
575 2027 857 2104 κηρύσσων
891 2027 1304 2108 μεγιολοφώνως
1363 2032 1440 2104 (3)
1503 2029 1664 2092 αὐτὸς
1723 2027 1864 2084 ἐστιν
1910 2030 1939 2085 ὁ
1995 2027 2085 2084 ἐπὶ

421 2118 520 2170 τοῦ
551 2109 714 2187 ὅρους
742 2120 840 2171 τοῦ
864 2113 1087 2172 πεδινοῦ
1117 2115 1283 2192 α⁹ίρων
1315 2117 1379 2172 τὸ
1430 2123 1660 2191 σημεῖον
1705 2118 1766 2175 Ὁ
1811 2117 1902 2173 τὸν
1957 2117 2082 2193 περὶ

420 2206 518 2257 τοῦ
547 2202 752 2269 πάθους
783 2203 947 2281 λόγον
981 2205 1280 2280 μεγαλῦναι
1313 2202 1634 2280 δυνάμενος,
1679 2206 1836 2269 οὗτος
1867 2202 2084 2282 πληροῖ

420 2292 482 2346 τὸ
529 2293 852 2368 πρόσταγμα
904 2294 966 2349 τὸ
1014 2294 1353 2373 προφητικόν
1383 2312 1395 2326 ⁸
1457 2294 1557 2350 οὐκ
1603 2293 1655 2350 ἐν
1714 2292 1932 2351 κοιλάσι
1990 2295 2082 2350 καὶ

421 2380 647 2459 φάραγξι
679 2377 988 2459 ειστρίϐων,
1020 2381 1146 2440 ἀλλ’
1193 2379 1497 2439 ἀναϐαίνων
1540 2381 1628 2439 ἐπὶ
1656 2383 1720 2439 τὸ
1759 2389 1859 2440 τοῦ
1909 2379 2080 2460 λόγου

423 2468 581 2544 ὕψος,
632 2471 722 2527 καὶ
775 2472 858 2527 ἐπ’
896 2471 1065 2543 αὐτὴν
1132 2473 1234 2543 τὴν
1283 2472 1472 2552 σοφίαν
1518 2473 1654 2548 μετὰ
1701 2472 2079 2548 ἐξομαλισμοῦ

418 2557 507 2614 καί
537 2560 828 2638 σαφηνείας
871 2567 980 2617 τῶν
1031 2559 1522 2638 ἐπαγγελλομένων
1564 2565 1641 2636 (4)
1699 2563 1760 2617 τὸ
1819 2565 2080 2639 κήρυγμα

418 2647 776 2726 παραδιδούς.
828 2649 1055 2723 Ἐπειδὴ
1110 2648 1168 2706 δὲ
1196 2652 1314 2707 καθ’
1348 2651 1528 2728 ἑτέραν
1563 2647 1776 2708 ἔκδοσιν
1817 2652 2081 2727 ἀναγινώ-

420 2759 642 2813 σκομεν,
721 2741 836 2795 Ἐπ’
903 2736 1066 2818 ὄρους
1133 2739 1430 2820 νεφώδους,
1505 2739 1765 2813 δηλονότι
1819 2743 1883 2798 τὸ
1941 2742 2076 2817 ὕψος

422 2829 589 2905 ἑτέρῳ
623 2827 778 2905 λόγῳ
808 2831 1123 2908 παρίστησι.
1178 2829 1433 2910 Νεφῶδες
1489 2833 1594 2908 γὰρ
1639 2831 1704 2888 τὸ
1755 2833 1856 2902 τὴν
1908 2852 2077 2908 κορυ-

422 2920 527 2997 φὴν
576 2913 704 2995 ἕχον
731 2917 940 2998 νέφεσιν
971 2919 1053 2975 ἀεὶ
1101 2918 1544 2996 κεκαλυμμένην.
1598 2921 1669 2976 Τὸ
1718 2918 1776 2976 δὲ
1805 2925 2074 2995 νοιοῦτον,

424 3007 635 3082 ὑψηλὸν
702 3007 795 3064 καὶ
853 3010 985 3084 ὑπὲρ
1033 3010 1210 3066 πάντα
1257 3009 1572 3082 ἆνεστηκός.
1622 3010 1920 3086 Ὑψώσατε,
1975 3033 2077 3088 φη-

421 3096 496 3168 σὶ,
551 3097 652 3165 τὴν
715 3098 902 3174 φωνὴν
979 3097 1190 3160 ἑαυτοῖς
1259 3101 1353 3173 (5)⁶
1432 3098 1726 3170 τουτέστιν,
1772 3099 1824 3170 ἐξ
1873 3100 2074 3156 ἑαυτῶν

2193 604 2342 659 mini
2383 619 2578 672 manu,
2626 604 2858 674 aperite,
2905 602 3208 673 principes.
3256 606 3365 672 Ego
3414 601 3626 669 ordino,
3659 607 3710 657 et
3761 619 3857 674 ego

2194 693 2328 748 duco
2386 708 2494 748 eos.
2545 691 2817 748 Ostendit
2873 692 3167 763 quomodo
3225 691 3539 747 evertenda
3595 691 3857 763 Babylon

2195 787 2353 838 esset
2383 786 2558 853 atque
2578 781 2890 850 diruenda,
2911 785 2968 836 et
2990 781 3284 852 quomodo
3311 780 3627 852 imperium
3649 796 3852 837 eorum

2196 872 2296 943 qui
2326 870 2692 928 confusionis
2722 872 2953 926 fuerant
2978 873 3444 938 auctores,esset
3472 869 3533 924 in
3555 870 3858 941 captivita«

2194 965 2312 1017 tem
2341 960 2733 1032 redigendum
2769 975 2782 1014 ι
2817 975 3027 1031 nempe
3075 959 3176 1014 ubi
3221 960 3478 1031 primum
3529 960 3858 1015 ascenderit

2195 1050 2330 1122 quis
2361 1050 2420 1105 in
2465 1053 2724 1105 montem
2773 1065 2890 1104 non
2939 1052 3322 1120 praeruptum,
3355 1066 3469 1104 non
3518 1048 3854 1120 prominen-

2196 1145 2336 1206 tem,
2361 1139 2462 1196 sed
2495 1141 2888 1210 campestrem
2910 1141 2969 1194 et
2997 1137 3261 1209 planum,
3280 1138 3366 1194 sic
3395 1141 3460 1193 ut
3481 1137 3854 1194 altitudinem

2195 1230 2436 1304 quidem
2471 1245 2540 1285 ex
2589 1245 2656 1284 eo
2701 1227 2938 1295 habeat,
2960 1227 3116 1298 quod
3149 1243 3388 1282 sursum
3439 1225 3766 1294 attollatur,
3798 1233 3857 1283 et

2195 1335 2230 1376 a
2259 1323 2414 1375 terra
2443 1317 2503 1372 in
2538 1333 2733 1373 aerem
2766 1319 3062 1387 assurgat,
3095 1316 3198 1370 sed
3230 1315 3305 1370 iis
3334 1319 3533 1372 tamen
3563 1315 3665 1388 qui
3695 1315 3756 1370 in
3787 1331 3854 1371 eo

2195 1406 2574 1476 collocantur,
2596 1405 2972 1462 securitatem
3000 1407 3239 1476 praestet
3258 1407 3332 1459 ob
3357 1408 3648 1476 aequatam
3681 1420 3849 1461 suam

2194 1495 2525 1568 planitiem.
2561 1495 2724 1561 Quod
2757 1494 2916 1550 enim
2955 1509 3025 1550 ex
3075 1492 3236 1549 omni
3289 1497 3452 1564 parte
3482 1492 3856 1548 circumscis-

2194 1602 2328 1642 sum
2347 1590 2436 1642 est
2454 1589 2512 1641 et
2528 1602 2715 1656 praaru
2723 1588 2914 1656 ptum,
2929 1583 2986 1637 id
3009 1586 3228 1643 statum
3245 1597 3449 1638 eorum
3467 1581 3567 1652 qui
3586 1597 3856 1637 conscen-

2193 1674 2404 1742 derint,
2447 1675 2742 1730 lubricum
2774 1679 2833 1728 et
2863 1672 3202 1728 instabilem
3253 1671 3462 1727 reddit.
3495 1671 3746 1727 Proinde
3791 1675 3856 1725 ut

2191 1763 2421 1822 excelsa
2437 1765 2508 1820 de
2528 1769 2641 1820 Deo
2660 1763 3012 1835 cogitentur,
3029 1767 3086 1817 et
3106 1761 3310 1817 eadem
3333 1765 3460 1816 tuto
3483 1763 3854 1827 enarrantur,

2193 1857 2307 1909 stet
2336 1853 2470 1925 quis
2500 1853 2560 1909 in
2593 1857 2792 1909 monte
2816 1852 3024 1906 ﬁrmus
3046 1855 3282 1923 propter
3311 1849 3854 1920 altitudinem,per-

2195 1947 2550 2014 maneatque
2565 1940 2888 1998 immobilis
2905 1945 3145 2012 propter
3156 1938 3852 1995 securitatem.Casterum

2193 2031 2370 2104 Super
2404 2036 2642 2088 montem
2688 2032 3046 2102 campestrem
3097 2030 3269 2086 levate
3315 2029 3560 2098 signum,
3591 2035 3642 2082 et
3688 2027 3854 2083 exal-

2192 2125 2303 2178 tate
2330 2137 2534 2188 vocem,
2554 2119 2915 2176 consolomz'm‘
2942 2134 3134 2174 manu.
3159 2117 3265 2182 Qui
3296 2132 3510 2188 magna
3539 2115 3695 2172 vocis
3719 2131 3854 2171 con-

2191 2211 2453 2268 tentione
2507 2209 2786 2283 praedicat
2814 2223 3074 2277 crucem,
3109 2205 3207 2262 ille
3262 2210 3352 2263 est
3400 2204 3504 2277 qni
3550 2205 3610 2260 in
3656 2206 3856 2259 monte

2193 2299 2511 2372 campestri
2542 2299 2716 2371 erigit
2744 2299 3002 2370 signum.
3027 2296 3135 2363 Qui
3162 2310 3494 2352 sermonem
3525 2294 3599 2350 ad
3633 2293 3855 2365 passio-

2191 2404 2326 2445 nem
2358 2388 2704 2444 attinentem
2760 2385 3136 2458 magniﬁcare
3167 2387 3388 2456 potest;
3424 2382 3517 2438 hic
3567 2381 3857 2453 adimplet

2191 2476 2602 2550 propheticum
2624 2468 3007 2548 praeceptum,
3031 2490 3166 2530 cum
3197 2474 3256 2528 in
3279 2471 3578 2544 speluncis
3606 2472 3756 2528 575
3793 2474 3853 2527 et

2192 2565 2560 2623 convallibus
2588 2582 2704 2621 non
2735 2568 3156 2630 commoretur,
3188 2563 3294 2618 sed
3324 2562 3394 2617 ad
3429 2560 3724 2617 sermonis
3755 2577 3856 2615 su-

2192 2654 2545 2713 blimitatem
2578 2659 2638 2711 et
2667 2655 2739 2711 ad
2785 2653 2978 2726 ipsam
3024 2652 3379 2726 sapientiam
3413 2650 3691 2706 ascendat
3724 2666 3736 2704 :
3772 2647 3852 2703 si-

2188 2746 2430 2818 quidem
2476 2762 2609 2801 cum
2660 2743 3056 2816 mquabilitate
3087 2748 3263 2813 atque
3311 2738 3728 2813 perspicuitate
3759 2753 3852 2794 res

2186 2836 2588 2893 annuntiadas
2619 2835 2916 2906 praedicat.
2940 2833 3054 2890 Sed
3082 2832 3225 2904 quia
3247 2831 3418 2900 juxta
3448 2829 3692 2885 alteram
3727 2827 3850 2883 edi-

2185 2926 2409 2982 tionem
2439 2925 2691 2996 legimus
2728 2941 2742 2980 :
2774 2925 2955 2995 Super
2979 2931 3220 2978 montem
3265 2920 3606 2985 nebulosum,
3641 2916 3846 2987 utique

2183 3014 2300 3072 alia
2329 3013 2609 3086 loquendi
2640 3013 2867 3068 ratione
2903 3011 3125 3068 indicat
3155 3009 3550 3066 altitudinem.
3581 3004 3842 3061 Nebulo-

2183 3119 2315 3160 sum
2346 3107 2438 3160 est
2476 3103 2635 3158 enim
2685 3101 2974 3172 quidquid
3027 3099 3204 3156 habet
3247 3097 3526 3155 verticem
3579 3095 3844 3151 nubibus

422 3179 617 3241 λάϐετε
643 3185 706 3240 τὸ
738 3185 874 3259 ὕψος
915 3192 1018 3255 τῆς
1060 3193 1263 3265 φωνῆς.
1323 3188 1426 3250 Τὰς
1481 3185 1891 3264 ἐνυπαρχούσας
1941 3189 2072 3262 ὑμῖν

2191 3208 2418 3264 semper
2445 3195 2806 3262 coopertum.
2828 3191 2990 3254 Quod
3035 3192 3233 3244 autem
3270 3191 3360 3243 est
3408 3183 3723 3256 ejusmodi,
3755 3186 3848 3238 est

421 3275 674 3352 ἀφορμὰς
720 3275 861 3349 πρὸς
910 3279 1046 3331 Θεοῦ
1074 3263 1415 3351 νδοξολογίαν
1471 3275 1532 3332 ἐκ
1585 3263 1719 3332 τῶν
1750 3279 1949 3332 κοινῶν
1994 3275 2075 3333 έν-

2191 3263 2504 3348 excelsum,
2538 3283 2596 3334 et
2639 3277 3040 3350 supereminet
3069 3277 3289 3332 omnia.
3321 3273 3598 3341 Exaltate,
3630 3271 3846 3343 inquit,

417 3368 604 3431 νοιῶν,
656 3367 850 3426 ταῦτας
908 3364 1265 3436 ἀνακινήσατε
1311 3367 1406 3440 (6).
1466 3367 1560 3436 Μὴ
1615 3365 1764 3422 κάτω
1822 3363 2072 3442 βλέπετε,

421 3451 562 3525 μητὶ
606 3451 674 3507 τὰ
720 3454 886 3527 γήινα
916 3458 1190 3510 σκοπεῖτε.
1224 3452 1386 3511 Οὕτω
1414 3454 1518 3530 γὰρ
1545 3455 1773 3524 ταπεινή
1803 3453 2004 3530 γίνεται
2035 3456 2070 3525 ἠ

418 3541 572 3618 φωνὴ
620 3545 727 3596 τῶν
770 3540 830 3596 ἔκ
872 3539 972 3608 τῆς
1013 3548 1117 3618 γῆς
1166 3541 1513 3618 φωνούντων,
1561 3548 1670 3600 τῶν
1721 3542 2074 3622 κενολογοόν-

415 3651 550 3688 των.
596 3630 652 3685 Ὀ
681 3630 789 3686 ἀπὸ
820 3637 920 3701 τῆς
959 3637 1349 3688 ταπεινοποιοῦ
1382 3631 1586 3705 λύπης,
1618 3632 1708 3688 καὶ
1754 3635 1783 3689 ὁ
1829 3635 1935 3690 ἀπὸ
1978 3639 2075 3690 τοῦ

421 3720 870 3796 ἀπηγορευμένου
940 3716 1112 3798 φόϐου
1171 3723 1580 3800 φθεγγόμενος,
1641 3722 1750 3799 οὐχ
1800 3724 1930 3799 ὑψοῖ
1977 3723 2076 3794 τὴν

419 3809 611 3865 ἑαυτοῦ
666 3811 874 3888 φωνήν.
915 3809 1021 3866 Καὶ
1071 3811 1100 3866 ὁ
1143 3811 1457 3886 ἐπιθυμίαις
1513 3815 1593 3885 (7)
1652 3813 1848 3890 σαρκὸς
1891 3811 1943 3869 ἦν
1996 3811 2077 3886 τῷ

422 3898 782 3976 ἅπογγέλλειν
823 3901 916 3954 τὸν
961 3897 1126 3976 λόγον
1170 3901 1597 3977 κεκρατημένος,
1651 3904 1906 3974 ταπεινὴν
1956 3898 2074 3978 ἔχει

418 3990 506 4044 καὶ
543 3990 620 4062 μὴ
653 3986 952 4063 δυναμένην
1002 3988 1090 4045 ἐπὶ
1132 3989 1198 4044 τὸ
1247 3988 1358 4047 ἄνω
1391 3989 1700 4048 διακόπτειν
1727 3992 1827 4061 τὴν
1886 3993 2077 4049 ἑαυτοῦ

420 4079 629 4156 φωνήν.
665 4083 786 4142 Πῶς
836 4079 928 4134 οῦν
963 4078 1189 4154 ὑψοῦται
1235 4082 1388 4154 φωνή
1423 4083 1502 4154 (8)
1531 4101 1546 4153 ;
1579 4082 1702 4139 Ἐὰν
1733 4079 2076 4160 μεγαλοπρε-

418 4169 528 4238 πὴς
559 4169 648 4240 ᾖς,
689 4169 1205 4244 κατεξανιστάμενος
1252 4174 1360 4225 τῶν
1407 4175 1616 4242 παθῶν,
1677 4172 1768 4227 καὶ
1825 4173 1942 4228 κατ⁹
1984 4172 2080 4229 αὖ·

416 4258 545 4322 τοὺς
601 4256 730 4322 τοὺς
787 4257 1010 4334 καιροὺς
1073 4262 1182 4315 τῶν
1246 4264 1566 4338 πειρασμῶν
1619 4261 1697 4336 μὴ
1749 4260 2076 4319 ὑποκόπτων

458 4443 606 4571 6(99)
635 4441 872 4501 Veteres
925 4447 1040 4500 tres
1082 4441 1239 4516 libri,
1271 4442 1504 4508 ἑαυτοῖς.
1534 4444 1648 4502 Alii
1675 4449 1796 4502 tres
1825 4449 1885 4503 et
1912 4447 2077 4518 editi,

489 4535 625 4571 τοις.

421 4535 552 4571 αυτο
563 4536 625 4571 ις.

493 4536 842 4660 (ἵίςιλῑιιὶῳιὶ
871 4587 1001 4660 duo
1049 4585 1185 4642 libri
1233 4603 1337 4656 pro
1384 4586 1596 4648 στάσεις
1648 4592 1923 4660 corrupte
1971 4588 2076 4646 ha-

420 4659 566 4734 bent
592 4661 790 4734 τάσεις.
823 4659 930 4714 Alii
965 4663 1220 4734 quatuor
1244 4675 1394 4734 mss,
1424 4665 1483 4715 et
1511 4660 1655 4716 editi
1685 4659 1935 4734 totidem
1965 4661 2081 4734 syl-

423 4731 610 4800 labis,
670 4729 900 4804 στάσεις.
960 4729 1188 4804 εθᾱίθι
1243 4730 1338 4786 hic
1399 4747 1629 4804 quoque
1686 4729 2078 4804 Combefisi'us

424 4804 721 4879 emendat,
743 4803 940 4879 aitque
959 4803 1346 4879 confidenter,
1357 4820 1472 4879 suo
1494 4803 1751 4875 periculo
1775 4803 2079 4879 legi_opor-

419 4872 544 4932 tere
575 4872 952 4940 ηοιιστάᾱεις,
986 4875 1086 4929 sed
1120 4872 1326 4948 βάσεις.
1357 4873 1476 4948 Ego
1494 4872 1730 4944 autem,
1762 4872 1866 4948 qu'i
1892 4872 2078 4933 ΙίΒι-ο-

415 4963 570 5021 rum,
606 4951 872 5021 veterum
922 4946 1328 5021 auctoritatem
1378 4946 1569 5006 libens
1618 4946 1856 5021 sequor,
1907 4948 2078 5005 facile

418 5019 768 5092 crediderim
834 5019 1259 5092 commentarii
1327 5019 1719 5092 scriptorem;
1772 5021 2076 5092 hominem

418 5091 614 5166 omnis
660 5090 961 5164 elegantia:
1019 5090 1386 5166 imperitum,
1431 5090 1755 5166 improprie
1812 5091 2077 5150 locutum

421 5163 632 5238 fuisse;
663 5168 723 5220 et
752 5161 958 5238 parum
990 5161 1134 5238 αριᾴ
1167 5161 1378 5238 exacti:
1408 5161 1740 5238 scripsisse,
1773 5181 1909 5222 cum
1940 5181 2074 5238 gra-

419 5236 582 5307 dum,
615 5239 716 5291 aut
741 5234 1056 5307 vestigium
1087 5235 1422 5307 signiﬁcare
1454 5234 1646 5293 vellet.

494 5303 754 5390 (2)V.E_diti
809 5311 868 5362 et
898 5303 1057 5390 ‘Beg.
1088 5303 1356 5390 ‘pI—‘i‘mue,
1405 5309 1632 5390 νοῆτε...
1683 5303 1969 5390 δκιηγῆτίθε.
2001 5310 2078 5390 at

418 5377 803 5513 Heenricianus
833 5376 1032 5436 codex'
1049 5376 1124 5437 et'
1153 5379 1253 5436 alii
1302 5376 1578 5452 quatuor,
1608 5376 1845 5440 νοεῖνζξ,
1865 5376 2072 5454 διηγεῖ-

431 5469 463 5504 σ
498 5469 574 5506 αι.

431 5469 574 5506 σθαι.

521 5523 578 5598 3)
600 5521 800 5598 βοάθι
827 5517 1485 5598 υηῑιιιμεγαλρφεόγῳς-

514 5589 568 5669 4)
599 5594 665 5650 In
719 5589 1048 5669 recentiori
1079 5589 1415 5669 Gomb'e'tlsii
1453 5595 1672 5669 codice
1697 5599 1755 5652 et
1814 5594 1874 5650 in
1931 5597 2074 5669 Reg.

422 5665 632 5754 (φλέω
663 5665 906 5741 perinde
952 5668 1132 5737 atque
1178 5667 1333 5737 apud
1360 5665 1727 5752 'ProcOpium
1781 5682 1917 5740 pag.
1943 5665 2074 5737 202,

419 5755 528 5794 των
560 5729 1076 5816 ἐπαγγελλομένων,
1103 5737 1374 5808 promissa
1393 5740 1694 5814 praedicat.
1720 5707 1880 5799 Alter
1908 5739 2081 5813 Com,

2186 3387 2368 3428 vocem
2386 3372 2536 3426 vobis
2566 3369 2738 3440 ipsis;
2760 3368 2869 3423 hoc
2891 3371 2982 3423 est
3003 3384 3016 3434 ;
3041 3365 3331 3423 assumite
3353 3381 3388 3420 a
3406 3360 3849 3434 vobismetipsis

2185 3460 2364 3518 altam
2396 3467 2453 3515 et
2480 3462 2815 3514 contentam
2861 3472 3086 3512 vocem.
3119 3456 3258 3518 Qua:
3317 3469 3386 3509 ex
3433 3450 3851 3508 communibus

2184 3549 2410 3606 notitiis
2446 3547 2626 3606 insita
2653 3545 2820 3602 vobis
2872 3548 2964 3601 est
3005 3544 3108 3600 Dei
3155 3540 3528 3615 gloriﬁcandi
3576 3538 3847 3608 facultas,

2185 3640 2341 3696 hanc
2363 3637 2662 3694 suscitata.
2687 3640 2973 3692 Deorsum
3006 3649 3077 3690 ne
3109 3631 3587 3704 aspicite,neque
3615 3632 3851 3684 terrena

2187 3727 2562 3786 intueamini.
2588 3730 2714 3781 Vox
2743 3725 2901 3780 enim
2932 3739 3134 3780 eorum
3159 3721 3263 3794 qui
3293 3737 3362 3776 ex
3391 3727 3545 3776 terra
3572 3717 3850 3781 clamant,

2188 3822 2246 3874 et
2264 3835 2416 3874 vana
2439 3816 2780 3888 loquuntur,
2803 3813 2914 3869 hoc
2934 3817 3102 3884 pacto
3125 3809 3373 3866 humilis
3395 3810 3462 3864 ﬁt
3481 3825 3546 3864 ac
3568 3807 3848 3864 demissa.

2187 3907 2296 3972 Qui
2338 3923 2408 3964 ex
2453 3905 2703 3961 tristitia
2750 3903 3017 3959 animum
3048 3899 3420 3966 demittente,
3450 3903 3509 3954 et
3555 3914 3624 3953 ex
3672 3897 3850 3952 vetito

2187 3995 2402 4053 timore
2431 3993 2716 4068 loquitur,
2748 3991 2800 4048 is
2831 4008 3004 4047 suam
3032 4005 3233 4046 vocem
3282 4004 3400 4044 non
3435 3989 3670 4043 exaltat.
3705 3986 3850 4041 Item

2189 4085 2292 4158 qui
2313 4086 2374 4142 in
2398 4082 2805 4142 annuntiando
2821 4081 2998 4137 verbo
3020 4097 3054 4136 a
3075 4078 3272 4136 carnis
3289 4075 3715 4150 cupiditatibus
3731 4074 3853 4130 vin-

2190 4176 2364 4246 citur,
2390 4174 2569 4232 habet
2596 4170 2886 4229 humilem
2917 4173 2976 4226 et
3003 4169 3368 4226 submissam
3389 4181 3590 4223 vocem
3614 4181 3742 4236 quis
3775 4164 3848 4219 ad

2193 4281 2452 4339 superna
2481 4267 2785 4336 penetrare
2815 4277 2932 4318 non
2964 4262 3174 4332 potest.
3206 4255 3506 4321 Quomodo
3545 4253 3728 4326 igitur
3756 4256 3850 4309 at-

2188 4446 2381 4502 beﬁsii
2429 4444 2610 4502 codex
2648 4459 2783 4498 cum
2831 4441 2963 4497 aliis
3010 4439 3223 4508 tribus,
3255 4440 3361 4492 τῶν
3421 4429 3848 4509 ἀπαγγελλομέ-

2187 4537 2315 4590 νων,
2372 4533 2459 4573 res
2487 4513 2953 4590 _am_mntian_dax_
2987 4507 3299 4590 praedicat.
3329 4507 3555 4590 _Potest
3610 4507 3847 4590 quidem

2190 4578 2440 4663 utraque
2487 4586 2660 4663 lectio
2720 4584 2956 4663 probari
2987 4578 3139 4663 Egsed
3183 4583 3544 4663 itan-tamen,
3578 4586 3650 4663 ut
3689 4578 3848 4650 prior

2107 4649 2598 4734 Danteponenda
2649 4649 2780 4734 esse
2837 4657 3124 4734 videatur,
3180 4653 3533 4734 Editicnem.
3577 4649 3843 4734 alteram,

2188 4722 2366 4808 quam
2405 4733 2696 4808 interpres
2725 4730 2836 4808 hoc
2878 4729 3006 4808 loco
3054 4728 3217 4808 citat,
3249 4729 3457 4808 apctor
3482 4722 3742 4808 Vulgata:
3775 4723 3848 4778 ob

2187 4798 2390 4864 oculos
2419 4798 2697 4872 habebat,
2731 4803 2875 4860 dum
2913 4801 2995 4857 ita
3022 4800 3197 4858 vertit
3227 4816 3241 4856 :
3274 4798 3454 4868 Super
3480 4804 3722 4852 montem
3749 4810 3846 4849 ea-

2189 4880 2523 4954 ιίρὲιβοέιςιηε
2609 4951 2615 4954 ,
2679 4951 2688 4954 ,
3104 4940 3117 4954 .
3192 4946 3218 4954 _
3500 4937 3537 4954 ..

2187 4937 2334 5079 [ΔΞῗέ
2366 4949 2522 5006 Editi
2569 4951 2626 5003 et
2673 4951 2792 5002 tres
2849 4959 3023 5026 ωσι..
3059 4940 3264 5026 αὐτοῖς’
3297 4937 3632 5026 necualiter
3686 4937 3843 5008 apud

2358 5026 2459 5079 aut
2507 5019 2664 5079 apud
2711 5017 3032 5074 Eusebium
3071 5016 3307 5079 legitur.
3337 5011 3450 5069 A111
3501 5015 3622 5066 tres
3673 5025 3841 5079 mss.,

2187 5032 2328 5079 ωυί
2358 5032 2459 5079 aut
2507 5032 2664 5092 apud
2712 5032 3032 5074 Eusebium
3073 5032 3307 5088 legitur.
3337 5032 3450 5069 A111
3501 5032 3622 5066 tres
3673 5032 3841 5080 ωσι,

2186 5093 2422 5180 ἑαυτοῖς.
2452 5090 2665 5150 Statim
2712 5089 2880 5161 editi,
2923 5086 2974 5158 ἐξ
3027 5085 3226 5143 αὐτῶν.
3267 5089 3337 5143 At
3384 5099 3527 5142 mss.
3563 5098 3686 5152 sex,
3718 5080 3840 5135 ἑαυ-

2359 5239 2608 5321 Vet‘eres’
2654 5231 2882 5321 aliquot
2898 5301 2910 5314 O
2937 5212 3580 5321 l‘ibri,‘.£wcmw1$‘cqv::ei.
3630 5223 3840 5282 Statim

2185 5296 2352 5378 editi,
2383 5304 2472 5361 καὶ
2503 5303 2632 5378 ἀπό.
2665 5296 2914 5378 Antiqui
2946 5296 3250 5378 tres'libri,
3283 5298 3374 5353 καὶ
3394 5299 3436 5378 ,δ
3462 5296 3590 5378 ἀπό.

2256 5364 2473 5454 (7):Pro
2506 5364 2914 5454 ἐπιρυμίαιςᾜῐι
2951 5373 3182 5444 aliquot
3211 5364 3627 5454 (neexlegjtug,
3661 5364 3844 5454 ξπιθυ-

2189 5437 2573 5524 μ-ί-ᾲξΙδὶάεξη
2606 5437 2747 5524 Reg,
2779 5446 3008 5518 primus
3055 5437 3210 5524 cum.
3239 5437 3520 5524 editis,:lv
3545 5437 3840 5524 τῷιέπαγ-

2182 5508 2422 5608 γέλλειν.
2472 5523 2581 5579 ΔΙίὶ
2644 5508 2906 5591 ςῠίιῑςυθ
2963 5533 3134 5583 mss.,
3193 5513 3244 5569 ἐν
3302 5519 3386 5588 τῷ
3420 5508 3835 5588 eumeum,

2183 5602 2452 5797 “fiuit;
2475 5669 2702 5724 veteres
2727 5659 2958 5732 aliquot
2982 5657 3143 5718 libri.
3166 5655 3344 5727 Editi,
3373 5659 3443 5731 τῇ
3475 5656 3652 5734 φωνῇ,
3677 5652 3836 5710 haud

2183 5753 2278 5796 rec
2347 5777 2361 5796 .

2181 5753 2361 5796 recte.
