4150 6404
252 383 365 443 571

1193 381 1592 443 APPENDIX
1638 380 1968 442 OPEBUM
2015 380 2082 440 S.
2127 377 2414 439 BASILII
2457 373 2726 439 MAGNI.

3557 375 3677 434 572

262 515 486 571 tollitur
516 515 658 570 vox?
688 513 745 569 Si
780 531 994 587 magno
1017 518 1073 570 et
1093 529 1377 586 generoso
1411 515 1607 571 animo
1638 515 1913 586 insurgas

2027 516 2142 574 τοῖς
2173 515 2523 587 πειρασμοῖς,
2553 507 2700 565 ἀλλὰ
2726 507 2790 563 τὸ
2817 509 3015 584 γαῦρον
3046 503 3304 584 φρόνημα
3344 508 3445 570 τῆς
3489 507 3680 582 ψυχῆς

262 607 540 660 adversus
587 604 958 661 turbulentas
1008 603 1190 659 animi
1243 604 1600 673 affectiones,
1633 622 1738 660 nec
1786 621 1912 676 ipso

256 694 656 750 tentationum
708 699 967 765 tempore
1019 695 1370 750 succumbas
1417 695 1842 750 tentationibus
1895 711 1906 748 :

255 784 373 840 imo
399 785 448 839 si
480 801 672 840 serves
705 783 880 839 animi
916 781 1229 838 elationem
1253 788 1309 838 et
1330 784 1748 850 constantiam,
1775 789 1913 839 tunc

259 873 542 928 cxaltabis
592 889 810 928 vocem.
843 871 1194 928 Consolatur
1242 879 1436 928 autem
1493 890 1673 929 manu
1706 873 1778 939 is,
1810 872 1912 945 qui

259 965 490 1020 afﬂictis
522 969 578 1018 et
607 965 907 1035 oppressis
931 980 1032 1035 per
1063 965 1216 1019 bona
1237 982 1412 1036 opera
1443 965 1611 1021 affert
1640 965 1912 1021 consola-

255 1056 497 1120 tionem,
529 1059 586 1108 et
615 1054 808 1109 animo
847 1053 1022 1109 hilari
1070 1053 1278 1125 stipem
1311 1054 1575 1126 largitur.
1608 1055 1664 1109 Si
1695 1055 1912 1111 videris

258 1143 596 1215 quempiam
628 1147 887 1215 egestate
938 1143 1324 1212 laborantem,
1361 1161 1674 1216 pauperem
1725 1145 1914 1202 solare

256 1233 518 1288 beneﬁca
547 1235 604 1287 et
632 1231 860 1288 liberali
886 1249 1086 1289 manu.
1117 1232 1428 1289 Enimvero
1459 1234 1613 1306 apud
1647 1234 1912 1290 animum

256 1321 540 1394 pusillum
587 1329 642 1378 et
687 1321 1014 1388 infirmum,
1067 1321 1325 1393 erogatio
1366 1339 1494 1394 quae
1543 1340 1604 1380 re
1651 1323 1780 1395 ipsa
1823 1325 1908 1394 fit,

253 1411 544 1468 consolari
577 1415 771 1483 potest
801 1412 1011 1483 magis,
1045 1429 1221 1483 quam
1255 1412 1305 1467 si
1335 1413 1527 1468 verbis
1559 1413 1630 1469 ad
1664 1429 1911 1486 pauper-

253 1505 433 1558 tatem
465 1501 693 1556 fortiter
723 1505 780 1556 et
809 1516 1089 1574 generose
1116 1501 1519 1572 perferendam
1555 1503 1909 1559 adhorteris.

325 1592 450 1646 257.
484 1592 549 1644 Et
578 1591 814 1661 aperite,
840 1589 1052 1661 inquit,
1079 1591 1388 1662 principes.
1410 1591 1696 1647 Solatium
1730 1609 1909 1648 manu

257 1679 583 1737 exhibitum
617 1679 882 1750 sequitur
914 1696 1125 1734 manus
1147 1679 1402 1752 apertio;
1434 1698 1612 1753 quam
1645 1699 1746 1753 pro
1781 1698 1907 1736 mu-

257 1769 432 1824 nifica
461 1773 518 1824 et
548 1768 771 1824 liberali
820 1770 1048 1825 actione
1091 1787 1376 1841 usurpare
1407 1770 1556 1826 solet
1587 1771 1909 1842 Scriptura,

2024 599 2420 671 διασωζούσης,
2451 600 2574 653 τότε
2608 596 2768 672 ὑψοίς
2793 598 2892 666 τὴν
2925 597 3133 666 φωνήν.
3167 599 3479 671 Παρακαλεῖ
3509 591 3568 650 δὲ
3598 598 3678 670 (9)

2019 695 2088 765 τῇ
2116 691 2261 766 χειρὶ
2297 691 2325 744 6
2354 690 2453 758 τὴν
2483 685 2833 764 παράκλησιν
2866 690 2986 749 τοῖς
3016 679 3371 757 θλιϐομένοις
3401 681 3474 739 δι’
3498 681 3673 761 ἔργων

2021 781 2232 857 ἀγαθῶν
2272 779 2584 856 προφέρων,
2634 776 2723 832 καὶ
2772 777 2824 831 έν
2873 774 3159 852 ἰλαρότητι
3207 774 3306 844 τήν
3367 773 3675 848 ἐΛεημοσύ-

2021 892 2115 939 νην
2166 867 2527 945 ἀποπληρῶν.
2582 867 2702 924 Ἐὰν
2757 863 2880 940 ἴδῃς
2931 865 3053 920 τινὰ
3090 863 3177 920 ἐπὶ
3216 863 3371 935 πενίᾳ
3435 885 3676 919 καταπο-

2021 960 2306 1032 νούμενον,
2336 962 2406 1032 τῇ
2460 954 2786 1031 μεταδοτικῇ
2844 955 2991 1031 χειρί
3048 952 3350 1027 παρακάλει
3379 955 3472 1009 τὸν
3503 954 3675 1025 πένη-

2019 1070 2105 1106 τα.
2138 1046 2336 1104 Πλεῖυν
2368 1047 2470 1125 γὰρ
2499 1046 2648 1120 παρὰ
2688 1045 2899 1100 ἀσθενεῖ
2924 1046 3036 1119 (40)
3064 1045 3136 1117 τῇ
3181 1046 3336 1120 ψυχῇ
3389 1045 3422 1113 ἡ
3474 1041 3546 1098 δι’
3588 1038 3677 1118 ἔρ-

2018 1159 2127 1215 γων
2189 1134 2473 1211 μετάδοσις
2521 1134 2854 1211 παρακαλεῖν
2914 1133 3155 1193 δύναται.
3201 1132 3237 1203 ἢ
3285 1135 3320 1204 ὴ
3355 1129 3446 1188 διὰ
3493 1131 3672 1209 λόγων

2019 1229 2275 1303 προροπὴ
2353 1227 2451 1282 τοῦ
2525 1225 2705 1305 φέρειν
2782 1222 2970 1281 πενίαν
3028 1223 3254 1300 εὐγενῶς
3299 1221 3391 1279 καί
3450 1221 3672 1280 ἀταπει-

2019 1319 2224 1380 νώτως.

2090 1589 2216 1644 257.
2252 1585 2350 1641 Καὶ
2400 1584 2662 1659 ἀνοίξατε,
2709 1583 2896 1663 φησὶν,
2959 1585 3011 1638 οἰ
3071 1579 3358 1659 ἄρχοντες.
3424 1585 3653 1640 Ἕπεται

2017 1681 2096 1748 τῷ
2147 1673 2480 1750 παρακαλεῖν
2533 1678 2601 1748 τῇ
2658 1679 2808 1750 χειρῖ
2835 1673 2897 1728 τὸ
2927 1672 3157 1748 ἀνοίγειν
3185 1673 3283 1742 τὴν
3318 1678 3498 1749 χεῖρα·
3534 1671 3666 1746 ὅπερ

2021 1765 2106 1821 ἐπὶ
2157 1755 2258 1836 τῆς
2311 1762 2673 1839 μεταδοτικῆς
2723 1761 2989 1839 ἐνεργείας
3039 1757 3159 1825 ἔθος
3213 1761 3422 1836 έστῖτῇ
3481 1761 3670 1838 Γραφῇ⁹

255 1875 358 1912 ceu
392 1874 526 1912 cum
579 1857 764 1913 dicit:
801 1859 1088 1929 Aperiente
1125 1862 1309 1914 autem
1356 1869 1410 1914 te
1455 1876 1684 1916 manum
1729 1869 1906 1928 tuam,

2027 1851 2338 1929 λαμϐάνειν,
2419 1856 2543 1910 ὅταν
2618 1855 2729 1927 (Η)
2817 1851 3003 1962 λέγῃηι
3046 1852 3386 1924 ’Δνοίξαντος
3459 1849 3516 1907 δέ
3576 1873 3672 1962 σου

254 1949 445 2004 omnia
475 1947 856 2017 implebantur
885 1948 1125 2002 bonitate
1143 1948 1207 2003 ⁸ο.
1237 1951 1467 2020 Aperite
1498 1949 1680 2020 igitur
1703 1950 1912 2006 domos

2027 1947 2119 2014 τὴν
2189 1951 2372 2021 χεῖρα,
2448 1943 2516 1998 τὰ
2584 1942 2870 2016 σύμπαντα
2938 1939 3352 2013 πλησθήσονται
3426 1941 3673 2018 χρηστό-

254 2041 499 2106 vestras,
533 2041 590 2091 et
620 2035 956 2091 divitiarum
990 2041 1317 2092 vestrarum
1349 2037 1661 2094 thesauros
1691 2039 1914 2110 aperite

255 2125 590 2196 hospitibus
623 2129 678 2180 et
709 2126 929 2197 egenis-
964 2124 1046 2181 Ne
1077 2125 1381 2182 retineatis
1413 2144 1539 2198 qua:
1573 2127 1735 2184 vobis
1770 2144 1912 2200 sup-

255 2218 464 2286 petunt
494 2215 564 2268 ad
599 2212 952 2269 afﬂictorum
1004 2213 1290 2270 levamen.
1324 2217 1392 2270 Et
1421 2216 1530 2272 hoc
1579 2217 1748 2272 facite
1797 2217 1914 2288 pri-

256 2319 441 2374 mum,
473 2301 793 2374 principes,
815 2307 880 2358 ut
905 2303 1168 2375 exemplo
1200 2309 1390 2361 vestro
1422 2306 1706 2379 p0pulum
1736 2305 1911 2362 etiam

256 2391 591 2464 pelliciatis.
627 2391 824 2447 Potest
873 2397 1068 2448 autem
1119 2393 1264 2449 illud
1313 2394 1561 2467 intelligi
1615 2395 1792 2451 etiam
1842 2396 1915 2453 de

255 2480 694 2553 Scripturarum
745 2481 1066 2552 apertione,
1097 2483 1288 2554 deque
1335 2482 1596 2540 locorum
1626 2501 1912 2556 quorum-

256 2570 392 2625 dam
416 2569 755 2626 clausorum
779 2579 835 2625 et
857 2571 1262 2627 obscuriorum
1287 2573 1725 2644 explanatione;
1753 2579 1818 2629 ut
1846 2590 1914 2630 oe

255 2659 389 2730 quis
413 2659 640 2729 judicio
668 2660 952 2715 adversus
985 2659 1306 2718 Pharisteos
1336 2667 1393 2717 et
1423 2663 1657 2718 Scribas
1689 2663 1913 2736 prolato

256 2748 360 2802 ﬁat
389 2749 679 2803 obnoxius
715 2763 728 2802 :
766 2747 869 2819 qui
907 2766 1040 2805 cum
1072 2751 1266 2806 claves
1297 2752 1462 2822 regni
1503 2751 1778 2820 habeant,
1813 2769 1912 2808 ne-

252 2853 365 2908 que
397 2836 511 2907 ipsi
549 2836 985 2908 ingrediuntur,
1012 2843 1069 2894 et
1107 2854 1206 2894 eos
1238 2840 1338 2911 qui
1379 2841 1606 2912 ingredi
1641 2847 1911 2914 possunt,

252 2925 568 2997 prohibent
589 2927 656 2981 ⁸1.
693 2926 895 2997 Itaque
926 2928 1224 3000 principes
1255 2930 1474 3002 quibus
1507 2931 1764 2987 scientias
1795 2931 1912 2988 cla-

250 3031 349 3070 ves
391 3015 734 3071 concreditaa
783 3020 942 3085 sunt,
974 3018 1305 3089 compellat.
1340 3019 1557 3076 Paulus
1607 3021 1912 3077 sententis:

252 3103 388 3159 huic
417 3105 832 3176 obtemperans
871 3105 1064 3162 aiebat
1097 3123 1109 3160 :
1145 3109 1211 3164 0s
1240 3117 1484 3166 nostrum
1524 3114 1674 3182 patet
1701 3111 1771 3166 ad
1800 3127 1911 3179 vos,

250 3209 280 3249 ο
313 3196 594 3251 Corinthii
613 3196 682 3250 ³1.

321 3374 446 3428 258.
481 3371 680 3442 (Vens.
702 3374 781 3446 3.)
817 3377 924 3447 Ego
951 3376 1174 3445 ordino,
1205 3381 1259 3432 et
1288 3393 1382 3449 ego
1411 3378 1549 3436 duco
1578 3394 1686 3435 eos.
1722 3380 1912 3452 Agen-

253 3462 395 3516 dum
429 3461 599 3518 nobis
631 3466 722 3518 est
773 3480 876 3535 pro
909 3465 1084 3520 virili.
1123 3466 1405 3522 Dominus
1460 3472 1658 3524 autem
1690 3472 1781 3524 est
1814 3467 1917 3540 qui

253 3566 373 3617 eos,
391 3549 572 3620 ducit,
592 3555 650 3606 et
669 3552 769 3622 qui
793 3569 1275 3626 unumquemque
1300 3555 1360 3610 in
1382 3557 1648 3612 Ecclesiae
1675 3573 1918 3630 corpore

253 3655 359 3711 pro
391 3657 499 3696 sua
530 3641 816 3712 dignitate
861 3643 1114 3699 ordinat.
1149 3643 1403 3715 Gigantes
1439 3648 1667 3702 veniunt
1695 3647 1768 3702 ad
1798 3649 1918 3702 im-

249 3728 518 3800 plendum
565 3730 816 3799 furorem
872 3746 1076 3800 meum,
1113 3733 1412 3804 gaudentes
1467 3737 1639 3795 simul
1665 3739 1715 3792 et
1752 3734 1916 3793 '516

253 3818 606 3874 contumeliis
653 3819 985 3888 afﬁcientes.
1024 3823 1148 3877 Haac
1179 3823 1473 3879 sententia
1501 3824 1920 3881 interminatur

255 3907 398 3973 fore,
432 3911 497 3962 ut
527 3907 791 3964 scelerati
826 3911 1064 3981 quidem
1096 3917 1153 3967 et
1181 3911 1284 3968 Dei
1315 3912 1514 3970 hostes
1548 3914 1651 3986 qui
1682 3916 1755 3971 ad
1789 3932 1918 3988 pec-

255 3999 483 4050 catores
516 3995 889 4054 ulciscendos
931 3999 1099 4056 missi
1141 4007 1300 4071 sunt,
1335 4003 1662 4059 adveniant.
1696 4006 1781 4060 0b
1814 4004 1920 4061 hoc

253 4084 604 4141 timentibus
633 4102 695 4141 se
727 4087 1060 4158 providens,
1085 4090 1248 4145 ducit
1271 4107 1370 4147 eos
1404 4092 1464 4147 in
1488 4097 1678 4149 tutam
1702 4095 1920 4150 montis

257 4173 659 4243 altitudinem,
678 4180 853 4249 atque
875 4193 975 4234 eos
993 4183 1222 4251 aequata
1243 4181 1480 4238 verticis
1502 4181 1746 4254 planitie
1767 4201 1924 4240 com-

2019 2055 2208 2105 τητος.
2260 2034 2534 2104 Ἀνοίξατε
2599 2033 2690 2088 οὖν
2747 2031 2875 2096 τοὺς
2926 2027 3108 2093 οἷ’κους
3167 2031 3344 2104 ὑμῶν,
3397 2031 3488 2086 καὶ
3547 2030 3676 2096 τοὺς

2025 2123 2329 2200 θησαυροὺς
2383 2129 2486 2193 τῆς
2536 2124 2780 2193 κτήσεως
2837 2120 3079 2193 ἀνοίξατε
3135 2119 3305 2192 ξένοις
3334 2119 3426 2176 καὶ
3458 2119 3675 2188 πένησι.

2024 2215 2119 2282 Μὴ
2154 2214 2403 2288 συνέχετε
2431 2212 2499 2268 τὰ
2543 2211 2816 2287 προσόντα
2867 2211 2992 2283 ὑμῖν
3045 2208 3125 2272 εἷς
3173 2210 3519 2287 παραμυθίαν
3567 2215 3677 2266 τῶν

2022 2302 2531 2376 κατυπονουμένων.
2585 2301 2686 2357 Καὶ
2719 2305 2880 2357 τοῦτο
2910 2305 3121 2356 ποιεῖτε
3167 2304 3390 2375 πρῶτον
3431 2302 3568 2375 (12),
3627 2301 3683 2355 οἱ

2024 2392 2308 2469 ἄρχοντες,
2333 2390 2426 2447 ἵνα
2457 2389 2548 2447 διὰ
2591 2395 2689 2446 τοῦ
2739 2388 3140 2466 ὑποδείγματπ
3188 2389 3278 2445 καὶ
3305 2389 3396 2445 τὸν
3426 2388 3562 2445 λαὸν
3593 2389 3680 2444 έν-

2023 2482 2278 2557 αγάγητε.
2313 2481 2537 2536 Δύναται
2570 2478 2627 2536 δὲ
2656 2487 2918 2552 νοηθῆναι
2949 2479 3040 2535 καὶ
3095 2479 3183 2536 ἐπὶ
3228 2477 3325 2534 τοῦ
3386 2477 3678 2556 διανοίγειν

2022 2573 2116 2634 τὰς
2168 2573 2401 2649 Γραφὰς,
2447 2572 2534 2626 καὶ
2605 2570 2673 2626 τὰ
2728 2569 3086 2644 κεκλεισμένα
3137 2567 3536 2628 ὑποδεικνύναι.
3592 2569 3683 2626 ’ἱνα

2027 2664 2101 2734 μή
2152 2682 2236 2724 τις
2302 2663 2525 2736 γένηται
2589 2663 2669 2732 τῷ
2733 2658 2958 2735 κρίματι
3039 2663 3147 2714 τῶν
3221 2659 3536 2736 Φαρισαίων
3586 2662 3676 2716 καὶ

2023 2751 2395 2828 Γραμματέων
2446 2747 2726 2818 ὑπόδικος,
2761 2747 2955 2814 οἵτινες
2984 2745 3204 2825 ἔχοντες
3250 2751 3350 2812 τὰς
3397 2747 3550 2813 κλεῖς
3575 2753 3679 2820 τῆς

2028 2837 2327 2916 βασιλείας,
2389 2836 2512 2894 οὕτε
2573 2838 2726 2894 αὐτοὶ
2796 2839 3175 2914 εἰσέρχονται,
3229 2839 3317 2894 καὶ
3400 2839 3529 2903 τοὺς
3584 2837 3674 2894 δυ-

2023 2930 2287 3003 ναμένους
2319 2926 2581 2994 εἰσελθεῖν
2611 2927 2911 2984 κωλύουσι.
2964 2929 3107 3005 Πρὸς
3155 2927 3244 2984 οὖν
3292 2927 3421 2991 τοὺς
3471 2926 3670 3005 ἄρχον-

2021 3039 2115 3081 τας
2165 3016 2501 3096 διαλέγεται,
2566 3017 2694 3080 τοὺς
2741 3016 2971 3094 ἔχοντας
3023 3017 3120 3080 τὰς
3179 3015 3331 3081 κλεῖς
3376 3024 3476 3088 τῆς
3524 3019 3666 3094 γνώ-

2024 3129 2182 3172 σεως.
2229 3107 2441 3167 Τούτου
2481 3106 2815 3172 κατακούσας
2857 3111 2955 3163 τοῦ
3003 3106 3173 3184 ῥητοῦ
3223 3107 3251 3162 6
3302 3105 3520 3170 Παῦλος
3566 3105 3678 3161 ἔλε-

2021 3217 2103 3274 γε·
2155 3199 2226 3254 Τὸ
2300 3197 2479 3272 στόμα
2549 3198 2711 3271 ἡμῶν
2789 3197 2988 3273 ἀνέῳγε
3061 3196 3198 3272 πρὸς
3260 3197 3427 3271 ὑμᾶς,
3484 3197 3678 3271 Κορίν-

2026 3297 2156 3352 θιοι.
2328 3293 2347 3304 “

2307 3379 2320 3399 9
2419 3376 2435 3396 ‘
3008 3376 3023 3396 \
3183 3373 3199 3394 ς
3322 3373 3334 3394 Ι
3536 3375 3549 3396 9
3637 3375 3651 3396 Ι

2091 3380 2220 3434 258.
2323 3381 2452 3452 Εγω
2541 3378 2864 3446 συντάσσω,
2933 3396 3025 3432 και
3111 3373 3216 3452 ἐγω
3298 3373 3414 3451 ἂγω
3490 3397 3685 3440 αυτους

2024 3469 2197 3541 Ἦμᾶς
2228 3467 2342 3543 χρὴ
2391 3466 2625 3543 ένεργεῖν
2653 3466 2718 3522 τὸ
2747 3468 2883 3540 ἡμῖν
2919 3461 3163 3522 δυνατόν.
3194 3464 3254 3522 ⁸0
3285 3461 3345 3519 δὶ
3397 3461 3543 3542 ἄγων
3579 3466 3682 3520 αύ-

2022 3555 2149 3618 τοὺς
2179 3554 2375 3630 Κύριός
2403 3555 2538 3626 ἐστι,
2583 3556 2673 3612 καὶ
2723 3557 2751 3610 6
2802 3554 3146 3610 κατατάσσων
3203 3547 3426 3609 ἕκαστον
3490 3553 3544 3610 έν
3601 3558 3681 3626 τῷ

2027 3649 2239 3720 σώματι
2286 3651 2388 3715 τῆς
2450 3643 2780 3717 Ἐκκλησίας
2825 3644 2964 3720 πρὸς
3011 3645 3111 3714 τὴν
3171 3640 3309 3698 ἰδίαν
3361 3642 3530 3714 ἀξίαν.
3587 3640 3678 3698 Γί-

2025 3754 2217 3808 γαντες
2294 3731 2555 3810 ἔρχονται
2627 3733 2922 3809 πληρῶσαι
2991 3732 3082 3788 τὸν
3155 3732 3326 3806 θυμόν
3392 3753 3498 3806 μου
3555 3731 3684 3808 χαί-

2030 3845 2212 3899 ροντες
2246 3825 2359 3897 ἅμα
2413 3823 2503 3879 καὶ
2567 3818 2898 3899 ὑϐρίζοντες.
2943 3823 3192 3880 ἈπειΑεῖ
3221 3823 3249 3876 6
3309 3820 3479 3896 λόγος
3508 3841 3685 3892 πονη-

2030 3918 2138 3988 ρῶν
2183 3934 2346 3969 τινων
2415 3912 2505 3968 καὶ
2562 3914 2873 3988 θεωμάχων
2925 3909 3222 3986 έπιδημίαν
3283 3910 3360 3976 εἰς
3406 3907 3681 3981 ἐκδίκησιν

2031 4001 2522 4077 ἀποστελλομένων
2582 4002 2718 4057 κατὰ
2771 3999 2879 4058 τῶν
2938 4002 3368 4077 ἡμαρτηκότων.
3402 4001 3500 4055 Διὰ
3528 4004 3687 4055 τοῦτο

2030 4093 2440 4169 προνοούμενος
2472 4096 2579 4148 τῶν
2613 4087 2970 4170 φοϐουμένων
3007 4090 3187 4162 αὐτὸν,
3231 4091 3410 4167 ἀνάγει
3449 4091 3544 4164 μὲν
3596 4088 3688 4144 αύ-

2029 4183 2156 4244 τοὺς
2187 4181 2274 4237 ἀπὶ
2319 4183 2384 4237 τὸ
2430 4182 2692 4257 καρτερὸν
2735 4180 2869 4256 ὕψος
2917 4180 3013 4235 τοῦ
3059 4176 3242 4255 ὅρους,
3277 4178 3690 4255 ένασφαλίζεται

262 4263 480 4319 munit.
531 4266 654 4321 Imo
709 4265 885 4322 etiam
934 4268 1019 4324 eis
1068 4269 1308 4341 signum
1342 4288 1453 4340 quo
1487 4273 1913 4341 custodiantur,

2034 4270 2093 4327 δὲ
2122 4271 2317 4334 αὐτοὺς
2345 4274 2415 4346 τῇ
2461 4270 2773 4344 ὁμαλότητι
2820 4277 2919 4340 τῆς
2969 4276 3237 4348 κορυφῆς.
3269 4266 3471 4324 Δίδωσι
3505 4265 3562 4324 δὲ
3598 4266 3691 4322 αὗ-

263 4353 446 4410 tradit
477 4373 492 4422 ;
526 4354 747 4427 quippe
779 4355 880 4427 qui
911 4374 1010 4414 eos
1051 4359 1404 4416 submoneat
1436 4364 1501 4416 ut
1531 4362 1832 4418 instruant
1862 4379 1913 4419 se

2030 4365 2147 4423 τοῖς
2177 4358 2549 4437 φυλακτήριον
2585 4361 2648 4415 τὸ
2697 4365 2950 4433 σημεῖον,
3013 4358 3288 4421 ὑποτιθείς
3345 4360 3460 4431 (43)
3507 4356 3692 4418 αὐτοῖς

261 4457 363 4512 per
394 4442 550 4497 bona
579 4459 776 4514 opera,
811 4445 1308 4519 consolenturque
1349 4467 1530 4506 manu
1564 4451 1836 4518 afﬂictos,
1868 4456 1913 4507 ei

2034 4453 2131 4521 τὴν
2167 4448 2255 4505 διὰ
2299 4455 2407 4505 τῶν
2437 4451 2652 4526 ἀγαθῶν
2699 4444 2872 4526 ἔργων
2933 4449 3299 4524 παρασκευήν,
3347 4451 3684 4523 παρακαλεῖν

261 4545 326 4584 os
382 4531 648 4601 aperiant
704 4533 1044 4591 erudiendis
1104 4537 1434 4610 discipulis,
1491 4544 1556 4594 ut.
1613 4540 1913 4613 gigantum

2033 4543 2102 4614 τῇ
2135 4539 2284 4616 χειρί
2313 4539 2438 4603 τοὺς
2473 4535 2855 4613 θλιϐομένους,
2906 4538 3135 4612 ἀνοίγειν
3194 4539 3256 4593 τὸ
3317 4538 3494 4610 στόμα
3550 4537 3688 4613 πρὸς

261 4617 670 4676 excursionem
693 4622 996 4696 effugiant.
1020 4625 1298 4699 Gigantes
1321 4628 1477 4685 enim
1509 4633 1574 4685 ut
1602 4630 1913 4702 plurimum

2037 4626 2385 4685 διδασκαλίαν
2460 4633 2569 4685 τῶν
2639 4629 3119 4702 μαθητευομένων,
3170 4623 3264 4681 ἵνα
3322 4625 3538 4703 φύγωσι
3590 4627 3689 4695 τὴν

261 4707 638 4780 accipiuntur
681 4711 740 4766 in
792 4712 1008 4770 malam
1057 4720 1281 4788 partem
1303 4718 1368 4774 ⁸³.
1405 4719 1677 4776 Fortasse
1726 4725 1913 4778 autem

2035 4716 2342 4795 ἐπιδρομὴν
2389 4723 2496 4774 τῶν
2545 4721 2830 4795 γιγάντων.
2877 4717 3127 4793 Γίγαντες
3181 4717 3306 4790 γὰρ,
3361 4717 3436 4779 ὡς
3494 4715 3582 4770 ἐπὶ
3629 4716 3694 4770 τὸ

262 4798 363 4869 qui
395 4798 490 4854 hic
537 4800 805 4873 gigantes
849 4804 1241 4875 appellantur,
1275 4822 1374 4864 eos
1405 4808 1726 4867 dilucidius
1755 4815 1913 4868 vocat

2032 4808 2199 4876 πολὺ,
2234 4808 2319 4864 ἐπὶ
2347 4812 2444 4865 τοῦ
2475 4807 2728 4885 χείρονός
2769 4806 2872 4862 εἰσι
2916 4804 3260 4881 τεταγμένοι.
3293 4805 3458 4880 Τάχα
3487 4802 3543 4860 δὲ
3566 4803 3696 4867 τοὺς

261 4887 536 4945 Psalmus
566 4890 806 4963 angelos
844 4892 1053 4963 malos,
1087 4895 1288 4952 dicens
1323 4915 1335 4952 :
1375 4900 1531 4953 Misit
1563 4901 1621 4954 in
1663 4915 1750 4957 eos
1779 4901 1913 4956 iram

2035 4898 2259 4964 ἐνταῦθα
2326 4899 2582 4976 γίγαντας
2663 4896 2917 4971 ὠνόμασε
2980 4895 3300 4974 σαφέστερον
3379 4895 3407 4948 6
3469 4891 3695 4968 ψαλμὸς

260 4975 674 5050 indignationis
703 4996 842 5050 suae,
875 4982 1351 5056 indignationem,
1376 4989 1426 5042 et
1455 4989 1623 5058 iram,
1655 4993 1708 5046 et
1737 4990 1913 5046 tribu-

2034 4988 2306 5066 ἀγγέλους
2365 4987 2670 5064 πονηροὺς,
2733 4985 2928 5063 λέγων·
2983 4982 3387 5056 Ἐξαπέστειλεν
3445 4985 3558 5057 (44)
3615 4981 3692 5044 εἰς

333 5166 378 5204 ⁸ο
409 5167 560 5225 Psal.
593 5187 714 5239 CIII,
746 5175 836 5230 28.
915 5173 958 5211 ⁸¹
993 5175 1132 5231 Luc.
1165 5192 1245 5244 x1,
1276 5176 1365 5232 52.
1443 5177 1489 5213 ⁸⁸
1522 5180 1572 5235 Π
1602 5179 1731 5238 Cor.
1764 5195 1844 5248 νι,
1880 5181 1904 5235 1

2043 5180 2088 5216 ⁸³
2119 5179 2262 5238 Gen.
2297 5196 2374 5249 vx,
2409 5180 2469 5249 4;
2501 5183 2637 5253 Sep.
2668 5195 2788 5248 xxv,
2819 5178 2874 5234 6.

334 5370 675 5454 (SQLCodices
704 5380 844 5454 tres,
878 5378 1271 5454 Ῑῐαρακαλεῖτε,
1303 5382 1696 5441 consolamini.

522 5380 675 5462 dices
704 5380 844 5462 tres,
878 5380 1271 5462 ῌαρακαλεῖτε,
1303 5382 1696 5462 consolamini.
1772 5457 1810 5462 _
1834 5457 1873 5462 __
1910 5458 1913 5462 Α

2101 5389 2218 5462 (12)
2243 5387 2336 5442 Sic
2371 5403 2529 5462 gmss.
2563 5383 3014 5462 omne_s.__7}i‘.di_ti,
3065 5384 3298 5462 πρῶτοι.
3329 5381 3462 5439 Mox
3507 5380 3696 5439 nostri

337 5443 449 5513 (10)
477 5446 570 5524 S_io
602 5447 765 5524 Regii
817 5443 1066 5524 prim'us,
1104 5443 1312 5510 tertius
1363 5458 1420 5510 et

337 5453 570 5513 (10)Sio
602 5453 765 5520 Regii
817 5453 1066 5524 primus,
1104 5454 1312 5510 tertius
1363 5458 1420 5510 et
1466 5462 1735 5528 quartus.
1771 5457 1913 5513 Editi

265 5530 424 5581 vero,
453 5515 552 5581 γὰρ
582 5518 675 5573 τὸν
707 5520 925 5581 ἀσθενῆ.
962 5525 1196 5581 Rectius
1228 5525 1467 5581 quidem
1495 5546 1508 5581 :
1541 5531 1641 5581 sed
1673 5530 1732 5581 in
1762 5531 1913 5581 nunc

2034 5453 2134 5517 sei
2164 5453 2336 5526 11538.,
2367 5458 2684 5581 ἐναγάηητε.
2719 5456 2903 5541 Είῌιὶ,
2926 5453 3247 5581 ἐπανάγῃ-τε.

2104 5534 2219 5581 (13)
2246 5531 2485 5581 Veteres
2516 5549 2550 5581 τι
2573 5531 2741 5581 iuuat
2771 5529 2928 5581 libr].
2965 5526 3101 5580 ὑποτ
3129 5537 3247 5581 θετα

406 5527 940 5610 ,εχξρ-τὸγβσθενῇ..
962 5527 1196 5610 Rectius
1228 5527 1467 5610 quidem
1488 5527 1508 5584 7:
1541 5531 1642 5586 sed
1673 5530 1732 5585 in
1762 5531 1913 5588 nullc

2104 5534 2219 5610 (ἰᾷ)
2245 5527 2741 5610 yeteres'_aliq_uot
2767 5529 2930 5610 libri,
2965 5527 3298 5610 ὑποτίθεται..

265 5588 444 5642 veteri
468 5588 624 5647 libro
656 5593 738 5649 ita
766 5588 1054 5690 scriptum
1086 5588 1442 5654 invenimus.

336 5658 444 5690 ΝΗ
486 5659 742 5690 ῐτεη--.--
792 5666 884 5690 n-‘l
1009 5673 1058 5690 ,ι
1106 5672 1228 5690 π-..
1305 5671 1589 5690 ---μμλκη
1677 5672 1702 5690 ορ
1884 5676 1913 5686 ι-

2104 5588 2216 5690 ω)
2245 5588 2832 5690 Εάίιίίβεαπῖετιιλι
2867 5588 3104 5690 Ite-A1
3125 5588 3539 5690 ἐρεμιεηξιελάρ
3592 5612 3698 5654 θι-

265 5658 445 5801 66g.”
486 5659 745 5737 Uterque
792 5658 950 5724 0οη).
1003 5673 1060 5725 et
1105 5672 1249 5742 Reg.
1300 5671 1620 5740 secundus,
1671 5672 1796 5730 ὅταν
1847 5676 1926 5745 τῷ
2033 5658 2825 5750 ρυᾚέίιῆυεξθάῖοοᾱίοιιω
2857 5658 3257 5746 quorumdam
3287 5658 3494 5729 innixi.
