4150 6398
419 385 536 446 573

1193 386 1598 451 COMMENT.
1647 388 1728 450 IN
1767 386 2049 450 ISAIAM
2090 385 2597 449 PROPEETAM.
2643 388 2815 449 CAP.
2862 387 3024 449 XIII.

3714 388 3833 449 5⁵74

417 517 627 580 αὐτοὺς.
669 516 839 593 ὀργὴν
904 523 1079 592 θυμοῦ
1138 519 1323 592 αὐτοῦ,
1385 521 1555 594 θυμὸν
1615 519 1706 577 καὶ
1762 521 1927 595 ὀργὴν
1982 518 2067 575 καὶ

2186 520 2470 586 lationem,
2497 521 2858 578 immisionom
2885 535 2988 593 per
3017 522 3246 591 angelos
3275 522 3447 578 malos
3470 523 3532 575 9*.
3568 522 3701 577 Ideo
3733 538 3838 577 au-

420 604 656 680 θλίψιν,
723 605 1036 676 ἀποστολὴν
1127 604 1197 662 δι’
1284 606 1532 684 ἀγγέλων
1622 613 1915 685 πονηρῶν.
1978 608 2077 663 Διὰ

421 700 580 749 τοῦτο
615 693 670 750 δέ
712 700 955 751 τοιοῦτοι
989 693 1226 751 διάκονοι
1275 703 1394 759 τοῖς
1453 699 1575 769 ἄξια
1623 698 1902 762 κολάσεως
1960 700 2073 773 (15)

421 785 780 854 πεποιηκόσιν
818 783 1208 856 ἐπινενόηνται,
1244 784 1461 859 ἐπείπερ
1503 787 1607 842 ἀπὸ
1654 786 1874 856 πολλῆς
1925 786 2074 859 ὠμό-

419 895 584 944 τητος
622 872 891 947 μηδεμίαν
924 873 1144 950 ἔχοντες
1177 876 1310 948 πρὸς
1339 897 1468 938 τους
1497 874 1902 950 κολαζομένους
1934 898 2076 949 συμ-

421 964 667 1031 πάθειαν,
712 961 852 1037 μηδέ
897 962 1188 1038 οἶκτιρμοῦ
1239 962 1526 1042 σπλάγχνα
1576 961 1867 1022 ἀναλαϐεῖν
1913 962 2075 1020 δυνά-

427 1073 580 1126 μενοι
613 1052 962 1128 ἐπιχαίρουσι
992 1057 1110 1114 τοῖς
1156 1055 1464 1130 ἀνθρώποις
1520 1055 1955 1129 μαστιζομένοις,
1987 1054 2076 1109 καὶ

422 1137 840 1211 καθυϐρίζουσιν
873 1143 1096 1216 αὐτοὺς,
1127 1142 1332 1198 οἰκείαν
1393 1144 1692 1201 ἀπόλαυσιν
1752 1143 2075 1218 ποιούμενοι

420 1231 512 1287 τὸν
540 1230 706 1286 πόνον
734 1231 825 1288 καὶ
855 1233 956 1303 τὴν
985 1229 1186 1304 ὀδύνην
1219 1232 1307 1288 καὶ
1338 1235 1435 1304 τὴν
1481 1233 1661 1307 λύπην
1709 1238 1818 1290 τῶν
1882 1254 2076 1308 μαστι-

420 1321 622 1394 γουμέν
632 1341 724 1377 ων.

489 1411 616 1467 259.
695 1411 861 1481 Φωνή
952 1411 1118 1476 ἐθνῶν
1207 1409 1434 1468 πολλῶν
1519 1411 1608 1468 ἐπὶ
1683 1417 1791 1468 τῶν
1881 1412 2073 1486 ὀρέων,

423 1498 590 1572 ὁμοία
648 1499 812 1554 ἐθνῶν
893 1498 1142 1572 πολλῶν,
1201 1503 1356 1578 φωνὴ
1438 1499 1708 1578 βασιλέων
1766 1501 1858 1557 καὶ
1913 1501 2077 1556 έθνῶν

426 1588 799 1664 συνηγμένων.
832 1590 988 1664 Τάχα
1024 1593 1132 1645 τῶν
1181 1588 1348 1654 ἐθνῶν
1391 1595 1498 1645 τῶν
1547 1588 1775 1645 πολλῶν
1819 1593 1927 1644 τῶν
1986 1586 2074 1642 ἐπὶ

420 1681 526 1732 τῶν
588 1677 757 1752 ὁρέων
819 1680 971 1756 φωνή
1033 1677 1174 1733 ἐστιν
1235 1677 1580 1749 Ἐκκλησίας.
1626 1679 1726 1733 Διὰ
1770 1683 1930 1734 τοῦτο
1983 1678 2071 1732 καὶ

419 1763 636 1822 πεδινὸν
671 1763 798 1841 ὄρος
830 1766 965 1835 αύτὴ
997 1767 1108 1839 (16)
1141 1765 1426 1842 έξελέχθη,
1453 1765 1548 1822 ’ίνα
1578 1766 1919 1844 εὐρυχωρίαν
1966 1762 2070 1842 ἔχῃ

418 1856 553 1932 πρὸς
609 1855 709 1924 τὴν
765 1854 1046 1930 συλλογὴν
1096 1860 1192 1911 τοῦ
1240 1854 1490 1926 πλήθους
1538 1861 1644 1911 τῶν
1678 1852 2070 1912 ἀναϐαινόντων

419 1942 508 2000 ἐπὶ
537 1944 601 1999 τδ
632 1944 766 2018 ὕψος
795 1951 896 2014 τῆς
933 1946 1185 2020 γνώσεως
1217 1949 1316 1999 τοῦ
1347 1949 1501 2004 Θεοῦ.
1535 1943 1688 2002 Εἶδεν
1740 1943 1829 2000 οὖν
1887 1943 1938 2000 έν
1991 1948 2071 2016 τῷ

419 2029 532 2108 ὄρει
576 2038 657 2107 τῷ
701 2031 904 2108 πεδινῷ
964 2033 1110 2090 πολὺ
1162 2035 1226 2090 τὸ
1264 2033 1477 2104 πλῆθος
1509 2031 1862 2110 πολλαχόθεν
1895 2055 2068 2089 συνει-

422 2120 724 2199 λεγμένων,
756 2123 845 2178 καὶ
907 2124 1092 2200 φωνήν
1157 2124 1284 2197 μίαν
1333 2123 1597 2202 ἀφιέντων
1651 2131 1753 2194 τῆς
1809 2125 2080 2186 πίστεως..

419 2212 518 2266 Καί
548 2233 680 2290 φησι
709 2213 772 2266 τὸ
803 2214 1026 2286 Πνεῦμα
1052 2214 1116 2268 τὸ
1146 2213 1301 2288 ἅγιον
1337 2210 1427 2268 διὰ
1471 2217 1569 2268 τοῦ
1599 2215 1906 2292 προφήτοψ
1942 2219 2068 2267 Φω-

418 2302 483 2372 νὴ
545 2299 708 2355 έθνῶν
768 2300 996 2357 πολλῶν
1053 2300 1142 2357 ἐπὶ
1196 2306 1306 2357 τῶν
1353 2300 1542 2379 ὀρέων,
1574 2301 1657 2379 ἐφ’
1713 2304 1787 2358 ὧν
1829 2300 1975 2378 ἤρθη
2005 2301 2068 2357 τὸ

416 2395 670 2463 σημεῖον,
721 2391 924 2463 Ὁμοία
981 2391 1147 2456 ἐθνῶν
1208 2389 1459 2449 πολλῶν.
1511 2392 1609 2447 Καὶ
1667 2392 1762 2466 μία
1831 2392 1970 2448 ἐστὶν
2029 2393 2065 2461 ἡ

419 2481 598 2558 φωνὴ,
627 2478 719 2534 καὶ
750 2478 894 2536 ἔοικε
925 2485 1132 2560 φωναῖς
1159 2479 1401 2544 πολλαῖς
1458 2480 1645 2538 ἐθνῶν.
1678 2482 1790 2540 Μία
1825 2482 1940 2556 μὶν,
1971 2501 2067 2535 κα-

414 2569 484 2625 τὰ
508 2571 608 2639 τὴν
639 2569 956 2648 συμφωνίαν
1013 2577 1114 2640 τῆς
1159 2570 1410 2635 πίστεως·
1453 2569 1691 2634 πολλαῖς
1747 2569 1805 2626 δὲ
1862 2577 2068 2649 φωναῖς

418 2655 560 2714 ἔοικε
609 2655 698 2713 διὰ
748 2658 810 2714 τὸ
853 2661 1171 2736 μερισθῆναι
1219 2659 1496 2734 γλώσσαις
1540 2662 1653 2735 (17)
1700 2661 1872 2737 πυρὸς
1924 2661 2070 2735 παρὰ

415 2747 513 2804 τοῖ’)
544 2748 700 2824 ἁγίου
732 2747 1042 2822 Πνεύματος
1075 2747 1156 2828 ἐφ’
1185 2746 1409 2805 ἕκαστον
1435 2754 1542 2805 τῶν
1589 2749 1909 2806 ἀποστόλων
1957 2754 2064 2806 τῶν

423 2837 741 2911 μελλόντων
773 2844 891 2902 τοῖς
924 2837 976 2894 έν
1025 2838 1094 2914 τῇ
1142 2839 1435 2914 οῒκουμένῃ
1481 2834 1680 2904 ἔθνεσιν
1741 2839 2070 2917 ἐπισπείρειν

412 2928 476 2982 τὸ
548 2927 906 3004 Εύαγγέλιον.
966 2929 1132 2998 Φωνή
1192 2929 1483 3005 βασιλέων,
1540 2930 1692 3008 φησὶ,
1749 2931 1840 2985 καὶ
1899 2931 2064 2995 ἐθνῶν

420 3018 795 3092 συνηγμένων.
853 3015 1006 3093 Τάχα
1063 3014 1148 3072 δεῖ
1199 3017 1266 3072 τὰ
1325 3019 1418 3091 μὲν
1473 3015 1598 3089 ἔθνη
1657 3023 1850 3083 νοῆσαι
1916 3021 2065 3092 ἡμᾶς

414 3103 543 3167 τοὺς
601 3105 938 3181 πανταχόθεν
995 3103 1399 3182 συνδραμόντας
1454 3105 1540 3162 ἐπὶ
1571 3108 1670 3176 τὴν
1707 3107 1928 3177 κλῆσιν·
1969 3109 2064 3182 βα-

417 3195 588 3258 σιλεῖς
633 3194 712 3265 δὲ,
743 3197 869 3261 τοὺς
909 3194 1198 3260 ἐκλεκτοὺς
1258 3197 1309 3253 έν
1367 3202 1437 3272 τῇ
1477 3197 1795 3270 Ἐκκλησίᾳ,
1829 3197 1923 3263 οὓς
1973 3198 2065 3254 καὶ

2187 619 2300 666 tem
2334 611 2658 683 plectendis
2689 612 2782 679 iis,
2818 626 3067 682 quorum
3099 611 3360 666 actiones
3411 610 3598 682 pcenis
3647 611 3837 682 dignas

2186 704 2345 768 sunt,
2379 699 2637 756 ministri
2667 699 2958 770 ejusmodi
2990 700 3268 756 destinati
3299 700 3479 766 fuere,
3515 700 3669 773 quod
3703 715 3834 753 cum

2185 805 2388 844 eorum
2449 791 2554 862 qui
2605 793 2972 860 torquentur,
3024 788 3184 844 nullo
3232 790 3406 845 modo
3459 789 3841 844 commisere-

2187 882 2373 948 scant,
2417 894 2522 934 nec
2581 878 2998 934 misericordias
3043 879 3264 934 viscera
3320 879 3566 934 induere
3596 882 3836 948 queant,

2186 965 2478 1022 insultant
2510 965 2850 1022 hominibus
2881 967 2981 1038 qui
3016 967 3362 1039 puniuntur,
3394 984 3612 1038 eosque
3642 966 3838 1022 convi-

2185 1055 2706 1126 ciis_insectantur,
2738 1060 2794 1112 et
2824 1055 2883 1110 in
2929 1072 3131 1112 eorum
3175 1057 3274 1129 qui
3327 1056 3664 1129 plectuntur
3693 1072 3840 1126 sup-

2186 1144 2382 1218 plicio,
2415 1145 2616 1202 dolore
2646 1150 2704 1202 et
2741 1144 3014 1202 molestia
3062 1162 3227 1202 suam
3278 1147 3541 1218 ipsorum
3571 1145 3842 1218 volupta-

2185 1237 2304 1290 tem
2336 1238 2650 1307 reponunt.

2254 1413 2382 1470 259.
2416 1414 2614 1486 (Vens.
2647 1417 2720 1484 4.)
2757 1419 2883 1472 Vox
2921 1415 3169 1485 gentium
3207 1415 3513 1470 multarum
3541 1415 3602 1469 in
3629 1412 3838 1468 monti-

2187 1501 2304 1574 bus,
2343 1505 2547 1560 similis
2593 1506 2841 1576 gentium
2886 1505 3218 1572 multarum,
3253 1519 3362 1560 vox
3403 1518 3594 1572 regum
3623 1511 3675 1557 et
3701 1518 3834 1570 gen-

2185 1594 2327 1647 tium
2355 1599 2834 1666 congregatarum.
2867 1595 3036 1650 Forte
3068 1595 3189 1649 hac
3219 1593 3480 1664 gentium
3515 1591 3836 1646 multarum

2183 1697 2291 1737 vox
2331 1699 2508 1755 super
2558 1689 2781 1739 montes
2834 1683 3038 1750 elfusa,
3070 1700 3181 1737 vox
3229 1686 3318 1738 est
3364 1680 3651 1736 Ecclesiae.
3685 1680 3838 1743 Qua-

2184 1775 2421 1844 propter
2452 1773 2580 1844 ipsa
2612 1773 2797 1829 electa
2827 1778 2917 1829 est
2947 1789 3050 1828 ceu
3092 1789 3264 1828 mons
3293 1769 3658 1841 campestris,
3693 1773 3757 1823 ut
3787 1767 3840 1823 ei

2185 1861 2258 1916 ad
2290 1860 2677 1932 colligendam
2709 1862 3152 1918 multitudinem
3183 1877 3380 1916 eorum
3415 1859 3514 1931 qui
3546 1859 3619 1914 ad
3651 1855 3839 1912 subli-

2180 1950 2447 2006 mitatem
2471 1951 2823 2024 cognitionis
2844 1951 2945 2006 Dei
2972 1950 3320 2015 ascendunt,
3345 1951 3500 2003 esset
3529 1947 3694 2002 locus
3717 1962 3838 2001 am-

2179 2039 2507 2110 plissimus.
2532 2041 2734 2112 Itaque
2765 2039 3206 2095 multitudinem
3234 2053 3506 2109 magnam
3537 2036 3596 2091 in
3631 2039 3835 2091 monte

2178 2129 2494 2201 campestri
2531 2130 2695 2200 vidit,
2728 2145 2931 2184 eorum
2962 2127 3250 2198 videlicet,
3283 2126 3384 2198 qui
3429 2125 3691 2196 undique
3723 2140 3826 2196 ag-

2176 2222 2515 2290 gregantur,
2550 2235 2848 2289 unamque
2891 2217 3025 2273 ﬁdei
3057 2232 3257 2272 vocem
3306 2215 3604 2271 emittunt.
3638 2217 3828 2283 Atque

2177 2306 2320 2362 dicit
2337 2306 2593 2379 Spiritus
2624 2312 2866 2363 sanctus
2897 2323 2999 2378 per
3025 2305 3373 2378 prophetam
3397 2320 3409 2358 :
3439 2303 3552 2359 Vox
3577 2303 3830 2372 gentium

2176 2396 2485 2452 multarum
2513 2413 2677 2469 super
2702 2401 2930 2467 montes,
2956 2412 3135 2468 super
3165 2412 3313 2467 quos
3343 2396 3601 2449 erectum
3631 2396 3721 2448 est
3750 2391 3828 2446 si-

2176 2501 2382 2557 gnum.
2417 2486 2631 2542 Similis
2677 2488 2925 2557 gentium
2972 2486 3299 2541 multarum.
3336 2484 3405 2539 Et
3433 2499 3540 2539 vox
3571 2499 3686 2537 una
3717 2487 3826 2552 est,

2177 2580 2235 2630 et
2263 2580 2458 2630 tamen
2489 2575 2704 2631 similis
2741 2580 2832 2630 est
2875 2574 3078 2631 multis
3108 2573 3374 2646 gentium
3405 2571 3666 2627 vocibus.
3700 2570 3828 2625 Una

2177 2664 2415 2736 quidem
2442 2681 2545 2736 per
2564 2665 2699 2720 ﬁdei
2725 2665 3174 2721 consensionem
3198 2681 3210 2718 :
3236 2663 3337 2718 sed
3362 2667 3554 2718 tamen
3577 2660 3824 2714 vocibus

2178 2754 2381 2810 multis
2413 2753 2740 2811 consimilis
2785 2759 2896 2824 est,
2928 2755 3085 2826 quod
3133 2751 3372 2808 cuilibet
3423 2752 3820 2822 apostolorum

2177 2844 2277 2917 qui
2307 2843 2691 2916 Evangelium
2722 2843 2780 2898 in
2813 2849 3018 2916 gentes
3064 2842 3244 2899 totius
3292 2841 3451 2897 orbis
3499 2838 3824 2911 dispersuri

2175 2937 2363 2999 erant,
2396 2951 2431 2989 a
2459 2934 2680 3005 Spiritu
2713 2937 2914 2988 sancto
2940 2931 3000 2986 in
3032 2931 3220 3003 igneis
3259 2929 3480 3001 linguis
3511 2928 3828 2984 distributa

2175 3023 2253 3078 sit
2271 3023 2336 3078 ⁸⁸.
2373 3023 2482 3078 Vox
2508 3039 2718 3094 regum,
2743 3021 2953 3093 inquit,
2987 3029 3037 3076 et
3064 3021 3314 3091 gentium
3340 3023 3824 3089 congregatarum.

2175 3113 2344 3167 Forte
2375 3128 2478 3184 per
2516 3116 2721 3184 gentes
2751 3111 2989 3184 quidem
3023 3125 3122 3165 eos
3152 3108 3253 3180 qui
3296 3106 3598 3163 undelibet
3627 3107 3698 3160 ad
3729 3123 3827 3161 vo-

2177 3201 2466 3256 cationem
2498 3205 2879 3266 concurrunt,
2903 3217 2936 3255 a
2963 3198 3130 3255 nobis
3155 3200 3382 3270 oportet
3409 3194 3656 3267 intelligi
3684 3213 3696 3250 :
3725 3211 3830 3267 per

420 3284 573 3349 υἱοὺς
611 3283 888 3362 βασιλείας
920 3284 1200 3360 ὠνόμασεν
1234 3289 1262 3343 ὁ
1292 3286 1518 3360 Κύριος.
1550 3289 1619 3344 ⁶Η
1648 3288 1795 3364 τάχα
1819 3288 1883 3342 τὸ
1914 3286 2065 3357 πλῆ-

2181 3305 2345 3361 reges
2378 3305 2511 3345 vero
2541 3305 2640 3345 eos
2665 3289 2765 3361 qui
2797 3293 2938 3344 sunt
2979 3288 3040 3343 in
3086 3286 3345 3342 Ecclesia
3373 3283 3563 3354 electi,
3596 3300 3746 3355 quos
3770 3287 3830 3339 et

416 3376 508 3436 θος
575 3373 818 3453 ἐμφαίνει
868 3380 979 3433 τῶν
1035 3375 1323 3452 γιγάντων,
1383 3374 1466 3431 ὅτι
1525 3378 1679 3453 φωνή
1741 3375 1851 3432 ἐστι
1928 3375 2070 3433 πολ-

420 3462 530 3519 λῶν
591 3462 758 3528 ἐθνῶν
797 3510 812 3534 ,
869 3466 960 3519 καὶ
1039 3466 1192 3542 φωνή
1280 3464 1548 3540 βασιλέων
1583 3510 1596 3523 .
1656 3467 1756 3521 Διὰ
1831 3466 1933 3541 γὰρ
2007 3466 2069 3520 τὸ

418 3553 716 3628 χαίροντας
771 3551 967 3616 αὐτοὺς
1026 3551 1117 3609 καὶ
1178 3549 1497 3630 ὑϐρίζοντος
1550 3554 1766 3631 τρέχειν
1826 3553 1914 3610 ἐπὶ
1968 3555 2070 3625 τὴν

419 3640 767 3718 ἐκπλήρωσιν
825 3647 924 3697 τοῦ
981 3644 1156 3717 θυμοῦ
1210 3642 1432 3720 Κυρίου,
1462 3642 1780 3719 τεταγμένοι
1838 3642 1916 3706 εἷς
1965 3644 2065 3713 τὴν

415 3727 714 3804 διακονίαν⁹
752 3736 1046 3806 μιμοῦνται
1086 3729 1316 3788 πολλῶν
1361 3732 1524 3788 ἐθνῶν
1556 3733 1724 3809 ἦχον,
1755 3732 1845 3788 καὶ
1907 3733 2067 3808 βασι-

415 3817 554 3874 λέων
609 3824 770 3875 τινῶν
823 3819 1145 3896 ἐπηρμένων
1177 3822 1290 3896 (18)
1317 3826 1400 3894 τῷ
1449 3823 1780 3900 φρννήματι,
1808 3822 2066 3896 ἀγνοοῦν-

409 3929 497 3971 τες
554 3908 639 3964 ὅτι
694 3909 962 3982 ὑπηρέται
1016 3908 1303 3975 κολάσεώς
1376 3909 1524 3981 εἶσι,
1586 3910 1898 3986 βασανισταὶ
1954 3916 2062 3966 τῶν

413 3997 834 4074 ἁμαρτανόντων
870 4018 882 4032 ο
944 3998 1080 4075 οὐχὶ
1137 3996 1195 4054 δὲ
1250 3997 1432 4072 οἰκείᾳ
1488 3998 1748 4074 ἐξουσίᾳ,
1804 3996 1930 4055 οὐδὲ
1982 4005 2063 4073 τῷ

411 4087 675 4163 προσόντι
758 4087 942 4152 αὐτοῖς
1035 4088 1304 4164 ἀξιώματι
1381 4093 1550 4145 ταῦτα
1615 4087 1877 4165 ἐπάγουσι
1946 4093 2066 4155 τοῖς

413 4174 602 4248 ἀξίοις.

481 4267 608 4324 260.
670 4266 872 4341 Κύριος
934 4261 1167 4331 Σαϐαὼθ
1225 4264 1535 4322 ἐντέταλται
1592 4263 1730 4332 ἔθνει
1806 4266 2058 4342 ὁπλομά-

413 4374 522 4431 χῳ,
582 4352 837 4431 ἔρχεσθαι
897 4355 957 4411 ἐκ
1009 4363 1111 4433 γῆς
1169 4355 1475 4433 πόρρωθεν,
1533 4358 1622 4412 ἀπ’
1673 4355 1840 4431 ἄκρου
1898 4369 2060 4431 θεμε-

411 4440 536 4499 λίου
593 4449 691 4500 τοῦ
766 4444 995 4521 ούρανοῦ
1065 4444 1264 4522 Κύριος
1319 4445 1409 4500 καὶ
1467 4446 1521 4502 οἱ
1579 4445 1902 4522 ὀπλομάχοι
1959 4445 2058 4502 αύ-

405 4537 504 4588 τοῦ
537 4575 551 4603 ,
613 4535 959 4613 καταφθεῖραι
1025 4539 1198 4591 πᾶσαν
1275 4535 1374 4605 τὴν
1452 4534 1801 4610 οἰκουμένην.
1861 4535 2060 4612 Κύριος

2178 3378 2342 3451 regni
2375 3377 2528 3434 ﬁlios
2559 3377 2884 3451 nominavit
2910 3376 3276 3433 Dominus“.
3302 3378 3420 3430 Aut
3449 3375 3594 3430 forte
3623 3372 3828 3444 gigan-

2176 3468 2327 3522 tium
2357 3467 2581 3523 indicat
2604 3467 3065 3536 multitudinem,
3089 3465 3246 3538 quod
3267 3481 3375 3520 vox
3399 3463 3475 3520 sit
3503 3461 3826 3519 multarum

2177 3557 2464 3629 gentium,
2496 3560 2553 3613 et
2587 3573 2696 3613 vox
2738 3572 2963 3627 regum.
2995 3555 3142 3610 Nam
3175 3554 3456 3626 quoniam
3503 3552 3826 3625 gaudentes

2177 3650 2234 3702 et
2254 3646 2647 3702 conviciantes
2668 3650 2912 3702 currunt
2931 3646 3002 3700 ad
3024 3643 3390 3716 implendum
3411 3641 3645 3698 Domini
3669 3641 3826 3696 furo-

2177 3751 2321 3805 rem,
2349 3739 2547 3807 utpote
2576 3734 2852 3790 destinati
2883 3735 2955 3788 ad
2988 3732 3405 3798 ministerium,
3437 3730 3654 3786 idcirco
3685 3745 3829 3802 gen-

2175 3824 2324 3879 tium
2358 3823 2751 3896 plurimarum
2774 3828 2830 3878 et
2850 3838 3055 3894 regum
3079 3821 3470 3894 quorumdam
3496 3824 3690 3874 mente
3718 3817 3830 3873 ela-

2173 3915 2366 3968 torum
2390 3929 2602 3968 sonum
2623 3913 2966 3981 imitantur;
3001 3927 3342 3983 quanquam
3363 3923 3494 3965 esse
3515 3923 3578 3963 se
3600 3907 3829 3979 suppli-

2172 4000 2247 4057 cii
2277 4001 2583 4058 ministros
2605 4017 2673 4058 ac
2702 4005 3077 4073 peccatorum
3097 4002 3346 4055 tortores
3375 3997 3674 4070 ignorent;
3709 4011 3826 4050 non

2172 4091 2329 4145 enim
2358 4091 2561 4147 isthzec
2589 4091 2955 4147 merentibus
2992 4089 3254 4162 irrogant
3281 4104 3390 4144 sua
3421 4087 3684 4158 ipsorum
3718 4102 3826 4140 au-

2171 4179 2461 4250 ctoritate,
2495 4183 2598 4236 aut
2626 4180 2913 4251 dignitate
2943 4178 3222 4251 quapiam
3255 4176 3367 4233 sibi
3402 4178 3768 4246 suppetente.

2238 4270 2365 4324 260.
2392 4268 2590 4341 (Vens.
2633 4270 2715 4340 5.)
2753 4271 3016 4324 Dominus
3065 4266 3314 4322 Sabaoth
3360 4265 3630 4336 praecepit
3675 4263 3830 4332 genti

2170 4358 2459 4430 bellic-osse,
2509 4363 2572 4414 ut
2615 4360 2834 4414 veniret
2879 4357 2947 4413 de
2990 4361 3141 4414 terra
3188 4355 3512 4427 longinqua,
3541 4369 3575 4407 a
3613 4366 3826 4408 summo

2165 4447 2530 4517 fundamento
2577 4448 2701 4503 caeli
2746 4447 3012 4503 Dominus
3057 4450 3109 4501 et
3157 4445 3446 4501 bellatores
3498 4444 3637 4513 eius,
3668 4443 3820 4498 577

2169 4537 2239 4592 ad
2282 4537 2623 4609 perdendum
2680 4541 2854 4592 totum
2911 4536 3123 4591 orbem.
3157 4535 3423 4591 Dominus
3477 4533 3825 4589 exercituum

409 4618 643 4678 Σαϐαὼθ
703 4621 1008 4679 ἐντέταλται
1057 4617 1198 4680 ἔθνει
1258 4624 1596 4702 ὁπλομάχῳ.
1656 4625 1746 4694 Μὴ
1806 4619 2060 4704 φοϐηθῇς

2181 4627 2422 4700 omoepit
2465 4625 2620 4696 genti
2665 4626 2953 4682 bellicosas.
2991 4625 3398 4680 Percussorem
3429 4638 3502 4677 ne
3529 4620 3822 4689 timueris,

410 4712 501 4768 τδν
535 4712 826 4787 τύπτοντα,
869 4712 1016 4770 ἀλλὰ
1070 4711 1373 4788 παρακάλει
1403 4716 1494 4770 τὸν
1555 4713 1929 4772 ἐπιτάσσοντα.
1963 4722 2059 4770 Δι-

2181 4716 2272 4774 sed
2305 4716 2548 4772 obsecra
2590 4715 3042 4788 praecipientem.
3076 4713 3438 4769 Erudiantur
3479 4709 3822 4775 idololatrm,

410 4797 785 4866 δασκέσθωσαν
841 4802 892 4856 οὶ
955 4798 1384 4878 είδολωλάτραι,
1442 4804 1495 4858 οἱ
1553 4802 1805 4878 λέγοντες
1873 4804 2057 4866 θυσίας

405 4891 700 4969 προσάγειν
751 4893 866 4965 (19)
925 4887 1146 4964 δαίμοσι
1206 4898 1474 4968 πονηροῖς
1508 4939 1524 4964 ,
1583 4892 2060 4967 ἐκμειλισσόμενοι

2172 4805 2273 4879 qui
2306 4805 2605 4862 afﬁrmant
2632 4805 2838 4862 offerre
2867 4820 2928 4860 se
2951 4802 3315 4861 damonibus
3348 4799 3626 4872 malignis
3647 4797 3825 4854 sacri-

2172 4895 2326 4965 ﬁcia,
2361 4900 2428 4952 ut
2464 4911 2668 4952 eorum
2713 4893 2987 4967 mitigent
3015 4910 3080 4950 ac
3112 4890 3481 4950 demulceant
3511 4886 3822 4944 malitiam.

474 5019 521 5055 “
548 5019 704 5078 Psal.
737 5033 952 5090 mvn,
986 5019 1076 5076 49.
1151 5019 1197 5054 ⁸⁵
1225 5024 1356 5078 Act.
1388 5038 1452 5091 ιι,
1481 5022 1539 5078 3.
1611 5023 1657 5060 ⁸³
1685 5022 1893 5081 Matth.
1922 5040 2049 5092 xm,
2077 5022 2168 5080 38.

475 5152 587 5226 (15)
615 5153 855 5212 Codices
887 5151 1184 5223 nonnulli,
1216 5151 1336 5224 ἄξια
1364 5157 1475 5212 τῶν
1504 5157 1806 5214 κολάσεων.

481 5225 592 5300 (16)
623 5227 774 5281 Editi
805 5229 862 5282 et
892 5231 1217 5300 tresimss,
1240 5226 1400 5300 αὐτῇ,
1430 5245 1587 5285 mons
1615 5232 1669 5285 εί
1696 5231 1927 5287 suum;
1953 5234 2055 5287 εει,

405 5295 670 5373 Alii_tres
699 5314 865 5368 mss.,
895 5295 1054 5368 αύτή,
1076 5315 1141 5354 ea
1161 5295 1470 5373 electaest.
1488 5301 1720 5358 Monere
1742 5304 1932 5373 juvat,
1951 5301 2053 5358 ubi

406 5365 580 5448 paulo
612 5373 742 5448 post
770 5365 1046 5448 corrupte,
1067 5371 1216 5448 _et_in
1249 5373 1423 5428 editis
1447 5377 1504 5448 et
1539 5373 1600 5428 in
1633 5365 1777 5448 mss.
1820 5365 2050 5448 legitur,

402 5437 831 5520 συνειλεγμένον,
881 5437 995 5513 Ιοὲί
1049 5442 1280 5520 debere,
1335 5441 1781 5520 συνειλεγμένων·
1815 5437 1909 5503 ιιῐν
1929 5437 2054 5504 haee

398 5530 514 5590 vox
529 5510 670 5590 voci
690 5510 968 5590 ἀφιέντων
985 5510 1340 5590 respondere
1368 5510 1574 5590 possit:

438 5533 511 5570 ox
537 5533 662 5571 νοοι
690 5533 952 5642 αἨιντων
985 5533 1340 5586 respondere
1368 5533 1574 5590 possn.

437 5586 584 5668 ,(17)
614 5586 708 5644 Sic
767 5584 900 5668 _egii
930 5584 1180 5668 primus,
1194 5589 1410 5668 tertius
1431 5594 1489 5648 et
1517 5591 1763 5668 quartus
1792 5588 2047 5668 etoditi;

401 5655 603 5731 sicque
633 5657 788 5735 apud
817 5655 1174 5735 Procopium
1194 5657 1432 5735 legitur,
1462 5655 1600 5735 pa'g.
1625 5661 1750 5735 204.
1782 5659 1900 5718 Alii
1928 5655 2050 5735 tres

396 5727 572 5803 mei,
615 5727 893 5804 γλώσσας,
925 5727 1072 5803 quod
1113 5727 1426 5802 dispertim'
1462 5727 1651 5793 ’m'ent
1695 5732 1875 5806 ignea
1931 5731 2050 5790 lin-

2164 5171 2312 5242 gufe.
2368 5154 2593 5214 Ibidem
2651 5174 2796 5218 mss.
2849 5172 3078 5224 omnes,
3133 5152 3280 5232 παρὰ
3333 5152 3452 5210 τοῦ.
3513 5149 3686 5223 Editi,
3727 5145 3817 5204 διὰ

2162 5247 2282 5284 του.

2235 5301 2348 5373 (18)
2374 5305 2633 5372 Uterque
2662 5301 2844 5373 Colb.,
2878 5295 3198 5373 ἐπηρμένοι,
3219 5305 3398 5355 mente
3420 5295 3582 5355 elati.
3605 5293 3813 5352 Statim

2162 5369 2734 5446 codices‘nonnulli,
2751 5369 3031 5446 ρέται
3047 5369 3351 5446 κολάσεων.

2232 5445 2346 5512 (19)
2394 5441 2634 5501 Veteres
2685 5441 2910 5515 aliquot
2965 5441 3365 5516 1ἱὺῐ³ἱ,θυσίαν
3423 5441 3810 5516 προσαγαγεῖν.

2158 5515 2273 5572 Nec
2299 5517 2381 5572 ita
2412 5517 2596 5573 multo
2622 5522 2756 5588 post
2772 5512 2930 5588 Colb.
2943 5515 3243 5588 secundus
3265 5531 3444 5571 manu
3466 5512 3808 5588 recentiore,

2157 5577 2642 5663 προστεταγμένον⁸
2655 5589 2823 5642 ποιεῖ.
2857 5586 3120 5644 Subinde
3151 5586 3266 5642 duo
3297 5603 3471 5654 £038.,
3499 5586 3577 5655 τῷ
3607 5577 3809 5636 ἐνδιδο-

2160 5658 2328 5733 μένῳ.
