4150 6412
257 393 372 452 575

1201 387 1596 448 APPENDIX
1648 383 1973 448 OPERUM
2019 385 2084 446 S.
2129 383 2406 447 BASILII
2452 383 2725 447 MAGNI.

3557 382 3676 441 576

257 524 536 580 Dominus
565 523 651 579 eis
683 521 977 593 praecepit.
1007 520 1137 575 Sive
1169 518 1473 589 obsequiis
1505 518 1626 575 tuis
1655 517 1789 574 illos
1820 534 1908 572 co-

2035 516 2201 572 ιιῦτῶν
2259 517 2358 585 τὴν
2415 514 2629 571 κακίαν.
2682 512 2884 588 Κύριος
2937 511 3121 574 αὐτοῖς
3176 509 3509 568 ἐντέταλται.
3562 509 3677 567 Κᾶν

257 613 366 684 las,
390 612 510 668 sive
541 628 680 679 non,
705 611 858 684 quod
877 611 1115 681 jussum
1150 608 1278 679 fuit,
1306 607 1361 662 id
1387 609 1618 663 daemon
1645 623 1916 678 exseque-

255 707 353 758 tur
385 719 398 758 :
426 718 795 773 nequaquam
831 701 914 755 fas
951 698 1037 753 illi
1081 703 1174 753 est
1220 697 1590 770 praescriptos
1625 698 1736 753 sibi
1772 697 1916 752 fines

255 791 650 864 praetergredi.
680 790 874 859 Neque
909 787 1156 843 remittit
1178 788 1248 842 de
1281 787 1703 858 amaritudine,
1730 802 1918 858 neque

256 899 289 937 a
322 898 383 938 se
422 880 474 936 ei
519 881 844 951 quidquam
909 877 1118 934 addit:
1153 878 1254 933 sed
1318 878 1516 932 datam
1575 890 1915 932 mensuram

255 969 800 1026 immisericorditer
847 967 1072 1038 implet.
1110 968 1384 1022 Dominus
1433 965 1614 1038 igitur
1655 965 1920 1037 praecepit

254 1062 408 1129 genti
436 1057 727 1115 bellicosas.
762 1060 942 1112 Arma
991 1057 1212 1112 habent
1251 1057 1548 1111 daemones
1596 1055 1781 1126 pravi,
1815 1071 1916 1126 ap-

255 1147 485 1220 paratui
517 1163 820 1202 armorum
848 1147 1000 1217 justi
1032 1145 1428 1201 adversantia.
1455 1145 1680 1198 Etenim
1709 1159 1919 1214 suppe-

253 1238 508 1308 titjusto
544 1237 676 1292 fidei
737 1237 1009 1307 clypeus;
1044 1239 1103 1291 at
1151 1233 1394 1306 maligni
1444 1233 1605 1289 illius
1653 1232 1917 1305 clypeus,

251 1327 491 1399 clypeus
541 1330 630 1381 est
680 1324 1148 1392 incredulitatis;
1183 1323 1266 1378 illi
1299 1323 1454 1380 inest
1503 1323 1747 1379 rationis
1793 1321 1917 1394 gla-

250 1415 409 1483 dius,
441 1415 580 1470 huic
635 1415 943 1470 dementim
986 1431 1052 1470 ac
1105 1413 1452 1470 temeritatis
1501 1412 1767 1485 gladius;
1800 1410 1918 1483 [ille

252 1503 523 1559 munitur
563 1504 814 1575 justitiae
862 1501 1066 1570 lorica,
1096 1502 1192 1558 hic
1243 1502 1546 1573 injustitiaa
1593 1501 1775 1557 lorica
1822 1517 1916 1556 ac-

251 1592 538 1665 cingitur;
573 1591 736 1647 illius
768 1595 942 1662 caput
974 1591 1292 1663 adstringit
1323 1590 1489 1663 galea
1521 1591 1756 1656 salutis,
1779 1591 1918 1646 huic

253 1681 423 1754 galea
444 1680 795 1752 perditionis
814 1680 1311 1751 circumponitur;
1338 1679 1499 1736 illius
1525 1681 1703 1752 pedes
1725 1697 1917 1751 prom-

256 1771 340 1842 pti
372 1774 514 1827 sunt
558 1773 616 1825 et
647 1770 831 1841 parati
864 1770 936 1824 ad
968 1769 1469 1840 promulgandum
1520 1771 1679 1842 pacis
1729 1771 1914 1824 Evan-

253 1858 473 1932 gelium
495 1858 764 1952 “7,.hujus
797 1859 974 1929 pedes
1006 1859 1396 1952 adetegenda
1427 1859 1582 1914 mala
1615 1858 1914 1915 festinant.
1948 1887 1994 1952 Β

257 1949 463 2019 Itaque
497 1946 786 2003 bellicosa:
816 1947 976 2018 genti
1009 1945 1170 2002 hisce
1214 1946 1393 2002 armis
1444 1947 1742 2004 instructae
1769 1965 1914 2020 prai-

261 2035 414 2107 cepit
444 2035 745 2092 Dominus.
784 2035 872 2090 Illi
918 2039 1118 2091 autem
1159 2039 1300 2091 sunt
1329 2053 1362 2092 a
1393 2041 1548 2092 terra
1598 2036 1920 2109 longinqua

256 2125 450 2193 acciti,-
487 2128 553 2180 ut
586 2124 741 2181 scias
790 2141 889 2181 eos
941 2140 1071 2180 esse
1121 2124 1193 2180 ab
1243 2124 1352 2180 hac
1401 2125 1522 2181 vita
1551 2125 1815 2181 alienos.
1852 2125 1920 2180 Hi

255 2214 490 2285 quidem
551 2213 653 2285 qui
710 2230 817 2270 nos
866 2213 1079 2284 juvant
1130 2213 1192 2270 in
1251 2214 1440 2270 salute
1500 2216 1920 2293 comparanda,

255 2303 708 2360 contubernales
750 2307 890 2359 sunt
933 2307 991 2360 et
1035 2303 1238 2372 vicini,
1285 2308 1460 2375 atque
1506 2320 1537 2360 e
1588 2305 1919 2377 prepinquo

259 2393 616 2464 impendunt
675 2392 981 2461 auxilium,
1016 2392 1210 2465 angeli
1257 2393 1529 2450 videlicet
1586 2393 1782 2466 pacis;
1833 2394 1920 2452 illi

261 2497 396 2539 vero
429 2482 500 2538 ad
550 2498 752 2554 poenas
797 2483 1146 2553 inﬂigendas
1178 2483 1491 2554 assumpti,
1524 2499 1554 2538 θ
1596 2483 1918 2556 longinquo

263 2577 651 2628 accersuntur
697 2589 710 2626 :
763 2571 981 2643 quippe
1035 2575 1183 2627 Deus
1233 2571 1525 2643 benignus
1574 2572 1920 2629 crudelitate

263 2677 463 2717 eorum
496 2661 568 2716 ad
610 2664 874 2717 nostram
923 2659 1212 2716 medelam
1263 2662 1448 2717 utitur
1476 2679 1542 2718 eo
1576 2663 1769 2731 modo,
1802 2679 1918 2734 quo

265 2751 529 2806 medicus
561 2749 796 2821 sapiens
815 2766 1105 2806 venenum
1127 2751 1334 2821 viperae
1366 2749 1606 2807 adhibet
1635 2753 1706 2807 ad
1734 2768 1917 2823 aegros

263 2840 584 2896 sanandos.
616 2839 890 2896 Traditur
921 2839 1137 2895 talibus
1189 2857 1305 2896 non
1353 2840 1620 2912 spiritus,
1654 2841 1756 2896 sed
1783 2857 1915 2898 caro

261 2928 321 2984 in
379 2929 706 2999 interitum,
753 2934 818 2984 ut
865 2928 1108 3000 spiritus
1168 2929 1366 2986 salvus
1413 2930 1515 2986 ﬁat
1535 2931 1598 2984 ⁸⁸.
1623 2934 1810 2995 Quare
1860 2935 1918 2987 et

264 3017 579 3091 Phygellus
619 3023 678 3074 et
721 3018 1115 3091 Hermogenes
1133 3019 1197 3074 ⁸ο.
1230 3020 1461 3076 Satanae
1490 3038 1524 3076 a
1554 3020 1730 3076 Paulo
1777 3025 1916 3076 sunt

263 3108 488 3178 traditi,
522 3125 635 3163 non
679 3109 738 3162 in
781 3108 1191 3179 perditionem,
1225 3110 1326 3165 sed
1381 3113 1446 3165 ut
1475 3109 1767 3166 discerent
1797 3127 1913 3166 non

261 3197 677 3270 blasphemare
695 3198 759 3252 νο.
794 3199 1092 3263 Quomodo
1129 3198 1310 3270 igitur
1339 3216 1373 3255 a
1400 3203 1556 3256 terra
1592 3199 1916 3272 longinqua

265 3288 322 3341 et
368 3302 402 3340 a
448 3302 685 3341 summo
735 3285 878 3342 ccelo
935 3285 1213 3343 bellicosa
1259 3288 1376 3344 ista
1429 3304 1574 3360 gens
1632 3289 1916 3344 advenit?

266 3381 314 3428 A
363 3377 524 3430 terra
569 3375 828 3445 quidem,
863 3376 1018 3446 quod
1066 3375 1306 3448 elegerit
1352 3377 1548 3433 locum
1597 3382 1760 3434 terra)
1808 3379 1920 3434 cir-

266 3463 718 3534 cumjacentem,
769 3464 1140 3536 terrenisque
1187 3467 1491 3523 affectibus
1539 3468 1923 3525 commiscea-

264 3555 363 3607 tur
396 3567 413 3607 :
444 3569 477 3608 a
526 3569 760 3609 summo
804 3570 938 3610 vero
986 3554 1111 3610 οεοΙὶ
1161 3556 1318 3626 quod
1365 3555 1498 3628 ipsa
1542 3556 1705 3614 illinc
1755 3557 1923 3614 initio

267 3641 549 3698 exciderit
569 3641 637 3698 θί.

335 3730 464 3786 261.
493 3730 692 3801 (Vens.
725 3731 780 3802 6,
811 3732 892 3803 7.)
945 3733 1182 3790 Utulate.
1239 3735 1414 3806 PrOpe
1461 3736 1610 3791 enim
1655 3735 1773 3792 dies
1819 3738 1924 3793 Do-

269 3821 437 3888 mini,
484 3823 537 3876 et
591 3821 850 3876 contritio
905 3838 938 3876 a
995 3823 1228 3880 Domino
1287 3825 1488 3880 veniet.
1547 3826 1775 3898 Propter
1828 3827 1927 3882 hoc

273 3911 448 3966 omnis
497 3925 693 3964 manus
721 3909 1070 3980 dissolvetur,
1112 3921 1162 3968 el
1214 3915 1392 3969 omnis
1438 3915 1633 3970 anima
1688 3917 1927 3973 hominis

267 3998 618 4070 formidabit.
652 4000 939 4065 Quoniam
985 4001 1408 4068 interminatur,
1457 4004 1722 4062 futurum
1773 4023 1926 4074 esse,

272 4091 338 4142 ut
369 4087 650 4144 Dominus
704 4089 830 4160 ipse
879 4107 1013 4146 cum
1061 4090 1446 4150 bellatoribus
1477 4093 1603 4151 suis
1632 4095 1828 4153 veniat
1855 4099 1928 4154 ad

273 4176 738 4250 disperdendum
773 4179 1116 4237 universum
1161 4182 1388 4254 orbem,
1418 4182 1550 4238 ideo
1581 4184 1842 4242 ululatus
1873 4190 1930 4243 et

271 4265 595 4323 lamentum
620 4269 964 4341 praescripta
981 4274 1141 4342 sunt,
1156 4275 1221 4327 ut
1241 4272 1525 4328 Dominus
1547 4273 1641 4330 his
1661 4274 1929 4346 placatus

269 4355 420 4412 iram
473 4355 839 4414 inferendam
890 4363 1129 4416 avertat.
1164 4360 1355 4416 Efﬁcit
1402 4363 1560 4418 enim
1611 4367 1932 4438 utrumque

269 4444 562 4516 benignus
579 4447 888 4514 Dominus,
905 4452 962 4504 et
983 4448 1292 4505 minitatur
1310 4450 1682 4508 farmidanda
1699 4457 1756 4509 et
1776 4455 1933 4512 mala

271 4532 564 4590 intentata
592 4551 710 4590 non
741 4535 962 4607 irrogat
987 4536 1429 4609 pmnitentibus.
1456 4540 1726 4613 Lugeatis
1750 4543 1934 4616 igitur

2029 606 2386 681 θεραπεύσῃς,
2440 603 2536 659 κᾶν
2602 603 2718 677 μὴ,
2776 602 2840 657 τὸ
2897 599 3367 677 προστεταγμένον
3425 602 3676 671 ποιήσειν

2029 689 2360 770 ὑπερϐαίνειν
2401 696 2496 756 τὰς
2532 692 2812 768 ὁροθεσίας
2857 692 2964 767 οὐχ
3010 689 3124 746 οἷόν
3171 711 3251 747 τε.
3278 687 3416 748 Οῦτε
3463 691 3682 765 ὑφαιρεῖ

2026 788 2123 853 τῆς
2153 785 2396 859 πικρίας,
2431 780 2555 839 οὔτε
2612 781 2938 857 προστίθησί
2991 803 3042 836 τι
3102 782 3230 856 παρ’
3288 781 3500 849 ἑαυτοῦ,
3535 778 3682 835 ἀλλὰ

2024 879 2104 946 τῷ
2162 871 2492 947 ἐνδιδομίρνῳ
2555 871 2734 948 μέτρῳ
2791 871 3059 946 κέχρηται
3113 871 3523 945 ἀπαραιτήτως.
3573 868 3679 923 Κύ-

2028 984 2144 1038 ριος
2201 963 2291 1019 οὖν
2354 962 2663 1019 ἰντιταλται
2721 959 2856 1016 ἔθνει
2911 958 3472 1035 ὁπλομάχῳ“’“οπλα
3516 954 3680 1034 ἔχου-

2028 1075 2107 1109 σιν
2155 1054 2207 1108 οἱ
2259 1053 2492 1128 πονηροὶ
2541 1049 2811 1125 δαίμονες,
2852 1049 3183 1112 ἀπεναντίως
3241 1046 3556 1123 διακείμενα
3609 1053 3678 1123 τῇ

2026 1146 2327 1216 κατασκευῇ
2377 1147 2485 1196 τῶν
2538 1143 2726 1196 ὅπλων
2776 1143 2872 1195 τοῦ
2921 1136 3155 1197 δικαίου.
3187 1139 3248 1197 Ὁ
3295 1139 3390 1213 μὶν
3444 1139 3550 1215 γὰρ
3610 1135 3680 1193 δί-

2027 1252 2181 1294 καιος
2212 1233 2401 1306 θυρεὸν
2430 1227 2544 1308 ἔχει
2577 1229 2844 1293 πίστεως·
2875 1233 2974 1284 τοῦ
3031 1227 3090 1284 δὶ
3155 1232 3398 1304 πονηροῦ
3428 1229 3456 1283 ὁ
3487 1228 3677 1303 θυρεὸς

2029 1322 2213 1399 θυρεός
2262 1321 2400 1377 ἐστιν
2450 1320 2698 1384 ἀπιστίας
2746 1323 2896 1395 (20)·
2932 1320 3088 1382 οὗτος
3145 1318 3420 1393 μάχαιραν
3478 1315 3670 1393 λόγου,

2029 1411 2225 1474 ίκεῖνος
2291 1413 2565 1488 μάχαιραν
2620 1408 2886 1487 ἀλογίαςο
2920 1410 3081 1472 οὗτος
3137 1409 3341 1483 θώρακι
3401 1405 3670 1462 δικαιοσύ-

2026 1523 2126 1573 νης
2179 1501 2529 1579 ἠσφάλισται·
2565 1499 2771 1562 ἐκεῖνος
2829 1500 3034 1574 θώρακι
3097 1495 3308 1560 ἀδικίας
3356 1496 3669 1576 ἠμφίεσται·

2024 1590 2222 1646 τούτου
2247 1592 2347 1659 τὴν
2377 1590 2621 1666 κεφαλὴν
2665 1586 3011 1667 περισφίγγει
3053 1585 3447 1663 περικεφαλαία
3493 1607 3676 1656 σωτη-

2027 1679 2165 1755 ρίας·
2201 1681 2392 1753 ἐκείνῳ
2449 1679 2749 1755 περίκειται
2807 1675 3206 1756 περικεφαλαία
3259 1674 3557 1738 ἀπωλείαςο
3592 1675 3680 1730 οὗ·

2023 1789 2117 1830 τος
2149 1767 2278 1830 τοὺς
2308 1765 2479 1831 πόδας
2512 1767 2762 1841 ἑτοίμους
2792 1763 2910 1841 ἔχει
2939 1767 3078 1842 πρὸς
3114 1765 3177 1820 τὸ
3208 1762 3546 1840 Εὗαγγὲλιον
3576 1767 3677 1829 τῆς

2028 1857 2272 1932 εἰρήνης,
2296 1855 2500 1912 ἐκείνου
2532 1858 2583 1911 οἱ
2615 1854 2778 1918 πόδες
2805 1855 3064 1931 τρέχουσι
3113 1855 3250 1930 πρὸς
3294 1855 3394 1923 τὴν
3442 1853 3675 1930 ἐπαγγε-

2028 1945 2147 2002 λίαν
2205 1951 2314 2002 τῶν
2339 1949 2451 2020 (21)
2482 1949 2686 2002 κακῶν.
2719 1943 3064 2019 Ὁπλομάχῳ
3120 1942 3210 1998 οὖν
3268 1939 3406 1998 ἔθνει
3461 1941 3679 2005 τούτοις

2026 2041 2142 2099 τοῖς
2175 2035 2370 2098 ὅπλοις
2409 2035 2745 2110 ὡπλισμένῳ
2796 2033 3102 2090 ἐντέταλται
3153 2033 3373 2110 Κύριος.
3405 2033 3567 2088 Οὗτοι
3622 2030 3680 2087 δὲ

2027 2125 2118 2182 καὶ
2149 2127 2254 2181 ἀπὸ
2285 2129 2389 2201 γῆς
2421 2125 2523 2180 εἰσι
2573 2125 2880 2202 πόρρωθεν,
2909 2122 3002 2179 τίνα
3048 2121 3220 2197 εἰδῇς,
3253 2121 3335 2178 ὅτι
3388 2120 3678 2194 ἂλλότριοί

2030 2216 2132 2272 εἰσι
2162 2219 2259 2272 τοῦ
2294 2215 2415 2292 βίου
2442 2215 2658 2272 τούτου.
2692 2215 2761 2272 Οἱ
2796 2215 2888 2288 μὶν
2938 2214 3041 2290 γὰρ
3089 2216 3494 2287 συμπονοῦντες
3539 2214 3676 2284 ἡμῖν

2027 2307 2095 2360 τὰ
2152 2306 2288 2381 πρὸς
2341 2305 2646 2382 σωτηρίαν,
2698 2303 2939 2359 σύνοικοι
2996 2304 3084 2358 καὶ
3145 2303 3403 2379 γείτονες,
3461 2300 3678 2378 ἐγγύθεν

2028 2394 2402 2470 παρεχόμενοι
2446 2397 2546 2465 τήν
2604 2395 2884 2469 βοήθειαν,
2918 2389 3138 2470 ἄγγελοι
3184 2389 3475 2467 εἶρηνικοί·
3512 2391 3563 2444 οἱ
3626 2386 3684 2444 δὲ

2028 2485 2165 2556 πρὸς
2214 2482 2436 2540 κόλασιν
2488 2478 3380 2558 παραλαμϐανόμενοι,πόρῥωθεν
3437 2479 3684 2555 ἄγονται,

2027 2575 2514 2651 κατακεχρημὲνου
2569 2577 2639 2646 τῇ
2701 2571 2955 2646 ὠμότητι
3010 2570 3185 2626 αὐτῶν
3254 2571 3332 2633 εὶς
3390 2570 3678 2645 θεραπείαν

2026 2665 2296 2738 ἡμετέραν
2354 2667 2452 2718 τοῦ
2509 2661 2900 2740 φιλανθρώπου
2951 2664 3109 2728 Θεοῦ,
3142 2660 3218 2724 ὥς
3273 2660 3678 2735 ωτακὲχρηται

2028 2755 2056 2808 ὁ
2088 2754 2254 2832 σοφὸς
2288 2753 2468 2829 ἰατρὸς
2491 2757 2570 2824 τῷ
2602 2752 2670 2824 ἰῶ
2692 2759 2792 2821 τῆς
2832 2748 3055 2827 ἔγίδνης
3106 2749 3184 2813 εἷς
3225 2751 3324 2818 τὴν
3372 2753 3479 2804 τῶν
3524 2749 3680 2804 ἀσθε-

2024 2843 2261 2898 νούντων
2295 2842 2455 2900 ἴασιν.
2487 2844 2618 2904 Τοῖς
2655 2841 2748 2914 μὲν
2780 2840 3053 2902 τοιούτοις
3082 2837 3436 2915 παραδίδοται
3493 2840 3556 2892 οὐ
3608 2840 3672 2893 τὸ

2025 2938 2258 3006 πνεῦμα,
2319 2929 2446 2986 ἀλλ’
2502 2933 2537 3001 ὴ
2593 2932 2719 3006 σὰρξ
2773 2930 2850 2994 είς
2904 2926 3160 3006 ὄλεθρον,
3201 2927 3289 2982 *ίνα
3334 2930 3397 2983 τὸ
3452 2931 3666 2998 πνεῦμα

2025 3025 2194 3096 σωθῇ.
2250 3019 2423 3079 Ἀλλά
2474 3019 2565 3076 καὶ
2626 3018 2912 3095 Φύγελλος
2991 3019 3080 3074 καὶ
3140 3019 3474 3094 Ἑρμογένης
3561 3016 3664 3071 ὑπὸ

2021 3117 2118 3169 τοῦ
2176 3110 2396 3167 Παύλου
2450 3107 2827 3182 παρεδόθησαν
2885 3112 2966 3181 τῷ
3019 3112 3253 3179 Σατανᾷ,
3288 3105 3386 3162 οὐκ
3441 3104 3517 3168 εἰς
3573 3105 3672 3159 ἀπ-

2028 3201 2248 3274 ώλειαν,
2280 3199 2408 3257 ἀλλ’
2452 3198 2545 3256 ’ίνα
2600 3197 2932 3263 παιδευθῶσι
2995 3199 3070 3272 μὴ
3133 3196 3502 3273 βλασφημεῖν.
3557 3197 3679 3255 Πῶς

2030 3291 2121 3348 οὗν
2180 3291 2286 3346 ἀπὸ
2356 3298 2462 3366 γῆς
2517 3288 2800 3367 πόρρωθεν
2867 3287 2959 3342 καὶ
3039 3288 3130 3342 ἀπ’
3188 3288 3358 3362 ἄκρου
3415 3287 3513 3340 τοῦ
3587 3282 3679 3337 οὗ·

2032 3385 2196 3458 ρεινοῦ
2251 3381 2313 3436 τὸ
2373 3376 2701 3454 ὁπλομάχον
2760 3381 2922 3433 τοῦτο
3000 3375 3147 3439 ἔθνος
3217 3372 3478 3452 ἕρχεταις
3540 3373 3681 3429 Ἀπὸ

2029 3479 2134 3547 γῆς
2199 3470 2291 3544 μὶν
2322 3513 2340 3539 ,
2403 3469 2487 3523 ὅτι
2545 3465 2723 3524 εἵλετο
2809 3466 2900 3522 τὸν
2981 3467 3258 3542 περίγειον
3315 3465 3483 3520 τόπον
3522 3507 3537 3533 ,
3593 3461 3685 3516 καὶ

2030 3565 2148 3624 τοῖς
2174 3558 2384 3634 γηίνοις
2417 3556 2607 3621 πάθεσι
2641 3555 3064 3635 συναναφύρεται
3087 3574 3098 3588 ·
3143 3555 3233 3611 ἀπ’
3283 3550 3450 3630 ἄκρου
3503 3549 3561 3606 δὲ
3588 3555 3689 3605 τοῦ

2034 3649 2284 3726 οὐρανοῦ,
2317 3646 2400 3703 ὅτι
2433 3646 2630 3702 ἐκεῖθεν
2665 3645 2811 3718 αὐτῷ
2839 3649 2875 3716 ἠ
2909 3644 2958 3719 ἐξ
2995 3647 3174 3721 ἀρχῆς
3205 3647 3411 3707 πτῶσις
3449 3641 3689 3718 γέγονεν.

2102 3742 2228 3796 261.
2262 3736 2591 3811 Ὀλολόξατε
2646 3737 2784 3810 (22).
2841 3736 3034 3811 Ἐγγὺς
3090 3735 3190 3812 γὰρ
3248 3735 3284 3804 ἡ
3341 3731 3524 3808 ἣμερα
3581 3737 3689 3785 Κυ-

2037 3829 2178 3906 ρίου,
2235 3829 2326 3883 καὶ
2383 3821 2644 3903 συντριϐἠ
2700 3825 2848 3902 παρὰ
2907 3823 3108 3901 Κυρίου
3165 3822 3304 3894 ἥξει.
3377 3820 3475 3877 Διὰ
3525 3823 3688 3875 τοῦτο

2034 3923 2179 3973 πᾶσα
2226 3916 2352 3994 χεὶρ
2414 3914 2812 3985 ὲκλυθήσεται,
2881 3913 2971 3970 καὶ
3019 3919 3165 3969 πᾶσα
3237 3911 3391 3988 ψυχὴ
3475 3909 3690 3984 ἀνθρώ-

2035 4028 2139 4063 που
2189 4005 2470 4064 δειλιάσει.
2505 4002 2725 4075 Ἐπειδὴ
2779 4003 2978 4073 ἀπειλὴ
3039 4002 3343 4080 πρόκειται,
3387 3998 3546 4055 αὐτὸν
3599 3998 3692 4054 τὸν

2036 4096 2236 4174 Κύριον
2267 4095 2416 4167 ἥξειν
2451 4095 2585 4169 μετὰ
2613 4097 2722 4148 τῶν
2775 4091 3120 4169 ὁπλομάχων
3180 4090 3365 4160 αὐτοῦ,
3399 4091 3688 4163 καταφθεῖ-

2038 4206 2126 4261 ραι
2173 4191 2346 4241 πᾶσαν
2395 4185 2496 4253 τὴν
2556 4181 2906 4256 οἰκουμένην,
2958 4179 3048 4236 διὰ
3087 4185 3249 4236 τοῦτο
3297 4179 3691 4255 προστέτακται

2039 4274 2361 4350 ὀλολυγμὸς
2389 4273 2479 4328 καὶ
2529 4275 2747 4347 θρῆνος,
2775 4267 2870 4324 ’ίνα
2928 4267 3016 4324 διὰ
3071 4269 3277 4325 τούτων
3331 4265 3632 4339 δυσωπηθῇ
3665 4265 3693 4319 ὁ

2038 4364 2236 4440 Κύριος
2295 4363 2633 4438 ἀποστρέψαι
2690 4363 2790 4430 τὴν
2852 4358 3193 4432 ἑπανομίνην
3256 4358 3450 4434 ὀργήν.
3481 4354 3693 4433 Ἀμφό-

2037 4475 2169 4529 τερα
2212 4453 2312 4528 γὰρ
2373 4456 2523 4508 ποιεῖ
2578 4452 2606 4506 ὁ
2665 4448 3055 4530 φιλάνθρωπος
3087 4447 3286 4524 Κύριος
3315 4450 3451 4520 (23),
3483 4445 3573 4501 καὶ
3628 4443 3696 4499 τὰ

2042 4537 2252 4621 φοϐερὰ
2283 4539 2520 4613 ἀπειλεῖ,
2553 4541 2639 4596 καὶ
2681 4545 2800 4602 τοῖς
2849 4543 3201 4613 μετανοοῦσιν
3252 4536 3351 4591 οὐκ
3394 4536 3579 4610 ἐπάγεῑ
3629 4535 3696 4590 τὰ

271 4623 716 4695 unusquisque,
767 4629 824 4680 et
882 4627 1119 4699 propria
1172 4627 1466 4701 plangatis
1517 4635 1782 4701 peccata,
1832 4650 1921 4690 ne-

2041 4630 2394 4706 ἠπειλημὲνα
2451 4629 2734 4686 Κλαύσατε
2809 4630 2900 4684 καὶ
2977 4628 3282 4705 θρηνήσατε
3353 4622 3576 4686 ἕκαστος
3630 4626 3696 4680 τὰ

156 4709 158 4712 ’
270 4713 510 4783 quando
559 4728 688 4785 quis
717 4713 958 4771 fuerunt
987 4717 1398 4788 praenuntiata,
1425 4717 1576 4776 578
1608 4721 1774 4780 vobis
1802 4738 1930 4780 eve-

2042 4719 2157 4778 ἴδια
2204 4721 2593 4796 ἁμαρτήματα,
2631 4721 2704 4794 μή
2758 4739 2890 4774 ποτε
2931 4717 3140 4788 πάθητε
3181 4716 3249 4771 τὰ
3293 4714 3690 4792 κεκηρυγμένα.

339 4858 382 4893 ⁸⁷
414 4857 626 4931 Ephes.
659 4876 737 4932 vr,
774 4859 840 4915 15
869 4863 925 4917 et
956 4877 1122 4933 seqq.
1200 4863 1244 4897 ⁸⁸
1274 4862 1298 4919 Ι
1331 4862 1459 4920 Cor.
1493 4881 1548 4934 ν,
1578 4866 1633 4921 5.
1710 4868 1756 4903 ⁸9
1785 4869 1834 4926 ΙΙ
1865 4870 1921 4926 Ti

2053 4887 2094 4942 ι,
2127 4869 2214 4926 15.
2292 4867 2386 4924 θοι
2416 4867 2567 4925 Tim.
2602 4882 2643 4923 ι.
2673 4866 2765 4922 20.
2843 4865 2885 4902 ⁹¹
2913 4866 3091 4938 Apoc.
3125 4881 3228 4936 xu,
3257 4863 3313 4920 9.

331 5017 458 5102 (ἓρ)
480 5016 831 5102 Tilmannus
859 5038 996 5102 cum
1031 5021 1088 5102 in
1117 5021 1633 5102 Eranciscmodice
1662 5027 1925 5102 legisset,

264 5085 363 5169 τοῦ
411 5085 468 5142 δὶ
515 5095 760 5169 πονηροῦ
811 5094 838 5147 ὁ
893 5090 1080 5169 θυρεός
1112 5091 1283 5169 ,ἐστιν
1337 5092 1578 5169 ἀπιστία,
1611 5085 1931 5158 ἱιαίυνοὶίοί

269 5165 360 5214 rat
390 5175 404 5214 :
447 5164 668 5231 reprobi
686 5166 906 5236 clypeus
933 5164 1234 5236 inﬁdelitas
1267 5171 1362 5222 est.
1399 5169 1511 5224 Sed
1544 5164 1700 5228 hunc
1733 5173 1928 5230 locum

269 5236 426 5286 recte
462 5237 1154 5317 ‘emendavitduuczpus
1193 5253 1269 5317 ex_
1331 5241 1682 5317 _Henric_iano
1737 5260 1750 5300 :
1799 5263 1928 5317 quae

269 5304 603 5386 emendatio
633 5323 701 5362 eo
732 5310 945 5386 certior
975 5310 1158 5386 videri
1181 5309 1373 5386 debet,
1393 5314 1548 5383 quod
1577 5304 1930 5373 auctoritate

270 5377 448 5457 etiam
480 5377 792 5451 utriusque
822 5382 1139 5457 Colbeﬁrtini
1172 5377 1365 5457 possit
1407 5377 1784 5457 confirmari.
1815 5389 1928 5444 Ve-

273 5445 568 5532 iimnlegas
602 5445 1250 5532 eodtestumfortasse
1281 5453 1480 5532 mirari
1515 5459 1809 5532 quispiam
1834 5477 1932 5532 po-

272 5519 427 5600 terit,
440 5519 758 5600 daemones
776 5525 885 5600 hic,
902 5525 1267 5600 inﬁdelitatis
1296 5528 1493 5600 argui,
1507 5519 1642 5586 c‘um
1656 5519 1929 5589 ‘Jacobus

275 5591 613 5669 Apostolus,
645 5610 707 5664 ιι,
735 5597 824 5669 10,
857 5598 1015 5654 dicat
1046 5615 1146 5655 eos
1173 5591 1412 5669 credere
1433 5591 1491 5656 et
1521 5606 1931 5661 contremisee-

275 5679 357 5749 re.
391 5662 502 5749 S'ed
534 5662 700 5749 de.ea'
719 5662 854 5740 ﬁde,
888 5686 1017 5742 qua
1046 5668 1195 5726 nihil
1225 5669 1404 5749 saluti
1432 5674 1928 5749 p_rosi_t,_loquitur

270 5734 532 5793 Jacobus
565 5753 578 5794 :
610 5734 1068 5815 interpres'voro
1099 5755 1230 5799 eam
1261 5734 1762 5823 ﬂdem’intelligit;
1793 5763 1922 5823 qua

2042 5045 2157 5104 per,
2173 5045 2337 5102 spem
2355 5030 2678 5104 credentes
2709 5027 2780 5084 ad
2809 5026 3063 5104 salutem
3095 5028 3397 5104 perducat.

2115 5097 2227 5172 (21)
2258 5102 2449 5175 Codex
2509 5101 2596 5175 F.,
2626 5097 3282 5175 inqyyellav,_gnaloram
3332 5097 3693 5175 pollicitatio-

2039 5169 2186 5246 nem.
2209 5169 2380 5246 'Alter
2409 5174 2596 5228 Ducaei
2631 5169 2811 5229 eodeir
2841 5181 2897 5230 et
2927 5171 3027 5230 alii
3058 5172 3302 5245 quidam
3333 5169 3504 5239 inss.,
3525 5169 3696 5246 ἀπαγ-

2039 5243 2228 5320 γελίαν
2241 5287 2255 5314 ,
2288 5245 2784 5320 denuntiationem.

2110 5309 2502 5388 (22)'Codices
2547 5309 3309 5388 ποοοιιιιίνηόλολύζετεῤει
3352 5315 3433 5388 ita
3462 5330 3698 5388 quoque

2041 5386 2261 5444 editum
2290 5391 2580 5462 reperitur
2610 5389 2765 5462 apud
2794 5387 2956 5462 ῃΧΧ.
2986 5388 3114 5462 Mox
3139 5386 3369 5462 editiet
3401 5387 3538 5462 Reg.
3573 5386 3699 5458 pri-

2040 5477 2196 5520 mus.
2229 5463 2324 5514 τοῦ
2355 5458 2749 5537 καταφθεῖραι,
2780 5459 2953 5537 illud,
2986 5460 3106 5537 τοῦ,
3136 5459 3196 5514 in
3246 5459 3376 5537 aliis
3429 5458 3694 5537 quinque

2041 5549 2184 5592 mss.
2219 5549 2333 5588 non
2393 5530 2748 5590 invenimus.
2781 5530 3116 5603 Notandum
3172 5530 3471 5603 praeterea,
3503 5533 3564 5587 in
3596 5530 3696 5586 tri-

2038 5604 2160 5681 bus
2172 5621 2351 5681 11133.,
2381 5622 2485 5681 pro
2515 5605 2892 5681 καταφθεῖραι,
2924 5603 3062 5681 legi,
3095 5599 3419 5681 διᾰιεθεῖραι.

2111 5675 2224 5750 (23)
2253 5674 2605 5754 νοίΚύριος
2635 5674 2706 5736 ex
2730 5674 2891 5735 Colb.
2915 5674 3120 5754 primo
3151 5674 3353 5733 addita
3383 5679 3492 5732 est.
