4150 6400
395 349 514 409 5⁸17

1186 340 1594 404 COMMENT.
1639 341 1718 402 IN
1765 340 2033 403 ΙΒΑΙΑΜ
2079 342 2587 405 PROPHETAM.
2631 344 2806 406 CAP.
2851 344 3012 405 XIII.

3693 347 3812 409 578

395 477 460 536 El
495 477 572 551 μὴ
603 471 860 530 ἐϐούλετο
909 475 937 528 ὁ
963 474 1094 537 Θεὸς
1125 475 1233 546 (24)
1267 470 1364 528 τοῦ
1392 469 1726 546 ἁμαρτωλοῦ
1748 473 1848 542 τήν
1889 471 2048 545 μετά.

2170 475 2352 531 niant.
2393 477 2620 533 Etenim
2669 478 2718 534 si
2765 479 2920 535 Deus
2964 477 3108 534 nolit
3155 482 3473 552 peccatoris
3521 479 3818 552 poeniten-

393 588 563 635 νοιαν,
597 563 686 621 διὰ
711 564 762 620 τί
794 562 1122 636 ὲκηρόσσετο
1153 562 1205 618 ἐν
1237 564 1435 636 Νινευῇ
1465 565 1501 632 ἡ
1549 564 1683 635 μετὰ
1740 565 1884 636 τρεῖς
1915 563 2053 634 ἡμὲ-

394 677 488 728 ρας
517 653 804 723 ἀπώλειας
835 651 992 710 Ἀλλ’
1021 650 1207 721 ἐπειδὴ
1260 649 1396 730 εἶδεν
1445 653 1627 707 αὐτῶν
1677 652 1766 706 τὸν
1801 671 2056 727 συντριμ-

397 747 497 819 μὸν
531 746 558 800 ὁ
589 743 865 817 ἐλεήμων,
899 743 1180 818 παρήγαγε
1226 742 1325 809 τὴν
1381 740 1573 817 ὀργὴν,
1631 741 1722 796 καὶ
1780 738 2052 796 διεσκέδα-

397 857 481 890 σεν
516 834 696 909 ὥσπερ
727 833 909 910 νέφος.
947 831 1077 906 Παρ⁹
1111 829 1267 885 αὖτεῦ
1300 828 1394 886 οὖν
1442 834 1540 886 τοῦ
1589 831 1791 908 Κυρίου
1847 830 1964 901 ἥξει
2016 832 2052 900 ἡ

397 918 682 1000 συντριϐἠ,
767 919 1062 997 χρησίμως
1135 915 1515 992 συντρίϐοντος
1598 921 1667 975 τὰ
1745 921 2054 996 ἀφανισμοῦ

398 1011 536 1083 ἄξια,
572 1012 782 1085 ὡς
834 1003 1102 1084 συντρίϐει
1132 1008 1227 1064 τὸν
1262 1014 1504 1063 Σατανᾶν
1562 1010 1666 1064 ὑπὸ
1709 1008 1836 1071 τοὺς
1882 1007 2055 1071 πόδας

393 1107 493 1158 τοῦ
560 1100 789 1169 δικαίου,
850 1097 940 1154 καὶ
1001 1092 1276 1172 συντρίϐει
1328 1098 1633 1171 πολέμους.
1695 1098 1891 1173 Κύριος
1949 1099 2054 1174 γὰρ

394 1185 692 1267 συντρίϐων
773 1188 1070 1262 πολέμονς,
1151 1186 1347 1264 Κύριος
1424 1184 1601 1263 ὄνομα
1679 1188 1863 1260 αὐτῷ·
1939 1189 2052 1261 καὶ,

394 1274 678 1355 Συντρίϐει
766 1277 973 1352 Κύριος
1065 1276 1160 1340 τὰς
1257 1274 1486 1352 κέδρους
1581 1281 1676 1332 τοῦ
1767 1273 2052 1334 Λιϐάνου·

391 1369 519 1432 τοὺς
548 1369 1028 1443 μεγαλαυχοῢντας
1059 1366 1149 1422 καὶ
1195 1367 1702 1441 ἀλαζονευομένους
1748 1367 1839 1422 καὶ
1889 1367 2053 1441 ὑπερ-

393 1459 720 1532 αιρομένους
795 1457 933 1512 κατὰ
1005 1463 1105 1526 τῆς
1172 1454 1454 1526 ἀληθείας,
1533 1453 1773 1510 Λιϐάνου
1827 1453 2058 1530 κέδρους

395 1545 838 1622 προσαγορεύων.
895 1541 1116 1613 Ἐπειδή
1179 1542 1269 1598 οὖν
1331 1538 1551 1619 ἔρχεται
1603 1539 1862 1620 συντριϐἡ
1909 1545 2057 1620 παρὰ

395 1635 605 1712 Κυρίου
639 1677 654 1704 ,
703 1629 1190 1709 προλαμϐάνοντας
1262 1632 1464 1688 ἑαυτῶν
1522 1634 1624 1703 τήν
1674 1630 2058 1712 μεγαλόφρονα

394 1723 619 1800 καρδίαν
680 1722 763 1778 δεῖ
986 1716 1309 1798 συντρίϐειν,
1351 1719 1442 1776 ’ίνα
1497 1721 1718 1798 γένηται
1770 1721 1926 1786 θυσία
1979 1727 2058 1794 τῷ

398 1817 515 1886 Θεῷ
544 1815 578 1882 ἡ
611 1811 935 1873 ταπείνωσις
967 1809 1158 1881 αὐτῆσ.
1193 1815 1344 1866 Πᾶσα
1375 1811 1466 1865 οὗν
1515 1812 1639 1886 χεὶρ
1689 1813 1779 1866 καὶ
1831 1814 1866 1880 ἡ
1913 1831 2057 1884 πρα-

395 1901 702 1973 κτικωτάτη
737 1902 828 1956 καὶ
859 1903 895 1970 ἡ
928 1897 1361 1974 δραστικωτάτη,
1396 1899 1470 1961 ὡς
1501 1901 1638 1974 πρὸς
1672 1900 1802 1955 Θεὸν
1852 1899 1942 1954 καὶ
1992 1901 2060 1954 τὰ

398 1986 528 2067 ἔργα
593 1991 801 2063 αὐτοῦ,
869 1986 1267 2059 ἐκλυθήσεται·
1346 1985 1430 2042 διὸ
1499 1987 1683 2063 λέγει·
1758 1989 2055 2066 Ἰσχόσατε,

401 2086 583 2158 χεῖρες
652 2080 966 2152 ἀνειμέναι,
1027 2079 1114 2132 καὶ
1175 2077 1380 2151 γόνατα
1436 2075 1880 2152 παραλελυμὲνα.
1934 2084 2057 2149 Μη-

402 2169 512 2234 δείς
566 2169 876 2233 πεποιθέτω
910 2165 1135 2239 δυνάμει
1167 2167 1304 2243 πρὸς
1337 2167 1398 2220 τὸ
1429 2166 1723 2240 ἀμύνεσθαι
1767 2170 1880 2242 (27)
1927 2169 2056 2230 τοὺς

400 2258 805 2335 ἐπερχομένους
861 2255 1266 2331 ὀπλομάχους·
1326 2253 1520 2328 μηδεὶς
1578 2254 1916 2326 ἐπελπιζὲτω
1958 2280 2055 2314 τα-

397 2347 598 2425 χύτητι
630 2344 841 2419 ποδῶν,
901 2348 976 2408 ὡς
1007 2343 1305 2420 ἀποδρᾶναι
1356 2342 1655 2419 δυνάμενος
1715 2347 1815 2414 τὴν
1844 2348 2052 2424 ἡμέραν

393 2442 494 2502 τῆς
527 2431 842 2513 συντριϐῆς,
876 2434 926 2491 ἐν
960 2437 994 2504 ἦ
1039 2433 1296 2510 ἔρχονται
1326 2437 1678 2514 καταφθεῖρποι
1731 2440 1903 2491 πᾶσαν
1951 2439 2054 2506 τήν

397 2525 743 2602 οίκουμένην.

464 2620 590 2674 262.
640 2621 788 2672 Πᾶσα
844 2615 947 2692 γὰρ
1018 2616 1171 2691 ψυχὴ
1240 2613 1527 2682 ἀνθρώπου
1581 2612 1882 2672 δειλιασει.
1943 2617 2055 2673 Κα-

396 2707 509 2769 λῶς
568 2705 930 2781 πρόσκειται,
993 2704 1317 2778 Ἀνθρώπου
1353 2746 1365 2760 .
1443 2701 1581 2761 Οὔτε
1651 2704 1752 2780 γὰρ
1809 2703 2052 2782 ἀγγέλων

396 2797 549 2872 ψυχὴ
612 2791 789 2866 δειλίᾳ
849 2793 1148 2861 ὑπόκειται,
1209 2790 1298 2846 διὰ
1359 2793 1422 2847 τὸ
1478 2793 1749 2867 ἀνωτέραν
1779 2796 1888 2868 (28)
1921 2795 2052 2850 εἶναι

392 2889 490 2941 τοῦ
520 2885 726 2945 πάθους
755 2881 974 2952 τούτου,
1033 2879 1158 2937 οὔτε
1215 2879 1274 2936 δὲ
1302 2884 1336 2952 ἡ
1367 2885 1478 2938 τῶν
1518 2881 1759 2958 ἀλόγων.
1821 2883 1896 2938 Οὐ
1950 2885 2051 2959 γὰρ

393 2977 615 3030 ἅπτεται
649 2975 685 3042 ἡ
720 2969 897 3027 δειλία
934 2971 1042 3027 τῶν
1087 2970 1326 3046 ἀλόγων,
1384 2972 1556 3035 πάθος
1619 2972 1751 3026 οὖσα
1799 2976 1898 3028 τοῦ
1954 2972 2054 3028 λο-

391 3066 660 3138 γιστικοῦ,
710 3061 800 3116 καὶ
854 3057 1104 3134 ἔλλειψις
1158 3063 1265 3114 τῶν
1314 3066 1414 3128 τῆς
1463 3057 1706 3134 ἀνδρείας
1741 3057 2052 3136 δογμάτων.

392 3152 627 3220 Ητοήσει
684 3149 776 3222 μὲν
809 3148 910 3224 γὰρ
945 3147 1226 3203 ὑπόκειται
1256 3148 1322 3202 τὰ
1353 3145 1546 3222 ἄλογα·
1608 3149 1660 3202 οἱ
1706 3147 1763 3203 δὲ
1813 3148 2050 3226 λογικοὶ,

395 3237 614 3295 ἐπειδὰν
671 3239 739 3292 τὰ
796 3239 871 3311 μὴ
931 3236 1052 3306 ἄξια
1109 3231 1282 3314 φόϐου
1342 3235 1753 3313 καταπλαγῶσι,
1805 3242 1886 3310 τῷ
1943 3242 2055 3315 (29)

395 3328 708 3385 ἐκπλείπειν
743 3325 798 3380 ἐν
850 3325 1035 3388 αὐτοῖς
1067 3327 1158 3380 τὸν
1211 3325 1394 3402 λόγον,
1441 3326 1529 3380 τὸν
1561 3327 1660 3395 τὴν
1695 3327 1936 3382 εὐτονίαν
1988 3332 2058 3404 τῇ

394 3422 550 3494 ψυχῇ
585 3418 924 3490 ἐμποιοῦντα
974 3415 1114 3486 πρὸς
1142 3414 1210 3469 τὰ
1240 3413 1408 3483 δεινὰ,
1465 3420 1546 3487 τῷ
1604 3415 1761 3480 πάθει
1820 3421 1917 3483 τῆς
1948 3415 2056 3473 δει-

395 3507 515 3569 λίας
544 3505 883 3561 ἁλίσκονται.
918 3503 1098 3566 Πολὺς
1131 3501 1190 3558 δὲ
1221 3506 1249 3558 ὁ
1309 3505 1537 3579 χρόνος,
1595 3504 1684 3579 ἀφ’
1717 3504 1778 3560 οὗ
1810 3509 1844 3576 ἡ
1878 3505 2060 3584 ἡμέρα

395 3596 597 3672 Κυρίου
624 3594 859 3671 ἐγγίζειν
896 3592 1136 3668 λέγεται,
1184 3591 1398 3648 πάντων
1431 3598 1538 3648 τῶν
1593 3599 1888 3673 προφητῶν
1938 3595 2055 3651 δια-

399 3684 858 3763 μαρτυρουμὲνων
901 3685 1017 3756 (30)
1068 3683 1240 3752 αὐτῆς
1285 3691 1384 3750 τήν
1435 3682 1738 3759 ἐγγύτητα,
1793 3683 1884 3740 ’ίνα
1945 3708 2059 3760 μη-

395 3773 504 3838 δεὶς
537 3772 964 3842 ἀναπεπτωκὼς,
998 3771 1075 3835 ὡς
1114 3772 1481 3847 χρονιζούσης
1531 3771 1722 3842 αὐτῆς,
1769 3773 2055 3849 ἀνέτοιμος

393 3863 744 3941 καταληφθῇ,
796 3865 976 3916 Ταῦτα
1030 3861 1120 3915 καὶ
1185 3862 1214 3915 ὁ
1276 3861 1542 3938 Σοφονίας
1595 3859 2056 3940 διαμαρτύρεται,

395 3948 754 4020 Εὐλαϐεῖσθε,
857 3949 1055 4025 λέγων,
1152 3950 1258 4006 ἀπὸ
1356 3954 1464 4025 (31)
1561 3954 1859 4028 προσώπου
1959 3960 2058 4012 τοῦ

403 4039 576 4123 φόϐου
634 4041 877 4117 Κυρίου,
936 4037 1074 4094 διότι
1131 4038 1284 4115 ἐγγὺς
1343 4042 1378 4109 ἡ
1435 4040 1617 4116 ἡμέρα
1678 4043 1901 4118 Κυρίου.
1957 4045 2057 4101 Καὶ

405 4134 520 4207 μετ’
581 4129 760 4207 ὀλίγα·
825 4127 1015 4204 Έγγὺς
1067 4131 1102 4198 ἠ
1157 4130 1342 4205 ἠμέρα
1380 4130 1581 4205 Κυρίου
1633 4133 1666 4201 ἠ
1705 4132 1936 4208 μεγάλη·
1973 4134 2060 4211 ἐγ-

398 4221 514 4299 γὺς,
583 4220 674 4276 καὶ
756 4224 954 4295 ταχεῖα
1029 4216 1258 4296 σφόδρα.
1349 4221 1516 4288 Φωνή
1597 4221 1808 4297 ἡμέρας
1859 4225 2057 4300 Κυρίου

398 4311 567 4389 πικρὰ
620 4309 710 4365 καὶ
770 4307 1024 4384 σκληρά⁶
1083 4311 1118 4378 ἡ
1178 4308 1362 4383 ἡμέρα
1418 4308 1636 4381 ἐκείνη,
1696 4313 1878 4387 ἡμέρα
1935 4312 2058 4369 θλί-

398 4405 540 4476 om;
595 4399 685 4456 καὶ
738 4397 1013 4473 ἀνάγκης·
1075 4398 1260 4471 ἡμέρα
1317 4397 1521 4474 ἀωρίας
1571 4400 1659 4454 καὶ
1721 4399 2055 4475 ἀφανισμοῦ,

395 4492 580 4566 ἡμέρα
652 4488 880 4551 σκότους
948 4489 1062 4562 (32)
1133 4487 1226 4541 γαὶ
1284 4487 1509 4564 γνόφου,
1573 4487 1753 4564 ἡμέρα
1825 4491 2056 4570 νεφέλης

2165 564 2330 630 tiam,
2363 582 2542 638 quare
2590 567 2650 622 in
2690 568 2896 622 Ninive
2926 569 3316 624 nuntiabatur
3365 569 3633 624 futurum
3681 573 3821 641 post

2166 659 2285 710 tres
2317 655 2442 710 dies
2490 655 2733 711 exitium
2755 658 2844 712 οη
2873 657 3087 713 Verum
3141 658 3320 714 simul
3371 662 3435 713 ut
3483 658 3819 716 misericors

2163 744 2310 799 vidit
2347 760 2549 801 eorum
2599 748 3031 817 contritionem,
3063 748 3282 803 amovit
3328 748 3500 818 iram,
3533 752 3592 803 et
3639 749 3819 805 veluti

2166 834 2383 890 nubem
2416 834 2742 906 dissipavit.
2776 836 2981 892 Veniet
3028 836 3210 910 igitur
3245 837 3514 892 contritio
3567 838 3640 893 ab
3690 837 3819 910 ipso

2166 923 2434 994 Domino,
2476 924 2577 995 qui
2635 923 2860 979 utiliter
2915 926 3162 982 conterit
3219 942 3346 997 quae
3395 926 3618 982 excidio
3678 931 3823 983 sunt

2166 1013 2552 1085 digna,'sicut
2600 1013 2849 1069 conterit
2877 1014 3150 1070 Satanam
3185 1015 3294 1070 sub
3349 1015 3599 1086 pedibus
3642 1016 3820 1087 justi.

2167 1107 2269 1158 aut
2301 1102 2550 1158 conterit
2577 1102 2749 1159 bella.
2787 1105 3062 1159 Dominus
3109 1104 3265 1159 enim
3303 1113 3585 1161 conterens
3616 1104 3768 1161 bella
3802 1124 3821 1162 :

2165 1193 2430 1248 Dominus
2457 1193 2704 1263 nomem}
2716 1193 2806 1248 illi
2826 1193 2900 1261 '3;
2936 1197 2992 1247 et
3026 1209 3038 1248 :
3072 1193 3398 1264 Confringet
3437 1196 3702 1250 Dominus
3732 1210 3822 1250 ce-

2165 1283 2291 1338 dros
2336 1284 2552 1338 Libani
2574 1283 2651 1352 °‘;
2703 1285 3069 1354 arrogantes,
3121 1283 3430 1354 superbos,
3472 1288 3528 1338 et
3572 1299 3671 1339 eos
3720 1283 3822 1354 qui

2168 1370 2447 1426 adversus
2474 1371 2778 1426 veritatem
2831 1371 3172 1439 efferuntur,
3215 1373 3417 1427 cedros
3465 1371 3667 1427 Libani
3719 1388 3822 1444 ap-

2166 1459 2414 1531 pellans.
2449 1459 2696 1515 Proinde
2743 1475 2877 1515 cum
2911 1460 3104 1515 veniat
3149 1460 3422 1516 contritio
3475 1477 3508 1516 a
3559 1461 3824 1532 Domino,

2167 1551 2393 1618 oportet
2437 1553 2500 1602 ut
2545 1549 2768 1619 priores
2801 1549 3124 1619 superbum
3157 1553 3430 1604 nostrum
3481 1565 3582 1604 cor
3630 1554 3826 1606 conte-

2168 1651 2394 1703 ramus,
2419 1641 2483 1690 ut
2511 1639 2640 1707 ejus
2671 1636 2982 1693 humilitas
3015 1643 3128 1694 Deo
3159 1639 3262 1694 ﬁat
3292 1637 3490 1693 hostia
3520 1641 3577 1693 et
3608 1638 3830 1693 sacriﬁ-

2168 1725 2346 1779 cium.
2400 1725 2603 1796 Itaque
2663 1727 2859 1782 omnis
2918 1743 3132 1783 manus
3188 1736 3242 1782 et
3301 1727 3718 1800 operosissima
3773 1730 3832 1783 et

2169 1813 2599 1883 efﬁcacissima,
2633 1815 2683 1870 si
2722 1829 2859 1870 cum
2922 1816 3032 1871 Deo
3083 1819 3140 1870 et
3184 1832 3318 1871 cum
3369 1816 3645 1888 operibus
3699 1815 3830 1886 ejus

2169 1903 2526 1974 conferatur,
2560 1903 2946 1975 dissolvetur;
2979 1909 3340 1977 quapropter
3375 1905 3519 1960 dicit
3551 1922 3564 1959 :
3598 1905 3828 1976 Confor-

2170 1993 2392 2060 tamini,
2423 2008 2621 2050 manus
2649 1995 2919 2061 remissa,
2953 2004 3005 2050 et
3037 2009 3218 2064 genua
3256 1994 3528 2051 dissoluta
3547 1994 3610 2048 9‘.
3643 1993 3828 2050 Nemo

2167 2081 2510 2138 invadentes
2560 2081 2871 2138 bellatores
2920 2081 3178 2148 ulturus,
3213 2083 3338 2138 suis
3369 2083 3595 2138 viribus
3643 2082 3826 2138 conﬁ-

2169 2171 2297 2240 dat;
2339 2186 2508 2227 nemo
2566 2171 2627 2227 in
2677 2172 2896 2243 pedum
2955 2172 3302 2243 pernicitate
3359 2187 3525 2242 spem
3582 2175 3828 2243 reponat

2168 2275 2360 2327 suam,
2385 2259 2553 2330 quasi
2583 2259 2754 2315 illum
2786 2260 3156 2316 contritionis
3188 2261 3364 2328 diem,
3395 2260 3457 2315 in
3489 2276 3606 2332 qua
3637 2276 3830 2316 acces-

2167 2348 2290 2404 suri
2321 2353 2464 2405 sunt
2489 2349 2562 2404 ad
2619 2349 3071 2420 disperdendam
3125 2365 3360 2404 omnem
3409 2354 3650 2416 terram,
3680 2350 3825 2405 eil‘u-

2166 2453 2300 2509 gere
2330 2437 2538 2510 possit.

2235 2615 2362 2671 262.
2397 2616 2586 2672 Omnis
2615 2615 2771 2671 enim
2803 2617 2997 2673 anima
3025 2617 3263 2674 hominis
3301 2617 3648 2688 formidabit.
3679 2615 3827 2684 Vox,

2166 2707 2433 2774 Hominis,
2468 2705 2736 2778 apposite
2790 2705 3084 2776 adjicitur.
3117 2710 3318 2778 Neque
3371 2707 3530 2762 enim
3580 2707 3824 2780 angelo-

2165 2810 2299 2850 rum
2329 2794 2530 2850 anima
2559 2794 2810 2851 obnoxia
2859 2799 2951 2850 est
2996 2795 3322 2864 formidini,
3355 2812 3489 2850 cum
3523 2795 3831 2853 affectione

2165 2883 2281 2939 ista
2310 2882 2482 2954 longe
2529 2884 2608 2940 sit
2655 2884 2970 2956 superior:
3007 2900 3195 2956 neque
3243 2886 3552 2940 brutorum
3601 2884 3832 2941 anima-

2165 2972 2310 3027 lium
2342 2973 2560 3029 anima.
2589 2973 2715 3031 Non
2747 2973 2904 3029 enim
2939 2975 3112 3029 bruta
3138 2973 3419 3029 animalia
3451 2973 3688 3046 attingit
3719 2973 3833 3030 for-

2165 3061 2348 3129 mido,
2382 3078 2516 3117 cum
2570 3062 2799 3119 affectio
2833 3062 2912 3117 sit
2954 3063 3026 3118 ad
3062 3061 3284 3134 aliquid
3319 3061 3602 3118 rationale
3648 3063 3830 3135 perti-

2168 3166 2333 3220 nens,
2368 3151 2563 3222 sitque
2589 3151 2972 3208 consiliorum
3008 3168 3133 3222 quse
3165 3169 3200 3208 ο,
3230 3153 3572 3208 fortitudine
3611 3156 3827 3224 petun-

2087 3224 2131 3292 C
2171 3244 2290 3307 tur,
2331 3239 2531 3312 inopia
2590 3241 2988 3311 deiectusque.
3037 3241 3272 3314 Stupori
3323 3242 3560 3313 quidem
3615 3242 3827 3299 hellus:

2170 3329 2505 3399 subiacent;
2539 3331 2640 3386 sed
2665 3331 2764 3402 qui
2797 3331 3046 3387 rationis
3075 3335 3376 3402 compotes
3406 3337 3568 3399 sunt,
3593 3347 3727 3386 cum
3759 3347 3829 3388 ea

2170 3437 2298 3493 quas
2329 3436 2446 3476 non
2479 3424 2617 3476 sunt
2638 3419 2816 3492 digna
2847 3421 3082 3493 timore,
3105 3421 3460 3492 expaverint,
3485 3420 3828 3477 timiditatis

2168 3509 2572 3580 corripiuntur
2615 3509 2850 3577 aﬂ‘ectu,
2885 3509 3039 3580 quod
3072 3509 3220 3566 ratio
3253 3525 3382 3581 quae
3431 3509 3688 3566 animam
3723 3511 3825 3567 ad-

2166 3615 2371 3654 versus
2388 3597 2988 3666 malacorroborabat,
3003 3597 3061 3654 in
3082 3600 3165 3655 eis
3184 3599 3434 3656 deficiat.
3449 3597 3576 3654 Jam
3598 3599 3825 3671 pridem

2168 3692 2280 3758 est,
2302 3703 2371 3743 ex
2391 3704 2508 3759 quo
2533 3687 2658 3744 dies
2683 3687 2911 3743 Domini
2937 3687 3412 3760 appropinquare
3434 3687 3667 3755 dicitur,
3692 3704 3827 3761 pro-

2169 3777 2360 3851 phetis
2392 3779 2670 3833 omnibus
2702 3778 2830 3848 ejus
2861 3777 3494 3850 appropinquationem
3525 3778 3829 3835 obtestan-

2166 3868 2349 3936 tibus,
2383 3872 2448 3922 ut
2478 3883 2550 3924 ne
2580 3866 2714 3938 quis
2747 3867 2819 3922 ob
2851 3867 2980 3937 ejus
3012 3867 3352 3922 dilationem
3385 3867 3554 3923 deses
3584 3871 3642 3922 et
3667 3867 3854 3924 iners'

2169 3973 2440 4022 manens,
2471 3955 3008 4028 deprehenderetur
3056 3955 3402 4027 imparatus.
3451 3955 3580 4012 Haec
3631 3960 3689 4012 et
3738 3959 3828 4012 at-

2168 4050 2423 4103 testatur
2458 4045 2813 4117 Sophonias,
2847 4061 2980 4100 cum
3022 4045 3102 4100 ait
3135 4062 3149 4100 :
3183 4045 3463 4116 Trepidate
3501 4063 3536 4100 a
3578 4047 3722 4117 facie
3749 4047 3827 4102 ti-

2166 4138 2338 4192 moris
2367 4137 2609 4204 Domini,
2636 4139 2767 4206 quia
2795 4151 2964 4206 prape
2983 4143 3060 4190 est
3087 4135 3202 4190 dies
3223 4136 3454 4190 Domini
3473 4135 3537 4188 ".
3561 4137 3630 4190 Et
3650 4135 3826 4191 Paulo

2166 4231 2305 4298 post
2338 4244 2350 4281 :
2384 4231 2564 4298 Prope
2592 4233 2670 4280 est
2708 4225 2824 4280 dies
2870 4225 3094 4281 Domini
3121 4239 3356 4295 magnus
3368 4244 3388 4292 ,-
3415 4240 3602 4296 prope,
3633 4230 3686 4278 et
3731 4241 3822 4280 ve-

2169 4318 2261 4372 lox
2306 4317 2494 4371 nimis.
2535 4319 2658 4369 Vox
2705 4315 2817 4370 diei
2876 4315 3106 4370 Domini
3160 4329 3357 4369 amara
3385 4321 3438 4369 et
3477 4313 3655 4376 dura;
3707 4313 3825 4370 dies

2167 4406 2271 4461 illa
2299 4407 2416 4461 dies
2463 4404 2842 4460 tribulationis
2873 4411 2925 4458 et
2962 4405 3341 4466 necessitatis;
3394 4402 3508 4458 dies
3555 4405 3821 4458 immatu-

2165 4497 2354 4552 ritatis
2381 4498 2436 4549 et
2479 4494 2851 4566 perditionis;
2883 4493 2997 4548 dies
3047 4493 3402 4548 tenebrarum
3447 4495 3497 4549 et
3542 4494 3822 4564 caliginis,

466 4630 511 4665 θ’
537 4629 671 4686 Jon.
703 4644 788 4693 IlI,
817 4627 872 4681 5.
949 4625 996 4662 ⁸⁸
1023 4622 1248 4680 Judith.
1281 4641 1398 4694 xv1,
1433 4625 1488 4681 3.
1570 4627 1613 4662 9‘
1649 4626 1802 4684 Psal.
1835 4646 2036 4702 xxvm,

2195 4633 2240 4668 ⁸⁵
2268 4631 2382 4688 Isa.
2414 4645 2586 4698 xxxv,
2617 4629 2670 4683 3·
2748 4628 2791 4664 9°
2821 4627 3002 4700 Soph.
3033 4645 3072 4700 ι,
3103 4629 3155 4686 7.

464 4764 578 4838 (24)
609 4760 849 4838 Codices
893 4757 1183 4838 nonnulli,
1216 4775 1320 4830 pro
1365 4757 1517 4838 Θεός,
1550 4758 1790 4838 habent,
1825 4761 2044 4838 Κύριος.
2082 4773 2127 4838 D

393 4829 610 4914 διέλιίέιὲ
640 4833 782 4914 editi
810 4837 870 4914 9.?
898 4830 1090 4888 οοεινί
1120 4829 1459 4914 ωειέον.ιιετά
1484 4829 2050 4914 τρεῖς.ἡ.ιέἐρᾳς,’,ρο.ςι

393 4917 506 4968 ινα
533 4909 652 4963 ἀίω
671 4925 696 4972 ;
724 4909 812 4978 θιᾉ
823 4903 907 4978 ita
937 4920 1172 4978 quoque
1201 4902 1377 4978 hodie
1420 4902 1572 4976 apud
1624 4902 1786 4978 LXX'
1814 4902 2046 4978 legitur.

392 4982 528 5048 Sed,
573 4983 724 5037 teste
769 4974 1400 5052 Theodoreto._Aquila
1441 4974 1949 5052 Symmachusque
1995 4987 2054 5038 et

390 5052 869 5125 Theodotio,_pro
897 5051 1042 5125 τρεῖς
1061 5047 1456 5125 scripserunt,
1477 5047 1897 5125 τεσσαράκοντά,
1921 5069 2058 5124 qua-

393 5126 677 5198 draginta.
732 5118 1206 5180 Notas'Nobilii’
1239 5118 1400 5193 legas
1455 5118 1653 5195 velim,
1713 5127 1815 5179 aut
1864 5118 2048 5182 Hexa-

396 5197 580 5396 Ρὲζέδ)
607 5269 843 5393 Koma”,
869 5266 1098 5394 (aliquot
1127 5262 1284 5332 libri,
1318 5263 1398 5326 ὃς.
1433 5265 1694 5323 Subinde
1731 5269 1848 5325 tres
1880 5285 2048 5340 mss.,

396 5363 436 5396 π
507 5359 568 5396 ας
597 5360 705 5394 των
776 5359 862 5393 ικα
889 5359 984 5396 ων.

396 5363 436 5397 π

507 5337 570 5400 ας
597 5341 705 5394 τῶν
740 5337 984 5396 δικαίων.

468 5413 582 5487 (26)
611 5412 762 5487 Editi
808 5415 865 5466 et
907 5416 1049 5487 _R_eg.
1082 5409 1402 5487 secundus,
1454 5403 1949 5487 προλαμϐάνοντας
1980 5408 2050 5466 δι’

396 5479 599 5542 ἑαυτῶν
631 5485 732 5553 τὴν
767 5479 1148 5559 μεγαλόφρονα
1176 5479 1399 5557 καρδίαν
1599 5479 1822 5540 Necesse
1870 5489 1950 5541 est
1987 5491 2051 5542 ut

392 5570 586 5618 nostra
648 5560 896 5630 ipsorum
953 5557 1116 5630 opera
1167 5572 1263 5630 cor
1316 5557 1664 5630 superbiens
1701 5560 2048 5630 conteramus

389 5636 624 5707 priores.
649 5627 724 5707 At
753 5631 998 5707 uterque
1023 5627 1280 5686 Combef.
1305 5645 1441 5688 cum
1469 5627 1603 5688 aliis
1634 5628 1864 5688 duobus
1899 5647 2043 5689 mss.

399 5705 465 5766 ut
492 5706 554 5766 in
584 5705 880 5765 contextu.

2234 4764 2344 4836 (27)
2375 4760 2947 4836 codiceshnonnulli,
2979 4760 3126 4836 1:9qu
3149 4760 3210 4814 τὸ
3243 4759 3566 4832 ἀμύνασθαι.

2233 4831 2344 4906 (28)
2377 4834 2470 4918 δὶρ
2500 4834 2663 4918 {Regii
2714 4834 2963 4918 primus,
2995 4831 3207 4916 tertius
3238 4838 3295 4916 et
3338 4837 3620 4918 quartus;
3651 4833 3709 4918 et
3736 4831 3822 4918 ita

2164 4902 2398 4980 quoque
2430 4902 2646 4961 habent
2677 4902 2773 4980 alii
2806 4911 2924 4961 tres
2956 4902 3444 4980 ms§.,_n_isi__qu:od
3477 4903 3537 4958 iu
3570 4904 3654 4980 eis
3684 4902 3821 4980 givch

2159 4971 2793 5065 {spajlﬂgﬂggﬁdith
2825 4978 2998 5053 ψυχαὶ
3051 4971 3226 5065 δειλίᾳ
3246 4971 3581 5065 ηίίπόκξινται
3624 4971 3715 5065 δι’ἆι
3755 4976 3818 5030 τὸ

2161 5047 2452 5126 ἀν’ωτὲρας.
2488 5049 2708 5105 Ibidem
2769 5047 2870 5106 sex
2907 5047 3078 5116 thas”
3109 5048 3278 5102 αὐτοῦ
3333 5047 3535 5109 πάθους
3591 5047 3812 5104 τούτου.

2159 5124 2336 5192 Editi,
2367 5121 2572 5184 πάθους
2605 5120 2791 5178 αὐτοῦ.

2232 5197 2344 5302 (29)
2376 5195 2611 5277 Veteres
2642 5193 2867 5280 aliquot
2901 5193 3058 5262 libri,
3088 5193 3206 5246 τοῦ.
3553 5262 3565 5274 .

2232 5270 2344 5341 (30)
2377 5267 2617 5341 Codices
2641 5267 2886 5339 aliquot,
2913 5262 3454 5339 διαμαρτυραμένων.
3478 5261 3644 5318 Alius
3674 5277 3810 5333 τοι,

2160 5336 2757 5413 διάμαρτυρουμένωνξ
3011 5336 3018 5339 ⁷
3089 5336 3093 5338 ⁷
3188 5336 3196 5339 ⁷

2371 5412 2614 5483 Antiqui
2651 5417 2790 5496 ires
2810 5408 3002 5496 pllbri,
3037 5400 3651 5496 ’Ειξλαϐἐῖσθπεὶ,λέγωνΧ
3682 5405 3812 5496 ἄεις.

2159 5471 2269 5540 Alii
2299 5471 2418 5542 tres
2451 5471 2620 5550 mss,
2651 5471 2997 5544 Εὐλαϐεἷσθε
3025 5478 3152 5547 ἀπό,
3186 5483 3298 5536 etc.
3339 5471 3814 5552 Είὶὶῐί,Ἐύλαϐεῖ-

2159 5558 2278 5612 σθαι
2307 5557 2437 5626 ἀπό,
2471 5561 2582 5612 etc.

2229 5631 2343 5704 (32)
2368 5621 2608 5687 Codices
2637 5628 2773 5698 duo,
2808 5621 3024 5679 σκότου.
