4150 6380
301 340 422 400 B79

1257 323 1658 390 APPENDIX
1701 319 2031 386 OPERUM
2074 321 2142 384 S.
2189 322 2465 387 BASILlI
2508 322 2783 386 MAGNI.

3609 327 3737 390 580

303 469 424 525 dies
448 467 614 522 nubis
641 469 693 521 et
715 463 976 526 nebulae;
1005 461 1120 517 dies
1159 461 1308 516 tubae
1353 465 1405 514 et
1452 457 1708 513 clamoris
1727 455 1792 510 ’7.
1827 454 1953 511 Jam

2075 452 2162 507 καὶ
2223 451 2496 528 ὁμίχλης,
2550 453 2734 530 ἡμέρα
2792 452 3096 530 σάλπιγγος
3143 454 3238 511 καὶ
3297 461 3564 532 κραυγῆς.
3625 453 3735 512 Κᾶν

302 575 434 613 vero
465 554 698 612 etiamsi
720 554 847 609 dies
878 552 978 607 illa
999 568 1114 624 qua
1139 548 1647 604 consummandus
1675 548 1764 602 est
1798 560 1964 599 mun-

306 650 416 703 dus
449 646 780 712 universus,
815 639 1016 714 procul
1050 639 1279 694 abesset
1303 654 1316 692 :
1340 635 1730 691 nihilominus
1761 638 1964 688 tamen

300 735 616 809 peculiaris
651 733 750 788 illa
791 731 918 786 dies
962 727 1148 784 exitus
1182 726 1674 797 uniuscujusque,
1699 740 1828 795 quea
1860 738 1964 776 cu-

293 826 545 916 juslibet
587 820 844 879 hominis
894 817 1326 916 consummatio
1374 819 1481 916 est,
1515 830 1716 916 prope.
1747 813 1962 916 adest‘:

300 902 418 988 qua
474 916 546 970 ob
604 911 802 967 oculos
866 907 1078 980 posita,
1128 905 1560 962 observandum
1624 902 1796 958 nobis
1853 904 1962 962 est,

303 1006 459 1077 quod
512 1002 583 1057 ab
643 999 795 1055 Isaia
828 997 1062 1067 dicitur,
1099 995 1358 1060 Ululate;
1416 1009 1588 1065 prope
1644 993 1793 1046 enim
1849 989 1965 1043 dies

304 1093 554 1153 Domini;
584 1093 760 1159 atque
791 1087 1066 1142 habenda
1086 1085 1232 1139 ﬁdes
1255 1086 1345 1138 est
1377 1085 1451 1152 ei,
1475 1081 1574 1154 qui
1597 1079 1741 1136 dicit
1769 1097 1780 1134 :
1806 1079 1965 1133 Beati

304 1182 399 1253 qui
429 1181 582 1238 519
619 1177 899 1246 lugent”;
949 1175 1087 1229 item
1127 1189 1140 1227 :
1176 1174 1329 1228 Beati
1377 1173 1472 1242 qui
1518 1169 1735 1240 ﬂent”.
1789 1164 1958 1221 Multi

301 1272 433 1327 vitae
465 1270 646 1340 hujus
679 1264 910 1338 negotia
942 1280 1088 1335 aegre
1120 1263 1389 1332 ferentes,
1425 1258 1754 1316 accelerant
1785 1271 1959 1312 suum

303 1359 547 1423 exitum,
585 1361 948 1425 mortemque
981 1353 1289 1418 invocant;
1324 1350 1396 1405 ad
1427 1365 1576 1420 quos
1606 1347 1750 1402 illud
1781 1347 1958 1400 Amos

302 1465 418 1506 non
451 1448 648 1518 inepte
679 1444 840 1499 dicas
875 1460 886 1497 :
925 1444 1008 1499 Vw
1038 1439 1482 1496 desiderantibus
1521 1437 1664 1492 diem
1715 1434 1956 1504 Domini,

305 1542 354 1595 et
383 1554 448 1594 ea
477 1545 556 1592 est
584 1534 839 1602 tenebrw,
872 1540 921 1588 et
951 1549 1066 1586 non
1104 1532 1221 1584 lux.
1269 1526 1730 1598 Quemadmodum
1761 1527 1812 1579 si
1831 1526 1957 1596 quis

304 1628 462 1682 homo
490 1627 670 1697 fugiat
702 1640 736 1678 a
762 1623 912 1694 [acie
960 1622 1154 1689 leonis,
1189 1628 1239 1675 et
1269 1617 1478 1674 incidat
1509 1618 1567 1671 in
1596 1631 1721 1671 eum
1770 1630 1954 1684 ursus,

301 1725 352 1775 et
385 1717 604 1772 insiliat
631 1715 690 1768 in
734 1712 976 1780 domum,
1009 1718 1058 1765 et
1085 1710 1322 1780 applicet
1368 1723 1566 1762 manus
1595 1721 1725 1760 suas
1755 1704 1825 1759 ad
1851 1720 1952 1774 pa-

2075 543 2110 611 ἡ
2142 543 2301 611 καινὴ
2336 540 2393 598 δὲ
2421 545 2604 616 ἡμέρα
2640 550 2740 613 τῆς
2781 547 2876 598 τοῦ
2913 544 3116 608 παντὸς
3167 545 3378 618 κόσμου
3426 544 3735 610 συντελείας

2081 631 2286 709 μακρὰν
2335 634 2396 704 ᾗ,
2444 632 2570 688 ἀλλ’
2618 635 2652 702 ἠ
2701 631 2811 688 ἰδία
2856 635 3082 688 ἑκάστου
3113 641 3215 704 τῆς
3247 632 3430 706 ἐξόδου
3461 633 3586 705 ἥτις
3617 635 3728 692 ἰπὶ

2073 724 2172 775 τοῦ
2223 722 2345 784 καθ’
2399 717 2493 775 ἕνα
2543 722 2829 798 ἀνθρώπου
2880 722 3179 793 συντέλεια,
3223 721 3388 799 ἐγγὺς
3446 722 3726 799 πάρεστιν·

2074 809 2142 878 ἥν
2193 811 2304 886 χρὴ
2353 813 2460 886 πρὸ
2509 810 2809 890 ὀφθαλμῶν
2860 808 3109 887 ἔχοντας,
3149 817 3334 888 τηρεῖν
3363 814 3425 868 τὸ
3455 814 3604 889 παρὰ
3630 816 3729 871 τοῦ

2075 899 2327 974 Ἠσαίου]
2349 898 2663 978 λεγόμενον·
2715 899 3044 973 maidens
3119 904 3232 978 (33)
3303 903 3464 979 ὲιπγὺς
3535 903 3638 981 γάρ
3691 908 3727 976 ἡ

2073 990 2254 1065 ἡμέρα
2330 990 2548 1064 Κυρίου·
2608 989 2697 1046 καὶ
2753 992 2996 1046 πείθεσθε
3058 995 3138 1064 τῷ
3214 990 3454 1068 λέγοντν
3536 993 3729 1050 Μακά-

2074 1099 2182 1154 ριοι
2241 1081 2295 1134 o't
2348 1082 2688 1144 πενθοῦντες
2767 1079 2879 1151 καὶ,
2952 1081 3231 1156 Μακάριοι
3306 1082 3358 1136 οἱ
3415 1081 3726 1145 κλαίοντες.

2071 1167 2287 1224 Πολλοὶ
2343 1171 2479 1246 πρὸς
2503 1172 2569 1225 τὰ
2597 1174 2694 1226 τοῦ
2729 1172 2852 1245 βίου
2911 1168 3354 1246 δυσχεραίνοντες
3414 1170 3727 1248 πράγματα,

2069 1257 2378 1334 ἐπτίγουσιν
2410 1257 2611 1315 ἑαυτῶν
2643 1262 2742 1330 τὴν
2790 1257 3000 1334 ἔξοδον,
3039 1261 3130 1314 καὶ
3189 1259 3579 1317 ἐπικαλοῦνται
3633 1263 3724 1318 τὸν

2069 1348 2319 1410 θάνατον·
2377 1350 2515 1425 πρὸς
2548 1348 2639 1412 οὕς
2670 1349 2852 1412 καλῶς
2899 1350 3014 1426 ἔχει
3075 1350 3137 1404 τὸ
3165 1354 3261 1405 τοῦ
3293 1350 3479 1423 Ἀμὼς
3527 1349 3718 1425 λέγειν·

2067 1436 2200 1494 Οὐαὶ
2288 1439 2341 1493 οἱ
2417 1438 2802 1512 ἐπιθυμοῦντες
2868 1442 2968 1510 τὴν
3041 1441 3252 1516 ἡμέραν
3323 1438 3526 1514 Κυρίου
3559 1486 3573 1512 ,
3630 1442 3718 1495 καὶ

2065 1525 2202 1598 αὕτη
2279 1525 2390 1583 ἐστὶ
2469 1528 2682 1597 σκότος,
2759 1530 2849 1584 καὶ
2927 1529 2990 1584 οὗ
3050 1533 3186 1606 φῶς.
3239 1530 3338 1586 Ὃν
3396 1529 3602 1604 τρόπον
3661 1527 3721 1584 ἂν

2062 1636 2148 1680 τις
2197 1616 2406 1694 ἐκφύγῃ
2486 1615 2771 1695 ἄνθρωπος
2852 1618 2912 1674 ἐκ
2959 1619 3261 1694 προσώπου
3317 1622 3414 1673 τοῦ
3475 1616 3720 1688 λίοντος,

2062 1706 2157 1759 κπὶ
2228 1705 2438 1782 ἐμπέσῃ
2498 1705 2644 1780 αὗτῷ
2702 1711 2737 1777 ἡ
2800 1705 3034 1782 ἄρκτος,
3113 1706 3203 1762 καί
3273 1705 3583 1783 εἷσπηδήσῃ
3642 1707 3720 1771 εἷς

301 1808 520 1872 rietem,
552 1812 600 1859 et
628 1801 875 1857 mordeat
915 1816 1042 1856 eum
1092 1798 1331 1855 coluber.
1373 1799 1515 1853 Num
1566 1794 1808 1851 tenebrae
1838 1792 1953 1848 dies

2068 1795 2154 1849 τὸν
2232 1795 2404 1866 οἶκον,
2474 1797 2563 1850 καὶ
2634 1796 2889 1872 ἀπερείσῃ
2969 1798 3064 1861 τὰς
3133 1801 3327 1872 χεῖρας
3403 1795 3567 1852 αὐτοῦ
3644 1797 3720 1859 εἷς

303 1896 550 1963 Domini,
581 1900 634 1948 et
663 1908 772 1948 non
821 1892 941 1959 lux,
972 1899 1024 1945 et
1060 1890 1241 1959 caligo
1287 1905 1398 1943 non
1446 1886 1653 1941 habens
1702 1882 1952 1955 splendo-

299 1984 501 2042 rem“?
555 1981 802 2038 Proinde
834 1980 882 2035 si
917 1979 1052 2052 quis
1084 1994 1263 2050 super
1289 1977 1416 2032 vitae
1466 1991 1588 2031 suas
1642 1973 1953 2029 aediﬁcium

297 2091 414 2131 non
464 2069 817 2128 exstruxerit
865 2069 1044 2140 ligna,
1079 2073 1181 2123 aut
1239 2067 1461 2136 fenum,
1495 2068 1598 2121 aut
1647 2061 1952 2135 stipulam,

295 2164 347 2219 is
377 2161 669 2218 desideret
713 2158 868 2214 diem
921 2156 1173 2225 Domini,
1204 2156 1262 2210 in
1312 2172 1431 2227 qua
1482 2151 1954 2224 uniuscujusque

297 2268 469 2324 opus,
490 2249 664 2322 quale
696 2248 792 2314 sit,
827 2246 982 2319 ignis
1013 2245 1285 2318 probabit
1305 2246 1346 2298 '.
1381 2244 1544 2310 Quod
1577 2241 1626 2298 si
1652 2257 1823 2297 nemo
1850 2257 1952 2312 pu-

299 2357 402 2396 rus
427 2340 505 2395 sit
524 2355 590 2394 ac
619 2337 767 2392 liber
788 2336 861 2392 ab
882 2334 1212 2390 interdictis
1233 2333 1530 2407 operibus,
1553 2333 1759 2387 timeat
1782 2328 1950 2384 illum

301 2429 478 2485 diem.
513 2426 607 2481 Ait
635 2425 792 2481 enim
819 2441 830 2478 :
858 2423 918 2479 Si
945 2425 1103 2494 cujus
1131 2439 1261 2494 opus
1291 2424 1574 2489 manserit,
1600 2419 1739 2492 quod
1767 2435 1953 2489 super-

299 2517 619 2588 aediﬁcavit,
648 2513 950 2569 mercedem
999 2513 1229 2583 accipiet
1260 2527 1279 2564 :
1306 2513 1355 2566 si
1383 2513 1538 2581 cujus
1586 2520 1723 2580 opus
1747 2508 1954 2563 arserit

299 2609 682 2666 detrimentum
711 2605 959 2675 patietur
987 2619 1005 2656 ,ο
1038 2603 1156 2671 ipse
1179 2604 1361 2656 autem
1388 2600 1570 2655 salvus
1601 2600 1725 2665 erit,
1757 2597 1838 2653 sic
1867 2601 1951 2652 ta-

300 2713 430 2754 men
458 2695 618 2766 quasi
635 2709 739 2765 per
767 2693 948 2763 ignem
967 2692 1009 2745 ³.

373 2876 496 2929 263.
524 2873 720 2945 (Vens.
745 2871 824 2942 8.)
851 2869 1232 2926 Turbabuntur
1251 2869 1417 2939 legati
1443 2886 1461 2924 :
1490 2873 1545 2923 et
1566 2867 1780 2923 dolores
1805 2868 1952 2938 ipsos

303 2964 664 3036 occupabunt,
697 2963 857 3032 quasi
905 2961 1160 3015 mulieris
1204 2960 1584 3031 parturientis.
1619 2959 1683 3012 Et
1725 2957 1950 3012 commi-

302 3063 574 3112 serescent
601 3053 744 3108 alter
765 3051 1013 3121 alterius,
1034 3059 1086 3105 et
1113 3048 1437 3120 stupebant;
1459 3057 1510 3104 et
1535 3049 1736 3119 faciem
1764 3063 1947 3114 suam,

296 3146 464 3218 quasi
510 3141 766 3216 ﬂamma,
798 3141 1113 3195 mutabunt.
1147 3139 1398 3204 Quinam
1440 3141 1579 3192 sunt
1623 3137 1796 3208 legati
1847 3134 1950 3208 qui

2061 1881 2153 1939 τδν
2200 1890 2417 1960 τοῖχον,
2475 1885 2564 1941 καὶ
2618 1883 2755 1961 δάκῃ
2816 1885 2976 1942 αὐτὸν
3037 1886 3065 1940 6
3125 1881 3268 1964 ὄφις.
3329 1885 3471 1961 Οὐχὶ
3525 1886 3721 1950 σκότος

2061 1974 2096 2043 ἣ
2130 1974 2314 2050 ἡμέρα
2362 1975 2561 2051 Κυρίου
2605 1976 2691 2031 καὶ
2745 1974 2810 2030 οὗ
2861 1980 2999 2053 φῶς,
3058 1975 3151 2030 καὶ
3201 1974 3397 2052 γνόφος
3444 1975 3539 2030 οὐκ
3569 1973 3720 2052 ἔχων

2063 2065 2262 2142 φέγγος
2290 2083 2304 2134 ;
2337 2061 2413 2121 Ei’
2460 2085 2544 2127 τις
2599 2063 2690 2120 οὖν
2749 2066 2826 2137 μὴ
2859 2062 3258 2139 ἐπῳκοδόμησε
3287 2066 3400 2139 (34)
3446 2068 3516 2138 τῇ
3569 2064 3720 2120 οἱκο-

2063 2150 2212 2226 δομῇ
2260 2158 2357 2209 τοῦ
2414 2155 2605 2209 ἑαυτοῦ
2657 2154 2777 2230 βίου
2807 2153 2962 2224 ξύλα,
2994 2155 3029 2223 ἢ
3063 2153 3290 2230 χόρτον,
3342 2155 3379 2224 ἢ
3431 2154 3718 2228 καλάμην,

2062 2243 2395 2317 ἐπιθυμείτω
2450 2245 2550 2312 τὴν
2606 2245 2815 2319 ἡμέραν
2869 2242 3118 2319 Κυρίου,
3176 2244 3229 2298 ἐν
3283 2243 3319 2318 ᾖ
3375 2244 3605 2298 ἑκάστου
3659 2245 3722 2299 τὸ

2061 2331 2222 2409 ἔργον
2253 2331 2442 2388 ὁποῖόν
2472 2331 2581 2388 ἐστι
2610 2333 2673 2388 τὸ
2703 2331 2808 2407 πῦρ
2843 2331 3150 2407 δοκιμάσει.
3192 2332 3258 2390 El
3290 2329 3348 2388 δὲ
3409 2331 3592 2395 οὐδεὶς
3639 2355 3724 2388 κα·

2060 2423 2220 2497 θαρὸς
2251 2423 2356 2477 ἀπὸ
2404 2417 2576 2498 ἔργων
2622 2427 2728 2478 τῶν
2761 2422 3255 2499 ἀπηγορευμένων,
3291 2417 3571 2498 φοϐείσθω
3619 2425 3718 2493 τήν

2060 2509 2269 2586 ἡμέραν
2322 2511 2552 2582 ἐκείνην,
2611 2509 2680 2570 ΕἹ
2735 2533 2884 2576 τινος
2937 2513 3062 2588 γὰρ,
3125 2511 3282 2587 φησὶ,
3328 2511 3390 2566 τὸ
3421 2507 3579 2587 ἔργον
3615 2513 3711 2586 μὲ-

2061 2622 2160 2668 νει,
2190 2601 2218 2656 ’ὁ
2246 2597 2696 2674 ἐπῳκοδόμησεν,
2725 2601 2914 2675 μισθὸν
2946 2599 3181 2676 λήψεται
3211 2597 3264 2655 εἷ’
3287 2621 3436 2663 τινος
3465 2601 3529 2656 τὸ
3560 2600 3713 2678 ἔργον

2060 2692 2454 2761 κατακαήσεται
2488 2692 2616 2764 (35),
2653 2692 3083 2763 ζημιωθήσεται.
3112 2689 3320 2755 Αὐτοὺς
3366 2687 3425 2746 δὲ
3473 2693 3713 2763 σωθήσε-

2059 2801 2171 2848 ται,
2204 2779 2347 2834 οὕτω
2379 2778 2437 2835 δὲ
2467 2780 2541 2843 ὡς
2579 2777 2669 2834 διὰ
2697 2781 2889 2856 πυρός.

2129 2872 2256 2926 263.
2324 2871 2777 2946 Ταραχθήσονται
2858 2871 2910 2924 οἱ
2992 2865 3267 2943 πρέσϐεις,
3347 2871 3436 2926 καὶ
3522 2867 3712 2933 ὠδῖνες

2060 2958 2255 3021 αὐτοὺς
2313 2953 2518 3030 ἕξουσιν
2588 2960 2661 3021 ὡς
2716 2958 2966 3035 γυναικὸς
3022 2958 3312 3029 τικτούσης
3345 3001 3359 3015 .
3417 2960 3514 3014 Καὶ
3570 2980 3704 3033 συμ-

2061 3050 2385 3127 φοράσουσιν
2468 3047 2654 3125 ’ἑτερος
2745 3049 2880 3124 πρὸς
2959 3050 3052 3104 τὸν
3123 3045 3307 3124 ἕτερον
3395 3051 3545 3124 (36),
3616 3049 3705 3104 καὶ

2061 3137 2430 3208 ἐκστήσονταιο
2501 3137 2592 3192 καὶ
2663 3137 2726 3193 τὸ
2798 3136 3091 3214 πρόσωπον
3172 3137 3348 3193 αὐτῶν
3425 3138 3500 3201 ὡς
3570 3136 3706 3216 φλὸξ

295 3199 700 3291 iurbab'untur
729 3199 855 3286 tum
890 3246 1024 3285 cum
1058 3199 1185 3284 dies
1234 3227 1462 3284 Domini
1491 3199 1816 3282 institerit?
1843 3199 1947 3280 bli-

2068 3199 2448 3302 μεταθαλοῦσι.
2500 3226 2648 3291 Τίνες
2696 3229 2747 3282 οἳ
2809 3199 3065 3303 πρέσϐεις
3116 3199 3512 3304 ταρασσόμενοι
3573 3199 3707 3302 (37),

297 3325 514 3380 mirum
538 3321 645 3389 illi,
661 3337 804 3391 quos
822 3319 1107 3375 Dominus
1128 3317 1349 3374 indicat
1367 3317 1422 3372 in
1448 3317 1726 3389 parabole
1742 3332 1942 3388 quam,

297 3429 432 3469 cum
463 3409 789 3468 Jerusalem
821 3407 1371 3480 appropinquasset,
1397 3406 1597 3462 retulit
1623 3406 1696 3462 iis
1729 3405 1829 3478 qui
1861 3421 1944 3460 re-

295 3517 480 3575 gnum
517 3499 742 3556 Domini
787 3499 909 3568 jam
943 3514 1070 3552 esse
1102 3497 1596 3574 manifestandum
1647 3496 1943 3551 existima-

2056 3315 2220 3387 ἡνίκα
2275 3315 2335 3372 ἂν
2394 3315 2684 3392 συνεπίστῇ
2715 3319 2749 3386 ἡ
2782 3321 2877 3372 τοῦ
2908 3317 3107 3394 Κυρίου
3137 3318 3354 3392 mit-5.0a;
3406 3319 3476 3375 Ἥ
3509 3315 3708 3386 δηλον-

2055 3409 2137 3462 ότι
2173 3407 2389 3478 ἑκεῖνοι,
2453 3405 2544 3469 οὸς
2576 3408 2603 3462 6
2661 3405 2866 3482 Κύριος
2897 3405 2989 3462 διὰ
3018 3402 3351 3483 παραϐολῶν
3386 3406 3703 3477 αἰνίσσεται,

2053 3499 2114 3567 ἣν
2186 3497 2327 3552 εἶπεν
2405 3495 2565 3573 ἔγγὺς
2642 3497 2934 3572 γενόμενος
2991 3499 3091 3566 τῆς
3143 3495 3505 3572 Ἰερουσαλὴμ
3564 3496 3701 3571 πρὸς

295 3592 457 3646 bant.
494 3593 668 3644 Homo
697 3589 876 3656 enim,
910 3587 1124 3658 inquit,
1158 3585 1362 3642 nobilis
1412 3585 1554 3640 abiit
1581 3587 1642 3641 in
1669 3587 1944 3657 regionem

2068 3585 2180 3649 τοὺς
2214 3584 2526 3655 δοκοῦντας,
2560 3584 2642 3641 ὅτι
2705 3584 2896 3660 μέλλει
2953 3587 2987 3656 ἡ
3052 3583 3301 3662 βασιλεία
3345 3589 3442 3640 τοῦ
3499 3585 3704 3661 Κυρίου

297 3682 680 3751 longinquam,
702 3679 950 3748 accipere
969 3677 1080 3731 sibi
1108 3691 1357 3747 regnum,
1379 3683 1430 3730 et
1447 3676 1646 3730 reverti
1667 3676 1706 3730 ‘.
1729 3675 1947 3729 Deinde

302 3772 551 3843 loquens
589 3769 659 3823 de
708 3768 909 3822 decem
958 3765 1135 3833 mnis,
1197 3781 1345 3835 quas
1397 3766 1593 3820 decem
1643 3765 1826 3820 servis
1875 3764 1945 3819 ad

296 3858 714 3931 negotiandum
737 3855 1060 3925 distribuit,
1081 3853 1417 3924 subjunxit:
1443 3855 1602 3910 Cives
1621 3857 1812 3909 autem
1830 3855 1948 3926 ejus

294 3952 519 4006 oderant
549 3963 672 4001 eum
708 3965 724 4000 :
755 3952 806 4000 et
834 3946 1106 4000 miserunt
1134 3947 1260 4014 post
1290 3943 1452 3997 illum
1498 3945 1726 4013 legatos,
1756 3943 1947 3998 dicen-

291 4046 370 4094 tes
399 4056 415 4091 :
448 4036 722 4094 Nolumus
760 4034 908 4090 hunc
949 4048 1181 4103 regnare
1207 4048 1368 4104 super
1407 4047 1504 4088 nos
1525 4032 1562 4086 ⁵.
1599 4032 1783 4088 Homo
1813 4032 1947 4104 qui-

293 4128 428 4182 dem
459 4125 696 4195 nobilis,
732 4123 828 4179 ille
867 4126 956 4178 est
987 4123 1157 4193 cujus
1182 4138 1369 4193 genus
1403 4120 1550 4176 nihil
1582 4121 1757 4177 habet
1785 4138 1946 4178 com-

297 4233 474 4272 mune
504 4232 638 4271 cum
671 4213 788 4270 ullo
821 4212 955 4280 alio,
981 4211 1094 4267 nisi
1128 4227 1259 4266 cum
1292 4226 1356 4266 eo
1390 4211 1490 4281 qui
1513 4214 1602 4266 est
1622 4228 1799 4283 super
1827 4228 1946 4267 om-

295 4306 394 4363 nia
440 4305 656 4360 Deus".
689 4301 1195 4368 Quemadmodum
1246 4299 1470 4356 nobiles
1523 4300 1777 4356 dicimus
1825 4318 1946 4372 eos,

295 4395 398 4466 qui
431 4395 589 4465 regio
619 4392 907 4464 sanguine
938 4395 1078 4446 sunt
1111 4389 1377 4462 prognati
1409 4409 1428 4444 :
1462 4389 1543 4446 ita
1578 4407 1710 4446 vere
1740 4391 1950 4448 nobilis

366 4581 409 4615 9"
441 4578 618 4655 S_o_ph.
655 4595 768 4646 xw,
803 4578 890 4655 15,
966 4578 1017 4655 °°_
1041 4577 1248 4655 Matth.
1273 4594 1336 4655 _v,
1368 4578 1473 4655 5_._
1499 4577 1544 4613 9°
1575 4579 1712 4634 Luc.
1749 4597 1824 4655 _vI,
1873 4581 1965 4638 21.
2045 4583 2062 4617 ¹
2096 4583 2295 4639 Amos.
2328 4599 2386 4655 ν,
2422 4583 2600 4637 18-20.

298 4653 384 4708 15.
462 4652 484 4686 ⁴
516 4649 652 4707 Luc.
682 4667 799 4717 XIX,
836 4651 920 4705 12.
998 4650 1019 4684 ⁵
1050 4649 1192 4705 ibid.
1229 4651 1311 4705 14.
1388 4651 1409 4684 ⁸
1441 4649 1603 4706 Rom.
1640 4669 1718 4720 1x,
1748 4653 1803 4707 5.

370 4823 482 4895 (33)
513 4822 664 4895 Editi
695 4827 752 4895 et
790 4821 935 4895 Reg.
972 4821 1218 4895 primus,
1250 4818 1597 4892 Ὀλολύξατε.
1631 4823 1743 4879 Alii
1773 4823 1950 4895 quin-

301 4891 414 4969 que
445 4891 610 4969 mss.,
655 4891 998 4969 Ὀλολόζὲτεῖ
1034 4894 1160 4969 Mox
1204 4891 1342 4950 editi
1391 4891 1640 4950 et’mss.
1666 4891 1953 4969 quatuor,

298 4965 390 5022 καὶ
447 4967 710 5030 πε.θεσθε.
757 4967 866 5024 Sed
916 4967 1003 5020 vir
1051 4965 1262 5036 linguae
1294 4970 1506 5039 Graeca;
1555 4965 1956 5039 peritissimus

299 5040 938 5113 Combeﬁsiusoptime
977 5037 1607 5113 conjecerataeteeceat
1638 5040 1751 5113 legi
1782 5057 1954 5113 opor-

301 5118 424 5168 tere
458 5128 470 5164 :
505 5111 587 5166 ita
614 5111 772 5166 enim
821 5111 999 5165 habet
1041 5109 1199 5167 Colb.
1235 5111 1486 5182 primus,
1518 5115 1611 5167 cui
1664 5109 1958 5169 consentit

302 5189 358 5240 et
378 5183 533 5258 alter
562 5182 722 5239 Colb.
759 5183 950 5258 prima
972 5197 1181 5258 manu.
1217 5182 1338 5238 Vox
1380 5184 1490 5258 χρή
1549 5191 1682 5257 post
1709 5186 1956 5241 verbum

299 5253 570 5316 πείθεσθαι
606 5253 865 5325 suppleri
899 5255 1087 5325 debet;

393 5327 486 5394 3i)
519 5321 760 5382 Codices
791 5326 1034 5397 aliquot,
1067 5321 1495 5396 ἐποικοδόμησε.

346 5398 484 5469 .(35',
517 5399 611 5454 Sic
653 5398 790 5469 Reg.
838 5399 1133 5469 secundus
1183 5404 1242 5454 et
1289 5405 1535 5467 uterque
1567 5399 1960 5469 Colbertinus,

302 5466 419 5546 Alii
452 5466 569 5525 tres
617 5466 761 5524 mss:
809 5475 862 5546 et
910 5470 1072 5537 editi,
1107 5466 1582 5546 tusivnv.__Ei'i:tvoq
1643 5468 1958 5546 ydp,<p7,ci,

301 5541 363 5595 τὸ
395 5535 552 5613 ἔργον
582 5542 994 5610 κατακαήσεται·
1029 5535 1183 5613 quod
1207 5535 1485 5598 mutilum
1510 5547 1634 5598 erat
1657 5535 1726 5599 'et'
1751 5535 1959 5599 de'oilr;

305 5618 514 5671 tatum.

374 5685 488 5760 (33)
518 5685 609 5742 Sic
638 5683 921 5745 vetustior
947 5685 1280 5747 Combeﬁsii
1318 5687 1498 5746 codex
1527 5689 1585 5745 et
1613 5691 1748 5761 Reg.
1783 5703 1958 5761 quar-

2057 3677 2462 3754 ἆναφαίνεσθαι.
2514 3682 2841 3752 ’Ἄνθρωπος
2890 3675 3014 3752 γὰρ,
3064 3675 3220 3754 φησὶν
3251 3719 3265 3746 ,
3316 3673 3536 3751 εὐγενὴς
3585 3675 3707 3730 ἐπο·

2057 3768 2219 3839 ρευθη
2311 3765 2386 3828 είς
2469 3767 2659 3843 χώραν
2747 3766 2977 3842 μακρὰν,
3057 3761 3243 3821 λαϐεῖν
3321 3766 3496 3839 ἑαυτῷ
3559 3767 3710 3842 βασι-

2057 3856 2225 3925 λείαν,
2283 3856 2372 3911 καὶ
2439 3856 2794 3930 ὑποστρέψαι.
2848 3857 2980 3911 Εἶτα
3024 3855 3190 3911 εἰπὼν
3221 3854 3350 3930 περῖ
3395 3860 3504 3910 τῶν
3549 3853 3711 3911 δὲκα-

2061 3943 2322 4019 μνῶν,ἂς
2356 3943 2526 4000 ἔδωκε
2580 3950 2697 4008 τοῖς
2751 3942 2880 4000 δέκα
2938 3943 3160 4007 δούλοις
3219 3945 3296 4008 εἷς
3363 3944 3426 4000 τὸ
3452 3966 3712 4021 πραγμα-

2055 4034 2334 4100 τεύσεσθαι
2420 4037 2532 4108 (38)
2601 4034 2893 4112 ιπήγαγεν.
2971 4036 3037 4092 Ol
3111 4032 3169 4089 δὲ
3241 4034 3467 4090 πολῖται
3545 4036 3711 4089 αὐτοῦ

2057 4124 2274 4198 ἐμίσουν
2346 4123 2526 4195 αὐτὸν,
2601 4125 2690 4179 καὶ
2767 4121 3015 4199 ἔπεμψαν
3093 4123 3266 4179 ὀπίσω
3342 4123 3507 4179 αὐτοῦ
3579 4123 3711 4200 πρὲ-

2059 4210 2224 4283 σϐεις,
2298 4213 2570 4290 λίγοντες,
2661 4213 2744 4268 ὅτι
2827 4213 2902 4272 Οὐ
2974 4215 3204 4288 θέλομεν
3277 4218 3468 4270 τοῦτον
3555 4215 3713 4290 βασι-

2058 4305 2285 4376 λεῦσαι,
2336 4302 2415 4381 ἐφ’
2475 4305 2659 4376 ἡμᾶς.
2722 4302 2960 4378 Εὗγενής
3019 4303 3114 4377 μὲν
3175 4303 3269 4359 οὗν
3319 4304 3624 4378 ἄνθρωπος,
3685 4304 3715 4358 6

2060 4394 2195 4469 πρὸς
2224 4390 2420 4449 νύδὲνα
2454 4390 2627 4449 ἄλλον
2657 4393 2755 4463 τήν
2789 4393 3077 4448 κοινωνίαν
3134 4397 3232 4448 τοῦ
3263 4393 3468 4470 γένους.
3518 4393 3553 4463 ἢ
3579 4393 3717 4468 πρὸς

2679 4582 2700 4617 ²
2733 4583 2757 4638 1
2789 4581 2917 4639 Cor.
2955 4599 3040 4654 ιιι,
3096 4584 3180 4652 12,
3235 4583 3323 4638 13.
3399 4582 3421 4616 ³
3449 4581 3595 4640 ibid.
3630 4583 3716 4650 14,

2060 4828 2158 4899 tus
2191 4841 2204 4880 :
2240 4841 2344 4880 nec
2400 4823 2568 4899 aliter
2617 4825 2772 4897 apud
2824 4825 2956 4882 LXX
3006 4825 3237 4899 legitur.
3272 4825 3421 4880 Editi
3474 4826 3722 4899 etReg.

2062 4897 2316 4975 primus,
2349 4896 2757 4975 συμφράσουσιν
2797 4914 2908 4975 pro
2947 4896 3416 4975 συμῷοράσουσιν..
3448 4897 3558 4975 Alii
3582 4896 3728 4975 “tres

2065 4966 2236 5044 mss.,
2268 4967 2368 5044 Καὶ
2417 4966 2854 5044 συ’μφοράσουσίν
2886 4966 3111 5032 ἕκαστος
3140 4966 3301 5044 ⁷πρὸς
3344 4966 3436 5024 τὸν
3487 4967 3724 5044 ἑταῖρον.

2065 5043 2130 5099 Et
2145 5043 2598 5115 commiserescat
2622 5045 3001 5115 unusquisque
3030 5045 3119 5099 sui
3146 5043 3375 5115 sodalis.

2136 5111 2250 5185 (37)
2281 5113 2376 5169 Sic
2423 5130 2568 5170 mss.
2620 5110 3048 5188 Editi—mutile,
3091 5111 3246 5176 Τίνες
3293 5113 3346 5168 οἱ
3392 5110 3728 5187 ταρασσόμεο

2067 5203 2173 5239 νοι.

2139 5256 2249 5333 (_3_8)
2281 5255 2519 5312 Codices
2577 5257 2890 5333 nonnulli_,_
2919 5254 3455 5333 πραγματεύσασθαι.
3511 5257 3626 5313 Δ]ἱὶ
3676 5262 3735 5313 et

2068 5327 2230 5395 editi,
2285 5329 2791 5424 ﬂp‘x'ypats’éeapak
2842 5327 3118 5424 Nectite...
3155 5330 3344 5424 multo
3412 5333 3546 5402 post
3611 5333 3733 5385 tres

2069 5416 2239 5469 mss.,
2270 5397 2497 5454 πολῖται
2527 5399 2712 5458 αὐτοῦ.
2746 5403 2922 5459 Deest
2953 5402 3121 5456 αὑτοῦ
3152 5404 3210 5457 in
3243 5402 3376 5459 aliis
3407 5397 3574 5471 mss.,
3642 5419 3735 5457 er-

2068 5471 2303 5546 i_nde_ut
2352 5473 2410 5528 in
2435 5474 2717 5546 yulgatis.
2750 5475 3010 5530 Subinde
3041 5481 3263 5532 veteres
3297 5474 3546 5546 aliquot_
3574 5419 3735 5546 libri.

2074 5539 2510 5621 βασιλεύειν-ἐφ’
2543 5539 2731 5621 υἡμᾶς.
2777 5547 3004 5604 Ibidem
3052 5547 3235 5621 aliqui
3289 5539 3458 5618 mss.,
3495 5543 3590 5620 μὶν
3621 5543 3735 5603 οὖν.

2069 5615 2241 5676 Deest
2273 5615 2364 5672 οὗν
2395 5615 2455 5676 in
2489 5615 2737 5678 excusis.
