4150 6398
421 342 534 403 581

1188 331 1597 394 GOMMEN'I‘.
1643 333 1724 395 IN
1767 333 2040 395 ISAIAM
2085 334 2588 397 PROPHETAM.
2635 335 2806 396 CAP.
2854 337 3024 399 XIII.

3717 345 3839 406 582

418 475 512 531 τὸν
543 469 630 528 ἐπὶ
677 470 892 524 πάντῶν
947 467 1076 522 Θεὸν
1133 465 1488 538 κεκτημένος.
1566 471 1638 529 Ως
1682 464 1787 539 γὰρ
1836 465 2067 541 εὐγενεῖς

2188 471 2286 537 est,
2320 467 2421 539 qui
2451 485 2519 523 ex
2564 468 2753 525 Patris
2799 471 3054 526 essentia
3102 489 3272 529 suam
3323 472 3500 530 habet
3545 476 3839 532 substan-

423 565 650 638 λέγομεν
681 558 810 621 τοὺς
842 557 946 612 ἀπὸ
977 553 1206 630 αἳματος
1240 553 1550 631 βασιλικοῦ,
1584 553 1761 616 οὕτως
1790 553 2071 625 ἀληθινῶς

423 652 667 728 εὐγενὴς,
711 650 738 704 6
787 647 846 702 ἐκ
890 653 990 717 τῆς
1041 645 1224 707 οὐσίας
1280 645 1377 699 τοῦ
1433 643 1643 718 Πατρὸς
1693 644 1793 711 τὴν
1847 641 2068 719 ὕπαρξιν

420 738 588 817 ἔχων.
618 737 717 795 Καὶ
751 738 778 792 6
807 736 942 791 κατὰ
991 736 1082 789 τὸν
1143 740 1383 809 Σωτῆρπ
1432 735 1543 806 (39)
1592 729 1872 807 ἄνθρῶπος
1924 732 2072 806 εὖγε-

419 830 517 898 vi;
547 826 606 883 ἂν
636 825 876 902 λέγοιτο.
909 825 982 878 Οὑ
1015 823 1181 897 μόνον
1211 824 1315 898 γὰρ
1358 821 1492 878 κατᾶ
1520 823 1620 890 τήν
1651 822 1881 892 θεότητα
1908 822 2074 876 νοού-

425 939 585 992 μενος
635 919 662 972 6
707 915 903 990 Κύριος
958 911 1198 989 εὐγενὴς,
1254 913 1316 966 τὸ
1373 911 1606 986 καθαρὸν
1661 911 1750 966 καὶ
1783 909 2070 987 εέλικρινὲς

419 1008 509 1063 καὶ
558 1007 755 1082 ἀμιγὲς
800 1008 870 1078 τῇ
930 1002 1080 1078 φύσει
1141 1001 1193 1056 ἐν
1251 1003 1426 1074 ἑαυτῷ
1492 1001 1864 1073 κεκτημένοςο
1926 998 2074 1055 ἀλλὰ

419 1098 508 1154 καὶ
545 1095 682 1152 κατὰ
720 1093 782 1150 τὸ
835 1092 1174 1168 ἀνθρώπινον
1233 1092 1474 1161 πάντως,
1520 1091 1673 1165 γένος
1704 1089 1764 1144 ἐκ
1827 1090 2072 1163 σπέρμα-

421 1207 513 1248 τος
563 1179 727 1240 Δαϐιδ
781 1181 916 1238 κατᾶ
973 1183 1164 1258 σάρκα.
1239 1178 1530 1256 Πορεύεται
1591 1177 1681 1234 οῦν
1751 1178 1827 1240 εἷς
1881 1179 2070 1254 χώραν

427 1274 656 1350 μακρὰν,
718 1272 782 1327 οὗ
839 1274 1097 1326 τοσοῦτον
1153 1273 1233 1342 τῷ
1278 1270 1432 1342 τόπῳ
1489 1265 1805 1338 διεστῶσαν,
1846 1266 1972 1322 ὅσον
2001 1271 2070 1342 τῇ

420 1360 738 1417 καταστάσει
781 1364 890 1415 τῶν
942 1357 1300 1434 πραγμάτων.
1349 1356 1450 1412 Καὶ
1509 1358 1612 1432 γὰρ
1672 1358 1700 1411 6
1752 1356 1911 1419 αὐτὸς
1940 1356 2072 1420 Θεὸς

419 1449 510 1506 καί
539 1448 702 1526 ἐγγύς
745 1449 882 1504 ἐστιν
930 1447 1136 1520 ἑκάστῳ
1183 1449 1365 1520 ἡμῶν,
1417 1448 1545 1501 ὅταν
1594 1447 1650 1500 αἱ
1693 1445 1889 1520 ἀγαθαὶ
1929 1447 2071 1522 πρά-

420 1542 527 1613 ξεις
557 1539 654 1607 τὴν
687 1539 824 1613 πρὸς
868 1537 1031 1592 αὐτὸν
1093 1535 1368 1590 οἶκείωσιν
1423 1537 1560 1609 ἡμῖν
1615 1535 1936 1611 προξενωσι’
1977 1536 2067 1590 καὶ

424 1626 629 1702 μακρὰν
661 1627 886 1702 γίνεται,
928 1624 1052 1680 ὅταν
1107 1627 1272 1698 ἡμεῖς
1332 1623 1552 1689 ἑαυτοὺς
1596 1621 1685 1678 διὰ
1729 1624 1792 1679 τὸ
1836 1645 2061 1700 προσεγ-

417 1717 585 1791 γίζειν
628 1719 698 1790 τῇ
745 1713 992 1787 ἀπωλείᾳ
1051 1713 1409 1790 μακρύνωμεν
1462 1715 1550 1769 ἄπ’
1598 1713 1783 1770 αὐτοῦ.
1838 1713 2066 1775 Οὗτοςὸ

421 1803 662 1879 εὐγενὴς,
723 1802 1051 1877 θεασάμενος
1106 1803 1198 1857 τὸν
1245 1799 1450 1876 κόσμον
1502 1802 1606 1857 ὑπὸ
1653 1808 1754 1872 τῆς
1801 1803 2067 1877 ἁμαρτίας

426 1893 870 1968 βασιλευόμενον,
903 1892 993 1948 καὶ
1040 1895 1108 1966 τῇ
1166 1896 1334 1966 πικρᾷ
1387 1889 1657 1966 τυραννίδι
1712 1896 1808 1945 τοῦ
1866 1890 2068 1966 ἐχθροῦ

422 1983 801 2057 ὑποκείμενον,
853 1981 1081 2053 ἐλεήσας
1137 1983 1235 2052 τὴν
1281 1981 1566 2056 ἀναρχίαν,
1622 1978 1936 2052 κατεδέξατο
1975 1979 2068 2034 αύ-

416 2076 527 2127 τῖυν
588 2073 924 2148 βασιλεῦσαι.
987 2076 1078 2126 Δεῖ
1126 2071 1229 2146 γὰρ
1287 2069 1448 2125 αὐτόν
1503 2069 1848 2146 βασιλεύειν,
1905 2067 2068 2146 ἄχρις

420 2163 482 2216 οὗ
539 2159 601 2217 ἂν
650 2164 763 2235 (40)
818 2163 885 2235 θῇ
941 2160 1067 2222 τοὺς
1124 2159 1358 2235 ἐχθροὺς
1413 2159 1577 2214 αὐτοῦ
1639 2160 1741 2214 ὑπὸ
1796 2159 1922 2222 τοὺς
1978 2159 2072 2214 πό-

419 2247 512 2314 δας
541 2249 722 2306 αὐτοῦ.
759 2249 907 2306 Ἐπεὶ
959 2247 1049 2304 οὖν
1091 2246 1262 2317 ἦλθεν
1318 2248 1392 2309 εἰς
1447 2249 1538 2303 τὸν
1582 2248 1854 2324 περίγειον
1905 2248 2071 2304 τόπον

414 2343 629 2409 τοῦτον,
660 2340 758 2407 τὴν
793 2337 979 2414 χώραν
1011 2339 1109 2407 τήν
1148 2337 1355 2410 μακρὰν
1399 2335 1558 2391 οὖσαν
1609 2342 1706 2392 τοῦ
1746 2341 1900 2410 Θεοῦ,
1935 2337 2072 2392 ὥστε

416 2423 604 2483 λαϐεῖν
635 2429 734 2497 τὴν
768 2427 856 2482 ἐπὶ
906 2428 974 2482 τὰ
1030 2424 1150 2498 ἔθνη
1206 2425 1506 2502 βασιλείαν,
1550 2427 1686 2482 κατὰ
1731 2428 1796 2482 τὸ
1852 2427 2070 2502 εῗρημέ-

414 2539 504 2572 νον
553 2516 608 2572 ἐν
661 2521 894 2592 ψαλμῷ’
943 2514 1174 2588 Α’ίτησαι
1223 2519 1348 2592 παρ’
1395 2516 1555 2591 ἐμοῦ,
1606 2516 1698 2572 καὶ
1749 2513 1908 2572 δώσω
1985 2538 2071 2572 σοι

417 2604 542 2674 iam
571 2608 671 2676 τὴν
718 2605 1092 2682 κληρονομίαν
1129 2627 1246 2661 σου·
1311 2608 1362 2661 οἱ
1413 2607 1516 2661 ὑπὸ
1541 2607 1635 2662 τὸν
1687 2603 1928 2684 ἄρχοντα
1957 2609 2071 2680 (41)

419 2701 516 2752 τοῦ
564 2696 761 2758 αῗῶνος
807 2694 1004 2751 τούτου
1049 2697 1394 2772 τεταγμένοι,
1448 2697 1511 2751 οὐ
1561 2697 1724 2770 μόνον
1768 2693 2068 2773 ἄνθρωποι,

420 2783 565 2840 ἀλλᾶ
610 2785 701 2839 καὶ
762 2781 1015 2858 δυνάμεις
1063 2785 1116 2838 αἱ
1169 2785 1257 2839 ὑπ’
1317 2784 1485 2840 αὐτοῦ
1536 2783 1976 2860 στρατευόμεναι,
2010 2785 2070 2840 ού

419 2871 767 2945 κατεδέξαντο
811 2873 974 2929 αὐτοῦ
1020 2875 1119 2943 τὴν
1172 2872 1465 2948 βασιλείαν
1503 2872 1648 2929 ἀλλὰ
1695 2871 1882 2936 δόντος
1909 2874 2074 2930 αὐτοῦ

419 2962 514 3026 τὰς
543 2960 768 3026 ἐντολὰς
813 2965 903 3017 καὶ
949 2963 1048 3031 τὴν
1095 2961 1345 3037 ἐργασίαν
1401 2962 1600 3030 αὐτῶν,
1632 2963 1722 3018 καὶ
1775 2963 1852 3035 μὴ
1904 2963 2072 3038 ἀργὰς

418 3050 614 3114 ταύτας
663 3049 1016 3112 κελεύσαντος
1057 3049 1139 3104 ἐπ’
1185 3050 1370 3113 αὐτοῖς
1409 3053 1773 3124 κατακεῖσθαι,
1801 3050 1946 3107 ἀλλὰ
1974 3053 2073 3120 τὴν

2177 558 2346 612 tiam.
2382 557 2494 613 Sed
2537 561 2593 612 et
2641 558 2904 614 Salvator
2959 561 3134 616 homo
3195 562 3408 620 nobilis
3457 563 3568 619 dici
3622 569 3836 637 potest.

2180 646 2304 701 Non
2335 647 2493 702 enim
2543 646 2736 702 solum
2786 649 3113 704 secundum
3152 652 3512 710 divinitatem
3547 654 3834 711 Dominus

2182 734 2395 790 nobilis
2425 734 2796 806 intelligitur,
2819 738 3038 810 quippe
3064 739 3162 811 qui
3198 740 3255 793 in
3280 741 3598 813 semetipso
3622 746 3835 814 suapte

2183 828 2395 880 natura
2452 824 2788 896 puritatem,
2834 827 3230 884 sinceritatem
3284 833 3341 884 et
3390 830 3832 902 simplicitatem

2182 914 2374 970 omnis
2407 914 2775 970 admistionis
2806 921 3098 986 expertem
3148 919 3446 990 possideat
3479 937 3492 974 :
3523 921 3623 974 sed
3660 921 3831 975 nobi-

2183 1003 2258 1059 lis
2287 1004 2463 1059 etiam
2486 1009 2575 1059 est
2595 1005 2835 1060 omnino
2868 1008 3195 1063 secundum
3226 1008 3675 1077 humanitatem,
3701 1027 3832 1066 cum

2183 1094 2257 1149 sit
2289 1094 2613 1150 secundum
2647 1111 2880 1150 carnem
2915 1112 2982 1150 ex
3009 1096 3242 1152 Davidis
3275 1098 3498 1154 semine
3524 1099 3830 1155 oriundus.

2180 1184 2315 1238 Abit
2338 1179 2520 1255 igitur
2544 1184 2604 1238 in
2629 1183 3014 1257 longinquam
3049 1186 3368 1257 regionem,
3393 1205 3507 1243 non
3535 1192 3651 1242 tam
3688 1189 3836 1258 loco,

2183 1288 2359 1344 quam
2399 1289 2590 1328 rerum
2636 1278 2790 1328 statu
2841 1273 3114 1329 dissitam
3164 1279 3222 1330 et
3268 1281 3576 1332 remotam.
3611 1277 3832 1333 Etenim

2181 1362 2336 1418 Deus
2383 1361 2507 1432 ipse
2558 1361 2878 1433 unicuique
2929 1366 3193 1419 nostrum
3246 1380 3424 1436 prope
3477 1366 3664 1434 adest,
3699 1382 3834 1421 cum

2180 1451 2640 1506 familiaritatem
2672 1453 2800 1522 ejus
2851 1453 3021 1507 nobis
3063 1452 3382 1508 conciliant
3432 1454 3691 1510 actiones
3735 1455 3837 1511 bo-

2180 1557 2304 1595 nae:
2337 1543 2393 1595 et
2423 1539 2593 1611 longe
2624 1540 2789 1595 abest
2818 1544 2964 1608 tum,
2991 1557 3123 1597 cum
3158 1542 3484 1613 perditione
3517 1543 3838 1615 appropin-

2179 1633 2451 1701 quantes,
2502 1629 2898 1700 nosmetipsos
2948 1631 3020 1684 ab
3074 1646 3140 1685 eo
3189 1629 3558 1704 elongamus.
3613 1632 3836 1689 Nobilis

2176 1719 2274 1775 ille
2306 1720 2594 1774 mundum
2620 1719 2842 1792 peccati
2871 1719 3117 1792 imperio
3150 1721 3480 1792 subjectum
3516 1725 3570 1776 et
3601 1739 3840 1778 amaru-

2177 1809 2348 1864 lentaa
2405 1808 2630 1863 inimici
2658 1809 2958 1881 tyrannidi
3008 1809 3310 1865 subditum
3360 1811 3587 1878 videns,
3621 1815 3679 1867 ct
3717 1816 3837 1868 sta-

2179 1902 2302 1953 tum
2338 1898 2600 1970 principe
2631 1903 2928 1954 carentem
2977 1899 3314 1966 miseratus,
3350 1915 3448 1954 rex
3479 1916 3680 1955 eorum
3715 1900 3839 1955 fieri

2180 2003 2294 2042 non
2347 1987 2656 2043 recusavit.
2707 1985 2926 2058 Oportet
2976 1989 3129 2042 enim
3179 1988 3342 2043 illum
3390 2004 3646 2061 regnare,
3673 1990 3840 2046 donec

2175 2080 2349 2147 ponat
2395 2075 2650 2130 inimicos
2696 2075 2814 2146 ejus
2861 2074 2961 2130 sub
3003 2074 3230 2145 pedibus
3289 2076 3469 2146 ejus".
3514 2079 3834 2147 Postquam

2179 2165 2361 2236 igitur
2388 2164 2546 2220 venit
2574 2165 2631 2218 in
2664 2162 2858 2219 locum
2903 2163 3059 2218 hunc
3084 2167 3402 2229 terrenum,
3436 2164 3495 2218 in
3540 2163 3835 2235 regionem

2179 2253 2446 2309 videlicet
2468 2253 2668 2326 procul
2701 2269 2734 2307 a
2754 2253 2870 2308 Deo
2900 2256 3222 2321 remotam;
3249 2257 3312 2308 ut
3335 2254 3490 2310 580
3523 2253 3834 2324 imperium

2180 2343 2239 2398 in
2298 2346 2502 2415 gentes
2561 2341 2828 2413 accipiat,
2871 2342 3042 2412 juxta
3098 2340 3243 2396 illud
3305 2342 3518 2414 psalmi
3559 2342 3835 2397 dictum:

2181 2431 2413 2488 Postula
2444 2448 2476 2486 α
2510 2447 2614 2498 me,
2637 2436 2689 2486 et
2709 2430 2845 2485 dabo
2875 2429 2980 2484 tibi
2997 2435 3182 2498 gentes
3203 2431 3586 2486 hereditatem
3617 2432 3837 2498 tuam“;

2180 2520 2221 2576 ii
2264 2521 2366 2592 qui
2424 2520 2603 2590 hujus
2651 2519 2850 2575 saculi
2899 2519 3148 2590 principi
3200 2519 3688 2588 subjiciebantur,
3721 2536 3840 2575 non

2184 2610 2453 2666 homines
2494 2609 2710 2677 solum,
2744 2609 2843 2664 sed
2879 2615 2935 2664 et
2967 2613 3286 2680 potestates
3318 2609 3426 2664 sub
3471 2625 3538 2663 eo
3588 2607 3840 2663 militan-

2181 2704 2290 2764 tes,
2352 2714 2600 2771 regnum
2648 2698 2839 2771 ipsius
2898 2715 3013 2754 non
3060 2698 3454 2752 admiserunt.
3505 2697 3649 2753 Nam
3703 2713 3838 2752 cum

2183 2789 2444 2844 dedisset
2474 2797 2781 2860 pracepta,
2806 2804 2871 2843 ac
2897 2786 3175 2858 jussisset
3198 2791 3263 2841 ut
3292 2803 3360 2843 ea
3389 2787 3833 2858 perﬁcerentur,

2184 2894 2289 2933 nec
2347 2878 2500 2949 apud
2561 2894 2623 2932 se
2679 2877 2864 2933 otiosa
2925 2879 3286 2932 manerent:
3340 2876 3458 2930 imo
3516 2893 3650 2931 vero
3700 2892 3836 2931 cum

2185 2982 2387 3023 eorum
2448 2972 2736 3038 quaestum
2793 2966 3139 3037 requireret,
3197 2964 3421 3036 legatos
3479 2969 3613 3034 post
3671 2963 3838 3020 illum

2187 3057 2491 3126 miserunt,
2525 3056 2624 3126 qui
2673 3057 2799 3126 ejus
2847 3059 3129 3126 negarent
3160 3054 3473 3125 imperium
3523 3069 3590 3110 ac
3640 3053 3835 3109 detre-

421 3139 667 3214 ἐργασίαν
770 3138 945 3194 αὐτῶν
1023 3138 1427 3210 ἐπιζητοῦντος,
1504 3134 1752 3214 ἔπεμψαν
1823 3135 2076 3216 πρέσϐεις
2186 3148 2430 3200 ctarent.

428 3228 605 3284 ὀπίσω
636 3228 823 3296 αὐτοῦ,
854 3227 1174 3302 ἀρνούμενοι
1206 3227 1371 3283 αὐτοῦ
1398 3230 1497 3298 τήν
1535 3227 1836 3304 βασιλείαν.

492 3321 619 3375 264.
653 3316 813 3382 Τίνες
838 3315 929 3372 οὖν
961 3313 1234 3394 πρέσϐεις,
1285 3315 1412 3372 ἀλλ’
1461 3320 1571 3392 (42)
1609 3318 1644 3387 ἢ
1698 3319 1750 3373 οἱ
1796 3319 1887 3374 τὸν
1922 3318 2081 3374 θάνα-

422 3429 513 3463 τον
562 3407 942 3482 ἐνεργήσαντες
991 3411 1089 3462 τοῦ
1147 3413 1450 3484 Σωτῆρος;
1509 3408 1575 3464 Οἱ
1627 3407 1946 3480 νομίσαντες
1995 3406 2086 3464 διὰ

421 3493 520 3552 τοῦ
582 3500 815 3573 σταυροῦ
875 3493 1183 3550 διακόπτειν
1241 3495 1407 3550 αὐτοῦ
1457 3496 1558 3565 τήν
1615 3496 1704 3551 ἐπὶ
1751 3497 1844 3552 τόν
1876 3497 2080 3571 κόσμον

431 3585 730 3663 βασιλείαν,
792 3586 844 3640 οἱ
897 3584 1146 3661 λέγοντες
1195 3589 1294 3658 τῷ
1329 3583 1576 3658 Πιλάτῳο
1630 3587 1717 3654 Μή
1777 3586 1972 3663 γράφε,
1999 3586 2082 3642 ὅτι

424 3677 488 3734 Ὀ
522 3678 633 3750 (43)
695 3673 952 3751 βασιλεὺς
1007 3679 1116 3730 τῶν
1175 3672 1476 3746 Ἰουδαίων,
1534 3672 1660 3730 ἀλλ’
1707 3673 1792 3729 ὅτι
1847 3677 2084 3739 Ἐκεῖνος

429 3766 564 3835 εἶπε,
629 3763 884 3840 βασιλεύς
940 3763 1053 3837 εἰμι
1109 3768 1218 3818 τῶν
1281 3761 1579 3819 Ἰουδαίων.
1634 3763 1790 3820 Ἀλλ’
1845 3760 1999 3840 ὅμως
2047 3768 2081 3835 ἡ

426 3853 664 3927 πονηρία
707 3857 815 3909 τῶν
875 3851 1205 3909 κωλυόντων
1264 3852 1457 3915 αὐτοὺς
1510 3853 1604 3926 μὶν
1664 3854 1965 3929 κατέκρινε,
2012 3858 2082 3929 τῇ

429 3941 487 3999 δὶ
517 3943 810 4018 οἰκονομίᾳ
858 3944 961 3998 οὐκ
1001 3939 1297 3998 ἐνεπόδισε.
1354 3943 1637 4017 Κρατήσας
1691 3943 1793 4019 γὰρ
1849 3950 1950 4014 τῆς
1989 3945 2083 4020 βα-

429 4033 656 4105 σιλείας,
703 4033 794 4088 καὶ
831 4029 1114 4106 διανείμας
1171 4037 1288 4094 τοῖς
1338 4028 1560 4095 δούλοις
1609 4033 1746 4087 κατά
1800 4033 1899 4102 τὴν
1936 4033 2080 4106 ἀξίαν

423 4131 524 4195 τῆς
553 4122 777 4180 ἑκάστου
831 4122 1010 4178 αὑτῶν
1070 4120 1341 4198 ἐργασίας,
1401 4119 1675 4176 ἐκέλευσεν
1734 4121 1930 4185 αὐτοὺς
1976 4145 2085 4201 φω-

425 4220 680 4284 νηθῆναι,
733 4210 826 4268 ’ίνα
878 4217 991 4288 γνῷ
1042 4210 1096 4268 τί
1155 4210 1690 4286 ἐπραγματεύσαντο,
1726 4211 1822 4267 Καὶ
1869 4216 1948 4284 τῷ
1991 4213 2084 4286 μὲν

425 4303 651 4380 πρώτῳ,
702 4299 830 4357 δέκα
891 4305 1024 4375 μνᾶς
1081 4300 1624 4376 προσεμγασαμένῳ,
1684 4298 1880 4355 ἔδωκεν
1941 4301 2085 4373 ἐξου-

429 4389 544 4446 σίαν
573 4390 754 4447 ἐπάνω
786 4387 912 4446 δέκα
940 4389 1176 4446 πόλεων·
1235 4393 1314 4461 τῷ
1363 4387 1419 4444 δὲ
1469 4387 1726 4464 δεοτέρῳ,
1759 4391 1917 4446 πέντε
1950 4398 2082 4464 μνᾶς

427 4481 875 4558 προσπορίσαντι,
938 4477 1116 4555 λέγει’
1164 4477 1321 4534 Γίνου
1389 4479 1503 4551 (44)
1558 4477 1734 4533 ἐπάνω
1781 4479 1940 4535 πέντε
1982 4479 2083 4535 πό-

2187 3378 2195 3383 .
2261 3324 2386 3377 264.
2421 3323 2668 3390 Quinam
2700 3322 2880 3394 igitur
2908 3321 3107 3394 legati,
3131 3321 3244 3376 nisi
3276 3321 3313 3375 ii
3349 3321 3450 3392 qui
3483 3319 3686 3376 mortis
3717 3323 3846 3376 Ser-

2190 3412 2408 3468 vatoris
2435 3412 2592 3468 fuere
2625 3412 2932 3469 auctores?
2975 3412 3082 3480 Qui
3118 3428 3220 3484 per
3249 3427 3479 3466 crucem
3533 3411 3848 3482 imperium

2193 3503 2348 3574 quod
2415 3501 2476 3556 in
2537 3501 2825 3556 mundum
2895 3501 3091 3572 habet,
3151 3499 3489 3556 exscindere
3549 3515 3610 3555 se
3678 3516 3852 3572 posse

2193 3591 2654 3662 arbitrabantur,
2690 3607 2754 3646 ac
2803 3591 3077 3645 dicebant
3128 3590 3307 3645 Pilato
3342 3605 3355 3644 :
3389 3587 3521 3644 Noli
3567 3589 3806 3644 scribere
3833 3606 3853 3644 :

2193 3681 2309 3736 Rex
2335 3681 2678 3748 Iudaeorum,
2709 3680 2801 3735 sed
2829 3681 2961 3750 quia
3007 3681 3102 3735 ille
3133 3679 3300 3747 dixit,
3334 3683 3450 3733 Rea:
3480 3694 3604 3732 sum
3636 3677 3856 3734 Iudaeo-

2193 3787 2318 3825 rum
2341 3771 2379 3824 ο.
2427 3774 2696 3824 Attamen
2745 3786 2947 3824 eorum
2999 3769 3099 3839 qui
3153 3766 3542 3840 prohibebant
3596 3766 3863 3837 nequitia

2193 3859 2356 3931 ipsos
2407 3859 2644 3930 quidem
2701 3857 3264 3927 condemnavit,st
3299 3856 3397 3911 Dei
3445 3855 3691 3912 consilio
3742 3872 3858 3911 non

2193 3949 2443 4006 obstitit.
2472 3949 2792 4021 Postquam
2823 3948 2977 4004 enim
3013 3947 3237 4018 potitus
3271 3945 3480 4001 fuisset
3509 3961 3708 4018 regno,
3740 3961 3859 4001 ser-

2191 4040 2397 4110 visque
2453 4054 2560 4109 pro
2617 4039 2906 4109 cujusque
2969 4034 3174 4091 merito
3234 4035 3470 4105 negotia
3529 4049 3594 4089 ac
3651 4034 3856 4089 munia

2193 4128 2463 4184 obeunda
2495 4127 2916 4194 distribuisset,
2952 4125 3141 4182 vocari
3175 4124 3307 4179 illos
3339 4124 3544 4196 jussit,
3580 4127 3644 4177 ut
3675 4139 3850 4195 quem

2194 4222 2484 4283 quaestum
2531 4217 2824 4282 fecissent,
2859 4218 3220 4287 agnosceret.
3257 4214 3324 4268 Et
3370 4212 3555 4283 primo
3587 4211 3844 4282 quidem,

2193 4308 2295 4379 qui
2356 4307 2542 4362 fuerat
2591 4321 2761 4361 mnas
2811 4307 3011 4360 decem
3063 4303 3347 4370 lucratus,
3382 4301 3543 4357 dedit
3591 4305 3850 4372 potesta-

2191 4401 2310 4452 tem
2344 4413 2522 4468 super
2569 4395 2768 4451 decem
2818 4394 3084 4449 civitates
3118 4410 3130 4448 :
3165 4391 3334 4447 alteri
3365 4407 3496 4446 vero
3527 4389 3627 4462 qui
3677 4405 3847 4445 muas

2194 4485 2456 4556 quinque
2515 4487 2976 4555 comparaverat,
3028 4482 3103 4537 ail
3153 4497 3167 4536 :
3220 4482 3339 4537 Esto
3394 4495 3556 4551 super
3613 4481 3853 4550 quinque

428 4571 590 4629 λεων.
649 4572 749 4627 Τὸν
810 4567 866 4626 δὶ
923 4567 975 4625 ἐν
1037 4565 1310 4656 σουδαρίῳ
1356 4565 1632 4656 ἄπρακτον
1682 4567 1850 4639 αὐτὴν
1876 4567 2075 4641 ἀποδή-

2188 4574 2528 4630 civitates”.
2559 4576 2636 4628 At
2679 4588 2816 4628 vero
2865 4587 3065 4627 mnam
3117 4571 3302 4642 jussit
3358 4568 3570 4625 auferri
3629 4567 3701 4623 ab
3759 4583 3848 4638 eo,

429 4681 593 4716 σαντα
644 4661 1002 4738 ἀφαιρεθῆναι
1031 4655 1372 4733 προσέταξεν.
1421 4657 1552 4713 ’Ότε
1613 4653 1673 4711 δὲ
1699 4658 1768 4712 τὰ
1795 4658 1918 4735 περὶ
1949 4659 2075 4725 τοὺς

2188 4663 2288 4736 qui
2320 4664 2512 4735 ipsam
2542 4662 2790 4719 otiosam
2834 4661 2893 4716 in
2935 4660 3174 4717 sudario
3207 4659 3492 4730 alligaret.
3524 4662 3844 4728 Postquam

500 4860 520 4894 ⁷
553 4859 576 4915 Ι
608 4857 737 4914 Cor.
765 4873 862 4928 xv,
891 4858 981 4912 25.
1058 4857 1079 4892 ³
1109 4855 1263 4912 Psal.
1297 4872 1360 4923 ιι,
1390 4857 1444 4912 8.
1523 4855 1545 4891 ⁰
1574 4855 1744 4912 Joan.
1777 4873 1896 4924 xxx,
1925 4857 2016 4914 21.

2188 4861 2311 4917 Luc.
2345 4877 2462 4930 xrx,
2491 4861 2560 4916 15
2590 4876 2721 4933 sqq.

499 5039 613 5123 (39)
641 5037 829 5123 gods}:
857 5036 1243 5123 Henrieianus
1262 5043 1320 5123 et
1347 5039 1447 5096 alii
1481 5042 1743 5123 quinque
1775 5060 1919 5102 mss.
1945 5061 2082 5123 cum

427 5109 622 5191 editis,
651 5109 749 5191 lteri
781 5109 810 5165 6
839 5109 982 5191 κατα
1021 5109 1112 5164 τὸν
1161 5109 1515 5191 Σωτᾼῆραηᾳΐξ
1536 5115 1615 5191 ita
1643 5109 1876 5191 quoque
1903 5119 2078 5191 apud

431 5185 776 5260 Procopium
807 5185 918 5242 sub
949 5185 1139 5260 finem
1159 5185 1385 5260 paginas
1414 5187 1521 5260 208
1548 5185 1920 5260 legiturISed
1941 5185 2084 5246 Cur-

428 5255 712 5314 terius‘de
743 5274 870 5330 suo,
901 5261 967 5330 ut
996 5255 1419 5328 mihiquidem
1449 5255 1702 5316 videtur.
1725 5263 2082 5328 emendavit,

430 5330 806 5406 scripsitque,
837 5329 972 5384 κατά
1003 5331 1190 5406 σάρκα·
1243 5330 1303 5386 id
1347 5332 1503 5402 quod
1535 5331 1618 5406 ita
1644 5332 2082 5406 interpretatur,

431 5407 576 5477 Ipse,
626 5404 900 5474 praeterea
945 5402 1245 5477 secundum
1290 5419 1518 5477 carnem
1567 5405 1748 5477 homo,
1779 5402 1886 5463 etc.
1921 5402 2083 5463 Hanc

434 5475 831 5547 conjecturam
860 5475 1138 5558 amplecti
1161 5475 1374 5546 poterit
1405 5476 1507 5558 q_ui
1541 5477 1693 5558 volet
1706 5475 1741 5558 ’τ’
1755 5481 1854 5534 scd
1887 5479 2084 5536 existi-

439 5566 541 5623 ξῐιοΔ
574 5562 846 5620 magnam
878 5547 1453 5623 diligentiamquasri
1484 5565 1600 5606 non
1631 5550 1861 5623 debere,
1896 5569 2084 5623 neque

437 5621 495 5677 in
519 5620 660 5703 hoc,
673 5618 881 5703 ineque
911 5619 978 5703 in.
993 5618 1278 5703 Procqpii"
1292 5618 1745 5703 Commentario.

512 5693 628 5770 (40)
646 5687 870 5752 Ἀᾶάῖια
895 5696 987 5753 est
1012 5687 1220 5753 vocula
1247 5687 1307 5749 ἄν
1338 5710 1408 5752 ex
1434 5694 1624 5754 tribus
1653 5694 1973 5756 codicibus.

2265 5048 2381 5118 (41)
2409 5045 2649 5118 Antiqui
2684 5049 2800 5101 tres
2834 5044 2989 5116 libri,
3019 5040 3436 5118 rogéipxqvgoc.
3575 5105 3593 5118 λ

2263 5104 2378 5191 (42)
2409 5104 2649 5192 Εάξιῑῗθι
2682 5104 3448 5192 ωεξηηοῑίηιιὶιίξπρέσᾷεις
3501 5104 3692 5192 ἄλλοι.
3734 5105 3850 5160 Alii

2193 5182 2458 5264 quidam,
2492 5187 2655 5246 ἄλλοι
2703 5182 2976 5264 πρέσϐεις.
3031 5182 3172 5260 Reg.
3224 5182 3430 5242 tertius
3480 5188 3546 5238 ut
3593 5182 3653 5236 in
3707 5195 3848 5235 con-

2192 5270 2379 5408 teiigi
2409 5334 2648 5390 Veteres
2681 5332 2904 5404 aliquot
2950 5329 3084 5386 libri
3119 5346 3251 5386 cum
3304 5343 3470 5384 sacro
3500 5326 3685 5393 textu,
3715 5319 3847 5396 γρά-

2195 5409 2377 5551 φεὲιλ)
2410 5477 2587 5551 Editi,
2637 5471 3030 5551 Ftvou,__cpnciv.
3063 5473 3276 5551 Vopem
3326 5471 3596 5551 ultimam
3629 5461 3847 5551 (island-

2197 5540 2739 5621 mus,'aliquorum
2792 5540 3076 5621 IibrOrum
3138 5545 3332 5621 tidem
3372 5540 3577 5598 secuti.
3637 5540 3844 5621 Statim

2193 5610 2356 5690 editi,
2390 5610 2666 5690 Te'at...
2718 5615 3072 5690 ἀποδήσαντι.
3127 5617 3189 5673 ,ιι
3235 5615 3499 5689 quinque
3546 5627 3713 5677 ωδε..
3745 5610 3845 5659 Τὸν

2195 5641 2356 5690 eam,
2390 5641 2454 5678 '1':
2542 5641 2666 5676 οε...

2195 5691 2320 5754 δέ...
2351 5641 2716 5764 ἀποδήσαντα.
