4150 6400
313 334 436 397 583

1255 322 1652 389 APPENDIX
1691 321 2024 386 OPRUM
2067 323 2136 386 Β.
2179 320 2469 386 BASILII
2512 323 2797 387 MAGNI.

3619 329 3741 392 584

315 471 514 524 autem
545 479 640 520 res
668 478 797 535 qua!
835 462 909 518 ad
957 461 1194 518 Judeos
1247 457 1614 531 spectabant,
1645 456 1975 514 ordinasset

2091 451 2387 518 Ἰουδαίους
2442 452 2720 526 διετάξατο
2800 456 3021 532 (Καιρὸς
3075 455 3210 533 γὰρ,
3260 457 3396 536 φησί
3453 459 3594 534 (45),
3649 466 3750 518 τοῦ

314 559 556 628 (Tempus
613 561 694 609 est
751 552 938 620 enim,
981 549 1193 621 inquit,
1242 551 1305 603 ut
1352 549 1596 619 incipiat
1638 545 1916 618 judicium
1947 563 1980 601 a

312 645 472 702 domo
531 645 634 700 Dei
659 644 749 714 “),
782 647 925 697 tunc
984 638 1259 694 inimicos
1309 637 1408 709 qui
1457 638 1588 708 ejus
1637 638 1981 692 recusarant

311 734 632 806 imperium
673 730 855 803 jussit
893 729 953 784 in
985 727 1578 784 medium’adductos
1620 723 1885 798 jugulari
1911 724 1978 777 η.

315 825 468 880 Sunt
486 827 640 880 certe
665 838 777 878 non
808 817 1003 890 pauci,
1021 817 1120 889 qui
1142 816 1334 872 nolint
1363 816 1423 870 in
1454 815 1565 871 hac
1586 815 1708 870 vita
1733 829 1980 886 regnare

315 930 494 986 super
523 929 585 968 se
615 909 936 966 Christum.
961 907 1070 974 Qui
1121 907 1280 962 enim
1329 905 1748 977 mancipantur
1778 904 1978 976 impu-

313 1001 496 1067 ritati,
527 1005 586 1056 et
635 999 707 1055 ab
764 999 852 1053 ira
899 997 1238 1064 vincuntur,
1279 999 1338 1051 et
1387 993 1650 1051 serviunt
1678 993 1976 1064 (avaritia,

315 1093 373 1147 hi
407 1106 584 1162 super
611 1104 674 1146 se
714 1086 1033 1143 Dominum
1077 1099 1320 1158 regnare
1352 1082 1582 1150 nolunt,
1614 1088 1791 1155 atque
1821 1082 1976 1154 quod

313 1180 521 1236 attinet
551 1179 622 1233 ad
665 1178 928 1250 ipsorum
972 1174 1352 1244 voluntatem,
1386 1175 1713 1229 detrectant
1762 1189 1828 1228 ac
1877 1172 1980 1228 de-

313 1272 634 1343 precantur
661 1267 853 1339 ipsius
904 1280 1171 1336 regnum.
1200 1263 1353 1320 Dicit
1383 1263 1454 1318 de
1500 1262 1572 1318 iis
1605 1261 1789 1318 Isaias
1820 1261 1978 1334 quod

313 1360 434 1416 sint
461 1356 760 1413 turbandi.
794 1355 1112 1411 Dominum
1145 1353 1305 1408 enim
1337 1352 1396 1408 in
1429 1353 1691 1408 secundo
1723 1352 1978 1406 adventu

315 1465 451 1506 cum
483 1446 739 1502 viderint
770 1445 809 1500 ii
843 1444 943 1516 qui
985 1443 1163 1499 vitam
1196 1446 1535 1514 transegere
1586 1441 1645 1496 in
1700 1439 1978 1512 peccatis,

317 1542 380 1594 et
407 1535 773 1608 evangelicos
803 1533 935 1588 illos
967 1532 1127 1604 regni
1158 1547 1350 1588 mores
1381 1547 1486 1603 pro
1519 1529 1704 1586 nihilo
1738 1530 1979 1600 duxere,

320 1626 722 1682 Turbabuntur
777 1624 998 1695 utique,
1055 1625 1105 1677 et
1161 1621 1378 1678 dolores
1435 1622 1578 1692 ipsos
1637 1620 1981 1692 occupabunt

315 1719 474 1789 quasi
500 1715 760 1770 mulieris
807 1712 1198 1784 parturientis.
1231 1709 1594 1782 Signiﬁcavit
1624 1726 1727 1781 per
1775 1712 1980 1781 partus

317 1805 547 1862 dolores
578 1801 798 1858 doloris
843 1801 1004 1856 illius
1035 1799 1435 1870 acerbitatem,
1470 1799 1570 1872 qui
1622 1815 1725 1871 per
1773 1813 1976 1870 pecca-

311 1898 509 1951 torum
542 1890 963 1948 conscientiam
1007 1906 1108 1946 cor
1156 1905 1360 1944 eorum
1393 1889 1604 1960 pungit
1629 1905 1695 1944 ac
1726 1887 1973 1944 sauciat.

313 1983 546 2040 Etenim
604 1985 810 2053 partus
869 1978 1056 2048 dolor,
1089 1983 1299 2034 acutus
1355 1977 1600 2049 quidam
1650 1977 1817 2033 dolor
1863 1981 1974 2046 est,

313 2072 414 2145 qui
447 2072 506 2126 in
539 2069 852 2143 praecipuis
882 2068 1154 2142 partibus
1193 2071 1458 2139 tempore
1500 2070 1707 2138 partus
1737 2066 1976 2138 corripit

311 2161 729 2234 parturientes.
765 2163 832 2215 Et
871 2160 1073 2230 faciem
1118 2173 1298 2224 suam,
1330 2157 1490 2229 quasi
1517 2157 1766 2226 ﬂamma,
1796 2161 1976 2210 muta-

314 2253 473 2307 bunt.
507 2249 814 2321 Proprium
863 2251 954 2303 est
1002 2263 1204 2303 eorum
1237 2246 1338 2318 qui
1371 2246 1590 2319 pudore
1619 2245 1973 2302 suffundun-

312 2345 436 2410 tur,
467 2342 526 2395 et
571 2339 632 2393 in
665 2337 982 2394 discrimen
1031 2336 1266 2407 aliquod
1318 2335 1658 2407 impingunt
1704 2335 1973 2406 inexspe-

316 2433 564 2500 ctatum,
593 2427 912 2483 immutare
952 2425 1152 2482 vultus
1189 2425 1468 2492 colorem,
1499 2426 1716 2497 quippe
1745 2424 1845 2496 qui
1873 2440 1973 2480 su-

315 2517 554 2592 perﬁcie
615 2521 789 2572 tenus
856 2516 1069 2572 rubore
1140 2515 1603 2587 periundantur,
1671 2513 1974 2585 animique

313 2607 686 2664 affectionem
717 2623 821 2678 per
859 2609 1238 2679 apparentem
1287 2603 1450 2660 illam
1498 2603 1972 2660 immutationem

315 2697 602 2754 indicent.

383 2875 492 2928 265
511 2875 712 2943 (Vsus.
737 2872 814 2944 9.)
838 2873 970 2927 Ecce
1009 2872 1158 2928 enim
1187 2870 1301 2927 dies
1339 2872 1572 2927 Domini
1599 2872 1744 2927 venit
1773 2871 1972 2927 imme-

317 2963 600 3031 dicabilis,
628 2963 841 3033 furoris
869 2969 921 3016 et
947 2963 1081 3028 irae;
1130 2965 1191 3016 nt
1235 2969 1406 3032 ponat
1453 2963 1638 3017 orbem
1683 2965 1851 3017 terrm
1879 2959 1970 3016 de-

309 3058 542 3123 sertum,
603 3059 655 3108 et
706 3059 1025 3124 peccatore:
1079 3050 1368 3122 disperdat
1422 3066 1492 3106 ea:
1544 3066 1624 3107 eo.
1686 3050 1971 3122 Superiu

313 3142 551 3215 quidem
593 3141 784 3196 dixit:
818 3142 1000 3212 Prope
1045 3145 1125 3196 est
1172 3140 1288 3196 die:
1337 3140 1560 3196 Domini
1605 3155 1624 3198 :
1672 3138 1767 3194 hic
1812 3155 1969 3204 vero,

2096 543 2353 622 ἄρξασθαι
2406 545 2470 599 τὸ
2527 542 2700 621 κρίμα
2757 544 2864 600 ἀπὸ
2917 549 3016 600 τοῦ
3071 542 3224 601 οἵκοῦ
3281 551 3378 602 τοῦ
3407 551 3588 623 Θεοῦ),
3631 549 3757 608 τότε

2089 633 2179 687 καὶ
2210 632 2339 694 τοὺς
2371 630 2628 708 ἐχθροὺς,
2659 630 2786 694 τοὺς
2815 631 3227 708 ἀρνησαμένους
3287 635 3461 690 αὐτοῦ
3500 637 3604 705 τὴν
3655 637 3754 714 βα.

2088 719 2320 793 σιλείαν,
2369 720 2647 777 ἐκέλευσεν
2699 721 2966 798 ἀχθέντας
3017 722 3096 786 εἰς
3147 724 3210 779 τὸ
3261 723 3423 798 μέσον
3479 745 3754 807 κατασφα-

2087 817 2274 887 γῆναι.
2324 809 2536 867 Πολλοὶ
2583 815 2711 888 γοῦν
2761 811 2893 867 εἴσιν
2947 813 2999 867 οἱ
3051 810 3105 867 έν
3165 818 3247 886 τῷ
3301 813 3407 888 βίῳ
3454 816 3636 891 τούτῳ
3670 820 3748 892 μὴ

2084 899 2334 964 Θέλοντες
2369 899 2671 976 βασιλεύειν
2704 899 2786 978 ἐφ’
2837 900 3038 958 έαυτῶν
3069 903 3161 958 τὸν
3198 899 3460 980 Χριστόν.
3523 906 3587 961 Ol
3642 907 3747 986 γὰρ

2089 989 2190 1045 ὑπὸ
2218 991 2316 1058 τήν
2351 989 2603 1067 πορνείαν
2641 989 2982 1068 τεταγμένοι,
3033 991 3123 1048 καὶ
3154 992 3207 1046 οἱ
3270 993 3372 1049 ὑπὸ
3419 998 3520 1050 τοῦ
3569 997 3746 1070 θυμοῦ

2084 1079 2608 1156 κατακρατούμενοι,
2656 1081 2747 1136 καὶ
2799 1081 2902 1136 ὑπὸ
2949 1087 3049 1152 τῆς
3091 1080 3408 1157 πλεονεξίας
3466 1082 3750 1143 δεδουλω-

2091 1167 2266 1243 μένοι,
2297 1169 2359 1224 οὐ
2392 1168 2640 1234 θέλουσιν
2692 1169 2776 1248 ἐφ’
2807 1170 3032 1233 ἑαυτοὺς
3063 1169 3368 1246 βασιλεύειν
3398 1173 3491 1229 τὸν
3519 1175 3749 1252 Κύριον,

2086 1259 2175 1313 καὶ
2247 1254 2372 1313 ὅσον
2433 1257 2520 1314 έπὶ
2576 1262 2644 1333 τῇ
2705 1261 2908 1315 ἑαυτῶν
2966 1260 3300 1336 προαιρέσει,
3359 1269 3750 1340 παραιτοῦνται

2087 1347 2250 1403 αὐτοῦ
2299 1348 2400 1417 τήν
2457 1346 2759 1424 βασιλείαν.
2793 1349 2925 1426 Περὶ
2973 1349 3182 1406 τούτων
3215 1352 3243 1406 ὁ
3296 1350 3517 1416 Ἠσαίας
3573 1353 3745 1431 λέγει,

2088 1436 2171 1493 ὅτι
2230 1439 2708 1514 Ταραχθήσονται.
2741 1436 2995 1496 Ἐπειδὰν
3054 1442 3168 1512 (46)
3223 1441 3326 1515 γὰρ
3373 1438 3559 1497 ἴδωσιν
3592 1441 3642 1498 έν
3675 1449 3744 1520 τῇ

2090 1524 2312 1603 δευτέρᾳ
2339 1525 2608 1600 ἐπιδημίᾳ
2637 1528 2729 1582 τὸν
2758 1527 2958 1603 Κύριον
3010 1529 3062 1584 οἱ
3107 1527 3160 1584 έν
3211 1529 3503 1606 ἁμαρτίαις
3558 1534 3748 1604 ζήοαν-

2087 1636 2193 1689 τες,
2223 1617 2311 1671 καὶ
2347 1617 2438 1672 τὸν
2512 1615 2856 1692 εύαγγελικὸν
2901 1617 3108 1694 τρύπον
3137 1625 3237 1688 τῆς
3288 1619 3565 1694 βασιλείας
3594 1621 3748 1696 έξου-

2089 1701 2437 1776 δενώσαντες,
2512 1708 2966 1782 Ταραχθήσονται
3044 1704 3330 1778 δηλονότι,
3397 1709 3488 1765 καὶ
3550 1709 3748 1776 ὠδῖνες

2089 1794 2282 1857 αὐτοὺς
2339 1791 2543 1868 ἕξουσιν
2621 1796 2697 1858 ὡς
2772 1797 3028 1870 γυναικὸς
3105 1797 3444 1869 τικτούσης·
3514 1801 3592 1857 Τὸ
3652 1800 3746 1875 ὀξὺ

2082 1892 2184 1955 τῆς
2236 1883 2542 1960 ἀλγηδόνος
2599 1884 2901 1956 νυσσούσης
2955 1891 3136 1961 αοτῶν
3196 1888 3295 1956 τὴν
3354 1885 3603 1965 καρδίαν,
3653 1891 3747 1946 καὶ

2083 1974 2630 2049 κατατιτρωσκούσης
2674 1975 2777 2030 ὑπὸ
2816 1979 2914 2030 τοῦ
2972 1972 3278 2038 συνειδότος
3330 1981 3440 2033 τῶν
3496 1981 3748 2056 ἁμαρτη-

2089 2066 2296 2138 μάτων,
2347 2062 2438 2120 διά
2484 2071 2582 2134 τῆς
2637 2061 2836 2127 ὠδῖνος
2884 2064 3210 2142 παρέστησε.
3271 2065 3375 2123 Καὶ
3405 2069 3506 2143 γὰρ
3539 2071 3574 2139 ἡ
3609 2067 3745 2133 ὠδίς

2085 2152 2306 2230 δριμεῖά
2359 2153 2442 2217 τίς
2473 2153 2614 2210 έστιν
2659 2151 2920 2225 ἀλγηδὼν
2970 2160 3091 2218 τοῖς
3140 2158 3527 2233 καιριωτάτοις
3587 2161 3745 2236 μέρε-

2084 2265 2188 2315 σιν,
2249 2243 2300 2300 έν
2331 2249 2408 2316 τῷ
2436 2249 2611 2320 καιρῷ
2633 2251 2734 2314 τῆς
2761 2246 3007 2314 κυήσεως
3054 2249 3176 2308 ταῖς
3231 2248 3545 2313 τικτούσαις
3597 2248 3745 2326 ἐγγι-

2082 2333 2310 2408 νομένη.
2387 2334 2487 2387 Καὶ
2543 2333 2607 2388 τὸ
2681 2331 2977 2410 πρόσωπον
3031 2333 3206 2390 αὐτῶν
3267 2335 3342 2399 ὡς
3387 2334 3525 2414 φλὸξ
3589 2360 3747 2412 μετα-

2083 2419 2366 2478 ϐαλοῦσιν.
2425 2421 2596 2478 Ἵδιον
2647 2426 2754 2477 τῶν
2790 2419 3255 2497 διατρεπομένων,
3313 2423 3404 2480 καὶ
3464 2425 3745 2504 ἀπροσδο-

2081 2513 2236 2585 κήτῳ
2294 2510 2455 2585 δεινῳ
2483 2511 2910 2586 περιπεσόντων,
2968 2513 3031 2568 τὸ
3075 2508 3402 2586 μεταϐαλεῖν
3431 2517 3494 2571 τὸ
3535 2521 3743 2593 χρῶμα

2080 2605 2177 2657 τοῦ
2206 2603 2527 2676 προσώπου,
2587 2600 3032 2678 έρυθραινόμενοι
3080 2603 3215 2658 κατὰ
3258 2605 3359 2674 τήν
3400 2602 3737 2683 ἐπιφάνειαν,

2081 2692 2170 2747 καὶ
2201 2691 2264 2746 τὸ
2290 2697 2393 2761 τῆς
2418 2694 2606 2766 ψυχῆς
2636 2692 2808 2756 πάθος
2837 2689 2926 2746 διὰ
2960 2694 3060 2761 τῆς
3112 2691 3544 2768 έπιφαινομένης
3575 2716 3739 2770 μετα-

2082 2775 2259 2845 ϐολῆς
2286 2779 2446 2851 έπιση
2458 2779 2736 2854 μαίνοντες
2765 2782 2902 2855 (47).

2151 2871 2278 2927 265.
2336 2867 2476 2925 Ἰδοὺ
2530 2869 2632 2946 γὰρ
2701 2869 2884 2946 ἡμέρᾳ
2956 2871 3163 2946 Κυρίου
3222 2865 3443 2948 ἔρχεται
3499 2872 3731 2946 ἀνίατος,

2083 2962 2260 3031 θυμοῦ
2306 2958 2395 3013 καὶ
2447 2959 2660 3034 ὀργῆςο
2731 2960 2902 3014 Θεῖναι
2956 2960 3057 3028 τὴν
3113 2958 3444 3034 οΐκουμένην
3499 2959 3728 3037 ἔρημον,

2080 3047 2171 3103 καὶ
2228 3047 2357 3111 τοὺς
2429 3046 2798 3124 ἁμαρτωλοὺς
2883 3047 3148 3104 ἀπολέσαι
3221 3049 3272 3121 ἐξ
3325 3049 3488 3121 αὐτῆς
3524 3073 3536 3084 ·
3586 3052 3733 3108 Ἀνω

2086 3138 2179 3210 μὲν
2241 3136 2406 3192 εἶπενο
2481 3136 2676 3214 Ἐγγὺς
2751 3140 2786 3207 ἡ
2846 3136 3029 3212 ἡμέρα
3087 3138 3310 3215 Κυρίουο
3359 3139 3583 3205 ένταΰθα
3657 3139 3733 3198 δέ·

310 3213 434 3288 Die:
463 3232 686 3288 Domini
731 3232 900 3301 venit,
934 3237 996 3284 ut
1023 3235 1193 3302 ponat
1229 3229 1419 3285 orbem
1464 3235 1631 3286 terra:
1671 3228 1962 3284 desertum.

2086 3225 2288 3300 Ἡμέρα
2341 3213 2820 3304 Κυρίουγέρχεται,
2881 3233 3050 3292 θεῖναι
3105 3213 3206 3297 τῆν
3263 3226 3594 3306 δῖκουμένην
3625 3233 3737 3305 (48)

310 3321 368 3376 Si
399 3320 532 3392 quis
567 3321 696 3391 jam
725 3319 948 3374 tradita
992 3318 1303 3390 diligenter
1332 3319 1620 3386 observet,
1651 3317 1971 3390 deprehen:

315 3426 498 3467 eurus
531 3413 622 3465 est
673 3425 791 3464 non
840 3409 912 3465 de
958 3408 1161 3464 eadem
1213 3408 1308 3463 die
1369 3407 1493 3464 ﬁeri
1548 3424 1879 3464 sermonem
1911 3408 1972 3463 in

316 3503 570 3571 utroque
601 3497 916 3570 prophetiae
940 3499 1286 3566 fragmento.
1309 3500 1457 3552 Nam
1487 3497 1544 3552 in
1569 3496 1758 3568 primo
1781 3512 1972 3552 sermo

313 3589 384 3643 ﬁt
415 3589 488 3643 de
518 3587 755 3660 propria
783 3588 1074 3658 cujusque
1102 3585 1632 3655 consummatione,
1657 3584 1806 3642 581
1843 3601 1972 3656 quae

313 3693 496 3750 prope
529 3677 697 3732 adest
729 3693 741 3731 :
774 3677 833 3730 in
885 3675 1089 3743 altero,
1121 3675 1279 3747 quod
1325 3679 1415 3729 est
1463 3673 1522 3729 in
1573 3673 1868 3742 manibus,
1903 3675 1973 3732 de

313 3767 654 3824 universali.
686 3766 816 3821 Haec
857 3765 1014 3822 enim
1047 3769 1223 3836 ponet
1243 3763 1439 3820 orbem
1461 3768 1626 3819 terra;
1650 3765 1969 3833 desertum,

308 3860 550 3928 propter
581 3856 735 3927 quod
780 3854 1030 3910 infertur
1054 3854 1258 3924 (Vens.
1286 3854 1374 3925 10)
1409 3871 1422 3909 :
1455 3854 1518 3909 Et
1546 3852 1731 3909 stella:
1770 3855 1893 3909 cali
1920 3862 1973 3911 et

317 3945 486 4001 Orion
517 3960 627 3999 non
655 3943 861 3998 dabunt
891 3944 1088 3998 lucem.
1122 3945 1288 3998 Forte
1331 3947 1527 3998 autem
1575 3943 1701 3998 dies
1734 3942 1834 3998 illa
1865 3960 1969 4015 pe-

310 4033 612 4090 culiariter
643 4033 861 4088 dicitur
890 4031 1037 4098 dies,
1072 4032 1226 4103 quod
1266 4031 1455 4102 ipsius
1486 4035 1678 4087 status
1709 4049 1864 4088 unus
1895 4033 1971 4089 sit

308 4128 367 4179 et
397 4123 574 4179 idem.
600 4122 724 4178 Non
758 4121 916 4178 enim
950 4125 1117 4177 nocte
1147 4120 1538 4189 interdicitur,
1565 4137 1672 4176 nec
1702 4137 1832 4177 eam
1862 4123 1970 4178 cir-

311 4213 660 4270 cumscribit
687 4226 950 4284 vespera.
981 4211 1046 4266 Et
1078 4211 1218 4282 quia
1247 4227 1316 4266 ea
1345 4227 1473 4282 quis
1507 4210 1566 4265 in
1597 4211 1855 4268 tenebris
1885 4211 1969 4267 la-

304 4304 500 4370 titant,
532 4303 592 4358 in
624 4303 756 4375 ipsa
787 4301 882 4356 die
909 4302 1274 4374 detegantur,
1299 4300 1424 4356 dies
1455 4300 1556 4356 illa
1586 4301 1709 4356 dies
1737 4303 1970 4374 proprie

304 4392 540 4448 dicitur.
575 4396 648 4446 At
678 4407 814 4447 vero
845 4390 966 4447 haec
989 4390 1110 4448 vita
1140 4407 1252 4446 nox
1281 4395 1392 4455 est,
1425 4391 1482 4446 in
1515 4407 1636 4462 qua
1665 4390 1968 4448 occultan-

303 4485 404 4537 tur
432 4480 826 4553 turpitudinis
854 4497 1054 4553 opera.
1087 4479 1252 4535 Unde
1281 4484 1339 4535 et
1369 4478 1452 4534 ait
1482 4496 1496 4536 :
1529 4481 1648 4535 Non:
1691 4495 1971 4552 progressa

2081 3315 2308 3393 ἔρημον.
2369 3316 2433 3373 0'
2461 3311 2704 3392 ἀκριϐῶς
2757 3320 2944 3393 τηρῶν
2970 3315 3037 3372 τὰ
3091 3314 3490 3392 ἀποδεδομένα,
3523 3318 3738 3396 εύρήσει

2082 3406 2164 3462 ὅτι
2225 3407 2290 3461 ού
2348 3404 2473 3480 περὶ
2530 3411 2632 3474 τῆς
2692 3404 2858 3476 αὐτῆς
2915 3406 3124 3482 ἡμέρας
3183 3408 3485 3486 ἀμφότεραι
3534 3410 3590 3464 αἱ
3637 3416 3739 3480 τῆς

2079 3493 2416 3572 προφητείας
2473 3494 2767 3571 περικοπαὶ
2825 3492 3157 3571 διηγοῦνται.
3195 3497 3254 3550 Ἣ
3315 3497 3411 3570 μὲν
3468 3499 3572 3574 γὰρ
3604 3517 3740 3571 προ-

2079 3586 2210 3660 τέρα
2263 3585 2389 3660 περὶ
2435 3591 2537 3654 τῆς
2587 3581 2724 3646 ἰδίας
2771 3583 2996 3641 έκάστου
3054 3587 3358 3649 συντελείας
3414 3584 3538 3656 ἥτις
3571 3586 3738 3664 ἐγγὺς

2079 3676 2357 3751 πάρεστιν·
2391 3676 2426 3744 ἡ
2461 3671 2518 3729 δέ
2549 3673 2600 3729 έν
2632 3673 2812 3751 χερσὶ,
2870 3676 2995 3751 περὶ
3049 3683 3149 3746 τῆς
3204 3675 3522 3746 καθολικῆς.
3571 3679 3734 3748 Θήσει

2077 3763 2179 3838 γὰρ
2237 3762 2371 3834 αὕτη
2430 3764 2528 3832 τήν
2586 3762 2916 3837 οἰκουμένην
2949 3760 3184 3838 ἔρημον,
3217 3762 3307 3820 διὰ
3335 3766 3396 3820 τὸ
3429 3764 3737 3844 ἐπάγεσθαι,

2081 3851 2166 3907 ὅτι
2225 3853 2328 3911 Καὶ
2385 3853 2438 3908 οὶ
2491 3850 2708 3928 ἀστέρες
2766 3857 2864 3908 τοῦ
2923 3854 3158 3930 ούρανοῦ
3217 3855 3309 3910 καὶ
3369 3856 3397 3910 ὁ
3434 3856 3627 3933 Ὠρίων
3672 3857 3737 3912 ού

2081 3939 2315 3997 δώσουσι
2346 3945 2480 4021 φῶς.
2513 3943 2667 4017 Τάχα
2699 3938 2756 3997 δὲ
2785 3941 2968 4017 ἡμέρα
3028 3942 3241 4018 λέγεται
3290 3944 3493 4019 κυρίως
3537 3944 3739 4020 ἐκείνη,

2079 4029 2169 4086 διὰ
2195 4031 2259 4086 τὸ
2289 4030 2572 4105 ἡνωμένον
2602 4037 2703 4101 τῆς
2735 4033 3132 4094 καταστάσεως·
3194 4034 3274 4090 Ού
3305 4034 3406 4110 γὰρ
3449 4031 3738 4090 διακόπτε-

2076 4141 2164 4175 ται
2213 4120 2388 4188 νυκτὶ,
2449 4117 2574 4175 οὐδὲ
2620 4120 2951 4199 περιγράφει
3000 4121 3168 4192 αὐτὴν
3226 4123 3443 4198 ἑσπέρα.
3494 4124 3592 4178 Καὶ
3650 4121 3740 4179 διὰ

2075 4209 2139 4265 τὸ
2194 4213 2554 4286 φανεροῦσθαι
2631 4211 2685 4264 ἰν
2755 4210 2892 4284 αὐτῇ
2950 4210 3018 4266 τὰ
3071 4211 3287 4283 κρυπτᾶ
3341 4217 3438 4268 τοῦ
3488 4213 3736 4284 σκότους,

2077 4299 2259 4374 ἡμέρα
2294 4299 2388 4374 μὲν
2437 4298 2614 4368 έκείνὴ
2664 4299 2865 4373 κυρίως
2918 4301 3400 4378 προσαγορεύεται.
3446 4301 3557 4372 Νὺξ
3590 4299 3648 4358 δι
3706 4303 3735 4357 ὁ

2084 4389 2200 4464 βίος
2253 4387 2433 4458 οὗτος,
2492 4387 2544 4444 έν
2596 4389 2642 4462 ᾧ
2690 4388 3123 4466 συγκεκάλυπται
3181 4393 3247 4447 τὰ
3302 4399 3404 4462 τῆς
3463 4390 3738 4467 αΐσχύνης

2079 4475 2207 4553 ἔργα
2285 4477 2404 4542 ὅθεν
2462 4478 2578 4548 καὶ,
2644 4479 2707 4535 Ἡ
2757 4478 2849 4551 νὺξ
2908 4481 3042 4553 (49),
3102 4481 3258 4559 φησὶ,
3311 4480 3640 4555 προέκοψεν,
3698 4483 3732 4549 ἡ

302 4578 409 4641 est,
443 4571 557 4626 dies
583 4579 772 4626 autem
809 4569 1361 4641 apprOpinquavit”.
1392 4567 1543 4632 Quin
1592 4573 1650 4624 et
1695 4569 1821 4625 dies
1868 4569 1971 4625 illa

2086 4564 2137 4622 δὲ
2167 4566 2348 4642 ἡμέρα
2397 4565 2650 4644 ἤγγικεν,
2711 4569 2918 4641 Ἐκείνη
2973 4567 3031 4624 δὲ
3072 4572 3107 4640 ἡ
3160 4571 3343 4647 ἡμέρα
3371 4570 3462 4625 καὶ
3521 4570 3733 4630 ἀνίατος

306 4659 528 4715 dicitur
555 4659 730 4715 etiam
775 4657 1252 4724 immedicabilis,
1287 4657 1445 4728 quod
1477 4657 1604 4714 dies
1649 4658 1862 4714 furoris
1893 4659 1970 4713 sit

2086 4656 2318 4731 λέγεται,
2377 4659 2553 4731 θυμοῦ
2610 4657 2741 4714 οὖσα
2795 4659 2885 4714 καὶ
2917 4659 3104 4736 ὀργῆς,
3165 4659 3217 4715 έν
3275 4659 3312 4734 ᾖ
3361 4661 3464 4715 οὐκ
3488 4657 3630 4715 ἔστιν
3659 4658 3736 4733 ἐξ·

305 4755 363 4805 et
389 4750 509 4819 iraa,
548 4749 606 4805 in
631 4766 745 4822 qua
776 4749 939 4804 locus
972 4764 1089 4802 non
1122 4747 1480 4818 relinquitur
1503 4746 1838 4817 placationi,
1864 4765 1968 4803 nec

2086 4744 2390 4819 ιλάσασθαι,
2442 4745 2570 4803 οὐδὲ
2623 4751 2738 4803 οἷον
2785 4747 3032 4813 ἰάσασθαι
3090 4749 3218 4812 τοὺς
3276 4749 3733 4826 προσαγομένους

310 4839 541 4896 medela
572 4839 696 4895 ulla
721 4839 904 4910 poenis
933 4837 992 4891 in
1024 4853 1092 4892 ea
1121 4835 1362 4892 inﬂictis
1393 4835 1582 4891 afferri
1616 4841 1826 4908 potest.
1860 4840 1970 4894 Ita-

2086 4835 2162 4892 έπ’
2217 4837 2354 4912 αὐτῇ
2417 4840 2530 4912 (50)
2558 4837 2780 4901 πόνους.
2815 4839 2908 4908 Μὴ
2943 4839 3032 4894 οὖν
3064 4840 3456 4914 ταμιευώμεθα
3486 4837 3564 4902 είς
3594 4840 3735 4895 ἐκεί-

306 4945 421 5000 que
453 4946 526 4986 nc
557 4929 614 4984 in
649 4927 817 4983 illum
851 4925 1007 4982 diem
1038 4924 1380 4982 differamus
1410 4925 1832 4996 confessiones,
1865 4928 1966 4983 sed

2086 4948 2171 4998 νην
2203 4927 2304 4998 τὴν
2349 4926 2557 5002 ἡμέραν
2607 4929 2702 4992 τὰς
2759 4926 3208 5004 έξομολογήσεις,
3249 4927 3398 4987 ἀλλὰ
3442 4931 3733 5004 νοήσωμεν

383 5099 424 5136 ¹¹
458 5100 479 5156 Ι
511 5103 665 5157 Petr.
698 5115 776 5167 IV,
811 5099 898 5154 17.
979 5098 1024 5133 ¹²
1060 5101 1194 5154 Luc.
1225 5112 1341 5164 xix,
1373 5097 1463 5153 27.
1542 5098 1586 5135 ¹³
1617 5098 1782 5156 Rom.
1809 5116 1935 5170 xm,
1971 5101 2058 5157 12.

378 5252 491 5326 (45)
525 5251 624 5308 Hic
653 5269 855 5308 vocem
883 5270 1015 5326 φησι
1049 5249 1389 5307 addidimus
1411 5266 1480 5306 ex
1504 5251 1806 5309 codicibus
1836 5253 1965 5325 qui-

2148 5253 2266 5326 (48)
2293 5251 2539 5326 Codices
2568 5256 2711 5322 tres,
2742 5252 3072 5326 οἰκουμένην
3104 5251 3264 5326 ὅλην.

307 5325 618 5405 bule-damn
875 5325 902 5405 .'
1199 5393 1210 5405 .
1269 5392 1324 5405 ,Η
1427 5389 1483 5405 Μ
1563 5395 1713 5405 ______
1773 5395 1826 5405 I_
1893 5395 1903 5405 _
2147 5325 2485 5405 (49)A_Nostri
2535 5342 2635 5382 sex
2682 5343 2853 5395 mss.,
2885 5325 2920 5396 ἡ
2953 5326 3064 5400 νύξ.
3117 5329 3293 5386 Deest
3339 5325 3623 5384 articulus
3673 5328 3736 5384 in

378 5397 488 5468 (46)
519 5398 758 5480 yeteree
789 5394 1049 5480 quinque
1078 5389 1539 5480 libri,"Ent‘t§aiv.
1563 5395 1738 5451 Editi.
1773 5395 1960 5480 Ἐπάγ.

2086 5389 2351 5480 vulgatis.

304 5461 437 5524 de
468 5461 630 5536 editi,
660 5461 864 5540 τρόπον
911 5461 1010 5534 τῆς
1041 5461 1343 5526 πολιτείας.
1375 5467 1449 5523 Αι
1487 5472 1606 5524 tres
1637 5485 1799 5535 mss.,
1833 5465 1959 5540 τρό-

301 5560 402 5615 πον
435 5541 546 5615 τῆς-
561 5535 866 5615 βασιλείας.

373 5614 487 5686 (47)
517 5608 756 5687 Codices
788 5615 930 5682 tres,
962 5612 1058 5666 τοῦ
1088 5609 1390 5687 προσώπου
1435 5608 1958 5687 έρυθραινομένου...

304 5683 789 5760 έπισημαίνοντος.

2145 5468 2261 5541 (50)
2293 5468 2445 5525 Editi
2475 5472 2533 5525 et
2576 5485 2722 5526 mss.
2757 5470 3050 5541 nonnulli,
3081 5468 3164 5525 έπ⁹
3194 5469 3384 5539 αὐτῆς.
3420 5469 3525 5527 Alii
3561 5485 3732 5540 mss.,

2073 5537 2344 5616 ἐπάὖτῇ.
2386 5543 2517 5600 Mox
2575 5559 2745 5612 mss.,
2793 5537 3199 5618 ταμιευώμεθα.
3247 5537 3422 5614 Editi,
3469 5537 3728 5618 ταμιευόὲ

2075 5623 2230 5688 μεθα.
