4150 6374
331 440 450 499 585

1122 433 1532 496 COMMENT.
1580 430 1660 490 IN
1703 429 1976 491 ISAIAM
2019 428 2528 491 PROPHETAM.
2573 431 2744 493 CAP.
2793 434 2957 495 ΧΙῙΙ.

3628 432 3752 497 586

328 569 391 625 τὸ
451 566 802 640 οἰκονομικὸν
859 572 963 636 τῆς
1015 568 1258 642 Γραφῆς,
1314 558 1481 641 φόϐον
1540 565 1673 616 Θεοῦ
1729 561 1986 635 γεννῆσαι

2107 565 2443 630 reputemus
2474 563 2785 620 nobiscum
2820 566 3075 634 prudens
3108 565 3249 621 illud
3273 566 3591 638 Scriptum
3619 581 3754 621 con-

335 655 706 733 βουλομένης,
762 654 852 710 καὶ
901 651 1319 729 παιδαγωγῆσαι
1377 651 1503 713 τοὺς
1559 648 1987 722 ἐντευξομένους,

333 745 655 823 ἐργάζεσθαι
706 746 846 815 (5t).
901 740 1007 804 τέως
1083 744 1263 817 ἡμέρα
1341 739 1501 795 ἐστίνο
1560 740 1817 813 Ἔρχεται
1874 736 1986 807 νὺξ,

335 836 426 890 ὅτε
482 833 660 889 οὐκέτι
738 830 916 893 οὐδεὶς
977 828 1196 885 δύναται
1256 828 1593 905 ἐργάζεσθαι.
1654 829 1715 884 Ὀ
1782 826 1834 881 ἐν
1909 828 1989 895 τῷ

337 922 476 998 φωτῖ
508 924 614 976 τῶν
648 919 883 975 ἐντολῶν
916 921 1013 972 τοῦ
1048 920 1287 992 Χριστοῦ
1333 918 1668 989 περιπατῶν,
1700 911 1751 967 ἐν
1806 913 1991 987 ἡμέρᾳ

336 1012 513 1068 έστίν’
576 1011 604 1065 6
662 1004 1103 1084 παραδεδομένος
1156 1009 1236 1075 τῷ
1292 1004 1469 1075 σκότῳ
1514 1007 1595 1074 τῷ
1648 1001 1875 1072 αἰωνίῳ,
1933 999 1986 1054 ἐν

334 1101 487 1156 νυκτὶ
539 1100 840 1174 γενήσεται.
874 1097 958 1151 Ἐν
1019 1094 1194 1168 έκείνῃ
1254 1097 1322 1167 τῇ
1378 1093 1526 1147 νυκτὶ
1580 1091 1757 1145 οὐκέτι
1807 1087 1984 1164 ἔργον,

336 1188 516 1245 οὐκέτι
576 1186 997 1259 ἐξομολόγησις·
1032 1180 1160 1237 ἀλλ’
1206 1182 1260 1235 αἱ
1325 1181 1419 1254 μὲν
1470 1184 1654 1255 χεῖρες
1705 1175 1983 1250 δεδεμέναι

331 1281 424 1335 καὶ
457 1280 508 1333 οἱ
540 1275 700 1339 πόδες
744 1281 865 1339 τοῖς
912 1271 1133 1346 δεσμοῖς
1187 1277 1295 1325 τῶν
1345 1270 1497 1325 ἰδίων
1550 1270 1982 1345 ἁμαρτημάτων.

335 1372 601 1440 Δήσαντες
658 1366 763 1441 γὰρ
844 1363 1002 1418 αὐτὸν
1076 1365 1278 1437 χειρῶν
1358 1360 1447 1415 καὶ
1520 1356 1727 1426 ποδῶν,
1787 1352 1984 1412 ἐκϐάλ-

332 1459 454 1515 λετε
484 1457 599 1529 (52)
630 1455 705 1518 εἷς
736 1454 799 1508 τὸ
830 1454 1023 1515 σκότος
1049 1451 1111 1505 τὸ
1142 1449 1423 1523 ἐξώτερον.
1447 1446 1675 1503 Γλῶσσα
1718 1444 1775 1501 δὲ
1807 1446 1983 1501 οὐκέτι

336 1543 732 1619 ἐξομολόγησιν
793 1539 922 1596 οὐδὲ
977 1537 1172 1595 α’ίνεσιν
1229 1542 1361 1593 Θεοῦ
1421 1536 1673 1607 λαλήσει,
1707 1535 1981 1611 ἀσχολου-

341 1633 474 1707 μένη
530 1631 656 1707 περὶ
712 1632 805 1685 τὸν
865 1627 1161 1704 στεναγμὸν
1212 1628 1302 1682 τὸν
1356 1627 1416 1681 ὲκ
1459 1624 1565 1681 τῶν
1606 1624 1787 1680 πόνων
1846 1624 1982 1697 αὐτῇ

334 1722 704 1799 έγγινόμενον.
765 1718 863 1773 Διὰ
943 1721 1105 1773 τοῦτο
1183 1710 1402 1791 ἔρχεται
1459 1717 1495 1785 ἡ
1554 1714 1737 1790 ἡμέρα
1805 1712 1980 1784 εκείνη

336 1810 548 1872 ἀνίατος
573 1811 711 1881 (53).

405 1898 533 1953 266.
564 1896 631 1953 Οἱ
690 1893 794 1970 γὰρ
853 1891 1067 1968 ἀστέρες
1120 1895 1217 1995 τοῦ
1267 1891 1525 1995 οὐρανοῦ,
1555 1890 1642 1944 καὶ
1706 1890 1734 1944 6
1765 1888 1978 1995 ’S’Zplﬁo'v,
2010 1930 2060 1995 B

335 1984 427 2039 καὶ
485 1989 590 2046 πᾶς
649 1983 678 2037 6
729 1982 935 2055 κόσμος
989 1985 1084 2034 τοῦ
1141 1979 1375 2056 οὐρανοῦ
1445 1978 1509 2034 τὸ
1577 1982 1694 2054 φῶς
1752 1977 1813 2032 οὐ
1873 1973 1981 2031 δώ-

340 2093 515 2143 σουσι,
572 2071 662 2127 καὶ
738 2072 1147 2140 σκοτισθήσεται
1230 2071 1326 2123 τοῦ
1407 2065 1573 2137 ἡλίου
1656 2064 1980 2122 ἀνατέλλον-

334 2184 452 2231 τος,
515 2160 605 2216 καὶ
661 2162 697 2229 ἡ
752 2157 953 2229 σελήνη
1014 2158 1075 2213 οὖ
1136 2154 1297 2212 δώσει
1353 2156 1417 2211 τὸ
1465 2160 1580 2234 φῶς
1636 2154 1826 2219 αὐτῆς.
1881 2154 1981 2208 Καὶ

337 2249 662 2323 έντελοῦμαι
718 2250 787 2322 τῇ
846 2247 1140 2320 οἰκουμένῃ
1197 2243 1304 2318 ὅλῃ
1347 2245 1505 2311 κακὰ,
1536 2243 1626 2299 καὶ
1679 2248 1799 2305 τοῖς
1856 2242 1981 2297 ἀσε-

334 2336 453 2394 ϐέσι
497 2338 593 2399 τὰς
649 2335 917 2411 ἁμαρτίας
970 2333 1168 2390 αὐτῶν.
1202 2337 1457 2405 Φανερῶς
1512 2333 1612 2402 τὴν
1672 2329 1979 2387 συντέλειαν

336 2426 618 2504 διαγράφει
650 2425 740 2481 καὶ
789 2425 890 2492 τήν
940 2427 1034 2478 τοῦ
1065 2423 1265 2484 παντὸς
1321 2421 1675 2495 μεταποίησιν
1705 2423 1733 2476 6
1763 2423 1980 2499 προφή-

331 2539 452 2589 της.
482 2515 615 2571 Τότε
642 2514 742 2591 γὰρ
774 2513 1004 2584 ἡλιακὸν
1038 2517 1154 2588 φῶς
1209 2510 1497 2585 ὶπιλείψει,
1530 2512 1618 2566 καὶ
1678 2513 1713 2580 ἠ
1775 2510 1979 2581 σελήνη

334 2612 495 2682 σῶμα
522 2600 669 2662 ἔσται
701 2601 973 2675 ἀλαμπὲς,
1003 2600 1090 2656 καὶ
1140 2602 1168 2655 6
1198 2601 1419 2673 Ὠρίων,
1456 2602 1484 2655 6
1532 2601 1827 2677 φανότατος
1873 2604 1981 2654 τῶν

336 2695 593 2770 ἀστέρων,
621 2695 685 2750 τὸ
742 2698 856 2771 φῶς
903 2689 965 2747 o6
1024 2688 1207 2746 δώσει’
1241 2689 1305 2744 Oi.
1346 2688 1561 2766 ἀστέρες
1606 2693 1704 2744 τοῦ
1753 2688 1984 2764 οὐρανοῦ

334 2785 425 2841 καὶ
454 2784 481 2840 6
513 2783 703 2858 Ὠρίων
733 2784 795 2838 τὸ
827 2785 939 2860 φῶς
990 2779 1053 2835 οὐ
1106 2776 1390 2850 δώσουσιν,
1425 2776 1552 2853 οὗχί
1606 2777 1983 2849 σκοτιζόμενοι

338 2874 429 2932 διὰ
456 2875 518 2930 τὸ
547 2872 966 2948 καταυγάζεσθαι
1002 2869 1107 2926 ὑπὸ
1154 2873 1261 2923 τῶν
1304 2874 1403 2923 τοῦ
1454 2866 1621 2938 ἡλίου
1678 2866 1981 2923 ἀνατολῶν·

335 2968 497 3020 τοῦτο
518 2963 622 3038 γὰρ
643 2961 735 3016 καὶ
766 2961 820 3015 έν
848 2962 917 3032 τῇ
948 2962 1040 3012 νῦν
1073 2956 1255 3029 ἡμέρᾳ
1278 2955 1503 3031 γίνεται,
1536 2953 1625 3008 καὶ
1656 2954 1801 3031 παρὰ
1854 2958 1983 3007 πᾶσι

337 3059 453 3116 τοῖς
485 3050 756 3122 ἒξετάσασι
786 3049 853 3103 τὰ
882 3049 997 3102 κατ’
1050 3044 1274 3122 οὐρανὸν
1335 3045 1632 3123 φαινόμενα
1689 3041 1985 3117 ὁμολογεῖ-

336 3162 423 3197 ται
456 3137 690 3214 (54),8τι
722 3137 850 3213 οὐχὶ
881 3129 1299 3191 ἀποσϐέννυνται
1331 3134 1383 3188 οἱ
1410 3131 1627 3209 ἀστέρες
1661 3131 1712 3186 ὲν
1743 3136 1822 3204 τῷ
1853 3132 1985 3206 ὑπὲρ

335 3236 436 3308 γῆν
494 3227 842 3305 ἡμισφαιρίῳ
898 3224 1160 3297 κείμενοι*
1194 3220 1340 3279 ἀλλὰ
1392 3227 1471 3294 τῷ
1530 3222 1983 3296 ὑπεραυγάζεσθαι

336 3286 456 3380 ταῖς
495 3286 757 3387 ήλιακαῖς
815 3286 1025 3368 ἀκτῖσιν
1082 3286 1529 3385 ἐξαμαυροῦνται.
1559 3286 1756 3384 ⁴Ὸπερ’
1787 3286 1879 3364 καὶ
1933 3310 1984 3363 ὲν
2017 3286 2061 3354 C

336 3413 455 3470 ταῖς
514 3406 625 3476 νυξὶ
684 3403 888 3481 γίνεται
940 3406 1060 3466 ταῖς
1114 3398 1503 3471 πανσελήνοις,
1534 3398 1989 3472 περιλαμποόσης

335 3504 436 3566 τῆς
460 3496 597 3551 κατά
625 3495 725 3564 τήν
759 3489 999 3561 σελήνην
1030 3489 1422 3566 λαμπρότητος
1449 3486 1578 3552 τοὺς
1623 3486 1869 3561 ἀστέρας,
1901 3487 1990 3541 καὶ

340 3585 439 3641 οὐκ
468 3586 646 3655 ἒώσης
676 3581 849 3637 αὐτῶν
891 3580 986 3642 τὰς
1039 3579 1204 3653 αὐγὰς
1246 3575 1638 3649 διαφαίνεσθσι.
1672 3573 1840 3633 Οὐδὲν
1899 3572 1990 3629 οῦν

338 3674 548 3730 τούτων
581 3676 689 3726 τῶν
722 3670 859 3725 κατά
890 3668 1045 3746 φύσιν
1095 3661 1500 3739 συμϐαινόντων
1554 3666 1582 3719 6
1633 3663 1799 3740 λόγος
1856 3684 1993 3739 παρ-

347 3764 577 3833 ίστησιν,
611 3758 757 3814 ἀλλὰ
784 3757 1023 3825 παντελῆ
1056 3760 1163 3810 τῶν
1198 3754 1431 3830 ἀστέρων
1462 3753 1745 3823 σκότωσιν,
1777 3753 1864 3807 καὶ
1896 3755 1995 3807 τοῦ

344 3850 539 3911 παντὸς
576 3845 982 3921 μετακόσμησιν
1025 3846 1153 3915 (55).
1189 3842 1364 3913 Δῆλον
1415 3841 1473 3898 δὲ
1521 3842 1603 3898 ὅτι
1635 3842 1867 3918 Ὠρίωνα
1905 3838 1995 3897 λέ-

342 3960 424 4015 γει
456 3941 492 4008 ὴ
522 3937 706 4014 Γραφή
757 3936 819 3991 τὸ
874 3932 1126 4005 σύστημα
1156 3936 1262 3986 τῶν
1324 3930 1492 3987 ε’ίκοσι
1541 3931 1631 3986 καὶ
1686 3929 1780 3986 δύο
1840 3931 1995 3985 ἀστέ-

348 4049 484 4104 ρων,
515 4027 575 4082 ὅν
604 4046 746 4087 τινες
796 4026 909 4098 (56)
971 4022 1301 4095 ὀνομάζουσι
1352 4020 1596 4087 Βοώτην*
1631 4019 1721 4081 οὓς
1770 4021 1820 4076 οἱ
1872 4019 1997 4092 περὶ

343 4122 512 4173 ταῦτα
544 4113 710 4171 δεινοὶ
741 4110 1183 4189 καταμερίζουσι,
1215 4110 1305 4164 καί
1364 4118 1490 4187 φασι
1546 4108 1675 4174 τοὺς
1735 4110 1829 4182 μὲν
1886 4110 2000 4163 τέσ-

351 4227 517 4280 σαρας
551 4205 684 4260 εἶναι
714 4202 901 4279 τρίτου
936 4201 1216 4277 μεγέθους,
1240 4199 1390 4253 ὲννέα
1449 4196 1507 4252 δὲ
1563 4198 1616 4253 ἒν
1677 4198 1858 4261 αὐτοῖς
1914 4219 1999 4253 τε-

349 4293 573 4367 τάρτου,
604 4288 693 4345 καί
725 4287 851 4359 τοὺς
910 4286 1117 4350 ἄλλους
1166 4287 1314 4342 ἐννέα
1366 4290 1462 4342 τοῦ
1519 4286 2001 4358 πέρ.πτου.Κεῖται

353 4378 411 4436 δὶ
438 4385 601 4435 τοῦτο
631 4380 692 4433 τὸ
720 4382 828 4433 τῶν
862 4377 1100 4449 ἀστέρων
1132 4378 1245 4447 (57)
1278 4372 1551 4449 ἄθροισμα
1583 4373 1635 4430 έν
1675 4381 1755 4448 τῷ
1808 4376 2005 4452 βορείῳ

355 4471 531 4545 μέρει,
561 4467 694 4545 ὅπερ
725 4465 814 4522 καὶ
849 4466 954 4520 ὕπὸ
981 4472 1082 4536 τῆς
1113 4468 1358 4543 Γραφῆς,
1386 4465 1460 4527 ὡς
1494 4464 1551 4519 ἓν
1593 4469 1776 4537 σῶμα,
1808 4465 2003 4541 Ὠρίων

350 4559 690 4633 ὠνόμασται.
723 4557 927 4628 Ἀστρα
958 4551 1014 4609 δὲ
1041 4557 1209 4609 ταῦτα
1239 4552 1483 4629 λέγουσι,
1517 4554 1603 4608 καὶ
1661 4553 1793 4628 οὐχὶ
1852 4555 2007 4609 ἀστέ-

2102 649 2324 714 silium,
2350 667 2474 721 quae
2496 651 2623 705 vult
2656 669 2854 723 parere
2885 655 3055 709 nobis
3086 659 3141 708 et
3174 654 3432 710 incutere
3455 654 3554 710 Dei
3585 655 3756 710 timo-

2101 755 2248 802 rem.
2295 756 2530 811 eosque,
2575 742 2674 812 qui
2741 742 2857 797 haec
2909 743 3114 798 lecturi
3175 749 3361 811 erant,
3395 745 3581 799 donec
3629 743 3755 799 dies

2098 832 2207 895 est,
2240 828 2310 882 ad
2344 832 2705 899 cperandum
2743 832 2992 886 erudire.
3035 834 3184 887 Venit
3214 848 3345 900 nox,
3377 832 3597 902 quando
3625 848 3755 887 am-

2099 914 2255 985 plius
2304 932 2461 970 nemo
2518 927 2694 986 potest
2736 922 2957 989 operari
2983 921 3039 973 “.
3080 920 3357 990 Quisquis
3413 921 3473 974 in
3531 920 3755 975 lumine

2099 1004 2511 1060 mandatorum
2546 1006 2756 1061 Christi
2790 1008 3067 1074 ambulat,
3096 1017 3359 1063 versatur
3385 1009 3442 1063 in
3477 1008 3571 1063 die
3606 1008 3752 1079 :qui

2096 1092 2329 1146 teternis
2388 1094 2641 1149 tenebris
2700 1096 2974 1151 addictus
3031 1103 3139 1165 est,
3177 1096 3235 1150 in
3295 1103 3465 1159 nocte
3520 1098 3650 1151 erit.
3685 1096 3749 1150 In

2098 1187 2263 1236 nocte
2293 1180 2393 1236 illa
2424 1200 2536 1237 non
2586 1184 2836 1254 amplius
2868 1202 3036 1256 opus,
3069 1202 3179 1240 non
3232 1186 3487 1257 amplius
3516 1185 3753 1241 confes-

2096 1271 2183 1324 sio
2222 1287 2234 1324 :
2278 1272 2376 1325 sed
2442 1288 2653 1327 manus
2713 1290 2778 1327 ac
2838 1274 3013 1342 pedes
3072 1273 3317 1327 vinculis
3375 1278 3745 1342 peccatorum

2097 1376 2338 1414 suorum
2376 1358 2741 1431 Iigabuntur.
2775 1363 3000 1416 Etenim
3036 1363 3310 1417 manibus
3340 1364 3469 1433 ejus
3498 1366 3555 1417 et
3583 1362 3749 1433 pedi-

2098 1447 2205 1502 bus
2263 1446 2480 1518 ligatis,
2524 1449 2715 1518 ejicite
2772 1453 2827 1504 in
2879 1452 3151 1505 tenebras
3202 1450 3601 1505 exteriores“.
3632 1450 3746 1504 Nec

2095 1536 2348 1608 amplius
2405 1537 2679 1609 loquetnr
2737 1539 2940 1611 lingua
2987 1540 3437 1609 confessionem,
3490 1543 3594 1593 aut
3647 1539 3746 1593 Dei

2094 1623 2326 1681 laudem
2360 1642 2373 1681 :
2410 1627 2625 1697 quippe
2667 1626 2724 1682 in
2757 1626 2919 1682 luctu
2949 1644 3124 1699 quem
3160 1628 3416 1699 irrogata
3446 1626 3559 1683 sibi
3602 1643 3744 1698 sup-

2092 1712 2263 1783 plicia
2294 1714 2553 1781 alferent,
2587 1715 2989 1787 occupabitur.
3023 1716 3163 1770 Eam
3195 1715 3268 1770 ob
3308 1731 3430 1771 rem
3460 1714 3618 1771 venit
3646 1714 3745 1768 in-

2093 1802 2376 1857 sanabilis
2407 1802 2506 1858 illa
2534 1802 2680 1860 dies.

2160 1893 2285 1948 266.
2311 1896 2584 1957 VsasJO,
2600 1896 2686 1950 11.
2706 1896 2845 1951 Nam
2862 1896 3042 1952 stellae
3059 1895 3181 1950 caeli
3201 1897 3250 1949 et
3274 1895 3466 1965 Orion,
3488 1901 3541 1950 et
3562 1895 3744 1952 omni:

2090 1986 2318 2037 ornatus
2363 1983 2491 2039 ειειί
2537 1984 2715 2039 lucem
2756 2000 2865 2039 non
2915 1984 3150 2050 dabunt,
3192 1989 3242 2039 et
3294 1984 3746 2040 oblenebrabitur

2088 2074 2198 2126 sole
2228 2074 2457 2140 oriente,
2490 2077 2544 2127 et
2586 2073 2718 2128 luna
2747 2088 2859 2127 non
2887 2072 3042 2128 dabit
3089 2072 3434 2144 splendorem
3461 2088 3642 2126 suum.
3678 2074 3744 2128 Et

2089 2160 2359 2216 mandabo
2380 2161 2502 2215 orbi
2519 2164 2779 2217 universo
2799 2162 2967 2229 mala,
2993 2169 3044 2217 et
3068 2162 3256 2229 impii:
3283 2170 3501 2231 peccata
3528 2176 3740 2216 eorum.

2091 2247 2668 2304 Consummationem
2714 2266 2778 2305 ac
2824 2250 3011 2305 totius
3058 2250 3217 2304 orbis
3272 2249 3740 2304 immutationem

2091 2340 2291 2409 aperte
2309 2337 2585 2393 describit
2608 2339 2907 2410 propheta.
2923 2339 3090 2394 Tunc
3111 2338 3266 2393 enim
3289 2337 3519 2393 deﬁciet
3536 2336 3741 2393 lumen

2092 2425 2304 2489 solare,
2336 2423 2590 2496 lunaque
2638 2426 2748 2482 erit
2786 2444 3001 2498 corpus
3049 2426 3379 2498 splendoris
3428 2443 3656 2498 expers,
3686 2430 3745 2480 et

2092 2514 2267 2569 Orion
2299 2514 2604 2570 stellarum
2651 2516 3131 2587 splendidissima
3164 2517 3349 2571 lucem
3381 2532 3496 2570 non
3529 2515 3694 2570 dabit
3725 2531 3740 2570 :

2092 2604 2279 2661 Stellae
2308 2602 2435 2659 eazlz
2479 2612 2528 2659 et
2565 2605 2739 2662 Orion
2782 2621 2893 2660 non
2942 2605 3149 2659 dabunt
3198 2606 3404 2659 lumen.
3437 2605 3565 2659 Non
3616 2604 3743 2660 ideo

2091 2696 2287 2749 tamen
2333 2694 2829 2764 obscurabuntur,
2863 2695 3019 2766 quod
3072 2695 3188 2751 sint
3235 2693 3377 2750 solis
3426 2697 3557 2749 ortu
3607 2692 3745 2749 illu-

2092 2780 2341 2837 strandi.
2374 2781 2493 2837 Hoc
2523 2784 2677 2837 enim
2719 2782 2893 2838 etiam
2945 2784 3003 2838 in
3057 2782 3324 2855 presenti
3372 2782 3466 2838 die
3513 2781 3744 2852 accidit,

2094 2874 2270 2939 atque
2301 2869 2355 2923 in
2392 2870 2661 2925 confesso
2691 2876 2782 2925 est
2820 2872 2973 2942 apud
3006 2888 3212 2927 omnes
3243 2871 3342 2942 qui
3388 2886 3480 2925 res
3508 2870 3568 2925 in
3602 2869 3746 2924 cmlo

2094 2963 2443 3030 apparentes
2473 2959 2877 3028 observarunt,
2907 2958 3109 3015 stellas
3138 2958 3199 3014 in
3230 2975 3297 3014 eo
3329 2957 3745 3029 hemispbtsrio

2097 3048 2252 3119 quod
2284 3053 2436 3103 terra
2466 3048 2736 3118 superius
2778 3057 2863 3103 est
2892 3047 3203 3103 collocatas
3242 3062 3617 3119 nequaquam
3647 3062 3748 3102 ex-

2095 3134 2347 3207 stingui;
2371 3137 2470 3191 sed
2495 3140 2832 3206 eas,utpote
2852 3152 2885 3189 a
2906 3136 3085 3191 radiis
3109 3136 3402 3191 solaribus
3422 3135 3746 3190 admodum

2096 3223 2485 3288 illuminatas,
2537 3222 2860 3279 obscurari.
2893 3224 3052 3286 Quod
3105 3223 3304 3277 itidem
3356 3222 3642 3293 contingit
3687 3224 3749 3277 in

2100 3311 2395 3377 noctibus,
2413 3328 2546 3367 cum
2569 3312 2743 3384 plena
2764 3317 2852 3366 est
2877 3310 3039 3377 luna,
3064 3310 3256 3366 lunari
3282 3310 3503 3366 lumine
3523 3309 3755 3366 undeli-

2100 3402 2196 3457 bet
2225 3400 2423 3456 stellas
2454 3399 2812 3468 illustrante,
2843 3416 2949 3455 nec
2980 3416 3178 3455 earum
3212 3397 3586 3471 splendorem
3613 3415 3754 3455 con-

2100 3489 2242 3561 spici
2278 3489 2528 3545 sinente.
2560 3489 2763 3561 Itaque
2813 3487 2959 3544 nihil
3003 3505 3205 3544 eorum
3239 3506 3366 3560 quaa
3414 3487 3761 3544 naturaliter

2101 3578 2395 3648 eveniunt,
2430 3577 2731 3647 Scriptura
2761 3577 3074 3647 significat,
3099 3577 3198 3632 sed
3231 3576 3524 3649 integram
3556 3575 3760 3633 stella-

2103 3685 2233 3723 rum
2266 3666 2758 3732 obscurationem,
2780 3671 2834 3719 et
2864 3666 3071 3720 mundi
3096 3666 3351 3721 universi
3381 3665 3763 3721 transforma-

2102 3759 2343 3813 tionem.
2369 3755 2576 3827 Liquet
2611 3758 2807 3810 autem
2844 3753 3000 3810 illam
3028 3753 3276 3809 duarum
3302 3759 3359 3809 et
3379 3754 3589 3827 viginti
3621 3752 3763 3810 stel-

2108 3848 2293 3901 larum
2329 3843 2727 3899 collectionem
2761 3843 2874 3898 dici
2918 3861 2952 3898 a
2981 3842 3283 3915 Scriptura
3319 3843 3555 3913 Oriona,
3588 3859 3702 3916 qua

2107 3933 2374 3990 nonnulli
2406 3932 2707 4005 appellant
2731 3936 2978 3998 Booten;
3013 3947 3161 4002 quas
3188 3933 3288 4002 qui
3323 3932 3769 4005 barummm

2109 4023 2277 4095 periti
2305 4027 2467 4085 sunt,
2490 4021 2781 4091 dividunt,
2801 4021 3123 4091 dicuntque
3145 4021 3555 4095 quatuowe
3583 4032 3769 4086 tertia

2109 4110 2560 4185 magnitudinis,
2586 4109 2739 4167 582
2776 4125 2980 4164 novem
3004 4126 3137 4164 vero
3162 4109 3377 4192 ενεῆ,
3408 4120 3650 4192 quartae,
3672 4137 3779 4176 no-

2111 4218 2236 4256 vem
2280 4204 2477 4257 autem
2512 4197 2792 4271 reliquas,
2822 4197 3199 4271 quinta/Hic
3231 4213 3426 4264 autem
3470 4207 3778 4264 stellarum

2113 4293 2322 4364 globus
2354 4290 2413 4345 in
2448 4288 2664 4344 boreali
2701 4288 3119 4367 parte/lefatus
3152 4307 3252 4362 est,
3276 4313 3446 4367 quem
3471 4296 3778 4367 Scriptura

2113 4393 2395 4453 tanquam
2428 4394 2607 4433 unum
2635 4384 2849 4453 cgrpﬁs
2872 4384 3086 4439 Oriona
3108 4385 3349 4441 vocavit.
3377 4386 3556 4440 Aiunt
3578 4388 3776 4442 autem

2116 4468 2239 4523 haec
2269 4483 2396 4521 esse
2451 4468 2663 4547 sitm
2670 4486 2779 4525 non
2834 4470 3055 4541 stellas,
3081 4472 3236 4544 quod
3298 4477 3457 4528 astra
3516 4473 3781 4531 indicent

2119 4548 2521 4613 multitudinis
2549 4559 2860 4628 cujusdam
2884 4561 3213 4631 congeriem
3238 4578 3252 4616 :
3280 4566 3482 4618 contra
3504 4579 3781 4636 unaquae-

347 4667 460 4723 ρας·
496 4647 570 4709 ὡς
605 4649 711 4701 τῶν
778 4645 873 4719 μὲν
921 4642 1130 4719 ἄστρων
1184 4640 1432 4712 πλήθους
1491 4641 1740 4697 σύστασιν
1800 4643 1991 4720 έμφαι-

2110 4662 2224 4718 que
2254 4644 2426 4702 stella
2476 4647 2767 4717 privatim,
2788 4648 3020 4703 dicatur
3068 4649 3256 4705 stella.
3278 4650 3427 4715 Quin
3458 4651 3634 4707 etiam
3663 4652 3776 4707 Ar-

345 4736 572 4806 νόντων,
605 4733 829 4807 ἀστέρος
863 4729 922 4786 δὲ
948 4734 1046 4785 τοῦ
1075 4732 1195 4785 καθ’
1244 4728 1469 4787 ¹ἕκαστον
1531 4728 1856 4805 λεγομένου.
1908 4732 2005 4786 Καὶ

343 4827 443 4877 τοῦ
475 4820 813 4898 ’Δρκτούρου
844 4817 903 4875 δὲ
937 4821 1209 4893 μέμνηται
1238 4819 1273 4889 ἡ
1307 4820 1518 4897 Γραφὴ,
1562 4817 1621 4874 ὅν
1655 4819 1849 4892 μεταξὺ
1896 4824 2003 4875 τῶν

424 5048 472 5084 ¹⁶
496 5047 670 5104 Joan.
701 5063 783 5113 Ix,
816 5046 905 5102 14.
983 5043 1029 5082 ¹⁵
1058 5043 1262 5100 Matth.
1293 5060 1434 5115 χιιι,
1468 5043 1555 5100 13.
1634 5045 1679 5081 ¹⁶
1705 5044 1817 5102 Job
1847 5063 1924 5120 Ix,
1953 5048 2009 5102 9.

419 5254 539 5377 (51g
563 5253 797 5325 Antiqui
842 5254 959 5338 duo
1010 5252 1169 5337 libri,
1201 5249 1552 5377 ἐργῖἀσασθαι.
1587 5251 1697 5308 Alii
1745 5253 1886 5325 duo,
1917 5252 2009 5328 ἑρ-

421 5328 509 5377 [eo
546 5344 593 5377 ε.
641 5341 973 5377 operamini.
1003 5329 1215 5377 Statim
1318 5340 1407 5377 ea.
1438 5326 1759 5377 secundus.
1791 5322 2009 5377 δύναται

345 5326 603 5398 γάζεσθε,
641 5326 973 5398 operamini.
1003 5326 1215 5398 Statim

351 5469 1177 5613 #:ggtAntiquiduoalibri,
1233 5530 1551 5592 ἐκϐάλλετε.
1590 5538 1749 5593 Alius
1808 5540 2006 5608 codex,

356 5601 857 5686 ἔμ’ϐάλετελΕὸᾓὶ,
888 5601 1164 5686 ἐκϐάλετε.

426 5686 533 5754 (53)
564 5681 742 5750 Editi,
764 5680 801 5748 ἠ
833 5677 1071 5739 ἀνίατος.
1099 5683 1172 5734 At
1200 5681 1261 5735 in
1292 5680 1513 5737 nostris
1545 5697 1644 5738 sex
1676 5697 1819 5739 mss.
1846 5680 2011 5739 deest

356 5754 660 5814 articulus.

630 5881 903 5944 Panos.
950 5877 1063 5942 Gs.
1102 5877 1295 5942 XXX.

1318 5340 1407 5397 eg.
1438 5326 1759 5397 secundus,
1791 5322 2011 5379 δύναται

348 5393 695 5471 ἐργάσασθαι.
742 5396 1003 5451 Subinde
1052 5397 1217 5461 editi,
1266 5393 1580 5466 τῷᾞκότει.
1615 5400 1689 5451 At
1736 5393 2011 5471 insana»

2117 4733 2268 4789 cturi
2300 4735 2709 4791 commeminit
2739 4735 3041 4806 Scriptura
3063 4738 3128 4807 ’⁸,
3154 4754 3328 4809 quem
3361 4739 3515 4794 inter
3543 4737 3775 4795 Orionis

2119 4830 2312 4898 partes
2338 4824 2596 4896 positum
2622 4824 2939 4880 cernimus.
2960 4826 3060 4882 Est
3090 4831 3285 4882 autem
3310 4826 3480 4883 stella
3505 4827 3772 4884 subruta.

2190 5255 2305 5334 (ξς)
2334 5253 2578 5334 godices
2607 5255 3308 5334 nonnulli_,__cbpoldyn1at_.

2193 5328 2572 5407 (55)__\_leteres
2604 5328 2843 5407 quidam
2874 5327 3009 5384 libri
3040 5327 3398 5398 cum—editis,
3426 5329 3770 5407 μετακόσμη-

2121 5397 2223 5453 σιν.
2264 5398 2395 5470 Alii,
2430 5397 2807 5470 μεταπὸίησιν.

2191 5471 2304 5553 (56)
2460 5489 2623 5553 τινες..
2654 5475 2762 5553 etc.
2792 5470 2910 5553 Hoc
2955 5469 3085 5553 loco
3138 5477 3378 5553 Ducgeus
3409 5474 3481 5553 de
3510 5476 3771 5532 siderum

2120 5540 2462 5614 diecrimin_e
2488 5542 2653 5614 docte
2681 5541 2937 5596 disserit.
2964 5540 3182 5614 Ibidem
3209 5545 3347 5614 editi
3371 5550 3429 5600 et
3450 5554 3566 5603 tres
3600 5565 3768 5614 mss.,

2119 5612 2194 5673 ὡς
2214 5610 2599 5688 ρὶπερί-.-Αὶίἰ
2631 5616 2751 5688 tres
2781 5628 3031 5684 quoque,
3064 5610 3156 5688 οῦς
3185 5613 3236 5668 οἱ
3269 5614 3411 5688 περί.

2190 5681 2575 5808 ξῗζὶςῦὸᾶὶοθε
2605 5681 2850 5757 aliquot,
2884 5681 3063 5738 Κέῖται
3105 5681 3162 5739 δὶ
3207 5681 3415 5741 τούτων
3464 5691 3570 5744 τῶν
3616 5685 3769 5741 ἀστέ-

2119 5772 2228 5827 ρων
2257 5770 2344 5811 το.

3412 5892 3489 5956 19

3816 3770 4022 3933 ζ
