4150 6362
398 406 516 467 589
1190 404 1597 467 COMMENT.
1644 404 1725 465 ΙΝ
1769 402 2051 468 ISAIAM
2093 403 2600 466 PROPHETAM.
2644 401 2813 465 CAP.
2863 403 3019 465 XIII.
3698 406 3821 468 590

397 550 548 609 δμως
577 535 680 591 ούκ
709 534 867 606 αύτῷ
894 539 1214 608 καταρᾶται,
1246 532 1392 589 ἀλλά
1418 538 1499 605 τῷ
1536 534 1843 609 γεννήμαπι
1873 534 2055 601 αὗτοδε

2185 535 2550 603 molestiam;
2584 551 2699 591 non
2729 539 2928 591 tamen
2967 535 3019 590 ei
3064 536 3377 608 maledicit,
3408 539 3510 594 sed
3541 538 3670 610 ejus
3699 554 3832 611 ger-

394 625 492 680 καὶ
548 629 630 697 τῷ
684 620 832 700 ἔργῳ
895 622 1082 691 αὑτοῦ,
1142 620 1272 697 ὅπερ
1334 617 1688 695 συμϐολικῶς
1741 622 2055 695 ὀνομάζεται

2184 624 2349 689 mini,
2383 624 2689 695 ipsiusque
2731 623 2913 695 Operi,
2948 625 3101 695 quod
3134 625 3449 698 symbolice
3489 628 3831 684 nominatur

398 715 634 771 Χαναάν·
691 710 832 769 διότι
882 712 1241 784 ἑρμηνεύεται
1301 712 1535 778 Χαναὰν,
1595 711 1670 774 ὡς
1717 708 1910 774 σάλος.
1972 712 2055 765 Διὸ

2179 712 2455 767 Chanaan
2492 730 2505 769 :
2540 714 2755 783 quippe
2793 713 3089 780 Chanaan,
3122 713 3172 768 si
3211 715 3634 787 interpreteris,
3666 716 3823 773 idem

398 803 463 857 τὸ
494 803 586 856 οὗν
620 801 673 857 ἐν
718 802 928 871 κινήσει
978 803 1087 872 (64)
1142 800 1242 869 τὴν
1290 796 1397 870 ’έξιν
1432 798 1734 873 γινομένην
1783 800 1847 853 τὸ
1894 799 2055 862 πάθος

2178 800 2331 855 valet
2361 818 2425 857 ac
2453 802 2613 873 quasi
2655 803 2963 857 commotio.
2997 802 3142 864 Quia
3172 803 3354 873 igitur
3395 803 3634 860 habitus
3662 822 3823 861 com-

399 889 685 958 ἐπιτελεῖν,
719 889 781 944 ού
820 892 890 962 τῇ
940 886 1170 952 διαθέσει
1219 892 1537 962 καταρᾶται,
1585 886 1736 946 ἀλλὰ
1786 892 1866 959 τῷ
1913 883 2062 962 ἔργῳ

397 984 477 1053 τῷ
507 979 593 1034 ἀπ’
628 978 813 1048 αὐτῆς,
850 975 1122 1032 Δύσκολον
1167 976 1268 1052 γὰρ
1319 977 1382 1031 τὸ
1413 976 1466 1030 ἒν
1510 973 1713 1048 καρδίᾳ
1743 977 1976 1051 καθαρὸν
2010 977 2064 1030 ἓν

399 1068 690 1143 ἀνθρώπου
739 1066 891 1144 φύσει
941 1064 1292 1130 διασωθῆναι.
1322 1063 1502 1135 Δῆλον
1549 1062 1630 1132 δὲ,
1664 1065 1749 1120 ὅτι
1790 1064 2062 1142 ἀφανίζων

394 1159 495 1225 τήν
527 1151 681 1232 ὕϐριν
712 1159 821 1210 τῶν
851 1153 1234 1231 ὑπερηφάνων,
1265 1152 1375 1228 οὑχ
1414 1150 1469 1208 ἓν
1524 1152 1688 1227 μόνον
1736 1157 1843 1207 τῶν
1876 1157 2056 1207 κακῶν

392 1244 758 1318 ἐξαναλίσκει,
816 1241 944 1298 ἀλλ’
1002 1243 1111 1296 ἀπὸ
1173 1242 1295 1304 ἑνὸς
1353 1243 1752 1316 ἁμαρτήματος
1812 1239 2052 1295 διατατι-

391 1338 503 1396 κῶς
532 1336 649 1407 (65)
672 1334 753 1409 ἐφ’
781 1331 885 1387 ὅλα
912 1331 980 1385 τά
1016 1328 1136 1402 ε’ίδη
1179 1337 1282 1400 τῆς
1331 1330 1519 1392 κακίας
1562 1328 1830 1400 ἐξακούειν
1879 1349 2052 1406 προσ-

392 1426 514 1494 ήκει
544 1429 643 1492 τῆς
673 1416 902 1495 ὕϐρεως.
952 1420 1020 1476 Οἱ
1067 1419 1171 1493 γὰρ
1226 1416 1423 1490 ἄνομοι
1472 1413 1811 1493 ἐξυϐρίζουσι
1847 1419 1941 1489 μὲν
1975 1417 2051 1479 είς

388 1512 480 1567 τὸν
538 1510 662 1564 ναὸν
723 1511 857 1580 (66),
916 1502 1253 1581 ἐξυϐρίζουσι
1306 1504 1364 1561 δὲ
1394 1505 1471 1568 εἲς
1519 1506 1609 1560 τὸν
1655 1505 1916 1575 πλησίον,
1970 1505 2052 1575 ἒξ-

392 1594 673 1673 υϐρίζουσι
696 1595 754 1652 δὲ
785 1596 860 1659 είς
890 1596 952 1651 τὸ
991 1597 1105 1650 κατ’
1136 1594 1324 1650 είκόνα
1348 1598 1446 1649 τοῦ
1474 1593 1779 1664 κτίσαντος,
1817 1594 1908 1648 καὶ
1962 1590 2051 1648 διὰ

389 1696 491 1758 τῆς
541 1686 746 1748 εἰκόνος
803 1688 839 1756 ἡ
898 1679 1054 1757 ὕϐρις
1108 1679 1386 1740 ἀναϐαίνει
1442 1683 1529 1738 ἐπὶ
1585 1682 1678 1738 τόν
1740 1680 1996 1736 κτίσαντα
2029 1722 2043 1737 .

390 1781 595 1851 ’Ὠσπερ
639 1777 740 1852 γὰρ
791 1776 820 1830 6
872 1771 1164 1849 βασιλικὴν
1211 1772 1396 1828 εἰκόνα
1440 1765 1792 1844 καθυϐρίσας,
1845 1770 1920 1831 ὡς
1971 1769 2048 1834 εἷς

392 1866 555 1921 αὑτὸν
586 1865 959 1937 ἒξαμαρτήσας
991 1862 1105 1933 (67)
1150 1860 1241 1915 τὸν
1294 1858 1519 1935 βασιλέα
1566 1857 1848 1932 κρίνεται·
1903 1857 2044 1912 οὕτω

392 1951 653 2023 δηλονότι
685 1947 940 2010 ὑπόδικὸς
973 1949 1085 2003 ἔστι
1115 1951 1186 2021 τῇ
1235 1945 1474 2021 ἁμαρτίᾳ
1503 1947 1531 2000 6
1560 1946 1653 2000 τὸν
1703 1946 1820 1999 κατ’
1866 1944 2049 2001 εἰκόνα

387 2041 751 2116 γεγενημένον
810 2032 1153 2111 καθυϐρίζων
1186 2078 1200 2092 .
1254 2029 1489 2110 Ὑϐρίζει
1548 2032 1606 2088 δὲ
1662 2035 1769 2110 πρὸ
1828 2035 2043 2090 πάντων

386 2129 479 2185 καὶ
507 2127 690 2183 ἑαυτὸν
728 2127 756 2180 6
804 2126 1027 2200 πόρνος.
1074 2120 1167 2179 3ιά
1212 2129 1317 2192 τῆς
1368 2127 1592 2197 φθορᾶς·
1629 2123 1657 2177 6
1702 2123 1923 2198 μοιχὸς,
1959 2120 2049 2178 διὰ

387 2221 485 2275 τοῦ
516 2214 675 2292 ἔργου
702 2220 805 2284 τῆς
850 2211 1138 2288 αἰσχύνης·
1174 2212 1202 2265 6
1250 2208 1518 2281 κλέπτης,
1569 2208 1659 2265 διά
1702 2217 1802 2280 τῆς
1857 2231 2045 2266 ταπει-

388 2312 489 2375 νῆς
541 2304 630 2360 καὶ
673 2302 907 2378 αἰσχρὰς
964 2300 1053 2355 καὶ
1103 2298 1458 2374 ἀνελευθέρου
1516 2298 1779 2374 πράξεως
1833 2301 1862 2355 ὁ
1914 2299 2045 2373 ψεύ-

390 2415 545 2465 στης,
576 2390 667 2449 διά
693 2395 790 2447 τοῦ
821 2390 1154 2464 ἀρνήσασθαι
1200 2389 1301 2457 τὴν
1349 2386 1634 2458 ἀλήθειαν·
1693 2389 1721 2442 ὁ
1769 2389 2045 2464 ἐπίορκος,

391 2481 482 2539 διὰ
506 2489 608 2552 τῆς
638 2482 743 2537 ἀπὸ
772 2483 907 2537 Θεοῦ
955 2474 1406 2554 ἀλλοτριώσεως.
1437 2479 1598 2531 Ὥστε
1639 2481 1783 2532 πᾶσα
1811 2476 2049 2551 ἁμαρτία

391 2567 546 2647 ὕϐρις
579 2570 712 2642 ἐστὶ,
742 2567 833 2624 καὶ
884 2562 1095 2642 ὕϐρεώς
1142 2566 1253 2621 ἔστι
1300 2564 1595 2641 βλάστημα
1646 2568 1784 2639 (68),
1824 2566 2047 2640 πρώτου

392 2658 671 2735 ἁπτομένη
703 2662 800 2714 τοῦ
830 2651 1111 2732 ὑϐριστοῦ.
1148 2656 1488 2713 Ταπεινώσει
1531 2652 1590 2709 δὲ
1618 2654 1709 2709 ναὶ
1756 2656 1856 2724 τὴν
1890 2650 2045 2731 ὕϐριν

388 2754 500 2807 τῶν
563 2747 947 2825 ὑπερηφάνων,
1006 2741 1147 2799 διότι
1206 2744 1296 2799 καὶ
1354 2745 1390 2812 ἡ
1442 2742 1784 2820 ὑπερηφανία
1834 2742 2046 2822 ἀδελφή

386 2847 486 2910 τῆς
546 2835 775 2910 ἀνομίας
827 2833 1012 2890 ἐστίν.
1044 2835 1102 2888 ’0
1158 2833 1260 2909 γὰρ
1313 2829 1500 2894 ἄδικος
1564 2833 1897 2911 ὑπερηφανεῖ
1945 2834 2045 2902 τὴν

389 2925 762 2995 δικαιοσύνην,
809 2923 900 2978 καὶ
950 2921 1332 2997 κατεπαίρεται
1386 2919 1578 2990 αὐτῆςο
1632 2919 1725 2976 καὶ
1777 2923 1804 2976 ὁ
1847 2919 2048 2976 ἀκόλα-

385 3037 508 3078 στος
534 3015 671 3070 κατὰ
696 3019 797 3083 τῆν
848 3009 1211 3089 σωφροσύνης
1263 3009 1445 3080 λαλεῖ,
1476 3009 1600 3065 ὅταν
1658 3007 1892 3084 διαπτύῃ
1936 3011 2048 3083 (69)

383 3107 475 3162 τὸν
529 3098 730 3179 ἀκριϐῆ
776 3103 828 3156 ἒν
880 3106 1020 3155 πᾶσι
1067 3099 1613 3175 παρατετηρημένον,
1661 3099 1752 3154 καὶ
1794 3099 1894 3167 τήν
1954 3096 2048 3171 μέ-

2177 894 2370 944 motus
2392 894 2450 943 et
2475 884 2862 944 exsuscitatus
2887 889 3092 945 vitium
3115 892 3288 962 parit,
3308 909 3422 947 non
3444 893 3700 963 aﬂ'ectui,
3718 895 3821 950 sed

2174 980 2335 1049 Operi
2364 994 2432 1033 eo
2461 977 2767 1049 prodeunti
2798 977 3114 1033 maledicit.
3153 980 3296 1034 Nam
3331 981 3388 1034 in
3421 980 3682 1037 humana
3712 1000 3823 1038 na-

2172 1070 2305 1120 tura
2334 1065 2573 1122 difﬁcile
2621 1070 2883 1121 servatur
2919 1067 3112 1122 cordis
3162 1068 3407 1139 puritas.
3443 1072 3815 1142 Compertum

2170 1160 2260 1210 est
2288 1160 2505 1221 autem,
2530 1170 2663 1209 eum
2694 1154 2792 1225 qui
2816 1156 3162 1211 exterminat
3192 1158 3582 1227 superborum
3613 1165 3820 1215 contu-

2171 1243 2427 1308 meliam,
2449 1260 2561 1299 non
2590 1260 2771 1298 unum
2800 1244 3081 1297 duntaxat
3102 1246 3298 1300 vitium
3324 1246 3682 1317 rescindere;
3717 1249 3821 1303 sed

2168 1348 2273 1402 par
2292 1337 2381 1387 est
2405 1332 2823 1386 contumeliam
2858 1331 2938 1387 ita
2960 1332 3350 1402 interpretari,
3378 1342 3437 1389 ut
3460 1337 3533 1391 ab
3555 1353 3671 1392 uno
3694 1353 3826 1408 pec-

2165 1425 2293 1474 cato
2326 1421 2397 1474 ad
2428 1421 2624 1475 omnia
2663 1420 2934 1491 nequitiae
2966 1437 3179 1491 genera
3209 1423 3555 1478 extendatur
3583 1441 3819 1480 sensus.

2165 1508 2393 1563 Etenim
2412 1508 2600 1579 iniqui
2615 1508 3275 1579 contumeliamjaciunt
3292 1511 3350 1565 in
3368 1511 3822 1583 templum,con-

2162 1597 2327 1652 viciis
2350 1602 2764 1652 consectantur
2787 1598 3122 1667 proximum
3147 1600 3376 1669 etquod
3401 1600 3473 1654 ad
3501 1600 3823 1673 imaginem

2160 1685 2491 1740 Conditoris
2523 1686 2738 1740 factum
2773 1690 2884 1752 est,
2909 1685 2963 1740 id
2999 1686 3357 1742 contumelia
3386 1694 3613 1759 vexant,
3638 1694 3817 1762 atque

2160 1774 2517 1828 contumelia
2540 1774 2612 1829 ab
2634 1773 2889 1845 imagine
2910 1775 2980 1829 ad
3001 1774 3267 1845 opiﬁcem
3291 1777 3578 1833 ascendit.
3602 1778 3820 1842 Quem-

2158 1863 2475 1917 admodum
2509 1862 2667 1916 enim
2714 1862 2814 1932 qui
2846 1862 3269 1918 contumeliam
3301 1864 3598 1935 intorquet
3630 1868 3690 1924 in
3722 1884 3817 1924 re-

2157 1950 2313 2020 giam
2332 1950 2925 2021 imaginem,perinde
2942 1952 3464 2022 condemnatur,ac
3481 1954 3530 2010 si
3551 1962 3818 2027 pecasset

2156 2038 2218 2094 in
2247 2039 2438 2108 ipsum
2471 2054 2665 2109 regem
2693 2057 2705 2094 :
2743 2042 2823 2094 ita
2853 2055 2994 2094 sane
3026 2040 3300 2111 quisquis
3346 2042 3571 2098 homini
3602 2045 3674 2099 ad
3705 2046 3815 2100 Dei

2158 2126 2473 2198 imaginem
2510 2127 2744 2181 condito
2776 2126 2915 2181 facit
2959 2129 3374 2185 contumeliam
3408 2131 3696 2189 obnoxius
3723 2139 3814 2189 est

2157 2220 2414 2287 peccato.
2434 2219 2559 2271 Prae
2577 2215 2854 2271 omnibus
2875 2230 3008 2270 vero
3026 2232 3088 2271 se
3110 2216 3235 2288 ipse
3252 2218 3610 2277 contumelia
3628 2221 3815 2278 afﬁcit

2157 2303 2470 2359 fornicator
2494 2320 2597 2374 per
2617 2303 3074 2375 corruptionem,
3101 2304 3335 2360 adulter
3354 2323 3457 2377 per
3476 2308 3672 2378 operis
3693 2313 3814 2365 tur-

2160 2391 2512 2464 pitudinem,
2548 2392 2639 2447 fur
2672 2407 2772 2463 per
2797 2391 2970 2446 vilem
3024 2392 3354 2462 fcedamque
3384 2404 3440 2451 et
3470 2395 3819 2455 illiberalem

2158 2481 2473 2547 actionem,
2494 2481 2745 2536 mendax
2768 2482 2923 2552 quod
2948 2483 3252 2537 veritatem
3282 2483 3602 2555 inficiatur,
3625 2489 3817 2559 perju-

2158 2570 2440 2641 rus,quod
2472 2569 2693 2625 recedit
2725 2587 2756 2623 a
2790 2575 2924 2625 Deo.
2946 2572 3134 2635 Quare
3155 2577 3456 2643 peccatum
3483 2591 3658 2631 omne
3680 2592 3817 2633 cou-

2156 2656 2404 2714 tumolia
2432 2656 3048 2731 ost,contumelia3que
3080 2675 3340 2732 germen,
3363 2666 3425 2718 et
3444 2662 3507 2719 in
3526 2665 3819 2723 convicia—

2157 2750 2342 2802 torem
2377 2747 2634 2818 primum
2667 2746 2896 2802 recidit.
2932 2748 3081 2814 Quin
3136 2753 3194 2803 et
3244 2749 3584 2807 humiliabit
3611 2769 3818 2826 super-

2159 2836 2366 2890 borum
2395 2836 2838 2901 contumeliam,
2872 2836 3028 2907 quod
3077 2838 3358 2909 superbia
3402 2856 3570 2896 soror
3598 2841 3678 2897 sit
3706 2841 3818 2898 ini-

2159 2923 2426 2995 quitatis.
2454 2923 2703 2997 Iniquus
2745 2924 2901 2979 enim
2946 2924 3242 2994 justitiam
3291 2929 3542 3000 superbe
3572 2935 3632 2985 et
3657 2947 3819 2988 arro-

2157 3016 2367 3084 ganter
2398 3012 2667 3084 despicit,
2693 3017 2750 3067 et
2796 3014 3081 3068 adversus
3120 3030 3246 3068 eam
3279 3014 3598 3072 extollitur.
3628 3019 3821 3089 Atque

2159 3100 2501 3171 impudicus
2525 3101 2807 3156 adversus
2832 3100 3175 3171 pudicitiam
3204 3100 3485 3173 loquitur,
3506 3120 3638 3161 cum
3662 3122 3822 3178 sper-

389 3215 518 3271 χρις
580 3190 880 3271 ὀφθαλμῶν
940 3190 1153 3258 κίνησιν
1201 3185 1677 3263 παιδαγωγοῦντα.
1734 3188 1794 3244 Ὁ
1842 3184 2053 3250 ἄσωτος

2172 3195 2263 3244 nat
2293 3206 2428 3244 eum
2463 3190 2560 3260 qui
2596 3204 2659 3244 se
2687 3189 2961 3244 observat
3004 3188 3062 3242 in
3097 3190 3394 3262 omnibus,
3417 3196 3475 3247 et
3500 3193 3591 3248 vel
3622 3193 3818 3265 ipsum

390 3265 481 3340 ⁶ιτ-ὑν
531 3283 584 3338 ὲν
626 3265 812 3354 διαίτῃ
863 3278 1107 3352 μέτριον·
1161 3279 1190 3333 6
1237 3279 1421 3351 ἄφρων
1480 3274 1874 3351 καταχλευάζει
1931 3275 2055 3337 τοὺς

2172 3276 2475 3332 oculorum
2512 3281 2737 3332 motum
2766 3276 3124 3332 moderatur.
3148 3278 3510 3336 Luxuriosus
3531 3298 3665 3338 eum
3690 3300 3823 3339 con-

392 3369 681 3447 περιττοὺς
715 3369 770 3423 ἓν
806 3366 990 3439 σοφίᾳ,
1041 3365 1131 3422 καὶ
1184 3362 1502 3443 φιλοπόνως
1552 3367 1664 3439 (70)
1711 3363 2050 3440 πανταχόθεν

398 3461 609 3522 ἑαυτοῖς
665 3453 1038 3530 συλλέγοντας
1095 3452 1163 3508 τὰ
1223 3454 1540 3527 μαθήματα.
1590 3454 1646 3507 '0
1695 3452 1784 3507 οῦν
1818 3453 2057 3508 ἀντιτασ-

403 3549 638 3622 σόμενος
672 3544 1042 3622 ὑπερηφάνοις
1090 3541 1315 3619 Κύριος,
1364 3541 1453 3596 καὶ
1498 3545 1766 3597 ταπεινῶν
1800 3543 2058 3617 ἁμαρτω-

406 3636 541 3699 λοὺς
593 3632 697 3697 ἕως
754 3640 878 3711 γῆς,
938 3632 1095 3694 οὗτος
1155 3628 1546 3706 ἑπαγγέλλεται
1601 3630 1700 3699 τὴν
1747 3625 1900 3707 ὕϐριν
1947 3633 2056 3685 τῶν

413 3725 774 3803 ὑπερηφάνων
838 3720 1189 3776 ταπεινώσειν
1227 3762 1241 3776 .
1297 3724 1352 3773 Ὀ
1421 3719 1512 3775 οὖν
1587 3723 1853 3774 ταπεινῶν
1927 3718 2056 3781 τοὺς

414 3814 814 3892 ὑπερηφάνους,
841 3810 1021 3888 ῥύεται
1058 3809 1153 3884 μὶν
1185 3807 1382 3871 αὐτοὺς
1424 3809 1483 3863 ὲκ
1508 3814 1610 3877 τῆς
1654 3809 1789 3880 πρὸς
1814 3809 1906 3863 τὸν
1948 3805 2058 3863 διά-

404 3898 577 3959 ϐολον
629 3898 985 3975 ὁμοιότητος,
1036 3897 1187 3961 ὅστις
1229 3896 1341 3953 ἐστὶ
1392 3898 1574 3971 πατὴρ
1624 3900 1724 3970 τῇς
1774 3897 2058 3972 ὑπερηφα-

402 3990 538 4060 νίας,
598 3988 776 4064 ἐνάγει
837 3984 896 4042 δὲ
950 3984 1148 4047 αὐτοὺς
1202 3985 1340 4062 πρὸς
1404 3985 1468 4039 τὸ
1528 3984 1924 4058 μαθητεύεσθαι
1976 3990 2059 4057 τῷ

404 4079 633 4135 εῒπόντι·
670 4079 887 4141 Μάθετε
916 4075 1011 4131 ἀπ’
1040 4075 1198 4149 ἐμοῦ,
1226 4071 1309 4129 ὅτι
1338 4072 1514 4149 πραός
1545 4072 1658 4145 εἰμι
1689 4070 1779 4129 καί
1808 4073 2059 4135 ταπεινὸς

402 4173 471 4245 τῇ
501 4164 716 4246 καρδίᾳ.

473 4350 598 4405 268.
662 4344 760 4401 Καὶ
836 4341 1047 4399 ἔσονται
1125 4342 1177 4397 οἱ
1254 4338 1810 4415 ἰγκαταλελειμμένοι
1886 4338 1997 4396 ἕντι
2029 4374 2058 4386 -

478 4475 527 4511 ³³
550 4474 677 4531 Jac.
710 4490 790 4539 ιν,
818 4472 872 4527 6.
950 4471 999 4505 "
1026 4468 1181 4526 Psal.
1214 4484 1398 4537 CLXVI,
1428 4468 1483 4522 6.
1560 4467 1607 4504 ²⁶
1630 4468 1840 4525 Matth.
1871 4486 1952 4535 x1,
1981 4470 2071 4524 29.

477 4602 588 4676 (64)
622 4598 721 4654 Διά
746 4598 810 4652 τὸ
845 4593 935 4653 οῦν
969 4593 1022 4676 ἐν
1048 4616 1132 4650 κιν

2164 3367 2399 3433 temnit,
2444 3365 2546 3437 qui
2596 3366 2825 3421 modice
2872 3370 2928 3421 et
2976 3367 3273 3424 moderate
3319 3368 3503 3427 vivit:
3535 3370 3822 3443 insipiens

2165 3473 2266 3512 eos
2287 3455 2514 3522 irridet,
2536 3456 2640 3525 qui
2662 3454 2959 3511 excellunt
2980 3456 3289 3527 sapientia,
3302 3474 3367 3513 ac
3390 3459 3585 3516 studio
3607 3476 3820 3532 magno

2166 3543 2494 3601 doctrinam
2534 3560 2602 3599 ac
2650 3543 2954 3599 scientiam
2988 3546 3380 3618 undecunque
3423 3548 3537 3603 sibi
3583 3565 3823 3622 compa-

2167 3637 2321 3690 rant.
2354 3632 2637 3688 Deminus
2685 3632 2886 3703 itaque
2929 3633 3029 3703 qui
3091 3634 3364 3705 superbis
3421 3636 3729 3704 resistit”,
3762 3642 3821 3695 et

2168 3720 2447 3779 humiliat
2486 3724 2822 3793 peccatores
2875 3737 3062 3792 usque
3108 3723 3182 3778 ad
3229 3727 3445 3779 terram
3469 3726 3537 3793 ²⁴,
3567 3725 3664 3781 hic
3693 3727 3819 3799 ipse

2167 3811 2560 3882 superborum
2594 3809 3013 3866 contumeliam
3045 3811 3459 3883 depressurum
3491 3830 3553 3869 se
3583 3815 3818 3886 pollice-

2170 3903 2286 3954 tur.
2310 3897 2419 3962 Qui
2449 3898 2630 3969 igitur
2657 3896 2934 3952 humiliat
2961 3899 3266 3968 superbos,
3296 3900 3451 3956 idem
3482 3901 3614 3958 illos
3645 3904 3718 3959 ab
3748 3920 3818 3960 ea

2173 3987 2566 4043 similitudine
2596 4001 2772 4057 quam
2819 4002 2952 4041 cum
2987 3986 3217 4041 diabolo
3248 3989 3535 4060 superbia
3577 3996 3819 4063 parente

2169 4075 2410 4140 habent,
2450 4074 2681 4144 liberat,
2713 4079 2770 4130 et
2816 4090 2916 4131 eos
2963 4074 3210 4143 inducit,
3240 4080 3306 4131 ut
3345 4077 3491 4134 fiant
3537 4079 3817 4152 discipuli

2169 4166 2320 4237 ejus,
2344 4163 2446 4236 qui
2476 4163 2594 4219 ait:
2619 4164 2821 4220 Discite
2848 4180 2882 4219 a
2911 4180 3000 4220 me
3022 4166 3156 4237 quia
3183 4166 3335 4221 miti:
3351 4182 3473 4222 sum
3502 4176 3556 4224 et
3586 4168 3818 4226 humili:

2167 4252 2331 4311 corde
2349 4253 2414 4308 ³⁵.

2241 4343 2371 4398 268.
2403 4340 2580 4397 Vsas.
2604 4341 2690 4396 12.
2714 4342 2779 4397 Et
2805 4344 2971 4397 erant
2999 4342 3099 4413 qui
3123 4342 3379 4398 derelicti
3403 4346 3634 4415 fuerint,
3655 4343 3818 4401 hono-

1181 4614 1281 4663 σει,
1312 4599 1422 4651 eto.
1456 4596 1726 4664 Quoniam
1752 4596 1929 4662 igitur
1958 4595 2055 4651 ha-

2172 4611 2339 4664 mss.,
2388 4591 2464 4653 εἶς
2520 4589 2635 4645 τόν.
2677 4591 2898 4647 Ibidem
2951 4610 3161 4664 rursus
3217 4594 3377 4659 editi,
3437 4593 3513 4656 εἷς
3561 4596 3653 4651 τὸν
3704 4598 3820 4651 κατ’

477 4602 588 4676 (64)
622 4598 721 4654 Διά
746 4598 810 4652 τὸ
845 4594 935 4653 οῦν
969 4594 1022 4651 ἐν
1048 4594 1281 4723 κινίἱσει,
1312 4599 1422 4651 etc.
1456 4596 1726 4664 Quoniam
1752 4596 1929 4662 igitur
1958 4595 2055 4651 ha-

411 4675 557 4731 bitus
607 4678 925 4737 commotus,
972 4674 1082 4726 etc.
1186 4685 1253 4723 oc
1307 4666 1596 4737 interpres
1652 4666 1839 4735 dicit;
1875 4667 2055 4722 Deum

2172 4611 2339 4662 mss.,
2388 4594 2464 4653 εἶς
2520 4594 2635 4645 τόν.
2677 4594 2898 4647 Ibidem
2951 4610 3161 4649 rursus
3217 4594 3377 4659 editi,
3437 4594 3513 4656 εἷς
3561 4596 3653 4651 τὸν
3704 4598 3819 4651 κατ’

2172 4662 2371 4737 εῒκόνα.
2405 4668 2480 4719 At
2511 4665 2691 4737 nostri
2744 4680 2845 4720 sex
2895 4680 3058 4731 mss.,
3094 4663 3175 4737 εἷς
3196 4665 3259 4719 τὸ
3286 4665 3405 4720 κατ’
3431 4664 3634 4722 εἷ’κόνα.
3668 4669 3819 4725 Con-

411 4744 597 4802 soboli
627 4741 854 4807 Chami,
886 4758 1003 4797 non
1049 4739 1269 4797 Chamo
1300 4738 1695 4803 maledixisse,
1726 4739 1883 4809 quod
1930 4739 2060 4809 ejus

413 4816 647 4872 animus
676 4818 834 4869 esset
859 4816 1208 4882 commotus,
1231 4813 1304 4868 ob
1335 4811 1514 4884 idque
1535 4811 1735 4866 minus
1763 4809 1932 4876 liber,
1957 4826 2064 4865 nec

413 4890 495 4946 ita
524 4886 615 4943 sui
649 4900 910 4957 compos.

451 4959 598 5043 ,(ὃᾷ)
628 4950 803 5043 Editi;
855 4950 1232 5043 διαταητικιιξς,
1281 4952 1448 5043 male.
1485 4952 1650 5043 linus
1697 4966 1728 5034 _e
1775 4950 2061 5007 Combefi-

417 5024 600 5114 sianis
631 5024 1190 5114 δεαστατικῶς,ῃίξαξξι1
1213 5024 1449 5114 melius.
1469 5024 1577 5114 Alii
1610 5024 1872 5114 quinque
1895 5039 2063 5114 mea,

418 5097 761 5168 διατατικῶς,
796 5101 960 5156 bene.
997 5093 1233 5168 Statim,
1269 5096 1434 5162 editi,
1464 5093 2066 5168 ἐξακούειν-προσθήκῃ

413 5179 515 5257 τῆς
554 5163 781 5257 ὕϐρεως
812 5171 1071 5257 νοίθιρε.
1100 5166 1265 5257 ρὶὺτίι
1296 5163 1521 5257 omnes,
1574 5163 1867 5257 ἐξακούειντ
1882 5183 2031 5246 προσ
2044 5163 2059 5205 ί-

418 5236 539 5316 ἥκει
569 5236 671 5313 τῆς
710 5237 937 5315 ὕϐρεως.
967 5240 1115 5316 Quid
1167 5242 1361 5316 autem
1396 5240 1536 5316 huic
1583 5236 1944 5316 sib_i_velint,
1976 5236 2068 5316 vix

418 5307 665 5390 intelligi
719 5307 1344 5390 potest.Comheﬁsius
1374 5310 1538 5390 _le_git
1587 5307 1940 5390 quidemhic?)
1970 5312 2068 5390 τῆς

418 5379 646 5458 ὕϐρεωέ
681 5379 781 5443 sed
815 5389 1204 5458 praeterquam
1237 5382 1395 5458 quod
1441 5379 1564 5438 Haec
1605 5379 1938 5458 emendatio
1969 5383 2071 5434 aut

420 5452 569 5519 nihil
601 5464 702 5516 aut
742 5452 949 5531 parum
1000 5452 1205 5511 afferat
1249 5452 1421 5525 lucis,
1452 5454 1662 5510 vocula
1704 5452 1766 5506 τό
1816 5452 1875 5508 in
1924 5468 2067 5507 mss.

420 5528 793 5602 nequaquam
826 5528 1060 5599 legitur.

498 5551 793 5660 tamquam
829 5551 1060 5599 legitur.
1534 5595 1567 5607 η

494 5608 521 5677 (λ
590 5604 736 5677 )8ιο
789 5606 1034 5677 uterque
1055 5595 1337 5677 ‘Combef.
1369 5600 1427 5653 et
1472 5594 1569 5677 alii
1626 5598 1877 5677 quatuor
1926 5609 2069 5675 mss.

422 5663 764 5744 Editi'vero,
797 5672 874 5734 εἷς
920 5663 1014 5744 ιξᾷν
1055 5663 1214 5734 λαόν,
1242 5668 1303 5723 in
1347 5663 1789 5744 ροραιιιγηζῌοο
1817 5664 2073 5744 .ipso_in_

431 5762 534 5805 occ
588 5732 869 5805 editi'eti
897 5741 1133 5814 aliquot
1161 5732 1441 5809 mss.,'¢‘i&
1490 5735 1616 5800 τοὺς
1654 5732 1915 5808 πλησίον.
1964 5735 2077 5792 Alii

2165 4736 2530 4821 junctionem
2578 4732 2667 4788 καί
2697 4741 2832 4790 ante
2862 4752 3059 4791 vocem
3092 4732 3183 4789 διά
3211 4754 3242 4793 e
3270 4741 3410 4810 Reg.
3440 4742 3613 4796 tertio
3659 4741 3822 4810 adje.

2170 4825 2383 4865 cimus.

2200 4875 2646 4950 .(67)ACodice‘s
2704 4875 2948 4950 aliquot,
3006 4872 3342 4950 ἐξαμαρτών.
3403 4880 3614 4936 Statim
3674 4897 3821 4937 mss.

2173 4943 2750 5021 nomentanum“
2781 4943 2946 5002 ἔσται.
2976 4943 3235 5021 Subinde
3265 4951 3427 5021 editi,
3450 4958 3506 5006 et
3537 4953 3825 5009 recentior

2172 5019 2507 5094 Combefisii
2545 5020 2745 5085 codex,
2786 5018 3198 5094 γεγεννημένον.
3232 5018 3596 5079 ΑΙῐθινὶΙῙίιιε
3644 5025 3827 5081 codex

2174 5099 2232 5150 et
2261 5093 2360 5149 alii
2390 5091 3085 5165 ςυαῑυοτλγεγενημένον,
3122 5094 3360 5165 rectius.

2248 5166 2356 5235 (68)
2387 5160 2786 5239 Antiquiduo'
2801 5160 2972 5239 libri,
2986 5231 2995 5239 _
3009 5160 3217 5239 βλαστή
3228 5183 3387 5239 ματα.
3422 5163 3647 5239 Ibidem
3666 5183 3826 5239 qua-

2175 5229 2311 5293 tubr
2341 5229 2758 5307 inss.,_-itpo'nou
2789 5229 3236 5307 ἁπτομένου-τοῦ
3257 5229 3534 5307 ὑϐριστοῦ.
3562 5238 3676 5293 Alii
3696 5229 3826 5295 'duo

2177 5326 2323 5383 mss,
2357 5300 2602 5383 etnediti',
2635 5304 2856 5377 πρώτου
2906 5300 3188 5376 ἁπτομένη
3223 5300 3333 5359 τοῦ
3355 5300 3636 5383 ὑϐριστοῦ,
3665 5309 3825 5368 haud

2180 5378 2452 5436 dissimili
2490 5393 2690 5432 sensu.

2249 5449 2544 5524 (69)Editi
2602 5454 2858 5524 et_mss_,
2911 5445 3200 5524 nonpulli.
3252 5444 3510 5524 διαπτόῃ.
3541 5453 3613 5507 At
3667 5451 3829 5519 Regii

2179 5512 2421 5601 primus
2442 5528 2497 5601 et
2527 5521 2797 5601 quartus,
2828 5512 2952 5601 ὅταν
2985 5512 3119 5589 εἷ’δῃ,
3152 5520 3369 5601 quando
3401 5512 3564 5601 videt.

2254 5589 2557 5675 _L'i'b'ri
2588 5589 2806 5675 aliquot
2842 5594 3096 5675 veteres,
3133 5590 3224 5674 xui
3273 5589 3588 5675 φιλοπονίᾳ.
3621 5592 3830 5675 Statim

2181 5658 2358 5793 edgtl,
2378 5663 2407 5717 ὁ
2439 5660 2657 5735 Κύριος.
2686 5658 2863 5717 Deest
2889 5658 3173 5718 articulus
3199 5661 3259 5718 in
3285 5658 3509 5722 'nostris
3537 5658 3638 5724 sex
3673 5662 3831 5720 codi-

2181 5751 2233 5793 οι
2278 5752 2377 5793 us;

2181 5751 2377 5794 010118;
