4150 6374
301 401 418 464 B91

1247 401 1645 463 APPENDIX
1685 399 2012 463 OPERUM
2056 401 2120 460 8.
2169 396 2463 460 BASILII
2508 397 2792 459 MAGNI.

3619 400 3738 460 B93

301 534 418 588 rati
445 534 627 601 magis
653 551 816 607 quam
847 552 1048 590 aurum
1075 550 1184 590 non
1226 537 1435 588 coctum
1467 551 1485 588 :
1514 539 1567 588 et
1599 533 1758 589 homo
1788 531 1952 586 hono-

2081 549 2168 600 μοι
2200 531 2311 600 (71)
2349 523 2566 600 μᾶλλον
2625 526 2660 594 ἢ
2721 527 2783 581 τὸ
2843 526 3070 602 χρυσίον
3131 529 3194 581 τὸ
3252 526 3478 599 ἃπυρον·
3519 527 3610 582 καὶ
3643 529 3740 582 ἄν·

304 625 460 676 ratus
483 624 593 677 erit
615 626 792 694 magis
813 641 976 694 quam
1007 625 1148 694 lapis
1170 624 1266 692 qui
1294 639 1364 676 ex
1386 621 1614 692 Suphir.
1640 623 1956 691 Postquam

304 709 559 767 inductas
618 714 834 768 fuerint
891 712 1239 766 tentationes
1296 727 1542 782 magnis,
1585 709 1962 780 venerintque

302 796 639 868 bellatores,
666 801 765 870 qui
799 804 936 853 sunt
968 804 1152 852 totum
1189 806 1476 854 terrarum
1508 800 1706 853 orbem
1737 799 1961 867 disper-

298 887 507 955 dituri,
529 892 584 941 et
607 887 703 941 ubi
734 887 1010 956 depressa
1035 887 1208 940 fuerit
1236 888 1511 958 superbia
1536 887 1749 951 omnis,
1773 885 1961 940 homi-

305 993 411 1031 nes
442 975 542 1046 qui
573 992 603 1029 e
637 973 839 1029 multis
883 979 1025 1029 tunc
1075 975 1468 1040 invenientur,
1506 973 1766 1045 nihilque
1798 974 1960 1027 lisse-

301 1063 421 1118 rint
441 1063 698 1118 animam
725 1081 826 1134 per
845 1063 1049 1118 initam
1073 1081 1208 1117 cum
1233 1064 1451 1134 iniquis
1478 1063 1837 1130 societatem,
1859 1063 1956 1116 sed

302 1153 402 1223 qui
451 1151 799 1206 discrimina
859 1152 1174 1207 innumera
1225 1170 1288 1206 ac
1341 1151 1665 1206 tentamina
1703 1151 1960 1222 experti,

302 1241 480 1296 animi
515 1240 670 1297 584
707 1240 1005 1311 specimen
1057 1241 1339 1295 eximium
1391 1241 1677 1306 dederint,
1714 1240 1771 1293 bi
1819 1255 1960 1294 auro

301 1328 461 1385 omni
493 1330 648 1401 quod
685 1335 1030 1384 concoctum
1067 1347 1180 1384 non
1213 1330 1342 1394 fuit,
1376 1347 1440 1383 ac
1468 1329 1625 1384 omni
1658 1329 1958 1399 pretiosis-

300 1418 451 1473 simo
483 1417 678 1488 lapide
702 1418 802 1487 qui
832 1419 1206 1472 existimatur
1235 1418 1292 1471 in
1317 1417 1552 1488 Supbir,
1579 1418 1838 1488 reperiri,
1863 1415 1958 1470 ho-

302 1505 626 1562 noratiores
660 1506 837 1560 futuri
872 1511 1030 1561 sunt.
1056 1506 1340 1560 Caeterum
1374 1506 1612 1559 nomine
1632 1504 1848 1576 Suphir
1880 1521 1962 1558 re-

303 1596 537 1668 gionem
571 1595 886 1666 quamdam
919 1595 976 1648 in
1013 1595 1294 1648 Indorum
1325 1599 1495 1666 gente
1525 1594 1697 1648 sitam
1728 1595 1962 1647 videtur

301 1684 584 1754 indicare,
611 1682 670 1737 in
705 1699 820 1754 qua
851 1681 1042 1737 solent
1073 1683 1296 1753 lapides
1333 1680 1743 1753 pretiosissimi
1775 1680 1957 1752 gigni.

300 1773 523 1828 Aurum
556 1788 690 1827 vero
741 1789 857 1827 non
888 1777 1141 1838 coctum,
1177 1771 1320 1825 illud
1373 1776 1480 1837 est,
1514 1771 1669 1842 quod
1722 1769 1867 1824 nihil
1901 1769 1958 1823 in

302 1877 367 1918 se
397 1861 654 1917 materiai
689 1862 978 1932 ambiguae
1016 1866 1075 1915 et
1116 1862 1324 1915 alienae
1354 1861 1634 1928 continet,
1667 1860 1766 1914 sed
1803 1858 1956 1930 quod

302 1949 503 2017 simul,
536 1953 601 2003 ut
632 1953 1012 2019 conspectum
1062 1955 1170 2017 est,
1207 1950 1381 2004 ﬁdem
1417 1948 1553 2003 facit
1601 1947 1958 2002 intuentium

301 2037 507 2108 oculis,
534 2038 783 2110 probum
820 2053 881 2092 se
911 2053 1064 2106 esse,
1088 2043 1144 2092 et
1175 2037 1247 2092 ab
1276 2055 1408 2105 aere,
1438 2041 1542 2092 aut
1571 2037 1642 2091 ab
1675 2035 1791 2091 alia
1820 2051 1963 2106 qua-

297 2127 390 2182 vis
420 2126 775 2182 admistione
807 2143 1044 2198 purum.

372 2233 497 2286 269.
530 2231 707 2286 Vens.
744 2233 828 2287 13.
861 2233 999 2287 Nam
1039 2231 1234 2286 calum
1281 2231 1696 2303 indignabitur,
1730 2235 1780 2286 ct
1811 2239 1961 2285 terra

305 2323 648 2375 concutietur
675 2337 709 2374 a
734 2319 1122 2389 fundamentis
1161 2321 1298 2385 suis,
1331 2325 1550 2390 propter
1589 2323 1834 2389 furorem
1867 2321 1964 2374 irae

308 2409 532 2464 Domini
557 2408 806 2463 Sabaoth
837 2410 896 2464 in
945 2409 1041 2464 a'ie
1089 2409 1208 2476 illa,
1243 2425 1348 2479 qua
1395 2410 1604 2463 venerit
1631 2410 1790 2477 furor
1817 2407 1960 2477 ejus.

311 2497 589 2552 Creatura
627 2497 820 2551 omnis
869 2513 1002 2551 cum
1053 2496 1299 2551 Domino
1351 2501 1618 2551 movetur
1669 2497 1739 2550 ad
1791 2495 1963 2550 ultio-

318 2602 452 2640 nem
484 2587 553 2640 de
583 2585 657 2639 iis
685 2585 784 2656 qui
814 2586 872 2638 in
907 2585 1099 2656 ipsum
1134 2601 1459 2656 peccavere,
1492 2585 1872 2654 expetendam
1896 2585 1961 2636 ’°.

319 2673 826 2740 Quemadmodum
859 2673 1013 2728 enim
1047 2673 1256 2728 cmlum
1289 2672 1652 2742 obstupescit
1679 2677 1735 2728 et
1765 2673 1965 2726 inhor—

317 2767 406 2819 ret
428 2763 500 2817 ob
525 2761 857 2832 inopinatas
881 2762 1222 2833 iniquitates
1251 2762 1472 2833 p0puli,
1495 2778 1628 2816 cum
1652 2761 1965 2815 Dominum

317 2850 673 2920 derelinquit
691 2851 764 2917 27;
789 2850 870 2904 ita
892 2867 1026 2905 cum
1049 2850 1264 2905 delicta
1283 2867 1482 2906 eorum
1509 2851 1607 2920 qui
1631 2851 1966 2917 defecerint,

317 2939 535 2995 fuerint
565 2939 877 3010 completa,
904 2940 1243 3010 veneritque
1273 2939 1675 2995 retributionis
1712 2944 1966 3010 tempus,

314 3027 610 3100 indignari
640 3029 878 3097 dicitur,
913 3035 969 3084 et
1009 3046 1126 3083 una
1171 3045 1304 3083 cum
1361 3028 1452 3083 Dei
1507 3029 1593 3082 ira
1643 3029 1968 3098 insurgere.

315 3119 426 3175 Par
454 3121 650 3173 autem
687 3118 856 3172 fuerit
905 3133 1006 3188 per
1037 3117 1164 3172 ccin
1209 3117 1669 3187 indignationem
1722 3115 1968 3186 intelligi

316 3207 605 3263 horrenda
626 3205 726 3260 illa
748 3205 1062 3276 mala,quaa
1088 3207 1159 3260 ab
1179 3215 1245 3259 eo
1273 3205 1583 3275 puniendis
1607 3204 1966 3274 inﬂigentur.

314 3293 608 3348 Nimirum
643 3310 775 3348 cum
809 3295 1186 3348 oifnndentur
1211 3293 1397 3348 stellis
1418 3293 1685 3358 tenebrae,
1713 3293 1967 3347 deﬁciet-

319 3398 433 3453 que
457 3381 556 3436 lux
578 3381 742 3448 solis,
759 3398 863 3436 nec
883 3382 1024 3436 luna
1047 3381 1302 3452 amplius
1327 3381 1718 3436 illustrabitur
1736 3381 1779 3415 ’⁸
1800 3402 1812 3448 ;
1835 3397 1968 3435 cum

321 3469 674 3526 fulminibus
723 3471 1222 3540 percurrentibus,
1257 3470 1546 3524 horrendo
1577 3486 1711 3524 cum
1743 3471 1974 3540 fragore

322 3562 495 3614 ruent
521 3557 809 3624 tonitrua;
843 3574 973 3612 cum
1008 3573 1106 3612 aer
1136 3557 1311 3629 capiti
1345 3558 1665 3612 imminens
1695 3558 1971 3612 obscura-

322 3647 505 3714 bitur,
539 3647 622 3701 ita
653 3651 718 3701 ut
751 3647 1049 3701 cruciatus
1079 3662 1280 3700 eorum
1313 3646 1412 3716 qui
1459 3646 1556 3700 iras
1607 3645 1822 3700 fuerint
1850 3650 1974 3700 tra-

323 3735 452 3803 diti,
478 3734 636 3790 nulla
666 3752 735 3790 ex
769 3738 933 3806 parte
964 3733 1241 3790 solatium
1273 3734 1656 3789 autlevamen
1681 3734 1970 3789 admittat.

319 3825 602 3880 Creatura
645 3823 801 3877 enim
835 3823 1166 3877 Conditoris
1200 3823 1571 3887 administra,
1607 3823 1977 3878 vehementer

318 3913 390 3966 ad
413 3912 650 3982 iniquos
674 3911 1010 3982 plectendos
1033 3912 1490 3982 exasperatur”,
1516 3912 1822 3982 mitigatur
1839 3928 1975 3965 vero

319 4003 378 4056 et
409 3997 796 4068 demulcetur,
831 4001 899 4053 ad
935 4016 1032 4054 eos
1065 3999 1164 4070 qui
1212 4017 1380 4054 suam
1415 4000 1470 4053 in
1503 3999 1665 4072 ipsos
1698 4001 1974 4055 fiduciam

320 4087 709 4159 reposuerint,
743 4087 1081 4144 afficiendos
1112 4088 1411 4144 beneficio.
1447 4089 1576 4144 Hmc
1607 4093 1802 4144 autem
1835 4106 1972 4145 con-

318 4177 556 4247 tingunt
594 4176 666 4232 ob
719 4177 972 4232 furorem
1024 4178 1120 4232 iraa
1172 4177 1420 4232 Domini.
1455 4177 1722 4232 Obtinuit
1779 4184 1972 4234 autem

320 4283 449 4322 mos
479 4266 846 4336 Scricpturas,
876 4272 940 4320 ut
969 4268 1225 4320 furorem
1249 4266 1345 4320 irae
1369 4266 1527 4320 dicat
1547 4271 1752 4321 assium
1776 4283 1976 4336 quem-

318 4355 481 4421 dam,
504 4359 560 4410 et
589 4371 894 4425 poenarum
929 4354 1124 4425 pravis
1156 4354 1430 4425 operibus
1461 4353 1818 4410 ulciscendis
1849 4355 1974 4410 ido-

321 4457 565 4496 nearum
596 4441 776 4496 veluti
811 4442 1358 4498 inﬂammationem.

387 4549 513 4602 270.
549 4549 711 4602 Terra
749 4553 940 4603 autem
985 4550 1324 4603 concutietur
1352 4566 1385 4604 a
1413 4549 1792 4618 fundamentis
1839 4553 1971 4606 suis.

2072 629 2289 689 θρωπος
2347 612 2572 686 ἔντιμος
2624 610 2770 668 ἔσται
2834 613 3047 687 μᾶλλον
3107 617 3141 685 ἢ
3175 617 3202 670 6
3236 613 3389 677 λίθος
3422 613 3541 670 ὁέκ
3600 623 3738 672 Σου-

2072 706 2216 781 φείρ.
2251 701 2406 760 Μετὰ
2434 705 2496 757 τὸ
2530 701 2836 776 ἐπαχθῆναι
2872 704 3000 765 τοὺς
3050 702 3328 776 μεγάλους
3370 705 3736 778 πειρασμοὺς,

2070 793 2158 847 καὶ
2193 792 2365 848 ἐλθεῖν
2398 791 2530 852 θεοὺς
2582 791 2950 867 ὁπλομάχους
2997 792 3126 851 τοὺς
3176 791 3592 870 ἐξαφανίζοντας
3634 797 3735 863 τήν

2072 881 2419 953 οἰκουμένην,
2478 880 2568 934 καὶ
2623 884 2757 951 μετα
2805 881 2867 934 τὸ
2898 888 3298 950 ταπεινωθῆναι
3350 886 3524 935 πᾶσαν
3571 883 3734 957 ὑπερ-

2070 970 2328 1044 ηφανίαν,
2382 971 2504 1024 τότε
2541 970 2596 1021 o't
2630 969 3007 1042 εὑρισκόμενοι
3041 968 3318 1042 ἄνθρωποι
3371 969 3430 1024 ἐκ
3476 968 3730 1039 πολλῶν,

2074 1058 2241 1131 μηδὲν
2280 1054 2571 1133 βλαϐέντες
2599 1059 2695 1124 τὴν
2749 1061 2934 1132 ψυχὴν
2986 1059 3092 1112 ἀπὸ
3132 1062 3233 1122 τῆς
3284 1059 3420 1132 πρὸς
3450 1058 3579 1120 τοὺς
3612 1060 3734 1114 ἀνό·

2075 1169 2208 1220 μους
2241 1149 2546 1213 κοινωνίας,
2579 1145 2728 1201 ἀλλᾶ
2762 1146 2852 1202 διὰ
2887 1149 3094 1222 μυρίων
3127 1152 3445 1222 πειρασμῶν
3497 1150 3588 1203 καὶ
3642 1147 3733 1204 δο-

2069 1237 2448 1309 κιμαστηρίων
2536 1236 2904 1306 ἐξετασθεντες
2940 1279 2952 1303 ,
3019 1235 3246 1310 βάσανον
3343 1243 3445 1304 τῆς
3530 1237 3731 1292 ἑαυτῶν

2070 1324 2439 1399 προαιρέσεως
2491 1321 2688 1398 ἀκριϐῆ
2744 1328 2858 1398 (72)
2912 1322 3234 1392 δεδωκότες,
3286 1326 3480 1388 παντὸς
3522 1325 3727 1400 ἀπύρου

2071 1415 2302 1488 χρυσίου
2334 1413 2546 1469 ἔσονται
2578 1417 2920 1487 τιμιώτεροι,
2954 1415 3046 1469 καὶ
3098 1414 3294 1475 παντὸς
3338 1412 3498 1477 λίθου
3525 1435 3723 1486 τιμιω-

2069 1505 2254 1567 τάτου,
2315 1504 2372 1565 ὃς
2427 1502 2577 1558 δοκεῖ
2623 1504 2674 1558 ἐν
2724 1507 2792 1576 τῇ
2851 1504 3094 1578 Σουφεὶρ
3153 1501 3511 1576 εὑρίσκεσθαι.
3544 1506 3727 1559 ’Έοικε

2071 1590 2128 1646 δὲ
2159 1593 2344 1666 χώραν
2405 1592 2525 1646 τινὰ
2583 1590 2758 1665 λέγειν
2821 1590 2875 1645 ἐν
2929 1597 3016 1663 τῷ
3071 1585 3208 1653 ἔθνει
3255 1594 3337 1662 τῷ
3388 1588 3602 1663 Ἰνδικῷ
3630 1592 3728 1659 τὴν

2071 1681 2327 1756 Σουφεῖρ,
2362 1682 2482 1756 περὶ
2516 1682 2577 1749 ἢν
2621 1681 2671 1734 οἱ
2704 1679 3083 1753 πολυτίμητοι
3113 1683 3219 1734 τῶν
3252 1677 3421 1743 λίθων
3465 1680 3732 1756 πεφύκασι

2067 1769 2326 1843 γίνεσθαι.
2359 1770 2600 1842 ’Δπυρον
2653 1766 2710 1823 δὲ
2758 1768 3008 1843 χρυσίον,
3067 1768 3128 1822 τὸ
3181 1765 3451 1840 μηδεμίαν
3485 1763 3728 1845 ἀμφιϐο-

2070 1857 2191 1913 λίαν
2220 1855 2358 1928 ὕλης
2381 1856 2682 1930 ἀλλοτρίας
2705 1853 2832 1932 ἔχον
2857 1856 2908 1911 ἐν
2933 1857 3138 1928 ἑαυτῷ,
3172 1855 3318 1924 ἀλλ’,
3343 1858 3487 1929 ὁμοῦ
3515 1861 3595 1928 τῷ

2073 1953 2326 2024 φανῆναι,
2377 1949 2561 2001 πεῖθον
2611 1947 2709 2013 τήν
2756 1942 2880 2019 ὄψιν
2933 1951 3040 2001 τῶν
3098 1944 3464 2019 όρώντων,ὅτι
3503 1943 3730 2020 δόκιμόν

2071 2034 2184 2090 ἐστι
2213 2035 2303 2089 καὶ
2334 2035 2524 2110 ἀμιγὲς
2558 2032 2795 2110 χαλκοῦ,
2827 2034 2862 2103 ἢ
2891 2056 3042 2096 τινος
3081 2031 3260 2104 ἄλλης
3289 2033 3619 2104 ἐπιπλοκῆς.

2142 2232 2268 2284 269.
2336 2230 2399 2285 Ὁ
2454 2228 2558 2303 γὰρ
2637 2227 2865 2303 οὐρανὸς
2921 2228 3308 2299 θυμωθήσεται
3345 2270 3357 2294 ι
3415 2228 3504 2282 καὶ
3560 2231 3594 2298 ἦ
3650 2236 3723 2303 γῆ

2075 2322 2413 2387 σεισθήσεται
2492 2319 2551 2372 ἐκ
2623 2321 2730 2371 τῶν
2808 2314 3079 2389 θεμελίων
3137 2315 3304 2384 αὐτῆς
3344 2362 3357 2387 ,
3413 2313 3503 2370 διὰ
3562 2319 3733 2390 θυμὸν

2075 2408 2242 2481 ὀργῆς
2304 2405 2507 2480 Κυρίου
2563 2400 2792 2459 Σαϐαὼθ
2851 2404 2902 2459 ἐν
2947 2408 3016 2477 τῇ
3077 2404 3282 2477 ἡμέρᾳ,
3325 2408 3360 2477 ᾖ
3413 2402 3472 2457 ἂν
3530 2403 3732 2480 ἐπέλθῃ

2075 2495 2298 2566 ὁθυμὸς
2358 2495 2544 2548 αὐτοῦ.
2610 2498 2757 2548 Πᾶσα
2806 2495 2842 2562 ἡ
2901 2493 3074 2554 κτίσις
3135 2497 3465 2568 συγκινεῖται
3516 2493 3596 2566 τῷ
3638 2503 3735 2549 Δε-

2075 2583 2248 2657 σπότῃ
2283 2582 2367 2637 ἐπὶ
2400 2584 2498 2650 τὴν
2532 2580 2808 2652 ἐκδίκησιν
2841 2587 2945 2635 τῶν
2981 2582 3056 2642 είς
3095 2581 3257 2636 αὐτὸν
3305 2583 3731 2657 ἡμαρτηκότὼν.

2077 2677 2277 2745 Ὥσπερ
2336 2671 2439 2746 γὰρ
2499 2670 2766 2741 ἐξίσταται
2824 2671 2850 2724 6
2910 2669 3162 2742 οὐρανὸς,
3221 2670 3311 2723 καὶ
3373 2671 3587 2747 φρίσσει
3645 2671 3731 2726 ἐπὶ

2073 2766 2194 2821 ταῖς
2245 2757 2679 2834 ἀπροσδοκήτοις
2725 2759 3091 2834 παρανομίαις
3138 2762 3240 2811 τοῦ
3291 2756 3450 2827 λαοῦ,
3485 2757 3612 2814 ὅταν
3644 2761 3731 2834 ἑγ-

2077 2847 2445 2903 καταλείπωσι
2505 2849 2594 2902 τὸν
2655 2848 2866 2921 Κύριον·
2927 2847 3103 2909 οὕτως
3161 2844 3374 2901 ἐπειδὰν
3436 2851 3555 2918 (74)
3594 2870 3729 2919 συμ-

2079 2937 2447 3011 πληρωθῶσιν
2499 2937 2552 2990 αἱ
2599 2935 2855 3008 ἁμαρτίαι
2906 2940 3012 2990 τῶν
3076 2937 3590 3004 ἀποστατησάντων,
3633 2936 3721 2988 καὶ

2079 3023 2214 3099 ἔλθῃ
2247 3027 2274 3079 6
2305 3025 2494 3100 καιρὸς
2540 3031 2640 3094 τῆς
2691 3023 3122 3094 ἀνταποδόσεως,
3160 3025 3456 3096 θυμοῦσθαι
3511 3023 3725 3099 λέγεται

2081 3115 2169 3170 καὶ
2204 3112 2671 3177 συνδιανίστασθαι
2701 3116 2768 3187 τῇ
2806 3113 2945 3189 ὀργῇ
2994 3117 3091 3168 τοῦ
3124 3117 3280 3168 Θεοῦ.
3316 3115 3494 3186 Θυμὸν
3547 3111 3603 3168 δὶ
3635 3113 3728 3168 οὖ-

2085 3208 2247 3280 ρανοῦ
2296 3207 2440 3256 νοεῖν
2493 3203 2603 3277 χρὴ
2654 3202 2721 3256 τὰ
2767 3203 2856 3256 ἀπ’
2904 3201 3068 3257 αὐτοῦ
3122 3196 3328 3278 φοϐερὰ
3378 3201 3734 3256 ἐπιπίπτοντα

2082 3297 2199 3354 τοῖς
2229 3289 2646 3364 κολαζομένοις,
2708 3290 2832 3344 ὅταν
2909 3291 3170 3352 σκότωσις
3237 3291 3330 3362 μὶν
3381 3290 3598 3364 γένηται
3627 3295 3730 3345 τῶν

2083 3380 2340 3456 ἀστέρων,
2374 3380 2616 3454 ἀφεγγὴς
2668 3377 2725 3434 Si
2777 3380 2804 3433 6
2843 3377 3030 3450 ἥλιος,
3081 3380 3169 3434 καὶ
3217 3381 3252 3447 ἡ
3305 3377 3509 3449 σελήνη
3559 3380 3735 3434 οὐκέτι

2081 3469 2491 3544 πεφωτισμένηο
2537 3468 2660 3522 ὅταν
2715 3468 2949 3538 σκηπτοὶ
2995 3465 3390 3542 διατρέχοντες,
3437 3467 3526 3521 καὶ
3574 3470 3734 3542 βρον-

2081 3558 2168 3612 ταὶ
2201 3553 2444 3636 φοϐερῶς
2491 3557 3018 3632 καταβρηγνύμεναι*
3073 3556 3199 3611 ὅταν
3232 3557 3259 3610 6
3310 3556 3439 3630 ὑπὶρ
3485 3554 3733 3632 κεφαλῆς

2084 3648 2188 3720 ἀὴρ
2221 3643 2603 3718 ἂσκοτισμένος
2641 3646 2888 3720 ὑπάρχῃ,
2939 3645 3014 3707 ὠς
3064 3643 3399 3720 πανταχόθεν
3443 3645 3731 3720 ἀπαραμύ-

2084 3738 2244 3806 θητον
2275 3734 2409 3788 εἶναι
2456 3741 2572 3795 τοῖς
2615 3739 2683 3808 τῇ
2737 3734 2876 3809 ὀργῇ
2918 3732 3381 3809 παραδεδομένοις
3409 3735 3506 3802 τὴν
3563 3736 3721 3810 βάσα-

2083 3846 2194 3878 νον.
2245 3825 2305 3878 Ἡ
2335 3823 2433 3898 γὰρ
2484 3822 2679 3891 κτίσις,
2729 3829 2810 3895 τῷ
2859 3826 3145 3893 ποιήσαντι
3200 3825 3571 3896 ὑπηρετοῦσα,
3630 3822 3742 3877 ἐπι-

2083 3913 2308 3966 τείνεται
2369 3913 2462 3984 μὶν
2517 3911 2592 3973 εἷς
2637 3911 2868 3966 κόλασιν
2921 3913 3058 3967 κατά
3098 3916 3207 3966 τῶν
3254 3909 3486 3980 ἀδίκων,
3539 3910 3742 3965 ἀνίεται

2087 3999 2142 4056 δὲ
2172 4001 2246 4064 είς
2274 3999 2577 4075 εὐεργεσίαν
2631 4001 2764 4075 ὑπὲρ
2815 4005 2921 4054 τῶν
2975 3999 3058 4054 ἐπ’
3112 3999 3259 4072 αὐτῷ
3300 4003 3431 4071 ’(75)
3479 3999 3742 4056 πεποιθό-

2083 4112 2210 4147 των.
2244 4093 2424 4146 Ταῦτα
2457 4086 2513 4142 δὲ
2542 4088 2744 4161 γίνεται
2779 4086 2868 4143 διὰ
2911 4089 3082 4160 θυμὸν
3128 4088 3298 4163 ὀργῆς
3346 4089 3580 4161 Κυρίου.
3639 4095 3739 4143 Θυ-

2091 4179 2188 4252 μὸν
2221 4176 2276 4233 Si
2317 4179 2487 4251 ὀργῆς
2541 4175 2715 4252 λέγειν
2766 4181 2833 4250 τῇ
2886 4182 3072 4253 Γραφῇ
3125 4178 3346 4246 σύνηθες
3394 4179 3492 4246 τήν
3543 4177 3737 4230 ἀναθυ-

2089 4266 2296 4340 μίασιν,
2323 4265 2411 4320 καὶ
2442 4265 2604 4319 οἷὀνεὶ
2639 4265 2818 4340 ἔξαψιν
2851 4273 2950 4336 τῆς
2985 4265 3069 4320 ἐπὶ
3122 4270 3192 4340 τῇ
3243 4263 3598 4321 ἀνταποδόσει
3627 4271 3737 4320 τῶν

2084 4359 2343 4427 πονηρῶν
2376 4351 2548 4429 ἔργων
2582 4356 2869 4430 γινομὲνης
2899 4353 3199 4417 κολάσεως.

2154 4553 2280 4606 270.
2313 4551 2375 4606 Ἦ
2434 4547 2491 4604 δὲ
2541 4557 2609 4624 γῆ
2672 4551 3008 4620 σεισθήσεται
3060 4549 3118 4603 ἐκ
3163 4555 3271 4603 τῶν
3325 4549 3593 4622 θεμελίων
3647 4549 3735 4603 αὖ·

318 4637 607 4704 Declarat,
634 4643 858 4690 motum
891 4636 1055 4690 illum
1083 4653 1196 4690 non
1227 4639 1487 4692 futurum
1515 4655 1642 4692 esse
1670 4638 1850 4692 levem
1875 4645 1965 4694 aut

2081 4646 2200 4708 τῆς.
2233 4638 2530 4709 Δείκνυσιν,
2585 4638 2665 4693 δτι
2717 4639 2815 4694 οὐκ
2863 4637 3207 4710 ἐπιπόλαιος,
3243 4636 3369 4693 οὐδὲ
3421 4642 3658 4710 συνήθης
3707 4639 3734 4692 6

318 4726 642 4800 vulgarem,
668 4726 811 4781 adeo
845 4730 906 4779 ut
941 4725 1248 4794 superﬁcie
1279 4731 1454 4781 tenus
1487 4727 1586 4781 fiat
1617 4728 1924 4783 concussio
1958 4746 1969 4782 :

314 4818 417 4872 sed
442 4822 610 4872 terrai
633 4816 1086 4870 fundamentum
1119 4831 1383 4870 eversum
1419 4815 1510 4880 iri,
1536 4821 1592 4870 et
1619 4833 1974 4873 concussum

309 4903 481 4961 illum
513 4906 585 4961 ad
620 4921 825 4960 omnes
852 4908 1019 4959 terra;
1076 4908 1268 4974 partes
1313 4909 1755 4974 perventurum.
1788 4906 1976 4962 Terras

2085 4727 2306 4800 σεισμὸς
2336 4723 2504 4799 ἔσται,
2537 4728 2661 4803 περὶ
2711 4729 2808 4796 τὴν
2857 4727 3170 4803 ἐπιφάνειαν
3221 4732 3317 4783 τοῦ
3377 4729 3625 4803 βρασμοῦ
3654 4749 3735 4801 γι-

2084 4817 2342 4890 νομένου,
2406 4816 2530 4872 ἀλλ’
2587 4817 2752 4886 αὐτὴν
2801 4820 2900 4887 τὴν
2947 4815 3106 4890 ἕδραν
3160 4816 3328 4886 αὐτῆς
3374 4818 3735 4890 ἀναστρέφει,

2085 4907 2172 4960 καὶ
2209 4907 2236 4960 6
2285 4905 2484 4968 κλόνος
2535 4905 2702 4976 αὐτῆς
2740 4903 2930 4962 διόλου
2980 4905 3190 4980 ἅψεται.
3246 4904 3483 4980 Θεμὲλὶα
3533 4903 3590 4960 δὶ
3639 4907 3740 4978 γῆς

384 5128 429 5164 ⁸⁸
457 5128 595 5200 Sap.
629 5144 684 5199 v,
719 5126 808 5182 18.
883 5126 927 5161 ³⁷
957 5125 1072 5182 Jer.
1107 5141 1171 5194 ιι,
1204 5125 1290 5179 12.
1369 5126 1414 5161 ²⁸
1445 5127 1648 5182 Matth.
1682 5145 1838 5195 xxiv,
1867 5129 1956 5183 29.

2108 5133 2239 5201 Sap.
2275 5147 2330 5199 ν,
2366 5130 2556 5186 18-21.

387 5352 643 5435 _(71)Vox
671 5343 880 5420 ἔντιμοι
914 5349 1117 5406 addita
1153 5358 1239 5406 est
1280 5365 1350 5405 ex
1378 5351 1639 5422 antiquis
1671 5351 1862 5408 tribus
1894 5352 1964 5407 lir-

312 5426 498 5568 brzg'Z)
529 5491 704 5561 Editi,
736 5490 809 5551 ὡς
850 5483 1068 5562 ἀκριϐῆ.
1103 5491 1323 5547 Vocula
1370 5491 1445 5552 ὡς
1490 5491 1549 5547 in
1601 5492 1819 5547 nostris
1867 5509 1967 5547 sex

317 5585 460 5626 mss.
503 5568 684 5622 deest.

390 5639 502 5712 (73)
525 5635 686 5712 Editi
713 5636 795 5712 _et
842 5636 1094 5712 qu_atuor
1141 5633 1424 5712 mssast.
1459 5633 1750 5712 _Alii_duo
1794 5651 1966 5712 ωερε,

315 5703 414 5783 τῳ.
440 5703 598 5768 Infra
626 5703 875 5765 codices?
901 5706 1014 5760 duo
1063 5722 1196 5760 cum
1228 5707 1424 5776 editis,
1456 5704 1541 5759 ἐὰν
1593 5703 1818 5780 ἐπέλθῃ.
1852 5703 1965 5763 Alii

2078 5356 2348 5436 (1υὲθέοῷ
2378 5351 2436 5436 ἓν
2468 5352 2686 5436 inﬂen-

2151 5426 2258 5498 (74)
2290 5426 2529 5498 Codices
2579 5422 2824 5498 aliquot,
2873 5422 3087 5478 ἐπειδὰν
3137 5424 3248 5481 οὖν.
3294 5426 3515 5498 Ibidem
3567 5423 3730 5490 editi,

2074 5499 2178 5579 τῶν
2226 5496 2774 5567 ἀποστησάντωνξΑι
2825 5515 2966 5553 mss.
3003 5514 3230 5565 omnes,
3261 5501 3369 5550 τῶν
3419 5496 3725 5564 ἀποστατη-

2075 5587 2524 5766 σῗίὲϐὂνλῐιιὶίιυὶ
2573 5639 2688 5696 duo
2737 5639 2894 5713 libri,
2945 5639 3036 5694 ὑπ’
3086 5637 3255 5711 αὐτῷ.
3309 5639 3411 5696 Alii
3463 5642 3605 5708 tres,
3653 5635 3730 5700 εἰς

2075 5729 2168 5765 αυτ
2204 5734 2252 5766 ν.

2072 5729 2252 5767 αυτον.
