4150 6366
435 325 554 388 593

1231 319 1637 381 COMMENT.
1684 320 1760 379 IN
1807 316 2080 378 ISAIAM
2126 319 2630 380 PROPHETAM.
2678 321 2850 383 CAP.
2895 321 3057 382 XIII.

3731 322 3850 384 894

437 457 686 530 ἄγνωστα
716 453 1005 527 ανθρώπου
1036 450 1212 529 φύσει,
1244 451 1318 512 ὡς
1355 450 1745 522 μεμαθήκαμεν
1775 447 1826 502 ἰν
1857 451 1934 519 τῷ
1968 449 2078 519 (76)

2199 456 2396 506 autem
2432 451 2810 507 fundamenta
2863 453 3131 508 humanae
3179 457 3403 508 natura
3430 453 3632 525 ignota
3669 457 3839 520 sunt;

437 539 584 613 Ἰὼϐ,
643 548 741 599 τοῦ
796 539 994 618 Κυρίου
1053 540 1326 615 λὲγοντοςο
1386 543 1497 592 Ηοῦ
1553 539 1621 606 ἧς
1681 536 1732 590 ἐν
1786 535 1865 608 τῷ
1925 547 2084 608 θεμε-

435 631 591 688 λιοῦν
654 654 719 706 με
772 632 873 698 τήν
941 633 1038 706 γῆν
1077 648 1090 698 ;
1125 627 1480 703 Ἀπάγγειλον
1565 623 1621 680 δὲ
1693 646 1834 699 μοι,
1895 625 1938 678 εί
1992 623 2084 679 ἐπ-

438 723 643 777 ίστασαι
706 724 911 776 σύνεσιν
949 764 961 776 .
1021 721 1119 780 Τίς
1179 716 1326 780 ἔθετο
1400 717 1467 770 τὰ
1525 716 1693 788 μέτρα
1767 716 1981 780 αὐτῆς,
2037 715 2087 769 εἴ

435 809 585 874 οἶδας
641 831 654 880 ;
705 812 773 866 Ἢ
827 808 908 871 τίς
968 808 994 862 ὁ
1049 806 1336 883 ἐπαγαγὼν
1400 805 1657 878 σπαρτίον
1721 802 1802 858 ἐπ’
1862 803 2082 871 αὐτῆς;

437 900 557 956 Ἐπὶ
627 899 776 962 τίνος
859 899 914 952 υἱ
991 895 1172 973 κρίκοι
1250 893 1417 963 αὐτῆς
1495 895 1773 967 πεπήγασι
1829 911 1844 962 ;
1908 893 1998 952 Τίς
2029 888 2086 945 δὲ

429 990 576 1046 ἐστιν
637 991 665 1044 ὁ
729 986 910 1064 βαλὼν
991 984 1141 1049 λίθον
1199 988 1452 1060 γωνιαῖον
1521 981 1601 1036 ἐπ’
1658 981 1824 1046 αὐτῆς
1860 1007 1874 1049 ;
1906 982 2085 1035 Ἢπου

440 1082 552 1152 (77)
604 1077 741 1134 κατὰ
785 1078 884 1145 τήν
933 1079 1040 1129 τῶν
1087 1071 1280 1144 ἔξωθεν
1331 1070 1606 1144 ὑπόληψιν
1660 1068 2018 1142 ἐθεμελίωσεν
2057 1070 2084 1122 ὁ

437 1167 638 1242 Κύριος
666 1167 765 1234 τήν
798 1172 928 1240 γῆν,
983 1162 1034 1217 ἐν
1083 1167 1165 1234 τῷ
1211 1161 1419 1234 κέντρῳ
1463 1166 1565 1227 τῆς
1597 1157 1965 1233 περιεχούσης
1995 1157 2085 1212 τὸν

434 1256 641 1328 κόσμον
691 1255 936 1330 σφαίρας,
990 1252 1063 1314 ὡς
1118 1249 1206 1304 διὰ
1253 1251 1354 1318 τήν
1397 1247 1713 1324 ἰσορροπίαν
1756 1245 1921 1312 αὐτῆς
1972 1245 2084 1300 ἴσον

432 1342 749 1417 ἀπεχούσης
799 1341 1132 1416 πανταχόθεν
1181 1343 1276 1394 τοῦ
1329 1340 1440 1409 (78)
1494 1337 1746 1412 οὐρανοῦ,
1798 1331 2082 1410 βεϐηκέναι

429 1430 692 1508 ἀσφαλῶς
723 1431 812 1484 καὶ
859 1431 1170 1506 ἰρηρεῖσθαι
1222 1426 1482 1489 ἀκλινῶς.
1511 1425 1575 1484 Εἰ
1627 1423 1683 1480 δὲ
1714 1425 1890 1487 οὕτως
1923 1424 2084 1495 ἐστή-

433 1540 609 1594 ρικται
673 1515 904 1594 βεϐαίως
942 1521 975 1588 ἡ
1027 1525 1121 1593 γῆ,
1165 1515 1424 1586 δηλονότι
1473 1515 1532 1569 ἐκ
1583 1515 1850 1586 θεμελίων
1899 1534 2081 1568 κινου-

438 1610 596 1683 μένη,
627 1608 732 1663 ἀπὸ
762 1615 862 1677 τῆς
915 1605 1268 1682 ὑπαρχούσης
1310 1603 1444 1678 αὐτῇ
1499 1606 1610 1677 (79)
1663 1605 1870 1677 βάσεως
1917 1623 2082 1676 μετα-

430 1699 734 1768 τεθήσεται.
772 1693 992 1763 Ἐπειδὴ
1044 1691 1100 1748 δὲ
1145 1695 1206 1749 τὸ
1257 1695 1560 1766 θυμοῦσθαι
1621 1689 1761 1746 ἴδιόν
1813 1690 1923 1746 ἐστι
1973 1695 2078 1745 τῶν

432 1784 672 1860 λογικῶν
721 1785 810 1839 καὶ
861 1783 1146 1859 ἐμψύχων,
1187 1780 1297 1852 ἤδη
1345 1783 1486 1836 τινὲς
1541 1780 1943 1857 ἐφαντάσθησαν
1991 1779 2081 1834 καὶ

430 1874 520 1928 τὸν
555 1874 782 1950 οὐρανὸν
816 1870 1065 1947 ἔμψυχον
1109 1872 1265 1940 εἶναι,
1293 1870 1384 1924 καὶ
1435 1867 1587 1944 λόγῳ
1635 1871 1958 1944 κεχρῆσθαι,
2011 1870 2084 1930 ὡς

437 1960 691 2026 δύνασθαι
741 1961 829 2016 καὶ
882 1961 957 2023 εἷς
1008 1959 1368 2037 ἀγανάκτησιν
1397 1963 1477 2030 τῷ
1527 1958 1768 2032 Δεσπότῃ
1804 1954 2082 2011 συνδιανα-

435 2058 642 2121 στῆναι.
703 2057 856 2107 Ἔστι
903 2046 962 2105 δὲ
1022 2049 1247 2122 μυθικὸν
1307 2043 1639 2120 ἀνάπλασμα
1687 2047 1748 2101 τὸ
1807 2051 2080 2102 τοιοῦτον.

435 2137 712 2201 Πολλάκις
739 2141 841 2214 γὰρ
872 2141 906 2208 ἡ
941 2139 1126 2215 Γραφή
1167 2140 1562 2210 μετωνυμικῶς
1611 2134 1834 2210 οὐρανὸν
1878 2134 2080 2208 ὀνομά-

435 2234 511 2296 ζει
541 2230 607 2282 τᾶ
649 2227 945 2302 ἐπουρὰνια
995 2231 1106 2295 ζῶα
1154 2229 1291 2296 (80),
1346 2226 1419 2287 ὡς
1472 2223 1591 2286 ἔθος
1634 2225 1725 2279 καὶ
1775 2225 1900 2300 παρ’
1944 2226 2079 2296 ἡμῖν

433 2313 630 2392 λέγειν·
665 2317 728 2370 Ἡ
779 2317 891 2389 (81)
922 2313 1086 2377 πόλις
1133 2310 1396 2384 ὶκϐἑὸηκε
1448 2319 1612 2368 πᾶσα·
1645 2313 1776 2382 καὶ,-
1802 2316 1860 2369 Ἢ
1919 2313 2084 2374 πόλις

432 2400 604 2478 ᾔτησε
629 2405 778 2479 παρὰ
804 2408 901 2458 τοῦ
951 2405 1220 2479 ἄρχοντος
1267 2401 1412 2457 τόδε·
1468 2403 1584 2456 ἀντὶ
1633 2402 1736 2476 γὰρ
1784 2407 1889 2456 τῶν
1942 2401 2082 2456 ἐνοι-

429 2493 669 2548 κούντων
702 2495 800 2562 τήν
831 2491 992 2548 πόλιν
1028 2492 1284 2566 λέγομεν.
1320 2490 1508 2552 Οὕτως
1541 2489 1630 2546 οῦν
1677 2490 1766 2544 καὶ
1800 2491 1828 2544 ὁ
1859 2489 2082 2565 οὐρανὸς

430 2583 718 2654 Θυμοῦται,
765 2582 873 2636 τῶν
927 2580 1193 2654 οὐρανίων
1245 2577 1525 2652 δυνάμεων
1579 2580 1970 2651 συντιθεμένων
2014 2582 2082 2652 τῇ

434 2669 613 2742 δικαίᾳ
648 2670 788 2745 ὀργῇ
813 2675 911 2724 τοῦ
937 2675 1091 2726 Θεοῦ.
1125 2671 1212 2732 Ὠς
1267 2670 1370 2744 γὰρ
1421 2668 1566 2744 χαρὰ
1593 2669 1796 2744 γίνεται
1837 2667 1889 2722 ἐν
1920 2668 2082 2742 οὐρα-

431 2764 546 2820 νοῖς
596 2758 684 2814 ἐπὶ
715 2758 791 2813 ἐνὶ
842 2760 954 2832 (82)
1009 2757 1324 2832 ἁμαρτωλῷ
1380 2760 1747 2829 μετανοοῦντι,
1799 2755 1941 2810 οὕτω
1995 2757 2084 2810 καὶ

434 2848 778 2922 παροξυσμὸς
827 2848 917 2900 καὶ
969 2845 1115 2916 λύπη
1167 2845 1256 2901 ἰπὶ
1307 2851 1426 2908 τοῖς
1476 2845 1840 2900 ἀποστατοῦσι
1871 2843 1960 2899 διὰ
1987 2847 2086 2912 τῆς

431 2935 702 3010 ἁμαρτίας
731 2939 829 2991 τοῦ
855 2935 1155 2996 κτίσαντος.

506 3028 628 3082 271.
669 3025 766 3078 Καὶ
817 3021 1029 3079 ἔσονται
1092 3024 1143 3077 οἱ
1196 3020 1692 3094 καταλελειμμένοὶ
1751 3022 1827 3084 ὡς
1885 3019 2086 3096 δορκά-

437 3109 551 3166 διον
613 3117 805 3189 φεῦγον
843 3154 857 3179 ,
913 3112 1004 3166 καὶ
1058 3111 1132 3172 ὡς
1203 3105 1475 3186 πρόϐατον
1530 3108 1883 3182 πλανώμενον
1920 3155 1936 3182 ,
1996 3109 2086 3163 καὶ

435 3200 536 3255 οῦκ
613 3196 759 3254 ἔσται
816 3200 842 3252 ὁ
898 3200 1142 3273 συνάγων
1179 3245 1194 3270 ,

435 3287 566 3344 λαὸν
626 3287 790 3343 αὐτοῦ
847 3287 1301 3361 ἀποστραφῆναι,
1360 3287 1452 3340 καὶ
1509 3283 1792 3360 ἃνθρωπον
1853 3286 1927 3347 εἷς
1983 3288 2084 3354 τὴν

434 3379 627 3452 χώραν
681 3377 846 3432 αὐτοῦ
904 3373 1090 3447 διῶξαι
1150 3377 1284 3447 (83).
1341 3376 1435 3435 Ὃς
1467 3376 1572 3449 γὰρ
1625 3372 1684 3427 ἂν
1745 3373 1885 3445 eis,
1920 3377 2086 3444 ἠττη·

431 3469 670 3537 ϐήσεται,
729 3466 816 3519 καὶ
874 3464 1069 3527 οἵτινες
1134 3466 1240 3534 (84)
1299 3463 1626 3536 συνηγμένοι
1672 3461 1795 3532 εἶσὶ,
1840 3463 2088 3538 μαχαίρᾳ

433 3561 764 3612 πεσοῦνται.
825 3552 928 3611 Καὶ
984 3553 1052 3606 τὰ
1101 3550 1261 3606 τέκνα
1319 3549 1494 3604 αὐτῶν
1551 3550 1796 3625 ῥάξουσιν
1856 3550 2087 3607 ἐνώπιον

433 3646 651 3711 αὐτῶν,
730 3642 821 3696 καὶ
904 3640 1003 3702 τὰς
1078 3638 1251 3700 οἰκίας
1335 3638 1512 3692 αὐτῶν
1597 3638 2083 3713 προνομεύσουσι,

433 3733 649 3793 καὶτὰς
700 3736 958 3806 γυναῖκας
1005 3728 1180 3782 αὐτῶν
1210 3725 1442 3798 ἕξουσιν.
1502 3729 1588 3781 Ἐν
1647 3731 1716 3800 τῇ
1767 3725 1946 3802 ἐφόδῳ
1976 3732 2084 3782 τῶν

435 3819 719 3894 πολεμίων
780 3819 830 3874 οἱ
893 3819 987 3891 μὲν
1023 3817 1100 3880 εἰς
1148 3822 1340 3891 χεῖρας
1375 3815 1642 3886 ἐλθόντες,
1676 3817 1757 3870 ἐπ’
1789 3817 1954 3884 αὐτῆς
1983 3826 2085 3888 τῆς

436 3908 786 3984 παρατάξεως
815 3903 1008 3961 ἔπεσον
1235 3905 1288 3959 οἱ
1338 3902 1395 3959 δὶ
1445 3903 1821 3982 διαφυγόντες,
1852 3907 1926 3970 ὡς
1956 3904 2081 3981 δορα

434 3995 622 4053 κάδιόν
682 3995 783 4050 εἷ’σι
828 3995 1132 4073 φεύγοντες.
1189 3992 1509 4063 Εὖπυόητον
1555 3991 1611 4048 δὲ
1662 3995 1722 4048 τὸ
1776 3994 1911 4062 ζῶό)
1970 3994 2081 4050 ἐστι

432 4088 519 4142 καὶ
557 4083 758 4154 δειλὸν,
790 4083 878 4138 καὶ
925 4081 994 4137 δι’
1031 4081 1264 4152 ὀξύτητα
1291 4086 1398 4135 τῶν
1449 4079 1631 4136 ποδῶν
1678 4081 1912 4138 ἐπιπολὺ
1963 4089 2083 4161 φεῦ-

433 4197 549 4251 γον,
582 4172 672 4229 καί
702 4172 811 4248 οὐχ
857 4172 1171 4245 ἱστάμενον.
1203 4172 1454 4228 Ἔσονται
1503 4169 1594 4225 οὖν
1645 4172 1719 4234 ὡς
1767 4169 2079 4246 δορκάδιον,

507 4303 553 4338 ³ο
581 4301 710 4356 Job.
742 4315 980 4367 xxxvm,
1013 4298 1130 4352 4-6.
1207 4297 1251 4332 ³¹
1284 4297 1418 4352 Luc.
1450 4313 1542 4366 xv,
1577 4299 1665 4355 10.

508 4425 618 4496 (76)
649 4428 912 4496 Itamss.
945 4437 1170 4477 omnes.
1205 4419 1378 4496 Editi,
1412 4416 1498 4496 ἐπὶ
1529 4424 1646 4476 τοῦ.

509 4494 620 4568 (77)
653 4494 805 4550 Editi
836 4501 894 4550 et
924 4497 1047 4568 tres
1083 4510 1253 4561 mss.,
1285 4494 1509 4568 ᾙλποῦ,
1537 4503 1635 4549 aut
1676 4495 1789 4550 ubi.
1824 4495 1934 4550 Alii
1969 4500 2086 4552 tres

437 4562 579 4624 mss.
604 4562 946 4636 conjuncta,
978 4565 1158 4620 Ἢπου
1188 4562 1514 4636 ριιοῇΌπμου.

507 4640 622 4709 (78)
652 4631 826 4703 Editi,
855 4635 952 4709 τοῦ
986 4637 1108 4709 οὖν.)
1133 4631 1356 4709 Vocula
1385 4631 1476 4709 οὖν
1508 4636 1566 4688 in
1598 4652 1741 4709 mss.
1776 4638 1958 4694 deest.

508 4705 1620 4800 iﬁlliﬂiﬁi’.iam“???_FE?5’2__$1E“Q
1645 4710 1986 4800 erased“?-
2024 4713 2091 4766 Αι

437 4776 664 4854 antiqui
686 4787 804 4854 tres
827 4776 1370 4854 1ἱδιξίζξιῗπαρχούσης
1403 4777 1563 4850 αὐτῇ.
1591 4777 1702 4834 Alii
1725 4781 1925 4838 itidem
1947 4788 2085 4854 tres,

437 4849 854 4926 ὶνυπαρχούσης
889 4851 1051 4922 αὐτῇ.

509 4920 620 4994 (80)
648 4920 888 4979 Veteres
918 4920 1035 4980 tres
1076 4920 1208 4976 libri
1254 4924 1312 4994 et
1359 4921 1498 4994 editi
1547 4937 1776 4994 quoque
1826 4927 1955 4991 ζῶα’
1991 4925 2086 4980 ubi

438 4989 632 5050 tamen
677 4996 910 5051 videtur
955 4995 1244 5064 interpres
1291 4992 1523 5063 legisse,
1559 4989 1746 5065 ζώδζα,
1778 4989 1909 5052 cum
1958 5013 2087 5052 ver-

440 5069 596 5140 terit,
627 5069 916 5140 Scriptura
950 5066 1099 5122 enim
1146 5065 1695 5140 plerumquegno-r‘nen
1744 5067 1850 5123 hoc
1895 5069 2090 5123 cretum

441 5136 672 5209 ﬁgurate
699 5136 903 5210 accipit
941 5155 1043 5211 pro
1080 5136 1386 5211 caelestibus
1434 5137 1651 5211 signis.
1684 5140 1941 5211 Scriptor
1984 5158 2088 5196 au-

439 5207 554 5265 tem
588 5207 1025 5276 Commentarii,
1053 5207 1324 5281 quisquis
1355 5211 1463 5281 est,
1497 5210 1734 5264 nomine
1763 5207 2087 5269 cmlestium

438 5282 782 5410 {inittnalium
816 5281 961 5337 nihil
993 5278 1152 5337 aliud
1185 5279 1297 5335 nisi
1343 5278 1606 5336 coelestes
1636 5282 1883 5340 virtutes
1915 5285 2087 5342 intel-

465 5371 540 5410 ιρι
575 5395 589 5408 .

465 5354 589 5426 igit.

510 5421 622 5495 (81)
653 5423 805 5480 Editi
833 5427 890 5479 et
934 5442 1074 5482 mss.
1108 5421 1399 5489 nonnulli,
1433 5421 1514 5475 ὅτι
1545 5423 1602 5490 ἡ.
1635 5425 1744 5480 Sed
1777 5443 1884 5483 vox
1913 5427 1995 5482 δτι
2025 5429 2088 5485 in

439 5497 570 5554 aliis
602 5513 748 5552 mss.
780 5497 964 5552 deest.

510 5570 624 5642 (82)
662 5567 828 5642 Editi,
862 5564 942 5642 ἐφ’
971 5565 1070 5642 Evt.
1100 5570 1173 5642 At
1202 5582 1372 5634 mss.,
1400 5563 1488 5618 ἐπὶ
1516 5562 1874 5642 EvinNeoita
1903 5571 2089 5630 multo

439 5636 616 5698 intra
642 5636 913 5713 copulam
946 5636 1037 5693 καί
1081 5641 1216 5694 ante
1243 5653 1444 5695 vocem
1473 5636 1820 5714 παροξυσμός
1867 5659 1938 5701 ex
1983 5661 2090 5700 no.

2113 1830 2162 1894 B

2198 541 2283 594 uti
2313 541 2468 612 apud
2499 542 2610 596 Job
2641 541 2980 611 didicimus,
3014 541 3256 598 Domino
3285 543 3511 597 dicente
3544 558 3557 596 :
3593 543 3692 598 Ubi
3719 557 3840 598 eras

2195 630 2328 685 dum
2352 630 2596 699 jacerem
2639 631 3000 700 fundamenta
3029 635 3224 686 terrae?
3252 631 3439 686 Indica
3469 635 3651 686 autem
3697 630 3840 685 mihi

2194 721 2247 772 si
2302 721 2450 773 nosti
2502 721 2805 774 scientiam.
2860 721 2990 787 Quis
3045 723 3223 789 posuit
3278 737 3563 775 mensuras
3616 720 3754 789 ejus,
3788 720 3839 774 si

2195 810 2374 862 nosti?
2404 809 2507 862 Aut
2537 811 2656 877 quis
2687 809 2910 864 induxit
2945 809 3258 878 funiculum
3285 825 3446 879 super
3471 811 3632 865 eam!
3657 812 3838 880 Super

2195 912 2298 966 quo
2328 898 2527 952 circuli
2554 897 2676 966 ejus
2703 900 2967 967 compacti
3006 901 3171 952 sunt?
3200 899 3332 965 Quis
3377 906 3458 953 est
3506 907 3710 966 autem,
3739 898 3838 968 qui

2194 987 2350 1040 misit
2381 986 2622 1057 lapidem
2651 987 2974 1056 angularem
3003 988 3120 1056 ejus
3143 987 3226 1040 3°?
3256 989 3408 1041 Num
3451 988 3622 1056 juxta
3649 985 3837 1058 genti-

2195 1074 2339 1130 lium
2371 1075 2728 1146 Opinionem,
2763 1075 3146 1128 lundamenta
3183 1079 3348 1129 terrai
3395 1073 3605 1131 locavit
3641 1073 3836 1130 Domi-

2195 1181 2307 1219 nus
2339 1164 2394 1218 in
2428 1169 2624 1218 centro
2654 1163 2809 1234 globi
2862 1164 3150 1220 mundum
3204 1164 3738 1235 circumcingentis,
3773 1167 3840 1219 ut

2194 1253 2266 1308 ob
2298 1252 2686 1324 aequilibrium
2717 1252 2866 1323 ejus,
2891 1253 3168 1308 distantis
3199 1252 3422 1308 scilicet
3453 1252 3839 1322 undecunque

2193 1357 2228 1394 a
2256 1342 2418 1410 cmlo,
2452 1346 2576 1397 tuto
2622 1346 2823 1408 staret,
2855 1342 3204 1412 stabilisque
3249 1345 3513 1397 maneret
3539 1344 3597 1395 et
3626 1339 3838 1394 immo-

2190 1437 2253 1486 ta
2274 1430 2302 1486 7
2331 1432 2495 1496 Quod
2525 1432 2573 1486 si
2606 1436 2726 1487 tam
2775 1431 3022 1486 ﬁrmiter
3069 1431 3182 1484 ﬁxa
3228 1435 3383 1484 terra
3429 1434 3538 1496 est,
3571 1428 3774 1498 utique
3805 1443 3838 1482 a

2192 1518 2316 1574 suis
2371 1520 2771 1574 fundamentis
2823 1525 3038 1584 emota,
3071 1520 3142 1574 ab
3195 1519 3322 1590 ipsa
3351 1519 3500 1575 585
3537 1533 3644 1572 sua
3700 1517 3838 1572 sede

2191 1609 2436 1680 basique
2478 1607 2992 1664 transmovebitur.
3044 1608 3151 1663 Sed
3200 1607 3341 1678 quia
3393 1605 3714 1678 indignatio
3762 1604 3837 1660 iis

2193 1698 2294 1770 qui
2326 1698 2551 1753 ratione
2579 1701 2636 1753 et
2665 1697 2860 1752 animo
2893 1697 3120 1768 praediti
3151 1701 3311 1762 sunt,
3344 1693 3655 1765 competit;
3689 1709 3836 1748 non-

2193 1785 2336 1841 nulli
2369 1786 2509 1840 olim
2569 1786 2780 1841 cmlum
2829 1790 2886 1840 et
2932 1786 3258 1841 animatum
3316 1799 3465 1847 esse,
3497 1788 3556 1838 et
3612 1783 3838 1837 ratione

2195 1891 2369 1930 usum
2401 1892 2530 1931 esse
2559 1873 2778 1945 opinati
2812 1879 2974 1943 sunt,
3006 1875 3090 1928 sic
3120 1876 3184 1928 ut
3213 1871 3391 1928 simul
3424 1887 3557 1926 cum
3591 1870 3839 1925 Domino

2193 1962 2434 2019 exaltari
2480 1967 2678 2035 posset
2707 1963 2780 2018 ad
2811 1962 3293 2034 indignationem.
3325 1961 3396 2014 At
3439 1963 3841 2014 commentum

2193 2052 2486 2122 ejusmodi
2507 2056 2597 2107 est
2627 2051 2980 2107 fabulosum.
3005 2050 3152 2105 Nam
3184 2047 3528 2120 plerumque
3543 2048 3845 2118 Scriptura

2194 2158 2296 2213 per
2327 2142 2747 2213 metonymiam
2800 2139 3057 2194 coelestia
3085 2136 3364 2192 animalia
3409 2134 3621 2192 cmlum
3653 2141 3840 2204 vocat,

2194 2229 2278 2284 uti
2311 2233 2369 2284 et
2401 2245 2506 2284 nos
2539 2228 2730 2283 dicere
2775 2227 3036 2283 solemus
3070 2241 3084 2286 :
3118 2225 3332 2282 Civitas
3373 2224 3567 2280 omnis
3609 2240 3846 2296 egressa

2193 2323 2317 2384 est;
2342 2322 2398 2372 et
2425 2335 2436 2372 :
2462 2317 2674 2372 Civitas
2705 2333 2738 2370 a
2763 2316 3026 2388 principe
3048 2317 3198 2370 hanc
3219 2330 3341 2369 rem
3364 2312 3596 2385 petivit;
3627 2312 3845 2383 quippe

2193 2407 2486 2462 civitatem
2536 2405 2661 2462 loco
2708 2405 3035 2460 incolarum
3083 2403 3479 2459 nominamus.
3514 2402 3720 2472 Itaque
3770 2399 3844 2456 ad

2195 2493 2351 2547 hunc
2380 2493 2618 2548 modum
2665 2491 3007 2564 indignatur
3035 2491 3210 2545 etiam
3243 2489 3476 2556 coelum,
3510 2504 3645 2544 cum
3668 2489 3844 2560 justa

2195 2582 2293 2636 Dei
2325 2581 2420 2635 iraa
2452 2580 2856 2636 assentiuntur
2886 2579 3147 2634 caelestes
3180 2583 3517 2650 potestates.
3551 2577 3846 2642 Quemad-

2194 2671 2436 2724 modum
2468 2670 2622 2724 enim
2647 2669 2933 2740 gaudium
2965 2673 3054 2722 est
3086 2669 3142 2721 in
3174 2666 3336 2722 caelis
3367 2683 3545 2738 super
3574 2682 3692 2720 uno
3722 2681 3848 2736 pec-

2194 2763 2386 2814 catore
2416 2758 2818 2830 pmnitentiam
2851 2761 3057 2829 agente
3082 2757 3124 2791 ³⁸
3161 2774 3174 2812 :
3208 2756 3291 2811 ita
3321 2771 3554 2827 quoque
3583 2754 3850 2826 indigna-

2194 2846 2274 2901 tio
2305 2851 2364 2902 et
2392 2846 2636 2902 tristitia
2679 2851 2769 2902 est
2815 2861 2994 2916 super
3042 2844 3137 2912 iis,
3171 2844 3273 2916 qui
3322 2860 3425 2915 per
3475 2847 3782 2914 peccatum
3817 2857 3853 2897 a

2194 2936 2507 2992 Conditore
2538 2935 2838 2990 deﬁciunt.

2265 3023 2390 3086 271.
2426 3023 2594 3077 Vrsas.
2631 3023 2817 3076 14-16.
2850 3023 2917 3076 Et
2964 3028 3128 3076 erunt
3158 3019 3368 3076 residui
3415 3020 3582 3091 quasi
3627 3017 3852 3074 damula

2195 3112 2438 3182 fugiens,
2471 3115 2519 3165 et
2550 3113 2710 3182 quasi
2737 3112 2854 3166 ovis
2883 3126 3096 3176 errans,
3128 3119 3180 3164 et
3208 3126 3320 3164 non
3357 3110 3465 3164 erit
3492 3109 3590 3180 qui
3614 3122 3852 3179 congre-

1257 3196 1395 3252 ὥστε
1474 3193 1759 3272 ἄνθρωπον
1838 3197 1913 3259 εἷς
1995 3198 2084 3251 τὸν

2198 3207 2298 3270 get,
2332 3202 2413 3254 ita
2441 3208 2499 3255 ut
2539 3201 2694 3254 homo
2741 3199 2810 3254 ad
2849 3199 3116 3269 populum
3173 3214 3338 3253 suum
3391 3200 3765 3265 convertatur,
3796 3203 3850 3252 et

2197 3289 2355 3343 homo
2403 3290 2465 3343 in
2509 3290 2789 3356 regionem
2842 3304 2998 3342 suam
3046 3295 3260 3342 currat.
3294 3289 3441 3341 Nam
3495 3286 3597 3358 qui
3649 3287 3852 3356 captus

2194 3379 2368 3448 fuerit
2398 3379 2773 3448 opprimetur;
2803 3384 2855 3432 et
2889 3379 2990 3447 qui
3040 3376 3360 3448 congregati
3404 3375 3633 3446 fuerint,
3663 3372 3849 3444 gladio

2193 3466 2407 3520 cadent.
2440 3468 2507 3522 Et
2532 3464 2684 3535 filios
2731 3481 2925 3521 eorum
2974 3465 3290 3535 discerpent
3335 3465 3398 3518 in
3445 3467 3733 3534 conspectu
3760 3476 3849 3517 eo-

2195 3572 2346 3623 rum,
2376 3559 2427 3610 et
2457 3555 2640 3610 domos
2690 3569 2880 3610 eorum
2925 3554 3221 3624 diripient,
3251 3561 3303 3608 et
3349 3568 3552 3608 uxores
3600 3554 3848 3622 ipsorum

2195 3643 2495 3698 habebunt.
2519 3643 2626 3707 Qui
2658 3645 2716 3696 in
2746 3659 2958 3698 manus
2985 3641 3246 3697 hostium
3271 3639 3724 3710 irrumpentium
3756 3654 3848 3694 ve-

2196 3732 2410 3798 nerint,
2443 3732 2500 3785 in
2536 3732 2664 3801 ipsa
2695 3731 2817 3786 acie
2849 3731 3096 3797 cadunt;
3129 3729 3228 3800 qui
3254 3745 3388 3785 vero
3411 3730 3547 3800 fuga
3571 3728 3686 3784 sibi
3716 3744 3852 3782 con-

2195 3819 2506 3887 suluerint,
2542 3818 2602 3874 bi
2634 3818 2803 3890 quasi
2835 3818 3074 3874 damula
3105 3818 3359 3890 fugiunt.
3386 3816 3618 3873 Animal
3650 3820 3846 3872 autem

2193 3909 2337 3964 illud
2359 3909 2635 3980 pavidum
2653 3914 2744 3964 est
2760 3908 2924 3964 valde
2940 3914 2998 3964 et
3016 3907 3448 3972 metidulosum,
3463 3911 3520 3962 et
3536 3908 3608 3962 ob
3630 3907 3848 3978 pedum

2190 3998 2554 4054 velocitatem
2587 3997 2788 4069 procul
2831 3998 3004 4069 fugit,
3035 4013 3140 4052 nec
3181 3997 3431 4069 gradum
3463 3995 3637 4051 sistit.
3664 3997 3852 4050 Erunt

2190 4086 2370 4158 igitur
2397 4088 2557 4158 quasi
2604 4087 2835 4142 damula
2883 4091 2933 4142 et
2978 4087 3135 4158 quasi
3181 4087 3301 4141 ovis
3351 4084 3680 4140 errabunda.
3715 4083 3851 4140 Ovis

2191 4175 2350 4232 enim
2383 4191 2452 4231 ex
2482 4191 2544 4231 se
2575 4174 2736 4232 nullo
2787 4176 2960 4231 modo
3001 4175 3167 4231 novit
3217 4175 3291 4231 ad
3338 4190 3559 4247 pascua
3604 4173 3852 4246 pinguia

2124 4429 2168 4493 Ι)
2199 4425 2338 4482 stris
2369 4441 2470 4481 sex
2501 4443 2644 4482 mss.
2678 4426 3036 4482 addidimus.

2272 4499 2384 4586 (88)
2416 4499 2664 4586 Antiqui.
2684 4503 2803 4586 tres
2831 4499 2990 4586 lib‘ri,
3035 4497 3127 4584 xui
3179 4493 3459 4580 ἄνθρωπον
3488 4493 3568 4556 εἷς
3595 4495 3694 4562 τὴν
3725 4491 3852 4567 χώ-

2199 4587 2293 4641 ραν
2336 4567 2527 4641 ἑαυτοῦ
2576 4567 2787 4639 διῶξαι,
2818 4581 2868 4625 et
2906 4571 3067 4625 homo
3098 4572 3161 4626 in
3188 4567 3472 4641 regionem
3510 4584 3678 4641 suam
3721 4581 3850 4641 cur:

2199 4635 2306 4714 ξαι.
2338 4640 2448 4694 Alii
2499 4647 2638 4708 tres,
2683 4635 2772 4694 καὶ
2819 4641 3125 4714 ἄνθρωπον,
3159 4638 3234 4701 είς
3256 4635 3382 4707 ⁷τὴν
3440 4639 3628 4714 χώραν
3687 4635 3851 4691 αὐτοῦ

2198 4708 2554 4781 διασωθῆναι,
2595 4722 2646 4770 et
2696 4715 2852 4768 homo
2900 4708 2961 4768 in
3008 4713 3284 4784 regionem
3331 4708 3508 4784 suam;
3534 4708 3749 4784 salvum
3796 4724 3852 4784 se

2195 4778 2443 4854 recipiat.
2482 4778 2548 4840 ln'
2593 4785 2766 4841 editis
2814 4801 2948 4840 vero
2997 4778 3255 4855 et'apud
3282 4784 3447 4855 LXX
3496 4782 3727 4855 legitur,
3758 4778 3849 4855 xui

2197 4851 2484 4928 ἄνθρωπος
2518 4855 2595 4917 εἰς
2624 4858 2725 4926 τὴν
2755 4856 2942 4930 χώραν
2986 4851 3155 4930 αὐτοῦ
3183 4852 3468 4930 κδιώξεται,
3503 4851 3579 4910 Εῖ
3593 4854 3748 4930 homo
3779 4851 3852 4930 ad

2199 4923 2476 4997 regionem
2523 4923 2690 4984 suam
2731 4923 3053 5001 elipellelur.
3098 4929 3237 4983 Mihi
3287 4923 3852 5001 autemverisimile

2198 4996 2281 5065 ﬁt,
2314 5002 2709 5071 typograpbos
2739 4996 2811 5056 de
2859 5019 2967 5057 suo
3015 5001 3326 5056 emendare
3354 4998 3612 5071 voluisse
3636 4996 3849 5071 _:__qu_od

2198 5067 2482 5197 utltuttius—
2513 5067 2785 5141 lacerent,
2821 5075 2901 5138 ita
2941 5073 3273 5138 ediderunt,
3312 5071 3393 5136 uti
3428 5071 3485 5124 in
3533 5067 3733 5124 Bibliis
3764 5067 3850 5123 le-

2198 5161 2264 5197 ae
2311 5160 2344 5197 a
2375 5161 2463 5197 ur.

2237 5149 2463 5198 ebatur.

2196 5161 2661 5285 Βὲῗῷιῗθίθτσυθ
2712 5215 3081 5271 Colbertinus
3132 5217 3190 5285 et
3233 5213 3372 5283 Reg.
3409 5207 3847 5285 secundus,uai

2198 5282 2430 5352 αἵτινες,
2467 5291 2516 5358 et
2552 5282 2601 5341 si
2643 5290 2742 5358 qui
2777 5289 3081 5358 rsint,_elc.
3133 5282 3441 5358 Aliquanto
3488 5288 3622 5356 post
3669 5283 3848 5338 iidem

2199 5376 2367 5426 mss.,
2399 5357 2610 5418 καὶτὰς
2657 5354 2848 5419 ὀῦσίάς
2898 5355 3069 5410 αὐτῶν
3121 5354 3580 5428 προνομεύσουσι,
3627 5364 3678 5411 et
3727 5369 3852 5426 opes

2195 5447 2383 5512 eorum
2414 5430 2705 5512 ilirjpient.

2267 5502 2380 5627 (85)
2410 5493 2648 5585 Qodices
2679 5505 2951 5627 qiuatuor,
2977 5493 3191 5552 ἔπεσαν.
3217 5499 3396 5582 P~aulo
3419 5499 3571 5556 infra
3599 5500 3849 5567 uterque

2267 5596 2271 5623 ι
2301 5574 2562 5627 bertinus
2592 5579 2648 5627 et
2734 5589 2825 5627 ea.
2859 5572 3174 5627 secundus.
3210 5570 3347 5627 ζωόν
3382 5570 3493 5626 ἐστι
3522 5568 3612 5625 καὶ
3643 5565 3845 5622 δειλόν.

2197 5565 2562 5644 Colbertinus
2592 5579 2648 5628 et
2686 5565 2825 5644 Reg.
2859 5565 3174 5644 secundus.
3210 5570 3347 5637 ζῶόν
3382 5570 3493 5626 ἐστι
3522 5568 3612 5625 καὶ
3643 5565 3845 5622 δειλόν.

2196 5644 2322 5702 Vox
2349 5642 2461 5700 ἐστι
2489 5647 2550 5701 in
2580 5645 2754 5702 editis
2775 5642 3248 5700 desiderabatur.
