4150 6402
308 339 424 400 595

310 559 420 614 sibi
456 563 656 629 potum
691 575 972 630 quaerere,
1010 558 1118 612 nisi
1155 556 1287 627 quis
1330 556 1584 610 adfuerit
1616 560 1839 626 pastor,
1865 554 1963 623 qui

310 664 436 701 eam
473 647 743 701 deducat.
781 647 979 717 Itaque
1020 645 1118 716 qui
1166 650 1304 698 tunc
1355 649 1547 711 erunt,
1579 645 1806 714 fugient
1837 641 1964 712 qui-

313 736 445 788 dem
480 736 722 806 perinde
751 740 927 804 atque
956 735 1137 787 dasz
1175 749 1186 786 :
1220 733 1620 786 destituentur
1651 748 1780 785 vero
1812 730 1968 785 auxi'

311 822 390 878 lio
432 823 616 890 omni,
647 828 929 892 tanquam
982 837 1114 875 oves
1167 821 1538 885 errabundas;
1591 821 1743 890 quod
1796 835 1966 873 nemo

313 913 393 967 sit
424 914 523 982 qui
567 928 663 966 eas
712 911 908 964 ducat.
942 911 1001 962 Et
1050 926 1158 964 non
1205 913 1310 964 erit
1358 911 1454 979 qui
1497 912 1806 978 congregat.
1844 909 1964 962 Imo

312 1001 504 1055 timidi
537 999 774 1069 quidem
820 999 1234 1069 dispergentur
1278 1015 1310 1052 a
1353 998 1844 1068 persequentibus
1878 1014 1891 1052 :
1926 997 1964 1050 ii

312 1103 446 1143 vero
476 1087 578 1158 qui
627 1087 848 1142 residui
903 1086 1136 1154 fuerint,
1172 1087 1496 1152 vincentur,
1530 1086 1964 1158 opprimentur-

313 1193 424 1248 que
480 1177 553 1230 ab
612 1175 930 1231 hostibus:
975 1175 1242 1246 quamvis
1301 1174 1474 1244 coire,
1509 1179 1565 1228 et
1621 1173 1962 1228 auxiliarem

311 1265 632 1335 quamdam
667 1265 1005 1319 societatem
1049 1265 1195 1318 inire
1243 1264 1491 1335 possint,
1524 1267 1716 1318 tamen
1768 1262 1963 1334 gladio

309 1353 663 1408 interibunt.
738 1354 959 1408 Deinde
1036 1353 1402 1407 miserandas
1469 1351 1833 1407 calamitates
1908 1358 1965 1405 et

310 1458 607 1496 mrumnas
663 1457 866 1496 eorum
919 1441 1019 1512 qui
1071 1441 1128 1494 in
1190 1441 1527 1496 servitutem
1586 1440 1803 1494 fuerint
1857 1440 1963 1494 ab-

309 1530 532 1600 stracti,
566 1533 626 1584 in
678 1530 938 1584 medium
993 1531 1227 1600 profert.
1264 1529 1437 1584 Filios
1485 1545 1688 1585 eorum
1740 1529 1963 1583 discer-

311 1624 450 1690 pent
478 1619 538 1673 in
580 1624 890 1690 parentum
941 1619 1150 1685 oculis,
1182 1618 1575 1689 diripientque
1605 1634 1806 1672 eorum
1857 1617 1963 1671 do-

314 1725 458 1776 mos,
517 1712 574 1762 et
631 1723 838 1762 uxores
895 1724 1097 1762 eorum
1161 1707 1272 1762 sibi
1330 1706 1478 1779 ipsis
1541 1705 1964 1762 contumeliose

309 1795 711 1851 vindicabunt.

383 1975 509 2027 272.
543 1976 718 2029 Vens.
756 1973 837 2042 17,
874 1974 962 2028 18.
994 1975 1125 2028 Ecce
1151 1973 1425 2028 suscitabo
1471 1973 1618 2028 vobis
1668 1972 1839 2028 Medos
1867 1975 1963 2043 qui

310 2065 601 2132 argentum
628 2077 739 2117 non
779 2067 1053 2133 reputant,
1087 2078 1185 2116 nec
1214 2078 1352 2117 auro
1380 2077 1513 2132 opus
1544 2061 1760 2117 habent.
1794 2064 1961 2116 Arcus

298 2151 570 2220 juvenum
609 2154 907 2218 conterent,
939 2155 991 2206 et
1019 2152 1266 2220 ﬁliorum
1294 2155 1595 2206 vestrorum
1639 2166 1755 2205 non
1802 2151 1958 2204 mise-

306 2239 612 2294 rebantur:
632 2256 803 2310 neque
831 2257 996 2308 super
1023 2241 1159 2310 filiis
1182 2242 1295 2294 tuis
1318 2244 1543 2311 parcent
1571 2241 1717 2294 oculi
1747 2256 1957 2296 eorum.

309 2328 507 2400 Longo
538 2328 821 2399 temporis
851 2327 1158 2384 intervallo
1189 2329 1512 2398 interjecto.
1545 2328 1627 2383 uti
1663 2330 1842 2383 tradit
1873 2329 1962 2382 hi-

304 2417 504 2482 storia,
529 2416 680 2471 Medi
724 2417 782 2471 in
814 2417 1184 2488 Assyriorum
1219 2419 1527 2488 imperium
1554 2418 1833 2481 invasere,
1861 2418 1959 2472 Ba-

307 2505 700 2576 hylonemque
727 2511 1001 2560 evertere.
1026 2506 1274 2560 Proinde
1312 2508 1470 2560 lsaits
1503 2505 1807 2577 prophetia
1827 2513 1956 2560 tnta-

301 2595 466 2648 tibus
489 2593 694 2648 multis
715 2594 868 2650 580
896 2595 1192 2664 praecessit
1226 2594 1526 2649 lsraelitici
1550 2593 1747 2666 populi
1772 2595 1957 2666 capti-

325 2682 584 2737 vitatem.
629 2682 856 2737 Rursus
908 2686 1102 2736 autem
1149 2686 1284 2752 post
1331 2683 1648 2737 abductum
1683 2683 1957 2738 lsraelem

307 2769 515 2825 multis
548 2776 678 2842 post
708 2770 880 2825 annis
906 2769 1350 2841 comperiuntur
1377 2771 1526 2826 Medi
1556 2772 1808 2843 Assyriis
1837 2771 1958 2826 bel-

303 2858 428 2913 lum
459 2859 752 2914 intulisse.
792 2861 994 2929 Itaque
1023 2861 1385 2929 captivorum
1426 2861 1684 2914 solamen
1717 2875 1958 2931 exspec-

301 2947 446 3002 tatio
471 2953 561 3003 est
579 2947 849 3003 vindictae
879 2947 1159 3018 p0pulum
1189 2947 1419 3003 lsraelis
1444 2953 1766 3003 vexatorem
1802 2949 1957 3003 brevi

301 3036 773 3106 apprehensuris.
828 3035 1134 3104 Suscitabo,
1188 3035 1402 3107 inquit,
1435 3037 1583 3092 vobis
1628 3037 1822 3106 Medos,
1857 3027 1961 3110 qu!

301 3141 490 3196 neque
519 3130 784 3198 argento,
821 3141 1008 3196 neque
1053 3141 1193 3180 auro
1245 3124 1568 3182 ﬂectentur.
1605 3125 1804 3195 Neque
1833 3144 1956 3197 vos,

1251 337 1642 398 APPENDIX
1686 333 2013 399 OPEBUM
2056 333 2123 394 S.
2169 333 2455 396 BASILII
2500 335 2770 396 MAGNI.

307 484 568 542 pergere,
600 485 706 525 nec
759 469 1074 525 tutioribus
1130 469 1187 522 in
1249 465 1390 522 locis
1449 465 1822 532 commorari,
1857 469 1958 520 aut

2074 461 2160 516 καὶ
2219 461 2295 524 ὡς
2350 457 2623 538 πρόϐατον
2681 459 3038 535 πλανώμενον
3077 506 3089 520 .

1992 1832 2040 1898 Β

3609 335 3728 395 596

3149 461 3249 516 Καὶ
3307 461 3409 536 γὰρ
3463 458 3725 533 οὐδεμίαν

2077 549 2276 605 οἰκείαν
2321 550 2526 605 σύνεσιν
2581 549 2696 625 ἔχει
2743 552 2805 605 τὸ
2853 546 3125 620 πρόϐατον
3179 552 3319 625 πρὸς
3368 551 3431 604 τὸ
3481 550 3728 624 ὁρμῆσαι

2083 640 2174 710 μὲν
2204 638 2290 693 ἐπὶ
2337 642 2432 700 τὰς
2486 639 2795 716 τροφίμους
2845 641 3036 711 νομὰς,
3073 635 3399 707 αὐλισθῆναι
3447 635 3505 692 δὶ
3545 638 3598 693 ἰν
3631 639 3727 692 τό-

2075 749 2199 789 ποις
2232 727 2672 804 ἀσφαλεστέροις,
2721 727 2754 796 ἢ
2801 730 2966 782 ποτὸν
3018 729 3229 789 ἑαυτοῖς
3283 727 3603 797 ἐκζητῆσαι,
3638 725 3726 782 ἐὰν

2079 819 2153 888 μή
2189 838 2269 878 τις
2373 819 2400 870 6
2451 817 2778 888 ποιμαίνων,
2828 816 2915 870 καὶ
2957 815 3044 871 ἐπὶ
3073 820 3243 870 ταῦτα
3290 815 3722 890 καθηγούμενος.

2076 911 2325 959 Ἔσονται
2359 904 2450 959 οὖν
2506 907 2557 959 οἱ
2604 905 2749 973 τότε,
2791 902 3168 980 διαφεύγοντες
3220 906 3314 976 μὶν
3349 905 3424 965 ὡς
3604 902 3728 979 δορ-

2074 991 2254 1060 κάδες,
2286 989 2588 1064 ἀϐοήθητοι
2633 992 2690 1048 δὶ
2741 993 2815 1054 ὡς
2864 995 2932 1048 τὰ
2982 989 3230 1069 πρόϐατα
3274 993 3342 1047 τὰ
3370 991 3722 1067 πλανώμενα,

2073 1087 2152 1154 τῷ
2202 1083 2278 1155 μὴ
2321 1083 2448 1136 εἶναι
2499 1082 2675 1136 αὐτῶν
2728 1081 2991 1156 ἄρχοντα.
3036 1082 3138 1138 Καὶ
3189 1081 3288 1136 οὐκ
3333 1078 3489 1137 ἓσταε
3532 1083 3561 1136 6
3609 1104 3725 1136 συν-

2075 1171 2245 1245 ἀγων,
2278 1169 2404 1226 ἀλλ’
2433 1172 2485 1225 οἱ
2529 1171 2625 1243 μὶν
2677 1168 2850 1226 δειλοὶ
2906 1173 3280 1246 σπαρήσονται
3312 1173 3422 1243 (87)
3477 1171 3580 1225 ὑπὸ
3619 1177 3724 1225 τῶν

2074 1257 2403 1328 διωκόντων,
2450 1260 2500 1313 οἱ
2551 1257 2609 1314 δὲ
2651 1257 3101 1336 καταλειφθέντες
3155 1261 3562 1330 ἡττηθήσονται
3623 1261 3726 1315 ὑπὸ

2072 1351 2178 1401 τῶν
2223 1346 2527 1420 πολεμίων·
2579 1345 2675 1402 κᾶν
2722 1344 2997 1417 δυνηθῶσι
3045 1350 3301 1415 συστῆναι
3337 1390 3350 1416 ,
3403 1347 3489 1403 καὶ
3530 1369 3722 1403 κοινω-

2071 1431 2186 1489 νίαν
2231 1437 2353 1490 τινὰ
2413 1435 2667 1511 βοηθείας
2722 1438 3068 1505 ποιήσασθαι·
3133 1435 3260 1491 ἀλλ’
3321 1437 3416 1489 οὗν
3481 1436 3723 1510 μαχαίρᾳ

2071 1529 2379 1581 πεσοῦνται.
2415 1528 2550 1581 Εἶτα
2593 1523 2738 1600 λέγει
2787 1525 2852 1579 τὰ
2893 1522 3104 1579 ἐλεεινὰ
3151 1529 3294 1594 πάθη
3326 1529 3434 1578 τῶν
3472 1523 3722 1598 ἐξανδρα-

2072 1613 2450 1688 ποδιζομένων
2485 1657 2498 1671 .
2558 1615 2643 1672 Τὰ
2714 1615 2875 1669 τέκνα
2934 1613 3110 1668 αὐτῶν
3194 1613 3439 1690 ῥάξουσιν
3497 1612 3550 1668 έν
3608 1618 3726 1675 τοῖς

2073 1703 2383 1780 ὀφθαλμοῖς
2431 1709 2536 1758 τῶν
2585 1705 2811 1778 γονέων,
2844 1703 2933 1757 καὶ
2980 1702 3075 1764 τὰς
3120 1701 3295 1764 οἰκίας
3343 1702 3519 1757 αὐτῶν
3573 1699 3724 1776 διαρ-

2073 1793 2360 1860 πείσονται,
2393 1793 2481 1846 καὶ
2537 1793 2632 1854 τὰς
2695 1797 2949 1867 γυναῖκας
2981 1790 3060 1870 ἐφ’
3117 1786 3269 1867 ὕϐρει
3328 1791 3465 1864 πρὸς
3497 1790 3722 1852 ἑαυτοὺς

2074 1883 2520 1954 μεταστήσουσιν.

2139 1973 2264 2026 272.
2319 1967 2460 2027 Ἰδοὺ
2518 1969 2760 2044 ἐπεγερῶ
2811 1972 2924 2042 (88)
2991 1970 3120 2042 ὑμῖν
3178 1969 3307 2031 τοὺς
3364 1966 3605 2039 Μήδους,
3665 1970 3719 2024 οἱ

2070 2059 2132 2113 οὐ
2207 2058 2519 2134 λογίζονται
2605 2059 2857 2134 ἀργύριον
2921 2101 2934 2126 ,
2987 2057 3116 2114 οὐδὲ
3210 2058 3440 2133 χρυσίου
3525 2059 3713 2134 χρείαν

2065 2145 2306 2223 ἔχουσι.
2377 2148 2694 2220 Τοξεύματα
2772 2147 3062 2203 νεανίσκων
3154 2149 3504 2222 συντρίψουσι
3547 2190 3562 2213 ,
3620 2151 3710 2204 καὶ

2066 2237 2133 2290 τὰ
2185 2237 2342 2290 τέκνα
2404 2237 2553 2308 ὑμῶν
2611 2235 2672 2290 οὐ
2744 2237 2820 2307 μὴ
2883 2233 3202 2306 έλεήσωσινο
3267 2234 3396 2291 οὐδὲ
3456 2235 3544 2290 ἐπὶ
3599 2243 3718 2298 τοῖς

2063 2326 2274 2387 τέκνοις
2331 2347 2428 2379 σου
2486 2323 2758 2401 φείσονται
2816 2325 2866 2379 οἱ
2925 2323 3198 2402 ὀφθαλμοὶ
3239 2325 3437 2380 αὐτῶν.
3473 2323 3716 2388 Πολλοῖς

2066 2413 2286 2488 ὕστερον
2313 2415 2557 2488 χρόνοις,
2587 2413 2662 2473 ὡς
2693 2415 2727 2481 ἡ
2761 2413 2972 2485 ἱστορία
3001 2411 3406 2488 παραδέδωκεν,
3442 2413 3494 2468 oi
3535 2412 3717 2479 Μῆδοι

2063 2507 2131 2575 τῇ
2160 2504 2307 2577 ἀρχῇ
2339 2506 2406 2575 τῇ
2434 2508 2540 2556 τῶν
2564 2501 2860 2576 ’Δσσυρίων
2886 2501 3157 2570 ἐπέθεντο,
3179 2503 3267 2556 καὶ
3289 2503 3717 2577 κατεστρέψαντο

2065 2586 2383 2648 Βαϐυλῶνα.
2418 2593 2567 2647 ’Ἐστι
2630 2591 2722 2662 μὶν
2784 2592 2874 2644 οὖν
3030 2591 3334 2669 προφητεία
3365 2591 3714 2649 τοῦἮσαΐου

2065 2681 2170 2756 πρὸ
2199 2677 2428 2735 πολλῶν
2456 2684 2650 2754 γενεῶν
2698 2682 2810 2750 (89)
2857 2687 2956 2748 τῆς
2999 2685 3096 2734 τοῦ
3143 2678 3363 2756 Ἰσραὴλ
3414 2681 3711 2756 αίχμαλωυ

2067 2769 2204 2831 σίας.
2247 2767 2416 2824 Πάλιν
2478 2765 2535 2822 δὶ
2595 2769 2728 2840 μετὰ
2783 2769 2874 2822 τὸν
2932 2767 3153 2844 Ἰσραὴλ
3210 2767 3447 2832 πολλοῖς
3493 2770 3709 2846 ὕστερον

2063 2855 2204 2913 ἱίτεσι
2237 2857 2513 2932 φαίνονται
2545 2857 2598 2911 οἳ
2649 2853 2829 2924 Μῆδοι
2875 2857 3384 2931 ἐπιστρατεύσαντες
3431 2865 3546 2920 τοῖς
3578 2861 3706 2913 Ἀσ-

2069 2945 2627 3022 συρίοις.Παραμυθία
2651 2945 2742 3000 οὗν
2759 2949 2865 3000 τῶν
2891 2945 3453 3020 αἰχμαλωτιζομένων
3477 2950 3508 3016 ἠ
3534 2967 3700 3022 προσ-

2069 3033 2226 3091 δοκία
2244 3038 2343 3100 τῆς
2367 3031 2694 3104 ἐκδικήσεως
2727 3037 2844 3106 μετ’
2863 3034 2926 3088 οὐ
2943 3034 3086 3090 πολὺ
3245 3037 3700 3110 καταληψομένης

2067 3126 2158 3181 τὸν
2192 3124 2322 3182 λαὸν
2358 3125 2450 3178 τὸν
2481 3125 2799 3178 κακώσαντα
2825 3123 2918 3178 τὸν
2951 3123 3191 3198 Ἰσραήλ.
3221 3125 3706 3200 Ἐπεγερῶ,φησὶν,

299 3212 624 3285 Babylonii,
679 3213 1014 3268 divitiarum
1077 3217 1402 3268 vestrarum
1455 3214 1622 3285 copia
1673 3215 1954 3270 immuni-

2074 3217 2199 3287 ὑμῖν
2251 3213 2379 3275 τοὺς
2419 3210 2642 3284 Μήδους
2677 3255 2690 3280 ,
2725 3210 2914 3274 ο⁹ίτινες
2966 3193 3089 3268 οὕτε
3120 3193 3378 3288 γάργυρίιμ
3418 3193 3709 3290 ’παραπειέ

298 3305 478 3358 tatem
512 3302 803 3358 malorum
865 3303 936 3357 ab
995 3300 1141 3373 ipsis
1187 3318 1380 3357 emere
1429 3303 1715 3374 poteritis.
1759 3304 1958 3376 Neque

300 3389 458 3445 enim
493 3391 577 3445 eis
627 3391 886 3462 pecuniae
923 3394 1064 3445 sunt
1100 3391 1500 3458 admirationi,
1534 3393 1689 3463 quod
1739 3398 1798 3447 et
1842 3381 1958 3466 ipsi

301 3477 422 3533 sint
477 3477 938 3549 opulentissimi.
969 3479 1332 3550 Quapropter
1381 3495 1571 3552 neque
1624 3481 1684 3536 in
1743 3480 1958 3553 praeliis

299 3566 722 3621 distrahuntur
744 3573 1113 3621 mortuorum
1140 3567 1380 3636 exuviis,
1404 3584 1592 3638 neque
1625 3569 1961 3626 detinentur

300 3654 359 3708 in
399 3655 595 3726 prada
626 3655 875 3726 agenda,
903 3655 1023 3710 imo
1054 3655 1125 3708 ab
1155 3655 1226 3709 iis
1254 3657 1350 3726 qui
1386 3657 1536 3728 capti
1571 3663 1708 3712 sunt
1737 3657 1958 3730 aliquid

302 3743 586 3814 accipere,
621 3744 926 3800 sordidum
962 3747 1172 3814 putant
1215 3748 1272 3798 et
1317 3743 1608 3814 ignavum.
1639 3747 1747 3801 Sed
1777 3747 1966 3819 sagit-

299 3832 510 3887 tariam
551 3839 737 3888 artem
789 3831 1247 3888 adolescentium
1279 3837 1601 3890 vestrorum
1634 3843 1962 3920 conterent,

300 3937 488 3992 neque
519 3920 639 3975 ullo
685 3921 859 3976 modo
908 3920 1350 3976 miserebuntur
1396 3923 1736 3991 infantium,
1773 3942 1962 3998 neque

301 4009 386 4063 eis
417 4014 678 4079 parcent.
703 4009 1006 4064 Medorum
1043 4015 1239 4065 autem
1275 4027 1487 4066 nomen
1519 4017 1959 4086 transumptum

298 4097 617 4168 signiﬁcat,
647 4115 681 4152 a
709 4099 1032 4168 sufﬁcienti.
1068 4099 1176 4162 Qui
1225 4099 1408 4171 igitur
1452 4102 1756 4158 sufﬁciens
1782 4108 1873 4160 est
1902 4105 1960 4158 in

296 4187 597 4254 omnibus,
631 4204 698 4242 ac
730 4204 834 4260 pro
884 4188 1099 4242 merito
1131 4187 1312 4244 vicem
1351 4191 1592 4246 reddere
1621 4198 1830 4263 potest,
1864 4193 1961 4250 hic

293 4277 406 4331 ciet
435 4280 492 4331 et
517 4276 776 4332 accersit
830 4276 1050 4331 Medos.
1084 4279 1198 4331 Aut
1248 4278 1394 4334 forte
1443 4281 1718 4351 quoniam
1771 4268 1961 4338 l‘vladai

292 4365 492 4420 Mediae
524 4366 792 4420 conditor
823 4371 913 4420 est
933 4365 980 4399 ³³
1009 4366 1126 4436 (hic
1181 4372 1373 4421 autem
1433 4367 1478 4421 si
1534 4369 1957 4446 interpreteris,

295 4457 468 4508 sonat
517 4453 964 4525 dimensionem),
997 4453 1129 4509 ideo
1163 4454 1276 4510 dici
1308 4456 1538 4528 possint
1588 4457 1739 4514 Medi
1789 4452 1960 4517 accitl

365 4615 411 4650 “
440 4614 582 4672 Gen.
615 4633 672 4684 x,
703 4617 758 4670 2.

2068 3306 2372 3374 σθήσονται,
2406 3299 2530 3358 οὔτε
2559 3301 2791 3377 χρυσίῳ.
2825 3299 2966 3359 Οὐδὲ
3014 3299 3306 3372 δυνήσεσθε
3332 3303 3507 3376 ὑμεῖς,
3539 3305 3592 3357 οἱ
3623 3309 3714 3357 Βα-

2070 3389 2336 3447 ϐυλώνιοι
2368 3438 2384 3464 ,
2444 3395 2512 3464 τῇ
2571 3389 2854 3463 περιουσίᾳ
2908 3395 3005 3446 τοῦ
3051 3390 3294 3446 πλούτου
3350 3390 3712 3462 ἐξωνήσασθαι

2067 3483 2193 3556 παρ’
2253 3480 2426 3536 αὐτῶν
2457 3480 2518 3534 τὸ
2553 3477 2720 3553 μηδὲν
2753 3481 2964 3534 παθεῖν.
2999 3478 3141 3536 Οὐδὶ
3171 3481 3273 3553 γὰρ
3324 3481 3457 3534 εἰσιν
3509 3481 3712 3549 ἐπτοη-

2073 3571 2224 3643 μένοι
2277 3568 2402 3642 περὶ
2458 3570 2743 3643 χρήματα,
2801 3572 2881 3640 τῷ
2929 3567 3019 3622 καὶ
3081 3567 3231 3623 αὐτοὶ
3291 3568 3709 3644 ὑπερπλουτεῖν.

2070 3659 2267 3731 Διόπερ
2297 3655 2423 3711 οὐδὲ
2470 3654 2523 3710 ἐν
2566 3661 2684 3718 τοῖς
2728 3656 2999 3729 πολέμοις
3049 3659 3162 3730 (91)
3208 3661 3574 3732 περισπῶνται
3607 3657 3712 3711 ὑπὸ

2068 3754 2167 3817 τῆς
2214 3743 2591 3820 νεκροσυλίας,
2643 3743 2766 3799 οὐδὲ
2805 3744 3167 3820 ἀσχολοῦνται
3220 3747 3347 3822 περὶ
3394 3747 3490 3814 τὴν
3537 3744 3712 3814 λείαν,

2069 3836 2158 3892 καἲ
2190 3837 2251 3891 τὸ
2301 3829 2601 3908 λαμϐάνειν
2646 3834 2793 3908 παρὰ
2817 3839 2928 3889 τῶν
2973 3834 3295 3890 ἑαλωκότων
3347 3836 3529 3910 ἀγενὶς
3574 3834 3715 3890 οἷόν-

2069 3947 2178 3981 ται.
2239 3922 2413 3981 Ἀλλὰ
2462 3924 2562 3992 τὴν
2616 3922 2821 3992 τοξείαν
2887 3927 2995 3978 τῶν
3052 3925 3178 3998 παρ’
3237 3925 3366 3997 ὑμῖν
3423 3923 3710 3979 νεανίσκων

2071 4012 2438 4089 συντρίψουσι,
2479 4009 2570 4064 καὶ
2615 4007 2808 4065 οὐδένα
2855 4012 3054 4084 οἶκτον,
3101 4009 3225 4068 οὐδε
3256 4010 3425 4091 φειδῶ
3453 4015 3715 4083 ποιήσον-

2069 4102 2156 4159 ταὶ
2193 4105 2303 4156 τῶν
2331 4098 2561 4171 νηπίων.
2592 4099 2669 4156 Τὸ
2702 4097 2759 4154 δὲ
2809 4097 3019 4171 Μήδων
3067 4100 3242 4175 ὄνομα
3297 4097 3716 4176 μεταλαμϐανό-

2074 4212 2233 4266 μενον
2259 4188 2510 4263 σημαίνει
2565 4189 2670 4244 ἀπὸ
2706 4187 2890 4243 ἱκανοῦ
2922 4231 2936 4246 .
2967 4188 3176 4247 Οὐκοῦν
3211 4191 3238 4246 6
3269 4191 3448 4253 ἱκανὸς
3502 4191 3553 4247 έν
3585 4196 3715 4246 πᾶσι

2070 4280 2157 4336 καί
2189 4277 2411 4340 δυνατὸς
2462 4276 2675 4353 ἰπάγειν
2722 4278 2790 4332 τὰ
2817 4278 2953 4353 πρὸς
2985 4277 3154 4348 ἀξίαν,
3212 4279 3369 4342 οὗτος
3420 4286 3560 4334 κινεῖ
3587 4279 3714 4341 τοὺς

2073 4366 2312 4440 Μήδους.
2343 4371 2406 4423 Ἢ
2455 4367 2602 4441 τάχα
2649 4363 2836 4436 tmte}
2869 4368 2898 4421 6
2938 4365 3142 4422 Μαδαεὶ
3193 4368 3415 4438 κτίστης
3464 4368 3573 4424 ἐστὶ
3613 4375 3715 4438 τῆς

2071 4455 2342 4530 Μηδείας,
2393 4453 2748 4531 έρμηνεύεται
2792 4453 2850 4512 δὶ
2899 4456 3054 4518 οὗτος
3099 4456 3422 4535 έκμέτρησις
3455 4461 3589 4533 (92),
3623 4457 3712 4514 λέ-

368 4789 481 4864 (86)
512 4789 608 4846 Sic
661 4806 822 4864 mss._
859 4795 1131 4864 quatuor.
1184 4791 1482 4864 Aliigduo,
1535 4791 1608 4853 ὡς
1657 4789 1734 4846 ἄν.
1778 4793 1954 4863 Editi,
1983 4796 2032 4862 D
2064 4797 2259 4850 tamen
2294 4793 2504 4848 erratis
2525 4791 2750 4864 discere
2774 4796 2998 4864 poterat
3017 4794 3105 4848 vir
3122 4795 3350 4861 doctus,
3375 4795 3532 4852 hunc
3553 4797 3718 4852 Com-

297 4857 694 4939 διοιφξῦγεπιῖες,
729 4857 1015 4939 φεύγόντες
1053 4860 1248 4939 atatis
1282 4863 1355 4939 ιά-

364 4880 694 4988 ιξευγοντες,
729 4881 1015 4939 φευγοντες
1053 4880 1146 4933 μεν
1175 4882 1248 4922 ως
1282 4880 1355 4917 αι.

364 4935 380 5005 (
409 4935 661 5010 ,7)ῌΕάίῐὶ
685 4946 740 4990 et
766 4940 886 5010 tres
916 4951 1082 5010 ms_s.,
1107 4931 1232 4988 ἀλλ’
1257 4934 1309 4986 οἱ
1337 4933 1432 5005 μὲν
1469 4929 1954 5010 διασπαρήσονται.

293 5011 370 5060 At
398 5007 556 5062 Colb.
591 5007 894 5062 secundus
927 5006 1009 5060 uti
1045 5007 1103 5060 in
1136 5012 1431 5060 contextu.

363 5077 572 5148 (88)Jln
608 5079 1147 5148 mss._quibusdam
1180 5095 1344 5148 teque
1378 5095 1443 5132 ae
1475 5077 1532 5131 in
1570 5078 1773 5134 Bibliis
1807 5077 1955 5148 legi-

296 5143 411 5211 tur,
467 5144 595 5223 ἰδοὺ-
637 5143 916 5223 ἐπεγείρει),
951 5166 1067 5203 ecce
1115 5143 1339 5223 suscita.
1378 5155 1551 5223 Infra
1577 5152 1808 5206 codices
1839 5143 1954 5206 duo

294 5236 426 5274 cum
461 5221 647 5274 editis.
687 5218 1023 5289 ἐλεήσουσιν.
1058 5222 1164 5274 Alii
1200 5228 1471 5290 quatuor,
1510 5218 1825 5290 ἐλεήσωσιν.

365 5292 478 5361 (89)
514 5291 623 5365 Πρὸ
655 5291 884 5347 πολλῶν
926 5295 1148 5364 γενεῶν,
1179 5295 1371 5346 multis
1419 5295 1680 5348 aetatibus
1726 5309 1952 5364 praeces-

292 5364 392 5427 sit,
437 5369 544 5434 etc.
590 5365 692 5418 Hic
741 5366 1022 5420 Basiliam
1082 5365 1465 5434 indiligentia)
1516 5373 1750 5418 accusat
1782 5366 1950 5418 Com-

296 5433 560 5488 beiisius.
583 5436 719 5502 Ejus
752 5437 868 5490 haec
897 5443 1069 5490 sunt:
1101 5438 1214 5490 Non.
1242 5433 1376 5490 satis
1408 5437 1706 5490 advertisse
1735 5438 1954 5491 videtur

293 5505 560 5578 Basilius.
593 5508 730 5562 Nam
764 5509 883 5578 ipsa
916 5509 1079 5564 Isaz'w
1107 5511 1274 5563 .‘L’tatc
1318 5508 1626 5562 translatus
1652 5515 1732 5561 est
1761 5509 1950 5569 Israel,

294 5577 478 5635 Achaz
506 5595 634 5647 rege
661 5577 836 5641 Juda;
865 5583 984 5649 ipse
1012 5594 1220 5651 quoque
1252 5579 1432 5651 gJudas
1460 5595 1570 5633 non
1598 5579 1770 5634 multo
1807 5584 1946 5649 post,

293 5651 562 5707 exstincto
593 5651 839 5707 Ezechia.
861 5653 934 5707 At
965 5650 1164 5707 sinon
1187 5650 1444 5720 aliunde,
1470 5655 1528 5706 at
1558 5666 1626 5706 ex
1657 5651 1948 5722 ejusmodi

2069 4865 2423 4937 mentarium
2460 4863 2670 4937 Basilio
2699 4863 2906 4937 Magno
2928 4865 3318 4937 tribuendum
3355 4884 3468 4923 non
3501 4885 3652 4924 esse.

2139 4938 2252 5008 (90)
2283 4936 2524 4992 Codices
2572 4935 2855 5008 quinque,
2887 4935 2947 4990 οὐ
2992 4939 3107 5008 μετ’
3157 4938 3222 4992 οὐ
3263 4938 3427 4994 πολύ.
3480 4941 3629 4996 Editi
3663 4946 3722 4997 et

2066 5009 2204 5080 Reg.
2235 5006 2481 5080 primus,
2501 5012 2612 5080 τῆς
2650 5007 2764 5080 μετέ
2793 5006 2855 5060 οὐ
2885 5006 3051 5064 πολύ.

2137 5079 2249 5150 (91)
2277 5079 2582 5150 Recentior
2605 5079 2937 5150 Combefisii
2966 5082 3144 5136 codex
3175 5086 3233 5136 et
3263 5084 3378 5136 duo
3401 5083 3716 5138 Colbertini

2065 5148 2199 5205 cum
2233 5148 2446 5216 editis,
2491 5148 2545 5203 έν
2592 5154 2712 5212 τοῖς
2767 5148 3079 5222 πολεμίοις,
3131 5156 3277 5208 inter
3323 5155 3514 5211 hostes.
3563 5156 3723 5209 Alter

2064 5224 2191 5292 ejus
2241 5223 2421 5276 codex
2469 5229 2525 5276 et
2576 5223 2713 5290 Reg.
2749 5231 3016 5295 quartus,
3071 5223 3122 5278 ὲν
3173 5229 3290 5287 τοῖς
3338 5225 3630 5298 πολέμοις,
3658 5230 3717 5282 in

2064 5294 2248 5348 bellis.
2279 5295 2396 5348 sive
2427 5296 2485 5348 in
2513 5296 2748 5348 nra’liis.

2096 5311 2248 5358 ειιις,
2279 5311 2396 5348 sive
2427 5311 2485 5348 tn
2513 5311 2748 5363 prmus.

2135 5367 2243 5438 (92)
2278 5365 2517 5420 Veteres
2551 5372 2805 5438 quatuor
2836 5366 2966 5420 libri
2999 5372 3207 5438 printer
3235 5369 3720 5433 Combeflsianos,

2063 5433 2406 5508 ἐκμετρησις.
2442 5433 2614 5507 Editi,
2667 5433 3023 5508 έμμέτρησιςξ
3069 5441 3280 5508 statim
3328 5443 3508 5498 codex
3539 5441 3629 5496 Fr.
3663 5446 3720 5497 et

2061 5507 3373 5604 ἓὶὶἐὲὶξξθθείίέιυεηξιθμξὶῖεὴ.κρλάέεινἐν
3409 5512 3718 5604 μετῆν-Ν

2059 5579 2448 5654 Henricianus
2499 5587 2556 5636 et
2604 5579 2721 5636 duo
2768 5580 3108 5654 Colbertini,
3141 5581 3218 5644 εἴς
3267 5582 3330 5637 τὸ
3386 5579 3712 5654 πλάζεσθαι

2057 5649 2363 5725 ἐμμέτρως.
