4150 6366
457 327 573 388 597

1248 323 1654 384 COMMENT.
1700 325 1778 383 ΙΝ
1825 324 2100 385 lSAIAM
2142 322 2648 385 PROPHETAM.
2697 327 2870 385 CAP.
2916 324 3076 385 XIlI.

3747 322 3868 384 698

455 476 638 532 γοιντο
671 454 730 509 ἂν
765 455 817 508 οἱ
873 450 1056 522 Μῆδοι
1119 451 1408 526 ἐπάγεσθαι
1465 451 1542 513 εἷς
1595 452 1658 507 τὸ
1714 451 1965 521 κολάζειν
2005 451 2076 525 ip.

2221 453 2423 522 fuisse,
2455 458 2522 509 ut
2565 471 2765 525 poenas
2797 456 2866 512 de
2903 455 2976 511 iis
3008 455 3108 528 qui
3139 455 3408 526 nequiter
3452 459 3510 510 et
3558 469 3865 526 perperam

460 544 672 619 μὲτρως
702 543 831 606 τοὺς
857 547 1041 603 κακῶς
1077 536 1429 617 βεϐιωκότας.
1465 541 1612 596 Διότι
1645 542 1690 613 ᾧ
1742 541 1921 612 μάτρῳ
1979 538 2079 596 ἓκα

2217 543 2499 612 vixerant,
2520 544 2814 615 exigerent
2839 561 2972 600 cum
3006 561 3282 600 mensura
3309 563 3322 600 :
3350 543 3630 616 quoniam
3656 560 3772 616 qua
3803 544 3862 600 in

458 655 582 695 στος
608 636 771 706 ἡμῶν
807 632 1163 706 μεμέτρηκεν,
1196 627 1320 697 ἤτοι
1381 629 1431 683 iv
1489 634 1569 702 τῷ
1610 631 1929 703 κατορθοῦν,
1963 629 1997 698 ἢ
2051 630 2102 684 iv

451 727 533 794 τῷ
559 720 912 796 ἁμαρτάνειν,
941 719 992 774 iv
1023 719 1200 790 τούτῳ
1239 717 1273 787 ἢ
1294 718 1361 773 τά
1387 725 1488 787 τῆς
1521 713 1782 791 ἀμοιϐῆς,
1813 720 1848 786 ἢ
1880 719 1946 772 τὰ
2001 725 2100 788 τῆς

2216 647 2494 687 mensura
2533 633 2781 704 quisque
2832 639 3100 689 nostrum
3149 633 3455 688 dimensus
3507 633 3700 699 fuerit,
3741 633 3861 688 sive

2215 723 2357 776 bene
2389 723 2638 792 agendo,
2672 722 2788 776 sive
2819 724 3129 792 peccando,
3162 722 3220 776 in
3253 722 3363 777 hac
3405 727 3502 776 aut
3552 721 3858 792 praamium

453 810 732 871 κολάσεως
777 808 1145 882 ἀπολήψεται.
1202 811 1449 862 Τοιοῦτοι
1509 805 1566 862 δὲ
1623 809 1674 861 οἱ
1734 804 1952 877 Μῆδον
2003 806 2079 861 οὖς

2212 815 2312 864 aut
2343 810 2701 881 supplicium
2738 811 3054 882 recipiet”.
3079 810 3248 866 Tales
3280 815 3474 866 autem
3507 815 3646 866 sunt
3676 809 3854 877 Medi;

455 899 746 970 ἔλεήσουσι
783 899 849 953 τὰ
879 898 1036 952 τέκνα
1063 901 1171 952 τῶν
1222 891 1604 965 Βαϐυλωνίων,
1638 894 1761 950 οὐδὲ
1807 898 2098 972 περιποιή-

450 1000 640 1053 σασθαι
690 984 1067 1058 καταδέξονται
1099 988 1229 1060 (93).
1264 986 1416 1061 Τάχα
1467 983 1524 1039 δὲ
1575 986 1735 1040 τὲκνα
1782 985 1909 1047 τοὺς
1966 1006 2096 1061 καρ-

447 1077 584 1151 ποὺς
615 1077 706 1132 καὶ
757 1076 824 1131 τὰ
868 1077 1178 1151 γεννήματα
1213 1078 1312 1139 τῆς
1354 1069 1716 1128 Βαϐυλωνίων
1766 1077 1952 1150 ψυχῆς
2003 1079 2096 1129 νῦν

448 1145 610 1246 φησιν
643 1167 677 1236 ἡ
730 1145 941 1241 Γραφή.
999 1145 1231 1219 Τοιαῦτα
1283 1163 1490 1236 νομίξω
1552 1165 1682 1218 εἶναι
1731 1145 1941 1218 καὶ-τά
1996 1167 2093 1218 τοῦ

449 1254 888 1330 μακαριζομίνου
937 1252 1083 1326 παρὰ
1132 1256 1212 1324 τῷ
1269 1251 1475 1325 ψαλμῷ
1522 1252 1701 1322 τίκνα,
1733 1252 1783 1306 iv
1839 1254 1884 1324 ᾧ
1915 1255 1950 1322 ἠ
1996 1254 2091 1324 μὲν

438 1345 572 1420 γυνή
603 1346 639 1413 ἡ
676 1345 787 1418 (94)
845 1342 1005 1420 σοφία
1057 1341 1220 1412 ὶστὶν,
1270 1339 1461 1408 ἥντινα
1520 1340 1823 1411 ἐκζητήσας
1870 1343 2090 1416 νύμφην

443 1433 677 1508 ἠγάγετο
735 1432 826 1486 καὶ
871 1431 1117 1486 σύνοικον
1176 1430 1352 1501 ἑαυτῷ
1403 1431 1430 1484 ὁ
1476 1429 1672 1504 Κύριος
1705 1433 1835 1503 (95),
1865 1432 2089 1505 γενόμε-

437 1541 526 1582 νος
559 1520 787 1596 ἐραστὴς
818 1523 914 1574 τοῦ
941 1517 1184 1582 κάλλους
1212 1517 1402 1583 αύτῆςο
1437 1519 1489 1572 o't
1535 1516 1592 1573 δὲ
1629 1519 1759 1589 υἱοὶ,
1785 1519 1852 1573 τὰ
1901 1521 2090 1595 γεννή-

447 1631 587 1682 ματα
615 1613 713 1664 τοῢ
744 1612 838 1663 νοῦ
886 1607 976 1662 καὶ
1021 1614 1122 1676 τῆς
1180 1607 1366 1684 σοφίας
1417 1607 1530 1680 ἅμα
1577 1605 1922 1671 συνελθόντα.
1955 1609 2085 1683 Περὶ

435 1697 646 1753 τούτων
682 1699 835 1770 οἶμαι
866 1702 974 1752 τῶν
1004 1696 1204 1750 τέκνων
1236 1696 1481 1770 εἰρῆσθαι
1513 1695 1564 1750 ἐν
1597 1701 1676 1768 τῷ
1708 1696 1824 1772 ρλς¹
1853 1696 2081 1770 ψαλμῷ·

436 1787 684 1862 Θυγάτηρ
772 1781 1102 1846 Βαϐυλῶνος
1158 1787 1193 1854 ἡ
1250 1783 1620 1860 ταλαίπωρος,
1685 1786 1946 1861 μακάριος
2024 1787 2082 1848 ’ὸς

435 1873 810 1930 ἀνταποδώσει
887 1895 971 1929 σοι
1051 1873 1115 1928 τὸ
1201 1871 1550 1946 ἀνταπόδομά
1619 1895 1740 1946 σου,
1794 1875 1822 1929 ’ὁ
1883 1875 2080 1930 ἀνταπ-

436 1961 644 2028 ἑδωκας
712 1965 872 2036 ἡμῖν.
930 1961 1210 2038 Μακάριος
1261 1962 1320 2024 ’ὀς
1373 1965 1653 2038 κρατήσει,
1711 1963 1799 2018 καὶ
1876 1961 2085 2043 ἐδαφιεῖ

431 2055 498 2108 τὰ
549 2053 720 2123 νήπιά
776 2073 872 2107 σου
930 2051 1066 2127 πρὸς
1115 2052 1217 2120 τήν
1273 2051 1493 2126 πὲτραν.
1529 2052 1743 2124 Ταύτην
1799 2053 1902 2128 γὰρ
1943 2073 2082 2128 προ-

433 2137 626 2197 ϐλὲπει
681 2143 780 2209 τήν
836 2141 1046 2215 ὴμίραν
1103 2146 1204 2208 τῆς
1265 2137 1698 2210 ἀνταποδόσεως,
1739 2142 1860 2204 καθ’
1905 2142 1966 2210 ἢν
2030 2143 2082 2196 οἱ

432 2229 613 2299 Μῆδοι
643 2231 1009 2304 κρατήσαντες
1039 2233 1148 2282 τῶν
1180 2223 1568 2300 Βαϐυλωνίων,
1602 2230 1702 2284 οὐκ
1740 2228 2080 2300 ἆΛεήσουσιν,

434 2317 557 2374 οὐδὲ
609 2319 696 2373 ἐπὶ
754 2324 874 2381 τοῖς
929 2319 1139 2380 τικνοις
1189 2317 1363 2373 αὐτῶν
1415 2318 1687 2396 φείσονται
1720 2321 1771 2374 οἱ
1803 2321 2082 2399 ὀφθαλμοὶ

434 2409 630 2464 αὐτῶν.
667 2407 866 2464 Σκόπει
902 2405 1094 2477 δὲ,ὅτι
1157 2409 1184 2462 ὁ
1243 2408 1464 2482 ψαλμὸς
1528 2409 1809 2484 μακαρίζει
1868 2411 1930 2465 οὐ
1988 2411 2080 2466 τὸν

434 2494 798 2567 ὁπωσδήποτε
844 2496 1029 2551 τέκνον
1089 2491 1442 2552 Βαϐυλώνιον
1499 2496 1757 2552 ἀνελόντα
1787 2501 1921 2572 (96),
1957 2499 2083 2555 ἀλλ’

431 2585 513 2642 ὅτι
571 2591 789 2660 πρῶτον
857 2586 950 2658 μὶν
1012 2583 1156 2648 θέλει
1211 2585 1276 2639 τά
1304 2587 1474 2656 νήπια
1504 2585 1677 2640 αὐτῶν
1712 2589 2080 2666 ἀφανίζεσθαι,

427 2674 495 2728 τὰ
523 2674 804 2749 άρτιγενῆ,
837 2675 912 2746 μὴ
968 2674 1327 2748 ἐπιτραπέντα
1375 2671 1550 2729 ἐλθεῖν
1592 2675 1668 2739 εἷς
1719 2673 1964 2750 αὔξησιν,
1990 2677 2081 2733 *ίνα

434 2764 509 2836 μὴ
567 2763 652 2817 ἰπὶ
713 2761 909 2818 πλεῖον
970 2764 1203 2838 χωρήσῃ
1263 2769 1364 2832 τῆς
1396 2763 1685 2839 πονηρίας·
1721 2763 1967 2842 δεύτερον
2001 2766 2077 2840 δὲ,

428 2850 512 2905 ὅτι
563 2848 671 2924 οὒχ
729 2847 1044 2922 οἱῳδήποτε
1103 2849 1293 2923 τρόπῳ
1348 2851 1715 2925 ἀναιρεθῆναι,
1777 2855 2076 2928 Μακαρίζει

425 2941 528 3014 γὰρ
559 2939 652 2994 τὸν
702 2940 1046 3016 κρατήσαντα
1075 2941 1188 3012 (97)
1232 2939 1322 2994 καὶ
1375 2943 1795 3016 περιγενόμενον
1846 2947 1914 3017 τῇ
1964 2947 2080 2999 ἑαυ-

422 3032 520 3082 τοῦ
575 3029 738 3104 σοφίᾳ
793 3034 893 3097 τῆς
951 3026 1294 3102 τεκνογονίας
1351 3031 1452 3082 τοῦ
1501 3031 1910 3104 συγκεχυμένου
1956 3037 2074 3102 νοῦ,

426 3113 573 3177 ὅστις
625 3114 949 3188 ὀνομάζεταί
1007 3110 1383 3177 Βαϐυλώνιος·
1416 3111 1599 3170 ἔπειτα
1655 3115 1712 3171 δὲ
1768 3119 2076 3195 προσαράσ-

430 3223 539 3258 σων
601 3201 735 3257 αὐτὰ
789 3207 858 3277 τῇ
916 3205 1108 3278 πέτρᾳ.
1140 3203 1206 3258 Ἡ
1249 3206 1418 3279 πὲτρα
1477 3201 1534 3259 δὲ
1588 3205 1678 3259 καὶ
1737 3206 1788 3260 iv
1845 3208 2079 3282 τούτῳὸ

430 3292 662 3368 Χριστός
694 3290 863 3350 ἔστιν.
902 3293 964 3350 Ὁ
994 3291 1098 3368 γὰρ
1130 3291 1440 3366 συγκρούων
1496 3293 1565 3347 τὰ
1611 3293 1790 3372 φαῦλα
1833 3293 2082 3371 δόγματα

426 3385 505 3452 τῷ
536 3379 686 3456 λόγῳ
715 3387 815 3449 τῆς
847 3379 1132 3450 ἀληθείας,
1170 3381 1328 3442 οὗτός
1358 3379 1499 3436 ἐστιν
1556 3383 1584 3436 ὁ
1638 3384 1706 3438 τὰ
1757 3379 2081 3442 Βαϐυλώνια

428 3472 598 3539 νήπια
626 3472 695 3543 τῇ
727 3468 897 3544 πέτρᾳ
926 3465 1338 3546 προσεδαφίζων
1369 3473 1502 3542 (98).
1539 3471 1601 3527 Εἰ
1633 3471 1724 3526 οὗν
1767 3475 1927 3529 τὲκνα
1971 3477 2078 3532 Βα-

424 3551 696 3625 ϐυλῶνος,
726 3557 794 3611 τὰ
823 3561 931 3611 τῶν
965 3555 1290 3633 ἑτεροδόξων
1318 3555 1568 3632 δόγματα
1620 3562 1924 3636 συγχέοντα
1979 3565 2078 3634 τήν

424 3646 610 3720 ψυχὴν
644 3650 742 3700 τοῦ
773 3642 1244 3721 παραδεχομένου’
1280 3647 1463 3709 καλῶς
1491 3649 1552 3703 τὸ
1587 3645 1938 3706 Βαϐυλώνιον
1990 3653 2074 3707 τί·

422 3755 546 3788 κνον
574 3736 862 3808 κρατηθὲν,
894 3732 1203 3812 ἒδαφίζοιτο
1233 3736 1370 3811 πρὸς
1397 3739 1497 3806 τὴν
1538 3739 1760 3814 πέτραν.

491 3826 617 3879 273.
676 3823 775 3877 Καὶ
853 3821 999 3877 ἔσται
1081 3819 1363 3894 Βαϐυλὼν,
1415 3825 1452 3894 ἢ
1530 3825 1776 3883 καλεῖται
1859 3825 2072 3904 ἔνδοξος

425 3912 529 3966 ὑπὸ
611 3909 873 3984 βασιλέης
952 3909 1262 3983 Χαλδαίων,
1318 3913 1376 3967 ’ὃν
1454 3915 1655 3990 τρόπον
1720 3919 2072 3994 κατέστρεψεν

422 4000 450 4055 ὁ
507 3996 639 4061 Θεὸς
719 3995 944 4072 Σόδομα
997 3999 1088 4054 καὶ
1146 4000 1438 4077 Γόμορρα·
1498 4004 1562 4058 οὐ
1619 4009 2073 4078 κατοικηθήσεται

426 4085 505 4150 εἷς
559 4086 654 4141 τὸν
710 4087 881 4141 αἰῶνα
938 4088 1170 4162 χρόνον,
1203 4086 1327 4142 οὐδὲ
1369 4090 1445 4162 μὴ
1495 4090 1807 4156 εἰσέλθωσιν
1843 4093 1918 4158 είς
1972 4096 2072 4151 αύ-

413 4177 514 4244 τὴν
573 4171 666 4230 διὰ
708 4174 939 4230 πολλῶν
995 4181 1215 4251 γενεῶν,
1244 4175 1370 4233 οὐδὶ
1430 4181 1504 4252 μή
1567 4177 1852 4237 διέλθωσιν
1898 4185 2067 4255 αὐτὴν

415 4257 672 4338 Ἄραϐας,
735 4261 861 4318 οὐδὲ
916 4266 1174 4337 ποιμένες
1221 4266 1283 4321 οὐ
1347 4268 1422 4340 μὴ
1482 4269 1888 4327 ἀναπαύσωνται

415 4351 468 4406 ἐν
502 4350 662 4425 αὐτῇ.
696 4351 796 4406 Καὶ
853 4351 1249 4408 ἀναπαύσονται
1308 4352 1420 4410 ἐκεῖ
1467 4358 1650 4434 θηρία,
1698 4360 1787 4414 καὶ
1846 4360 2070 4435 ἔμπλη-

2210 915 2325 953 non
2358 899 2793 954 miserebuntur
2842 899 2992 955 ﬁlios
3044 900 3514 972 Babyloniorum,
3537 915 3726 970 neque
3755 915 3854 954 eos

2205 988 2399 1043 salvos
2424 997 2476 1043 el
2503 987 2830 1043 incolumes
2861 989 3078 1044 servari
3112 989 3426 1060 patientur.
3459 991 3626 1043 Forte
3655 995 3852 1042 autem

2207 1077 2431 1132 fructus
2462 1077 2734 1148 fetusque
2774 1077 2983 1131 animae
3029 1077 3477 1148 Babyloniorum
3510 1093 3666 1131 nunc
3691 1076 3852 1130 Scri-

2204 1169 2378 1236 ptura
2411 1165 2561 1221 ﬁlios
2605 1164 2878 1237 appellat.
2913 1164 3062 1230 Quin
3093 1166 3266 1220 etiam
3317 1165 3472 1220 ﬁlios
3501 1165 3630 1234 ejus
3659 1164 3756 1234 qui
3786 1162 3848 1218 in

2204 1254 2428 1324 psalmo
2468 1256 2819 1326 praedicatur
2850 1255 3078 1323 beatus,
3110 1253 3256 1310 tales
3287 1269 3417 1309 esse
3457 1252 3709 1309 arbitror
3738 1269 3751 1306 :
3785 1252 3846 1306 in

2202 1359 2317 1414 quo
2361 1344 2570 1399 mulier
2595 1344 2829 1414 quidem
2882 1343 3172 1415 sapientia
3219 1347 3325 1409 est,
3351 1359 3528 1414 quam
3578 1339 3844 1408 ambivit,

2200 1449 2498 1503 quamque
2530 1449 2768 1487 uxorem
2801 1432 2985 1500 duxit,
3009 1437 3066 1486 et
3095 1431 3206 1486 sibi
3229 1431 3705 1485 contubernalem
3736 1428 3846 1484 ele-

2197 1522 2284 1593 git
2316 1521 2618 1588 Dominus,
2651 1520 3110 1592 pulchritudinis
3139 1521 3266 1590 ejus
3297 1535 3497 1574 amore
3526 1521 3734 1589 captus
3757 1519 3843 1575 ":

2196 1609 2300 1664 ﬁlii
2333 1626 2463 1665 vero
2495 1614 2634 1664 sunt
2673 1610 2886 1664 mentis
2918 1613 2974 1664 et
3003 1608 3302 1679 sapientiae
3333 1607 3484 1662 fetus
3531 1607 3710 1662 simul
3742 1622 3844 1661 co-

2195 1708 2422 1753 euntes.
2448 1702 2524 1752 De
2556 1697 2666 1766 his,
2702 1703 2860 1769 puto,
2894 1697 2951 1751 in
2985 1696 3212 1768 psalmo
3244 1712 3445 1752 cxxxvr
3468 1695 3687 1750 dictum
3711 1699 3837 1751 est:

2193 1787 2337 1842 Filia
2365 1788 2663 1859 Babylonis
2689 1789 2910 1854 misera,
2945 1787 3134 1841 beatus
3163 1787 3258 1857 qui
3285 1787 3551 1840 retribuet
3598 1784 3702 1839 tibi
3747 1799 3837 1839 re-

2190 1877 2552 1930 tributionem
2578 1880 2755 1944 tuam,
2778 1891 2942 1945 quam
2973 1875 3274 1929 retribuisti
3299 1874 3474 1930 nobis.
3507 1874 3712 1928 Beatus
3740 1873 3838 1944 qui

2193 1965 2412 2034 tenebit,
2444 1974 2497 2019 et
2533 1964 2736 2019 allidet
2765 1961 3036 2034 parvulos
3066 1971 3186 2018 tuos
3233 1963 3312 2017 ad
3354 1966 3571 2033 petram
3590 1962 3656 2016 ³⁸.
3689 1965 3842 2016 Prm-

2192 2053 2348 2109 videt
2370 2053 2660 2125 siquidem
2692 2052 2855 2106 illam
2879 2051 3021 2106 vicis
3051 2051 3433 2123 rependendaa
3456 2051 3610 2106 diem
3644 2051 3701 2104 in
3727 2066 3846 2121 qua

2196 2141 2367 2209 Medi,
2387 2140 2721 2214 Babyloniis
2744 2141 3058 2212 superatis,
3085 2139 3487 2194 misericordia
3510 2139 3672 2195 nulla
3693 2155 3848 2195 com-

2194 2231 2606 2296 movebuntur,
2637 2245 2824 2300 neque
2855 2231 3118 2301 ipsorum
3144 2227 3283 2284 ﬁliis
3303 2228 3457 2284 oculi
3487 2244 3688 2284 eorum
3715 2245 3850 2300 par-
3926 2239 3933 2245 '

2193 2325 2345 2375 cent.
2384 2321 2668 2375 Attendas
2716 2324 2910 2374 autem
2953 2317 3129 2373 velim
3180 2317 3476 2389 psalmum
3532 2317 3849 2389 praedicare

2193 2410 2451 2474 beatum,
2477 2426 2592 2464 non
2618 2425 2752 2463 eum
2781 2407 2880 2478 qui
2903 2423 3140 2478 quoquo
3163 2407 3334 2462 modo
3357 2406 3582 2478 prolem
3608 2406 3854 2479 Babylo-

2195 2498 2426 2552 niorum
2458 2498 2809 2553 interfecerit
2841 2515 2854 2552 :
2888 2496 2988 2552 sed
3025 2497 3282 2567 primum
3313 2496 3551 2566 quidem
3588 2495 3754 2562 velle,
3788 2498 3854 2551 ut

2192 2587 2416 2658 parvuli
2445 2604 2644 2642 eorum
2677 2602 2880 2642 recens
2924 2585 3107 2656 geniti
3139 2584 3529 2652 trucidentur,
3567 2601 3671 2639 nec
3703 2586 3845 2640 ado-

2189 2675 2410 2732 lescere
2458 2677 2895 2748 permittantur,
2930 2691 3002 2729 ne
3050 2675 3121 2729 ad
3177 2674 3460 2744 majorem
3511 2673 3840 2744 nequitiam

2191 2766 2558 2836 perveniant;
2585 2763 2795 2820 deinde
2817 2779 2971 2829 vero,
2991 2767 3057 2818 ut
3077 2763 3224 2819 587
3259 2778 3373 2817 non
3404 2778 3636 2833 quoquo
3667 2763 3840 2818 modo

2187 2853 2621 2910 interimuntur.
2655 2851 2878 2908 Etenim
2911 2867 3046 2907 eum
3079 2851 3222 2906 dicit
3253 2851 3515 2918 beatum,
3541 2850 3641 2922 qui
3672 2851 3844 2906 sobo-

2184 2951 2299 3004 lem
2333 2943 2547 2999 mentis
2579 2942 2856 3006 confusae,
2882 2957 3012 3012 qua)
3034 2938 3351 3011 Babylonia
3379 2939 3613 3010 dicitur,
3641 2943 3846 2995 tenue-

2187 3036 2281 3103 rit,
2314 3039 2371 3089 et
2400 3049 2503 3103 pro
2533 3049 2640 3087 sua
2669 3030 2959 3102 sapientia
2985 3029 3046 3083 in
3087 3031 3442 3100 potestatem
3475 3044 3645 3084 suam
3679 3028 3847 3083 rede-

2186 3124 2354 3194 gerit,
2383 3138 2449 3177 ac
2479 3121 2752 3191 deinceps
2779 3135 2878 3175 eos
2899 3119 2970 3172 ad
3004 3121 3231 3189 petram
3264 3116 3528 3172 alliserit.
3552 3116 3684 3173 Jam
3706 3133 3844 3172 vero

2191 3212 2284 3266 hic
2316 3211 2492 3266 etiam
2526 3214 2699 3279 petrae
2724 3205 2962 3262 nomine
2990 3204 3407 3277 intelligendus
3433 3209 3524 3260 est
3551 3204 3844 3261 Christus.

2191 3299 2298 3362 Qui
2331 3297 2483 3353 enim
2518 3297 2790 3366 dogmata
2821 3310 3000 3366 prava
3030 3309 3161 3348 cum
3191 3293 3366 3348 verbo
3395 3292 3656 3348 veritatis
3691 3291 3850 3348 colli-

2191 3387 2297 3452 dit,
2322 3387 2372 3442 is
2395 3383 2710 3456 Babylonis
2741 3383 2996 3438 infantes
3028 3380 3218 3437 allidit
3237 3381 3306 3436 ad
3331 3385 3577 3453 petram.
3597 3380 3847 3438 Proinde

2189 3476 2238 3531 si
2274 3491 2375 3546 per
2411 3472 2724 3545 Babylonis
2774 3471 2926 3526 ﬁlios
2975 3470 3384 3542 signiﬁcentur
3437 3469 3845 3527 haereticorum

2187 3565 2486 3635 dogmata,
2542 3578 2668 3634 quae
2717 3560 2984 3616 animum
3042 3558 3386 3629 excipientis
3444 3560 3839 3631 perturbant:

2179 3654 2314 3724 jure
2345 3651 2565 3724 Optimo
2597 3650 2757 3705 ﬁlius
2788 3647 3148 3721 Babylonius
3177 3648 3604 3719 apprehensus,
3635 3649 3704 3704 ad
3740 3664 3842 3720 pe-

2187 3746 2336 3796 tram
2371 3740 2663 3796 allidetur.

2253 3830 2381 3885 273.
2413 3829 2590 3884 Vens.
2626 3827 2814 3882 19-22.
2867 3827 2935 3880 Et
2979 3827 3090 3880 erit
3141 3826 3406 3896 Babylon,
3449 3841 3574 3896 quae
3616 3830 3842 3882 vocatur

2182 3920 2391 3990 inclyta
2421 3936 2455 3973 a
2485 3933 2614 3986 rege
2644 3915 3055 3981 Chaldaorum,
3089 3914 3543 3985 quemadmodum
3574 3916 3842 3972 subvertit

2181 4011 2325 4064 Deus
2371 4007 2658 4062 Sodomam
2700 4013 2755 4060 et
2801 4003 3163 4059 Gomorrham
3194 4020 3213 4058 :
3245 4019 3356 4058 non
3405 4003 3750 4060 habitabitur
3780 4006 3842 4060 in

2182 4106 2450 4154 a'ternum
2478 4098 2711 4166 tempus,
2733 4109 2908 4164 neque
2929 4091 3318 4161 ingredientur
3339 4093 3398 4146 in
3433 4109 3556 4148 eam
3578 4109 3682 4164 per
3699 4093 3844 4149 mul-

2178 4192 2264 4243 tas
2293 4187 2692 4260 generationes,
2724 4199 2898 4254 neque
2940 4183 3255 4238 transibunt
3300 4197 3400 4254 per
3449 4199 3572 4238 eam
3618 4184 3842 4254 Arabes,

2177 4291 2360 4347 neque
2386 4284 2636 4344 pastores
2686 4274 3027 4344 requiescent
3057 4274 3118 4326 in
3162 4287 3246 4326 ea.
3280 4272 3345 4326 Et
3391 4271 3732 4328 accubabant
3759 4266 3848 4330 ibi

2182 4365 2400 4425 bestiae;
2453 4372 2507 4420 et
2565 4362 2920 4434 replebantar
2973 4360 3164 4416 domus
3221 4361 3426 4416 sonitu.
3477 4361 3543 4416 Et
3587 4363 3839 4434 requies-

414 4441 715 4511 σθήσονται
773 4441 829 4496 αἱ
877 4440 1071 4498 οἰκείαι
1129 4441 1300 4519 ⁴ἤχου,
1351 4445 1441 4500 καὶ
1499 4447 1895 4506 ἀναπαύσονται
1961 4449 2073 4508 ἐκεῖ

2197 4457 2304 4510 rent
2334 4453 2418 4510 ibi
2466 4454 2704 4522 sirenes,
2735 4453 2784 4506 et
2831 4449 3111 4507 daemonia
3142 4449 3222 4504 ibi
3244 4449 3562 4516 saltabant;
3608 4455 3660 4508 et
3707 4467 3838 4510 ono-

480 4642 526 4678 ⁸³
556 4646 732 4700 Maro.
765 4660 843 4712 iv,
874 4645 967 4702 24.
1042 4646 1090 4682 ³⁴
1117 4645 1270 4704 Psal.
1303 4665 1455 4720 XLIV,
1490 4649 1575 4705 12.
1653 4651 1698 4688 ⁸⁵
1726 4651 1881 4711 Psal.
1913 4670 2137 4726 cxxxvx,
2171 4657 2228 4728 8,
2255 4656 2310 4713 9.

483 4835 600 4976 (93)
625 4838 870 4924 Antiqui
901 4857 1002 4898 sex
1049 4843 1206 4914 libri,
1237 4840 1654 4920 καταδὲχονται.
1697 4849 1876 4917 Editi,
1910 4867 2071 4904 κατα-

511 4922 682 4976 ονται,
716 4911 951 4968 melius.

422 4902 682 4979 δέξονται,
716 4902 951 4968 melius.

445 4980 603 5070 Ἀρί)
634 4983 938 5070 Articulus
977 4985 1215 5042 additus
1265 4990 1356 5044 est
1403 4993 1537 5044 ante
1565 5006 1762 5046 vocem
1812 4991 1976 5070 σοφία
2005 5011 2075 5050 ex

418 5049 592 5106 libris
619 5056 934 5112 veteribus.

477 5121 604 5205 ,(95)
636 5125 784 5206 Editi
817 5135 874 5183 et
904 5133 1025 5184 tres
1049 5146 1216 5197 mss.,
1312 5125 1538 5199 δίκαιος,
1553 5133 1741 5203 justus
1768 5136 2072 5201 pulchritu-

419 5192 578 5248 dinis
605 5197 721 5279 ejus
749 5217 948 5279 amore.
984 5192 1212 5279 captus;
1232 5205 1310 5279 At
1335 5192 1580 5279 uterque
1611 5192 1786 5279 _C.olb'.
1821 5213 1878 5261 et
1927 5209 2066 5279 Reg.

418 5269 816 5351 secundus,‘b
875 5269 1118 5351 Κύριος,
1151 5275 1416 5351 Domitius
1471 5269 1900 5351 putchritudinis
1953 5269 2071 5351 ejus

419 5351 607 5422 amore
632 5348 850 5422 captus,
884 5349 952 5422 ut
999 5345 1058 5400 in
1106 5350 1290 5422 textu.
1325 5345 1641 5422 ProcOpius
1673 5351 1909 5422 quidem
1951 5345 2070 5408 lec-

419 5411 778 5492 tioni_priori
812 5413 962 5492 favet
991 5433 1121 5488 pag.
1152 5418 1278 5484 216,
1295 5419 1412 5492 _sed
1455 5411 1650 5475 ta'men
1687 5411 2069 5492 posteriorem

421 5484 698 5566 praestare
725 5484 1120 5566 _censuimus,
1159 5489 1314 5566 quod
1368 5491 1641 5566 scriptor,
1667 5484 1957 5566 respicere
1985 5497 2070 5551 vi-

421 5551 634 5638 deatur
668 5553 742 5608 ad
773 5572 1010 5638 versum
1058 5559 1127 5614 12
1174 5551 1384 5638 psalmi
1413 5551 1545 5617 κεῖν
1575 5580 1589 5620 :
1623 5565 1687 5638 ζει
1731 5551 2074 5638 σόηειιρὶεοθι

309 5677 335 5694 ,
425 5637 530 5680 rex
556 5623 806 5686 decorem
831 5632 991 5686 tuum
1021 5647 1040 5687 :
1069 5623 1330 5702 quoniam
1355 5634 1472 5705 ipse
1503 5642 1585 5691 est
1620 5637 1890 5696 Dominus
1901 5623 2071 5697 'Deus

2183 4860 2330 4919 tuus,
2361 4859 2416 4908 et
2445 4850 2752 4907 adorabunt
2780 4865 2926 4904 eum.

2255 4917 2493 4996 (96)_Si_c
2516 4923 2770 4996 codices
2791 4921 3069 4996 quinque.
3103 4917 3257 4974 Editi
3301 4921 3356 4974 et
3407 4919 3545 4990 Reg.
3580 4919 3832 4991 primus,

2181 4988 2625 5049 τέιὶναάνελόντα
2658 4988 3002 5046 Βαϐυλώνια.

2254 5067 2366 5138 (97)
2399 5068 2483 5122 Ita
2531 5083 2670 5138 mss.
2707 5081 2911 5138 omnes
2963 5061 3138 5126 Editi,
3169 5058 3259 5138 τὸν
3311 5061 3669 5138 κρατήσαντα.
3703 5063 3837 5138 Mox

2254 5077 2366 5138 (U7)
2400 5077 2483 5122 ita
2531 5083 2670 5120 mss.
2707 5081 2911 5120 omnes
2967 5077 3138 5126 manu,
3169 5079 3259 5111 τον
3311 5077 3669 5184 κςατησοντα.
3705 5077 3837 5119 mox

2181 5142 2298 5194 tres
2335 5155 2501 5203 mss.,
2535 5133 2719 5192 ἔπειτα
2768 5133 2847 5191 δὲ,
2880 5136 3053 5190 Deest
3094 5131 3297 5206 vocula
3382 5130 3405 5184 ἑ
3451 5134 3510 5188 in
3557 5134 3839 5206 vulgatis:

2183 5210 2401 5266 Ibidem
2437 5200 2600 5274 editi,
2633 5207 3024 5281 προσαράσσων
3057 5200 3239 5281 αὐτόν,
3265 5202 3403 5281 Reg,
3434 5200 3840 5276 primus:con.

2181 5259 2302 5361 iii“
2641 5259 3067 5361 vComtietisiusg
3104 5271 3304 5361 abr‘dw.
3349 5259 3502 5349 ‘Be‘g.
3532 5259 3834 5350 vqua'rtus,

2181 5353 2350 5424 αὐτῷ,
2384 5353 2499 5408 Alii
2532 5357 2786 5425 quatuor
2814 5366 2983 5425 mss.,
3012 5343 3166 5425 αὐτά,
3200 5347 3365 5425 bene.

2253 5411 2364 5492 (9'8)
2391 5411 2628 5481 Veteiies
2660 5423 2882 5492 aliquot
2913 5411 3068 5492 libri,
3101 5411 3428 5492 ὶδαφίζεται.

2253 5485 2365 5566 (99)
2397 5497 2646 5566 Codices
2664 5485 2942 5566 qui-nque,
2965 5485 3398 5546 ἀναπαύσωνται.
3427 5489 3578 5546 Editi
3608 5493 3664 5547 et
3686 5494 3828 5564 Reg.

2179 5564 2413 5636 tertius,
2445 5564 2859 5622 ἀναπαύσονται.
