  <div class='ocr_page' id='page_1' title='image "/cluster/home/n/w/nwhite01/storage/ocr_20150623/30:no.2/coo.31924054873116/313.png"; bbox 0 0 4150 6364; ppageno 0'>
   <div class='ocr_carea' id='block_1_1' title="bbox 263 294 382 353">
    <p class='ocr_par' dir='ltr' id='par_1_1' title="bbox 263 294 382 353">
     <span class='ocr_line' id='line_1_1' title="bbox 263 294 382 353; baseline 0.017 -2"><span class='ocrx_word' id='word_1_1' title='bbox 263 294 382 353; x_wconf 74' lang='grc'>599</span> 
     </span>
    </p>
   </div>
   <div class='ocr_carea' id='block_1_2' title="bbox 1201 283 2724 348">
    <p class='ocr_par' dir='ltr' id='par_1_2' title="bbox 1201 283 2724 348">
     <span class='ocr_line' id='line_1_2' title="bbox 1201 283 2724 348; baseline -0.004 0"><span class='ocrx_word' id='word_1_2' title='bbox 1201 287 1597 348; x_wconf 81' lang='lat' dir='ltr'>APPENDIX</span> <span class='ocrx_word' id='word_1_3' title='bbox 1642 283 1969 346; x_wconf 81' lang='lat' dir='ltr'>OPERUM</span> <span class='ocrx_word' id='word_1_4' title='bbox 2015 285 2080 346; x_wconf 90' lang='lat' dir='ltr'>S.</span> <span class='ocrx_word' id='word_1_5' title='bbox 2123 284 2406 346; x_wconf 81' lang='lat' dir='ltr'>BASlLlI</span> <span class='ocrx_word' id='word_1_6' title='bbox 2450 284 2724 344; x_wconf 80' lang='lat' dir='ltr'>MAGNI.</span> 
     </span>
    </p>
   </div>
   <div class='ocr_carea' id='block_1_3' title="bbox 3559 277 3684 340">
    <p class='ocr_par' dir='ltr' id='par_1_3' title="bbox 3559 277 3684 340">
     <span class='ocr_line' id='line_1_3' title="bbox 3559 277 3684 340; baseline -0.016 0"><span class='ocrx_word' id='word_1_7' title='bbox 3559 277 3684 340; x_wconf 76' lang='lat'>600</span> 
     </span>
    </p>
   </div>
   <div class='ocr_carea' id='block_1_4' title="bbox 262 405 1933 488">
    <p class='ocr_par' dir='ltr' id='par_1_4' title="bbox 262 416 1915 487">
     <span class='ocr_line' id='line_1_4' title="bbox 262 416 1915 487; baseline -0.006 -9"><span class='ocrx_word' id='word_1_8' title='bbox 262 423 513 478; x_wconf 74' lang='lat' dir='ltr'>centauri</span> <span class='ocrx_word' id='word_1_9' title='bbox 532 422 650 477; x_wconf 84' lang='lat' dir='ltr'>illic</span> <span class='ocrx_word' id='word_1_10' title='bbox 679 421 1047 477; x_wconf 77' lang='lat' dir='ltr'>habitabant:</span> <span class='ocrx_word' id='word_1_11' title='bbox 1077 429 1127 475; x_wconf 76' lang='lat' dir='ltr'>et</span> <span class='ocrx_word' id='word_1_12' title='bbox 1148 418 1519 487; x_wconf 83' lang='lat' dir='ltr'>nidiﬁcabunt</span> <span class='ocrx_word' id='word_1_13' title='bbox 1551 417 1835 472; x_wconf 85' lang='lat' dir='ltr'>herinacei</span> <span class='ocrx_word' id='word_1_14' title='bbox 1857 416 1915 469; x_wconf 86' lang='lat' dir='ltr'>in</span> 
     </span>
    </p>
   </div>
   <div class='ocr_carea' id='block_1_5' title="bbox 2051 405 3685 488">
    <p class='ocr_par' dir='ltr' id='par_1_5' title="bbox 2051 405 3685 488">
     <span class='ocr_line' id='line_1_5' title="bbox 2051 405 3685 488; baseline -0.004 -21"><span class='ocrx_word' id='word_1_15' title='bbox 2051 420 2294 488; x_wconf 66' lang='grc' dir='ltr'>πειρῆνες,</span> <span class='ocrx_word' id='word_1_16' title='bbox 2343 413 2430 468; x_wconf 79' lang='grc' dir='ltr'>καὶ</span> <span class='ocrx_word' id='word_1_17' title='bbox 2482 410 2737 485; x_wconf 81' lang='grc' dir='ltr'>δαιμόνια</span> <span class='ocrx_word' id='word_1_18' title='bbox 2795 410 2906 466; x_wconf 68' lang='grc' dir='ltr'>ἐκεῖ</span> <span class='ocrx_word' id='word_1_19' title='bbox 2963 410 3335 485; x_wconf 77' lang='grc' dir='ltr'>ὀρχήσονται·</span> <span class='ocrx_word' id='word_1_20' title='bbox 3393 406 3485 462; x_wconf 81' lang='grc' dir='ltr'>καὶ</span> <span class='ocrx_word' id='word_1_21' title='bbox 3563 405 3685 461; x_wconf 81' lang='grc' dir='ltr'>ὀνο-</span> 
     </span>
    </p>
   </div>
   <div class='ocr_carea' id='block_1_6' title="bbox 265 505 1921 574">
    <p class='ocr_par' dir='ltr' id='par_1_6' title="bbox 265 505 1921 574">
     <span class='ocr_line' id='line_1_6' title="bbox 265 505 1921 574; baseline -0.005 -9"><span class='ocrx_word' id='word_1_22' title='bbox 265 511 511 565; x_wconf 80' lang='lat' dir='ltr'>domibus</span> <span class='ocrx_word' id='word_1_23' title='bbox 531 527 738 564; x_wconf 86' lang='lat' dir='ltr'>corum.</span> <span class='ocrx_word' id='word_1_24' title='bbox 759 512 875 566; x_wconf 81' lang='lat' dir='ltr'>Cito</span> <span class='ocrx_word' id='word_1_25' title='bbox 897 513 1092 573; x_wconf 80' lang='lat' dir='ltr'>veniet,</span> <span class='ocrx_word' id='word_1_26' title='bbox 1113 515 1163 563; x_wconf 88' lang='lat' dir='ltr'>et</span> <span class='ocrx_word' id='word_1_27' title='bbox 1180 527 1284 562; x_wconf 87' lang='lat' dir='ltr'>non</span> <span class='ocrx_word' id='word_1_28' title='bbox 1309 509 1549 561; x_wconf 66' lang='lat' dir='ltr'>mutabit</span> <span class='ocrx_word' id='word_1_29' title='bbox 1564 524 1582 567; x_wconf 82' lang='lat'>,&#39;</span> <span class='ocrx_word' id='word_1_30' title='bbox 1602 517 1650 561; x_wconf 78' lang='lat' dir='ltr'>et</span> <span class='ocrx_word' id='word_1_31' title='bbox 1671 506 1784 560; x_wconf 76' lang='lat' dir='ltr'>dies</span> <span class='ocrx_word' id='word_1_32' title='bbox 1809 505 1921 574; x_wconf 69' lang='lat' dir='ltr'>ejus</span> 
     </span>
    </p>
   </div>
   <div class='ocr_carea' id='block_1_7' title="bbox 265 595 1917 670">
    <p class='ocr_par' dir='ltr' id='par_1_7' title="bbox 265 595 1917 670">
     <span class='ocr_line' id='line_1_7' title="bbox 265 595 1917 670; baseline -0.005 -18"><span class='ocrx_word' id='word_1_33' title='bbox 265 616 375 652; x_wconf 89' lang='lat' dir='ltr'>non</span> <span class='ocrx_word' id='word_1_34' title='bbox 423 598 852 670; x_wconf 80' lang='lat' dir='ltr'>etongabuntur.</span> <span class='ocrx_word' id='word_1_35' title='bbox 885 601 1057 651; x_wconf 72' lang='lat' dir='ltr'>Hisce</span> <span class='ocrx_word' id='word_1_36' title='bbox 1106 597 1296 651; x_wconf 84' lang='lat' dir='ltr'>verbis</span> <span class='ocrx_word' id='word_1_37' title='bbox 1347 601 1583 650; x_wconf 79' lang='lat' dir='ltr'>enarrat</span> <span class='ocrx_word' id='word_1_38' title='bbox 1631 595 1917 664; x_wconf 82' lang='lat' dir='ltr'>abjectam</span> 
     </span>
    </p>
   </div>
   <div class='ocr_carea' id='block_1_8' title="bbox 267 680 1920 759">
    <p class='ocr_par' dir='ltr' id='par_1_8' title="bbox 267 680 1920 759">
     <span class='ocr_line' id='line_1_8' title="bbox 267 680 1920 759; baseline -0.005 -17"><span class='ocrx_word' id='word_1_39' title='bbox 267 687 583 759; x_wconf 71' lang='lat' dir='ltr'>Babylonis</span> <span class='ocrx_word' id='word_1_40' title='bbox 628 688 1041 742; x_wconf 87' lang='lat' dir='ltr'>conditionem.</span> <span class='ocrx_word' id='word_1_41' title='bbox 1072 686 1139 740; x_wconf 89' lang='lat' dir='ltr'>Et</span> <span class='ocrx_word' id='word_1_42' title='bbox 1169 683 1448 754; x_wconf 84' lang='lat' dir='ltr'>quoniam</span> <span class='ocrx_word' id='word_1_43' title='bbox 1486 683 1694 754; x_wconf 85' lang='lat' dir='ltr'>prioris</span> <span class='ocrx_word' id='word_1_44' title='bbox 1726 680 1920 753; x_wconf 69' lang='lat' dir='ltr'>glorias</span> 
     </span>
    </p>
   </div>
   <div class='ocr_carea' id='block_1_9' title="bbox 266 772 1921 846">
    <p class='ocr_par' dir='ltr' id='par_1_9' title="bbox 266 772 1921 846">
     <span class='ocr_line' id='line_1_9' title="bbox 266 772 1921 846; baseline -0.004 -15"><span class='ocrx_word' id='word_1_45' title='bbox 266 776 588 832; x_wconf 81' lang='lat' dir='ltr'>recordatio</span> <span class='ocrx_word' id='word_1_46' title='bbox 619 778 739 846; x_wconf 86' lang='lat' dir='ltr'>agit</span> <span class='ocrx_word' id='word_1_47' title='bbox 777 781 832 828; x_wconf 91' lang='lat' dir='ltr'>et</span> <span class='ocrx_word' id='word_1_48' title='bbox 876 780 1203 828; x_wconf 75' lang='lat' dir='ltr'>commovet</span> <span class='ocrx_word' id='word_1_49' title='bbox 1234 773 1657 840; x_wconf 83' lang='lat' dir='ltr'>vehementius,</span> <span class='ocrx_word' id='word_1_50' title='bbox 1691 772 1860 825; x_wconf 90' lang='lat' dir='ltr'>docet</span> <span class='ocrx_word' id='word_1_51' title='bbox 1889 788 1921 824; x_wconf 88' lang='lat' dir='ltr'>a</span> 
     </span>
    </p>
   </div>
   <div class='ocr_carea' id='block_1_10' title="bbox 265 860 1920 936">
    <p class='ocr_par' dir='ltr' id='par_1_10' title="bbox 265 860 1920 936">
     <span class='ocr_line' id='line_1_10' title="bbox 265 860 1920 936; baseline -0.005 -16"><span class='ocrx_word' id='word_1_52' title='bbox 265 867 425 936; x_wconf 86' lang='lat' dir='ltr'>quali</span> <span class='ocrx_word' id='word_1_53' title='bbox 460 872 613 919; x_wconf 88' lang='lat' dir='ltr'>statu</span> <span class='ocrx_word' id='word_1_54' title='bbox 647 866 714 918; x_wconf 87' lang='lat' dir='ltr'>ad</span> <span class='ocrx_word' id='word_1_55' title='bbox 752 864 984 932; x_wconf 88' lang='lat' dir='ltr'>qualem</span> <span class='ocrx_word' id='word_1_56' title='bbox 1030 863 1270 932; x_wconf 76' lang='lat' dir='ltr'>delapsa</span> <span class='ocrx_word' id='word_1_57' title='bbox 1309 863 1383 915; x_wconf 89' lang='lat' dir='ltr'>sit</span> <span class='ocrx_word' id='word_1_58' title='bbox 1429 860 1920 915; x_wconf 74' lang='lat' dir='ltr'>immutationem.</span> 
     </span>
    </p>
   </div>
   <div class='ocr_carea' id='block_1_11' title="bbox 264 949 1925 1024">
    <p class='ocr_par' dir='ltr' id='par_1_11' title="bbox 264 949 1925 1024">
     <span class='ocr_line' id='line_1_11' title="bbox 264 949 1925 1024; baseline -0.005 -16"><span class='ocrx_word' id='word_1_59' title='bbox 264 955 330 1008; x_wconf 84' lang='lat' dir='ltr'>Et</span> <span class='ocrx_word' id='word_1_60' title='bbox 351 957 474 1018; x_wconf 87' lang='lat' dir='ltr'>erit,</span> <span class='ocrx_word' id='word_1_61' title='bbox 501 953 712 1024; x_wconf 79' lang='lat' dir='ltr'>inquit,</span> <span class='ocrx_word' id='word_1_62' title='bbox 735 953 1001 1022; x_wconf 85' lang='lat' dir='ltr'>Babylon,</span> <span class='ocrx_word' id='word_1_63' title='bbox 1022 967 1146 1022; x_wconf 68' lang='lat' dir='ltr'>quae</span> <span class='ocrx_word' id='word_1_64' title='bbox 1170 961 1395 1004; x_wconf 78' lang='lat' dir='ltr'>vocatur</span> <span class='ocrx_word' id='word_1_65' title='bbox 1417 951 1644 1020; x_wconf 78' lang='lat' dir='ltr'>inclyta.</span> <span class='ocrx_word' id='word_1_66' title='bbox 1671 949 1786 1003; x_wconf 86' lang='lat' dir='ltr'>Hoc</span> <span class='ocrx_word' id='word_1_67' title='bbox 1815 949 1925 1001; x_wconf 84' lang='lat' dir='ltr'>fuit</span> 
     </span>
    </p>
   </div>
   <div class='ocr_carea' id='block_1_12' title="bbox 263 1038 1924 1112">
    <p class='ocr_par' dir='ltr' id='par_1_12' title="bbox 263 1038 1924 1112">
     <span class='ocr_line' id='line_1_12' title="bbox 263 1038 1924 1112; baseline -0.004 -16"><span class='ocrx_word' id='word_1_68' title='bbox 263 1047 545 1112; x_wconf 81' lang='lat' dir='ltr'>tanquam</span> <span class='ocrx_word' id='word_1_69' title='bbox 575 1041 873 1112; x_wconf 89' lang='lat' dir='ltr'>proprium</span> <span class='ocrx_word' id='word_1_70' title='bbox 906 1057 1255 1111; x_wconf 82' lang='lat' dir='ltr'>cognomen,</span> <span class='ocrx_word' id='word_1_71' title='bbox 1279 1045 1337 1092; x_wconf 89' lang='lat' dir='ltr'>et</span> <span class='ocrx_word' id='word_1_72' title='bbox 1368 1039 1440 1092; x_wconf 89' lang='lat' dir='ltr'>ab</span> <span class='ocrx_word' id='word_1_73' title='bbox 1465 1038 1741 1093; x_wconf 89' lang='lat' dir='ltr'>omnibus</span> <span class='ocrx_word' id='word_1_74' title='bbox 1764 1053 1924 1090; x_wconf 89' lang='lat' dir='ltr'>voca-</span> 
     </span>
    </p>
   </div>
   <div class='ocr_carea' id='block_1_13' title="bbox 263 1126 1923 1198">
    <p class='ocr_par' dir='ltr' id='par_1_13' title="bbox 263 1126 1923 1198">
     <span class='ocr_line' id='line_1_13' title="bbox 263 1126 1923 1198; baseline -0.003 -13"><span class='ocrx_word' id='word_1_75' title='bbox 263 1132 437 1185; x_wconf 81' lang='lat' dir='ltr'>batur</span> <span class='ocrx_word' id='word_1_76' title='bbox 469 1146 601 1183; x_wconf 88' lang='lat' dir='ltr'>cum</span> <span class='ocrx_word' id='word_1_77' title='bbox 636 1129 1039 1183; x_wconf 86' lang='lat' dir='ltr'>additamento</span> <span class='ocrx_word' id='word_1_78' title='bbox 1075 1127 1197 1197; x_wconf 92' lang='lat' dir='ltr'>illo,</span> <span class='ocrx_word' id='word_1_79' title='bbox 1233 1128 1477 1198; x_wconf 83' lang='lat' dir='ltr'>Babylon</span> <span class='ocrx_word' id='word_1_80' title='bbox 1510 1127 1739 1197; x_wconf 81' lang='lat' dir='ltr'>inclyta.</span> <span class='ocrx_word' id='word_1_81' title='bbox 1765 1126 1923 1180; x_wconf 88' lang='lat' dir='ltr'>Hanc</span> 
     </span>
    </p>
   </div>
   <div class='ocr_carea' id='block_1_14' title="bbox 264 1215 1922 1284">
    <p class='ocr_par' dir='ltr' id='par_1_14' title="bbox 264 1215 1922 1284">
     <span class='ocr_line' id='line_1_14' title="bbox 264 1215 1922 1284; baseline -0.004 -10"><span class='ocrx_word' id='word_1_82' title='bbox 264 1225 459 1274; x_wconf 81' lang='lat' dir='ltr'>autem</span> <span class='ocrx_word' id='word_1_83' title='bbox 519 1218 787 1273; x_wconf 76' lang='lat' dir='ltr'>effecerat</span> <span class='ocrx_word' id='word_1_84' title='bbox 845 1217 1284 1272; x_wconf 87' lang='lat' dir='ltr'>celeberrimam</span> <span class='ocrx_word' id='word_1_85' title='bbox 1345 1232 1443 1270; x_wconf 83' lang='lat' dir='ltr'>rex</span> <span class='ocrx_word' id='word_1_86' title='bbox 1495 1215 1922 1284; x_wconf 65' lang='lat' dir='ltr'>Chaldmorum,</span> 
     </span>
    </p>
   </div>
   <div class='ocr_carea' id='block_1_15' title="bbox 264 1303 1926 1377">
    <p class='ocr_par' dir='ltr' id='par_1_15' title="bbox 264 1303 1926 1377">
     <span class='ocr_line' id='line_1_15' title="bbox 264 1303 1926 1377; baseline -0.002 -17"><span class='ocrx_word' id='word_1_87' title='bbox 264 1310 443 1377; x_wconf 89' lang='lat' dir='ltr'>quod,</span> <span class='ocrx_word' id='word_1_88' title='bbox 478 1307 682 1360; x_wconf 88' lang='lat' dir='ltr'>multis</span> <span class='ocrx_word' id='word_1_89' title='bbox 705 1305 922 1359; x_wconf 83' lang='lat' dir='ltr'>eversis</span> <span class='ocrx_word' id='word_1_90' title='bbox 953 1321 1017 1359; x_wconf 90' lang='lat' dir='ltr'>ac</span> <span class='ocrx_word' id='word_1_91' title='bbox 1042 1305 1356 1374; x_wconf 82' lang='lat' dir='ltr'>superatis,</span> <span class='ocrx_word' id='word_1_92' title='bbox 1381 1303 1742 1374; x_wconf 85' lang='lat' dir='ltr'>captivorum</span> <span class='ocrx_word' id='word_1_93' title='bbox 1773 1303 1926 1358; x_wconf 90' lang='lat' dir='ltr'>vires</span> 
     </span>
    </p>
   </div>
   <div class='ocr_carea' id='block_1_16' title="bbox 266 1392 1928 1463">
    <p class='ocr_par' dir='ltr' id='par_1_16' title="bbox 266 1392 1928 1463">
     <span class='ocr_line' id='line_1_16' title="bbox 266 1392 1928 1463; baseline -0.002 -14"><span class='ocrx_word' id='word_1_94' title='bbox 266 1396 325 1449; x_wconf 92' lang='lat' dir='ltr'>in</span> <span class='ocrx_word' id='word_1_95' title='bbox 358 1411 486 1449; x_wconf 88' lang='lat' dir='ltr'>eam</span> <span class='ocrx_word' id='word_1_96' title='bbox 523 1393 946 1461; x_wconf 69' lang='lat' dir='ltr'>transtulisset,</span> <span class='ocrx_word' id='word_1_97' title='bbox 976 1394 1362 1463; x_wconf 83' lang='lat' dir='ltr'>eamdemque</span> <span class='ocrx_word' id='word_1_98' title='bbox 1389 1392 1763 1446; x_wconf 82' lang='lat' dir='ltr'>instruxisset</span> <span class='ocrx_word' id='word_1_99' title='bbox 1793 1408 1928 1445; x_wconf 71' lang='lat' dir='ltr'>mo:-</span> 
     </span>
    </p>
   </div>
   <div class='ocr_carea' id='block_1_17' title="bbox 265 1481 1926 1553">
    <p class='ocr_par' dir='ltr' id='par_1_17' title="bbox 265 1481 1926 1553">
     <span class='ocr_line' id='line_1_17' title="bbox 265 1481 1926 1553; baseline -0.002 -16"><span class='ocrx_word' id='word_1_100' title='bbox 265 1484 442 1546; x_wconf 86' lang='lat' dir='ltr'>nibus</span> <span class='ocrx_word' id='word_1_101' title='bbox 475 1483 836 1553; x_wconf 86' lang='lat' dir='ltr'>ingentibus,</span> <span class='ocrx_word' id='word_1_102' title='bbox 867 1487 923 1536; x_wconf 92' lang='lat' dir='ltr'>et</span> <span class='ocrx_word' id='word_1_103' title='bbox 955 1498 1167 1553; x_wconf 89' lang='lat' dir='ltr'>magna</span> <span class='ocrx_word' id='word_1_104' title='bbox 1202 1481 1456 1535; x_wconf 86' lang='lat' dir='ltr'>militum</span> <span class='ocrx_word' id='word_1_105' title='bbox 1494 1498 1673 1535; x_wconf 84' lang='lat' dir='ltr'>manu</span> <span class='ocrx_word' id='word_1_106' title='bbox 1707 1481 1926 1535; x_wconf 89' lang='lat' dir='ltr'>instru-</span> 
     </span>
    </p>
   </div>
   <div class='ocr_carea' id='block_1_18' title="bbox 267 1568 1930 1641">
    <p class='ocr_par' dir='ltr' id='par_1_18' title="bbox 267 1568 1930 1641">
     <span class='ocr_line' id='line_1_18' title="bbox 267 1568 1930 1641; baseline -0.003 -15"><span class='ocrx_word' id='word_1_107' title='bbox 267 1576 362 1626; x_wconf 88' lang='lat' dir='ltr'>cta</span> <span class='ocrx_word' id='word_1_108' title='bbox 392 1571 656 1627; x_wconf 78' lang='lat' dir='ltr'>aediliciis</span> <span class='ocrx_word' id='word_1_109' title='bbox 707 1570 1041 1641; x_wconf 72' lang='lat' dir='ltr'>magnificis</span> <span class='ocrx_word' id='word_1_110' title='bbox 1090 1570 1535 1640; x_wconf 80' lang='lat' dir='ltr'>amplificasset.</span> <span class='ocrx_word' id='word_1_111' title='bbox 1567 1573 1699 1624; x_wconf 61' lang='lat' dir='ltr'>Hac</span> <span class='ocrx_word' id='word_1_112' title='bbox 1751 1568 1930 1637; x_wconf 80' lang='lat' dir='ltr'>igitur</span> 
     </span>
    </p>
   </div>
   <div class='ocr_carea' id='block_1_19' title="bbox 267 1657 1931 1729">
    <p class='ocr_par' dir='ltr' id='par_1_19' title="bbox 267 1657 1931 1729">
     <span class='ocr_line' id='line_1_19' title="bbox 267 1657 1931 1729; baseline -0.002 -15"><span class='ocrx_word' id='word_1_113' title='bbox 267 1661 642 1714; x_wconf 87' lang='lat' dir='ltr'>subvertetur</span> <span class='ocrx_word' id='word_1_114' title='bbox 669 1662 740 1714; x_wconf 88' lang='lat' dir='ltr'>Eo</span> <span class='ocrx_word' id='word_1_115' title='bbox 789 1659 964 1728; x_wconf 85' lang='lat' dir='ltr'>modo,</span> <span class='ocrx_word' id='word_1_116' title='bbox 1001 1674 1102 1729; x_wconf 90' lang='lat' dir='ltr'>quo</span> <span class='ocrx_word' id='word_1_117' title='bbox 1134 1661 1272 1714; x_wconf 89' lang='lat' dir='ltr'>Deus</span> <span class='ocrx_word' id='word_1_118' title='bbox 1316 1659 1585 1713; x_wconf 75' lang='lat' dir='ltr'>subvertit</span> <span class='ocrx_word' id='word_1_119' title='bbox 1617 1657 1847 1713; x_wconf 85' lang='lat' dir='ltr'>Sodoma</span> <span class='ocrx_word' id='word_1_120' title='bbox 1879 1661 1931 1712; x_wconf 83' lang='lat' dir='ltr'>et</span> 
     </span>
    </p>
   </div>
   <div class='ocr_carea' id='block_1_20' title="bbox 2029 498 3684 574">
    <p class='ocr_par' dir='ltr' id='par_1_20' title="bbox 2029 498 3684 574">
     <span class='ocr_line' id='line_1_20' title="bbox 2029 498 3684 574; baseline -0.004 -19"><span class='ocrx_word' id='word_1_121' title='bbox 2029 503 2309 574; x_wconf 78' lang='grc' dir='ltr'>κένταυροι</span> <span class='ocrx_word' id='word_1_122' title='bbox 2395 500 2505 556; x_wconf 84' lang='grc' dir='ltr'>ἐκεῖ</span> <span class='ocrx_word' id='word_1_123' title='bbox 2589 503 3002 569; x_wconf 66' lang='grc' dir='ltr'>κατοικήσουσι,</span> <span class='ocrx_word' id='word_1_124' title='bbox 3075 499 3165 552; x_wconf 85' lang='grc' dir='ltr'>καὶ</span> <span class='ocrx_word' id='word_1_125' title='bbox 3245 498 3684 566; x_wconf 72' lang='grc' dir='ltr'>νοσσοποιήσουο</span> 
     </span>
    </p>
   </div>
   <div class='ocr_carea' id='block_1_21' title="bbox 2032 584 3689 666">
    <p class='ocr_par' dir='ltr' id='par_1_21' title="bbox 2032 584 3689 666">
     <span class='ocr_line' id='line_1_21' title="bbox 2032 584 3689 666; baseline -0.003 -22"><span class='ocrx_word' id='word_1_126' title='bbox 2032 613 2110 644; x_wconf 88' lang='grc' dir='ltr'>σιν</span> <span class='ocrx_word' id='word_1_127' title='bbox 2166 592 2342 666; x_wconf 68' lang='grc' dir='ltr'>ἐχῖνοι</span> <span class='ocrx_word' id='word_1_128' title='bbox 2401 589 2453 644; x_wconf 79' lang='grc' dir='ltr'>ἐν</span> <span class='ocrx_word' id='word_1_129' title='bbox 2499 596 2614 651; x_wconf 86' lang='grc' dir='ltr'>τοῖς</span> <span class='ocrx_word' id='word_1_130' title='bbox 2667 589 2837 650; x_wconf 76' lang='grc' dir='ltr'>οἷ’κοις</span> <span class='ocrx_word' id='word_1_131' title='bbox 2886 588 3082 643; x_wconf 82' lang='grc' dir='ltr'>αὐτῶν.</span> <span class='ocrx_word' id='word_1_132' title='bbox 3118 585 3270 662; x_wconf 75' lang='grc' dir='ltr'>Ταχὺ</span> <span class='ocrx_word' id='word_1_133' title='bbox 3321 584 3564 660; x_wconf 57' lang='grc' dir='ltr'>ἔρχεται,</span> <span class='ocrx_word' id='word_1_134' title='bbox 3597 584 3689 639; x_wconf 85' lang='grc' dir='ltr'>καὶ</span> 
     </span>
    </p>
   </div>
   <div class='ocr_carea' id='block_1_22' title="bbox 2033 672 3684 754">
    <p class='ocr_par' dir='ltr' id='par_1_22' title="bbox 2033 672 3684 754">
     <span class='ocr_line' id='line_1_22' title="bbox 2033 672 3684 754; baseline -0.005 -20"><span class='ocrx_word' id='word_1_135' title='bbox 2033 679 2092 734; x_wconf 83' lang='grc' dir='ltr'>οὐ</span> <span class='ocrx_word' id='word_1_136' title='bbox 2125 681 2464 754; x_wconf 85' lang='grc' dir='ltr'>χρονιεῖ</span> <span class='ocrx_word' id='word_1_137' title='bbox 2499 680 2585 732; x_wconf 82' lang='grc' dir='ltr'>καὶ</span> <span class='ocrx_word' id='word_1_138' title='bbox 2648 679 2703 732; x_wconf 76' lang='grc' dir='ltr'>αἱ</span> <span class='ocrx_word' id='word_1_139' title='bbox 2762 678 2965 752; x_wconf 81' lang='grc' dir='ltr'>ἡμέραι</span> <span class='ocrx_word' id='word_1_140' title='bbox 3028 674 3192 740; x_wconf 78' lang='grc' dir='ltr'>αὐτῆς</span> <span class='ocrx_word' id='word_1_141' title='bbox 3242 675 3310 729; x_wconf 79' lang='grc' dir='ltr'>οὐ</span> <span class='ocrx_word' id='word_1_142' title='bbox 3347 676 3423 746; x_wconf 75' lang='grc' dir='ltr'>μὴ</span> <span class='ocrx_word' id='word_1_143' title='bbox 3455 672 3684 750; x_wconf 79' lang='grc' dir='ltr'>έφελκυ-</span> 
     </span>
    </p>
   </div>
   <div class='ocr_carea' id='block_1_23' title="bbox 2033 762 3689 840">
    <p class='ocr_par' dir='ltr' id='par_1_23' title="bbox 2033 762 3689 840">
     <span class='ocr_line' id='line_1_23' title="bbox 2033 762 3689 840; baseline -0.004 -18"><span class='ocrx_word' id='word_1_144' title='bbox 2033 770 2253 824; x_wconf 84' lang='grc' dir='ltr'>σΟῶσιν.</span> <span class='ocrx_word' id='word_1_145' title='bbox 2290 768 2407 823; x_wconf 81' lang='grc' dir='ltr'>Ἐπὶ</span> <span class='ocrx_word' id='word_1_146' title='bbox 2466 767 2680 828; x_wconf 75' lang='grc' dir='ltr'>τούτοις</span> <span class='ocrx_word' id='word_1_147' title='bbox 2732 763 2995 840; x_wconf 83' lang='grc' dir='ltr'>διηγεῖται</span> <span class='ocrx_word' id='word_1_148' title='bbox 3055 766 3155 833; x_wconf 72' lang='grc' dir='ltr'>τήν</span> <span class='ocrx_word' id='word_1_149' title='bbox 3209 762 3531 818; x_wconf 75' lang='grc' dir='ltr'>ταπείνωσιν</span> <span class='ocrx_word' id='word_1_150' title='bbox 3586 768 3689 830; x_wconf 82' lang='grc' dir='ltr'>τῆς</span> 
     </span>
    </p>
   </div>
   <div class='ocr_carea' id='block_1_24' title="bbox 2033 852 3685 931">
    <p class='ocr_par' dir='ltr' id='par_1_24' title="bbox 2033 852 3685 931">
     <span class='ocr_line' id='line_1_24' title="bbox 2033 852 3685 931; baseline -0.004 -21"><span class='ocrx_word' id='word_1_151' title='bbox 2033 853 2378 920; x_wconf 80' lang='grc' dir='ltr'>Βαϐυλῶνος.</span> <span class='ocrx_word' id='word_1_152' title='bbox 2414 858 2514 913; x_wconf 83' lang='grc' dir='ltr'>Καὶ</span> <span class='ocrx_word' id='word_1_153' title='bbox 2559 855 2746 925; x_wconf 75' lang='grc' dir='ltr'>ἐπειδὴ</span> <span class='ocrx_word' id='word_1_154' title='bbox 2800 852 3160 931; x_wconf 79' lang='grc' dir='ltr'>σφοδροτέραν</span> <span class='ocrx_word' id='word_1_155' title='bbox 3209 858 3447 907; x_wconf 89' lang='grc' dir='ltr'>ποιεῖται</span> <span class='ocrx_word' id='word_1_156' title='bbox 3479 856 3557 924; x_wconf 85' lang='grc'>(2)</span> <span class='ocrx_word' id='word_1_157' title='bbox 3586 853 3685 920; x_wconf 78' lang='grc' dir='ltr'>τὴν</span> 
     </span>
    </p>
   </div>
   <div class='ocr_carea' id='block_1_25' title="bbox 2035 938 3686 1020">
    <p class='ocr_par' dir='ltr' id='par_1_25' title="bbox 2035 938 3686 1020">
     <span class='ocr_line' id='line_1_25' title="bbox 2035 938 3686 1020; baseline -0.004 -20"><span class='ocrx_word' id='word_1_158' title='bbox 2035 945 2296 1020; x_wconf 70' lang='grc' dir='ltr'>ἐνέργειαν</span> <span class='ocrx_word' id='word_1_159' title='bbox 2333 947 2465 1018; x_wconf 79' lang='grc' dir='ltr'>[καὶ]</span> <span class='ocrx_word' id='word_1_160' title='bbox 2497 949 2530 1014; x_wconf 80' lang='grc' dir='ltr'>ἡ</span> <span class='ocrx_word' id='word_1_161' title='bbox 2576 945 2880 1017; x_wconf 84' lang='grc' dir='ltr'>ὑπόμνησις</span> <span class='ocrx_word' id='word_1_162' title='bbox 2929 951 3028 1012; x_wconf 80' lang='grc' dir='ltr'>τῆς</span> <span class='ocrx_word' id='word_1_163' title='bbox 3082 943 3188 1016; x_wconf 88' lang='grc' dir='ltr'>πρὸ</span> <span class='ocrx_word' id='word_1_164' title='bbox 3243 941 3440 996; x_wconf 89' lang='grc' dir='ltr'>τούτου</span> <span class='ocrx_word' id='word_1_165' title='bbox 3501 938 3686 1010; x_wconf 78' lang='grc' dir='ltr'>δόξης,</span> 
     </span>
    </p>
   </div>
   <div class='ocr_carea' id='block_1_26' title="bbox 2036 1026 3688 1101">
    <p class='ocr_par' dir='ltr' id='par_1_26' title="bbox 2036 1026 3688 1101">
     <span class='ocr_line' id='line_1_26' title="bbox 2036 1026 3688 1101; baseline -0.004 -12"><span class='ocrx_word' id='word_1_166' title='bbox 2036 1034 2299 1089; x_wconf 83' lang='grc' dir='ltr'>δείκνυσιν</span> <span class='ocrx_word' id='word_1_167' title='bbox 2330 1035 2436 1088; x_wconf 84' lang='grc' dir='ltr'>ἀπὸ</span> <span class='ocrx_word' id='word_1_168' title='bbox 2468 1032 2583 1096; x_wconf 68' lang='grc' dir='ltr'>θ’ίας</span> <span class='ocrx_word' id='word_1_169' title='bbox 2626 1035 3000 1095; x_wconf 82' lang='grc' dir='ltr'>καταστάσεως</span> <span class='ocrx_word' id='word_1_170' title='bbox 3048 1030 3121 1092; x_wconf 76' lang='grc' dir='ltr'>εἷς</span> <span class='ocrx_word' id='word_1_171' title='bbox 3173 1028 3286 1084; x_wconf 73' lang='grc' dir='ltr'>θ’ίαν</span> <span class='ocrx_word' id='word_1_172' title='bbox 3337 1026 3476 1098; x_wconf 69' lang='grc' dir='ltr'>ἦλθε</span> <span class='ocrx_word' id='word_1_173' title='bbox 3531 1050 3688 1101; x_wconf 86' lang='grc' dir='ltr'>μετα-</span> 
     </span>
    </p>
   </div>
   <div class='ocr_carea' id='block_1_27' title="bbox 2035 1115 3689 1197">
    <p class='ocr_par' dir='ltr' id='par_1_27' title="bbox 2035 1115 3689 1197">
     <span class='ocr_line' id='line_1_27' title="bbox 2035 1115 3689 1197; baseline -0.004 -21"><span class='ocrx_word' id='word_1_174' title='bbox 2035 1119 2232 1193; x_wconf 69' lang='grc' dir='ltr'>ϐολήν.</span> <span class='ocrx_word' id='word_1_175' title='bbox 2291 1123 2392 1180; x_wconf 83' lang='grc' dir='ltr'>Καὶ</span> <span class='ocrx_word' id='word_1_176' title='bbox 2477 1120 2646 1180; x_wconf 76' lang='grc' dir='ltr'>ἔσται.</span> <span class='ocrx_word' id='word_1_177' title='bbox 2736 1121 2890 1197; x_wconf 76' lang='grc' dir='ltr'>φησὶ,</span> <span class='ocrx_word' id='word_1_178' title='bbox 2964 1115 3272 1190; x_wconf 86' lang='grc' dir='ltr'>Βαϐυλὼν,</span> <span class='ocrx_word' id='word_1_179' title='bbox 3333 1118 3368 1186; x_wconf 78' lang='grc' dir='ltr'><strong>ἢ</strong></span> <span class='ocrx_word' id='word_1_180' title='bbox 3441 1123 3689 1172; x_wconf 57' lang='grc' dir='ltr'>καλεῖέαι</span> 
     </span>
    </p>
   </div>
   <div class='ocr_carea' id='block_1_28' title="bbox 2034 1207 3685 1288">
    <p class='ocr_par' dir='ltr' id='par_1_28' title="bbox 2034 1207 3685 1288">
     <span class='ocr_line' id='line_1_28' title="bbox 2034 1207 3685 1288; baseline -0.004 -22"><span class='ocrx_word' id='word_1_181' title='bbox 2034 1208 2268 1282; x_wconf 79' lang='grc' dir='ltr'>ἔνδοξος.</span> <span class='ocrx_word' id='word_1_182' title='bbox 2295 1215 2498 1288; x_wconf 76' lang='grc' dir='ltr'>Ὥσπερ</span> <span class='ocrx_word' id='word_1_183' title='bbox 2559 1210 2695 1266; x_wconf 66' lang='grc' dir='ltr'>ἴδιον</span> <span class='ocrx_word' id='word_1_184' title='bbox 2757 1211 3044 1282; x_wconf 67' lang='grc' dir='ltr'>ἐπώνυμον</span> <span class='ocrx_word' id='word_1_185' title='bbox 3103 1209 3310 1284; x_wconf 83' lang='grc' dir='ltr'>ἐγένετο</span> <span class='ocrx_word' id='word_1_186' title='bbox 3361 1211 3542 1274; x_wconf 79' lang='grc' dir='ltr'>τοῦτο,</span> <span class='ocrx_word' id='word_1_187' title='bbox 3593 1207 3685 1261; x_wconf 86' lang='grc' dir='ltr'>καὶ</span> 
     </span>
    </p>
   </div>
   <div class='ocr_carea' id='block_1_29' title="bbox 2035 1290 3684 1374">
    <p class='ocr_par' dir='ltr' id='par_1_29' title="bbox 2035 1290 3684 1374">
     <span class='ocr_line' id='line_1_29' title="bbox 2035 1290 3684 1374; baseline -0.004 -19"><span class='ocrx_word' id='word_1_188' title='bbox 2035 1301 2228 1362; x_wconf 78' lang='grc' dir='ltr'>παντες</span> <span class='ocrx_word' id='word_1_189' title='bbox 2288 1301 2454 1370; x_wconf 76' lang='grc' dir='ltr'>αὐτὴν</span> <span class='ocrx_word' id='word_1_190' title='bbox 2512 1303 2646 1373; x_wconf 84' lang='grc' dir='ltr'>μετά</span> <span class='ocrx_word' id='word_1_191' title='bbox 2694 1301 3012 1374; x_wconf 73' lang='grc' dir='ltr'>προσθήκης</span> <span class='ocrx_word' id='word_1_192' title='bbox 3059 1297 3367 1370; x_wconf 85' lang='grc' dir='ltr'>ὠνόμαζον,</span> <span class='ocrx_word' id='word_1_193' title='bbox 3425 1290 3684 1352; x_wconf 82' lang='grc' dir='ltr'>Βαϐυλὼν</span> 
     </span>
    </p>
   </div>
   <div class='ocr_carea' id='block_1_30' title="bbox 2036 1382 3679 1461">
    <p class='ocr_par' dir='ltr' id='par_1_30' title="bbox 2036 1382 3679 1461">
     <span class='ocr_line' id='line_1_30' title="bbox 2036 1382 3679 1461; baseline -0.004 -18"><span class='ocrx_word' id='word_1_194' title='bbox 2036 1392 2070 1458; x_wconf 84' lang='grc' dir='ltr'>ἡ</span> <span class='ocrx_word' id='word_1_195' title='bbox 2105 1387 2336 1460; x_wconf 80' lang='grc' dir='ltr'>ἔνδοξος.</span> <span class='ocrx_word' id='word_1_196' title='bbox 2369 1389 2577 1447; x_wconf 86' lang='grc' dir='ltr'>Ἐποίει</span> <span class='ocrx_word' id='word_1_197' title='bbox 2639 1387 2696 1443; x_wconf 73' lang='grc' dir='ltr'>δὲ</span> <span class='ocrx_word' id='word_1_198' title='bbox 2757 1389 2921 1455; x_wconf 72' lang='grc' dir='ltr'>αὐτὴν</span> <span class='ocrx_word' id='word_1_199' title='bbox 2982 1382 3310 1461; x_wconf 78' lang='grc' dir='ltr'>περιϐόητον</span> <span class='ocrx_word' id='word_1_200' title='bbox 3364 1385 3391 1439; x_wconf 88' lang='lat'>6</span> <span class='ocrx_word' id='word_1_201' title='bbox 3427 1382 3679 1459; x_wconf 78' lang='grc' dir='ltr'>βασιλεὺς</span> 
     </span>
    </p>
   </div>
   <div class='ocr_carea' id='block_1_31' title="bbox 2035 1470 3686 1549">
    <p class='ocr_par' dir='ltr' id='par_1_31' title="bbox 2035 1470 3686 1549">
     <span class='ocr_line' id='line_1_31' title="bbox 2035 1470 3686 1549; baseline -0.003 -18"><span class='ocrx_word' id='word_1_202' title='bbox 2035 1483 2142 1531; x_wconf 91' lang='grc' dir='ltr'>τῶν</span> <span class='ocrx_word' id='word_1_203' title='bbox 2203 1475 2517 1547; x_wconf 87' lang='grc' dir='ltr'>Χαλδαίων,</span> <span class='ocrx_word' id='word_1_204' title='bbox 2561 1482 2659 1548; x_wconf 80' lang='grc' dir='ltr'>τῷ,</span> <span class='ocrx_word' id='word_1_205' title='bbox 2721 1475 2968 1536; x_wconf 83' lang='grc' dir='ltr'>πολλοὺς</span> <span class='ocrx_word' id='word_1_206' title='bbox 3029 1475 3552 1549; x_wconf 79' lang='grc' dir='ltr'>καταστρεψάμενος,</span> <span class='ocrx_word' id='word_1_207' title='bbox 3609 1470 3686 1534; x_wconf 64' lang='grc' dir='ltr'>εἷς</span> 
     </span>
    </p>
   </div>
   <div class='ocr_carea' id='block_1_32' title="bbox 2040 1559 3687 1639">
    <p class='ocr_par' dir='ltr' id='par_1_32' title="bbox 2040 1559 3687 1639">
     <span class='ocr_line' id='line_1_32' title="bbox 2040 1559 3687 1639; baseline -0.004 -19"><span class='ocrx_word' id='word_1_208' title='bbox 2040 1566 2204 1634; x_wconf 74' lang='grc' dir='ltr'>αὐτὴν</span> <span class='ocrx_word' id='word_1_209' title='bbox 2271 1568 2576 1639; x_wconf 82' lang='grc' dir='ltr'>μεταθεῖναι</span> <span class='ocrx_word' id='word_1_210' title='bbox 2635 1569 2710 1638; x_wconf 90' lang='grc'>(3)</span> <span class='ocrx_word' id='word_1_211' title='bbox 2769 1570 2877 1619; x_wconf 91' lang='grc' dir='ltr'>τῶν</span> <span class='ocrx_word' id='word_1_212' title='bbox 2929 1563 3252 1620; x_wconf 69' lang='grc' dir='ltr'>ἑαλωκότων</span> <span class='ocrx_word' id='word_1_213' title='bbox 3295 1564 3393 1631; x_wconf 80' lang='grc' dir='ltr'>τήν</span> <span class='ocrx_word' id='word_1_214' title='bbox 3433 1559 3687 1633; x_wconf 81' lang='grc' dir='ltr'>δύναμιν,</span> 
     </span>
    </p>
   </div>
   <div class='ocr_carea' id='block_1_33' title="bbox 2037 1646 3694 1730">
    <p class='ocr_par' dir='ltr' id='par_1_33' title="bbox 2037 1646 3694 1730">
     <span class='ocr_line' id='line_1_33' title="bbox 2037 1646 3694 1730; baseline -0.004 -21"><span class='ocrx_word' id='word_1_215' title='bbox 2037 1655 2126 1709; x_wconf 84' lang='grc' dir='ltr'>καὶ</span> <span class='ocrx_word' id='word_1_216' title='bbox 2163 1655 2376 1730; x_wconf 81' lang='grc' dir='ltr'>μεγάλα</span> <span class='ocrx_word' id='word_1_217' title='bbox 2425 1657 2519 1727; x_wconf 75' lang='grc' dir='ltr'>μὲν</span> <span class='ocrx_word' id='word_1_218' title='bbox 2574 1655 2712 1728; x_wconf 84' lang='grc' dir='ltr'>αὐτῇ</span> <span class='ocrx_word' id='word_1_219' title='bbox 2765 1650 3080 1730; x_wconf 89' lang='grc' dir='ltr'>περιϐαλεῖν</span> <span class='ocrx_word' id='word_1_220' title='bbox 3129 1653 3316 1727; x_wconf 85' lang='grc' dir='ltr'>τείχη,</span> <span class='ocrx_word' id='word_1_221' title='bbox 3348 1648 3570 1718; x_wconf 76' lang='grc' dir='ltr'>πολλὴν</span> <span class='ocrx_word' id='word_1_222' title='bbox 3636 1646 3694 1703; x_wconf 75' lang='grc' dir='ltr'>δὲ</span> 
     </span>
    </p>
   </div>
   <div class='ocr_carea' id='block_1_34' title="bbox 270 1735 1933 1837">
    <p class='ocr_par' dir='ltr' id='par_1_34' title="bbox 270 1747 1929 1818">
     <span class='ocr_line' id='line_1_34' title="bbox 270 1747 1929 1818; baseline -0.002 -15"><span class='ocrx_word' id='word_1_223' title='bbox 270 1749 593 1816; x_wconf 86' lang='lat' dir='ltr'>Gomorrha,</span> <span class='ocrx_word' id='word_1_224' title='bbox 624 1757 675 1802; x_wconf 81' lang='lat' dir='ltr'>et</span> <span class='ocrx_word' id='word_1_225' title='bbox 726 1749 785 1802; x_wconf 85' lang='lat' dir='ltr'>in</span> <span class='ocrx_word' id='word_1_226' title='bbox 831 1751 1100 1803; x_wconf 60' lang='lat' dir='ltr'>zelemum</span> <span class='ocrx_word' id='word_1_227' title='bbox 1151 1753 1364 1818; x_wconf 78' lang='lat' dir='ltr'>tempus</span> <span class='ocrx_word' id='word_1_228' title='bbox 1413 1763 1521 1802; x_wconf 90' lang='lat' dir='ltr'>non</span> <span class='ocrx_word' id='word_1_229' title='bbox 1566 1747 1929 1801; x_wconf 77' lang='lat' dir='ltr'>habitabitur.</span> 
     </span>
    </p>
   </div>
   <div class='ocr_carea' id='block_1_35' title="bbox 2051 1735 3692 1837">
    <p class='ocr_par' dir='ltr' id='par_1_35' title="bbox 2051 1735 3692 1820">
     <span class='ocr_line' id='line_1_35' title="bbox 2051 1735 3692 1820; baseline -0.005 -21"><span class='ocrx_word' id='word_1_230' title='bbox 2051 1745 2435 1820; x_wconf 77' lang='grc' dir='ltr'>πρατιωτικὴν</span> <span class='ocrx_word' id='word_1_231' title='bbox 2521 1741 2748 1816; x_wconf 66' lang='grc' dir='ltr'>δύναμιν</span> <span class='ocrx_word' id='word_1_232' title='bbox 2836 1743 3244 1817; x_wconf 77' lang='grc' dir='ltr'>έξαρτύσασθαι,</span> <span class='ocrx_word' id='word_1_233' title='bbox 3300 1739 3580 1813; x_wconf 80' lang='grc' dir='ltr'>λαμπροῖς</span> <span class='ocrx_word' id='word_1_234' title='bbox 3635 1735 3692 1792; x_wconf 80' lang='grc' dir='ltr'>δὲ</span> 
     </span>
    </p>
   </div>
   <div class='ocr_carea' id='block_1_36' title="bbox 266 1836 1924 1908">
    <p class='ocr_par' dir='ltr' id='par_1_36' title="bbox 266 1836 1924 1908">
     <span class='ocr_line' id='line_1_36' title="bbox 266 1836 1924 1908; baseline -0.001 -18"><span class='ocrx_word' id='word_1_235' title='bbox 266 1842 432 1892; x_wconf 88' lang='lat' dir='ltr'>Forte</span> <span class='ocrx_word' id='word_1_236' title='bbox 450 1842 643 1892; x_wconf 87' lang='lat' dir='ltr'>autem</span> <span class='ocrx_word' id='word_1_237' title='bbox 666 1843 821 1892; x_wconf 89' lang='lat' dir='ltr'>certo</span> <span class='ocrx_word' id='word_1_238' title='bbox 847 1843 1105 1908; x_wconf 90' lang='lat' dir='ltr'>tempore</span> <span class='ocrx_word' id='word_1_239' title='bbox 1121 1836 1924 1890; x_wconf 85' lang='lat' dir='ltr'>circumscribiteversionem</span> 
     </span>
    </p>
   </div>
   <div class='ocr_carea' id='block_1_37' title="bbox 279 1924 1930 1996">
    <p class='ocr_par' dir='ltr' id='par_1_37' title="bbox 279 1924 1930 1996">
     <span class='ocr_line' id='line_1_37' title="bbox 279 1924 1930 1996; baseline -0.002 -15"><span class='ocrx_word' id='word_1_240' title='bbox 279 1927 408 1996; x_wconf 85' lang='lat' dir='ltr'>ejus</span> <span class='ocrx_word' id='word_1_241' title='bbox 436 1943 503 1980; x_wconf 88' lang='lat' dir='ltr'>ac</span> <span class='ocrx_word' id='word_1_242' title='bbox 535 1926 898 1991; x_wconf 88' lang='lat' dir='ltr'>vastitatem;</span> <span class='ocrx_word' id='word_1_243' title='bbox 933 1941 1115 1995; x_wconf 85' lang='lat' dir='ltr'>quare</span> <span class='ocrx_word' id='word_1_244' title='bbox 1162 1943 1276 1978; x_wconf 91' lang='lat' dir='ltr'>non</span> <span class='ocrx_word' id='word_1_245' title='bbox 1327 1925 1473 1979; x_wconf 79' lang='lat' dir='ltr'>dixit</span> <span class='ocrx_word' id='word_1_246' title='bbox 1521 1925 1786 1979; x_wconf 82' lang='lat' dir='ltr'>absolute</span> <span class='ocrx_word' id='word_1_247' title='bbox 1817 1941 1829 1977; x_wconf 87' lang='lat'><strong>:</strong></span> <span class='ocrx_word' id='word_1_248' title='bbox 1865 1924 1930 1977; x_wconf 89' lang='lat' dir='ltr'>Et</span> 
     </span>
    </p>
   </div>
   <div class='ocr_carea' id='block_1_38' title="bbox 279 2013 1929 2083">
    <p class='ocr_par' dir='ltr' id='par_1_38' title="bbox 279 2013 1929 2083">
     <span class='ocr_line' id='line_1_38' title="bbox 279 2013 1929 2083; baseline -0.002 -13"><span class='ocrx_word' id='word_1_249' title='bbox 279 2016 650 2070; x_wconf 85' lang='lat' dir='ltr'>subvertetur</span> <span class='ocrx_word' id='word_1_250' title='bbox 689 2016 749 2067; x_wconf 87' lang='lat' dir='ltr'>in</span> <span class='ocrx_word' id='word_1_251' title='bbox 777 2018 1084 2074; x_wconf 65' lang='lat' dir='ltr'>wlernum;</span> <span class='ocrx_word' id='word_1_252' title='bbox 1135 2015 1232 2068; x_wconf 90' lang='lat' dir='ltr'>sed</span> <span class='ocrx_word' id='word_1_253' title='bbox 1285 2013 1520 2083; x_wconf 86' lang='lat' dir='ltr'>adjecit,</span> <span class='ocrx_word' id='word_1_254' title='bbox 1551 2015 1613 2068; x_wconf 86' lang='lat' dir='ltr'>In</span> <span class='ocrx_word' id='word_1_255' title='bbox 1659 2022 1929 2069; x_wconf 67' lang='lat' dir='ltr'>aeternum</span> 
     </span>
    </p>
   </div>
   <div class='ocr_carea' id='block_1_39' title="bbox 277 2101 1926 2174">
    <p class='ocr_par' dir='ltr' id='par_1_39' title="bbox 277 2101 1926 2174">
     <span class='ocr_line' id='line_1_39' title="bbox 277 2101 1926 2174; baseline -0.002 -16"><span class='ocrx_word' id='word_1_256' title='bbox 277 2111 508 2174; x_wconf 76' lang='lat' dir='ltr'>tempus.</span> <span class='ocrx_word' id='word_1_257' title='bbox 544 2103 655 2158; x_wconf 87' lang='lat' dir='ltr'>Sed</span> <span class='ocrx_word' id='word_1_258' title='bbox 690 2108 748 2156; x_wconf 91' lang='lat' dir='ltr'>et</span> <span class='ocrx_word' id='word_1_259' title='bbox 778 2119 905 2172; x_wconf 62' lang='lat' dir='ltr'>qua;</span> <span class='ocrx_word' id='word_1_260' title='bbox 937 2107 1289 2173; x_wconf 88' lang='lat' dir='ltr'>sequuntur,</span> <span class='ocrx_word' id='word_1_261' title='bbox 1322 2102 1583 2156; x_wconf 89' lang='lat' dir='ltr'>indicant</span> <span class='ocrx_word' id='word_1_262' title='bbox 1612 2101 1926 2172; x_wconf 87' lang='lat' dir='ltr'>perfectam</span> 
     </span>
    </p>
   </div>
   <div class='ocr_carea' id='block_1_40' title="bbox 190 2190 1923 2262">
    <p class='ocr_par' dir='ltr' id='par_1_40' title="bbox 190 2190 1923 2262">
     <span class='ocr_line' id='line_1_40' title="bbox 190 2190 1923 2262; baseline -0.002 -16"><span class='ocrx_word' id='word_1_263' title='bbox 190 2218 199 2225; x_wconf 89' lang='lat'><strong>-</strong></span> <span class='ocrx_word' id='word_1_264' title='bbox 275 2197 332 2246; x_wconf 88' lang='lat' dir='ltr'>et</span> <span class='ocrx_word' id='word_1_265' title='bbox 362 2192 644 2262; x_wconf 77' lang='lat' dir='ltr'>integram</span> <span class='ocrx_word' id='word_1_266' title='bbox 677 2192 1006 2246; x_wconf 88' lang='lat' dir='ltr'>vastitalem</span> <span class='ocrx_word' id='word_1_267' title='bbox 1041 2207 1155 2246; x_wconf 91' lang='lat' dir='ltr'>non</span> <span class='ocrx_word' id='word_1_268' title='bbox 1191 2191 1444 2262; x_wconf 61' lang='lat' dir='ltr'>praedici.</span> <span class='ocrx_word' id='word_1_269' title='bbox 1481 2191 1699 2245; x_wconf 86' lang='lat' dir='ltr'>Dicitur</span> <span class='ocrx_word' id='word_1_270' title='bbox 1729 2190 1923 2244; x_wconf 90' lang='lat' dir='ltr'>enim:</span> 
     </span>
    </p>
   </div>
   <div class='ocr_carea' id='block_1_41' title="bbox 271 2279 1928 2351">
    <p class='ocr_par' dir='ltr' id='par_1_41' title="bbox 271 2279 1928 2351">
     <span class='ocr_line' id='line_1_41' title="bbox 271 2279 1928 2351; baseline -0.002 -16"><span class='ocrx_word' id='word_1_271' title='bbox 271 2280 452 2351; x_wconf 68' lang='lat' dir='ltr'>Neque</span> <span class='ocrx_word' id='word_1_272' title='bbox 482 2280 863 2350; x_wconf 83' lang='lat' dir='ltr'>ingredientur</span> <span class='ocrx_word' id='word_1_273' title='bbox 893 2281 952 2333; x_wconf 86' lang='lat' dir='ltr'>in</span> <span class='ocrx_word' id='word_1_274' title='bbox 981 2296 1104 2334; x_wconf 85' lang='lat' dir='ltr'>eam</span> <span class='ocrx_word' id='word_1_275' title='bbox 1149 2295 1246 2350; x_wconf 87' lang='lat' dir='ltr'>per</span> <span class='ocrx_word' id='word_1_276' title='bbox 1273 2281 1477 2333; x_wconf 88' lang='lat' dir='ltr'>multas</span> <span class='ocrx_word' id='word_1_277' title='bbox 1505 2279 1889 2349; x_wconf 79' lang='lat' dir='ltr'>generationes</span> <span class='ocrx_word' id='word_1_278' title='bbox 1907 2295 1928 2340; x_wconf 84' lang='lat'><em>;</em></span> 
     </span>
    </p>
   </div>
   <div class='ocr_carea' id='block_1_42' title="bbox 275 2369 1926 2439">
    <p class='ocr_par' dir='ltr' id='par_1_42' title="bbox 275 2369 1926 2439">
     <span class='ocr_line' id='line_1_42' title="bbox 275 2369 1926 2439; baseline -0.001 -17"><span class='ocrx_word' id='word_1_279' title='bbox 275 2371 441 2438; x_wconf 86' lang='lat' dir='ltr'>quasi</span> <span class='ocrx_word' id='word_1_280' title='bbox 478 2370 731 2423; x_wconf 88' lang='lat' dir='ltr'>solitudo</span> <span class='ocrx_word' id='word_1_281' title='bbox 763 2375 917 2423; x_wconf 85' lang='lat' dir='ltr'>esset</span> <span class='ocrx_word' id='word_1_282' title='bbox 960 2386 1060 2438; x_wconf 88' lang='lat' dir='ltr'>per</span> <span class='ocrx_word' id='word_1_283' title='bbox 1093 2369 1308 2422; x_wconf 88' lang='lat' dir='ltr'>multas</span> <span class='ocrx_word' id='word_1_284' title='bbox 1358 2369 1762 2439; x_wconf 85' lang='lat' dir='ltr'>generationes</span> <span class='ocrx_word' id='word_1_285' title='bbox 1796 2385 1926 2438; x_wconf 89' lang='lat' dir='ltr'>per-</span> 
     </span>
    </p>
   </div>
   <div class='ocr_carea' id='block_1_43' title="bbox 274 2455 1869 2526">
    <p class='ocr_par' dir='ltr' id='par_1_43' title="bbox 274 2455 1869 2526">
     <span class='ocr_line' id='line_1_43' title="bbox 274 2455 1869 2526; baseline -0.001 -16"><span class='ocrx_word' id='word_1_286' title='bbox 274 2473 574 2526; x_wconf 85' lang='lat' dir='ltr'>mansura,</span> <span class='ocrx_word' id='word_1_287' title='bbox 610 2474 675 2511; x_wconf 87' lang='lat' dir='ltr'>ac</span> <span class='ocrx_word' id='word_1_288' title='bbox 707 2462 905 2526; x_wconf 89' lang='lat' dir='ltr'>postea</span> <span class='ocrx_word' id='word_1_289' title='bbox 938 2458 1146 2511; x_wconf 88' lang='lat' dir='ltr'>iterum</span> <span class='ocrx_word' id='word_1_290' title='bbox 1185 2455 1391 2511; x_wconf 76' lang='lat' dir='ltr'>incolis</span> <span class='ocrx_word' id='word_1_291' title='bbox 1424 2457 1869 2526; x_wconf 78' lang='lat' dir='ltr'>frequentanda.</span> 
     </span>
    </p>
   </div>
   <div class='ocr_carea' id='block_1_44' title="bbox 2041 1830 3694 1906">
    <p class='ocr_par' dir='ltr' id='par_1_44' title="bbox 2041 1830 3694 1906">
     <span class='ocr_line' id='line_1_44' title="bbox 2041 1830 3694 1906; baseline -0.004 -19"><span class='ocrx_word' id='word_1_292' title='bbox 2041 1830 2479 1904; x_wconf 69' lang='grc' dir='ltr'>οἰκοδομήμασιν</span> <span class='ocrx_word' id='word_1_293' title='bbox 2510 1833 2674 1900; x_wconf 70' lang='grc' dir='ltr'>αὐτὴν</span> <span class='ocrx_word' id='word_1_294' title='bbox 2729 1831 2927 1906; x_wconf 76' lang='grc' dir='ltr'>ἐξᾶραι.</span> <span class='ocrx_word' id='word_1_295' title='bbox 2965 1831 3112 1901; x_wconf 76' lang='grc' dir='ltr'>Αὕτη</span> <span class='ocrx_word' id='word_1_296' title='bbox 3159 1830 3336 1884; x_wconf 81' lang='grc' dir='ltr'>τοίνυν</span> <span class='ocrx_word' id='word_1_297' title='bbox 3399 1847 3694 1902; x_wconf 88' lang='grc' dir='ltr'>καταστρα-</span> 
     </span>
    </p>
   </div>
   <div class='ocr_carea' id='block_1_45' title="bbox 2041 1913 3688 2000">
    <p class='ocr_par' dir='ltr' id='par_1_45' title="bbox 2041 1913 3688 2000">
     <span class='ocr_line' id='line_1_45' title="bbox 2041 1913 3688 2000; baseline -0.004 -24"><span class='ocrx_word' id='word_1_298' title='bbox 2041 1925 2289 2000; x_wconf 71' lang='grc' dir='ltr'>φησεται.</span> <span class='ocrx_word' id='word_1_299' title='bbox 2349 1924 2442 1979; x_wconf 85' lang='grc' dir='ltr'>Ὃν</span> <span class='ocrx_word' id='word_1_300' title='bbox 2499 1917 2700 1996; x_wconf 80' lang='grc' dir='ltr'>τρόπον</span> <span class='ocrx_word' id='word_1_301' title='bbox 2756 1920 3105 1994; x_wconf 69' lang='grc' dir='ltr'>κατέστρεψεν</span> <span class='ocrx_word' id='word_1_302' title='bbox 3171 1920 3199 1973; x_wconf 97' lang='lat'>6</span> <span class='ocrx_word' id='word_1_303' title='bbox 3259 1917 3387 1979; x_wconf 89' lang='grc' dir='ltr'>Θεὸς</span> <span class='ocrx_word' id='word_1_304' title='bbox 3464 1913 3688 1988; x_wconf 82' lang='grc' dir='ltr'>Σόδομα</span> 
     </span>
    </p>
   </div>
   <div class='ocr_carea' id='block_1_46' title="bbox 2037 2004 3688 2086">
    <p class='ocr_par' dir='ltr' id='par_1_46' title="bbox 2037 2004 3688 2086">
     <span class='ocr_line' id='line_1_46' title="bbox 2037 2004 3688 2086; baseline -0.004 -21"><span class='ocrx_word' id='word_1_305' title='bbox 2037 2012 2127 2066; x_wconf 84' lang='grc' dir='ltr'>καὶ</span> <span class='ocrx_word' id='word_1_306' title='bbox 2189 2009 2464 2086; x_wconf 76' lang='grc' dir='ltr'>Γόμοῤῥα,</span> <span class='ocrx_word' id='word_1_307' title='bbox 2495 2011 2584 2065; x_wconf 89' lang='grc' dir='ltr'>καὶ</span> <span class='ocrx_word' id='word_1_308' title='bbox 2646 2010 2707 2064; x_wconf 78' lang='grc' dir='ltr'>ού</span> <span class='ocrx_word' id='word_1_309' title='bbox 2765 2011 3216 2078; x_wconf 73' lang='grc' dir='ltr'>κατοικηθήσεται</span> <span class='ocrx_word' id='word_1_310' title='bbox 3276 2006 3350 2068; x_wconf 83' lang='grc' dir='ltr'>είς</span> <span class='ocrx_word' id='word_1_311' title='bbox 3408 2005 3500 2060; x_wconf 83' lang='grc' dir='ltr'>τὸν</span> <span class='ocrx_word' id='word_1_312' title='bbox 3555 2004 3688 2059; x_wconf 74' lang='grc' dir='ltr'>αἰῶ-</span> 
     </span>
    </p>
   </div>
   <div class='ocr_carea' id='block_1_47' title="bbox 2038 2095 3684 2174">
    <p class='ocr_par' dir='ltr' id='par_1_47' title="bbox 2038 2095 3684 2174">
     <span class='ocr_line' id='line_1_47' title="bbox 2038 2095 3684 2174; baseline -0.005 -19"><span class='ocrx_word' id='word_1_313' title='bbox 2038 2121 2103 2155; x_wconf 89' lang='grc' dir='ltr'>να</span> <span class='ocrx_word' id='word_1_314' title='bbox 2133 2099 2330 2174; x_wconf 88' lang='grc' dir='ltr'>χρόνον</span> <span class='ocrx_word' id='word_1_315' title='bbox 2366 2102 2459 2171; x_wconf 80' lang='grc'>(4).</span> <span class='ocrx_word' id='word_1_316' title='bbox 2513 2102 2672 2174; x_wconf 79' lang='grc' dir='ltr'>Τάχα</span> <span class='ocrx_word' id='word_1_317' title='bbox 2703 2095 2758 2152; x_wconf 74' lang='grc' dir='ltr'>δὲ</span> <span class='ocrx_word' id='word_1_318' title='bbox 2790 2097 3087 2172; x_wconf 84' lang='grc' dir='ltr'>περιορίζει</span> <span class='ocrx_word' id='word_1_319' title='bbox 3147 2097 3244 2163; x_wconf 76' lang='grc' dir='ltr'>τήν</span> <span class='ocrx_word' id='word_1_320' title='bbox 3303 2095 3684 2170; x_wconf 69' lang='grc' dir='ltr'>καταστροφὴν</span> 
     </span>
    </p>
   </div>
   <div class='ocr_carea' id='block_1_48' title="bbox 2038 2182 3691 2262">
    <p class='ocr_par' dir='ltr' id='par_1_48' title="bbox 2038 2182 3691 2262">
     <span class='ocr_line' id='line_1_48' title="bbox 2038 2182 3691 2262; baseline -0.004 -20"><span class='ocrx_word' id='word_1_321' title='bbox 2038 2190 2206 2257; x_wconf 78' lang='grc' dir='ltr'>αὐτῆς</span> <span class='ocrx_word' id='word_1_322' title='bbox 2239 2189 2330 2242; x_wconf 88' lang='grc' dir='ltr'>καὶ</span> <span class='ocrx_word' id='word_1_323' title='bbox 2359 2189 2458 2256; x_wconf 74' lang='grc' dir='ltr'>τὴν</span> <span class='ocrx_word' id='word_1_324' title='bbox 2491 2186 2767 2262; x_wconf 72' lang='grc' dir='ltr'>ἐρήμωσιν</span> <span class='ocrx_word' id='word_1_325' title='bbox 2801 2188 2990 2262; x_wconf 83' lang='grc' dir='ltr'>χρόνῳ</span> <span class='ocrx_word' id='word_1_326' title='bbox 3019 2185 3145 2240; x_wconf 81' lang='grc' dir='ltr'>τινί·</span> <span class='ocrx_word' id='word_1_327' title='bbox 3170 2182 3254 2239; x_wconf 83' lang='grc' dir='ltr'>διὸ</span> <span class='ocrx_word' id='word_1_328' title='bbox 3274 2183 3374 2239; x_wconf 83' lang='grc' dir='ltr'>οὐκ</span> <span class='ocrx_word' id='word_1_329' title='bbox 3393 2183 3537 2237; x_wconf 81' lang='grc' dir='ltr'>εἶπεν</span> <span class='ocrx_word' id='word_1_330' title='bbox 3563 2183 3691 2237; x_wconf 81' lang='grc' dir='ltr'>ἀπο-</span> 
     </span>
    </p>
   </div>
   <div class='ocr_carea' id='block_1_49' title="bbox 2039 2268 3691 2352">
    <p class='ocr_par' dir='ltr' id='par_1_49' title="bbox 2039 2268 3691 2352">
     <span class='ocr_line' id='line_1_49' title="bbox 2039 2268 3691 2352; baseline -0.003 -21"><span class='ocrx_word' id='word_1_331' title='bbox 2039 2275 2242 2338; x_wconf 87' lang='grc' dir='ltr'>λύτως.</span> <span class='ocrx_word' id='word_1_332' title='bbox 2288 2276 2391 2332; x_wconf 82' lang='grc' dir='ltr'>Καὶ</span> <span class='ocrx_word' id='word_1_333' title='bbox 2449 2278 2947 2352; x_wconf 72' lang='grc' dir='ltr'>καταστραφήσεται</span> <span class='ocrx_word' id='word_1_334' title='bbox 3007 2273 3086 2335; x_wconf 83' lang='grc' dir='ltr'>εἷς</span> <span class='ocrx_word' id='word_1_335' title='bbox 3141 2273 3230 2328; x_wconf 88' lang='grc' dir='ltr'>τὸν</span> <span class='ocrx_word' id='word_1_336' title='bbox 3288 2272 3482 2338; x_wconf 75' lang='grc' dir='ltr'>αἰῶνα,</span> <span class='ocrx_word' id='word_1_337' title='bbox 3545 2268 3691 2326; x_wconf 76' lang='grc' dir='ltr'>ἀλλὰ</span> 
     </span>
    </p>
   </div>
   <div class='ocr_carea' id='block_1_50' title="bbox 2039 2357 3686 2440">
    <p class='ocr_par' dir='ltr' id='par_1_50' title="bbox 2039 2357 3686 2440">
     <span class='ocr_line' id='line_1_50' title="bbox 2039 2357 3686 2440; baseline -0.004 -20"><span class='ocrx_word' id='word_1_338' title='bbox 2039 2364 2390 2440; x_wconf 80' lang='grc' dir='ltr'>προσέοηγεν.</span> <span class='ocrx_word' id='word_1_339' title='bbox 2445 2365 2536 2424; x_wconf 84' lang='grc' dir='ltr'>Εἷς</span> <span class='ocrx_word' id='word_1_340' title='bbox 2594 2366 2684 2418; x_wconf 86' lang='grc' dir='ltr'>τὸν</span> <span class='ocrx_word' id='word_1_341' title='bbox 2745 2364 2915 2418; x_wconf 71' lang='grc' dir='ltr'>αἰῶνα</span> <span class='ocrx_word' id='word_1_342' title='bbox 2970 2363 3189 2437; x_wconf 86' lang='grc' dir='ltr'>χρόνον.</span> <span class='ocrx_word' id='word_1_343' title='bbox 3249 2359 3426 2432; x_wconf 85' lang='grc' dir='ltr'>Δηλοῖ</span> <span class='ocrx_word' id='word_1_344' title='bbox 3485 2357 3543 2414; x_wconf 74' lang='grc' dir='ltr'>δὲ</span> <span class='ocrx_word' id='word_1_345' title='bbox 3597 2361 3686 2414; x_wconf 88' lang='grc' dir='ltr'>καὶ</span> 
     </span>
    </p>
   </div>
   <div class='ocr_carea' id='block_1_51' title="bbox 2036 2447 3686 2527">
    <p class='ocr_par' dir='ltr' id='par_1_51' title="bbox 2036 2447 3686 2527">
     <span class='ocr_line' id='line_1_51' title="bbox 2036 2447 3686 2527; baseline -0.002 -20"><span class='ocrx_word' id='word_1_346' title='bbox 2036 2454 2103 2507; x_wconf 81' lang='grc' dir='ltr'>τὰ</span> <span class='ocrx_word' id='word_1_347' title='bbox 2155 2451 2370 2527; x_wconf 74' lang='grc' dir='ltr'>ἐφεξῆς,</span> <span class='ocrx_word' id='word_1_348' title='bbox 2429 2451 2512 2506; x_wconf 81' lang='grc' dir='ltr'>ὅτι</span> <span class='ocrx_word' id='word_1_349' title='bbox 2563 2451 2624 2505; x_wconf 84' lang='grc' dir='ltr'>οὐ</span> <span class='ocrx_word' id='word_1_350' title='bbox 2680 2451 2916 2520; x_wconf 85' lang='grc' dir='ltr'>παντελῆ</span> <span class='ocrx_word' id='word_1_351' title='bbox 2967 2452 3134 2520; x_wconf 84' lang='grc' dir='ltr'>αὑτῆς</span> <span class='ocrx_word' id='word_1_352' title='bbox 3192 2447 3556 2526; x_wconf 82' lang='grc' dir='ltr'>προαγορεύει</span> <span class='ocrx_word' id='word_1_353' title='bbox 3610 2451 3686 2521; x_wconf 90' lang='grc'>(5)</span> 
     </span>
    </p>
   </div>
   <div class='ocr_carea' id='block_1_52' title="bbox 201 2536 3690 2616">
    <p class='ocr_par' dir='ltr' id='par_1_52' title="bbox 201 2536 3690 2616">
     <span class='ocr_line' id='line_1_52' title="bbox 201 2536 3690 2616; baseline 0 -20"><span class='ocrx_word' id='word_1_354' title='bbox 201 2601 204 2604; x_wconf 21' lang='grc' dir='ltr'><strong><em>ί</em></strong></span> <span class='ocrx_word' id='word_1_355' title='bbox 269 2543 368 2610; x_wconf 74' lang='grc' dir='ltr'>την</span> <span class='ocrx_word' id='word_1_356' title='bbox 404 2541 700 2616; x_wconf 72' lang='grc' dir='ltr'>ἐρήμωσιν.</span> <span class='ocrx_word' id='word_1_357' title='bbox 737 2542 812 2599; x_wconf 81' lang='grc' dir='ltr'>Ού</span> <span class='ocrx_word' id='word_1_358' title='bbox 843 2542 941 2616; x_wconf 73' lang='grc' dir='ltr'>γὰρ</span> <span class='ocrx_word' id='word_1_359' title='bbox 979 2543 1054 2614; x_wconf 80' lang='grc' dir='ltr'>μὴ</span> <span class='ocrx_word' id='word_1_360' title='bbox 1085 2541 1392 2597; x_wconf 69' lang='grc' dir='ltr'>εἰσέλθωσιν</span> <span class='ocrx_word' id='word_1_361' title='bbox 1428 2541 1504 2603; x_wconf 72' lang='grc' dir='ltr'>εἷς</span> <span class='ocrx_word' id='word_1_362' title='bbox 1534 2542 1699 2610; x_wconf 74' lang='grc' dir='ltr'>αὐτὴν</span> <span class='ocrx_word' id='word_1_363' title='bbox 1736 2539 1824 2596; x_wconf 81' lang='grc' dir='ltr'>διὰ</span> <span class='ocrx_word' id='word_1_364' title='bbox 1871 2539 2100 2597; x_wconf 83' lang='grc' dir='ltr'>πολλῶν</span> <span class='ocrx_word' id='word_1_365' title='bbox 2151 2545 2372 2614; x_wconf 83' lang='grc' dir='ltr'>γενεῶν·</span> <span class='ocrx_word' id='word_1_366' title='bbox 2410 2539 2484 2604; x_wconf 83' lang='grc' dir='ltr'>ὡς</span> <span class='ocrx_word' id='word_1_367' title='bbox 2542 2539 2593 2594; x_wconf 81' lang='grc' dir='ltr'>έν</span> <span class='ocrx_word' id='word_1_368' title='bbox 2646 2538 2886 2603; x_wconf 73' lang='grc' dir='ltr'>πολλαῖς</span> <span class='ocrx_word' id='word_1_369' title='bbox 2933 2545 3140 2614; x_wconf 81' lang='grc' dir='ltr'>γενεαῖς</span> <span class='ocrx_word' id='word_1_370' title='bbox 3188 2546 3290 2608; x_wconf 82' lang='grc' dir='ltr'>τῆς</span> <span class='ocrx_word' id='word_1_371' title='bbox 3350 2536 3690 2614; x_wconf 80' lang='grc' dir='ltr'>ἐρημώσεως</span> 
     </span>
    </p>
   </div>
   <div class='ocr_carea' id='block_1_53' title="bbox 271 2629 1727 2706">
    <p class='ocr_par' dir='ltr' id='par_1_53' title="bbox 271 2629 1727 2706">
     <span class='ocr_line' id='line_1_53' title="bbox 271 2629 1727 2706; baseline 0.003 -22"><span class='ocrx_word' id='word_1_372' title='bbox 271 2631 671 2706; x_wconf 70' lang='grc' dir='ltr'>γενησομένης,</span> <span class='ocrx_word' id='word_1_373' title='bbox 707 2633 840 2703; x_wconf 84' lang='grc' dir='ltr'>μετὰ</span> <span class='ocrx_word' id='word_1_374' title='bbox 872 2629 929 2684; x_wconf 69' lang='grc' dir='ltr'>δὲ</span> <span class='ocrx_word' id='word_1_375' title='bbox 955 2635 1124 2686; x_wconf 77' lang='grc' dir='ltr'>ταῦτα</span> <span class='ocrx_word' id='word_1_376' title='bbox 1153 2629 1318 2686; x_wconf 78' lang='grc' dir='ltr'>πάλιν</span> <span class='ocrx_word' id='word_1_377' title='bbox 1354 2630 1727 2704; x_wconf 78' lang='grc' dir='ltr'>οἰκιζομένης.</span> 
     </span>
    </p>
   </div>
   <div class='ocr_carea' id='block_1_54' title="bbox 345 2722 1930 2795">
    <p class='ocr_par' dir='ltr' id='par_1_54' title="bbox 345 2722 1930 2795">
     <span class='ocr_line' id='line_1_54' title="bbox 345 2722 1930 2795; baseline 0 -18"><span class='ocrx_word' id='word_1_378' title='bbox 345 2722 470 2778; x_wconf 76' lang='grc'>274.</span> <span class='ocrx_word' id='word_1_379' title='bbox 505 2723 686 2795; x_wconf 80' lang='lat' dir='ltr'>Neque</span> <span class='ocrx_word' id='word_1_380' title='bbox 715 2724 1033 2778; x_wconf 82' lang='lat' dir='ltr'>transibunt</span> <span class='ocrx_word' id='word_1_381' title='bbox 1065 2739 1170 2793; x_wconf 79' lang='lat' dir='ltr'>per</span> <span class='ocrx_word' id='word_1_382' title='bbox 1211 2739 1333 2778; x_wconf 78' lang='lat' dir='ltr'>eam</span> <span class='ocrx_word' id='word_1_383' title='bbox 1376 2724 1598 2789; x_wconf 81' lang='lat' dir='ltr'>Arabes,</span> <span class='ocrx_word' id='word_1_384' title='bbox 1630 2738 1806 2794; x_wconf 67' lang='lat' dir='ltr'>neque</span> <span class='ocrx_word' id='word_1_385' title='bbox 1831 2738 1930 2789; x_wconf 85' lang='lat' dir='ltr'>pa-</span> 
     </span>
    </p>
   </div>
   <div class='ocr_carea' id='block_1_55' title="bbox 273 2810 1932 2882">
    <p class='ocr_par' dir='ltr' id='par_1_55' title="bbox 273 2810 1932 2882">
     <span class='ocr_line' id='line_1_55' title="bbox 273 2810 1932 2882; baseline 0.001 -18"><span class='ocrx_word' id='word_1_386' title='bbox 273 2814 446 2866; x_wconf 85' lang='lat' dir='ltr'>stores</span> <span class='ocrx_word' id='word_1_387' title='bbox 474 2814 817 2882; x_wconf 76' lang='lat' dir='ltr'>requiescent</span> <span class='ocrx_word' id='word_1_388' title='bbox 853 2814 910 2866; x_wconf 86' lang='lat' dir='ltr'>in</span> <span class='ocrx_word' id='word_1_389' title='bbox 959 2827 1044 2865; x_wconf 85' lang='lat' dir='ltr'>ea.</span> <span class='ocrx_word' id='word_1_390' title='bbox 1083 2810 1368 2865; x_wconf 81' lang='lat' dir='ltr'>Describit</span> <span class='ocrx_word' id='word_1_391' title='bbox 1417 2817 1687 2865; x_wconf 66' lang='lat' dir='ltr'>maestam</span> <span class='ocrx_word' id='word_1_392' title='bbox 1738 2816 1932 2866; x_wconf 79' lang='lat' dir='ltr'>vasta-</span> 
     </span>
    </p>
   </div>
   <div class='ocr_carea' id='block_1_56' title="bbox 272 2897 1932 2966">
    <p class='ocr_par' dir='ltr' id='par_1_56' title="bbox 272 2897 1932 2966">
     <span class='ocr_line' id='line_1_56' title="bbox 272 2897 1932 2966; baseline -0.002 -10"><span class='ocrx_word' id='word_1_393' title='bbox 272 2900 493 2956; x_wconf 84' lang='lat' dir='ltr'>tionem</span> <span class='ocrx_word' id='word_1_394' title='bbox 528 2899 730 2954; x_wconf 71' lang='lat' dir='ltr'>isthzec</span> <span class='ocrx_word' id='word_1_395' title='bbox 764 2897 1076 2966; x_wconf 87' lang='lat' dir='ltr'>sententia,</span> <span class='ocrx_word' id='word_1_396' title='bbox 1110 2898 1390 2953; x_wconf 91' lang='lat' dir='ltr'>nimirum</span> <span class='ocrx_word' id='word_1_397' title='bbox 1426 2903 1649 2953; x_wconf 87' lang='lat' dir='ltr'>tantam</span> <span class='ocrx_word' id='word_1_398' title='bbox 1684 2899 1803 2953; x_wconf 88' lang='lat' dir='ltr'>fore</span> <span class='ocrx_word' id='word_1_399' title='bbox 1837 2914 1932 2953; x_wconf 86' lang='lat' dir='ltr'>so-</span> 
     </span>
    </p>
   </div>
   <div class='ocr_carea' id='block_1_57' title="bbox 275 2985 1930 3059">
    <p class='ocr_par' dir='ltr' id='par_1_57' title="bbox 275 2985 1930 3059">
     <span class='ocr_line' id='line_1_57' title="bbox 275 2985 1930 3059; baseline -0.002 -16"><span class='ocrx_word' id='word_1_400' title='bbox 275 2987 608 3059; x_wconf 88' lang='lat' dir='ltr'>litudinem,</span> <span class='ocrx_word' id='word_1_401' title='bbox 645 2993 710 3043; x_wconf 90' lang='lat' dir='ltr'>ut</span> <span class='ocrx_word' id='word_1_402' title='bbox 741 3005 812 3043; x_wconf 90' lang='lat' dir='ltr'>ne</span> <span class='ocrx_word' id='word_1_403' title='bbox 846 2991 1104 3059; x_wconf 80' lang='lat' dir='ltr'>pastores</span> <span class='ocrx_word' id='word_1_404' title='bbox 1137 2987 1374 3058; x_wconf 86' lang='lat' dir='ltr'>quidem</span> <span class='ocrx_word' id='word_1_405' title='bbox 1419 2985 1478 3041; x_wconf 89' lang='lat' dir='ltr'>in</span> <span class='ocrx_word' id='word_1_406' title='bbox 1528 3003 1595 3042; x_wconf 87' lang='lat' dir='ltr'>ea</span> <span class='ocrx_word' id='word_1_407' title='bbox 1645 2987 1930 3059; x_wconf 81' lang='lat' dir='ltr'>repertori</span> 
     </span>
    </p>
   </div>
   <div class='ocr_carea' id='block_1_58' title="bbox 273 3075 1929 3147">
    <p class='ocr_par' dir='ltr' id='par_1_58' title="bbox 273 3075 1929 3147">
     <span class='ocr_line' id='line_1_58' title="bbox 273 3075 1929 3147; baseline 0 -16"><span class='ocrx_word' id='word_1_408' title='bbox 273 3081 496 3132; x_wconf 87' lang='lat' dir='ltr'>tectum</span> <span class='ocrx_word' id='word_1_409' title='bbox 528 3077 669 3147; x_wconf 86' lang='lat' dir='ltr'>sint,</span> <span class='ocrx_word' id='word_1_410' title='bbox 698 3093 884 3147; x_wconf 89' lang='lat' dir='ltr'>neque</span> <span class='ocrx_word' id='word_1_411' title='bbox 916 3075 1245 3130; x_wconf 90' lang='lat' dir='ltr'>inveniendi</span> <span class='ocrx_word' id='word_1_412' title='bbox 1283 3077 1404 3130; x_wconf 91' lang='lat' dir='ltr'>sint</span> <span class='ocrx_word' id='word_1_413' title='bbox 1435 3075 1673 3144; x_wconf 85' lang='lat' dir='ltr'>Arabes,</span> <span class='ocrx_word' id='word_1_414' title='bbox 1700 3075 1800 3147; x_wconf 88' lang='lat' dir='ltr'>qui</span> <span class='ocrx_word' id='word_1_415' title='bbox 1832 3094 1929 3131; x_wconf 92' lang='lat' dir='ltr'>so-</span> 
     </span>
    </p>
   </div>
   <div class='ocr_carea' id='block_1_59' title="bbox 2111 2715 3695 2793">
    <p class='ocr_par' dir='ltr' id='par_1_59' title="bbox 2111 2715 3695 2793">
     <span class='ocr_line' id='line_1_59' title="bbox 2111 2715 3695 2793; baseline -0.004 -19"><span class='ocrx_word' id='word_1_416' title='bbox 2111 2715 2406 2776; x_wconf 76' lang='grc' dir='ltr'>274.Ούδὶ</span> <span class='ocrx_word' id='word_1_417' title='bbox 2467 2721 2543 2791; x_wconf 80' lang='grc' dir='ltr'>μὴ</span> <span class='ocrx_word' id='word_1_418' title='bbox 2595 2715 2879 2774; x_wconf 77' lang='grc' dir='ltr'>διέλθωσιν</span> <span class='ocrx_word' id='word_1_419' title='bbox 2940 2717 3106 2785; x_wconf 80' lang='grc' dir='ltr'>αὐτὴν</span> <span class='ocrx_word' id='word_1_420' title='bbox 3157 2720 3235 2790; x_wconf 87' lang='grc'>(6)</span> <span class='ocrx_word' id='word_1_421' title='bbox 3286 2715 3548 2793; x_wconf 66' lang='lat' dir='ltr'>&quot;Apa65;,</span> <span class='ocrx_word' id='word_1_422' title='bbox 3608 2722 3695 2778; x_wconf 73' lang='grc' dir='ltr'>οὐ-</span> 
     </span>
    </p>
   </div>
   <div class='ocr_carea' id='block_1_60' title="bbox 2043 2804 3692 2884">
    <p class='ocr_par' dir='ltr' id='par_1_60' title="bbox 2043 2804 3692 2884">
     <span class='ocr_line' id='line_1_60' title="bbox 2043 2804 3692 2884; baseline 0.003 -23"><span class='ocrx_word' id='word_1_423' title='bbox 2043 2804 2100 2862; x_wconf 77' lang='grc' dir='ltr'>δὲ</span> <span class='ocrx_word' id='word_1_424' title='bbox 2156 2809 2409 2880; x_wconf 82' lang='grc' dir='ltr'>ποιμένες</span> <span class='ocrx_word' id='word_1_425' title='bbox 2469 2807 2530 2862; x_wconf 82' lang='grc' dir='ltr'>οὐ</span> <span class='ocrx_word' id='word_1_426' title='bbox 2611 2808 2686 2879; x_wconf 85' lang='grc' dir='ltr'>μή</span> <span class='ocrx_word' id='word_1_427' title='bbox 2751 2806 3163 2862; x_wconf 86' lang='grc' dir='ltr'>ἀναπαύσωνται</span> <span class='ocrx_word' id='word_1_428' title='bbox 3225 2806 3276 2862; x_wconf 80' lang='grc' dir='ltr'>έν</span> <span class='ocrx_word' id='word_1_429' title='bbox 3336 2808 3493 2884; x_wconf 80' lang='grc' dir='ltr'>αὐτῇ.</span> <span class='ocrx_word' id='word_1_430' title='bbox 3548 2818 3692 2865; x_wconf 82' lang='grc' dir='ltr'>Σκυ-</span> 
     </span>
    </p>
   </div>
   <div class='ocr_carea' id='block_1_61' title="bbox 2040 2893 3684 2973">
    <p class='ocr_par' dir='ltr' id='par_1_61' title="bbox 2040 2893 3684 2973">
     <span class='ocr_line' id='line_1_61' title="bbox 2040 2893 3684 2973; baseline 0.002 -22"><span class='ocrx_word' id='word_1_431' title='bbox 2040 2897 2264 2972; x_wconf 73' lang='grc' dir='ltr'>θρωπήν</span> <span class='ocrx_word' id='word_1_432' title='bbox 2296 2897 2574 2972; x_wconf 78' lang='grc' dir='ltr'>ἐρήμωσιν</span> <span class='ocrx_word' id='word_1_433' title='bbox 2604 2895 2900 2973; x_wconf 71' lang='grc' dir='ltr'>ὑπογράφει</span> <span class='ocrx_word' id='word_1_434' title='bbox 2932 2897 2959 2949; x_wconf 83' lang='lat'>6</span> <span class='ocrx_word' id='word_1_435' title='bbox 2991 2893 3179 2971; x_wconf 86' lang='grc' dir='ltr'>λόγος’</span> <span class='ocrx_word' id='word_1_436' title='bbox 3212 2898 3294 2952; x_wconf 81' lang='grc' dir='ltr'>δτι</span> <span class='ocrx_word' id='word_1_437' title='bbox 3324 2898 3493 2960; x_wconf 73' lang='grc' dir='ltr'>οὕτως</span> <span class='ocrx_word' id='word_1_438' title='bbox 3541 2896 3684 2954; x_wconf 78' lang='grc' dir='ltr'>ἔσται</span> 
     </span>
    </p>
   </div>
   <div class='ocr_carea' id='block_1_62' title="bbox 2042 2982 3683 3064">
    <p class='ocr_par' dir='ltr' id='par_1_62' title="bbox 2042 2982 3683 3064">
     <span class='ocr_line' id='line_1_62' title="bbox 2042 2982 3683 3064; baseline 0.002 -24"><span class='ocrx_word' id='word_1_439' title='bbox 2042 2982 2269 3061; x_wconf 74' lang='grc' dir='ltr'>ἕρημος,</span> <span class='ocrx_word' id='word_1_440' title='bbox 2303 2984 2442 3040; x_wconf 82' lang='grc' dir='ltr'>ὥστε</span> <span class='ocrx_word' id='word_1_441' title='bbox 2475 2983 2616 3058; x_wconf 74' lang='grc' dir='ltr'>μηδὲ</span> <span class='ocrx_word' id='word_1_442' title='bbox 2645 2985 2868 3058; x_wconf 82' lang='grc' dir='ltr'>ποιμέσι</span> <span class='ocrx_word' id='word_1_443' title='bbox 2902 2984 3106 3054; x_wconf 78' lang='grc' dir='ltr'>σκέπην</span> <span class='ocrx_word' id='word_1_444' title='bbox 3161 2983 3212 3040; x_wconf 82' lang='grc' dir='ltr'>ἐν</span> <span class='ocrx_word' id='word_1_445' title='bbox 3263 2986 3396 3060; x_wconf 75' lang='grc' dir='ltr'>αὐτῇ</span> <span class='ocrx_word' id='word_1_446' title='bbox 3446 2987 3683 3064; x_wconf 87' lang='grc' dir='ltr'>εὑρίσκε-</span> 
     </span>
    </p>
   </div>
   <div class='ocr_carea' id='block_1_63' title="bbox 2040 3069 3688 3149">
    <p class='ocr_par' dir='ltr' id='par_1_63' title="bbox 2040 3069 3688 3149">
     <span class='ocr_line' id='line_1_63' title="bbox 2040 3069 3688 3149; baseline 0.002 -22"><span class='ocrx_word' id='word_1_447' title='bbox 2040 3086 2182 3144; x_wconf 84' lang='grc' dir='ltr'>σθαι,</span> <span class='ocrx_word' id='word_1_448' title='bbox 2221 3071 2361 3148; x_wconf 78' lang='grc' dir='ltr'>μηδὶ</span> <span class='ocrx_word' id='word_1_449' title='bbox 2411 3069 2672 3149; x_wconf 77' lang='grc' dir='ltr'>Ἄραϐας,</span> <span class='ocrx_word' id='word_1_450' title='bbox 2715 3071 2842 3134; x_wconf 79' lang='grc' dir='ltr'>τοὺς</span> <span class='ocrx_word' id='word_1_451' title='bbox 2885 3074 2982 3142; x_wconf 81' lang='grc' dir='ltr'>τὴν</span> <span class='ocrx_word' id='word_1_452' title='bbox 3033 3070 3240 3147; x_wconf 77' lang='grc' dir='ltr'>ἔρημον</span> <span class='ocrx_word' id='word_1_453' title='bbox 3289 3075 3589 3138; x_wconf 79' lang='grc' dir='ltr'>οἲκοῦντας.</span> <span class='ocrx_word' id='word_1_454' title='bbox 3621 3077 3688 3134; x_wconf 81' lang='grc' dir='ltr'>Οἳ</span> 
     </span>
    </p>
   </div>
   <div class='ocr_carea' id='block_1_64' title="bbox 276 3153 1933 3239">
    <p class='ocr_par' dir='ltr' id='par_1_64' title="bbox 276 3164 1929 3236">
     <span class='ocr_line' id='line_1_64' title="bbox 276 3164 1929 3236; baseline 0 -18"><span class='ocrx_word' id='word_1_455' title='bbox 276 3164 588 3220; x_wconf 85' lang='lat' dir='ltr'>litudinem</span> <span class='ocrx_word' id='word_1_456' title='bbox 638 3165 917 3220; x_wconf 84' lang='lat' dir='ltr'>incolant.</span> <span class='ocrx_word' id='word_1_457' title='bbox 949 3164 1054 3228; x_wconf 89' lang='lat' dir='ltr'>Qui</span> <span class='ocrx_word' id='word_1_458' title='bbox 1111 3165 1446 3236; x_wconf 78' lang='lat' dir='ltr'>depOpulati</span> <span class='ocrx_word' id='word_1_459' title='bbox 1502 3182 1567 3219; x_wconf 77' lang='lat' dir='ltr'>an</span> <span class='ocrx_word' id='word_1_460' title='bbox 1616 3165 1929 3236; x_wconf 74' lang='lat' dir='ltr'>depraedati</span> 
     </span>
    </p>
   </div>
   <div class='ocr_carea' id='block_1_65' title="bbox 2051 3153 3689 3239">
    <p class='ocr_par' dir='ltr' id='par_1_65' title="bbox 2051 3160 3689 3239">
     <span class='ocr_line' id='line_1_65' title="bbox 2051 3160 3689 3239; baseline 0.002 -22"><span class='ocrx_word' id='word_1_461' title='bbox 2051 3164 2217 3217; x_wconf 78' lang='grc' dir='ltr'>πάντα</span> <span class='ocrx_word' id='word_1_462' title='bbox 2268 3161 2686 3234; x_wconf 78' lang='grc' dir='ltr'>λεηλατοῦντες,</span> <span class='ocrx_word' id='word_1_463' title='bbox 2744 3162 2833 3216; x_wconf 80' lang='grc' dir='ltr'>καὶ</span> <span class='ocrx_word' id='word_1_464' title='bbox 2897 3160 3264 3235; x_wconf 75' lang='grc' dir='ltr'>λῃστεύοντες,</span> <span class='ocrx_word' id='word_1_465' title='bbox 3315 3161 3689 3239; x_wconf 83' lang='grc' dir='ltr'>διερευνῶνται</span> 
     </span>
    </p>
   </div>
   <div class='ocr_carea' id='block_1_66' title="bbox 277 3252 1935 3319">
    <p class='ocr_par' dir='ltr' id='par_1_66' title="bbox 277 3252 1935 3319">
     <span class='ocr_line' id='line_1_66' title="bbox 277 3252 1935 3319; baseline -0.001 -11"><span class='ocrx_word' id='word_1_466' title='bbox 277 3253 493 3319; x_wconf 87' lang='lat' dir='ltr'>omnia,</span> <span class='ocrx_word' id='word_1_467' title='bbox 527 3256 701 3308; x_wconf 89' lang='lat' dir='ltr'>urbes</span> <span class='ocrx_word' id='word_1_468' title='bbox 743 3258 1088 3310; x_wconf 86' lang='lat' dir='ltr'>scrutantur</span> <span class='ocrx_word' id='word_1_469' title='bbox 1119 3258 1175 3307; x_wconf 89' lang='lat' dir='ltr'>et</span> <span class='ocrx_word' id='word_1_470' title='bbox 1206 3253 1384 3317; x_wconf 89' lang='lat' dir='ltr'>vicos,</span> <span class='ocrx_word' id='word_1_471' title='bbox 1413 3252 1448 3306; x_wconf 92' lang='lat' dir='ltr'>ii</span> <span class='ocrx_word' id='word_1_472' title='bbox 1486 3253 1629 3307; x_wconf 86' lang='lat' dir='ltr'>nihil</span> <span class='ocrx_word' id='word_1_473' title='bbox 1662 3269 1728 3307; x_wconf 87' lang='lat' dir='ltr'>ex</span> <span class='ocrx_word' id='word_1_474' title='bbox 1760 3269 1827 3306; x_wconf 87' lang='lat' dir='ltr'>ea</span> <span class='ocrx_word' id='word_1_475' title='bbox 1856 3253 1935 3307; x_wconf 88' lang='lat' dir='ltr'>ci-</span> 
     </span>
    </p>
   </div>
   <div class='ocr_carea' id='block_1_67' title="bbox 277 3342 1934 3413">
    <p class='ocr_par' dir='ltr' id='par_1_67' title="bbox 277 3342 1934 3413">
     <span class='ocr_line' id='line_1_67' title="bbox 277 3342 1934 3413; baseline 0.001 -17"><span class='ocrx_word' id='word_1_476' title='bbox 277 3343 456 3397; x_wconf 85' lang='lat' dir='ltr'>vitate</span> <span class='ocrx_word' id='word_1_477' title='bbox 486 3346 810 3413; x_wconf 86' lang='lat' dir='ltr'>sperantes,</span> <span class='ocrx_word' id='word_1_478' title='bbox 848 3359 960 3397; x_wconf 91' lang='lat' dir='ltr'>non</span> <span class='ocrx_word' id='word_1_479' title='bbox 996 3342 1423 3413; x_wconf 78' lang='lat' dir='ltr'>ingrediantur,</span> <span class='ocrx_word' id='word_1_480' title='bbox 1458 3343 1611 3412; x_wconf 77' lang='lat' dir='ltr'>quod</span> <span class='ocrx_word' id='word_1_481' title='bbox 1645 3343 1701 3396; x_wconf 91' lang='lat' dir='ltr'>in</span> <span class='ocrx_word' id='word_1_482' title='bbox 1735 3357 1803 3396; x_wconf 90' lang='lat' dir='ltr'>ea</span> <span class='ocrx_word' id='word_1_483' title='bbox 1835 3359 1934 3397; x_wconf 88' lang='lat' dir='ltr'>ne-</span> 
     </span>
    </p>
   </div>
   <div class='ocr_carea' id='block_1_68' title="bbox 283 3429 1935 3502">
    <p class='ocr_par' dir='ltr' id='par_1_68' title="bbox 283 3429 1935 3502">
     <span class='ocr_line' id='line_1_68' title="bbox 283 3429 1935 3502; baseline 0.001 -18"><span class='ocrx_word' id='word_1_484' title='bbox 283 3446 397 3502; x_wconf 90' lang='lat' dir='ltr'>que</span> <span class='ocrx_word' id='word_1_485' title='bbox 426 3429 628 3484; x_wconf 76' lang='lat' dir='ltr'>incolae</span> <span class='ocrx_word' id='word_1_486' title='bbox 674 3431 892 3499; x_wconf 87' lang='lat' dir='ltr'>adsint,</span> <span class='ocrx_word' id='word_1_487' title='bbox 923 3446 1027 3484; x_wconf 89' lang='lat' dir='ltr'>nec</span> <span class='ocrx_word' id='word_1_488' title='bbox 1059 3429 1383 3500; x_wconf 87' lang='lat' dir='ltr'>quidquam</span> <span class='ocrx_word' id='word_1_489' title='bbox 1435 3447 1636 3485; x_wconf 88' lang='lat' dir='ltr'>eorum</span> <span class='ocrx_word' id='word_1_490' title='bbox 1689 3448 1815 3502; x_wconf 70' lang='lat' dir='ltr'>quae</span> <span class='ocrx_word' id='word_1_491' title='bbox 1866 3431 1935 3485; x_wconf 89' lang='lat' dir='ltr'>ad</span> 
     </span>
    </p>
   </div>
   <div class='ocr_carea' id='block_1_69' title="bbox 281 3518 1936 3590">
    <p class='ocr_par' dir='ltr' id='par_1_69' title="bbox 281 3518 1936 3590">
     <span class='ocr_line' id='line_1_69' title="bbox 281 3518 1936 3590; baseline 0 -18"><span class='ocrx_word' id='word_1_492' title='bbox 281 3518 461 3572; x_wconf 83' lang='lat' dir='ltr'>vitam</span> <span class='ocrx_word' id='word_1_493' title='bbox 493 3519 826 3572; x_wconf 86' lang='lat' dir='ltr'>necessaria</span> <span class='ocrx_word' id='word_1_494' title='bbox 857 3523 1018 3582; x_wconf 87' lang='lat' dir='ltr'>sunt,</span> <span class='ocrx_word' id='word_1_495' title='bbox 1041 3518 1392 3571; x_wconf 89' lang='lat' dir='ltr'>inveniatur.</span> <span class='ocrx_word' id='word_1_496' title='bbox 1426 3518 1536 3572; x_wconf 90' lang='lat' dir='ltr'>Sed</span> <span class='ocrx_word' id='word_1_497' title='bbox 1568 3519 1698 3587; x_wconf 88' lang='lat' dir='ltr'>erit,</span> <span class='ocrx_word' id='word_1_498' title='bbox 1726 3519 1936 3590; x_wconf 87' lang='lat' dir='ltr'>inquit,</span> 
     </span>
    </p>
   </div>
   <div class='ocr_carea' id='block_1_70' title="bbox 285 3605 1939 3674">
    <p class='ocr_par' dir='ltr' id='par_1_70' title="bbox 285 3605 1939 3674">
     <span class='ocr_line' id='line_1_70' title="bbox 285 3605 1939 3674; baseline -0.002 -10"><span class='ocrx_word' id='word_1_499' title='bbox 285 3605 664 3664; x_wconf 88' lang='lat' dir='ltr'>diversorium</span> <span class='ocrx_word' id='word_1_500' title='bbox 679 3606 1096 3670; x_wconf 85' lang='lat' dir='ltr'>bestiarum,ac</span> <span class='ocrx_word' id='word_1_501' title='bbox 1112 3606 1518 3674; x_wconf 74' lang='lat' dir='ltr'>implebuntur</span> <span class='ocrx_word' id='word_1_502' title='bbox 1537 3609 1752 3662; x_wconf 92' lang='lat' dir='ltr'>domus</span> <span class='ocrx_word' id='word_1_503' title='bbox 1775 3608 1939 3662; x_wconf 87' lang='lat' dir='ltr'>echo.</span> 
     </span>
    </p>
   </div>
   <div class='ocr_carea' id='block_1_71' title="bbox 287 3694 1940 3766">
    <p class='ocr_par' dir='ltr' id='par_1_71' title="bbox 287 3694 1940 3766">
     <span class='ocr_line' id='line_1_71' title="bbox 287 3694 1940 3766; baseline 0.002 -17"><span class='ocrx_word' id='word_1_504' title='bbox 287 3694 512 3750; x_wconf 84' lang='lat' dir='ltr'>Iudicat</span> <span class='ocrx_word' id='word_1_505' title='bbox 527 3695 668 3750; x_wconf 90' lang='lat' dir='ltr'>echo</span> <span class='ocrx_word' id='word_1_506' title='bbox 687 3695 977 3750; x_wconf 85' lang='lat' dir='ltr'>vastitatis</span> <span class='ocrx_word' id='word_1_507' title='bbox 997 3695 1486 3766; x_wconf 86' lang='lat' dir='ltr'>magnitudinem.</span> <span class='ocrx_word' id='word_1_508' title='bbox 1504 3697 1604 3750; x_wconf 86' lang='lat' dir='ltr'>Est</span> <span class='ocrx_word' id='word_1_509' title='bbox 1620 3697 1777 3752; x_wconf 88' lang='lat' dir='ltr'>enim</span> <span class='ocrx_word' id='word_1_510' title='bbox 1798 3697 1940 3752; x_wconf 90' lang='lat' dir='ltr'>echo</span> 
     </span>
    </p>
   </div>
   <div class='ocr_carea' id='block_1_72' title="bbox 285 3784 1942 3859">
    <p class='ocr_par' dir='ltr' id='par_1_72' title="bbox 285 3784 1942 3859">
     <span class='ocr_line' id='line_1_72' title="bbox 285 3784 1942 3859; baseline 0.001 -20"><span class='ocrx_word' id='word_1_511' title='bbox 285 3801 396 3840; x_wconf 81' lang='lat' dir='ltr'>vox</span> <span class='ocrx_word' id='word_1_512' title='bbox 425 3784 543 3850; x_wconf 90' lang='lat' dir='ltr'>illa,</span> <span class='ocrx_word' id='word_1_513' title='bbox 568 3801 718 3856; x_wconf 61' lang='lat' dir='ltr'>quas,</span> <span class='ocrx_word' id='word_1_514' title='bbox 744 3802 777 3839; x_wconf 90' lang='lat' dir='ltr'>a</span> <span class='ocrx_word' id='word_1_515' title='bbox 805 3784 1011 3840; x_wconf 86' lang='lat' dir='ltr'>solidis</span> <span class='ocrx_word' id='word_1_516' title='bbox 1056 3787 1113 3839; x_wconf 86' lang='lat' dir='ltr'>et</span> <span class='ocrx_word' id='word_1_517' title='bbox 1159 3785 1325 3839; x_wconf 90' lang='lat' dir='ltr'>duris</span> <span class='ocrx_word' id='word_1_518' title='bbox 1373 3787 1716 3858; x_wconf 88' lang='lat' dir='ltr'>corporibus</span> <span class='ocrx_word' id='word_1_519' title='bbox 1749 3804 1942 3859; x_wconf 80' lang='lat' dir='ltr'>reper-</span> 
     </span>
    </p>
   </div>
   <div class='ocr_carea' id='block_1_73' title="bbox 288 3873 1944 3944">
    <p class='ocr_par' dir='ltr' id='par_1_73' title="bbox 288 3873 1944 3944">
     <span class='ocr_line' id='line_1_73' title="bbox 288 3873 1944 3944; baseline 0.001 -15"><span class='ocrx_word' id='word_1_520' title='bbox 288 3891 488 3941; x_wconf 88' lang='lat' dir='ltr'>cussa,</span> <span class='ocrx_word' id='word_1_521' title='bbox 521 3890 730 3928; x_wconf 83' lang='lat' dir='ltr'>rursus</span> <span class='ocrx_word' id='word_1_522' title='bbox 757 3874 824 3928; x_wconf 87' lang='lat' dir='ltr'>ad</span> <span class='ocrx_word' id='word_1_523' title='bbox 859 3889 991 3927; x_wconf 90' lang='lat' dir='ltr'>eum</span> <span class='ocrx_word' id='word_1_524' title='bbox 1023 3873 1124 3943; x_wconf 92' lang='lat' dir='ltr'>qui</span> <span class='ocrx_word' id='word_1_525' title='bbox 1168 3873 1330 3928; x_wconf 89' lang='lat' dir='ltr'>illam</span> <span class='ocrx_word' id='word_1_526' title='bbox 1363 3875 1580 3944; x_wconf 88' lang='lat' dir='ltr'>emisit,</span> <span class='ocrx_word' id='word_1_527' title='bbox 1616 3875 1780 3930; x_wconf 88' lang='lat' dir='ltr'>redit.</span> <span class='ocrx_word' id='word_1_528' title='bbox 1819 3877 1944 3930; x_wconf 70' lang='lat' dir='ltr'>Haac</span> 
     </span>
    </p>
   </div>
   <div class='ocr_carea' id='block_1_74' title="bbox 289 3961 1940 4032">
    <p class='ocr_par' dir='ltr' id='par_1_74' title="bbox 289 3961 1940 4032">
     <span class='ocr_line' id='line_1_74' title="bbox 289 3961 1940 4032; baseline 0.002 -16"><span class='ocrx_word' id='word_1_529' title='bbox 289 3965 349 4018; x_wconf 87' lang='lat' dir='ltr'>in</span> <span class='ocrx_word' id='word_1_530' title='bbox 382 3962 632 4018; x_wconf 83' lang='lat' dir='ltr'>desertis</span> <span class='ocrx_word' id='word_1_531' title='bbox 658 3962 810 4020; x_wconf 73' lang='lat'><strong>588</strong></span> <span class='ocrx_word' id='word_1_532' title='bbox 842 3963 1078 4032; x_wconf 86' lang='lat' dir='ltr'>quidem</span> <span class='ocrx_word' id='word_1_533' title='bbox 1132 3961 1276 4017; x_wconf 91' lang='lat' dir='ltr'>locis</span> <span class='ocrx_word' id='word_1_534' title='bbox 1325 3979 1534 4018; x_wconf 89' lang='lat' dir='ltr'>sonore</span> <span class='ocrx_word' id='word_1_535' title='bbox 1576 3963 1895 4019; x_wconf 87' lang='lat' dir='ltr'>reﬂectitur</span> <span class='ocrx_word' id='word_1_536' title='bbox 1927 3981 1940 4020; x_wconf 92' lang='lat'><strong>:</strong></span> 
     </span>
    </p>
   </div>
   <div class='ocr_carea' id='block_1_75' title="bbox 291 4049 1942 4108">
    <p class='ocr_par' dir='ltr' id='par_1_75' title="bbox 291 4049 1942 4108">
     <span class='ocr_line' id='line_1_75' title="bbox 291 4049 1942 4108; baseline 0.001 -2"><span class='ocrx_word' id='word_1_537' title='bbox 291 4057 350 4106; x_wconf 86' lang='lat' dir='ltr'>at</span> <span class='ocrx_word' id='word_1_538' title='bbox 381 4051 438 4105; x_wconf 90' lang='lat' dir='ltr'>in</span> <span class='ocrx_word' id='word_1_539' title='bbox 471 4049 717 4106; x_wconf 88' lang='lat' dir='ltr'>urbibus</span> <span class='ocrx_word' id='word_1_540' title='bbox 749 4050 1029 4107; x_wconf 88' lang='lat' dir='ltr'>habitatis</span> <span class='ocrx_word' id='word_1_541' title='bbox 1061 4056 1162 4106; x_wconf 88' lang='lat' dir='ltr'>aut</span> <span class='ocrx_word' id='word_1_542' title='bbox 1188 4051 1330 4107; x_wconf 89' lang='lat' dir='ltr'>vicis</span> <span class='ocrx_word' id='word_1_543' title='bbox 1355 4069 1467 4108; x_wconf 88' lang='lat' dir='ltr'>non</span> <span class='ocrx_word' id='word_1_544' title='bbox 1491 4052 1708 4107; x_wconf 86' lang='lat' dir='ltr'>sinitur</span> <span class='ocrx_word' id='word_1_545' title='bbox 1738 4053 1902 4108; x_wconf 90' lang='lat' dir='ltr'>reddi</span> <span class='ocrx_word' id='word_1_546' title='bbox 1929 4069 1942 4108; x_wconf 88' lang='lat'><strong>:</strong></span> 
     </span>
    </p>
   </div>
   <div class='ocr_carea' id='block_1_76' title="bbox 291 4139 1944 4212">
    <p class='ocr_par' dir='ltr' id='par_1_76' title="bbox 291 4139 1944 4212">
     <span class='ocr_line' id='line_1_76' title="bbox 291 4139 1944 4212; baseline 0.002 -19"><span class='ocrx_word' id='word_1_547' title='bbox 291 4139 506 4211; x_wconf 89' lang='lat' dir='ltr'>quippe</span> <span class='ocrx_word' id='word_1_548' title='bbox 537 4155 667 4212; x_wconf 73' lang='lat' dir='ltr'>quae</span> <span class='ocrx_word' id='word_1_549' title='bbox 715 4139 980 4210; x_wconf 89' lang='lat' dir='ltr'>disrupto</span> <span class='ocrx_word' id='word_1_550' title='bbox 1012 4143 1070 4194; x_wconf 88' lang='lat' dir='ltr'>et</span> <span class='ocrx_word' id='word_1_551' title='bbox 1109 4140 1385 4195; x_wconf 81' lang='lat' dir='ltr'>interciso</span> <span class='ocrx_word' id='word_1_552' title='bbox 1436 4158 1585 4208; x_wconf 88' lang='lat' dir='ltr'>aere,</span> <span class='ocrx_word' id='word_1_553' title='bbox 1619 4141 1690 4196; x_wconf 93' lang='lat' dir='ltr'>ob</span> <span class='ocrx_word' id='word_1_554' title='bbox 1726 4141 1944 4196; x_wconf 90' lang='lat' dir='ltr'>instrn-</span> 
     </span>
    </p>
   </div>
   <div class='ocr_carea' id='block_1_77' title="bbox 287 4228 1946 4293">
    <p class='ocr_par' dir='ltr' id='par_1_77' title="bbox 287 4228 1946 4293">
     <span class='ocr_line' id='line_1_77' title="bbox 287 4228 1946 4293; baseline 0 -6"><span class='ocrx_word' id='word_1_555' title='bbox 287 4235 491 4288; x_wconf 87' lang='lat' dir='ltr'>menta</span> <span class='ocrx_word' id='word_1_556' title='bbox 516 4228 629 4284; x_wconf 86' lang='lat' dir='ltr'>huc</span> <span class='ocrx_word' id='word_1_557' title='bbox 659 4228 799 4284; x_wconf 91' lang='lat' dir='ltr'>illuc</span> <span class='ocrx_word' id='word_1_558' title='bbox 822 4228 1128 4293; x_wconf 86' lang='lat' dir='ltr'>translata,</span> <span class='ocrx_word' id='word_1_559' title='bbox 1154 4235 1209 4283; x_wconf 91' lang='lat' dir='ltr'>et</span> <span class='ocrx_word' id='word_1_560' title='bbox 1232 4231 1303 4284; x_wconf 90' lang='lat' dir='ltr'>ob</span> <span class='ocrx_word' id='word_1_561' title='bbox 1326 4247 1537 4284; x_wconf 89' lang='lat' dir='ltr'>sonum</span> <span class='ocrx_word' id='word_1_562' title='bbox 1563 4247 1593 4284; x_wconf 91' lang='lat' dir='ltr'>e</span> <span class='ocrx_word' id='word_1_563' title='bbox 1613 4235 1946 4287; x_wconf 86' lang='lat' dir='ltr'>transverso</span> 
     </span>
    </p>
   </div>
   <div class='ocr_carea' id='block_1_78' title="bbox 291 4317 1950 4390">
    <p class='ocr_par' dir='ltr' id='par_1_78' title="bbox 291 4317 1950 4390">
     <span class='ocr_line' id='line_1_78' title="bbox 291 4317 1950 4390; baseline 0.001 -18"><span class='ocrx_word' id='word_1_564' title='bbox 291 4317 644 4372; x_wconf 88' lang='lat' dir='ltr'>dilabentem</span> <span class='ocrx_word' id='word_1_565' title='bbox 675 4318 999 4390; x_wconf 80' lang='lat' dir='ltr'>frangatur.</span> <span class='ocrx_word' id='word_1_566' title='bbox 1031 4317 1150 4371; x_wconf 90' lang='lat' dir='ltr'>lllic</span> <span class='ocrx_word' id='word_1_567' title='bbox 1171 4317 1352 4386; x_wconf 88' lang='lat' dir='ltr'>igitur</span> <span class='ocrx_word' id='word_1_568' title='bbox 1372 4317 1513 4371; x_wconf 82' lang='lat' dir='ltr'>echo</span> <span class='ocrx_word' id='word_1_569' title='bbox 1545 4317 1950 4389; x_wconf 87' lang='lat' dir='ltr'>implebuntur</span> 
     </span>
    </p>
   </div>
   <div class='ocr_carea' id='block_1_79' title="bbox 293 4406 1949 4478">
    <p class='ocr_par' dir='ltr' id='par_1_79' title="bbox 293 4406 1949 4478">
     <span class='ocr_line' id='line_1_79' title="bbox 293 4406 1949 4478; baseline 0.001 -18"><span class='ocrx_word' id='word_1_570' title='bbox 293 4407 525 4461; x_wconf 89' lang='lat' dir='ltr'>domus.</span> <span class='ocrx_word' id='word_1_571' title='bbox 558 4406 714 4460; x_wconf 82' lang='lat' dir='ltr'>Echo</span> <span class='ocrx_word' id='word_1_572' title='bbox 758 4407 994 4477; x_wconf 85' lang='lat' dir='ltr'>signum</span> <span class='ocrx_word' id='word_1_573' title='bbox 1051 4413 1140 4460; x_wconf 90' lang='lat' dir='ltr'>est</span> <span class='ocrx_word' id='word_1_574' title='bbox 1189 4406 1548 4462; x_wconf 90' lang='lat' dir='ltr'>solitudinis.</span> <span class='ocrx_word' id='word_1_575' title='bbox 1601 4408 1949 4478; x_wconf 78' lang='lat' dir='ltr'>Requiescent</span> 
     </span>
    </p>
   </div>
   <div class='ocr_carea' id='block_1_80' title="bbox 2045 3249 3697 3327">
    <p class='ocr_par' dir='ltr' id='par_1_80' title="bbox 2045 3249 3697 3327">
     <span class='ocr_line' id='line_1_80' title="bbox 2045 3249 3697 3327; baseline 0.002 -22"><span class='ocrx_word' id='word_1_576' title='bbox 2045 3250 2238 3313; x_wconf 80' lang='grc' dir='ltr'>πόλεις</span> <span class='ocrx_word' id='word_1_577' title='bbox 2269 3253 2359 3306; x_wconf 82' lang='grc' dir='ltr'>καὶ</span> <span class='ocrx_word' id='word_1_578' title='bbox 2415 3251 2628 3324; x_wconf 82' lang='grc' dir='ltr'>κώμας,</span> <span class='ocrx_word' id='word_1_579' title='bbox 2689 3251 2836 3306; x_wconf 80' lang='grc' dir='ltr'>οὗτοι</span> <span class='ocrx_word' id='word_1_580' title='bbox 2889 3249 2990 3304; x_wconf 77' lang='grc' dir='ltr'>οὐκ</span> <span class='ocrx_word' id='word_1_581' title='bbox 3047 3249 3411 3327; x_wconf 78' lang='grc' dir='ltr'>εἰσέρχονται,</span> <span class='ocrx_word' id='word_1_582' title='bbox 3456 3252 3546 3308; x_wconf 75' lang='grc' dir='ltr'>διὰ</span> <span class='ocrx_word' id='word_1_583' title='bbox 3599 3257 3697 3325; x_wconf 85' lang='grc' dir='ltr'>τήν</span> 
     </span>
    </p>
   </div>
   <div class='ocr_carea' id='block_1_81' title="bbox 2049 3340 3698 3416">
    <p class='ocr_par' dir='ltr' id='par_1_81' title="bbox 2049 3340 3698 3416">
     <span class='ocr_line' id='line_1_81' title="bbox 2049 3340 3698 3416; baseline 0.002 -20"><span class='ocrx_word' id='word_1_584' title='bbox 2049 3341 2360 3416; x_wconf 81' lang='grc' dir='ltr'>ἀπόγνωσιν</span> <span class='ocrx_word' id='word_1_585' title='bbox 2397 3343 2565 3411; x_wconf 77' lang='grc' dir='ltr'>αὐτῆς</span> <span class='ocrx_word' id='word_1_586' title='bbox 2597 3346 2675 3413; x_wconf 80' lang='grc' dir='ltr'>τῷ</span> <span class='ocrx_word' id='word_1_587' title='bbox 2713 3343 2851 3412; x_wconf 79' lang='grc' dir='ltr'>μήτε</span> <span class='ocrx_word' id='word_1_588' title='bbox 2899 3340 3182 3403; x_wconf 72' lang='grc' dir='ltr'>οἰκοῦντας</span> <span class='ocrx_word' id='word_1_589' title='bbox 3224 3344 3377 3415; x_wconf 77' lang='grc' dir='ltr'>εἶναι,</span> <span class='ocrx_word' id='word_1_590' title='bbox 3418 3347 3560 3416; x_wconf 72' lang='grc' dir='ltr'>μήτε</span> <span class='ocrx_word' id='word_1_591' title='bbox 3613 3345 3698 3398; x_wconf 83' lang='grc' dir='ltr'>εὑ-</span> 
     </span>
    </p>
   </div>
   <div class='ocr_carea' id='block_1_82' title="bbox 2050 3429 3703 3508">
    <p class='ocr_par' dir='ltr' id='par_1_82' title="bbox 2050 3429 3703 3508">
     <span class='ocr_line' id='line_1_82' title="bbox 2050 3429 3703 3508; baseline 0.002 -24"><span class='ocrx_word' id='word_1_592' title='bbox 2050 3431 2325 3504; x_wconf 78' lang='grc' dir='ltr'>ρίσκεσθαί</span> <span class='ocrx_word' id='word_1_593' title='bbox 2353 3453 2404 3485; x_wconf 90' lang='grc' dir='ltr'>τι</span> <span class='ocrx_word' id='word_1_594' title='bbox 2437 3436 2544 3486; x_wconf 91' lang='grc' dir='ltr'>τῶν</span> <span class='ocrx_word' id='word_1_595' title='bbox 2577 3430 2712 3504; x_wconf 82' lang='grc' dir='ltr'>πρὸς</span> <span class='ocrx_word' id='word_1_596' title='bbox 2771 3429 2912 3505; x_wconf 88' lang='grc' dir='ltr'>βίον.</span> <span class='ocrx_word' id='word_1_597' title='bbox 2949 3429 3102 3486; x_wconf 84' lang='grc' dir='ltr'>Ἀλλ’</span> <span class='ocrx_word' id='word_1_598' title='bbox 3151 3429 3316 3498; x_wconf 71' lang='grc' dir='ltr'>ἔσται,</span> <span class='ocrx_word' id='word_1_599' title='bbox 3369 3434 3526 3508; x_wconf 80' lang='grc' dir='ltr'>φησί,</span> <span class='ocrx_word' id='word_1_600' title='bbox 3580 3455 3703 3488; x_wconf 86' lang='grc' dir='ltr'>κατ·</span> 
     </span>
    </p>
   </div>
   <div class='ocr_carea' id='block_1_83' title="bbox 2049 3515 3698 3595">
    <p class='ocr_par' dir='ltr' id='par_1_83' title="bbox 2049 3515 3698 3595">
     <span class='ocr_line' id='line_1_83' title="bbox 2049 3515 3698 3595; baseline 0.002 -23"><span class='ocrx_word' id='word_1_601' title='bbox 2049 3520 2286 3594; x_wconf 87' lang='grc' dir='ltr'>αγώγιον</span> <span class='ocrx_word' id='word_1_602' title='bbox 2322 3519 2553 3594; x_wconf 81' lang='grc' dir='ltr'>θηρίων,</span> <span class='ocrx_word' id='word_1_603' title='bbox 2586 3517 3066 3591; x_wconf 71' lang='grc' dir='ltr'>έμπλησθήσονται</span> <span class='ocrx_word' id='word_1_604' title='bbox 3097 3515 3153 3572; x_wconf 75' lang='grc' dir='ltr'>δὲ</span> <span class='ocrx_word' id='word_1_605' title='bbox 3194 3519 3248 3573; x_wconf 77' lang='grc' dir='ltr'>αἱ</span> <span class='ocrx_word' id='word_1_606' title='bbox 3302 3519 3469 3574; x_wconf 77' lang='grc' dir='ltr'>οἰκίαι</span> <span class='ocrx_word' id='word_1_607' title='bbox 3527 3520 3698 3595; x_wconf 78' lang='grc' dir='ltr'>ἤχου.</span> 
     </span>
    </p>
   </div>
   <div class='ocr_carea' id='block_1_84' title="bbox 2048 3602 3698 3682">
    <p class='ocr_par' dir='ltr' id='par_1_84' title="bbox 2048 3602 3698 3682">
     <span class='ocr_line' id='line_1_84' title="bbox 2048 3602 3698 3682; baseline 0.001 -21"><span class='ocrx_word' id='word_1_608' title='bbox 2048 3602 2387 3681; x_wconf 73' lang='grc' dir='ltr'>’Υπερϐολὴν</span> <span class='ocrx_word' id='word_1_609' title='bbox 2436 3615 2535 3676; x_wconf 80' lang='grc' dir='ltr'>τῆς</span> <span class='ocrx_word' id='word_1_610' title='bbox 2594 3606 2927 3682; x_wconf 83' lang='grc' dir='ltr'>έρημώσεως</span> <span class='ocrx_word' id='word_1_611' title='bbox 2983 3608 3012 3662; x_wconf 91' lang='lat'>6</span> <span class='ocrx_word' id='word_1_612' title='bbox 3055 3607 3196 3682; x_wconf 76' lang='grc' dir='ltr'>ἦχος</span> <span class='ocrx_word' id='word_1_613' title='bbox 3226 3607 3496 3680; x_wconf 83' lang='grc' dir='ltr'>σημαίνει.</span> <span class='ocrx_word' id='word_1_614' title='bbox 3531 3611 3698 3679; x_wconf 82' lang='grc' dir='ltr'>Φωνὴ</span> 
     </span>
    </p>
   </div>
   <div class='ocr_carea' id='block_1_85' title="bbox 2048 3695 3699 3773">
    <p class='ocr_par' dir='ltr' id='par_1_85' title="bbox 2048 3695 3699 3773">
     <span class='ocr_line' id='line_1_85' title="bbox 2048 3695 3699 3773; baseline 0.002 -23"><span class='ocrx_word' id='word_1_615' title='bbox 2048 3697 2149 3773; x_wconf 87' lang='grc' dir='ltr'>γάρ</span> <span class='ocrx_word' id='word_1_616' title='bbox 2209 3695 2352 3752; x_wconf 82' lang='grc' dir='ltr'>έστιν</span> <span class='ocrx_word' id='word_1_617' title='bbox 2415 3695 2774 3770; x_wconf 72' lang='grc' dir='ltr'>ἀνακλωμένη</span> <span class='ocrx_word' id='word_1_618' title='bbox 2822 3697 2849 3750; x_wconf 93' lang='lat'>6</span> <span class='ocrx_word' id='word_1_619' title='bbox 2903 3698 3067 3772; x_wconf 75' lang='grc' dir='ltr'>ἦχος,</span> <span class='ocrx_word' id='word_1_620' title='bbox 3099 3695 3206 3751; x_wconf 83' lang='grc' dir='ltr'>ἀπό</span> <span class='ocrx_word' id='word_1_621' title='bbox 3238 3696 3472 3772; x_wconf 80' lang='grc' dir='ltr'>στεῤῥῶν</span> <span class='ocrx_word' id='word_1_622' title='bbox 3505 3701 3583 3770; x_wconf 78' lang='grc'>(7)</span> <span class='ocrx_word' id='word_1_623' title='bbox 3610 3700 3699 3754; x_wconf 84' lang='grc' dir='ltr'>καὶ</span> 
     </span>
    </p>
   </div>
   <div class='ocr_carea' id='block_1_86' title="bbox 2052 3783 3708 3860">
    <p class='ocr_par' dir='ltr' id='par_1_86' title="bbox 2052 3783 3708 3860">
     <span class='ocr_line' id='line_1_86' title="bbox 2052 3783 3708 3860; baseline 0.001 -20"><span class='ocrx_word' id='word_1_624' title='bbox 2052 3784 2354 3840; x_wconf 73' lang='grc' dir='ltr'>ἀντιτύπων</span> <span class='ocrx_word' id='word_1_625' title='bbox 2389 3785 2477 3840; x_wconf 74' lang='grc' dir='ltr'>ἐπὶ</span> <span class='ocrx_word' id='word_1_626' title='bbox 2505 3785 2595 3839; x_wconf 89' lang='grc' dir='ltr'>τὸν</span> <span class='ocrx_word' id='word_1_627' title='bbox 2657 3785 2958 3860; x_wconf 83' lang='grc' dir='ltr'>προέμενον</span> <span class='ocrx_word' id='word_1_628' title='bbox 3018 3783 3182 3839; x_wconf 79' lang='grc' dir='ltr'>πάλιν</span> <span class='ocrx_word' id='word_1_629' title='bbox 3238 3783 3547 3841; x_wconf 71' lang='grc' dir='ltr'>ἐπανιοῦσα⁹</span> <span class='ocrx_word' id='word_1_630' title='bbox 3581 3788 3708 3856; x_wconf 81' lang='grc' dir='ltr'>ἥτις</span> 
     </span>
    </p>
   </div>
   <div class='ocr_carea' id='block_1_87' title="bbox 2053 3871 3707 3949">
    <p class='ocr_par' dir='ltr' id='par_1_87' title="bbox 2053 3871 3707 3949">
     <span class='ocr_line' id='line_1_87' title="bbox 2053 3871 3707 3949; baseline 0.001 -22"><span class='ocrx_word' id='word_1_631' title='bbox 2053 3871 2103 3927; x_wconf 78' lang='grc' dir='ltr'>ἐν</span> <span class='ocrx_word' id='word_1_632' title='bbox 2163 3873 2256 3946; x_wconf 75' lang='grc' dir='ltr'>μὶν</span> <span class='ocrx_word' id='word_1_633' title='bbox 2315 3880 2433 3935; x_wconf 89' lang='grc' dir='ltr'>ταῖς</span> <span class='ocrx_word' id='word_1_634' title='bbox 2491 3872 2748 3948; x_wconf 74' lang='grc' dir='ltr'>ἐρημίαις</span> <span class='ocrx_word' id='word_1_635' title='bbox 2808 3871 3028 3949; x_wconf 73' lang='grc' dir='ltr'>εύήχως</span> <span class='ocrx_word' id='word_1_636' title='bbox 3077 3873 3506 3948; x_wconf 76' lang='grc' dir='ltr'>έπανακάμπτει·</span> <span class='ocrx_word' id='word_1_637' title='bbox 3539 3873 3592 3930; x_wconf 79' lang='grc' dir='ltr'>ἐν</span> <span class='ocrx_word' id='word_1_638' title='bbox 3649 3872 3707 3929; x_wconf 73' lang='grc' dir='ltr'>δὲ</span> 
     </span>
    </p>
   </div>
   <div class='ocr_carea' id='block_1_88' title="bbox 2049 3961 3708 4036">
    <p class='ocr_par' dir='ltr' id='par_1_88' title="bbox 2049 3961 3708 4036">
     <span class='ocr_line' id='line_1_88' title="bbox 2049 3961 3708 4036; baseline 0.001 -19"><span class='ocrx_word' id='word_1_639' title='bbox 2049 3968 2171 4025; x_wconf 89' lang='grc' dir='ltr'>ταῖς</span> <span class='ocrx_word' id='word_1_640' title='bbox 2205 3963 2552 4036; x_wconf 77' lang='grc' dir='ltr'>οἰκουμέναις</span> <span class='ocrx_word' id='word_1_641' title='bbox 2584 3961 2808 4018; x_wconf 85' lang='grc' dir='ltr'>πόλεσιν</span> <span class='ocrx_word' id='word_1_642' title='bbox 2836 3961 2871 4032; x_wconf 72' lang='grc' dir='ltr'><strong>ἢ</strong></span> <span class='ocrx_word' id='word_1_643' title='bbox 2914 3963 3152 4035; x_wconf 82' lang='grc' dir='ltr'>κώμαις,</span> <span class='ocrx_word' id='word_1_644' title='bbox 3191 3962 3294 4017; x_wconf 87' lang='grc' dir='ltr'>ὑπό</span> <span class='ocrx_word' id='word_1_645' title='bbox 3341 3984 3401 4019; x_wconf 91' lang='grc' dir='ltr'>τε</span> <span class='ocrx_word' id='word_1_646' title='bbox 3441 3968 3548 4018; x_wconf 91' lang='grc' dir='ltr'>τῶν</span> <span class='ocrx_word' id='word_1_647' title='bbox 3603 3984 3708 4019; x_wconf 80' lang='grc' dir='ltr'>πα·</span> 
     </span>
    </p>
   </div>
   <div class='ocr_carea' id='block_1_89' title="bbox 2054 4048 3707 4128">
    <p class='ocr_par' dir='ltr' id='par_1_89' title="bbox 2054 4048 3707 4128">
     <span class='ocr_line' id='line_1_89' title="bbox 2054 4048 3707 4128; baseline 0.002 -24"><span class='ocrx_word' id='word_1_648' title='bbox 2054 4048 2437 4128; x_wconf 73' lang='grc' dir='ltr'>ραφερομένων</span> <span class='ocrx_word' id='word_1_649' title='bbox 2499 4055 2703 4108; x_wconf 86' lang='grc' dir='ltr'>σκευῶν</span> <span class='ocrx_word' id='word_1_650' title='bbox 2762 4055 2858 4106; x_wconf 81' lang='grc' dir='ltr'>τοῦ</span> <span class='ocrx_word' id='word_1_651' title='bbox 2904 4049 3061 4124; x_wconf 84' lang='grc' dir='ltr'>ἀέρος</span> <span class='ocrx_word' id='word_1_652' title='bbox 3119 4048 3574 4125; x_wconf 80' lang='grc' dir='ltr'>διακοπτομένου,</span> <span class='ocrx_word' id='word_1_653' title='bbox 3619 4054 3707 4109; x_wconf 83' lang='grc' dir='ltr'>καὶ</span> 
     </span>
    </p>
   </div>
   <div class='ocr_carea' id='block_1_90' title="bbox 2060 4137 3705 4218">
    <p class='ocr_par' dir='ltr' id='par_1_90' title="bbox 2060 4137 3705 4218">
     <span class='ocr_line' id='line_1_90' title="bbox 2060 4137 3705 4218; baseline 0.001 -23"><span class='ocrx_word' id='word_1_654' title='bbox 2060 4141 2292 4208; x_wconf 77' lang='grc' dir='ltr'>ὑπὸτῆς</span> <span class='ocrx_word' id='word_1_655' title='bbox 2343 4139 2402 4194; x_wconf 70' lang='grc' dir='ltr'>ἐκ</span> <span class='ocrx_word' id='word_1_656' title='bbox 2448 4137 2692 4214; x_wconf 81' lang='grc' dir='ltr'>πλαγίου</span> <span class='ocrx_word' id='word_1_657' title='bbox 2745 4139 3239 4216; x_wconf 80' lang='grc' dir='ltr'>παρεμπιπτούσης</span> <span class='ocrx_word' id='word_1_658' title='bbox 3297 4148 3482 4218; x_wconf 75' lang='grc' dir='ltr'>φωνῆς</span> <span class='ocrx_word' id='word_1_659' title='bbox 3540 4163 3705 4197; x_wconf 81' lang='grc' dir='ltr'>κατα-</span> 
     </span>
    </p>
   </div>
   <div class='ocr_carea' id='block_1_91' title="bbox 2057 4227 3706 4304">
    <p class='ocr_par' dir='ltr' id='par_1_91' title="bbox 2057 4227 3706 4304">
     <span class='ocr_line' id='line_1_91' title="bbox 2057 4227 3706 4304; baseline 0.002 -22"><span class='ocrx_word' id='word_1_660' title='bbox 2057 4230 2391 4302; x_wconf 87' lang='grc' dir='ltr'>θραυομένη,</span> <span class='ocrx_word' id='word_1_661' title='bbox 2424 4227 2617 4283; x_wconf 83' lang='grc' dir='ltr'>ἀποτε)</span> <span class='ocrx_word' id='word_1_662' title='bbox 2634 4234 2807 4292; x_wconf 84' lang='grc' dir='ltr'>εῖσθαι</span> <span class='ocrx_word' id='word_1_663' title='bbox 2840 4227 2906 4283; x_wconf 76' lang='grc' dir='ltr'>οδ</span> <span class='ocrx_word' id='word_1_664' title='bbox 2959 4235 3351 4304; x_wconf 78' lang='grc' dir='ltr'>συγχωρεῖται.</span> <span class='ocrx_word' id='word_1_665' title='bbox 3395 4231 3541 4285; x_wconf 84' lang='grc' dir='ltr'>Ἐκεῖ</span> <span class='ocrx_word' id='word_1_666' title='bbox 3593 4231 3706 4286; x_wconf 85' lang='grc' dir='ltr'>τοί-</span> 
     </span>
    </p>
   </div>
   <div class='ocr_carea' id='block_1_92' title="bbox 2055 4315 3709 4394">
    <p class='ocr_par' dir='ltr' id='par_1_92' title="bbox 2055 4315 3709 4394">
     <span class='ocr_line' id='line_1_92' title="bbox 2055 4315 3709 4394; baseline 0.002 -23"><span class='ocrx_word' id='word_1_667' title='bbox 2055 4338 2145 4371; x_wconf 90' lang='grc' dir='ltr'>νυν</span> <span class='ocrx_word' id='word_1_668' title='bbox 2207 4318 2260 4371; x_wconf 78' lang='grc' dir='ltr'>αἱ</span> <span class='ocrx_word' id='word_1_669' title='bbox 2321 4316 2487 4372; x_wconf 74' lang='grc' dir='ltr'>οἷ’κίαι</span> <span class='ocrx_word' id='word_1_670' title='bbox 2551 4315 2698 4392; x_wconf 69' lang='grc' dir='ltr'>ἤχου</span> <span class='ocrx_word' id='word_1_671' title='bbox 2775 4317 3281 4392; x_wconf 72' lang='grc' dir='ltr'>έμπλησθήσονται.</span> <span class='ocrx_word' id='word_1_672' title='bbox 3342 4319 3709 4394; x_wconf 77' lang='grc' dir='ltr'>Ἑρημώσεως</span> 
     </span>
    </p>
   </div>
   <div class='ocr_carea' id='block_1_93' title="bbox 2057 4400 3709 4484">
    <p class='ocr_par' dir='ltr' id='par_1_93' title="bbox 2057 4400 3709 4484">
     <span class='ocr_line' id='line_1_93' title="bbox 2057 4400 3709 4484; baseline 0.002 -24"><span class='ocrx_word' id='word_1_673' title='bbox 2057 4400 2337 4478; x_wconf 81' lang='grc' dir='ltr'>σύμϐολον</span> <span class='ocrx_word' id='word_1_674' title='bbox 2395 4407 2422 4460; x_wconf 88' lang='grc' dir='ltr'>ὁ</span> <span class='ocrx_word' id='word_1_675' title='bbox 2477 4406 2642 4482; x_wconf 75' lang='grc' dir='ltr'>ἦχος.</span> <span class='ocrx_word' id='word_1_676' title='bbox 2678 4404 3108 4464; x_wconf 85' lang='grc' dir='ltr'>Ἀναπαύσονται</span> <span class='ocrx_word' id='word_1_677' title='bbox 3165 4405 3222 4462; x_wconf 71' lang='grc' dir='ltr'>δὲ</span> <span class='ocrx_word' id='word_1_678' title='bbox 3280 4407 3392 4463; x_wconf 75' lang='grc' dir='ltr'>ἐκεῖ</span> <span class='ocrx_word' id='word_1_679' title='bbox 3446 4416 3709 4484; x_wconf 86' lang='grc' dir='ltr'>σειρῆνες,</span> 
     </span>
    </p>
   </div>
   <div class='ocr_carea' id='block_1_94' title="bbox 294 4491 1933 4587">
    <p class='ocr_par' dir='ltr' id='par_1_94' title="bbox 294 4491 1933 4566">
     <span class='ocr_line' id='line_1_94' title="bbox 294 4491 1933 4566; baseline 0.001 -18"><span class='ocrx_word' id='word_1_680' title='bbox 294 4501 483 4548; x_wconf 88' lang='lat' dir='ltr'>autem</span> <span class='ocrx_word' id='word_1_681' title='bbox 534 4491 662 4547; x_wconf 87' lang='lat' dir='ltr'>illic</span> <span class='ocrx_word' id='word_1_682' title='bbox 711 4495 939 4559; x_wconf 73' lang='lat' dir='ltr'>Sirenes,</span> <span class='ocrx_word' id='word_1_683' title='bbox 975 4500 1024 4547; x_wconf 88' lang='lat' dir='ltr'>et</span> <span class='ocrx_word' id='word_1_684' title='bbox 1071 4492 1347 4549; x_wconf 71' lang='lat' dir='ltr'>daemonia</span> <span class='ocrx_word' id='word_1_685' title='bbox 1401 4495 1520 4549; x_wconf 86' lang='lat' dir='ltr'>illic</span> <span class='ocrx_word' id='word_1_686' title='bbox 1567 4496 1867 4566; x_wconf 75' lang='lat' dir='ltr'>saltabant,</span> <span class='ocrx_word' id='word_1_687' title='bbox 1899 4511 1933 4550; x_wconf 69' lang='lat' dir='ltr'>ea</span> 
     </span>
    </p>
   </div>
   <div class='ocr_carea' id='block_1_95' title="bbox 2051 4491 3705 4587">
    <p class='ocr_par' dir='ltr' id='par_1_95' title="bbox 2058 4491 3705 4571">
     <span class='ocr_line' id='line_1_95' title="bbox 2058 4491 3705 4571; baseline 0.002 -24"><span class='ocrx_word' id='word_1_688' title='bbox 2058 4493 2148 4548; x_wconf 88' lang='grc' dir='ltr'>καὶ</span> <span class='ocrx_word' id='word_1_689' title='bbox 2227 4491 2483 4566; x_wconf 86' lang='grc' dir='ltr'>δαιμόνια</span> <span class='ocrx_word' id='word_1_690' title='bbox 2543 4494 2654 4549; x_wconf 78' lang='grc' dir='ltr'>ἐκεῖ</span> <span class='ocrx_word' id='word_1_691' title='bbox 2735 4494 3091 4571; x_wconf 73' lang='grc' dir='ltr'>ὀρχήσονται,</span> <span class='ocrx_word' id='word_1_692' title='bbox 3150 4497 3240 4550; x_wconf 82' lang='grc' dir='ltr'>καὶ</span> <span class='ocrx_word' id='word_1_693' title='bbox 3326 4497 3705 4571; x_wconf 86' lang='grc' dir='ltr'>ὀνοκένταυροι</span> 
     </span>
    </p>
   </div>
   <div class='ocr_carea' id='block_1_96' title="bbox 294 4581 1952 4652">
    <p class='ocr_par' dir='ltr' id='par_1_96' title="bbox 294 4581 1952 4652">
     <span class='ocr_line' id='line_1_96' title="bbox 294 4581 1952 4652; baseline 0.001 -15"><span class='ocrx_word' id='word_1_694' title='bbox 294 4582 649 4637; x_wconf 86' lang='lat' dir='ltr'>onocentauri</span> <span class='ocrx_word' id='word_1_695' title='bbox 676 4581 796 4636; x_wconf 85' lang='lat' dir='ltr'>illic</span> <span class='ocrx_word' id='word_1_696' title='bbox 825 4582 1171 4646; x_wconf 76' lang='lat' dir='ltr'>habitabant,</span> <span class='ocrx_word' id='word_1_697' title='bbox 1193 4592 1243 4636; x_wconf 87' lang='lat' dir='ltr'>et</span> <span class='ocrx_word' id='word_1_698' title='bbox 1272 4583 1638 4652; x_wconf 74' lang='lat' dir='ltr'>nidiﬁcabunt</span> <span class='ocrx_word' id='word_1_699' title='bbox 1670 4585 1952 4640; x_wconf 83' lang='lat' dir='ltr'>herinacei</span> 
     </span>
    </p>
   </div>
   <div class='ocr_carea' id='block_1_97' title="bbox 365 4735 1946 4813">
    <p class='ocr_par' dir='ltr' id='par_1_97' title="bbox 365 4735 1946 4813">
     <span class='ocr_line' id='line_1_97' title="bbox 365 4735 1946 4813; baseline 0 -16"><span class='ocrx_word' id='word_1_700' title='bbox 365 4743 435 4812; x_wconf 90' lang='grc'>(1)</span> <span class='ocrx_word' id='word_1_701' title='bbox 471 4740 594 4810; x_wconf 79' lang='lat' dir='ltr'>Illa,</span> <span class='ocrx_word' id='word_1_702' title='bbox 627 4735 1157 4813; x_wconf 21' lang='lat' dir='ltr'>Taxbi’e&#39;pxstaixai</span> <span class='ocrx_word' id='word_1_703' title='bbox 1199 4737 1260 4792; x_wconf 77' lang='grc' dir='ltr'>ού</span> <span class='ocrx_word' id='word_1_704' title='bbox 1305 4746 1539 4813; x_wconf 74' lang='grc' dir='ltr'>χρονιεῖ,</span> <span class='ocrx_word' id='word_1_705' title='bbox 1573 4743 1946 4812; x_wconf 81' lang='lat' dir='ltr'>reperiuntur</span> 
     </span>
    </p>
   </div>
   <div class='ocr_carea' id='block_1_98' title="bbox 293 4811 1944 4885">
    <p class='ocr_par' dir='ltr' id='par_1_98' title="bbox 293 4811 1944 4885">
     <span class='ocr_line' id='line_1_98' title="bbox 293 4811 1944 4885; baseline 0 -16"><span class='ocrx_word' id='word_1_706' title='bbox 293 4816 532 4885; x_wconf 90' lang='lat' dir='ltr'>quidem</span> <span class='ocrx_word' id='word_1_707' title='bbox 575 4811 950 4885; x_wconf 56' lang='lat' dir='ltr'>apnd&#39;_LXX,</span> <span class='ocrx_word' id='word_1_708' title='bbox 978 4811 1473 4885; x_wconf 30' lang='lat' dir='ltr'>initio_cap.‘xiv;</span> <span class='ocrx_word' id='word_1_709' title='bbox 1498 4815 1599 4885; x_wconf 86' lang='lat' dir='ltr'>sed</span> <span class='ocrx_word' id='word_1_710' title='bbox 1631 4811 1804 4885; x_wconf 79' lang='lat' dir='ltr'>verba</span> <span class='ocrx_word' id='word_1_711' title='bbox 1853 4832 1944 4869; x_wconf 90' lang='lat' dir='ltr'>se-</span> 
     </span>
    </p>
   </div>
   <div class='ocr_carea' id='block_1_99' title="bbox 293 4880 1942 4958">
    <p class='ocr_par' dir='ltr' id='par_1_99' title="bbox 293 4880 1942 4958">
     <span class='ocr_line' id='line_1_99' title="bbox 293 4880 1942 4958; baseline -0.003 -16"><span class='ocrx_word' id='word_1_712' title='bbox 293 4880 554 4958; x_wconf 74' lang='lat' dir='ltr'>quentia,</span> <span class='ocrx_word' id='word_1_713' title='bbox 587 4880 676 4936; x_wconf 68' lang='grc' dir='ltr'>καὶ</span> <span class='ocrx_word' id='word_1_714' title='bbox 735 4883 790 4935; x_wconf 73' lang='grc' dir='ltr'>αἱ</span> <span class='ocrx_word' id='word_1_715' title='bbox 848 4881 1053 4958; x_wconf 67' lang='grc' dir='ltr'>ἡμέραι</span> <span class='ocrx_word' id='word_1_716' title='bbox 1100 4880 1268 4950; x_wconf 70' lang='grc' dir='ltr'>αὐτῆς</span> <span class='ocrx_word' id='word_1_717' title='bbox 1317 4883 1478 4958; x_wconf 66' lang='lat' dir='ltr'>(alibi</span> <span class='ocrx_word' id='word_1_718' title='bbox 1529 4884 1718 4958; x_wconf 79' lang='grc' dir='ltr'>αὐτῶν)</span> <span class='ocrx_word' id='word_1_719' title='bbox 1753 4883 1814 4938; x_wconf 82' lang='grc' dir='ltr'>ού</span> <span class='ocrx_word' id='word_1_720' title='bbox 1867 4885 1942 4956; x_wconf 80' lang='grc' dir='ltr'>μὴ</span> 
     </span>
    </p>
   </div>
   <div class='ocr_carea' id='block_1_100' title="bbox 292 4955 1946 5034">
    <p class='ocr_par' dir='ltr' id='par_1_100' title="bbox 292 4955 1946 5034">
     <span class='ocr_line' id='line_1_100' title="bbox 292 4955 1946 5034; baseline 0.001 -23"><span class='ocrx_word' id='word_1_721' title='bbox 292 4955 711 5034; x_wconf 21' lang='grc' dir='ltr'>έήφελκυσβῶσιν,</span> <span class='ocrx_word' id='word_1_722' title='bbox 735 4956 887 5034; x_wconf 81' lang='lat' dir='ltr'>apud</span> <span class='ocrx_word' id='word_1_723' title='bbox 921 4955 1154 5034; x_wconf 72' lang='lat' dir='ltr'>eosdem</span> <span class='ocrx_word' id='word_1_724' title='bbox 1191 4971 1306 5034; x_wconf 82' lang='lat' dir='ltr'>non</span> <span class='ocrx_word' id='word_1_725' title='bbox 1336 4956 1628 5034; x_wconf 88' lang='lat' dir='ltr'>leguntur.</span> <span class='ocrx_word' id='word_1_726' title='bbox 1664 4957 1946 5034; x_wconf 69' lang='lat' dir='ltr'>Praeterea</span> 
     </span>
    </p>
   </div>
   <div class='ocr_carea' id='block_1_101' title="bbox 292 5026 1942 5102">
    <p class='ocr_par' dir='ltr' id='par_1_101' title="bbox 292 5026 1942 5102">
     <span class='ocr_line' id='line_1_101' title="bbox 292 5026 1942 5102; baseline -0.001 -17"><span class='ocrx_word' id='word_1_727' title='bbox 292 5026 494 5085; x_wconf 79' lang='lat' dir='ltr'>monet</span> <span class='ocrx_word' id='word_1_728' title='bbox 524 5028 810 5102; x_wconf 80' lang='lat' dir='ltr'>Nobilius,</span> <span class='ocrx_word' id='word_1_729' title='bbox 839 5028 956 5081; x_wconf 69' lang='lat' dir='ltr'>haac</span> <span class='ocrx_word' id='word_1_730' title='bbox 988 5026 1338 5102; x_wconf 23' lang='lat' dir='ltr'>ip‘sa_verba,</span> <span class='ocrx_word' id='word_1_731' title='bbox 1367 5026 1752 5102; x_wconf 54' lang='lat' dir='ltr'>praeterquam</span> <span class='ocrx_word' id='word_1_732' title='bbox 1787 5031 1942 5102; x_wconf 94' lang='lat' dir='ltr'>quod</span> 
     </span>
    </p>
   </div>
   <div class='ocr_carea' id='block_1_102' title="bbox 285 5097 1942 5172">
    <p class='ocr_par' dir='ltr' id='par_1_102' title="bbox 285 5097 1942 5172">
     <span class='ocr_line' id='line_1_102' title="bbox 285 5097 1942 5172; baseline 0 -16"><span class='ocrx_word' id='word_1_733' title='bbox 285 5102 445 5172; x_wconf 80' lang='lat' dir='ltr'>apud</span> <span class='ocrx_word' id='word_1_734' title='bbox 482 5099 825 5172; x_wconf 86' lang='lat' dir='ltr'>Procopium</span> <span class='ocrx_word' id='word_1_735' title='bbox 877 5097 1174 5172; x_wconf 82' lang='lat' dir='ltr'>asteriscis</span> <span class='ocrx_word' id='word_1_736' title='bbox 1197 5097 1498 5172; x_wconf 84' lang='lat' dir='ltr'>notentur,</span> <span class='ocrx_word' id='word_1_737' title='bbox 1525 5118 1558 5154; x_wconf 89' lang='lat' dir='ltr'>a</span> <span class='ocrx_word' id='word_1_738' title='bbox 1587 5097 1942 5171; x_wconf 51' lang='lat' dir='ltr'>Cyrillo&#39;non</span> 
     </span>
    </p>
   </div>
   <div class='ocr_carea' id='block_1_103' title="bbox 293 5170 1944 5238">
    <p class='ocr_par' dir='ltr' id='par_1_103' title="bbox 293 5170 1944 5238">
     <span class='ocr_line' id='line_1_103' title="bbox 293 5170 1944 5238; baseline 0 -11"><span class='ocrx_word' id='word_1_739' title='bbox 293 5170 506 5227; x_wconf 71' lang='lat' dir='ltr'>afferri.</span> <span class='ocrx_word' id='word_1_740' title='bbox 543 5170 781 5224; x_wconf 83' lang='lat' dir='ltr'>Accedit</span> <span class='ocrx_word' id='word_1_741' title='bbox 827 5171 1024 5232; x_wconf 88' lang='lat' dir='ltr'>etiam,</span> <span class='ocrx_word' id='word_1_742' title='bbox 1059 5171 1209 5238; x_wconf 84' lang='lat' dir='ltr'>quod</span> <span class='ocrx_word' id='word_1_743' title='bbox 1265 5171 1321 5224; x_wconf 92' lang='lat' dir='ltr'>in</span> <span class='ocrx_word' id='word_1_744' title='bbox 1375 5172 1601 5226; x_wconf 79' lang='lat' dir='ltr'>Eusebii</span> <span class='ocrx_word' id='word_1_745' title='bbox 1633 5170 1944 5227; x_wconf 86' lang='lat' dir='ltr'>Commen-</span> 
     </span>
    </p>
   </div>
   <div class='ocr_carea' id='block_1_104' title="bbox 258 5241 1946 5298">
    <p class='ocr_par' dir='ltr' id='par_1_104' title="bbox 258 5241 1946 5298">
     <span class='ocr_line' id='line_1_104' title="bbox 258 5241 1946 5298; baseline 0 0"><span class='ocrx_word' id='word_1_746' title='bbox 258 5244 457 5298; x_wconf 86' lang='lat' dir='ltr'>-tariis</span> <span class='ocrx_word' id='word_1_747' title='bbox 485 5241 755 5296; x_wconf 82' lang='lat' dir='ltr'>similiter</span> <span class='ocrx_word' id='word_1_748' title='bbox 785 5256 896 5294; x_wconf 90' lang='lat' dir='ltr'>non</span> <span class='ocrx_word' id='word_1_749' title='bbox 930 5241 1323 5295; x_wconf 83' lang='lat' dir='ltr'>inveniantur.</span> <span class='ocrx_word' id='word_1_750' title='bbox 1358 5244 1565 5297; x_wconf 89' lang='lat' dir='ltr'>Mirum</span> <span class='ocrx_word' id='word_1_751' title='bbox 1599 5250 1792 5298; x_wconf 87' lang='lat' dir='ltr'>autem</span> <span class='ocrx_word' id='word_1_752' title='bbox 1827 5245 1946 5298; x_wconf 88' lang='lat' dir='ltr'>cui-</span> 
     </span>
    </p>
   </div>
   <div class='ocr_carea' id='block_1_105' title="bbox 294 5313 1942 5385">
    <p class='ocr_par' dir='ltr' id='par_1_105' title="bbox 294 5313 1942 5385">
     <span class='ocr_line' id='line_1_105' title="bbox 294 5313 1942 5385; baseline -0.002 -17"><span class='ocrx_word' id='word_1_753' title='bbox 294 5331 471 5385; x_wconf 90' lang='lat' dir='ltr'>quam</span> <span class='ocrx_word' id='word_1_754' title='bbox 502 5313 683 5366; x_wconf 84' lang='lat' dir='ltr'>videri</span> <span class='ocrx_word' id='word_1_755' title='bbox 719 5327 851 5385; x_wconf 73' lang='lat' dir='ltr'>non</span> <span class='ocrx_word' id='word_1_756' title='bbox 899 5313 1090 5385; x_wconf 73' lang='lat' dir='ltr'>debet,</span> <span class='ocrx_word' id='word_1_757' title='bbox 1126 5313 1172 5366; x_wconf 89' lang='lat' dir='ltr'>si</span> <span class='ocrx_word' id='word_1_758' title='bbox 1223 5314 1395 5385; x_wconf 84' lang='lat' dir='ltr'>verba</span> <span class='ocrx_word' id='word_1_759' title='bbox 1448 5315 1566 5379; x_wconf 89' lang='lat' dir='ltr'>illa,</span> <span class='ocrx_word' id='word_1_760' title='bbox 1600 5313 1686 5366; x_wconf 74' lang='grc' dir='ltr'>καὶ</span> <span class='ocrx_word' id='word_1_761' title='bbox 1721 5315 1774 5365; x_wconf 72' lang='grc' dir='ltr'>αἱ</span> <span class='ocrx_word' id='word_1_762' title='bbox 1805 5313 1942 5384; x_wconf 74' lang='grc' dir='ltr'>ἡμέ-</span> 
     </span>
    </p>
   </div>
   <div class='ocr_carea' id='block_1_106' title="bbox 297 5382 1944 5460">
    <p class='ocr_par' dir='ltr' id='par_1_106' title="bbox 297 5382 1944 5460">
     <span class='ocr_line' id='line_1_106' title="bbox 297 5382 1944 5460; baseline 0.002 -24"><span class='ocrx_word' id='word_1_763' title='bbox 297 5382 410 5460; x_wconf 72' lang='grc' dir='ltr'>ραι,</span> <span class='ocrx_word' id='word_1_764' title='bbox 439 5383 895 5460; x_wconf 61' lang='lat' dir='ltr'>_etc_.,_mqlt_is_in_</span> <span class='ocrx_word' id='word_1_765' title='bbox 931 5382 1096 5460; x_wconf 84' lang='lat' dir='ltr'>libris</span> <span class='ocrx_word' id='word_1_766' title='bbox 1142 5401 1253 5460; x_wconf 82' lang='lat' dir='ltr'>non</span> <span class='ocrx_word' id='word_1_767' title='bbox 1306 5384 1596 5455; x_wconf 82' lang='lat' dir='ltr'>legantur,</span> <span class='ocrx_word' id='word_1_768' title='bbox 1627 5403 1761 5460; x_wconf 85' lang='lat' dir='ltr'>cum</span> <span class='ocrx_word' id='word_1_769' title='bbox 1797 5382 1944 5440; x_wconf 84' lang='lat' dir='ltr'>nihil</span> 
     </span>
    </p>
   </div>
   <div class='ocr_carea' id='block_1_107' title="bbox 297 5453 1942 5523">
    <p class='ocr_par' dir='ltr' id='par_1_107' title="bbox 297 5453 1942 5523">
     <span class='ocr_line' id='line_1_107' title="bbox 297 5453 1942 5523; baseline 0 -12"><span class='ocrx_word' id='word_1_770' title='bbox 297 5453 453 5513; x_wconf 76' lang='lat' dir='ltr'>aliud</span> <span class='ocrx_word' id='word_1_771' title='bbox 488 5456 609 5511; x_wconf 88' lang='lat' dir='ltr'>sint</span> <span class='ocrx_word' id='word_1_772' title='bbox 656 5453 766 5508; x_wconf 82' lang='lat' dir='ltr'>nisi</span> <span class='ocrx_word' id='word_1_773' title='bbox 818 5454 1216 5523; x_wconf 80' lang='lat' dir='ltr'>interpretatio</span> <span class='ocrx_word' id='word_1_774' title='bbox 1272 5453 1430 5512; x_wconf 81' lang='lat' dir='ltr'>varia</span> <span class='ocrx_word' id='word_1_775' title='bbox 1475 5459 1814 5523; x_wconf 84' lang='lat' dir='ltr'>earumdem</span> <span class='ocrx_word' id='word_1_776' title='bbox 1849 5474 1942 5511; x_wconf 86' lang='lat' dir='ltr'>vo-</span> 
     </span>
    </p>
   </div>
   <div class='ocr_carea' id='block_1_108' title="bbox 297 5521 1943 5602">
    <p class='ocr_par' dir='ltr' id='par_1_108' title="bbox 297 5521 1943 5602">
     <span class='ocr_line' id='line_1_108' title="bbox 297 5521 1943 5602; baseline -0.002 -18"><span class='ocrx_word' id='word_1_777' title='bbox 297 5545 430 5602; x_wconf 83' lang='lat' dir='ltr'>cum</span> <span class='ocrx_word' id='word_1_778' title='bbox 457 5525 803 5602; x_wconf 72' lang='lat' dir='ltr'>Hebraicaru</span> <span class='ocrx_word' id='word_1_779' title='bbox 816 5541 890 5602; x_wconf 9' lang='lat' dir='ltr'>mg.</span> <span class='ocrx_word' id='word_1_780' title='bbox 917 5521 1340 5602; x_wconf 60' lang='lat' dir='ltr'>nterpretatio</span> <span class='ocrx_word' id='word_1_781' title='bbox 1355 5528 1531 5602; x_wconf 75' lang='lat' dir='ltr'>prior,</span> <span class='ocrx_word' id='word_1_782' title='bbox 1550 5525 1700 5602; x_wconf 64' lang='grc' dir='ltr'>Ταχυ</span> <span class='ocrx_word' id='word_1_783' title='bbox 1715 5521 1943 5602; x_wconf 81' lang='grc' dir='ltr'>ἔρχεται</span> 
     </span>
    </p>
   </div>
   <div class='ocr_carea' id='block_1_109' title="bbox 297 5595 1942 5672">
    <p class='ocr_par' dir='ltr' id='par_1_109' title="bbox 297 5595 1942 5672">
     <span class='ocr_line' id='line_1_109' title="bbox 297 5595 1942 5672; baseline 0.001 -18"><span class='ocrx_word' id='word_1_784' title='bbox 297 5599 386 5654; x_wconf 87' lang='grc' dir='ltr'>καὶ</span> <span class='ocrx_word' id='word_1_785' title='bbox 444 5597 504 5654; x_wconf 85' lang='grc' dir='ltr'>οὐ</span> <span class='ocrx_word' id='word_1_786' title='bbox 573 5599 804 5671; x_wconf 85' lang='grc' dir='ltr'>χρονιεῖ,</span> <span class='ocrx_word' id='word_1_787' title='bbox 865 5595 1144 5651; x_wconf 70' lang='grc' dir='ltr'>ιε’ἰὺυίῐιπ</span> <span class='ocrx_word' id='word_1_788' title='bbox 1203 5595 1826 5672; x_wconf 64' lang='grc' dir='ltr'>ιΧΧἸΙιῐθυρτέἰίὺὶιῖ</span> <span class='ocrx_word' id='word_1_789' title='bbox 1880 5601 1942 5656; x_wconf 84' lang='lat' dir='ltr'>in</span> 
     </span>
    </p>
   </div>
   <div class='ocr_carea' id='block_1_110' title="bbox 2061 4581 3710 4662">
    <p class='ocr_par' dir='ltr' id='par_1_110' title="bbox 2061 4581 3710 4662">
     <span class='ocr_line' id='line_1_110' title="bbox 2061 4581 3710 4662; baseline 0.002 -25"><span class='ocrx_word' id='word_1_790' title='bbox 2061 4581 2172 4637; x_wconf 79' lang='grc' dir='ltr'>ἐκεῖ</span> <span class='ocrx_word' id='word_1_791' title='bbox 2264 4585 2692 4654; x_wconf 79' lang='grc' dir='ltr'>κατοικήσουσι,</span> <span class='ocrx_word' id='word_1_792' title='bbox 2783 4583 2873 4638; x_wconf 82' lang='grc' dir='ltr'>καὶ</span> <span class='ocrx_word' id='word_1_793' title='bbox 2968 4586 3451 4655; x_wconf 74' lang='grc' dir='ltr'>νοσσοποιήσουσιν</span> <span class='ocrx_word' id='word_1_794' title='bbox 3538 4586 3710 4662; x_wconf 76' lang='grc' dir='ltr'>ἐχῖνοι</span> 
     </span>
    </p>
   </div>
   <div class='ocr_carea' id='block_1_111' title="bbox 2055 4742 3152 4816">
    <p class='ocr_par' dir='ltr' id='par_1_111' title="bbox 2055 4742 3152 4816">
     <span class='ocr_line' id='line_1_111' title="bbox 2055 4742 3152 4816; baseline -0.001 -17"><span class='ocrx_word' id='word_1_795' title='bbox 2055 4742 2328 4816; x_wconf 82' lang='lat' dir='ltr'>Hexaplis</span> <span class='ocrx_word' id='word_1_796' title='bbox 2362 4759 2375 4798; x_wconf 90' lang='lat'><strong>:</strong></span> <span class='ocrx_word' id='word_1_797' title='bbox 2410 4745 2716 4816; x_wconf 89' lang='lat' dir='ltr'>posterior,</span> <span class='ocrx_word' id='word_1_798' title='bbox 2747 4743 3152 4800; x_wconf 89' lang='lat' dir='ltr'>Theodotioni.</span> 
     </span>
    </p>
   </div>
   <div class='ocr_carea' id='block_1_112' title="bbox 2056 4815 3708 4940">
    <p class='ocr_par' dir='ltr' id='par_1_112' title="bbox 2056 4815 3708 4940">
     <span class='ocr_line' id='line_1_112' title="bbox 2127 4815 3708 4939; baseline 0.004 -70"><span class='ocrx_word' id='word_1_799' title='bbox 2127 4816 2204 4939; x_wconf 49' lang='lat'>$2)</span> <span class='ocrx_word' id='word_1_800' title='bbox 2237 4815 2479 4872; x_wconf 83' lang='lat' dir='ltr'>Codices</span> <span class='ocrx_word' id='word_1_801' title='bbox 2534 4816 2782 4888; x_wconf 87' lang='lat' dir='ltr'>aliquot,</span> <span class='ocrx_word' id='word_1_802' title='bbox 2815 4820 2979 4871; x_wconf 87' lang='grc' dir='ltr'>ποιεῖ.</span> <span class='ocrx_word' id='word_1_803' title='bbox 3031 4816 3163 4873; x_wconf 83' lang='lat' dir='ltr'>Mox</span> <span class='ocrx_word' id='word_1_804' title='bbox 3219 4830 3365 4873; x_wconf 89' lang='lat' dir='ltr'>mss.</span> <span class='ocrx_word' id='word_1_805' title='bbox 3418 4818 3708 4890; x_wconf 83' lang='lat' dir='ltr'>nonnulli,</span> 
     </span>
     <span class='ocr_line' id='line_1_113' title="bbox 2056 4884 2373 4940; baseline 0 0"><span class='ocrx_word' id='word_1_806' title='bbox 2056 4887 2130 4940; x_wconf 89' lang='grc' dir='ltr'>ἀπ</span> <span class='ocrx_word' id='word_1_807' title='bbox 2190 4884 2373 4940; x_wconf 83' lang='grc' dir='ltr'>ποίας.</span> 
     </span>
    </p>
   </div>
   <div class='ocr_carea' id='block_1_113' title="bbox 2092 4906 2373 4943">
    <p class='ocr_par' dir='ltr' id='par_1_113' title="bbox 2092 4906 2373 4943">
     <span class='ocr_line' id='line_1_114' title="bbox 2092 4906 2373 4943; baseline 0.007 -4"><span class='ocrx_word' id='word_1_808' title='bbox 2092 4906 2160 4939; x_wconf 90' lang='grc' dir='ltr'>πο</span> <span class='ocrx_word' id='word_1_809' title='bbox 2190 4906 2373 4943; x_wconf 69' lang='grc' dir='ltr'>ποιαί.</span> 
     </span>
    </p>
   </div>
   <div class='ocr_carea' id='block_1_114' title="bbox 2127 4958 3710 5030">
    <p class='ocr_par' dir='ltr' id='par_1_114' title="bbox 2127 4958 3710 5030">
     <span class='ocr_line' id='line_1_115' title="bbox 2127 4958 3710 5030; baseline 0.001 -16"><span class='ocrx_word' id='word_1_810' title='bbox 2127 4960 2204 5030; x_wconf 88' lang='lat'>(3)</span> <span class='ocrx_word' id='word_1_811' title='bbox 2238 4958 2387 5014; x_wconf 88' lang='lat' dir='ltr'>Libri</span> <span class='ocrx_word' id='word_1_812' title='bbox 2427 4963 2672 5025; x_wconf 86' lang='lat' dir='ltr'>veteres,</span> <span class='ocrx_word' id='word_1_813' title='bbox 2710 4961 3036 5030; x_wconf 83' lang='grc' dir='ltr'>μεταθεῖναι.</span> <span class='ocrx_word' id='word_1_814' title='bbox 3066 4963 3144 5016; x_wconf 87' lang='lat' dir='ltr'>Ea</span> <span class='ocrx_word' id='word_1_815' title='bbox 3182 4975 3300 5030; x_wconf 86' lang='lat' dir='ltr'>qua</span> <span class='ocrx_word' id='word_1_816' title='bbox 3329 4960 3556 5016; x_wconf 89' lang='lat' dir='ltr'>utimur</span> <span class='ocrx_word' id='word_1_817' title='bbox 3584 4961 3710 5018; x_wconf 85' lang='lat' dir='ltr'>edi-</span> 
     </span>
    </p>
   </div>
   <div class='ocr_carea' id='block_1_115' title="bbox 2055 5030 2576 5100">
    <p class='ocr_par' dir='ltr' id='par_1_115' title="bbox 2055 5030 2576 5100">
     <span class='ocr_line' id='line_1_116' title="bbox 2055 5030 2576 5100; baseline -0.002 -16"><span class='ocrx_word' id='word_1_818' title='bbox 2055 5030 2158 5099; x_wconf 77' lang='lat' dir='ltr'>tio,</span> <span class='ocrx_word' id='word_1_819' title='bbox 2195 5033 2576 5100; x_wconf 87' lang='grc' dir='ltr'>μετατεθεῖναι.</span> 
     </span>
    </p>
   </div>
   <div class='ocr_carea' id='block_1_116' title="bbox 2127 5101 3712 5176">
    <p class='ocr_par' dir='ltr' id='par_1_116' title="bbox 2127 5101 3712 5176">
     <span class='ocr_line' id='line_1_117' title="bbox 2127 5101 3712 5176; baseline 0.003 -21"><span class='ocrx_word' id='word_1_820' title='bbox 2127 5103 2214 5176; x_wconf 66' lang='lat' dir='ltr'>(li)_</span> <span class='ocrx_word' id='word_1_821' title='bbox 2239 5102 2323 5156; x_wconf 88' lang='lat' dir='ltr'>Ita</span> <span class='ocrx_word' id='word_1_822' title='bbox 2353 5102 2536 5157; x_wconf 90' lang='lat' dir='ltr'>nostri</span> <span class='ocrx_word' id='word_1_823' title='bbox 2589 5116 2689 5157; x_wconf 82' lang='lat' dir='ltr'>sex</span> <span class='ocrx_word' id='word_1_824' title='bbox 2737 5101 2987 5158; x_wconf 87' lang='lat' dir='ltr'>codices.</span> <span class='ocrx_word' id='word_1_825' title='bbox 3017 5101 3140 5158; x_wconf 84' lang='lat' dir='ltr'>Vox</span> <span class='ocrx_word' id='word_1_826' title='bbox 3185 5102 3384 5176; x_wconf 86' lang='grc' dir='ltr'>χρόνον</span> <span class='ocrx_word' id='word_1_827' title='bbox 3429 5103 3488 5158; x_wconf 90' lang='lat' dir='ltr'>in</span> <span class='ocrx_word' id='word_1_828' title='bbox 3536 5102 3712 5160; x_wconf 85' lang='lat' dir='ltr'>editis</span> 
     </span>
    </p>
   </div>
   <div class='ocr_carea' id='block_1_117' title="bbox 2057 5173 2445 5227">
    <p class='ocr_par' dir='ltr' id='par_1_117' title="bbox 2057 5173 2445 5227">
     <span class='ocr_line' id='line_1_118' title="bbox 2057 5173 2445 5227; baseline 0.003 -1"><span class='ocrx_word' id='word_1_829' title='bbox 2057 5173 2445 5227; x_wconf 86' lang='lat' dir='ltr'>desideratur.</span> 
     </span>
    </p>
   </div>
   <div class='ocr_carea' id='block_1_118' title="bbox 2127 5243 3714 5318">
    <p class='ocr_par' dir='ltr' id='par_1_118' title="bbox 2127 5243 3714 5318">
     <span class='ocr_line' id='line_1_119' title="bbox 2127 5243 3714 5318; baseline 0.002 -19"><span class='ocrx_word' id='word_1_830' title='bbox 2127 5246 2204 5312; x_wconf 85' lang='lat'>(5)</span> <span class='ocrx_word' id='word_1_831' title='bbox 2236 5244 2472 5299; x_wconf 81' lang='lat' dir='ltr'>Veteres</span> <span class='ocrx_word' id='word_1_832' title='bbox 2525 5251 2778 5318; x_wconf 74' lang='lat' dir='ltr'>quatuor</span> <span class='ocrx_word' id='word_1_833' title='bbox 2829 5243 2985 5312; x_wconf 89' lang='lat' dir='ltr'>libri,</span> <span class='ocrx_word' id='word_1_834' title='bbox 3016 5244 3426 5318; x_wconf 81' lang='grc' dir='ltr'>προσαγορεύει.</span> <span class='ocrx_word' id='word_1_835' title='bbox 3460 5245 3612 5300; x_wconf 89' lang='lat' dir='ltr'>Editi</span> <span class='ocrx_word' id='word_1_836' title='bbox 3655 5250 3714 5302; x_wconf 86' lang='lat' dir='ltr'>et</span> 
     </span>
    </p>
   </div>
   <div class='ocr_carea' id='block_1_119' title="bbox 2056 5313 2783 5386">
    <p class='ocr_par' dir='ltr' id='par_1_119' title="bbox 2056 5313 2783 5386">
     <span class='ocr_line' id='line_1_120' title="bbox 2056 5313 2783 5386; baseline 0.001 -17"><span class='ocrx_word' id='word_1_837' title='bbox 2056 5316 2171 5369; x_wconf 88' lang='lat' dir='ltr'>duo</span> <span class='ocrx_word' id='word_1_838' title='bbox 2207 5332 2372 5382; x_wconf 82' lang='lat' dir='ltr'>mss.,</span> <span class='ocrx_word' id='word_1_839' title='bbox 2406 5313 2783 5386; x_wconf 67' lang='grc' dir='ltr'>προαγορεύει.</span> 
     </span>
    </p>
   </div>
   <div class='ocr_carea' id='block_1_120' title="bbox 2056 5384 3708 5508">
    <p class='ocr_par' dir='ltr' id='par_1_120' title="bbox 2056 5384 3708 5508">
     <span class='ocr_line' id='line_1_121' title="bbox 2056 5384 3708 5508; baseline -0.003 -63"><span class='ocrx_word' id='word_1_840' title='bbox 2056 5451 2103 5508; x_wconf 51' lang='grc' dir='ltr'>δ’</span> <span class='ocrx_word' id='word_1_841' title='bbox 2364 5384 2481 5460; x_wconf 88' lang='lat' dir='ltr'>reg.</span> <span class='ocrx_word' id='word_1_842' title='bbox 2515 5384 2814 5443; x_wconf 85' lang='lat' dir='ltr'>secundus</span> <span class='ocrx_word' id='word_1_843' title='bbox 2854 5390 2912 5442; x_wconf 88' lang='lat' dir='ltr'>et</span> <span class='ocrx_word' id='word_1_844' title='bbox 2939 5387 3056 5443; x_wconf 92' lang='lat' dir='ltr'>duo</span> <span class='ocrx_word' id='word_1_845' title='bbox 3087 5388 3426 5454; x_wconf 89' lang='lat' dir='ltr'>Colbertini,</span> <span class='ocrx_word' id='word_1_846' title='bbox 3452 5384 3708 5452; x_wconf 79' lang='grc' dir='ltr'>διέλθωσι</span> 
     </span>
    </p>
   </div>
   <div class='ocr_carea' id='block_1_121' title="bbox 2134 5478 2322 5525">
    <p class='ocr_par' dir='ltr' id='par_1_121' title="bbox 2134 5478 2322 5525">
     <span class='ocr_line' id='line_1_122' title="bbox 2134 5478 2322 5525; baseline 0.021 -16"><span class='ocrx_word' id='word_1_847' title='bbox 2134 5478 2322 5525; x_wconf 81' lang='grc' dir='ltr'>αυτης.</span> 
     </span>
    </p>
   </div>
   <div class='ocr_carea' id='block_1_122' title="bbox 2126 5527 3708 5677">
    <p class='ocr_par' dir='ltr' id='par_1_122' title="bbox 2126 5527 3708 5677">
     <span class='ocr_line' id='line_1_123' title="bbox 2126 5527 3708 5677; baseline 0 -92"><span class='ocrx_word' id='word_1_848' title='bbox 2126 5528 2406 5677; x_wconf 39' lang='grc' dir='ltr'>(ἔέηΕᾱὶέί,</span> <span class='ocrx_word' id='word_1_849' title='bbox 2437 5527 2544 5583; x_wconf 79' lang='grc' dir='ltr'>ἀπὸ</span> <span class='ocrx_word' id='word_1_850' title='bbox 2576 5530 2826 5603; x_wconf 84' lang='grc' dir='ltr'>στερεῶν.</span> <span class='ocrx_word' id='word_1_851' title='bbox 2859 5532 2938 5585; x_wconf 79' lang='lat' dir='ltr'>At</span> <span class='ocrx_word' id='word_1_852' title='bbox 2985 5531 3171 5588; x_wconf 78' lang='lat' dir='ltr'>nostri</span> <span class='ocrx_word' id='word_1_853' title='bbox 3222 5548 3324 5591; x_wconf 80' lang='lat' dir='ltr'>sex</span> <span class='ocrx_word' id='word_1_854' title='bbox 3370 5547 3540 5600; x_wconf 86' lang='lat' dir='ltr'>mss.,</span> <span class='ocrx_word' id='word_1_855' title='bbox 3570 5530 3708 5586; x_wconf 80' lang='grc' dir='ltr'>ἀπο-</span> 
     </span>
     <span class='ocr_line' id='line_1_124' title="bbox 2126 5620 2313 5657; baseline 0.021 -4"><span class='ocrx_word' id='word_1_856' title='bbox 2126 5620 2144 5653; x_wconf 73' lang='lat'><strong>:</strong></span> <span class='ocrx_word' id='word_1_857' title='bbox 2217 5622 2313 5657; x_wconf 88' lang='grc' dir='ltr'>ων.</span> 
     </span>
    </p>
   </div>
   <div class='ocr_carea' id='block_1_123' title="bbox 2055 5618 2313 5657">
    <p class='ocr_par' dir='ltr' id='par_1_123' title="bbox 2055 5618 2313 5657">
     <span class='ocr_line' id='line_1_125' title="bbox 2055 5618 2313 5657; baseline 0.019 -5"><span class='ocrx_word' id='word_1_858' title='bbox 2055 5618 2313 5657; x_wconf 81' lang='grc' dir='ltr'>στεοοων.</span> 
     </span>
    </p>
   </div>
  </div>
