4150 6368
381 327 488 385 601

1204 318 1618 383 COMMENT.
1661 320 1740 380 IN
1786 321 2064 383 ISAIAM
2108 323 2613 385 PROPHETAM.
2665 327 2835 386 CAP.
2883 325 3040 386 XIII.

3685 325 3806 386 603

385 451 437 506 έν
468 457 584 512 τοῖς
635 448 809 511 οἷ’κοις
867 448 1067 505 αὐτῶν.
1109 454 1368 524 Σειρῆνας
1402 449 1429 503 6
1465 449 1558 522 μὲν
1617 445 1808 518 ἔξωθεν
1869 446 2031 523 λόγος

2153 452 2207 506 in
2249 452 2498 508 domibus
2531 470 2740 509 eorum.
2773 455 3057 510 Externus
3089 455 3326 526 quidem
3383 471 3576 510 sermo
3623 453 3812 514 tradit

387 537 737 614 παραδέδωκε
769 542 845 611 (8)
895 537 1153 612 γυναῖκάς
1203 559 1349 599 τινας
1403 534 1795 610 μελῳδοόσας’
1852 536 2037 591 ἐνταῦ-

393 641 455 690 Οα
489 627 545 682 δε
577 626 851 700 δαιμόνων
895 625 1064 681 ἔοικεν
1113 623 1286 698 ὄνομα
1335 626 1490 697 εἶναι,
1523 623 1607 679 διὸ
1659 625 1892 686 Ἀκόλας
1945 626 2038 686 τὰς

391 726 638 789 σειρῆνας
697 714 1222 790 στρουθοκαμήλους
1283 717 1415 770 εἶπε.
1480 713 1800 787 Φιλέρημον
1864 712 1920 768 δὲ
1976 715 2037 768 τὸ

387 811 549 874 ζῶον,
583 805 674 860 καὶ
703 811 820 867 ταῖς
871 804 1242 880 ἆγονωτάταις
1292 803 1562 876 ψάμμοις,
1599 804 1672 864 ὡς
1721 804 1787 857 τὰ
1832 802 2036 870 πολλὰ,

385 892 728 971 έμφωλεῦον.
763 896 877 962 Τὴν
912 893 1002 948 οὖν
1040 887 1348 967 ὑπερϐολήν
1394 895 1493 959 τῆς
1545 890 1776 967 ἐρημίας
1819 893 1846 945 6
1878 889 2039 965 λόγος

389 981 479 1037 διὰ
506 990 604 1052 τῆς
626 988 731 1036 τῶν
766 983 1272 1057 στρουθοκαμήΛων
1305 979 1627 1050 σκηνώσεως
1673 976 2035 1054 παραδίδωσι.

385 1072 518 1132 Τοὺς
569 1069 626 1125 δὶ
676 1071 1122 1146 όνοκενταύρους,
1153 1069 1245 1131 οὓς
1293 1069 1442 1124 εἶπον
1500 1069 1551 1122 οἱ
1603 1063 2038 1140 ⁹ιιϐδομήκοντα,

385 1164 716 1234 τριχιῶντας
775 1164 849 1232 (9)
909 1159 1187 1232 ὠνόμασεν
1252 1159 1279 1212 6
1337 1157 1590 1219 Ἀκύλας.
1650 1157 1933 1229 Δαιμόνιον
1989 1177 2039 1210 τι

385 1248 541 1321 γένος
598 1243 741 1302 ἔοικε
783 1253 1068 1323 παριστᾷν,
1113 1244 1350 1301 κάθυλον
1397 1245 1488 1300 καὶ
1540 1245 1920 1316 ἐσκοτισμένον
1969 1249 2040 1318 τῇ

389 1334 693 1413 ἐπιφανείᾳ,
728 1338 801 1390 ὧν
835 1335 988 1413 ἔργον
1025 1336 1134 1390 ἐστὶ
1180 1336 1248 1390 τὰ
1277 1334 1504 1389 ἄστατον
1540 1337 1674 1407 (10),
1704 1333 1794 1388 καὶ
1823 1334 1884 1387 τὸ
1936 1356 2043 1406 μη-

387 1422 581 1479 δέποτε
612 1426 805 1479 ἑστῶσι
839 1431 953 1486 τοῖς
983 1425 1110 1480 ποσὶ
1146 1426 1286 1496 μήτε
1334 1427 1400 1496 τῇ
1451 1421 1660 1493 διανοίᾳ
1714 1430 2039 1498 κεχρῆσθαι.

387 1515 486 1566 Καὶ
571 1511 954 1589 όνοκένταυροι
1032 1513 1143 1566 ἐκεῖ
1215 1514 1625 1582 κατοικήσουσι.
1715 1511 1811 1564 Καὶ
1881 1515 2040 1565 τοῦτο

382 1598 570 1678 ἕτερον
603 1601 746 1667 εἶδος
777 1601 1050 1677 δαιμόνων
1082 1601 1253 1657 ἔοικεν
1286 1605 1321 1670 ἡ
1356 1603 1542 1676 Γραφὴ
1592 1605 1876 1676 παριστᾷν,
1910 1599 2040 1676 ὅπερ

383 1691 530 1746 Σίειν
576 1691 886 1765 ὠνόμασαν,
925 1692 1090 1761 αὐτὴν
1143 1692 1240 1759 τὴν
1296 1684 1590 1765 Ἐϐραϊκὴν
1638 1690 1822 1763 φωνὴν
1879 1709 2042 1762 μετα-

387 1779 563 1841 θέντες
598 1782 709 1853 (11)
741 1781 792 1834 οἱ
825 1777 1035 1834 λοιποί.
1070 1780 1212 1834 Ἐκεῖ
1244 1776 1303 1832 δὲ
1334 1778 1424 1832 καὶ
1455 1776 1656 1853 ἐχῖνοι,
1711 1776 1864 1853 φησὶ,
1913 1775 2042 1840 τοὺς

386 1865 570 1930 οἷ’κους
633 1867 808 1922 αὐτῶν
839 1870 952 1942 (12)
1009 1869 1322 1937 ποιήσουσι.
1355 1867 1535 1921 Ηάντα
1592 1863 1877 1942 φιλέρημα
1929 1870 2038 1933 ζῶα

386 1953 657 2030 διηγεῖται
691 1957 718 2010 6
748 1957 938 2025 τόπος,
973 1957 1048 2018 ὡς
1108 1953 1574 2028 οἷκειωθησόμενα
1624 1957 1692 2028 τῇ
1750 1949 2035 2010 Βαϐυλῶνι

391 2045 523 2116 μετά
549 2047 646 2114 τὴν
684 2044 961 2119 ἐρήμωσιν
978 2088 990 2102 .

458 2137 580 2190 275.
625 2132 784 2208 Ταχὺ
844 2131 1085 2209 ἔρχεται,
1118 2132 1208 2187 καὶ
1261 2131 1323 2187 οὐ
1379 2137 1615 2208 χρονιεῖ,
1658 2131 1746 2185 καὶ
1789 2132 1843 2184 αἱ
1893 2131 2038 2203 ἡμέ-

387 2243 476 2297 ραι
525 2221 690 2291 αὐτῆς
751 2221 812 2275 οὐ
875 2223 950 2293 μὴ
1011 2220 1432 2298 ἐφελκυσθῶσιν.
1467 2220 1827 2293 Ἠπειγμένην
1887 2218 2036 2294 λέγει

386 2311 488 2378 τὴν
538 2312 915 2387 καταστροφὴν
947 2317 1046 2380 τῆς
1099 2305 1452 2378 Βαϐυλῶνος,
1483 2308 1574 2363 καὶ
1614 2306 1874 2381 οὐδεμίαν
1935 2329 2037 2362 παν

387 2401 605 2473 ράτασιν
679 2404 784 2453 τῶν
854 2398 1269 2471 ἠπειλημένων.
1323 2396 1546 2465 Ἐπειδὴ
1609 2394 1666 2452 δὲ
1739 2396 2036 2466 ἡπείληται

384 2488 842 2562 καταστρέφεσθαι
902 2483 1164 2545 Βαϐυλὼν
1218 2488 1292 2548 ὡς
1349 2485 1594 2560 Σόδομα,
1643 2484 1839 2540 εἰδέναι
1888 2489 2037 2559 ἡμᾶς

387 2574 490 2646 δεῖ,
523 2576 605 2630 δτι
637 2575 844 2631 πολλαὶ
877 2577 931 2630 αἱ
964 2576 1249 2652 ἑρμηνεῖαι
1296 2577 1392 2629 τοῦ
1450 2575 1717 2647 ὀνόματος
1749 2572 2035 2648 Σοδόμων.

385 2664 774 2738 Ἐρμηνεύεται
830 2665 930 2741 γὰρ
987 2666 1050 2719 τὸ
1107 2664 1236 2718 αὐτὸ
1271 2661 1445 2737 ὄνομα
1497 2663 1586 2718 καὶ
1616 2663 1914 2740 τόφλωσις,
1947 2663 2038 2717 καὶ

390 2755 698 2830 στείρωσις,
755 2755 844 2810 καὶ
905 2755 1108 2811 ἑστῶσα
1175 2755 1380 2823 σιωπὴ,
1438 2754 1528 2808 καὶ
1607 2753 1890 2827 ὁμοίωμα,
1948 2753 2038 2806 καὶ

391 2837 650 2913 ἕκκλησις
679 2845 812 2917 (13),
844 2843 932 2898 καὶ
983 2841 1238 2916 θεμέλιος
1287 2844 1487 2897 αὐτῶν.
1522 2841 1776 2918 Γόμορῥα
1825 2839 1881 2896 δὲ
1940 2861 2037 2914 με·

392 2927 795 3004 ταλαμϐάνεται
841 2931 916 2994 εἷς
971 2931 1164 3006 μέτρον
1213 2932 1303 2986 καὶ
1349 2931 1425 2993 εἰς
1459 2933 1662 2985 στάσιν.
1695 2931 1919 2986 Πάντων
1981 2927 2038 2983 δὲ

396 3020 505 3095 οὐχ
551 3023 791 3095 ἡγοῦμαι
845 3020 1071 3096 χρῄζειν
1129 3024 1221 3076 τὸν
1281 3018 1619 3094 βουλόμενον
1684 3018 2037 3092 έρμηνεῦσαι,

391 3112 508 3168 πῶς
548 3110 582 3176 ἡ
615 3103 875 3164 Βαϐυλὼν
924 3109 1138 3181 ὁμοίως
1185 3106 1455 3180 Σοδόμοις
1513 3109 2035 3183 καταστραφήσεται.

390 3196 576 3250 Ἔοικε
603 3197 700 3270 γὰρ
735 3197 761 3250 6
794 3196 943 3262 Θεὸς,
977 3195 1266 3272 εὐεργετῶν
1299 3195 1426 3258 τοὺς
1479 3195 2034 3271 καταστρεφομένους,

389 3291 798 3360 καταστρέφειν,
851 3287 926 3347 ὡς
975 3285 1158 3360 ἰατρὸς
1195 3283 1540 3362 τυφλότηταο
1592 3286 1935 3359 καταστροφὴ
1988 3281 2045 3337 δὲ

388 3371 752 3450 τυφλότητος,
813 3375 1050 3448 ὁράσεως
1110 3373 1281 3449 ἀρχή.
1343 3375 1446 3431 Καὶ
1525 3372 1876 3449 καταστρέφει
1933 3374 2044 3444 (14)

393 3459 816 3534 στείρωσιν,⁶ίνα
866 3464 966 3530 τήν
1018 3461 1236 3535 ἀγονίαν
1289 3461 1560 3531 ἐξελάσας,
1596 3461 1892 3535 χαρίσηται
1951 3459 2045 3513 αὐ-

394 3555 510 3612 τοῖς
545 3552 857 3624 γεννήματα
914 3549 1084 3626 ἔργων
1135 3547 1502 3619 δικαιοσύνης.
1534 3549 1630 3603 Καὶ
1681 3550 1780 3616 τὴν
1831 3550 2042 3616 σιωπὴν

393 3640 492 3707 τήν
529 3640 763 3693 ἑστῶσαν
795 3639 1167 3716 καταστρέφει,
1212 3636 1300 3692 ἵνα
1331 3636 1494 3712 λόγον
1537 3633 1752 3710 ἐμϐάλῃ
1803 3633 2046 3712 καρδίαις

479 3728 492 3743 \
620 3727 632 3742 \
692 3725 714 3743 ’κ
797 3727 806 3742 σ
996 3729 1009 3745 \
1372 3726 1382 3741 α
1445 3733 1458 3746 η
1478 3727 1488 3744 I
1588 3725 1598 3742 Ι
1624 3725 1637 3744 ε
1765 3723 1790 3744 ⁴Ι⁹

395 3748 532 3802 προς
580 3748 643 3780 το
688 3728 928 3796 οοξαζειν
956 3748 1048 3781 τον
1091 3727 1243 3781 Θεόν.
1282 3733 1386 3782 Και
1423 3732 1678 3802 Ιομορρα
1731 3747 1821 3780 ουν
1880 3746 2042 3779 κατα-

396 3814 636 3892 στρέφων
686 3811 894 3888 (ἐπειδὴ
949 3813 1231 3890 ἀμφότερα
1288 3813 1642 3890 ἑρμηνεύεται
1701 3813 1790 3868 καὶ
1843 3814 2036 3888 μέτρον

394 3903 484 3957 καὶ
517 3905 702 3964 στάσις
728 3902 794 3956 τὰ
825 3901 1123 3978 Γόμορρα),
1153 3904 1253 3971 τὴν
1289 3901 1470 3957 στάσιν
1511 3903 1611 3970 τὴν
1656 3902 1708 3955 ἐν
1757 3902 1896 3976 αὐτῇ
1954 3902 2044 3956 καὶ

393 3993 494 4060 τὴν
533 3993 782 4067 ταραχὴν
847 3997 1112 4065 καθαιρεῖ,
1145 3989 1236 4044 ’ίνα
1285 3992 1336 4046 οἱ
1405 3992 1802 4060 στασιάζοντες,
1849 3990 1938 4045 καὶ
1990 3990 2042 4045 ἐν

393 4084 461 4154 τῇ
509 4078 827 4135 καταπάσαι
875 4083 944 4152 τῇ
1000 4079 1228 4151 ἐναντίᾳ,
1261 4083 1359 4149 τῆς
1415 4079 1660 4153 εἰρήνης,
1712 4076 1882 4148 ὄντες,
1916 4077 2043 4154 βελ-

392 4174 654 4232 τιωθῶσι.
689 4173 798 4231 Πᾶς
832 4165 890 4222 δὲ
922 4169 948 4222 ὁ
997 4168 1063 4223 τὰ
1109 4175 1210 4238 τῆς
1260 4168 1516 4243 γενέσεως
1569 4170 1861 4244 πράγματα
1910 4169 2046 4223 ἀπο-

395 4257 717 4333 δεχόμενος,
749 4259 840 4312 καὶ
887 4257 1126 4333 ἀνάγκην
1161 4258 1248 4312 καὶ
1303 4256 1637 4331 εἱμαρμένην
1682 4259 1772 4311 καὶ
1830 4277 2047 4330 πεπρω-

400 4346 566 4419 μένην
626 4340 962 4418 πρεσϐεόων,
1004 4345 1096 4401 καὶ
1151 4347 1214 4400 τὸ
1267 4344 1392 4400 ὅσον
1453 4342 1533 4423 ἐφ’
1591 4346 1763 4417 ἑαυτῷ
1815 4343 1905 4400 διὰ
1947 4352 2048 4415 τῆς

2150 540 2372 596 sirenes
2405 542 2680 598 mulieres
2713 543 2892 598 fuisse
2933 543 3279 599 suavissime
3310 549 3612 598 cantantes
3648 561 3660 598 :
3697 545 3798 599 sed

2151 629 2243 682 hic
2279 631 2390 683 isto
2419 631 2652 685 nomine
2685 631 2928 685 indicari
2962 633 3229 686 videntur
3259 635 3582 700 daamones;
3616 649 3797 702 quare

2148 716 2390 787 Aquilas
2423 718 2646 772 sirenes
2677 719 3166 774 struthocamelos
3196 721 3381 775 dixit:
3417 719 3565 774 lllud
3601 726 3795 774 autem

2149 806 2368 859 animal
2393 823 2599 861 amans
2623 813 2710 861 est
2733 807 3284 879 solitudinis,atque
3307 815 3367 861 ut
3392 809 3710 878 plurimum
3737 809 3796 862 in

2150 895 2340 948 arenis
2371 895 2760 950 etcrilissimis
2785 896 2992 950 latitat.
3017 898 3315 967 Scriptura
3347 897 3527 968 igitur
3558 898 3800 952 vastita-

2148 985 2224 1037 tis
2257 985 2724 1054 magnitudincm
2757 986 3032 1055 exprimit
3072 1003 3172 1056 per
3201 985 3797 1040 struthocamelorum

2151 1071 2597 1127 habitationem.
2631 1074 2742 1128 Eos
2783 1079 2976 1127 autem
3021 1091 3168 1144 quos
3199 1080 3628 1128 onocentauros
3656 1078 3798 1144 Sep-

2150 1165 2420 1232 tuaginta
2443 1163 2870 1232 dixere,pitosos
2911 1163 3237 1216 nominavit
3277 1161 3803 1232 Aquilas.Videtur

2151 1249 2480 1319 significare
2508 1251 2800 1320 quoddam
2826 1253 3157 1305 daemonum
3191 1267 3374 1321 genus
3405 1252 3708 1306 sordidum
3742 1255 3802 1306 et

2152 1343 2385 1408 aspectu
2419 1338 2871 1405 tenebricosum,
2905 1355 3154 1408 quorum
3191 1357 3406 1394 munus
3431 1345 3521 1394 est
3551 1338 3799 1394 instabi-

2152 1426 2236 1480 les
2280 1442 2428 1495 esse,
2467 1442 2565 1480 nec
2617 1443 2876 1497 unquam
2920 1428 3108 1481 ﬁrmis
3160 1427 3405 1498 pedibus
3455 1434 3554 1481 aut
3604 1434 3796 1483 mente

2152 1515 2258 1568 uti.
2297 1517 2358 1569 Et
2397 1517 2757 1570 onocentauri
2804 1517 2923 1570 illic
2971 1515 3314 1571 habitabant.
3354 1516 3539 1570 Alium
3593 1533 3801 1572 rursus

2150 1601 2420 1658 exhibere
2478 1605 2708 1658 videtur
2769 1604 3073 1675 Scriptura
3128 1606 3462 1659 daemonum
3520 1605 3800 1674 speciem,

2151 1707 2328 1762 quam
2370 1691 2577 1762 reliqui
2629 1692 3001 1748 nominavere
3053 1693 3194 1758 Siin,
3231 1693 3416 1762 ipsam
3450 1710 3646 1748 vocem
3690 1693 3801 1748 He-

2151 1781 2406 1835 braicam
2469 1782 2582 1836 huc
2638 1782 3076 1837 transferentes.
3125 1782 3273 1846 Quin
3332 1783 3531 1846 etiam,
3581 1781 3801 1853 inquit,

2151 1868 2267 1922 illic
2297 1869 2587 1924 herinacei
2611 1870 2818 1925 domos
2849 1887 2988 1925 suas
3019 1870 3251 1925 facient.
3278 1869 3570 1924 Animalia
3601 1871 3802 1926 omnia

2149 1973 2276 2028 qum
2308 1957 2401 2012 hic
2433 1957 2596 2013 locus
2630 1965 2827 2012 narrat
2858 1957 3191 2013 habitatura
3221 1975 3349 2013 esse
3401 1959 3460 2013 in
3509 1957 3802 2029 Babylone

2148 2052 2280 2116 post
2308 2046 2664 2115 vastitatem,
2698 2045 3074 2101 solitudinem
3116 2053 3335 2101 amant.

2219 2137 2343 2189 275.
2379 2135 2496 2190 Cito
2527 2139 2724 2201 veniet,
2754 2139 2808 2189 et
2845 2151 2954 2189 non
3002 2136 3268 2200 tardabit,
3301 2143 3355 2191 et
3398 2136 3514 2190 dies
3541 2136 3658 2206 ejus
3687 2152 3798 2190 non

2147 2225 2573 2293 elongabuntur.
2609 2225 2700 2277 Ait.
2772 2223 3079 2294 Babylonis
3139 2224 3497 2278 eversionem
3553 2224 3796 2294 instare,

2148 2313 2491 2384 nullamque
2523 2314 2642 2368 fore
2676 2312 2962 2367 malorum
2986 2313 3406 2367 intentatorum
3432 2312 3800 2367 dilationem.

2148 2401 2292 2465 Quia
2319 2418 2451 2456 vero
2483 2401 2840 2455 comminata
2858 2407 2946 2456 est
2965 2400 3268 2471 Scriptura
3289 2399 3642 2471 Babylonem
3675 2405 3801 2455 tan-

2149 2507 2326 2560 quam
2375 2491 2626 2544 Sodoma
2677 2490 2940 2544 dirutum
2998 2489 3088 2556 iri,
3121 2489 3426 2543 sciendum
3487 2488 3654 2543 nobis
3712 2493 3801 2543 est

2150 2595 2362 2632 nomen
2391 2579 2642 2633 Sodoma
2674 2577 2893 2632 multas
2919 2579 3228 2632 admittere
3261 2577 3800 2648 interpretationes.

2149 2666 2294 2720 Nam
2321 2667 2475 2720 idem
2504 2683 2740 2734 nomen,
2761 2665 2808 2720 si
2841 2666 3270 2737 interpreteris,
3293 2671 3462 2720 sonat
3484 2667 3802 2735 caecitatem,

2147 2755 2515 2820 sterilitatem,
2561 2759 2814 2810 constans
2863 2755 3172 2823 silentium,
3202 2755 3644 2820 similitudinem,
3678 2769 3803 2810 evo-

2147 2845 2420 2898 cationem
2459 2850 2518 2898 et
2567 2844 2990 2913 functamentum
3046 2859 3252 2896 eorum.
3287 2842 3613 2898 Gomorrha
3669 2858 3802 2898 vero

2146 2931 2430 3002 accipitur
2459 2948 2561 3002 pro
2595 2949 2853 2987 mensura
2900 2937 2956 2986 et
2984 2931 3279 2986 seditione.
3331 2930 3547 2985 Verum
3581 2933 3630 2984 si
3660 2930 3798 3000 quis

2147 3020 2287 3074 velit
2308 3021 2677 3091 interpretari
2702 3020 2994 3091 quomodo
3015 3019 3267 3090 Babylon
3287 3035 3450 3089 aeque
3468 3035 3533 3073 ac
3550 3019 3805 3073 Sodoma

2151 3107 2414 3163 funditus
2445 3109 2695 3162 delenda
2725 3110 2824 3173 sit,
2851 3107 2995 3161 nihil
3029 3107 3102 3172 ei,
3126 3107 3352 3176 opinor,
3375 3124 3523 3177 opus
3556 3113 3649 3162 est
3675 3123 3803 3161 om-

2069 3185 2112 3252 C
2152 3197 2325 3251 nibus
2350 3196 2441 3251 his
2464 3196 3069 3268 interpretationibus.
3096 3196 3250 3250 Deus
3270 3195 3424 3249 enim
3449 3211 3577 3250 eam
3602 3195 3659 3250 in
3683 3212 3805 3250 mo-

2154 3285 2290 3339 dum
2330 3284 2556 3350 medici,
2582 3285 2680 3356 qui
2711 3285 3029 3339 caecitatem
3065 3288 3249 3350 curat,
3274 3283 3502 3337 videtur
3525 3289 3804 3352 evertere,

2157 3379 2222 3426 ut
2252 3373 2551 3428 beneficiis
2599 3373 2817 3428 alticiat
2855 3389 3105 3428 eversos.
3142 3373 3243 3427 Est
3291 3377 3486 3426 autem
3535 3371 3807 3428 caecitatis

2156 3463 2376 3516 eversio
2418 3462 2649 3516 initium
2683 3461 2939 3516 videndi.
2964 3462 3111 3524 Quin
3160 3461 3334 3514 etiam
3368 3476 3398 3514 e
3430 3460 3624 3515 medio
3656 3460 3812 3516 tollit

2156 3549 2548 3619 sterilitatem,
2579 3555 2642 3603 ut
2671 3549 2941 3621 ablegata
2987 3555 3043 3603 et
3090 3549 3332 3620 expulsa
3363 3548 3807 3619 infecunditate,

2155 3637 2238 3692 eis
2271 3638 2524 3692 fructum
2558 3654 2799 3708 operum
2820 3637 3066 3707 justitia:
3099 3636 3402 3707 largiatur.
3428 3637 3688 3692 Destruit
3717 3637 3810 3692 iti-

2155 3727 2288 3781 dem
2320 3731 2602 3781 constans
2636 3726 2960 3794 silentium,
2997 3731 3058 3780 ut
3090 3743 3418 3780 sermonem
3453 3726 3522 3778 ad
3557 3725 3806 3795 gloriam

2156 3820 2270 3869 Deo
2297 3816 2550 3869 dandam
2600 3815 2660 3868 in
2701 3816 2875 3870 corda
2906 3815 3205 3868 immittat.
3237 3817 3425 3885 Atque
3473 3814 3618 3868 adeo
3670 3829 3806 3869 cum

2156 3902 2539 3958 Gomorrbam
2591 3902 2795 3957 evertit
2828 3902 3328 3974 (quandoquidem
3381 3902 3726 3968 Gomorrha,
3759 3901 3810 3958 si

2155 3993 2289 4064 quis
2338 3992 2778 4063 interpretetur,
2812 3998 3128 4062 utrumque
3180 3996 3370 4056 sonat,
3401 4007 3721 4046 mensuram
3750 3995 3812 4046 et
3866 4033 3872 4039 .

2153 4081 2518 4151 seditionem),
2551 4081 2704 4137 589
2739 4085 2861 4134 tum
2913 4081 3219 4134 excitatam
3259 4080 3313 4134 in
3347 4095 3414 4133 ea
3458 4079 3808 4135 seditionem

2155 4186 2221 4223 ac
2253 4169 2748 4241 perturbationem
2784 4169 3142 4240 comprimit,
3179 4175 3244 4222 ut
3279 4168 3543 4223 seditiosi
3576 4168 3635 4223 in
3667 4185 3804 4223 con-

2153 4258 2333 4313 trario
2365 4262 2519 4311 statu
2553 4257 2878 4324 constituti,
2914 4258 3069 4327 pacis
3100 4256 3384 4323 videlicet,
3406 4257 3655 4311 evadant
3685 4271 3806 4311 me-

2155 4346 2350 4401 liores.
2377 4347 2658 4400 Cazlerum
2692 4345 2962 4416 quisquis
3007 4345 3219 4398 sideris
3270 4342 3516 4397 natalitii
3547 4344 3662 4398 vim
3700 4343 3808 4398 ad-

391 4433 602 4491 τοότων
633 4436 940 4496 συστάσεως
971 4434 1195 4512 ἀφιστὰς
1225 4441 1324 4504 τῆς
1357 4433 1433 4496 εἷς
1478 4434 1571 4490 τὸν
1621 4441 1748 4489 Θεον
1803 4435 2038 4496 πίστεῶς

2153 4425 2552 4504 mittitﬂtque
2583 4432 2993 4489 necessitatem
3027 4437 3084 4487 et
3115 4433 3298 4488 fatum
3323 4435 3382 4487 et
3409 4433 3628 4487 exitum
3664 4431 3810 4488 fata-

463 4637 538 4706 (8)
568 4636 808 4692 Codices
841 4634 1131 4706 nonnulli,
1163 4629 1494 4706 παρέδωκεν.

465 4705 542 4778 (9)
577 4710 664 4762 ita
695 4705 1121 4779 Qembeﬁsiani
1152 4705 1294 4762 mss.
1329 4706 1570 4779 perinde
1619 4708 1792 4779 atque
1838 4705 2042 4779 nostri.

391 4775 868 4860 νοίχςτριχιιῷντας
905 4775 1786 4860 .typograph‘is‘:exciderat.‘llic
1831 4778 2047 4834 desunt

393 4849 618 4922 paginae
650 4849 874 4922 aliquot
904 4849 962 4922 in
988 4849 1186 4922 primo
1213 4849 1792 4922 Colbertino_codice.

464 4921 574 4993 (10)
607 4921 781 4988 Editi,
820 4920 881 4974 τὸ
931 4920 1193 4976 ἀστατεῖν.
1227 4924 1298 4978 At
1329 4939 1470 4977 mss.
1505 4920 1770 4993 plerique
1814 4935 2041 4986 omnes,

391 4990 454 5044 τὸ
475 4986 731 5047 ἄστατον.

466 5063 571 5132 (11)
603 5064 808 5136 Codex,
831 5081 1010 5134 unus,
1047 5060 1433 5136 μετατιθέντες,
1468 5061 1681 5118 Vocem
1717 5059 1880 5136 Σίειν.
1915 5079 2041 5134 qua:

393 5137 750 5208 paulogante
797 5134 1303 5208 legitur,reperiri
1336 5135 1569 5208 quidem
1622 5135 1778 5207 apud
1829 5135 2040 5208 Proco-

393 5207 554 5275 pium
587 5205 1058 5263 Montfauconius
1089 5205 1146 5262 in
1183 5205 1450 5276 Hexaplis
1494 5205 1677 5261 tradit
1707 5223 1720 5260 :
1754 5206 1854 5261 sed
1884 5205 2039 5261 litte-

391 5295 516 5332 ram
550 5282 590 5329 Σ
623 5279 798 5332 deleri
825 5279 1035 5335 debere
1067 5283 1282 5335 censet.
1319 5279 1456 5349 Ejus
1495 5278 1616 5332 haec
1648 5283 1785 5332 sunt
1819 5293 1830 5332 :
1868 5278 2039 5332 Litte~

391 5366 513 5403 ram
546 5354 584 5400 Σ
617 5350 762 5404 male
808 5354 1090 5422 proposuit
1130 5352 1500 5421 (Procopius),
1532 5359 1592 5404 ut
1638 5352 1899 5417 arguitur
1928 5366 2041 5404 non

388 5422 573 5476 solum
601 5439 675 5477 ea:
717 5422 972 5477 Hebraico
1023 5422 1306 5490 hodierno,
1337 5422 1430 5476 sed
1475 5424 1640 5476 etiam
1672 5437 1743 5476 ea:
1769 5423 2038 5492 Hierony-

390 5510 496 5560 mo,
532 5495 632 5564 qui
656 5494 739 5565 sic
763 5492 921 5565 habet
949 5511 967 5547 :
998 5493 1105 5550 Pro
1138 5493 1314 5550 ululis
1343 5509 1576 5565 quoque
1605 5509 1808 5548 omnes
1839 5491 2037 5564 ipsum

390 5563 635 5621 verbum
694 5563 1044 5621 Hebraicum
1095 5567 1218 5634 iim,
1249 5563 1378 5622 soli‘
1417 5563 1558 5621 LXX
1612 5563 2038 5622 onocentauros

392 5636 843 5694 transtulerunt.
875 5635 1187 5708 Legendum
1229 5638 1416 5709 itaque
1442 5635 1564 5694 ῗείν.
1595 5639 1757 5711 Nam,
1783 5640 1850 5694 ut
1870 5637 2039 5710 paulo

2155 4643 2286 4690 ante
2314 4633 2652 4703 dicebamus,
2686 4631 2863 4690 Graeci
2904 4649 3045 4687 mem
3085 4632 3407 4687 Hebraicum
3448 4631 3617 4703 ﬁnale
3661 4645 3808 4703 saepe

2154 4707 2455 4763 terminant
2512 4721 2609 4774 per
2636 4701 2713 4759 ⁷ν.
2776 4707 2932 4770 Quod
2979 4705 3025 4758 si
3075 4704 3329 4760 litteram
3363 4708 3402 4755 Σ
3437 4705 3493 4758 in
3524 4701 3803 4774 Procopio

2155 4778 2333 4833 deleri
2376 4773 2647 4848 oportet:
2681 4777 2886 4831 eadem
2929 4775 3191 4831 deleatur
3221 4791 3458 4848 necesse
3506 4778 3594 4828 est
3641 4778 3698 4829 et
3744 4773 3805 4848 in

2153 4847 2429 4916 Eusebio,
2457 4849 2515 4902 in
2558 4849 2728 4916 cujus
2777 4848 3204 4904 Commentario
3237 4847 3393 4903 edita
3440 4859 3670 4916 quoque
3715 4847 3805 4899 est

2152 4921 2274 4977 ha-c
2305 4937 2412 4975 vox
2443 4935 2576 4974 cum
2611 4923 2672 4974 Σ.

2222 4993 2335 5064 (12)
2365 4991 2598 5064 Codices
2630 4991 2766 5060 duo,
2801 4988 3027 5064 ζαιινιειῖὸνἶ
3128 5057 3137 5064 ,
3389 5055 3401 5064 _
3458 5054 3481 5064 _,
3552 5054 3578 5064 ,.

2359 5062 2603 5139 ΔΛΜΞ(ψᾷ
2648 5054 2779 5139 ἰνθιὲ»⁸
2817 5062 2972 5128 libri,
3009 5057 3268 5139 ὁμοίωμα
3316 5054 3731 5139 κιαὶᾙέδινιλιοςτις,Δ
3749 5059 3806 5110 et

2148 5129 2237 5191 ita
2263 5129 2474 5205 legisse
2505 5129 2735 5189 videtur
2767 5129 3074 5204 interpres,
3094 5129 3456 5205 quiverterit
3489 5148 3501 5184 z
3533 5129 3734 5205 similit
3765 5146 3804 5176 ι-

2149 5199 2356 5274 άίηθηῇ
2392 5207 2840 5262 declinationem.
2867 5199 2935 5257 At
2970 5199 3450 5273 Regiisccundus
3487 5206 3544 5274 et
3569 5199 3802 5274 tertius,

2149 5271 2428 5345 ἔκκλησις’
2461 5295 2636 5349 quam
2671 5277 2976 5332 lectionem
3010 5271 3202 5328 veram
3236 5289 3363 5327 esse
3395 5273 3539 5327 satis
3571 5271 3800 5349 intelli-

2149 5353 2311 5422 gitur
2340 5367 2403 5405 ex
2435 5348 2501 5405 eo
2533 5349 2679 5408 loco,
2715 5349 2809 5403 ubi
2846 5365 2961 5422 vos
2993 5361 3250 5422 Sirenum
3288 5349 3404 5398 tam
3455 5348 3622 5422 grata
3668 5358 3798 5422 esse

2149 5417 2381 5487 dicitur,
2409 5428 2471 5476 ut
2502 5426 2699 5476 evocet
2727 5427 2783 5476 et
2813 5419 3030 5474 alliciat
3063 5417 3132 5471 ad
3167 5423 3493 5487 peccatum.
3522 5417 3650 5472 Mox
3679 5417 3795 5470 duo

2147 5511 2317 5557 mss”
2347 5490 2435 5546 καὶ
2471 5488 2738 5562 θεμέλιοι.

2219 5554 2328 5640 (14)
2359 5565 2456 5622 Sic
2485 5554 2632 5621 mss.
2667 5565 2742 5618 At
2764 5559 2926 5628 editi,
2956 5555 3046 5612 καὶ
3075 5554 3478 5636 καταστρέφειν.
