4150 6402
379 365 500 427 605

1184 361 1592 425 COMMENT.
1638 363 1716 424 IN
1760 363 2030 425 ISAIAM
2077 366 2583 432 PROPHETAM.
2629 373 2799 433 CAP.
2844 372 3004 432 XIV.

3683 371 3803 432 606

377 496 444 551 τὰ
473 493 731 554 ποικίλας
767 491 818 546 ἐν
849 494 986 565 ἡμῖν
1019 490 1340 568 ἐνεργοῦντα
1371 492 1634 568 ἁμαρτίας
1667 496 1802 567 (21),
1842 494 2032 569 ὀρχιῖ-

2152 498 2500 573 nionemque
2539 504 2987 558 annuntiantem
3019 507 3194 570 amet,
3224 504 3395 559 velim
3440 507 3610 575 putes
3640 503 3797 559 hunc

380 597 500 648 σθαι
534 581 765 658 λέγεταιο
806 578 984 635 διὰτὸ
1031 582 1130 648 τὴν
1191 579 1421 656 ὄρχησιν
1480 579 1832 652 παντοδαπὴν
1904 584 2036 639 εἶναι

387 671 570 745 μελὼν
591 670 826 740 κίνησιν.
860 670 966 724 Καὶ
1001 666 1188 739 ἐπειδὴ
1223 671 1273 724 οἱ
1305 669 1599 746 ὀρχησταὶ,
1633 669 1835 726 ἄλλοτε
1896 669 2039 728 ἄλλα

384 763 652 836 πρόσωπα
685 762 796 833 (22)
823 755 1062 833 ἔχοντες,
1095 759 1197 826 τήυ
1230 761 1435 828 σκηνὴν
1486 756 1993 832 καταλαμϐάνουσιν
2023 781 2036 793 ·

383 851 555 912 οὕτως
599 850 651 902 οἱ
685 845 939 920 δαίμονες
966 847 1041 907 ὡς
1069 849 1439 922 προσωπείοις
1485 850 1620 922 ἡμῖν
1672 851 2036 923 κεχρημένοι,

378 945 471 994 νῦν
532 939 626 1010 μὲν
680 937 975 1012 ὀρχοῦνται
1033 941 1124 990 τὸν
1196 935 1560 1009 θυμούμενον,
1593 942 1685 992 νῦν
1720 936 1776 992 δὲ
1803 937 1894 992 τὸν
1930 935 2042 992 ἔπι-

381 1031 678 1100 θυμοῦντα,
709 1026 798 1081 καὶ
858 1025 982 1099 περὶ
1040 1026 1140 1094 τήν
1202 1029 1309 1079 τῶν
1341 1031 1552 1100 σαρκῶν
1589 1028 1701 1098 (23)
1734 1025 2036 1081 ἀπόλαυσιν

379 1116 738 1190 ἑπτοημὲνον,
774 1112 976 1170 ἄλλοτε
999 1115 1088 1169 τὸν
1140 1110 1496 1186 ψευδόμενον·
1542 1116 1630 1169 καὶ
1689 1114 1831 1169 οὕτω
1889 1116 2039 1190 γινό-

383 1207 517 1279 μεθα
575 1202 802 1260 ποικίλα
861 1201 1206 1278 ἐνεργήματα
1273 1198 1549 1275 δαιμόνωο
1613 1201 2037 1279 ὑποδεχόμενοι,

376 1297 513 1350 κατὰ
566 1295 627 1349 τὸ
685 1291 954 1367 βούλημα
985 1289 1202 1345 ἐκείνων
1235 1291 1330 1345 καὶ
1387 1292 1486 1360 τήν
1547 1289 1768 1366 καρδίαν
1830 1293 2036 1346 ἑαυτῶν

386 1383 477 1440 καί
531 1384 597 1437 τὰ
651 1386 750 1436 τοῦ
811 1381 1064 1452 σώματος
1101 1379 1244 1452 μὲλη
1300 1380 1692 1452 μετατιθέντες.
1732 1383 1893 1436 Ὅταν
1946 1380 2036 1436 οὖν

377 1470 506 1546 ’ίδῃς
539 1475 631 1524 νῦν
669 1471 766 1542 μὶν
798 1458 1016 1544 ἀκράτῳ
1047 1470 1158 1541 (24)
1206 1466 1412 1542 γέλωτι
1469 1468 1841 1543 κατεχόμενόν
1898 1491 2036 1539 τινα,

386 1565 480 1616 νῦν
514 1559 571 1614 δὲ
603 1559 705 1614 ὑπὸ
736 1557 916 1627 λύπης
962 1557 1448 1628 τεταπεινωμένον,
1483 1557 1924 1632 σπαρασσόμενον
1985 1557 2036 1613 ἄν

389 1654 650 1710 κοπετοῖς
707 1647 794 1701 καὶ
855 1644 1161 1718 κλαυθμοῖς
1210 1645 1300 1700 καὶ
1353 1645 1643 1722 οἰμωγαῖς·
1677 1645 2036 1719 ἐνθυμήθητι,

388 1737 472 1792 ὅτι
505 1737 558 1792 ἐν
600 1735 748 1807 αὐτῷ
781 1734 1031 1810 ὀρχεῖταί
1057 1756 1142 1796 τις
1177 1731 1321 1790 ἄλλα
1363 1733 1452 1789 καὶ
1489 1732 1634 1790 ἄλλα
1683 1731 2038 1808 μεταλαμϐά-

382 1846 488 1881 νων
519 1827 800 1901 σχήματα.
833 1823 940 1879 Καὶ
972 1827 1060 1876 νῦν
1095 1823 1189 1896 μὲν
1219 1823 1281 1877 τὸ
1306 1829 1405 1892 τῆς
1453 1820 1812 1900 φιλαργυρίας
1861 1823 2038 1900 εῗσέρ-
2070 1866 2116 1932 Β

385 1936 542 1992 χεται
597 1912 800 1988 δρᾶμα,
835 1918 920 1967 νῦν
980 1911 1037 1967 δὲ
1083 1913 1148 1968 τὸ
1196 1919 1296 1982 τῆς
1328 1910 1657 1984 κενοδοξίας,
1691 1911 1893 1982 ἄλλοτε
1922 1915 2035 1987 (25)

381 2005 445 2058 τὸ
473 2006 574 2072 τῆς
605 2001 992 2077 ὑπερηφανίας.
1025 2000 1210 2062 ’Όλως
1243 1997 1300 2055 δὲ
1330 2005 1658 2076 κατασκιρτᾷ
1712 2006 1810 2055 τοῦ
1847 2003 2036 2077 γένους

381 2095 491 2148 τῶν
543 2090 864 2167 ἀνθρώπων,
919 2088 1226 2165 ἐγχορεύων
1275 2110 1333 2144 τε
1378 2089 1467 2144 καὶ
1521 2089 1859 2165 ὀρχούμενος
1915 2096 2035 2153 ταῖς

388 2176 641 2243 εὐκόλοις
668 2182 894 2254 ψυχαῖς,
926 2179 1016 2232 καὶ
1065 2179 1202 2254 πρὸς
1262 2177 1526 2252 ἁμαρτίαν
1585 2173 2033 2251 εὗμεταϐλήτοις.

385 2269 460 2324 Τὸ
491 2265 548 2322 8t
577 2272 684 2322 τῶν
719 2265 1116 2339 ὀνοκενταύρων
1147 2262 1321 2340 ὄνομα
1351 2266 1602 2322 σύνθετον
1647 2267 1898 2343 ἰμφαίνει
1949 2290 2037 2324 τι-

385 2356 451 2410 να
475 2356 564 2411 καὶ
598 2355 902 2412 ἀλλόκοτον
938 2356 1081 2424 ζώου
1133 2355 1403 2410 σύστασιν·
1437 2353 1584 2423 πλὴν
1643 2355 1724 2410 ὅτι
1773 2358 1860 2411 καὶ
1905 2358 2038 2412 αὐτὸ

387 2442 648 2517 δαίμονός
677 2443 818 2499 ἐστιν
847 2441 1012 2514 εἶδος,
1046 2448 1136 2496 νῦν
1178 2445 1271 2517 μὲν
1300 2447 1448 2517 ἡμᾶς
1477 2446 1613 2519 πρὸς
1658 2445 1726 2499 τὰ
1773 2445 2040 2520 ἀνθρώπι-

387 2554 452 2590 να
483 2528 815 2589 ἀποϐλέπειν
865 2537 1178 2601 ποιοῦντος,
1209 2536 1298 2588 νῦν
1359 2531 1416 2588 δὲ
1461 2535 1599 2607 πρὸς
1650 2534 1716 2588 τὰ
1780 2533 2036 2606 κτηκώδη

390 2621 789 2697 κατασῦροντος
851 2621 1018 2692 πάθη.
1070 2627 1124 2675 '0
1175 2619 1232 2676 δὶ
1290 2621 1479 2697 ἐχῖνος
1541 2621 1677 2690 ζῶόν
1723 2622 1862 2677 ἐστιν
1921 2623 2037 2678 ἀντὶ

387 2714 598 2785 τριχῶν
629 2709 856 2771 ἀκάνθας
881 2710 1274 2788 ἠμφιεσμένον,
1317 2707 1628 2778 δύσληπτον
1659 2712 1746 2764 καὶ
1801 2715 2040 2787 πανοῦρ-

375 2821 500 2875 ιγον.
559 2803 738 2854 Ταῦτα
791 2797 963 2854 πάντα
1013 2798 1154 2873 ταχὺ
1213 2797 1329 2868 ἥξει
1388 2798 1476 2852 ἐπὶ
1533 2800 1634 2867 τὴν
1695 2800 2038 2874 συγκεχυμέ-

387 2907 486 2956 νην
516 2888 721 2962 ψυχὴν,
755 2888 846 2942 καὶ
901 2884 1130 2960 οὐδεμία
1182 2888 1481 2962 παράτασις
1539 2885 1685 2943 ἔσται
1741 2892 1849 2942 τῶν
1903 2891 2040 2961 ἡμε-

391 2997 498 3054 ρων
511 3019 524 3032 ο

2152 604 2254 657 per
2280 589 2846 663 blandiloquentiam
2873 598 2929 645 et
2950 593 3406 648 assentationem
3430 594 3736 663 deceptum
3771 610 3804 646 a

2151 677 2446 732 sirenibus
2479 680 2746 734 detineri.
2777 681 2928 735 σου
2957 682 3064 734 Sed
3093 687 3150 735 et
3181 681 3467 735 daemonia
3497 698 3623 751 quas
3643 682 3804 735 varia

2151 763 2207 818 in
2242 767 2409 821 nobis
2445 769 2777 839 producunt
2807 774 3062 838 peccata,
3087 768 3301 824 saltare
3324 769 3621 838 dicuntur,
3646 769 3802 839 quod

2151 856 2383 909 saltatio
2405 857 2629 928 integra
2650 858 2723 911 sit
2744 857 3140 912 membrorum
3162 858 3417 928 agitatio.
3437 859 3504 912 Et
3521 858 3800 929 quoniam

2151 943 2480 1014 saltatores,
2500 945 2631 1000 aliis
2656 954 2829 1016 atque
2852 945 2984 1000 aliis
3007 946 3230 1000 indutis
3255 947 3543 1018 personis,
3563 947 3805 1000 veniunt

2151 1031 2209 1084 in
2257 1049 2492 1087 scenam
2529 1049 2542 1087 :
2577 1034 2660 1088 ita
2711 1036 3006 1088 daemones
3060 1033 3229 1089 nobis
3282 1035 3424 1105 ipsis
3473 1049 3578 1089 ceu
3628 1035 3805 1088 larvis

2151 1125 2402 1190 utentes,
2431 1123 2604 1177 modo
2633 1123 2872 1192 quidem
2908 1123 3280 1189 irascentem,
3306 1124 3479 1178 modo
3506 1138 3640 1177 vero
3663 1138 3804 1176 con-

2149 1211 2570 1280 cupiscentem,
2586 1229 2650 1266 ac
2671 1210 3010 1266 carnalibus
3030 1211 3429 1282 voluptatibus
3452 1211 3804 1278 inhiantem,

2149 1299 2322 1353 modo
2354 1301 2531 1354 etiam
2562 1302 2899 1355 mendacem
2933 1299 3201 1355 saltando
3235 1304 3656 1371 reprmsentant
3678 1316 3691 1354 :
3717 1303 3804 1353 at-

2149 1403 2263 1458 que
2288 1387 2398 1442 hoc
2421 1395 2588 1458 pacto
2611 1389 2800 1444 varias
2829 1389 3146 1459 recipimus
3168 1389 3493 1442 demonum
3522 1388 3803 1453 actiones,

2149 1476 2250 1546 qui
2296 1476 2519 1531 scilicet
2565 1494 2633 1532 ex
2682 1494 2883 1532 eorum
2917 1476 3216 1532 voluntate
3275 1493 3374 1531 cor
3431 1480 3696 1531 nostrum
3747 1479 3806 1530 et

2149 1565 2410 1636 corporis
2443 1566 2706 1620 membra
2738 1571 3194 1621 commutemus.
3225 1566 3368 1621 Cum
3405 1564 3586 1635 igitur
3620 1579 3804 1618 unum

2148 1652 2403 1724 aliquem
2437 1655 2810 1726 conspexeris
2837 1671 2994 1709 nunc
3026 1654 3146 1709 risu
3179 1653 3498 1708 immodico
3531 1653 3806 1708 difﬂuen-

2147 1746 2291 1810 tem,
2316 1759 2470 1798 nunc
2503 1760 2617 1815 prae
2655 1743 2896 1798 tristitia
2926 1745 3214 1813 dejectum
3250 1748 3307 1796 et
3337 1747 3807 1808 consternatum,

2154 1835 2329 1900 atque
2363 1830 2670 1900 molestiis,
2705 1832 2940 1887 ﬂetibus
2984 1836 3040 1886 et
3080 1831 3399 1899 gemitibus
3431 1829 3807 1895 dilaniatum,

2147 1923 2272 1973 tum
2307 1920 2646 1991 quempiam
2679 1921 2738 1975 in
2770 1922 2898 1992 ipso
2930 1920 3144 1975 saltare
3182 1918 3422 1991 cogites,
3455 1919 3601 1974 alias
3632 1923 3808 1989 atque

2148 2007 2294 2063 alias
2328 2010 2546 2064 formas
2595 2015 2946 2064 sumentem.
2983 2013 3050 2062 Et
3096 2009 3269 2062 modo
3321 2007 3598 2074 avaritiae,
3633 2008 3807 2062 modo

2147 2096 2345 2152 inanis
2361 2096 2578 2168 gloriae,
2596 2097 2769 2152 modo
2791 2097 3079 2167 superbiae
3100 2103 3499 2151 commentum
3520 2111 3587 2150 ac
3606 2092 3807 2150 fabula

2149 2185 2515 2256 exprimitur.
2536 2185 2661 2240 Uno
2686 2186 2880 2250 verbo,
2905 2185 3238 2256 tripudians
3260 2185 3459 2254 generi
3492 2183 3803 2238 hominum

2147 2272 2555 2340 insultat,cum
2582 2273 2636 2327 in
2670 2273 2982 2328 animabus
3011 2272 3381 2345 simplicibus
3413 2279 3467 2327 et
3497 2273 3566 2327 ad
3599 2287 3803 2343 pecca-

2150 2365 2275 2416 tum
2307 2361 2474 2416 valde
2521 2361 2893 2417 versatilibus
2945 2361 3216 2416 cboream
3268 2362 3388 2432 agit
3417 2368 3470 2416 et
3501 2359 3697 2415 saltat.
3730 2364 3806 2418 At

2149 2467 2283 2505 vero
2300 2456 2831 2511 onocentaurorum
2851 2467 3063 2506 nomen
3082 2449 3465 2521 compositam
3483 2448 3804 2519 quamdam

2149 2543 2206 2593 et
2227 2545 2621 2594 monstrosam
2645 2538 2916 2593 animalis
2939 2539 3462 2594 conformationem
3486 2536 3802 2606 significat,

2151 2626 2261 2680 nisi
2296 2627 2449 2697 quod
2481 2627 2707 2698 species
2738 2627 2815 2681 sit
2852 2627 3026 2681 etiam
3061 2625 3344 2681 daamonis
3378 2642 3390 2678 :
3427 2642 3538 2694 quo
3569 2631 3804 2680 auctore

2149 2719 2207 2770 et
2235 2714 2555 2786 impulsore
2602 2731 2756 2769 nunc
2790 2715 3028 2786 quidem
3062 2715 3118 2769 in
3154 2731 3246 2769 res
3281 2713 3572 2768 humanas
3603 2711 3802 2768 oculos

2149 2803 2517 2872 conjicimus,
2543 2821 2698 2857 nunc
2727 2819 2861 2858 vero
2893 2805 2961 2857 ad
2997 2804 3302 2857 brutorum
3338 2800 3684 2856 animalium
3717 2817 3804 2856 ra-

2148 2891 2345 2963 pimur
2375 2891 2639 2947 affectus.
2668 2893 3021 2947 Herinaceus
3041 2897 3234 2946 autem
3258 2889 3474 2945 animal
3503 2889 3800 2959 quoddam

2149 2984 2258 3043 est,
2291 2980 2445 3050 quod
2496 2980 2618 3036 vice
2671 2978 2918 3050 pilorum
2969 2979 3244 3034 amicitur
3297 2977 3505 3048 spinis,
3539 2981 3596 3031 et
3640 2976 3796 3047 quod

384 3065 627 3122 difﬁcile
657 3071 832 3136 captu
863 3071 954 3121 est
981 3069 1038 3121 et
1067 3070 1350 3121 astutum.
1384 3065 1594 3122 Omnia
1625 3066 1745 3121 haac
1777 3068 1890 3122 cito
1919 3071 2170 3122 ventura
2218 3073 2358 3121 sunt
2390 3067 2448 3122 in
2480 3069 2740 3123 animam
2771 3069 3075 3122 confusam
3127 3071 3185 3122 et
3234 3068 3657 3138 perturbatam,
3690 3079 3797 3120 nec

381 3153 506 3210 ulla
534 3155 644 3211 erit
672 3156 901 3210 dierum
933 3155 1170 3210 illorum
1203 3169 1384 3211 mora.

930 3383 1332 3434 ΚΕΦΔΛΑΙΟΝ
1376 3381 1474 3436 ΙΔ’.

455 3489 580 3542 277.
614 3483 716 3541 Καὶ
775 3483 987 3553 ἰλεήσει
1047 3483 1248 3559 Κύριος
1305 3485 1393 3540 τὸν
1455 3481 1669 3553 Ἰακὼϐ,
1729 3487 1816 3540 καὶ
1875 3485 2035 3541 ἐκλε-

393 3575 536 3644 ξεται
599 3574 690 3628 τὸν
751 3572 991 3649 Ἰσραήλ.
1051 3573 1281 3646 Νομίζω
1357 3572 1519 3649 λόγον
1571 3571 1742 3650 ἔχειν,
1793 3575 1854 3628 τὸ
1915 3575 2033 3648 μὲν,

385 3662 636 3734 Ἐλεήσει
669 3665 806 3732 (26),
839 3663 1097 3736 τετάχθαι
1131 3661 1218 3717 ἐπὶ
1274 3666 1371 3716 τοῦ
1421 3658 1636 3730 Ἰακὼϐ,
1690 3663 1820 3736 ὅπερ
1861 3662 2038 3740 ἔχρη-

391 3751 608 3824 μάτιζεν
663 3746 838 3822 ὄνομα
897 3749 1062 3825 μέχρι
1119 3753 1216 3821 τῆς
1278 3750 1462 3820 πάλης
1491 3759 1593 3820 τῆς
1627 3750 1714 3806 ἰπὶ
1773 3757 1869 3806 τοῦ
1923 3755 2036 3827 (27)

390 3833 609 3895 Ἰακὼϐ’
669 3838 733 3892 τὸ
792 3835 872 3904 δὲ,
926 3837 1254 3917 Ἐκλέξεται,
1315 3839 1403 3894 ἰπὶ
1451 3844 1549 3894 τοῦ
1607 3839 1854 3914 Ἰσραὴλ,
1904 3839 2036 3917 ὅπερ

390 3925 556 3990 ἆθλον
591 3925 677 3981 ἐπὶ
701 3930 771 4000 τῇ
808 3925 957 4001 πάλῃ
991 3925 1202 3982 δέδοται
1259 3933 1338 4000 τῷ
1377 3927 1718 4004 πατριάρχῃ.
1753 3928 2037 4007 Ἑμφαίνει

385 4013 445 4070 δὲ
472 4015 566 4068 τὸν
595 4015 687 4088 μὶν
719 4010 1097 4091 ταπεινότερον
1132 4017 1160 4070 ὁ
1187 4015 1530 4089 ἐλεούμενος,
1562 4018 1623 4071 τὸ
1654 4016 1711 4072 δὲ
1763 4015 2036 4095 διαφορώ-

385 4124 542 4177 τερον
610 4104 638 4158 ὀ
688 4102 1068 4180 ἐκλεγόμενος.
1131 4103 1352 4180 Διόπερ,
1411 4105 1469 4160 Ὀ
1535 4105 1736 4179 Κύριος
1822 4103 2038 4174 ἐλεήσει

395 4193 487 4266 μὲν
564 4192 657 4248 τὸν
737 4187 952 4261 ’[ακὼϐ,
1009 4191 1278 4262 ἐκλέξεται
1340 4196 1452 4264 (28)
1509 4193 1564 4249 δὲ
1640 4193 1731 4248 τὸν
1795 4189 2039 4265 Ἰσραῆλ,

390 4281 584 4354 ὅμοιὸν
639 4279 749 4336 ἐστι
799 4280 1004 4354 τούτῳ’
1041 4277 1239 4336 Ἰακὼϐ
1293 4283 1321 4336 ὁ
1374 4288 1504 4347 παῖς
1553 4303 1679 4356 μου,
1737 4279 2038 4356 ἀντιλήψο-

391 4391 488 4445 μαι
544 4370 752 4424 αὐτοῦ’
816 4368 1037 4446 Ἰσραὴλ
1093 4370 1121 4424 ὁ
1181 4369 1435 4434 ἐκλεκτός
1494 4393 1620 4445 μου,
1679 4367 2038 4447 προσεδέξατο

381 4459 544 4514 αὐτὸν
575 4461 612 4528 ἡ
642 4459 796 4534 ψυχή
833 4478 960 4530 μου.
994 4457 1072 4516 Τὸ
1133 4459 1227 4531 μὶν
1289 4460 1393 4536 γὰρ
1423 4455 1616 4518 Ἰακὼϐ
1665 4459 1752 4514 ἐπὶ
1808 4463 1904 4514 τοῦ
1959 4455 2037 4514 ἔτι

384 4546 837 4623 στοιχειουμὲνου
894 4545 984 4601 καί
1055 4553 1372 4621 σωματικοῦ
1439 4544 1798 4624 λαμϐάνεται,
1855 4548 1920 4603 τὸ
1981 4544 2040 4602 δὶ

381 4633 606 4712 Ἰσραὴλ
683 4635 773 4691 ἐπὶ
864 4639 962 4691 τοῦ
1060 4636 1369 4712 κρείττονος
1464 4637 1555 4693 καὶ
1641 4640 2035 4711 πνευματικοῦ.

458 4763 503 4799 ³⁷
534 4762 676 4819 Gen.
707 4779 884 4834 χχχιι,
915 4763 1007 4819 28.
1085 4764 1129 4801 ³³
1160 4763 1306 4820 ibid.
1383 4764 1428 4801 ⁸⁹
1455 4770 1570 4822 Isa.
1601 4782 1742 4832 XLII,
1776 4765 1828 4820 1.

2760 3381 2993 3438 CAPUT
3031 3381 3171 3438 XIV.

2216 3490 2342 3544 277.
2377 3488 2547 3543 Vens.
2584 3490 2634 3544 1.
2682 3490 2746 3544 Ει
2795 3489 3139 3544 miserebitur
3195 3488 3454 3542 Dominus
3503 3486 3691 3554 Iacob,
3744 3491 3798 3540 et

2147 3578 2311 3648 eliget
2342 3577 2526 3632 Israel.
2561 3576 2844 3632 Existimo
2886 3576 3090 3630 rationi
3140 3593 3269 3630 esse
3317 3580 3796 3640 consentaneum,

2147 3671 2213 3720 ut
2242 3666 2506 3734 verbum,
2540 3666 2908 3732 Miserebitur,
2942 3667 3228 3720 referatur
3257 3665 3325 3718 ad
3381 3663 3558 3719 Jacob
3594 3679 3606 3717 :
3643 3662 3798 3734 quod

2147 3771 2360 3810 nomen
2393 3754 2652 3809 obtinuit
2683 3756 2754 3808 ad
2795 3770 2923 3808 eam
2969 3771 3156 3824 usque
3203 3753 3581 3808 luctationem
3618 3766 3800 3822 quam

2148 3843 2274 3914 ipse
2324 3842 2606 3897 sustinuit
2627 3842 2670 3877 ⁸⁷
2706 3859 2718 3896 :
2752 3859 2861 3897 vox
2899 3859 3054 3906 vero,
3100 3841 3300 3910 Eligei,
3334 3841 3701 3911 intelligatur
3729 3840 3802 3893 de

2146 3930 2348 3997 Israel,
2382 3933 2538 4001 quod
2591 3948 2802 3986 nomen
2838 3930 3058 4003 praemii
3112 3931 3235 3986 loco
3285 3929 3628 4001 patriarchae
3671 3933 3804 4000 post

2145 4018 2442 4075 luctamen
2485 4020 2831 4092 impositum
2865 4024 2957 4075 est
2975 4019 3038 4072 ⁸⁸.
3063 4020 3212 4084 Quia
3243 4024 3437 4074 autem
3471 4017 3802 4074 misericor-

2148 4108 2306 4162 diam
2352 4109 2751 4180 consequitur,
2802 4107 3172 4180 abjectiorem
3235 4108 3466 4178 praefert
3512 4106 3802 4161 conditio-

2149 4212 2280 4250 nem
2318 4211 2330 4250 :
2376 4196 2474 4267 qui
2523 4213 2655 4252 vero
2700 4197 2951 4266 eligitur,
2986 4195 3476 4250 excellentiorem.
3511 4193 3804 4258 Quamob-

2149 4301 2270 4338 rem
2303 4285 2494 4340 verbis
2541 4285 2694 4354 istis,
2729 4286 2991 4340 Dominus
3021 4284 3374 4341 miserebitur
3423 4282 3611 4350 Jacob,
3640 4281 3804 4350 eliget

2146 4389 2281 4428 vero
2313 4373 2506 4438 Israel,
2539 4373 2733 4427 simile
2763 4377 2852 4427 est
2885 4373 3051 4442 illud,
3082 4373 3246 4430 Jacob
3272 4387 3410 4442 puer
3437 4386 3615 4440 meus,
3641 4385 3802 4425 auu-

2147 4477 2299 4517 mam
2327 4477 2454 4516 eum
2486 4477 2506 4516 :
2535 4462 2708 4518 Israel
2735 4460 2942 4518 electus
2983 4477 3158 4531 meus,
3187 4462 3422 4531 suscepit
3459 4475 3587 4516 eum
3613 4459 3806 4513 anima

2147 4566 2269 4606 mea
2289 4550 2352 4604 ³ο.
2376 4549 2683 4606 Enimvero
2707 4549 2890 4605 Jacob
2921 4566 3025 4620 pro
3057 4566 3124 4605 eo
3157 4548 3459 4621 accipitur,
3483 4549 3586 4619 qui
3615 4548 3808 4619 prima

2149 4638 2341 4695 adhuc
2371 4642 2584 4694 tractat
2611 4637 2926 4709 elementa,
2957 4638 3177 4710 quique
3207 4635 3529 4710 corporalis
3560 4641 3679 4705 est;
3706 4652 3806 4692 su-

459 4887 706 4980 (24)Sic'
755 4893 1010 4980 quatuor
1065 4889 1200 4945 libri
1250 4895 1498 4948 veteres.
1527 4891 1702 4958 Editi,
1749 4891 1816 4944 τὰ
1867 4887 2038 4944 ποικί-

2155 4906 2408 4980 quoque,
2444 4887 2546 4944 ὅλα
2580 4885 2990 4980 δὲκκοξτασκιρτᾷ
3017 4893 3112 4944 τοῦ
3138 4890 3333 4980 ,γένους
3359 4891 3468 4980 τιῖζν
3495 4886 3799 4980 ανθρώπων

385 4956 635 5032 λω“ς..ῖ...,
663 4957 738 5019 είς
771 4956 1056 5032 ἆμαρτίας.

463 5031 572 5102 (22)
612 5029 854 5088 Codices
882 5029 1175 5096 nonnulli,
1207 5038 1550 5103 προσωπεῖα.

463 5104 575 5180 (23)
604 5103 750 5180 Edili
784 5109 841 5180 e_t
871 5120 1016 5180 mss.
1072 5119 1299 5180 omnes,
1329 5107 1437 5157 τῶν
1491 5107 1724 5180 σαρκῶν.
1757 5104 1929 5180 Quod
1966 5103 2048 5160 ait

389 5172 1112 5252 Qonibeﬁsius,lubsntem
1141 5191 1205 5230 se
1234 5172 1855 5252 Ιθοῐυῐνυω,-σαρκικιῖρν,
1877 5177 1932 5231 id
1959 5193 2048 5232 sa-

393 5244 477 5325 tis
499 5245 710 5325 placet:
733 5249 831 5302 sed
855 5248 936 5303 ita
960 5252 1260 5325 tamenzut
1289 5250 1479 5325 magis
1505 5244 1732 5325 placeat
1760 5249 2044 5325 librorum

387 5319 784 5393 antiquorum
799 5320 1141 5374 auctoritas.
1162 5319 1279 5374 Nec
1297 5319 1470 5393 ita'm
1482 5319 1602 5377 ulto
1621 5325 1754 5393 post
1775 5319 1938 5388 editi,
1953 5319 2044 5374 καὶ

389 5385 847 5464 ουτωξγενόμεθα.
878 5397 959 5464 _At
990 5407 1159 5454 ωδε..
1189 5390 1474 5464 γινόμεθα.

459 5457 585 5532 (24)
605 5457 815 5516 Vocem
848 5457 1002 5532 obve
1029 5457 1328 5532 veteri-bus
1355 5464 1521 5522 libris
1552 5463 2047 5520 addidimus.Ibi-

385 5529 518 5588 dem
554 5529 698 5587 mss.
733 5531 1023 5600 nonnulli,
1040 5529 1296 5600 ἀκρατεῖ.

457 5604 566 5677 (25)
597 5604 770 5677 Editi,
801 5598 1365 5677 ᾅλλοτε’δί.’γοου1ε
1395 5603 1454 5662 δὲ
1487 5608 1549 5664 in
1603 5623 1749 5664 mss.
1779 5622 1900 5662 non
1960 5606 2046 5663 ls-

384 5672 564 5747 gitur’.
578 5672 801 5734 Ibidem
816 5675 958 5749 Reg.
975 5676 1268 5734 secundus
1279 5683 1338 5735 et
1357 5677 1734 5738 Colbertinus
1751 5679 2046 5737 secundus

2157 4958 2527 5088 ξ’γχορεύοντα
2573 4958 2664 5015 καί
2712 4958 3036 5037 ὀρχούμενα,
3069 4958 3212 5032 ταῖς,
3264 4969 3372 5019 etc.
3421 4958 3609 5017 Velim
3661 4978 3802 5033 sup-

2157 5053 2190 5088 D
2219 5051 2338 5088 eas.
2372 5030 2647 5088 δαιμόνια.

2154 5030 2338 5108 plé'aé,
2372 5030 2647 5105 δαιμόνια.
2897 5030 2905 5034 ’
3034 5030 3036 5032 ’
3204 5030 3209 5032 ’
3738 5030 3774 5112 '-

2161 5175 2192 5177 η
2226 5107 2337 5177 (26)
2367 5105 2540 5171 Editi,
2598 5102 2662 5158 τὸ
2723 5103 2815 5174 μὲν
2876 5100 3137 5177 ἐλεήσειν.
3195 5110 3266 5160 At
3313 5101 3799 5177 mssnnonnulli,

2155 5173 2392 5247 ἐλεήσει,
2427 5183 2602 5233 recte.
2623 5178 2681 5248 In
2714 5173 3015 5248 veteribus
3046 5176 3210 5232 libris
3245 5195 3314 5232 ne
3344 5176 3656 5248 vestigium
3682 5173 3807 5244 qui-

2157 5251 2287 5306 dem
2323 5254 2565 5320 apparet
2598 5247 2846 5318 alicujus
2880 5247 3054 5320 tituli.

2228 5323 2337 5394 (27)
2363 5314 2605 5394 Codices
2638 5314 2923 5394 quinque,
2958 5315 3041 5370 ἰπὶ
3075 5319 3191 5372 τοῦ.
3226 5318 3398 5382 Editi,
3431 5314 3519 5370 ἐπὶ
3559 5317 3802 5394 τῷιῴξ-

2155 5385 2288 5450 dem
2321 5385 2510 5458 'editi,
2541 5391 2603 5444 τὸ
2656 5385 2714 5445 δὲ
2759 5385 3046 5458 ἰκλὲξεται.
3082 5395 3156 5443 At
3202 5405 3342 5445 mss.
3390 5385 3617 5456 nostri,
3653 5385 3802 5441 ἐκλέ-

2155 5485 2338 5609 ﬂag)
2366 5535 2607 5609 Yeteres
2647 5531 2910 5609 quinque
2953 5530 3108 5598 libri,
3163 5527 3467 5601 ἰλέησε.....
3501 5525 3798 5602 ὶκλίγεται.

2155 5599 2335 5679 Editi,
2361 5599 2693 5681 ἐλεήρει....’.
2725 5599 3015 5672 ἑκλίξεται.
