4150 6416
348 353 465 414 807

1337 355 1730 415 APPENDIX
1769 349 2096 415 OPERUM
2140 351 2204 412 S.
2250 351 2530 412 BASILII
2573 348 2851 413 MAGNI.

3641 341 3764 403 608

361 485 542 539 mitur
560 501 692 539 vero
715 484 892 540 Israel
925 502 1027 557 pro
1053 485 1432 555 praastantiori
1457 489 1513 539 et
1533 484 1846 556 spirituali.
1871 483 2002 540 Om-

2119 481 2300 544 ’Ὀλως
2368 483 2478 556 (29)
2529 478 2586 536 δὲ
2614 482 2644 538 6
2679 473 2871 536 Ἰακὼῦ
2902 477 2992 531 καὶ
3021 477 3050 530 ὁ
3081 471 3302 548 Ἰσραὴλ
3337 471 3762 530 ’Δναπαῦσονται

361 574 497 628 nino
532 579 725 628 autem
748 574 927 628 Jacob
955 581 1010 628 et
1043 574 1217 628 lsrael
1242 575 1585 643 Requiescent
1615 577 1672 628 in
1696 579 1849 629 terra
1880 591 2002 635 sua,

353 663 637 716 uimirum
673 663 728 716 in
764 669 916 716 terra
956 663 1080 728 illa,
1112 664 1182 716 de
1232 679 1347 727 qua
1397 663 1617 717 dictum
1669 669 1802 718 est:
1840 663 2006 718 Beati

352 753 512 806 mites
560 768 578 807 :
632 754 886 821 quoniam
941 753 1050 821 ipsi
1103 751 1450 821 possidebunt
1501 759 1711 806 terram
1733 754 1795 806 ‘0.
1828 752 2005 806 Terra

355 839 476 893 haec
509 857 622 893 non
673 845 761 893 est
810 856 943 908 pars
993 839 1189 906 istius,
1225 857 1350 910 quae
1394 841 1642 895 obnoxia
1689 845 1780 894 est
1828 840 2004 894 malc-

355 928 538 992 dicto;
569 944 744 996 quam
776 928 872 996 qui
907 928 1062 994 colit,
1096 929 1152 981 in
1198 929 1497 983 doloribus
1527 929 1780 982 comedit
1809 929 2005 981 omni-

356 1017 464 1069 bus
496 1016 700 1068 diebus
731 1017 858 1068 vitae
892 1033 1010 1069 sum
1031 1017 1095 1070 ‘1.
1131 1017 1278 1079 Quin
1313 1017 1483 1071 etiam
1517 1018 1734 1072 Jacobo
1769 1018 1911 1072 591
1951 1024 2005 1070 et

352 1103 548 1159 lsraeli
581 1104 637 1157 in
671 1109 825 1159 terra
869 1122 978 1159 sua
1031 1106 1416 1176 requiescenti
1450 1108 1669 1161 advena
1717 1107 2000 1176 adiunge-

348 1199 464 1247 tur.
517 1193 624 1257 Qui
683 1198 900 1248 terram
960 1195 1189 1261 excolit,
1224 1195 1314 1250 hic
1373 1195 1470 1250 ille
1527 1200 1617 1250 est
1677 1194 2006 1266 proselytus

350 1281 593 1335 advena.
629 1281 898 1337 Fortasse
929 1283 1022 1336 hic
1063 1288 1151 1336 est
1197 1283 1432 1352 gentilis
1485 1283 1756 1354 populus,
1786 1284 2005 1339 Jacobo

348 1369 688 1435 adiunctus,
715 1386 888 1439 quem
923 1375 1200 1441 tanquam
1249 1372 1619 1443 peregrinum
1656 1377 1712 1426 et
1745 1371 2002 1441 prosely-

348 1461 474 1511 tum
524 1456 825 1527 Scriptura
877 1459 1159 1514 advenam
1220 1459 1496 1531 appellat.
1534 1461 1674 1514 Cum
1725 1467 1919 1515 autem
1963 1458 2004 1513 li

351 1547 452 1618 qui
486 1553 625 1602 sunt
657 1548 948 1603 inferioris
993 1551 1369 1618 conditionis,
1404 1567 1506 1605 nec
1555 1550 1667 1605 sibi
1719 1550 2006 1620 imperare

353 1641 590 1702 norunt,
622 1637 873 1691 ducibus
913 1636 1241 1708 imperandi
1291 1640 1597 1692 scientiam
1649 1639 2004 1693 habentibus

353 1725 633 1792 serviunt,
666 1725 719 1778 id
756 1725 898 1794 ipsis
930 1732 1020 1780 est
1049 1743 1151 1796 pro
1185 1729 1484 1782 beneficio.
1521 1728 1707 1790 Quare
1737 1727 1795 1781 in
1831 1728 2002 1781 bene-

353 1812 710 1868 dictionibus
741 1815 963 1868 dictum
993 1820 1082 1870 est
1105 1817 1256 1870 Esau
1284 1833 1296 1870 :
1325 1817 1386 1870 Et
1415 1819 1586 1887 fratri
1607 1824 1696 1872 tuo
1715 1817 1915 1871 servies
1937 1816 1999 1870 ⁴².

357 1904 470 1956 [1οο
529 1901 701 1973 plane
759 1903 998 1970 indicat,
1047 1905 1197 1974 quod
1257 1904 1523 1975 sequitur
1577 1905 1768 1976 (Vsus.
1798 1905 1853 1975 2)
1887 1921 1900 1959 :
1936 1905 2000 1958 Et

356 1991 878 2060 multiplicabuntur
904 2008 1069 2061 super
1115 1997 1323 2047 terram
1353 1995 1450 2048 Dci
1475 1995 1536 2047 in
1564 2010 1746 2048 servos
1792 1999 1846 2047 et
1896 2010 1997 2046 an-

351 2079 530 2134 cillas.
568 2080 890 2149 lmponitur
908 2081 993 2134 eis
1015 2083 1265 2135 servitus
1289 2081 1414 2136 loco
1445 2081 1710 2136 beneﬁcii
1755 2083 1818 2136 Et
1837 2086 2002 2136 erunt

352 2170 555 2238 captivi
583 2171 680 2239 qui
711 2170 956 2238 captivos
984 2178 1243 2240 ceperant
1274 2186 1377 2225 eos.
1413 2170 1498 2224 Illi
1532 2171 1769 2242 quidem
1801 2176 1998 2242 tyran-

353 2256 480 2312 nice
530 2273 628 2311 eos
679 2257 1047 2328 abripiebant
1095 2258 1152 2312 in
1203 2258 1624 2327 captivitatem,
1655 2259 1911 2314 devictos
1941 2262 2000 2313 et

351 2362 664 2415 Oppressus
695 2346 958 2400 servituti
994 2346 1208 2401 diaboli
1233 2347 1595 2411 abdicentes;
1629 2347 1685 2401 hi
1717 2363 1852 2402 vero
1883 2346 1999 2402 cle-

355 2438 580 2488 menter
610 2438 666 2488 et
694 2434 950 2488 humane
993 2436 1333 2490 servitutem
1379 2439 1652 2505 subeunt,
1685 2453 1752 2490 ex
1782 2436 1999 2490 diaboli

351 2523 660 2593 tyrannide
700 2523 768 2576 ad
817 2522 1027 2577 Christi
1089 2525 1424 2579 servitutem
1484 2525 1741 2579 adducti.
1799 2524 1998 2579 Israeli

351 2627 487 2665 vero
530 2610 790 2666 liberatio
843 2612 1001 2665 duris
1051 2612 1211 2667 illius
1259 2613 1557 2668 servitutis
1606 2630 1784 2684 quam
1843 2614 1997 2683 apud

354 2698 703 2767 Babylonios
753 2700 1052 2766 servierat,
1090 2702 1468 2771 promittitur,
1501 2706 1674 2771 atque
1721 2701 2002 2755 invitatur

355 2788 424 2842 ad
459 2787 944 2855 misericordiam,
977 2794 1042 2842 ut
1079 2788 1276 2860 lugeat
1307 2789 1620 2861 Babylonis
1651 2806 1868 2860 regem,
1897 2806 2001 2844 nec

353 2873 598 2928 insultet
627 2875 755 2944 ejus
788 2875 988 2944 ruinae,
1022 2877 1120 2931 sed
1172 2893 1305 2932 eum
1349 2877 1558 2933 defleat
1591 2884 1866 2947 tanquam
1898 2879 1999 2949 qui

352 2979 555 3033 poenas
604 2964 1110 3020 commiseratione
1149 2970 1205 3020 et
1236 2965 1638 3021 misericordia
1665 2967 1875 3038 dignas
1925 2968 2002 3022 sit

353 3069 660 3122 passurus.

421 3142 546 3195 278.
584 3141 751 3196 Vens.
814 3144 898 3208 19,
953 3143 1040 3198 20.
1105 3143 1569 3210 Quemadmodum
1626 3145 1999 3200 vestimentum

351 3232 627 3297 sanguine
669 3233 1050 3301 inquinatum,
1081 3247 1191 3286 non
1231 3238 1310 3285 est
1362 3233 1640 3287 mundum
1668 3250 1686 3286 :
1718 3234 1802 3288 ita
1831 3249 2004 3303 neque

350 3319 411 3371 tu
439 3319 547 3372 eris
576 3320 833 3375 mundus.
862 3321 1135 3390 Quoniam
1165 3324 1372 3376 terram
1401 3337 1580 3376 meam
1607 3323 1920 3391 perdidisti,
1952 3326 2005 3377 et

353 3406 612 3474 populum
637 3424 820 3462 meum
842 3411 1177 3475 interfecisti
1193 3427 1210 3462 :
1233 3425 1345 3463 non
1375 3411 1618 3465 manebis
1647 3413 1707 3464 in
1728 3416 2004 3466 aeternum

355 3496 586 3564 tempus.
621 3495 714 3549 Hae
766 3497 956 3550 adhuc
990 3503 1128 3551 sunt
1158 3497 1591 3552 lamentationis
1641 3505 1856 3569 partes,
1891 3515 2004 3569 qua

356 3585 481 3636 tum
516 3583 828 3655 Babylonis
879 3585 1170 3655 princeps,
1205 3591 1329 3640 tum
1364 3602 1455 3640 res
1500 3587 1659 3641 illius
1691 3587 2000 3642 deflentur.

358 3671 742 3742 Posteaquam
777 3673 931 3728 enim
987 3675 1211 3728 Lucifer
1240 3675 1442 3729 e'cmlo
1491 3675 1694 3746 lapsus
1731 3677 1788 3730 in
1831 3678 2004 3731 corde

359 3774 465 3813 suo
515 3759 660 3815 dixit
693 3779 704 3815 :
739 3762 1036 3816 Ascendam
1068 3764 1127 3817 in
1157 3764 1373 3829 caelum,
1403 3781 1493 3819 ero
1537 3765 1741 3820 similis
1790 3767 2002 3820 Altissi-

357 3847 531 3916 mo",
566 3855 630 3902 ut
661 3855 1023 3919 compertum
1058 3852 1156 3905 ﬁat
1198 3857 1254 3906 et
1293 3852 1679 3923 exploratum,
1714 3859 2003 3925 quantum

357 3942 561 3990 sancto
591 3938 892 3993 dissimilis
923 3939 1000 3992 sit
1031 3939 1102 4004 is,
1135 3939 1236 4011 qui
1266 3941 1424 3995 omni
1458 3941 1740 4011 spurcitia
1769 3947 1826 3997 et
1853 3943 2005 3999 caede

356 4028 446 4078 est
477 4026 931 4094 contaminatus,
964 4029 1309 4084 vestimento
1359 4034 1736 4100 comparatur
1780 4048 1792 4086 :
1847 4032 2001 4102 quod

357 4117 642 4182 quantum
675 4116 746 4168 ad
778 4115 967 4186 ipsius
1011 4121 1282 4171 naturam
1317 4118 1543 4188 attinet,
1576 4119 1644 4172 ad
1699 4120 2004 4174 hominum

357 4206 628 4256 ornatum
663 4203 992 4270 conficitur,
1027 4205 1126 4259 sed
1163 4205 1299 4274 quia
1329 4206 1704 4275 inquinatum
1735 4213 1825 4262 est
1864 4225 2003 4263 san-

355 4289 675 4360 guine,non
700 4291 958 4362 amplius
993 4292 1125 4347 usui
1150 4293 1252 4348 ulli
1281 4293 1540 4349 humano
1572 4297 2005 4352 accommodari

353 4381 562 4448 potest.
588 4380 667 4433 Ex
700 4380 805 4434 hoc
835 4380 1026 4450 palam
1051 4384 1157 4440 est.
1186 4381 1511 4453 malignum
1544 4381 1711 4438 illum
1737 4401 1852 4439 non
1880 4401 2003 4440 esse

353 4465 725 4521 immundum
759 4469 830 4523 ob
862 4468 1286 4540 supellectilem
1311 4475 1365 4524 et
1387 4487 1546 4542 opes,
1571 4473 1671 4527 sed
1698 4474 1851 4543 quod
1875 4491 2006 4528 san-

2113 573 2200 626 έπὶ
2256 580 2355 642 τῆς
2415 576 2516 646 γῆς
2565 572 2758 626 αὐτῶν·
2792 573 2891 644 γῆς
2939 567 3170 637 ἐκείνης,
3203 565 3325 640 περὶ
3378 568 3444 632 ἧς
3508 562 3721 638 ε’ίρηται
3750 581 3764 596 ·

2116 662 2388 733 Μακάριοι
2470 663 2521 715 0".
2607 665 2819 735 πραεῖς,
2879 657 2962 712 ὅτι
3023 654 3193 709 ἀὐτοὶ
3276 653 3768 726 κληρονομήσουσι

2112 752 2210 819 τήν
2261 758 2383 825 γῆν·
2418 750 2539 818 ἥτις
2603 748 2701 803 οὐκ
2758 745 2866 802 ἔστι
2933 745 3094 819 μέρος
3147 742 3347 810 ταύτης
3392 747 3492 810 τῆς
3525 748 3630 816 γῆς
3662 747 3762 810 τῆς

2119 840 2222 892 ὑπὸ
2268 842 2500 914 κατάραν
2550 838 2936 912 γεγενημένης·
2971 837 3030 902 ἢν
3089 833 3140 887 έν
3198 831 3396 895 λύπαις
3446 828 3608 884 ἐσθίει
3662 828 3762 884 πά-

2114 949 2207 990 σας
2264 930 2358 990 τὰς
2418 929 2626 1002 ἡμέρας
2679 933 2778 994 τῆς
2836 931 2980 994 ζωῆς
3011 922 3180 976 αὐτοῦ
3209 922 3238 976 6
3271 919 3635 996 ἐργαζόμενος
3667 918 3763 972 αὗ-

2113 1019 2236 1088 τήν.
2270 1019 2698 1092 ΙΙροστεθήσεται
2758 1013 2814 1070 δὲ
2862 1014 2950 1067 καὶ
2979 1014 3008 1067 6
3039 1011 3274 1087 γειώρας
3320 1014 3400 1080 τῷ
3431 1002 3647 1074 Ἰακὼϐ,
3675 1007 3762 1062 καὶ

2113 1111 2195 1177 τῷ
2226 1105 2469 1182 Ἰσραὴλ,
2496 1105 2893 1177 ἀναπαυομένῳ
2925 1101 3014 1157 έπὶ
3041 1103 3137 1169 τῆς
3182 1106 3284 1174 γῆς
3335 1099 3525 1153 αὐτοῦ.
3560 1098 3619 1154 Ὁ
3665 1116 3764 1150 πε-

2118 1197 2169 1271 ρὶ
2199 1198 2298 1263 τὴν
2331 1203 2430 1270 γῆν
2476 1194 2927 1266 διαπονούμενος,
2959 1193 2987 1246 6
3038 1188 3388 1264 προσήλυτος
3446 1187 3603 1248 οὗτός
3652 1187 3763 1259 (30)

2117 1284 2258 1338 ἐστιν
2290 1286 2317 1339 6
2347 1286 2602 1359 γειώρας.
2636 1284 2790 1357 Τάχα
2838 1281 2996 1341 οὗτός
3045 1279 3183 1334 ἐστιν
3217 1279 3245 1331 6
3277 1277 3328 1346 έξ
3377 1277 3543 1330 ἐθνῶν
3605 1272 3761 1345 λαὸς,

2116 1373 2144 1425 6
2201 1372 2623 1447 προστιθέμενος
2677 1370 2757 1444 τῷ
2815 1365 3032 1435 Ἰακὼϐ,
3091 1369 3150 1422 ὃν
3201 1367 3430 1441 γειώραν
3485 1367 3521 1433 ἡ
3573 1365 3755 1441 Γραφὴ

2115 1461 2532 1537 προσαγορεύει,
2567 1464 2679 1515 οἷον
2740 1459 3000 1532 πάροικον
3058 1457 3147 1512 καὶ
3205 1453 3552 1529 προσήλυτον
3611 1449 3760 1508 ὄντα.

2117 1551 2407 1626 Εὐεργεσία
2465 1548 2521 1604 δὲ
2577 1557 2693 1611 τοῖς
2753 1546 3158 1621 ὑποδεεστέροις
3191 1545 3279 1599 καὶ
3313 1543 3500 1618 ἄρχειν
3559 1542 3761 1595 ἑαυτῶν

2120 1641 2193 1712 μὴ
2247 1639 2645 1712 ἐπισταμένοις,
2694 1638 2757 1692 τὸ
2811 1635 3088 1692 δουλεύειν
3143 1639 3260 1695 τοῖς
3311 1637 3428 1686 κατ’
3455 1629 3763 1701 ἐπιστήμην

2115 1726 2364 1803 ἅρχοασι.
2397 1731 2594 1804 Διόπερ
2653 1722 2725 1782 ἐν
2766 1725 3036 1800 εὐλογίαις
3095 1721 3304 1799 ε’ίρηται
3333 1725 3413 1792 τῷ
3441 1723 3624 1774 Ἠσαῦ·
3661 1717 3761 1771 Καὶ

2111 1821 2190 1885 τῷ
2247 1815 2465 1893 ἀδελφῷ
2524 1837 2618 1870 σου
2668 1813 2996 1874 δουλεύσεις.
3026 1817 3195 1867 Τοῦτο
3249 1815 3338 1864 οὖν
3388 1808 3499 1863 ἐστι
3528 1807 3591 1860 τὸ
3623 1807 3759 1878 (31),

2111 1905 2207 1962 Καὶ
2265 1905 2746 1976 πληθυνθήσονται
2805 1903 2893 1958 έπὶ
2972 1905 3072 1971 τῆς
3145 1908 3248 1974 γῆς
3322 1902 3422 1952 τοῦ
3485 1899 3620 1950 Θεοῦ
3679 1893 3759 1956 εἷς

2111 1992 2344 2058 δούλους
2416 1995 2506 2048 καὶ
2583 1992 2802 2055 δούλας.
2856 1993 2990 2048 Ἀντ’
3049 1988 3354 2066 εὐεργεσίας
3440 1985 3756 2058 πρόσκειται

2110 2083 2295 2147 αὐτοῖς
2322 2085 2384 2138 τὸ
2424 2081 2721 2138 δουλεύειν.
2757 2081 2853 2136 Καὶ
2913 2077 3123 2134 ἔσονται
3183 2079 3236 2132 οἱ
3294 2073 3649 2150 αῗχμάλωτοι
3704 2074 3756 2126 οἱ

2113 2171 2659 2247 αἰχμαλωτεύσαντες
2711 2169 2924 2231 αὐτούς.
2957 2169 3020 2221 Οἱ
3077 2167 3170 2239 μὲν
3227 2167 3563 2247 τυραννικῶς
3621 2162 3754 2236 ἦγον

2114 2245 2623 2336 εἷςαῖχμαλωσίαν,
2644 2264 2713 2333 τῇ
2747 2257 2968 2329 δουλείᾳ
2996 2261 3091 2311 τοῦ
3122 2250 3386 2310 διαϐόλου
3418 2245 3764 2307 ὑποϐάλλον-

2110 2371 2199 2410 τες
2255 2350 2382 2410 τοὺς
2428 2349 2848 2424 κρατουμένους’
2883 2348 2935 2401 οἱ
2995 2343 3052 2400 δὲ
3099 2343 3497 2422 φιλανθρώπως
3553 2341 3760 2424 ἀνθυπ-

2114 2437 2336 2511 άγονται
2364 2438 2435 2505 τῇ
2465 2422 2858 2509 ⁷αἰχμαλωσίᾳ,
2893 2433 2952 2488 ἐκ
2991 2438 3093 2500 τῆς
3132 2426 3447 2503 τυραννίδος
3495 2431 3593 2481 τοῦ
3643 2422 3759 2478 δια-

2114 2520 2286 2579 ϐόλου
2316 2529 2383 2597 τῇ
2417 2522 2640 2595 δουλείᾳ
2666 2527 2762 2578 τοῦ
2815 2518 3048 2597 Χριστοῦ
3095 2519 3520 2595 προσαγόμενοι.
3564 2516 3761 2588 Ἐπαγ-

2111 2612 2266 2688 γελία
2323 2610 2380 2667 δὲ
2434 2618 2512 2684 τῷ
2561 2609 2807 2686 Ἰσραὴλ,
2855 2608 3146 2684 ἀπαλλαγὴ
3193 2610 3293 2676 τῆς
3352 2603 3603 2665 δουλείας
3659 2608 3762 2671 τῆς

2113 2700 2375 2776 σκληρᾶς,
2424 2703 2491 2768 ἧς
2546 2703 2655 2771 (32)
2710 2696 2997 2753 ἐδούλευσε
3049 2696 3163 2758 τοῖς
3221 2689 3620 2757 Βαϐυλωνίοις,
3669 2691 3758 2745 καὶ

2111 2791 2398 2864 προτροπὴ
2433 2789 2507 2850 εἷς
2540 2786 2968 2863 εὖσπλαγχνίαν,
3004 2785 3141 2840 ὥστε
3185 2778 3372 2838 λαϐεῖν
3420 2782 3512 2836 τὸν
3557 2783 3752 2855 θρῆνον

2113 2877 2198 2932 ἐπὶ
2227 2878 2318 2931 τὸν
2357 2877 2581 2953 βασιλέα
2609 2872 2955 2943 Βαϐυλῶνος,
2983 2874 3072 2929 καὶ
3129 2875 3204 2946 μή
3253 2871 3552 2948 έπιχαίρειν
3590 2870 3752 2924 αὐτοῦ

2109 2971 2187 3036 τῷ
2217 2967 2494 3038 πτώματι,
2529 2963 2671 3020 ἀλλὰ
2703 2967 2917 3038 Θρηνεῖν
2951 2962 3108 3018 αὐτὸν
3142 2963 3217 3023 ὡς
3250 2959 3433 3016 οἹκτου
3463 2958 3550 3013 καὶ
3595 2955 3750 3012 ἰλέου

2112 3051 2231 3127 ἄξια
2253 3055 2573 3119 πεπονθότα.

2183 3146 2310 3198 278.
2352 3146 2452 3198 "Ov
2526 3141 2730 3218 τρόπον
2802 3142 3021 3214 ἱμάτιον
3099 3139 3151 3194 έν
3211 3136 3400 3212 α’ίματι
3479 3135 3756 3214 πεφυρμέ-

2114 3253 2207 3286 νον
2268 3231 2367 3286 οὖκ
2419 3227 2528 3286 ἔστι
2582 3230 2817 3306 καθαρόν
2853 3249 2866 3262 ⁸
2917 3229 3088 3290 οὕτως
3150 3225 3276 3282 οὐδὲ
3351 3225 3414 3280 σὺ
3499 3224 3593 3298 ἔσῃ
3662 3243 3758 3277 κα-

2117 3322 2301 3395 θαρός.
2333 3321 2479 3374 Διότι
2537 3320 2637 3388 τήν
2685 3327 2786 3396 γῆν
2842 3339 2945 3392 μου
2995 3314 3305 3384 ἀπώλεσας,
3338 3313 3428 3370 καί
3482 3314 3574 3370 τὸν
3629 3311 3758 3367 λαόν

2118 3430 2221 3481 μου
2295 3409 2611 3470 ’ἀπέκτεινας
2648 3427 2664 3444 ⁸
2713 3408 2773 3462 οὐ
2857 3412 2931 3481 μὴ
3018 3407 3198 3479 μείνῃς
3273 3405 3348 3468 εἷς
3413 3405 3507 3458 τὸν
3589 3402 3760 3457 αἶ’ῶνα

2114 3499 2340 3573 χρόνον.
2374 3499 2492 3552 Ἔτι
2527 3499 2665 3570 μέρη
2709 3499 2910 3570 θρήνου
2969 3497 3084 3569 (33)
3112 3494 3249 3549 ἐστὶν
3301 3493 3379 3554 εἷς
3421 3493 3510 3546 τὸν
3559 3491 3760 3564 ἄρχον-

2111 3607 2177 3640 τα
2209 3581 2556 3654 Βαϐυλῶνος,
2589 3587 2677 3639 καὶ
2724 3587 2791 3639 τὰ
2841 3584 3066 3638 ἐκείνου.
3097 3580 3315 3650 Ἐπειδὴ
3374 3581 3475 3655 γὰρ
3534 3579 3674 3632 εἶπεν
3727 3579 3755 3631 6

2113 3676 2350 3730 ἐκπεσὼν
2407 3676 2511 3729 ἀπὸ
2565 3678 2661 3729 τοῦ
2712 3673 2941 3749 οὐρανοῦ
2973 3670 3382 3750 Ἐωσφόρος,έν
3437 3672 3506 3742 τῇ
3561 3663 3757 3741 καρδίᾳ

2115 3764 2306 3818 αὐτοῦ·
2394 3758 2763 3834 Ἀναϐτςσομαι
2860 3761 2934 3824 εἷς
3019 3761 3110 3816 τὸν
3196 3759 3422 3835 οὐρανὸν
3461 3801 3476 3828 ,
3562 3753 3756 3828 ἔσομαι

2113 3851 2307 3924 ὅμοιος
2363 3850 2444 3924 τῷ
2494 3851 2747 3924 Ὑψίστῳ·
2791 3848 2884 3905 ’ίνα
2941 3848 3135 3925 δειχθῇ
3194 3849 3360 3903 πόσον
3403 3847 3595 3921 ἀπέχει
3646 3847 3756 3917 (34)

2111 3946 2211 4010 τῆς
2249 3941 2386 4016 πρὸς
2413 3941 2503 3994 τὸν
2538 3941 2686 4014 ἅγιον
2721 3940 3040 4012 ὁμοιώσεως
3091 3939 3118 3992 6
3163 3938 3216 3991 έν
3269 3936 3413 4010 πάσῃ
3465 3932 3761 4008 ἀκαθαρσίᾳ

2111 4030 2201 4084 καὶ
2265 4028 2548 4106 μιαιφονίᾳ
2605 4027 3114 4105 κατερῥυπωμένος,
3169 4025 3374 4098 ίματίῳ
3419 4019 3765 4098 παραϐάλλε-

2111 4139 2222 4187 ται,
2255 4119 2378 4172 ὅσον
2432 4117 2520 4171 ini
2568 4121 2636 4191 τῇ
2687 4118 2877 4171 ἑαυτοῦ
2929 4115 3107 4190 φύσει,
3131 4115 3208 4176 εἷς
3234 4112 3439 4185 κόσμον
3473 4111 3761 4186 ἀνθρώπου

2113 4207 2488 4278 πεποιημένῳ,
2550 4204 2639 4260 διὰ
2695 4203 2752 4260 δὲ
2805 4205 2867 4259 τὸ
2923 4206 3228 4282 ἓμφυρῆναι
3295 4199 3505 4274 α’ίματι,
3569 4199 3763 4271 μηκέτι

2116 4293 2397 4368 δυναμένῳ
2429 4293 2504 4355 εἷς
2534 4301 2734 4370 χρῆσιν
2790 4292 3137 4370 ἀνθρωπίνην
3181 4288 3591 4366 παραδεχθῆναι
3623 4289 3757 4359 (35).

2116 4385 2211 4440 Ἐκ
2235 4383 2432 4439 τούτου
2465 4381 2654 4451 δῆλον,
2688 4383 2768 4437 ὅτι
2802 4384 2900 4438 οὐκ
2955 4382 3005 4437 έν
3055 4385 3122 4456 τῇ
3172 4382 3475 4452 κατασκευῇ
3525 4377 3587 4432 16
3627 4375 3759 4430 ἀκά-

2117 4485 2309 4545 θαρτον
2362 4471 2478 4547 ἔχει
2511 4474 2539 4526 ὁ
2572 4473 2835 4547 πονηρὸς,
2866 4469 2994 4527 ἀλλ’
3024 4467 3210 4539 ἔπειδὴ
3258 4466 3486 4544 ένειρύρη
3545 4464 3757 4537 ατίματι,

351 4553 529 4623 guine
561 4557 835 4625 perfusus
867 4559 963 4626 sit,
997 4560 1215 4629 quippe
1256 4561 1355 4629 qui
1404 4560 1723 4630 perdiderit
1769 4562 2002 4617 Domini

2119 4563 2210 4631 τὴν
2240 4569 2344 4637 γῆν
2373 4560 2648 4622 ἀπολέσας
2675 4565 2772 4616 τοῦ
2809 4561 3034 4637 Κυρίου,
3066 4557 3156 4613 καὶ
3186 4559 3276 4613 τὸν
3311 4557 3440 4613 λαὸν
3480 4557 3590 4630 (36)
3619 4554 3753 4608 ἀπο-

350 4646 590 4709 terram,
611 4644 828 4714 populu
841 4661 1014 4717 mque
1030 4663 1134 4718 per
1150 4651 1454 4719 peceatum
1475 4648 1856 4707 interemerit.
1871 4652 2004 4707 Jam

2114 4650 2326 4712 κτείνας
2383 4648 2471 4704 διὰ
2520 4657 2619 4720 τῆς
2668 4650 2953 4726 ἁμαρτίας.
2985 4645 3123 4719 Ἤδη
3155 4647 3244 4701 καὶ
3294 4642 3548 4720 ἀλλαχοῦ
3597 4637 3755 4716 ἔγνω-

421 4829 465 4864 ⁴⁰
495 4829 703 4886 Matth.
735 4846 789 4900 v,
820 4830 872 4886 4.
948 4832 992 4865 ⁴¹
1025 4831 1168 4887 Gen.
1203 4848 1286 4903 III,
1324 4833 1408 4888 17.
1487 4833 1532 4868 δ’
1562 4833 1706 4891 Gen.
1737 4851 1916 4905 xxvii,
1949 4836 2002 4890 4(

2119 4837 2158 4872 ⁸³
2190 4837 2301 4893 lea.
2333 4853 2449 4904 xxv,
2487 4837 2572 4892 14.

421 5014 530 5154 (29)
562 5012 721 5069 Colb.
756 5015 1075 5082 secundus,
1107 5010 1295 5076 ”Ολος.

442 5086 532 5154 30)
556 5086 648 5140 Sic
681 5091 922 5154 uterque
956 5085 1211 5140 Combef‘.
1247 5104 1295 5140 ei

442 5086 532 5157 3_O)
556 5086 648 5140 Sic
681 5091 922 5157 uterque
956 5085 1211 5140 Combef‘.
1247 5103 1379 5140 eum
1433 5087 1563 5142 aliis
1599 5088 1803 5143 tribus.
1843 5089 1996 5155 Edti,

351 5151 528 5231 αἰετός.
564 5157 679 5212 Nec
718 5159 797 5212 ita
833 5151 1049 5231 ἰεηυιιοΔ
1083 5158 1237 5212 infra
1275 5158 1510 5214 codices
1559 5161 1842 5231 quinque,
1885 5151 2000 5213 οἷον

349 5224 632 5295 πάροικον.
668 5231 838 5295 Editi,
883 5226 1072 5284 οἱονεί.

557 5300 965 5374 Codicesiduo,
997 5299 1107 5374 ἐστι
1139 5299 1426 5374 τόηῧθθεὶ
1470 5301 1531 5354 τό
1580 5302 1641 5356 in
1691 5302 1999 5374 pervulga-

352 5369 448 5443 tis.
491 5369 707 5426 ibidem
758 5373 918 5443 editi,
951 5369 1413 5440 πληθυνθήσεται.
1444 5377 1513 5428 At
1551 5369 1718 5437 mss;
1753 5369 1998 5441 πληθυν-

351 5440 607 5518 θήσονται
640 5440 919 5518 _Subinde
948 5450 1064 5500 tres
1099 5461 1266 5513 mss,
1288 5443 1622 5518 πρόσκειται.
1658 5445 1771 5499 Alii
1797 5440 1913 5502 duo
1945 5451 2000 5502 et

353 5513 514 5577 editi,
547 5512 848 5583 πρόκειται.

422 5585 534 5658 (32)
566 5587 656 5640 Sic
687 5602 831 5642 mss.
862 5586 1014 5642 Editi
1053 5603 1208 5647 vero.
1240 5587 1298 5658 ᾗ.
1332 5652 1335 5655 _

423 5657 533 5731 (33)
568 5657 740 5729 Editi,
779 5660 874 5712 τοῦ
906 5659 1130 5733 θρήνου.
1167 5657 1470 5717 articulus
1500 5659 1560 5716 in
1592 5676 1743 5720 mss.
1766 5676 1883 5718 non
1904 5660 1998 5718 in-

2109 5018 2360 5074 venitur.

2187 5091 2296 5160 (34)
2330 5087 2482 5144 Editi
2512 5093 2570 5144 et
2607 5089 2741 5159 Reg.
2777 5089 3096 5155 secundus,
3128 5084 3331 5161 ἀπέχῃ.
3369 5086 3479 5161 Alii
3507 5089 3767 5161 quatuor

2113 5156 2288 5234 mea,
2314 5161 2528 5233 ἀπέχει.
2563 5156 2770 5216 Statim
2799 5162 2914 5216 duo
2949 5177 3116 5224 mss.,
3148 5156 3447 5234 ἀκαθαρσίᾳ
3473 5156 3563 5212 καὶ
3589 5157 3765 5231 ἀμαρ-

2109 5231 2217 5300 τίᾳ,
2249 5231 2513 5298 spurcitia
2541 5242 2594 5288 et
2621 5239 2839 5303 peccato
2869 5235 3220 5304 inquinatus.

2323 5305 2518 5376 Nostri
2551 5297 2815 5376 qu'iuque
2865 5297 2999 5360 lib-ri
3047 5309 3292 5370 veteres,
3323 5297 3757 5376 παραδεχθῆναι.

2111 5375 2286 5451 Editi,
2318 5374 2763 5451 παραληφθῆναι·
2795 5378 2951 5443 quod
2990 5378 3132 5447 quin
3165 5374 3456 5451 optimum
3508 5378 3606 5445 sit,
3651 5390 3759 5427 non

2109 5448 2312 5525 dubito
2337 5449 2483 5525 {sed
2517 5448 2673 5505 unde
2703 5454 3005 5525 sumptum
3038 5448 3255 5525 nescio.
3524 5524 3527 5525 ν
3558 5522 3567 5525 _

2182 5520 2291 5592 (36)
2322 5515 2413 5592 Sic
2445 5525 2688 5592 uterque
2711 5515 2971 5592 _Conibel'.
2995 5526 3052 5576 et
3075 5520 3173 5576 alii
3196 5525 3317 5576 tres
3338 5535 3483 5575 mss.
3505 5522 3575 5572 At
3594 5515 3756 5582 editi,

2109 5588 2314 5665 Κυρίου
2343 5591 2432 5647 τὸν
2464 5588 2612 5648 λαὸν
2628 5589 2740 5648 καί.
