4150 6372
351 391 469 452 609

1135 385 1549 449 COMMENT.
1590 386 1671 446 IN
1719 385 1988 446 ISAIAM
2032 384 2541 449 PROPHETAM.
2587 390 2762 451 CAP.
2807 392 2969 453 XIV.

3642 399 3764 459 610

358 542 452 594 μεν
503 518 706 593 ἱματίῳ
749 539 850 590 την
909 518 1254 592 ἀνθρωπίνην
1315 537 1470 590 φυσιν
1530 515 2000 592 παρεικαζομένην

2135 521 2171 571 ιι
2201 517 2314 573 alio
2346 519 2404 573 in
2440 521 2560 575 loco
2593 521 2912 577 humanam
2947 528 3219 582 naturam
3264 528 3338 581 ab
3383 528 3585 582 eodem
3620 545 3758 600 pro-

357 611 445 664 ὑπ’
469 610 631 663 αὐτοῦ
664 611 776 681 (37)
815 611 912 660 106
933 609 1242 682 προφήτου,
1277 603 1533 680 λεγοντος
1563 605 1699 680 πρὸς
1729 604 1854 665 τοὺς
1909 623 2002 656 πε-

364 697 782 769 παλαιο>μένους
841 694 930 750 διὰ
983 702 1081 764 τῆς
1138 694 1356 756 κακίας·
1397 691 1512 748 ἰδοὺ
1573 695 1763 754 πάντες
1826 693 2001 764 ὑμεῖς,

364 789 436 849 ὡς
491 788 706 859 ἰμὰτιον
766 781 1238 853 παλαιωθήσεσθε,
1307 782 1396 836 καὶ
1464 783 1562 849 σής
1642 782 2002 855 καταφάγεται

361 878 521 947 ὑμᾶς.
553 875 707 941 Δεινὴ
743 870 799 926 δὲ
826 875 860 941 ἡ
891 870 1114 940 ἀπειλὴ,
1142 873 1204 925 τὸ
1259 869 1398 942 μηδὲ
1447 871 1523 931 εἰς
1572 869 1790 944 ὕστερον
1840 870 2005 921 καθα-

360 966 448 1042 ρὸν
484 962 714 1018 ἔσεσθαι.
743 963 803 1018 Ὁ
837 961 929 1032 μὲν
963 961 1066 1035 γὰρ
1126 959 1176 1013 ἐν
1234 959 1469 1035 ἁμαρτίᾳ
1507 959 1613 1013 τινὶ
1665 955 2004 1042 πεφυρμένος

357 1041 454 1119 τὴν
493 1053 584 1125 μὲν
613 1051 687 1113 εἰς
715 1051 776 1104 τὸ
825 1052 994 1124 παρὸν
1045 1051 1386 1123 καθαρότητα
1433 1043 1760 1115 ἀποϐάλλει,
1793 1049 1889 1113 τῆς
1951 1041 2008 1098 δὶ

360 1141 436 1202 εἷς
463 1143 524 1196 τὸ
559 1139 764 1213 μέλλον
816 1139 874 1193 ἐκ
935 1138 1216 1210 μετανοίας
1274 1136 1642 1208 ἐλπιζομένης
1697 1137 2008 1207 καθάρσεως

360 1231 454 1284 οὐκ
516 1231 911 1303 ἀποστερεῖται.
967 1227 1222 1282 Ἐνταῦθα
1276 1221 1333 1278 δὲ
1381 1224 1646 1301 ἀπόφασις
1704 1220 2006 1292 παντελῶς,

357 1321 419 1374 τὸ
451 1317 591 1392 μηδὲ
622 1317 698 1380 εἷς
732 1317 952 1392 ὕστερον
1010 1314 1215 1369 ἔσεσθαι
1275 1313 1532 1387 καθαρὸν,
1566 1310 1750 1380 ἐπειδὴ
1809 1313 2012 1389 πεφυρ-

356 1431 444 1462 ται
501 1407 550 1462 ἐν
607 1411 686 1478 τῷ
743 1404 930 1478 α’ίματι
979 1408 1075 1457 106
1131 1402 1264 1458 λαοῦ
1318 1407 1416 1456 106
1441 1405 1598 1471 Θεοῦ,
1630 1401 1687 1454 ὃν
1747 1400 2010 1476 ἐνὲκρωσε

360 1496 449 1552 διὰ
501 1504 604 1564 τῆς
663 1502 970 1570 παρακοῆς,
1031 1493 1312 1566 ὑποσύρων
1375 1491 1533 1546 αὐτὸν
1591 1490 1680 1544 ἰπὶ
1745 1492 1844 1558 τὴν
1911 1512 2006 1545 κα-

361 1589 504 1642 κίαν.

431 1676 556 1731 279.
588 1674 749 1748 Τάχα
780 1672 908 1748 γὰρ,
939 1671 1045 1746 πρὸ
1093 1674 1190 1725 106
1220 1672 1502 1736 κτισθῆναι
1549 1671 1640 1724 τὸν
1701 1667 2008 1745 ἄνθρωπον,

359 1763 525 1824 τόπος
559 1783 641 1824 τις
677 1761 962 1833 μετανοίας
994 1759 1084 1814 καὶ
1113 1763 1193 1831 τῷ
1243 1754 1487 1831 διαϐόλῳ
1547 1756 1888 1826 ὑπελείπετο,
1920 1757 2010 1812 καὶ

361 1850 584 1908 ἐδύνατο
645 1853 673 1905 6
736 1855 922 1924 τῦφος,
980 1847 1027 1904 εἷ
1069 1848 1158 1902 καὶ
1216 1847 1580 1922 ἀρχαιότερον
1630 1849 1698 1915 ἦν
1773 1847 2006 1917 νόσημα,
2042 1883 2091 1948 Β

363 1942 516 2012 ὅμως
548 1937 636 1993 διὰ
671 1937 955 2010 μετανοίας
998 1936 1181 1990 ἑαυτὸν
1234 1935 1584 2008 ἐξιασαμένου
1641 1935 2007 2010 θεραπευθεὶς,

365 2030 813 2095 ἀποκαταστῆσαι
845 2024 1002 2079 αὐτὸν
1030 2023 1104 2085 εἷς
1131 2025 1193 2078 τὸ
1246 2023 1502 2099 ἐξαρχῆς.
1538 2024 1660 2100 Ἀφ’
1691 2023 1752 2077 06
1806 2021 1862 2077 δὲ
1913 2026 2011 2076 106

364 2117 574 2189 κόσμου
607 2119 640 2185 ἡ
672 2115 997 2182 κατασκευὴ,
1030 2113 1118 2167 καὶ
1149 2111 1474 2188 παραδείσου
1527 2112 1713 2190 φυτεία
1917 2113 2007 2166 καὶ

365 2206 649 2277 ἄνθρωπος
678 2201 730 2256 ἐν
766 2201 932 2272 αὐτῷ,
959 2201 1046 2254 καὶ
1083 2198 1278 2266 ἐντολή
1331 2204 1484 2270 Θεοῦ,
1517 2199 1604 2254 καὶ
1658 2197 1856 2274 φθόνος
1914 2203 2011 2252 106

365 2288 652 2359 διαϐόλου,
685 2289 775 2344 καὶ
809 2288 970 2365 φόνος
1001 2293 1098 2342 106
1128 2299 1514 2360 τετιμημένου,
1545 2286 1877 2355 ἀπεκλείσθη
1914 2286 2012 2340 αὐ-

363 2386 440 2452 τῷ
479 2379 568 2434 καὶ
620 2382 648 2431 ὁ
695 2377 862 2438 τόπος
908 2384 1006 2446 τῆς
1055 2375 1360 2450 μετανοίας.
1397 2377 1462 2432 Εἴ
1514 2366 1618 2450 γὰρ
1646 2381 1809 2430 Ἥσαῦ
1853 2397 2013 2449 μετα-

363 2469 515 2531 νοίας
543 2467 709 2521 τόπον
736 2465 841 2541 οὐχ
868 2465 1006 2540 εὗρε,
1040 2466 1104 2519 τὰ
1134 2465 1484 2538 πρωτοτόκια
1539 2462 1898 2536 ἀποδόμενος,
1930 2464 2012 2526 τίς

363 2559 531 2622 τόπος
585 2554 935 2611 ὑπολείπεται
972 2555 1255 2627 μετανοίας
1311 2559 1390 2626 τῷ
1440 2555 1531 2609 τὸν
1583 2554 2011 2631 πρωτόπλαστον

368 2645 740 2702 ἀποκτείναντι
798 2642 1102 2718 ἄνθρωπον,
1133 2642 1222 2698 καί
1281 2641 1348 2697 δι’
1381 2643 1584 2698 ἐκείνου
1639 2645 1730 2698 τὸν
1783 2644 2014 2708 θάνατον

370 2733 720 2810 εἷσενεγκόντι
756 2735 904 2803 (39);
940 2733 1080 2786 Φασὶ
1122 2729 1180 2786 δὲ
1208 2731 1297 2785 καὶ
1328 2733 1419 2786 τὸν
1453 2732 1511 2786 ἐκ
1538 2737 1633 2786 106
1678 2730 1880 2806 λύθρου
1917 2737 2013 2787 106

369 2822 711 2900 ἀνθρωπίνου
770 2821 1114 2896 ὶγγινόμενον
1173 2819 1367 2876 σπῖλον
1415 2826 1492 2892 τῷ
1543 2821 1766 2893 ἱματίῳ,
1824 2819 2014 2894 μηδενὶ

369 2913 558 2988 τρόπῳ
588 2909 838 2965 δύνασθαι
885 2909 1319 2978 ἀποπλύνασθαι,
1351 2909 1497 2964 ἀλλά
1539 2915 1815 2984 συγγηρᾷν
1865 2910 2014 2980 αὐτῷ

368 3004 467 3071 τὴν
527 3001 662 3069 ἅπαξ
703 2998 1062 3074 ἐγγενομένην
1122 2997 1174 3051 ἐν
1233 3004 1332 3066 τῆς
1392 2997 1445 3050 ἐν
1483 2998 1562 3068 τῷ
1595 2996 1781 3071 α’ίματι
1836 2999 2013 3074 βαφῆς

369 3089 690 3145 ἀλλοίωσινο
726 3085 850 3141 οὐδὲ
891 3085 980 3140 οὖν
1013 3088 1126 3159 (40)
1177 3085 1362 3157 ἐκείνῳ
1417 3083 1661 3156 δυνατὸν⁹
1695 3085 2016 3158 ἀποθεμένῳ

368 3179 459 3234 τὸν
493 3178 551 3232 ἐκ
578 3181 673 3230 106
706 3173 932 3247 α’ίματος
991 3173 1209 3244 σπῖλον,
1241 3184 1482 3247 γενεσθαι
1542 3175 1797 3246 καθαρόν,
1827 3176 2013 3247 Τήρη-

372 3288 461 3321 σον
499 3264 556 3320 δὶ
582 3266 681 3332 τὴν
717 3261 858 3336 λέξιν
892 3262 1236 3340 ἐμφαντικῶς
1276 3266 1620 3332 παριστῶσαν
1666 3263 1756 3316 τὸν
1818 3261 1877 3316 ἐκ
1912 3269 2012 3331 τῆς

376 3353 689 3428 μιαιφονίας
722 3352 913 3427 ῥύπον.
947 3351 1024 3407 Οὐ
1073 3351 1172 3426 γὰρ
1233 3351 1399 3419 εἶπεν,
1437 3352 1519 3405 Ἐν
1579 3349 1765 3422 α’ίματι
1829 3352 2017 3428 βαφὲν,

372 3438 1069 3518 ἀλλά,11εφυρμὲνον,⁶ίνα
1129 3437 1421 3510 ἐνδείξηται
1482 3440 1642 3494 αὐτὸν
1703 3439 2022 3514 ἑγκυλιόμε-

372 3555 460 3589 νον
489 3535 604 3607 (41)
635 3536 714 3603 τῷ
746 3529 895 3607 φόνῳ
937 3533 1042 3583 τῶν
1088 3527 1506 3602 ἀναιρουμένων.
1545 3529 1714 3590 Οὗτος
1763 3530 1863 3597 τὴν
1921 3532 2019 3605 γῆν

373 3622 624 3678 ἀπώλεσε
651 3625 748 3674 106
791 3623 945 3684 Θιοῦ,
977 3617 1065 3673 καὶ
1112 3618 1203 3671 τὸν
1251 3615 1380 3671 λαὸν
1431 3617 1594 3671 αὐτοῦ
1637 3617 1928 3693 ἀνῄρηκεν.
1961 3619 2023 3674 Ὀ

380 3713 472 3785 μὲν
507 3709 598 3764 οὖν
633 3704 1119 3782 Ναϐουχοδονόσορ
1151 3709 1422 3779 ἠρήμωσε
1468 3707 1566 3774 τήν
1625 3713 1748 3781 γῆν,
1783 3706 2021 3779 ἐκτεμὼν

380 3799 546 3868 αὐτῆς
584 3797 651 3850 τὰ
679 3796 999 3871 καρποφόρα
1048 3794 1206 3870 φυτὰ,
1235 3795 1426 3867 κώμας
1464 3798 1543 3865 τῷ
1587 3796 1875 3869 ἀφανισμῷ
1927 3800 2024 3849 106

381 3888 714 3962 ἐμπρησμοῦ
745 3879 1100 3956 παραδιδούς.
1135 3881 1308 3943 Αὐτὸς
1342 3885 1452 3955 (42)
1485 3882 1573 3937 καὶ
1619 3885 1711 3938 τὸν
1751 3883 1881 3938 λαὸν
1929 3889 2026 3938 106

380 3973 630 4051 Ἰσραὴλ,
659 3973 752 4027 τὸν
805 3973 899 4044 μὲν
941 3971 1246 4024 ἀπέκτεινεν
1303 3968 1353 4023 ἐν
1389 3973 1656 4044 μαχαίρᾳ,
1689 3973 1780 4026 τὸν
1829 3969 1886 4026 δὲ
1944 3973 2028 4026 αἱ·

379 4064 682 4140 χμάλωτον
727 4061 998 4135 ἀπήγαγεν
1031 4059 1106 4120 εἴς
1152 4057 1250 4125 τὴν
1296 4053 1610 4114 Βαϐυλῶνα.
1640 4056 1780 4128 Ἤδη
1834 4056 1891 4112 δᾶ
1937 4059 2028 4114 καὶ

380 4156 406 4208 ὁ
438 4155 712 4227 μυστικῶς
755 4146 1167 4220 ὀνομαζόμενος
1219 4140 1537 4208 Βαϐυϐὢνος
1593 4144 1844 4220 βασιλεὺς
1877 4149 1905 4202 6
1933 4168 2028 4202 κο-

379 4241 707 4316 σμοκράτωρ
765 4241 861 4292 106
913 4236 1125 4308 κόσμου
1201 4234 1396 4289 τούτου
1446 4234 1606 4292 ἐστίν.
1657 4236 1880 4299 Οίκείως
1927 4238 2029 4312 γὰρ

377 4331 467 4387 καὶ
499 4331 597 4398 τὴν
629 4327 892 4402 σύγχυσιν
948 4329 1046 4380 106
1101 4323 1310 4397 κόσμου
1367 4323 1564 4378 τούτου
1617 4320 1918 4380 Βαϐυλῶνα
1973 4324 2032 4381 ἅν

377 4443 460 4483 τις
488 4416 800 4494 προσείποι.
833 4413 1204 4489 Αίχμάλωτον
1238 4413 1338 4488 γὰρ
1369 4412 1592 4483 ἐποίησε
1619 4414 1710 4468 τὸν
1748 4412 1878 4468 λαὸν
1935 4420 2032 4470 τοῦ

380 4513 533 4580 Θεοῦ,
561 4507 666 4562 ἀπὸ
722 4508 820 4573 τῆς
871 4508 1016 4572 ζωῆς
1064 4503 1402 4574 μεταστήσας
1460 4502 1534 4563 είς
1581 4504 1805 4566 θάνατον
1834 4524 1844 4536 ·
1891 4505 2029 4580 ἠρή-

2115 604 2291 676 pheta
2320 625 2453 662 eum
2481 610 2828 665 vestimento
2853 612 3123 667 collatam
3150 616 3331 671 fuisse
3359 617 3758 684 novimus,ubi

2114 693 2381 750 videlicet
2399 697 2679 752 adversus
2697 715 2793 752 eos
2813 699 2910 769 qui
2935 703 2991 754 in
3019 703 3240 756 malitia
3261 703 3561 758 inveterati
3592 710 3753 769 sunt,

2116 784 2198 836 ait
2222 799 2233 837 :
2271 785 2399 838 Ecce
2430 801 2613 839 omnes
2642 803 2752 854 vos,
2777 797 2835 842 ut
2859 792 3240 844 vestimentum
3263 793 3677 858 inveterascetis,
3705 798 3756 847 et

2118 872 2272 925 tinea
2303 873 2537 927 comedet
2560 891 2649 928 vos
2670 877 2733 929 “.
2777 881 2871 928 Est
2901 883 3093 930 autem
3127 879 3322 949 gravis
3355 881 3754 945 comminatio,

2118 959 2332 1020 forc.ut
2360 979 2429 1015 ne
2451 962 2509 1016 in
2537 970 2830 1033 posterum
2856 965 3094 1035 quidem
3125 968 3573 1030 mundetur.0ui
3599 970 3754 1022 enim

2117 1049 2462 1118 inquinatur
2484 1056 2718 1122 peccato
2740 1052 3308 1124 aliquo,przesentem
3342 1056 3574 1126 quidem
3595 1056 3762 1110 amit-

2118 1139 2188 1191 tit
2221 1139 2593 1209 munditiam,
2639 1143 2739 1195 sed
2799 1142 3128 1213 expiatione
3175 1161 3299 1213 quas
3357 1144 3632 1214 deinceps
3662 1161 3762 1215 per

2119 1227 2518 1297 paenitentiam
2545 1235 2831 1300 speratur,
2855 1248 3226 1302 nequaquam
3248 1238 3423 1287 caret.
3447 1233 3548 1286 Ilio
3565 1239 3759 1288 autem

2121 1312 2290 1384 plane
2313 1315 2815 1384 pronuntiat,eum
2841 1335 2909 1373 ne
2931 1318 2986 1372 in
3016 1325 3312 1389 posterum
3338 1321 3572 1391 quidem
3595 1337 3764 1374 mun-

2120 1402 2260 1456 dum
2290 1405 2428 1472 fore,
2453 1421 2584 1458 cum
2619 1405 2694 1460 sit
2717 1407 3060 1477 inquinatus
3089 1408 3378 1478 sanguine
3400 1407 3598 1479 populi
3625 1409 3760 1462 Dei:

2121 1502 2295 1560 quem
2329 1493 2398 1545 ad
2435 1490 2720 1549 malitiam
2759 1495 3103 1559 adductum,
3156 1512 3256 1567 per
3305 1496 3762 1552 inobedientiam

2122 1580 2292 1632 morti
2325 1581 2588 1636 tradidit.

2188 1667 2314 1720 2'79.
2347 1669 2513 1724 Forte
2569 1671 2750 1737 enim,
2810 1672 3154 1743 priusquam
3214 1677 3511 1728 crearetur
3564 1673 3762 1740 homo,

2121 1762 2427 1826 supererat
2456 1758 2542 1814 vel
2568 1759 2678 1830 ipsi
2701 1760 2932 1816 diabolo
2955 1761 3170 1831 aliquis
3192 1762 3542 1833 poenitentia;
3576 1764 3760 1820 locus.

2121 1847 2304 1914 Atque
2336 1847 2611 1917 superbia
2643 1848 2760 1918 illa,
2794 1849 3024 1904 etiamsi
3053 1851 3199 1905 foret
3221 1851 3461 1906 morbus
3492 1852 3644 1908 592
3669 1868 3765 1906 ve-

2120 1933 2514 2004 tustissimus,
2547 1937 2593 1991 si
2617 1941 2815 1992 tamen
2838 1939 2909 1992 ab
2943 1938 3072 2010 ipso
3093 1939 3200 1993 sibi
3229 1939 3339 2009 ipsi
3365 1955 3464 2011 per
3486 1941 3765 2010 pmniten-

2121 2024 2363 2078 tentiam
2397 2026 2664 2080 medente
2699 2026 2904 2081 fuisset
2929 2032 3151 2092 curata,
3177 2027 3484 2083 restituere
3513 2027 3679 2082 illum
3704 2028 3764 2083 in

2121 2112 2439 2182 pristinum
2500 2119 2716 2169 statum
2751 2116 3059 2186 potuisset.
3118 2117 3226 2171 Sed
3288 2122 3420 2187 post
3463 2115 3766 2172 conditum

2123 2202 2433 2266 mundum,
2466 2209 2598 2273 post
2626 2204 2920 2258 consitum
2954 2205 3318 2274 paradisum,
3357 2211 3485 2275 post
3517 2205 3762 2261 colloca-

2122 2293 2250 2344 tum
2281 2289 2340 2344 in
2369 2307 2434 2345 eo
2460 2291 2921 2363 hominem,post
2942 2293 3042 2348 Dei
3069 2298 3446 2365 praeceptum,
3479 2300 3608 2365 post
3639 2294 3764 2348 dia-

2123 2378 2241 2433 boli
2273 2379 2579 2445 invidiam,
2610 2385 2743 2451 post
2773 2380 2932 2436 illius
2965 2383 3061 2452 qui
3098 2381 3495 2438 bonorabatur
3523 2383 3764 2449 caedem,

2121 2472 2247 2522 tum
2281 2469 2331 2522 ei
2365 2463 2704 2524 obstructus
2753 2475 2844 2524 est
2897 2469 3249 2540 paenitentiae
3299 2471 3480 2526 locus.
3517 2472 3573 2526 Si
3607 2470 3764 2525 enim

2123 2556 2271 2611 Esau
2297 2557 2432 2625 jure
2461 2557 2670 2627 prioris
2693 2564 2854 2612 ortus
2874 2558 3131 2622 vendito,
3155 2558 3381 2613 nullum
3413 2559 3633 2615 invenit
3652 2577 3766 2630 p03-

2125 2645 2380 2698 nitenliaa
2403 2644 2592 2698 locum
2621 2661 2632 2699 :
2666 2645 2864 2715 ecquis
2915 2647 3264 2716 pcenitentiae
3314 2648 3477 2703 locus
3507 2648 3555 2703 ei
3590 2647 3764 2703 relin-

2125 2733 2345 2803 quitur,
2379 2733 2479 2803 qui
2511 2733 2937 2804 pr0t0plastum
2961 2735 3257 2790 hominem
3289 2737 3553 2807 peremit,
3587 2741 3643 2792 et
3667 2753 3768 2807 per

2125 2837 2257 2876 eum
2291 2824 2532 2876 mortem
2568 2823 2831 2877 invexit?
2878 2824 3093 2878 Ferunt
3136 2831 3333 2879 autem
3386 2825 3675 2881 maculam
3707 2826 3766 2880 in

2123 2911 2472 2964 vestimento
2505 2913 2576 2966 ab
2607 2911 2867 2966 humano
2899 2914 3186 2983 sanguine
3223 2914 3571 2983 impressam
3606 2913 3766 2969 nullo

2126 2999 2298 3052 modo
2330 2998 2552 3069 detergi
2586 3015 2775 3068 posse,
2801 3001 2898 3052 sed
2925 3001 3328 3055 alterationem
3361 3019 3429 3056 ex
3461 3002 3769 3072 sanguinis

2125 3085 2382 3140 tinctura
2431 3086 2612 3140 semel
2656 3095 3036 3152 contractam,
3092 3105 3207 3141 una
3253 3105 3384 3142 cum
3423 3090 3768 3143 vestimento

2124 3189 2542 3229 consenescere
2571 3192 2582 3228 :
2618 3175 2739 3229 ﬁeri
2775 3175 2952 3246 igitur
2982 3193 3096 3231 non
3149 3181 3359 3246 potest,
3408 3182 3470 3231 ut
3500 3176 3598 3232 ille
3627 3194 3766 3232 san-

2127 3262 2358 3333 guineis
2390 3263 2632 3317 maculis
2663 3263 2868 3318 deletis
2899 3271 2954 3318 et
2987 3265 3293 3324 abstersis.
3327 3267 3532 3320 evadat
3564 3283 3766 3336 purus.

2131 3350 2385 3404 Observa
2415 3357 2608 3404 autem
2659 3353 2968 3407 dictionem
3023 3355 3225 3408 sordes
3274 3371 3343 3408 ex
3387 3355 3539 3408 caede
3572 3370 3769 3424 prove-

2132 3439 2359 3493 nientes
2389 3440 2688 3494 evidenter
2718 3441 3162 3511 exprimentem.
3215 3443 3337 3496 Non
3387 3442 3543 3497 enim
3584 3442 3772 3498 dixit:

2131 3526 2563 3581 Vestimentum
2598 3533 2838 3582 unctum
2874 3530 3180 3600 sanguine,
3207 3532 3329 3596 sed,
3381 3531 3774 3601 inquinatum:

2133 3614 2192 3669 id
2228 3621 2289 3668 ut
2318 3615 2587 3669 ostendat
2619 3616 2674 3668 in
2716 3617 2868 3670 caede
2916 3625 3348 3688 peremptorum
3403 3620 3584 3674 fuisse
3615 3618 3778 3674 volu-

2134 3709 2346 3758 tatum.
2381 3703 2481 3757 Hic
2515 3705 2768 3774 perdidit
2809 3705 2905 3759 Dei
2956 3710 3196 3777 terram,
3237 3713 3293 3760 et
3341 3708 3623 3778 populum
3651 3709 3780 3778 ejus

2136 3792 2528 3848 interemit.Et
2554 3810 2688 3848 vero
2712 3794 3250 3850 Nabuchodonosor
3273 3800 3486 3851 terram
3511 3797 3779 3863 vastavit,

2137 3881 2346 3937 excisis
2380 3879 2594 3953 plantis
2637 3883 2765 3951 ejus
2817 3884 3157 3950 fructiferis,
3217 3889 3276 3940 et
3319 3885 3462 3940 vicis
3511 3884 3782 3941 incendio

2137 3988 2380 4042 prorsus
2413 3972 2780 4042 consumptis
2801 3973 2864 4025 ‘5.
2891 3975 3036 4038 Quin
3063 3977 3120 4027 et
3144 3974 3268 4044 ipse
3297 3973 3577 4044 populum
3605 3973 3784 4028 Israel

2140 4059 2351 4130 partim
2385 4061 2598 4114 occidit
2628 4061 2842 4126 gladio.
2879 4062 3086 4132 partim
3125 4063 3420 4133 captivum
3455 4063 3695 4117 abduxit
3723 4065 3783 4116 in

2141 4147 2515 4219 Babylonem.
2549 4151 2827 4204 Cisterum
2863 4155 3054 4204 autem
3103 4151 3275 4205 etiam
3312 4153 3363 4205 is
3412 4150 3510 4220 qui
3549 4150 3788 4218 mystice

2141 4254 2240 4290 rex
2261 4236 2574 4307 Babylonis
2592 4237 3165 4302 nominatur,mundi
3183 4239 3360 4308 hujus
3381 4239 3652 4310 princeps
3674 4243 3784 4294 est.

2141 4327 2285 4382 Nam
2311 4328 2512 4381 mundi
2551 4329 2724 4398 hujus
2747 4328 3150 4384 confusionem
3176 4335 3365 4399 potest
3384 4329 3518 4400 quis
3535 4334 3668 4399 apte
3693 4346 3790 4398 ap-

2142 4417 2360 4488 pellare
2400 4417 2774 4488 Babylonem.
2795 4420 3020 4472 Etenim
3046 4419 3143 4473 Dei
3172 4419 3480 4490 pepulum,
3512 4436 3543 4473 a
3565 4419 3684 4473 vita
3716 4419 3785 4473 ad

2144 4514 2390 4562 mortem
2410 4509 2762 4563 translatum
2788 4510 3072 4565 abstraxit
3096 4511 3150 4564 in
3176 4509 3548 4564 servitutem:
3574 4515 3787 4564 terram

384 4619 532 4673 μωσε
564 4595 622 4651 δὶ
667 4596 764 4664 τὴν
805 4599 928 4668 γῆν,
960 4592 1057 4660 τὴν
1112 4591 1337 4645 ἑκάστου
1377 4590 1546 4666 σάρκα
1589 4589 1896 4668 διαφθείρας
1943 4591 2017 4648 διᾶ

2139 4614 2272 4654 vero
2305 4597 2648 4664 devastavit,
2678 4599 3146 4669 uniuscujusque
3170 4616 3343 4655 carne
3366 4616 3467 4671 per
3489 4605 3790 4670 peccatum

378 4692 476 4757 τῆς
537 4684 825 4758 ἁμαρτίας,
857 4681 1038 4745 καθὼς
1090 4681 1412 4755 γέγραπται,
1446 4679 1528 4734 ὅτι
1569 4684 1682 4754 (43)
1735 4681 2028 4758 Κατέφθει-

384 4797 443 4853 ρε
471 4781 613 4829 πᾶσα
644 4773 770 4846 σὰρξ
795 4773 892 4840 τήν
924 4767 1048 4825 ὁδὸν
1078 4768 1269 4838 αὐτῆς.

2143 4695 2437 4758 corrupta,
2474 4688 2621 4742 sicut
2653 4690 2936 4758 scriptum
2981 4695 3107 4744 est:
3145 4690 3406 4761 Corrupit
3455 4692 3634 4746 omnis
3663 4705 3795 4744 caro

2141 4777 2290 4829 viam
2319 4791 2485 4828 suam
2514 4775 2577 4827 ⁸⁸.

456 4903 502 4938 ιδ
532 4900 642 4955 lsa.
677 4917 729 4964 L,
758 4898 812 4951 9.
887 4896 932 4930 ⁴⁸
963 4894 1035 4949 IV
1067 4895 1204 4968 Reg.
1237 4912 1366 4961 xxv,
1401 4897 1450 4968 1,
1484 4913 1639 4967 sqq.;
1670 4896 1885 4953 Jerem.
1919 4915 2017 4952 xxx

2147 4900 2171 4953 1
2209 4916 2342 4971 sqq.
2417 4899 2461 4934 ⁸⁸
2491 4902 2631 4954 Gen.
2667 4916 2745 4966 vx,
2778 4900 2864 4953 12.

455 5043 568 5169 $37)
625 5041 860 5098 Codices
917 5038 1057 5105 duo,
1105 5036 1231 5107 παρ’
1262 5035 1445 5092 αὐτοῦ.
1500 5039 1630 5094 Mox
1683 5038 1848 5110 editi,
1905 5037 2030 5101 τοὺς

455 5160 457 5167 .
499 5114 842 5169 αιουμὲνους.
883 5109 1038 5165 Libri
1082 5126 1216 5165 vero
1267 5109 1514 5169 antiqui.
1545 5109 1673 5169 τοὺς
1716 5110 2030 5165 πεπαλαιω-

383 5109 842 5186 παλαι-ουμὲνους.
883 5109 1038 5165 Libri
1082 5126 1216 5165 vero
1267 5109 1514 5181 antiqui,
1545 5109 1673 5171 τοὺς
1716 5109 2035 5165 πεπαλαιω-

431 5186 596 5242 ἐνους.

389 5205 772 5329 μεῖἕὲῗῗάἱίὶ,
812 5248 1144 5329 παραδείσου
1181 5248 1388 5329 φυτεία.
1433 5253 1543 5308 Sed
1596 5269 1702 5308 vox
1749 5251 1954 5329 φυτεία-
1976 5253 2032 5329 in

384 5323 526 5387 mss.
551 5323 678 5384 'non
720 5323 1042 5391 invenitur;
1094 5323 1166 5378 ob
1188 5323 1396 5397 :idque
1426 5341 1555 5379 eam
1588 5341 1621 5378 a
1653 5323 2036 5397 typographis

381 5405 638 5459 additam
689 5415 818 5452 esse
867 5397 1152 5466 suspicor.
1187 5395 1434 5450 Necesse
1493 5405 1688 5451 tamen
1719 5395 1864 5453 'n0n
1905 5395 2037 5452 'fuit

383 5477 706 5546 quidquam
739 5469 1007 5546 adjicere.
1029 5485 1163 5522 cum
1192 5484 1296 5546 vox
1325 5469 1624 5546 κατασκευή
1656 5468 1914 5546 suppleri
1945 5470 2032 5546 fa-

382 5534 490 5602 cile
524 5534 728 5617 possit.
767 5547 892 5617 Mox
929 5542 1062 5617 Reg.
1097 5544 1360 5617 quartus,
1395 5539 1483 5593 καὶ
1529 5534 2034 5617 fpévoq1666ta66f

383 5609 627 5681 λου.’καὶ
678 5611 870 5688 φθόνος
899 5613 1018 5688 Δτίοῦ
1072 5609 1460 5688 τετιμημένου,
1503 5609 1713 5669 diaboli
1758 5613 1953 5678 «uades,
1984 5616 2035 5667 et

384 5691 597 5746 invidia
627 5681 781 5744 illius
811 5683 908 5756 qui
935 5681 1325 5739 honorabatur.

2215 5043 2329 5113 (39)
2375 5041 2550 5108 Editi,
2603 5038 2959 5114 εἴσαγαγόντι.
3009 5045 3082 5098 At
3133 5060 3276 5116 mss,
3310 5042 3568 5114 quinque
3619 5043 3684 5094 ut
3735 5039 3792 5095 in

2147 5119 2416 5170 contextu
2429 5154 2442 5166 .

2217 5187 2330 5255 (40)
2361 5185 2603 5255 Antiqui
2637 5190 2754 5240 tres
2787 5183 2943 5250 libri,
2975 5180 3100 5235 οὐδὲ
3143 5180 3255 5238 οὗν.
3287 5182 3398 5238 Alii
3447 5184 3584 5252 duo,
3618 5177 3795 5255 οὐδξν.

2147 5253 2322 5328 Editi,
2356 5253 2496 5310 οὔτε.
2523 5253 2739 5310 Statim
2772 5256 3034 5327 quinque
3064 5272 3232 5325 11188.,
3266 5258 3510 5328 γενέσθαι
3540 5253 3792 5327 καθαρόν.

2146 5327 2318 5393 Editi,
2345 5329 2582 5398 καθαρῷ.

2218 5392 2330 5470 (417)
2363 5401 2456 5456 Slc
2486 5392 2626 5470 mss.
2659 5414 2885 5452 omnes.
2919 5394 3090 5463 Editi,
3123 5392 3597 5470 ἆγκεκυλισμᾷνον.

2218 5467 2326 5539 (42)
2362 5471 2533 5529 Editi,
2566 5469 2754 5529 υῦτος.
2786 5471 2857 5521 Αι
2877 5484 3042 5539 _mss.
3087 5467 3597 5539 quinque,A616<.
3629 5467 3796 5524 Haud

2147 5531 2321 5611 longe
2351 5542 2752 5614 Reg.tertiu__s,
2787 5531 3139 5614 Βαϐυλώνιος
3176 5531 3450 5611 βασιλεύς.

2216 5605 2330 5683 (43)
2363 5605 2537 5678 Editi,
2571 5611 2651 5666 ὅτι
2686 5607 2792 5664 ἴδεν
2819 5608 2846 5661 ὁ
2876 5605 3005 5667 Θεὸς
3033 5605 3138 5665 ὅτι.
3170 5605 3236 5666 At
3265 5629 3413 5669 mss.
3447 5613 3546 5675 ita,
3580 5613 3646 5664 ut
3676 5609 3798 5664 edi-

2147 5683 2365 5740 dimus.
