4150 6412
303 393 414 452 6H

1248 385 1642 449 APPENDIX
1683 377 2010 444 OPERUM
2051 376 2119 438 8.
2162 374 2445 436 BASILH
2489 374 2762 437 MAGNI.

3602 388 3725 449 612

376 523 500 578 280.
533 523 702 578 Vens.
733 524 825 588 21,
854 525 945 578 22.
995 522 1186 578 Semen
1235 536 1490 589 pravum,
1534 530 1790 589 praepara
1836 515 1957 566 tuo:

2140 507 2266 562 280.
2321 506 2547 582 Σπίρμα
2602 508 2866 584 πονηρὸν,
2924 509 3211 582 ἓτοίμασον
3287 513 3356 567 τά
3410 513 3572 570 τέκνα
3625 539 3724 573 σου

305 614 470 683 ﬁlios,
501 621 561 667 ut
591 614 909 683 iugulentur
935 612 1172 682 peccatis
1199 611 1379 680 patris
1415 610 1520 670 tui,
1551 623 1619 661 ne
1649 609 1960 672 resurgant,

305 711 360 756 et
390 718 459 755 ne
507 701 782 771 impleant
831 706 1036 753 terram
1086 699 1422 752 civitatibus.
1461 700 1524 752 Et
1565 698 1854 760 insurgam
1901 692 1958 743 in

307 807 417 857 eos,
453 792 592 844 dicit
626 790 884 843 Dominus
911 787 1168 850 Sabaoth,
1196 791 1244 840 et
1271 786 1501 857 perdam
1523 800 1712 840 eorum
1738 795 1958 844 nomen,

307 888 358 934 et
387 880 678 948 reliquias,
711 886 760 932 et
784 892 984 931 semen.
1011 875 1126 930 Nec
1155 875 1278 944 ipse
1302 873 1490 928 solum
1515 889 1630 927 non
1656 870 1765 925 erit
1797 885 1963 922 mun-

308 968 436 1034 dus,
463 968 560 1020 sed
589 981 938 1018 successum
961 964 1136 1017 etiam
1163 961 1425 1016 scelerati
1462 960 1620 1013 illius
1651 957 1961 1027 posteritas

310 1072 425 1108 uua
448 1070 580 1107 cum
609 1054 735 1121 ipso
761 1054 1016 1105 bonitate
1039 1050 1483 1105 clementissimi
1509 1048 1606 1103 Dei
1632 1046 1958 1100 delabitur:

308 1144 404 1214 qui
433 1142 607 1208 filios,
631 1141 904 1196 videlicet
926 1157 1039 1194 non
1064 1145 1184 1194 tam
1209 1137 1498 1194 carnalem
1523 1135 1768 1208 prolem,
1787 1150 1961 1204 quam

308 1247 548 1302 cperum
592 1247 660 1285 ex
711 1228 864 1284 malo
915 1229 1121 1284 habitu
1173 1227 1666 1299 proficiscentium
1720 1225 1900 1278 fetum
1934 1239 1964 1276 e

311 1319 508 1373 medio
542 1318 663 1373 tolli
701 1318 1010 1389 permittit.
1033 1319 1225 1372 Semen
1254 1332 1505 1387 pravum.
1531 1314 1691 1380 Quod
1726 1311 1963 1366 malitias

313 1425 431 1463 non
463 1414 587 1463 erat
619 1414 800 1478 pater,
835 1408 934 1461 sed
970 1407 1121 1474 quod
1156 1406 1228 1460 ab
1251 1404 1365 1459 alio
1397 1402 1633 1459 malitiaa
1684 1400 1965 1473 praeeunti

309 1502 502 1552 ortum
534 1499 776 1563 accepit,
810 1501 981 1566 atque
1025 1495 1348 1565 nequitiam
1384 1493 1531 1564 ejus.
1560 1491 1660 1562 qui
1694 1507 1755 1545 se
1787 1488 1962 1543 semi-

310 1586 491 1653 navit,
535 1585 803 1639 imitatus
853 1589 962 1650 est,
995 1585 1124 1638 ideo
1174 1583 1391 1638 dicitur
1443 1597 1643 1635 semen
1695 1594 1958 1650 pravum.

307 1675 586 1744 Praepara
614 1674 759 1743 ﬁlios
787 1678 926 1740 tuos,
978 1681 1038 1727 ut
1058 1674 1368 1741 juguentur
1393 1669 1625 1740 peccatis
1655 1669 1829 1738 patris
1859 1667 1961 1720 tui.

307 1763 743 1832 Nonnunquam
763 1762 1095 1831 cujuspiam
1116 1776 1314 1816 semen
1331 1758 1546 1812 dicitur
1563 1773 1826 1828 pravum,
1847 1771 1958 1808 non

2071 594 2341 672 σφαγῆναι
2392 601 2509 657 ταῖς
2559 597 2845 671 ἁμαρτίαις
2894 603 2996 652 τοῦ
3053 599 3258 674 πατρός
3316 622 3439 669 σου,
3493 601 3586 659 ἵνα
3643 609 3721 678 μὴ

2073 684 2339 738 ἀναστῶσι
2399 687 2533 757 (44),
2591 684 2680 738 καὶ
2726 685 3056 758 ὶμπλήσωσι
3111 691 3210 757 τὴν
3293 697 3397 764 γῆν
3480 693 3718 752 πόλεων.

2072 771 2174 856 Καὶ
2265 773 2706 846 ἐπαναστήσομαι
2797 776 3025 843 αὐτοῖς,
3095 775 3239 852 λέγει
3320 778 3524 856 Κύριος
3615 791 3724 839 Σα-

2071 855 2241 928 ϐαὼθ,
2301 861 2389 914 καὶ
2459 859 2654 916 ἀπολῶ
2710 864 2887 918 αὐτῶν
2948 861 3143 937 ὄνομα,
3197 867 3287 920 καὶ
3345 868 3723 946 κατάλειμμα,

2070 948 2159 1001 καὶ
2189 949 2421 1024 σπέρμα.
2455 950 2528 1003 Οὐ
2580 952 2744 1023 μόνον
2790 951 2948 1014 αὐτὸς
2992 954 3091 1007 οὐκ
3133 949 3280 1009 ἔσται
3337 960 3597 1032 καθαρὸς,
3623 960 3723 1016 ἀλ-

2073 1035 2143 1091 λὰ
2171 1038 2260 1091 καὶ
2288 1040 2323 1106 ἡ
2359 1035 2592 1113 διαδοχὴ
2642 1044 2739 1094 105
2779 1046 3024 1115 πονηροῦ
3072 1049 3587 1121 συναφανισθήσεται
3638 1052 3727 1106 αὐ-

2071 1129 2150 1197 τῷ
2179 1123 2248 1180 δι’
2281 1126 2590 1200 ἁγαθότητα
2617 1133 2714 1183 105
2745 1129 3135 1206 φιλανθρώπου
3188 1138 3321 1188 Θεοῦ
3373 1144 3724 1212 συγχωροῦν-

2071 1235 2162 1276 τος
2185 1215 2275 1270 τὸν
2309 1215 2612 1293 ἀφανισμὸν
2644 1222 2750 1272 τῶν
2781 1219 3006 1288 τέκνων,
3035 1222 3099 1275 οὐ
3149 1227 3406 1278 τοσοῦτον
3455 1227 3556 1294 τῆς
3589 1248 3719 1304 σαρ-

2071 1303 2224 1392 κίνης
2275 1307 2388 1377 (45)
2416 1305 2781 1382 τεκνογονίας,
2815 1307 2940 1362 ὅσον
2994 1313 3094 1374 τῆς
3155 1315 3263 1365 τῶν
3321 1312 3424 1368 ἀπὸ
3471 1303 3720 1392 πονηρᾶς

2070 1389 2231 1462 ἕξεως
2313 1392 2750 1468 ἐπιτελουμένων
2837 1394 3036 1473 ἔργων.·
3120 1401 3346 1474 Σπέρμα
3424 1389 3661 1476 πονηρόν
3699 1450 3712 1462 .

2075 1479 2292 1550 Ἐπειδὴ
2354 1482 2454 1536 οὐκ
2501 1484 2568 1552 ἦν
2621 1485 2802 1561 πατὴρ
2853 1492 2952 1555 τῆς
3007 1487 3215 1559 κακίας,
3250 1487 3379 1545 ἀλλ’
3431 1491 3481 1562 ἐξ
3533 1495 3714 1569 ἑτέρου

2073 1573 2586 1645 προκαταρξαμένου
2637 1580 2737 1642 τῆς
2795 1574 3006 1643 κακίας,
3066 1578 3163 1645 τὴν
3217 1578 3420 1654 γένεσιν
3503 1580 3717 1660 εἷ’ληφε,

2071 1659 2162 1712 καὶ
2192 1661 2458 1730 πεποίηκε
2483 1661 2620 1716 κατὰ
2646 1664 2744 1731 τὴν
2804 1663 3068 1736 πονηρίαν
3116 1671 3212 1719 τοῦ
3268 1666 3585 1743 σπείραντος
3637 1659 3727 1726 αὖ·

2071 1749 2188 1814 τὸν,
2221 1750 2436 1824 σπέρμα
2497 1749 2712 1824 λέγεται
2767 1753 3028 1822 πονηρόν.
3061 1755 3384 1827 Ἑτοίμασον
3455 1759 3515 1812 τὰ
3569 1761 3726 1816 τέκνα

307 1853 463 1923 quod
486 1851 762 1906 continuo
788 1850 1085 1921 proveniat
1112 1865 1180 1904 0x
1201 1848 1426 1904 semine
1450 1846 1803 1918 pracedente
1824 1860 1836 1898 :
1859 1844 1959 1898 sed

2075 1858 2170 1892 σου
2224 1845 2488 1915 σφαγῆναι
2562 1845 2683 1901 ταῖς
2767 1841 3056 1916 ἁμαρτίαις
3131 1848 3229 1898 τοῦ
3311 1846 3514 1922 πατρός
3604 1870 3722 1905 σου.

307 1940 462 2011 quod
496 1938 738 1995 alterius
768 1938 920 1993 ortui
952 1939 1051 1992 dat
1082 1935 1616 2004 initiuin,:seminis
1639 1950 1850 1989 nomen
1874 1948 1964 1987 ac-

308 2028 471 2099 cipit.
506 2027 1014 2093 Quemadmodum
1048 2027 1204 2080 enim
1239 2041 1372 2080 cum
1409 2025 1668 2079 mundus
1702 2022 1811 2076 iuit
1831 2037 1964 2076 con-

306 2117 489 2184 ditus,
514 2133 582 2171 ea
613 2133 740 2186 quae
773 2116 1024 2186 primum
1072 2115 1494 2186 germinavere,
1519 2117 1685 2167 erant
1723 2111 1960 2182 quidem

305 2205 533 2262 semina
562 2204 835 2273 aliorum,
861 2220 966 2258 nec
999 2208 1193 2258 tamen
1225 2205 1351 2274 ipsa
1381 2219 1450 2256 ex
1471 2201 1604 2256 aliis
1635 2200 1963 2256 seminibus

306 2293 595 2364 prodiere,
622 2309 753 2347 cum
789 2293 963 2347 rebus
1003 2309 1070 2346 ex
1113 2290 1338 2346 semine
1371 2289 1658 2362 originem
1691 2289 1961 2344 ducenti-

307 2381 419 2436 bus
449 2385 648 2435 essent
683 2381 837 2437 598
879 2380 1212 2451 antiquiora
1246 2395 1257 2433 :
1290 2380 1374 2433 ita
1405 2379 1548 2432 forte
1580 2379 1753 2432 etiam
1805 2393 1963 2431 nunc

310 2486 509 2525 semen
543 2485 786 2539 pravum
831 2469 1128 2539 Scriptura
1157 2473 1325 2523 vocat
1353 2484 1512 2535 eum,
1544 2465 1643 2538 qui
1688 2466 1963 2536 nequitias

312 2556 645 2628 exemplum
680 2558 909 2627 primus
939 2557 1101 2612 dedit
1132 2556 1379 2622 caeteris,
1415 2557 1639 2626 fuitque
1669 2555 1836 2626 quasi
1871 2571 1962 2609 sc-

312 2662 469 2710 men,
504 2645 891 2716 semetipsum
926 2645 1188 2717 priebens
1221 2645 1571 2700 imitandum
1610 2661 1622 2699 :
1657 2661 1770 2698 non
1804 2643 1960 2714 quod

312 2733 464 2788 hanc
494 2733 855 2789 subsistendi
909 2733 1192 2788 rationem
1226 2733 1298 2788 ab
1337 2732 1808 2787 antecessoribus
1857 2731 1962 2786 ha-

316 2823 468 2888 beat,
519 2823 615 2878 sed
663 2823 817 2893 quod
867 2823 1116 2893 posteris
1173 2823 1298 2876 suis
1353 2821 1659 2892 prasiverit.
1692 2823 1960 2875 Attamen

314 2917 504 2983 potest
536 2911 827 2983 quispiam
862 2928 930 2966 ex
959 2910 1275 2982 semetipso
1307 2927 1410 2965 ceu
1458 2910 1728 2980 nequitia:
1762 2914 1965 2964 auctor

313 3005 370 3056 et
403 2999 776 3068 architectus,
810 3015 1051 3070 pravum
1104 3015 1304 3054 semen
1334 3015 1490 3066 esse;
1525 3003 1581 3053 et
1625 3015 1830 3054 rursus
1864 2997 1962 3068 qui

313 3090 385 3144 ab
435 3088 718 3160 improbis
763 3087 1063 3160 magistris
1111 3088 1351 3142 edoctus
1403 3092 1512 3155 est,
1554 3087 1675 3156 pari
1727 3088 1963 3141 nomine

310 3183 499 3248 potest
550 3175 840 3248 insigniri.
875 3177 1148 3231 Peccator
1196 3175 1291 3230 ille
1344 3180 1584 3230 vocatus
1632 3181 1720 3230 est
1766 3176 1959 3230 Semen

2075 1926 2296 2001 Λέγεται
2329 1924 2386 1980 δὲ
2415 1948 2546 1982 ποτε
2577 1929 2790 2005 σπέρμα
2817 1931 3056 2006 πονηρόν
3085 1954 3250 2005 τινος,
3287 1936 3352 1989 οὗ
3394 1939 3612 2000 πάντως
3668 1937 3729 1994 ἐκ

2071 2015 2424 2086 προαγούσης
2454 2023 2660 2090 σπορᾶς
2689 2017 3002 2091 γενόμενον,
3035 2019 3180 2076 ἀλλὰ
3208 2022 3295 2077 καὶ
3322 2025 3385 2078 τὸ
3424 2025 3556 2081 αὐτὸ
3585 2048 3720 2082 κατ-

2074 2103 2349 2177 άρχονείς
2397 2106 2494 2172 τὴν
2555 2104 2739 2180 ἓτὲρου
2794 2106 2998 2182 γένεσιν
3059 2109 3274 2184 σπέρμα
3324 2116 3729 2190 προσαγορεύε-

2071 2213 2180 2248 ται.
2213 2193 2301 2253 Ὠς
2331 2192 2432 2268 γὰρ
2465 2193 2516 2247 ἐν
2569 2197 2637 2268 τῇ
2680 2197 3015 2269 κοσμοποιίᾳ
3043 2201 3157 2272 (46)
3189 2199 3255 2255 τὰ
3299 2204 3535 2277 πρώτως
3585 2203 3726 2280 βλα-

2074 2282 2362 2352 στήσαντα,
2398 2281 2686 2358 σπέρματα
2729 2285 2825 2355 μὶν
2857 2286 2922 2354 ἦν
2957 2287 3174 2362 ἑτέρων,
3209 2289 3342 2344 αὐτὰ
3395 2288 3454 2346 δὲ
3501 2292 3600 2349 οὐκ
3655 2297 3722 2364 ἦν

2073 2369 2122 2441 ἐξ
2156 2369 2352 2444 ἑτέρων
2385 2366 2742 2447 (πρεσϐύτερα
2769 2374 2870 2448 γὰρ
2915 2376 2980 2443 ἧν
3025 2380 3132 2430 τῶν
3176 2377 3310 2433 κατὰ
3365 2379 3582 2456 σπέρμα
3635 2404 3724 2438 τε-

2072 2457 2451 2532 λειουμὲνων)·
2486 2459 2628 2514 οὔτω
2659 2463 2802 2537 τάχα
2829 2463 2918 2516 καὶ
2949 2468 3039 2518 νῦν
3073 2465 3100 2519 ὁ
3151 2464 3317 2541 λόγος
3371 2469 3463 2524 τὸν
3524 2468 3716 2535 ἄλλοις

2074 2546 2150 2609 είς
2184 2545 2490 2622 ὑπόδειγμα
2519 2550 2781 2626 πονηρίας
2812 2551 3155 2629 κατάρχοντα
3211 2557 3302 2610 καὶ
3349 2559 3514 2614 οἱονεὶ
3563 2563 3716 2638 σπέρ-

2076 2657 2152 2710 μα
2181 2637 2469 2711 γινόμενον
2503 2640 2616 2712 (47)
2657 2636 2745 2693 διὰ
2783 2647 2884 2710 τῆς
2938 2645 3244 2717 μιμήσεως,
3275 2646 3490 2722 σπέρμα
3545 2636 3716 2721 πονή-

2073 2726 2162 2798 ρὸν
2195 2724 2452 2798 ὀνομάζει
2481 2727 2589 2802 οὐχ
2619 2729 2692 2790 ὡς
2723 2729 2830 2783 ἀπὸ
2873 2731 3223 2808 προαγόντων
3271 2735 3370 2804 τὴν
3427 2737 3715 2795 ὑπόστασιν

2071 2814 2286 2903 ἔχσντα,
2323 2813 2544 2878 ἀλλ’ὡς
2577 2823 2693 2879 τοῖς
2750 2817 3149 2893 ἐπιγινομένοις
3194 2825 3293 2892 τὴν
3355 2826 3531 2902 ἀρχὴν
3585 2849 3714 2903 παρ-

2073 2901 2360 2981 εχόμενον.
2397 2905 2623 2960 Δύναται
2657 2904 2715 2961 δὲ
2745 2915 2874 2983 παρ’
2900 2909 3086 2964 ἔαυτόν
3139 2933 3226 2966 τισ
3276 2901 3486 2991 σπέρμα
3535 2901 3708 2988 πονη-

2074 2996 2162 3069 ρὸν
2197 2996 2351 3063 εἶναι,
2385 2995 2634 3070 ἀρχηγὸς
2666 2998 2762 3065 τῆς
2792 2997 2979 3060 κακίας
3013 2999 3299 3078 ὑπάρχων·
3331 3005 3418 3059 καὶ
3471 3005 3634 3060 πάλιν
3682 3009 3710 3062 ὁ

2069 3089 2336 3159 πονηροῖς
2368 3081 2717 3146 διδασκάλοις
2765 3089 3144 3159 μαθητευθεὶς,
3177 3089 3384 3164 ὁμοίως
3434 3115 3714 3170 προσαγο-

2072 3171 2336 3248 ρεύεσθαι.
2384 3173 2612 3247 Σπέρμα
2667 3176 2899 3244 Χαναὰν,
2957 3177 3047 3230 καὶ
3104 3178 3202 3234 οὐκ
3256 3180 3452 3250 Ἰούδα,
3483 3181 3713 3252 ἤκουσεν

311 3268 602 3329 Chanaan,
633 3271 827 3322 etnon
877 3265 1126 3331 Juda”;
1158 3281 1273 3319 non
1324 3264 1477 3336 quod
1530 3264 1724 3319 carnis
1771 3281 1958 3336 genus

2074 3235 2096 3315 ὑ
2130 3259 2456 3336 ἁμαρτωλὸς
2491 3235 2715 3324 ἁκεῖνος·
2751 3261 2811 3317 οὑ
2844 3235 2920 3334 τίξ)
2949 3265 3010 3319 τὸ
3047 3267 3198 3340 γένος
3229 3276 3330 3339 τῆς
3382 3235 3582 3345 ccipis-gi

310 3355 574 3426 spurium
609 3359 667 3408 et
697 3370 766 3409 ex
796 3353 1070 3409 Chanaan
1121 3354 1497 3409 commistum
1547 3353 1818 3419 haberet;
1853 3353 1952 3408 sed

307 3443 437 3498 ideo
487 3459 687 3498 semen
737 3442 1011 3497 Chanaan
1064 3441 1413 3514 appellatur,
1447 3443 1598 3512 quod
1647 3441 1956 3497 aemulatus

306 3532 580 3588 Chanaan
633 3531 728 3586 sit.
771 3530 1189 3602 Unusquisque
1239 3531 1419 3601 igitur
1466 3547 1576 3585 sua
1621 3531 1809 3600 ipsius
1858 3546 1956 3585 vo-

307 3619 532 3675 luntate
566 3625 755 3691 potest
783 3635 912 3674 esse
956 3623 1058 3673 aut
1105 3635 1307 3673 semen
1340 3622 1632 3685 sanctum,
1669 3622 1768 3673 aut
1816 3635 1955 3673 con-
1999 3656 2004 3660 -

237 3774 243 3780 ι
302 3708 573 3764 trarium.
611 3708 751 3762 Audi
811 3706 967 3762 enim
1028 3705 1271 3762 Paulum
1330 3708 1617 3762 dicentem
1654 3725 1666 3762 :
1700 3712 1841 3764 Nam
1895 3710 1955 3762 in

305 3798 520 3854 Christo
541 3799 669 3853 Jesu
687 3813 788 3867 per
808 3797 1170 3864 Evangelium
1189 3813 1287 3864 ego
1307 3813 1398 3852 vos
1421 3800 1588 3864 genui
1600 3797 1671 3863 ‘3;
1695 3803 1750 3850 et
1773 3796 1915 3851 illud
1939 3814 1952 3851 :

309 3889 575 3957 Quotquot
604 3890 922 3956 receperunt
964 3902 1110 3948 eum,
1140 3887 1287 3940 dedit
1319 3887 1402 3940 eis
1447 3891 1768 3954 potestatem
1815 3887 1956 3956 ﬁlios

302 3976 401 4029 Dei
429 3975 558 4043 ﬁeri
579 3974 650 4037 ‘9;
677 3980 733 4028 et
758 3991 769 4028 :
798 3973 993 4031 Omnis
1017 3975 1119 4044 qui
1143 3975 1287 4043 facit
1311 3982 1611 4044 peccatum,
1637 3989 1706 4028 ea:
1733 3975 1958 4030 diabolo

299 4071 468 4118 natus
497 4067 574 4118 est
595 4063 658 4116 ⁸ο.

374 4152 499 4206 281.
529 4151 677 4216 Quid
710 4155 904 4206 autem
939 4150 1051 4206 sibi
1082 4148 1205 4204 vult
1233 4149 1551 4220 Scriptura,
1585 4166 1719 4206 eum
1762 4151 1958 4222 praeci-

303 4241 389 4312 pit
423 4240 630 4296 semini
690 4256 966 4310 nequam,
1001 4243 1066 4293 ut
1097 4239 1248 4293 ﬁlios
1281 4255 1420 4293 suos
1471 4239 1540 4293 ad
1587 4240 1799 4295 caedem
1853 4258 1956 4312 pro

303 4330 556 4401 peccatis
589 4328 771 4400 patris
794 4327 1113 4400 praeparet?
1136 4327 1443 4383 Observavi
1454 4344 1586 4384 mus
1610 4329 1730 4398 jam
1756 4330 1957 4385 multis

303 4417 361 4472 in
395 4418 559 4486 locis,
598 4418 1064 4488 uniuscujusque
1102 4433 1277 4488 Opera
1320 4420 1379 4471 et
1427 4418 1637 4471 anima:
1671 4418 1821 4474 fetus
1854 4437 1957 4491 ap-

303 4506 508 4577 pellari
559 4506 732 4561 ﬁlios.
763 4506 1085 4562 Saluabitur
1119 4506 1289 4571 enim,
1321 4505 1534 4576 inquit,
1567 4522 1664 4576 per
1709 4508 1957 4577 ﬁliorum

2067 3362 2156 3415 θον
2192 3347 2337 3426 ἔχειν
2369 3350 2459 3405 καὶ
2509 3348 2794 3422 ἐπίμικτον
2844 3351 2951 3407 ἀπὸ
2999 3359 3096 3409 105
3156 3358 3391 3428 Χαναὰν,
3423 3359 3569 3416 ἀλλὰ
3626 3360 3714 3417 διὰ

2063 3441 2162 3508 τὴν
2199 3439 2430 3512 μίμησιν
2462 3444 2560 3494 105
2589 3441 2823 3512 Χαναὰν,
2859 3441 3074 3518 σπέρμα
3101 3446 3307 3501 Χαναὰν
3363 3447 3708 3522 ὀνομάζεται.

2066 3529 2290 3583 Δύναται
2351 3528 2442 3582 οὗν
2501 3527 2724 3588 ἕκαστος
2772 3529 2832 3585 ἐκ
2877 3538 2977 3600 τῆς
3008 3533 3170 3588 αὐτοῦ
3199 3538 3309 3608 (48)
3341 3539 3711 3613 προαιρέσεως

2065 3619 2101 3686 ἢ
2161 3618 2376 3705 σπέρμα
2435 3616 2586 3692 ἅγιον
2641 3618 2866 3689 alvom-li
2917 3621 2980 3675 τὸ
3039 3621 3294 3680 ἐναντίον.
3358 3627 3555 3683 ’Ἄκουε
3609 3630 3710 3705 γὰρ

2065 3704 2285 3762 Παύλου
2337 3704 2616 3780 λέγοντος·
2672 3709 2754 3762 Ἐν
2805 3710 2906 3784 γὰρ
2965 3711 3180 3786 Χριστῷ
3234 3714 3415 3784 Ἰησοῦ
3473 3713 3562 3772 διὰ
3614 3704 3711 3773 105

2066 3793 2404 3871 Εὑαγγελίου
2463 3795 2571 3870 ἐγὼ
2641 3797 2782 3868 ὑμᾶς
2839 3798 3119 3872 ἐγέννησαο
3153 3803 3242 3856 καὶ
3290 3805 3376 3871 τὸ,
3408 3807 3566 3861 Ὅσοι
3599 3810 3710 3880 (49)

2065 3881 2261 3940 ἔλαϐον
2345 3884 2502 3938 αὐτὸν
2540 3931 2554 3956 ,
2623 3883 2820 3941 ἔδωκεν
2923 3887 3107 3950 αὐτοῖς
3223 3890 3464 3962 ἐξουσίαν
3557 3894 3712 3950 τέκνα

2063 3977 2197 4030 Θεοῦ
2255 3973 2548 4060 γενέσθαιο
2601 3975 2711 4042 καὶ,
2772 3981 2882 4037 Πᾶς
2941 3978 2991 4035 ὁ,
3025 3983 3197 4033 ποιῶν
3273 3983 3374 4050 τὴν
3442 3985 3708 4060 ἁμαρτίαν

2063 4061 2124 4118 ἐκ
2151 4067 2248 4117 105
2281 4057 2544 4118 διαϐόλου
2573 4063 2911 4139 γεγέννηται.

2133 4155 2259 4209 281.
2284 4151 2349 4208 Τί
2382 4151 2439 4206 δὶ
2474 4150 2809 4227 βουλόμενος
2839 4156 2866 4209 ὁ
2913 4157 3074 4230 Λόγος
3109 4161 3434 4234 προστάσσει
3475 4166 3556 4234 τῷ
3609 4184 3712 4218 πυ-

2063 4245 2216 4315 νηρῷ
2257 4241 2546 4316 σπέρματι,
2581 4241 2861 4314 ἑτοιμάσαι
2910 4245 2978 4298 τὰ
3022 4246 3181 4301 τέκνα
3227 4247 3390 4303 αὐτοῦ
3448 4249 3524 4312 εἷς
3581 4273 3713 4329 σφα-

2063 4331 2164 4406 γήν
2208 4334 2326 4392 ταῖς
2374 4329 2664 4406 ἁμαρτίαις
2703 4335 2802 4415 105
2854 4333 3093 4405 πατρός;
3129 4334 3430 4413 Πολλαχοῦ
3486 4342 3715 4415 τετηρή-

2063 4418 2348 4491 καμεν,τὰ
2409 4418 2630 4474 ἑκάστου
2688 4413 2816 4496 ἔργα
2873 4423 2958 4477 καὶ
3007 4422 3136 4486 τοὺς
3185 4425 3426 4501 καρποὺς
3454 4431 3555 4493 τῆς
3611 4413 3712 4502 ψυ-

2067 4511 2177 4596 xii:
2223 4508 2384 4562 τὲκνα
2422 4510 2943 4584 προσαγορεύεσθαι.
3009 4514 3325 4583 Σωθήσεται
3379 4516 3504 4592 γὰρ,
3558 4519 3714 4596 φησὶ,

301 4597 741 4666 generationem,
764 4597 814 4649 si
840 4596 1147 4650 manserint
1172 4597 1232 4649 in
1253 4595 1358 4663 ﬁde
1378 4601 1431 4649 et
1453 4595 1736 4650 dilectione
1758 4602 1804 4651 et
1829 4613 1960 4652 san-

2074 4594 2159 4651 διὰ
2216 4603 2314 4666 τῆς
2383 4598 2752 4672 τεκνογονίας,
2797 4599 2885 4654 ἐὰν
2962 4601 3214 4672 μείνωσιν
3287 4603 3338 4658 ἐν
3395 4594 3578 4661 πίστει
3627 4609 3717 4661 καὶ

300 4686 637 4755 etiﬁcatione
667 4700 787 4738 cum
826 4685 1113 4739 sobrietate
1132 4684 1200 4738 ⁵1.
1232 4683 1376 4738 Nam
1420 4684 1638 4747 anima.
1673 4691 1951 4758 tanquam

302 4790 446 4829 uxor
475 4772 676 4845 sponsi
722 4772 822 4844 qui
855 4773 1132 4844 deceptus
1184 4789 1295 4828 non
1349 4778 1457 4838 est,
1492 4773 1649 4828 salva
1679 4776 1951 4848 efﬁcitur,

2067 4686 2241 4762 ἀγάπῃ
2316 4686 2404 4741 καὶ
2488 4687 2741 4762 ἁγιασμῷ
2831 4689 2966 4760 μετὰ
3036 4692 3414 4768 σωφροσύνης.
3476 4695 3716 4765 Σώζεται

2063 4777 2164 4852 γὰρ
2195 4779 2229 4846 ἡ
2264 4776 2440 4850 ψυχὴ,
2475 4776 2548 4838 ὡς
2578 4778 2712 4852 γυνὴ
2764 4782 2860 4832 105
2911 4779 2988 4852 μή
3039 4778 3407 4849 ἀπατηθᾶντος
3453 4785 3714 4862 νυμφίου,

373 4915 415 4949 ⁸⁷
448 4914 592 4969 Dan.
626 4928 751 4978 xm,
781 4913 872 4967 56.
951 4911 993 4945 ⁸⁸
1027 4913 1047 4966 Ι
1077 4911 1203 4966 Cor.
1240 4929 1315 4979 IV,
1353 4913 1436 4966 15.
1516 4913 1560 4947 ⁴⁹
1587 4917 1754 4968 Joan.
1790 4932 1829 4980 ι,
1865 4919 1952 4972 12.

2105 4918 2125 4972 Ι
2157 4918 2325 4973 Joan.
2360 4933 2444 4986 ιιι,
2477 4918 2529 4971 8.
2605 4918 2648 4954 ⁸³
2682 4917 2880 4974 ITim.
2917 4937 2979 4991 ιι,
3013 4921 3098 4977 15.

377 5056 487 5126 (lli)
520 5057 613 5111 Sic
663 5058 909 5127 uterque
957 5053 1216 5127 Combef.
1263 5053 1502 5127 perinde
1529 5060 1725 5127 _atque
1776 5059 1958 5114 nostri

307 5123 554 5182 codices.
592 5127 740 5180 Editi
795 5123 985 5198 fusius
1037 5124 1322 5198 ἀναστῷσι,
1355 5124 1440 5198 καὶ
1491 5123 1957 5198 κληρονομήσωσι

307 5198 404 5263 τήν
451 5204 572 5270 γῆν.
613 5199 721 5253 Sed
757 5214 890 5271 cum
952 5197 1074 5250 haec
1122 5197 1316 5258 verba,
1349 5196 1435 5248 καὶ
1487 5194 1958 5271 κληρονομήσωσι

305 5271 406 5337 τὴν
436 5272 555 5354 γῆν,
590 5287 702 5324 non
751 5270 1169 5340 interpretetur
1217 5272 1438 5333 auctor,
1470 5270 1784 5326 verisimile
1816 5274 1958 5327 mihi

309 5343 392 5398 fit.
427 5340 696 5396 librarios
741 5356 807 5394 ea
858 5341 971 5394 huc
1021 5357 1087 5394 ex
1135 5340 1258 5394 suis
1311 5340 1511 5394 Bibliis
1564 5343 1954 5398 transtulisse.

310 5364 392 5407 Ill,
430 5364 696 5396 Ilurarlos
741 5364 807 5394 ea
861 5364 971 5394 [IUU
1021 5364 1087 5394 ΒΧ
1135 5364 1258 5394 δυιε
1311 5364 1511 5394 DIUHIS
1565 5364 1954 5400 IrunBLunf-‘se.

309 5411 526 5466 Ibidem
565 5417 682 5466 tres
712 5429 850 5467 mss.
883 5416 942 5484 et
969 5412 1134 5478 editi,
1155 5415 1254 5484 γῆν
1289 5407 1529 5478 πόλεων,
1561 5415 1830 5484 Imqleant
1859 5429 1961 5472 ter-

308 5501 428 5558 ram
471 5484 804 5558 civitatibus.
824 5483 1089 5558 _Vulgata
1144 5499 1396 5558 quoque,
1429 5485 1615 5558 Neque
1656 5483 1963 5558 implebunt

308 5556 510 5626 faciem
541 5556 688 5609 orbis
725 5554 1027 5608 civitatum.
1065 5558 1144 5626 At
1179 5555 1242 5626 in
1289 5554 1420 5611 aliis
1467 5556 1699 5611 duobus
1734 5554 1870 5613 mss.
1906 5565 1962 5616 et

309 5623 465 5755 ἶριιῗςί
500 5627 631 5683 LXX
661 5626 896 5698 legitur,
919 5629 1021 5698 γῆν
1054 5623 1337 5698 πολέμων,
1367 5628 1429 5682 Et
1457 5628 1725 5699 impleant
1756 5638 1960 5687 terram

345 5715 374 5756 e
421 5714 488 5755 is.

2141 5059 2526 5147 (i5ipodices
2584 5060 2868 5134 quinque,
2915 5068 3016 5131 τῆς
3075 5065 3353 5138 σαρκίνης.
3415 5069 3587 5137 Editi,
3622 5077 3725 5139 τῆς

2073 5149 2352 5203 σαρκικης.

2288 5203 2529 5284 ῥοῇ(λυὶ
2565 5204 2678 5258 duo
2708 5203 2861 5284 libri,
2898 5203 2948 5258 ἓν
2979 5205 3049 5284 τῇ
3077 5209 3431 5284 κοσμογονίᾳ.

2286 5275 2525 5352 Codices
2560 5276 2847 5352 nonnulli,
2879 5275 3194 5352 γενόμενονξ

2286 5347 2348 5400 In
2405 5346 2651 5427 nostris_
2672 5346 2940 5427 quinque
2983 5346 3124 5406 mss.
3159 5351 3392 5427 legitur,
3443 5353 3630 5427 αὐτοῦ·
3667 5360 3723 5414 in

2071 5417 2244 5502 editis
2276 5435 2429 5502 vero,
2465 5417 2875 5502 ὲαυτοῖξβΗ-ξιυῖ]
2928 5421 3098 5494 longe
3133 5417 3399 5481 voEulani
3444 5426 3545 5501 γάρ
3599 5437 3728 5502 past

2071 5490 2310 5544 verbum
2341 5488 2502 5542 ἄκουε
2532 5508 2599 5546 ex
2630 5492 2860 5546 duobus
2895 5488 3293 5551 rnssfaddidi-

2102 5631 2114 5644 .
2143 5561 2255 5644 (i9)
2286 5563 2436 5644 {aditi
2470 5579 2632 5633 irque
2665 5580 2729 5618 ac
2761 5568 3168 5644 textlis_sacer,
3204 5570 3356 5622 Ὅσοι
3390 5564 3466 5625 δέ.
3500 5573 3574 5626 At
3601 5589 3729 5644 par-

2070 5629 2256 5688 ticula
2287 5629 2342 5687 δέ
2373 5634 2434 5690 in
2465 5629 2610 5690 mss.
2644 5651 2759 5693 non
2791 5637 3101 5710 reperitur.

2142 5205 2159 5416 ἓ
