4150 6428
1298 376 1706 480 ἈΡΡΕΝυιΧ
1745 416 2075 480 orarum
2119 418 2185 479 s.
2228 415 2511 478 nasum
2557 415 2831 477 MAGNI.

3648 416 3774 476 616

344 557 613 609 acturum
646 571 709 611 se
740 571 870 611 esse
893 554 952 609 in
970 551 1574 610 desertum.Cssterum
1605 566 1791 622 prave
1813 548 1981 605 habi-

2106 547 2210 604 λεῖ.
2240 545 2489 619 Πονηρὰς
2521 542 2579 600 δὶ
2627 543 2897 615 οῒκήσεως
2924 545 3041 615 (58)
3092 542 3398 619 ἐρήμωσις,
3428 544 3517 599 καὶ
3571 565 3769 621 συγκε-

347 642 588 697 tationis
618 642 886 709 vastatio,
945 641 1191 709 vitasque
1222 638 1477 692 confusae
1537 642 1595 691 et
1644 637 1992 707 perturbatis

347 731 609 799 abolitio,
644 731 860 784 bonum
897 729 1192 799 quoddam
1225 731 1314 781 est
1342 742 1520 780 sensu
1553 732 1609 779 et
1637 730 1830 779 mente
1854 742 1995 796 prae-

347 820 488 874 ditis
526 819 689 873 valde
721 817 1136 887 ex0ptandum.
1188 816 1435 870 Tantam
1490 819 1683 868 autem
1735 813 1997 867 minatur

347 908 466 962 fore
500 906 808 977 Babylonis
841 905 1199 968 vastitatem,
1234 909 1298 958 ut
1331 903 1505 958 homo
1546 901 1902 973 Babylonius
1934 902 1992 955 in

346 1012 415 1050 ea
444 1013 557 1049 non
591 996 668 1048 sit
718 992 973 1063 amplius
1030 992 1429 1057 habitaturus,
1464 992 1564 1046 sed
1614 991 1735 1047 sint
1791 990 1995 1046 hericii

346 1083 704 1152 subrogandi
737 1084 795 1136 in
829 1082 1133 1137 hominum
1160 1081 1372 1137 locum.
1412 1086 1509 1134 Est
1539 1086 1735 1135 autem
1770 1080 1990 1135 animal

343 1174 485 1228 illud
523 1173 726 1246 rigidis
757 1177 814 1228 et
846 1172 1206 1227 acutissimis
1257 1171 1444 1244 spinis
1503 1172 1988 1243 circumseptum,

344 1263 499 1332 quod
540 1267 599 1317 et
627 1265 806 1332 caput
835 1267 892 1316 et
923 1262 1119 1331 pedes,
1154 1277 1288 1316 cum
1314 1260 1775 1327 vult,contrahit,
1810 1265 1991 1330 atque

344 1350 663 1422 perfectam
692 1350 930 1420 sphaera}
961 1350 1208 1421 ﬁguram
1237 1351 1437 1417 sumit,
1463 1350 1607 1405 adeo
1639 1355 1704 1404 ut
1732 1349 1826 1404 vix
1860 1365 1993 1420 pos-

346 1439 423 1494 sit
453 1440 603 1511 capi,
633 1440 822 1511 capite
855 1444 909 1493 et
941 1439 1189 1511 pedibus
1220 1439 1372 1493 intra
1404 1438 1624 1509 spiram
1676 1454 1804 1493 sese
1836 1437 1995 1493 colli-

341 1527 639 1600 gentibus,
673 1532 851 1599 atque
882 1527 1191 1599 superﬁcie
1222 1527 1409 1599 spinis
1452 1526 1753 1582 undelibet
1799 1526 1993 1581 inhor-

344 1620 625 1671 rescente.
662 1614 779 1671 Hoc
826 1616 1029 1687 utique
1060 1615 1277 1671 animal
1301 1614 1516 1684 solum,
1541 1615 1627 1671 vel
1660 1615 1990 1686 quiescens,

344 1704 456 1760 sibi
474 1703 824 1759 insidiantes
839 1704 1265 1777 ulcisciturpui
1282 1705 1437 1761 enim
1452 1721 1503 1760 ei
1518 1705 1960 1775 injicitmanum
1973 1746 1988 1772 ,

344 1793 598 1864 graviter
627 1793 931 1863 pangitur,
993 1798 1051 1847 et
1079 1798 1295 1861 quanto
1330 1793 1515 1865 magis
1572 1792 1823 1848 voluerit
1853 1795 1990 1863 quis

2104 635 2357 710 χυμὲνου
2394 635 2515 709 βίου
2546 633 2871 711 άφανισμὸς,
2906 633 3108 707 ἀγαθὸν
3158 630 3628 707 περισπούδαστόν
3658 633 3769 690 έοτι

2103 729 2226 784 τοῖς
2266 722 2696 796 αἶσθανομένοις.
2734 722 2856 779 Ἐπὶ
2912 726 3173 777 τοσοῦτον
3234 718 3293 776 δὶ
3334 724 3434 792 τὴν
3485 722 3770 797 ἐρήμωσιν

2104 810 2325 867 ἀπειλεῖ
2353 819 2453 881 τῆς
2504 806 2880 882 Βαϐυλωνίας,
2915 811 3054 866 ὥστε
3105 808 3388 886 ἄνθρωπον
3441 811 3536 885 μὲν
3589 808 3766 869 Βαϐυ-

2105 898 2303 955 λώνιον
2360 902 2555 974 μηκέτι
2596 905 2891 968 κατοικεῖν,
2954 900 3172 975 ἐχίνους
3228 897 3285 954 δί
3333 899 3762 977 ἀντεισάγεσθαι.

2105 992 2257 1044 Ἐστι
2320 987 2378 1044 δὲ
2427 990 2489 1044 τὸ
2550 994 2687 1058 ζῶον
2717 993 2879 1043 τοῦτο
2913 994 3182 1061 σκληραῖς
3212 988 3303 1043 καὶ
3337 990 3620 1061 ὀξυτάταις
3652 992 3765 1063 (59)

2105 1077 2359 1141 ἀκάνθαις
2402 1078 2939 1155 περιπεφραγμένον,
2990 1076 3081 1131 καὶ
3132 1076 3377 1151 κεφαλὴν
3436 1078 3526 1133 καὶ
3587 1074 3761 1141 πόδας

2106 1165 2385 1234 συνέλκον,
2417 1166 2505 1221 ὅτε
2540 1166 2821 1243 βούλεται,
2850 1165 2942 1221 καὶ
2976 1166 3050 1228 εἷς
3080 1161 3301 1239 ἀκριϐὲς
3349 1172 3544 1243 σχῆμα
3599 1167 3762 1243 σφαί-

2106 1276 2201 1331 ρας
2251 1256 2408 1311 ἑαυτὸ
2461 1258 2830 1331 σχηματίζον,
2892 1254 3033 1310 ὥστε
3088 1252 3406 1325 δύσληπτον
3452 1256 3610 1323 εἶναι,
3658 1264 3760 1327 τῆς

2108 1345 2201 1417 μὲν
2229 1342 2471 1421 κεφαλῆς
2500 1343 2589 1398 καὶ
2618 1349 2726 1398 τῶν
2758 1341 2949 1398 ποδῶν
2998 1344 3521 1419 συνεσπειραμένων,
3548 1351 3649 1415 τῆς
3698 1344 3757 1400 δὲ

2104 1433 2417 1509 ἐπιφανείας
2496 1433 2836 1507 πανταχόθεν
2929 1431 3350 1505 ἠκανθωμένης.
3410 1432 3593 1489 Μόνον
3646 1434 3752 1509 γὰρ

2107 1527 2243 1592 ζῶον
2271 1527 2432 1577 τοῦτο
2465 1519 2744 1597 ἡσυχάζον
2791 1518 3053 1595 ἀμύνεται
3092 1521 3227 1584 τοὺς
3283 1516 3751 1584 έπιϐουλεύοντας.

2102 1613 2163 1669 '0
2194 1613 2297 1687 γὰρ
2332 1607 2609 1667 ἱπιϐαλὼν
2644 1610 2790 1683 αὐτῷ
2821 1611 2917 1671 τὰς
2947 1615 3137 1686 χεῖρας
3186 1609 3483 1684 ἀμύσσεται
3544 1608 3757 1678 δεινῶς,

2101 1704 2192 1757 καὶ
2267 1700 2482 1775 ὅσῳπερ
2556 1698 2618 1755 ἃν
2686 1697 2857 1755 πλέον
2927 1699 3058 1775 αὐτὸ
3290 1697 3544 1775 βουληθῇ
3602 1719 3764 1754 κατα-

2102 1790 2335 1867 σφίγξαι,
2370 1788 2615 1843 τοσούτω
2663 1786 3059 1865 χαλεπώτερον
3116 1792 3236 1852 ταῖς
3294 1787 3548 1850 ἀκάνθαις
3599 1807 3759 1863 περι-

341 1880 489 1936 illud
522 1881 1361 1953 constringere,tantogravius
1380 1880 1568 1954 spinis
1595 1882 1986 1953 transﬂgitur.
2020 1917 2067 1982 Β
2099 1876 2366 1947 πείρεται.

411 1970 536 2024 283.
571 1969 738 2024 Forte
768 1970 948 2041 igitur
974 1970 1281 2025 hominum
1332 1987 1521 2026 mores
1547 1969 1772 2026 occulte
1802 1971 1989 2043 signi-

338 2058 495 2123 ﬁcat,
526 2057 647 2113 vice
676 2057 1127 2129 Babyloniorum
1190 2060 1393 2114 urbem
1447 2059 1803 2125 habitantes,
1836 2060 1991 2114 inso-

340 2145 599 2212 ciabiles,
632 2145 805 2217 longe
835 2147 908 2200 ab
938 2146 1188 2201 aliorum
1221 2146 1428 2219 agendi
1481 2147 1707 2202 ratione
1738 2147 1987 2215 alienos,

339 2239 397 2289 et
424 2235 704 2306 asperiori
737 2234 868 2290 vitea
908 2235 1180 2291 instituto
1211 2237 1557 2308 gaudentes.
1590 2236 1734 2291 Nam
1767 2237 1991 2291 anima-

337 2322 484 2378 lium
507 2325 730 2394 species
761 2324 831 2380 ad
853 2324 1261 2396 exprimendus
1283 2325 1590 2381 hominum
1611 2341 1801 2381 mores
1816 2343 1988 2381 assu-

340 2412 441 2477 mi,
467 2412 621 2467 Petri
649 2412 873 2467 visione
902 2412 1088 2468 edocti
1130 2430 1362 2475 sumus.
1418 2414 1895 2485 quandoquidem
1926 2415 1985 2469 in

338 2516 477 2555 vase
506 2516 535 2555 e
565 2501 727 2556 ccelis
757 2502 1141 2557 descendente
1185 2518 1357 2556 omne
1414 2502 1759 2556 animalium
1801 2518 1988 2573 genus

344 2590 555 2658 inerat,
608 2588 928 2662 reptilium,
977 2589 1275 2646 volucrum
1328 2595 1384 2646 et
1437 2591 1888 2663 quadrupedum
1923 2592 1988 2649 ⁸⁸.

341 2677 643 2733 Indicabat
672 2679 828 2734 enim
848 2679 1152 2750 Scriptura
1172 2696 1271 2734 eos
1293 2679 1449 2750 quia
1465 2680 1710 2735 diversis
1737 2679 1992 2752 peccatis

340 2770 509 2820 erant
528 2766 600 2821 ad
632 2766 807 2822 fidem
840 2767 1797 2838 adducendi,autquadrupedibus
1820 2768 1991 2824 simi-

343 2855 436 2909 les
471 2870 599 2909 esse
630 2855 702 2909 ob
737 2871 929 2910 mores
954 2854 1374 2922 belluinos,aut
1403 2857 1709 2927 reptilibus
1728 2859 1801 2912 ob
1824 2873 1993 2912 vene-

343 2949 620 3013 num,aut
649 2942 984 2999 volucribus
1011 2944 1084 2999 ob
1103 2943 1395 3000 levitatem
1422 2949 1477 3000 et
1506 2945 1989 3002 inconstantiam.

344 3034 509 3086 Forte
539 3029 721 3102 igitur
748 3031 1097 3088 herinaceus
1151 3032 1325 3088 etiam
1359 3050 1461 3105 per
1511 3034 1897 3106 tropologiam
1929 3035 1991 3091 in

347 3119 652 3191 Scriptura
674 3121 947 3191 designat
974 3120 1244 3178 homines
1275 3121 1533 3192 aliquos;
1569 3125 1653 3178 uti
1686 3130 1992 3195 serpentes

348 3209 627 3263 denotant
653 3210 1000 3265 Sadduczeos
1019 3215 1075 3265 et
1107 3211 1430 3267 Pbarisaaos
1449 3212 1491 3247 ⁸⁷
1520 3232 1533 3280 ;
1557 3212 1784 3284 vulpes,
1820 3213 1994 3268 Hero-

2172 1968 2297 2023 283.
2331 1969 2492 2043 Ταχα
2523 1965 2614 2022 οὖν
2646 1964 2751 2037 ἤθη
2789 1966 3092 2042 ἀνθρώπων
3124 1966 3415 2022 αἰνίσσεται
3475 1966 3593 2021 ἀντὶ
3652 1970 3760 2022 τῶν

2100 2051 2452 2111 Βαϐυλωνίαν
2499 2054 2854 2125 ένοικήσαντα
2893 2059 2962 2129 τῇ
3009 2054 3192 2124 πόλει,
3244 2055 3612 2126 ἀκοινώνητα,
3650 2056 3762 2111 ἀπο

2104 2142 2389 2213 ιδιαστικὰ,
2424 2143 2767 2221 σκληροτέρᾳ
2802 2148 2868 2218 τῇ
2902 2145 3091 2222 ἀγωγῇ
3150 2145 3440 2219 χαίροντα.
3472 2146 3599 2203 Ὅτι
3654 2144 3758 2221 γὰρ

2099 2233 2166 2288 τὰ
2197 2232 2316 2305 εἷ’δη
2349 2238 2454 2289 τῶν
2487 2234 2640 2303 ζώων
2671 2234 2808 2310 πρὸς
2837 2234 2905 2289 τά
2930 2238 3039 2289 τῶν
3075 2234 3372 2309 ἀνθρώπων
3415 2230 3525 2305 ἤθη
3590 2254 3758 2307 μετα-

2100 2317 2454 2395 λαμϐάνεται,
2487 2319 2856 2398 ἐδιδάχθημεν
2898 2322 3004 2377 ἀπὸ
3060 2324 3159 2391 τῆς
3206 2321 3468 2385 ὀπτασίας
3524 2320 3752 2399 Πέτρου,

2101 2411 2189 2466 ὅτε
2211 2411 2263 2466 έν
2294 2416 2375 2485 τῷ
2402 2411 2580 2467 σκεύει
2608 2416 2688 2483 τῷ
2718 2412 3022 2485 καθιεμένῳ
3070 2410 3130 2466 ἆκ
3179 2417 3287 2467 τῶν
3352 2411 3599 2486 οὐρανῶν
3652 2418 3755 2467 πᾶν

2100 2498 2241 2563 εἶδος
2272 2500 2339 2570 ἧς
2389 2502 2566 2569 ζώων,
2601 2502 2837 2576 ἑρπετῶν
2898 2499 2987 2555 καὶ
3042 2504 3301 2556 πετεινῶν
3356 2501 3447 2555 καὶ
3505 2501 3763 2577 τετραπό-

2101 2587 2229 2647 δων.
2291 2588 2568 2659 ’ῌνίσσετο
2626 2590 2727 2666 γὰρ
2785 2592 2813 2645 6
2870 2587 3037 2667 λόγος
3089 2589 3224 2652 τοὺς
3286 2587 3596 2663 μέλλοντας
3652 2590 3758 2646 ἀπὸ

2100 2677 2369 2735 ποικίλων
2399 2680 2808 2755 ἁμαρτημάτων
2839 2683 2910 2753 τῇ
2971 2677 3149 2734 πίστει
3205 2680 3597 2753 προσάγεσθαι,
3627 2678 3756 2734 τού-

2098 2789 2226 2832 τους
2256 2769 2388 2822 εἶναι
2426 2767 2557 2830 τοὺς
2602 2766 3001 2841 ὡμοιωμένους
3052 2768 3089 2837 ἢ
3135 2765 3493 2844 τετραπόδοις
3553 2766 3644 2822 διὰ
3694 2770 3757 2824 τὸ

2101 2853 2396 2926 κτηνῶδες·
2431 2856 2468 2925 ἢ
2501 2858 2752 2933 ἑρπετοῖς
2786 2854 2875 2911 διὰ
2904 2857 2967 2913 τὸ
2998 2852 3250 2912 ίοϐόλον·
3284 2858 3320 2927 ἢ
3351 2862 3618 2918 πετεινοῖς
3666 2854 3756 2911 διὰ

2099 2945 2163 3000 τὸ
2218 2950 2420 3022 κοῦφον
2474 2947 2561 3001 καὶ
2620 2944 2869 3003 ἄστατον.
2905 2946 3005 3001 Καὶ
3042 2948 3070 3001 6
3103 2945 3283 3021 έχῖνος
3342 2944 3430 3001 οὖν
3472 2945 3579 3000 ἐστι
3605 2946 3753 3022 παρὰ

2099 3037 2168 3107 τῇ
2204 3038 2386 3111 Γραφῇ
2437 3034 2582 3110 τάχα
2635 3034 3155 3110 τροπολογούμενος
3214 3033 3303 3089 ἐπί
3346 3055 3495 3097 τινας
3546 3034 3753 3110 ἀνθρώ-

2102 3143 2259 3188 πους,
2292 3123 2366 3185 ὡς
2398 3124 2451 3178 οἱ
2478 3120 2627 3201 ϐφεις
2660 3123 2747 3178 ἐπὶ
2800 3123 2928 3185 τοὺς
2982 3121 3384 3185 Σαδδουκαίους
3434 3124 3522 3179 καὶ
3579 3130 3749 3197 Φαρι-

2105 3212 2312 3274 σαίους·
2346 3212 2435 3267 καὶ
2486 3214 2513 3267 ὁ
2571 3210 2802 3283 ἀλώπηξ
2859 3211 2951 3267 ἐπὶ
3007 3213 3098 3268 τὸν
3132 3210 3384 3289 Ἡρώδην
3424 3231 3436 3245 ο
3474 3210 3566 3267 καὶ
3584 3209 3752 3266 τίπποι

348 3297 481 3351 dem
511 3297 593 3364 Im;
626 3298 758 3369 equi
820 3298 1055 3352 feminis
1098 3297 1413 3369 inhiantes,
1474 3299 1876 3372 voluptuarios
1906 3302 1988 3370 l‘9;

2106 3300 2444 3374 θηλυμανεῖς
2502 3299 2587 3356 ἐπὶ
2646 3278 2801 3364 tot”);
2834 3296 3167 3380 φιληδόνους
3194 3278 3210 3334 ί
3240 3301 3307 3356 τά
3340 3278 3610 3375 ’πρόϐατα
3666 3299 3751 3355 ἐπὶ

346 3384 907 3456 oves,simpliciores
935 3388 1013 3455 ‘0;
1046 3386 1284 3459 haeduli,
1318 3388 1587 3445 inimicos
1618 3388 1914 3446 societatis
1938 3396 1995 3445 et

342 3479 760 3538 avaros.Quare
799 3482 858 3531 et
886 3476 1105 3532 hericio
1127 3478 1366 3533 animali
1390 3481 1542 3551 quod
1564 3480 1987 3538 incolumitatis

344 3580 463 3618 suae
495 3579 659 3634 spem
694 3565 751 3618 in
783 3565 908 3619 suis
941 3566 1127 3636 ipsius
1185 3567 1372 3637 spinis
1432 3569 1696 3636 collocat,
1766 3587 1872 3643 par
1901 3576 1992 3627 est

345 3652 673 3723 comparari
705 3653 913 3709 divites
946 3653 1170 3710 scilicet
1195 3655 1373 3726 hujus
1396 3656 1613 3727 saeculi,
1646 3675 1794 3730 quos
1847 3659 1993 3716 dixit

344 3740 628 3796 Dominus
655 3741 843 3812 spinis
875 3742 998 3798 suis
1033 3743 1318 3800 suffocare
1349 3746 1606 3813 verbum,
1630 3764 1695 3802 ac
1724 3748 1868 3804 illud
1901 3749 1991 3803 in-

344 3828 709 3884 fructuosum
735 3831 974 3886 reddere
1000 3831 1393 3904 “.Redigetur
1426 3840 1618 3890 autem
1653 3835 1906 3909 Babylon
1930 3840 1988 3892 in

346 3917 625 3979 nihilum,
673 3923 731 3972 et
762 3919 872 3972 erit
901 3926 965 3973 ut
996 3921 1097 3974 luti
1135 3922 1497 3979 barathrum.
1555 3929 1627 3978 At
1657 3942 1775 3980 rem
1802 3928 1989 3982 sensi-

344 4005 521 4059 bilem
547 4006 699 4076 quod
734 4007 959 4075 attinet,
998 4009 1214 4065 indicat
1241 4012 1541 4082 Scriptura
1589 4015 1729 4085 fore,
1763 4020 1828 4070 ut
1879 4020 1989 4071 ﬂu-

342 4094 471 4148 vius
507 4093 853 4165 Euphrates,
879 4096 1030 4153 hanc
1087 4099 1341 4154 mediam
1393 4101 1775 4169 intersecans,
1833 4105 1983 4163 595

346 4199 450 4238 nec
467 4183 687 4238 exitum
706 4186 1002 4256 reperiens
1021 4204 1124 4257 per
1145 4188 1649 4261 alveum,eamque
1669 4191 1989 4260 inundans,

344 4271 534 4343 ipsam
567 4272 918 4328 demoliatur
949 4275 1233 4343 funditus,
1284 4283 1698 4351 convertatque
1729 4280 1786 4335 in
1821 4283 1990 4338 hara-

344 4359 547 4415 thrum
582 4377 695 4417 non
729 4378 876 4432 aqua
906 4363 1276 4436 limpida,sed
1302 4366 1442 4423 limo
1465 4369 1764 4426 refertum.
1800 4371 1993 4428 Enim-

342 4464 476 4504 vero
508 4450 605 4520 qui
639 4453 985 4508 exacerbant
1004 4452 1317 4510 Dominum
1338 4455 1681 4528 hujusmodi
1699 4459 1813 4516 fine
1833 4478 1992 4518 ever-

342 4539 572 4594 tuntur.

411 4714 538 4768 281.
576 4714 746 4770 Vens.
779 4717 873 4783 24,
907 4717 997 4772 25.
1030 4718 1156 4774 Haec
1210 4718 1346 4774 dicit
1395 4723 1665 4778 Dominus
1715 4724 1994 4786 Sabaoth:

350 4803 818 4873 Quemadmodum
873 4805 1017 4871 dixi,
1078 4808 1159 4862 ita
1212 4810 1377 4863 erit:
1429 4821 1481 4865 et
1544 4815 2000 4882 quemadmodum

2100 3390 2227 3452 τοὺς
2284 3390 2658 3465 ἀκακωτὲρους
2715 3394 2825 3445 τῶν
2885 3390 3188 3464 ἀνθρώπων
3220 3407 3233 3423 ⁶
3296 3389 3366 3444 τὰ
3422 3388 3604 3464 ἐρίφια
3660 3386 3746 3443 έπὶ

2099 3479 2229 3541 τοὺς
2280 3479 2684 3549 ἀκοινωνήτονς
2730 3479 2822 3535 καὶ
2861 3477 3250 3553 ἀμεταδότους.
3282 3482 3443 3534 ’Ὥστε
3489 3479 3577 3533 καὶ
3627 3478 3754 3540 τοὺς

2101 3566 2318 3642 ἐχίνους
2371 3564 2596 3643 εὔλογον
2629 3562 3061 3642 παραϐαλέσθαι,
3093 3568 3215 3640 ζώῳ
3261 3568 3359 3635 τὴν
3401 3563 3601 3622 ἐλπίδα
3654 3570 3753 3621 τοῦ

2105 3658 2180 3729 μὴ
2217 3650 2587 3732 βλαϐήσεσθαι
2633 3655 2721 3711 έπὶ
2772 3662 2891 3719 ταῖς
2943 3657 3168 3720 οἰκείαις
3229 3656 3482 3719 ἀκάνθαις
3539 3651 3750 3731 ἔχοντι,

2098 3744 2225 3809 τοὺς
2254 3744 2553 3807 πλουσίους
2580 3750 2680 3800 τοῦ
2713 3745 2913 3808 αἰῶνος
2941 3745 3137 3801 τούτου
3171 3746 3305 3819 (61),
3340 3742 3432 3807 οὓς
3489 3744 3593 3799 ὑπὸ
3640 3748 3749 3798 τῶν

2102 3832 2255 3889 ἰδίων
2311 3834 2553 3889 ἀκανθῶν
2626 3834 2943 3910 συμπνίγειν
3017 3834 3106 3889 τὸν
3183 3831 3373 3908 λόγον,
3420 3832 3511 3888 καὶ
3586 3831 3751 3908 ἄκαρ-

2099 3944 2199 3977 πον
2261 3928 2436 3977 ποιεῖν
2484 3924 2512 3977 6
2576 3922 2782 3999 Κύριος
2847 3921 3053 3997 εἴρηκε.
3118 3924 3408 3991 Γενήσεται
3468 3918 3526 3977 δὶ
3565 3923 3600 3991 ἡ
3655 3924 3756 3978 Βα-

2103 4009 2286 4067 ϐυλὼν
2369 4010 2445 4074 εἷς
2522 4008 2699 4081 οὐδὲν,
2757 4011 2846 4065 καὶ
2929 4012 3002 4074 ὡς
3080 4009 3266 4080 πηλοῦ
3329 4010 3619 4085 βάραθρον.
3672 4016 3759 4071 Ὠς

2100 4101 2237 4177 πρὸς
2269 4102 2329 4155 τὸ
2366 4098 2623 4170 αἷσθητὸν
2660 4096 2984 4155 ἐνδείκνυται
3031 4100 3059 4154 ὁ
3090 4096 3283 4173 λόγος,
3317 4096 3399 4153 ὅτι
3431 4099 3459 4153 6
3508 4097 3760 4171 ποταμὸς

2102 4190 2130 4244 6
2161 4189 2452 4268 Εὐφράτης
2512 4189 2681 4261 μέσην
2742 4187 2909 4257 αὐτὴν
2965 4185 3290 4259 διατέμνων,
3339 4188 3414 4260 μὴ
3467 4188 3759 4263 τυγχάνων

2100 4289 2201 4352 τῆς
2251 4282 2385 4337 κατὰ
2444 4281 2628 4357 ῥεῖθρα
2683 4277 2951 4352 διεξόδου,
2999 4278 3347 4351 ἐλλιμνάζων
3408 4280 3570 4353 αὐτῇ,
3627 4300 3757 4334 παν-

2101 4370 2277 4434 τελῶς
2305 4369 2616 4448 ἀναφανίσει
2668 4370 2859 4438 αὐτὴν,
2894 4368 2983 4423 καὶ
3042 4364 3308 4440 ἀποδείξει
3339 4370 3452 4442 (62)
3490 4369 3755 4444 βάραθρον

2104 4460 2212 4536 οὐχ
2268 4456 2460 4519 ὕδατος
2508 4459 2769 4534 καθαροῦ,
2820 4456 2965 4513 ἀλλὰ
3022 4451 3316 4533 βορϐόρου.
3347 4461 3606 4512 Τοιοῦτον
3653 4457 3752 4533 γὰρ

2101 4550 2165 4604 τὸ
2213 4546 2373 4610 τέλος
2425 4554 2530 4617 τῆς
2585 4553 2966 4624 καταστροφῆς
3020 4550 3128 4601 τῶν
3200 4544 3610 4621 παροξυνάντων
3659 4542 3750 4597 τὸν

2025 4644 2071 4710 D
2104 4637 2318 4712 Κύριον.

2173 4728 2301 4782 284.
2352 4721 2488 4779 Τάδε
2569 4722 2716 4799 λέγει
2796 4720 2995 4797 Κύριος
3067 4714 3341 4784 Σαϐαώθ·
3397 4722 3497 4778 Ὃν
3551 4718 3752 4795 τρόπον

2111 4812 2324 4891 εἷ’ρηκα,
2381 4812 2554 4876 οὕτως
2637 4810 2784 4869 ἔσται
2819 4830 2831 4843 ·
2890 4809 2983 4866 καὶ
3040 4809 3101 4865 ’ὸν
3176 4808 3378 4887 τρόπον
3464 4804 3757 4886 βεϐούλευ-

341 4892 537 4960 statui,
571 4893 652 4949 ita
683 4896 932 4950 manebit
961 4912 981 4951 :
1012 4898 1074 4949 ut
1094 4896 1409 4966 disperdam
1438 4899 1688 4972 Assyrios
1746 4906 1805 4959 in
1846 4908 1991 4963 terra

2116 4925 2232 4977 μαι,
2294 4902 2468 4965 οὕτως
2530 4907 2713 4976 μενεῖ·
2769 4904 2872 4956 τοῦ
2931 4899 3199 4957 ἀπολέσαι
3255 4897 3383 4962 τοὺς
3442 4898 3762 4973 ’Δσσυρίους

343 4995 488 5049 mea,
519 4990 574 5036 et
603 4984 666 5037 in
690 4984 972 5039 montibus
1018 4986 1175 5040 meis.
1210 4985 1273 5040 Et
1318 4992 1481 5042 erunt
1527 4990 1588 5044 in
1644 4993 2004 5050 conculcatio-

2111 4992 2199 5048 ἐπὶ
2254 4999 2355 5062 τῆς
2412 4999 2517 5068 γῆς
2596 4993 2693 5060 τῆς
2751 4988 2911 5064 έμῆς,
2969 4987 3059 5043 καὶ
3117 4986 3205 5042 ἰπὶ
3262 4991 3370 5042 τῶν
3426 4985 3595 5062 ὀρέων
3647 4991 3759 5042 τῶν

415 5103 460 5139 ⁸⁸
500 5108 620 5162 Act.
653 5124 711 5173 x,
745 5108 831 5163 11.
864 5108 908 5142 ⁸⁷
925 5108 1132 5165 Matth.
1164 5125 1251 5176 111,
1291 5110 1346 5165 7.
1406 5111 1620 5171 “.Luc.
1670 5134 1793 5182 χιιι,
1823 5119 1913 5176 32.
1955 5120 1991 5156 δε

2106 5137 2145 5175 r.
2178 5137 2231 5189 ν,
2262 5120 2316 5177 8.
2348 5120 2394 5156 ⁸ο
2423 5119 2631 5174 Matth.
2661 5134 2700 5173 x
2730 5118 2817 5173 16.
2848 5117 2891 5153 ⁶¹
2925 5113 3135 5173 Matth.
3166 5130 3294 5182 1111,
3313 5114 3407 5171 22.

555 5229 646 5311 Sic
677 5248 819 5288 mss.
856 5249 1083 5311 omnes.
1108 5233 1293 5311 Editi,
1329 5230 1387 5311 δέ
1440 5232 1784 5311 διοικήσεως,
1818 5242 1990 5300 male.

416 5297 526 5383 (S9)
559 5301 655 5383 Sic
687 5297 1497 5383 mss."nostri.“Exﬁﬁuﬁcdraiq
1534 5297 1787 5383 in'priu—s
1820 5297 1995 5372 editis

345 5368 563 5445 faetum
598 5373 805 5441 fuerat,
834 5370 969 5445 ἕξεσι
1001 5379 1137 5438 ταῖς.
1171 5368 1287 5434 Nec
1318 5379 1398 5434 ita
1457 5368 1641 5438 multo
1687 5368 1841 5441 infra

344 5456 527 5520 mssl,
550 5441 722 5520 ἑαυτῷ
774 5441 1140 5520 σχήματίζον.

555 5513 1052 5592 Υοιβινεεςὰῐῖᾳυοί
1079 5518 1239 5588 libri,
1265 5516 1434 5592 αύτῷ.

416 5584 527 5672 (61‘)
561 5585 754 5672 Socim:
783 5584 1674 5672 Regi'us,quemnominavimus
1694 5603 1995 5672 quartum,

343 5654 441 5735 hic
473 5654 1194 5735 desinit,terminaturque
1217 5662 1305 5719 his
1334 5666 1550 5735 verbis,
1574 5654 1996 5732 πλοῦσίόυςντοΰ

343 5724 543 5792 αἰῶνος
596 5729 815 5791 τούτου.
872 5737 1001 5791 Mox
1056 5724 1204 5791 uisa.
1277 5724 1550 5809 quatuor,
1609 5740 1696 5797 καὶ
1755 5724 1994 5820 ἄκαρπον

2105 5247 2305 5298 ποιεῖν.
2341 5242 2517 5309 Editi,
2548 5241 2638 5296 καὶ
2668 5239 2875 5314 καρπὸν
2913 5239 2990 5313 μή
3018 5241 3220 5307 ποιεῖν,
3267 5238 3594 5314 quoad}in
3625 5243 3761 5314 fru-

2104 5320 2252 5371 ctum
2282 5332 2389 5371 non
2424 5318 2591 5384 feyre.
2625 5308 2885 5372 Subinde
2914 5308 3179 5384 quatuor
3212 5308 3382 5380 mss,
3406 5310 3440 5378 ἡ
3472 5308 3761 5367 Βαῠυλὼν.

2106 5387 2281 5449 Εᾶίῐί,
2314 5388 2349 5455 ἡ
2382 5380 2730 5442 Βαϐυλωνία.

2180 5450 2557 5530 (Q2lVeteres
2613 5462 2865 5530 quattiqr
2907 5451 3073 5530 libri,
3109 5450 3370 5530 ﬁcpavsaat
3423 5451 3759 5530 «cymaei

2107 5522 2404 5602 ἀπὸδεῖξαι.
2440 5522 2680 5602 Supplé.
2710 5524 2925 5602 μέλλει,
2964 5524 3075 5602 nisi
3107 5522 3297 5602 legere
3356 5525 3565 5602 mavis,
3621 5524 3757 5602 ἀφα-

2106 5593 2325 5658 viast".-
2344 5593 2632 5673 ἀποδείξει.
2653 5593 2849 5674 Editi,
2873 5593 3194 5674 ἀφανίσει..ἶ
3225 5593 3551 5674 ’ἀποδεῖξαιο
3613 5593 3759 5669 quo-

2105 5689 2237 5731 rum
2270 5675 2326 5731 in
2353 5671 2772 5734 altero‘vitium
2796 5671 3042 5731 subesse
3072 5671 3325 5729 constat.
