4150 6362
321 379 440 436 617
1114 368 1524 432 COMMENT.
1570 369 1650 430 ΙΝ
1695 368 1960 430 ISAIAM

2104 365 2525 428 LOPHETAM.
2572 367 2738 427 CAP.
2788 369 2942 429 XIV.
2993 409 3009 422 .
3623 370 3743 432 618

324 505 495 580 ἱμῶν.
547 501 644 558 Καὶ
725 498 935 557 ἔσονται
1009 499 1085 564 είς
1152 500 1538 573 καταπάτημα,
1607 499 1696 554 καὶ
1753 497 1963 576 ἀφαιρε-

2105 514 2237 565 νιενη,
2270 503 2320 554 et
2362 500 2647 569 auferetur
2688 500 2756 556 ab
2803 501 2882 556 eis
2916 501 3121 572 jugum
3169 501 3436 573 ipsorum,
3469 506 3520 558 et
3556 501 3744 575 gloria

324 597 543 667 θήσεται
606 592 696 647 ἀπ’
754 590 932 646 αὐτῶν
983 591 1013 645 ὁ
1068 590 1226 664 ζυγὸς
1285 589 1483 658 αὐτῶν,
1542 589 1632 644 καὶ
1687 588 1749 643 τὸ
1811 583 1963 647 κῦδος

2102 603 2276 642 torum
2305 588 2374 642 ab
2404 588 2650 644 humeris
2697 591 2959 660 ipsorum.
2994 590 3171 646 Israel
3205 590 3444 663 quidem
3489 591 3741 647 carnalis

323 682 502 738 αὐτῶν
559 679 666 736 ἀπὸ
719 682 827 733 τῶν
890 675 1057 751 ὥμων
1117 675 1316 734 αὐτῶν.
1367 679 1427 734 Ὁ
1490 676 1582 750 μὲν
1642 675 1778 731 κατὰ
1807 675 1962 751 σάρκα

2103 677 2157 731 1e
2187 680 2342 732 terra
2373 693 2552 748 quam
2584 678 2685 733 Dei
2726 695 2854 735 esse
2893 679 3252 750 existimant,
3275 679 3463 751 deque
3492 681 3742 737 terrenis

321 767 569 847 Ἰσραὴλ,
602 767 728 844 περὶ
759 771 860 833 τῆς
887 766 1285 840 νενομισμένης
1336 765 1523 828 αὐτοῖς
1571 773 1676 842 γῆς
1715 769 1812 820 τοῦ
1843 770 1960 820 Θεοί

2098 766 2215 821 slis
2268 767 2565 822 montibus
2598 767 2656 822 in
2686 768 2886 823 Judzea
2933 767 3200 824 sensibili
3251 768 3400 839 sitis,
3433 768 3588 825 dicta
3617 769 3737 826 haec

325 863 478 928 εἶναι,
508 859 598 914 καὶ
631 857 800 934 ὁρέων
826 856 1035 912 τούτων
1066 860 1174 911 τῶν
1204 855 1408 932 γηίνων
1451 858 1520 928 τῇ
1573 853 1804 928 αἶ’σθητῇ
1837 855 1964 909 Ἰου-

2100 855 2268 910 :‘uisse
2292 871 2324 910 a
2346 855 2626 928 propheta
2655 857 3001 925 arbitratur;
3029 874 3093 912 ac
3117 858 3257 926 fore,
3279 862 3343 913 ut
3367 857 3548 914 Israel
3567 861 3739 932 Assy-

325 948 448 1021 δαίᾳ
473 951 608 1021 (63),
639 947 730 1002 τὸν
765 944 931 1019 λόγον
987 939 1359 1018 ὑπολαμϐάνει
1424 944 1685 1019 ὑπάρχειν
1716 947 1798 1016 τῷ
1840 963 1964 1019 προ-

2097 943 2234 998 riam
2303 944 2560 1000 abducat
2616 945 2674 999 in
2735 947 3178 1018 captivitatem;
3238 947 3382 1019 jugo
3440 948 3736 1004 servitutis

325 1041 491 1114 φήτῃ·
532 1037 621 1091 καὶ
681 1037 779 1105 τὴν
841 1034 1130 1108 Ἀσσυρίαν
1178 1031 1540 1110 αἰχμάλωτον
1603 1034 1824 1108 ἀπάγειν
1883 1032 1964 1086 τὸι

2096 1033 2338 1105 Assyriis
2396 1033 2718 1104 imposito:
2766 1052 2873 1091 nos
2919 1051 3077 1103 vero,
3110 1035 3208 1107 qui
3258 1037 3735 1094 consurreximus

324 1125 570 1204 Ἰσραὴλ,
607 1125 758 1200 ζυγὸν
810 1120 1064 1186 δουλείας
1111 1122 1296 1185 αὐτοῖς
1341 1121 1613 1187 ἐπιθέντα·
1674 1124 1838 1194 ἡμεῖς
1898 1117 1963 1186 δὲ,

2100 1138 2221 1176 :um
2255 1121 2504 1187 Christo,
2527 1123 2912 1196 vovim'usque
2943 1125 3294 1195 quaesituros
3325 1142 3431 1180 nos
3462 1143 3589 1197 quin
3611 1143 3739 1182 sur-

327 1220 378 1274 οἱ
429 1215 829 1291 συνεγερθέντες
882 1217 1105 1289 Χριστῷ
1157 1216 1289 1286 (64),
1329 1212 1420 1267 καῖ
1451 1211 1740 1287 εὐχόμενοι
1772 1212 1838 1266 τὰ
1866 1208 1966 1265 ciich

2100 1227 2220 1266 sum
2255 1213 2486 1279 sunt“;
2522 1229 2619 1268 cor
2647 1214 2866 1268 bonum
2899 1219 3113 1269 terram
3147 1215 3545 1283 nominamus,
3570 1220 3739 1286 prout

331 1311 531 1378 ζητεῖν,
583 1311 686 1380 γῆν
741 1303 835 1376 μὲν
867 1299 1212 1375 ὀνομάζομεν
1243 1303 1342 1370 τὴν
1370 1298 1594 1376 καρδίαν
1629 1302 1729 1369 τὴν
1779 1297 1970 1368 καλὴν,

2099 1316 2295 1356 sumus
2328 1301 2516 1356 edocti
2552 1302 2625 1356 ab
2656 1301 2780 1373 ipso
2807 1303 3055 1358 Domino
3086 1303 3351 1359 dicente:
3384 1305 3498 1374 Qui
3523 1319 3648 1360 vero
3679 1306 3738 1360 in

323 1394 460 1449 καθᾶ
496 1394 624 1470 παρ’
652 1392 819 1447 αύτοῦ
865 1387 1224 1466 δεδιδάγμεθα
1271 1393 1368 1444 τοῦ
1417 1389 1637 1464 Κυρίου,
1699 1387 1952 1464 λέγοντος

2103 1398 2292 1445 terram
2327 1390 2521 1446 bonam
2551 1394 2861 1447 seminatus
2898 1395 2995 1460 est,
3029 1393 3118 1447 hic
3163 1392 3388 1447 verbum
3430 1393 3660 1450 audiens
3689 1397 3742 1450 et

338 1484 382 1540 Ο
465 1479 524 1537 δὲ
616 1481 704 1536 ἐπὶ
797 1481 897 1548 τὴν
985 1486 1090 1552 γῆν
1185 1477 1360 1547 καλὴν
1458 1476 1704 1550 σπαρείς,
1787 1473 1977 1537 οῦντος

2102 1480 2422 1550 intelligens,
2463 1482 2707 1550 fructum
2763 1479 2948 1554 a/fert,
2998 1491 3050 1536 et
3101 1483 3262 1551 facit,
3314 1482 3464 1538 alius
3521 1483 3741 1554 quidem

325 1572 353 1626 ὁ
448 1571 540 1625 τὸν
646 1566 814 1644 λόγον
900 1565 1113 1622 ἀκούων
1212 1566 1303 1620 κᾶὶ
1399 1567 1595 1628 συνιεὶς
1697 1584 1964 1642 καρποφα

2102 1569 2463 1638 :cntesimum,
2516 1569 2665 1624 alius
2715 1574 2899 1625 autem
2945 1572 3374 1641 sexagesimum,
3407 1570 3560 1626 alius
3607 1587 3741 1626 vero

329 1666 411 1736 ρεῖ
466 1662 579 1734 (65)
633 1659 723 1714 καὶ
779 1663 930 1712 ποιεῖ
987 1658 1014 1712 ὁ
1078 1657 1173 1726 μὲν
1227 1657 1453 1722 ἑκατὸν,
1508 1657 1536 1710 ὁ
1590 1653 1648 1710 δὶ
1700 1654 1968 1727 ἐξήκοντα,

2104 1658 2428 1712 tricesimum
2447 1659 2513 1712 ⁸³.
2550 1659 2803 1728 Denique
2828 1659 2921 1714 Dei
2948 1675 3117 1714 mons
3141 1660 3198 1714 in
3221 1675 3336 1731 quo
3359 1659 3743 1716 conculcandi

327 1751 355 1806 ὁ
416 1747 474 1804 δὶ
528 1748 842 1825 τριάκοντα.
873 1745 970 1801 Καὶ
1003 1743 1130 1821 ὅρος
1163 1743 1253 1799 οῦν
1297 1749 1394 1799 τοῦ
1425 1741 1557 1799 Θεοῦ
1590 1741 1810 1798 δύναται
1840 1763 1966 1818 χρη·

2104 1747 2308 1819 λεεγιιὶἱ
2339 1753 2498 1817 sunt,
2533 1753 2728 1820 potest
2759 1747 3042 1820 appellari
3074 1749 3145 1815 is,
3180 1748 3282 1820 qui
3312 1749 3373 1804 in
3407 1749 3575 1804 bonis
3609 1765 3743 1822 ope-

331 1839 597 1913 ματίζειν,
630 1837 681 1891 ἐν
715 1837 760 1909 ᾧ
809 1835 885 1900 εἷς
913 1835 1193 1905 καταπάτη
1205 1855 1279 1906 μα
1305 1835 1624 1908 γενήσονται
1678 1833 1729 1887 οἳ
1786 1831 1970 1889 Ἀσσύ-

531 1927 544 1941 ο
623 1925 673 1941 ἱ»
699 1927 710 1941 1
849 1923 864 1941 9
995 1928 1018 1939 ν
1080 1917 1103 1940 ’Ῐ
1353 1926 1376 1936 υ
1443 1922 1455 1941 9
1541 1932 1560 1941 Α
1603 1927 1625 1937 ε·
1783 1921 1795 1940 \
1830 1921 1850 1941 Χ
1881 1922 1894 1941 Ι

2107 1835 2251 1892 ibus
2281 1853 2661 1910 progressum
2708 1835 2864 1905 facit,
2899 1852 3080 1908 seque
3126 1853 3306 1909 supra
3336 1837 3592 1910 reliquos
3624 1854 3746 1893 eer-

330 1947 462 2002 ριοι,
525 1927 552 1980 ὁ
579 1925 812 1995 αὐξήσας
847 1923 898 1978 ἰν
929 1928 1046 1984 τοῖς
1078 1917 1256 1998 ἔργοις
1287 1926 1404 1986 τοῖς
1432 1922 1675 1995 ἀγαθοῖς,
1707 1921 1798 1975 καὶ
1830 1921 1969 1994 λόγιι.

2104 1939 2265 1980 mone
2296 1925 2516 1981 attollit
2557 1930 2614 1981 et
2663 1925 3042 1998 cognitione:
3076 1926 3136 1981 in
3188 1925 3297 1982 hoc
3342 1926 3455 1982 isto
3503 1926 3743 1982 concul-

327 2014 416 2069 καὶ
446 2014 642 2091 γνώσει
691 2013 824 2087 ὑπὲρ
871 2010 1000 2076 τοὺς
1047 2009 1252 2070 ἄλλους
1290 2011 1618 2082 ἀνεστηκὼς·
1687 2011 1737 2065 ἰν
1796 2011 1966 2084 τούτα

2104 2015 2262 2069 ιιιιιόί
2314 2015 2538 2070 inimici
2586 2019 2726 2070 sunt
2780 2016 2848 2069 Et
2896 2029 3070 2069 omne
3122 2014 3490 2086 Assyriorum
3530 2016 3743 2087 jugum

325 2103 694 2175 καταπάτημα
737 2097 945 2156 ἔσονται
995 2101 1046 2155 οἱ
1097 2099 1315 2174 ἐχθροί.
1366 2100 1464 2155 Καὶ
1491 2105 1594 2162 πᾶς
1625 2101 1652 2155 ὁ
1681 2101 1842 2175 ζυγὸς
1870 2104 1964 2155 τῶι

2109 2104 2392 2159 inferetur
2420 2119 2523 2176 per
2543 2103 2750 2159 Deum.
2774 2103 3006 2158 Etenim
3039 2120 3153 2158 non
3180 2120 3389 2175 parum
3419 2103 3748 2173 gloriaban-

327 2193 629 2268 Ἀσσυρίων
680 2192 1097 2268 ἀφαιρεθήσεται
1149 2190 1252 2244 ὑπὸ
1299 2191 1397 2246 τοῦ
1459 2193 1614 2247 Θεοῦ.
1679 2192 1836 2265 Μάγα
1884 2191 1966 2264 μὶι

2110 2211 2208 2261 ;ur,
2230 2194 2385 2265 quod
2408 2193 2468 2248 in
2491 2193 2769 2248 humeros
2795 2192 3126 2261 hominum,
3152 2192 3251 2264 qui
3273 2192 3373 2248 Dei
3407 2192 3596 2264 portio
3619 2209 3749 2248 esse

323 2284 423 2358 γάρ
475 2281 758 2360 ἐφρόνουν,
809 2280 885 2342 ὡς
933 2283 1053 2340 τοῖς
1091 2278 1270 2353 ὤμοις
1299 2285 1406 2335 τῶν
1438 2280 1544 2335 ἀπὸ
1602 2283 1700 2349 τῆς
1758 2277 1962 2356 μερίδος

2110 2284 2508 2348 :ensebantur,
2541 2281 2856 2348 insilirent,
2885 2299 2952 2338 ac
2991 2297 3090 2337 eos
3134 2281 3236 2352 qui
3265 2300 3300 2338 a
3333 2281 3430 2338 Dei
3471 2281 3749 2338 servitute

325 2376 423 2427 106
453 2375 588 2428 Θεοῦ
616 2375 725 2426 τῶν
779 2369 1082 2446 ἀνθρώπων
1129 2363 1523 2438 ἐπιϐαίνοντες,
1579 2368 1668 2424 καὶ
1731 2370 1832 2424 ὑπὸ
1888 2370 1964 2424 τὸπ

2110 2389 2194 2442 ιει·
2245 2375 2480 2444 peccata
2511 2371 2862 2434 defecerant,
2896 2371 3008 2426 sub
3047 2371 3261 2444 jugum
3297 2387 3471 2427 suum
3523 2370 3749 2444 redige-

326 2459 465 2516 ἴδιον
519 2460 678 2535 ζυγὸν
711 2463 994 2522 ποιοῦντες
1024 2457 1152 2521 τοὺς
1179 2466 1278 2529 τῆς
1324 2457 1574 2521 δουλείας
1605 2463 1700 2514 τοῦ
1727 2463 1861 2514 Θεοῦ
1895 2456 1965 2514 διέ

2110 2466 2243 2518 ent.
2277 2461 2476 2532 Itaque
2507 2477 2639 2516 cum
2682 2477 2986 2530 speremus
3011 2461 3182 2530 juxta
3227 2460 3285 2515 id
3337 2461 3493 2532 quod
3525 2459 3749 2516 dictum

324 2549 434 2606 τῶν
495 2551 908 2625 ἁμαρτημάτων
943 2549 1408 2614 ἀπυσπασθίντας.
1459 2550 1721 2624 Ἔχοντες
1754 2549 1849 2605 οὗν
1881 2552 1963 2620 τιὴι

2110 2552 2203 2615 ιεί,
2219 2548 2642 2620 disperdendos
2665 2562 2792 2604 esse
2815 2547 3087 2603 inimicos
3111 2553 3345 2604 nostros
3367 2548 3427 2604 in
3453 2552 3606 2604 terra
3627 2547 3749 2618 Dei,

320 2639 458 2696 κατὰ
502 2640 566 2694 τὸ
613 2638 903 2714 είρημάνον
956 2635 1154 2693 ἐλπίδα
1196 2638 1320 2713 περὶ
1375 2642 1474 2693 τοῦ
1526 2637 1824 2694 ἀπολέσθαι
1885 2641 1959 2712 μὶ*

2110 2644 2148 2694 ιι
2178 2639 2236 2692 ἱιι
2272 2638 2574 2692 montibus
2619 2639 2746 2707 ejus
2787 2637 3240 2702 conculcandos,
3273 2642 3330 2694 et
3351 2639 3562 2710 jugum
3593 2637 3749 2710 ipso-

322 2727 452 2786 τοὺς
501 2725 736 2804 ιχθροὺς
784 2729 949 2799 ἡμῶν
999 2725 1086 2781 δπὶ
1144 2733 1247 2796 τῆς
1290 2733 1395 2802 γῆς
1425 2731 1523 2781 106
1554 2731 1710 2792 Θεοῦ,
1759 2727 1847 2781 καὶ
1894 2727 1959 2781 tn:

2112 2743 2224 2783 -um
2275 2743 2402 2782 esse
2455 2727 2862 2793 auferendum,
2915 2727 3452 2799 conterendamque
3501 2725 3751 2799 gloriam

324 2821 430 2871 τῶν
479 2815 649 2891 ὁρέων
695 2814 860 2870 αὐτοῦ
901 2816 1472 2886 κηταπατηθήσεσθαι,
1530 2815 1620 2870 καὶ
1677 2817 1768 2870 τὸν
1821 2817 1963 2890 ζυγὸε

2113 2834 2210 2888 tua
2232 2817 2647 2881 efferebantur,
2667 2819 2729 2870 ut
2748 2815 2846 2887 qui
2868 2815 2927 2870 in
2953 2832 3059 2872 nos
3082 2815 3752 2885 haberent,dominium,

327 2906 504 2962 αὐτῶν
572 2906 1068 2986 ἀφαιρεθήσεσθαι,
1125 2905 1213 2960 καὶ
1273 2905 1335 2962 τὸ
1390 2907 1502 2978 (66)
1559 2903 1742 2977 κῦδος,
1794 2907 1839 2977 ᾧ
1888 2906 1966 2961 ἐπ·

2114 2922 2319 2977 ioeque
2351 2904 2735 2972 invasissent;
2768 2903 2917 2958 nihil
2940 2921 3054 2960 non
3080 2903 3496 2970 moliamur,ut
3517 2904 3753 2960 omnino

331 2995 618 3073 εγαυρίων,
678 2994 754 3056 ὡς
803 2991 1172 3069 κατάρχοντες
1218 2993 1403 3066 ἡμῶν,
1453 2993 1542 3048 καὶ
1597 2989 1970 3064 ἆπιϐεϐηκότει

2113 2995 2458 3049 excutiamus
2490 3011 2523 3048 a
2554 2993 2725 3048 nobis
2756 3009 2960 3047 eorum
2992 2992 3332 3064 imperium.
3357 2992 3519 3056 Quod
3551 2991 3602 3048 si
3631 2992 3752 3048 fue-

331 3086 510 3157 ἡμῖν,
567 3077 1012 3159 συντριϐήσεσθαι
1073 3085 1208 3156 (67),
1257 3083 1432 3138 πάντα
1488 3082 1836 3156 πράττωμεν,
1891 3083 1970 3137 ἳνα

2116 3084 2282 3138 ιὶιῐιιιε
2314 3085 2544 3137 montes
2574 3082 2697 3150 Dei,
2725 3081 2912 3152 ipsius
2945 3081 3328 3136 fundamenta
3355 3085 3531 3136 erunt
3559 3079 3618 3136 in
3653 3097 3755 3136 no-

330 3170 523 3227 τὲλεον
583 3169 759 3226 αὐτῶν
818 3171 917 3238 τὴν
976 3165 1285 3224 δυναστείαν
1351 3169 1786 3243 ἀποσεισώμεθα.
1861 3171 1969 3226 ’Eo‘n

2114 3171 2186 3226 )is
2211 3171 2256 3206 “
2280 3187 2292 3224 :
2320 3169 2536 3242 quippe
2562 3169 2841 3225 cordibus
2865 3169 3083 3225 nostris
3107 3169 3488 3225 mandabitur
3505 3170 3753 3226 verbum

333 3260 432 3335 γὰρ
479 3257 760 3336 γενώμεθα
810 3255 910 3331 δρη
961 3260 1118 3325 Θεοῦ,
1164 3258 1216 3311 οἱ
1277 3257 1524 3330 θεμέλιοι
1584 3257 1748 3312 αὐτοῦ
1781 3256 1964 3314 ἔσοντα

2114 3259 2382 3324 veritatis,
2431 3276 2496 3314 ac
2553 3259 2708 3314 bona
2763 3274 2941 3330 opera
2995 3258 3053 3312 in
3115 3259 3228 3314 ﬁde
3283 3259 3753 3314 mdiﬁcabuntur.

337 3351 392 3406 ἐν
444 3349 604 3422 ἡμῖν,
652 3351 750 3402 τοῦ
795 3343 962 3423 λόγου
1008 3352 1110 3415 τῆς
1158 3344 1418 3416 ἀληθείας
1468 3342 1902 3418 καταϐληθεντος
1936 3348 1976 3403 ἐι

2118 3349 2337 3422 )portet
2369 3353 2564 3403 autem
2613 3347 2952 3404 renuntiare
2984 3365 3090 3404 nos
3129 3349 3355 3403 sincere
3403 3351 3659 3420 peccato,
3691 3351 3757 3403 ut

331 3445 452 3501 ταῖς
501 3435 749 3514 καρδίαις
776 3438 962 3511 ἡμῶν,
1021 3435 1110 3491 καὶ
1167 3441 1275 3492 τῶν
1304 3436 1516 3511 ἀγαθῶν
1550 3435 1718 3513 ἔργων
1771 3437 1970 3493 ἐποικο·

2127 3440 2383 3494 iberetur
2407 3436 2602 3493 cervix
2633 3441 2834 3492 nostra
2865 3454 2898 3492 a
2923 3437 3067 3510 jugo
3097 3437 3496 3509 Assyriorum,
3519 3436 3757 3493 Christi-

335 3527 692 3602 δομουμὲνων
722 3529 792 3590 τῇ
816 3525 996 3580 πίστει
1055 3527 1190 3600 (68),
1251 3530 1342 3580 Δεῖ
1385 3521 1444 3579 δι
1488 3529 1738 3603 καθαρῶς
1784 3526 1974 3581 ἀποτά-

2117 3544 2214 3600 que
2237 3528 2578 3598 jumentum
2619 3527 2918 3598 possimus
2950 3526 3095 3582 ﬁeri.
3129 3526 3273 3582 Nam
3304 3525 3514 3582 cervici
3547 3530 3756 3582 nostrae

336 3615 702 3690 ξασθαιῆμᾶς
749 3618 819 3689 τῇ
871 3613 1132 3691 ἁμαρτίᾳ,
1182 3611 1269 3669 ἵνα
1321 3613 1602 3689 ἐλεύθερον
1657 3613 1746 3668 τὸν
1790 3613 1975 3690 αὐχένι

2125 3615 2325 3688 mponi
2359 3632 2472 3670 non
2507 3620 2695 3686 potest
2727 3615 2941 3687 duplex
2978 3617 3214 3688 jugum,
3250 3614 3464 3671 Christi
3497 3618 3554 3669 et
3582 3617 3754 3686 Assy-

334 3711 434 3763 106
466 3709 628 3780 ζυγοῦ
657 3702 877 3779 ἔχωμεν
905 3707 1014 3758 τῶν
1063 3703 1388 3776 Ἀσσυρίων,
1418 3703 1508 3758 καὶ
1543 3700 1870 3776 δυνηθῶμεν
1897 3725 1973 3780 γε·

2114 3706 2192 3760 rii.
2228 3706 2354 3774 Quae
2384 3704 2540 3760 enim
2579 3706 2939 3776 participatio
2979 3705 3212 3776 justitiae
3259 3720 3384 3760 cum
3435 3705 3753 3777 iniquitate,

337 3793 522 3858 νὲσθαι
572 3795 804 3867 Χριστοῦ
856 3790 1176 3866 ὑποζύγιον.
1231 3791 1335 3846 Δύο
1381 3793 1480 3867 γὰρ
1533 3792 1725 3868 ζυγοὺς
1778 3792 1838 3848 ού
1898 3791 1976 3848 δυ·

1605 3792 1725 3868 γοὺς
1778 3792 1838 3848 ού
1898 3791 1987 3848 δυ·
2099 3803 2202 3850 aut
2235 3809 2360 3865 quae
2387 3794 2614 3849 societas
2645 3793 2759 3848 luci
2785 3794 2855 3848 ad
2886 3794 3132 3849 tenebras
3154 3794 3198 3829 ⁸⁵
3218 3792 3244 3846 ?

339 3880 499 3936 νατὸν
557 3878 860 3942 ἐπικεῖσθαι
890 3880 1052 3951 ἡμῶν
1080 3883 1160 3950 τῷ
1186 3877 1480 3955 τραχήλῳ’
1513 3881 1604 3935 τὸν
1630 3885 1728 3935 τοῦ
1761 3880 1986 3957 Κύριου,
2011 3881 2101 3937 καὶ
2133 3883 2223 3937 τὸν
2254 3881 2350 3936 τοῦ
2383 3880 2693 3956 Ἀσσυρίου.
2745 3879 2836 3942 Τίς
2883 3880 2985 3956 γὰρ
3037 3881 3249 3955 μετοχή
3299 3879 3615 3956 δικαιοσύνῃ
3664 3881 3754 3935 καὶ

342 3969 566 4042 ἀνομίᾳ,
596 3967 632 4038 ἢ
662 3967 744 4032 τίς
774 3967 1034 4022 κοινωνία
1065 3969 1204 4045 φωτὶ
1235 3969 1371 4040 πρὸς
1401 3968 1625 4040 σκότος;

409 4062 537 4116 285.
601 4055 750 4126 Αῧτη
801 4060 837 4128 ἡ
888 4056 1086 4132 βουλὴ,
1142 4058 1203 4126 ἣν
1269 4052 1626 4133 βεϐούλευται
1656 4057 1860 4134 Κύριος
1909 4059 1997 4114 ἐπὶ

2179 4062 2307 4116 285.
2341 4061 2514 4118 Vsus.
2543 4061 2636 4129 26,
2666 4061 2756 4116 27.
2812 4062 2918 4116 Hoc
2960 4063 3038 4117 est
3085 4062 3394 4132 comitium,
3443 4062 3582 4133 quod
3627 4063 3766 4133 cepit

343 4150 445 4218 τὴν
494 4144 826 4219 οἲκουμὲνην
883 4143 1046 4216 ὅλην,
1100 4146 1188 4200 καὶ
1246 4144 1380 4216 αὕτη
1434 4148 1468 4216 ἡ
1501 4147 1626 4222 χεὶρ
1677 4145 1864 4220 ὑψηλή
1913 4146 1978 4201 ἐπ

2125 4152 2378 4205 Dominus
2407 4166 2574 4222 super
2611 4151 2932 4206 universum
2978 4150 3198 4206 orbem:
3244 4158 3298 4204 et
3346 4153 3427 4204 est
3473 4149 3592 4206 haec
3636 4167 3764 4204 mu-

345 4235 519 4291 πάντα
566 4233 633 4289 τὰ
673 4231 798 4302 ἔθνη
849 4240 950 4303 τῆς
1012 4232 1383 4304 οἰκουμένης.
1442 4235 1512 4290 ⁴¹Α
1576 4233 1680 4310 γαρ
1731 4235 1759 4288 ὁ
1805 4236 1932 4297 Θεὸς
1974 4237 1984 4287 ἑ

2129 4257 2218 4294 ius
2247 4241 2462 4296 excelsa
2505 4256 2671 4310 super
2727 4255 2916 4295 omnes
2961 4247 3146 4309 gentes
3192 4240 3357 4294 totius
3404 4247 3589 4296 terrae.
3626 4242 3768 4311 Quae

360 4323 385 4344 οι
628 4315 659 4346 ρ
711 4321 722 4340 I
1262 4343 1274 4352 _
1329 4318 1384 4339 ru
1500 4341 1512 4353 ,
1617 4323 1630 4338 ι
1771 4322 1786 4342 κ
1914 4329 1937 4339 υ

351 4343 506 4396 αγιος
563 4319 937 4398 βεοουλευται,
995 4321 1078 4382 τίς
1140 4318 1512 4391 διασκεδασει,
1571 4342 1670 4391 την
1739 4320 1797 4377 δε
1843 4343 1990 4398 χειρσ

2128 4331 2264 4384 enim
2297 4330 2438 4384 Deus
2483 4337 2702 4384 sanctus
2732 4329 2990 4395 decrevit,
3022 4331 3147 4400 quis
3192 4329 3530 4400 dissipabit?
3568 4337 3620 4383 et
3649 4345 3767 4384 ma-

349 4413 515 4468 αύτοῦ
587 4411 686 4480 τὴν
763 4409 984 4484 ὑψηλὴν
1058 4409 1141 4471 τίς
1211 4410 1576 4485 ἀποστρέψει;
1640 4416 1834 4490 Σαφῶς
1895 4410 1988 4468 δεί.

2133 4435 2224 4474 ιιι-ις
2257 4419 2374 4487 eius
2428 4419 2699 4474 excelsam
2755 4421 2877 4489 quis
2933 4419 3180 4474 avertet?
3228 4417 3535 4488 Perspicua
3583 4418 3772 4487 docet,

351 4525 556 4569 κνυσιν,
608 4499 690 4555 δτι
721 4503 887 4555 ταῦτα
919 4497 1134 4574 λέγεται
1192 4500 1317 4572 περὶ
1347 4504 1454 4553 τῶν
1511 4501 1562 4555 ἒν
1597 4499 1699 4575 ὅλῃ
1725 4505 1794 4575 τῇ
1823 4503 1990 4557 οἴκου·

2137 4508 2227 4563 lici
2263 4507 2382 4563 hmc
2415 4508 2485 4562 de
2519 4508 2588 4563 iis
2616 4508 2713 4579 qui
2749 4512 2883 4563 sunt
2914 4507 2974 4562 in
3008 4507 3280 4562 universo
3305 4508 3464 4576 orbe,
3489 4511 3544 4562 et
3575 4507 3633 4562 in
3657 4523 3776 4562 om.

361 4593 516 4666 μὲνῃ,
574 4589 664 4644 καὶ
714 4587 767 4643 ἐν
821 4592 952 4642 πᾶσι
981 4593 1098 4648 τοῖς
1152 4586 1378 4642 ἔθνεσιν·
1448 4586 1668 4652 οὐδενὸς
1711 4589 2000 4663 δυναμένου

2137 4597 2294 4652 ιὶιιυε
2325 4597 2600 4668 gentibus
2634 4614 2645 4650 :
2681 4597 2766 4650 sic
2800 4603 2862 4652 ut
2893 4613 3064 4652 nemo
3092 4597 3382 4669 dissipare
3410 4595 3602 4653 valeat
3621 4596 3776 4668 quod

360 4676 703 4736 διασκεδάσαι
761 4679 894 4753 ὅπερ
945 4679 974 4732 ὁ
1011 4679 1140 4740 Θεὸς
1193 4679 1220 4732 ὁ
1280 4680 1430 4754 ἅγιος
1491 4674 1868 4755 βεϐούλευται,
1919 4684 1999 4738 καῖ

2139 4687 2276 4742 )eus
2335 4690 2578 4742 sanctus
2626 4686 2859 4754 statuit,
2889 4686 3205 4759 nullusque
3252 4686 3354 4742 Dei
3400 4703 3643 4745 manum
3675 4701 3778 4756 pro

435 4858 482 4895 ⁸³
509 4856 630 4915 Col.
665 4873 751 4929 ιιι,
784 4859 835 4913 1.
911 4858 958 4893 ⁸³
990 4857 1196 4914 Matth.
1230 4876 1353 4928 xm,
1385 4860 1477 4916 23.
1553 4860 1599 4895 ⁶⁴
1629 4859 1782 4916 Peal.
1816 4879 2042 4932 Lxxxvx,

1076 4858 1196 4914 ιιιιι.
1230 4876 1353 4928 χιιι,
1385 4860 1477 4916 23.
1553 4860 1599 4895 ⁶⁴
1629 4859 1782 4916 Peal.
1816 4879 2042 4932 Lxxxvx,
2075 4865 2126 4920 1.
2201 4865 2247 4900 ⁸³
2278 4864 2326 4921 ΙΙ
2357 4866 2483 4920 Cor.
2515 4880 2596 4935 vr,
2630 4863 2715 4918 14.

447 5055 555 5139 (63)
587 5054 830 5139 Codices
862 5059 1141 5139 quatuor“,
1167 5059 1235 5130 τῇ
1280 5055 1517 5139 αἲσθητῇ
1559 5053 1813 5139 Ἰουδαίᾳ.
1858 5061 2029 5139 Editi,

1979 5061 2029 5129 Li,
2141 5062 2717 5139 καξάφαιρεθήσεσθαι
2745 5062 2828 5115 τό.
2966 5080 3108 5139 mss.
3145 5067 3207 5139 u_t
3236 5064 3294 5118 in
3326 5064 3618 5139 contextu.

373 5123 474 5208 τῇέ
505 5123 734 5208 ᾳῗθητῇς
785 5123 1242 5208 Ἰουδαίαςηουάι
1289 5123 1587 5208 scriptura
1631 5123 1785 5208 quin
1827 5134 2012 5188 melici

2210 5123 2323 5204 (67)
2356 5123 2528 5202 Editi,
2553 5134 2640 5208 καὶ
2673 5129 3139 5208 συντριϐήσεσθαι.
3165 5137 3336 5192 Deest
3358 5132 3448 5187 καί
3478 5134 3537 5208 in
3571 5132 3789 5208 nostris

374 5202 452 5280 sit
482 5205 540 5255 et
567 5201 922 5280 aptior,_non
957 5201 1335 5280 dubitamus:
1372 5201 1496 5270 sed,
1534 5207 1597 5258 ut
1627 5203 1909 5272 diximus,
1943 5224 2029 5261 re-
2140 5201 2460 5280 codicibus.
2507 5201 2822 5277 Aliquanto
2873 5201 3005 5280 past
3047 5210 3224 5263 codex
3271 5225 3448 5280 unus,
3480 5202 3790 5280 δυναστείαν

374 5271 873 5354 014T.%‘1§9.‘..’ib£i
906 5273 1156 5354 amissi,
1194 5349 1242 5354 ..
1282 5345 1292 5354 .
1668 5351 1676 5354 _
1721 5347 1733 5354 .
1899 5271 1905 5272 ί

2150 5277 2541 5350 Ξιποσειώμεθα.
2601 5271 2890 5334 Subinde-
2924 5280 3040 5334 duo
3098 5296 3259 5344 mss.,
3321 5271 3572 5354 ἐὰφγᾶρ
3619 5276 3789 5354 γινώ-

445 5343 558 5423 (64)
592 5343 765 5423 Editi,
793 5346 874 5423 τῷ
905 5343 1148 5419 Χριστῷ,
1176 5349 1250 5402 At
1278 5345 1339 5401 in
1374 5362 1517 5401 mss.
1553 5347 1768 5403 nostris
1801 5365 1915 5403 non
1949 5366 2030 5404 re-
2146 5361 2300 5423 μεοα.

372 5417 598 5487 peritur
623 5415 964 5498 articulusf
1081 5415 1106 5498 _'
1255 5488 1315 5501 Η
2146 5415 2155 5423 ’
2214 5424 2324 5492 (68)
2362 5420 2594 5492 Antiqui
2655 5421 2769 5474 duo
2803 5420 2983 5504 _libri,
3033 5419 3084 5472 ἐν
3144 5420 3340 5478 πίστει.
3399 5423 3562 5478 Haud
3623 5420 3795 5545 longe

443 5489 559 5545 (65)
591 5493 682 5541 810
728 5503 871 5542 mss.
909 5493 1115 5542 nostrl.
1167 5489 1319 5544 Edltl
1376 5505 1532 5545 vero.
1585 5487 1742 5545 οὗτός
1802 5488 1943 5544 ἰστιν
2005 5493 2033 5545 ὁ
2144 5500 2399 5545 nixatuor
2449 5512 2614 5545 mss..
2668 5496 2828 5545 ζυγου
2875 5490 3115 5545 εγωιιεν.
3152 5495 3324 5545 Editi.
3367 5499 3612 5545 σγῶιιεν.
3647 5493 3726 5545 Su
3775 5519 3795 5530 -

443 5487 682 5568 (65‘).Sic
728 5503 871 5542 mss.
909 5489 1115 5568 nostri.
1167 5488 1319 5568 Editi
1376 5505 1532 5568 vero,
1583 5487 1756 5568 9616_c_
1802 5488 1943 5544 ἰστιν
2005 5493 2033 5546 ὁ

2156 5487 2399 5566 quatuor
2449 5487 2614 5558 Ini-‘33.,
2668 5495 2836 5568 ζυγοῦ.
2875 5487 3115 5566 ἓχωμεν.
3148 5495 3324 5568 Editi,
3367 5499 3612 5568 σχῶμεν.
3647 5487 3795 5568 Sub-

370 5555 461 5613 τὸν
520 5555 683 5635 λόγον
749 5578 852 5631 μου
911 5557 1119 5613 ἀκούων
1175 5561 1260 5614 καὶ
1323 5555 1541 5632 σκνιεὶς,
1583 5560 1642 5622 ὃς
1699 5557 1766 5629 δὴ
1821 5583 1999 5638 καρπο

2157 5555 2281 5646 inde
2337 5570 2456 5621 tres
2515 5555 3028 5638 mean—titiam
3084 5567 3235 5624 Editi
3293 5555 3350 5625 et
3576 5565 3796 5646 primus

377 5641 554 5710 φορξῖτ
1160 5705 1219 5710 -.
1506 5704 1517 5710 -
1741 5707 1750 5710 _
2145 5641 2305 5710 ἡμῖνο
3492 5641 3509 5642 ί
3629 5645 3635 5651 ’

624 5702 797 5758 Editi.
867 5705 1408 5774 καταπατηθήσεσθαι
1467 5704 1560 5760 τὸν
1633 5707 1792 5780 ζυγὸν
1861 5728 2036 5762 αυτων

700 5833 969 5893 Persen.
1017 5833 1128 5895 Gs.
1174 5833 1364 5894 XXX.

3401 5838 3479 5898 20
