4150 6376
310 344 433 405 619

1259 337 1653 399 ΔΡΡΕΝΒΙΧ
1695 335 2021 401 OPERUM
2067 336 2134 400 8.
2180 336 2467 399 BASILII
2509 337 2789 400 MAGNI.

3610 344 3734 405 620

309 481 467 536 terra
486 481 545 534 et
564 475 869 533 montibus
888 475 1014 532 suis
1034 476 1504 547 propugnantem
1526 472 1681 530 590
1705 476 1966 527 avertere

2082 466 2301 533 οὐδενὸς
2331 467 2451 526 οἵου
2478 491 2537 526 τε
2568 465 2725 534 ὄντος
2757 471 2857 539 τὴν
2895 469 3216 548 ὑπὲρμαχον
3244 478 3409 550 χεῖρα
3454 478 3553 530 τοῦ
3597 479 3734 531 Θεοῦ

309 569 518 641 possit.
550 565 739 623 Simul
769 570 968 621 autem
1010 564 1249 620 observa
1274 578 1342 617 ea
1369 577 1527 627 vocs,
1555 561 1636 617 uti
1668 560 1873 616 multis
1903 560 1960 614 in

2082 564 2171 627 τῆς
2196 565 2301 633 γῆς
2350 560 2518 614 αὐτοῦ
2569 559 2660 614 καὶ
2702 563 2810 614 τῶν
2861 560 3029 634 ὀρὲων
3074 559 3431 637 ἀποστρέψαι.
3490 565 3646 636 ’Ἅμα
3677 562 3735 619 δὲ

307 657 455 714 locis
489 656 880 721 ostendimus,
909 670 1026 709 rem
1065 669 1176 707 non
1210 667 1402 710 raram
1449 649 1642 706 solum
1673 654 1729 706 et
1759 650 1964 705 insoli-

310 750 434 803 tam
467 744 809 818 signiﬁcari,
837 741 1168 812 cujusmodi
1203 744 1292 795 est
1332 738 1477 794 illud
1512 758 1523 795 :
1558 741 1693 808 Quis
1720 740 1963 810 sapiens,

313 844 364 892 et
394 836 661 904 intelligit
689 832 807 889 hmo
825 831 912 885 ‘6?
944 830 1087 885 Item
1136 828 1277 884 illud
1316 846 1330 883 :
1366 828 1499 896 Quis
1547 828 1724 897 ﬁdelis
1753 832 1805 883 et
1832 843 1966 899 pru-

316 924 448 981 dens
476 919 924 994 dispensator"?
966 918 1113 974 Nam
1145 918 1253 973 hoc
1286 918 1411 974 loco
1442 916 1610 986 illud,
1640 917 1773 985 Quis
1802 916 1965 972 dissi-

316 1014 518 1085 pabit!
547 1013 701 1067 idem
723 1009 870 1065 valet
900 1009 1056 1080 quod
1086 1024 1265 1064 nemo.
1288 1007 1489 1079 Neque
1518 1006 1677 1062 enim
1710 1005 1967 1078 cogitare

318 1102 407 1158 fas
452 1105 541 1156 est
586 1098 828 1171 reperiri
873 1113 1257 1170 quemquam,
1291 1095 1393 1169 qui
1446 1095 1735 1167 dissipare
1782 1093 1969 1150 valeat

315 1189 550 1246 Domini
580 1187 919 1244 consilium.

385 1279 512 1335 286.
548 1277 720 1333 Vane.
751 1276 944 1332 28-30.
975 1277 1040 1331 In
1068 1290 1235 1344 anno,
1267 1289 1370 1345 quo
1400 1278 1650 1329 mortuus
1679 1277 1762 1328 est
1789 1271 1970 1328 Achar.

312 1384 434 1438 rere,
464 1368 679 1442 factum
715 1375 794 1422 est
842 1360 1068 1421 verbum
1096 1365 1237 1419 illud
1269 1382 1287 1417 :
1319 1363 1394 1419 Ne
1448 1363 1714 1419 laetemini
1761 1361 1970 1416 alieni-

313 1473 465 1529 gena
494 1472 703 1522 omnes,
759 1456 1055 1510 contritum
1103 1462 1180 1508 est
1211 1454 1361 1507 enim
1407 1452 1610 1523 jugum
1654 1452 1967 1521 percutien-

313 1548 385 1604 tis
412 1562 526 1602 vos.
558 1546 698 1600 Nam
724 1560 794 1599 ea:
819 1545 1027 1599 semine
1072 1545 1385 1613 serpentum
1430 1540 1790 1612 egrediantur
1823 1544 1967 1610 [etus

312 1635 589 1707 aspidum,
618 1639 669 1689 et
690 1636 834 1705 fetus
863 1648 1052 1689 eorum
1079 1630 1434 1701 egrediantur
1462 1634 1747 1701 serpentes
1778 1630 1966 1685 volan-

313 1729 414 1781 tes.
443 1726 509 1780 Et
559 1731 850 1794 pascentur
895 1736 1167 1793 pauperes
1201 1736 1300 1791 per
1341 1735 1464 1775 eum
1497 1737 1516 1775 :
1547 1720 1738 1791 inopes
1781 1722 1969 1774 autem

316 1814 565 1869 homines
613 1816 674 1866 in
718 1826 850 1882 pace
894 1810 1230 1880 requiescent
1261 1825 1280 1862 :
1309 1810 1458 1879 fame
1502 1823 1628 1864 vero
1675 1808 1969 1878 interﬁciat
1995 1836 2046 1904 Β

315 1919 500 1959 semen
535 1904 714 1967 tuum,
743 1903 795 1955 et
836 1897 1107 1969 reliquias
1155 1900 1282 1953 tuas
1329 1898 1628 1953 intsrimet.
1660 1896 1964 1969 Siquidem

317 1989 539 2057 omnia,
584 2004 712 2060 quas
760 1986 1049 2058 scripsere
1096 1985 1424 2057 prophetas,
1474 1986 1695 2041 dictata
1743 1990 1885 2040 sunt
1932 2001 1966 2039 a

317 2082 523 2135 sancto
552 2076 795 2149 Spiritu,
824 2075 1026 2147 utique
1055 2074 1186 2145 ipsa
1213 2074 1510 2130 adnotalio
1544 2074 1827 2146 temporis
1848 2090 1964 2146 quo

316 2168 473 2225 edita
501 2165 810 2239 prophetia
849 2170 961 2231 est,
994 2165 1213 2220 frustra
1239 2163 1461 2219 inserta
1510 2180 1625 2219 non
1671 2168 1781 2219 est.
1814 2162 1964 2230 Quid

317 2255 475 2311 enim
504 2252 780 2309 didicisse
823 2251 1081 2324 prodest,
1117 2251 1223 2307 hoc
1274 2252 1515 2306 verbum
1546 2267 1613 2307 eo
1660 2268 1816 2308 anno
1847 2268 1964 2324 quo

314 2348 587 2401 mortuus
615 2346 705 2397 est
729 2340 922 2397 Acha:
957 2340 1171 2396 Judasaa
1201 2356 1323 2409 rex,
1356 2340 1640 2397 adversus
1688 2341 1966 2413 alienige-

313 2448 422 2488 nas
452 2433 667 2488 factum
700 2446 830 2487 esse
849 2430 877 2485 Ἰ
914 2434 1119 2501 Itaque
1148 2429 1271 2485 haec
1302 2433 1393 2487 est
1421 2429 1712 2485 sententia
1741 2436 1963 2487 nostra.

315 2520 823 2588 Quemadmodum
863 2518 1148 2591 scriptum
1197 2523 1288 2574 est
1334 2518 1394 2573 in
1447 2519 1684 2575 Exodo:
1719 2519 1966 2576 Marinus

314 2615 390 2669 est
420 2626 520 2666 rex
546 2610 789 2681 Egypti,
812 2613 864 2664 et
886 2610 1274 2679 ingemuerunt
1292 2608 1403 2678 filii
1424 2608 1593 2664 Israel
1619 2609 1691 2664 ab
1711 2610 1966 2680 operibus

315 2702 452 2771 suis,
483 2707 533 2755 et
560 2700 811 2753 ascendit
855 2698 1085 2767 clamor,
1116 2700 1166 2752 et
1206 2696 1492 2755 exaudivit
1540 2697 1681 2753 Deus
1730 2701 1967 2768 gemitus

317 2805 511 2847 eorum
535 2788 599 2844 ⁸⁸.
631 2786 778 2843 Nam
828 2786 1086 2858 pessimo
1144 2801 1276 2858 rege
1331 2786 1557 2842 vivente
1611 2787 1869 2859 gemitus
1912 2793 1970 2844 et

318 2878 591 2951 querelas
619 2893 760 2932 suas
781 2875 841 2931 in
864 2875 1045 2931 Deum
1070 2875 1368 2931 effundere
1390 2891 1505 2931 non
1540 2880 1834 2948 poterant;
1867 2892 1967 2933 eos

2073 651 2377 725 παρατήρει
2407 651 2506 719 τὴν
2532 650 2716 727 φωνὴν
2738 650 2799 704 οὐ
2824 652 2936 723 (69)
2972 649 3132 723 μόνον
3165 651 3239 714 ὡς
3272 649 3571 728 πολλαχοῦ
3600 675 3735 730 παρ-

2074 739 2376 811 εστήσαμεν
2416 738 2504 794 ἐπὶ
2552 743 2648 793 τοῦ
2697 740 2924 794 σπανίου
2981 742 3416 813 σημαινομένην,
3470 744 3587 797 οἷον
3646 745 3733 812 τὸ,

2074 824 2166 889 Τίς
2226 828 2412 905 σοφὸς,
2457 828 2548 883 καὶ
2594 830 2811 898 συνήσει
2868 833 3076 898 ταῦτα;
3134 830 3225 884 καὶ
3275 830 3361 901 τὸ,
3401 832 3491 893 Τίς
3539 834 3731 896 πιστὸς

2074 917 2165 971 καὶ
2196 915 2465 994 φρόνιμος
2514 916 2851 989 οἶκονόμος;
2902 919 3011 974 Νῦν
3068 919 3169 994 γὰρ
3227 919 3310 990 τὸ,
3368 919 3458 982 Τίς
3517 918 3732 978 διασκε-

2078 1001 2261 1075 adest;
2295 1003 2410 1060 ἴσον
2441 1003 2553 1060 ἐστί
2585 1007 2662 1078 τῷ
2693 1003 2890 1068 οὐδείς.
2924 1003 3068 1063 Ούδὶ
3095 1008 3197 1083 γὰρ
3247 1008 3490 1081 θεμιτὸν,
3538 1009 3731 1081 two-ii-

2078 1114 2166 1148 σαι
2194 1094 2257 1148 τὸ
2288 1093 2421 1148 εἶναί
2465 1115 2585 1149 τινα
2638 1092 2934 1168 δυνάμενον
2987 1093 3326 1151 διασκεδάσαι
3379 1099 3481 1168 τὴν
3518 1098 3731 1175 βουλὴν

2074 1186 2171 1236 τοῦ
2203 1182 2402 1258 Κυρίου
2436 1185 2573 1256 (70).

2146 1274 2272 1327 286.
2323 1274 2436 1329 Τοῦ
2496 1270 2669 1340 ἔτους,
2728 1271 2791 1327 οὗ
2840 1272 3097 1328 ἀπέθανεν
3153 1274 3328 1349 ’Λχὰζ
3385 1276 3415 1331 ὁ
3451 1275 3727 1351 βασιλεὺς,

2078 1359 2311 1434 ἕγενήθη
2368 1361 2433 1416 τὸ
2483 1360 2637 1437 ῥῆμα
2690 1365 2878 1417 τοῦτο·
2939 1363 3027 1431 Μὴ
3084 1363 3475 1440 εὐφρανθείητε
3529 1366 3725 1431 πάντες

2078 1449 2129 1503 οἱ
2177 1446 2509 1528 ἀλλόφυλον
2573 1445 2859 1526 συνετρίϐη
2915 1451 3015 1524 γὰρ
3075 1452 3103 1506 ὁ
3174 1453 3330 1528 ζυγὸς
3386 1458 3485 1508 τοῦ
3539 1455 3726 1510 παίον-

2075 1558 2167 1599 τος
2226 1538 2387 1610 ὑμᾶς.
2459 1540 2553 1596 Ἐκ
2625 1539 2728 1613 γὰρ
2798 1538 3106 1614 σπέρματος
3186 1541 3363 1619 ὄφεων
3425 1541 3728 1614 ἐξελεύσονο

2074 1647 2161 1681 ται
2240 1624 2439 1703 ἔγγονα
2502 1625 2767 1694 ἀσπίδων,
2837 1628 2925 1683 καὶ
3004 1629 3072 1684 τὰ
3143 1625 3340 1706 ἔγγονα
3412 1631 3590 1687 αὐτων
3651 1632 3732 1706 ἑξ-

2076 1714 2386 1771 ελεύσονται
2463 1712 2612 1794 ὄφεις
2686 1719 2800 1791 (71)
2884 1718 3197 1790 πετόμενοι.
3272 1720 3372 1776 Καὶ
3455 1721 3733 1796 βοσκηθή-

2079 1825 2263 1859 σονται
2332 1805 2552 1880 πτωχοὶ
2629 1802 2697 1859 δι’
2786 1804 2971 1860 αὐτοῦ·
3046 1809 3266 1882 πτωχοὶ
3332 1805 3390 1864 δὲ
3447 1810 3731 1884 ἅνθρωποι

2075 1893 2164 1950 ἰπὶ
2235 1894 2456 1971 εΐρήνης
2531 1894 2951 1950 ἀναπαύσονται·
3036 1896 3218 1953 ἀνελεῖ
3296 1895 3355 1953 δὲ
3429 1898 3582 1972 λιμῷ
3667 1901 3729 1956 τὸ

2074 1984 2291 2060 σπέρμα
2349 2005 2468 2054 σου,
2519 1985 2608 2039 καὶ
2664 1984 2726 2040 τὸ
2775 1983 3125 2059 κατάλειμμά
3174 2007 3272 2042 σου
3322 1986 3526 2051 ἀνελεῖ,
3560 1985 3730 2059 Εἴπερ

2073 2076 2248 2130 πάντα
2308 2074 2579 2147 Πνεύματι
2635 2075 2777 2149 ἁγίῳ
2833 2073 3043 2148 εἷ’ρηται
3102 2075 3167 2130 τὰ
3194 2078 3557 2153 γεγραμμένα
3585 2082 3732 2148 παρὰ

2073 2168 2183 2218 τῶν
2234 2167 2556 2241 προφητῶν,
2590 2161 2846 2234 δηλονότι
2892 2163 2982 2219 καὶ
3014 2166 3049 2233 ἡ
3084 2164 3364 2242 ἀναγραφή
3395 2171 3495 2222 τοῦ
3523 2170 3730 2244 χρόνου

2073 2260 2175 2322 τῆς
2221 2252 2558 2328 προφητείας
2611 2251 2673 2306 οὗ
2733 2254 2907 2325 μάτην
2968 2249 3444 2329 παρεμϐἑϐληται.
3504 2256 3570 2313 Τί
3624 2258 3727 2334 γὰρ

2074 2336 2274 2415 ὄφελος
2319 2339 2380 2395 ἐκ
2429 2344 2528 2395 τοῦ
2589 2347 2799 2415 μαθεῖν,
2855 2341 2938 2396 ὅτι
2994 2347 3157 2397 τοῦτο
3215 2339 3424 2419 ίγένετο
3451 2346 3514 2400 τὸ
3573 2345 3724 2421 ῥῆμα

2073 2430 2211 2503 πρὸς
2238 2427 2366 2492 τοὺς
2398 2427 2751 2508 ἀλλοφύλους
2780 2435 2860 2502 τῷ
2890 2432 3003 2505 (72)
3054 2428 3158 2486 ἔτει
3192 2431 3237 2504 ᾦ
3268 2433 3522 2498 ἀπέθανεν
3549 2435 3723 2510 Ἀχὰζ

2075 2520 2103 2574 ὁ
2140 2515 2394 2594 βασιλεὺς
2422 2525 2524 2588 τῆς
2570 2517 2875 2588 Ἰουδαίας;
2929 2520 3267 2594 Αογιζόμεθα
3319 2520 3436 2589 οὖν,
3482 2522 3565 2579 ὅτι
3615 2525 3721 2579 ὥσ-

2074 2627 2174 2682 περ
2234 2609 2348 2681 (73)
2399 2605 2452 2661 ἐν
2480 2611 2549 2682 τῇ
2602 2607 2809 2680 Ἐξύδῳ
2838 2607 3163 2684 γέγραπται,
3222 2611 3304 2665 ὅτι
3349 2611 3725 2683 Ἐτελεύτησεν

2077 2698 2105 2752 6
2176 2693 2432 2772 βασιλεὺς
2508 2696 2813 2771 Αἰγύπτου,
2892 2698 2984 2752 καὶ
3067 2699 3445 2770 κατεστέναξαν
3506 2702 3558 2755 οἱ
3614 2702 3725 2757 υἱοὶ

2080 2783 2302 2858 Ἰσραὴλ
2333 2785 2440 2839 ἀπὸ
2496 2789 2604 2839 τῶν
2661 2780 2831 2860 ἔργων
2886 2785 3085 2855 αὐτῶν,
3142 2787 3230 2841 καὶ
3292 2782 3457 2858 ἀνέϐη
3515 2792 3550 2859 ἡ
3597 2790 3726 2865 βοή,

2075 2874 2166 2930 καὶ
2253 2873 2566 2945 εἰσήκουσεν
2643 2874 2671 2928 6
2743 2874 2874 2937 Θεὸς
2946 2879 3054 2930 τῶν
3134 2882 3445 2952 στεναγμῶν
3517 2879 3723 2937 αὐτῶν.

318 2967 608 3041 siquidem
630 2966 875 3038 cogebat
903 2965 1244 3020 incumbere
1274 2965 1334 3019 in
1365 2981 1541 3037 opera
1563 2966 1749 3021 ardua
1771 2966 1837 3036 5°,
1861 2982 1966 3022 nec

2082 2965 2290 3026 Ζῶντος
2347 2962 2440 3037 μὲν
2471 2963 2572 3039 γὰρ
2603 2966 2714 3037 (74)
2742 2967 2839 3019 τοῦ
2870 2963 3139 3038 βασιλέως
3169 2969 3265 3021 τοῦ
3293 2971 3561 3041 πονηροῦ,
3615 2989 3728 3023 στε-

317 3058 392 3115 ad
421 3057 610 3113 Deum
640 3053 905 3111 attollere
929 3053 1129 3110 oculos
1159 3054 1407 3110 sinebat.
1429 3057 1745 3126 Postquam
1768 3060 1965 3112 autem

2082 3048 2250 3119 νάζειν
2309 3049 2446 3125 πρὸς
2494 3051 2585 3104 τὸν
2646 3050 2774 3105 Θεὸν
2831 3051 2930 3105 ούκ
2985 3048 3290 3120 ἠδύναντο·
3359 3053 3728 3131 κατηνάγκαζε

315 3162 568 3216 nequam
613 3143 714 3200 ille
760 3144 1031 3199 sublatus
1061 3147 1205 3200 este
1238 3142 1451 3210 medio,
1499 3148 1641 3198 tunc
1688 3160 1795 3214 par
1839 3150 1966 3201 erat

2082 3138 2180 3215 γὰρ
2220 3136 2416 3200 αὐτοὺς
2465 3137 2519 3193 ἦν
2567 3135 2749 3214 ἔργοις
2809 3138 3097 3213 σκληροῖς,
3149 3142 3226 3213 μὴ
3269 3140 3572 3219 ἐπιτρεπων
3602 3144 3727 3199 ἀνα-

314 3235 614 3309 plaudere,
644 3233 853 3303 suique
882 3232 1071 3287 hostis
1113 3232 1296 3287 ruina
1326 3230 1633 3288 insultare.
1667 3232 1735 3288 Hi
1767 3238 1966 3290 autem

312 3322 701 3397 ingemiscere
732 3321 1066 3377 referuntur
1096 3327 1302 3392 praeter
1331 3321 1844 3392 exspectationem.
1868 3323 1968 3378 Ni-

316 3414 536 3469 mirum
566 3411 825 3467 ostendit
862 3410 1184 3482 Scriptura,
1215 3411 1372 3481 quod
1405 3410 1517 3481 ipsi
1549 3427 1666 3483 pres
1706 3415 1967 3483 stupore,

318 3500 583 3574 quandiu
615 3515 783 3555 mens
806 3498 1068 3569 corporis
1088 3513 1296 3553 amans
1316 3497 1685 3554 dominatum
1718 3499 1972 3556 habebat

318 3606 393 3647 ne
421 3590 621 3663 lugere
648 3587 885 3660 quidem
919 3603 1150 3658 poenam
1182 3586 1255 3642 ob
1283 3591 1584 3658 peccatum
1605 3588 1716 3644 sibi
1746 3589 1970 3662 irroga-

319 3683 443 3735 tam
492 3678 821 3743 novissent;
873 3676 973 3731 sed
1026 3681 1340 3748 postquam
1388 3682 1696 3733 cessarunt
1743 3677 1903 3748 vitia,
1936 3695 1970 3734 a

319 3770 541 3843 gemitu
583 3766 822 3822 initium
853 3764 1174 3820 curationis
1205 3764 1467 3837 capiunt,
1497 3766 1714 3822 crassis
1744 3784 1811 3824 ac
1840 3785 1971 3824 cor-

321 3856 625 3930 poralibus
645 3855 921 3927 operibus
941 3853 1254 3924 degravati.
1271 3855 1410 3909 Eam
1435 3854 1509 3909 ob
1531 3870 1654 3911 rem
1676 3857 1974 3913 exaudivit

321 3962 421 4002 eos
471 3947 621 4001 Deus
672 3943 975 3998 hominum
1023 3941 1727 3999 amantissimus7°.lluic
1766 3945 1969 4017 utique

318 4031 700 4096 enarrationi,
729 4028 922 4085 simile
952 4028 1235 4099 quiddam
1261 4028 1591 4085 declaratur
1618 4036 1677 4086 et
1706 4032 1767 4088 in
1795 4048 1970 4104 supe-

317 4122 573 4178 rioribus
595 4118 759 4175 lsaise
781 4117 993 4174 verbis.
1018 4120 1247 4173 factum
1274 4125 1355 4173 est
1377 4117 1556 4187 enim,
1588 4118 1801 4191 inquit,
1823 4138 1970 4179 anno

315 4228 421 4282 quo
451 4218 720 4274 mortuus,
752 4216 831 4264 est
871 4207 1036 4264 Ozias
1066 4222 1184 4277 rex,
1220 4205 1336 4261 vidi
1363 4208 1660 4263 Dominum
1695 4210 1971 4267 sedentem

313 4316 477 4371 super
503 4299 703 4355 solium
732 4298 1011 4353 excelsum
1051 4299 1101 4351 et
1130 4296 1408 4351 eleuatum
1427 4297 1495 4352 τί.
1527 4298 1741 4370 Regem
1774 4298 1968 4357 Oziam

313 4391 496 4445 fuisse
520 4388 854 4459 improbum
879 4386 1126 4441 historia
1150 4384 1435 4457 prodidit:
1462 4387 1968 4460 quandoquidem.

311 4479 632 4535 Exaltatum
661 4480 740 4532 est
768 4491 860 4531 cor
897 4476 1012 4547 ejus
1059 4474 1131 4529 ad
1175 4474 1656 4545 corrumpendum,
1687 4482 1739 4532 et
1769 4478 1973 4547 iniuste

2079 3228 2244 3283 νεύειν
2277 3227 2413 3302 πρὸς
2441 3226 2535 3282 τὸν
2567 3228 2718 3284 Θεόν.
2752 3224 2975 3297 Ἐπειδὴ
3036 3225 3094 3283 δὲ
3150 3226 3395 3286 ἐκποδὼν
3458 3230 3667 3307 ἐγένετο
3699 3232 3727 3287 6

2077 3318 2346 3391 πονηρὸς,
2375 3315 2499 3372 τότε
2529 3313 2646 3371 δέον
2691 3323 2902 3391 κροτεῖν
2947 3318 3039 3372 καὶ
3091 3317 3395 3394 ἐπιχαίρειν
3424 3323 3494 3393 τῇ
3526 3322 3727 3375 τ.τώσει

2074 3410 2173 3462 τοῦ
2203 3404 2428 3481 ἐχθροῦ.
2462 3406 2530 3463 Οὶ
2590 3402 2646 3460 δὲ
2694 3405 2753 3460 ἐκ
2807 3409 2904 3460 τοῦ
2968 3404 3275 3481 παραδόξου
3334 3409 3724 3484 ἀναγράφονται

2078 3499 2298 3551 στένειν·
2356 3491 2766 3567 ὶνδεικνυμένου
2804 3499 2902 3550 τοῦ
2954 3493 3140 3570 λόγου,
3172 3495 3254 3549 ὅτι
3282 3493 3385 3557 ἕως
3421 3497 3449 3550 ὁ
3480 3496 3722 3574 φιλοσώο

2082 3605 2250 3660 ματος
2304 3587 2433 3645 νοῦς
2489 3582 2809 3659 ἐπεκράτει,
2870 3584 2972 3638 ὑπὸ
3036 3590 3136 3653 τῆς
3190 3583 3539 3656 ἀναισθησίας
3597 3583 3726 3640 οὐδὲ

2077 3670 2275 3750 ᾔδεσαν
2324 3669 2608 3747 ὀδύρεσθαι
2638 3672 2702 3727 τὸ
2760 3671 2819 3727 ἐκ
2844 3679 2945 3742 τῆς
3004 3672 3268 3749 ἁμαρτίας
3316 3674 3502 3729 κακόν·
3536 3671 3724 3743 ἐπειδή

2078 3761 2137 3819 δὲ
2165 3756 2360 3819 ἔλαϐον
2386 3758 2600 3836 σχολήν
2630 3759 2736 3815 ἀπὸ
2764 3765 2872 3816 τῶν
2908 3766 3119 3831 παθῶν,
3177 3759 3441 3837 ἄρχονται
3492 3769 3593 3832 τῆς
3641 3774 3725 3827 05-

2076 3852 2302 3927 ραπείας
2332 3849 2440 3905 ἀπὸ
2466 3854 2564 3904 τοῦ
2594 3851 2817 3918 στένειν,
2872 3849 2923 3905 ἐν
2975 3855 3094 3914 τοῖς
3154 3848 3367 3914 ὑλικοῖς
3424 3850 3514 3906 καὶ
3544 3871 3727 3924 σωμα-

2075 3946 2254 4003 τικοῖς
2292 3938 2469 4016 ἔργοις
2516 3938 2895 4015 βαρυνόμενοι.
2946 3939 3041 3994 Διὸ
3083 3940 3172 3994 καὶ
3207 3938 3506 4009 ἐπήκουσεν
3551 3939 3726 3995 αὐτῶν

2079 4032 2108 4085 6
2139 4029 2528 4109 φιλάνθρωπος
2585 4029 2714 4090 Θεός
2782 4031 2912 4100 (75).
2942 4030 3178 4101 “Ὀμοιον
3223 4028 3313 4082 οὗν
3344 4032 3414 4103 τῇ
3474 4025 3730 4103 διηγήσει

2077 4120 2245 4193 ταύτῃ
2304 4116 2570 4189 δηλοῦται
2622 4117 2712 4172 καὶ
2768 4117 2818 4173 ἐν
2876 4123 2992 4180 τοῖς
3054 4117 3281 4173 κατόπιν
3330 4122 3426 4172 τοῦ
3482 4117 3728 4175 Ἡσαΐου.

2079 4210 2327 4285 Ἐγένετο
2409 4208 2534 4283 γὰρ,
2612 4205 2791 4283 φησὶ,
2866 4211 2963 4261 τοῦ
3020 4206 3268 4262 ἐνιαυτοῦ
3344 4205 3407 4261 οὗ
3479 4206 3735 4262 ἀπίθανεν

2081 4297 2268 4367 Ὀζίας
2328 4297 2357 4350 6
2419 4294 2713 4370 βασιλεὺς,
2772 4292 2916 4350 εἶδον
2991 4296 3082 4350 τὸν
3159 4296 3360 4368 Κύριον
3426 4296 3733 4369 καθήμενον

2081 4386 2169 4443 ἐπὶ
2227 4385 2426 4462 θρόνου
2485 4383 2701 4457 ὑψηλοῦ
2756 4384 2844 4440 καὶ
2904 4383 3237 4460 ἐπηρμένου.
3295 4384 3545 4460 Πονηρὸς
3578 4385 3732 4452 βασι-

2082 4474 2206 4537 λεὺς
2237 4474 2422 4543 Ὀζίας
2480 4476 2594 4546 (76)
2627 4474 2728 4529 ὑπὸ
2759 4480 2858 4544 τῆς
2892 4473 3133 4549 ἱστορίας
3170 4469 3558 4548 παραδέδοται,
3592 4469 3730 4526 διότι

310 4568 446 4641 fecit
489 4569 549 4623 in
580 4566 872 4622 Dominum
900 4565 1074 4620 Deum
1099 4578 1264 4618 suum
1292 4580 1313 4619 :
1345 4567 1397 4618 et
1446 4566 1682 4621 intravit
1729 4567 1791 4622 in
1843 4576 1966 4623 tem-

2082 4565 2299 4639 Ὑψώθη
2339 4564 2375 4632 ἡ
2430 4558 2625 4637 καρδία
2672 4561 2838 4618 αὐτοῦ
2892 4566 2990 4617 τοῦ
3048 4562 3421 4639 καταφθεῖραι,
3479 4559 3569 4616 καὶ
3609 4557 3727 4629 ἠδίο

306 4657 467 4731 plum
497 4655 721 4713 Domini
766 4654 840 4710 ad
890 4651 1226 4709 adolendum
1268 4667 1432 4724 super
1477 4654 1677 4725 altare,
1709 4659 1763 4712 et
1813 4654 1970 4729 lepra

2080 4675 2243 4726 κησεν
2298 4653 2351 4708 ἐν
2404 4652 2588 4727 Κυρίῳ
2645 4657 2765 4725 Θεῷ
2817 4650 3006 4721 αὐτοῦ,
3062 4648 3154 4705 καὶ
3209 4648 3459 4720 εἷο-ἦλθεν
3517 4648 3592 4711 εἷς
3638 4648 3730 4703 τὸν

381 4839 426 4875 ⁸⁸
457 4838 590 4895 Ose.
625 4852 739 4905 xxv,
776 4835 861 4890 10.
938 4834 982 4871 ατ
1014 4832 1149 4889 Luc.
1181 4850 1282 4905 xu,
1310 4833 1398 4888 42.
1474 4834 1519 4869 ⁸⁸
1554 4836 1729 4891 Exod.
1767 4854 1829 4906 II,
1858 4838 1950 4893 23.

2100 4837 2277 4894 Exod.
2310 4851 2349 4905 ι,
2384 4835 2471 4891 14.
2548 4835 2594 4870 ’³ο
2616 4833 2794 4890 Exod.
2828 4850 2918 4903 ιιι,
2946 4835 3003 4891 7.
3080 4834 3123 4870 ¹¹¹
3157 4836 3269 4889 Isa.
3301 4849 3383 4902 v1,
3417 4833 3468 4888 1.

377 5037 492 5106 (69)
521 5037 699 5101 Editi,
728 5034 828 5102 τὴν
862 5034 1071 5109 φωνὴν,
1092 5030 1197 5098 τίς,
1227 5029 1309 5086 06.
1343 5033 1512 5109 Deest
1538 5031 1622 5097 τίς
1651 5035 1709 5091 in
1742 5037 1961 5094 nostris

309 5104 630 5163 codicibus.
664 5109 772 5164 Sed
826 5104 1021 5164 tamen
1054 5104 1175 5177 haec
1204 5104 1409 5160 vocula
1438 5111 1538 5161 ant
1569 5110 1815 5177 exprimi
1863 5112 1959 5165 de-

308 5182 428 5251 bet,
461 5188 564 5235 aut
593 5179 977 5248 subintelligi.
1011 5176 1217 5251 Statim
1252 5177 1367 5233 duo
1401 5194 1545 5234 mss.
1578 5188 1636 5235 et
1665 5182 1827 5250 editi,
1861 5200 1963 5251 ση-

314 5247 537 5338 μαίνειν.
574 5252 683 5305 Alii
716 5254 850 5318 duo,
881 5247 1311 5338 σημαινομένην.

380 5322 492 5392 (70)
524 5324 763 5378 Codices
794 5329 934 5392 tres,

381 5388 523 5470 (71)-
556 5393 733 5464 Editi,
788 5388 981 5470 timete,
1027 5388 1281 5470 ἀσπίδες.
1319 5392 1455 5470 Sed
1516 5407 1744 5470 vocem,
1797 5391 1961 5447 ἀσπί-

310 5458 396 5522 δες
428 5458 564 5520 inde
612 5458 983 5529 sustulimus,
1017 5466 1189 5519 fidem
1242 5468 1500 5521 veterum
1553 5463 1834 5522 librorum
1867 5482 1961 5522 se-

307 5535 451 5590 cuti.

377 5607 492 5677 (72)
520 5606 694 5675 Editi,
726 5604 779 5660 tv
811 5611 910 5677 τῷ.
944 5607 1160 5663 Vocula
1189 5604 1240 5659 ἐν
1284 5606 1341 5661 in
1386 5622 1528 5662 mss.
1566 5623 1678 5662 non
1737 5608 1962 5664 inveni-

304 5682 428 5735 tur.
734 5714 737 5717 -

971 5317 1302 5396 βουλὴν-τοῦ
1333 5322 1488 5396 Θεοῦ.

2142 5036 2258 5109 (73)
2287 5032 2565 5109 Scriptor_
2587 5049 2721 5109 cum
2755 5034 3036 5109 scriberet
3080 5033 3202 5109 illa,
3237 5027 3576 5109 λογιζόμεθα
3619 5027 3740 5097 οῦν,

2072 5102 2207 5176 etc.,
2241 5102 2344 5162 aut
2375 5102 2724 5162 somniavit:
2758 5112 2861 5163 aut
2892 5125 2924 5163 a
2958 5104 3215 5162 librariis
3246 5102 3468 5176 aliquid
3500 5110 3741 5175 praster-

2073 5171 2321 5253 niissum
2353 5184 2463 5253 est.
2497 5178 2653 5253 Nihil
2678 5182 2837 5234 enim
2870 5180 3192 5253 respondet
3214 5171 3572 5253 νοοὶῶσπίε.

2147 5252 2259 5321 (74)
2290 5248 2604 5325 Editi,__16v
2642 5239 2988 5325 orave-{povf
3033 5249 3321 5325 Περιόντος
3372 5245 3477 5321 γὰρ
3518 5239 3743 5325 ἰτα-Αἰ

2072 5318 2534 5445 ῐηεεζιέοηπηὲιὲιὶί
2568 5323 2653 5377 uti
2687 5324 2743 5377 in
2778 5318 3074 5380 contextu.
3100 5318 3419 5394 Aliquanto
3449 5318 3584 5388 post
3612 5318 3734 5373 duo

2073 5412 2243 5445 mss..
2304 5411 2392 5444 πει
2459 5432 2499 5445 υ.

2073 5412 2244 5458 mss,
2277 5411 2392 5444 επει
2425 5411 2499 5446 os.

2141 5466 2251 5541 (7.5).
2281 5463 2523 5541 (ἓρᾶίρθξ
2548 5465 2686 5541 duo:
2719 5462 2939 5541 Κύριοςτ
3228 5535 3242 5541 -
3355 5536 3364 5541 _
3494 5530 3529 5541 _.

2144 5529 2256 5608 (76')
2286 5536 2461 5599 Editi,
2503 5534 2531 5588 ὁ
2577 5534 2771 5603 Ὀζίας.
2921 5539 2980 5593 in
3032 5553 3175 5592 mss.
3211 5535 3396 5608 deest_
3420 5529 3735 5608 articulus.

2070 5603 2200 5665 Mox
2242 5603 2402 5682 Iduo_
2431 5623 2602 5682 mss,
2644 5605 3022 5682 παραδίδοται.
3054 5608 3316 5665 Subinde
3365 5605 3482 5661 duo
3528 5603 3737 5661 itidem

2075 5697 2220 5740 mss.
2248 5683 2347 5735 τοῦ
2380 5674 2680 5757 διαφθεῖραι
2696 5722 2708 5741 .
