4150 6362
320 406 434 468 621

318 562 344 594 ν
353 539 444 593 αὸν

320 625 629 704 ἐλεπρώθη.
666 624 763 680 Καὶ
792 625 916 680 τότε
956 623 1136 680 τοίνυν
1188 624 1588 700 ἀνατραπέντος
1642 629 1739 680 τοῦ
1795 644 1973 694 πονη-

319 720 438 795 ροῦ,
490 717 782 793 ἄρχοντος,
824 715 912 769 καὶ
968 719 1079 769 τῶν
1137 712 1459 788 μιασμάτων
1517 712 1976 790 ἐλευθερωθείσης

317 812 418 876 τῆς
449 805 585 860 κατᾶ
609 804 699 859 τὸν
730 803 898 877 νόμον
941 800 1215 880 λατρείας,
1247 802 1315 859 τὰ
1367 806 1467 873 τῆς
1522 803 1811 879 θεολογίας
1873 824 1971 874 μυ-

321 898 518 967 στήρια
577 897 897 970 φανεροῦται
947 894 1062 968 (77)
1116 897 1197 966 τῷ
1254 895 1530 971 προφήτῃ.
1592 892 1690 948 Καὶ
1748 891 1975 948 ἐνταῦθα

320 984 502 1040 τοίνυν
537 982 630 1038 τὸν
662 982 841 1058 Ἀχάζ
871 980 933 1037 οὐ
965 979 1260 1037 σπουδαῖον
1290 983 1526 1059 ἄρχοντα
1552 983 1580 1037 6
1631 981 1794 1057 λόγος
1845 981 1971 1035 ἀνα-

320 1074 513 1150 γράφει
544 1072 976 1141 ἀποθνήσκοντα.
1004 1068 1094 1125 ’ίνα
1125 1068 1344 1146 δειχθῇ,
1378 1073 1460 1126 ὅτι
1510 1070 1561 1126 ἰν
1610 1074 1679 1144 τῇ
1715 1075 1813 1125 τοῦ
1860 1069 1974 1145 ’χεί-

326 1183 482 1239 ρονος
517 1161 894 1236 ὑποχωρήσει,
922 1160 985 1214 τὸ
1019 1159 1169 1235 ῥῆμα
1195 1160 1401 1237 γίνεται
1432 1160 1570 1237 πρὸς
1617 1160 1746 1222 τοὺς
1796 1157 1971 1214 ἀλλο-

322 1249 528 1331 φύλους
558 1250 707 1321 παρά
733 1253 832 1304 τοῦ
864 1248 1148 1324 εὐεργέτου
1179 1253 1334 1305 Θεοῦ.
1372 1249 1619 1325 Εὕραμεν
1658 1250 1758 1323 γὰρ
1811 1248 1861 1303 ἐν
1900 1253 1969 1324 τῇ

318 1337 544 1415 τετάρτῃ
572 1343 678 1393 τῶν
712 1337 1037 1410 Βασιλειῶν,
1067 1337 1147 1394 ὅτι
1181 1338 1340 1401 οὗτος
1376 1340 1403 1393 ὁ
1443 1338 1621 1414 Ἀχάζ
1651 1338 1750 1394 οὐκ
1779 1336 1969 1409 ἰποίη-

319 1450 376 1484 σε
404 1429 467 1484 τὸ
500 1427 648 1492 εὐθὲς
682 1426 735 1481 ἰν
788 1425 1096 1502 ὀφθαλμοῖς
1143 1427 1369 1501 Κυρίου’
1401 1427 1491 1482 καί
1537 1449 1597 1503 γε
1645 1428 1762 1482 υἱὸν
1807 1427 1971 1482 αὐτοῦ

320 1516 507 1593 διῆγεν
534 1519 644 1592 (78)
674 1515 725 1572 ἐν
758 1516 888 1591 πυρὶ
920 1517 1055 1571 κατὰ
1100 1517 1167 1571 τὰ
1200 1513 1552 1591 βδελύγματα
1592 1521 1700 1571 τῶν
1760 1516 1928 1571 ἐθνῶν
1953 1536 1967 1549 ο

316 1608 404 1663 καὶ
459 1605 703 1676 ἐθυσίαζε
759 1604 848 1660 καὶ
908 1603 1105 1678 ἑθυμία
1160 1604 1212 1660 ἐν
1243 1610 1359 1667 τοῖς
1396 1604 1654 1680 ὑψηλοῖς.
1685 1604 1859 1669 Οὗτος
1914 1603 1973 1660 δὲ

317 1695 406 1752 καὶ
438 1695 545 1751 ἀπὸ
573 1699 684 1750 τῶν
715 1696 999 1771 θησαυρῶν
1030 1697 1131 1750 τοῦ
1164 1690 1316 1749 οἷ’κου
1348 1695 1549 1771 Κυρίου
1601 1693 1827 1771 χρυσίον
1879 1695 1971 1749 καὶ

315 1784 572 1863 ἀργύριον
628 1781 913 1839 ἂπὲστειλε
968 1787 1048 1856 τῷ
1110 1780 1329 1860 βασιλεῖ
1382 1787 1491 1838 τῶν
1551 1781 1871 1859 Ἀσσυρίων,
1916 1781 1968 1838 ἐν

315 1875 397 1938 οἷς
431 1873 493 1929 οὐ
529 1873 698 1949 μικρά
729 1870 896 1929 αὐτοῦ
944 1877 1328 1948 κατηγορεῖται
1383 1875 1419 1943 ἡ
1466 1867 1683 1928 ἀσέϐεια
1724 1874 1847 1950 περὶ
1905 1873 1972 1929 τὰ
2000 1907 2048 1972 Β

313 1964 434 2039 ἱερά
465 1964 748 2038 χρήματα.
782 1960 1061 2032 Πεσούσης
1094 1959 1184 2015 οὖν
1215 1967 1315 2031 τῆς
1347 1966 1592 2036 πονηρᾶς
1632 1959 1966 2031 δυναστείας,

314 2051 517 2128 γίνεται
546 2050 610 2105 τὸ
639 2050 908 2118 κατὰίτῶν
941 2046 1274 2128 ἀλλοφύλων
1330 2048 1499 2126 ῥῆμα.
1534 2048 1880 2130 Ἀλλόφυλοι
1911 2049 1970 2106 δὲ

319 2138 473 2202 ἰδίως
505 2140 557 2194 οὶ
589 2137 938 2195 Φυλιπιαῖοι
971 2137 1243 2214 λέγονται,
1277 2138 1369 2203 οὓς
1410 2137 1805 2205 Παλαιστινοὺς
1835 2138 1969 2196 Ἕλ-

320 2228 482 2300 ληνες
513 2229 627 2302 (79)
662 2227 1048 2302 ὀνομάζουσιν.

385 2320 518 2376 287.
558 2316 758 2372 ’ἰστέον
792 2314 870 2389 δὶ,
903 2318 987 2372 ὅτι
1018 2319 1108 2372 καὶ
1140 2315 1194 2372 ἓν
1224 2320 1295 2391 τῇ
1342 2318 1569 2374 ἑκάστου
1621 2321 1780 2393 ἡμῶν
1832 2323 1970 2395 ζωῇ,

318 2403 535 2462 ἐπειδὰν
695 2405 1060 2482 βασιλεύουσα
1114 2404 1168 2461 ἐν
1227 2411 1307 2480 τῷ
1357 2411 1540 2482 θνητῷ
1567 2409 1729 2482 ἡμῶν
1758 2409 1972 2482 σώματι

320 2492 558 2571 ἁμαρτία
588 2491 859 2569 ἀποθάνῃ,
890 2494 1014 2548 τότε
1042 2492 1251 2569 γίνεται
1308 2494 1337 2549 6
1391 2492 1560 2570 λόγος
1614 2499 1709 2549 τοῦ
1769 2495 1974 2572 Κυρίου

318 2583 370 2639 ἐν
430 2585 589 2657 ἡμῖν.
624 2581 787 2658 Τάχα
840 2582 943 2659 γὰρ
1002 2582 1202 2655 ἑκάστη
1258 2582 1495 2658 ἁμαρτία
1550 2583 1689 2660 πρὸς
1748 2581 1971 2641 ἕκαστον

317 2675 426 2725 τῶν
455 2671 507 2726 ἐν
539 2676 660 2733 ταῖς
707 2675 945 2749 Γραφαῖς
991 2672 1487 2748 κατηγορουμένων
1534 2673 1623 2727 καὶ
1676 2672 1821 2736 ὅλως
1879 2677 1974 2748 ψε-

319 2764 461 2815 κτῶν
519 2758 789 2837 βασιλέων
847 2757 1145 2835 ἀναλογίαν
1196 2760 1318 2815 τινὰ
1375 2756 1514 2837 ἔχει,
1549 2759 1622 2815 ὧν
1675 2759 1973 2839 πολλαχοῦ

319 2851 387 2904 τὰ
417 2850 530 2925 (80)
568 2848 809 2923 ὀνόματα
840 2845 910 2904 δι’
940 2847 1078 2920 ὅλης
1108 2855 1206 2919 τῆς
1235 2855 1454 2928 Γραφῆς
1483 2847 1863 2921 δηλοῦταιοὼς
1884 2852 1970 2927 καί

321 2943 412 2993 νῦν
461 2936 819 3014 ἰρμηνεύεται
868 2938 896 2993 6
947 2938 1125 3013 ’Ᾱχὰζ
1168 2938 1511 3014 κατάσχεσις·
1562 2934 1842 3013 σύμϐολον
1903 2941 1977 2995 ὣν

323 3021 841 3102 προκαταλαϐόντος
884 3027 971 3081 καὶ
1026 3027 1362 3102 κατέχοντος
1413 3028 1513 3096 τήν
1566 3030 1752 3102 ψυχὴν
1811 3032 1973 3103 ἡμῶν

322 3115 592 3193 δόγματος
647 3119 925 3193 πονηροῢο
979 3115 1040 3171 οὐ
1099 3115 1487 3185 ἀποθανόντος,
1519 3118 1554 3185 ἡ
1606 3118 1761 3192 ψυχὴ
1810 3120 1973 3192 ἡμῶν

321 3203 746 3281 ἐλευθερωθεῖσα
803 3204 910 3259 ἀπὸ
962 3207 1059 3259 τοῦ
1114 3202 1465 3279 κατέχοντος,
1507 3206 1780 3260 ἱκανοῦται
1833 3208 1971 3281 πρὸς

1120 404 1526 469 COMMENT.
1570 404 1654 464 IN
1697 402 1969 466 ISAIAM
2011 401 2516 465 PBOPHE'I‘AM.
2563 405 2737 465 CAP.
2784 403 2942 465 XIV.

526 535 727 613 Κυρίου
807 536 1067 609 θυμιάσαι
1148 533 1235 591 ἔπῖ
1292 535 1356 591 τὸ
1414 535 1822 611 θυσιαστήριον,
1880 532 1973 589 καὶ

2095 534 2311 606 affectus
2330 541 2409 592 est
2428 538 2490 592 7’.
2508 537 2659 592 Tum
2682 537 2921 592 demum
2944 536 3210 606 improbo
3233 537 3495 610 principe
3516 553 3739 610 everso,

3618 403 3741 465 622

2087 628 2145 679 et
2178 624 2322 696 legis
2361 625 2523 680 cultu
2571 627 2645 680 ab
2691 625 3435 700 inquinamentimpurgato
3481 644 3549 683 ac
3596 627 3743 683 libe-

2085 717 2233 778 rato,
2264 715 2558 785 prophetas
2592 714 2905 769 manifesta
2930 716 3080 769 ﬁunt
3109 715 3292 770 divini
3328 715 3558 772 consilii
3589 732 3742 785 mys-

2084 802 2251 858 teria.
2286 802 2389 858 Hic
2420 805 2600 874 igitur
2629 804 2803 875 refert
2848 804 3023 858 etiam
3055 804 3376 875 Scriptura,
3414 805 3739 877 principem

2085 906 2197 945 non
2234 892 2480 962 probum
2514 891 2827 960 interiisse,
2862 896 2928 945 ut
2955 897 3320 963 compertum
3355 894 3433 948 sit
3460 898 3519 949 et
3546 892 3739 964 explo-

2083 984 2301 1049 ratum,
2333 979 2519 1035 Deum
2576 980 2925 1041 beneﬁcum,
2958 980 3098 1034 vitio
3155 981 3521 1037 subducente
3567 997 3630 1036 se
3678 985 3736 1036 et

2082 1068 2407 1135 recedente,
2458 1070 2527 1124 ad
2578 1069 2941 1140 alienigenas
2991 1068 3173 1140 loqui.
3209 1071 3272 1125 In
3319 1076 3526 1140 quarto
3572 1070 3732 1124 enim

2081 1157 2416 1228 Regnorum
2476 1158 2625 1214 libro
2682 1158 3079 1214 invenimus“
3131 1158 3287 1213 hunc
3337 1159 3527 1214 Achaz
3574 1158 3731 1229 quod

2082 1252 2305 1302 rectum
2341 1254 2494 1303 esset
2523 1247 2582 1302 in
2615 1248 2802 1303 oculis
2846 1246 3101 1317 Domini,
3133 1247 3190 1301 id
3222 1263 3595 1319 nequaquam
3629 1264 3731 1319 pe-

2082 1338 2303 1409 regisse
2336 1354 2349 1391 :
2382 1337 2598 1409 quippe
2632 1339 2777 1394 597
2814 1337 3001 1391 ﬁlium
3041 1352 3215 1392 suum
3248 1353 3351 1408 per
3380 1337 3574 1411 ignem
3608 1342 3732 1393 tra-

2081 1426 2332 1481 ducebat
2372 1428 2546 1498 juxta
2592 1426 2857 1498 gentium
2907 1426 3395 1491 abominationes,
3426 1427 3732 1482 offerebat-

2081 1532 2195 1587 que
2226 1516 2529 1582 sacriﬁcia,
2563 1522 2619 1571 et
2667 1517 2724 1570 in
2760 1514 3003 1571 excelsis
3046 1515 3335 1571 adolebat.
3374 1514 3473 1570 llic
3503 1532 3735 1586 quoque

2081 1619 2286 1659 aurum
2332 1608 2388 1659 et
2435 1610 2744 1677 argentum
2794 1622 2824 1658 e
2878 1604 3175 1659 thesauris
3231 1604 3443 1659 domus
3504 1605 3732 1660 Domini

2082 1692 2243 1747 misit
2292 1694 2363 1747 ad
2411 1694 2785 1764 Assyriorum
2828 1710 3024 1764 regem
3058 1710 3071 1748 :
3105 1694 3261 1749 unde
3308 1710 3377 1749 ea
3424 1710 3550 1765 quae
3581 1694 3736 1750 circa

2082 1799 2283 1838 sacras
2342 1781 2617 1854 pecunias
2669 1781 2930 1838 admissa
2977 1783 3170 1837 fuerat
3225 1782 3521 1855 impietas,
3556 1799 3736 1853 parva

2080 1887 2194 1926 non
2229 1871 2411 1927 fuisse
2441 1876 2901 1927 demonstratur.
2936 1871 3137 1927 Diruto
3166 1870 3366 1943 itaque
3399 1871 3735 1943 principatu

2080 1960 2367 2032 improbo,
2400 1961 2642 2017 verbum
2673 1961 2740 2015 ﬁt
2786 1961 3068 2015 adversus
3098 1958 3476 2031 alienigenas.
3509 1959 3731 2016 Alieni-

2078 2065 2238 2122 gena
2271 2054 2468 2105 autem
2500 2050 2734 2122 proprie
2763 2049 3043 2105 dicuntur
3070 2048 3413 2119 Pbilisthaei,
3446 2065 3595 2121 quos
3625 2065 3733 2105 no-

2081 2138 2311 2220 minent
2341 2137 2522 2194 Graeci
2553 2138 2917 2195 Palastinos.

2151 2317 2276 2373 287.
2312 2316 2627 2373 Sciendum
2661 2321 2879 2380 autem.
2896 2321 2987 2373 est
3031 2319 3159 2373 tum
3191 2316 3317 2372 ﬁeri
3346 2316 3589 2372 verbum
3624 2317 3735 2373 Do-

2084 2406 2229 2462 mini
2254 2406 2312 2462 in
2340 2408 2532 2476 nobis,
2561 2424 2695 2462 eum
2719 2410 3022 2478 peccatum
3047 2406 3201 2477 quod
3226 2405 3283 2459 in
3307 2409 3511 2461 nostra
3530 2405 3737 2461 unius-

2083 2496 2374 2568 cujusque
2398 2497 2516 2553 vita
2545 2496 2908 2560 dominatur,
2934 2496 2992 2551 in
3014 2494 3247 2551 mortali
3271 2500 3470 2551 nostro
3498 2511 3741 2567 corpore

2085 2590 2385 2640 mortuum
2438 2583 2634 2640 fuerit.
2667 2588 2835 2639 Forte
2882 2584 3041 2640 enim
3089 2586 3394 2655 peccatum
3436 2583 3741 2655 quodlibet

2085 2672 2538 2730 similitudinem
2596 2675 2914 2746 quamdam
2969 2678 3027 2729 et
3072 2672 3515 2743 congruentiam
3566 2672 3743 2730 habet

2084 2780 2217 2818 cum
2253 2779 2610 2835 unoquoque
2639 2779 2842 2819 eorum
2893 2778 3122 2836 regum,
3155 2763 3255 2833 qui
3296 2762 3739 2834 reprehendun-

2084 2857 2182 2909 tur
2211 2853 2269 2908 in
2305 2852 2645 2925 Scripturis,
2679 2852 2899 2924 quique
2929 2851 3355 2923 vituperatione
3385 2851 3552 2924 digni
3598 2856 3742 2907 sunt

2086 2941 2327 2997 omnino
2361 2959 2374 2996 :
2407 2958 2658 3013 quorum
2711 2940 2952 2996 nomina
2998 2940 3155 2995 haud
3207 2957 3337 2995 raro
3383 2940 3741 3011 detegantur

2086 3047 2190 3103 per
2232 3035 2412 3085 totam
2458 3030 2844 3101 Scripturam.
2878 3028 3139 3101 Exempli
3183 3044 3379 3096 causa,
3411 3027 3735 3085 etiamnum

2084 3119 2277 3175 Acbaz
2296 3117 2757 3190 interpretantur
2778 3117 3015 3173 nomine
3033 3116 3389 3187 detentzonis,
3405 3117 3558 3187 quod
3584 3134 3739 3191 sym-

2083 3207 2282 3263 bolum
2314 3205 2393 3261 sit
2423 3206 2582 3278 pravi
2606 3205 2920 3278 dogmatis,
2940 3205 3095 3277 quod
3120 3210 3488 3277 praeoccupat
3509 3205 3741 3261 animas

319 3295 382 3350 τὸ
413 3272 685 3371 θεωρῆσαι
728 3291 792 3349 τὸ
820 3293 959 3348 κοιτὸ⁸
997 3297 1103 3347 τῶν
1150 3272 1483 3372 ἀλλοφύλων
1528 3294 1701 3372 ῥῆμα.
1751 3296 1812 3354 Ὀ
1874 3272 1969 3370 μὶν

2095 3301 2317 3352 nostras
2365 3299 2423 3350 et
2469 3293 2694 3349 detinet
2724 3310 2738 3351 :
2774 3311 2891 3366 quo
2940 3300 3195 3363 mortuo,
3227 3293 3428 3350 anima
3475 3299 3677 3350 nostra
3707 3312 3742 3350 a

324 3382 414 3438 οὖν
474 3381 773 3458 πρόχειρος
833 3385 959 3444 νοῦς
1033 3381 1190 3443 οὗτός
1247 3380 1398 3437 ἐστι·
1459 3385 1549 3453 Μὴ
1609 3385 1976 3464 εὐφραίνεσθε,

320 3475 514 3534 πάντες
584 3469 896 3549 ἀλλόφυλοι
932 3489 946 3503 ’
1006 3465 1292 3546 συνετρίϐη
1368 3473 1470 3548 γὰρ
1556 3475 1585 3529 6
1641 3476 1796 3551 ζυγὸς
1880 3479 1977 3529 τοῦ

318 3561 572 3623 παίοντος
631 3559 794 3634 ὑμᾶς.
847 3560 936 3630 Μὴ
994 3558 1280 3632 νομίσητε,
1335 3557 1379 3614 ὦ
1442 3560 1811 3635 Φυλιστιαῖοι,
1872 3564 1979 3634 δτι,

324 3646 694 3713 ἀποθανόντος
723 3651 823 3703 τοῦ
855 3646 1052 3723 Ἀχὰζ,
1085 3645 1360 3723 ἐλεύθεροι
1403 3651 1696 3725 γενήσεσθε
1732 3656 1830 3707 τοῦ
1862 3651 1979 3706 ἐπι-

324 3737 583 3810 ηιμὲνου
620 3736 747 3808 ὑμῖν
790 3731 965 3809 φόϐου
995 3736 1100 3791 ἀπὸ
1129 3738 1241 3810 (81)
1288 3740 1386 3792 τοῦ
1440 3737 1681 3815 Ἰσραήλ·
1713 3739 1851 3797 ὥστε
1902 3742 1979 3812 μὴ

330 3823 679 3903 εὐφραίνεσθε
709 3823 908 3907 ἐπὶτῷ
964 3825 1218 3898 πτώματι
1274 3830 1372 3880 τοῦ
1433 3826 1724 3902 βασιλέως.
1758 3828 1823 3887 Εἰ
1879 3829 1981 3907 γὰρ

330 3912 421 3971 καὶ
481 3906 768 3988 συνετρίϐη
806 3912 833 3967 6
867 3911 1046 3988 ζυγὸς,
1076 3912 1350 3968 τουτέστιν
1411 3917 1446 3985 ἠ
1508 3912 1750 3987 δουλεία,
1785 3920 1820 3987 ἢ
1872 3918 1985 3973 ἔπι-

330 3999 556 4076 κειμὲνη
615 4000 741 4074 ὑμῖν
804 4002 949 4075 παρὰ
1003 4006 1112 4055 τῶν
1160 4003 1612 4059 καταπατούντων
1681 4007 1822 4078 ὑμᾶς
1893 4007 1985 4062 καὶ

338 4087 745 4167 μαστιγούντων
780 4086 870 4145 διὰ
898 4096 998 4160 τῆς
1031 4087 1363 4162 δυναστείας,
1396 4090 1524 4148 ἀλλ’
1552 4091 1704 4167 ὅμως
1734 4092 1796 4150 ἐκ
1824 4095 1989 4172 σπερ-

335 4200 504 4256 ματος
539 4174 716 4257 ὄφεων
764 4177 1093 4250 ἐξελεύσεται
1153 4174 1342 4258 ἔκγονα
1399 4179 1659 4241 ἀσπίδων.
1700 4184 1813 4253 Τήν
1871 4182 1987 4240 δια-

337 4268 514 4345 δοχὴν
545 4271 644 4322 τοτὸ
677 4267 855 4344 ’Δχὰζ
909 4268 1185 4342 σημαίνει·
1221 4270 1302 4325 δτι
1357 4269 1407 4325 εἴ
1454 4266 1629 4349 ὄφεως
1665 4273 1823 4336 οὗτος
1877 4275 1992 4350 εἶχε

333 4354 581 4433 πικρίαν,
617 4354 707 4411 καὶ
741 4353 830 4411 διά
857 4360 1019 4412 τοῦτο
1048 4357 1363 4434 ἐπιχαίρετε
1402 4358 1566 4414 αὐτοῦ
1622 4366 1701 4435 τῷ
1757 4363 1991 4437 θανάτφο

336 4446 690 4532 ἀναστήσεται
750 4443 831 4523 ἐφ’
866 4446 1005 4519 ὑμᾶς
1062 4446 1121 4501 ἐκ
1165 4451 1261 4502 τοῦ
1304 4448 1612 4525 σπέρματος
1664 4456 1763 4506 τοῦ
1820 4448 1994 4532 ὄφεως

333 4535 534 4593 τούτου
565 4529 763 4610 ἔκγονα
793 4532 1053 4606 ἀσπίδων,
1086 4537 1173 4591 καὶ
1208 4535 1373 4592 πάλιν
1420 4538 1484 4592 τὰ
1534 4536 1746 4594 ἐκείνων
1801 4529 2000 4617 ἔκγονα

2087 3384 2386 3439 detinente
2415 3381 2478 3439 se
2511 3383 2776 3452 liberata,
2809 3382 3061 3439 efﬁcitur
3099 3383 3313 3438 idonea
3341 3400 3468 3455 quae
3496 3384 3741 3439 verbum

2088 3473 2231 3527 illud
2269 3474 2424 3544 quod
2465 3472 2748 3527 adversus
2779 3471 3142 3543 alienigenas
3173 3473 3257 3535 ﬁt,
3291 3472 3741 3545 contempletur.

2089 3562 2292 3633 Itaque
2322 3561 2416 3616 hic
2463 3565 2555 3615 est
2586 3576 2798 3616 sensus
2840 3559 3047 3614 obvius
3077 3575 3091 3615 :
3125 3559 3201 3615 Ne
3243 3560 3534 3631 laetemini,
3561 3576 3747 3616 omnes

2090 3650 2452 3718 alienigenae,-
2481 3651 2785 3704 eonm’tum
2814 3657 2891 3704 est
2940 3649 3092 3704 enim
3127 3649 3330 3720 jugum
3374 3650 3744 3722 percutientis

2089 3756 2199 3795 vos.
2234 3739 2316 3794 Ne
2347 3738 2714 3805 existimetis,
2747 3754 2780 3793 o
2821 3736 3125 3803 Pbilistaai,
3157 3754 3277 3805 vos,
3310 3737 3535 3797 Acbazo
3585 3754 3742 3792 mor-

2091 3833 2214 3899 tuo,
2244 3845 2276 3883 a
2306 3827 2518 3882 timore
2550 3827 2650 3898 qui
2691 3826 2856 3883 vobis
2905 3826 2977 3881 ab
3026 3826 3237 3882 Israele
3286 3827 3590 3898 incutitur,
3626 3829 3744 3882 fore

2093 3917 2392 3973 immunes
2418 3934 2431 3972 :
2461 3916 2846 3988 quamobrem
2877 3932 2949 3971 ne
2977 3914 3252 3971 laetemini
3282 3916 3355 3971 de
3386 3917 3536 3987 regis
3564 3916 3744 3971 inter-

2095 4010 2202 4063 itu.
2236 4005 2359 4062 Etsi
2388 4004 2547 4061 enim
2579 4004 2897 4061 contritum
2932 4006 3270 4077 estjugum,
3302 4004 3413 4061 hoc
3443 4011 3533 4061 est
3561 4005 3740 4062 servi-

2096 4101 2216 4162 tus,
2246 4112 2374 4167 qua)
2404 4094 2567 4149 vobis
2599 4093 2709 4149 fuit
2736 4093 3016 4165 imposita
3046 4112 3079 4148 a
3109 4093 3594 4150 conculcantibus
3622 4111 3747 4155 vos,

2099 4189 2157 4240 et
2186 4201 2290 4257 pro
2338 4200 2445 4238 sua
2494 4183 2840 4238 auctoritate
2887 4181 3088 4255 ﬂagris
3135 4184 3515 4251 cadentibus,
3548 4188 3749 4238 tamen

2102 4291 2172 4329 ex
2201 4272 2425 4328 semine
2464 4277 2804 4343 serpentum
2834 4271 3211 4343 egrediantur
3232 4273 3384 4328 fetus
3415 4271 3750 4344 aspeidum.

2104 4361 2317 4419 Acbazi
2350 4360 2746 4435 posteritatem
2779 4360 3092 4432 signiﬁcat.
3125 4362 3288 4426 Quod
3333 4361 3382 4416 si
3427 4361 3519 4416 hic
3547 4358 3756 4416 habuit

2106 4451 2397 4524 serpentis
2427 4449 2908 4516 amaritudinem,
2932 4449 3004 4505 ob
3035 4450 3210 4523 idque
3238 4450 3536 4507 insultalis
3566 4449 3758 4522 ipsius

2111 4542 2306 4609 morti,
2339 4541 2603 4613 insurget
2652 4539 2710 4594 in
2740 4556 2843 4593 vos
2874 4555 2941 4594 ex
2972 4539 3151 4610 hujus
3199 4540 3490 4611 serpentis
3537 4538 3763 4596 semine
3862 4565 3877 4577 -

338 4622 672 4697 ὶξελεύσεται
703 4624 838 4698 (82).
869 4624 939 4679 Τὸ
970 4626 1162 4700 πικρὸν
1194 4632 1294 4696 τῆς
1327 4623 1597 4704 διαδοχῆς
1645 4633 1751 4685 τῶν
1803 4629 1980 4710 ἇφεξῆι

2106 4630 2335 4689 soboles
2358 4628 2629 4701 aspidum
2657 4644 2670 4683 :
2695 4633 2752 4683 et
2773 4645 2982 4684 rursus
3007 4629 3262 4699 prodibit
3281 4629 3517 4685 illarum
3544 4626 3761 4701 proles.

346 4710 741 4788 βασιλευόντων
776 4713 804 4767 6
844 4711 1008 4791 λόγος
1063 4714 1125 4769 ἒκ
1178 4713 1373 4770 τούτου
1422 4716 1761 4794 παρίστησιν.
1806 4720 1998 4776 Ἀσπί-

345 4798 433 4865 δες
460 4799 565 4877 γὰρ
598 4795 830 4873 ἔσονται,
864 4802 1019 4878 φησὶ,
1047 4802 1369 4879 πετόμεναι,
1401 4806 1491 4861 καὶ
1529 4808 1592 4862 τὸ
1634 4801 1855 4864 ἰοϐόλον
1887 4816 1996 4867 τῶν

345 4890 582 4965 ἑρπετῶν
639 4884 865 4965 ἔχουσαι
925 4892 1012 4946 καὶ
1071 4894 1137 4948 τὸ
1188 4894 1331 4969 ταχὺ
1399 4899 1508 4951 τῶν
1565 4902 1808 4966 πτηνῶν.
1867 4901 1997 4957 Εἶτα

347 4975 536 5047 ἐπειδὴ
632 4976 933 5043 ἀκολουθία
958 4983 1059 5050 τῆς
1109 4981 1457 5059 γενεαλογίας
1503 4984 1591 5039 ἐπὶ
1647 4987 1742 5042 τὸν
1794 4988 1999 5065 Κύριον

347 5065 522 5145 φὲρει,
557 5063 821 5142 διακόψας
877 5069 905 5124 6
953 5067 1119 5147 λόγος
1164 5072 1227 5127 τὸ
1271 5073 1515 5149 συνεχὶς,
1553 5063 1889 5148 μεταϐαίνει.
1920 5080 2004 5134 ἐπ’

419 5184 464 5219 ’τ’
493 5185 542 5241 II
570 5183 760 5241 Paral.
794 5203 949 5257 xxvr,
984 5189 1051 5243 16
1080 5205 1211 5262 sqq.
1288 5190 1334 5225 ⁷³
1363 5191 1436 5246 IV
1468 5191 1610 5264 Reg.
1643 5209 1761 5264 xvr,
1790 5195 1826 5249 2
1854 5213 1985 5269 sqq.

570 5299 809 5382 ᾗςξίὶιιιιξὶ
843 5305 961 5382 tres
991 5303 1150 5382 libri,
1182 5302 1552 5382 φανεροῦνται.

424 5367 536 5502 (78g
568 5367 745 5454 Editi;
771 5367 1044 5502 διήὶἓιγεν.
1077 5367 1149 5433 At
1179 5367 1430 5461 quatuor
1463 5394 1629 5442 mss.,
1657 5373 1869 5461 διῆγεν.

424 5442 514 5502 (79
566 5441 740 5502 Edltl.
774 5443 826 5497 οἱ
924 5444 1141 5502 λληνες.
1178 5454 1349 5502 Deest
1385 5468 1444 5502 1n
1486 5454 1706 5502 nostris
1739 5468 1869 5502 mss

356 5441 740 5571 ὶὶοςῗέἐὲἀίιὶ,
774 5443 826 5497 οἱ
850 5441 1141 5517 Ἕλληνες.
1178 5441 1349 5507 ὁθοεΐ.
1385 5451 1444 5505 in
1486 5441 1706 5506 nostris
1739 5441 1881 5509 mss.
1914 5470 2008 5511 ar-

424 5587 535 5665 (80_)
565 5585 745 5665 Editi,
788 5586 874 5665 ,ng
920 5587 1107 5646 πολλά
1151 5591 1237 5649 τά.
1264 5594 1352 5665 ΑΜΔ
1382 5598 1629 5665 quatuor
1670 5610 1838 5665 mss_.,
1870 5594 2010 5651 πολ-

356 5652 536 5783 ζιέιχοῦ
563 5655 650 5717 τά.
678 5652 886 5721 statim
913 5668 1034 5721 tres
1067 5680 1232 5736 mss.,
1266 5652 1553 5737 δηλόῦται.
1583 5666 1758 5737 Editi,
1780 5652 2014 5738 δηλοῦν·

2106 4722 2214 4777 Per
2242 4720 2401 4775 hunc
2442 4718 2743 4790 Scriptura
2772 4717 3027 4772 ostendit
3072 4734 3338 4775 amaram
3388 4719 3511 4774 fore
3558 4731 3766 4789 regum

2110 4809 2480 4883 sequentiam
2515 4806 2972 4863 successionem.
3006 4806 3298 4863 Volabunt
3334 4809 3517 4878 enim,
3547 4804 3767 4877 inquit,

2111 4898 2370 4971 aspidas,
2388 4896 2811 4968 reptiliumque
2828 4912 3137 4964 venenum,
3157 4902 3215 4953 et
3228 4894 3555 4953 volatilium
3576 4892 3769 4967 perni-

2112 4990 2348 5045 citatem
2400 4985 2721 5041 habebunt.
2747 4983 2966 5040 Deinde
3000 4985 3276 5056 quoniam
3327 4986 3399 5042 ad
3450 4982 3768 5041 Dominum

2114 5078 2368 5153 pertinet
2396 5072 2748 5148 genealogis
2777 5075 2981 5144 series,
2996 5075 3315 5147 Scriptura,
3330 5072 3773 5132 continuatione

2189 5308 2300 5381 (81)
2330 5305 2568 5381 Codices
2591 5304 2740 5381 _duo,
2771 5302 2895 5359 ὑπὸ.
2923 5304 2993 5381 In
3015 5304 3172 5360 Colb.
3206 5306 3500 5381 primo,_in
3532 5322 3644 5376 quo
3678 5319 3775 5374 pa-

2117 5377 2291 5454 ginas
2318 5379 2544 5454 aliquot
2574 5377 2778 5454 deesse
2804 5380 3247 5454 notavimu§,_et
3275 5379 3330 5454 in
3358 5378 3776 5454 aliis-quatuor

2119 5444 2319 5511 Statim
2374 5444 2607 5520 legitur,
2640 5448 2674 5515 ἡ
2703 5444 3068 5521 ἐπικειμένη.
3100 5449 3273 5521 Editi,
3305 5444 3613 5521 ἆκκειμὲνη.
3656 5447 3776 5521 Nec

2120 5528 2197 5580 ita
2230 5514 2592 5593 multovppst
2621 5514 2783 5593 editi,
2816 5514 2989 5593 ὄφεως
3029 5514 3466 5587 ἐξελεύσονται..ξ
3496 5514 3773 5592 Αίίᾳυίῑι-

2121 5614 2234 5670 que
2267 5612 2436 5670 mss.,
2463 5587 2641 5668 ⁷ὄφεων
2675 5587 3025 5670 ἐξελεύσεται.

2195 5670 2308 5743 (82)
2337 5667 2431 5722 Sic
2465 5658 2609 5722 mss.
2640 5677 2863 5720 omnes.
2898 5663 3077 5732 Editi,
3106 5662 3173 5719 τὰ
3220 5660 3427 5720 ἐκείνου
3470 5658 3667 5739 ἔκγονα
3695 5658 3775 5734 ἐξ·

2154 5739 2458 5797 λεύσονται.

2126 5739 2458 5797 ελεύσονται.
