4150 6390
320 364 440 424 623

1259 350 1658 416 APPENDIX
1699 347 2028 410 OPERUM
2075 347 2140 409 Β.
2188 347 2474 411 BASILlI
2517 349 2796 412 MAGNI.

3631 357 3752 420 624

322 492 605 552 orationis
652 490 952 560 intercisa,
982 487 1193 545 transit
1226 488 1298 542 ab
1337 485 1552 541 bonam
1605 479 1976 554 pollicitatio-

2102 476 2297 552 Ξιγαθήν
2347 478 2695 556 ἐπαγγελίαν.
2758 485 3199 554 Βοσκηθήσονται
3250 486 3361 560 (83)
3419 485 3542 561 γὰρ,
3592 489 3749 564 φησὶ,

324 601 482 641 nem.
531 583 832 637 Pascentur
883 578 1061 645 enim,
1110 575 1325 648 inquit,
1355 587 1629 646 pauperes
1679 586 1783 643 per
1836 584 1980 624 eum.

324 671 541 745 Ecquis
565 674 652 728 est
679 670 778 742 qui
801 668 990 742 pascit
1013 663 1454 739 pauperes,nisi
1477 665 1678 733 pastor
1697 658 1892 715 ovium
1911 657 1986 711 7‘?

327 763 627 821 Mendicos
661 764 850 815 autem
887 757 1028 812 dicit
1060 771 1173 810 non
1207 770 1304 810 eos
1335 751 1434 824 qui
1467 748 1733 823 pecuniis
1764 751 1982 813 carent,

332 855 434 910 sed
466 869 562 908 eos
585 849 685 922 qui
718 847 932 903 mentis
963 850 1103 900 sunt
1131 844 1356 915 inopes.
1381 841 1664 896 Hiautem
1700 853 1986 909 pauperes

333 942 434 1014 qui
466 939 856 1012 praedicantur
886 935 958 990 ab
1008 935 1136 1006 ipso
1177 932 1423 988 Domino
1455 928 1610 985 beati
1642 927 1746 998 (ait
1775 926 1934 982 enim
1969 941 1981 980 :

333 1033 491 1087 Beati
526 1041 796 1100 pauperes
824 1026 1027 1097 spiritu
1046 1023 1133 1092 ⁷⁵),
1165 1024 1227 1078 In
1270 1035 1405 1093 pace
1450 1019 1807 1090 rcquiescent,
1838 1016 1988 1085 fama

330 1135 456 1176 vero
505 1116 795 1187 interﬁciet
832 1129 1017 1169 semen
1064 1121 1241 1168 tuum.
1276 1107 1596 1181 Disperibit
1647 1106 1801 1161 fame
1848 1103 1986 1158 alie-

333 1210 683 1281 nigenarum
717 1220 938 1268 semen,
973 1205 1030 1258 et
1070 1199 1330 1272 reliquias
1362 1213 1563 1254 eorum
1597 1212 1626 1251 e
1654 1194 1844 1251 medio
1873 1191 1985 1248 tol-

330 1300 546 1354 lentur.

400 1387 526 1440 288.
556 1385 664 1450 Qui
704 1381 900 1455 pravis
951 1380 1295 1436 nutriuntur
1325 1374 1718 1440 sermonibus,
1755 1372 1792 1427 ii
1825 1370 1988 1427 addi-

331 1480 548 1532 cuntur
576 1470 904 1538 esuritioni,
930 1471 999 1524 ad
1025 1469 1357 1524 animarum
1381 1480 1624 1520 suarum
1653 1462 1988 1518 utilitatem.

331 1571 479 1621 Nam
516 1561 781 1636 magistri
810 1577 907 1616 eos
940 1560 1008 1614 ad
1036 1557 1356 1630 nequitiam
1378 1553 1727 1609 instruentis
1747 1549 1994 1623 penuria

333 1656 496 1711 bene
528 1649 866 1708 habitudini
899 1648 1111 1704 animae
1152 1644 1519 1701 occasionem
1567 1642 1783 1714 praebet
1812 1645 1869 1696 et
1898 1656 1991 1694 sa-

334 1743 467 1800 luti.
489 1742 654 1797 Hunc
677 1745 873 1795 autem
899 1751 1141 1792 sensum
1160 1733 1416 1805 recipere
1435 1736 1625 1804 potest
1645 1730 1844 1785 isthasc
1865 1744 1993 1784 sen-

2092 568 2309 642 πτωχοὶ
2344 565 2415 622 δι’
2447 569 2630 627 αὐτοῦ.
2666 572 2764 633 Τίς
2815 572 2959 627 ἔστιν
2997 574 3025 627 6
3055 573 3267 648 βόσκων
3317 574 3604 651 πτωχοὺς,
3648 577 3683 647 ἢ
3725 579 3753 633 6

2093 657 2303 728 ποιμὴν
2354 662 2461 712 τῶν
2525 655 2852 734 προϐάτων;
2888 662 3155 738 Πτωχοὺς
3204 661 3261 719 δὲ
3319 663 3381 719 ού
3433 665 3561 728 τοὺς
3617 669 3755 723 κατά

2095 747 2360 821 χρήματα
2392 745 2589 811 ἐνδεεῖς
2625 749 2791 826 λέγει,
2827 749 2973 806 ἀλλά
3001 751 3129 815 τοὺς
3187 758 3254 828 τῇ
3306 753 3520 827 διανοίᾳ
3575 755 3755 826 ἠλατ-

2094 834 2394 906 τωμένους.
2431 838 2600 893 Οὗτοι
2632 837 2689 893 δὲ
2720 839 2770 893 οί
2804 841 3044 916 πτωχοὶ,
3081 843 3133 896 οἱ
3181 845 3306 918 παρ’
3351 844 3517 898 αὐτοῦ
3580 867 3756 917 μακα-

2097 924 2374 997 ριζόμενοι
2424 931 2522 980 τοῦ
2584 928 2782 1003 Κυρίου
2835 931 3128 1005 (Μακάριοι
3186 932 3310 1007 γὰρ,
3337 933 3500 1010 φησὶν
3537 937 3672 1006 (84),
3705 936 3758 989 οἱ

2095 1014 2315 1088 πτωχοὶ
2397 1018 2479 1087 τῷ
2565 1018 2874 1092 πνεύματι),
2925 1021 3045 1075 Ἐπ’
3125 1019 3349 1096 εἶ’ρήνης
3425 1022 3760 1083 ἀναπαύσον,

2095 1123 2204 1175 ται,
2237 1102 2422 1158 ἀνεΛεῖ
2476 1101 2532 1158 δὲ
2583 1103 2736 1177 λιμῷ
2793 1108 2854 1162 τὸ
2909 1109 3126 1182 σπέρμα
3183 1130 3299 1166 σου.
3333 1113 3454 1166 Τῶν
3507 1110 3757 1190 ἀλλοφύ-

2098 1189 2210 1246 λων
2258 1193 2322 1246 τὸ
2367 1192 2582 1267 σπέρμα
2627 1194 2777 1267 λιμῷ
2830 1193 3280 1274 διαφθαρήσεται,
3331 1199 3422 1253 καὶ
3470 1201 3533 1254 τὸ
3586 1189 3756 1256 κατά-

2100 1278 2315 1353 λειμμα
2344 1281 2519 1336 αὐτῶν
2554 1283 2989 1358 ἀναιρεθήσεται.

2171 1373 2297 1427 288.
2331 1371 2398 1428 Οἱ
2427 1372 2530 1426 ὑπὸ
2561 1379 2818 1450 πονηρῶν
2861 1374 3187 1450 τρεφόμενοι
3239 1375 3445 1452 λόγων,
3480 1379 3563 1433 ἐπ’
3608 1379 3750 1458 ὠφε-

2102 1457 2224 1531 λείᾳ
2251 1463 2356 1514 τῶν
2404 1463 2598 1536 ψυχῶν
2654 1461 2806 1536 λιμῷ
2865 1463 3273 1538 παραδίδονται.
3309 1467 3370 1522 Ἡ
3432 1469 3536 1544 γὰρ
3587 1457 3753 1524 ἔνδεια

2101 1553 2197 1603 τοῦ
2256 1549 2390 1620 πρὸς
2417 1551 2478 1604 τὸ
2509 1553 2672 1606 κακὸν
2734 1551 3112 1629 ἒφοδιάζοντος
3174 1555 3370 1620 αὐτοὺς
3426 1554 3753 1613 διδασκάλου

2104 1638 2326 1714 ἀφορμή
2359 1639 2497 1713 πρὸς
2529 1639 2726 1710 εὐεξίαν
2761 1647 2867 1695 τῶν
2898 1645 3090 1719 ψυχῶν
3138 1643 3228 1698 καὶ
3288 1644 3560 1720 σωτηρίαν
3616 1645 3760 1722 γίνε-

2101 1746 2210 1782 ται.
2240 1727 2398 1784 Οὕτω
2456 1725 2514 1782 δὲ
2572 1726 2822 1785 ἐκλαϐεῖν
2867 1734 2982 1807 (85)
3010 1732 3110 1802 τὴν
3169 1731 3375 1788 ἔννοιαν
3437 1733 3532 1790 τοῖ’)
3587 1735 3760 1811 ῥητοῦ

336 1833 556 1888 tentia:
594 1831 848 1886 Laetetur
881 1841 1074 1895 nemo,
1109 1840 1243 1880 eum
1269 1825 1484 1894 jugum
1513 1819 1667 1878 598
1690 1819 1846 1891 quod
1880 1817 1984 1873 sibi

2104 1812 2347 1917 δυνατόν·
2414 1819 2489 1890 μὴ
2552 1817 2894 1917 εὐφραίνοιτο
2959 1819 3152 1893 μηδεὶς
3217 1823 3245 1877 6
3303 1819 3604 1899 συντρίϐων
3662 1825 3757 1880 τὸν

337 1918 647 1986 incumbit,
696 1921 872 1989 atque
902 1933 936 1971 a
966 1913 1327 1987 percutiente
1376 1928 1438 1966 se
1485 1909 1831 1981 impositum
1879 1910 1989 1975 est,

337 2009 697 2068 contriverit.
727 2007 872 2062 Nam
908 2003 1077 2076 plaga
1122 2019 1249 2074 quae
1283 2017 1386 2073 per
1415 2014 1745 2054 sermonem
1778 1996 1994 2067 inﬂigi-

338 2103 456 2166 tur,
489 2101 545 2153 et
574 2093 941 2168 exprobratio
975 2109 1102 2164 quas
1151 2107 1253 2163 per
1284 2090 1478 2160 ipsum
1513 2087 1596 2157 lit,
1629 2087 1858 2141 caedens
1890 2084 1993 2140 lla-

336 2188 458 2261 gris
488 2191 545 2242 et
574 2185 872 2256 castigans
901 2183 1031 2252 ejus
1062 2181 1164 2252 qui
1195 2179 1399 2252 lapsus
1442 2179 1529 2232 est
1574 2174 1992 2231 conscientiam

338 2278 410 2334 ob
442 2278 698 2348 peccata,
727 2273 793 2326 fit
844 2271 1191 2343 plerumque
1219 2268 1270 2322 ei
1303 2266 1401 2338 qui
1439 2266 1564 2337 jam
1616 2265 1688 2319 ad
1738 2262 1990 2318 salutem

336 2384 440 2438 per
470 2364 766 2421 Christum
793 2363 990 2417 datam
1022 2362 1260 2415 vocatus
1281 2358 1492 2427 fuerat,
1511 2371 1656 2411 ansa
1677 2358 1734 2411 et
1762 2354 1991 2410 occasio

337 2457 408 2512 ad
425 2456 640 2527 jugum
663 2450 877 2508 Christi
899 2449 1491 2506 conterendum.Cum
1513 2444 1669 2501 enim
1693 2443 1990 2516 quispiam

336 2561 452 2600 non
474 2544 584 2598 fert
602 2539 930 2598 molestiam
951 2555 1019 2594 ex
1040 2535 1493 2610 reprehensione
1510 2539 1566 2590 et
1582 2533 1992 2605 objurgatione

338 2638 550 2702 ortam,
582 2631 772 2686 instar
801 2628 938 2700 equi
987 2631 1043 2682 et
1091 2625 1236 2681 muli
1293 2624 1590 2680 reluctans
1647 2625 1704 2676 et
1757 2619 1990 2676 rebellis

335 2723 551 2789 factus,
585 2734 765 2790 seque
795 2735 824 2772 e
849 2717 948 2773 Dei
981 2715 1236 2781 servitio,
1269 2712 1549 2779 eximens,
1583 2715 1640 2766 et
1668 2709 1990 2780 subjiciens

338 2827 400 2867 se
447 2813 700 2881 peccato,
733 2806 933 2862 laetitia
981 2805 1040 2860 in
1092 2804 1208 2859 Deo
1256 2802 1504 2858 fruenda
1551 2800 1834 2871 indignus
1881 2806 1988 2854 est.

339 2901 541 2971 Itaque
572 2897 758 2952 multo
791 2898 1029 2967 prtestat
1059 2891 1348 2964 patienter
1377 2889 1626 2944 tolerare
1657 2904 1988 2944 sermonem

335 2986 826 3059 cbjurgatorium,
851 2999 1025 3054 quam
1052 2981 1289 3052 indigne
1319 2980 1599 3035 ferentem
1624 2977 1838 3048 jugum
1860 2976 1988 3047 ejus

336 3077 437 3150 qui
466 3091 528 3131 se
550 3072 821 3146 percutit,
847 3075 1165 3126 conterere.
1191 3068 1300 3123 Sed
1322 3066 1423 3139 qui
1445 3082 1560 3122 non
1589 3064 1986 3132 eontriverint,

330 3165 450 3221 imo
482 3163 581 3236 qui
614 3161 1011 3217 visitationem
1045 3160 1116 3213 ad
1162 3156 1550 3214 erudiendum
1584 3154 1856 3209 idoneam
1889 3169 1986 3208 su-

333 3221 666 3319 stinuerint,
692 3251 750 3306 hi
783 3250 855 3305 ob
891 3247 1079 3304 cordis
1111 3245 1505 3302 humilitatem
1539 3241 1812 3315 appellati
1843 3259 1988 3314 pau-
2021 3221 2066 3288 (ἶ

333 3358 522 3415 peres,
564 3356 668 3412 per
717 3355 851 3394 eum
903 3340 1235 3409 pascentur.
1272 3334 1433 3390 Finis
1482 3332 1776 3404 siquidem
1824 3331 1988 3386 bonae

334 3430 658 3502 disciplinas
705 3427 806 3482 illa
854 3431 993 3482 sunt
1040 3441 1260 3496 pascua
1309 3421 1620 3495 promissa,
1653 3421 1724 3476 de
1772 3420 1988 3492 quibus

338 3518 606 3575 Salvator
655 3516 781 3572 ait:
822 3513 1185 3585 lngredietur,
1234 3521 1284 3568 et
1332 3510 1661 3581 egredietur,
1691 3517 1744 3564 et
1789 3525 1989 3580 pascua

336 3609 582 3666 inveniet
601 3607 665 3661 ⁷⁸.
699 3604 848 3672 Quin
880 3609 937 3659 et
975 3602 1260 3674 prepheta
1302 3600 1445 3655 dicit
1477 3615 1489 3654 :
1521 3600 1585 3655 In
1609 3600 1829 3670 pascuis
1855 3599 1988 3670 pin-

335 3699 532 3771 guibus
559 3711 790 3768 pascam
817 3709 904 3749 eos
925 3693 989 3747 ⁷⁷.
1015 3692 1216 3762 Itaque
1247 3689 1451 3760 inepes
1474 3688 1744 3744 homines
1764 3687 1823 3742 in
1848 3703 1988 3759 pace

338 3787 732 3859 requiescant,
765 3783 813 3838 si
857 3783 1030 3837 modo
1063 3797 1179 3835 non
1210 3778 1568 3851 neglexerint
1613 3777 1837 3832 Domini
1869 3776 1988 3831 dis-

338 3876 639 3948 ciplinam,
673 3889 861 3943 neque
912 3869 1108 3926 animo
1157 3867 1542 3935 conciderint,
1577 3867 1647 3921 ab
1679 3866 1806 3937 ipso
1861 3882 1986 3921 cor-

334 3965 506 4036 repti.
559 3963 763 4018 Semen
825 3963 1022 4014 autem
1085 3956 1550 4028 alienigenarum
1620 3955 1989 4011 interimetur

335 4053 510 4121 fame,
545 4067 779 4124 poenam
811 4049 882 4104 ob
925 4045 1240 4103 contritum
1284 4046 1497 4118 jugum
1530 4045 1846 4118 perferens,
1881 4044 1986 4100 ali-

331 4147 665 4198 mentorum
697 4137 965 4194 videlicet
996 4135 1326 4208 penuriam.

398 4231 524 4285 289.
557 4229 736 4284 Vsus.
770 4228 860 4295 31,
903 4227 992 4282 32.
1049 4225 1286 4291 Ululate,
1340 4227 1515 4294 porta
1567 4225 1879 4294 civitatum,
1937 4227 1988 4279 et

321 4321 558 4375 clament
589 4319 838 4374 civitates
887 4317 1149 4384 turbatae,
1181 4313 1452 4384 allophyti
1500 4328 1718 4373 omnes;
1759 4315 1892 4383 quia
1919 4313 1986 4368 ab

323 4410 584 4479 aquilone
610 4409 800 4479 fumus
827 4406 998 4473 venit,
1031 4407 1082 4458 et
1122 4418 1229 4457 non
1263 4406 1368 4468 est,
1401 4405 1460 4455 ut
1489 4403 1578 4458 sit.
1613 4402 1674 4456 Et
1720 4403 1852 4472 quid
1899 4419 1985 4458 re-

321 4497 659 4568 spondebunt
705 4511 861 4565 reges
889 4494 1187 4565 gentium?
1216 4493 1366 4562 ()uie
1413 4491 1676 4547 Dominus
1723 4492 1984 4562 fundavit

2104 1905 2447 1979 ἓπικείμενον
2508 1906 2656 1979 αὐτῷ
2715 1909 2890 1984 ζυγὸν,
2951 1911 3043 1966 τὸν
3101 1911 3405 1976 ὲπιτεθίντα
3460 1913 3607 1988 παρὰ
3659 1919 3760 1969 τοῦ

2103 1996 2358 2057 παίοντος
2389 1995 2571 2054 αὐτόν.
2605 1996 2886 2060 Πολλάκις
2915 1999 3014 2075 γὰρ
3056 2000 3325 2075 πρόφασις
3385 2000 3594 2076 γίνεταί
3650 2024 3759 2058 τινι

2103 2084 2240 2161 πρὸς
2260 2085 2322 2138 τὸ
2355 2080 2657 2160 συντρίϐειν
2689 2087 2780 2140 τὸν
2814 2091 2909 2141 τοῦ
2941 2090 3176 2163 Χριστοῦ
3239 2089 3422 2166 ζυγὸν,
3455 2087 3564 2161 ἤδη
3619 2089 3760 2163 κλη-

2105 2171 2245 2237 θέντι
2280 2173 2367 2228 ὲπὶ
2399 2175 2497 2242 τήν
2532 2175 2803 2250 σωτηρίαν
2860 2178 2959 2246 τήν
3022 2179 3072 2232 ἒν
3133 2181 3435 2252 Χριστῷ,ή
3496 2180 3602 2234 ἀπὸ
3660 2185 3760 2235 τοῦ

2103 2260 2271 2338 λόγου
2299 2261 2519 2338 πληγὴ,
2553 2264 2641 2318 καὶ
2672 2265 2699 2318 6
2732 2265 2820 2318 ἀπ’
2852 2264 3018 2321 αὐτοῦ
3068 2263 3326 2343 ἔλεγχος,
3365 2268 3636 2340 μαστίζων
3667 2270 3759 2326 καὶ

2099 2353 2352 2421 κολάζων
2384 2351 2473 2406 ἐπὶ
2502 2357 2618 2413 τοῖς
2651 2355 3068 2427 ἡμαρτημένοις
3120 2357 3231 2428 (86)
3276 2356 3376 2426 τήν
3421 2362 3517 2412 τοῦ
3567 2359 3757 2413 ἔπται-

2098 2440 2260 2504 κότος
2316 2438 2647 2511 συνείδησιν.
2684 2444 2770 2510 Μή
2803 2444 2980 2520 φέρων
3043 2445 3146 2521 γάρ
3203 2467 3286 2507 τις
3343 2446 3436 2501 τὸν
3495 2447 3600 2502 ἀπὸ
3656 2453 3758 2504 τοῦ

2101 2528 2337 2606 ἐλέγχου
2367 2527 2457 2585 καί
2486 2534 2586 2595 τῆς
2619 2530 2966 2602 ἑπιπλήξεως
3023 2532 3207 2606 πόνον,
3236 2534 3597 2612 ἀφηνιαστὴς,
3631 2537 3759 2614 τρό-

2098 2639 2199 2674 πον
2245 2618 2420 2674 ’ίππου
2479 2620 2569 2674 καὶ
2629 2621 2888 2692 ἡμιόνου,
2938 2618 3250 2696 γενόμενος,
3308 2625 3395 2679 καὶ
3457 2623 3756 2704 ἐλευθερῶν

2103 2709 2198 2782 μὶν
2232 2709 2418 2763 ἑαυτὸν
2454 2707 2558 2762 ἀπὸ
2591 2713 2688 2763 τοῦ
2729 2714 2881 2779 Θεοῦ,
2919 2707 3129 2764 δουλῶν
3167 2714 3276 2786 (87)
3309 2710 3365 2768 δὲ
3394 2719 3461 2788 τῇ
3493 2716 3757 2790 ἁμαρτίᾳ,

2099 2796 2312 2867 ἀνάξιός
2337 2795 2450 2852 ἐστι
2479 2805 2578 2866 τῆς
2611 2798 2661 2853 ἐν
2687 2803 2801 2871 Θεῷ
2832 2800 3188 2877 εὐφροσύνης.
3226 2802 3433 2876 Πολλῷ
3483 2804 3574 2859 οὖν
3628 2806 3753 2882 βίλ-

2097 2907 2236 2958 τιον,
2270 2887 2559 2962 ἀνέχεσθαι
2590 2887 2756 2963 λόγου
2787 2886 3157 2961 παιδευτικοῦ,
3193 2891 3226 2961 ἢ
3257 2890 3746 2970 δυσανασχετοῦντα

2099 2970 2400 3050 συντρίϐειν
2431 2975 2524 3031 τὸν
2576 2977 2733 3051 ζυγὸν
2794 2982 2895 3032 τοῦ
2927 2978 3182 3042 παίοντος
3238 2983 3422 3039 αὐτόν.
3457 2985 3521 3040 Οἱ
3567 2985 3744 3056 μέντοι

2103 3066 2177 3138 μὴ
2213 3066 2616 3140 συντρίψαντες,
2649 3066 2776 3122 ἀλλ’
2809 3068 3194 3142 ὑπομείναντες
3241 3073 3340 3141 τήν
3401 3071 3746 3142 παιδευτικὴν

2097 3153 2400 3228 ἐπίσκεψιν,
2451 3155 2506 3209 οἱ
2563 3152 2653 3209 διὰ
2707 3157 2806 3225 τήν
2857 3157 3178 3213 ταπείνωσιν
3236 3163 3334 3230 τῆς
3389 3161 3613 3236 καρδίας
3664 3163 3755 3218 καὶ

2097 3243 2317 3319 πτωχοὶ
2399 3244 2864 3319 χρηματίζοντες,
2924 3247 3362 3321 βοσκηοῆσονται
3436 3249 3508 3307 δι’
3563 3253 3752 3309 αὐτοῦ.

2099 3332 2274 3394 Τέλος
2304 3331 2407 3408 γὰρ
2443 3334 2650 3408 ἀγαθῆς
2703 3331 3036 3398 παιδεύσεως
3084 3340 3226 3409 νομή
3279 3339 3418 3394 ἐστιν
3478 3339 3752 3416 ἐπηγγελ-

2104 3420 2261 3494 μένη,
2318 3419 2442 3496 περὶ
2496 3423 2562 3490 ἧς
2623 3428 2783 3500 φησὶν
2844 3425 2872 3478 6
2926 3426 3142 3501 Σωτήρ,
3207 3427 3288 3482 ὅτι
3351 3427 3748 3502 Είσελεύσεται,

2097 3511 2189 3565 καὶ
2249 3507 2603 3582 ἐξελεύσεται,
2661 3511 2749 3564 καὶ
2807 3514 2984 3586 νομήν
3067 3514 3280 3587 εὑρήσει
3316 3535 3327 3548 ·
3379 3516 3469 3569 καὶ
3524 3517 3551 3570 6
3608 3537 3743 3591 προ-

2101 3601 2279 3673 φήτης
2327 3596 2383 3652 δέ
2430 3621 2616 3676 φησιν,
2665 3599 2747 3655 ὅτι
2797 3601 2884 3658 Ἐν
2929 3607 3071 3678 νομῇ
3127 3603 3274 3658 πίονι
3338 3605 3594 3680 βοσκήσω
3650 3605 3745 3660 αὐ-

2096 3687 2248 3749 τούς.
2281 3689 2442 3741 ⁸Ὠστε
2469 3688 2520 3740 οἱ
2552 3691 2770 3764 πτωχοὶ
2803 3687 3078 3766 ἅνθρωποι
3125 3691 3205 3746 ἐπ’
3239 3693 3459 3770 εἰρήνης
3510 3693 3748 3749 ἀναπαύ-

2099 3797 2306 3844 σονται,
2342 3775 2471 3831 tua»;
2508 3779 2582 3849 μὴ
2618 3777 3004 3854 ὀλιγωρήσωσι
3058 3780 3301 3844 παιδείας
3352 3782 3570 3856 Κυρίου,
3609 3781 3748 3856 μηδὲ

2099 3863 2396 3921 ίκλύωνται
2431 3865 2522 3919 ὐπ’
2545 3866 2714 3921 αὐτοῦ
2747 3865 3120 3945 ἐλεγχόμενοι.
3156 3872 3228 3925 Τὸ
3278 3869 3335 3926 δὲ
3384 3873 3599 3948 σπέρμα
3643 3878 3753 3927 τῶν

2097 3952 2429 4033 ἀλλοφύλων
2459 3951 2612 4028 λιμῷ
2645 3957 3074 4034 ἀναιρεθήσεται,
3105 3956 3260 4030 δίκην
3315 3964 3413 4015 τοῦ
3467 3962 3603 4016 κατὰ
3658 3962 3751 4018 τὸν

2100 4043 2257 4119 ζυγὸν
2315 4050 2658 4121 συντριμμοῦ
2719 4046 2918 4123 ὑπέχον
2975 4049 3074 4117 τὴν
3131 4054 3239 4104 τῶν
3316 4055 3533 4129 τροφῶν
3614 4052 3749 4106 ἀπο-

2100 4134 2237 4188 οίαν.

2097 4154 2237 4209 ριαν.

2166 4226 2292 4280 289.
2355 4221 2704 4297 Ὀλολύξατε,
2756 4223 2925 4280 πύλαι
3010 4226 3250 4295 πόλεων,
3327 4230 3416 4284 καὶ
3491 4231 3751 4306 κεκραγὲο

2094 4332 2272 4367 τωσαν
2321 4309 2516 4374 πόλεις
2574 4316 2988 4390 τεταραγμέναι,
3051 4317 3101 4370 οἱ
3162 4316 3474 4396 ἀλλόφυλοι
3535 4321 3748 4384 πάντεςο

2097 4401 2180 4456 ὅτι
2236 4401 2340 4455 ἀπὸ
2403 4401 2577 4477 βοῤῥᾶ
2629 4405 2830 4468 καπνὸς
2898 4400 3134 4481 ἕρχιται,
3195 4407 3286 4461 καὶ
3345 4407 3443 4462 οὐκ
3501 4407 3610 4463 ἔστι
3657 4411 3754 4464 τοῦ

3530 4498 3694 4561 ἐθνῶν
3731 4518 3744 4566 ;

2097 4493 2264 4546 εἶναι.
2335 4492 2439 4546 Καὶ
2507 4492 2560 4545 τί
2643 4495 3102 4567 ἀποκριθήσονται
3195 4495 3437 4571 βασιλεῖς

275 4573 284 4581 ’
321 4542 454 4643 Stion
485 4604 504 4642 :
535 4588 584 4640 et
609 4601 710 4656 per
737 4542 866 4639 eum
889 4542 1275 4637 asatvabuntur
1324 4580 1557 4636 humiles
1603 4542 1815 4652 populi.

2102 4584 2218 4637 ’Ότι
2280 4580 2482 4653 Κύριος
2540 4542 2867 4655 ἐθεμελίιύσε
2901 4542 3091 4651 ,Σιὼη
3148 4542 3238 4638 xuii
3297 4583 3363 4638 δι’
3415 4542 3584 4642 ξιύτξξ

388 4746 434 4782 7‘
462 4746 629 4803 Joan.
663 4761 720 4814 κ,
755 4743 841 4800 14.
920 4743 964 4777 ⁷⁵
992 4739 1195 4796 Matth.
1227 4757 1283 4807 ν,
1315 4741 1369 4795 3.
1447 4740 1490 4774 ⁷⁸
1519 4739 1690 4796 Joan.
1721 4758 1782 4812 x,
1811 4743 1865 4796 9.
1941 4743 1984 4778 ⁷⁷

2102 4741 2218 4798 sch.
2251 4757 2444 4810 xxxxv,
2478 4742 2566 4798 14.

382 4911 624 4986 (83)-8ἰο
653 4911 793 4980 Reg.
819 4906 1135 4986 secundus.
1168 4903 1341 4986 Editi,
1371 4903 1808 4986 βοσκηθῌήσονται
1829 4926 1972 4986 τετω-

309 4973 424 5058 χοί.
450 4973 770 5068 Aliquanto
790 4984 922 5064 post
948 4993 1089 5034 mss.
1117 4973 1399 5049 quinque,
1425 4973 1624 5039 ἐνδεεῖς
1659 4975 1822 5051 λέγει.
1848 4983 1972 5035 Vox

311 5055 458 5111 Λέγει
492 5073 553 5110 1n
579 5057 756 5111 edltiB
783 5050 1250 5108 desiderabatur.

377 5075 458 5108 γει
492 5073 553 5108 1n
579 5072 756 5108 θαιιιε
783 5072 1250 5108 αθειαϐῐνιυιιιυιτ.

381 5075 458 5130 γει
492 5075 553 5110 1n
579 5075 756 5111 θαιιιε
783 5075 1250 5108 αεειιιθωυιιιυι-.

381 5129 493 5194 (84)
525 5127 626 5181 Ηίο
655 5142 855 5181 vocem
890 5121 1020 5194 φησί
1053 5139 1120 5194 ex
1152 5137 1267 5194 uno
1299 5119 1496 5194 codice
1531 5120 1892 5194 addidimus.

380 5181 495 5280 (85)
524 5199 698 5264 Editi,
731 5181 962 5280 γίνεται,¹
1005 5193 1093 5280 καί
1154 5190 1296 5280 οὕτω
1356 5188 1412 5244 δὲ
1467 5186 1847 5263 ἐκλαμϐάνειν.
1901 5195 1968 5249 At

291 5271 568 5341 quinque
600 5271 752 5326 mss.
778 5274 842 5324 ut
866 5271 924 5323 in
958 5271 1251 5341 contextu.

379 5333 490 5412 (86}
521 5341 757 5397 Veteres
798 5341 928 5412 libri
964 5354 1190 5412 omnes,
1224 5333 1312 5412 tiri
1344 5337 1461 5395 τοῖς
1496 5333 1873 5412 ἡμαρτηκόσι,
1901 5337 1964 5392 ob

2082 4906 2311 4982 graphi,
2354 4906 2566 4982 haheat
2623 4911 2680 4961 et
2735 4907 2872 4982 ipse
2919 4925 3174 4981 quoque,
3232 4929 3350 4968 τοις
3408 4928 3741 4982 ημαρτημε-

2080 4978 2217 5039 νοις.
2251 4978 2391 5035 Utut
2421 4978 2542 5034 haec
2588 4982 2748 5051 sunt,
2763 4978 3081 5053 “vulgatam
3131 4978 3463 5038 lectionem'
3495 4978 3745 5038 retinui-

2080 5067 2234 5106 mus.

2173 5123 2263 5201 87)
2296 5119 2590 5201 Sichms‘s.
2624 5123 2808 5201 nostri
2845 5124 2998 5201 :Aubi
3036 5142 3144 5181 vox
3194 5123 3380 5201 ἑαυτόν
3433 5125 3742 5201 subaudiri

2079 5187 2270 5248 debet.
2314 5191 2491 5275 Editi,
2535 5187 2830 5275 δουλεύων.
2868 5196 3101 5269 Optime
3133 5197 3374 5268 quidem
3412 5213 3424 5250 :
3460 5197 3561 5252 sed
3596 5215 3741 5253 mss.

2077 5282 2191 5322 non
2231 5269 2626 5320 consentiunt.

2149 5337 2432 5413 (88)_Re_g.
2485 5337 2926 5413 tertiu_s_cod_ex
2975 5340 3212 5412 optimas
3262 5344 3414 5395 nota:
3464 5339 3744 5413 idemque

299 5403 631 5486 peccatores.
681 5414 852 5481 Editi,
905 5410 989 5486 ἐπὶ
1041 5403 1652 5486 τοῖςὴμαρτημὲνοις.
1688 5408 1966 5486 Suspicor

2102 5403 2672 5486 .ntiquissi'rnus,_x_ai
2707 5406 2775 5463 δι’
2809 5403 3078 5486 αὐτοῦ,’θβ
3116 5429 3213 5484 per
3236 5429 3401 5478 eum;
3438 5429 3541 5467 nec
3573 5403 3745 5470 aliter

300 5478 697 5557 typographos
728 5478 889 5556 ipsos
933 5485 1003 5538 de
1047 5499 1154 5557 suo
1187 5497 1306 5557 ριιο⁸
1323 5478 1671 5557 ἡμαρτηκόσι
1705 5478 1962 5557 edidisse

2075 5480 2374 5556 scripsere
2409 5479 2707 5556 Eusebius
2733 5487 2788 5556 et
2821 5479 3162 5555 Procdpius.
3196 5487 3267 5540 At
3297 5483 3457 5556 Regii
3512 5486 3742 5556 primus

299 5551 1012 5633 ἡμαρὲημένοιςηῬιήξιεεο
1062 5554 1221 5633 enim
1257 5551 1641 5633 videnturtid
1679 5553 1835 5633 quod
1869 5569 1960 5633 res
2071 5552 2457 5633 et‘secundus
2503 5569 2637 5633 cum
2673 5552 2831 5610 Colb.
2867 5551 3129 5612 secundo
3160 5563 3218 5613 et
3249 5551 3615 5624 cum'edi'tis,
3649 5559 3738 5611 καὶ

298 5623 593 5714 angam
623 5629 934 5714 lectiqnem
961 5628 1150 5711 magis
1181 5623 1512 5680 convenire.
1534 5627 1735 5704 .Auget
1764 5625 1960 5698 suspi-

298 5700 548 5777 cionem,
583 5705 739 5778 quod
771 5700 982 5772 Regius
1024 5700 1274 5771 primus,
1308 5712 1424 5766 quo
1459 5700 1547 5750 usi
1600 5700 1738 5754 sunt
1785 5703 1959 5771 typo-

2072 5619 2160 5677 διὰ
2205 5626 2385 5706 τοῦτο,
2421 5628 2474 5706 ες
2528 5624 2681 5706 ideo:
2705 5627 2913 5706 Statim
2944 5633 3084 5706 tres
3136 5647 3306 5698 mss.,
3338 5627 3429 5682 καὶ
3479 5619 3735 5706 κεκραγέ-

2067 5716 2262 5752 τωσαν.
2295 5683 2516 5752 Vocula
2544 5693 2635 5748 καί
2668 5695 2724 5752 in
2758 5683 3014 5773 vulgatis
3031 5683 3438 5759 “desideratur.
3527 5683 3586 5704 Μ’
