4150 6402
449 329 567 386 625

1239 323 1652 385 COMMENT.
1696 323 1774 383 IN
1821 321 2094 384 ISAIAM
2138 323 2646 387 PROPHETAM.
2693 324 2864 386 CAP.
2909 325 3068 386 XIV.

3747 325 3867 384 626

447 461 786 531 σωθήσονται
845 459 896 513 οἱ
951 456 1201 513 ταπεινοὶ
1257 461 1354 512 τοῦ
1423 453 1579 513 λαοῦ.
1635 456 1705 511 Al.
1761 454 1930 511 πύλαι
1986 476 2085 511 των

2211 459 2339 523 late,
2375 459 2590 531 inquit,
2625 464 2800 532 portae
2828 461 3137 517 civitatum.
3188 459 3319 514 Haec
3349 458 3727 516 comminatio
3762 459 3863 513 ad-

446 548 686 618 πόλεων,
747 548 936 624 φησὶν,
996 545 1316 618 ὀλολύξατε.
1374 547 1494 600 Ἔτι
1550 545 1685 620 πρὸς
1743 543 1870 609 τοὺς
1931 542 2100 600 ἁλλο-

446 638 654 718 φύλους
697 640 732 708 ἡ
783 637 1008 709 ἀπειλή.
1061 637 1162 694 Καὶ
1235 636 1639 712 κεκραγέτωσοὶν
1704 633 1896 698 πόλεις
1947 654 2099 690 τετα-

447 729 736 805 ραγμέναι.
788 735 935 798 Βοῆς
1024 724 1526 800 ἐμπλησθήτωσαν,
1578 725 1763 803 φησὶν,
1825 725 1928 779 ἀπὸ
2001 731 2101 794 τῆς

445 825 697 894 ταραχῆς
727 824 828 888 τῆς
862 817 921 872 ix
948 821 1045 872 106
1078 811 1253 892 φόϐου
1282 820 1398 877 τοῖς
1424 815 1662 870 οἰκοῦσιν
1722 813 2096 891 ἐγγινομένης.

443 906 621 962 Πύλαι
659 903 754 980 μὶν
787 903 1224 979 ὀλολυζέτωσαν,
1259 903 1350 960 διὰ
1374 905 1473 975 τήν
1528 903 1943 980 προσαγομένην
2003 925 2100 958 πο-

444 994 715 1073 λιορκίαν.
749 996 819 1052 Al
867 994 1057 1058 πόλεις
1111 993 1169 1050 δὲ
1224 995 1653 1070 κεκραγέτωσαν,
1709 997 1984 1048 τουτέστιν
2046 993 2097 1046 οἱ

442 1084 494 1140 ἐν
526 1091 646 1148 ταῖς
678 1084 871 1142 πόλεσι
899 1089 1297 1148 κατοικοῦντες.
1331 1086 1424 1153 Μή
1463 1084 1648 1157 μέντοι
1699 1080 1840 1156 μηδὲ
1880 1082 1932 1137 οἱ
1963 1080 2098 1136 κατᾶ

442 1177 541 1244 τήν
597 1175 788 1251 χώραν
827 1175 1142 1252 ἀλλόφυλοι
1208 1172 1654 1250 ἡσυχαζέτωσαν.
1710 1174 1769 1230 Ὀ
1825 1174 1930 1248 γὰρ
1988 1171 2094 1226 ἀπὸ

445 1265 615 1343 βορῥᾶ
643 1269 848 1330 καπνὸς
878 1266 1092 1323 πάντων
1133 1266 1340 1340 ὁμοίως
1374 1266 1564 1340 ἅψεται
1618 1264 1833 1320 πόλεών
1891 1284 1948 1319 τε
2002 1263 2092 1318 καὶ

439 1355 723 1431 ἐγχωρίων
778 1359 916 1430 (89).
949 1356 1161 1419 Καπνὸς
1219 1356 1321 1431 γὰρ
1380 1353 1598 1430 ἔρχεται
1643 1353 1748 1408 ἀπὸ
1799 1352 1987 1429 βορῥᾶ.
2021 1353 2092 1408 Τὸ

441 1441 667 1519 ἀδρανὲς
699 1449 806 1500 τῶν
839 1442 1175 1523 ἀλλοφύλων
1206 1443 1549 1520 παρίστησιν,
1576 1440 1661 1496 ὅτι
1688 1445 1891 1497 καπνοῦ
1928 1461 2092 1519 προσ-

440 1528 618 1604 ϐολὴν
656 1534 722 1590 ού
750 1535 992 1613 φέρουσι·
1025 1538 1282 1590 τοσοῦτον
1315 1533 1582 1608 ἀπέχουσι
1611 1536 1708 1588 τοῦ
1745 1531 1808 1587 τὸ
1981 1536 2088 1606 πῦρ

437 1622 501 1678 τὸ
534 1620 638 1678 ἀπὸ
669 1629 775 1678 τῶν
827 1621 1160 1700 ἀλλοφύλων
1213 1621 1562 1696 ἐκκαιόμενον
1616 1623 1924 1695 ὑπομεῖναι.
1983 1627 2088 1676 Κα-

435 1713 568 1775 πνὸς
629 1713 734 1769 ἀπὸ
794 1713 966 1790 βορῥᾶ
1022 1711 1268 1790 ἔρχεται·
1328 1711 1416 1768 καὶ
1477 1713 1576 1767 οὐκ
1622 1708 1731 1766 ἔστι
1778 1715 1876 1765 τοῦ
1934 1710 2084 1768 εἶναι.

2211 547 2326 603 huc
2357 548 2666 622 allophylis
2697 549 3042 606 intenditur.
3092 550 3152 604 Et
3198 541 3436 604 clament
3464 550 3710 605 civitates
3744 558 3862 604 tur-

2211 637 2372 694 batae.
2405 637 2692 707 Clamore,
2727 640 2938 712 inquit,
2974 639 3380 712 compleantur
3429 657 3545 712 praa
3579 637 3858 706 tumultu,

2211 727 2309 798 qui
2343 743 2410 782 ex
2441 728 2649 783 timore
2671 729 2824 783 inter
2851 729 3076 785 incolas
3100 728 3440 785 suscitatur.
3471 727 3710 783 Ululent
3732 727 3862 799 qui-

2209 816 2342 872 dem
2374 823 2547 889 portaa
2580 823 2818 890 propter
2849 819 3216 874 obsidionem
3247 821 3585 890 susceptam
3612 836 3624 887 ;
3658 817 3859 872 civita-

2206 908 2296 962 tes
2318 923 2453 962 vero
2484 906 2758 975 clament,
2780 907 2891 963 hoc
2923 913 3034 974 est,
3055 906 3256 964 incolae
3279 907 3606 963 civitatum.
3640 910 3765 963 Imo
3787 922 3860 963 ne

2207 994 2484 1070 allophyli
2516 996 2752 1068 quidem
2786 997 2903 1052 ruri
2935 1002 2992 1052 et
3021 997 3082 1052 in
3113 998 3270 1070 agris
3300 997 3654 1063 habitantes,
3688 997 3858 1068 quia.

2206 1089 2392 1141 scant.
2425 1086 2533 1150 Qui
2563 1085 2718 1142 enim
2746 1088 2817 1143 ab
2868 1086 3143 1158 aquilone
3190 1087 3352 1142 venit
3401 1087 3621 1154 fumus,
3655 1101 3855 1142 omnes

2204 1174 2479 1231 similiter
2506 1180 2634 1232 tum
2655 1176 2916 1232 civitates
2936 1180 3062 1231 tum
3083 1177 3412 1232 rusticanos
3435 1175 3852 1248 apprehendat.

2201 1265 2286 1321 Ab
2316 1265 2591 1337 aquilone
2639 1266 2796 1322 enim
2845 1266 3001 1321 venit
3047 1267 3267 1322 fumus.
3320 1266 3488 1322 Ponit
3531 1266 3605 1321 ob
3653 1264 3854 1322 oculos

2200 1354 2660 1412 imbecillitatem
2683 1355 3108 1428 allophylorum
3138 1372 3152 1410 :
3177 1354 3392 1428 quippe
3416 1355 3561 1410 fumi
3593 1353 3852 1427 eruptio-

2201 1460 2336 1500 nem
2365 1461 2477 1502 non
2510 1445 2826 1518 perferunt,
2861 1446 3078 1501 nedum
3111 1461 3462 1502 succensum
3485 1445 3556 1500 ab
3588 1443 3852 1515 allophy-

2198 1533 2273 1590 lis
2302 1535 2500 1606 ignem
2546 1535 2896 1591 sustineant.
2944 1537 3147 1590 Fumus
3195 1535 3266 1590 ab
3294 1535 3551 1606 aquilone
3596 1535 3763 1601 venit,
3797 1538 3852 1588 et

2196 1641 2308 1680 non
2337 1629 2436 1696 est,
2467 1629 2528 1681 ut
2555 1627 2648 1680 sit.
2679 1629 2828 1695 Non,
2860 1625 3067 1696 inquit,
3101 1626 3158 1679 in
3191 1627 3509 1695 semetipso
3539 1621 3848 1692 subsistit;

2197 1731 2304 1770 nec
2334 1715 2682 1771 substantiae
2715 1731 2820 1770 neo
2850 1715 3110 1787 corporis
3141 1714 3424 1769 rationem
3457 1717 3668 1768 natura
3700 1709 3848 1766 fumi

433 1801 548 1859 Ούκ
604 1799 738 1875 ἔστι,
772 1803 1046 1882 φησὶα,ἰν
1105 1801 1393 1858 ὑποστάσει
1445 1799 1577 1873 ἰδίᾳ,
1629 1798 1757 1855 οὐδὲ
1813 1796 2085 1871 ούσιώδης

2198 1804 2476 1861 admittit.
2527 1808 2629 1861 Est
2678 1804 2835 1860 enim
2885 1821 3017 1859 acer
3065 1820 3263 1875 vapor,
3313 1819 3490 1874 quem
3536 1818 3566 1857 e
3601 1800 3847 1857 materia

431 1890 596 1946 αὐτοῦ
651 1893 739 1947 καὶ
805 1892 1248 1966 σεσωματωμένη
1311 1893 1346 1960 ἡ
1402 1889 1558 1969 φύσις
1615 1891 1650 1959 ἡ
1699 1894 1796 1945 τοῦ
1857 1895 2083 1947 καπνοῦ.

432 1979 640 2053 ’Δτμὸς
670 1983 772 2056 γάρ
805 1979 914 2035 ἐστι
973 1978 1193 2056 δριμὺς,
1227 1980 1330 2035 ὑπὸ
1377 1983 1475 2050 τῆς
1522 1984 1619 2034 τοῦ
1665 1977 1834 2053 πυρὸς
1885 1979 2082 2058 ἀναφο-

432 2073 530 2142 ρᾶς
582 2068 642 2124 ἐκ
686 2074 794 2124 τῶν
845 2070 1271 2147 ὑποτυφομένων
1317 2069 1792 2144 ἀναπεμπόμενος.
1821 2073 1937 2125 Τῶν
1989 2067 2085 2124 ἀλ-

433 2153 690 2235 λοφύλων
754 2157 857 2213 ὑπὸ
913 2155 1011 2212 τοῦ
1069 2162 1278 2213 καπνοῦ
1321 2157 1762 2232 ταρασσομένων,
1794 2156 1918 2228 ἥτις
1969 2159 2080 2232 (91)

429 2244 572 2300 ἐστὶν
627 2246 994 2309 ἀνυπόστατος
1045 2246 1222 2325 φύσις,
1255 2247 1306 2300 τί
1360 2247 1411 2302 οἱ
1465 2245 1708 2322 βασιλεῖς
1755 2250 1862 2300 τῶν
1914 2245 2080 2311 ἐθνῶν

429 2332 664 2408 ἐροῦσιν,
727 2334 777 2390 ἐν
831 2335 1021 2411 εἰρήνῃ
1074 2335 1166 2391 τὸν
1217 2335 1384 2391 τόπον
1436 2334 1657 2412 Ἰσραὴλ
1709 2337 1982 2414 ὁρῶντες;
2015 2335 2082 2395 Τί

429 2418 572 2479 ἄλλο
631 2445 710 2498 γε,
745 2424 780 2494 ἢ
841 2425 923 2480 ὅτι
983 2424 1188 2500 Κύριος
1242 2423 1572 2497 ἐθεμελίωσε
1621 2426 1720 2495 τὴν
1778 2427 1944 2495 Σιὼν,
1994 2425 2084 2480 καὶ

432 2509 503 2566 δι’
558 2514 726 2569 αὐτοῦ
783 2515 1126 2586 σωθήσονται
1192 2515 1244 2570 οἱ
1300 2514 1544 2570 ταπεινοὶ
1596 2518 1692 2569 τοῦ
1748 2513 1914 2586 λαοῦ;
1975 2515 2080 2572 Δύ-

427 2602 520 2665 τὸς
549 2601 677 2666 τοὺς
707 2603 986 2667 ἀπίστους
1020 2603 1309 2678 θεμελίους
1349 2611 1451 2674 τῆς
1500 2603 1644 2659 Σιὼν
1693 2602 1948 2677 ἐπήξατο·
1981 2605 2082 2659 αύ-

425 2690 522 2755 τὸς
547 2691 651 2768 γάρ
684 2690 796 2748 ἐστι
824 2693 1075 2770 τεγνίτης
1105 2694 1193 2748 καὶ
1245 2691 1584 2769 δημιουργὸς
1616 2693 1644 2748 ὁ
1684 2693 1814 2758 Θεὸς
1840 2699 1941 2763 τῆς
1968 2691 2080 2749 ἅνω

423 2779 659 2846 πόλεως.
691 2783 1040 2854 Σωθήσονται
1075 2779 1134 2838 δὲ
1164 2782 1218 2838 ἐν
1249 2781 1384 2857 αὐτῇ
1417 2781 1524 2858 ούχ
1565 2783 1617 2836 οἱ
1668 2779 1882 2838 δυνατοὶ
1936 2784 2080 2860 χρή-

426 2891 610 2946 μασιν,
645 2869 770 2927 οῦδὲ
801 2873 854 2926 ol
883 2871 1102 2950 ἰσχυροί
1143 2877 1224 2945 τῷ
1255 2873 1492 2947 σώματι,
1526 2869 1649 2926 οὐδὲ
1694 2872 1745 2926 οἱ
1791 2872 1860 2927 τὰ
1911 2871 2080 2927 πολε-

424 2961 559 3036 μικὰ
620 2959 1080 3036 μεμελετηκότες,
1137 2958 1261 3017 ἀλλ’
1321 2961 1388 3019 Οἱ
1446 2961 1692 3016 ταπεινοὶ
1750 2965 1849 3015 τοῦ
1918 2961 2077 3030 λαοῦ,

2195 1893 2616 1966 suifumigante
2645 1894 2933 1950 emissum
2966 1893 3075 1949 fert
3120 1891 3277 1965 ignis
3307 1908 3568 1948 sursum.
3603 1890 3764 1954 Quod
3797 1891 3843 1946 si

2190 1984 2509 2039 turbantur
2536 1982 2815 2056 allophyli
2847 1984 3028 2051 furno,
3054 1998 3179 2054 quae
3202 1984 3412 2036 natura
3441 1984 3530 2036 est
3560 1996 3675 2035 non
3705 1979 3843 2035 sub-

2191 2070 2431 2144 sistens,
2464 2073 2604 2145 quid
2645 2089 2812 2144 reges
2842 2073 3108 2144 gentium
3158 2069 3370 2126 dicturi
3419 2074 3578 2138 sunt,
3615 2067 3844 2124 lsraelis

2192 2161 2489 2235 regionem
2539 2160 2804 2218 videntes
2853 2161 2912 2217 in
2946 2163 3130 2232 pace?
3177 2159 3396 2231 Ecquid
3450 2156 3628 2227 aliud,
3664 2174 3842 2230 quam

2194 2253 2350 2325 quod
2375 2252 2635 2307 Dominus
2654 2251 2912 2323 [undavit
2936 2249 3071 2306 Sion
3090 2253 3116 2304 ?
3142 2252 3193 2305 el
3221 2265 3317 2322 per
3334 2265 3461 2305 eum
3481 2247 3847 2304 salvabunlur

2192 2341 2431 2397 humiles
2457 2341 2692 2413 populi?
2746 2342 2874 2412 Ipse
2907 2340 3294 2395 fundamenta
3345 2339 3483 2394 Sion
3513 2336 3760 2393 immota
3791 2340 3848 2393 et

2192 2429 2546 2486 inconcussa
2576 2429 2907 2486 substruxit
2938 2447 2955 2483 :
2990 2445 3126 2484 nam
3160 2429 3315 2484 Deus
3363 2427 3489 2499 ipse
3521 2427 3731 2483 artifex
3759 2430 3850 2482 est

2192 2525 2249 2576 et
2276 2520 2429 2577 599
2472 2520 2742 2576 conditor
2782 2535 3049 2590 supernas
3093 2517 3347 2573 civitatis
3367 2517 3430 2571 ⁷⁸.
3466 2515 3620 2573 Salvi
3652 2519 3848 2572 autem

2191 2609 2251 2664 in
2284 2625 2352 2664 ea
2382 2609 2524 2663 ﬁent
2557 2625 2668 2664 non
2703 2608 2804 2680 qui
2833 2607 3028 2664 valent
3061 2605 3348 2680 pecuniis,
3381 2623 3496 2662 non
3530 2605 3632 2676 qui
3663 2605 3846 2662 fortes

2191 2701 2332 2754 sunt
2363 2714 2622 2770 corpore,
2657 2714 2774 2753 non
2817 2697 2916 2769 qui
2948 2702 3088 2753 sunt
3121 2695 3180 2751 in
3213 2696 3388 2752 rebus
3432 2695 3660 2752 bellicis
3685 2711 3847 2750 exer-

2190 2786 2353 2842 citati
2388 2802 2400 2841 :
2434 2787 2557 2851 sed,
2591 2785 2804 2858 inquit,
2841 2787 3086 2843 Humiles
3111 2785 3288 2858 plebis
3310 2801 3331 2848 ;
3365 2782 3845 2857 quandoquidem

2190 2876 2426 2932 inﬁrma
2469 2875 2676 2930 mundi
2727 2874 2903 2948 elegit
2949 2876 3128 2942 Deus,
3181 2878 3246 2930 ut
3294 2891 3396 2946 per
3423 2889 3492 2930 ea
3539 2872 3845 2945 potestatis

2190 2982 2308 3022 suae
2341 2964 2740 3038 praestantiam
2772 2964 3144 3020 commendet
3163 2964 3227 3019 ⁷⁸.

427 3049 582 3124 φησί’
619 3047 761 3105 διότι
797 3051 867 3106 τὰ
896 3049 1090 3120 ἀσθενῆ
1119 3053 1216 3105 τοῦ
1246 3045 1459 3124 κόσμου
1491 3048 1764 3123 ἐξελέξατο
1796 3051 1824 3104 ὁ
1851 3051 2004 3118 Θεὸς,
2030 3048 2123 3106 ’ίνα
2153 3050 2205 3106 έν
2256 3051 2441 3114 αὐτοῖς
2490 3054 2601 3126 (92)
2658 3053 2721 3107 τὸ
2773 3047 3120 3128 ὑπερϐάλλον
3159 3056 3261 3121 τῆς
3318 3047 3596 3125 δυνάμεως
3652 3049 3844 3105 ἑαυτοῦ

312 3181 316 3184 .
425 3141 686 3212 συστήσῃ.

485 3229 616 3284 290.
650 3225 802 3297 Πλὴν
838 3225 964 3282 ἀλλ’
991 3224 1084 3282 ’ίνα
1119 3228 1257 3301 μήτε
1286 3233 1384 3297 τῆς
1421 3227 1558 3282 κατὰ
1609 3226 1834 3302 θεωρίαν
1899 3225 2073 3298 ἐξετάο

2256 3231 2382 3290 290.
2415 3232 2701 3289 Caeterum
2736 3249 2807 3288 ne
2839 3232 3079 3288 omnino
3112 3231 3464 3288 sententiam
3493 3229 3645 3286 hanc
3677 3228 3846 3286 inex-

417 3336 559 3378 σεως
615 3320 712 3371 τοῦ
771 3315 941 3393 ῥητοῦ
999 3317 1175 3388 πάντη
1237 3314 1771 3390 ἀπολιμπανώμεθα,
1833 3317 1978 3396 φέρε,
2035 3314 2088 3372 εἷ’

415 3426 534 3460 τινα
569 3403 796 3460 δυνατὸν
833 3404 893 3460 ἐκ
928 3411 1030 3476 τῆς
1058 3410 1166 3460 τῶν
1215 3405 1498 3478 ὀνομάτων
1550 3406 1842 3480 ἑρμηνείας
1890 3401 2079 3462 λαϐεῖν

420 3484 649 3568 ὁδηγίαν
682 3493 756 3556 εἷς
787 3496 886 3564 τήν
918 3498 1026 3548 τῶν
1057 3493 1372 3570 λεγομένων
1405 3494 1705 3571 περίνοιαν,
1737 3497 2081 3568 πειραθῶμεν

431 3585 560 3658 (93).
588 3585 658 3638 Τὸ
690 3583 1046 3640 Φυλιστιαῖον
1102 3581 1280 3657 ὄνομα
1318 3581 1874 3658 μεταλαμϐανόμενον
1924 3583 2080 3657 εὕρο-

434 3693 526 3745 μεν
591 3672 665 3735 εἷς
721 3674 822 3743 τήν
871 3669 1116 3730 Ἑλλάδα
1160 3671 1433 3750 γλῶσσαν,
1484 3672 1772 3738 πίπτοντες
1823 3674 2078 3746 ποτήμα-

428 3781 482 3814 τι
521 3761 653 3833 (94).
685 3763 824 3834 Ὅρα
854 3760 944 3815 οῦν
976 3761 1027 3816 εἷ’
1069 3758 1286 3817 δύνασαι
1337 3759 1720 3838 τροπολογῶν,
1747 3761 1873 3825 τοὺς
1924 3762 2083 3836 μεθύ-

432 3868 557 3910 σους
593 3849 684 3903 καὶ
723 3849 1122 3926 πορνοκόπους,
1152 3850 1282 3914 τοὺς
1331 3851 1410 3913 είς
1465 3851 1561 3915 τὰς
1617 3852 1813 3928 φιαλας
1869 3853 1959 3907 καὶ
2013 3852 2081 3908 τὰ

429 3938 669 4013 ποτήρια
728 3935 976 4001 διδόντας
1031 3940 1131 4008 τὴν
1191 3939 1392 3994 ἑαυτῶν
1451 3941 1659 4014 ψυχὴν,
1713 3939 1802 3996 καὶ
1860 3939 2078 4015 ὕστερον

429 4028 798 4105 γυμνοτᾶρους
834 4029 1034 4106 ὑπέρου
1083 4033 1535 4106 περιπατοῦντας,
1561 4031 1697 4084 κατὰ
1743 4032 1841 4099 τὴν
1893 4051 2084 4108 παροι-

433 4115 587 4191 μίαν,
639 4119 867 4181 τούτους
951 4118 1217 4193 όνομάσαι
1277 4121 1389 4194 (95)
1443 4117 1570 4182 τοὺς
1656 4118 1950 4183 πίπτοντας
2003 4123 2084 4193 τῷ

427 4208 730 4282 ποτήματι,
789 4208 1036 4264 τουτέστι
1094 4206 1164 4282 τῇ
1224 4206 1454 4285 ἀμετρίᾳ
1507 4208 1604 4263 τοῦ
1660 4209 1931 4283 πόματος.
1983 4207 2082 4268 Ηί-

427 4314 623 4352 πτουσι
681 4294 742 4354 δὶ
798 4297 948 4353 οὗτοι
1003 4300 1084 4371 τῷ
1137 4299 1442 4371 ποτήματι,
1475 4295 1565 4354 διὰ
1608 4298 1670 4354 τὸ
1721 4295 2081 4372 μὴδύνασθαι

498 4447 542 4482 ’³⁸
571 4445 745 4502 Hebr.
777 4461 856 4514 xI,
891 4444 979 4500 10.
1053 4444 1100 4482 ⁷⁸
1126 4443 1150 4500 Ι
1182 4448 1309 4502 Cor.
1342 4461 1384 4515 ι,
1414 4445 1506 4500 27.

2191 3321 2706 3393 ploratametcitra
2727 3320 3282 3393 contemplationem
3301 3320 3844 3393 praetermittamus,

2191 3411 2466 3482 agedum,
2501 3412 2550 3467 si
2590 3411 2716 3468 ﬁeri
2764 3415 2978 3482 potest,
3028 3411 3394 3467 occasionem
3439 3409 3757 3483 quamdam
3790 3414 3848 3466 et

2189 3499 2522 3555 subsidium
2545 3516 2613 3556 ex
2636 3502 2944 3555 nominum
2970 3499 3449 3572 interpretatione
3467 3501 3538 3556 ad
3558 3499 3844 3571 majorem

2189 3603 2392 3643 eorum
2424 3604 2549 3659 quas
2568 3589 2724 3644 dicta
2741 3592 2882 3644 sunt
2898 3588 3368 3660 explanationem
3396 3589 3654 3661 arripere
3679 3605 3847 3644 cone-

2189 3693 2344 3733 mur.
2405 3677 2743 3733 lnvenimus
2803 3694 3018 3734 nomen
3067 3677 3531 3735 Philistaeumin
3576 3677 3843 3750 linguam

2190 3765 2447 3822 Graecam
2508 3783 2878 3835 conversum,
2939 3784 3148 3824 sonare
3199 3767 3451 3823 cadentes
3495 3776 3650 3840 potu.
3702 3767 3844 3823 Vide
3931 3799 3941 3806 υ

2188 3853 2369 3927 igitur
2397 3872 2540 3911 num
2571 3855 2930 3913 temulentos
2959 3860 3015 3912 et
3042 3856 3394 3928 impudicos,
3428 3857 3530 3930 qui
3560 3873 3730 3913 suam
3761 3857 3846 3928 ip-

2189 3961 2392 4001 sorum
2410 3945 2671 4002 animam
2685 3946 2968 4002 addicunt
2988 3945 3203 4018 phialis
3225 3950 3282 4002 et
3300 3945 3620 4019 poculis,ac
3641 3949 3846 4019 postea

2183 4035 2352 4106 juxta
2370 4037 2752 4108 proverbium
2777 4036 2995 4109 pistillo
3019 4037 3627 4110 nudiores,appellare
3652 4036 3846 4110 possis

2191 4140 2294 4196 per
2349 4125 2758 4200 tropologiam,
2816 4127 3068 4182 cadentes
3119 4130 3273 4197 potu,
3332 4125 3612 4196 h00'est,
3671 4131 3848 4200 potus

2192 4212 2703 4271 immoderatione.
2735 4215 2805 4271 Hi
2849 4220 3046 4273 autem
3080 4215 3300 4272 cadunt
3345 4217 3508 4287 potu,
3543 4217 3701 4287 quod
3731 4233 3847 4272 non

2193 4307 2412 4374 queant
2443 4306 2757 4363 ascendere
2789 4307 2861 4363 ad
2905 4305 3278 4362 altitudinem
3322 4304 3484 4376 regni
3515 4304 3641 4377 Dei,
3671 4304 3849 4362 Paulo

642 4587 820 4678 Editi,
849 4585 940 4678 καὶ
980 4583 1321 4678 ἐπίχωρίων.
1349 4592 1422 4644 At
1462 4592 1709 4661 uterque
1739 4590 1994 4647 Combef.
2027 4592 2085 4648 σε

2195 4609 2265 4660 τι,
2299 4591 2480 4678 haud”
2509 4597 2683 4678 recte.
2732 4593 3148 4678 Reg._primus,
3198 4590 3490 4678 πίπτοντες
3539 4598 3841 4678 πτοήματι,

431 4657 545 4734 alii;
558 4657 700 4731 tres,
729 4657 823 4715 καὶ
847 4657 1162 4734 ἐγχωρίων.

504 4732 616 4805 (90)
647 4733 756 4805 Sic
773 4731 1019 4805 uterque
1051 4731 1312 4805 Combei.
1346 4748 1482 4790 cum
1511 4731 1732 4790 nostris
1763 4733 1952 4791 tribus
1983 4751 2083 4791 co-

434 4802 693 4878 dicibus.
717 4803 896 4878 Editi,
924 4801 1089 4859 τοῦτο
1118 4801 1180 4858 τὸ
1209 4805 1338 4878 πῦρ.

500 4875 618 4950 (91)
646 4876 994 4950 Nostritres
1019 4893 1163 4932 mss.
1188 4875 1321 4950 cum
1357 4879 1604 4950 utroque
1625 4877 1910 4950 Combeﬁ,
1935 4876 2079 4946 ἥτις.

431 4945 608 5017 Editi,
643 4946 689 5003 et
718 4945 821 5018 τίς,
852 4947 1010 5005 haud
1042 4955 1217 5018 recte.
1251 4949 1366 5004 Nec
1411 4945 1728 5005 ita'multo
1758 4945 1914 5006 infra
1941 4945 2084 5007 editi

432 5015 663 5096 etman.
692 5015 1006 5096 nonnulli,
1031 5019 1120 5074 καὶ
1176 5015 1266 5074 διὰ
1312 5022 1496 5096 τοῦτο.
1531 5019 1695 5096 Unde
1741 5021 2032 5096 interpres
2065 5041 2079 5081 :

435 5091 796 5167 Quamobrem
825 5093 896 5149 ad
922 5093 1156 5167 salutem
1180 5093 1553 5167 prove/tentur
1591 5093 1827 5151 humile:
1869 5091 2080 5167 populi.

430 5167 508 5218 At
535 5164 674 5238 Reg.
708 5167 1025 5231 secundus,
1054 5164 1143 5220 καὶ
1178 5161 1247 5219 δι’
1273 5161 1458 5238 αὐτοῦ,
1484 5166 1548 5220 Et
1571 5182 1672 5238 per
1698 5182 1824 5223 eum
1851 5161 2086 5225 salutem

433 5237 831 5322 consequentur
858 5239 1094 5296 humiles
1119 5237 1350 5312 populi:
1372 5238 1528 5310 quod
1563 5237 1708 5309 quin
1738 5239 1953 5298 melius
1984 5241 2082 5308 sit,

434 5308 692 5365 dubitari
725 5327 839 5367 non
876 5315 1088 5367 potest.

478 5325 692 5365 umtari
725 5327 839 5367 non
876 5325 1088 5368 οΟῐΘΒῐ.

527 5329 692 5365 ultam
725 5329 839 5367 non
875 5329 1088 5384 powst.

527 5380 619 5450 92)
649 5381 823 5452 Editi,
854 5381 906 5438 ἰν
939 5381 1126 5450 αὐτῆς.
1159 5382 1228 5439 At
1251 5397 1423 5448 mss.,
1455 5377 1506 5436 έν
1538 5377 1744 5443 αὐτοις.

527 5452 892 5528 93)_Legitur
938 5453 1316 5528 corruptegin
1366 5453 1569 5528 editis,
1601 5455 1948 5528 παραθῶμεν·
1982 5457 2084 5512 sed

433 5525 834 5609 emendate—in
873 5525 1400 5609 nostris—quinque
1446 5525 1748 5584 codicibus
1797 5525 2085 5601 scriptum

438 5601 756 5675 reperitur,
777 5602 1146 5675 πειραθῶμεν,

505 5668 617 5744 (94)
647 5672 836 5731 Codex
873 5668 943 5731 Η.
975 5668 1040 5731 et
1061 5668 1224 5731 Colb.
1255 5669 1508 5744 primus,
1537 5668 1826 5736 πίπτοντες
1853 5668 2088 5744 πτώμα-

2195 4680 2312 4741 1_10_n
2332 4666 2580 4741 rectius.
2615 4666 2756 4741 Reg.
2781 4665 3009 4737 tertius,
3031 4665 3320 4741 πίπτοντες
3348 4669 3648 4741 ποτήματι,
3667 4665 3839 4728 bene.

2194 4736 2650 4816 Editidepique,
2681 4736 2980 4816 πίπτοντας
2998 4736 3311 4816 ποτήματι.
3337 4736 3704 4816 Typograpbi
3738 4760 3843 4798 au-

2193 4811 2310 4885 t_em
2344 4810 2478 4881 ipsi,
2512 4809 2739 4885 opinor,
2771 4813 2841 4868 de
2883 4809 3199 4885 industria,
3233 4829 3336 4885 pro
3382 4809 3666 4875 ῖπῖπῐοντὶς
3714 4815 3842 4871 edi-

2191 4880 2784 4965 (ἰριιυητηπίτὲτοντας,
2847 4884 3003 4957 quod
3071 4880 3441 4965 accusativus
3495 4903 3668 4944 casus
3724 4887 3844 4944 illis

2191 4957 2354 5031 visus
2385 4957 2462 5010 sit
2493 4959 2861 5031 necessarius
2901 4973 3030 5014 esse
3077 4958 3148 5031 ad
3200 4959 3516 5031 servandas
3545 4975 3845 5031 grammao

2190 5024 2318 5099 ticae
2377 5027 2611 5099 regulas
2657 5045 2670 5083 :
2713 5029 2816 5085 sed
2873 5045 2991 5084 non
3049 5024 3589 5086 animadverteruth
3643 5047 3846 5090 vocem

2191 5094 2494 5174 πίπτοντες
2529 5101 2638 5174 hoc
2686 5099 2832 5174 loco,
2866 5102 3020 5173 quod
3054 5102 3220 5156 aiunt
3248 5105 3518 5174 usurpari
3569 5108 3849 5160 materia-

2194 5171 2320 5225 liler
2399 5169 3050 5247 indeclinabiliterque;
3120 5169 3541 5247 proptereaque
3609 5193 3850 5232 necesse

2194 5258 2483 5317 nonesse
2531 5244 2856 5317 quidquam
2906 5244 3152 5317 mutare.
3187 5244 3336 5317 Lege
3383 5244 3682 5303 Ducamm.
3718 5249 3851 5305 Mox

2193 5313 2334 5392 editi
2365 5319 2427 5392 et
2452 5313 2598 5392 mss.
2631 5313 2858 5392 omnes,
2886 5313 3433 5392 πορνοκόπουςῖρὺὶ,
3460 5325 3525 5392 ut
3555 5319 3700 5377 mihi
3720 5321 3848 5392 qui-

2195 5387 2329 5471 dem
2376 5387 2626 5471 videtur,
2661 5390 2774 5462 legi
2824 5383 3082 5471 prastat,
3127 5383 3556 5471 πορνοϐοσκούς,
3605 5383 3846 5471 lenones.

2194 5459 2502 5537 P_ro_v_erbii_
2519 5463 2667 5537 ejus,
2705 5459 2858 5535 quod
2893 5478 3023 5517 mox
3053 5459 3341 5537 sequitur,
3377 5465 3733 5523 mentionem
3766 5467 3851 5522 fa-

2195 5532 2276 5587 cit
2302 5531 2644 5590 Hesvchi'us.

2196 5601 2377 5730 be(£385)
2410 5601 2582 5677 Editi,
2627 5602 2894 5678 ὠνόμασε.
2929 5606 3003 5660 At
3050 5605 3305 5676 quatuor
3355 5625 3526 5681 ωειλ,
3557 5605 3844 5690 ὀνομάσαι,

2237 5687 2364 5732 ene.
3723 5687 3726 5690 ’
