4150 6378
338 292 458 352 627

1283 290 1681 352 APPENDlX
1727 287 2054 352 OPERUM
2098 287 2162 348 S.
2212 285 2499 348 BASILll
2543 284 2815 348 MAGNI.

3653 284 3775 342 628

341 422 673 478 luculenter
701 422 931 477 dicente
964 439 976 477 :
1009 423 1230 478 ΕΙ)νίοεί
1255 425 1438 491 ννερηὶ
1488 425 1589 478 Dei
1625 423 2000 478 hareditatem

2118 412 2376 486 ἀναϐῆναι
2428 417 2504 479 εἰς
2541 417 2604 472 τὸ
2649 415 2782 489 ὕψος
2829 416 2928 484 τῆς
2968 417 3066 468 τοῦ
3114 417 3249 470 Θεοῦ
3284 411 3582 487 βασιλείας,
3615 409 3775 490 διαῤ-

341 528 452 568 non
485 511 840 581 accipient”.
875 513 1025 566 Sunt
1055 512 1209 566 enim
1259 528 1434 566 casus
1465 512 1660 577 multi,
1713 513 2002 580 variaeque

345 617 557 667 causae,
591 617 695 654 cur
724 617 829 655 nos
877 601 949 653 ab
995 602 1094 654 illa
1142 600 1453 655 altitudine
1502 601 1864 664 excidamus,
1900 615 2004 654 nec

348 689 752 760 pertingamus
803 690 869 742 ad
927 689 1191 742 brevium
1243 704 1512 759 superna:
1559 689 1880 744 vocationis
1907 691 2000 742 δίε

347 795 528 832 causa
573 783 764 832 autem
819 794 932 830 una
983 777 1099 831 haec
1147 783 1257 841 est,
1292 795 1396 832 nec
1448 778 1712 845 minima,
1767 777 2006 832 bibendi

350 867 573 922 scilicet
602 866 890 936 cupiditas
934 872 991 920 et
1021 867 1304 921 studium.
1358 867 1578 921 Horum
1612 866 1793 938 igitur
1822 871 2008 920 temu-

351 956 642 1011 lentorum
675 959 852 1026 porta
876 955 1059 1023 jussis
1087 961 1227 1010 sunt
1249 959 1419 1011 edere
1443 955 1733 1010 ululatum
1760 972 1773 1010 :
1810 960 2007 1024 portae,

352 1045 616 1114 inquam,
648 1060 751 1114 per
779 1059 927 1113 quas
961 1061 1186 1098 merum
1210 1046 1516 1099 advectum
1546 1044 1792 1099 accersit
1827 1045 2006 1097 malo-

352 1148 483 1186 rum
517 1137 797 1187 turmam.
836 1131 968 1186 Vias
1002 1131 1200 1202 igitur,
1236 1133 1452 1202 quibus
1497 1138 1798 1204 peccatum
1851 1129 2008 1186 com-

353 1219 628 1289 mittitur,
657 1220 826 1289 jubet
876 1221 1177 1291 Scriptura
1224 1222 1293 1275 ad
1329 1220 1622 1276 ululatum
1673 1221 2007 1292 confugere,

351 1309 494 1363 adeo
526 1313 590 1362 ut
621 1325 719 1363 ore
765 1308 1140 1380 ingemiscat,
1173 1311 1273 1380 qui
1331 1327 1432 1381 per
1461 1327 1526 1365 os
1559 1315 1858 1381 peccatum
1908 1310 2009 1364 ad-

352 1397 517 1452 misit
545 1397 870 1452 ebrietatis.
904 1399 1178 1453 Civitates
1229 1405 1426 1454 autem
1461 1400 1672 1453 harum
1709 1407 2008 1469 portarum

352 1485 468 1556 ipsi
502 1491 642 1541 sunt
671 1487 880 1540 animai
913 1503 1147 1552 sensus,
1177 1487 1231 1541 in
1263 1487 1474 1557 quibus
1507 1504 1819 1558 pravarum
1853 1487 2009 1557 cogi-

353 1574 648 1629 tationum
693 1580 1034 1641 conventus,
1068 1575 1459 1646 cupiditatum
1513 1576 1850 1645 multitudo,
1885 1592 2010 1629 cra-

357 1663 509 1734 pulae
541 1667 598 1718 et
620 1663 929 1720 ebrietates
953 1664 1323 1719 diversantur
1345 1681 1358 1720 :
1384 1682 1510 1737 quae
1533 1667 1604 1721 ob
1638 1665 2008 1737 phantasiam

2115 504 2291 582 ρήδην
2354 505 2602 568 εἰπόντος
2660 504 2918 560 Ηαύλου’
2980 503 3218 560 Μὲθυσοι
3282 502 3560 579 βασιλείαν
3641 507 3779 558 Θεοῦ

2117 597 2178 650 ού
2238 599 2748 670 κΛηρονομήσουσι.
2810 592 3004 650 Ηολλὰ
3060 594 3159 667 γὰρ
3221 593 3287 647 τὰ
3344 594 3634 665 πτώματα,
3685 592 3778 646 καὶ

2117 683 2366 762 διάφοροι
2401 687 2453 740 αἱ
2506 685 2673 739 αἰτίαι
2731 688 2828 738 τοῦ
2869 683 2974 737 ἀπὸ
3025 687 3122 736 τοῦ
3179 683 3348 756 ὕψους
3405 685 3554 755 ἡμᾶς
3609 702 3777 736 κατα-

2116 775 2475 843 πίπτειν,καὶ
2539 775 2616 846 μή
2677 774 2893 850 φθάνειν
2954 771 3041 826 ἐπὶ
3089 772 3154 826 τὸ
3188 766 3442 848 βραϐεῖον
3500 777 3603 840 τῆς
3667 770 3779 825 ἄνω

2117 864 2387 934 κλήσεως·
2435 862 2529 936 μία
2560 860 2734 916 δὲκαὶ
2767 861 2867 916 οὐκ
2906 859 3198 937 ἐλαχίστη,
3231 863 3266 929 ἡ
3314 859 3438 930 περὶ
3481 860 3544 914 τὸ
3597 859 3773 914 πίνειν

2119 953 2382 1026 ἐπιθυμία
2411 974 2469 1008 τε
2499 953 2588 1007 καὶ
2621 948 2856 1020 σπουδή.
2889 950 3104 1006 Τούτων
3161 948 3253 1006 οὖν
3296 953 3402 1005 τῶν
3461 950 3777 1023 μεθυόντων

2121 1042 2174 1094 αἱ
2224 1040 2391 1096 πύλαι
2444 1039 2731 1109 ὀλολύζειν
2785 1039 3257 1115 προσετάχθησαψ
3299 1037 3470 1094 πύλαι
3523 1035 3592 1093 δι’
3620 1035 3696 1092 ὧν
3751 1039 3781 1094 ὁ

2120 1130 2354 1202 ἄκρατος
2384 1128 2774 1204 εἰσερχόμενος
2803 1129 2937 1202 (96),
2971 1132 3078 1181 τῶν
3112 1131 3290 1182 κακῶν
3320 1127 3414 1180 τὸν
3459 1124 3623 1199 ἐσμὸν
3659 1124 3784 1180 ἐπι-

2120 1218 2357 1293 σύρεται.
2389 1218 2496 1280 Τὰς
2552 1217 2642 1273 οὗν
2696 1215 2880 1286 ὁδοὺς,
2915 1214 2986 1272 δι’
3017 1217 3090 1270 ῶν
3134 1218 3168 1286 ἡ
3217 1214 3455 1290 ἁμαρτία
3507 1213 3787 1269 ἐπιτελεῖ-

2118 1329 2229 1373 ται,
2261 1309 2456 1369 ταύτας
2485 1309 2772 1381 τρέπεσθαι
2802 1306 2877 1368 είς
2918 1304 3196 1382 ὀλολυγὴν
3227 1307 3254 1360 ὁ
3288 1303 3457 1380 λόγος
3505 1305 3784 1381 προστάσ-

2121 1418 2220 1468 σει,
2273 1396 2410 1452 ὥστε
2469 1395 2558 1451 διά
2617 1397 2888 1470 στόματος
2945 1395 3212 1464 στενάζειν
3271 1395 3364 1450 τὸν
3421 1399 3500 1466 τῷ
3548 1393 3782 1468 στόματι

2121 1485 2503 1540 ἐπιτελέσαντα
2527 1487 2624 1554 τήν
2661 1484 2924 1557 ἁμαρτίαν
2957 1490 3057 1553 τῆς
3092 1485 3281 1556 μέθης.
3317 1481 3515 1545 Πόλεις
3562 1480 3620 1537 δὲ
3651 1482 3785 1537 τού-

2119 1594 2226 1628 των
2258 1579 2363 1628 τῶν
2397 1572 2624 1628 πολλῶν
2662 1572 2793 1628 αὐτὰ
2823 1574 2887 1628 τὰ
2915 1581 3015 1643 τῆς
3075 1576 3262 1649 ψυχῆς
3315 1571 3454 1627 ἐστιν
3515 1571 3786 1643 αἷσθητή-

2123 1683 2212 1738 ρια
2241 1666 2378 1737 (97),
2409 1661 2464 1717 ἐν
2498 1667 2580 1725 οἷς
2615 1666 2932 1737 συστήματα
2963 1667 3219 1738 πονηρῶν
3255 1659 3633 1735 διαλογισμῶν
3686 1663 3782 1716 καὶ

360 1770 394 1807 a
423 1753 556 1807 vino
589 1753 647 1807 in
679 1753 764 1808 eis
795 1754 1103 1809 excitatam
1137 1756 1450 1810 exturbata
1480 1761 1536 1810 et
1566 1756 1842 1822 confusae,
1876 1770 2000 1810 eam

2120 1754 2336 1818 πλῆθος
2370 1751 2670 1826 ἐπιθυμιῶν
2704 1752 2792 1806 καὶ
2823 1757 3005 1824 κῶμοι
3039 1751 3128 1806 καὶ
3164 1753 3319 1824 μέθαι
3359 1751 3454 1813 τὰς
3496 1747 3785 1827 διατριϐὰς

2118 1840 2141 1858 ν
2422 1840 2446 1858 ﬂ
2931 1841 2941 1856 ο
3168 1841 3183 1858 \
3298 1852 3315 1858 -
3430 1835 3460 1858 ρ
3560 1840 3568 1858 Ι
3723 1840 3734 1858 1

362 1859 488 1912 quas
519 1842 883 1897 intellectum
915 1859 1151 1899 omnem
1192 1845 1493 1915 superat"
1523 1861 1724 1916 pacem
1759 1862 1872 1899 non
1906 1845 2004 1898 ha-

354 1931 494 1986 bent
517 1949 532 2000 ;
564 1932 681 1986 imo
713 1947 946 2003 semper
971 1933 1272 2004 agitantur
1299 1939 1356 1989 et
1381 1939 1838 1989 commoventur.
1867 1933 2002 1989 Eam

353 2022 425 2075 ob
455 2037 690 2075 causam
743 2021 1164 2077 clamaverunt.
1214 2021 1311 2077 His
1359 2022 1537 2077 infert
1586 2039 1740 2077 nunc
1772 2023 2001 2078 fumum

351 2109 564 2178 aquilo,
597 2109 668 2165 de
699 2125 815 2180 quo
867 2109 1013 2164 dixit
1064 2109 1338 2166 Salomon
1375 2128 1387 2166 :
1419 2112 1620 2182 Aquilo
1666 2112 1838 2166 durus
1869 2128 2001 2167 ven-

344 2203 469 2261 ius;
498 2202 722 2255 nomine
749 2205 935 2255 autem
973 2201 1163 2257 dexter
1191 2203 1510 2271 vocatur”;
1549 2201 1655 2257 hoc
1686 2207 1794 2268 est,
1828 2203 1996 2274 spiri-

343 2294 442 2343 tus
474 2289 681 2359 durus,
715 2289 816 2360 qui
860 2291 1234 2346 refractarius
1276 2308 1339 2346 ac
1398 2296 1715 2347 contumax
1768 2291 1875 2346 fuit
1903 2309 1998 2346 co-

345 2395 470 2434 ram
527 2379 959 2450 Umnipotente,
1015 2398 1309 2452 suumque
1362 2398 1462 2436 cor
1517 2383 1840 2438 obduravit.
1900 2385 1999 2437 Hic

345 2485 521 2538 quem
555 2468 820 2523 nonnulli
854 2471 1120 2526 dextrum
1143 2471 1318 2525 etiam
1340 2476 1567 2536 vocant,
1598 2472 1746 2541 ipsis
1781 2473 1999 2526 fumum

345 2557 533 2622 affert,
568 2557 932 2612 occasionem
984 2558 1208 2613 scilicet
1257 2561 1680 2631 materiamque
1723 2561 2000 2632 lacryma-

345 2662 500 2700 rum.
534 2645 784 2709 Quinam
839 2654 1032 2702 autem
1087 2653 1247 2712 sunt,
1304 2649 1417 2704 nisi
1470 2649 1529 2703 hi
1563 2651 1662 2720 qui
1705 2649 1998 2720 judicium

346 2734 562 2789 mentis
611 2743 957 2806 corruptum
1005 2736 1240 2801 habent,
1295 2745 1351 2792 et
1399 2737 1603 2793 ordine
1651 2737 1880 2794 inverso
1929 2739 2000 2794 de

346 2823 522 2877 rebus
581 2822 777 2877 ferunt
836 2826 1242 2880 sententiam:
1289 2825 1388 2895 qui
1446 2826 1650 2881 dicunt
1705 2843 1997 2895 amarum,

345 2911 555 2980 dulce;
589 2917 646 2967 et
674 2911 864 2981 dulce,
897 2928 1163 2967 amarum
1199 2931 1211 2969 :
1249 2916 1348 2985 qui
1401 2921 1627 2986 ponunt
1657 2916 1880 2982 "lucem,
1915 2921 1998 2970 te-

344 3001 556 3056 nebras
591 3017 604 3056 :
639 3004 698 3055 et
732 3004 1026 3068 tenebras,
1059 3003 1249 3058 lucem
1273 3004 1315 3040 ⁸⁸
1339 3003 1366 3057 ?
1416 3004 1485 3058 Hi
1516 3006 1587 3059 ab
1615 3023 1680 3061 eo
1713 3005 1813 3076 qui
1847 3022 1908 3060 se
1939 3005 1998 3060 in

342 3088 619 3159 angelum
672 3090 834 3161 pacis
882 3091 1288 3162 transﬁgurat,
1339 3093 1563 3164 decepti
1595 3098 1651 3147 et
1698 3094 1994 3162 subducti,

2115 1840 2358 1918 ἔχουσιν,
2392 1840 2590 1903 αἵτινες
2641 1841 3035 1916 τεταραγμέναι
3094 1841 3184 1895 καὶ
3231 1835 3664 1915 τεθορυϐημένω
3714 1840 3781 1897 ἐκ

2109 1939 2210 2002 τῆς
2242 1931 2343 1985 ὑπὸ
2371 1935 2467 1985 τοῦ
2499 1928 2648 1986 oi'vou
2681 1929 3036 2006 ἐγγινομένης
3080 1929 3262 1992 αὐτοῖς
3321 1929 3634 2005 φαντασίας,
3665 1931 3768 2000 τήν

2115 2021 2209 2094 μὶν
2240 2020 2461 2097 εἶρήνην
2497 2019 2600 2078 οὐκ
2628 2016 2816 2095 ἔχουσι
2849 2021 2947 2088 τὴν
2978 2018 3345 2095 ὑπερέχουσαν
3394 2018 3568 2074 πάντα
3609 2023 3765 2074 νοῦν·

2110 2111 2192 2165 ἀεὶ
2225 2107 2282 2164 δὲ
2312 2109 2362 2164 ἐν
2402 2107 2556 2182 σάλῳ
2587 2110 2677 2164 καὶ
2726 2108 2910 2181 κλόνῳ
2943 2111 3056 2181 )98)
3083 2109 3440 2184 τυγχάνουσι.
3475 2108 3574 2162 Διὰ
3600 2113 3765 2166 τοῦτο

2110 2197 2421 2274 κεκράγασι.
2476 2197 2716 2261 Ταύταις
2770 2201 2860 2251 νῦν
2919 2196 3066 2272 φέρει
3119 2198 3321 2252 καπνὸν
3376 2197 3605 2273 βορέας’
3639 2201 3764 2274 περὶ

2111 2288 2173 2341 οὗ
2231 2288 2372 2342 εἶπεν
2435 2287 2462 2341 ὁ
2524 2283 2820 2359 Σολομὼν,
2855 2285 2936 2340 ὅτι
2997 2285 3198 2362 Βορέας
3259 2283 3500 2360 σκληρὸς
3548 2284 3769 2361 ἄνεμος

2111 2377 2334 2448 ὀνόματι
2377 2374 2434 2431 δὲ
2488 2373 2754 2446 ἐπιδέξιος
2815 2375 3060 2431 καλεῖται
3098 2395 3110 2408 ·
3151 2374 3418 2446 τουτέστι,
3477 2377 3538 2430 τὸ
3596 2375 3768 2448 σκλη-

2113 2467 2202 2542 ρὸν
2237 2471 2464 2538 πνεῦμα·
2497 2467 2557 2523 Ὀ
2609 2463 2992 2540 τραχηλιάσας
3027 2465 3256 2520 ἐνώπιον
3302 2469 3400 2520 τοῦ
3455 2471 3766 2543 Παντοκρά-

2108 2577 2292 2630 τορος,
2325 2555 2412 2610 καὶ
2447 2553 2754 2627 σκληρύνας
2789 2555 2980 2609 ἑαυτοῦ
3029 2556 3127 2624 τήν
3179 2551 3426 2630 καρδίαν,
3461 2555 3620 2618 οὗτος
3674 2559 3766 2634 φέ-

2111 2665 2190 2720 ρει
2238 2645 2422 2706 αύτοῖς
2474 2646 2699 2711 καπνὸν,
2729 2641 2973 2718 δκκρύων
3035 2643 3306 2716 ὑπόθεσιν,
3337 2644 3396 2698 ὃν
3443 2645 3533 2699 καὶ
3581 2643 3760 2701 ἐπιδέ-

2109 2733 2220 2806 ξιόν
2273 2754 2415 2794 τινες
2471 2735 2824 2805 ὀνομάζουσι.
2853 2732 2995 2794 Τίνες
3045 2729 3123 2802 δὲ,
3154 2733 3189 2802 ἢ
3245 2733 3297 2787 οἱ
3525 2730 3764 2812 διεφθαρ.

2115 2823 2276 2896 μένον
2306 2826 2402 2876 τοῦ
2432 2826 2524 2876 νοῦ
2553 2822 2614 2876 τὸ
2640 2823 2923 2896 κριτήριον
2959 2819 3198 2897 ἔχοντες,
3222 2821 3311 2876 καὶ
3345 2819 3758 2897 ἐνηλλαγμένως

2109 2912 2203 2973 τὰς
2255 2911 2378 2987 περὶ
2435 2916 2542 2965 τῶν
2602 2911 2934 2986 πραγμάτων
2997 2908 3152 2982 δόξας
3207 2910 3668 2988 ἀποφαινόμενοι;
3701 2912 3751 2966 οἱ

2111 3000 2404 3078 φάσκοντες
2432 3000 2494 3054 τὸ
2524 3001 2716 3076 πικρὸν
2743 2998 2939 3076 γλυκὺ,
2970 3001 3059 3054 καὶ
3115 3001 3178 3055 τὸ
3233 2999 3408 3076 γλυκὺ
3449 2999 3634 3072 πικρόν
3662 3019 3677 3069 ;
3705 3001 3758 3054 οἱ

2109 3092 2345 3152 τιθέντες
2373 3090 2436 3144 τὸ
2468 3094 2581 3166 φῶς
2631 3087 2844 3157 σκότος,
2869 3088 2958 3142 καὶ
3014 3090 3077 3144 τὸ
3137 3088 3331 3152 σκότος
3385 3094 3540 3168 φῶςς
3575 3089 3760 3158 Οὗτοι,

342 3179 500 3232 hunc
531 3160 728 3250 ipsum
759 3177 893 3232 licet
924 3160 1229 3234 sinistrum
1273 3186 1328 3235 et
1357 3160 1514 3236 600
1545 3183 1874 3246 vitandum,
1907 3160 1996 3237 vo-

2118 3160 2600 3252 ἀπατώμενοι-ὑπὸ
2647 3183 2744 3232 τοῦ
2797 3160 3422 3253 μετασχηματιζομένου
3481 3178 3556 3240 εἰς
3611 3177 3763 3254 ἄγγε-

342 3272 480 3322 cant
519 3268 808 3322 dextrum.
854 3269 1199 3336 Aquilonem
1249 3277 1449 3325 autem
1501 3288 1606 3342 pro
1662 3272 1996 3327 adversaria

342 3361 631 3426 potestate
661 3357 934 3427 usurpari
981 3359 1222 3427 planum
1256 3366 1345 3414 est
1391 3377 1460 3415 ex
1493 3361 1583 3416 his
1611 3363 1806 3416 verbis
1840 3365 1872 3415 Α
1908 3364 1996 3430 [a-

343 3447 426 3499 cie
477 3444 760 3514 aquiloni:
815 3445 1168 3502 exardescent
1213 3447 1366 3503 mala
1387 3449 1432 3482 ⁸⁵
1494 3465 1507 3502 :
1569 3450 1722 3520 quod
1774 3451 1996 3504 dictum

347 3537 438 3588 est
491 3532 550 3586 in
609 3533 831 3588 visione
887 3533 1013 3588 ollae
1073 3552 1387 3592 succensis.
1441 3538 1550 3600 Qui
1611 3545 1805 3594 autem
1861 3548 2000 3594 sunt

347 3621 714 3692 hujusmodi,
785 3639 911 3677 esse
979 3624 1299 3680 desierunt.
1370 3626 1515 3682 Nam
1585 3628 1644 3682 in
1711 3629 1795 3683 eis
1864 3645 1996 3683 cum

347 3728 463 3767 non
496 3712 574 3766 sit
599 3713 701 3782 qui
730 3728 860 3767 vere
887 3717 974 3767 est
1008 3731 1020 3768 :
1055 3713 1183 3770 ideo
1231 3715 1454 3772 dictum
1495 3723 1584 3772 est
1615 3731 1629 3774 :
1664 3721 1728 3774 Bt
1755 3733 1865 3774 non
1896 3726 1997 3786 est,

345 3804 410 3856 ut
436 3801 530 3856 sit.

418 3979 545 4034 291.
586 3980 654 4033 Et
702 3979 834 4050 quid
879 3981 1278 4051 respondebunt
1323 4000 1480 4054 rege:
1521 3988 1816 4056 gentium?
1865 3991 2000 4060 quia

347 4071 616 4124 Dominus
643 4070 902 4137 fundavit
939 4070 1091 4137 Sion,
1123 4074 1174 4126 et
1202 4089 1299 4134 per
1326 4090 1451 4129 eum
1481 4076 1844 4132 salvabuntur
1889 4080 1998 4134 hu-

343 4159 503 4213 miles
531 4157 723 4229 plebis.
756 4158 898 4224 Quia
928 4159 1108 4223 igitur
1139 4177 1308 4216 nemo
1333 4169 1420 4216 cst
1444 4165 1870 4238 allophylorum
1897 4170 1992 4240 qui

344 4252 488 4304 sunt
518 4247 779 4320 quidem,
805 4251 900 4304 sed
937 4249 1072 4304 facti
1107 4257 1242 4305 sunt
1263 4257 1544 4323 tanquam
1577 4271 1692 4309 non
1724 4257 1842 4311 sint
1863 4275 1994 4329 pro-

344 4342 474 4410 pter
503 4353 672 4394 suam
717 4337 978 4408 ipsorum
1033 4338 1312 4394 malitiam
1353 4357 1366 4395 :
1401 4343 1666 4412 Deﬁciunt
1696 4345 1875 4412 enim,
1907 4347 1994 4402 in-

343 4426 492 4497 quit,
521 4431 831 4498 peccatores
869 4443 904 4481 a
947 4435 1098 4482 terra
1124 4437 1176 4483 σι
1204 4431 1404 4499 iniqui,
1438 4433 1517 4486 ita
1550 4438 1609 4488 ut
1640 4449 1747 4488 non
1779 4437 1993 4506 sint“;

414 4559 459 4634 8_°
490 4557 674 4634 I_Cor.
707 4560 903 4634 v1_,_710.
997 4560 1040 4596 ⁸¹
1075 4561 1285 4634 Philip.
1322 4580 1408 4632 In,
1445 4565 1529 4621 14.

341 4631 387 4666 ⁸⁸
417 4630 572 4686 Psal.
604 4647 718 4699 cm,
751 4631 840 4687 35.

414 4766 532 4850 (96)
562 4766 798 4823 Veteres
841 4771 1098 4840 quatuor
1137 4767 1273 4850 libri
1322 4775 1378 4828 et
1423 4772 1588 4841 editi,
1620 4773 1992 4850 εἷσχεόμενος.
2027 4783 2073 4850 Ι)

340 4844 545 4918 Portet,
573 4857 674 4918 per
703 4857 842 4918 quae
877 4857 1089 4896 merum
1140 4843 1389 4918 infusum
1435 4849 1681 4918 accersit,
1705 4843 1842 4918 ειυς,
1875 4868 1991 4907 non

339 4913 425 4969 ita
467 4917 639 4970 recte.
689 4917 762 4970 At
810 4914 957 4992 Reg.
981 4915 1299 4992 secundus,
1332 4913 1736 4992 εἰσερχόμενος.
1786 4913 1990 4992 Portaz,

337 5000 438 5058 per
465 5001 601 5055 quas
629 5001 844 5041 merum
888 4985 1169 5058 advectum
1217 4985 1634 5058 acoersit','et'c.,
1666 4994 1831 5049 bene.
1865 4985 1992 5051 Mox

341 5055 602 5138 quinque
634 5074 801 5138 inse,
825 5055 1340 5138 Td‘é‘tds‘TEéﬂEO’gat
1374 5055 1462 5121 εἶς’
1484 5059 1782 5138 ὀλολυγήν.
1818 5068 1991 5132 Editi,

339 5125 537 5204 ταύτας
559 5128 843 5204 τρέφεσθαι
879 5129 956 5190 εἰς
984 5125 1328 5204 μόλολυγμόν.

415 5200 528 5275 _(9_7_)_
560 5200 798 5275 Antiqui
832 5205 948 5257 duo
984 5200 1114 5275 libri
1144 5200 1275 5275 cum
1308 5204 1503 5272 editis,
1536 5204 1848 5275 οἷκητήρια,
1885 5210 1992 5264 do-

339 5257 584 5326 micilia.
617 5257 732 5326 Alii
777 5272 1293 5350 tres,__aiaOn1-4pia,
1338 5257 1546 5350 senstis.
1585 5257 1656 5332 In.
1699 5257 1992 5350 illis,’q"uze

344 5356 495 5420 {no‘x‘
509 5351 853 5420 sequuntur,
888 5343 1086 5420 α’ίτινες
1108 5343 1516 5420 τεταραγμέναι,
1545 5352 1771 5405 videtur
1799 5343 1994 5406 inesse

341 5408 641 5493 ἐναλλαγή,
673 5433 775 5493 seu
809 5408 1057 5493 mutatio
1091 5408 1674 5493 numeri'fSiqu'idem
1721 5424 1993 5493 superius

343 5483 648 5570 legitur
683 5489 1110 5570 singulariﬁﬁc
1159 5491 1364 5564 ψυχῆς,
1389 5483 1469 5547 δι’
1493 5500 1688 5550 tamen
1720 5483 1814 5550 hic
1847 5495 1992 5550 scri-

343 5555 529 5631 bitur,
559 5555 836 5631 a'i1tvtc,—q
845 5575 933 5617 uc?
961 5555 1193 5631 animae.

416 5628 530 5702 (98)
559 5628 957 5699 Codex'u‘nus,
985 5631 1036 5686 ἐν
1066 5628 1250 5703 κλόνῳ
1277 5632 1367 5688 καὶ
1398 5631 1450 5689 έν
1483 5633 1655 5709 σάλῳ.

1624 4566 1669 4600 ³³
1700 4567 1908 4641 Philip.
1943 4588 2020 4644 ιν,
2049 4573 2107 4630 7.

2110 3269 2205 3324 λον
2242 3269 2444 3344 φωτὸς,
2477 3264 2742 3339 ἐπιδέξιον
2792 3265 2952 3321 αὐτὸν
3007 3265 3224 3343 λέγουσι
3281 3269 3372 3323 τὸν
3428 3267 3612 3322 σκαιὸν
3674 3267 3766 3321 καὶ

2107 3358 2489 3430 άπόπεμπτον.
2521 3357 2644 3413 ’Ότι
2676 3353 2734 3410 δὲ
2764 3357 2791 3410 ὁ
2829 3355 3029 3431 βορρᾶς
3080 3354 3166 3411 ἐπὶ
3224 3363 3324 3425 τῆς
3384 3355 3764 3427 ἀντικειμένης

2108 3446 2374 3522 ἐνεργείας
2430 3448 2702 3516 τέτακται,
2755 3443 2926 3513 δῆλον
2977 3445 3036 3499 ἐκ
3089 3449 3205 3500 106'
3269 3444 3402 3500 Ἀπὸ
3461 3444 3761 3518 προσώπου

2113 3536 2285 3612 βορῥᾶ
2342 3535 2728 3605 ἐκκαυθήσεται
2779 3533 2847 3588 τὰ
2905 3535 3115 3588 κακά’ὃ
3175 3530 3383 3606 εἷ’ρηται
3442 3530 3493 3586 ἐν
3554 3534 3630 3604 (1)
3686 3535 3758 3605 τῇ

2109 3627 2294 3701 ὁράσει
2323 3629 2424 3680 τοῦ
2456 3619 2690 3694 λέϐητος
2717 3627 2815 3677 τοῦ
2851 3622 3272 3694 ὑποκαιομένου.
3305 3621 3372 3678 Οἱ
3418 3617 3476 3675 δέ
3516 3624 3759 3675 τοιοῦτοι

2107 3715 2354 3784 ἐξέπεσαν
2411 3717 2509 3769 τοῦ
2572 3712 2730 3770 εἶναι.
2767 3709 2991 3780 Ἐπειδὴ
3047 3709 3150 3766 ούκ
3207 3705 3346 3765 ἔστιν
3379 3711 3407 3764 ὁ
3457 3706 3626 3772 ὅπως
3685 3708 3760 3763 ὣν

2109 3805 2160 3860 ἐν
2194 3803 2400 3877 αὐτοῖς,
2433 3801 2522 3858 διὰ
2572 3805 2738 3857 τοῦτο
2792 3802 2868 3875 (2)
2913 3799 3148 3876 εἷ’ρηταιο
3187 3801 3281 3855 Καὶ
3344 3799 3443 3856 ούκ
3499 3798 3610 3855 ἔστι
3665 3803 3762 3855 τοῦ

2107 3894 2265 3950 εἶναι.

2177 3987 2304 4042 291.
2365 3983 2469 4040 Καὶ
2537 3980 2589 4036 τί
2663 3979 3128 4055 ἀποκριθήσονται
3221 3975 3468 4056 βασιλεῖς
3555 3976 3760 4048 ἐθνῶη

2105 4080 2227 4133 ’Ότι
2280 4073 2478 4148 Κύριος
2537 4068 2864 4142 ἐθεμελίωσε
2921 4070 3088 4138 Σιὼν,
3149 4069 3237 4134 καὶ
3300 4065 3370 4122 δι’
3429 4067 3592 4122 αὐτοῦ
3653 4089 3764 4122 σω-

2108 4167 2360 4236 θήσονται
2425 4162 2478 4214 οἱ
2534 4158 2780 4214 ταπεινοὶ
2837 4162 2934 4213 τοῦ
2999 4157 3158 4214 λαοῦ.
3220 4157 3368 4215 Ἐπεὶ
3435 4156 3526 4211 οὖν
3586 4155 3766 4221 οὐδείς

2106 4254 2217 4308 ἐστι
2240 4257 2346 4305 τῶν
2377 4247 2711 4326 ἀλλοφύλων
2745 4249 2870 4318 παρ’
2903 4250 2986 4311 οἷς
3037 4249 3099 4303 τὸ
3149 4248 3309 4313 εἶναι,
3342 4244 3488 4301 ἀλλά
3534 4245 3761 4320 γεγόνα-

2107 4365 2188 4398 σιν
2223 4343 2295 4403 ὡς
2331 4343 2406 4414 μὴ
2451 4335 2598 4400 ὄντες
2656 4335 2745 4391 διὰ
2794 4337 2892 4405 τὴν
2949 4338 3150 4392 ἑαυτῶν
3208 4336 3420 4391 κακίαν’
3451 4335 3761 4392 Ἐκλείποι-

2109 4453 2201 4488 σαν
2263 4435 2337 4504 (3)
2395 4429 2522 4505 γάρ,
2575 4427 2760 4503 φησὶν,
2820 4427 3144 4501 ἁμαρτωλοὶ
3205 4425 3310 4480 ἀπὸ
3363 4431 3464 4494 τῆς
3513 4431 3636 4500 γῆς,
3669 4424 3759 4478 καὶ

2199 4570 2246 4606 ⁸³
2282 4570 2440 4624 Prov.
2476 4581 2652 4633 xxvn,
2686 4564 2770 4619 16.
2850 4564 2923 4635 _‘
2948 4564 3061 4620 Isa.
3088 4563 3266 4630 v,.20.
3371 4561 3416 4596 ⁸⁸
3443 4561 3562 4617 Jer.
3595 4577 3635 4627 ι,
3675 4561 3756 4614 14.

2176 4777 2288 4850 (99)
2321 4777 2414 4850 Sic
2444 4772 2583 4850 e_diti
2616 4777 2674 4828 et
2702 4769 2932 4850 codices
2961 4773 3101 4850 tres.
3134 4769 3762 4850 qub._primu.e,g'il‘ivcg

2105 4837 2325 4905 ὃέέἰσίν
2359 4847 2432 4903 οἱ.
2467 4847 2606 4911 Reg.
2641 4844 2960 4911 secundus,
2991 4841 3140 4905 Τίνες
3183 4837 3252 4911 δὲ,
3279 4837 3451 4911 οὗτοι,
3485 4837 3571 4902 οἱ.⁷
3591 4845 3760 4900 Haud

2103 4923 2276 4996 longe
2306 4920 2446 4977 editi
2476 4923 2534 4975 et
2553 4910 2704 4988 Reg.
2738 4910 2994 4996 primus,
3019 4915 3108 4968 καὶ
3141 4910 3573 4996 ,ἐνηλλαγμένοᾳ
3605 4916 3761 4973 Beli-

2103 4983 2492 5068 quiflquatuor
2517 4983 2684 5054 mes;
2718 4983 2817 5068 {mil
2837 4983 3291 5068 ἐνηλλαγμένως.

2175 5053 2522 5133 (1)”Οοάἱοθε
2556 5069 2696 5126 tres,
2731 5057 2852 5133 ἐπί,
2875 5053 3260 5133 Ιὸἱᾶεῐῆίᾶυο
3310 5077 3478 5128 mss.,
3510 5078 3604 5111 ’του
3636 5053 3760 5111 ἐπι-

2100 5132 2412 5208 καιομένου.
2446 5140 2678 5208 Rursus
2709 5134 2812 5188 hoc
2843 5132 2966 5205 ipso
3008 5132 3066 5186 in
3115 5132 3242 5190 loco
3293 5133 3554 5206 quinque
3587 5147 3759 5197 mss.,

2103 5203 2370 5278 ἐξέπεσαν.
2404 5209 2573 5273 Editi,
2607 5203 2872 5278 ἐξέπεσον.

2174 5282 2251 5350 (2)
2281 5281 2469 5336 Codex
2517 5272 2693 5342 unus,
2749 5272 2838 5329 διὰ
2882 5277 3042 5350 τοῦτο
3093 5274 3208 5350 0va.
3259 5276 3462 5350 Statim
3515 5276 3762 5350 uterque

2103 5346 2360 5409 Combef.
2387 5356 2442 5406 et
2463 5353 2561 5408 alii
2590 5367 2732 5406 mss.
2757 5348 2938 5404 nostri
2966 5347 3137 5402 simul
3160 5365 3295 5403 cum
3316 5347 3490 5404 editis
3515 5346 3759 5410 habent,

2100 5421 2190 5476 καὶ
2226 5420 2294 5476 δι’
2325 5423 2487 5478 αὐτοῦ
2518 5423 2878 5492 σωθήσονται,
2911 5428 2962 5474 ει
2983 5435 3102 5492 iper
3130 5435 3279 5492 cum_
3299 5422 3535 5476 salutem
3564 5431 3757 5492 conia:

2102 5502 2360 5566 queritur.
2394 5482 2709 5568 Aliquanto
2750 5482 2882 5563 post
2929 5482 3071 5546 editi
3103 5495 3160 5545 et
3189 5490 3350 5548 Colb.
3386 5491 3636 5563 primus,
3669 5482 3760 5541 διὰ

2101 5567 2201 5625 τὴν
2232 5566 2455 5624 ὲαύτῶν.
2485 5569 2596 5625 Alii
2628 5569 2882 5625 quatuor
2912 5578 3080 5625 ωδε..
3114 5558 3204 5617 διὰ
3230 5563 3330 5625 τὴν
3363 5565 3561 5619 αυτῶν.

2157 5584 2201 5635 λν
2233 5584 2455 5624 εαῡτων.
2485 5584 2596 5625 Λιιι
2628 5584 2882 5640 quatuor
2912 5584 3080 5627 mss.,
3114 5584 3204 5617 οια
3230 5584 3330 5632 την
3363 5584 3561 5619 αυτων.

2173 5640 2246 5711 (3)
2279 5641 2428 5700 Editi
2457 5646 2513 5700 et
2541 5642 2674 5712 Reg.
2702 5635 3022 5705 secundus,
3043 5631 3405 5694 Ἐκλείποιεν.
3428 5641 3504 5693 At
3531 5635 3591 5692 in
3622 5629 3757 5688 aliis
