4150 6384
407 359 526 420 639

1227 351 1634 415 COMMENT.
1680 352 1760 413 IN
1806 351 2079 413 ISAIAM
2125 350 2634 411 PROPHETAM.
2680 349 2852 411 CAP.
2900 348 3030 411 XV.

3714 345 3833 406 630

408 489 625 561 ἄνομοι,
703 486 842 541 ὥστε
922 486 997 559 μὴ
1075 484 1340 560 ὀπάρχειν
1418 483 1634 546 αὐτούς’
1695 483 1803 558 οὐχ
1859 481 1932 544 ὡς
1982 481 2043 537 ei:

2175 500 2289 538 non
2321 484 2478 554 quod
2510 483 2721 539 abeant
2750 482 2807 537 in
2845 479 3118 550 nihilum,
3153 479 3253 534 sed
3297 477 3451 550 quod
3487 493 3830 533 semovean-

407 575 708 652 ἀφανισμὸν
742 581 1022 652 χωρῆσαι,
1057 572 1183 630 ἀλλ’
1213 575 1288 638 ὡς
1313 580 1416 644 τῆς
1467 572 1769 644 ἐπισκοπῆς
1799 575 1896 627 τοῦ
1927 575 2060 627 Θεοῦ

407 668 770 742 χωρισθῆναι,
821 663 968 727 ὅστις
1017 662 1156 718 ἐστὶν
1211 664 1238 717 6
1286 663 1564 734 ἀληθινῶς
1607 660 1703 717 ὣν·
1763 661 1813 717 τί
1845 660 2055 738 ἐροῦσιν

408 757 460 810 οἱ
496 755 737 832 βασιλεῖς
767 754 966 826 αὐτῶν,
1024 751 1291 823 τοσαύτην
1327 751 1586 830 διαφορὰν
1623 751 1917 826 βλέποντες
1947 755 2054 805 τῶν

402 865 461 899 τε
483 844 647 900 ἐθνῶν
681 843 770 898 καὶ
803 850 901 913 τῆς
954 843 1095 897 Σιών
1124 860 1137 911 ;
1197 843 1267 898 ’Ἡ
1297 839 1557 912 δηλονότι
1585 841 1662 904 εἷς
1710 840 2055 911 συναίσθησιν

402 932 642 1007 ἥξουσιν.
677 931 759 987 δτι
794 933 847 986 οἳ
902 932 997 1005 μὶν
1047 930 1278 986 κατὰτὰ
1306 927 1430 1002 ἔθνη
1497 934 1941 1007 περιπατοῦντες,
2002 927 2052 984 ἐν

401 1022 553 1096 σάλῳ
594 1023 693 1077 εἶσὶ
749 1018 838 1077 διὰ
883 1022 984 1092 τὴν
1034 1021 1237 1078 ἑαυτῶν
1295 1019 1507 1075 κακίανο
1563 1021 1616 1075 οἱ
1670 1017 1726 1074 δὲ
1783 1021 1872 1074 τὸν
1933 1023 2058 1073 νοῦν

404 1112 606 1167 ἑαυτῶν
671 1111 1070 1186 κεκαθαρμένον
1144 1106 1388 1185 ἔχοντες,
1460 1109 1520 1173 ὃς
1586 1109 1910 1182 ὀνομάζεται
1979 1109 2054 1182 (4)

405 1200 571 1255 Σιώψ
604 1196 791 1270 ἐπειδὴ
852 1198 1054 1264 ἐκεῖθέν
1089 1198 1200 1254 ἐστι
1231 1199 1294 1254 τὸ
1326 1199 1722 1274 σκοπευτήριον
1745 1199 1925 1268 πάσης
1955 1195 2054 1271 φύε

403 1310 559 1352 σεως.
619 1291 748 1346 Οἴον
789 1289 892 1365 γὰρ
953 1287 1058 1343 ἀπό
1115 1308 1258 1350 τινος
1319 1285 1622 1362 ἀκρωρείας
1672 1293 1772 1357 τῆς
1815 1290 1912 1342 τοῦ
1959 1289 2055 1340 νοῦ

405 1376 754 1452 ὑψηλότητος
787 1382 1067 1454 θεωρεῖται
1128 1377 1221 1451 μὶν
1253 1377 1281 1432 6
1330 1378 1562 1450 κόσμος,
1605 1374 1694 1431 καί
1743 1378 1778 1446 ἡ
1810 1375 1935 1452 περὶ
1967 1376 2050 1430 τὸν

399 1465 557 1522 αὐτὸν
614 1469 689 1542 (5)
750 1468 984 1541 εὐταξία,
1017 1466 1106 1522 καὶ
1163 1463 1252 1521 διὰ
1277 1464 1485 1521 τούτων
1519 1466 1546 1519 ὁ
1579 1466 1728 1530 Θεός·
1766 1469 2051 1541 θεωρεῖται

401 1552 459 1611 δὶ
488 1557 553 1612 τὰ
580 1561 676 1612 τοῦ
709 1557 831 1633 βίου
861 1555 1174 1632 πράγματα,
1225 1556 1314 1610 καὶ
1347 1557 1381 1624 ἡ
1416 1555 1467 1609 ἐν
1516 1555 1732 1617 τούτοις
1783 1553 2048 1610 εὐτέλεια.

394 1649 480 1708 Ὠς
537 1644 633 1700 οῦν
694 1646 873 1708 ὁνοῦς
907 1647 933 1700 6
970 1641 1403 1721 βεϐαπτισμένος
1453 1649 1534 1717 τῷ
1592 1641 1743 1717 οἷ’νῳ,
1793 1643 1883 1698 καὶ
1931 1648 2048 1706 τοῖς

395 1732 615 1798 λοιποῖς
647 1735 857 1803 πάθεσι,
888 1734 1072 1790 πίπτει
1108 1733 1227 1790 ὑπὸ
1251 1740 1350 1804 τῆς
1405 1733 1593 1807 μέθης’
1654 1732 1830 1796 οὕτως
1875 1734 1902 1787 6
1951 1753 2047 1787 κα-

391 1824 552 1900 θαρὸς
599 1822 715 1902 ἔχει
773 1823 1111 1897 θεμελιωτὴν
1147 1824 1338 1878 ἑαυτοῦ
1367 1823 1460 1878 τὸν
1507 1821 1656 1877 Θεόν.
1718 1822 1815 1877 Καὶ
1873 1824 1945 1895 (6)
1976 1819 2047 1876 δι’

389 1911 555 1967 αὐτοῦ
631 1914 684 1967 οἱ
750 1911 991 1968 ταπεινεὶ
1065 1916 1162 1968 τοῦ
1237 1909 1374 1967 λαοῦ
1430 1913 1794 1983 σωθήσονται.
1853 1910 2045 1967 Μακά-

2170 577 2267 626 tur
2296 589 2324 626 a
2359 577 2679 644 conspectu
2712 571 2834 643 Dei,
2867 571 2967 643 qui
2995 568 3092 624 ille
3122 567 3249 640 ipse
3279 571 3387 635 est,
3415 567 3512 638 qui
3547 583 3677 622 vere
3701 569 3828 623 est:

2170 661 2309 733 quid
2326 661 2536 716 dicturi
2553 667 2692 716 sunt
2714 677 2878 732 reges
2902 661 3358 727 eorum,tantam
3382 656 3543 710 illam
3565 655 3830 729 gentium

2169 755 2226 804 et
2246 751 2382 804 Sion
2408 751 2804 806 diversitatem
2828 746 3123 803 videntes?
3147 751 3342 801 Nonne
3371 744 3704 817 intelligent
3730 759 3832 799 eos

2167 839 2267 912 qui
2301 840 2568 911 gentium
2602 855 2763 894 more
2795 837 3123 906 ambulant,
3159 835 3368 909 agitari
3398 839 3453 888 et
3484 832 3827 889 conturbari

2167 929 2240 985 ob
2295 945 2462 984 suam
2515 929 2780 1002 ipsorum
2833 927 3182 999 nequitiam,
3245 940 3344 979 eos
3393 939 3530 978 vero
3576 938 3829 994 quorum

2170 1036 2338 1075 mens
2401 1024 2648 1091 purgata
2704 1021 2814 1088 est,
2859 1014 3217 1086 tranquillos
3263 1030 3391 1070 esse
3441 1016 3497 1068 et
3545 1016 3829 1085 pacatos:

2167 1125 2293 1180 quae
2327 1125 2492 1163 mens
2527 1106 2856 1179 appellatur
2885 1103 3206 1175 Sion,quod
3233 1101 3368 1158 inde
3390 1105 3602 1157 natura
3633 1100 3826 1156 omnis

2165 1195 2686 1268 inspiciatur.Nam
2714 1213 2747 1251 a
2779 1195 2988 1250 mentis
3027 1191 3388 1248 sublimitate
3416 1190 3578 1246 velut
3609 1206 3641 1246 ιι
3662 1205 3828 1246 sum-

2166 1299 2262 1339 mo
2291 1286 2506 1340 vertice
2539 1289 2596 1340 et
2627 1284 2886 1340 mundus
2917 1287 2975 1338 et
3003 1285 3197 1337 rectus
3226 1279 3384 1335 illius
3438 1279 3578 1335 ordo
3630 1278 3828 1334 consi-

2165 1374 2419 1440 deratur,
2454 1378 2509 1428 et
2541 1391 2643 1446 per
2672 1373 2795 1429 haec
2827 1373 3002 1428 Deus.
3045 1368 3377 1436 Quinetiam
3413 1385 3504 1423 res
3540 1368 3743 1423 mundi
3771 1369 3830 1422 et

2163 1480 2362 1519 earum
2415 1463 2608 1519 vilitas
2660 1466 3019 1535 spectantur.
3084 1458 3592 1524 Quemadmodum
3647 1457 3831 1529 igitur

2163 1555 2400 1609 animus
2431 1554 2564 1608 vino
2595 1553 2844 1625 aliisque
2868 1552 3026 1606 vitiis
3057 1550 3524 1618 immersus,pra3
3543 1547 3827 1603 ebrietate

2162 1644 2318 1699 cadit
2351 1661 2364 1699 :
2400 1643 2483 1698 ita
2501 1642 2736 1697 animus
2762 1659 2948 1714 purus
2978 1642 3160 1697 Deum
3188 1638 3363 1693 habet
3385 1637 3669 1708 suiipsius
3689 1637 3822 1691 fun-

2161 1733 2444 1787 datorem.
2498 1732 2560 1786 Et
2605 1748 2708 1804 per
2758 1748 2883 1787 cum
2932 1729 3169 1785 humiles
3210 1727 3390 1798 plebis
3434 1725 3820 1780 solvebantur.

2159 1821 2318 1878 Beati
2353 1821 2645 1894 siquidem
2676 1837 2961 1893 pauperes
2990 1820 3033 1854 ⁸⁷
3061 1836 3073 1873 :
3107 1822 3164 1874 et
3213 1832 3293 1872 vae
3344 1813 3645 1886 divitibus,
3677 1831 3821 1886 quo-

2158 1911 2314 1966 niam
2347 1911 2642 1983 recipiunt
2677 1909 3137 1966 consolationem
3173 1921 3342 1962 suam
3374 1904 3438 1959 ⁸⁸.

392 2021 499 2077 ριοι
532 2001 635 2078 γὰρ
668 2003 721 2057 o't
751 2003 994 2078 πτωχοίο
1028 2001 1118 2058 καὶ
1148 2002 1268 2057 οὐαὶ
1299 2006 1417 2065 τοῖς
1447 2001 1800 2071 πλουτοῦσιν,
1835 2002 1918 2056 ὅτι
1942 1999 2208 2076 ἀπέχουσι
2238 2000 2337 2070 τήν
2369 1997 2713 2074 παράκλησιν
2745 1999 2948 2055 αὐτῶν.

877 2201 1280 2258 ΚΕΦΑΑΑΙΟΝ
1323 2203 1406 2258 IE'
1436 2202 1535 2275 (7).

459 2289 583 2345 292.
618 2289 695 2346 Τὸ
727 2286 878 2365 ῥῆμα
932 2295 1033 2359 τῆς
1090 2284 1464 2354 Μωαϐίτιδος.
1499 2286 1780 2364 Συνάγαγε
1822 2289 1891 2344 τὰ
1919 2285 2043 2364 περὶ

384 2380 482 2432 τοῦ
507 2372 704 2447 Μωὰϐ,
741 2375 834 2432 τίνα
865 2375 1103 2452 δυνηθῇς
1160 2379 1339 2450 πάσης
1393 2384 1494 2450 τῆς
1537 2379 1654 2433 κατ’
1703 2377 1858 2433 αὐτὸν
1910 2390 2046 2452 πρὸ·

387 2464 610 2540 φητείας
643 2466 736 2521 τὸν
762 2470 883 2522 νοῦν
937 2461 1213 2524 ἐκλαϐεῖν.
1266 2469 1403 2524 Ἀπὸ
1464 2467 1559 2541 μὶν
1619 2470 1719 2532 τῆς
1755 2466 2041 2535 Γενέσεως,

383 2555 452 2609 τὰ
483 2554 606 2631 περὶ
639 2555 788 2628 Λὼτ,
816 2555 876 2610 ἐκ
929 2559 1031 2622 τῆς
1065 2558 1332 2634 θυγατρὸς
1389 2563 1488 2626 τῆς
1521 2551 1888 2632 πρεσϐυτέρας
1918 2576 2046 2630 γεν-

385 2649 589 2707 νῶντος
642 2645 734 2700 τὸν
794 2640 970 2702 Μωὰϐ
1025 2646 1228 2721 πατέρα
1275 2641 1614 2702 Μωάϐιτῶψ
1662 2645 1768 2700 ἀπὸ
1827 2643 1885 2699 δὲ
1934 2648 2040 2699 τῶν

389 2734 694 2807 Ἀριθμῶν,
727 2734 793 2789 τὰ
825 2735 961 2808 μετὰ
988 2740 1094 2790 τῶν
1147 2732 1390 2810 χαλκοῦν
1443 2733 1588 2813 ὄφιν.
1650 2737 1894 2803 Ἀπῆραν
1942 2734 2043 2810 γὰρ

395 2823 445 2877 o't
498 2823 608 2878 υἱοὶ
670 2823 933 2899 Ἰσραὴλ,
1011 2823 1101 2879 καὶ
1157 2819 1526 2900 παρενέϐαλον
1587 2823 1637 2879 ἐν
1691 2817 1903 2878 Ὠϐώθθ
1954 2823 2045 2877 καὶ

393 2911 674 2989 ἐξάραντες
731 2911 783 2984 ἐξ
862 2908 1063 2986 Ὠϐὼο,
1138 2909 1505 2988 παρενέϐαλον
1582 2912 1633 2968 ἑν
1699 2917 1768 2987 τῇ
1826 2911 2042 2987 ἐρήμῳ,

394 3001 428 3070 ἢ
491 3001 601 3056 ἐστι
655 3002 792 3058 κατᾶ
847 3001 1139 3078 πρόσωπον
1197 2997 1393 3060 Μωάϐ.
1427 3005 1550 3058 Ἔτι
1602 3003 1680 3076 (8)
1705 3001 1795 3055 καὶ
1825 3003 1892 3054 τὰ
1921 2999 2045 3076 περὶ

2789 2196 3024 2255 CAPUT
3061 2197 3174 2253 XV.

2224 2288 2347 2343 292.
2386 2289 2612 2346 Verbum
2645 2288 2975 2344 Moabitidis.
3008 2287 3226 2360 Collige
3256 2287 3437 2344 simul
3466 2305 3534 2345 ea
3583 2304 3714 2360 quas
3743 2287 3817 2342 de

2154 2378 2322 2434 Moab
2351 2379 2786 2450 scribuntur,ut
2817 2378 2998 2434 totius
3030 2378 3344 2450 prsphetiae
3376 2395 3502 2452 quae
3533 2379 3817 2434 adversus

2155 2484 2288 2523 eum
2323 2468 2617 2539 profertur
2658 2467 3107 2537 intelligentiam
3162 2468 3353 2540 possis
3401 2468 3704 2538 consequi.
3741 2471 3821 2522 Ex

2157 2556 2365 2612 Genesi
2399 2557 2639 2628 quidem
2668 2573 2794 2628 quae
2819 2562 3087 2628 spectant
3108 2558 3179 2612 ad
3209 2558 3446 2628 Lot,qui
3469 2574 3538 2612 ex
3567 2555 3688 2612 filia
3710 2573 3819 2611 sua

2156 2651 2300 2700 natu
2334 2647 2555 2716 majore
2586 2646 2790 2718 genuit
2814 2645 2978 2700 Moab
3026 2645 3418 2701 Moabitarum
3467 2650 3693 2717 patrem
3724 2644 3768 2679 3°
3798 2660 3812 2713 ;

2154 2751 2224 2790 ex
2251 2734 2400 2790 libro
2433 2752 2564 2790 vero
2594 2734 3006 2803 Numerorum,
3038 2751 3161 2805 quae
3195 2739 3327 2806 post
3383 2739 3644 2790 erectum
3695 2750 3815 2790 ser-

2156 2828 2389 2896 pentem
2420 2839 2646 2878 aeneum
2688 2822 3048 2878 acciderunt.
3081 2823 3228 2878 Nam
3276 2825 3516 2894 Profecti
3542 2827 3671 2878 sunt
3702 2823 3815 2894 ﬁlii

2153 2916 2303 2967 lsrac
2316 2911 2357 2979 l,
2387 2923 2438 2968 et
2467 2914 2846 2968 castramelali
2871 2920 2998 2968 sunt
3026 2915 3086 2968 in
3120 2911 3292 2967 Obolh
3310 2929 3332 2974 ,'
3363 2917 3416 2967 et
3458 2914 3717 2968 abeuntes
3743 2928 3813 2966 ea:

2159 3000 2352 3066 Oboth,
2384 3002 2756 3056 castramelali
2801 3009 2930 3056 sunt
2973 3002 3032 3056 in
3063 3016 3266 3069 eremo,
3313 3015 3441 3071 qua
3486 3005 3564 3056 ut
3616 3006 3814 3057 contra

393 3067 490 3144 τοῦ
522 3089 730 3161 Βαλὰκ,
755 3091 815 3152 ’ὀς
944 3092 1060 3152 υἱὸς
1097 3091 1350 3169 Σεπφὼρ,
1390 3067 1643 3166 βασιλεῦς
1663 3067 1871 3146 ’Μωάϐ.
1908 3067 2043 3145 Βου-

2161 3090 2356 3160 faciem
2385 3089 2538 3144 Moab
2573 3089 2636 3143 9°.
2682 3088 3025 3159 Adjicienda
3070 3094 3209 3144 sunt
3253 3067 3432 3144 etiam
3485 3105 3614 3161 qua:
3664 3089 3812 3146 refe-

396 3176 630 3250 λόμενος
661 3175 751 3232 διὰ
795 3184 896 3248 τῆς
942 3179 1179 3253 κατάρας
1222 3177 1608 3255 ἐξολοθρεῦσαι
1653 3179 1746 3232 τὸν
1799 3176 2042 3247 Ἰσραὴλ,

379 3263 733 3336 ἐξαπέστειλε
783 3267 920 3343 πρὸς
971 3267 1208 3340 Βαλαὰμ
1255 3268 1369 3322 υἱὸν
1422 3267 1574 3342 Βεὼρ
1634 3268 1902 3342 Παθουρᾶ,
1949 3268 2040 3321 τὸν

391 3353 785 3423 οἰωνοσκόπον,
841 3362 944 3426 τῆς
1001 3355 1256 3429 πορνείας
1301 3355 1392 3410 καὶ
1426 3353 1880 3430 εἶδωλολατρείας
1914 3355 2046 3427 σύμ-

385 3437 587 3499 ϐουλον
619 3447 716 3518 (9),
778 3441 847 3498 δι’
874 3445 932 3498 ὃν
994 3439 1378 3515 Ἐϐεϐηλώθη,
1413 3444 1599 3519 φησὶν,
1633 3446 1660 3499 6
1689 3443 1818 3506 λαὸς
1849 3443 1923 3505 εἷς
1946 3445 2041 3506 τὰς

384 3530 679 3606 θυγατέρας
756 3526 954 3605 Μωάϐ,
1021 3533 1112 3586 καὶ
1191 3531 1450 3587 ἇκάλεσαν
1521 3531 1716 3596 αὐτοὺς
1791 3531 1879 3586 ἰπὶ
1952 3533 2042 3586 θυ-

382 3620 526 3683 σίαις
577 3625 682 3676 τῶν
737 3617 985 3676 εἰδώλων
1048 3619 1226 3676 αὐτῶν
1286 3623 1439 3694 (10).
1498 3621 1774 3693 Ἐεέτασον
1828 3620 1918 3675 καὶ
1975 3621 2044 3676 τὰ

383 3708 510 3785 περὶ
558 3716 657 3779 τῆς
711 3708 868 3774 Ῥοὺθ
915 3716 1017 3779 τῆς
1070 3708 1130 3766 ἐκ
1193 3714 1290 3764 τοῦ
1335 3705 1687 3766 Μωαϐιτικοῦ
1734 3709 2043 3784 σπέρματος

386 3798 821 3872 προστιθεμένης
851 3802 930 3869 τῷ
962 3799 1206 3874 Ἰσραὴλ,
1237 3799 1329 3853 καὶ
1389 3797 1476 3854 ἐπὶ
1526 3803 1783 3853 τοσοῦτον
1836 3798 2038 3874 ἑξευγε-

387 3887 706 3958 νιζομένης,
738 3887 812 3949 ὡς
847 3888 959 3960 (11)
992 3887 1052 3942 οὗ
1115 3887 1277 3961 μόνον
1309 3887 1399 3942 τὸν
1435 3882 1622 3958 Δαϐὶδ,
1659 3886 1804 3942 ἀλλὰ
1834 3887 2036 3944 καὶτὸν

388 3972 585 4047 Κύριον
631 3976 792 4049 ἡμῶν
855 3974 948 4030 ἀπ’
1013 3974 1181 4042 αὐτῆς
1233 3974 1532 4032 ἀνατεῖλαι,
1593 3978 1688 4030 Καὶ
1754 3975 2040 4051 πειράθητι

384 4061 728 4139 πανταχόθεν
784 4064 961 4140 εὑρεῖν
1000 4065 1064 4119 τὸ
1098 4064 1252 4140 ῥῆμα
1281 4071 1381 4134 τῆς
1421 4059 1785 4134 Μωαϐίτιδος,
1818 4062 1870 4118 ἐν
1901 4066 1946 4137 ᾦ
1973 4067 2042 4121 τὰ

389 4153 485 4226 μὲν
514 4151 911 4224 ἆπειλητικῶς,
938 4154 1006 4208 τὰ
1037 4152 1094 4208 δὲ
1123 4154 1239 4209 κατ’
1297 4151 1618 4231 ἐπαγγελίαν
1671 4153 2039 4228 ἐσχημάτισεν

384 4242 412 4296 ὁ
445 4240 627 4316 λόγος.
655 4243 785 4298 Μετ’
817 4240 1198 4318 ὶπικαλύψεως
1228 4241 1286 4298 δὶ
1331 4241 1543 4315 εἷ’ρηται
1597 4243 1790 4316 πάντα,
1833 4241 1922 4298 τίνα
1977 4242 2038 4297 τὸ

381 4328 651 4404 κάλυμμα
677 4331 742 4386 τὸ
773 4330 860 4386 ἐπὶ
890 4335 958 4406 τῇ
991 4333 1290 4409 ἀναγνώσει
1322 4339 1422 4401 τῆς
1471 4331 1713 4394 Παλαιᾶς
1761 4333 2038 4403 Διαθήκης

2155 3177 2442 3232 runturde
2472 3176 2644 3232 Balac
2674 3177 2742 3244 '3,
2774 3177 2874 3248 qui
2902 3180 3026 3232 erat
3046 3177 3269 3250 Sephor
3298 3177 3588 3246 ﬁlius,rex
3617 3178 3810 3235 Moab.

2154 3266 2258 3321 Hic
2288 3283 2421 3321 cum
2457 3266 2731 3322 Israelem
2751 3265 2922 3322 vellet
2941 3268 3182 3337 perdere
3194 3284 3295 3339 per
3316 3267 3812 3336 maledictionem,

2154 3356 2317 3410 misit
2339 3357 2409 3411 ad
2433 3356 2671 3411 Balaam
2697 3356 2885 3410 tilium
2907 3355 3053 3411 Beor
3071 3356 3131 3411 in
3152 3356 3811 3430 Pathura,hariolum”,

2152 3445 2282 3515 cjus
2293 3445 2524 3500 consilii
2539 3445 2694 3515 quod
2711 3445 2782 3500 de
2796 3444 3178 3500 fornicatione
3192 3451 3249 3500 et
3263 3445 3594 3503 idololatria
3606 3447 3810 3511 datum

2151 3539 2295 3601 erat,
2327 3538 2649 3602 auctorem,
2682 3550 2784 3605 per
2815 3535 3224 3605 quem,inquit,
3255 3535 3499 3606 Papulas
3513 3552 3642 3590 cum
3662 3536 3810 3606 ﬁlia-

2151 3622 2248 3677 bus
2281 3623 2430 3678 Moab
2457 3623 2701 3693 pollutus
2750 3626 2849 3689 est,
2902 3639 2966 3678 ac
3005 3639 3131 3678 eum
3180 3633 3504 3680 vocaverunt
3554 3627 3699 3681 60l
3738 3626 3810 3682 ad

2147 3712 2430 3782 sacriﬁcia
2476 3712 2754 3767 idolorum
2802 3728 3027 3768 suorum
3075 3712 3138 3766 93.
3200 3712 3570 3770 Perscrutare
3627 3715 3805 3770 etiam

2149 3817 2276 3872 quae
2317 3801 2662 3856 scribuntur
2709 3802 2780 3856 de
2811 3801 2965 3856 Ruth
3018 3802 3081 3870 9‘,
3130 3819 3200 3856 ex
3250 3803 3474 3857 semine
3521 3811 3807 3874 prognata

2151 3890 2560 3958 Moabitarum,
2595 3906 2722 3962 quae
2756 3889 2955 3946 Israeli
2982 3890 3202 3946 sociata
3229 3896 3401 3958 est,et
3421 3892 3492 3948 ad
3523 3910 3649 3949 eam
3674 3909 3804 3964 per-

2147 3979 2307 4033 venit
2335 3979 2568 4050 generis
2599 3978 2950 4047 claritatem,
2984 3983 3048 4034 ut
3082 3997 3198 4034 non
3238 3979 3418 4035 David
3453 3979 3670 4048 solum,
3701 3981 3805 4036 sed

2147 4067 2325 4122 etiam
2354 4067 2642 4123 Dominus
2689 4071 2888 4124 noster
2940 4084 3006 4122 ex
3040 4084 3108 4123 ea
3156 4068 3443 4140 originem
3477 4072 3714 4126 traxerit
3738 4070 3804 4126 π.

2147 4161 2339 4228 Atque
2369 4173 2608 4228 cperam
2641 4157 2734 4226 da,
2788 4160 2852 4211 ut
2905 4156 3209 4213 undelibet
3252 4174 3421 4214 eruas
3469 4159 3808 4215 Moabitidis

2149 4261 2386 4316 nomen,
2420 4262 2534 4316 quo
2565 4245 2810 4318 figurate
2833 4244 2893 4300 in
2918 4246 3222 4317 Scriptura
3251 4246 3663 4319 exprimuntur
3693 4249 3808 4304 alia

2149 4333 2386 4406 quidem
2439 4335 2498 4389 in
2553 4335 3034 4399 comminationis
3083 4336 3348 4406 modum,
3403 4335 3516 4393 alia
3560 4353 3693 4393 vero
3743 4339 3805 4394 in

380 4419 658 4493 κείμενον,
718 4418 806 4475 ἐὰν
867 4419 1202 4494 λυπηθῶμεν
1263 4418 1540 4491 ὰληθινῶς
1589 4418 2038 4497 ἐπιστρεφόμενοι

2161 4424 2393 4479 modum
2429 4422 2892 4496 pollicitationis.
2925 4423 3089 4480 Dicta
3118 4423 3274 4480 enim
3306 4428 3446 4481 sunt
3474 4426 3674 4483 omnia
3702 4427 3806 4483 ob-

381 4507 522 4585 πρὸς
553 4509 782 4586 Κύριον,
812 4511 1132 4586 περιαιρεθῇ
1164 4511 1351 4584 ἡμῶν.

2152 4529 2343 4583 scure,
2377 4518 2442 4567 ut
2469 4511 2730 4568 velamen
2762 4511 2998 4568 lectioni
3034 4512 3263 4570 Veteris
3311 4515 3672 4572 Testamenti
3704 4533 3804 4573 su-

379 4599 753 4672 Perpositum
779 4617 815 4658 a
846 4601 1016 4658 nobis
1047 4601 1377 4671 auferatur,
1412 4601 1462 4658 si
1499 4603 1673 4659 modo
1704 4603 1776 4659 ad
1818 4601 2130 4659 Dominum
2159 4617 2292 4659 vere
2321 4601 2886 4670 conversi,molestia
2915 4602 3264 4659 efﬁciamur.

455 4705 510 4782 fl
533 4706 696 4762 Matt.
723 4723 779 4775 v,
812 4707 866 4782 3.
941 4707 986 4745 ⁸⁸
1019 4708 1158 4782 Luc.
1190 4723 1270 4782 v1,
1299 4707 1397 4782 24.
1465 4709 1512 4745 ⁸⁸
1540 4708 1683 4766 Gen.
1713 4728 1828 4778 xxx,
1860 4710 1952 4767 37.
2027 4711 2043 4747 '

2161 4726 2277 4766 um.
2311 4727 2428 4782 xxx,
2479 4711 2690 4781 10,11.
2767 4710 2812 4748 ⁰¹
2845 4714 3020 4766 Num.
3071 4727 3212 4780 xxu,
3259 4711 3315 4767 2.
3393 4713 3436 4749 9‘
3479 4713 3623 4769 ibid.
3654 4715 3711 4780 5,
3741 4717 3798 4770 6.

386 4776 432 4813 ’³
460 4779 775 4848 Num.nv,
809 4780 862 4849 1,
895 4782 950 4834 2.
1025 4780 1073 4816 ⁹⁴
1099 4779 1277 4836 Ruth.
1308 4797 1348 4851 ι,
1380 4781 1434 4837 3.
1510 4782 1555 4818 ⁸⁵
1584 4782 1789 4840 Matth.
1814 4776 1861 4852 ῆι,
1892 4783 1948 4838 5.

384 4903 641 5030 xilratuor
684 4917 828 4986 mss.
860 4906 918 4959 et
969 4902 1125 4987 apud
1175 4902 1314 4959 LXX
1365 4904 1603 4977 legitur,
1633 4904 2038 4996 'Exhlwtowgv.

458 4977 700 5030 iuuante
750 4975 905 5030 infra
950 4977 1091 5030 editl
1119 4979 1178 5030 et
1206 4977 1321 5030 duo
1367 4993 1539 5030 mss..
1569 4978 1599 5030 ὁ
1639 4976 1901 5030 ἀληθινὸς
1945 4997 2038 5030 ων.

434 4971 700 5048 liquente
750 4971 1091 5048 infra‘ed'iti
1119 4979 1178 5030 et
1206 4977 1321 5031 duo
1350 4971 1539 5048 _m§s.,
1569 4971 1599 5031 ὁ
1639 4976 1901 5048 ἀληθινὸς
1945 4971 2038 5035 ὤν.

385 5043 652 5119 Διῇζιιιοε
683 5063 853 5119 mss.,
884 5043 1186 5116 ἀληθινῶς,
1220 5046 1460 5119 rectius.

457 5115 535 5259 (4)
561 5117 652 5174 Sic
686 5115 1090 5176 mssfomnes.
1122 5119 1297 5186 Editi,
1330 5116 1380 5173 οἳ
1415 5117 1798 5194 ὀνομάζονται.

479 5187 514 5241 5
567 5189 740 5256 Editi,
773 5192 809 5259 ἡ
837 5190 959 5259 περὶ
999 5193 1097 5245 τοῦ
1149 5189 1382 5259 κόσμου.
1415 5198 1490 5247 At
1537 5210 1680 5250 mss.
1715 5200 1780 5250 ut

384 5187 550 5313 “£521
567 5189 740 5256 Editi,
773 5192 809 5261 ἡ
837 5190 959 5265 περὶ
999 5193 1097 5245 τοῦ
1149 5189 1382 5263 κόσμου.
1415 5198 1490 5247 At
1518 5187 1680 5250 'mss.
1715 5200 1780 5250 ut
1810 5193 1869 5248 in
1901 5209 2043 5249 con-

416 5274 571 5315 anu.

460 5331 536 5402 (6)
563 5331 844 5389 Voculam
885 5330 976 5388 καί
1006 5350 1076 5389 ex
1105 5332 1410 5390 codicibus
1458 5335 1764 5393 nonnullis
1813 5335 2042 5392 addidi-

388 5417 544 5482 mus.
571 5403 779 5482 Statim
804 5405 942 5482 Reg.
961 5405 1258 5482 secundus
1287 5405 1390 5482 γάρ
1422 5427 1607 5480 φησιν.
1629 5408 1850 5464 Ibidem
1886 5409 2043 5464 idem

391 5475 594 5546 codex,
627 5473 745 5529 υύαὶ
777 5473 1231 5540 τοῖξπλουσίοις.

461 5548 538 5621 (7)
569 5546 673 5603 Ηίο
703 5547 918 5621 legitur
962 5550 1022 5604 in
1071 5548 1376 5606 vetustiori
1405 5550 1834 5621 Combeﬁsiano
1883 5555 1940 5606 et
1985 5551 2044 5605 in

395 5617 549 5696 aliis_
585 5617 789 5696 tribus
803 5622 1124 5696 codicibus
1158 5637 1171 5676 :
1213 5621 1434 5696 Ὅρασις
1467 5617 1747 5696 _8:,"Visio
1798 5631 1994 5696 quarta
2020 5639 2043 5696 _:

397 5640 528 5673 auls
585 5640 776 5678 ιιυιυυε
823 5640 1171 5678 οοαιοιῡιιες
1215 5640 1434 5696 νυρασις
1487 5640 1553 5690 ο,
1606 5640 1747 5679 ymo
1833 5640 1994 5678 uaria
2025 5640 2043 5677 .'

397 5690 552 5762 apud
601 5691 934 5790 Eusebium
971 5708 1108 5750 vero
1156 5696 1214 5750 et
1259 5694 1416 5767 apud
1464 5693 1605 5752 LXX
1639 5709 1653 5750 :
1683 5694 1754 5748 Τὸ
1798 5640 1956 5771 ginta
1982 5693 2046 5746 τὸ

2149 4903 2296 5003 κατέ
2312 4897 2821 5003 πὶῇςλιιιωοιϐίτιδοεςιέ1
2845 4905 3076 4963 Verbum
3103 4911 3294 4964 contra
3322 4907 3690 4966 Moabitidem.

2327 4978 3006 5132 ggggﬁtiguaonggglisii
3025 5004 3228 5132 rode;
3258 5055 3316 5106 et
3343 5050 3459 5106 duo
3483 5049 3607 5132 alii
3629 5067 3804 5132 _ms_s.
3833 5087 3843 5098 -

2152 5115 2291 5176 cum'
2336 5123 2528 5187 editis,
2581 5115 2881 5192 σύμϐολον.
2916 5122 3080 5178 Unde
3126 5124 3436 5191 interpres,
3470 5125 3806 5180 idololatrias

2150 5194 2482 5264 symbolum.
2516 5194 2679 5249 Alter
2727 5193 3060 5250 Combeﬁsii
3110 5196 3291 5250 codex
3319 5202 3375 5249 et
3404 5195 3564 5251 Colb.
3596 5213 3806 5252 secun-

2152 5258 2287 5348 dus,
2319 5258 2657 5338 σύμϐουλον,
2689 5265 3029 5322 idololatriae
3058 5281 3359 5336 suasorem,
3381 5275 3676 5340 auctorem,
3710 5285 3810 5341 op-

2150 5343 2315 5392 time.

2249 5409 2332 5480 10)
2391 5408 2592 5480 Codex_
2641 5425 2794 5480 unus
2851 5423 2985 5480 cum
3060 5411 3308 5480 utroque
3373 5410 3660 5480 ,Combet'.,
3713 5408 3801 5463 καὶ

2156 5475 2403 5532 ἐκάλεσεν
2446 5478 2644 5540 αὑτοὺς
2682 5477 2769 5533 ἰπὶ
2812 5477 3030 5550 θυσίαις
3068 5482 3175 5531 τῶν
3212 5475 3480 5535 ἐἰδώλων
3540 5475 3723 5550 αὐτοῦ,
3755 5489 3808 5538 αι

2154 5554 2362 5607 vocavit
2391 5567 2479 5606 eos
2510 5552 2580 5606 ad
2606 5551 2885 5620 sacriﬁcia
2913 5549 3192 5606 idolorum
3219 5569 3471 5610 suorum.

2227 5624 2340 5693 (11)
2369 5623 2460 5678 Sic
2492 5627 2735 5694 uterque
2757 5622 3014 5677 Combef.
3040 5639 3174 5694 cum
3207 5624 3338 5682 aliis
3369 5625 3560 5682 tribus
3591 5623 3804 5682 codici-

2155 5687 2287 5751 bus.
2319 5687 2496 5766 Editi,
2527 5687 2992 5771 lEco-vevmopévnc
3021 5687 3178 5770 πρός.
