4150 6418
338 327 451 388 631

409 459 537 515 293.
595 459 769 515 Vsus.
827 459 882 515 4.
943 460 1114 516 Noctu
1172 461 1378 532 peribit
1448 462 1696 517 Moabitis
1751 479 1770 517 :

343 550 490 606 enim
520 549 726 620 peribit
752 565 945 605 murus
973 549 1469 614 Moabitidisﬂuod
1503 554 1679 605 noctu
1716 552 2011 623 irrogatur

353 638 901 710 supplicium,solet
927 655 1053 694 esse
1086 638 1376 694 acerbius.
1420 639 1562 695 Nam
1595 656 1727 695 cum
1761 641 2012 712 cuipiam

348 726 573 798 aliquid
597 728 810 784 accidit
835 729 1058 783 adversi
1087 728 1472 796 interdiu,lux
1495 730 1624 801 ipsa
1654 747 1856 786 eorum
1883 747 2010 802 quas

348 815 502 870 ﬁunt
531 815 807 872 solatium
840 821 930 872 est
959 820 1017 871 et
1047 817 1312 873 lavamen
1349 835 1361 872 :
1397 835 1513 873 nux
1567 836 1700 875 vero
1730 819 1816 874 vel
1851 836 1919 874 ex
1951 835 2012 875 se

351 903 482 976 ipsa
514 909 603 960 est
633 905 913 976 quiddam
949 905 1118 960 triste
1150 911 1206 960 et
1237 908 1701 973 tetricum.Quod
1737 909 1784 964 si
1806 925 2014 964 aerum-

353 1010 459 1048 nas
493 998 549 1048 et
601 993 968 1050 calamitates
1019 995 1331 1066 adjunctas
1383 998 1615 1065 habeat,
1666 999 1924 1053 dolorem
1959 1003 2016 1054 et

351 1081 684 1137 molestiam
716 1099 831 1138 non
862 1100 1069 1156 parum
1109 1085 1438 1157 auget.Tibi
1471 1086 1655 1158 igitur
1682 1086 1858 1142 velim
1884 1087 2012 1142 ani-

351 1187 444 1226 mo
469 1170 656 1243 ﬁngas
681 1180 1028 1228 nocturnam
1052 1173 1308 1229 hostium
1335 1175 1810 1247 irruptionem,et
1833 1175 2015 1248 inOpi-

351 1277 488 1315 num
519 1260 944 1332 incursionem,
979 1262 1293 1319 mulierum
1329 1281 1394 1320 ac
1424 1264 1743 1321 liberorum
1772 1265 2015 1322 servitu-

355 1353 684 1420 tem,opum
705 1351 1342 1422 direptionem,ca3dem
1367 1354 1698 1425 eorum,qui
1719 1354 1777 1410 in
1801 1371 2015 1411 manus

352 1437 615 1492 hostium
647 1439 933 1510 venerint,
969 1441 1249 1496 moenium
1282 1443 2015 1513 eversionem,incendium

355 1527 628 1583 civitatis.
660 1533 825 1584 noctu
855 1529 1035 1600 igitur
1062 1531 1262 1602 peribit
1291 1547 1483 1587 murus
1511 1533 1837 1589 Moabitidis.
1869 1533 2014 1590 Nam

361 1617 645 1671 mmnium
679 1618 903 1673 ambitu
949 1623 1197 1687 vastato,
1250 1622 1581 1678 necessario
1630 1622 1806 1678 etiam
1839 1622 2018 1678 simul

361 1705 735 1778 disperibunt
764 1709 863 1778 qui
899 1707 1012 1762 sibi
1045 1707 1103 1763 in
1137 1709 1282 1781 ipsis
1306 1709 1713 1782 proponebant
1743 1713 2021 1768 securita-

360 1800 503 1850 tem.
535 1799 711 1853 Vsas.
743 1798 797 1852 2.
832 1798 1016 1854 Dotetc
1044 1799 1246 1870 igitur,
1279 1799 1559 1872 inquit,in
1587 1804 2016 1876 vobismetipsis:

357 1885 566 1957 peribit
593 1887 742 1941 enim
784 1893 838 1942 et
865 1888 1096 1957 Deebon,
1128 1891 1228 1944 ubi
1282 1895 1362 1945 est
1392 1907 1493 1945 ara
1552 1903 1733 1947 vestra
1764 1912 1782 1947 :
1814 1894 1911 1948 illo
1940 1909 2023 1947 as-

364 1974 610 2031 cendeti:
665 1976 737 2031 ad
788 1977 1138 2049 plorandum.
1212 1979 1389 2036 Dotetc
1463 1983 1526 2037 in
1605 1984 2022 2055 vobismctipsis.

369 2064 584 2120 Beatus
614 2069 702 2120 est
732 2065 968 2134 quidem
993 2067 1266 2140 quisquis
1299 2069 1556 2126 animam
1581 2089 1788 2143 puram
1823 2089 2025 2128 conse-

371 2157 567 2224 cutus,
599 2153 822 2210 nullum
855 2172 982 2227 qua)
1015 2155 1127 2212 sibi
1159 2158 1396 2230 propria
1427 2159 1710 2227 sit,habet
1743 2161 2026 2217 maerendi

373 2242 680 2298 materiam
713 2260 726 2298 ε
761 2245 861 2300 sed
895 2245 1172 2316 quoniam
1205 2247 1460 2304 cbaritas
1493 2266 1608 2304 non
1667 2251 1872 2321 quaerit
1902 2268 2029 2323 quae

374 2349 483 2389 sua
515 2332 756 2400 sunt”;
790 2333 1021 2390 dolente
1053 2337 1338 2405 membro,
1372 2337 1532 2393 dolet
1562 2339 1742 2394 simul
1788 2345 1844 2394 et
1884 2340 2029 2411 ipse,

381 2419 677 2493 simulque
728 2422 1030 2494 afﬂigitur,
1065 2429 1122 2479 et
1178 2425 1278 2480 ﬂet
1328 2443 1459 2481 cum
1519 2429 1816 2496 ﬂentibus,
1861 2430 2034 2500 juxta

378 2510 723 2583 Apostolum
781 2513 845 2584 ’7,
880 2514 1066 2568 multo
1124 2513 1224 2585 qui
1274 2521 1407 2571 ante
1477 2523 1877 2588 peccaverant,
1929 2534 2034 2574 nec

383 2604 625 2672 egerant
671 2601 1072 2671 paenitentiam
1125 2602 1442 2675 lugentem.
1495 2605 1601 2670 Qui
1654 2624 1860 2662 rursus
1908 2607 2030 2662 ait:

385 2689 634 2743 Tristitia
662 2689 807 2744 mihi
834 2706 1041 2761 magna
1072 2696 1232 2759 est,et
1251 2696 1548 2750 continuus
1568 2695 1728 2751 dolor
1741 2696 1897 2751 cordi
1916 2711 2034 2752 meo

373 2793 476 2848 pro
502 2778 774 2850 fratribus
797 2779 953 2848 meis,
1013 2781 1111 2852 qui
1137 2785 1268 2837 sunt
1295 2785 1520 2852 cognati
1573 2785 1683 2839 mei
1736 2785 2034 2840 secundum

374 2882 599 2923 carnem
628 2865 692 2923 ⁸³.
725 2867 886 2932 Quod
919 2869 970 2925 si
1002 2869 1296 2942 quispiam
1331 2889 1445 2927 non
1480 2876 1569 2928 est
1598 2873 2030 2944 ejusmodi,sed

371 2955 430 3010 in
462 2957 588 3012 suis
629 2955 932 3014 volutatur
961 2959 1236 3031 peccatis,
1297 2960 1393 3016 hic
1449 2962 1669 3018 suimet
1725 2979 1902 3018 causa
1959 2963 2037 3019 sit

370 3049 639 3115 mmstus,
663 3050 730 3102 ut
748 3047 849 3119 qui
869 3048 942 3103 ab
964 3050 1132 3105 hoste
1154 3051 1436 3107 adversus
1458 3067 1632 3123 quem
1657 3057 1749 3108 est
1769 3052 2030 3121 luctatio,

1282 327 1674 389 APPENDIX
1723 327 2048 390 OPERUM
2094 330 2161 390 8.
2207 329 2488 392 BASILlI
2535 329 2808 392 MAGNI.

1828 466 1999 518 noctu
2027 465 2084 530 Α
2182 461 2308 518 293.
2388 462 2595 524 Νυκτὸς
2682 460 2968 517 ἀπολεῖται
3051 462 3087 530 ἡ
3169 453 3481 522 Μωαϐῖτις’

3641 329 3763 391 632

3569 459 3766 522 νυκτὸς

2120 550 2222 626 γὰρ
2284 550 2567 607 ἀπολεῖται
2623 551 2686 606 τὸ
2742 555 2928 628 τεῖχος
2973 556 3073 618 τῆς
3133 543 3504 612 Μωαϐίτιδος.
3565 553 3776 625 Πεκρο-

2119 637 2248 714 τέρα
2295 642 2329 709 ἡ
2389 639 2615 705 κόλασις
2669 643 2704 709 ἠ
2736 638 2788 694 ἐν
2816 640 2968 694 νυκτὶ
2999 641 3416 716 προσαγομένη.
3449 641 3510 696 Ὁ
3540 639 3636 712 μὲν
3667 641 3774 715 γὰρ

2120 727 2172 783 ἐν
2206 727 2386 804 ἡμέρᾳ
2443 731 2672 805 πάσχων
2705 751 2756 784 τι
2784 734 2892 785 τῶο
2925 734 3344 804 περιπατικῶν,
3401 729 3534 784 αὐτὸ
3560 730 3624 783 τὸ
3656 733 3776 803 φῶς

2122 814 2239 890 ἔχει
2270 817 2614 892 παραμυθίαν
2646 823 2752 872 τῶν
2803 819 3123 892 γινομένωψ
3172 819 3206 886 ἡ
3260 814 3316 872 δὲ
3366 815 3456 889 νὺξ
3511 815 3602 870 καὶ
3659 817 3780 870 καθ’

2123 907 2317 975 ἑαυτὴν
2386 910 2498 981 (12)
2569 907 2884 982 σκυθρωπόν
2924 928 3012 964 ,τι
3089 911 3336 982 πρᾶγμα·
3415 904 3502 959 ἐὰν
3574 902 3631 959 δὶ
3685 903 3782 960 καὶ

2122 995 2264 1066 πάθη
2320 991 2604 1072 προσλάϐῃ
2632 996 2723 1050 καὶ
2757 997 3059 1073 συμφορὰς,
3105 993 3325 1064 πολλὴν
3357 999 3508 1048 ποιεῖ
3536 998 3643 1047 τῶν
3679 992 3784 1049 ἀλ-

2122 1088 2315 1162 γεινῶν
2346 1086 2444 1153 τήν
2480 1082 2742 1142 ἐπίδοσιν.
2798 1084 3017 1155 Νόησον
3071 1081 3161 1139 οῦν
3196 1103 3287 1158 μοι
3320 1082 3638 1158 νυκτερινὴν
3688 1078 3786 1160 ἔφ-

2124 1172 2248 1230 οδον
2279 1173 2589 1248 πολεμίων,
2618 1171 3030 1250 ἀπροσδόκητον
3080 1170 3456 1249 καταδρομὴν,
3507 1175 3784 1248 γυναικῶν

2123 1264 2213 1319 καὶ
2257 1262 2465 1319 παίδων
2510 1261 3031 1340 έξανδραποδισμὸν,
3091 1260 3399 1339 χρημάτων
3447 1259 3786 1338 διαρπαγὴν,

2126 1353 2287 1433 φόνον
2333 1358 2442 1408 τῶν
2493 1353 2570 1416 εἷς
2618 1358 2810 1429 χεῖρας
2853 1352 3283 1430 ἀφικνουμένων,
3337 1349 3559 1427 τείχους
3614 1372 3787 1406 κατα-

2127 1445 2391 1522 στροφὴν,
2447 1441 2772 1521 ἐμπρησμὸν
2814 1441 3049 1504 πόλεως.
3102 1441 3310 1504 Νυκτὸς
3366 1438 3458 1496 οῦν
3491 1439 3782 1496 ἀπολεῖται

2124 1535 2188 1589 τὸ
2233 1539 2422 1608 τεῖχος
2449 1539 2548 1602 τῆς
2578 1527 2947 1594 Μωαϐίτιδος.
2977 1537 3086 1600 Τῆς
3118 1531 3222 1606 γὰρ
3252 1533 3362 1585 τῶν
3391 1534 3595 1606 τειχῶν
3627 1549 3773 1605 περι.

2129 1618 2307 1693 ϐολῆς
2338 1622 2731 1699 ἐρημωθέντες,
2765 1621 3068 1696 ἀναγκαίως
3114 1621 3204 1675 καὶ
3237 1620 3289 1674 οἱ
3317 1620 3417 1688 τὴν
3449 1619 3542 1674 ἀπ’
3598 1617 3775 1675 αὐτῶν

2126 1711 2419 1790 ἀσφάλειαν
2473 1706 2924 1790 προϐαλλόμενοί
2991 1708 3446 1767 συναπολοῦιται.
3500 1710 3770 1764 Λυπεῖσθε

2130 1803 2222 1857 οὗν
2270 1804 2381 1874 (13)
2441 1800 2521 1868 ἐφ’
2552 1803 2784 1869 ἑαυτοῖς,
2818 1800 3004 1878 φησίν
3039 1797 3325 1854 ἀπολεῖται
3379 1799 3483 1875 γὰρ
3524 1797 3616 1852 καὶ
3647 1804 3784 1870 Δεη-

2135 1886 2270 1959 ϐὼν,
2328 1892 2389 1945 οὐ
2443 1892 2470 1946 ὁ
2520 1890 2711 1966 βωμὸς
2774 1891 2950 1962 ὑμῶν·
2998 1887 3110 1943 ἐκεῖ
3167 1882 3497 1958 ἀναϐήσεσθε
3551 1885 3788 1943 κλαίειν.

2136 1985 2402 2043 Λυπεῖσθε
2483 1979 2564 2054 ἐφ’
2632 1979 2861 2042 ἑαυτοῖς.
2916 1977 3198 2052 Μακάριος
3281 1976 3376 2050 μὲν
3434 1977 3580 2038 ὅστις
3635 1987 3796 2040 καθα-

2139 2070 2234 2145 ρὰν
2291 2066 2434 2146 ἔχων
2485 2070 2583 2137 τήν
2644 2069 2829 2144 ψυχὴν
2861 2067 3074 2136 ἑαυτοῦ,
3138 2067 3212 2139 μὴ
3274 2063 3388 2142 ἔχει
3447 2067 3562 2140 (44)
3593 2065 3793 2121 οἰκείαν

2140 2159 2388 2223 ὑπόθεσιν
2423 2157 2623 2228 λύπης·
2660 2155 2749 2212 διὰ
2780 2154 2836 2211 δὲ
2866 2156 2930 2211 τὸ
2959 2157 3057 2226 τὴν
3110 2154 3325 2231 ἀγάπην
3383 2155 3460 2227 μὴ
3504 2160 3682 2225 ζητεῖν
3731 2158 3794 2210 τὸ

2140 2249 2359 2319 ἑαυτῆς,
2410 2249 2723 2322 πάσχοντος
2778 2243 2999 2320 μέλους,
3062 2245 3406 2319 συμπάσχων
3465 2245 3556 2299 καὶ
3609 2242 3790 2313 αὒτὸς,

2139 2339 2229 2393 καὶ
2261 2336 2736 2409 συλλυπούμενος,
2764 2335 2852 2390 καὶ
2885 2333 3089 2389 κλαίων
3127 2333 3261 2407 μετὰ
3285 2331 3613 2404 κλαιόντων,
3661 2335 3798 2389 κατὰ

2140 2429 2234 2482 τὸν
2281 2424 2640 2482 Ἀπόστολον.
2693 2425 2784 2480 τὸν
2843 2427 3138 2487 πενθοῦντα
3192 2420 3442 2484 πολλοὺς
3491 2427 3600 2477 τῶν
3660 2444 3796 2500 προ-

2144 2517 2571 2593 ημαρτηκότων,
2628 2513 2720 2569 καὶ
2756 2513 2832 2587 μὴ
2867 2511 3337 2586 μετανοησάντων.
3384 2513 3486 2576 ’Ὀς
3513 2509 3678 2567 πάλιν
3708 2511 3796 2568 λέ-

2141 2626 2242 2683 γει·
2303 2608 2426 2663 ’Ότι
2492 2603 2640 2674 λύπη
2701 2603 2794 2676 μοί
2851 2601 2960 2657 ἐστι
3019 2599 3256 2676 μεγάλη,
3302 2599 3392 2656 καὶ
3448 2598 3796 2663 ἀδιάλειπτος

2144 2693 2310 2764 ὀδύνη
2341 2697 2409 2761 τῆ
2452 2690 2650 2769 καρδίᾳ
2700 2714 2806 2765 μου
2857 2691 2991 2766 ὑπὶρ
3037 2695 3146 2745 τῶν
3193 2687 3445 2765 ἀδελφῶν
3505 2712 3631 2764 μου,
3685 2696 3788 2747 τῶν

2143 2789 2408 2858 συγγενῶν
2472 2804 2598 2856 μου,
2631 2784 2743 2854 (45)
2794 2781 2930 2836 κατὰ
2982 2781 3174 2856 σάρκα.
3229 2780 3288 2836 El
3349 2777 3404 2834 δέ
3457 2799 3540 2842 τις
3572 2781 3645 2854 μή
3677 2801 3787 2835 τοι-

2144 2875 2300 2936 οῦτός
2328 2873 2490 2944 ἐστιν,
2522 2871 2670 2927 ἀλλὰ
2695 2876 2815 2933 ταῖς
2849 2867 3009 2932 ἰδίαις
3036 2868 3324 2944 ἁμαρτίαις
3374 2865 3776 2945 ἐγκαλινδιῖται,

2144 2964 2301 3026 οὗτος
2361 2961 2442 3039 ἐφ’
2515 2959 2688 3033 ἑαυτῷ
2755 2957 3073 3027 λυπείσθω,
3153 2956 3443 3032 νικωμένῳ
3520 2958 3618 3012 ὑπό
3683 2960 3778 3011 τοῦ

2145 3051 2369 3129 ἰχθροῦ,
2397 3051 2532 3128 πρὸς
2563 3046 2619 3104 ’o'v
2654 3049 2795 3104 ἐστιν
2825 3050 2860 3118 ἡ
2895 3046 3139 3118 πάλη.Ἡ
3166 3046 3364 3103 τούτου
3393 3044 3537 3116 λύπη
3568 3044 3784 3122 εὐφραί-

367 3135 558 3192 victus
590 3135 765 3209 fuerit
795 3141 854 3193 et
885 3144 1222 3210 superatus.
1255 3140 1444 3211 Hujus
1499 3140 1738 3196 tristitia
1769 3140 2029 3196 laetitiam

2141 3163 2219 3198 νει
2251 3142 2342 3196 τὸν
2374 3145 2491 3202 τοῖς
2525 3136 2934 3200 διδασκαλικοῖς
2961 3133 3153 3212 λόγοις
3203 3135 3460 3214 ένάγοντα
3506 3133 3661 3190 αὐτὸν
3714 3132 3791 3194 εἷς

373 3224 529 3296 parit
556 3223 608 3280 ci
640 3225 742 3297 qui
765 3225 963 3298 ipsum
995 3227 1271 3284 doctrinae
1298 3229 1490 3285 verbis
1513 3231 1580 3285 ad
1607 3231 2029 3287 conscientiam

2146 3229 2516 3301 συναίσθησιν.
2546 3234 2634 3293 Ὠς
2662 3227 2764 3303 γὰρ
2796 3226 2864 3282 τὰ
2909 3225 3133 3281 καίοντα
3171 3226 3262 3280 καὶ
3311 3222 3618 3294 κολάζοντα
3661 3222 3794 3301 φάρ-

374 3315 1138 3380 revocat.Quemadmodum
1170 3318 1326 3374 enim
1359 3319 1677 3390 pharmace
1701 3338 1828 3393 quae
1853 3326 2034 3378 urunt

376 3407 435 3458 et
463 3404 747 3474 cruciant,
780 3404 1388 3480 ulcera,foetoremque
1419 3425 1488 3465 ex
1521 3425 1663 3482 pure
1694 3411 2034 3482 eﬂ'usum,et

373 3489 620 3546 vulnera
648 3498 924 3564 corrupta
948 3489 1318 3567 exstergunt,‘
1365 3512 1728 3570 corporaque
1779 3499 2034 3555 reddunt

378 3580 569 3652 magis
597 3579 810 3637 idonea
829 3581 900 3636 ad
915 3599 1042 3638 eam
1063 3600 1187 3656 qute
1208 3601 1313 3640 suo
1332 3584 1456 3642 loco
1489 3586 1553 3642 fit
1575 3587 1989 3644 obductionem
2017 3606 2030 3644 :

376 3670 532 3726 haud
558 3671 906 3728 dissimilem
928 3691 1167 3730 sensum
1193 3674 1408 3732 habere
1432 3677 1577 3733 mibi
1617 3679 2030 3748 videturillud,

375 3760 558 3815 Dotete
579 3761 1060 3835 invobismetipsis
1079 3783 1090 3819 :
1108 3767 1263 3836 quod
1280 3766 1494 3822 dicitur
1517 3769 1796 3825 adversus
1809 3770 2033 3841 eos,qui

376 3850 678 3921 sapientiae
734 3850 989 3922 alicujus
1028 3854 1265 3910 nomine
1298 3855 1645 3927 gloriantur,
1701 3859 2034 3930 cujusmodi

375 3943 516 3994 sunt
546 3939 866 3995 haeresoum
902 3942 1200 4014 praesides,
1224 3949 1398 4001 noctu
1433 3952 1745 4018 pereuntes
1779 3949 2036 4020 :quippe

373 4027 568 4085 Omnis
608 4029 708 4101 qui
753 4029 906 4084 mata
953 4032 1094 4100 agit,
1145 4033 1261 4088 odit
1310 4033 1506 4091 lucem.
1558 4044 1609 4092 et
1653 4052 1760 4092 non
1790 4039 1937 4092 venit
1966 4036 2037 4092 ad

375 4115 553 4171 lucem
582 4116 644 4173 9°.
679 4117 748 4172 Et
774 4118 1053 4189 quoniam
1087 4121 1189 4192 qui
1220 4121 1277 4177 in
1306 4128 1473 4180 nocte
1503 4132 1830 4197 versantur,
1865 4129 2036 4182 nocte

374 4205 675 4277 peribunt,
708 4210 885 4263 noctu
919 4208 1096 4265 etiam
1131 4211 1344 4268 excidit
1374 4213 1527 4270 602
1561 4231 1763 4271 eorum
1797 4233 2035 4286 murus;

374 4294 485 4351 hoc
515 4298 624 4362 est,
657 4295 980 4367 sophistica
1013 4299 1628 4374 munimenta,quibus
1658 4304 2036 4361 subsidentes

376 4399 654 4457 magnam
685 4386 999 4457 quamdam
1035 4390 1409 4446 securitatem
1462 4409 1532 4448 ex
1579 4393 1674 4450 his
1722 4395 2037 4450 obtendere

374 4473 741 4530 videbantur.
776 4474 1089 4534 Dialectica
1119 4479 1274 4535 enim
1304 4481 1483 4536 veluti
1518 4500 1722 4538 murus
1753 4488 1950 4539 tuetur
1971 4501 2036 4540 ac

2145 3342 2290 3394 μακα
2337 3318 2680 3394 ἀνακαθαίρει
2711 3317 2778 3371 τὰ
2823 3313 2984 3387 ἕλκη,
3023 3313 3114 3370 καὶ
3170 3316 3271 3384 τήν
3333 3315 3438 3369 ἀπὸ
3485 3318 3592 3368 τῶν
3646 3311 3797 3368 πύω¹ν

2144 3407 2432 3479 δυσωδίαν,
2483 3408 2574 3463 καὶ
2623 3406 2690 3462 τὰ
2720 3403 3082 3483 διεφθαρμένα
3131 3403 3435 3479 τραύματα,
3485 3403 3573 3456 καὶ
3607 3401 3798 3472 σώμα-

2140 3521 2207 3556 τα
2238 3493 2648 3571 ἐπιτηδειότερα
2677 3501 2827 3550 ποιεῖ
2857 3495 2991 3570 πρὸς
3019 3494 3120 3563 τὴν
3167 3490 3300 3546 κατὰ
3323 3490 3489 3545 τόπον
3531 3492 3644 3563 (16)
3675 3509 3797 3542 συν-

2145 3587 2403 3645 ούλωσιν·
2431 3591 2680 3643 τοιοῦτον
2714 3581 2859 3661 ἔχειν
2899 3605 2991 3658 μοι
3041 3580 3188 3638 δοκεῖ
3229 3583 3348 3635 νοῦν
3393 3579 3476 3652 τὸ,
3524 3583 3798 3642 Λυπεῖσθε

2146 3679 2225 3754 ἔφ’
2282 3679 2518 3748 ἕαυτοῖς,
2568 3673 2862 3749 λεγόμενον
2911 3672 3046 3747 πρὸς
3089 3669 3216 3733 τοὺς
3259 3668 3397 3744 μέγα
3455 3670 3798 3744 φρονοῦντας

2145 3768 2232 3824 int
2274 3789 2379 3822 τινι
2432 3765 2612 3844 σοφίᾳ,
2660 3762 2842 3819 ὁποῖοί
2899 3761 3034 3817 εἷ’σιν
3092 3760 3142 3815 οἱ
3198 3763 3305 3813 τῶν
3364 3758 3621 3831 αἱρέσεων
3652 3776 3794 3830 προ-

2145 3862 2390 3924 εστῶτες,
2443 3856 2494 3910 οἱ
2552 3852 2742 3917 νυκτὸς
2773 3848 3174 3923 ἀπολλύμενοι,
3207 3845 3345 3902 διότι
3379 3849 3492 3910 ΙΙᾶς
3520 3847 3548 3901 ὁ
3568 3845 3634 3900 τὰ
3665 3849 3796 3923 φαῦ-

2145 3947 2216 4004 λα
2263 3946 2540 4021 πράσσων,
2605 3947 2752 4016 μισεῖ
2802 3941 2864 3995 τὸ
2907 3943 3043 4018 φῶς,
3092 3937 3182 3993 καὶ
3233 3937 3334 3992 οὐκ
3381 3933 3599 4011 ἔρχεται
3656 3935 3796 4008 πρὸς

2142 4039 2204 4094 τὸ
2233 4041 2367 4113 φῶς.
2411 4033 2514 4092 Καὶ
2547 4029 2734 4101 ἒπειδὴ
2770 4031 2822 4085 έν
2853 4028 3004 4085 νυκτὶ
3057 4023 3226 4096 ὄντες,
3277 4025 3468 4087 νυκτὸς
3523 4021 3798 4113 ἀπολοῦντ-

2141 4111 2255 4197 ται,
2312 4124 2506 4188 νυκτὸς
2535 4123 2712 4177 αὐτῶν
2744 4120 2834 4175 καὶ
2864 4119 2928 4174 τὸ
2951 4122 3139 4193 τεῖχος
3169 4115 3375 4172 πίπτει·
3404 4113 3672 4184 τουτέστι,
3731 4111 3804 4166 τὰ

2146 4213 2435 4294 σοφιστικᾶ
2517 4211 2874 4289 ὀχυρώματα,
2953 4209 3053 4294 οἷς,
3110 4205 3519 4294 ὑποκαθήμενοι
3575 4200 3801 4294 ἐδόκουν

2145 4288 2332 4374 ἱκανὴν
2373 4305 2471 4372 τὴν
2519 4288 2609 4355 ἀπ’
2668 4300 2844 4354 αὒτῶν
2900 4293 3192 4375 ἀσφάλειαν
3248 4288 3682 4370 προϐεϐλῆσθαι.
3735 4291 3804 4345 Ἡ

2146 4394 2250 4471 γὰρ
2283 4390 2599 4458 διαλεκτική
2657 4389 2752 4452 τὰς
2806 4387 3037 4463 αἱρέσεις
3092 4391 3192 4454 τῆς
3243 4379 3605 4471 ψευδωνύμου
3650 4380 3802 4471 γνώ-

2149 4466 2306 4550 σεως,
2341 4481 2522 4555 ὥσπερ
2551 4483 2761 4554 τεῖχος,
2803 4480 3074 4552 συντηρεῖ·
3126 4476 3191 4542 ἧς
3241 4469 3622 4540 διαπεσούσης,
3673 4466 3798 4522 ὀλοο

376 4567 569 4619 servat
586 4562 837 4624 haereses
856 4564 1002 4622 falsa
1017 4568 1262 4624 scientia
1284 4570 1538 4642 innixae;
1558 4589 1675 4645 qua
1689 4571 2029 4642 collabente,

2148 4572 2329 4640 λύζειν
2384 4568 2582 4645 ἀνάγκη
2627 4565 2754 4629 τοὺς
2803 4565 3134 4625 ἑαλωκότας.
3211 4559 3498 4629 Λυπεὶσθε,
3561 4556 3650 4613 οὖν
3714 4555 3794 4632 ἐφ’

378 4649 610 4709 ululent
636 4667 876 4710 necesse
905 4657 1121 4728 est,qui
1153 4660 1308 4731 capti
1339 4660 1574 4716 fuerunt
1603 4678 1668 4717 ac
1699 4663 2033 4736 expugnati.

375 4741 568 4802 Dolet:
595 4741 774 4815 igitur
804 4744 862 4800 in
890 4745 1305 4820 nobismetipsis,
1342 4766 1474 4806 cum
1503 4750 1800 4824 perierint.

447 4934 491 4974 '°
519 4935 546 4992 Ι
575 4937 702 4993 Cor.
728 4948 857 5005 xm,
886 4933 942 4989 5.
1021 4932 1064 4968 ³⁷
1096 4934 1264 4988 Rom.
1297 4947 1399 5002 xu,
1435 4932 1524 5003 15,
1601 4935 1646 4970 ⁰³
1676 4934 1844 4992 Rom.
1880 4953 1958 5008 ιχ,
1988 4937 2044 5005 2,
2075 4935 2132 4992 3.

450 5115 559 5188 (12)
591 5117 785 5189 Codex
836 5131 1014 5189 unus,
1043 5111 1420 5189 tacitam:
1451 5114 1566 5189 μέν.
1597 5116 1725 5174 Mox
1776 5117 2038 5189 quinque

375 5181 553 5265 φέρε,
584 5187 850 5265 ἀλγεινῶν
909 5181 1008 5254 τὴν
1067 5181 1331 5265 ἰπίδοσιν.
1384 5181 1738 5265 Ειξὶιὶη-τήν-
1772 5181 2036 5265 ἐπίταᾶιν.

377 5259 641 5335 Subinde
671 5256 936 5335 'quatuor
988 5276 1152 5324 mss.,
1185 5256 1381 5327 νόησον
1419 5258 1532 5315 οὖν.
1569 5259 1782 5318 Vocula
1835 5260 1923 5314 οὖν
1975 5261 2038 5317 in

379 5329 635 5403 vulgatis
667 5329 1050 5390 desideratur.

456 5399 571 5476 (I3)
603 5404 865 5477 Illorum,
897 5401 1163 5458 Λυπεῑσθε
1192 5399 1310 5470 οὗν,
1344 5416 1412 5456 ea
1448 5406 1538 5459 est
1568 5403 1858 5477 sententia
1876 5403 2039 5477 giLu-

385 5477 518 5559 gete
549 5475 666 5559 tam
695 5477 767 5559 ob
797 5475 994 5559 vestra
1034 5478 1293 5559 peccata,
1326 5489 1505 5559 quam
1537 5475 1608 5559 ob
1642 5475 1852 5559 aliqua,
1876 5475 2039 5559 Unde

388 5543 690 5625 aliquanto
739 5549 894 5625 intra
941 5543 1156 5625 dicitur
1188 5565 1201 5604 :
1229 5543 1501 5625 deﬁciatis
1541 5546 1629 5625 οὖν
1676 5543 1756 5625 έφ’
1789 5543 2035 5625 ἑαυτοῖς,

388 5613 610 5695 ἐπείπερ
643 5617 954 5680 ἀπώλοντο.
987 5621 1174 5678 Dotete
1215 5620 1275 5675 in
1325 5613 1726 5694 vobismetipsis'
1747 5620 1812 5677 01»
1841 5621 2038 5678 interi-

392 5697 510 5748 tum
539 5706 748 5752 eorm

2147 4660 2378 4729 ἑαυτοῖς,
2437 4656 2657 4733 ἐπείπερ
2690 4653 2998 4711 ἀπώλοντο.

2235 4934 2280 4971 ⁹⁰
2308 4933 2480 4991 Joan.
2515 4947 2600 4998 III,
2631 4928 2722 4983 20.

2244 5175 2333 5258 15)
2363 5175 2542 5241 Εάἰιί⁵
2575 5189 2631 5239 et
2689 5181 2830 5253 Reg.
2864 5175 3182 5258 primus,"
3206 5176 3500 5250 συγγενῶν.
3549 5175 3819 5258 Uterque.

2147 5251 2333 5343 C91b.,
2368 5259 2639 5331 συγγενῶν
2686 5251 2813 5327 μουί.
2844 5251 2960 5306 Alii
3015 5251 3132 5306 duo
3182 5266 3351 5316 mss.,
3387 5251 3662 5321 συγγενῶν
3699 5264 3816 5316 μου

2145 5350 2538 5484 1w(v1.@)IEditi,
2569 5398 2668 5466 τὴν
2710 5393 2846 5484 κατᾲ
2881 5389 3104 5477 τρόπον.
3134 5392 3208 5484 tit
3230 5385 3816 5484 luteq‘que:fombe:{.

2148 5458 2350 5529 et‘alii
2408 5458 2538 5528 tres,
2587 5458 2730 5526 mss.
2779 5471 2843 5522 ut
2901 5458 3315 5539 in_contextu.
3375 5458 3581 5539 Statim
3637 5458 3810 5539 editi,

2145 5544 2207 5621 τᾷ
2239 5549 2534 5609 Λυπιῖσθαι
2560 5540 2640 5621 ἀφ’
2672 5541 2883 5599 ἑαυτοῖς
2906 5533 3016 5593 ἐπί.
3040 5540 3115 5596 At
3143 5553 3285 5595 mss.
3319 5539 3441 5594 tres
3471 5533 3556 5590 ita
3590 5535 3655 5588 ut
3682 5531 3809 5587 edi-

2146 5618 2366 5677 dimus.

2247 5115 2333 5188 14)
2365 5111 2608 5184 Antiqui
2637 5114 2758 5166 tres
2787 5103 3059 5189 Ιὶιηιὶημὴ
3094 5122 3218 5178 εχῃ.

2219 5114 2333 5313 ξ15)
2363 5185 2514 5241 Editi
2568 5189 2631 5270 et
2689 5181 2830 5253 Reg.
2893 5194 3144 5306 primus,
3206 5196 3218 5230 ε

2219 5281 2224 5309 ι
2255 5259 2333 5313 b..
2368 5276 2639 5313 συγγενων
2687 5273 2813 5313 μου.
2844 5254 2892 5305 Α
2920 5268 2960 5306 tt
3015 5251 3132 5306 duo
3182 5266 3218 5305 ι]
