4150 6368
351 319 470 379 633
1154 317 1563 380 COMMENT.
1609 318 1686 378 IN
1735 315 2007 378 ISAIAM
2048 315 2562 378 PROPHETAM.
2607 316 2781 376 CAP.
2829 317 2960 378 XV.
3650 321 3772 382 634

419 449 546 506 294.
579 445 884 510 Ἀπωλείας
935 443 994 501 δὶ
1044 444 1191 518 ἄξιον
1236 447 1328 503 καὶ
1355 447 1419 502 τὸ
1451 442 1671 518 Δεηϐὼν
1702 448 1838 521 (17),
1872 443 2000 510 ἔνθα

2182 447 2309 502 294.
2347 447 2576 504 Deebon
2609 463 2842 520 quoque
2895 452 2985 504 est
3035 447 3212 521 digna
3243 465 3370 522 quas
3402 455 3635 522 pereat;
3670 452 3772 507 ubi

354 537 529 600 ὁναὸς
563 537 710 611 ὑμῶν
759 533 1114 610 ᾠκοδόμητο.
1162 539 1411 610 Νοοῦμεν
1459 539 1560 606 τὴν
1612 531 1833 606 Δεηϐὼν
1868 582 1883 608 ,
1933 538 2001 608 τῇ

2124 537 2468 593 aediﬁcatum
2485 540 2576 592 est
2603 542 2865 592 vestrum
2887 537 3196 610 templum.
3227 540 3310 594 Ad
3337 539 3774 611 interpretatio-

354 625 618 702 ἑρμηνείᾳ
647 626 1036 701 προσίχοντες.
1061 625 1446 700 Ἐρμηνεύεται
1471 622 1528 680 δὲ
1559 628 1593 696 ἡ
1628 620 1846 696 Δεηϐὼν
1868 625 2002 698 (18),

2124 643 2250 681 nem
2272 643 2405 681 cum
2431 626 2792 681 attendimus
2812 626 3234 697 animam,suid
3255 627 3332 683 sit
3353 628 3584 684 Deebon
3608 627 3774 685 intel-

355 715 504 791 ῥύσις
557 714 750 772 αὐτῶν.
785 717 987 790 Ὥσπερ
1041 713 1131 770 οῦν
1164 716 1191 770 ὁ
1239 723 1338 786 τῆς
1383 714 1643 787 ἀληθείας
1693 713 1858 790 λόγος
1906 714 2005 768 πά-

2124 715 2377 788 ligimus.
2402 715 2631 770 Etenim
2655 716 2704 770 si
2724 716 3146 788 interpreteris,
3170 717 3398 773 Deebon
3421 717 3577 773 idem
3602 723 3778 774 sonat

353 805 474 880 γιός
503 805 612 859 ἇστι
645 805 734 859 καὶ
768 802 1001 880 ἑδραῖος,
1049 804 1518 878 τεθεμελιωμένος
1563 804 1652 859 καὶ
1711 806 1784 878 μὴ
1847 823 2006 877 μετα-

2124 806 2271 878 quod
2307 807 2483 876 ﬂuxio
2512 821 2721 874 eorum,
2764 807 3271 870 Quemadmodum
3304 805 3484 878 igitur
3513 807 3775 864 veritatis

353 892 695 967 κινούμενος’
757 894 905 949 καὶὸ
949 898 1016 968 τῇ
1073 894 1250 949 πίστει
1310 893 1670 971 ἔρῥιζωμὲνος
1727 887 2008 968 παραϐάλ-

2124 911 2310 950 sermo
2341 895 2546 951 firmus
2577 898 2666 949 est
2696 899 2752 949 et
2782 895 3034 962 stabilis,
3061 896 3342 951 fundatus
3373 900 3432 951 et
3461 897 3770 968 immotus,

358 981 512 1039 λεται
573 982 844 1058 ἀνθρώπῳ
895 981 1239 1057 θεμελιοῦντι
1290 983 1378 1039 ἐπὶ
1413 985 1512 1054 τὴν
1559 985 1779 1058 πέτραν.
1818 982 1914 1038 Καὶ
1946 983 2008 1036 τὸ

2124 985 2199 1040 ita
2229 990 2286 1040 et
2316 985 2416 1056 qui
2448 984 2748 1058 radicatus
2770 988 2861 1038 est
2891 983 2948 1038 in
2982 983 3115 1052 ﬁde,
3141 989 3515 1056 comparatur
3543 985 3771 1042 homini

362 1073 533 1146 μάννα
564 1070 620 1127 δὲ
647 1057 863 1147 λέγεται
895 1072 1025 1128 εἶναι
1060 1074 1189 1128 ὡσεὶ
1235 1075 1406 1150 πάγος
1447 1080 1546 1144 τῆς
1597 1080 1701 1150 γῆς
1749 1074 1881 1147 (19),
1911 1075 2008 1126 τοῦ

2124 1074 2573 1129 fundamentum
2617 1057 2798 1144 supra
2829 1076 3055 1144 petram
3106 1073 3414 1130 collocanti
3443 1075 3484 1130 ί.
3518 1075 3669 1141 Quin
3723 1079 3782 1131 et

359 1163 502 1226 θείου
535 1161 705 1238 λόγου
734 1163 797 1217 τὸ
830 1163 1077 1225 συνεστὸς
1107 1163 1194 1218 καὶ
1248 1161 1463 1218 εὔτονον
1525 1160 1615 1218 διὰ
1658 1168 1757 1232 τῆς
1798 1163 2010 1234 πήξεως

2124 1180 2338 1218 manna
2362 1162 2545 1218 fuisse
2567 1161 2779 1218 dicitur
2795 1160 2971 1218 veluti
2994 1167 3158 1218 terra:
3181 1163 3400 1234 glacies
3419 1165 3462 1232 ²,
3476 1164 3781 1236 Scriptura

358 1248 833 1326 παραδηλοῦντος.
888 1251 1046 1310 Οὕτω
1092 1253 1160 1307 τὰ
1215 1252 1426 1308 ἆναντία
1484 1250 1749 1327 δόγματα,
1807 1250 1897 1306 καὶ
1956 1251 2012 1304 αἱ

2124 1251 2320 1306 divina
2341 1252 2680 1306 ﬁrmitatem
2706 1251 3031 1322 quamdam
3055 1255 3112 1306 et
3141 1252 3493 1308 soliditatem
3525 1269 3630 1325 per
3649 1268 3785 1310 con-

357 1341 655 1416 συνήγοροι
716 1342 893 1396 αὐτῶν
949 1343 1330 1414 πιθανότητες,
1393 1342 1584 1419 ῥευστᾶ
1638 1342 1728 1396 καὶ
1786 1334 2014 1396 ἀϐέϐαιά

2124 1339 2472 1414 gelationem
2496 1341 2869 1408 ostendente;
2896 1340 2980 1396 sic
3003 1341 3281 1413 dogmata
3303 1342 3616 1410 contraria,
3640 1359 3781 1398 sua-

357 1429 520 1500 ἐστιν,
575 1429 784 1486 ἑστάναι
830 1433 944 1505 (20)
1003 1432 1079 1505 μή
1131 1429 1422 1506 δυνάμενα·
1474 1431 1563 1486 καὶ
1615 1433 1643 1486 ὁ
1691 1431 1872 1506 πατὴρ
1916 1433 2013 1484 τοῦ

2124 1431 2436 1502 sionesque
2467 1446 2669 1485 eorum
2702 1434 2978 1500 patronas,
3003 1430 3161 1485 ﬂuxa
3202 1437 3342 1485 sunt
3371 1435 3427 1486 et
3459 1431 3779 1498 instabilis,

357 1515 587 1592 ψεύδους
620 1518 670 1574 ἐν
720 1524 790 1593 τῇ
840 1519 1072 1592 ἀληθείᾳ
1103 1519 1208 1596 οὐχ
1250 1517 1465 1591 ἕστηκε.
1514 1521 1592 1578 Τὸ
1645 1518 1735 1574 οῦν
1787 1521 2011 1574 ἄστατον

2125 1538 2229 1576 nec
2253 1519 2572 1576 consistere
2596 1523 2849 1591 queunt;
2879 1523 2936 1574 et
2957 1519 3082 1590 ipse
3107 1519 3397 1575 mendacii
3420 1525 3588 1591 pater
3609 1520 3670 1576 in
3689 1537 3783 1576 ve-

355 1612 454 1663 τοῦ
485 1606 734 1682 ψεύδους,
771 1608 922 1685 ῥύσις
951 1610 1264 1682 ὠνομάσθη.
1300 1611 1684 1664 Λυπείσθωσαν
1717 1607 1811 1663 οὗν
1845 1609 1896 1663 οἱ
1949 1609 2016 1663 τὰ

2125 1609 2295 1665 ritate
2313 1626 2428 1664 non
2452 1608 2668 1664 stetit”.
2692 1609 2893 1680 Itaque
2915 1607 3203 1663 mendacii
3228 1608 3584 1665 instabilitas
3607 1609 3783 1665 ﬂuxio

357 1700 580 1752 τοιαῦτα
639 1695 1099 1772 οἰκοδομοῦντες·
1155 1699 1206 1754 οἱ
1262 1699 1392 1762 τοὺς
1447 1699 1572 1776 περὶ
1633 1702 1767 1754 Θεοῦ
1820 1695 2017 1774 λόγους

2125 1700 2431 1754 nominata
2461 1702 2570 1753 est.
2609 1696 2845 1753 Doleant
2874 1696 3058 1768 igitur
3087 1697 3186 1768 qui
3217 1695 3354 1753 talia
3391 1697 3705 1766 aedificant,
3730 1701 3788 1752 et

359 1785 620 1850 ἀστάτους
669 1785 906 1864 ἔχοντες,
947 1789 1038 1844 καὶ
1087 1787 1479 1864 ἀστηρίκτους.
1531 1792 1703 1843 Τοῦτο
1751 1789 1850 1863 γὰρ
1903 1785 2015 1842 ἐστι

2127 1805 2160 1843 a
2189 1788 2402 1858 quibus
2435 1787 2506 1842 de
2537 1787 2655 1842 Deo
2698 1802 3000 1842 sermones
3048 1785 3346 1842 habentur
3393 1785 3699 1843 instabiles
3729 1791 3788 1842 et

359 1875 422 1930 τὸ
454 1879 858 1952 θυσιαστήριον,
905 1879 935 1933 ’ὁ
984 1875 1426 1933 καταδεδίκασται
1480 1877 1556 1940 εἰς
1606 1875 1882 1932 ἀπώλειαν
1921 1881 2020 1931 τοῦ

2131 1878 2373 1933 inﬁrmi.
2410 1877 2540 1932 Haec
2596 1880 2685 1932 est
2740 1876 2894 1930 enim
2951 1891 3072 1944 ara,
3106 1875 3386 1931 adversus
3435 1893 3613 1947 qnam
3670 1875 3788 1931 lata

375 1961 619 2036 Δεηϐὼν,
652 1967 712 2021 οὗ
745 1967 772 2021 ὁ
805 1968 992 2042 βωμὸς
1024 1964 1379 2041 ᾠκοδόμητο.
1415 1962 1672 2024 Ἀναϐἆτε
1721 1965 1811 2021 οὗν
1861 1965 2019 2021 κλαί-

2129 1967 2424 2022 sententia
2456 1969 2545 2020 est
2574 1964 2632 2020 in
2669 1963 2897 2019 ruinam
2955 1964 3204 2030 Deebon,
3235 1965 3334 2019 ubi
3383 1965 3670 2020 aediﬁcata
3699 1968 3788 2021 est

375 2073 545 2117 οντες·
580 2054 708 2131 οὐχὶ
742 2055 980 2126 θύοντες,
1017 2055 1162 2112 ἀλλὰ
1194 2054 1626 2130 μεταμελόμενοι
1667 2055 1748 2135 ἐφ’
1779 2056 1858 2118 οἶς
1888 2075 2020 2110 ποτε

2130 2073 2249 2110 ara.
2283 2055 2593 2110 Ascendite
2625 2053 2804 2125 igitur
2834 2053 3041 2108 ﬂentes
3082 2070 3455 2124 nequaquam
3497 2053 3787 2110 sacriﬂcia

369 2145 549 2206 κακῶς
603 2145 994 2220 προσηύξασθε,
1052 2144 1133 2200 ὅτι
1193 2145 1400 2222 ἐγένετο
1462 2146 1588 2219 ὑμῖν
1647 2148 1682 2216 ἡ
1732 2147 2015 2222 προσευχὴ

2129 2145 2459 2212 offerentes,
2484 2144 2584 2199 sed
2608 2142 3014 2214 penitentiam
3038 2147 3275 2214 agentes
3295 2143 3368 2198 ob
3391 2159 3610 2215 preces,
3636 2159 3785 2216 quas

367 2232 442 2294 εἰς
493 2233 780 2310 ἁμαρτίαν.
814 2235 874 2292 Ὁ
923 2234 1025 2310 γὰρ
1073 2239 1142 2308 τῇ
1194 2235 1363 2290 κτίσει
1419 2233 1696 2310 λατρεύων
1744 2235 1892 2311 παρά
1928 2235 2019 2289 τὸν

2129 2231 2457 2290 olimmale
2488 2231 2842 2287 adhibuistis
2875 2247 2888 2288 :
2923 2231 3139 2302 quippe
3194 2231 3448 2302 precatio
3497 2231 3650 2287 facta
3697 2235 3788 2288 est

360 2319 636 2392 κτίσαντα,
671 2323 760 2377 καὶ
814 2324 891 2396 μὴ
939 2329 1259 2398 προσκυνῶν
1314 2324 1406 2398 μὶν
1440 2325 1586 2394 Υἱὸν,
1622 2322 1762 2398 μηδὲ
1805 2323 1894 2379 διὰ
1921 2328 2018 2379 τοῦ

2127 2323 2294 2378 vobis
2325 2321 2381 2377 in
2418 2329 2741 2394 peccatum.
2771 2320 3048 2392 Quisquis
3078 2320 3236 2376 enim
3285 2324 3615 2376 creaturam
3648 2320 3788 2378 colit

360 2412 489 2465 Υἱοῦ
513 2411 606 2466 τὸν
660 2411 892 2486 Πατέρα,
946 2410 1056 2468 ἴδια
1105 2411 1163 2468 δὲ
1209 2413 1420 2490 πηγνὺς
1474 2412 1745 2490 δόγματα,
1793 2416 1883 2469 καὶ
1933 2413 2018 2470 ἐπ’

2129 2412 2256 2468 loco
2288 2411 2576 2467 Creatoris
2598 2411 2639 2479 ‘,
2665 2426 2771 2466 nec
2803 2410 3008 2465 adorat
3065 2409 3296 2478 Filium,
3321 2425 3512 2481 neque
3553 2410 3786 2466 Patrem

360 2497 668 2576 ἀλλοτρίων
709 2503 1109 2578 θυσιαστηρίων
1159 2501 1482 2581 προσφὲρων
1534 2504 1723 2558 ἑαυτοῦ
1768 2505 1868 2574 τὴν
1921 2505 2016 2558 θυι-

2129 2518 2233 2574 per
2263 2500 2496 2568 Filium,
2522 2500 2622 2555 sed
2657 2498 2892 2570 propria
2940 2497 3054 2554 sibi
3084 2498 3264 2554 struit
3307 2498 3606 2570 dogmata,
3640 2503 3696 2554 et
3727 2499 3786 2555 in

361 2588 476 2642 σίαν
507 2595 608 2659 τῆς
658 2589 932 2663 αἰνέσεως,
964 2592 992 2645 ὁ
1041 2595 1293 2654 τοιοῦτος
1324 2592 1584 2662 κλαιὲτω,
1611 2599 1712 2668 τῆς
1729 2593 1865 2648 κατᾶ
1886 2593 2015 2648 Θεὸν

2128 2591 2246 2647 aris
2263 2589 2553 2646 extraneis
2577 2587 2933 2644 laudationis
2951 2605 3070 2644 sua:
3090 2587 3348 2643 hostiam
3367 2588 3609 2654 oﬂ'ert,is
3626 2589 3786 2656 ﬂeat,

361 2676 543 2748 λύπης
599 2680 876 2754 σωτηρίαν
928 2679 1075 2752 αὖτῷ
1143 2680 1564 2754 ἀμεταμέλητον
1629 2681 2014 2757 προξενούσης.

2128 2697 2262 2736 cum
2282 2678 2524 2735 tristitia
2541 2695 2668 2750 quae
2689 2677 3013 2734 secundum
3033 2677 3217 2732 Deum
3237 2676 3606 2744 est,salutem
3630 2677 3788 2734 haud

362 2765 439 2824 Οὖ
473 2767 638 2840 μόνον
672 2765 730 2823 δὲ
762 2774 879 2833 τοῖς
927 2769 1032 2825 ἀπὸ
1086 2770 1368 2844 αἱρετικῶν
1421 2767 1706 2847 δογμάτων
1750 2773 1850 2842 τὴν
1891 2773 2016 2848 περὶ

2127 2769 2524 2842 poenitendam
2575 2765 2957 2842 conciliatura
2985 2765 3097 2822 sibi
3129 2766 3227 2822 sit.
3262 2766 3395 2822 Haec
3442 2769 3638 2822 autem
3672 2782 3790 2823 non

297 2927 299 2930 γ
365 2860 500 2911 Θεοῦ
532 2852 687 2928 δόξαν
721 2858 1082 2934 συνειληχόσι
1110 2863 1278 2914 ταῦτα
1309 2858 1540 2936 εἷ’ρηται·
1575 2858 1722 2916 ἀλλὰ
1763 2861 1852 2916 καὶ
1897 2860 2014 2917 ὅσοι

2128 2860 2198 2915 de
2229 2859 2301 2914 iis
2324 2857 2516 2914 solum
2545 2857 2704 2912 dicta
2725 2861 2866 2912 sunt
2886 2857 2987 2927 qui
3010 2872 3178 2911 suam
3201 2856 3273 2910 de
3295 2855 3414 2912 Deo
3448 2855 3788 2928 opinionem

361 2946 428 3000 τὰ
487 2944 680 3023 ῥευστὰ
735 2949 1028 3024 πράγματα
1077 2946 1481 3025 ἀποδεχόμενοι
1537 2951 1684 3024 (21),
1743 2949 1831 3005 ἐπὶ
1889 2950 2016 3006 τού-

2128 2949 2382 3004 mutuati
2405 2950 2544 3003 sunt
2565 2963 2632 3001 ex
2655 2945 3065 3000 haereticorum
3092 2944 3325 3017 placitis
3345 2961 3358 3000 :
3381 2960 3582 3000 verum
3609 2946 3786 3001 etiam

364 3055 481 3099 τοις
532 3035 723 3112 ἔχουσι
793 3038 893 3105 τήν
973 3035 1192 3108 ἐλπίδα,
1268 3039 1670 3114 παρακούοντες
1739 3040 1831 3113 μὲν
1916 3044 2015 3095 τοῦ

2127 3040 2200 3094 de
2231 3037 2706 3110 quibuscunque,
2739 3035 2838 3105 qui
2886 3051 2978 3090 res
3023 3034 3212 3089 ﬂuxas
3245 3033 3582 3105 probantes,
3615 3051 3787 3091 suam

363 3121 636 3199 λὲγοντοςο
697 3122 942 3187 Πλοῦτος
995 3125 1083 3180 εὰν
1154 3125 1269 3201 ῥέῃ,
1330 3127 1407 3199 μὴ
1478 3127 1828 3202 προστίθεσθε
1879 3148 2016 3200 καρ-

2128 3143 2294 3199 spem
2317 3126 2376 3180 in
2399 3125 2493 3181 his
2515 3129 2828 3196 reponunt,
2844 3139 3217 3196 nequaquam
3238 3123 3287 3178 ei
3311 3123 3788 3196 obtemperantes

363 3194 478 3266 δίαν
513 3214 647 3286 (22)‘
696 3210 1028 3286 ἐπτοημένοι
1087 3194 1164 3269 δὶ-
1193 3194 1341 3290 περὶ*
1375 3194 1474 3284 τὴν
1523 3194 1681 3287 δόξαν
1737 3223 1840 3287 τῆς
1884 3194 2015 3291 σαρ-

2129 3194 2230 3289 (Ῑιιὶ
2260 3217 2402 3272 dicit
2435 3233 2447 3271 ξ
2483 3194 2706 3271 Divitiae
2733 3215 2787 3268 si
2825 3194 3085 3284 afﬂuant,
3115 3213 3286 3269 nolite
3315 3228 3408 3270 cor
3431 3194 3704 3285 apponere
3731 3214 3786 3282 Is;

358 3299 479 3371 κὸς,
533 3300 657 3370 ἥτις
699 3301 809 3357 ἐστὶ
856 3303 1062 3380 χόρτος
1105 3303 1196 3358 καὶ
1246 3305 1281 3374 ἠ
1329 3301 1454 3375 δόξα
1511 3305 1686 3360 αὐτῶν
1739 3306 1814 3371 ὡς
1856 3304 2015 3372 ἄνθος

2127 3307 2202 3361 iis
2235 3321 2492 3377 quoque,
2517 3303 2618 3375 qui
2652 3301 3026 3374 splendorem
3050 3302 3243 3357 carnis
3274 3306 3332 3358 et
3353 3301 3600 3372 gloriam
3633 3302 3790 3359 ultra

357 3388 585 3465 χόρτου.
617 3392 876 3446 Τοιοῦτον
908 3389 966 3446 δὲ
1015 3391 1128 3447 ἐστι
1179 3393 1267 3447 καὶ
1319 3394 1382 3448 τὸ
1413 3393 1464 3448 ἐν
1514 3395 1670 3470 σαρκὶ
1701 3396 1792 3451 καὶ
1825 3394 2016 3470 α’ίματι

2128 3396 2371 3451 modum
2395 3392 2783 3460 admirantur,
2803 3409 2928 3464 quae
2949 3392 3150 3448 fenum
3171 3395 3282 3456 est,
3302 3395 3359 3447 et
3376 3389 3564 3462 gloria
3586 3407 3790 3448 eorum

357 3477 585 3548 κάλλος,
620 3477 702 3558 ἐφ’
732 3481 778 3552 ᾦ
812 3479 952 3556 μέγα
1001 3487 1188 3559 φρονεῖ
1239 3483 1272 3551 ἡ
1329 3483 1620 3561 κακόφρων
1644 3485 1804 3558 γυνὴ,
1839 3506 2017 3560 παρα-

2129 3489 2192 3540 ut
2223 3485 2328 3539 ﬂos
2361 3483 2478 3538 feni
2499 3483 2541 3536 ⁸.
2573 3479 2735 3536 Talis
2788 3485 2878 3536 est
2921 3480 3097 3536 etiam
3130 3481 3324 3536 carnis
3377 3483 3434 3536 et
3483 3481 3792 3553 sanguinis

360 3562 683 3642 ϐαλλομένη
727 3567 932 3642 ἐνωτίῳ
964 3568 1016 3625 ἐν
1069 3569 1177 3646 ῥινί
1226 3569 1336 3633 ὑός.
1371 3573 1471 3626 Καὶ
1517 3569 1664 3635 ὅλως
1715 3579 1843 3630 πᾶσι
1897 3580 2015 3638 τοῖς

2126 3572 2528 3646 pulchritudo,
2551 3570 2610 3625 in
2635 3586 2752 3641 qua
2775 3569 2987 3625 mulier
3008 3569 3318 3640 insipiens,
3339 3585 3468 3641 quae
3493 3585 3791 3643 compara-

361 3655 725 3735 ἐσφαλμὲνοις
770 3656 1071 3736 ἐφαρμόσει
1115 3659 1180 3715 τὸ
1230 3655 1450 3732 Δεηϐὼν
1504 3658 1700 3736 ὄνομα,
1760 3664 1834 3727 ὡς
1886 3663 2016 3728 τοὺς

2127 3667 2225 3718 tur
2255 3661 2443 3717 inauri
2475 3661 2535 3714 in
2569 3659 2813 3714 naribus
2845 3659 3028 3729 suis’,
3061 3674 3190 3714 sese
3221 3657 3404 3713 eﬂ‘ert.
3432 3661 3502 3713 Et
3540 3657 3601 3713 in
3633 3674 3791 3713 sum-

363 3745 737 3830 ἒσφαλμένσυς
767 3747 802 3816 ἢ
838 3747 941 3823 βίῳ
969 3750 1004 3818 ἢ
1033 3747 1186 3824 λόγῳ
1218 3749 1361 3805 ε’ίποι
1401 3773 1485 3814 τις
1527 3752 1586 3807 ἃν
1617 3753 1896 3830 εὐστόχως
1927 3754 2015 3810 ἐπὶ

2129 3768 2246 3816 ma,
2279 3749 2556 3805 omnibus
2587 3747 2686 3819 qui
2719 3748 2776 3801 in
2819 3762 3076 3803 errorem
3126 3745 3420 3816 incidunt,
3453 3763 3788 3804 accommo-

362 3838 464 3888 τοῦ
517 3829 739 3905 Δεηϐὼν
797 3833 945 3912 *ἐχειν
993 3838 1056 3891 τὸ
1113 3840 1517 3915 θυσιαστήριον.
1574 3829 1866 3906 Κλαίοντες
1926 3845 2017 3900 οὖν

2127 3841 2255 3898 dari
2287 3839 2501 3912 poterit
2544 3853 2757 3892 nomen
2789 3836 3052 3905 Deebon;
3086 3836 3230 3891 adeo
3285 3839 3350 3891 ut
3397 3835 3610 3893 dixerit
3655 3836 3789 3909 quis

365 3918 792 3981 ἀναϐαινέτωσαν
844 3925 896 3980 oi
953 3925 1037 3980 ἐπ’
1088 3925 1234 4000 αὐτῷ
1286 3949 1421 3985 ποτε
1473 3929 1614 4007 μίγα
1663 3936 2014 4010 φρονοῦντες.

2128 3948 2244 3987 non
2266 3930 2484 4000 inepte,
2502 3943 2624 3997 eos,
2639 3925 2739 3997 qui
2767 3925 2886 3982 sive
2909 3924 3024 3980 vita
3050 3925 3172 3981 sive
3193 3940 3465 3982 sermone
3487 3925 3788 3997 aberrant,

2124 4021 2186 4077 in
2217 4020 2450 4077 Deebon
2481 4033 2644 4073 aram
2687 4015 2922 4071 habere.
2955 4014 3185 4072 Flentes
3235 4015 3415 4086 igitur
3465 4016 3790 4073 ascendant

2127 4111 2224 4183 qui
2260 4109 2331 4165 ob
2362 4107 2420 4163 id
2451 4107 2648 4178 ipsum
2676 4106 2975 4177 quondam
3005 4104 3423 4161 efferebantur.

431 4193 558 4248 295.
615 4191 739 4246 Ἐπὶ
804 4187 993 4250 Ναϐαῦ
1068 4195 1181 4269 (23)
1235 4200 1337 4267 τῆς
1392 4192 1742 4262 Μωαϐίτιδος
1816 4200 2016 4278 ὁλογύ-

2191 4199 2320 4253 295.
2353 4197 2529 4252 Vsus.
2561 4194 2679 4250 3-9.
2713 4193 2887 4265 Super
2931 4193 3122 4264 Nabay
3167 4193 3494 4250 Moabitidis
3538 4194 3782 4251 ululate.

363 4283 478 4349 ζετε
511 4322 524 4338 .
613 4280 738 4338 Ἐπὶ
812 4283 992 4354 πάσης
1070 4283 1314 4361 κεφαλῆς
1392 4286 1756 4364 φαλάκρωμαο
1824 4291 2018 4356 πάντες

2125 4289 2305 4361 Super
2331 4303 2493 4344 omne
2521 4294 2685 4356 caput
2714 4284 3005 4339 calvitium
3034 4301 3053 4338 :
3083 4284 3270 4339 omnia
3314 4281 3549 4339 brachia
3577 4285 3783 4340 excisa.

367 4369 656 4446 βραχίονες
741 4374 1218 4446 κατατετμημένοι
1278 4419 1290 4432 .
1361 4377 1448 4434 Ἐν
1532 4383 1652 4442 ταῖς
1732 4380 2016 4444 πΛατείαις

2124 4382 2186 4437 In
2227 4379 2423 4451 plateis
2469 4376 2585 4447 ejus
2631 4374 3141 4444 circumcingimini
3184 4373 3378 4444 saccis,
3423 4375 3478 4428 cl
3519 4371 3786 4444 plangite

363 4458 530 4529 αὐτῆς
608 4460 984 4536 περιζώσασθε
1045 4462 1275 4528 σάκκους
1328 4509 1342 4535 ,
1414 4466 1502 4520 καὶ
1580 4467 1840 4534 κόπτεσθε
1925 4470 2011 4526 ἐπὶ

2124 4485 2287 4542 super
2315 4472 2456 4524 tecta
2484 4465 2621 4536 ejus,
2651 4467 2704 4520 et
2745 4464 2802 4518 in
2835 4464 2972 4518 vicis
3018 4465 3137 4531 eius
3167 4478 3360 4518 omnes
3409 4461 3629 4519 ululata
3657 4479 3786 4520 cum

358 4553 465 4604 τῶν
528 4547 799 4624 δωμάτων
859 4549 1047 4621 αὐτῆς,
1105 4553 1191 4607 καὶ
1255 4553 1306 4607 ἐν
1382 4560 1502 4620 ταῖς
1577 4556 1776 4634 ρυμαῖς
1849 4560 2015 4631 αὐτῆς

2124 4561 2365 4634 ploratu.
2400 4555 2543 4626 Quid
2567 4554 2832 4610 clamavit
2870 4552 3096 4618 Esebon,
3150 4556 3202 4607 et
3248 4552 3440 4608 Eleale
3466 4569 3487 4608 :
3515 4568 3687 4624 usque
3713 4552 3788 4608 ad

360 4640 554 4702 πάντες
613 4636 907 4710 ὀλοΛύζετε
967 4641 1103 4715 μετὰ
1171 4639 1458 4718 κλαυθμοῦ
1491 4687 1504 4702 .
1564 4649 1684 4704 Ὅτι
1752 4647 2005 4726 κέκραγεν

2124 4655 2272 4711 lassa
2300 4647 2498 4704 audita
2526 4647 2602 4700 est
2630 4658 2736 4699 vox
2776 4641 2913 4711 eius.
2947 4646 3180 4711 Propter
3224 4641 3321 4697 hoc
3371 4640 3594 4698 lumbus
3620 4641 3777 4699 Moa-

437 4757 691 4814 ‘Matth.
719 4774 820 4830 vn,
868 4758 959 4816 2L
1037 4759 1059 4795 ³
1087 4761 1262 4818 Exod.
1318 4779 1434 4833 xvr,
1488 4765 1576 4820 14.
1652 4765 1674 4802 ³
1703 4766 1873 4825 Joan.
1923 4785 2022 4829 VII]

364 4828 386 4863 ⁷
413 4832 583 4886 Prov.
614 4846 695 4886 x1.
723 4830 813 4886 22.

2124 4771 2189 4827 ι4.
2267 4765 2482 4824 ‘Rom.
2532 4778 2572 4829 ι,
2615 4759 2706 4816 25.
2783 4757 2989 4815 'Psal.
3044 4775 3156 4830 ut,
3207 4758 3294 4816 11.
3370 4757 3537 4816 °Isa.
3600 4774 3696 4829 ιε,
3728 4759 3783 4814 6.

570 4869 583 4884 ο
615 4869 695 4902 ιιι,
723 4869 813 4886 Η-.

434 4946 546 5018 (17)
572 4939 964 5024 νοοῖ-Δεηϐών
988 4949 1161 5004 modo
1190 4950 1512 5024 praeﬁgitur
1531 4953 1816 5012 articulus
1847 4957 2015 5014 femi-
2124 4972 2288 5016 oesse
2317 4954 2396 5011 sit
2432 4949 2765 5024 emendare,
2797 4963 2914 5004 non
2944 4946 3110 5004 video
3143 4964 3156 5005 :
3191 4961 3328 5024 cum
3361 4944 3648 5024 sqntQEIﬁﬂ
3671 4961 3783 5024 Ρθτ

363 5017 565 5092 ninus,
595 5019 768 5092 modo
796 5023 1023 5092 neuter,
1055 5037 1171 5077 non
1190 5017 1272 5078 'ln
1303 5017 1552 5082 diversis
1594 5029 1770 5084 modo
1799 5031 2046 5087 codici-'
2125 5047 2190 5089 se
2233 5028 2361 5086 sine
2409 5023 2534 5082 ullo
2575 5022 2984 5092 additamento
3031 5024 3235 5092 aperta
3271 5020 3368 5076 sit.
3402 5018 3615 5076 Statim
3663 5022 3783 5075 tres

359 5090 494 5158 bus,
523 5093 624 5176 sed
666 5091 932 5176 etiam_in
965 5090 1083 5176 uno
1119 5097 1193 5176 ‘et
1236 5095 1442 5176 eodem
1489 5097 1662 5156 libro.
1691 5100 1822 5158 Mox
1870 5102 2012 5176 Reg.

2126 5119 2299 5176 m3th
2325 5096 2539 5176 τῖτίξεφς
2570 5091 2882 5176 δηλοῦντες.
2914 5165 2924 5176 ¹
3280 5161 3293 5176 ⁸
3323 5113 3328 5118 -

362 5165 964 5238 ΒΘοιιρᾶιιΒηΝοοῦμεν
1079 5163 1142 5238 τὸ
1172 5160 1417 5238 Δεηόὠν.
1955 5159 1988 5176 υ

2127 5159 2308 5238 Ῠῂίῖο)
2341 5159 2498 5228 Libri
2527 5159 2785 5238 veteres,
2805 5165 3038 5238 ἑστάναι.
3070 5162 3246 5231 Editi,
3280 5161 3510 5216 ἱστάναι.

433 5173 683 5230 cundus,
717 5173 862 5218 Νοοῦ
913 5183 964 5218 εν
994 5173 1053 5218 δε
1079 5173 1142 5218 τὸ
1172 5173 1417 5236 Δεηδών.
1959 5173 1983 5176 ⁷

433 5235 544 5316 (1S)
576 5235 817 5316 Antiqui
839 5184 964 5316 dim
993 5236 1150 5316 libri,
1177 5237 1212 5306 ἡ
1246 5233 1490 5316 Δεηᾷών.
1520 5241 1702 5316 Abest
1730 5243 2016 5303 articulus

2217 5175 2288 5230 20
2341 5173 2498 5228 Libri
2527 5173 2772 5238 veteres,
2805 5173 3038 5220 ἱστάναι.
3070 5173 3192 5220 nidi!

2196 5173 2309 5316 E21;
2339 5244 2527 5301 Codex
2557 5257 2730 5316 unus,
2770 5233 3192 5316 ὑποδεχόμενοι.

364 5307 702 5391 a‘vul‘gatis.
731 5303 958 5391 Ibidem
1003 5303 1567 5391 tres'mssq't'pacvc,
1601 5315 1806 5391 Dech
1856 5320 2014 5376 visio.

2199 5303 2313 5391 (22')
2355 5314 2596 5388 Antiqui
2645 5303 2760 5369 duo
2810 5303 2980 5381 libri,‘
3015 5303 3263 5383 καρδίᾳᾳ.
3318 5306 3396 5364 Ne
3451 5305 3786 5365 adhaerealis

366 5377 480 5456 Alii
501 5380 1016 5456 du9_cum_editis,
1049 5379 1222 5456 ῥύσις,
1256 5377 1466 5442 Deebon
1493 5377 1694 5456 ﬂuxio.
2125 5377 2304 5448 corde:

437 5450 734 5536 (19).Editi
771 5451 950 5536 simul
997 5448 1060 5536 et
1101 5471 1270 5536 mss.,
1298 5458 1401 5526 τῆς
1437 5448 1560 5533 γῆς.
1591 5460 1698 5516 Sed
1729 5460 2020 5536 Qombeﬂ-

2144 5535 2155 5536 ί
2200 5448 2730 5536 (23)4Εάὶιὶ,ῥΝαβᾷγ
2761 5469 3015 5536 proquq
3057 5453 3132 5536 in_
3167 5448 3502 5536 antiquiore
3529 5448 3780 5506 Combe-

369 5517 726 5605 sius,'homo
773 5525 845 5605 ad
899 5517 1266 5605 mutandum'
1300 5517 1537 5602 semper
1582 5517 2018 5605 paratissimus,
2129 5517 2246 5590 ﬁsii
2268 5517 2426 5589 libro
2445 5517 2591 5605 et'in
2620 5517 2812 5584 tribus
2839 5517 3216 5605 aliislegitur
3242 5517 3446 5578 Ναϐαὖ·
3473 5538 3579 5580 nec
3609 5537 3782 5578 secus

369 5595 747 5677 hu_nc_looum
778 5596 860 5677 ita
878 5613 949 5653 ex
972 5613 1138 5677 sacro
1157 5604 1316 5658 textu
1337 5595 1774 5662 emendandum
1795 5595 2016 5674 censet;
2129 5607 2355 5665 editum
2386 5602 2675 5677 reperitur
2701 5597 2858 5670 apud
2890 5597 3046 5654 LXX.

373 5664 461 5723 tut
490 5674 597 5744 γῆς
621 5673 740 5741 τῆς,
766 5670 910 5728 sicut
934 5669 1138 5743 glacies
1165 5688 1331 5745 super
1365 5680 1592 5736 terram.
1613 5678 1723 5737 Sed
1753 5679 1894 5752 quid
1925 5664 2022 5736 ne;
