  <div class='ocr_page' id='page_1' title='image "/cluster/home/n/w/nwhite01/storage/ocr_20150623/30:no.2/coo.31924054873116/332.png"; bbox 0 0 4150 6370; ppageno 0'>
   <div class='ocr_carea' id='block_1_1' title="bbox 322 329 444 392">
    <p class='ocr_par' dir='ltr' id='par_1_1' title="bbox 322 329 444 392">
     <span class='ocr_line' id='line_1_1' title="bbox 322 329 444 392; baseline -0.008 -2"><span class='ocrx_word' id='word_1_1' title='bbox 322 329 444 392; x_wconf 85' lang='grc'>63³7</span> 
     </span>
    </p>
   </div>
   <div class='ocr_carea' id='block_1_2' title="bbox 1145 327 2942 400">
    <p class='ocr_par' dir='ltr' id='par_1_2' title="bbox 1145 327 2942 400">
     <span class='ocr_line' id='line_1_2' title="bbox 1145 327 2942 400; baseline 0.004 -9"><span class='ocrx_word' id='word_1_2' title='bbox 1145 327 1550 392; x_wconf 87' lang='lat' dir='ltr'>COMMENT.</span> <span class='ocrx_word' id='word_1_3' title='bbox 1597 329 1676 390; x_wconf 86' lang='lat' dir='ltr'>IN</span> <span class='ocrx_word' id='word_1_4' title='bbox 1721 330 1996 394; x_wconf 80' lang='lat' dir='ltr'>ISAIAM</span> <span class='ocrx_word' id='word_1_5' title='bbox 2037 331 2548 398; x_wconf 80' lang='lat' dir='ltr'>PROPHETAM.</span> <span class='ocrx_word' id='word_1_6' title='bbox 2593 336 2765 398; x_wconf 85' lang='lat' dir='ltr'>CAP.</span> <span class='ocrx_word' id='word_1_7' title='bbox 2810 338 2942 400; x_wconf 82' lang='lat' dir='ltr'>XV.</span> 
     </span>
    </p>
   </div>
   <div class='ocr_carea' id='block_1_3' title="bbox 3631 340 3748 400">
    <p class='ocr_par' dir='ltr' id='par_1_3' title="bbox 3631 340 3748 400">
     <span class='ocr_line' id='line_1_3' title="bbox 3631 340 3748 400; baseline 0.017 -2"><span class='ocrx_word' id='word_1_8' title='bbox 3631 340 3748 400; x_wconf 88' lang='lat'>638</span> 
     </span>
    </p>
   </div>
   <div class='ocr_carea' id='block_1_4' title="bbox 339 457 1988 542">
    <p class='ocr_par' dir='ltr' id='par_1_4' title="bbox 339 457 1986 537">
     <span class='ocr_line' id='line_1_4' title="bbox 339 457 1986 537; baseline 0.001 -22"><span class='ocrx_word' id='word_1_9' title='bbox 339 479 511 533; x_wconf 88' lang='grc' dir='ltr'>μενων</span> <span class='ocrx_word' id='word_1_10' title='bbox 543 459 680 516; x_wconf 85' lang='grc' dir='ltr'>κατᾶ</span> <span class='ocrx_word' id='word_1_11' title='bbox 706 466 808 530; x_wconf 83' lang='grc' dir='ltr'>τῆς</span> <span class='ocrx_word' id='word_1_12' title='bbox 842 460 1097 537; x_wconf 85' lang='grc' dir='ltr'>γνώσεως</span> <span class='ocrx_word' id='word_1_13' title='bbox 1123 464 1221 516; x_wconf 77' lang='grc' dir='ltr'>τοῦ</span> <span class='ocrx_word' id='word_1_14' title='bbox 1252 463 1407 528; x_wconf 80' lang='grc' dir='ltr'>Θεοῦ,</span> <span class='ocrx_word' id='word_1_15' title='bbox 1441 457 1547 516; x_wconf 57' lang='lat' dir='ltr'>siin</span> <span class='ocrx_word' id='word_1_16' title='bbox 1601 459 1656 516; x_wconf 84' lang='grc' dir='ltr'>ἐν</span> <span class='ocrx_word' id='word_1_17' title='bbox 1715 458 1986 516; x_wconf 69' lang='grc' dir='ltr'>διαλεκτιι</span> 
     </span>
    </p>
   </div>
   <div class='ocr_carea' id='block_1_5' title="bbox 2106 457 3742 542">
    <p class='ocr_par' dir='ltr' id='par_1_5' title="bbox 2106 466 3742 542">
     <span class='ocr_line' id='line_1_5' title="bbox 2106 466 3742 542; baseline 0.004 -22"><span class='ocrx_word' id='word_1_18' title='bbox 2106 481 2161 520; x_wconf 85' lang='lat' dir='ltr'>se</span> <span class='ocrx_word' id='word_1_19' title='bbox 2195 466 2483 522; x_wconf 84' lang='lat' dir='ltr'>extollunt</span> <span class='ocrx_word' id='word_1_20' title='bbox 2512 469 2791 525; x_wconf 88' lang='lat' dir='ltr'>adversus</span> <span class='ocrx_word' id='word_1_21' title='bbox 2808 469 2910 525; x_wconf 85' lang='lat' dir='ltr'>Dei</span> <span class='ocrx_word' id='word_1_22' title='bbox 2939 469 3244 526; x_wconf 78' lang='lat' dir='ltr'>scientiam</span> <span class='ocrx_word' id='word_1_23' title='bbox 3279 471 3470 540; x_wconf 65' lang='lat' dir='ltr'>1°,sive</span> <span class='ocrx_word' id='word_1_24' title='bbox 3488 485 3742 542; x_wconf 80' lang='lat' dir='ltr'>occupa-</span> 
     </span>
    </p>
   </div>
   <div class='ocr_carea' id='block_1_6' title="bbox 338 544 1989 625">
    <p class='ocr_par' dir='ltr' id='par_1_6' title="bbox 338 544 1989 625">
     <span class='ocr_line' id='line_1_6' title="bbox 338 544 1989 625; baseline 0.001 -21"><span class='ocrx_word' id='word_1_25' title='bbox 338 549 408 623; x_wconf 75' lang='grc' dir='ltr'>κῇ</span> <span class='ocrx_word' id='word_1_26' title='bbox 440 571 548 604; x_wconf 93' lang='grc' dir='ltr'>τινι</span> <span class='ocrx_word' id='word_1_27' title='bbox 584 549 762 624; x_wconf 80' lang='grc' dir='ltr'>Λόγων</span> <span class='ocrx_word' id='word_1_28' title='bbox 815 546 1072 623; x_wconf 72' lang='grc' dir='ltr'>διαιρέσει</span> <span class='ocrx_word' id='word_1_29' title='bbox 1126 549 1215 604; x_wconf 85' lang='grc' dir='ltr'>καὶ</span> <span class='ocrx_word' id='word_1_30' title='bbox 1254 544 1669 622; x_wconf 88' lang='grc' dir='ltr'>προϐλημάτων</span> <span class='ocrx_word' id='word_1_31' title='bbox 1730 550 1989 625; x_wconf 82' lang='grc' dir='ltr'>εὐκρινῶς</span> 
     </span>
    </p>
   </div>
   <div class='ocr_carea' id='block_1_7' title="bbox 337 633 1989 716">
    <p class='ocr_par' dir='ltr' id='par_1_7' title="bbox 337 633 1989 716">
     <span class='ocr_line' id='line_1_7' title="bbox 337 633 1989 716; baseline 0.001 -24"><span class='ocrx_word' id='word_1_32' title='bbox 337 636 644 694; x_wconf 78' lang='grc' dir='ltr'>δοκούντων</span> <span class='ocrx_word' id='word_1_33' title='bbox 697 633 1086 711; x_wconf 88' lang='grc' dir='ltr'>διαλαμϐάνειν</span> <span class='ocrx_word' id='word_1_34' title='bbox 1144 639 1265 712; x_wconf 87' lang='grc' dir='ltr'>περὶ</span> <span class='ocrx_word' id='word_1_35' title='bbox 1321 640 1546 693; x_wconf 66' lang='grc' dir='ltr'>ἑκάστου</span> <span class='ocrx_word' id='word_1_36' title='bbox 1600 644 1709 694; x_wconf 91' lang='grc' dir='ltr'>τῶν</span> <span class='ocrx_word' id='word_1_37' title='bbox 1767 660 1989 716; x_wconf 82' lang='grc' dir='ltr'>προκει-</span> 
     </span>
    </p>
   </div>
   <div class='ocr_carea' id='block_1_8' title="bbox 339 726 1988 804">
    <p class='ocr_par' dir='ltr' id='par_1_8' title="bbox 339 726 1988 804">
     <span class='ocr_line' id='line_1_8' title="bbox 339 726 1988 804; baseline 0.001 -21"><span class='ocrx_word' id='word_1_38' title='bbox 339 728 537 802; x_wconf 78' lang='grc' dir='ltr'>μένων,</span> <span class='ocrx_word' id='word_1_39' title='bbox 568 728 629 784; x_wconf 69' lang='grc' dir='ltr'>ἐκ</span> <span class='ocrx_word' id='word_1_40' title='bbox 661 729 948 802; x_wconf 81' lang='grc' dir='ltr'>μετανοίας</span> <span class='ocrx_word' id='word_1_41' title='bbox 992 727 1324 797; x_wconf 74' lang='grc' dir='ltr'>ὀλολυζέτω,</span> <span class='ocrx_word' id='word_1_42' title='bbox 1354 726 1446 782; x_wconf 70' lang='grc' dir='ltr'>’ίνα</span> <span class='ocrx_word' id='word_1_43' title='bbox 1473 726 1746 804; x_wconf 76' lang='grc' dir='ltr'>πληρώσῃ</span> <span class='ocrx_word' id='word_1_44' title='bbox 1777 729 1840 784; x_wconf 87' lang='grc' dir='ltr'>τὸ</span> <span class='ocrx_word' id='word_1_45' title='bbox 1897 751 1988 804; x_wconf 85' lang='grc' dir='ltr'>γε·</span> 
     </span>
    </p>
   </div>
   <div class='ocr_carea' id='block_1_9' title="bbox 335 815 1986 893">
    <p class='ocr_par' dir='ltr' id='par_1_9' title="bbox 335 815 1986 893">
     <span class='ocr_line' id='line_1_9' title="bbox 335 815 1986 893; baseline 0 -21"><span class='ocrx_word' id='word_1_46' title='bbox 335 818 679 893; x_wconf 82' lang='grc' dir='ltr'>γραμμένυν·</span> <span class='ocrx_word' id='word_1_47' title='bbox 716 816 766 872; x_wconf 68' lang='grc' dir='ltr'>ἰν</span> <span class='ocrx_word' id='word_1_48' title='bbox 801 823 916 879; x_wconf 88' lang='grc' dir='ltr'>ταῖς</span> <span class='ocrx_word' id='word_1_49' title='bbox 951 815 1232 885; x_wconf 78' lang='grc' dir='ltr'>πλατείας,</span> <span class='ocrx_word' id='word_1_50' title='bbox 1266 819 1355 872; x_wconf 84' lang='grc' dir='ltr'>καὶ</span> <span class='ocrx_word' id='word_1_51' title='bbox 1387 815 1474 872; x_wconf 66' lang='grc' dir='ltr'>ἐπὶ</span> <span class='ocrx_word' id='word_1_52' title='bbox 1529 823 1634 872; x_wconf 91' lang='grc' dir='ltr'>τῶν</span> <span class='ocrx_word' id='word_1_53' title='bbox 1696 816 1986 892; x_wconf 81' lang='grc' dir='ltr'>δωμάτων,</span> 
     </span>
    </p>
   </div>
   <div class='ocr_carea' id='block_1_10' title="bbox 335 905 1990 982">
    <p class='ocr_par' dir='ltr' id='par_1_10' title="bbox 335 905 1990 982">
     <span class='ocr_line' id='line_1_10' title="bbox 335 905 1990 982; baseline -0.002 -19"><span class='ocrx_word' id='word_1_54' title='bbox 335 907 508 963; x_wconf 82' lang='grc' dir='ltr'>καὶέν</span> <span class='ocrx_word' id='word_1_55' title='bbox 543 909 656 982; x_wconf 89' lang='grc'>(29)</span> <span class='ocrx_word' id='word_1_56' title='bbox 687 909 886 968; x_wconf 81' lang='grc' dir='ltr'>πάσαις</span> <span class='ocrx_word' id='word_1_57' title='bbox 918 912 1034 969; x_wconf 86' lang='grc' dir='ltr'>ταῖς</span> <span class='ocrx_word' id='word_1_58' title='bbox 1084 906 1280 982; x_wconf 76' lang='grc' dir='ltr'>ῥύμαις</span> <span class='ocrx_word' id='word_1_59' title='bbox 1332 911 1428 961; x_wconf 74' lang='grc' dir='ltr'>τοῦ</span> <span class='ocrx_word' id='word_1_60' title='bbox 1487 905 1658 982; x_wconf 89' lang='grc' dir='ltr'>λόγου</span> <span class='ocrx_word' id='word_1_61' title='bbox 1715 907 1990 982; x_wconf 87' lang='grc' dir='ltr'>προστάσ-</span> 
     </span>
    </p>
   </div>
   <div class='ocr_carea' id='block_1_11' title="bbox 333 993 1988 1072">
    <p class='ocr_par' dir='ltr' id='par_1_11' title="bbox 333 993 1988 1072">
     <span class='ocr_line' id='line_1_11' title="bbox 333 993 1988 1072; baseline -0.001 -20"><span class='ocrx_word' id='word_1_62' title='bbox 333 1017 527 1059; x_wconf 79' lang='grc' dir='ltr'>σοντος</span> <span class='ocrx_word' id='word_1_63' title='bbox 555 995 895 1072; x_wconf 71' lang='grc' dir='ltr'>κεκραγέναι.</span> <span class='ocrx_word' id='word_1_64' title='bbox 924 995 1021 1050; x_wconf 82' lang='grc' dir='ltr'>Διὰ</span> <span class='ocrx_word' id='word_1_65' title='bbox 1047 1001 1210 1051; x_wconf 84' lang='grc' dir='ltr'>τοῦτο</span> <span class='ocrx_word' id='word_1_66' title='bbox 1264 993 1322 1051; x_wconf 72' lang='grc' dir='ltr'><strong>δί</strong></span> <span class='ocrx_word' id='word_1_67' title='bbox 1371 994 1452 1051; x_wconf 83' lang='grc' dir='ltr'>δεῖ</span> <span class='ocrx_word' id='word_1_68' title='bbox 1506 1001 1672 1052; x_wconf 81' lang='grc' dir='ltr'>ταῦτα</span> <span class='ocrx_word' id='word_1_69' title='bbox 1725 998 1988 1072; x_wconf 81' lang='grc' dir='ltr'>γίνεσθαι,</span> 
     </span>
    </p>
   </div>
   <div class='ocr_carea' id='block_1_12' title="bbox 338 1083 1988 1165">
    <p class='ocr_par' dir='ltr' id='par_1_12' title="bbox 338 1083 1988 1165">
     <span class='ocr_line' id='line_1_12' title="bbox 338 1083 1988 1165; baseline -0.001 -22"><span class='ocrx_word' id='word_1_70' title='bbox 338 1085 527 1158; x_wconf 75' lang='grc' dir='ltr'>ἐπειδὴ</span> <span class='ocrx_word' id='word_1_71' title='bbox 613 1087 870 1163; x_wconf 82' lang='grc' dir='ltr'>κέκραγεν</span> <span class='ocrx_word' id='word_1_72' title='bbox 927 1083 1160 1144; x_wconf 75' lang='grc' dir='ltr'>Ἐσεϐών</span> <span class='ocrx_word' id='word_1_73' title='bbox 1367 1106 1380 1121; x_wconf 81' lang='grc'><strong><em>⁸</em></strong></span> <span class='ocrx_word' id='word_1_74' title='bbox 1445 1084 1676 1144; x_wconf 85' lang='grc' dir='ltr'>Ἐσεϐὼν</span> <span class='ocrx_word' id='word_1_75' title='bbox 1740 1089 1835 1161; x_wconf 76' lang='grc' dir='ltr'>μὶν</span> <span class='ocrx_word' id='word_1_76' title='bbox 1887 1089 1988 1165; x_wconf 80' lang='grc' dir='ltr'>γὰρ</span> 
     </span>
    </p>
   </div>
   <div class='ocr_carea' id='block_1_13' title="bbox 337 1175 1987 1253">
    <p class='ocr_par' dir='ltr' id='par_1_13' title="bbox 337 1175 1987 1253">
     <span class='ocr_line' id='line_1_13' title="bbox 337 1175 1987 1253; baseline -0.001 -20"><span class='ocrx_word' id='word_1_77' title='bbox 337 1177 696 1253; x_wconf 72' lang='grc' dir='ltr'>έρμηνεύεται</span> <span class='ocrx_word' id='word_1_78' title='bbox 755 1177 1048 1252; x_wconf 89' lang='grc' dir='ltr'>λογισμός·</span> <span class='ocrx_word' id='word_1_79' title='bbox 1105 1178 1339 1249; x_wconf 84' lang='grc' dir='ltr'>Ἐλεαλὴ</span> <span class='ocrx_word' id='word_1_80' title='bbox 1397 1176 1474 1251; x_wconf 71' lang='grc' dir='ltr'>δὲ,</span> <span class='ocrx_word' id='word_1_81' title='bbox 1525 1178 1660 1234; x_wconf 71' lang='grc' dir='ltr'>Θεοῦ</span> <span class='ocrx_word' id='word_1_82' title='bbox 1710 1175 1987 1240; x_wconf 60' lang='grc' dir='ltr'>ἀνάϐασις</span> 
     </span>
    </p>
   </div>
   <div class='ocr_carea' id='block_1_14' title="bbox 327 1263 1991 1344">
    <p class='ocr_par' dir='ltr' id='par_1_14' title="bbox 327 1263 1991 1344">
     <span class='ocr_line' id='line_1_14' title="bbox 327 1263 1991 1344; baseline 0 -23"><span class='ocrx_word' id='word_1_83' title='bbox 327 1269 504 1322; x_wconf 77' lang='grc' dir='ltr'>Ἰασσά</span> <span class='ocrx_word' id='word_1_84' title='bbox 571 1264 652 1338; x_wconf 79' lang='grc' dir='ltr'>δὶ,</span> <span class='ocrx_word' id='word_1_85' title='bbox 703 1272 956 1344; x_wconf 89' lang='grc' dir='ltr'>γεγονυῖα</span> <span class='ocrx_word' id='word_1_86' title='bbox 1005 1265 1222 1338; x_wconf 79' lang='grc' dir='ltr'>ἐντολή.</span> <span class='ocrx_word' id='word_1_87' title='bbox 1266 1267 1531 1344; x_wconf 79' lang='grc' dir='ltr'>Κέκραγεν</span> <span class='ocrx_word' id='word_1_88' title='bbox 1585 1267 1674 1323; x_wconf 80' lang='grc' dir='ltr'>οὖν</span> <span class='ocrx_word' id='word_1_89' title='bbox 1733 1263 1991 1337; x_wconf 83' lang='grc' dir='ltr'>Ἐσεϐὼν,</span> 
     </span>
    </p>
   </div>
   <div class='ocr_carea' id='block_1_15' title="bbox 339 1353 1994 1432">
    <p class='ocr_par' dir='ltr' id='par_1_15' title="bbox 339 1353 1994 1432">
     <span class='ocr_line' id='line_1_15' title="bbox 339 1353 1994 1432; baseline 0.001 -22"><span class='ocrx_word' id='word_1_90' title='bbox 339 1354 607 1424; x_wconf 79' lang='grc' dir='ltr'>τουτέστι,</span> <span class='ocrx_word' id='word_1_91' title='bbox 667 1360 914 1432; x_wconf 82' lang='grc' dir='ltr'>φανερῶς</span> <span class='ocrx_word' id='word_1_92' title='bbox 996 1353 1438 1431; x_wconf 84' lang='grc' dir='ltr'>διαμαρτύρεται,</span> <span class='ocrx_word' id='word_1_93' title='bbox 1493 1357 1578 1411; x_wconf 79' lang='grc' dir='ltr'>ὅτι</span> <span class='ocrx_word' id='word_1_94' title='bbox 1661 1357 1994 1432; x_wconf 82' lang='grc' dir='ltr'>ἀνθρώπινοί</span> 
     </span>
    </p>
   </div>
   <div class='ocr_carea' id='block_1_16' title="bbox 340 1442 1995 1520">
    <p class='ocr_par' dir='ltr' id='par_1_16' title="bbox 340 1442 1995 1520">
     <span class='ocr_line' id='line_1_16' title="bbox 340 1442 1995 1520; baseline 0.001 -22"><span class='ocrx_word' id='word_1_95' title='bbox 340 1442 442 1498; x_wconf 86' lang='grc' dir='ltr'>εἷ’σι</span> <span class='ocrx_word' id='word_1_96' title='bbox 476 1442 761 1518; x_wconf 78' lang='grc' dir='ltr'>λογισμοὶ,</span> <span class='ocrx_word' id='word_1_97' title='bbox 793 1445 882 1499; x_wconf 82' lang='grc' dir='ltr'>καὶ</span> <span class='ocrx_word' id='word_1_98' title='bbox 915 1445 980 1499; x_wconf 81' lang='grc' dir='ltr'>οὐ</span> <span class='ocrx_word' id='word_1_99' title='bbox 1040 1445 1197 1508; x_wconf 81' lang='grc' dir='ltr'>Θείων</span> <span class='ocrx_word' id='word_1_100' title='bbox 1254 1445 1567 1518; x_wconf 76' lang='grc' dir='ltr'>μυστηρίων</span> <span class='ocrx_word' id='word_1_101' title='bbox 1623 1445 1995 1520; x_wconf 81' lang='grc' dir='ltr'>ἀποκαλύψεις</span> 
     </span>
    </p>
   </div>
   <div class='ocr_carea' id='block_1_17' title="bbox 336 1529 1995 1608">
    <p class='ocr_par' dir='ltr' id='par_1_17' title="bbox 336 1529 1995 1608">
     <span class='ocr_line' id='line_1_17' title="bbox 336 1529 1995 1608; baseline 0.002 -21"><span class='ocrx_word' id='word_1_102' title='bbox 336 1535 406 1588; x_wconf 83' lang='grc' dir='ltr'>τὰ</span> <span class='ocrx_word' id='word_1_103' title='bbox 468 1530 778 1608; x_wconf 81' lang='grc' dir='ltr'>διδάγματα</span> <span class='ocrx_word' id='word_1_104' title='bbox 847 1535 953 1588; x_wconf 82' lang='grc' dir='ltr'>τῶν</span> <span class='ocrx_word' id='word_1_105' title='bbox 1031 1529 1360 1591; x_wconf 87' lang='grc' dir='ltr'>Μωαϐιτῶν.</span> <span class='ocrx_word' id='word_1_106' title='bbox 1422 1535 1519 1591; x_wconf 84' lang='grc' dir='ltr'>Καὶ</span> <span class='ocrx_word' id='word_1_107' title='bbox 1578 1534 1834 1606; x_wconf 75' lang='grc' dir='ltr'>Ἐλεαλή.</span> <span class='ocrx_word' id='word_1_108' title='bbox 1897 1538 1995 1590; x_wconf 80' lang='grc' dir='ltr'>Καὶ</span> 
     </span>
    </p>
   </div>
   <div class='ocr_carea' id='block_1_18' title="bbox 341 1618 1994 1700">
    <p class='ocr_par' dir='ltr' id='par_1_18' title="bbox 341 1618 1994 1700">
     <span class='ocr_line' id='line_1_18' title="bbox 341 1618 1994 1700; baseline 0.002 -24"><span class='ocrx_word' id='word_1_109' title='bbox 341 1621 476 1691; x_wconf 76' lang='grc' dir='ltr'>αὕτη</span> <span class='ocrx_word' id='word_1_110' title='bbox 512 1618 601 1676; x_wconf 81' lang='grc' dir='ltr'>διὰ</span> <span class='ocrx_word' id='word_1_111' title='bbox 629 1622 736 1676; x_wconf 85' lang='grc' dir='ltr'>τῶν</span> <span class='ocrx_word' id='word_1_112' title='bbox 769 1623 1100 1697; x_wconf 88' lang='grc' dir='ltr'>πραγμάτων</span> <span class='ocrx_word' id='word_1_113' title='bbox 1159 1624 1436 1700; x_wconf 75' lang='grc' dir='ltr'>κέκραγεν,</span> <span class='ocrx_word' id='word_1_114' title='bbox 1471 1625 1553 1678; x_wconf 84' lang='grc' dir='ltr'>δτι</span> <span class='ocrx_word' id='word_1_115' title='bbox 1613 1625 1746 1679; x_wconf 71' lang='grc' dir='ltr'>Θεοῦ</span> <span class='ocrx_word' id='word_1_116' title='bbox 1803 1646 1994 1680; x_wconf 90' lang='grc' dir='ltr'>καταν-</span> 
     </span>
    </p>
   </div>
   <div class='ocr_carea' id='block_1_19' title="bbox 342 1710 1995 1788">
    <p class='ocr_par' dir='ltr' id='par_1_19' title="bbox 342 1710 1995 1788">
     <span class='ocr_line' id='line_1_19' title="bbox 342 1710 1995 1788; baseline 0.001 -22"><span class='ocrx_word' id='word_1_117' title='bbox 342 1715 698 1787; x_wconf 77' lang='grc' dir='ltr'>αισχυντοῦσι</span> <span class='ocrx_word' id='word_1_118' title='bbox 728 1711 818 1765; x_wconf 85' lang='grc' dir='ltr'>καὶ</span> <span class='ocrx_word' id='word_1_119' title='bbox 867 1710 1282 1788; x_wconf 86' lang='grc' dir='ltr'>κατεπαίρονται</span> <span class='ocrx_word' id='word_1_120' title='bbox 1337 1713 1390 1766; x_wconf 76' lang='lat' dir='ltr'>ot</span> <span class='ocrx_word' id='word_1_121' title='bbox 1439 1711 1666 1775; x_wconf 72' lang='grc' dir='ltr'>ἐκείνοις</span> <span class='ocrx_word' id='word_1_122' title='bbox 1715 1719 1830 1776; x_wconf 85' lang='grc' dir='ltr'>τοῖς</span> <span class='ocrx_word' id='word_1_123' title='bbox 1891 1735 1995 1786; x_wconf 84' lang='grc' dir='ltr'>μα-</span> 
     </span>
    </p>
   </div>
   <div class='ocr_carea' id='block_1_20' title="bbox 2098 557 3747 630">
    <p class='ocr_par' dir='ltr' id='par_1_20' title="bbox 2098 557 3747 630">
     <span class='ocr_line' id='line_1_20' title="bbox 2098 557 3747 630; baseline 0.004 -22"><span class='ocrx_word' id='word_1_124' title='bbox 2098 558 2194 609; x_wconf 87' lang='lat' dir='ltr'>tus</span> <span class='ocrx_word' id='word_1_125' title='bbox 2224 557 2398 611; x_wconf 85' lang='lat' dir='ltr'>fuerit</span> <span class='ocrx_word' id='word_1_126' title='bbox 2422 557 2481 611; x_wconf 91' lang='lat' dir='ltr'>in</span> <span class='ocrx_word' id='word_1_127' title='bbox 2504 558 2804 613; x_wconf 88' lang='lat' dir='ltr'>dialectica</span> <span class='ocrx_word' id='word_1_128' title='bbox 2827 561 3080 630; x_wconf 90' lang='lat' dir='ltr'>quadam</span> <span class='ocrx_word' id='word_1_129' title='bbox 3105 560 3415 630; x_wconf 72' lang='lat' dir='ltr'>partitione</span> <span class='ocrx_word' id='word_1_130' title='bbox 3438 561 3747 615; x_wconf 85' lang='lat' dir='ltr'>verborum</span> 
     </span>
    </p>
   </div>
   <div class='ocr_carea' id='block_1_21' title="bbox 2099 644 3750 720">
    <p class='ocr_par' dir='ltr' id='par_1_21' title="bbox 2099 644 3750 720">
     <span class='ocr_line' id='line_1_21' title="bbox 2099 644 3750 720; baseline 0.002 -22"><span class='ocrx_word' id='word_1_131' title='bbox 2099 651 2156 698; x_wconf 87' lang='lat' dir='ltr'>et</span> <span class='ocrx_word' id='word_1_132' title='bbox 2187 644 2635 714; x_wconf 87' lang='lat' dir='ltr'>problematum,</span> <span class='ocrx_word' id='word_1_133' title='bbox 2669 665 2799 718; x_wconf 70' lang='lat' dir='ltr'>quae</span> <span class='ocrx_word' id='word_1_134' title='bbox 2829 650 2899 703; x_wconf 90' lang='lat' dir='ltr'>de</span> <span class='ocrx_word' id='word_1_135' title='bbox 2928 647 3178 719; x_wconf 83' lang='lat' dir='ltr'>singulis</span> <span class='ocrx_word' id='word_1_136' title='bbox 3211 649 3384 704; x_wconf 83' lang='lat' dir='ltr'>rebus</span> <span class='ocrx_word' id='word_1_137' title='bbox 3432 648 3750 720; x_wconf 81' lang='lat' dir='ltr'>propositis</span> 
     </span>
    </p>
   </div>
   <div class='ocr_carea' id='block_1_22' title="bbox 2101 733 3747 808">
    <p class='ocr_par' dir='ltr' id='par_1_22' title="bbox 2101 733 3747 808">
     <span class='ocr_line' id='line_1_22' title="bbox 2101 733 3747 808; baseline 0.004 -22"><span class='ocrx_word' id='word_1_138' title='bbox 2101 733 2376 789; x_wconf 78' lang='lat' dir='ltr'>distincte</span> <span class='ocrx_word' id='word_1_139' title='bbox 2399 739 2650 790; x_wconf 79' lang='lat' dir='ltr'>tractare</span> <span class='ocrx_word' id='word_1_140' title='bbox 2675 738 2966 807; x_wconf 88' lang='lat' dir='ltr'>videntur,</span> <span class='ocrx_word' id='word_1_141' title='bbox 3002 736 3189 793; x_wconf 90' lang='lat' dir='ltr'>ululet</span> <span class='ocrx_word' id='word_1_142' title='bbox 3217 739 3472 808; x_wconf 69' lang='lat' dir='ltr'>poenitus</span> <span class='ocrx_word' id='word_1_143' title='bbox 3493 739 3707 793; x_wconf 90' lang='lat' dir='ltr'>ductus</span> <span class='ocrx_word' id='word_1_144' title='bbox 3732 762 3747 805; x_wconf 86' lang='lat'>;</span> 
     </span>
    </p>
   </div>
   <div class='ocr_carea' id='block_1_23' title="bbox 2102 824 3752 897">
    <p class='ocr_par' dir='ltr' id='par_1_23' title="bbox 2102 824 3752 897">
     <span class='ocr_line' id='line_1_23' title="bbox 2102 824 3752 897; baseline 0.002 -21"><span class='ocrx_word' id='word_1_145' title='bbox 2102 828 2167 876; x_wconf 91' lang='lat' dir='ltr'>ut</span> <span class='ocrx_word' id='word_1_146' title='bbox 2198 824 2352 892; x_wconf 92' lang='lat' dir='ltr'>quod</span> <span class='ocrx_word' id='word_1_147' title='bbox 2385 824 2674 894; x_wconf 89' lang='lat' dir='ltr'>scriptum</span> <span class='ocrx_word' id='word_1_148' title='bbox 2705 832 2793 879; x_wconf 88' lang='lat' dir='ltr'>est</span> <span class='ocrx_word' id='word_1_149' title='bbox 2824 827 3082 896; x_wconf 81' lang='lat' dir='ltr'>impleat;</span> <span class='ocrx_word' id='word_1_150' title='bbox 3117 826 3336 897; x_wconf 88' lang='lat' dir='ltr'>quippe</span> <span class='ocrx_word' id='word_1_151' title='bbox 3368 827 3424 880; x_wconf 91' lang='lat' dir='ltr'>in</span> <span class='ocrx_word' id='word_1_152' title='bbox 3459 827 3752 897; x_wconf 76' lang='lat' dir='ltr'>plateis,et</span> 
     </span>
    </p>
   </div>
   <div class='ocr_carea' id='block_1_24' title="bbox 2100 912 3753 985">
    <p class='ocr_par' dir='ltr' id='par_1_24' title="bbox 2100 912 3753 985">
     <span class='ocr_line' id='line_1_24' title="bbox 2100 912 3753 985; baseline 0.004 -21"><span class='ocrx_word' id='word_1_153' title='bbox 2100 927 2278 981; x_wconf 83' lang='lat' dir='ltr'>super</span> <span class='ocrx_word' id='word_1_154' title='bbox 2307 917 2480 980; x_wconf 86' lang='lat' dir='ltr'>tecta,</span> <span class='ocrx_word' id='word_1_155' title='bbox 2513 919 2570 967; x_wconf 88' lang='lat' dir='ltr'>et</span> <span class='ocrx_word' id='word_1_156' title='bbox 2593 912 2652 966; x_wconf 90' lang='lat' dir='ltr'>in</span> <span class='ocrx_word' id='word_1_157' title='bbox 2675 914 2951 968; x_wconf 91' lang='lat' dir='ltr'>omnibus</span> <span class='ocrx_word' id='word_1_158' title='bbox 2974 916 3113 970; x_wconf 87' lang='lat' dir='ltr'>vicis</span> <span class='ocrx_word' id='word_1_159' title='bbox 3135 914 3450 970; x_wconf 89' lang='lat' dir='ltr'>clamorem</span> <span class='ocrx_word' id='word_1_160' title='bbox 3473 915 3753 985; x_wconf 78' lang='lat' dir='ltr'>edijubet</span> 
     </span>
    </p>
   </div>
   <div class='ocr_carea' id='block_1_25' title="bbox 2101 999 3752 1076">
    <p class='ocr_par' dir='ltr' id='par_1_25' title="bbox 2101 999 3752 1076">
     <span class='ocr_line' id='line_1_25' title="bbox 2101 999 3752 1076; baseline 0.004 -22"><span class='ocrx_word' id='word_1_161' title='bbox 2101 999 2420 1070; x_wconf 74' lang='lat' dir='ltr'>Scriptura.</span> <span class='ocrx_word' id='word_1_162' title='bbox 2455 1001 2673 1057; x_wconf 87' lang='lat' dir='ltr'>Idcirco</span> <span class='ocrx_word' id='word_1_163' title='bbox 2706 1008 2902 1057; x_wconf 87' lang='lat' dir='ltr'>autem</span> <span class='ocrx_word' id='word_1_164' title='bbox 2964 1004 3082 1058; x_wconf 72' lang='lat' dir='ltr'>hinc</span> <span class='ocrx_word' id='word_1_165' title='bbox 3132 1004 3256 1058; x_wconf 83' lang='lat' dir='ltr'>ﬁeri</span> <span class='ocrx_word' id='word_1_166' title='bbox 3308 1007 3556 1076; x_wconf 80' lang='lat' dir='ltr'>oportet,</span> <span class='ocrx_word' id='word_1_167' title='bbox 3611 1005 3752 1074; x_wconf 87' lang='lat' dir='ltr'>quia</span> 
     </span>
    </p>
   </div>
   <div class='ocr_carea' id='block_1_26' title="bbox 2101 1088 3752 1163">
    <p class='ocr_par' dir='ltr' id='par_1_26' title="bbox 2101 1088 3752 1163">
     <span class='ocr_line' id='line_1_26' title="bbox 2101 1088 3752 1163; baseline 0.002 -21"><span class='ocrx_word' id='word_1_168' title='bbox 2101 1088 2406 1156; x_wconf 84' lang='lat' dir='ltr'>clamavit;</span> <span class='ocrx_word' id='word_1_169' title='bbox 2435 1090 2660 1146; x_wconf 84' lang='lat' dir='ltr'>Esebon</span> <span class='ocrx_word' id='word_1_170' title='bbox 2692 1093 2937 1158; x_wconf 88' lang='lat' dir='ltr'>enim,si</span> <span class='ocrx_word' id='word_1_171' title='bbox 2962 1091 3096 1163; x_wconf 91' lang='lat' dir='ltr'>quis</span> <span class='ocrx_word' id='word_1_172' title='bbox 3125 1092 3558 1163; x_wconf 83' lang='lat' dir='ltr'>interpretetur,</span> <span class='ocrx_word' id='word_1_173' title='bbox 3579 1096 3752 1147; x_wconf 85' lang='lat' dir='ltr'>sonat</span> 
     </span>
    </p>
   </div>
   <div class='ocr_carea' id='block_1_27' title="bbox 2101 1179 3752 1248">
    <p class='ocr_par' dir='ltr' id='par_1_27' title="bbox 2101 1179 3752 1248">
     <span class='ocr_line' id='line_1_27' title="bbox 2101 1179 3752 1248; baseline 0.003 -17"><span class='ocrx_word' id='word_1_174' title='bbox 2101 1179 2602 1248; x_wconf 72' lang='lat' dir='ltr'>ratiocinationem,</span> <span class='ocrx_word' id='word_1_175' title='bbox 2631 1179 2822 1235; x_wconf 89' lang='lat' dir='ltr'>Eleale</span> <span class='ocrx_word' id='word_1_176' title='bbox 2855 1188 3072 1247; x_wconf 88' lang='lat' dir='ltr'>autem,</span> <span class='ocrx_word' id='word_1_177' title='bbox 3105 1182 3205 1236; x_wconf 90' lang='lat' dir='ltr'>Dei</span> <span class='ocrx_word' id='word_1_178' title='bbox 3232 1197 3552 1248; x_wconf 80' lang='lat' dir='ltr'>ascensum;</span> <span class='ocrx_word' id='word_1_179' title='bbox 3579 1181 3752 1236; x_wconf 87' lang='lat' dir='ltr'>Jassa</span> 
     </span>
    </p>
   </div>
   <div class='ocr_carea' id='block_1_28' title="bbox 2104 1269 3750 1340">
    <p class='ocr_par' dir='ltr' id='par_1_28' title="bbox 2104 1269 3750 1340">
     <span class='ocr_line' id='line_1_28' title="bbox 2104 1269 3750 1340; baseline 0 -18"><span class='ocrx_word' id='word_1_180' title='bbox 2104 1284 2260 1332; x_wconf 88' lang='lat' dir='ltr'>vero,</span> <span class='ocrx_word' id='word_1_181' title='bbox 2310 1271 2517 1337; x_wconf 76' lang='lat' dir='ltr'>factum</span> <span class='ocrx_word' id='word_1_182' title='bbox 2562 1273 2915 1340; x_wconf 69' lang='lat' dir='ltr'>praeceptum.</span> <span class='ocrx_word' id='word_1_183' title='bbox 2967 1269 3250 1323; x_wconf 79' lang='lat' dir='ltr'>Clamavit</span> <span class='ocrx_word' id='word_1_184' title='bbox 3297 1269 3471 1338; x_wconf 85' lang='lat' dir='ltr'>igitur</span> <span class='ocrx_word' id='word_1_185' title='bbox 3499 1271 3750 1339; x_wconf 80' lang='lat' dir='ltr'>Esebon,</span> 
     </span>
    </p>
   </div>
   <div class='ocr_carea' id='block_1_29' title="bbox 2103 1357 3752 1425">
    <p class='ocr_par' dir='ltr' id='par_1_29' title="bbox 2103 1357 3752 1425">
     <span class='ocr_line' id='line_1_29' title="bbox 2103 1357 3752 1425; baseline 0.001 -14"><span class='ocrx_word' id='word_1_186' title='bbox 2103 1357 2213 1411; x_wconf 88' lang='lat' dir='ltr'>hoc</span> <span class='ocrx_word' id='word_1_187' title='bbox 2245 1357 2401 1412; x_wconf 73' lang='lat'>604</span> <span class='ocrx_word' id='word_1_188' title='bbox 2443 1365 2551 1425; x_wconf 90' lang='lat' dir='ltr'>est,</span> <span class='ocrx_word' id='word_1_189' title='bbox 2602 1357 2989 1412; x_wconf 87' lang='lat' dir='ltr'>Moabitarum</span> <span class='ocrx_word' id='word_1_190' title='bbox 3041 1359 3394 1413; x_wconf 86' lang='lat' dir='ltr'>documenta</span> <span class='ocrx_word' id='word_1_191' title='bbox 3441 1357 3752 1414; x_wconf 88' lang='lat' dir='ltr'>ratiocina-</span> 
     </span>
    </p>
   </div>
   <div class='ocr_carea' id='block_1_30' title="bbox 2103 1447 3755 1516">
    <p class='ocr_par' dir='ltr' id='par_1_30' title="bbox 2103 1447 3755 1516">
     <span class='ocr_line' id='line_1_30' title="bbox 2103 1447 3755 1516; baseline 0.002 -17"><span class='ocrx_word' id='word_1_192' title='bbox 2103 1447 2294 1502; x_wconf 86' lang='lat' dir='ltr'>tiones</span> <span class='ocrx_word' id='word_1_193' title='bbox 2327 1447 2619 1502; x_wconf 89' lang='lat' dir='ltr'>humanas</span> <span class='ocrx_word' id='word_1_194' title='bbox 2644 1463 2774 1502; x_wconf 88' lang='lat' dir='ltr'>esse</span> <span class='ocrx_word' id='word_1_195' title='bbox 2808 1447 3116 1502; x_wconf 83' lang='lat' dir='ltr'>manifesto</span> <span class='ocrx_word' id='word_1_196' title='bbox 3148 1447 3425 1516; x_wconf 85' lang='lat' dir='ltr'>declarat,</span> <span class='ocrx_word' id='word_1_197' title='bbox 3457 1465 3573 1502; x_wconf 89' lang='lat' dir='ltr'>non</span> <span class='ocrx_word' id='word_1_198' title='bbox 3604 1447 3755 1502; x_wconf 89' lang='lat' dir='ltr'>divi-</span> 
     </span>
    </p>
   </div>
   <div class='ocr_carea' id='block_1_31' title="bbox 2108 1535 3756 1608">
    <p class='ocr_par' dir='ltr' id='par_1_31' title="bbox 2108 1535 3756 1608">
     <span class='ocr_line' id='line_1_31' title="bbox 2108 1535 3756 1608; baseline 0.002 -20"><span class='ocrx_word' id='word_1_199' title='bbox 2108 1552 2317 1590; x_wconf 88' lang='lat' dir='ltr'>norum</span> <span class='ocrx_word' id='word_1_200' title='bbox 2350 1536 2766 1606; x_wconf 82' lang='lat' dir='ltr'>mysteriorum</span> <span class='ocrx_word' id='word_1_201' title='bbox 2798 1535 3200 1592; x_wconf 74' lang='lat' dir='ltr'>revelationes.</span> <span class='ocrx_word' id='word_1_202' title='bbox 3233 1538 3296 1590; x_wconf 85' lang='lat' dir='ltr'>Et</span> <span class='ocrx_word' id='word_1_203' title='bbox 3330 1536 3532 1590; x_wconf 85' lang='lat' dir='ltr'>Eleale.</span> <span class='ocrx_word' id='word_1_204' title='bbox 3568 1541 3756 1608; x_wconf 85' lang='lat' dir='ltr'>Atque</span> 
     </span>
    </p>
   </div>
   <div class='ocr_carea' id='block_1_32' title="bbox 2107 1623 3756 1696">
    <p class='ocr_par' dir='ltr' id='par_1_32' title="bbox 2107 1623 3756 1696">
     <span class='ocr_line' id='line_1_32' title="bbox 2107 1623 3756 1696; baseline 0.001 -18"><span class='ocrx_word' id='word_1_205' title='bbox 2107 1623 2230 1679; x_wconf 69' lang='lat' dir='ltr'>hinc</span> <span class='ocrx_word' id='word_1_206' title='bbox 2262 1624 2454 1696; x_wconf 88' lang='lat' dir='ltr'>reipsa</span> <span class='ocrx_word' id='word_1_207' title='bbox 2484 1624 2776 1692; x_wconf 81' lang='lat' dir='ltr'>clamavit,</span> <span class='ocrx_word' id='word_1_208' title='bbox 2811 1642 2910 1681; x_wconf 91' lang='lat' dir='ltr'>eos</span> <span class='ocrx_word' id='word_1_209' title='bbox 2961 1626 3060 1696; x_wconf 90' lang='lat' dir='ltr'>qui</span> <span class='ocrx_word' id='word_1_210' title='bbox 3111 1626 3184 1680; x_wconf 89' lang='lat' dir='ltr'>ad</span> <span class='ocrx_word' id='word_1_211' title='bbox 3231 1623 3362 1680; x_wconf 88' lang='lat' dir='ltr'>illas</span> <span class='ocrx_word' id='word_1_212' title='bbox 3413 1623 3756 1696; x_wconf 88' lang='lat' dir='ltr'>disciplinas</span> 
     </span>
    </p>
   </div>
   <div class='ocr_carea' id='block_1_33' title="bbox 2107 1712 3760 1796">
    <p class='ocr_par' dir='ltr' id='par_1_33' title="bbox 2107 1712 3760 1796">
     <span class='ocr_line' id='line_1_33' title="bbox 2107 1712 3760 1796; baseline 0.002 -29"><span class='ocrx_word' id='word_1_213' title='bbox 2107 1718 2363 1768; x_wconf 88' lang='lat' dir='ltr'>mentem</span> <span class='ocrx_word' id='word_1_214' title='bbox 2424 1712 2750 1785; x_wconf 87' lang='lat' dir='ltr'>appellunt,</span> <span class='ocrx_word' id='word_1_215' title='bbox 2807 1715 3089 1796; x_wconf 78' lang='lat' dir='ltr'>adversus</span> <span class='ocrx_word' id='word_1_216' title='bbox 3143 1719 3326 1769; x_wconf 91' lang='lat' dir='ltr'>Deum</span> <span class='ocrx_word' id='word_1_217' title='bbox 3385 1714 3760 1786; x_wconf 86' lang='lat' dir='ltr'>impudenter</span> 
     </span>
    </p>
   </div>
   <div class='ocr_carea' id='block_1_34' title="bbox 345 1800 1988 1901">
    <p class='ocr_par' dir='ltr' id='par_1_34' title="bbox 345 1800 1988 1901">
     <span class='ocr_line' id='line_1_34' title="bbox 345 1800 1988 1901; baseline 0.002 -47"><span class='ocrx_word' id='word_1_218' title='bbox 345 1802 583 1901; x_wconf 53' lang='grc' dir='ltr'>θήμὲισιν</span> <span class='ocrx_word' id='word_1_219' title='bbox 640 1801 868 1864; x_wconf 74' lang='grc' dir='ltr'>ἑαυτοὺς</span> <span class='ocrx_word' id='word_1_220' title='bbox 919 1800 1274 1866; x_wconf 81' lang='grc' dir='ltr'>ἐπιδιδόντες.</span> <span class='ocrx_word' id='word_1_221' title='bbox 1311 1803 1488 1861; x_wconf 75' lang='grc' dir='ltr'>Τοῦτο</span> <span class='ocrx_word' id='word_1_222' title='bbox 1538 1803 1641 1878; x_wconf 86' lang='grc' dir='ltr'>γάρ</span> <span class='ocrx_word' id='word_1_223' title='bbox 1697 1803 1829 1876; x_wconf 65' lang='grc' dir='ltr'>ἐστι,</span> <span class='ocrx_word' id='word_1_224' title='bbox 1864 1808 1988 1860; x_wconf 74' lang='grc' dir='ltr'>Θεοῦ</span> 
     </span>
    </p>
   </div>
   <div class='ocr_carea' id='block_1_35' title="bbox 2106 1800 3756 1901">
    <p class='ocr_par' dir='ltr' id='par_1_35' title="bbox 2107 1803 3756 1874">
     <span class='ocr_line' id='line_1_35' title="bbox 2107 1803 3756 1874; baseline 0.002 -19"><span class='ocrx_word' id='word_1_225' title='bbox 2107 1818 2486 1874; x_wconf 88' lang='lat' dir='ltr'>agere,seque</span> <span class='ocrx_word' id='word_1_226' title='bbox 2511 1807 2712 1858; x_wconf 86' lang='lat' dir='ltr'>contra</span> <span class='ocrx_word' id='word_1_227' title='bbox 2742 1819 2876 1858; x_wconf 91' lang='lat' dir='ltr'>eum</span> <span class='ocrx_word' id='word_1_228' title='bbox 2910 1803 3306 1858; x_wconf 77' lang='lat' dir='ltr'>eﬂ‘erre.Hunc</span> <span class='ocrx_word' id='word_1_229' title='bbox 3322 1803 3479 1858; x_wconf 90' lang='lat' dir='ltr'>enim</span> <span class='ocrx_word' id='word_1_230' title='bbox 3512 1819 3756 1859; x_wconf 89' lang='lat' dir='ltr'>sensum</span> 
     </span>
    </p>
   </div>
   <div class='ocr_carea' id='block_1_36' title="bbox 347 1885 1988 1970">
    <p class='ocr_par' dir='ltr' id='par_1_36' title="bbox 347 1885 1988 1970">
     <span class='ocr_line' id='line_1_36' title="bbox 347 1885 1988 1970; baseline 0.003 -27"><span class='ocrx_word' id='word_1_231' title='bbox 347 1885 627 1959; x_wconf 81' lang='grc' dir='ltr'>ἀνάϐασις,</span> <span class='ocrx_word' id='word_1_232' title='bbox 686 1892 721 1959; x_wconf 84' lang='grc' dir='ltr'><strong>ἡ</strong></span> <span class='ocrx_word' id='word_1_233' title='bbox 778 1889 864 1946; x_wconf 79' lang='grc' dir='ltr'>ἐπὶ</span> <span class='ocrx_word' id='word_1_234' title='bbox 949 1893 1018 1946; x_wconf 77' lang='grc' dir='ltr'>τὰ</span> <span class='ocrx_word' id='word_1_235' title='bbox 1095 1891 1205 1965; x_wconf 77' lang='grc' dir='ltr'>ὕψη</span> <span class='ocrx_word' id='word_1_236' title='bbox 1269 1895 1383 1966; x_wconf 86' lang='grc'>(31)</span> <span class='ocrx_word' id='word_1_237' title='bbox 1457 1898 1558 1961; x_wconf 77' lang='grc' dir='ltr'>τῆς</span> <span class='ocrx_word' id='word_1_238' title='bbox 1631 1893 1988 1970; x_wconf 77' lang='grc' dir='ltr'>ὑπερηφανίας</span> 
     </span>
    </p>
   </div>
   <div class='ocr_carea' id='block_1_37' title="bbox 2106 1885 3756 1970">
    <p class='ocr_par' dir='ltr' id='par_1_37' title="bbox 2107 1889 3756 1962">
     <span class='ocr_line' id='line_1_37' title="bbox 2107 1889 3756 1962; baseline 0.002 -18"><span class='ocrx_word' id='word_1_239' title='bbox 2107 1889 2330 1946; x_wconf 86' lang='lat' dir='ltr'>indicat</span> <span class='ocrx_word' id='word_1_240' title='bbox 2360 1893 2457 1947; x_wconf 86' lang='lat' dir='ltr'>Dei</span> <span class='ocrx_word' id='word_1_241' title='bbox 2484 1907 2762 1959; x_wconf 76' lang='lat' dir='ltr'>ascensus,</span> <span class='ocrx_word' id='word_1_242' title='bbox 2795 1908 2896 1947; x_wconf 91' lang='lat' dir='ltr'>ceu</span> <span class='ocrx_word' id='word_1_243' title='bbox 2934 1891 3169 1946; x_wconf 86' lang='lat' dir='ltr'>animus</span> <span class='ocrx_word' id='word_1_244' title='bbox 3212 1893 3285 1946; x_wconf 92' lang='lat' dir='ltr'>ad</span> <span class='ocrx_word' id='word_1_245' title='bbox 3330 1891 3617 1962; x_wconf 64' lang='lat' dir='ltr'>superbia</span> <span class='ocrx_word' id='word_1_246' title='bbox 3669 1895 3756 1962; x_wconf 80' lang='lat' dir='ltr'>fa-</span> 
     </span>
    </p>
   </div>
   <div class='ocr_carea' id='block_1_38' title="bbox 345 1974 2000 2056">
    <p class='ocr_par' dir='ltr' id='par_1_38' title="bbox 345 1974 2000 2056">
     <span class='ocr_line' id='line_1_38' title="bbox 345 1974 2000 2056; baseline 0.002 -24"><span class='ocrx_word' id='word_1_247' title='bbox 345 1974 592 2052; x_wconf 82' lang='grc' dir='ltr'>ἔπαρσις.</span> <span class='ocrx_word' id='word_1_248' title='bbox 653 1979 754 2034; x_wconf 83' lang='grc' dir='ltr'>Καὶ</span> <span class='ocrx_word' id='word_1_249' title='bbox 823 1979 1026 2037; x_wconf 82' lang='grc' dir='ltr'>Ἰασσά.</span> <span class='ocrx_word' id='word_1_250' title='bbox 1079 1981 1143 2037; x_wconf 77' lang='lat' dir='ltr'>El</span> <span class='ocrx_word' id='word_1_251' title='bbox 1211 1983 1298 2035; x_wconf 79' lang='grc' dir='ltr'>καὶ</span> <span class='ocrx_word' id='word_1_252' title='bbox 1382 1977 1532 2036; x_wconf 88' lang='grc' dir='ltr'>δοκεῖ</span> <span class='ocrx_word' id='word_1_253' title='bbox 1603 1987 1858 2056; x_wconf 82' lang='grc' dir='ltr'>γεγονυῖα</span> <span class='ocrx_word' id='word_1_254' title='bbox 1919 1980 2000 2036; x_wconf 82' lang='grc' dir='ltr'>ἐν·</span> 
     </span>
    </p>
   </div>
   <div class='ocr_carea' id='block_1_39' title="bbox 342 2065 1999 2145">
    <p class='ocr_par' dir='ltr' id='par_1_39' title="bbox 342 2065 1999 2145">
     <span class='ocr_line' id='line_1_39' title="bbox 342 2065 1999 2145; baseline 0.001 -23"><span class='ocrx_word' id='word_1_255' title='bbox 342 2067 484 2136; x_wconf 83' lang='grc' dir='ltr'>τολὴ</span> <span class='ocrx_word' id='word_1_256' title='bbox 549 2067 705 2136; x_wconf 81' lang='grc' dir='ltr'>εἶναι,</span> <span class='ocrx_word' id='word_1_257' title='bbox 739 2065 887 2123; x_wconf 78' lang='grc' dir='ltr'>ἀλλὰ</span> <span class='ocrx_word' id='word_1_258' title='bbox 935 2068 1072 2124; x_wconf 78' lang='grc' dir='ltr'>κατὰ</span> <span class='ocrx_word' id='word_1_259' title='bbox 1127 2068 1383 2140; x_wconf 81' lang='grc' dir='ltr'>ἀλήθειαν</span> <span class='ocrx_word' id='word_1_260' title='bbox 1441 2069 1541 2125; x_wconf 77' lang='grc' dir='ltr'>οὐκ</span> <span class='ocrx_word' id='word_1_261' title='bbox 1581 2068 1804 2141; x_wconf 82' lang='grc' dir='ltr'>ἐντολή·</span> <span class='ocrx_word' id='word_1_262' title='bbox 1861 2090 1999 2145; x_wconf 87' lang='grc' dir='ltr'>σχη-</span> 
     </span>
    </p>
   </div>
   <div class='ocr_carea' id='block_1_40' title="bbox 352 2153 1996 2234">
    <p class='ocr_par' dir='ltr' id='par_1_40' title="bbox 352 2153 1996 2234">
     <span class='ocr_line' id='line_1_40' title="bbox 352 2153 1996 2234; baseline 0.002 -24"><span class='ocrx_word' id='word_1_263' title='bbox 352 2157 623 2230; x_wconf 88' lang='grc' dir='ltr'>ματισμὸς</span> <span class='ocrx_word' id='word_1_264' title='bbox 673 2154 730 2211; x_wconf 87' lang='grc' dir='ltr'>δέ</span> <span class='ocrx_word' id='word_1_265' title='bbox 775 2178 858 2219; x_wconf 91' lang='grc' dir='ltr'>τις</span> <span class='ocrx_word' id='word_1_266' title='bbox 905 2159 1030 2232; x_wconf 88' lang='grc' dir='ltr'>περὶ</span> <span class='ocrx_word' id='word_1_267' title='bbox 1092 2158 1206 2234; x_wconf 90' lang='grc' dir='ltr'>βίον</span> <span class='ocrx_word' id='word_1_268' title='bbox 1239 2153 1537 2234; x_wconf 84' lang='grc' dir='ltr'>ἀκριϐείας,</span> <span class='ocrx_word' id='word_1_269' title='bbox 1569 2159 1706 2234; x_wconf 87' lang='grc' dir='ltr'>πρὸς</span> <span class='ocrx_word' id='word_1_270' title='bbox 1765 2159 1996 2214; x_wconf 79' lang='grc' dir='ltr'>πιθανό-</span> 
     </span>
    </p>
   </div>
   <div class='ocr_carea' id='block_1_41' title="bbox 344 2242 1996 2322">
    <p class='ocr_par' dir='ltr' id='par_1_41' title="bbox 344 2242 1996 2322">
     <span class='ocr_line' id='line_1_41' title="bbox 344 2242 1996 2322; baseline 0.004 -25"><span class='ocrx_word' id='word_1_271' title='bbox 344 2265 482 2314; x_wconf 85' lang='grc' dir='ltr'>τητα</span> <span class='ocrx_word' id='word_1_272' title='bbox 511 2246 602 2300; x_wconf 86' lang='grc' dir='ltr'>καὶ</span> <span class='ocrx_word' id='word_1_273' title='bbox 633 2242 956 2321; x_wconf 82' lang='grc' dir='ltr'>παραδοχὴν</span> <span class='ocrx_word' id='word_1_274' title='bbox 987 2251 1097 2301; x_wconf 89' lang='grc' dir='ltr'>τῶν</span> <span class='ocrx_word' id='word_1_275' title='bbox 1127 2252 1384 2322; x_wconf 86' lang='grc' dir='ltr'>πονηρῶν</span> <span class='ocrx_word' id='word_1_276' title='bbox 1436 2251 1546 2321; x_wconf 82' lang='grc'>(32)</span> <span class='ocrx_word' id='word_1_277' title='bbox 1593 2249 1698 2304; x_wconf 82' lang='grc' dir='ltr'>ἀπὸ</span> <span class='ocrx_word' id='word_1_278' title='bbox 1749 2250 1847 2303; x_wconf 79' lang='grc' dir='ltr'>τοῦ</span> <span class='ocrx_word' id='word_1_279' title='bbox 1899 2270 1996 2303; x_wconf 87' lang='grc' dir='ltr'>πο-</span> 
     </span>
    </p>
   </div>
   <div class='ocr_carea' id='block_1_42' title="bbox 343 2330 1996 2414">
    <p class='ocr_par' dir='ltr' id='par_1_42' title="bbox 343 2330 1996 2414">
     <span class='ocr_line' id='line_1_42' title="bbox 343 2330 1996 2414; baseline 0.004 -28"><span class='ocrx_word' id='word_1_280' title='bbox 343 2337 514 2407; x_wconf 84' lang='grc' dir='ltr'>νηροῦ</span> <span class='ocrx_word' id='word_1_281' title='bbox 572 2335 926 2408; x_wconf 74' lang='grc' dir='ltr'>φρονήματος</span> <span class='ocrx_word' id='word_1_282' title='bbox 972 2330 1442 2408; x_wconf 83' lang='grc' dir='ltr'>ὑποϐαλλομένων</span> <span class='ocrx_word' id='word_1_283' title='bbox 1495 2334 1864 2414; x_wconf 83' lang='grc' dir='ltr'>διδαγμάτων.</span> <span class='ocrx_word' id='word_1_284' title='bbox 1898 2339 1996 2393; x_wconf 80' lang='grc' dir='ltr'>Διὰ</span> 
     </span>
    </p>
   </div>
   <div class='ocr_carea' id='block_1_43' title="bbox 340 2421 1994 2502">
    <p class='ocr_par' dir='ltr' id='par_1_43' title="bbox 340 2421 1994 2502">
     <span class='ocr_line' id='line_1_43' title="bbox 340 2421 1994 2502; baseline 0.004 -27"><span class='ocrx_word' id='word_1_285' title='bbox 340 2425 506 2476; x_wconf 78' lang='grc' dir='ltr'>τοῦτο</span> <span class='ocrx_word' id='word_1_286' title='bbox 566 2421 617 2476; x_wconf 66' lang='grc' dir='ltr'>ἐν</span> <span class='ocrx_word' id='word_1_287' title='bbox 675 2428 792 2485; x_wconf 84' lang='grc' dir='ltr'>τοῖς</span> <span class='ocrx_word' id='word_1_288' title='bbox 841 2423 1068 2478; x_wconf 84' lang='grc' dir='ltr'>κατόπιν</span> <span class='ocrx_word' id='word_1_289' title='bbox 1129 2421 1384 2499; x_wconf 63' lang='grc' dir='ltr'>εἴρηται·</span> <span class='ocrx_word' id='word_1_290' title='bbox 1437 2426 1640 2487; x_wconf 88' lang='grc' dir='ltr'>Πάντες</span> <span class='ocrx_word' id='word_1_291' title='bbox 1703 2427 1994 2502; x_wconf 86' lang='grc' dir='ltr'>βραχίονες</span> 
     </span>
    </p>
   </div>
   <div class='ocr_carea' id='block_1_44' title="bbox 340 2509 1993 2590">
    <p class='ocr_par' dir='ltr' id='par_1_44' title="bbox 340 2509 1993 2590">
     <span class='ocr_line' id='line_1_44' title="bbox 340 2509 1993 2590; baseline 0.004 -26"><span class='ocrx_word' id='word_1_292' title='bbox 340 2509 810 2583; x_wconf 77' lang='grc' dir='ltr'>κατατετμημένοι</span> <span class='ocrx_word' id='word_1_293' title='bbox 849 2529 860 2542; x_wconf 90' lang='grc'><strong>·</strong></span> <span class='ocrx_word' id='word_1_294' title='bbox 889 2509 979 2566; x_wconf 74' lang='grc' dir='ltr'>’ίνα</span> <span class='ocrx_word' id='word_1_295' title='bbox 1033 2511 1087 2566; x_wconf 68' lang='grc' dir='ltr'>εἴ</span> <span class='ocrx_word' id='word_1_296' title='bbox 1134 2534 1218 2574; x_wconf 90' lang='grc' dir='ltr'>τις</span> <span class='ocrx_word' id='word_1_297' title='bbox 1271 2513 1512 2590; x_wconf 88' lang='grc' dir='ltr'>πονηρὸς</span> <span class='ocrx_word' id='word_1_298' title='bbox 1557 2511 1882 2576; x_wconf 86' lang='grc' dir='ltr'>διδάσκαλος</span> <span class='ocrx_word' id='word_1_299' title='bbox 1941 2514 1993 2570; x_wconf 71' lang='grc' dir='ltr'>ἂν</span> 
     </span>
    </p>
   </div>
   <div class='ocr_carea' id='block_1_45' title="bbox 341 2596 1996 2679">
    <p class='ocr_par' dir='ltr' id='par_1_45' title="bbox 341 2596 1996 2679">
     <span class='ocr_line' id='line_1_45' title="bbox 341 2596 1996 2679; baseline 0.004 -27"><span class='ocrx_word' id='word_1_300' title='bbox 341 2596 713 2672; x_wconf 79' lang='grc' dir='ltr'>ψευδοδοξίαις</span> <span class='ocrx_word' id='word_1_301' title='bbox 744 2599 1017 2670; x_wconf 69' lang='grc' dir='ltr'>ἐξαπατῶν</span> <span class='ocrx_word' id='word_1_302' title='bbox 1047 2601 1141 2662; x_wconf 79' lang='grc' dir='ltr'>τὰς</span> <span class='ocrx_word' id='word_1_303' title='bbox 1167 2603 1348 2677; x_wconf 81' lang='grc' dir='ltr'>ψυχὰς</span> <span class='ocrx_word' id='word_1_304' title='bbox 1394 2608 1502 2657; x_wconf 90' lang='grc' dir='ltr'>τῶν</span> <span class='ocrx_word' id='word_1_305' title='bbox 1553 2603 1854 2677; x_wconf 72' lang='grc' dir='ltr'>ιπομένων,</span> <span class='ocrx_word' id='word_1_306' title='bbox 1893 2605 1996 2679; x_wconf 80' lang='grc' dir='ltr'>βίῳ</span> 
     </span>
    </p>
   </div>
   <div class='ocr_carea' id='block_1_46' title="bbox 342 2685 1996 2768">
    <p class='ocr_par' dir='ltr' id='par_1_46' title="bbox 342 2685 1996 2768">
     <span class='ocr_line' id='line_1_46' title="bbox 342 2685 1996 2768; baseline 0.004 -26"><span class='ocrx_word' id='word_1_307' title='bbox 342 2685 400 2742; x_wconf 74' lang='grc' dir='ltr'>δὲ</span> <span class='ocrx_word' id='word_1_308' title='bbox 453 2685 629 2744; x_wconf 87' lang='grc' dir='ltr'>δοκῶν</span> <span class='ocrx_word' id='word_1_309' title='bbox 679 2688 972 2765; x_wconf 71' lang='grc' dir='ltr'>προσέχειν</span> <span class='ocrx_word' id='word_1_310' title='bbox 1023 2693 1134 2764; x_wconf 86' lang='grc'>(33)</span> <span class='ocrx_word' id='word_1_311' title='bbox 1168 2689 1551 2768; x_wconf 86' lang='grc' dir='ltr'>ἀκριδεστέρῳ,</span> <span class='ocrx_word' id='word_1_312' title='bbox 1586 2693 1638 2746; x_wconf 82' lang='grc' dir='ltr'>οἱ</span> <span class='ocrx_word' id='word_1_313' title='bbox 1689 2692 1996 2766; x_wconf 88' lang='grc' dir='ltr'>μεταμελη-</span> 
     </span>
    </p>
   </div>
   <div class='ocr_carea' id='block_1_47' title="bbox 340 2776 1992 2852">
    <p class='ocr_par' dir='ltr' id='par_1_47' title="bbox 340 2776 1992 2852">
     <span class='ocr_line' id='line_1_47' title="bbox 340 2776 1992 2852; baseline 0.003 -21"><span class='ocrx_word' id='word_1_314' title='bbox 340 2776 518 2840; x_wconf 79' lang='grc' dir='ltr'>θέντες</span> <span class='ocrx_word' id='word_1_315' title='bbox 552 2777 640 2832; x_wconf 73' lang='grc' dir='ltr'>ἰπὶ</span> <span class='ocrx_word' id='word_1_316' title='bbox 688 2782 770 2850; x_wconf 81' lang='grc' dir='ltr'>τῷ</span> <span class='ocrx_word' id='word_1_317' title='bbox 814 2779 1052 2852; x_wconf 86' lang='grc' dir='ltr'>τοιούτῳ</span> <span class='ocrx_word' id='word_1_318' title='bbox 1103 2777 1414 2852; x_wconf 73' lang='grc' dir='ltr'>διδασκάλῳ</span> <span class='ocrx_word' id='word_1_319' title='bbox 1458 2780 1682 2844; x_wconf 71' lang='grc' dir='ltr'>ἑαυτοὺς</span> <span class='ocrx_word' id='word_1_320' title='bbox 1731 2778 1992 2836; x_wconf 72' lang='grc' dir='ltr'>ἐπιδεδω-</span> 
     </span>
    </p>
   </div>
   <div class='ocr_carea' id='block_1_48' title="bbox 339 2869 1993 2945">
    <p class='ocr_par' dir='ltr' id='par_1_48' title="bbox 339 2869 1993 2945">
     <span class='ocr_line' id='line_1_48' title="bbox 339 2869 1993 2945; baseline 0.002 -23"><span class='ocrx_word' id='word_1_321' title='bbox 339 2869 510 2936; x_wconf 80' lang='grc' dir='ltr'>κέναι,</span> <span class='ocrx_word' id='word_1_322' title='bbox 545 2869 925 2942; x_wconf 79' lang='grc' dir='ltr'>κατακόῴωσιν</span> <span class='ocrx_word' id='word_1_323' title='bbox 959 2869 1160 2924; x_wconf 65' lang='grc' dir='ltr'>ἑαυτῶν</span> <span class='ocrx_word' id='word_1_324' title='bbox 1206 2870 1299 2943; x_wconf 76' lang='grc' dir='ltr'>μὲν</span> <span class='ocrx_word' id='word_1_325' title='bbox 1331 2869 1460 2934; x_wconf 82' lang='grc' dir='ltr'>τοὺς</span> <span class='ocrx_word' id='word_1_326' title='bbox 1488 2871 1807 2945; x_wconf 86' lang='grc' dir='ltr'>βραχίονας,</span> <span class='ocrx_word' id='word_1_327' title='bbox 1835 2892 1993 2926; x_wconf 83' lang='grc' dir='ltr'>τουτ-</span> 
     </span>
    </p>
   </div>
   <div class='ocr_carea' id='block_1_49' title="bbox 343 2955 1992 3036">
    <p class='ocr_par' dir='ltr' id='par_1_49' title="bbox 343 2955 1992 3036">
     <span class='ocr_line' id='line_1_49' title="bbox 343 2955 1992 3036; baseline 0.002 -26"><span class='ocrx_word' id='word_1_328' title='bbox 343 2957 476 3028; x_wconf 89' lang='grc' dir='ltr'>έστι,</span> <span class='ocrx_word' id='word_1_329' title='bbox 507 2956 569 3011; x_wconf 81' lang='grc' dir='ltr'>τὸ</span> <span class='ocrx_word' id='word_1_330' title='bbox 626 2959 921 3031; x_wconf 88' lang='grc' dir='ltr'>πρακτικὸν</span> <span class='ocrx_word' id='word_1_331' title='bbox 971 2955 1113 3021; x_wconf 78' lang='grc' dir='ltr'>εἶδος</span> <span class='ocrx_word' id='word_1_332' title='bbox 1163 2965 1261 3028; x_wconf 82' lang='grc' dir='ltr'>τῆς</span> <span class='ocrx_word' id='word_1_333' title='bbox 1306 2957 1610 3022; x_wconf 83' lang='grc' dir='ltr'>πολιτείας.</span> <span class='ocrx_word' id='word_1_334' title='bbox 1643 2960 1992 3036; x_wconf 84' lang='grc' dir='ltr'>Ἀποκείρον-</span> 
     </span>
    </p>
   </div>
   <div class='ocr_carea' id='block_1_50' title="bbox 338 3042 1994 3122">
    <p class='ocr_par' dir='ltr' id='par_1_50' title="bbox 338 3042 1994 3122">
     <span class='ocr_line' id='line_1_50' title="bbox 338 3042 1994 3122; baseline 0.001 -22"><span class='ocrx_word' id='word_1_335' title='bbox 338 3066 426 3100; x_wconf 90' lang='grc' dir='ltr'>ται</span> <span class='ocrx_word' id='word_1_336' title='bbox 461 3042 519 3100; x_wconf 77' lang='grc' dir='ltr'>δὲ</span> <span class='ocrx_word' id='word_1_337' title='bbox 547 3045 712 3100; x_wconf 79' lang='grc' dir='ltr'>αὐτοῦ</span> <span class='ocrx_word' id='word_1_338' title='bbox 742 3046 906 3102; x_wconf 79' lang='grc' dir='ltr'>οἱονεὶ</span> <span class='ocrx_word' id='word_1_339' title='bbox 935 3047 1138 3120; x_wconf 87' lang='grc' dir='ltr'>κόμην,</span> <span class='ocrx_word' id='word_1_340' title='bbox 1163 3048 1252 3102; x_wconf 83' lang='grc' dir='ltr'>καὶ</span> <span class='ocrx_word' id='word_1_341' title='bbox 1285 3045 1723 3122; x_wconf 73' lang='grc' dir='ltr'>ἀλλοτριώσουσι</span> <span class='ocrx_word' id='word_1_342' title='bbox 1756 3050 1869 3122; x_wconf 86' lang='grc'>(34)</span> <span class='ocrx_word' id='word_1_343' title='bbox 1895 3053 1994 3103; x_wconf 78' lang='grc' dir='ltr'>τοῦ</span> 
     </span>
    </p>
   </div>
   <div class='ocr_carea' id='block_1_51' title="bbox 342 3131 1992 3212">
    <p class='ocr_par' dir='ltr' id='par_1_51' title="bbox 342 3131 1992 3212">
     <span class='ocr_line' id='line_1_51' title="bbox 342 3131 1992 3212; baseline 0.004 -26"><span class='ocrx_word' id='word_1_344' title='bbox 342 3134 547 3188; x_wconf 72' lang='grc' dir='ltr'>ἑαυτῶν</span> <span class='ocrx_word' id='word_1_345' title='bbox 603 3136 880 3207; x_wconf 85' lang='grc' dir='ltr'>σώματος·</span> <span class='ocrx_word' id='word_1_346' title='bbox 917 3131 1056 3190; x_wconf 89' lang='grc' dir='ltr'>διότι</span> <span class='ocrx_word' id='word_1_347' title='bbox 1110 3135 1227 3190; x_wconf 85' lang='grc' dir='ltr'>ἀντὶ</span> <span class='ocrx_word' id='word_1_348' title='bbox 1279 3134 1523 3212; x_wconf 80' lang='grc' dir='ltr'>κεφαλῆς</span> <span class='ocrx_word' id='word_1_349' title='bbox 1583 3135 1714 3191; x_wconf 78' lang='grc' dir='ltr'>εἰσιν</span> <span class='ocrx_word' id='word_1_350' title='bbox 1749 3137 1800 3190; x_wconf 81' lang='grc' dir='ltr'>οῖ</span> <span class='ocrx_word' id='word_1_351' title='bbox 1857 3157 1992 3212; x_wconf 87' lang='grc' dir='ltr'>προ-</span> 
     </span>
    </p>
   </div>
   <div class='ocr_carea' id='block_1_52' title="bbox 2103 1980 3760 2052">
    <p class='ocr_par' dir='ltr' id='par_1_52' title="bbox 2103 1980 3760 2052">
     <span class='ocr_line' id='line_1_52' title="bbox 2103 1980 3760 2052; baseline 0.001 -17"><span class='ocrx_word' id='word_1_352' title='bbox 2103 1981 2280 2052; x_wconf 82' lang='lat' dir='ltr'>stigia</span> <span class='ocrx_word' id='word_1_353' title='bbox 2335 1981 2528 2036; x_wconf 81' lang='lat' dir='ltr'>elatus.</span> <span class='ocrx_word' id='word_1_354' title='bbox 2580 1981 2642 2034; x_wconf 82' lang='lat' dir='ltr'>Et</span> <span class='ocrx_word' id='word_1_355' title='bbox 2696 1983 2870 2037; x_wconf 84' lang='lat' dir='ltr'>Jassa.</span> <span class='ocrx_word' id='word_1_356' title='bbox 2929 1980 3049 2035; x_wconf 89' lang='lat' dir='ltr'>Etsi</span> <span class='ocrx_word' id='word_1_357' title='bbox 3095 1980 3326 2036; x_wconf 88' lang='lat' dir='ltr'>videtur</span> <span class='ocrx_word' id='word_1_358' title='bbox 3371 1996 3502 2036; x_wconf 85' lang='lat' dir='ltr'>esse</span> <span class='ocrx_word' id='word_1_359' title='bbox 3547 1982 3760 2052; x_wconf 72' lang='lat' dir='ltr'>factum</span> 
     </span>
    </p>
   </div>
   <div class='ocr_carea' id='block_1_53' title="bbox 2103 2068 3756 2141">
    <p class='ocr_par' dir='ltr' id='par_1_53' title="bbox 2103 2068 3756 2141">
     <span class='ocr_line' id='line_1_53' title="bbox 2103 2068 3756 2141; baseline 0.002 -19"><span class='ocrx_word' id='word_1_360' title='bbox 2103 2074 2459 2141; x_wconf 65' lang='lat' dir='ltr'>praeceptum,</span> <span class='ocrx_word' id='word_1_361' title='bbox 2483 2075 2678 2124; x_wconf 89' lang='lat' dir='ltr'>tamen</span> <span class='ocrx_word' id='word_1_362' title='bbox 2705 2084 2902 2124; x_wconf 82' lang='lat' dir='ltr'>revera</span> <span class='ocrx_word' id='word_1_363' title='bbox 2925 2074 3276 2140; x_wconf 64' lang='lat' dir='ltr'>preceptum</span> <span class='ocrx_word' id='word_1_364' title='bbox 3300 2068 3603 2139; x_wconf 88' lang='lat' dir='ltr'>impletum</span> <span class='ocrx_word' id='word_1_365' title='bbox 3639 2087 3756 2125; x_wconf 89' lang='lat' dir='ltr'>non</span> 
     </span>
    </p>
   </div>
   <div class='ocr_carea' id='block_1_54' title="bbox 2105 2157 3756 2230">
    <p class='ocr_par' dir='ltr' id='par_1_54' title="bbox 2105 2157 3756 2230">
     <span class='ocr_line' id='line_1_54' title="bbox 2105 2157 3756 2230; baseline 0.001 -17"><span class='ocrx_word' id='word_1_366' title='bbox 2105 2163 2225 2213; x_wconf 88' lang='lat' dir='ltr'>est:</span> <span class='ocrx_word' id='word_1_367' title='bbox 2248 2159 2348 2214; x_wconf 88' lang='lat' dir='ltr'>sed</span> <span class='ocrx_word' id='word_1_368' title='bbox 2376 2162 2465 2214; x_wconf 91' lang='lat' dir='ltr'>est</span> <span class='ocrx_word' id='word_1_369' title='bbox 2492 2157 2792 2213; x_wconf 89' lang='lat' dir='ltr'>simulatio</span> <span class='ocrx_word' id='word_1_370' title='bbox 2823 2157 3088 2229; x_wconf 59' lang='lat' dir='ltr'>quaedam</span> <span class='ocrx_word' id='word_1_371' title='bbox 3111 2157 3426 2230; x_wconf 66' lang='lat' dir='ltr'>diligentia</span> <span class='ocrx_word' id='word_1_372' title='bbox 3451 2159 3608 2214; x_wconf 88' lang='lat' dir='ltr'>circa</span> <span class='ocrx_word' id='word_1_373' title='bbox 3627 2159 3756 2214; x_wconf 64' lang='lat' dir='ltr'>vita</span> 
     </span>
    </p>
   </div>
   <div class='ocr_carea' id='block_1_55' title="bbox 2103 2247 3756 2318">
    <p class='ocr_par' dir='ltr' id='par_1_55' title="bbox 2103 2247 3756 2318">
     <span class='ocr_line' id='line_1_55' title="bbox 2103 2247 3756 2318; baseline 0.002 -17"><span class='ocrx_word' id='word_1_374' title='bbox 2103 2247 2428 2316; x_wconf 89' lang='lat' dir='ltr'>rationem;</span> <span class='ocrx_word' id='word_1_375' title='bbox 2462 2263 2578 2318; x_wconf 91' lang='lat' dir='ltr'>qua</span> <span class='ocrx_word' id='word_1_376' title='bbox 2610 2263 2788 2318; x_wconf 88' lang='lat' dir='ltr'>prava</span> <span class='ocrx_word' id='word_1_377' title='bbox 2819 2247 3172 2302; x_wconf 88' lang='lat' dir='ltr'>documenta</span> <span class='ocrx_word' id='word_1_378' title='bbox 3202 2247 3274 2300; x_wconf 87' lang='lat' dir='ltr'>ab</span> <span class='ocrx_word' id='word_1_379' title='bbox 3329 2248 3526 2302; x_wconf 86' lang='lat' dir='ltr'>animo</span> <span class='ocrx_word' id='word_1_380' title='bbox 3581 2264 3756 2318; x_wconf 86' lang='lat' dir='ltr'>pravo</span> 
     </span>
    </p>
   </div>
   <div class='ocr_carea' id='block_1_56' title="bbox 2103 2336 3756 2409">
    <p class='ocr_par' dir='ltr' id='par_1_56' title="bbox 2103 2336 3756 2409">
     <span class='ocr_line' id='line_1_56' title="bbox 2103 2336 3756 2409; baseline 0 -17"><span class='ocrx_word' id='word_1_381' title='bbox 2103 2342 2403 2409; x_wconf 84' lang='lat' dir='ltr'>suggesta,</span> <span class='ocrx_word' id='word_1_382' title='bbox 2422 2337 2657 2392; x_wconf 86' lang='lat' dir='ltr'>suaderi</span> <span class='ocrx_word' id='word_1_383' title='bbox 2682 2344 2741 2391; x_wconf 91' lang='lat' dir='ltr'>et</span> <span class='ocrx_word' id='word_1_384' title='bbox 2768 2336 2954 2407; x_wconf 85' lang='lat' dir='ltr'>excipi</span> <span class='ocrx_word' id='word_1_385' title='bbox 2983 2341 3219 2406; x_wconf 88' lang='lat' dir='ltr'>queant.</span> <span class='ocrx_word' id='word_1_386' title='bbox 3239 2337 3380 2391; x_wconf 90' lang='lat' dir='ltr'>Eam</span> <span class='ocrx_word' id='word_1_387' title='bbox 3411 2336 3485 2391; x_wconf 92' lang='lat' dir='ltr'>ob</span> <span class='ocrx_word' id='word_1_388' title='bbox 3515 2353 3756 2392; x_wconf 87' lang='lat' dir='ltr'>causam</span> 
     </span>
    </p>
   </div>
   <div class='ocr_carea' id='block_1_57' title="bbox 2105 2424 3756 2497">
    <p class='ocr_par' dir='ltr' id='par_1_57' title="bbox 2105 2424 3756 2497">
     <span class='ocr_line' id='line_1_57' title="bbox 2105 2424 3756 2497; baseline 0.001 -17"><span class='ocrx_word' id='word_1_389' title='bbox 2105 2427 2330 2480; x_wconf 90' lang='lat' dir='ltr'>dictum</span> <span class='ocrx_word' id='word_1_390' title='bbox 2363 2430 2451 2481; x_wconf 88' lang='lat' dir='ltr'>est</span> <span class='ocrx_word' id='word_1_391' title='bbox 2480 2442 2661 2497; x_wconf 91' lang='lat' dir='ltr'>supra</span> <span class='ocrx_word' id='word_1_392' title='bbox 2693 2429 2867 2481; x_wconf 68' lang='lat' dir='ltr'>Vens.</span> <span class='ocrx_word' id='word_1_393' title='bbox 2887 2426 2921 2479; x_wconf 84' lang='lat'>2</span> <span class='ocrx_word' id='word_1_394' title='bbox 2947 2442 2960 2480; x_wconf 90' lang='lat'><strong>:</strong></span> <span class='ocrx_word' id='word_1_395' title='bbox 2983 2424 3181 2480; x_wconf 88' lang='lat' dir='ltr'>Omnia</span> <span class='ocrx_word' id='word_1_396' title='bbox 3212 2424 3436 2480; x_wconf 78' lang='lat' dir='ltr'>brachia</span> <span class='ocrx_word' id='word_1_397' title='bbox 3464 2427 3670 2492; x_wconf 73' lang='lat' dir='ltr'>excisa,</span> <span class='ocrx_word' id='word_1_398' title='bbox 3690 2429 3756 2481; x_wconf 88' lang='lat' dir='ltr'>ut</span> 
     </span>
    </p>
   </div>
   <div class='ocr_carea' id='block_1_58' title="bbox 2106 2513 3755 2587">
    <p class='ocr_par' dir='ltr' id='par_1_58' title="bbox 2106 2513 3755 2587">
     <span class='ocr_line' id='line_1_58' title="bbox 2106 2513 3755 2587; baseline 0 -17"><span class='ocrx_word' id='word_1_399' title='bbox 2106 2515 2156 2570; x_wconf 88' lang='lat' dir='ltr'>si</span> <span class='ocrx_word' id='word_1_400' title='bbox 2178 2515 2312 2586; x_wconf 87' lang='lat' dir='ltr'>quis</span> <span class='ocrx_word' id='word_1_401' title='bbox 2345 2515 2536 2570; x_wconf 89' lang='lat' dir='ltr'>malus</span> <span class='ocrx_word' id='word_1_402' title='bbox 2566 2515 2849 2587; x_wconf 78' lang='lat' dir='ltr'>magister</span> <span class='ocrx_word' id='word_1_403' title='bbox 2871 2513 3252 2586; x_wconf 88' lang='lat' dir='ltr'>opinionibus</span> <span class='ocrx_word' id='word_1_404' title='bbox 3278 2514 3442 2570; x_wconf 76' lang='lat' dir='ltr'>falsis</span> <span class='ocrx_word' id='word_1_405' title='bbox 3460 2515 3755 2587; x_wconf 88' lang='lat' dir='ltr'>deceperit</span> 
     </span>
    </p>
   </div>
   <div class='ocr_carea' id='block_1_59' title="bbox 2105 2602 3752 2670">
    <p class='ocr_par' dir='ltr' id='par_1_59' title="bbox 2105 2602 3752 2670">
     <span class='ocr_line' id='line_1_59' title="bbox 2105 2602 3752 2670; baseline -0.001 -11"><span class='ocrx_word' id='word_1_406' title='bbox 2105 2608 2461 2660; x_wconf 87' lang='lat' dir='ltr'>sectatorum</span> <span class='ocrx_word' id='word_1_407' title='bbox 2495 2604 2852 2670; x_wconf 88' lang='lat' dir='ltr'>animas,sed</span> <span class='ocrx_word' id='word_1_408' title='bbox 2888 2602 3218 2658; x_wconf 86' lang='lat' dir='ltr'>accuratius</span> <span class='ocrx_word' id='word_1_409' title='bbox 3249 2603 3380 2657; x_wconf 71' lang='lat' dir='ltr'>vita:</span> <span class='ocrx_word' id='word_1_410' title='bbox 3412 2603 3752 2658; x_wconf 87' lang='lat' dir='ltr'>institutum</span> 
     </span>
    </p>
   </div>
   <div class='ocr_carea' id='block_1_60' title="bbox 2104 2690 3755 2764">
    <p class='ocr_par' dir='ltr' id='par_1_60' title="bbox 2104 2690 3755 2764">
     <span class='ocr_line' id='line_1_60' title="bbox 2104 2690 3755 2764; baseline -0.001 -16"><span class='ocrx_word' id='word_1_411' title='bbox 2104 2692 2378 2764; x_wconf 86' lang='lat' dir='ltr'>amplecti</span> <span class='ocrx_word' id='word_1_412' title='bbox 2401 2692 2888 2761; x_wconf 86' lang='lat' dir='ltr'>videatur,tamen</span> <span class='ocrx_word' id='word_1_413' title='bbox 2910 2690 2950 2745; x_wconf 90' lang='lat' dir='ltr'>ii</span> <span class='ocrx_word' id='word_1_414' title='bbox 2972 2707 3122 2761; x_wconf 85' lang='lat' dir='ltr'>quos</span> <span class='ocrx_word' id='word_1_415' title='bbox 3146 2691 3416 2763; x_wconf 77' lang='lat' dir='ltr'>pmnituit</span> <span class='ocrx_word' id='word_1_416' title='bbox 3435 2691 3755 2747; x_wconf 70' lang='lat' dir='ltr'>adhaesisse</span> 
     </span>
    </p>
   </div>
   <div class='ocr_carea' id='block_1_61' title="bbox 2103 2779 3751 2853">
    <p class='ocr_par' dir='ltr' id='par_1_61' title="bbox 2103 2779 3751 2853">
     <span class='ocr_line' id='line_1_61' title="bbox 2103 2779 3751 2853; baseline 0 -17"><span class='ocrx_word' id='word_1_417' title='bbox 2103 2781 2397 2851; x_wconf 80' lang='lat' dir='ltr'>ejusmodi</span> <span class='ocrx_word' id='word_1_418' title='bbox 2426 2782 2734 2853; x_wconf 86' lang='lat' dir='ltr'>magistro,</span> <span class='ocrx_word' id='word_1_419' title='bbox 2767 2786 3035 2836; x_wconf 90' lang='lat' dir='ltr'>resecent</span> <span class='ocrx_word' id='word_1_420' title='bbox 3061 2797 3171 2836; x_wconf 85' lang='lat' dir='ltr'>sua</span> <span class='ocrx_word' id='word_1_421' title='bbox 3196 2781 3459 2852; x_wconf 90' lang='lat' dir='ltr'>ipsorum</span> <span class='ocrx_word' id='word_1_422' title='bbox 3491 2779 3751 2852; x_wconf 78' lang='lat' dir='ltr'>brachia,</span> 
     </span>
    </p>
   </div>
   <div class='ocr_carea' id='block_1_62' title="bbox 2103 2870 3756 2942">
    <p class='ocr_par' dir='ltr' id='par_1_62' title="bbox 2103 2870 3756 2942">
     <span class='ocr_line' id='line_1_62' title="bbox 2103 2870 3756 2942; baseline 0 -17"><span class='ocrx_word' id='word_1_423' title='bbox 2103 2870 2213 2926; x_wconf 88' lang='lat' dir='ltr'>hoc</span> <span class='ocrx_word' id='word_1_424' title='bbox 2227 2870 2568 2939; x_wconf 87' lang='lat' dir='ltr'>est,vivendi</span> <span class='ocrx_word' id='word_1_425' title='bbox 2587 2886 2772 2942; x_wconf 88' lang='lat' dir='ltr'>genus</span> <span class='ocrx_word' id='word_1_426' title='bbox 2788 2873 3420 2941; x_wconf 81' lang='lat' dir='ltr'>practicum.Caeterum</span> <span class='ocrx_word' id='word_1_427' title='bbox 3436 2870 3756 2925; x_wconf 88' lang='lat' dir='ltr'>detondent</span> 
     </span>
    </p>
   </div>
   <div class='ocr_carea' id='block_1_63' title="bbox 2102 2959 3754 3030">
    <p class='ocr_par' dir='ltr' id='par_1_63' title="bbox 2102 2959 3754 3030">
     <span class='ocr_line' id='line_1_63' title="bbox 2102 2959 3754 3030; baseline -0.002 -15"><span class='ocrx_word' id='word_1_428' title='bbox 2102 2961 2231 3030; x_wconf 91' lang='lat' dir='ltr'>ejus</span> <span class='ocrx_word' id='word_1_429' title='bbox 2261 2959 2428 3030; x_wconf 87' lang='lat' dir='ltr'>quasi</span> <span class='ocrx_word' id='word_1_430' title='bbox 2459 2975 2712 3023; x_wconf 84' lang='lat' dir='ltr'>comam,</span> <span class='ocrx_word' id='word_1_431' title='bbox 2743 2974 2992 3029; x_wconf 84' lang='lat' dir='ltr'>eamque</span> <span class='ocrx_word' id='word_1_432' title='bbox 3017 2975 3051 3012; x_wconf 90' lang='lat' dir='ltr'>a</span> <span class='ocrx_word' id='word_1_433' title='bbox 3080 2973 3186 3012; x_wconf 89' lang='lat' dir='ltr'>suo</span> <span class='ocrx_word' id='word_1_434' title='bbox 3233 2973 3474 3029; x_wconf 89' lang='lat' dir='ltr'>corpore</span> <span class='ocrx_word' id='word_1_435' title='bbox 3520 2973 3754 3029; x_wconf 82' lang='lat' dir='ltr'>separa-</span> 
     </span>
    </p>
   </div>
   <div class='ocr_carea' id='block_1_64' title="bbox 2102 3044 3752 3118">
    <p class='ocr_par' dir='ltr' id='par_1_64' title="bbox 2102 3044 3752 3118">
     <span class='ocr_line' id='line_1_64' title="bbox 2102 3044 3752 3118; baseline -0.001 -15"><span class='ocrx_word' id='word_1_436' title='bbox 2102 3048 2253 3102; x_wconf 92' lang='lat' dir='ltr'>bunt</span> <span class='ocrx_word' id='word_1_437' title='bbox 2276 3064 2290 3102; x_wconf 88' lang='lat'><strong>:</strong></span> <span class='ocrx_word' id='word_1_438' title='bbox 2316 3047 2792 3118; x_wconf 87' lang='lat' dir='ltr'>quandoquidem</span> <span class='ocrx_word' id='word_1_439' title='bbox 2816 3047 2915 3118; x_wconf 92' lang='lat' dir='ltr'>qui</span> <span class='ocrx_word' id='word_1_440' title='bbox 2937 3045 3164 3116; x_wconf 92' lang='lat' dir='ltr'>corpori</span> <span class='ocrx_word' id='word_1_441' title='bbox 3188 3044 3575 3100; x_wconf 86' lang='lat' dir='ltr'>Ecclesiarum</span> <span class='ocrx_word' id='word_1_442' title='bbox 3607 3061 3752 3116; x_wconf 69' lang='lat' dir='ltr'>prm-</span> 
     </span>
    </p>
   </div>
   <div class='ocr_carea' id='block_1_65' title="bbox 2107 3133 3756 3205">
    <p class='ocr_par' dir='ltr' id='par_1_65' title="bbox 2107 3133 3756 3205">
     <span class='ocr_line' id='line_1_65' title="bbox 2107 3133 3756 3205; baseline -0.001 -15"><span class='ocrx_word' id='word_1_443' title='bbox 2107 3135 2406 3202; x_wconf 79' lang='lat' dir='ltr'>ﬁciuntur,</span> <span class='ocrx_word' id='word_1_444' title='bbox 2435 3134 2614 3190; x_wconf 88' lang='lat' dir='ltr'>iidem</span> <span class='ocrx_word' id='word_1_445' title='bbox 2666 3133 2790 3190; x_wconf 92' lang='lat' dir='ltr'>loco</span> <span class='ocrx_word' id='word_1_446' title='bbox 2839 3133 3047 3205; x_wconf 85' lang='lat' dir='ltr'>capitis</span> <span class='ocrx_word' id='word_1_447' title='bbox 3094 3137 3253 3188; x_wconf 90' lang='lat' dir='ltr'>sunt.</span> <span class='ocrx_word' id='word_1_448' title='bbox 3303 3133 3503 3204; x_wconf 89' lang='lat' dir='ltr'>Itaque</span> <span class='ocrx_word' id='word_1_449' title='bbox 3539 3133 3756 3188; x_wconf 82' lang='lat' dir='ltr'>clamat</span> 
     </span>
    </p>
   </div>
   <div class='ocr_carea' id='block_1_66' title="bbox 341 3196 1988 3296">
    <p class='ocr_par' dir='ltr' id='par_1_66' title="bbox 341 3221 1988 3296">
     <span class='ocr_line' id='line_1_66' title="bbox 341 3221 1988 3296; baseline 0.003 -21"><span class='ocrx_word' id='word_1_450' title='bbox 341 3226 565 3284; x_wconf 82' lang='grc' dir='ltr'>εστῶτες</span> <span class='ocrx_word' id='word_1_451' title='bbox 607 3227 704 3277; x_wconf 78' lang='grc' dir='ltr'>τοῦ</span> <span class='ocrx_word' id='word_1_452' title='bbox 750 3223 1006 3296; x_wconf 87' lang='grc' dir='ltr'>σώματος</span> <span class='ocrx_word' id='word_1_453' title='bbox 1050 3227 1158 3278; x_wconf 90' lang='grc' dir='ltr'>τῶν</span> <span class='ocrx_word' id='word_1_454' title='bbox 1203 3221 1571 3294; x_wconf 81' lang='grc' dir='ltr'>Ἐκκλησιῶν.</span> <span class='ocrx_word' id='word_1_455' title='bbox 1599 3224 1706 3280; x_wconf 79' lang='grc' dir='ltr'>Καὶ</span> <span class='ocrx_word' id='word_1_456' title='bbox 1748 3228 1836 3280; x_wconf 78' lang='grc' dir='ltr'>νῦν</span> <span class='ocrx_word' id='word_1_457' title='bbox 1882 3225 1988 3280; x_wconf 91' lang='grc' dir='ltr'>τοί-</span> 
     </span>
    </p>
   </div>
   <div class='ocr_carea' id='block_1_67' title="bbox 2106 3196 3750 3296">
    <p class='ocr_par' dir='ltr' id='par_1_67' title="bbox 2106 3220 3750 3294">
     <span class='ocr_line' id='line_1_67' title="bbox 2106 3220 3750 3294; baseline -0.002 -14"><span class='ocrx_word' id='word_1_458' title='bbox 2106 3224 2426 3280; x_wconf 89' lang='lat' dir='ltr'>etiamnum</span> <span class='ocrx_word' id='word_1_459' title='bbox 2457 3223 2649 3293; x_wconf 89' lang='lat' dir='ltr'>Jassa,</span> <span class='ocrx_word' id='word_1_460' title='bbox 2681 3223 2837 3294; x_wconf 92' lang='lat' dir='ltr'>quod</span> <span class='ocrx_word' id='word_1_461' title='bbox 2869 3225 3075 3293; x_wconf 88' lang='lat' dir='ltr'>ingens</span> <span class='ocrx_word' id='word_1_462' title='bbox 3116 3222 3378 3278; x_wconf 87' lang='lat' dir='ltr'>studium</span> <span class='ocrx_word' id='word_1_463' title='bbox 3428 3222 3580 3277; x_wconf 88' lang='lat' dir='ltr'>circa</span> <span class='ocrx_word' id='word_1_464' title='bbox 3624 3220 3750 3278; x_wconf 71' lang='lat' dir='ltr'>vitae</span> 
     </span>
    </p>
   </div>
   <div class='ocr_carea' id='block_1_68' title="bbox 343 3309 1990 3388">
    <p class='ocr_par' dir='ltr' id='par_1_68' title="bbox 343 3309 1990 3388">
     <span class='ocr_line' id='line_1_68' title="bbox 343 3309 1990 3388; baseline 0.004 -25"><span class='ocrx_word' id='word_1_465' title='bbox 343 3331 435 3364; x_wconf 88' lang='grc' dir='ltr'>νυν</span> <span class='ocrx_word' id='word_1_466' title='bbox 501 3310 675 3365; x_wconf 81' lang='grc' dir='ltr'>Ἰασσὰ</span> <span class='ocrx_word' id='word_1_467' title='bbox 719 3309 998 3388; x_wconf 61' lang='grc' dir='ltr'>κέκραγεν</span> <span class='ocrx_word' id='word_1_468' title='bbox 1032 3311 1114 3366; x_wconf 71' lang='grc' dir='ltr'>ὅτι</span> <span class='ocrx_word' id='word_1_469' title='bbox 1174 3309 1366 3388; x_wconf 76' lang='grc' dir='ltr'>δέλεάρ</span> <span class='ocrx_word' id='word_1_470' title='bbox 1398 3311 1508 3368; x_wconf 79' lang='grc' dir='ltr'>ἐστι</span> <span class='ocrx_word' id='word_1_471' title='bbox 1557 3314 1694 3388; x_wconf 88' lang='grc' dir='ltr'>πρὸς</span> <span class='ocrx_word' id='word_1_472' title='bbox 1738 3315 1838 3382; x_wconf 78' lang='grc' dir='ltr'>τὴν</span> <span class='ocrx_word' id='word_1_473' title='bbox 1890 3322 1990 3385; x_wconf 83' lang='grc' dir='ltr'>τῆς</span> 
     </span>
    </p>
   </div>
   <div class='ocr_carea' id='block_1_69' title="bbox 338 3397 1992 3471">
    <p class='ocr_par' dir='ltr' id='par_1_69' title="bbox 338 3397 1992 3471">
     <span class='ocr_line' id='line_1_69' title="bbox 338 3397 1992 3471; baseline 0.003 -18"><span class='ocrx_word' id='word_1_474' title='bbox 338 3397 606 3469; x_wconf 78' lang='grc' dir='ltr'>ἀληθείας</span> <span class='ocrx_word' id='word_1_475' title='bbox 635 3401 972 3471; x_wconf 88' lang='grc' dir='ltr'>πιθανότητα</span> <span class='ocrx_word' id='word_1_476' title='bbox 1002 3404 1036 3470; x_wconf 76' lang='grc' dir='ltr'>ἡ</span> <span class='ocrx_word' id='word_1_477' title='bbox 1069 3403 1204 3456; x_wconf 89' lang='grc' dir='ltr'>κατά</span> <span class='ocrx_word' id='word_1_478' title='bbox 1229 3405 1329 3470; x_wconf 76' lang='grc' dir='ltr'>τὴν</span> <span class='ocrx_word' id='word_1_479' title='bbox 1361 3399 1645 3457; x_wconf 88' lang='grc' dir='ltr'>πολιτείαν</span> <span class='ocrx_word' id='word_1_480' title='bbox 1686 3401 1992 3459; x_wconf 74' lang='grc' dir='ltr'>ἐπιδεικνυ-</span> 
     </span>
    </p>
   </div>
   <div class='ocr_carea' id='block_1_70' title="bbox 340 3485 1992 3564">
    <p class='ocr_par' dir='ltr' id='par_1_70' title="bbox 340 3485 1992 3564">
     <span class='ocr_line' id='line_1_70' title="bbox 340 3485 1992 3564; baseline 0.003 -22"><span class='ocrx_word' id='word_1_481' title='bbox 340 3488 474 3560; x_wconf 90' lang='grc' dir='ltr'>μένη</span> <span class='ocrx_word' id='word_1_482' title='bbox 700 3485 968 3564; x_wconf 84' lang='grc' dir='ltr'>ἀκρίϐεια.</span> <span class='ocrx_word' id='word_1_483' title='bbox 1021 3494 1190 3544; x_wconf 80' lang='grc' dir='ltr'>Τοῦτο</span> <span class='ocrx_word' id='word_1_484' title='bbox 1251 3488 1341 3544; x_wconf 79' lang='grc' dir='ltr'>οὖν</span> <span class='ocrx_word' id='word_1_485' title='bbox 1397 3490 1505 3544; x_wconf 67' lang='grc' dir='ltr'>ἐστι</span> <span class='ocrx_word' id='word_1_486' title='bbox 1564 3491 1625 3546; x_wconf 88' lang='grc' dir='ltr'>τὸ</span> <span class='ocrx_word' id='word_1_487' title='bbox 1673 3490 1846 3546; x_wconf 57' lang='grc' dir='ltr'>αἷίτιον</span> <span class='ocrx_word' id='word_1_488' title='bbox 1894 3497 1992 3547; x_wconf 83' lang='grc' dir='ltr'>τοῦ</span> 
     </span>
    </p>
   </div>
   <div class='ocr_carea' id='block_1_71' title="bbox 337 3575 1987 3655">
    <p class='ocr_par' dir='ltr' id='par_1_71' title="bbox 337 3575 1987 3655">
     <span class='ocr_line' id='line_1_71' title="bbox 337 3575 1987 3655; baseline 0.003 -24"><span class='ocrx_word' id='word_1_489' title='bbox 337 3575 625 3646; x_wconf 85' lang='grc' dir='ltr'>ὀλολύζειν</span> <span class='ocrx_word' id='word_1_490' title='bbox 679 3578 814 3651; x_wconf 82' lang='grc' dir='ltr'>μετὰ</span> <span class='ocrx_word' id='word_1_491' title='bbox 856 3576 1164 3653; x_wconf 81' lang='grc' dir='ltr'>κλαυθμοῦ,</span> <span class='ocrx_word' id='word_1_492' title='bbox 1199 3578 1282 3634; x_wconf 80' lang='grc' dir='ltr'>ὅτι</span> <span class='ocrx_word' id='word_1_493' title='bbox 1328 3577 1584 3655; x_wconf 87' lang='grc' dir='ltr'>κέκραγεν</span> <span class='ocrx_word' id='word_1_494' title='bbox 1616 3575 1853 3636; x_wconf 85' lang='grc' dir='ltr'>Ἐσεϐὼν</span> <span class='ocrx_word' id='word_1_495' title='bbox 1899 3581 1987 3636; x_wconf 83' lang='grc' dir='ltr'>καὶ</span> 
     </span>
    </p>
   </div>
   <div class='ocr_carea' id='block_1_72' title="bbox 336 3662 938 3734">
    <p class='ocr_par' dir='ltr' id='par_1_72' title="bbox 336 3662 938 3734">
     <span class='ocr_line' id='line_1_72' title="bbox 336 3662 938 3734; baseline 0 -11"><span class='ocrx_word' id='word_1_496' title='bbox 336 3663 570 3734; x_wconf 79' lang='grc' dir='ltr'>Ἐλεαλὴ</span> <span class='ocrx_word' id='word_1_497' title='bbox 601 3662 706 3728; x_wconf 74' lang='grc' dir='ltr'>ἓως</span> <span class='ocrx_word' id='word_1_498' title='bbox 737 3666 938 3723; x_wconf 87' lang='grc' dir='ltr'>Ἰασσά.</span> 
     </span>
    </p>
   </div>
   <div class='ocr_carea' id='block_1_73' title="bbox 408 3753 1988 3835">
    <p class='ocr_par' dir='ltr' id='par_1_73' title="bbox 408 3753 1988 3835">
     <span class='ocr_line' id='line_1_73' title="bbox 408 3753 1988 3835; baseline 0.006 -26"><span class='ocrx_word' id='word_1_499' title='bbox 408 3757 536 3811; x_wconf 83' lang='grc'>297.</span> <span class='ocrx_word' id='word_1_500' title='bbox 590 3754 690 3809; x_wconf 80' lang='grc' dir='ltr'>Διὰ</span> <span class='ocrx_word' id='word_1_501' title='bbox 743 3759 905 3810; x_wconf 80' lang='grc' dir='ltr'>τοῦτο</span> <span class='ocrx_word' id='word_1_502' title='bbox 960 3757 996 3825; x_wconf 76' lang='grc' dir='ltr'>ἡ</span> <span class='ocrx_word' id='word_1_503' title='bbox 1061 3755 1229 3831; x_wconf 74' lang='grc' dir='ltr'>ὀσφὺς</span> <span class='ocrx_word' id='word_1_504' title='bbox 1284 3763 1387 3826; x_wconf 81' lang='grc' dir='ltr'>τῆς</span> <span class='ocrx_word' id='word_1_505' title='bbox 1454 3753 1808 3822; x_wconf 80' lang='grc' dir='ltr'>Μωαϐίτιδος</span> <span class='ocrx_word' id='word_1_506' title='bbox 1865 3761 1988 3835; x_wconf 81' lang='grc' dir='ltr'>βοᾷ.</span> 
     </span>
    </p>
   </div>
   <div class='ocr_carea' id='block_1_74' title="bbox 335 3840 1992 3922">
    <p class='ocr_par' dir='ltr' id='par_1_74' title="bbox 335 3840 1992 3922">
     <span class='ocr_line' id='line_1_74' title="bbox 335 3840 1992 3922; baseline 0.005 -25"><span class='ocrx_word' id='word_1_507' title='bbox 335 3842 402 3897; x_wconf 84' lang='grc' dir='ltr'><strong>Ἦ</strong></span> <span class='ocrx_word' id='word_1_508' title='bbox 461 3840 630 3919; x_wconf 76' lang='grc' dir='ltr'>ὀσφὺς</span> <span class='ocrx_word' id='word_1_509' title='bbox 685 3842 982 3918; x_wconf 78' lang='grc' dir='ltr'>πολλαχοῦ</span> <span class='ocrx_word' id='word_1_510' title='bbox 1038 3845 1156 3900; x_wconf 80' lang='grc' dir='ltr'>ἀντὶ</span> <span class='ocrx_word' id='word_1_511' title='bbox 1202 3849 1310 3900; x_wconf 89' lang='grc' dir='ltr'>τῶν</span> <span class='ocrx_word' id='word_1_512' title='bbox 1361 3853 1684 3921; x_wconf 89' lang='grc' dir='ltr'>γεννητικῶν</span> <span class='ocrx_word' id='word_1_513' title='bbox 1719 3844 1992 3922; x_wconf 88' lang='grc' dir='ltr'>λαμϐανε-</span> 
     </span>
    </p>
   </div>
   <div class='ocr_carea' id='block_1_75' title="bbox 337 3931 1985 4012">
    <p class='ocr_par' dir='ltr' id='par_1_75' title="bbox 337 3931 1985 4012">
     <span class='ocr_line' id='line_1_75' title="bbox 337 3931 1985 4012; baseline 0.005 -28"><span class='ocrx_word' id='word_1_514' title='bbox 337 3947 465 3985; x_wconf 84' lang='grc' dir='ltr'>ται⁶</span> <span class='ocrx_word' id='word_1_515' title='bbox 518 3933 639 3987; x_wconf 67' lang='lat' dir='ltr'>&quot;Et:</span> <span class='ocrx_word' id='word_1_516' title='bbox 693 3932 798 4008; x_wconf 80' lang='grc' dir='ltr'>γὰρ</span> <span class='ocrx_word' id='word_1_517' title='bbox 847 3931 900 3988; x_wconf 89' lang='grc' dir='ltr'>έν</span> <span class='ocrx_word' id='word_1_518' title='bbox 945 3933 1017 4004; x_wconf 74' lang='grc' dir='ltr'>τῇ</span> <span class='ocrx_word' id='word_1_519' title='bbox 1063 3931 1228 4008; x_wconf 81' lang='grc' dir='ltr'>ὀσφύϊ</span> <span class='ocrx_word' id='word_1_520' title='bbox 1272 3938 1374 3988; x_wconf 78' lang='grc' dir='ltr'>τοῦ</span> <span class='ocrx_word' id='word_1_521' title='bbox 1436 3936 1640 4012; x_wconf 81' lang='grc' dir='ltr'>πατρὸς</span> <span class='ocrx_word' id='word_1_522' title='bbox 1695 3936 1864 3993; x_wconf 77' lang='grc' dir='ltr'>αύτοῦ</span> <span class='ocrx_word' id='word_1_523' title='bbox 1918 3939 1985 4007; x_wconf 83' lang='grc' dir='ltr'>ἦν</span> 
     </span>
    </p>
   </div>
   <div class='ocr_carea' id='block_1_76' title="bbox 337 4014 1989 4098">
    <p class='ocr_par' dir='ltr' id='par_1_76' title="bbox 337 4014 1989 4098">
     <span class='ocr_line' id='line_1_76' title="bbox 337 4014 1989 4098; baseline 0.005 -24"><span class='ocrx_word' id='word_1_524' title='bbox 337 4014 623 4094; x_wconf 82' lang='grc' dir='ltr'>(δηλονότι</span> <span class='ocrx_word' id='word_1_525' title='bbox 700 4021 729 4075; x_wconf 87' lang='grc' dir='ltr'>ὁ</span> <span class='ocrx_word' id='word_1_526' title='bbox 804 4021 937 4076; x_wconf 73' lang='grc' dir='ltr'>Λευῒ</span> <span class='ocrx_word' id='word_1_527' title='bbox 1009 4025 1105 4077; x_wconf 80' lang='grc' dir='ltr'>τοῦ</span> <span class='ocrx_word' id='word_1_528' title='bbox 1161 4017 1453 4098; x_wconf 76' lang='grc' dir='ltr'>Ἀϐραὰμ),</span> <span class='ocrx_word' id='word_1_529' title='bbox 1515 4024 1604 4080; x_wconf 79' lang='grc' dir='ltr'>ὅτε</span> <span class='ocrx_word' id='word_1_530' title='bbox 1661 4028 1989 4098; x_wconf 80' lang='grc' dir='ltr'>συνήντησεν</span> 
     </span>
    </p>
   </div>
   <div class='ocr_carea' id='block_1_77' title="bbox 333 4107 1983 4192">
    <p class='ocr_par' dir='ltr' id='par_1_77' title="bbox 333 4107 1983 4192">
     <span class='ocr_line' id='line_1_77' title="bbox 333 4107 1983 4192; baseline 0.005 -29"><span class='ocrx_word' id='word_1_531' title='bbox 333 4107 502 4182; x_wconf 79' lang='grc' dir='ltr'>αὐτῷ.</span> <span class='ocrx_word' id='word_1_532' title='bbox 559 4107 924 4185; x_wconf 74' lang='grc' dir='ltr'>Μελχισεδέκ.</span> <span class='ocrx_word' id='word_1_533' title='bbox 986 4111 1086 4166; x_wconf 81' lang='grc' dir='ltr'>Καὶ</span> <span class='ocrx_word' id='word_1_534' title='bbox 1144 4113 1418 4168; x_wconf 84' lang='grc' dir='ltr'>Ἔστωσαν</span> <span class='ocrx_word' id='word_1_535' title='bbox 1475 4114 1531 4168; x_wconf 80' lang='grc' dir='ltr'>αἱ</span> <span class='ocrx_word' id='word_1_536' title='bbox 1589 4113 1784 4192; x_wconf 80' lang='grc' dir='ltr'>ὀσφύες</span> <span class='ocrx_word' id='word_1_537' title='bbox 1833 4115 1983 4189; x_wconf 77' lang='grc' dir='ltr'>ὑμῶν</span> 
     </span>
    </p>
   </div>
   <div class='ocr_carea' id='block_1_78' title="bbox 332 4199 1984 4274">
    <p class='ocr_par' dir='ltr' id='par_1_78' title="bbox 332 4199 1984 4274">
     <span class='ocr_line' id='line_1_78' title="bbox 332 4199 1984 4274; baseline 0.004 -22"><span class='ocrx_word' id='word_1_538' title='bbox 332 4199 788 4274; x_wconf 81' lang='grc' dir='ltr'>περιεζωσμέναι.</span> <span class='ocrx_word' id='word_1_539' title='bbox 865 4202 1141 4273; x_wconf 81' lang='grc' dir='ltr'>Νοοῢμεν,</span> <span class='ocrx_word' id='word_1_540' title='bbox 1197 4199 1281 4255; x_wconf 75' lang='grc' dir='ltr'>ὅτι</span> <span class='ocrx_word' id='word_1_541' title='bbox 1357 4200 1650 4258; x_wconf 81' lang='grc' dir='ltr'>αἰνίσσεται</span> <span class='ocrx_word' id='word_1_542' title='bbox 1708 4203 1984 4261; x_wconf 83' lang='grc' dir='ltr'>συστεῖλαι</span> 
     </span>
    </p>
   </div>
   <div class='ocr_carea' id='block_1_79' title="bbox 333 4286 1982 4365">
    <p class='ocr_par' dir='ltr' id='par_1_79' title="bbox 333 4286 1982 4365">
     <span class='ocr_line' id='line_1_79' title="bbox 333 4286 1982 4365; baseline 0.004 -23"><span class='ocrx_word' id='word_1_543' title='bbox 333 4287 430 4349; x_wconf 83' lang='grc' dir='ltr'>τὰς</span> <span class='ocrx_word' id='word_1_544' title='bbox 460 4286 536 4350; x_wconf 80' lang='grc' dir='ltr'>εἷς</span> <span class='ocrx_word' id='word_1_545' title='bbox 593 4287 845 4363; x_wconf 86' lang='grc' dir='ltr'>γέννησιν</span> <span class='ocrx_word' id='word_1_546' title='bbox 896 4288 1266 4365; x_wconf 82' lang='grc' dir='ltr'>ὑπουργούσας</span> <span class='ocrx_word' id='word_1_547' title='bbox 1332 4289 1551 4365; x_wconf 84' lang='grc' dir='ltr'>ὀρέξεις.</span> <span class='ocrx_word' id='word_1_548' title='bbox 1584 4293 1659 4350; x_wconf 89' lang='grc' dir='ltr'>Τὸ</span> <span class='ocrx_word' id='word_1_549' title='bbox 1707 4291 1797 4348; x_wconf 79' lang='grc' dir='ltr'>οὖν</span> <span class='ocrx_word' id='word_1_550' title='bbox 1857 4295 1982 4349; x_wconf 86' lang='grc' dir='ltr'>πέν-</span> 
     </span>
    </p>
   </div>
   <div class='ocr_carea' id='block_1_80' title="bbox 333 4373 1980 4457">
    <p class='ocr_par' dir='ltr' id='par_1_80' title="bbox 333 4373 1980 4457">
     <span class='ocr_line' id='line_1_80' title="bbox 333 4373 1980 4457; baseline 0.004 -26"><span class='ocrx_word' id='word_1_551' title='bbox 333 4388 428 4441; x_wconf 78' lang='grc' dir='ltr'>θος</span> <span class='ocrx_word' id='word_1_552' title='bbox 467 4377 530 4432; x_wconf 89' lang='grc' dir='ltr'>τὸ</span> <span class='ocrx_word' id='word_1_553' title='bbox 583 4375 922 4450; x_wconf 77' lang='grc' dir='ltr'>ἐπικείμενον</span> <span class='ocrx_word' id='word_1_554' title='bbox 971 4381 1040 4452; x_wconf 81' lang='grc' dir='ltr'>τῇ</span> <span class='ocrx_word' id='word_1_555' title='bbox 1088 4373 1420 4450; x_wconf 87' lang='grc' dir='ltr'>Μωαϐίτιδι,</span> <span class='ocrx_word' id='word_1_556' title='bbox 1466 4378 1638 4436; x_wconf 63' lang='grc' dir='ltr'>αἷίτιον</span> <span class='ocrx_word' id='word_1_557' title='bbox 1695 4382 1980 4457; x_wconf 85' lang='grc' dir='ltr'>γινόμενον</span> 
     </span>
    </p>
   </div>
   <div class='ocr_carea' id='block_1_81' title="bbox 328 4466 1980 4547">
    <p class='ocr_par' dir='ltr' id='par_1_81' title="bbox 328 4466 1980 4547">
     <span class='ocr_line' id='line_1_81' title="bbox 328 4466 1980 4547; baseline 0.005 -28"><span class='ocrx_word' id='word_1_558' title='bbox 328 4469 426 4520; x_wconf 81' lang='grc' dir='ltr'>τοῦ</span> <span class='ocrx_word' id='word_1_559' title='bbox 458 4466 739 4542; x_wconf 87' lang='grc' dir='ltr'>σώφρονος</span> <span class='ocrx_word' id='word_1_560' title='bbox 775 4466 917 4542; x_wconf 87' lang='grc' dir='ltr'>βίου,</span> <span class='ocrx_word' id='word_1_561' title='bbox 955 4468 1055 4542; x_wconf 79' lang='grc' dir='ltr'>βοᾷ</span> <span class='ocrx_word' id='word_1_562' title='bbox 1083 4466 1168 4521; x_wconf 74' lang='grc' dir='ltr'>ἐπὶ</span> <span class='ocrx_word' id='word_1_563' title='bbox 1199 4471 1268 4542; x_wconf 79' lang='grc' dir='ltr'>τῇ</span> <span class='ocrx_word' id='word_1_564' title='bbox 1301 4471 1415 4542; x_wconf 89' lang='grc'>(36)</span> <span class='ocrx_word' id='word_1_565' title='bbox 1445 4474 1654 4547; x_wconf 86' lang='grc' dir='ltr'>κραυγῇ</span> <span class='ocrx_word' id='word_1_566' title='bbox 1699 4479 1797 4542; x_wconf 83' lang='grc' dir='ltr'>τῆς</span> <span class='ocrx_word' id='word_1_567' title='bbox 1838 4474 1980 4530; x_wconf 83' lang='grc' dir='ltr'>Ἐσε-</span> 
     </span>
    </p>
   </div>
   <div class='ocr_carea' id='block_1_82' title="bbox 2102 3310 3754 3382">
    <p class='ocr_par' dir='ltr' id='par_1_82' title="bbox 2102 3310 3754 3382">
     <span class='ocr_line' id='line_1_82' title="bbox 2102 3310 3754 3382; baseline -0.001 -14"><span class='ocrx_word' id='word_1_568' title='bbox 2102 3314 2386 3368; x_wconf 88' lang='lat' dir='ltr'>rationem</span> <span class='ocrx_word' id='word_1_569' title='bbox 2418 3311 2774 3378; x_wconf 88' lang='lat' dir='ltr'>adhibitum,</span> <span class='ocrx_word' id='word_1_570' title='bbox 2807 3311 3053 3366; x_wconf 89' lang='lat' dir='ltr'>illicium</span> <span class='ocrx_word' id='word_1_571' title='bbox 3087 3311 3384 3382; x_wconf 90' lang='lat' dir='ltr'>quoddam</span> <span class='ocrx_word' id='word_1_572' title='bbox 3417 3310 3494 3366; x_wconf 87' lang='lat' dir='ltr'>sit</span> <span class='ocrx_word' id='word_1_573' title='bbox 3522 3312 3594 3365; x_wconf 89' lang='lat' dir='ltr'>ad</span> <span class='ocrx_word' id='word_1_574' title='bbox 3628 3327 3754 3382; x_wconf 88' lang='lat' dir='ltr'>per-</span> 
     </span>
    </p>
   </div>
   <div class='ocr_carea' id='block_1_83' title="bbox 2101 3398 3756 3484">
    <p class='ocr_par' dir='ltr' id='par_1_83' title="bbox 2101 3398 3756 3484">
     <span class='ocr_line' id='line_1_83' title="bbox 2101 3398 3756 3484; baseline 0 -27"><span class='ocrx_word' id='word_1_575' title='bbox 2101 3401 2466 3457; x_wconf 88' lang='lat' dir='ltr'>suadendam</span> <span class='ocrx_word' id='word_1_576' title='bbox 2493 3401 2953 3484; x_wconf 22' lang='lat' dir='ltr'>veritatem‘ﬂaec</span> <span class='ocrx_word' id='word_1_577' title='bbox 2983 3406 3073 3456; x_wconf 87' lang='lat' dir='ltr'>est</span> <span class='ocrx_word' id='word_1_578' title='bbox 3103 3399 3280 3470; x_wconf 87' lang='lat' dir='ltr'>igitur</span> <span class='ocrx_word' id='word_1_579' title='bbox 3297 3416 3474 3454; x_wconf 76' lang='lat' dir='ltr'>causa</span> <span class='ocrx_word' id='word_1_580' title='bbox 3493 3398 3756 3469; x_wconf 86' lang='lat' dir='ltr'>ejulandi</span> 
     </span>
    </p>
   </div>
   <div class='ocr_carea' id='block_1_84' title="bbox 2101 3486 3753 3562">
    <p class='ocr_par' dir='ltr' id='par_1_84' title="bbox 2101 3486 3753 3562">
     <span class='ocr_line' id='line_1_84' title="bbox 2101 3486 3753 3562; baseline -0.001 -17"><span class='ocrx_word' id='word_1_581' title='bbox 2101 3507 2236 3546; x_wconf 89' lang='lat' dir='ltr'>cum</span> <span class='ocrx_word' id='word_1_582' title='bbox 2272 3489 2692 3562; x_wconf 88' lang='lat' dir='ltr'>planctu,quod</span> <span class='ocrx_word' id='word_1_583' title='bbox 2725 3489 2995 3544; x_wconf 86' lang='lat' dir='ltr'>clamavit</span> <span class='ocrx_word' id='word_1_584' title='bbox 3016 3488 3242 3544; x_wconf 87' lang='lat' dir='ltr'>Esebon</span> <span class='ocrx_word' id='word_1_585' title='bbox 3264 3491 3320 3543; x_wconf 90' lang='lat' dir='ltr'>et</span> <span class='ocrx_word' id='word_1_586' title='bbox 3349 3486 3538 3543; x_wconf 88' lang='lat' dir='ltr'>Eleale</span> <span class='ocrx_word' id='word_1_587' title='bbox 3572 3504 3753 3559; x_wconf 88' lang='lat' dir='ltr'>usque</span> 
     </span>
    </p>
   </div>
   <div class='ocr_carea' id='block_1_85' title="bbox 2100 3581 2292 3637">
    <p class='ocr_par' dir='ltr' id='par_1_85' title="bbox 2100 3581 2292 3637">
     <span class='ocr_line' id='line_1_85' title="bbox 2100 3581 2292 3637; baseline -0.01 0"><span class='ocrx_word' id='word_1_588' title='bbox 2100 3581 2292 3637; x_wconf 86' lang='lat' dir='ltr'>Jassa.</span> 
     </span>
    </p>
   </div>
   <div class='ocr_carea' id='block_1_86' title="bbox 2169 3757 3746 3831">
    <p class='ocr_par' dir='ltr' id='par_1_86' title="bbox 2169 3757 3746 3831">
     <span class='ocr_line' id='line_1_86' title="bbox 2169 3757 3746 3831; baseline -0.001 -17"><span class='ocrx_word' id='word_1_589' title='bbox 2169 3760 2295 3814; x_wconf 84' lang='lat'>297.</span> <span class='ocrx_word' id='word_1_590' title='bbox 2353 3763 2590 3831; x_wconf 84' lang='lat' dir='ltr'>Propter</span> <span class='ocrx_word' id='word_1_591' title='bbox 2643 3757 2742 3814; x_wconf 82' lang='lat' dir='ltr'>hoc</span> <span class='ocrx_word' id='word_1_592' title='bbox 2791 3758 3009 3813; x_wconf 84' lang='lat' dir='ltr'>lumbus</span> <span class='ocrx_word' id='word_1_593' title='bbox 3057 3757 3370 3814; x_wconf 75' lang='lat' dir='ltr'>Moabitidis</span> <span class='ocrx_word' id='word_1_594' title='bbox 3415 3757 3639 3812; x_wconf 82' lang='lat' dir='ltr'>clamat.</span> <span class='ocrx_word' id='word_1_595' title='bbox 3679 3760 3746 3812; x_wconf 92' lang='lat' dir='ltr'>In</span> 
     </span>
    </p>
   </div>
   <div class='ocr_carea' id='block_1_87' title="bbox 2098 3845 3746 3922">
    <p class='ocr_par' dir='ltr' id='par_1_87' title="bbox 2098 3845 3746 3922">
     <span class='ocr_line' id='line_1_87' title="bbox 2098 3845 3746 3922; baseline -0.001 -19"><span class='ocrx_word' id='word_1_596' title='bbox 2098 3849 2394 3922; x_wconf 88' lang='lat' dir='ltr'>plerisque</span> <span class='ocrx_word' id='word_1_597' title='bbox 2440 3847 2584 3904; x_wconf 90' lang='lat' dir='ltr'>locis</span> <span class='ocrx_word' id='word_1_598' title='bbox 2630 3847 2870 3902; x_wconf 91' lang='lat' dir='ltr'>lumbus</span> <span class='ocrx_word' id='word_1_599' title='bbox 2909 3847 3168 3902; x_wconf 90' lang='lat' dir='ltr'>sumitur</span> <span class='ocrx_word' id='word_1_600' title='bbox 3228 3862 3331 3918; x_wconf 88' lang='lat' dir='ltr'>pro</span> <span class='ocrx_word' id='word_1_601' title='bbox 3387 3845 3746 3918; x_wconf 83' lang='lat' dir='ltr'>genitalibus</span> 
     </span>
    </p>
   </div>
   <div class='ocr_carea' id='block_1_88' title="bbox 2097 3936 3747 4007">
    <p class='ocr_par' dir='ltr' id='par_1_88' title="bbox 2097 3936 3747 4007">
     <span class='ocr_line' id='line_1_88' title="bbox 2097 3936 3747 4007; baseline -0.002 -13"><span class='ocrx_word' id='word_1_602' title='bbox 2097 3938 2380 3994; x_wconf 90' lang='lat' dir='ltr'>membris</span> <span class='ocrx_word' id='word_1_603' title='bbox 2415 3954 2428 3994; x_wconf 90' lang='lat'><strong>:</strong></span> <span class='ocrx_word' id='word_1_604' title='bbox 2460 3937 2648 3992; x_wconf 84' lang='lat' dir='ltr'>Adhuc</span> <span class='ocrx_word' id='word_1_605' title='bbox 2691 3939 2842 3993; x_wconf 88' lang='lat' dir='ltr'>enim</span> <span class='ocrx_word' id='word_1_606' title='bbox 2888 3939 2950 3991; x_wconf 76' lang='lat' dir='ltr'>in</span> <span class='ocrx_word' id='word_1_607' title='bbox 2997 3936 3198 3991; x_wconf 88' lang='lat' dir='ltr'>lumbis</span> <span class='ocrx_word' id='word_1_608' title='bbox 3247 3937 3421 4007; x_wconf 79' lang='lat' dir='ltr'>patris</span> <span class='ocrx_word' id='word_1_609' title='bbox 3467 3936 3558 3990; x_wconf 83' lang='lat' dir='ltr'>sui</span> <span class='ocrx_word' id='word_1_610' title='bbox 3604 3944 3747 4002; x_wconf 80' lang='lat' dir='ltr'>erat,</span> 
     </span>
    </p>
   </div>
   <div class='ocr_carea' id='block_1_89' title="bbox 2097 4023 3749 4096">
    <p class='ocr_par' dir='ltr' id='par_1_89' title="bbox 2097 4023 3749 4096">
     <span class='ocr_line' id='line_1_89' title="bbox 2097 4023 3749 4096; baseline -0.002 -13"><span class='ocrx_word' id='word_1_611' title='bbox 2097 4027 2379 4083; x_wconf 91' lang='lat' dir='ltr'>nimirum</span> <span class='ocrx_word' id='word_1_612' title='bbox 2439 4027 2570 4083; x_wconf 90' lang='lat' dir='ltr'>Levi</span> <span class='ocrx_word' id='word_1_613' title='bbox 2620 4026 2776 4081; x_wconf 76' lang='lat' dir='ltr'>filius</span> <span class='ocrx_word' id='word_1_614' title='bbox 2827 4025 3089 4091; x_wconf 60' lang='lat' dir='ltr'>Abrahae,</span> <span class='ocrx_word' id='word_1_615' title='bbox 3137 4024 3361 4096; x_wconf 85' lang='lat' dir='ltr'>quando</span> <span class='ocrx_word' id='word_1_616' title='bbox 3410 4023 3648 4080; x_wconf 71' lang='lat' dir='ltr'>obuiauit</span> <span class='ocrx_word' id='word_1_617' title='bbox 3693 4027 3749 4081; x_wconf 85' lang='lat' dir='ltr'>ei</span> 
     </span>
    </p>
   </div>
   <div class='ocr_carea' id='block_1_90' title="bbox 2093 4113 3742 4183">
    <p class='ocr_par' dir='ltr' id='par_1_90' title="bbox 2093 4113 3742 4183">
     <span class='ocr_line' id='line_1_90' title="bbox 2093 4113 3742 4183; baseline -0.001 -11"><span class='ocrx_word' id='word_1_618' title='bbox 2093 4116 2490 4173; x_wconf 79' lang='lat' dir='ltr'>Melchisedech</span> <span class='ocrx_word' id='word_1_619' title='bbox 2521 4117 2585 4172; x_wconf 72' lang='grc' dir='ltr'>ιι.</span> <span class='ocrx_word' id='word_1_620' title='bbox 2619 4116 2710 4181; x_wconf 87' lang='lat' dir='ltr'>Et,</span> <span class='ocrx_word' id='word_1_621' title='bbox 2740 4117 2852 4170; x_wconf 79' lang='lat' dir='ltr'>sint</span> <span class='ocrx_word' id='word_1_622' title='bbox 2897 4115 3074 4169; x_wconf 87' lang='lat' dir='ltr'>lumbi</span> <span class='ocrx_word' id='word_1_623' title='bbox 3116 4115 3290 4169; x_wconf 77' lang='lat' dir='ltr'>vestri</span> <span class='ocrx_word' id='word_1_624' title='bbox 3335 4114 3625 4183; x_wconf 72' lang='lat' dir='ltr'>praecincti</span> <span class='ocrx_word' id='word_1_625' title='bbox 3673 4113 3742 4170; x_wconf 64' lang='grc' dir='ltr'>ιθ.</span> 
     </span>
    </p>
   </div>
   <div class='ocr_carea' id='block_1_91' title="bbox 2096 4201 3744 4278">
    <p class='ocr_par' dir='ltr' id='par_1_91' title="bbox 2096 4201 3744 4278">
     <span class='ocr_line' id='line_1_91' title="bbox 2096 4201 3744 4278; baseline -0.002 -16"><span class='ocrx_word' id='word_1_626' title='bbox 2096 4205 2492 4278; x_wconf 82' lang='lat' dir='ltr'>Intelligimus</span> <span class='ocrx_word' id='word_1_627' title='bbox 2547 4205 2820 4274; x_wconf 88' lang='lat' dir='ltr'>indicari,</span> <span class='ocrx_word' id='word_1_628' title='bbox 2879 4203 3175 4275; x_wconf 87' lang='lat' dir='ltr'>appetitus</span> <span class='ocrx_word' id='word_1_629' title='bbox 3229 4203 3327 4273; x_wconf 92' lang='lat' dir='ltr'>qui</span> <span class='ocrx_word' id='word_1_630' title='bbox 3381 4201 3744 4273; x_wconf 85' lang='lat' dir='ltr'>generationi</span> 
     </span>
    </p>
   </div>
   <div class='ocr_carea' id='block_1_92' title="bbox 2092 4291 3743 4366">
    <p class='ocr_par' dir='ltr' id='par_1_92' title="bbox 2092 4291 3743 4366">
     <span class='ocr_line' id='line_1_92' title="bbox 2092 4291 3743 4366; baseline -0.003 -14"><span class='ocrx_word' id='word_1_631' title='bbox 2092 4296 2494 4360; x_wconf 89' lang='lat' dir='ltr'>subserviunt,</span> <span class='ocrx_word' id='word_1_632' title='bbox 2525 4296 2926 4366; x_wconf 88' lang='lat' dir='ltr'>reprimendos</span> <span class='ocrx_word' id='word_1_633' title='bbox 2955 4293 3331 4348; x_wconf 88' lang='lat' dir='ltr'>esse.Luctus</span> <span class='ocrx_word' id='word_1_634' title='bbox 3359 4291 3542 4362; x_wconf 90' lang='lat' dir='ltr'>igitur</span> <span class='ocrx_word' id='word_1_635' title='bbox 3583 4291 3743 4347; x_wconf 87' lang='lat' dir='ltr'>Moa-</span> 
     </span>
    </p>
   </div>
   <div class='ocr_carea' id='block_1_93' title="bbox 2091 4379 3745 4453">
    <p class='ocr_par' dir='ltr' id='par_1_93' title="bbox 2091 4379 3745 4453">
     <span class='ocr_line' id='line_1_93' title="bbox 2091 4379 3745 4453; baseline -0.003 -14"><span class='ocrx_word' id='word_1_636' title='bbox 2091 4383 2264 4440; x_wconf 91' lang='lat' dir='ltr'>bitidi</span> <span class='ocrx_word' id='word_1_637' title='bbox 2296 4383 2742 4453; x_wconf 87' lang='lat' dir='ltr'>imminens,qui</span> <span class='ocrx_word' id='word_1_638' title='bbox 2773 4399 2949 4437; x_wconf 90' lang='lat' dir='ltr'>causa</span> <span class='ocrx_word' id='word_1_639' title='bbox 2981 4386 3072 4436; x_wconf 89' lang='lat' dir='ltr'>est</span> <span class='ocrx_word' id='word_1_640' title='bbox 3101 4387 3158 4436; x_wconf 90' lang='lat' dir='ltr'>et</span> <span class='ocrx_word' id='word_1_641' title='bbox 3187 4380 3354 4452; x_wconf 90' lang='lat' dir='ltr'>origu</span> <span class='ocrx_word' id='word_1_642' title='bbox 3385 4379 3745 4436; x_wconf 85' lang='lat' dir='ltr'>continentis</span> 
     </span>
    </p>
   </div>
   <div class='ocr_carea' id='block_1_94' title="bbox 2091 4469 3744 4546">
    <p class='ocr_par' dir='ltr' id='par_1_94' title="bbox 2091 4469 3744 4546">
     <span class='ocr_line' id='line_1_94' title="bbox 2091 4469 3744 4546; baseline -0.004 -16"><span class='ocrx_word' id='word_1_643' title='bbox 2091 4481 2149 4530; x_wconf 82' lang='lat' dir='ltr'>et</span> <span class='ocrx_word' id='word_1_644' title='bbox 2170 4473 2397 4546; x_wconf 66' lang='lat' dir='ltr'>pudicae</span> <span class='ocrx_word' id='word_1_645' title='bbox 2417 4473 2567 4538; x_wconf 66' lang='lat' dir='ltr'>vita,</span> <span class='ocrx_word' id='word_1_646' title='bbox 2592 4473 2810 4527; x_wconf 87' lang='lat' dir='ltr'>clamat</span> <span class='ocrx_word' id='word_1_647' title='bbox 2831 4472 2904 4526; x_wconf 95' lang='lat' dir='ltr'>ob</span> <span class='ocrx_word' id='word_1_648' title='bbox 2928 4471 3397 4526; x_wconf 83' lang='lat' dir='ltr'>vociferationem</span> <span class='ocrx_word' id='word_1_649' title='bbox 3430 4469 3653 4527; x_wconf 87' lang='lat' dir='ltr'>Esebon</span> <span class='ocrx_word' id='word_1_650' title='bbox 3684 4473 3744 4526; x_wconf 88' lang='lat' dir='ltr'>et</span> 
     </span>
    </p>
   </div>
   <div class='ocr_carea' id='block_1_95' title="bbox 332 4550 1988 4640">
    <p class='ocr_par' dir='ltr' id='par_1_95' title="bbox 332 4550 1982 4640">
     <span class='ocr_line' id='line_1_95' title="bbox 332 4550 1982 4640; baseline 0.004 -31"><span class='ocrx_word' id='word_1_651' title='bbox 332 4550 442 4610; x_wconf 85' lang='grc' dir='ltr'>ϐὼν</span> <span class='ocrx_word' id='word_1_652' title='bbox 493 4555 584 4611; x_wconf 83' lang='grc' dir='ltr'>καὶ</span> <span class='ocrx_word' id='word_1_653' title='bbox 617 4553 856 4626; x_wconf 78' lang='grc' dir='ltr'>Ἐλεαλὴ</span> <span class='ocrx_word' id='word_1_654' title='bbox 907 4556 997 4612; x_wconf 83' lang='grc' dir='ltr'>καὶ</span> <span class='ocrx_word' id='word_1_655' title='bbox 1051 4557 1252 4615; x_wconf 85' lang='grc' dir='ltr'>Ἰασσά.</span> <span class='ocrx_word' id='word_1_656' title='bbox 1286 4559 1350 4614; x_wconf 88' lang='grc' dir='ltr'>Ἡ</span> <span class='ocrx_word' id='word_1_657' title='bbox 1399 4561 1550 4634; x_wconf 72' lang='grc' dir='ltr'>ψυχὴ</span> <span class='ocrx_word' id='word_1_658' title='bbox 1583 4561 1776 4633; x_wconf 84' lang='grc' dir='ltr'>αὐτῆς,</span> <span class='ocrx_word' id='word_1_659' title='bbox 1827 4561 1982 4640; x_wconf 87' lang='grc' dir='ltr'>φησὶ,</span> 
     </span>
    </p>
   </div>
   <div class='ocr_carea' id='block_1_96' title="bbox 2106 4550 3744 4640">
    <p class='ocr_par' dir='ltr' id='par_1_96' title="bbox 2106 4558 3744 4632">
     <span class='ocr_line' id='line_1_96' title="bbox 2106 4558 3744 4632; baseline -0.002 -14"><span class='ocrx_word' id='word_1_660' title='bbox 2106 4562 2287 4618; x_wconf 77' lang='lat' dir='ltr'>Eleale</span> <span class='ocrx_word' id='word_1_661' title='bbox 2315 4567 2373 4618; x_wconf 91' lang='lat' dir='ltr'>et</span> <span class='ocrx_word' id='word_1_662' title='bbox 2397 4562 2588 4618; x_wconf 90' lang='lat' dir='ltr'>Jassa.</span> <span class='ocrx_word' id='word_1_663' title='bbox 2621 4561 2826 4616; x_wconf 83' lang='lat' dir='ltr'>Anima</span> <span class='ocrx_word' id='word_1_664' title='bbox 2853 4561 2988 4632; x_wconf 82' lang='lat' dir='ltr'>ejus,</span> <span class='ocrx_word' id='word_1_665' title='bbox 3020 4558 3232 4630; x_wconf 88' lang='lat' dir='ltr'>inquit,</span> <span class='ocrx_word' id='word_1_666' title='bbox 3262 4561 3560 4630; x_wconf 81' lang='lat' dir='ltr'>cognoscet.</span> <span class='ocrx_word' id='word_1_667' title='bbox 3609 4559 3744 4614; x_wconf 88' lang='lat' dir='ltr'>Jam</span> 
     </span>
    </p>
   </div>
   <div class='ocr_carea' id='block_1_97' title="bbox 331 4641 1983 4725">
    <p class='ocr_par' dir='ltr' id='par_1_97' title="bbox 331 4641 1983 4725">
     <span class='ocr_line' id='line_1_97' title="bbox 331 4641 1983 4725; baseline 0.005 -27"><span class='ocrx_word' id='word_1_668' title='bbox 331 4645 616 4718; x_wconf 85' lang='grc' dir='ltr'>γνώσεται.</span> <span class='ocrx_word' id='word_1_669' title='bbox 665 4641 810 4716; x_wconf 84' lang='grc' dir='ltr'>’Ἤδη</span> <span class='ocrx_word' id='word_1_670' title='bbox 860 4647 1147 4721; x_wconf 80' lang='grc' dir='ltr'>προκοπὴν</span> <span class='ocrx_word' id='word_1_671' title='bbox 1197 4651 1304 4702; x_wconf 90' lang='grc' dir='ltr'>τῶν</span> <span class='ocrx_word' id='word_1_672' title='bbox 1347 4649 1416 4704; x_wconf 81' lang='grc' dir='ltr'>τὰ</span> <span class='ocrx_word' id='word_1_673' title='bbox 1461 4651 1839 4725; x_wconf 87' lang='grc' dir='ltr'>προειρημένα</span> <span class='ocrx_word' id='word_1_674' title='bbox 1895 4651 1983 4706; x_wconf 68' lang='grc' dir='ltr'>ἐπὶ</span> 
     </span>
    </p>
   </div>
   <div class='ocr_carea' id='block_1_98' title="bbox 330 4734 1980 4816">
    <p class='ocr_par' dir='ltr' id='par_1_98' title="bbox 330 4734 1980 4816">
     <span class='ocr_line' id='line_1_98' title="bbox 330 4734 1980 4816; baseline 0.004 -28"><span class='ocrx_word' id='word_1_675' title='bbox 330 4736 400 4808; x_wconf 82' lang='grc' dir='ltr'>τῇ</span> <span class='ocrx_word' id='word_1_676' title='bbox 454 4734 709 4808; x_wconf 76' lang='grc' dir='ltr'>μετανοίᾳ</span> <span class='ocrx_word' id='word_1_677' title='bbox 782 4735 1168 4808; x_wconf 87' lang='grc' dir='ltr'>πεποιηκότων</span> <span class='ocrx_word' id='word_1_678' title='bbox 1228 4737 1256 4792; x_wconf 84' lang='grc' dir='ltr'>ὁ</span> <span class='ocrx_word' id='word_1_679' title='bbox 1310 4735 1472 4814; x_wconf 89' lang='grc' dir='ltr'>λόγος</span> <span class='ocrx_word' id='word_1_680' title='bbox 1531 4736 1800 4816; x_wconf 80' lang='grc' dir='ltr'>ἐμφαίνει.</span> <span class='ocrx_word' id='word_1_681' title='bbox 1859 4738 1980 4815; x_wconf 79' lang='grc' dir='ltr'>Καῖ,</span> 
     </span>
    </p>
   </div>
   <div class='ocr_carea' id='block_1_99' title="bbox 403 4943 1976 5021">
    <p class='ocr_par' dir='ltr' id='par_1_99' title="bbox 403 4943 1976 5021">
     <span class='ocr_line' id='line_1_99' title="bbox 403 4943 1976 5021; baseline 0.008 -22"><span class='ocrx_word' id='word_1_682' title='bbox 403 4945 446 4981; x_wconf 76' lang='grc' dir='ltr'><strong>ιο</strong></span> <span class='ocrx_word' id='word_1_683' title='bbox 469 4944 520 5002; x_wconf 89' lang='grc' dir='ltr'>ΙΙ</span> <span class='ocrx_word' id='word_1_684' title='bbox 548 4943 677 5001; x_wconf 89' lang='lat' dir='ltr'>Cor.</span> <span class='ocrx_word' id='word_1_685' title='bbox 709 4961 765 5014; x_wconf 75' lang='grc' dir='ltr'>ι,</span> <span class='ocrx_word' id='word_1_686' title='bbox 794 4945 849 5000; x_wconf 90' lang='grc'>5.</span> <span class='ocrx_word' id='word_1_687' title='bbox 927 4945 970 4985; x_wconf 71' lang='grc' dir='ltr'>ιι</span> <span class='ocrx_word' id='word_1_688' title='bbox 1003 4946 1176 5005; x_wconf 82' lang='lat' dir='ltr'>Hebr.</span> <span class='ocrx_word' id='word_1_689' title='bbox 1203 4965 1305 5021; x_wconf 82' lang='lat' dir='ltr'>vn,</span> <span class='ocrx_word' id='word_1_690' title='bbox 1339 4951 1426 5007; x_wconf 94' lang='grc'>10.</span> <span class='ocrx_word' id='word_1_691' title='bbox 1503 4951 1548 4988; x_wconf 82' lang='grc'>¹²</span> <span class='ocrx_word' id='word_1_692' title='bbox 1580 4952 1715 5009; x_wconf 90' lang='lat' dir='ltr'>Luc.</span> <span class='ocrx_word' id='word_1_693' title='bbox 1747 4967 1852 5021; x_wconf 81' lang='lat' dir='ltr'>xu,</span> <span class='ocrx_word' id='word_1_694' title='bbox 1883 4953 1976 5012; x_wconf 88' lang='lat'>35.</span> 
     </span>
    </p>
   </div>
   <div class='ocr_carea' id='block_1_100' title="bbox 399 5170 1200 5240">
    <p class='ocr_par' dir='ltr' id='par_1_100' title="bbox 399 5170 1200 5240">
     <span class='ocr_line' id='line_1_100' title="bbox 399 5170 1200 5240; baseline 0.01 -15"><span class='ocrx_word' id='word_1_695' title='bbox 399 5173 508 5240; x_wconf 87' lang='lat'>(29)</span> <span class='ocrx_word' id='word_1_696' title='bbox 535 5170 775 5230; x_wconf 83' lang='lat' dir='ltr'>Codices</span> <span class='ocrx_word' id='word_1_697' title='bbox 801 5175 944 5240; x_wconf 80' lang='lat' dir='ltr'>tres,</span> <span class='ocrx_word' id='word_1_698' title='bbox 971 5171 1060 5228; x_wconf 74' lang='grc' dir='ltr'>καὶ</span> <span class='ocrx_word' id='word_1_699' title='bbox 1092 5171 1200 5234; x_wconf 80' lang='grc' dir='ltr'>ἐπί.</span> 
     </span>
    </p>
   </div>
   <div class='ocr_carea' id='block_1_101' title="bbox 395 5237 1975 5317">
    <p class='ocr_par' dir='ltr' id='par_1_101' title="bbox 395 5237 1975 5317">
     <span class='ocr_line' id='line_1_101' title="bbox 395 5237 1975 5317; baseline 0.005 -18"><span class='ocrx_word' id='word_1_700' title='bbox 395 5237 507 5315; x_wconf 79' lang='lat'>(30)</span> <span class='ocrx_word' id='word_1_701' title='bbox 540 5244 712 5317; x_wconf 69' lang='lat' dir='ltr'>Edilj,</span> <span class='ocrx_word' id='word_1_702' title='bbox 763 5237 1002 5317; x_wconf 56' lang='grc' dir='ltr'>ῘΕσεϐὼν</span> <span class='ocrx_word' id='word_1_703' title='bbox 1044 5247 1132 5302; x_wconf 82' lang='grc' dir='ltr'>καὶ</span> <span class='ocrx_word' id='word_1_704' title='bbox 1183 5245 1421 5317; x_wconf 79' lang='grc' dir='ltr'>Ἐλεαλὴ</span> <span class='ocrx_word' id='word_1_705' title='bbox 1464 5246 1568 5311; x_wconf 73' lang='grc' dir='ltr'>ἕως</span> <span class='ocrx_word' id='word_1_706' title='bbox 1613 5249 1810 5304; x_wconf 85' lang='grc' dir='ltr'>’[ασσά.</span> <span class='ocrx_word' id='word_1_707' title='bbox 1863 5251 1975 5306; x_wconf 87' lang='lat' dir='ltr'>Sed</span> 
     </span>
    </p>
   </div>
   <div class='ocr_carea' id='block_1_102' title="bbox 322 5312 1977 5396">
    <p class='ocr_par' dir='ltr' id='par_1_102' title="bbox 322 5312 1977 5396">
     <span class='ocr_line' id='line_1_102' title="bbox 322 5312 1977 5396; baseline 0.005 -26"><span class='ocrx_word' id='word_1_708' title='bbox 322 5312 445 5396; x_wconf 80' lang='lat' dir='ltr'>illa,</span> <span class='ocrx_word' id='word_1_709' title='bbox 477 5312 834 5396; x_wconf 45' lang='grc' dir='ltr'>καῖ-Ἐλεαλῂ</span> <span class='ocrx_word' id='word_1_710' title='bbox 865 5312 994 5396; x_wconf 41' lang='grc' dir='ltr'>ἕως-</span> <span class='ocrx_word' id='word_1_711' title='bbox 1020 5318 1217 5396; x_wconf 81' lang='grc' dir='ltr'>Ἰασσά,</span> <span class='ocrx_word' id='word_1_712' title='bbox 1252 5322 1319 5396; x_wconf 79' lang='lat' dir='ltr'>in</span> <span class='ocrx_word' id='word_1_713' title='bbox 1345 5312 1491 5379; x_wconf 83' lang='lat' dir='ltr'>mss.</span> <span class='ocrx_word' id='word_1_714' title='bbox 1525 5339 1642 5378; x_wconf 89' lang='lat' dir='ltr'>non</span> <span class='ocrx_word' id='word_1_715' title='bbox 1673 5323 1977 5396; x_wconf 88' lang='lat' dir='ltr'>reperiun-</span> 
     </span>
    </p>
   </div>
   <div class='ocr_carea' id='block_1_103' title="bbox 321 5388 1484 5462">
    <p class='ocr_par' dir='ltr' id='par_1_103' title="bbox 321 5388 1484 5462">
     <span class='ocr_line' id='line_1_103' title="bbox 321 5388 1484 5462; baseline 0.007 -18"><span class='ocrx_word' id='word_1_716' title='bbox 321 5393 448 5462; x_wconf 81' lang='lat' dir='ltr'>tur;</span> <span class='ocrx_word' id='word_1_717' title='bbox 482 5390 555 5445; x_wconf 95' lang='lat' dir='ltr'>ob</span> <span class='ocrx_word' id='word_1_718' title='bbox 580 5388 757 5459; x_wconf 88' lang='lat' dir='ltr'>idque</span> <span class='ocrx_word' id='word_1_719' title='bbox 789 5388 1484 5462; x_wconf 78' lang='lat' dir='ltr'>delendajudiCavimus.</span> 
     </span>
    </p>
   </div>
   <div class='ocr_carea' id='block_1_104' title="bbox 422 5460 1387 5538">
    <p class='ocr_par' dir='ltr' id='par_1_104' title="bbox 422 5460 1387 5538">
     <span class='ocr_line' id='line_1_104' title="bbox 422 5460 1387 5538; baseline 0.003 -21"><span class='ocrx_word' id='word_1_720' title='bbox 422 5461 512 5538; x_wconf 61' lang='lat' dir='ltr'>3i)</span> <span class='ocrx_word' id='word_1_721' title='bbox 541 5462 731 5538; x_wconf 81' lang='lat' dir='ltr'>Codex</span> <span class='ocrx_word' id='word_1_722' title='bbox 761 5476 935 5538; x_wconf 80' lang='lat' dir='ltr'>unus.</span> <span class='ocrx_word' id='word_1_723' title='bbox 967 5460 1149 5538; x_wconf 43' lang='lat' dir='ltr'>lat—ta</span> <span class='ocrx_word' id='word_1_724' title='bbox 1183 5462 1387 5538; x_wconf 82' lang='grc' dir='ltr'>ὑψηλά.</span> 
     </span>
    </p>
   </div>
   <div class='ocr_carea' id='block_1_105' title="bbox 415 5533 1972 5612">
    <p class='ocr_par' dir='ltr' id='par_1_105' title="bbox 415 5533 1972 5612">
     <span class='ocr_line' id='line_1_105' title="bbox 415 5533 1972 5612; baseline 0.004 -24"><span class='ocrx_word' id='word_1_725' title='bbox 415 5534 505 5612; x_wconf 83' lang='lat'>32)</span> <span class='ocrx_word' id='word_1_726' title='bbox 537 5533 780 5612; x_wconf 46' lang='lat' dir='ltr'>antiqui</span> <span class='ocrx_word' id='word_1_727' title='bbox 801 5537 943 5612; x_wconf 30' lang='lat' dir='ltr'>[tres</span> <span class='ocrx_word' id='word_1_728' title='bbox 974 5533 1150 5612; x_wconf 84' lang='lat' dir='ltr'>_libri,</span> <span class='ocrx_word' id='word_1_729' title='bbox 1181 5533 1520 5612; x_wconf 79' lang='grc' dir='ltr'>πειρασμῶν.</span> <span class='ocrx_word' id='word_1_730' title='bbox 1555 5537 1775 5594; x_wconf 84' lang='lat' dir='ltr'>Ibidem</span> <span class='ocrx_word' id='word_1_731' title='bbox 1800 5538 1972 5612; x_wconf 4' lang='lat' dir='ltr'>pediti,</span> 
     </span>
    </p>
   </div>
   <div class='ocr_carea' id='block_1_106' title="bbox 322 5600 1974 5683">
    <p class='ocr_par' dir='ltr' id='par_1_106' title="bbox 322 5600 1974 5683">
     <span class='ocr_line' id='line_1_106' title="bbox 322 5600 1974 5683; baseline 0.008 -28"><span class='ocrx_word' id='word_1_732' title='bbox 322 5600 429 5658; x_wconf 79' lang='grc' dir='ltr'>ἀπὸ</span> <span class='ocrx_word' id='word_1_733' title='bbox 482 5600 580 5683; x_wconf 66' lang='grc' dir='ltr'>τοῦ</span> <span class='ocrx_word' id='word_1_734' title='bbox 607 5600 898 5683; x_wconf 44' lang='grc' dir='ltr'>λνᾶβίσυ,</span> <span class='ocrx_word' id='word_1_735' title='bbox 929 5605 1028 5683; x_wconf 77' lang='lat' dir='ltr'>ab_</span> <span class='ocrx_word' id='word_1_736' title='bbox 1048 5600 1236 5666; x_wconf 81' lang='lat' dir='ltr'>animo</span> <span class='ocrx_word' id='word_1_737' title='bbox 1275 5600 1539 5668; x_wconf 65' lang='lat' dir='ltr'>&#39;adusrso.</span> <span class='ocrx_word' id='word_1_738' title='bbox 1584 5613 1656 5666; x_wconf 87' lang='lat' dir='ltr'>At</span> <span class='ocrx_word' id='word_1_739' title='bbox 1712 5600 1974 5683; x_wconf 81' lang='lat' dir='ltr'>quinque</span> 
     </span>
    </p>
   </div>
   <div class='ocr_carea' id='block_1_107' title="bbox 325 5675 1052 5753">
    <p class='ocr_par' dir='ltr' id='par_1_107' title="bbox 325 5675 1052 5753">
     <span class='ocr_line' id='line_1_107' title="bbox 325 5675 1052 5753; baseline 0.006 -23"><span class='ocrx_word' id='word_1_740' title='bbox 325 5689 496 5746; x_wconf 83' lang='lat' dir='ltr'>mss.,</span> <span class='ocrx_word' id='word_1_741' title='bbox 523 5675 631 5733; x_wconf 74' lang='grc' dir='ltr'>ἀπὸ</span> <span class='ocrx_word' id='word_1_742' title='bbox 660 5679 757 5732; x_wconf 78' lang='grc' dir='ltr'>τοῦ</span> <span class='ocrx_word' id='word_1_743' title='bbox 781 5678 1052 5753; x_wconf 76' lang='grc' dir='ltr'>πονηροῦ.</span> 
     </span>
    </p>
   </div>
   <div class='ocr_carea' id='block_1_108' title="bbox 2077 5700 2147 5756">
    <p class='ocr_par' dir='ltr' id='par_1_108' title="bbox 2077 5700 2147 5756">
     <span class='ocr_line' id='line_1_108' title="bbox 2077 5700 2147 5756; baseline 0 -18"><span class='ocrx_word' id='word_1_744' title='bbox 2077 5700 2147 5756; x_wconf 79' lang='grc' dir='ltr'>τῃ</span> 
     </span>
    </p>
   </div>
   <div class='ocr_carea' id='block_1_109' title="bbox 2093 4647 3748 4724">
    <p class='ocr_par' dir='ltr' id='par_1_109' title="bbox 2093 4647 3748 4724">
     <span class='ocr_line' id='line_1_109' title="bbox 2093 4647 3748 4724; baseline -0.003 -17"><span class='ocrx_word' id='word_1_745' title='bbox 2093 4653 2395 4724; x_wconf 83' lang='lat' dir='ltr'>Scriptura</span> <span class='ocrx_word' id='word_1_746' title='bbox 2423 4665 2801 4724; x_wconf 88' lang='lat' dir='ltr'>progressum</span> <span class='ocrx_word' id='word_1_747' title='bbox 2833 4648 3094 4705; x_wconf 85' lang='lat' dir='ltr'>ostendit</span> <span class='ocrx_word' id='word_1_748' title='bbox 3114 4647 3449 4719; x_wconf 85' lang='lat' dir='ltr'>eorum,qui</span> <span class='ocrx_word' id='word_1_749' title='bbox 3472 4647 3748 4719; x_wconf 66' lang='lat' dir='ltr'>praedicta</span> 
     </span>
    </p>
   </div>
   <div class='ocr_carea' id='block_1_110' title="bbox 2095 4736 3748 4815">
    <p class='ocr_par' dir='ltr' id='par_1_110' title="bbox 2095 4736 3748 4815">
     <span class='ocr_line' id='line_1_110' title="bbox 2095 4736 3748 4815; baseline -0.005 -17"><span class='ocrx_word' id='word_1_750' title='bbox 2095 4758 2200 4815; x_wconf 87' lang='lat' dir='ltr'>per</span> <span class='ocrx_word' id='word_1_751' title='bbox 2227 4740 2633 4815; x_wconf 68' lang='lat' dir='ltr'>pmnitentiam</span> <span class='ocrx_word' id='word_1_752' title='bbox 2664 4739 2920 4797; x_wconf 80' lang='lat' dir='ltr'>exsecuti</span> <span class='ocrx_word' id='word_1_753' title='bbox 2951 4742 3112 4810; x_wconf 88' lang='lat' dir='ltr'>sunt,</span> <span class='ocrx_word' id='word_1_754' title='bbox 3161 4737 3231 4794; x_wconf 89' lang='lat' dir='ltr'>Et</span> <span class='ocrx_word' id='word_1_755' title='bbox 3280 4737 3385 4796; x_wconf 86' lang='lat' dir='ltr'>Cor</span> <span class='ocrx_word' id='word_1_756' title='bbox 3430 4736 3748 4794; x_wconf 78' lang='lat' dir='ltr'>Moabitidis</span> 
     </span>
    </p>
   </div>
   <div class='ocr_carea' id='block_1_111' title="bbox 2160 5171 3594 5254">
    <p class='ocr_par' dir='ltr' id='par_1_111' title="bbox 2160 5171 3594 5254">
     <span class='ocr_line' id='line_1_111' title="bbox 2160 5171 3594 5254; baseline -0.006 -18"><span class='ocrx_word' id='word_1_757' title='bbox 2160 5180 2273 5254; x_wconf 72' lang='lat'>(33)</span> <span class='ocrx_word' id='word_1_758' title='bbox 2306 5178 2480 5254; x_wconf 81' lang='lat' dir='ltr'>Editl,</span> <span class='ocrx_word' id='word_1_759' title='bbox 2511 5178 2792 5254; x_wconf 77' lang='grc' dir='ltr'>προέχειν.</span> <span class='ocrx_word' id='word_1_760' title='bbox 2823 5178 3248 5254; x_wconf 60' lang='lat' dir='ltr'>Librivgatereg,</span> <span class='ocrx_word' id='word_1_761' title='bbox 3279 5171 3594 5254; x_wconf 69' lang='grc' dir='ltr'>προσέχειν.</span> 
     </span>
    </p>
   </div>
   <div class='ocr_carea' id='block_1_112' title="bbox 2161 5245 3735 5327">
    <p class='ocr_par' dir='ltr' id='par_1_112' title="bbox 2161 5245 3735 5327">
     <span class='ocr_line' id='line_1_112' title="bbox 2161 5245 3735 5327; baseline -0.006 -20"><span class='ocrx_word' id='word_1_762' title='bbox 2161 5245 2477 5327; x_wconf 47' lang='grc' dir='ltr'>(ΒᾸῌΕᾶὶΐὶ,</span> <span class='ocrx_word' id='word_1_763' title='bbox 2511 5245 2904 5327; x_wconf 59' lang='grc' dir='ltr'>ἀποκείρωνται</span> <span class='ocrx_word' id='word_1_764' title='bbox 2955 5247 3011 5327; x_wconf 62' lang='grc' dir='ltr'>δζ</span> <span class='ocrx_word' id='word_1_765' title='bbox 3042 5245 3262 5327; x_wconf 71' lang='grc' dir='ltr'>ἑαυτοὺς</span> <span class='ocrx_word' id='word_1_766' title='bbox 3319 5245 3491 5300; x_wconf 72' lang='grc' dir='ltr'>οἷονεῖ</span> <span class='ocrx_word' id='word_1_767' title='bbox 3534 5245 3735 5327; x_wconf 43' lang='grc' dir='ltr'>κόμη-ν,</span> 
     </span>
    </p>
   </div>
   <div class='ocr_carea' id='block_1_113' title="bbox 2085 5320 3735 5452">
    <p class='ocr_par' dir='ltr' id='par_1_113' title="bbox 2085 5320 3735 5452">
     <span class='ocr_line' id='line_1_113' title="bbox 2085 5320 3735 5452; baseline -0.002 -76"><span class='ocrx_word' id='word_1_768' title='bbox 2085 5323 2174 5377; x_wconf 77' lang='grc' dir='ltr'>καὶ</span> <span class='ocrx_word' id='word_1_769' title='bbox 2206 5321 2647 5452; x_wconf 50' lang='grc' dir='ltr'>ἀλὶὶοτριώσωσι.</span> <span class='ocrx_word' id='word_1_770' title='bbox 2698 5320 2775 5379; x_wconf 67' lang='lat' dir='ltr'>At</span> <span class='ocrx_word' id='word_1_771' title='bbox 2827 5323 3011 5380; x_wconf 87' lang='lat' dir='ltr'>nostri</span> <span class='ocrx_word' id='word_1_772' title='bbox 3055 5321 3317 5393; x_wconf 91' lang='lat' dir='ltr'>quinque</span> <span class='ocrx_word' id='word_1_773' title='bbox 3365 5335 3510 5376; x_wconf 90' lang='lat' dir='ltr'>mss.</span> <span class='ocrx_word' id='word_1_774' title='bbox 3561 5323 3629 5374; x_wconf 90' lang='lat' dir='ltr'>ut</span> <span class='ocrx_word' id='word_1_775' title='bbox 3676 5320 3735 5373; x_wconf 91' lang='lat' dir='ltr'>in</span> 
     </span>
     <span class='ocr_line' id='line_1_114' title="bbox 2085 5403 2387 5452; baseline -0.003 0"><span class='ocrx_word' id='word_1_776' title='bbox 2085 5403 2293 5452; x_wconf 80' lang='lat' dir='ltr'>contex</span> <span class='ocrx_word' id='word_1_777' title='bbox 2327 5413 2387 5451; x_wconf 87' lang='lat' dir='ltr'>u.</span> 
     </span>
    </p>
   </div>
   <div class='ocr_carea' id='block_1_114' title="bbox 2085 5403 2387 5453">
    <p class='ocr_par' dir='ltr' id='par_1_114' title="bbox 2085 5403 2387 5453">
     <span class='ocr_line' id='line_1_115' title="bbox 2085 5403 2387 5453; baseline -0.003 -1"><span class='ocrx_word' id='word_1_778' title='bbox 2085 5403 2387 5453; x_wconf 79' lang='lat' dir='ltr'>contextu.</span> 
     </span>
    </p>
   </div>
   <div class='ocr_carea' id='block_1_115' title="bbox 2157 5458 3736 5539">
    <p class='ocr_par' dir='ltr' id='par_1_115' title="bbox 2157 5458 3736 5539">
     <span class='ocr_line' id='line_1_116' title="bbox 2157 5458 3736 5539; baseline -0.004 -15"><span class='ocrx_word' id='word_1_779' title='bbox 2157 5471 2274 5539; x_wconf 88' lang='grc'>(35)</span> <span class='ocrx_word' id='word_1_780' title='bbox 2304 5469 2545 5539; x_wconf 86' lang='lat' dir='ltr'>Codices</span> <span class='ocrx_word' id='word_1_781' title='bbox 2593 5467 2836 5539; x_wconf 82' lang='lat' dir='ltr'>aliquot,</span> <span class='ocrx_word' id='word_1_782' title='bbox 2860 5458 3256 5539; x_wconf 67' lang='grc' dir='ltr'>ἐνδεικνυμένῃ.</span> <span class='ocrx_word' id='word_1_783' title='bbox 3288 5463 3404 5519; x_wconf 83' lang='lat' dir='ltr'>Nec</span> <span class='ocrx_word' id='word_1_784' title='bbox 3435 5461 3520 5518; x_wconf 86' lang='lat' dir='ltr'>ita</span> <span class='ocrx_word' id='word_1_785' title='bbox 3549 5460 3736 5518; x_wconf 90' lang='lat' dir='ltr'>multo</span> 
     </span>
    </p>
   </div>
   <div class='ocr_carea' id='block_1_116' title="bbox 2084 5533 3268 5666">
    <p class='ocr_par' dir='ltr' id='par_1_116' title="bbox 2084 5533 3268 5666">
     <span class='ocr_line' id='line_1_117' title="bbox 2084 5533 3268 5666; baseline -0.006 -70"><span class='ocrx_word' id='word_1_786' title='bbox 2084 5533 2217 5612; x_wconf 80' lang='lat' dir='ltr'>post</span> <span class='ocrx_word' id='word_1_787' title='bbox 2245 5533 2410 5611; x_wconf 79' lang='lat' dir='ltr'>editi,</span> <span class='ocrx_word' id='word_1_788' title='bbox 2443 5540 2471 5593; x_wconf 87' lang='grc' dir='ltr'>ὁ</span> <span class='ocrx_word' id='word_1_789' title='bbox 2503 5533 2779 5666; x_wconf 50' lang='lat' dir='ltr'>augent</span> <span class='ocrx_word' id='word_1_790' title='bbox 2813 5533 2981 5620; x_wconf 61' lang='lat' dir='ltr'>mea,</span> <span class='ocrx_word' id='word_1_791' title='bbox 3013 5537 3049 5604; x_wconf 82' lang='grc' dir='ltr'>ἡ</span> <span class='ocrx_word' id='word_1_792' title='bbox 3078 5533 3268 5622; x_wconf 65' lang='grc' dir='ltr'>ὀσφύς.</span> 
     </span>
     <span class='ocr_line' id='line_1_118' title="bbox 2153 5608 3268 5666; baseline -0.002 0"><span class='ocrx_word' id='word_1_793' title='bbox 2153 5613 2264 5666; x_wconf 67' lang='grc'>(36)</span> <span class='ocrx_word' id='word_1_794' title='bbox 2296 5612 2538 5666; x_wconf 84' lang='lat' dir='ltr'>Antiqui</span> <span class='ocrx_word' id='word_1_795' title='bbox 2612 5626 2686 5665; x_wconf 90' lang='lat' dir='ltr'>uo</span> <span class='ocrx_word' id='word_1_796' title='bbox 2729 5609 2884 5666; x_wconf 76' lang='lat' dir='ltr'>libri.</span> <span class='ocrx_word' id='word_1_797' title='bbox 2915 5612 3035 5666; x_wconf 82' lang='grc' dir='ltr'>τῆς.</span> <span class='ocrx_word' id='word_1_798' title='bbox 3069 5608 3181 5665; x_wconf 82' lang='lat' dir='ltr'>Alii</span> <span class='ocrx_word' id='word_1_799' title='bbox 3218 5612 3268 5664; x_wconf 89' lang='lat' dir='ltr'>tr</span> 
     </span>
    </p>
   </div>
   <div class='ocr_carea' id='block_1_117' title="bbox 2175 5603 3733 5686">
    <p class='ocr_par' dir='ltr' id='par_1_117' title="bbox 2175 5603 3733 5686">
     <span class='ocr_line' id='line_1_119' title="bbox 2175 5603 3733 5686; baseline -0.006 -18"><span class='ocrx_word' id='word_1_800' title='bbox 2175 5614 2264 5686; x_wconf 84' lang='lat'>36)</span> <span class='ocrx_word' id='word_1_801' title='bbox 2296 5603 2538 5684; x_wconf 78' lang='lat' dir='ltr'>Antiqui</span> <span class='ocrx_word' id='word_1_802' title='bbox 2569 5603 2686 5666; x_wconf 89' lang='lat' dir='ltr'>duo</span> <span class='ocrx_word' id='word_1_803' title='bbox 2729 5609 2884 5678; x_wconf 89' lang='lat' dir='ltr'>libri,</span> <span class='ocrx_word' id='word_1_804' title='bbox 2915 5603 3046 5676; x_wconf 76' lang='grc' dir='ltr'>τῆς.</span> <span class='ocrx_word' id='word_1_805' title='bbox 3069 5603 3181 5665; x_wconf 83' lang='lat' dir='ltr'>Alii</span> <span class='ocrx_word' id='word_1_806' title='bbox 3218 5612 3337 5664; x_wconf 89' lang='lat' dir='ltr'>tres</span> <span class='ocrx_word' id='word_1_807' title='bbox 3369 5621 3504 5662; x_wconf 91' lang='lat' dir='ltr'>cum</span> <span class='ocrx_word' id='word_1_808' title='bbox 3535 5603 3733 5674; x_wconf 88' lang='lat' dir='ltr'>editis,</span> 
     </span>
    </p>
   </div>
  </div>
