4150 6374
415 320 534 384 639

1369 321 1768 384 APPENDIX
1809 320 2137 384 OPERUM
2179 321 2245 382 S.
2289 320 2573 384 BASILII
2617 320 2895 383 MAGNI.

3725 331 3846 391 640

427 455 631 510 clamat
663 458 720 510 in
751 471 808 511 se
836 471 1005 526 usque
1055 456 1124 511 ad
1169 455 1356 528 δέρον.
1411 459 1508 512 Est
1539 461 1731 512 autem
1778 457 1956 527 Segor
2011 454 2061 509 is

2193 457 2242 507 Ἠ
2295 451 2487 528 καρδία
2539 458 2638 522 τῆς
2693 447 3044 515 Μωαϐίτιδος
3105 455 3210 528 βοᾷ
3269 455 3322 509 έν
3381 457 3545 531 ἑαυτῇ
3601 457 3846 534 (37)ἓως

427 545 553 616 ipse
584 544 747 600 locus
779 545 851 601 ad
885 562 1057 617 quem
1092 547 1197 601 Lot
1227 563 1257 602 e
1289 547 1560 602 Sodomis
1597 562 1894 619 egressus,
1945 560 2073 616 per-

417 633 613 689 venire
644 635 855 705 potuit.
891 635 1180 690 Volebant
1209 636 1365 692 enim
1401 635 1591 706 angeli
1626 636 1684 690 in
1719 639 1978 690 montem
2010 639 2076 688 ut

416 724 857 790 conscenderet,
889 724 1060 795 eique
1091 724 1364 780 dicebant
1425 742 1439 780 :
1499 725 1726 780 Salvam
1779 726 1868 794 fac
1923 727 2076 777 tuam

415 816 588 885 ipsius
645 817 918 870 animam.
981 817 1061 871 Ne
1115 818 1391 886 respicias
1445 819 1590 870 retro
1649 831 1666 868 :
1717 829 1817 868 nec
1862 821 1970 868 stes
2014 814 2076 866 in

417 905 574 960 omni
599 905 1019 975 czrcumjacente
1049 907 1294 975 regione.
1330 906 1389 960 In
1423 908 1666 959 montem
1693 907 1745 958 te
1778 903 1975 973 recipe,
2006 916 2077 956 ne

415 994 555 1062 forte
581 993 749 1048 simul
777 993 1284 1066 comprehendaris.
1312 994 1414 1049 Ille
1444 1001 1626 1048 autem
1653 993 1800 1047 dixit
1817 995 2072 1060 :Quzso.

419 1083 669 1147 nomine,
697 1098 768 1138 ne
795 1083 1210 1155 apprehendant
1239 1098 1326 1139 me
1356 1083 1474 1140 haec
1503 1083 1686 1150 mala,
1736 1085 1788 1138 et
1834 1081 2073 1137 moriar.

419 1173 550 1228 Ecce
577 1173 773 1228 civitas
802 1173 920 1230 haec
947 1189 1115 1245 prope
1161 1176 1259 1240 est,
1311 1179 1372 1228 ut
1430 1173 1757 1242 confugiam
1805 1187 1901 1240 ego
1949 1171 2072 1225 huc.

419 1261 607 1317 Nonne
631 1277 808 1330 parvo
839 1266 946 1318 est?
968 1265 1029 1318 Et
1058 1264 1198 1318 vivet
1228 1265 1418 1318 anima
1446 1277 1570 1318 mea
1602 1261 1810 1317 “.Eam
1844 1260 1916 1317 ob
1949 1275 2074 1315 rem

419 1355 688 1406 vocatum
720 1355 810 1406 est
838 1368 1050 1406 nomen
1080 1351 1266 1417 urbis,
1300 1351 1478 1422 Segor
1513 1367 1526 1406 :
1565 1351 1672 1406 hoc
1718 1355 1829 1421 est,
1874 1365 2070 1420 parva.

440 1439 664 1496 Clamat
693 1440 875 1512 igitur
901 1458 1000 1496 cor
1029 1440 1368 1495 Moabitidis
1402 1457 1587 1512 usque
1615 1440 1686 1495 ad
1718 1444 1915 1511 Segor,
1950 1455 2075 1510 quae

431 1545 589 1584 nunc
608 1528 666 1583 in
691 1529 998 1584 Palestina
1022 1529 1239 1585 ﬁnibus
1264 1530 1759 1600 jacet.Strenuam
1785 1530 1981 1599 itaque
2011 1544 2077 1582 ac

425 1618 720 1674 efficacem
777 1617 1204 1688 penitentiam,
1264 1619 1382 1674 sive
1439 1634 1672 1692 gravem
1731 1618 1954 1673 luctum
2004 1617 2078 1672 ob

424 1723 668 1764 suorum
702 1707 1144 1764 malefactorum
1179 1707 1414 1781 plagam
1473 1709 1696 1763 editum
1748 1707 1820 1763 ob
1879 1705 2078 1761 oculos

425 1812 650 1868 ponens
679 1796 1002 1869 Scriptura,
1036 1797 1208 1852 nobis
1241 1782 1514 1868 patefacit
1555 1796 1952 1864 intervallum,
2006 1796 2077 1850 ad

423 1886 580 1958 quod
614 1903 802 1957 usque
830 1886 1138 1942 exauditus
1167 1893 1256 1942 est
1288 1885 1620 1942 Moabitidis
1651 1884 1888 1942 clamor.
1923 1887 2072 1942 605

423 1975 635 2031 Invitat
664 1979 862 2031 autem
899 1976 1262 2048 pmnitentia,
1298 1980 1364 2032 ut
1397 1976 1530 2047 quis
1565 1975 1727 2047 prius
1758 1973 1816 2029 in
1849 1991 1910 2029 se
1948 1975 2078 2046 ipso

423 2063 656 2132 clamet,
685 2080 896 2136 corque
943 2081 1120 2120 suum
1173 2069 1476 2133 conterat;
1527 2063 1735 2120 deinde
1789 2063 1965 2119 etiam
2016 2067 2081 2118 ut

428 2153 782 2226 poenitentia!
815 2171 934 2209 sum
963 2154 1207 2210 modum
1239 2153 1600 2211 audiendum
1637 2157 2080 2224 curet,eumque

427 2247 634 2298 notum
663 2243 900 2313 efficiat,
919 2243 990 2298 ad
1021 2244 1243 2299 bonum
1274 2243 1607 2315 exemplum
1640 2241 1771 2298 aliis
1804 2247 2081 2314 praestan-

431 2332 595 2388 dum.
635 2332 816 2387 Vituta
848 2333 999 2388 enim
1023 2334 1188 2388 trima
1216 2336 1314 2399 est,
1350 2332 1455 2388 hoc
1503 2336 1612 2401 est,
1663 2332 1919 2403 perfecta
1967 2334 2079 2401 est,

430 2420 587 2492 quod
619 2421 692 2476 ad
738 2426 968 2476 atatem
1019 2423 1248 2478 attinet.
1299 2421 1444 2477 Nam
1491 2421 1667 2476 trima
1721 2419 1906 2475 vitula
1955 2421 2080 2490 jam

429 2511 1006 2582 generare,jugoque
1037 2511 1252 2566 collum
1283 2510 1630 2567 submittere
1660 2511 2081 2581 potest.ltaque

431 2602 496 2653 ut
525 2598 729 2654 doceat
757 2599 814 2654 id
842 2601 1174 2671 eorum,qui
1209 2600 1463 2656 converti
1500 2599 2079 2671 possunt,pr0prium

426 2703 576 2754 esse,
611 2692 676 2743 ut
707 2687 970 2744 humana
999 2695 1166 2744 astate
1197 2689 1438 2761 perfecti
1474 2689 1591 2744 sint
1622 2695 1681 2744 et
1710 2687 1920 2754 adulti,
1951 2689 2078 2759 pol-

425 2775 704 2848 leantqua
737 2778 985 2845 ratione,
1019 2795 1134 2850 qua
1183 2795 1245 2834 se
1291 2777 1549 2834 veritatis
1589 2779 1736 2849 jugo
1789 2777 2081 2848 subjicere

427 2865 831 2936 possint,dixit
858 2867 1103 2922 vitulam
1134 2867 1507 2934 trimam.Qui
1535 2869 1693 2924 enim
1726 2883 1829 2940 per
1848 2871 2078 2923 etatem

429 2955 689 3011 nondum
752 2961 1054 3012 assecutus
1111 2961 1201 3012 est
1258 2957 1581 3012 humanam
1641 2956 2077 3029 perfectionem,

429 3044 948 3117 necdumpossidet
966 3051 1221 3102 mentem
1241 3047 1683 3118 perfectam,sed
1705 3045 2082 3118 imperfectus

426 3137 518 3189 est
545 3133 618 3190 ob
652 3134 940 3190 minorem
973 3139 1226 3204 aetatem,
1276 3152 1468 3208 neque
1522 3137 1594 3192 ab
1646 3153 1712 3192 eo
1763 3137 2082 3209 exiguntur

2187 541 2410 617 Σηγώρ.
2441 543 2588 596 ’Ἐστι
2622 539 2680 596 δὶ
2709 543 2743 611 ἡ
2797 544 2995 617 Σηγὼρ
3037 541 3195 613 αὕτη,
3232 542 3357 608 ἔνθα
3408 545 3529 602 Λὼτ
3573 547 3680 602 ἀπὸ
3741 555 3842 604 Σο-

2186 629 2372 704 δόμων
2407 631 2660 702 έξελθὼν,
2697 632 2891 706 φθάσαι
2925 629 3229 700 δεδύνηται.
3264 633 3332 691 O't
3384 634 3478 706 μὶν
3523 637 3626 710 γὰρ
3687 634 3848 712 ἄγγε-

2186 719 2274 776 λοι
2303 716 2596 776 ἐϐούλοντο
2629 719 2708 783 εἷς
2739 724 2801 776 τὸ
2833 718 2962 796 ὅρος
2993 717 3323 792 ἀναϐαίνειν,
3354 724 3444 778 καὶ
3479 727 3630 780 εἷπον
3673 727 3841 800 αὐτῷ’

2189 815 2339 880 Σῶζε
2384 812 2483 879 τὴν
2564 811 2759 866 ἑαυτοῦ
2835 814 3045 887 ψυχήν.
3096 813 3187 880 Μὴ
3252 808 3588 889 περιϐλὲψῃς
3647 815 3725 880 είς
3780 819 3845 872 τὰ

2187 900 2386 968 ὀπίσω,
2441 898 2582 973 μηδὲ
2637 899 2763 976 στῇς
2821 899 2870 954 έν
2929 900 3072 976 πάσῃ
3127 905 3196 976 τῇ
3255 905 3580 980 περιχώρῳ.
3635 905 3729 967 Ei:
3781 907 3846 961 τὸ

2187 985 2313 1066 ὅρος
2370 990 2570 1060 σώζου,
2632 993 2848 1064 μήποτε
2904 988 3410 1070 συμπαραληφθῇς.
3470 994 3532 1051 Ὁ
3589 991 3647 1049 δὶ
3705 995 3839 1050 εἶπεν

2187 1077 2412 1154 Δέομαι,
2446 1079 2627 1154 Κύριε,
2665 1081 2740 1154 μὴ
2790 1075 3074 1155 καταλάϐῃ
3135 1102 3202 1153 με
3255 1084 3324 1137 τὰ
3378 1083 3536 1155 κακὰ,
3568 1083 3658 1139 καὶ
3715 1084 3845 1140 ἀπο-

2185 1169 2345 1228 θάνω.
2403 1167 2545 1226 Ἰδοὺ
2629 1172 2664 1239 ἡ
2755 1167 2920 1235 πόλις
2985 1168 3120 1242 αὕτη
3196 1169 3369 1246 ἐγγὺς,
3443 1177 3542 1228 τοῦ
3615 1194 3841 1254 καταφυ-

2184 1264 2295 1334 γεῖν
2353 1279 2418 1332 με
2468 1260 2583 1333 (38)
2634 1256 2765 1317 ἐκεῖ.
2827 1259 2900 1316 Οὐ
2963 1259 3131 1335 μικρά
3187 1260 3474 1332 έστιςΚαὶ
3536 1264 3754 1334 ζήσεται
3809 1267 3842 1334 ἡ

2186 1349 2340 1424 ψυχή
2374 1369 2499 1420 μου.
2536 1348 2634 1402 Διά
2661 1351 2825 1404 τοῦτο
2873 1346 3082 1420 ἐκλήθη
3113 1349 3178 1404 τὸ
3227 1345 3400 1423 ὄνομα
3449 1357 3551 1421 τῆς
3604 1351 3842 1420 πόλεως,

2191 1439 2411 1514 Σηγώρο
2443 1436 2710 1510 τουτέστι,
2745 1438 2932 1511 μικρά.
2961 1440 3075 1510 Βοᾷ
3107 1437 3198 1494 οὖν
3229 1441 3264 1508 ἠ
3295 1436 3490 1515 καρδία
3535 1447 3634 1509 τῆς
3687 1448 3842 1497 Μωα-

2189 1521 2396 1590 ϐίτιδος
2440 1524 2544 1590 ἕως
2581 1528 2810 1604 Σηγὼρ,
2844 1527 2966 1596 ἥτις
3018 1527 3108 1582 ἐπὶ
3160 1531 3270 1601 (39)
3326 1535 3444 1592 τοῖς
3503 1529 3674 1605 ὁριοις
3731 1528 3838 1601 ἤδη

2186 1623 2359 1672 κεῖται
2407 1623 2510 1687 τῆς
2565 1615 2961 1687 Παλαιστίνης.
2995 1619 3101 1686 Τὴν
3155 1615 3248 1673 οὖν
3299 1617 3528 1695 ἰσχυρὰν
3573 1621 3660 1676 καὶ
3696 1618 3845 1674 eiim-

2187 1727 2278 1760 νον
2347 1706 2654 1779 μετάνοιαν,
2689 1705 2723 1775 ἢ
2777 1707 2871 1761 τὸν
2927 1705 3095 1782 βαρὺν
3153 1709 3372 1780 Θρῆνον,
3417 1709 3509 1762 τόν
3585 1709 3691 1764 ἀπὸ
3745 1717 3846 1778 τῆς

2188 1795 2412 1871 πληγῆς
2470 1801 2576 1850 τῶν
2637 1800 2819 1858 κακῶς
2877 1795 3011 1868 αὐτῇ
3063 1795 3475 1874 πεπραγμένων,
3507 1795 3848 1872 ἐνδεικνύμε-

2188 1906 2281 1946 νος
2313 1886 2340 1940 6
2369 1883 2559 1960 λόγος,
2592 1885 2654 1940 τὸ
2689 1882 2967 1958 διάστημα
2995 1888 3131 1958 ἡμῖν
3195 1887 3496 1964 ὑποφαίνει,
3541 1886 3708 1963 μέχρι
3758 1888 3843 1942 τί-

2188 1995 2280 2038 νος
2309 1973 2545 2044 ἀκουστὴ
2577 1974 2778 2051 γίνεται
2810 1977 2844 2044 ἡ
2880 1975 2983 2050 βοὴ
3023 1979 3122 2040 τῆς
3175 1971 3353 2033 Μωάϐ
3401 1979 3537 2051 (40).
3571 1975 3742 2032 Καλεῖ
3784 1974 3841 2032 δὶ

2189 2065 2224 2132 ἡ
2290 2063 2567 2134 μετάνοια,
2622 2064 2686 2118 τὸ
2739 2064 3006 2139 πρότερον
3064 2061 3116 2118 ἐν
3178 2065 3351 2136 ἑαυτῷ
3421 2087 3544 2120 τινα
3620 2067 3837 2142 βοῆσαι,

2188 2151 2279 2206 καὶ
2311 2153 2503 2207 ἑαυτοῦ
2531 2155 2815 2229 συντρῖψαι
2874 2154 2973 2221 τὴν
3031 2151 3278 2229 καρδίαψ
3314 2149 3500 2212 ἔπειτα
3555 2156 3645 2210 καὶ
3709 2156 3842 2231 ὑπὲρ

2187 2245 2286 2296 τοῦ
2343 2239 2539 2304 ἄλλοις
2597 2242 2792 2316 ἀγαθὸν
2850 2241 3094 2316 γενέσθαι
3150 2240 3480 2320 ὑπόδειγμα,
3523 2245 3842 2318 ἐξάκουστον

2190 2331 2380 2386 ἑαυτοῦ
2437 2329 2851 2401 κατασκευάσαι,
2907 2332 2998 2386 καὶ
3057 2329 3416 2404 δημοσιεῦσαι
3483 2335 3574 2390 τὸν
3640 2335 3844 2411 τρόπον

2187 2426 2288 2490 τῆς
2337 2420 2640 2492 μετανοίας.
2677 2419 2923 2494 Δάμαλις
2978 2421 3080 2498 γὰρ
3138 2425 3358 2497 τριετής
3413 2424 3547 2496 ἔστι,
3577 2425 3845 2497 τουτέστι,

2187 2507 2374 2564 τελεία
2429 2509 2541 2564 ἐστὶ
2599 2511 2716 2565 καθ’
2775 2508 3023 2580 ἡλικίαν.
3057 2512 3118 2567 Ἢ
3176 2511 3282 2588 γὰρ
3337 2514 3558 2588 τριετής
3611 2510 3847 2588 δάμαλις

2188 2595 2299 2669 ἤδη
2332 2602 2431 2653 τοῦ
2483 2603 2670 2676 γεννᾷν
2723 2597 2950 2674 δύναμιν
2998 2596 3138 2676 ἔχει,
3187 2603 3276 2657 καὶ
3321 2607 3418 2657 τοῦ
3475 2603 3696 2680 ὑπέχειν
3753 2603 3844 2658 τὸν

2189 2687 2474 2764 τράχηλον
2505 2689 2586 2761 τῷ
2618 2693 2780 2765 ζυγῷ.
2813 2692 2928 2746 Ἵνα
2959 2689 3050 2745 οὖν
3084 2688 3229 2765 δείξῃ
3264 2687 3401 2746 ἴδιον
3440 2695 3548 2766 (41)
3595 2697 3706 2748 τῶν
3751 2689 3846 2747 δυ-

2188 2778 2430 2850 ναμένων
2480 2779 2820 2856 ἐπιστρέφειν
2862 2779 2926 2834 τὸ
2971 2779 3354 2844 τετελειῶσθαι
3407 2782 3504 2854 μὶν
3552 2782 3687 2836 κατὰ
3741 2783 3841 2850 τὴν

2188 2870 2285 2921 τοῦ
2316 2865 2606 2941 ἀνθρώπου
2639 2863 2887 2936 ἡλὶκίαν,
2919 2865 3066 2942 ἐχειν
3100 2865 3156 2922 δὶ
3184 2869 3274 2922 τὸν
3324 2866 3512 2943 λόγον,
3547 2865 3840 2942 δυνάμενον

2191 2951 2503 3011 ὑποϐαίνειν
2557 2961 2638 3028 τῷ
2697 2960 2845 3031 ζυγῷ
2888 2963 2990 3025 τῆς
3044 2954 3322 3028 ἀληθείας,
3358 2954 3544 3032 εἷ’ρηκε
3602 2955 3838 3031 δάμαλιν

2186 3051 2397 3121 τριετῆ.
2430 3045 2490 3103 Ὁ
2525 3045 2626 3121 γὰρ
2661 3047 2831 3118 μήπω
2863 3043 2953 3100 διὰ
2979 3053 3078 3116 τῆς
3105 3044 3325 3115 ἡλικίας
3352 3047 3414 3102 τὸ
3446 3047 3499 3102 ὲν
3532 3047 3842 3123 ἀνθρώποις

2186 3134 2397 3192 τέλειον
2431 3134 2708 3211 ἐσχηκὼς,
2747 3131 2888 3208 μηδὲ
2916 3135 3006 3190 τὸν
3038 3139 3163 3190 νοῦν
3211 3135 3615 3210 ἀπηρτισμένον
3675 3131 3844 3211 ἔχων,

425 3223 782 3294 poenitentia
798 3240 992 3296 opera.
1028 3225 1393 3298 Quapropter
1409 3229 1466 3282 et
1481 3225 1539 3281 in
1556 3225 1766 3284 Genesi
1785 3208 2080 3282 Abraham

2193 3224 2319 3282 ἀλλ’
2353 3208 2550 3298 ἀτελής
2587 3224 2697 3282 ἐστι
2731 3222 2822 3280 διὰ
2852 3226 3214 3301 σμικρότητα,
3248 3208 3374 3281 οὐδὲ
3421 3208 3742 3281 ἀπαιτεῖται-
3781 3226 3850 3280 τὰ

425 3327 460 3367 a
507 3311 622 3366 Deo
672 3311 908 3382 signum
960 3314 1313 3386 requirente,
1365 3319 1423 3370 et
1449 3315 1675 3371 dicente
1707 3331 1720 3370 :
1755 3317 2084 3372 Dominator

423 3403 672 3471 Domine,
703 3402 970 3472 quomodo
999 3406 1171 3460 sciam
1201 3422 1287 3461 me
1337 3405 1709 3462 hereditatem
1759 3416 1922 3464 terra
1967 3422 2085 3462 esse

425 3495 826 3562 accepturum?
880 3492 1034 3548 Deus
1091 3493 1238 3549 dixit
1285 3512 1298 3550 :
1345 3496 1545 3564 Accipe
1599 3495 1746 3550 mihi
1787 3496 2085 3566 juveneam

429 3582 656 3637 trimam
711 3589 762 3636 et
819 3583 1046 3638 arietem
1105 3587 1336 3639 trimum
1387 3585 1431 3620 1‘
1487 3601 1501 3640 :
1549 3584 1768 3656 quippe
1799 3585 1856 3638 in
1891 3584 2083 3640 tribus

427 3669 600 3728 annis
661 3671 1072 3742 perfectionem
1122 3673 1519 3729 constituebat
1573 3672 1967 3743 animalium,
2027 3676 2085 3728 et

427 3760 701 3816 idoneam
733 3763 1052 3832 generandi
1081 3761 1416 3818 facultatem
1449 3762 1835 3835 eligebat.Sed
1869 3761 2084 3818 turturi

427 3853 486 3906 et
509 3848 796 3907 columbae
819 3851 1046 3907 nullum
1066 3851 1422 3924 praescripsit
1445 3852 1726 3924 temporis
1747 3851 2080 3924 spatium“,

427 3939 586 4011 quod
618 3938 744 3996 hac
775 3939 1054 3997 animalia
1082 3957 1361 4013 generare
1392 3941 1592 3997 statim
1625 3941 1930 4014 incipiant.

501 4119 724 4176 298.113
773 4135 1005 4176 ascensu
1063 4127 1254 4177 autem
1308 4120 1480 4177 Luith
1531 4121 1719 4195 ﬂentes
1773 4122 2082 4179 ascendent.

434 4207 632 4266 Fletus
663 4209 855 4266 bonus
884 4209 1120 4266 initium
1153 4215 1244 4267 est
1275 4209 1521 4280 laetitias;
1555 4215 1613 4267 et
1640 4212 1904 4281 tristitia,
1957 4229 2086 4285 qua

431 4299 762 4356 secundum
800 4301 980 4356 Deum
1014 4303 1126 4368 est;
1159 4299 1395 4356 initium
1427 4305 1518 4356 est
1546 4318 1848 4374 ascensus,
1873 4307 1930 4359 et
1957 4305 2087 4375 ejus

430 4388 534 4459 qui
566 4388 638 4444 ad
671 4405 928 4461 superna
958 4389 1024 4444 fit
1055 4391 1821 4462 progressus.0uamobrem
1853 4396 1910 4447 et
1939 4397 2090 4463 Apo-

429 4476 619 4533 stolus
645 4477 880 4534 laetatur
911 4495 1090 4536 causa
1116 4479 1445 4552 eorum,qui
1471 4480 1704 4536 fuerant
1734 4481 2084 4548 contristati,

2193 3313 2323 3390 ἔργα
2372 3323 2473 3385 τῆς
2558 3314 2860 3389 μετανοίας.
2913 3316 3008 3371 Διὸ
3082 3315 3173 3371 καὶ
3255 3314 3307 3370 έν
3359 3319 3428 3389 τῇ
3497 3316 3701 3370 Γενέσει
3753 3317 3851 3370 τοῦ

2194 3399 2445 3479 ’Λϐραὰμ
2479 3407 2769 3473 ζητοῢντος
2803 3409 3034 3476 σημεῖον
3079 3405 3225 3480 παρὰ
3269 3409 3367 3458 τοῦ
3415 3409 3570 3470 Θεοῦ,
3619 3405 3706 3458 καὶ
3759 3402 3852 3458 λέ-

2191 3511 2420 3568 γοντος·
2483 3492 2726 3546 Δέσποτα
2809 3491 2992 3565 Κύριε,
3062 3491 3199 3546 κατὰ
3271 3493 3326 3546 τί
3397 3494 3706 3568 γνώσομαι,
3765 3491 3849 3548 ὅτι

2190 3579 2606 3655 κληρονομήσω
2661 3581 2763 3649 τήν
2820 3587 2962 3654 γῆν,
3018 3581 3161 3636 εἶπεν
3226 3581 3340 3654 (42)
3398 3582 3425 3635 6
3484 3581 3650 3642 Θεός·
3711 3575 3851 3638 Λάϐε

2197 3691 2289 3744 μοι
2347 3666 2582 3742 δάμαλιν
2655 3667 3024 3744 τριετίζουσαν
3095 3669 3184 3724 καὶ
3251 3670 3403 3745 κριὸν
3459 3669 3848 3744 τριετίζοντα⁶

2192 3759 2244 3816 ἐν
2266 3763 2384 3823 τοῖς
2412 3757 2585 3834 τρισὶν
2615 3756 2750 3813 ἔτεσι
2781 3759 2844 3814 τὸ
2872 3756 3084 3814 τέλειον
3121 3763 3228 3813 τῶν
3264 3759 3415 3828 ζώων
3447 3760 3534 3813 καὶ
3592 3760 3653 3814 τὸ
3709 3761 3850 3835 πρὸς

2191 3848 2440 3925 γέννησιν
2511 3845 2820 3919 έπιτήδειον
2902 3845 3288 3924 έκλεγόμενος.
3347 3849 3596 3924 Τρυγόνα
3653 3846 3710 3904 δὲ
3755 3849 3847 3904 καὶ

2193 3937 2511 4016 περιστερὰν
2568 3938 2758 4014 χρόνῳ
2815 3939 2881 3994 οὗ
2912 3938 3278 4015 περιέγραψε,
3313 3935 3402 3992 διὰ
3451 3938 3513 3993 τὸ
3567 3937 3727 4002 εὐθὺς
3780 3938 3850 3994 τὰ

2197 4033 2310 4100 ζῶα
2338 4032 2505 4084 ταῦτα
2528 4034 2630 4098 τῆς
2657 4029 2963 4103 γεννήσεως
2993 4025 3275 4103 ἄρχεσθαι.

2263 4121 2390 4176 298.
2439 4117 2561 4174 Ἐπὶ
2621 4114 2678 4173 δὶ
2729 4125 2833 4188 τῆς
2889 4114 3197 4179 ἀναϐάσεως
3250 4123 3350 4186 τῆς
3407 4117 3574 4181 Λουῒθ
3633 4115 3854 4173 κλαίον-

2193 4230 2282 4274 τες
2333 4202 2722 4280 ἀναϐήσονται.
2759 4208 2938 4283 Ἀρχή
2993 4206 3330 4286 εὐφροσύνης
3375 4205 3485 4262 ἐστὶ
3525 4208 3589 4263 τὸ
3640 4206 3852 4264 κλαίειν

2194 4298 2402 4367 καλῶς,
2458 4297 2549 4353 καὶ
2607 4290 2919 4358 ἀναϐάσεως
2985 4295 3075 4351 καὶ
3135 4302 3425 4370 προκοπῆς
3496 4303 3596 4366 τῆς
3645 4295 3730 4352 ἐπὶ
3787 4299 3857 4353 τὰ

2197 4391 2393 4458 ἄνω,ἡ
2424 4387 2561 4444 κατὰ
2619 4388 2747 4442 Θεὸν
2804 4387 3064 4460 γινομένη
3123 4383 3296 4456 λύπη.
3332 4385 3423 4440 Διὸ
3479 4386 3570 4441 καὶ
3624 4387 3651 4442 6
3686 4386 3850 4443 Ἀπό-

2198 4476 2394 4540 στολος
2449 4475 2788 4554 εὐφραίνεται
2821 4477 2933 4550 (43)
2966 4474 3072 4530 ἀπὸ
3127 4479 3236 4530 τῶν
3293 4472 3679 4550 λυπουμένων,
3709 4476 3850 4549 δρῶν

429 4583 566 4622 cum
598 4566 818 4623 videret
847 4585 946 4624 eos
975 4568 1100 4626 suis
1132 4569 1320 4640 ipsius
1351 4570 1726 4626 sermonibus
1748 4571 1820 4626 ad
1843 4587 2080 4626 suorum

2201 4567 2276 4628 είς
2323 4565 2666 4637 συναίσθησιν
2742 4563 2971 4634 ἄγοντας
3037 4563 3168 4626 τοὺς
3231 4564 3424 4619 ἑαυτοῦ
3485 4564 3704 4640 λόγους,
3760 4564 3850 4619 καὶ

427 4655 777 4712 delictorum
810 4658 1231 4715 conscientiam
1267 4659 1450 4716 fuisse
1479 4659 1854 4730 adductos,et
1870 4659 1942 4716 ad
1959 4676 2090 4716 eam

429 4761 556 4821 quae
573 4746 900 4804 secundum
918 4748 1097 4804 Deum
1114 4752 1203 4805 est
1219 4747 1522 4806 tristitiam
1540 4747 1812 4805 inductos
1826 4748 2094 4816 1°,videli—

2201 4655 2655 4732 ένεργαζομένους
2689 4654 2873 4716 αὐτοῖς
2924 4655 3023 4722 τήν
3083 4653 3221 4709 κατᾶ
3249 4656 3382 4710 Θεὸν
3441 4652 3620 4726 λύπην
3685 4655 3854 4728 μετά-

2201 4767 2352 4803 νοιαν
2387 4744 2463 4808 είς
2522 4744 2796 4818 σωτηρίαν
2841 4740 3286 4819 ἀμεταμέλητον.
3319 4744 3382 4799 Ol
3431 4745 3535 4822 γὰρ
3575 4743 3853 4805 κλαίοντες

503 4963 548 5002 1³
579 4963 720 5021 Gen.
751 4979 867 5032 xIx,
898 4962 1090 5020 47-20.
1170 4965 1216 5002 ¹⁴
1249 4964 1392 5021 Gen.
1423 4981 1517 5034 xv,
1548 4965 1603 5032 8,
1629 4964 1684 5020 9.
1763 4964 1806 5000 ¹⁵
1835 4964 1980 5022 ibid.
2012 4965 2067 5021 9.
2146 4964 2190 5004 ι⁶
2220 4965 2270 5021 ΙΙ
2300 4963 2432 5020 Cor.
2467 4976 2564 5031 vn,
2594 4961 2648 5017 9.

500 5162 832 5237 (37)_Co_dex
880 5181 1035 5237 unus
1080 5181 1222 5237 cum
1273 5163 1468 5232 editis,
1500 5159 1551 5237 ἑν
1605 5161 2088 5237 a61ﬁ.Aliiq_ua-

426 5231 664 5308 tuOrJv
693 5231 1097 5308 itaptﬁ._llaud
1143 5235 1316 5308 longe
1363 5231 1551 5292 nostri
1599 5231 1770 5304 ωδε..
1801 5234 1890 5290 καὶ
1942 5231 2090 5290 εἶπον

431 5303 597 5376 αὐτῷ.
627 5307 801 5374 Editi,
825 5303 916 5360 καὶ
950 5307 1124 5364 εἶπαν.

505 5378 618 5450 (38)
651 5379 734 5432 Ita
765 5384 1009 5450 uterque
1039 5379 1295 5436 Combef.
1329 5382 1386 5435 et
1415 5377 1512 5433 alii
1542 5383 1664 5434 tres
1695 5379 1943 5436 codices.
1965 5378 2090 5434 Vox

437 5449 519 5522 με
569 5449 652 5522 in_
679 5450 860 5522 editis
919 5449 1306 5511 desideratur.
1377 5451 1526 5507 Nota
1593 5451 2086 5522 interrogationis,

435 5520 590 5593 apud
631 5520 769 5578 LXX
820 5526 1078 5595 ponitur,
1128 5527 1239 5582 hoc
1291 5523 1465 5579 modo
1517 5539 1532 5578 :
1587 5520 1664 5595 Οὐ
1723 5520 1890 5595 μικρά
1940 5520 2085 5595 ten;

431 5593 972 5667 Nonneparva'est?
999 5599 1108 5655 Sed
1157 5613 1264 5654 nec
1311 5596 1557 5667 Ducaeus
1605 5593 1665 5650 in
1714 5593 1911 5667 Regiis
1961 5594 2086 5652 suis

433 5665 758 5736 codicibus,
779 5684 898 5725 nec
929 5686 1036 5726 nos
1085 5670 1145 5726 in
1195 5667 1414 5724 nostris
1444 5665 1626 5724 talem
1675 5665 1873 5724 notam
1923 5667 2088 5726 inve-

2199 5177 2420 5217 nimus.

2269 5233 2382 5306 (39)
2413 5231 2653 5306 Codices
2685 5230 2924 5306 aliquot,
2956 5227 3030 5306 l_v_.

2294 5291 2383 5373 403
2414 5304 2604 5360 Codex
2636 5291 2813 5370 unus,
2841 5291 2940 5373 τῆς
2973 5291 3340 5373 Μωαϐίτιδος.

2294 5305 2362 5358 40
2414 5304 2604 5360 Codex
2636 5303 2813 5370 unus,
2841 5311 2940 5373 τῆς
2973 5303 3340 5358 Μωαῦίτιδος.

2232 5303 2383 5459 ..(41ί
2412 5377 2586 5450 Editi,
2619 5375 2703 5432 ὅτι
2734 5373 2896 5432 tam.
2929 5377 3053 5430 Vox
3099 5367 3182 5425 ὅτι
3233 5371 3292 5426 in
3342 5385 3484 5427 mss.
3518 5388 3633 5428 non
3684 5386 3850 5443 repe-

2198 5451 2382 5591 ῃιδέ)
2411 5518 2650 5578 Veteres
2682 5522 2933 5591 quatuor
2961 5513 3120 5584 libri,
3147 5510 3290 5569 εἶπεν
3326 5508 3404 5591 δί.

2293 5520 2361 5574 42
2411 5520 2650 5578 Veteres
2682 5522 2933 5591 quatuor
2961 5520 3120 5584 libri,
3147 5520 3290 5569 εἶπεν
3326 5520 3404 5569 δᾶ.

2269 5520 2382 5664 (43Ξ
2415 5592 2588 5662 Editi,
2635 5590 2984 5669 ηὐφραίνετο.
3013 5592 3092 5646 At
3139 5603 3281 5646 mss.
3317 5587 3602 5660 quinque,
3632 5583 3851 5665 εὐφραί-

2197 5682 2362 5720 νεται.

2366 5233 2383 5448 ξ

3785 5795 3820 5814 ’δ
