  <div class='ocr_page' id='page_1' title='image "/cluster/home/n/w/nwhite01/storage/ocr_20150623/30:no.2/coo.31924054873116/334.png"; bbox 0 0 4150 6364; ppageno 0'>
   <div class='ocr_carea' id='block_1_1' title="bbox 292 371 3704 448">
    <p class='ocr_par' dir='ltr' id='par_1_1' title="bbox 292 371 3704 448">
     <span class='ocr_line' id='line_1_1' title="bbox 292 371 3704 448; baseline -0.004 -1"><span class='ocrx_word' id='word_1_1' title='bbox 292 388 401 448; x_wconf 76' lang='lat' dir='ltr'><strong>6H</strong></span> <span class='ocrx_word' id='word_1_2' title='bbox 1093 375 1500 439; x_wconf 80' lang='lat' dir='ltr'>GOMMENT.</span> <span class='ocrx_word' id='word_1_3' title='bbox 1546 375 1628 436; x_wconf 87' lang='lat' dir='ltr'>IN</span> <span class='ocrx_word' id='word_1_4' title='bbox 1671 374 1942 436; x_wconf 80' lang='lat' dir='ltr'>lSAIAM</span> <span class='ocrx_word' id='word_1_5' title='bbox 1986 375 2496 437; x_wconf 78' lang='lat' dir='ltr'>PROPHETAM.</span> <span class='ocrx_word' id='word_1_6' title='bbox 2544 375 2717 437; x_wconf 84' lang='lat' dir='ltr'>CAP.</span> <span class='ocrx_word' id='word_1_7' title='bbox 2759 376 2891 437; x_wconf 89' lang='lat' dir='ltr'>XV.</span> <span class='ocrx_word' id='word_1_8' title='bbox 3585 371 3704 432; x_wconf 71' lang='lat'>642</span> 
     </span>
    </p>
   </div>
   <div class='ocr_carea' id='block_1_2' title="bbox 291 504 1974 589">
    <p class='ocr_par' dir='ltr' id='par_1_2' title="bbox 291 505 1948 589">
     <span class='ocr_line' id='line_1_2' title="bbox 291 505 1948 589; baseline -0.006 -16"><span class='ocrx_word' id='word_1_9' title='bbox 291 518 378 574; x_wconf 81' lang='grc' dir='ltr'>έπὶ</span> <span class='ocrx_word' id='word_1_10' title='bbox 408 521 525 578; x_wconf 89' lang='grc' dir='ltr'>τοῖς</span> <span class='ocrx_word' id='word_1_11' title='bbox 557 519 746 576; x_wconf 79' lang='grc' dir='ltr'>κακοῖς</span> <span class='ocrx_word' id='word_1_12' title='bbox 798 507 1002 589; x_wconf 76' lang='grc' dir='ltr'>ἔργοις,</span> <span class='ocrx_word' id='word_1_13' title='bbox 1057 511 1146 566; x_wconf 84' lang='grc' dir='ltr'>καὶ</span> <span class='ocrx_word' id='word_1_14' title='bbox 1207 511 1325 571; x_wconf 88' lang='grc' dir='ltr'>ταῖς</span> <span class='ocrx_word' id='word_1_15' title='bbox 1385 511 1576 572; x_wconf 80' lang='grc' dir='ltr'>κακαῖς</span> <span class='ocrx_word' id='word_1_16' title='bbox 1605 505 1780 562; x_wconf 78' lang='grc' dir='ltr'>αὐτῶν</span> <span class='ocrx_word' id='word_1_17' title='bbox 1837 507 1948 580; x_wconf 84' lang='grc'>(44)</span> 
     </span>
    </p>
   </div>
   <div class='ocr_carea' id='block_1_3' title="bbox 2090 504 3702 589">
    <p class='ocr_par' dir='ltr' id='par_1_3' title="bbox 2090 504 3702 581">
     <span class='ocr_line' id='line_1_3' title="bbox 2090 504 3702 581; baseline -0.002 -16"><span class='ocrx_word' id='word_1_18' title='bbox 2090 513 2152 565; x_wconf 87' lang='lat' dir='ltr'>et</span> <span class='ocrx_word' id='word_1_19' title='bbox 2183 510 2253 565; x_wconf 90' lang='lat' dir='ltr'>ad</span> <span class='ocrx_word' id='word_1_20' title='bbox 2288 507 2689 581; x_wconf 76' lang='lat' dir='ltr'>paenitentiam</span> <span class='ocrx_word' id='word_1_21' title='bbox 2722 509 2793 563; x_wconf 91' lang='lat' dir='ltr'>ad</span> <span class='ocrx_word' id='word_1_22' title='bbox 2826 505 3072 564; x_wconf 80' lang='lat' dir='ltr'>salutem</span> <span class='ocrx_word' id='word_1_23' title='bbox 3097 507 3251 563; x_wconf 83' lang='lat' dir='ltr'>haud</span> <span class='ocrx_word' id='word_1_24' title='bbox 3287 504 3702 578; x_wconf 79' lang='lat' dir='ltr'>paenitendam.</span> 
     </span>
    </p>
   </div>
   <div class='ocr_carea' id='block_1_4' title="bbox 292 593 1974 675">
    <p class='ocr_par' dir='ltr' id='par_1_4' title="bbox 292 593 1946 675">
     <span class='ocr_line' id='line_1_4' title="bbox 292 593 1946 675; baseline -0.007 -13"><span class='ocrx_word' id='word_1_25' title='bbox 292 605 577 675; x_wconf 77' lang='grc' dir='ltr'>διανοίαις,</span> <span class='ocrx_word' id='word_1_26' title='bbox 628 603 807 659; x_wconf 78' lang='grc' dir='ltr'>οὐκέτι</span> <span class='ocrx_word' id='word_1_27' title='bbox 843 601 938 675; x_wconf 76' lang='grc' dir='ltr'>μ’ὲν</span> <span class='ocrx_word' id='word_1_28' title='bbox 985 594 1411 670; x_wconf 89' lang='grc' dir='ltr'>καταϐήσονται,</span> <span class='ocrx_word' id='word_1_29' title='bbox 1450 593 1578 652; x_wconf 75' lang='grc' dir='ltr'>ούδὶ</span> <span class='ocrx_word' id='word_1_30' title='bbox 1606 595 1946 653; x_wconf 73' lang='grc' dir='ltr'>εἶσελεόσον-</span> 
     </span>
    </p>
   </div>
   <div class='ocr_carea' id='block_1_5' title="bbox 2090 593 3708 675">
    <p class='ocr_par' dir='ltr' id='par_1_5' title="bbox 2090 596 3708 671">
     <span class='ocr_line' id='line_1_5' title="bbox 2090 596 3708 671; baseline -0.001 -18"><span class='ocrx_word' id='word_1_31' title='bbox 2090 599 2200 656; x_wconf 88' lang='lat' dir='ltr'>lam</span> <span class='ocrx_word' id='word_1_32' title='bbox 2235 599 2335 671; x_wconf 88' lang='lat' dir='ltr'>qui</span> <span class='ocrx_word' id='word_1_33' title='bbox 2383 599 2586 670; x_wconf 82' lang='lat' dir='ltr'>lugent</span> <span class='ocrx_word' id='word_1_34' title='bbox 2616 599 2689 654; x_wconf 89' lang='lat' dir='ltr'>ob</span> <span class='ocrx_word' id='word_1_35' title='bbox 2739 615 2914 669; x_wconf 68' lang='lat' dir='ltr'>prava</span> <span class='ocrx_word' id='word_1_36' title='bbox 2961 614 3155 670; x_wconf 85' lang='lat' dir='ltr'>opera,</span> <span class='ocrx_word' id='word_1_37' title='bbox 3189 601 3246 654; x_wconf 91' lang='lat' dir='ltr'>et</span> <span class='ocrx_word' id='word_1_38' title='bbox 3287 596 3360 652; x_wconf 91' lang='lat' dir='ltr'>ob</span> <span class='ocrx_word' id='word_1_39' title='bbox 3406 612 3708 667; x_wconf 81' lang='lat' dir='ltr'>perversae</span> 
     </span>
    </p>
   </div>
   <div class='ocr_carea' id='block_1_6' title="bbox 291 681 1974 765">
    <p class='ocr_par' dir='ltr' id='par_1_6' title="bbox 291 681 1946 765">
     <span class='ocr_line' id='line_1_6' title="bbox 291 681 1946 765; baseline -0.007 -14"><span class='ocrx_word' id='word_1_40' title='bbox 291 718 377 752; x_wconf 92' lang='grc' dir='ltr'>ται</span> <span class='ocrx_word' id='word_1_41' title='bbox 407 696 481 758; x_wconf 78' lang='grc' dir='ltr'>εἰς</span> <span class='ocrx_word' id='word_1_42' title='bbox 529 695 596 749; x_wconf 67' lang='grc' dir='ltr'>τὰ</span> <span class='ocrx_word' id='word_1_43' title='bbox 641 694 927 748; x_wconf 83' lang='grc' dir='ltr'>κατώτατα</span> <span class='ocrx_word' id='word_1_44' title='bbox 969 697 1073 760; x_wconf 83' lang='grc' dir='ltr'>τῆς</span> <span class='ocrx_word' id='word_1_45' title='bbox 1111 695 1230 765; x_wconf 81' lang='grc' dir='ltr'>γῆς’</span> <span class='ocrx_word' id='word_1_46' title='bbox 1279 681 1642 758; x_wconf 80' lang='grc' dir='ltr'>ἀναϐήσονται</span> <span class='ocrx_word' id='word_1_47' title='bbox 1693 685 1749 741; x_wconf 78' lang='grc' dir='ltr'>δὶ</span> <span class='ocrx_word' id='word_1_48' title='bbox 1781 685 1946 742; x_wconf 73' lang='grc' dir='ltr'>οἱονεὶ</span> 
     </span>
    </p>
   </div>
   <div class='ocr_carea' id='block_1_7' title="bbox 2090 681 3708 765">
    <p class='ocr_par' dir='ltr' id='par_1_7' title="bbox 2092 686 3708 761">
     <span class='ocr_line' id='line_1_7' title="bbox 2092 686 3708 761; baseline -0.002 -17"><span class='ocrx_word' id='word_1_49' title='bbox 2092 705 2196 744; x_wconf 91' lang='lat' dir='ltr'>uas</span> <span class='ocrx_word' id='word_1_50' title='bbox 2228 688 2633 761; x_wconf 80' lang='lat' dir='ltr'>cogitationes,</span> <span class='ocrx_word' id='word_1_51' title='bbox 2667 705 2781 743; x_wconf 92' lang='lat' dir='ltr'>non</span> <span class='ocrx_word' id='word_1_52' title='bbox 2827 686 3082 758; x_wconf 84' lang='lat' dir='ltr'>amplius</span> <span class='ocrx_word' id='word_1_53' title='bbox 3110 686 3484 753; x_wconf 88' lang='lat' dir='ltr'>descendent,</span> <span class='ocrx_word' id='word_1_54' title='bbox 3518 702 3708 758; x_wconf 89' lang='lat' dir='ltr'>neque</span> 
     </span>
    </p>
   </div>
   <div class='ocr_carea' id='block_1_8' title="bbox 296 774 1974 862">
    <p class='ocr_par' dir='ltr' id='par_1_8' title="bbox 296 774 1951 862">
     <span class='ocr_line' id='line_1_8' title="bbox 296 774 1951 862; baseline -0.005 -22"><span class='ocrx_word' id='word_1_55' title='bbox 296 783 631 862; x_wconf 78' lang='grc' dir='ltr'>χειραγωγίᾳ</span> <span class='ocrx_word' id='word_1_56' title='bbox 681 785 750 857; x_wconf 71' lang='grc' dir='ltr'>τῇ</span> <span class='ocrx_word' id='word_1_57' title='bbox 802 781 938 857; x_wconf 84' lang='grc' dir='ltr'>πρὸς</span> <span class='ocrx_word' id='word_1_58' title='bbox 993 779 1054 834; x_wconf 84' lang='grc' dir='ltr'>τὸ</span> <span class='ocrx_word' id='word_1_59' title='bbox 1113 780 1227 852; x_wconf 84' lang='grc'>(45)</span> <span class='ocrx_word' id='word_1_60' title='bbox 1285 774 1397 832; x_wconf 73' lang='grc' dir='ltr'>ἄνω</span> <span class='ocrx_word' id='word_1_61' title='bbox 1453 776 1654 850; x_wconf 74' lang='grc' dir='ltr'>ὑψώσει</span> <span class='ocrx_word' id='word_1_62' title='bbox 1697 780 1767 851; x_wconf 77' lang='grc' dir='ltr'>τῇ</span> <span class='ocrx_word' id='word_1_63' title='bbox 1813 775 1951 832; x_wconf 81' lang='grc' dir='ltr'>κατᾶ</span> 
     </span>
    </p>
   </div>
   <div class='ocr_carea' id='block_1_9' title="bbox 2090 774 3704 862">
    <p class='ocr_par' dir='ltr' id='par_1_9' title="bbox 2090 775 3704 851">
     <span class='ocr_line' id='line_1_9' title="bbox 2090 775 3704 851; baseline -0.004 -18"><span class='ocrx_word' id='word_1_64' title='bbox 2090 777 2542 851; x_wconf 86' lang='lat' dir='ltr'>ngredienturin</span> <span class='ocrx_word' id='word_1_65' title='bbox 2565 777 2801 832; x_wconf 83' lang='lat' dir='ltr'>infimas</span> <span class='ocrx_word' id='word_1_66' title='bbox 2823 781 2989 832; x_wconf 76' lang='lat' dir='ltr'>terras</span> <span class='ocrx_word' id='word_1_67' title='bbox 3015 779 3230 848; x_wconf 89' lang='lat' dir='ltr'>partes:</span> <span class='ocrx_word' id='word_1_68' title='bbox 3248 775 3346 830; x_wconf 90' lang='lat' dir='ltr'>sed</span> <span class='ocrx_word' id='word_1_69' title='bbox 3366 775 3704 844; x_wconf 81' lang='lat' dir='ltr'>ascendant,</span> 
     </span>
    </p>
   </div>
   <div class='ocr_carea' id='block_1_10' title="bbox 299 862 1974 948">
    <p class='ocr_par' dir='ltr' id='par_1_10' title="bbox 299 865 1952 948">
     <span class='ocr_line' id='line_1_10' title="bbox 299 865 1952 948; baseline -0.007 -17"><span class='ocrx_word' id='word_1_70' title='bbox 299 875 426 931; x_wconf 85' lang='grc' dir='ltr'>Θεὸν</span> <span class='ocrx_word' id='word_1_71' title='bbox 484 873 635 948; x_wconf 81' lang='grc' dir='ltr'>λύπῃ</span> <span class='ocrx_word' id='word_1_72' title='bbox 687 871 1046 946; x_wconf 85' lang='grc' dir='ltr'>κεχρημένοι.</span> <span class='ocrx_word' id='word_1_73' title='bbox 1105 870 1215 938; x_wconf 80' lang='grc' dir='ltr'>Βοᾷ</span> <span class='ocrx_word' id='word_1_74' title='bbox 1273 865 1331 922; x_wconf 74' lang='grc' dir='ltr'>δὲ</span> <span class='ocrx_word' id='word_1_75' title='bbox 1362 866 1675 942; x_wconf 79' lang='grc' dir='ltr'>σύντριμμα</span> <span class='ocrx_word' id='word_1_76' title='bbox 1703 867 1793 921; x_wconf 86' lang='grc' dir='ltr'>καὶ</span> <span class='ocrx_word' id='word_1_77' title='bbox 1825 886 1952 922; x_wconf 91' lang='grc' dir='ltr'>συσ-</span> 
     </span>
    </p>
   </div>
   <div class='ocr_carea' id='block_1_11' title="bbox 2090 862 3707 948">
    <p class='ocr_par' dir='ltr' id='par_1_11' title="bbox 2097 862 3707 940">
     <span class='ocr_line' id='line_1_11' title="bbox 2097 862 3707 940; baseline -0.004 -16"><span class='ocrx_word' id='word_1_78' title='bbox 2097 885 2264 940; x_wconf 73' lang='lat' dir='ltr'>aquaa</span> <span class='ocrx_word' id='word_1_79' title='bbox 2289 867 2610 923; x_wconf 88' lang='lat' dir='ltr'>secundum</span> <span class='ocrx_word' id='word_1_80' title='bbox 2634 867 2818 922; x_wconf 90' lang='lat' dir='ltr'>Deum</span> <span class='ocrx_word' id='word_1_81' title='bbox 2845 870 2933 922; x_wconf 90' lang='lat' dir='ltr'>est</span> <span class='ocrx_word' id='word_1_82' title='bbox 2953 865 3195 920; x_wconf 90' lang='lat' dir='ltr'>tristitia</span> <span class='ocrx_word' id='word_1_83' title='bbox 3215 869 3496 934; x_wconf 81' lang='lat' dir='ltr'>tanquam</span> <span class='ocrx_word' id='word_1_84' title='bbox 3526 862 3707 918; x_wconf 89' lang='lat' dir='ltr'>admi-</span> 
     </span>
    </p>
   </div>
   <div class='ocr_carea' id='block_1_12' title="bbox 301 953 1974 1038">
    <p class='ocr_par' dir='ltr' id='par_1_12' title="bbox 301 953 1953 1038">
     <span class='ocr_line' id='line_1_12' title="bbox 301 953 1953 1038; baseline -0.005 -19"><span class='ocrx_word' id='word_1_85' title='bbox 301 963 542 1037; x_wconf 87' lang='grc' dir='ltr'>σεισμός.</span> <span class='ocrx_word' id='word_1_86' title='bbox 596 964 656 1020; x_wconf 89' lang='grc' dir='ltr'>Ὁ</span> <span class='ocrx_word' id='word_1_87' title='bbox 715 962 815 1038; x_wconf 77' lang='grc' dir='ltr'>γὰρ</span> <span class='ocrx_word' id='word_1_88' title='bbox 881 957 1154 1034; x_wconf 70' lang='grc' dir='ltr'>διελέγξας</span> <span class='ocrx_word' id='word_1_89' title='bbox 1213 956 1304 1011; x_wconf 87' lang='grc' dir='ltr'>καὶ</span> <span class='ocrx_word' id='word_1_90' title='bbox 1361 955 1738 1030; x_wconf 78' lang='grc' dir='ltr'>καθαψάμενος</span> <span class='ocrx_word' id='word_1_91' title='bbox 1791 953 1953 1030; x_wconf 82' lang='grc' dir='ltr'>λόγος</span> 
     </span>
    </p>
   </div>
   <div class='ocr_carea' id='block_1_13' title="bbox 2090 953 3706 1038">
    <p class='ocr_par' dir='ltr' id='par_1_13' title="bbox 2090 955 3706 1028">
     <span class='ocr_line' id='line_1_13' title="bbox 2090 955 3706 1028; baseline -0.002 -16"><span class='ocrx_word' id='word_1_92' title='bbox 2090 956 2257 1013; x_wconf 79' lang='grc' dir='ltr'>ιίουιο</span> <span class='ocrx_word' id='word_1_93' title='bbox 2289 958 2544 1028; x_wconf 88' lang='lat' dir='ltr'>quodam</span> <span class='ocrx_word' id='word_1_94' title='bbox 2577 957 2688 1024; x_wconf 88' lang='lat' dir='ltr'>usi,</span> <span class='ocrx_word' id='word_1_95' title='bbox 2723 973 2836 1028; x_wconf 91' lang='lat' dir='ltr'>quo</span> <span class='ocrx_word' id='word_1_96' title='bbox 2888 955 3136 1010; x_wconf 90' lang='lat' dir='ltr'>evehant</span> <span class='ocrx_word' id='word_1_97' title='bbox 3165 971 3226 1010; x_wconf 90' lang='lat' dir='ltr'>se</span> <span class='ocrx_word' id='word_1_98' title='bbox 3265 969 3502 1009; x_wconf 80' lang='lat' dir='ltr'>sursum</span> <span class='ocrx_word' id='word_1_99' title='bbox 3532 958 3592 1010; x_wconf 89' lang='lat' dir='ltr'>et</span> <span class='ocrx_word' id='word_1_100' title='bbox 3620 957 3706 1008; x_wconf 87' lang='lat' dir='ltr'>at.-</span> 
     </span>
    </p>
   </div>
   <div class='ocr_carea' id='block_1_14' title="bbox 302 1042 1974 1127">
    <p class='ocr_par' dir='ltr' id='par_1_14' title="bbox 302 1042 1956 1127">
     <span class='ocr_line' id='line_1_14' title="bbox 302 1042 1956 1127; baseline -0.006 -18"><span class='ocrx_word' id='word_1_101' title='bbox 302 1048 570 1127; x_wconf 80' lang='grc' dir='ltr'>συντρίϐει</span> <span class='ocrx_word' id='word_1_102' title='bbox 627 1052 690 1106; x_wconf 84' lang='grc' dir='ltr'>τὸ</span> <span class='ocrx_word' id='word_1_103' title='bbox 747 1050 986 1123; x_wconf 80' lang='grc' dir='ltr'>πονηρὸν</span> <span class='ocrx_word' id='word_1_104' title='bbox 1049 1046 1326 1124; x_wconf 82' lang='grc' dir='ltr'>φρόνημα,</span> <span class='ocrx_word' id='word_1_105' title='bbox 1357 1046 1446 1100; x_wconf 81' lang='grc' dir='ltr'>καὶ</span> <span class='ocrx_word' id='word_1_106' title='bbox 1503 1047 1617 1100; x_wconf 76' lang='grc' dir='ltr'>οἷον</span> <span class='ocrx_word' id='word_1_107' title='bbox 1644 1042 1808 1100; x_wconf 82' lang='grc' dir='ltr'>σάλον</span> <span class='ocrx_word' id='word_1_108' title='bbox 1837 1047 1956 1101; x_wconf 82' lang='grc' dir='ltr'>τινὰ</span> 
     </span>
    </p>
   </div>
   <div class='ocr_carea' id='block_1_15' title="bbox 2090 1042 3718 1127">
    <p class='ocr_par' dir='ltr' id='par_1_15' title="bbox 2091 1042 3718 1104">
     <span class='ocr_line' id='line_1_15' title="bbox 2091 1042 3718 1104; baseline -0.002 -2"><span class='ocrx_word' id='word_1_109' title='bbox 2091 1046 2291 1102; x_wconf 86' lang='lat' dir='ltr'>ollant.</span> <span class='ocrx_word' id='word_1_110' title='bbox 2327 1048 2543 1104; x_wconf 80' lang='lat' dir='ltr'>Clamat</span> <span class='ocrx_word' id='word_1_111' title='bbox 2572 1050 2766 1102; x_wconf 90' lang='lat' dir='ltr'>autem</span> <span class='ocrx_word' id='word_1_112' title='bbox 2800 1045 3057 1101; x_wconf 81' lang='lat' dir='ltr'>contritio</span> <span class='ocrx_word' id='word_1_113' title='bbox 3100 1048 3148 1100; x_wconf 85' lang='lat' dir='ltr'>et</span> <span class='ocrx_word' id='word_1_114' title='bbox 3178 1044 3485 1099; x_wconf 77' lang='lat' dir='ltr'>concussio.</span> <span class='ocrx_word' id='word_1_115' title='bbox 3518 1042 3718 1098; x_wconf 91' lang='lat' dir='ltr'>Sermo</span> 
     </span>
    </p>
   </div>
   <div class='ocr_carea' id='block_1_16' title="bbox 300 1131 1974 1218">
    <p class='ocr_par' dir='ltr' id='par_1_16' title="bbox 300 1135 1953 1218">
     <span class='ocr_line' id='line_1_16' title="bbox 300 1135 1953 1218; baseline -0.006 -19"><span class='ocrx_word' id='word_1_116' title='bbox 300 1148 416 1206; x_wconf 90' lang='grc' dir='ltr'>τοῖς</span> <span class='ocrx_word' id='word_1_117' title='bbox 445 1140 736 1218; x_wconf 84' lang='grc' dir='ltr'>λογισμοῖς</span> <span class='ocrx_word' id='word_1_118' title='bbox 766 1145 882 1201; x_wconf 84' lang='grc' dir='ltr'>τοῖς</span> <span class='ocrx_word' id='word_1_119' title='bbox 915 1142 1093 1200; x_wconf 76' lang='grc' dir='ltr'>κακῶς</span> <span class='ocrx_word' id='word_1_120' title='bbox 1124 1136 1490 1213; x_wconf 71' lang='grc' dir='ltr'>έμπεφυκόσιν</span> <span class='ocrx_word' id='word_1_121' title='bbox 1545 1136 1785 1208; x_wconf 72' lang='grc' dir='ltr'>ἐμποιεῖ,</span> <span class='ocrx_word' id='word_1_122' title='bbox 1818 1135 1953 1211; x_wconf 85' lang='grc' dir='ltr'>πρὸς</span> 
     </span>
    </p>
   </div>
   <div class='ocr_carea' id='block_1_17' title="bbox 2090 1131 3717 1218">
    <p class='ocr_par' dir='ltr' id='par_1_17' title="bbox 2090 1131 3717 1208">
     <span class='ocr_line' id='line_1_17' title="bbox 2090 1131 3717 1208; baseline -0.001 -19"><span class='ocrx_word' id='word_1_123' title='bbox 2090 1135 2224 1190; x_wconf 73' lang='lat' dir='ltr'>:nim</span> <span class='ocrx_word' id='word_1_124' title='bbox 2269 1135 2366 1206; x_wconf 89' lang='lat' dir='ltr'>qui</span> <span class='ocrx_word' id='word_1_125' title='bbox 2417 1136 2719 1208; x_wconf 81' lang='lat' dir='ltr'>redarguit</span> <span class='ocrx_word' id='word_1_126' title='bbox 2748 1139 2806 1190; x_wconf 89' lang='lat' dir='ltr'>et</span> <span class='ocrx_word' id='word_1_127' title='bbox 2857 1134 3149 1206; x_wconf 86' lang='lat' dir='ltr'>objurgat,</span> <span class='ocrx_word' id='word_1_128' title='bbox 3185 1131 3431 1188; x_wconf 89' lang='lat' dir='ltr'>conterit</span> <span class='ocrx_word' id='word_1_129' title='bbox 3480 1147 3717 1204; x_wconf 84' lang='lat' dir='ltr'>pravam</span> 
     </span>
    </p>
   </div>
   <div class='ocr_carea' id='block_1_18' title="bbox 302 1220 1974 1305">
    <p class='ocr_par' dir='ltr' id='par_1_18' title="bbox 302 1223 1958 1305">
     <span class='ocr_line' id='line_1_18' title="bbox 302 1223 1958 1305; baseline -0.006 -17"><span class='ocrx_word' id='word_1_130' title='bbox 302 1233 364 1288; x_wconf 84' lang='grc' dir='ltr'>τὸ</span> <span class='ocrx_word' id='word_1_131' title='bbox 392 1233 516 1294; x_wconf 84' lang='grc' dir='ltr'>τοὺς</span> <span class='ocrx_word' id='word_1_132' title='bbox 545 1231 638 1303; x_wconf 73' lang='grc' dir='ltr'>μὲν</span> <span class='ocrx_word' id='word_1_133' title='bbox 666 1230 1052 1305; x_wconf 79' lang='grc' dir='ltr'>έκριζωοῆναι,</span> <span class='ocrx_word' id='word_1_134' title='bbox 1101 1225 1228 1289; x_wconf 79' lang='grc' dir='ltr'>τοὺς</span> <span class='ocrx_word' id='word_1_135' title='bbox 1262 1223 1319 1280; x_wconf 74' lang='grc' dir='ltr'>δὲ</span> <span class='ocrx_word' id='word_1_136' title='bbox 1379 1226 1544 1301; x_wconf 78' lang='grc' dir='ltr'>ὑγιεῖς</span> <span class='ocrx_word' id='word_1_137' title='bbox 1596 1227 1710 1298; x_wconf 77' lang='grc'>(46)</span> <span class='ocrx_word' id='word_1_138' title='bbox 1760 1224 1958 1302; x_wconf 86' lang='grc' dir='ltr'>λόγους</span> 
     </span>
    </p>
   </div>
   <div class='ocr_carea' id='block_1_19' title="bbox 2090 1220 3724 1305">
    <p class='ocr_par' dir='ltr' id='par_1_19' title="bbox 2090 1220 3724 1296">
     <span class='ocr_line' id='line_1_19' title="bbox 2090 1220 3724 1296; baseline -0.002 -17"><span class='ocrx_word' id='word_1_139' title='bbox 2090 1230 2414 1295; x_wconf 87' lang='lat' dir='ltr'>nentem,et</span> <span class='ocrx_word' id='word_1_140' title='bbox 2432 1226 2864 1296; x_wconf 87' lang='lat' dir='ltr'>quodammodo</span> <span class='ocrx_word' id='word_1_141' title='bbox 2886 1223 3272 1296; x_wconf 84' lang='lat' dir='ltr'>cogitationes</span> <span class='ocrx_word' id='word_1_142' title='bbox 3287 1221 3490 1276; x_wconf 85' lang='lat' dir='ltr'>vitioso</span> <span class='ocrx_word' id='word_1_143' title='bbox 3513 1220 3724 1276; x_wconf 89' lang='lat' dir='ltr'>insitas</span> 
     </span>
    </p>
   </div>
   <div class='ocr_carea' id='block_1_20' title="bbox 301 1311 1974 1395">
    <p class='ocr_par' dir='ltr' id='par_1_20' title="bbox 301 1313 1956 1395">
     <span class='ocr_line' id='line_1_20' title="bbox 301 1313 1956 1395; baseline -0.005 -18"><span class='ocrx_word' id='word_1_144' title='bbox 301 1323 737 1395; x_wconf 83' lang='grc' dir='ltr'>ἀντεισαχθῆναι.</span> <span class='ocrx_word' id='word_1_145' title='bbox 820 1318 917 1372; x_wconf 75' lang='grc' dir='ltr'>Διὰ</span> <span class='ocrx_word' id='word_1_146' title='bbox 980 1321 1142 1372; x_wconf 73' lang='grc' dir='ltr'>τοῦτο</span> <span class='ocrx_word' id='word_1_147' title='bbox 1197 1313 1433 1390; x_wconf 81' lang='grc' dir='ltr'>Καρδίαν</span> <span class='ocrx_word' id='word_1_148' title='bbox 1495 1316 1956 1389; x_wconf 74' lang='grc' dir='ltr'>συντετριμμένην</span> 
     </span>
    </p>
   </div>
   <div class='ocr_carea' id='block_1_21' title="bbox 2090 1311 3766 1395">
    <p class='ocr_par' dir='ltr' id='par_1_21' title="bbox 2090 1311 3766 1387">
     <span class='ocr_line' id='line_1_21' title="bbox 2090 1311 3766 1387; baseline -0.004 -17"><span class='ocrx_word' id='word_1_149' title='bbox 2090 1315 2326 1387; x_wconf 66' lang='lat' dir='ltr'>axagitat</span> <span class='ocrx_word' id='word_1_150' title='bbox 2351 1320 2407 1370; x_wconf 87' lang='lat' dir='ltr'>et</span> <span class='ocrx_word' id='word_1_151' title='bbox 2434 1314 2783 1382; x_wconf 86' lang='lat' dir='ltr'>conculit,ut</span> <span class='ocrx_word' id='word_1_152' title='bbox 2815 1315 2958 1386; x_wconf 79' lang='lat' dir='ltr'>ipsae</span> <span class='ocrx_word' id='word_1_153' title='bbox 2987 1313 3226 1384; x_wconf 86' lang='lat' dir='ltr'>quidem</span> <span class='ocrx_word' id='word_1_154' title='bbox 3258 1311 3542 1367; x_wconf 87' lang='lat' dir='ltr'>tollantur</span> <span class='ocrx_word' id='word_1_155' title='bbox 3572 1311 3726 1366; x_wconf 89' lang='lat' dir='ltr'>radi-</span> <span class='ocrx_word' id='word_1_156' title='bbox 3764 1325 3766 1328; x_wconf 74' lang='lat'><strong><em>&#39;</em></strong></span> 
     </span>
    </p>
   </div>
   <div class='ocr_carea' id='block_1_22' title="bbox 300 1401 1974 1481">
    <p class='ocr_par' dir='ltr' id='par_1_22' title="bbox 300 1401 1956 1481">
     <span class='ocr_line' id='line_1_22' title="bbox 300 1401 1956 1481; baseline -0.003 -15"><span class='ocrx_word' id='word_1_157' title='bbox 300 1410 390 1467; x_wconf 78' lang='grc' dir='ltr'>καὶ</span> <span class='ocrx_word' id='word_1_158' title='bbox 471 1409 944 1481; x_wconf 65' lang='grc' dir='ltr'>τεταπεινωμένην</span> <span class='ocrx_word' id='word_1_159' title='bbox 1029 1409 1056 1462; x_wconf 94' lang='lat'>6</span> <span class='ocrx_word' id='word_1_160' title='bbox 1164 1407 1294 1470; x_wconf 83' lang='grc' dir='ltr'>Θεὸς</span> <span class='ocrx_word' id='word_1_161' title='bbox 1389 1405 1490 1460; x_wconf 76' lang='grc' dir='ltr'>οὐκ</span> <span class='ocrx_word' id='word_1_162' title='bbox 1589 1401 1956 1475; x_wconf 77' lang='grc' dir='ltr'>ὲξουδεοώσνι.</span> 
     </span>
    </p>
   </div>
   <div class='ocr_carea' id='block_1_23' title="bbox 2090 1401 3726 1481">
    <p class='ocr_par' dir='ltr' id='par_1_23' title="bbox 2090 1401 3726 1476">
     <span class='ocr_line' id='line_1_23' title="bbox 2090 1401 3726 1476; baseline -0.002 -16"><span class='ocrx_word' id='word_1_163' title='bbox 2090 1405 2252 1472; x_wconf 79' lang='lat' dir='ltr'>:itus,</span> <span class='ocrx_word' id='word_1_164' title='bbox 2280 1404 2568 1461; x_wconf 86' lang='lat' dir='ltr'>sententia</span> <span class='ocrx_word' id='word_1_165' title='bbox 2610 1421 2744 1460; x_wconf 75' lang='lat' dir='ltr'>vero</span> <span class='ocrx_word' id='word_1_166' title='bbox 2796 1421 2928 1476; x_wconf 67' lang='lat' dir='ltr'>quae</span> <span class='ocrx_word' id='word_1_167' title='bbox 2975 1419 3120 1459; x_wconf 88' lang='lat' dir='ltr'>sana</span> <span class='ocrx_word' id='word_1_168' title='bbox 3171 1403 3248 1457; x_wconf 83' lang='lat' dir='ltr'>sit</span> <span class='ocrx_word' id='word_1_169' title='bbox 3298 1401 3726 1458; x_wconf 89' lang='lat' dir='ltr'>introducatur.</span> 
     </span>
    </p>
   </div>
   <div class='ocr_carea' id='block_1_24' title="bbox 305 1489 1974 1572">
    <p class='ocr_par' dir='ltr' id='par_1_24' title="bbox 305 1492 1960 1572">
     <span class='ocr_line' id='line_1_24' title="bbox 305 1492 1960 1572; baseline -0.004 -17"><span class='ocrx_word' id='word_1_170' title='bbox 305 1498 704 1570; x_wconf 82' lang='grc' dir='ltr'>Συνεστηκυίας</span> <span class='ocrx_word' id='word_1_171' title='bbox 757 1501 850 1571; x_wconf 70' lang='grc' dir='ltr'>μὲν</span> <span class='ocrx_word' id='word_1_172' title='bbox 905 1499 1005 1572; x_wconf 73' lang='grc' dir='ltr'>γὰρ</span> <span class='ocrx_word' id='word_1_173' title='bbox 1065 1498 1154 1552; x_wconf 87' lang='grc' dir='ltr'>καὶ</span> <span class='ocrx_word' id='word_1_174' title='bbox 1211 1494 1442 1570; x_wconf 88' lang='grc' dir='ltr'>μηδέπω</span> <span class='ocrx_word' id='word_1_175' title='bbox 1499 1492 1960 1568; x_wconf 84' lang='grc' dir='ltr'>διασαλευομένης</span> 
     </span>
    </p>
   </div>
   <div class='ocr_carea' id='block_1_25' title="bbox 2090 1489 3729 1572">
    <p class='ocr_par' dir='ltr' id='par_1_25' title="bbox 2090 1489 3729 1562">
     <span class='ocr_line' id='line_1_25' title="bbox 2090 1489 3729 1562; baseline -0.003 -13"><span class='ocrx_word' id='word_1_176' title='bbox 2090 1496 2264 1562; x_wconf 63' lang='lat' dir='ltr'>Quare</span> <span class='ocrx_word' id='word_1_177' title='bbox 2297 1495 2402 1550; x_wconf 82' lang='lat' dir='ltr'>Cor</span> <span class='ocrx_word' id='word_1_178' title='bbox 2425 1495 2722 1551; x_wconf 78' lang='lat' dir='ltr'>contritum</span> <span class='ocrx_word' id='word_1_179' title='bbox 2739 1501 2789 1550; x_wconf 81' lang='lat' dir='ltr'>et</span> <span class='ocrx_word' id='word_1_180' title='bbox 2807 1493 3190 1558; x_wconf 77' lang='lat' dir='ltr'>humilz‘atum,</span> <span class='ocrx_word' id='word_1_181' title='bbox 3224 1493 3383 1557; x_wconf 79' lang='lat' dir='ltr'>Deus,</span> <span class='ocrx_word' id='word_1_182' title='bbox 3412 1506 3522 1546; x_wconf 83' lang='lat' dir='ltr'>non</span> <span class='ocrx_word' id='word_1_183' title='bbox 3546 1489 3729 1561; x_wconf 80' lang='lat' dir='ltr'>despi-</span> 
     </span>
    </p>
   </div>
   <div class='ocr_carea' id='block_1_26' title="bbox 304 1580 1974 1663">
    <p class='ocr_par' dir='ltr' id='par_1_26' title="bbox 304 1581 1965 1663">
     <span class='ocr_line' id='line_1_26' title="bbox 304 1581 1965 1663; baseline -0.004 -18"><span class='ocrx_word' id='word_1_184' title='bbox 304 1597 406 1658; x_wconf 84' lang='grc' dir='ltr'>τῆς</span> <span class='ocrx_word' id='word_1_185' title='bbox 433 1591 485 1644; x_wconf 75' lang='grc' dir='ltr'>ἒν</span> <span class='ocrx_word' id='word_1_186' title='bbox 517 1594 596 1661; x_wconf 82' lang='grc' dir='ltr'>τῷ</span> <span class='ocrx_word' id='word_1_187' title='bbox 627 1589 949 1663; x_wconf 81' lang='grc' dir='ltr'>ἁμαρτάνειν</span> <span class='ocrx_word' id='word_1_188' title='bbox 983 1583 1166 1656; x_wconf 67' lang='grc' dir='ltr'>ἕξεως,</span> <span class='ocrx_word' id='word_1_189' title='bbox 1227 1581 1349 1640; x_wconf 73' lang='grc' dir='ltr'>οὔτε</span> <span class='ocrx_word' id='word_1_190' title='bbox 1406 1583 1734 1640; x_wconf 82' lang='grc' dir='ltr'>κλαύσονται</span> <span class='ocrx_word' id='word_1_191' title='bbox 1783 1585 1965 1661; x_wconf 83' lang='grc' dir='ltr'>ἁμαρ-</span> 
     </span>
    </p>
   </div>
   <div class='ocr_carea' id='block_1_27' title="bbox 2090 1580 3731 1663">
    <p class='ocr_par' dir='ltr' id='par_1_27' title="bbox 2090 1580 3731 1655">
     <span class='ocr_line' id='line_1_27' title="bbox 2090 1580 3731 1655; baseline -0.004 -16"><span class='ocrx_word' id='word_1_192' title='bbox 2090 1587 2186 1640; x_wconf 80' lang='lat' dir='ltr'>:z&#39;es</span> <span class='ocrx_word' id='word_1_193' title='bbox 2244 1585 2306 1640; x_wconf 73' lang='grc' dir='ltr'>ίτ.</span> <span class='ocrx_word' id='word_1_194' title='bbox 2366 1589 2512 1638; x_wconf 90' lang='lat' dir='ltr'>Nam</span> <span class='ocrx_word' id='word_1_195' title='bbox 2573 1584 2849 1655; x_wconf 89' lang='lat' dir='ltr'>peccandi</span> <span class='ocrx_word' id='word_1_196' title='bbox 2925 1581 3128 1637; x_wconf 90' lang='lat' dir='ltr'>habitu</span> <span class='ocrx_word' id='word_1_197' title='bbox 3207 1584 3418 1650; x_wconf 85' lang='lat' dir='ltr'>stante,</span> <span class='ocrx_word' id='word_1_198' title='bbox 3477 1580 3731 1634; x_wconf 87' lang='lat' dir='ltr'>necdum</span> 
     </span>
    </p>
   </div>
   <div class='ocr_carea' id='block_1_28' title="bbox 306 1671 1966 1750">
    <p class='ocr_par' dir='ltr' id='par_1_28' title="bbox 306 1671 1966 1750">
     <span class='ocr_line' id='line_1_28' title="bbox 306 1671 1966 1750; baseline -0.004 -15"><span class='ocrx_word' id='word_1_199' title='bbox 306 1679 578 1747; x_wconf 82' lang='grc' dir='ltr'>τάνοντες,</span> <span class='ocrx_word' id='word_1_200' title='bbox 641 1675 763 1732; x_wconf 79' lang='grc' dir='ltr'>οὕτε</span> <span class='ocrx_word' id='word_1_201' title='bbox 793 1671 1160 1747; x_wconf 83' lang='grc' dir='ltr'>ἀναϐήσονται</span> <span class='ocrx_word' id='word_1_202' title='bbox 1215 1675 1352 1750; x_wconf 86' lang='grc' dir='ltr'>πρὸς</span> <span class='ocrx_word' id='word_1_203' title='bbox 1380 1675 1443 1729; x_wconf 83' lang='grc' dir='ltr'>τὸ</span> <span class='ocrx_word' id='word_1_204' title='bbox 1473 1672 1605 1728; x_wconf 73' lang='grc' dir='ltr'>ἄνω³</span> <span class='ocrx_word' id='word_1_205' title='bbox 1646 1693 1966 1749; x_wconf 81' lang='grc' dir='ltr'>συντετριμ-</span> 
     </span>
    </p>
   </div>
   <div class='ocr_carea' id='block_1_29' title="bbox 313 1760 1966 1841">
    <p class='ocr_par' dir='ltr' id='par_1_29' title="bbox 313 1760 1966 1841">
     <span class='ocr_line' id='line_1_29' title="bbox 313 1760 1966 1841; baseline -0.003 -18"><span class='ocrx_word' id='word_1_206' title='bbox 313 1768 479 1840; x_wconf 88' lang='grc' dir='ltr'>μένης</span> <span class='ocrx_word' id='word_1_207' title='bbox 536 1765 592 1822; x_wconf 76' lang='grc' dir='ltr'>δὲ</span> <span class='ocrx_word' id='word_1_208' title='bbox 622 1774 723 1837; x_wconf 85' lang='grc' dir='ltr'>τῆς</span> <span class='ocrx_word' id='word_1_209' title='bbox 761 1768 1050 1841; x_wconf 76' lang='grc' dir='ltr'>μοχθηρᾶς</span> <span class='ocrx_word' id='word_1_210' title='bbox 1088 1761 1398 1832; x_wconf 74' lang='grc' dir='ltr'>διαθέσεως,</span> <span class='ocrx_word' id='word_1_211' title='bbox 1426 1764 1514 1818; x_wconf 86' lang='grc' dir='ltr'>καὶ</span> <span class='ocrx_word' id='word_1_212' title='bbox 1545 1762 1713 1818; x_wconf 71' lang='grc' dir='ltr'>οἱονεὶ</span> <span class='ocrx_word' id='word_1_213' title='bbox 1746 1760 1966 1836; x_wconf 83' lang='grc' dir='ltr'>σεισμόν</span> 
     </span>
    </p>
   </div>
   <div class='ocr_carea' id='block_1_30' title="bbox 2079 1669 3737 1745">
    <p class='ocr_par' dir='ltr' id='par_1_30' title="bbox 2079 1669 3737 1745">
     <span class='ocr_line' id='line_1_30' title="bbox 2079 1669 3737 1745; baseline -0.002 -17"><span class='ocrx_word' id='word_1_214' title='bbox 2079 1688 2583 1744; x_wconf 84' lang='lat' dir='ltr'>oonousso,neque</span> <span class='ocrx_word' id='word_1_215' title='bbox 2605 1673 2827 1729; x_wconf 87' lang='lat' dir='ltr'>ﬂebunt</span> <span class='ocrx_word' id='word_1_216' title='bbox 2849 1676 3395 1745; x_wconf 84' lang='lat' dir='ltr'>peccatores,neque</span> <span class='ocrx_word' id='word_1_217' title='bbox 3416 1669 3737 1726; x_wconf 76' lang='lat' dir='ltr'>ascendant</span> 
     </span>
    </p>
   </div>
   <div class='ocr_carea' id='block_1_31' title="bbox 2081 1757 3738 1835">
    <p class='ocr_par' dir='ltr' id='par_1_31' title="bbox 2081 1757 3738 1835">
     <span class='ocr_line' id='line_1_31' title="bbox 2081 1757 3738 1835; baseline -0.003 -16"><span class='ocrx_word' id='word_1_218' title='bbox 2081 1765 2151 1819; x_wconf 90' lang='lat' dir='ltr'>ad</span> <span class='ocrx_word' id='word_1_219' title='bbox 2187 1763 2528 1835; x_wconf 89' lang='lat' dir='ltr'>superiora;</span> <span class='ocrx_word' id='word_1_220' title='bbox 2562 1764 2662 1818; x_wconf 89' lang='lat' dir='ltr'>sed</span> <span class='ocrx_word' id='word_1_221' title='bbox 2694 1779 2870 1834; x_wconf 78' lang='lat' dir='ltr'>pravo</span> <span class='ocrx_word' id='word_1_222' title='bbox 2904 1763 3111 1818; x_wconf 71' lang='lat' dir='ltr'>affectu</span> <span class='ocrx_word' id='word_1_223' title='bbox 3142 1759 3414 1827; x_wconf 89' lang='lat' dir='ltr'>contrito,</span> <span class='ocrx_word' id='word_1_224' title='bbox 3447 1763 3505 1815; x_wconf 91' lang='lat' dir='ltr'>et</span> <span class='ocrx_word' id='word_1_225' title='bbox 3537 1757 3738 1815; x_wconf 89' lang='lat' dir='ltr'>anima</span> 
     </span>
    </p>
   </div>
   <div class='ocr_carea' id='block_1_32' title="bbox 308 1848 1974 1946">
    <p class='ocr_par' dir='ltr' id='par_1_32' title="bbox 308 1849 1970 1928">
     <span class='ocr_line' id='line_1_32' title="bbox 308 1849 1970 1928; baseline -0.003 -16"><span class='ocrx_word' id='word_1_226' title='bbox 308 1878 431 1912; x_wconf 86' lang='grc' dir='ltr'>τινα</span> <span class='ocrx_word' id='word_1_227' title='bbox 459 1857 551 1912; x_wconf 80' lang='grc' dir='ltr'>καὶ</span> <span class='ocrx_word' id='word_1_228' title='bbox 581 1853 779 1912; x_wconf 85' lang='grc' dir='ltr'>κλόνον</span> <span class='ocrx_word' id='word_1_229' title='bbox 833 1855 920 1910; x_wconf 78' lang='grc' dir='ltr'>ἐπὶ</span> <span class='ocrx_word' id='word_1_230' title='bbox 969 1859 1088 1916; x_wconf 83' lang='grc' dir='ltr'>τοῖς</span> <span class='ocrx_word' id='word_1_231' title='bbox 1117 1858 1379 1928; x_wconf 81' lang='grc' dir='ltr'>πονηροῖς</span> <span class='ocrx_word' id='word_1_232' title='bbox 1430 1849 1667 1926; x_wconf 81' lang='grc' dir='ltr'>δόγμασι</span> <span class='ocrx_word' id='word_1_233' title='bbox 1714 1860 1814 1922; x_wconf 82' lang='grc' dir='ltr'>τῆς</span> <span class='ocrx_word' id='word_1_234' title='bbox 1867 1856 1970 1927; x_wconf 84' lang='grc' dir='ltr'>ψυ-</span> 
     </span>
    </p>
   </div>
   <div class='ocr_carea' id='block_1_33' title="bbox 2090 1848 3734 1946">
    <p class='ocr_par' dir='ltr' id='par_1_33' title="bbox 2090 1848 3734 1926">
     <span class='ocr_line' id='line_1_33' title="bbox 2090 1848 3734 1926; baseline -0.004 -18"><span class='ocrx_word' id='word_1_235' title='bbox 2090 1853 2260 1909; x_wconf 87' lang='lat' dir='ltr'>veluti</span> <span class='ocrx_word' id='word_1_236' title='bbox 2303 1853 2751 1909; x_wconf 86' lang='lat' dir='ltr'>concussionem</span> <span class='ocrx_word' id='word_1_237' title='bbox 2797 1852 3118 1926; x_wconf 90' lang='lat' dir='ltr'>quamdam</span> <span class='ocrx_word' id='word_1_238' title='bbox 3157 1854 3213 1906; x_wconf 93' lang='lat' dir='ltr'>et</span> <span class='ocrx_word' id='word_1_239' title='bbox 3235 1848 3734 1923; x_wconf 87' lang='lat' dir='ltr'>perturbationem</span> 
     </span>
    </p>
   </div>
   <div class='ocr_carea' id='block_1_34' title="bbox 312 1935 1974 2020">
    <p class='ocr_par' dir='ltr' id='par_1_34' title="bbox 312 1940 1971 2020">
     <span class='ocr_line' id='line_1_34' title="bbox 312 1940 1971 2020; baseline -0.002 -20"><span class='ocrx_word' id='word_1_240' title='bbox 312 1953 420 2020; x_wconf 81' lang='grc' dir='ltr'>χῆς</span> <span class='ocrx_word' id='word_1_241' title='bbox 470 1943 774 2013; x_wconf 79' lang='grc' dir='ltr'>παθούσης,</span> <span class='ocrx_word' id='word_1_242' title='bbox 823 1943 1060 2012; x_wconf 84' lang='grc' dir='ltr'>ἀκουστή</span> <span class='ocrx_word' id='word_1_243' title='bbox 1109 1940 1312 2017; x_wconf 86' lang='grc' dir='ltr'>γίνεται</span> <span class='ocrx_word' id='word_1_244' title='bbox 1359 1943 1394 2010; x_wconf 81' lang='grc' dir='ltr'><strong>ἡ</strong></span> <span class='ocrx_word' id='word_1_245' title='bbox 1450 1941 1578 2016; x_wconf 81' lang='grc' dir='ltr'>βοὴ,</span> <span class='ocrx_word' id='word_1_246' title='bbox 1617 1941 1699 1996; x_wconf 70' lang='grc' dir='ltr'>ἐπ’</span> <span class='ocrx_word' id='word_1_247' title='bbox 1731 1940 1971 2017; x_wconf 79' lang='grc' dir='ltr'>ὠφελείᾳ</span> 
     </span>
    </p>
   </div>
   <div class='ocr_carea' id='block_1_35' title="bbox 2090 1935 3739 2020">
    <p class='ocr_par' dir='ltr' id='par_1_35' title="bbox 2090 1935 3739 2015">
     <span class='ocr_line' id='line_1_35' title="bbox 2090 1935 3739 2015; baseline -0.004 -17"><span class='ocrx_word' id='word_1_248' title='bbox 2090 1943 2154 1998; x_wconf 77' lang='lat' dir='ltr'>ob</span> <span class='ocrx_word' id='word_1_249' title='bbox 2185 1959 2456 2014; x_wconf 89' lang='lat' dir='ltr'>perversa</span> <span class='ocrx_word' id='word_1_250' title='bbox 2485 1944 2764 2015; x_wconf 84' lang='lat' dir='ltr'>dogmata</span> <span class='ocrx_word' id='word_1_251' title='bbox 2793 1941 3073 2014; x_wconf 87' lang='lat' dir='ltr'>patiente,</span> <span class='ocrx_word' id='word_1_252' title='bbox 3109 1939 3347 1996; x_wconf 85' lang='lat' dir='ltr'>auditur</span> <span class='ocrx_word' id='word_1_253' title='bbox 3393 1936 3632 2008; x_wconf 82' lang='lat' dir='ltr'>clamor,</span> <span class='ocrx_word' id='word_1_254' title='bbox 3665 1935 3739 1992; x_wconf 89' lang='lat' dir='ltr'>ad</span> 
     </span>
    </p>
   </div>
   <div class='ocr_carea' id='block_1_36' title="bbox 313 2031 830 2104">
    <p class='ocr_par' dir='ltr' id='par_1_36' title="bbox 313 2031 830 2104">
     <span class='ocr_line' id='line_1_36' title="bbox 313 2031 830 2104; baseline -0.002 -16"><span class='ocrx_word' id='word_1_255' title='bbox 313 2038 420 2088; x_wconf 79' lang='grc' dir='ltr'>τῶν</span> <span class='ocrx_word' id='word_1_256' title='bbox 455 2031 830 2104; x_wconf 71' lang='grc' dir='ltr'>ἀκουομένων.</span> 
     </span>
    </p>
   </div>
   <div class='ocr_carea' id='block_1_37' title="bbox 386 2113 1970 2195">
    <p class='ocr_par' dir='ltr' id='par_1_37' title="bbox 386 2113 1970 2195">
     <span class='ocr_line' id='line_1_37' title="bbox 386 2113 1970 2195; baseline -0.003 -17"><span class='ocrx_word' id='word_1_257' title='bbox 386 2123 513 2178; x_wconf 83' lang='grc'>299.</span> <span class='ocrx_word' id='word_1_258' title='bbox 573 2122 644 2175; x_wconf 87' lang='grc' dir='ltr'>Τὸ</span> <span class='ocrx_word' id='word_1_259' title='bbox 676 2117 821 2195; x_wconf 77' lang='grc' dir='ltr'>ὕδωρ</span> <span class='ocrx_word' id='word_1_260' title='bbox 862 2126 961 2189; x_wconf 82' lang='grc' dir='ltr'>τῆς</span> <span class='ocrx_word' id='word_1_261' title='bbox 1018 2113 1234 2195; x_wconf 84' lang='grc' dir='ltr'>Νεϐρὶμ</span> <span class='ocrx_word' id='word_1_262' title='bbox 1289 2116 1495 2194; x_wconf 77' lang='grc' dir='ltr'>ἔρημον</span> <span class='ocrx_word' id='word_1_263' title='bbox 1530 2117 1698 2175; x_wconf 74' lang='grc' dir='ltr'>ἔσται.</span> <span class='ocrx_word' id='word_1_264' title='bbox 1749 2120 1826 2176; x_wconf 85' lang='grc' dir='ltr'>Τὸ</span> <span class='ocrx_word' id='word_1_265' title='bbox 1867 2124 1970 2186; x_wconf 79' lang='grc' dir='ltr'>τῆς</span> 
     </span>
    </p>
   </div>
   <div class='ocr_carea' id='block_1_38' title="bbox 317 2206 1966 2286">
    <p class='ocr_par' dir='ltr' id='par_1_38' title="bbox 317 2206 1966 2286">
     <span class='ocr_line' id='line_1_38' title="bbox 317 2206 1966 2286; baseline -0.001 -22"><span class='ocrx_word' id='word_1_266' title='bbox 317 2208 668 2284; x_wconf 80' lang='grc' dir='ltr'>ψευδοδοξίας</span> <span class='ocrx_word' id='word_1_267' title='bbox 701 2208 872 2284; x_wconf 77' lang='grc' dir='ltr'>ὕδωρ,</span> <span class='ocrx_word' id='word_1_268' title='bbox 930 2207 1194 2284; x_wconf 89' lang='grc' dir='ltr'>πρότερον</span> <span class='ocrx_word' id='word_1_269' title='bbox 1227 2207 1474 2286; x_wconf 76' lang='grc' dir='ltr'>ἀφθόνως</span> <span class='ocrx_word' id='word_1_270' title='bbox 1517 2209 1606 2263; x_wconf 88' lang='grc' dir='ltr'>καὶ</span> <span class='ocrx_word' id='word_1_271' title='bbox 1653 2207 1798 2264; x_wconf 72' lang='grc' dir='ltr'>πολὺ</span> <span class='ocrx_word' id='word_1_272' title='bbox 1850 2206 1966 2284; x_wconf 74' lang='grc' dir='ltr'>ῥέον</span> 
     </span>
    </p>
   </div>
   <div class='ocr_carea' id='block_1_39' title="bbox 315 2294 1970 2376">
    <p class='ocr_par' dir='ltr' id='par_1_39' title="bbox 315 2294 1970 2376">
     <span class='ocr_line' id='line_1_39' title="bbox 315 2294 1970 2376; baseline -0.001 -21"><span class='ocrx_word' id='word_1_273' title='bbox 315 2301 400 2355; x_wconf 73' lang='grc' dir='ltr'>ἐπὶ</span> <span class='ocrx_word' id='word_1_274' title='bbox 461 2294 642 2373; x_wconf 74' lang='grc' dir='ltr'>βλάϐῃ</span> <span class='ocrx_word' id='word_1_275' title='bbox 694 2303 804 2353; x_wconf 83' lang='grc' dir='ltr'>τῶν</span> <span class='ocrx_word' id='word_1_276' title='bbox 838 2295 1177 2371; x_wconf 79' lang='grc' dir='ltr'>δεχομένων,</span> <span class='ocrx_word' id='word_1_277' title='bbox 1218 2297 1661 2376; x_wconf 78' lang='grc' dir='ltr'>ἀφανισθήσεται,</span> <span class='ocrx_word' id='word_1_278' title='bbox 1693 2298 1850 2376; x_wconf 83' lang='grc' dir='ltr'>φησὶ,</span> <span class='ocrx_word' id='word_1_279' title='bbox 1880 2299 1970 2354; x_wconf 83' lang='grc' dir='ltr'>καὶ</span> 
     </span>
    </p>
   </div>
   <div class='ocr_carea' id='block_1_40' title="bbox 316 2382 1970 2462">
    <p class='ocr_par' dir='ltr' id='par_1_40' title="bbox 316 2382 1970 2462">
     <span class='ocr_line' id='line_1_40' title="bbox 316 2382 1970 2462; baseline 0 -20"><span class='ocrx_word' id='word_1_280' title='bbox 316 2383 517 2462; x_wconf 78' lang='grc' dir='ltr'>ἔρημον</span> <span class='ocrx_word' id='word_1_281' title='bbox 568 2382 736 2442; x_wconf 81' lang='grc' dir='ltr'>ἔσται.</span> <span class='ocrx_word' id='word_1_282' title='bbox 772 2387 832 2443; x_wconf 82' lang='grc' dir='ltr'>Εἰ</span> <span class='ocrx_word' id='word_1_283' title='bbox 866 2384 924 2442; x_wconf 70' lang='grc' dir='ltr'>δὲ</span> <span class='ocrx_word' id='word_1_284' title='bbox 971 2389 1036 2455; x_wconf 73' lang='grc' dir='ltr'>ἦν</span> <span class='ocrx_word' id='word_1_285' title='bbox 1097 2384 1296 2442; x_wconf 77' lang='grc' dir='ltr'>εἰδέναι</span> <span class='ocrx_word' id='word_1_286' title='bbox 1325 2387 1425 2455; x_wconf 77' lang='grc' dir='ltr'>τὴν</span> <span class='ocrx_word' id='word_1_287' title='bbox 1462 2384 1688 2460; x_wconf 87' lang='grc' dir='ltr'>δύναμιν</span> <span class='ocrx_word' id='word_1_288' title='bbox 1719 2392 1816 2442; x_wconf 78' lang='grc' dir='ltr'>τοῦ</span> <span class='ocrx_word' id='word_1_289' title='bbox 1849 2387 1970 2443; x_wconf 82' lang='grc' dir='ltr'>ὄνο-</span> 
     </span>
    </p>
   </div>
   <div class='ocr_carea' id='block_1_41' title="bbox 319 2473 1974 2554">
    <p class='ocr_par' dir='ltr' id='par_1_41' title="bbox 319 2473 1974 2554">
     <span class='ocr_line' id='line_1_41' title="bbox 319 2473 1974 2554; baseline 0 -23"><span class='ocrx_word' id='word_1_290' title='bbox 319 2498 508 2551; x_wconf 86' lang='grc' dir='ltr'>ματος,</span> <span class='ocrx_word' id='word_1_291' title='bbox 569 2475 781 2554; x_wconf 75' lang='grc' dir='ltr'>έλήφθη</span> <span class='ocrx_word' id='word_1_292' title='bbox 842 2474 902 2530; x_wconf 76' lang='grc' dir='ltr'>ἂν</span> <span class='ocrx_word' id='word_1_293' title='bbox 933 2495 1017 2538; x_wconf 88' lang='grc' dir='ltr'>τις</span> <span class='ocrx_word' id='word_1_294' title='bbox 1049 2475 1271 2554; x_wconf 80' lang='grc' dir='ltr'>ἀφορμὴ</span> <span class='ocrx_word' id='word_1_295' title='bbox 1299 2476 1435 2550; x_wconf 87' lang='grc' dir='ltr'>πρὸς</span> <span class='ocrx_word' id='word_1_296' title='bbox 1465 2477 1527 2530; x_wconf 88' lang='grc' dir='ltr'>τὸ</span> <span class='ocrx_word' id='word_1_297' title='bbox 1580 2473 1794 2549; x_wconf 74' lang='grc' dir='ltr'>μᾶλλον</span> <span class='ocrx_word' id='word_1_298' title='bbox 1847 2488 1974 2540; x_wconf 85' lang='grc' dir='ltr'>καθ-</span> 
     </span>
    </p>
   </div>
   <div class='ocr_carea' id='block_1_42' title="bbox 320 2562 1972 2642">
    <p class='ocr_par' dir='ltr' id='par_1_42' title="bbox 320 2562 1972 2642">
     <span class='ocr_line' id='line_1_42' title="bbox 320 2562 1972 2642; baseline 0 -22"><span class='ocrx_word' id='word_1_299' title='bbox 320 2564 521 2630; x_wconf 83' lang='grc' dir='ltr'>ικέσθαι</span> <span class='ocrx_word' id='word_1_300' title='bbox 566 2571 667 2634; x_wconf 80' lang='grc' dir='ltr'>τῆς</span> <span class='ocrx_word' id='word_1_301' title='bbox 700 2562 945 2628; x_wconf 83' lang='grc' dir='ltr'>διανοίας</span> <span class='ocrx_word' id='word_1_302' title='bbox 971 2568 1069 2620; x_wconf 77' lang='grc' dir='ltr'>τοῦ</span> <span class='ocrx_word' id='word_1_303' title='bbox 1121 2567 1468 2642; x_wconf 80' lang='grc' dir='ltr'>προφητικοῦ</span> <span class='ocrx_word' id='word_1_304' title='bbox 1519 2568 1636 2633; x_wconf 77' lang='grc' dir='ltr'>νοῦ,</span> <span class='ocrx_word' id='word_1_305' title='bbox 1669 2563 1758 2619; x_wconf 72' lang='grc' dir='ltr'>καί</span> <span class='ocrx_word' id='word_1_306' title='bbox 1803 2565 1972 2642; x_wconf 79' lang='grc' dir='ltr'>ὲφαρ-</span> 
     </span>
    </p>
   </div>
   <div class='ocr_carea' id='block_1_43' title="bbox 321 2642 1972 2729">
    <p class='ocr_par' dir='ltr' id='par_1_43' title="bbox 321 2642 1972 2729">
     <span class='ocr_line' id='line_1_43' title="bbox 321 2642 1972 2729; baseline -0.001 -20"><span class='ocrx_word' id='word_1_307' title='bbox 321 2655 580 2729; x_wconf 82' lang='grc' dir='ltr'>μόζεσθαι</span> <span class='ocrx_word' id='word_1_308' title='bbox 633 2659 751 2716; x_wconf 90' lang='grc' dir='ltr'>τοῖς</span> <span class='ocrx_word' id='word_1_309' title='bbox 812 2653 1090 2728; x_wconf 80' lang='grc' dir='ltr'>πράγμασι</span> <span class='ocrx_word' id='word_1_310' title='bbox 1119 2642 1188 2708; x_wconf 74' lang='grc' dir='ltr'>τὰ</span> <span class='ocrx_word' id='word_1_311' title='bbox 1225 2654 1277 2707; x_wconf 77' lang='grc' dir='ltr'>ἒν</span> <span class='ocrx_word' id='word_1_312' title='bbox 1309 2658 1430 2715; x_wconf 89' lang='grc' dir='ltr'>τοῖς</span> <span class='ocrx_word' id='word_1_313' title='bbox 1487 2652 1712 2726; x_wconf 84' lang='grc' dir='ltr'>ὀνόμασι</span> <span class='ocrx_word' id='word_1_314' title='bbox 1764 2676 1972 2728; x_wconf 87' lang='grc' dir='ltr'>σημαι-</span> 
     </span>
    </p>
   </div>
   <div class='ocr_carea' id='block_1_44' title="bbox 317 2738 1972 2816">
    <p class='ocr_par' dir='ltr' id='par_1_44' title="bbox 317 2738 1972 2816">
     <span class='ocr_line' id='line_1_44' title="bbox 317 2738 1972 2816; baseline 0 -18"><span class='ocrx_word' id='word_1_315' title='bbox 317 2742 540 2816; x_wconf 90' lang='grc' dir='ltr'>νόμενα.</span> <span class='ocrx_word' id='word_1_316' title='bbox 603 2741 755 2811; x_wconf 80' lang='grc' dir='ltr'>Πλὴν</span> <span class='ocrx_word' id='word_1_317' title='bbox 816 2741 898 2797; x_wconf 77' lang='grc' dir='ltr'>ὅτι</span> <span class='ocrx_word' id='word_1_318' title='bbox 960 2740 1198 2796; x_wconf 68' lang='grc' dir='ltr'>ἐναντίον</span> <span class='ocrx_word' id='word_1_319' title='bbox 1232 2741 1345 2795; x_wconf 76' lang='grc' dir='ltr'>έστὶ</span> <span class='ocrx_word' id='word_1_320' title='bbox 1401 2741 1464 2796; x_wconf 85' lang='grc' dir='ltr'>τὸ</span> <span class='ocrx_word' id='word_1_321' title='bbox 1509 2738 1655 2816; x_wconf 76' lang='grc' dir='ltr'>ὕδωρ</span> <span class='ocrx_word' id='word_1_322' title='bbox 1686 2746 1846 2798; x_wconf 81' lang='grc' dir='ltr'>τοῦτο</span> <span class='ocrx_word' id='word_1_323' title='bbox 1874 2748 1972 2798; x_wconf 78' lang='grc' dir='ltr'>τοῦ</span> 
     </span>
    </p>
   </div>
   <div class='ocr_carea' id='block_1_45' title="bbox 318 2827 1975 2908">
    <p class='ocr_par' dir='ltr' id='par_1_45' title="bbox 318 2827 1975 2908">
     <span class='ocr_line' id='line_1_45' title="bbox 318 2827 1975 2908; baseline 0 -22"><span class='ocrx_word' id='word_1_324' title='bbox 318 2829 511 2893; x_wconf 73' lang='grc' dir='ltr'>ὕδατος</span> <span class='ocrx_word' id='word_1_325' title='bbox 552 2837 653 2901; x_wconf 84' lang='grc' dir='ltr'>τῆς</span> <span class='ocrx_word' id='word_1_326' title='bbox 713 2829 1088 2899; x_wconf 87' lang='grc' dir='ltr'>ἀναπαύσεως,</span> <span class='ocrx_word' id='word_1_327' title='bbox 1147 2827 1229 2907; x_wconf 79' lang='grc' dir='ltr'>ἐφ’</span> <span class='ocrx_word' id='word_1_328' title='bbox 1287 2829 1350 2884; x_wconf 79' lang='grc' dir='ltr'>οὗ</span> <span class='ocrx_word' id='word_1_329' title='bbox 1410 2831 1654 2908; x_wconf 70' lang='grc' dir='ltr'>ἐκτρέφει</span> <span class='ocrx_word' id='word_1_330' title='bbox 1702 2833 1730 2886; x_wconf 97' lang='lat'>6</span> <span class='ocrx_word' id='word_1_331' title='bbox 1777 2831 1975 2907; x_wconf 84' lang='grc' dir='ltr'>Κύριος</span> 
     </span>
    </p>
   </div>
   <div class='ocr_carea' id='block_1_46' title="bbox 319 2918 1973 2993">
    <p class='ocr_par' dir='ltr' id='par_1_46' title="bbox 319 2918 1973 2993">
     <span class='ocr_line' id='line_1_46' title="bbox 319 2918 1973 2993; baseline 0.001 -17"><span class='ocrx_word' id='word_1_332' title='bbox 319 2919 450 2982; x_wconf 80' lang='grc' dir='ltr'>τοὺς</span> <span class='ocrx_word' id='word_1_333' title='bbox 481 2921 570 2975; x_wconf 87' lang='grc' dir='ltr'>ὑπ’</span> <span class='ocrx_word' id='word_1_334' title='bbox 628 2919 792 2975; x_wconf 78' lang='grc' dir='ltr'>αὐτοῦ</span> <span class='ocrx_word' id='word_1_335' title='bbox 825 2918 1314 2993; x_wconf 76' lang='grc' dir='ltr'>ποιμαινομένους⁶</span> <span class='ocrx_word' id='word_1_336' title='bbox 1363 2921 1452 2974; x_wconf 85' lang='grc' dir='ltr'>καὶ</span> <span class='ocrx_word' id='word_1_337' title='bbox 1496 2924 1594 2975; x_wconf 76' lang='grc' dir='ltr'>τοῦ</span> <span class='ocrx_word' id='word_1_338' title='bbox 1645 2918 1857 2990; x_wconf 78' lang='grc' dir='ltr'>ὕδατος,</span> <span class='ocrx_word' id='word_1_339' title='bbox 1910 2923 1973 2977; x_wconf 80' lang='grc' dir='ltr'>οὗ</span> 
     </span>
    </p>
   </div>
   <div class='ocr_carea' id='block_1_47' title="bbox 321 3007 1976 3084">
    <p class='ocr_par' dir='ltr' id='par_1_47' title="bbox 321 3007 1976 3084">
     <span class='ocr_line' id='line_1_47' title="bbox 321 3007 1976 3084; baseline 0.002 -19"><span class='ocrx_word' id='word_1_340' title='bbox 321 3007 545 3065; x_wconf 81' lang='grc' dir='ltr'>δίδωσιν</span> <span class='ocrx_word' id='word_1_341' title='bbox 596 3010 623 3063; x_wconf 89' lang='grc' dir='ltr'>ὁ</span> <span class='ocrx_word' id='word_1_342' title='bbox 667 3009 863 3084; x_wconf 84' lang='grc' dir='ltr'>Κύριος</span> <span class='ocrx_word' id='word_1_343' title='bbox 921 3014 1040 3070; x_wconf 87' lang='grc' dir='ltr'>τοῖς</span> <span class='ocrx_word' id='word_1_344' title='bbox 1091 3007 1435 3063; x_wconf 78' lang='grc' dir='ltr'>πιστεύουσιν</span> <span class='ocrx_word' id='word_1_345' title='bbox 1494 3009 1572 3071; x_wconf 78' lang='grc' dir='ltr'>εἰς</span> <span class='ocrx_word' id='word_1_346' title='bbox 1623 3009 1810 3082; x_wconf 80' lang='grc' dir='ltr'>αὐτὸν,</span> <span class='ocrx_word' id='word_1_347' title='bbox 1855 3009 1976 3068; x_wconf 69' lang='grc' dir='ltr'>οὗό</span> 
     </span>
    </p>
   </div>
   <div class='ocr_carea' id='block_1_48' title="bbox 318 3093 1978 3172">
    <p class='ocr_par' dir='ltr' id='par_1_48' title="bbox 318 3093 1978 3172">
     <span class='ocr_line' id='line_1_48' title="bbox 318 3093 1978 3172; baseline 0.001 -19"><span class='ocrx_word' id='word_1_348' title='bbox 318 3097 668 3167; x_wconf 81' lang='grc' dir='ltr'>καταξιωθεὶς</span> <span class='ocrx_word' id='word_1_349' title='bbox 720 3101 889 3164; x_wconf 80' lang='grc' dir='ltr'>πιεῖν,</span> <span class='ocrx_word' id='word_1_350' title='bbox 920 3093 1040 3171; x_wconf 72' lang='grc' dir='ltr'>ἔχει</span> <span class='ocrx_word' id='word_1_351' title='bbox 1084 3097 1136 3150; x_wconf 77' lang='grc' dir='ltr'>έν</span> <span class='ocrx_word' id='word_1_352' title='bbox 1165 3097 1340 3167; x_wconf 73' lang='grc' dir='ltr'>ἑαυτῷ</span> <span class='ocrx_word' id='word_1_353' title='bbox 1365 3097 1548 3172; x_wconf 73' lang='grc' dir='ltr'>πηγὴν</span> <span class='ocrx_word' id='word_1_354' title='bbox 1577 3095 1772 3159; x_wconf 76' lang='grc' dir='ltr'>ὕδατος</span> <span class='ocrx_word' id='word_1_355' title='bbox 1805 3098 1978 3155; x_wconf 81' lang='grc' dir='ltr'>ἄλλο·</span> 
     </span>
    </p>
   </div>
   <div class='ocr_carea' id='block_1_49' title="bbox 325 3181 1976 3261">
    <p class='ocr_par' dir='ltr' id='par_1_49' title="bbox 325 3181 1976 3261">
     <span class='ocr_line' id='line_1_49' title="bbox 325 3181 1976 3261; baseline 0.002 -22"><span class='ocrx_word' id='word_1_356' title='bbox 325 3185 492 3258; x_wconf 87' lang='grc' dir='ltr'>μένου</span> <span class='ocrx_word' id='word_1_357' title='bbox 545 3184 620 3246; x_wconf 78' lang='grc' dir='ltr'>εἰς</span> <span class='ocrx_word' id='word_1_358' title='bbox 652 3184 796 3252; x_wconf 80' lang='grc' dir='ltr'>ζωὴν</span> <span class='ocrx_word' id='word_1_359' title='bbox 829 3183 1070 3240; x_wconf 73' lang='grc' dir='ltr'>αἰώνιον.</span> <span class='ocrx_word' id='word_1_360' title='bbox 1107 3183 1261 3238; x_wconf 75' lang='grc' dir='ltr'>Οὕτω</span> <span class='ocrx_word' id='word_1_361' title='bbox 1290 3181 1348 3238; x_wconf 75' lang='grc' dir='ltr'>δὲ</span> <span class='ocrx_word' id='word_1_362' title='bbox 1396 3183 1601 3261; x_wconf 76' lang='grc' dir='ltr'>φαῦλον</span> <span class='ocrx_word' id='word_1_363' title='bbox 1632 3185 1723 3239; x_wconf 83' lang='grc' dir='ltr'>καὶ</span> <span class='ocrx_word' id='word_1_364' title='bbox 1758 3185 1976 3251; x_wconf 78' lang='grc' dir='ltr'>οὐδενὸς</span> 
     </span>
    </p>
   </div>
   <div class='ocr_carea' id='block_1_50' title="bbox 2080 2032 3067 2104">
    <p class='ocr_par' dir='ltr' id='par_1_50' title="bbox 2080 2032 3067 2104">
     <span class='ocr_line' id='line_1_50' title="bbox 2080 2032 3067 2104; baseline -0.005 -15"><span class='ocrx_word' id='word_1_365' title='bbox 2080 2048 2284 2089; x_wconf 90' lang='lat' dir='ltr'>eorum</span> <span class='ocrx_word' id='word_1_366' title='bbox 2316 2033 2414 2104; x_wconf 91' lang='lat' dir='ltr'>qui</span> <span class='ocrx_word' id='word_1_367' title='bbox 2449 2033 2701 2088; x_wconf 89' lang='lat' dir='ltr'>audiunt</span> <span class='ocrx_word' id='word_1_368' title='bbox 2727 2032 3067 2088; x_wconf 86' lang='lat' dir='ltr'>utilitatem.</span> 
     </span>
    </p>
   </div>
   <div class='ocr_carea' id='block_1_51' title="bbox 2151 2119 3740 2194">
    <p class='ocr_par' dir='ltr' id='par_1_51' title="bbox 2151 2119 3740 2194">
     <span class='ocr_line' id='line_1_51' title="bbox 2151 2119 3740 2194; baseline -0.001 -19"><span class='ocrx_word' id='word_1_369' title='bbox 2151 2122 2279 2178; x_wconf 82' lang='lat'>299.</span> <span class='ocrx_word' id='word_1_370' title='bbox 2313 2122 2471 2194; x_wconf 81' lang='lat' dir='ltr'>Aqua</span> <span class='ocrx_word' id='word_1_371' title='bbox 2528 2121 2754 2177; x_wconf 77' lang='lat' dir='ltr'>Nebrim</span> <span class='ocrx_word' id='word_1_372' title='bbox 2809 2121 3022 2176; x_wconf 76' lang='lat' dir='ltr'>deserta</span> <span class='ocrx_word' id='word_1_373' title='bbox 3078 2122 3200 2176; x_wconf 73' lang='lat' dir='ltr'>erit.</span> <span class='ocrx_word' id='word_1_374' title='bbox 3235 2119 3525 2175; x_wconf 90' lang='lat' dir='ltr'>Nimirum</span> <span class='ocrx_word' id='word_1_375' title='bbox 3585 2134 3740 2190; x_wconf 89' lang='lat' dir='ltr'>aqua</span> 
     </span>
    </p>
   </div>
   <div class='ocr_carea' id='block_1_52' title="bbox 2083 2207 3744 2284">
    <p class='ocr_par' dir='ltr' id='par_1_52' title="bbox 2083 2207 3744 2284">
     <span class='ocr_line' id='line_1_52' title="bbox 2083 2207 3744 2284; baseline -0.002 -19"><span class='ocrx_word' id='word_1_376' title='bbox 2083 2209 2247 2266; x_wconf 77' lang='lat' dir='ltr'>falsae</span> <span class='ocrx_word' id='word_1_377' title='bbox 2279 2210 2734 2283; x_wconf 64' lang='lat' dir='ltr'>opinionis,quaa</span> <span class='ocrx_word' id='word_1_378' title='bbox 2767 2210 2932 2284; x_wconf 89' lang='lat' dir='ltr'>prius</span> <span class='ocrx_word' id='word_1_379' title='bbox 2967 2210 3187 2265; x_wconf 76' lang='lat' dir='ltr'>affatim</span> <span class='ocrx_word' id='word_1_380' title='bbox 3217 2215 3274 2265; x_wconf 90' lang='lat' dir='ltr'>et</span> <span class='ocrx_word' id='word_1_381' title='bbox 3304 2209 3538 2264; x_wconf 87' lang='lat' dir='ltr'>abunde</span> <span class='ocrx_word' id='word_1_382' title='bbox 3567 2207 3744 2264; x_wconf 87' lang='lat' dir='ltr'>ﬂebat</span> 
     </span>
    </p>
   </div>
   <div class='ocr_carea' id='block_1_53' title="bbox 2084 2297 3742 2373">
    <p class='ocr_par' dir='ltr' id='par_1_53' title="bbox 2084 2297 3742 2373">
     <span class='ocr_line' id='line_1_53' title="bbox 2084 2297 3742 2373; baseline -0.002 -17"><span class='ocrx_word' id='word_1_383' title='bbox 2084 2301 2156 2356; x_wconf 90' lang='lat' dir='ltr'>ad</span> <span class='ocrx_word' id='word_1_384' title='bbox 2188 2317 2391 2356; x_wconf 91' lang='lat' dir='ltr'>eorum</span> <span class='ocrx_word' id='word_1_385' title='bbox 2427 2300 2744 2372; x_wconf 89' lang='lat' dir='ltr'>perniciem</span> <span class='ocrx_word' id='word_1_386' title='bbox 2776 2300 2877 2373; x_wconf 89' lang='lat' dir='ltr'>qui</span> <span class='ocrx_word' id='word_1_387' title='bbox 2910 2317 3036 2356; x_wconf 91' lang='lat' dir='ltr'>eam</span> <span class='ocrx_word' id='word_1_388' title='bbox 3071 2299 3495 2371; x_wconf 82' lang='lat' dir='ltr'>excipiebant,e</span> <span class='ocrx_word' id='word_1_389' title='bbox 3527 2297 3742 2365; x_wconf 90' lang='lat' dir='ltr'>medio,</span> 
     </span>
    </p>
   </div>
   <div class='ocr_carea' id='block_1_54' title="bbox 2082 2378 3742 2460">
    <p class='ocr_par' dir='ltr' id='par_1_54' title="bbox 2082 2378 3742 2460">
     <span class='ocr_line' id='line_1_54' title="bbox 2082 2378 3742 2460; baseline -0.001 -17"><span class='ocrx_word' id='word_1_390' title='bbox 2082 2378 2633 2460; x_wconf 88' lang='lat' dir='ltr'>inquit,tolletur,et</span> <span class='ocrx_word' id='word_1_391' title='bbox 2662 2389 2893 2445; x_wconf 89' lang='lat' dir='ltr'>deserta</span> <span class='ocrx_word' id='word_1_392' title='bbox 2922 2390 3052 2444; x_wconf 90' lang='lat' dir='ltr'>erit.</span> <span class='ocrx_word' id='word_1_393' title='bbox 3076 2388 3238 2453; x_wconf 87' lang='lat' dir='ltr'>Quod</span> <span class='ocrx_word' id='word_1_394' title='bbox 3275 2389 3323 2443; x_wconf 89' lang='lat' dir='ltr'>si</span> <span class='ocrx_word' id='word_1_395' title='bbox 3357 2390 3597 2443; x_wconf 88' lang='lat' dir='ltr'>daretur</span> <span class='ocrx_word' id='word_1_396' title='bbox 3624 2385 3742 2441; x_wconf 89' lang='lat' dir='ltr'>vim</span> 
     </span>
    </p>
   </div>
   <div class='ocr_carea' id='block_1_55' title="bbox 2083 2473 3740 2550">
    <p class='ocr_par' dir='ltr' id='par_1_55' title="bbox 2083 2473 3740 2550">
     <span class='ocr_line' id='line_1_55' title="bbox 2083 2473 3740 2550; baseline -0.002 -18"><span class='ocrx_word' id='word_1_397' title='bbox 2083 2476 2265 2549; x_wconf 82' lang='lat' dir='ltr'>hujus</span> <span class='ocrx_word' id='word_1_398' title='bbox 2315 2477 2576 2533; x_wconf 82' lang='lat' dir='ltr'>nominis</span> <span class='ocrx_word' id='word_1_399' title='bbox 2624 2494 2818 2548; x_wconf 88' lang='lat' dir='ltr'>nosse,</span> <span class='ocrx_word' id='word_1_400' title='bbox 2854 2483 3053 2550; x_wconf 88' lang='lat' dir='ltr'>posset</span> <span class='ocrx_word' id='word_1_401' title='bbox 3101 2478 3236 2533; x_wconf 91' lang='lat' dir='ltr'>inde</span> <span class='ocrx_word' id='word_1_402' title='bbox 3287 2476 3466 2549; x_wconf 87' lang='lat' dir='ltr'>arripi</span> <span class='ocrx_word' id='word_1_403' title='bbox 3513 2473 3740 2532; x_wconf 80' lang='lat' dir='ltr'>occasio</span> 
     </span>
    </p>
   </div>
   <div class='ocr_carea' id='block_1_56' title="bbox 2085 2565 3744 2644">
    <p class='ocr_par' dir='ltr' id='par_1_56' title="bbox 2085 2565 3744 2644">
     <span class='ocr_line' id='line_1_56' title="bbox 2085 2565 3744 2644; baseline -0.002 -22"><span class='ocrx_word' id='word_1_404' title='bbox 2085 2565 2282 2638; x_wconf 87' lang='lat' dir='ltr'>aliqua</span> <span class='ocrx_word' id='word_1_405' title='bbox 2299 2566 2748 2644; x_wconf 84' lang='lat' dir='ltr'>intelligentiam</span> <span class='ocrx_word' id='word_1_406' title='bbox 2770 2585 2983 2624; x_wconf 88' lang='lat' dir='ltr'>sensus</span> <span class='ocrx_word' id='word_1_407' title='bbox 3008 2566 3334 2639; x_wconf 89' lang='lat' dir='ltr'>prophetici</span> <span class='ocrx_word' id='word_1_408' title='bbox 3357 2565 3567 2622; x_wconf 88' lang='lat' dir='ltr'>melius</span> <span class='ocrx_word' id='word_1_409' title='bbox 3585 2579 3744 2622; x_wconf 89' lang='lat' dir='ltr'>asse-</span> 
     </span>
    </p>
   </div>
   <div class='ocr_carea' id='block_1_57' title="bbox 2085 2655 3740 2731">
    <p class='ocr_par' dir='ltr' id='par_1_57' title="bbox 2085 2655 3740 2731">
     <span class='ocr_line' id='line_1_57' title="bbox 2085 2655 3740 2731; baseline -0.001 -21"><span class='ocrx_word' id='word_1_410' title='bbox 2085 2657 2327 2726; x_wconf 88' lang='lat' dir='ltr'>quendi,</span> <span class='ocrx_word' id='word_1_411' title='bbox 2358 2661 2415 2712; x_wconf 89' lang='lat' dir='ltr'>et</span> <span class='ocrx_word' id='word_1_412' title='bbox 2463 2657 2774 2713; x_wconf 90' lang='lat' dir='ltr'>nominum</span> <span class='ocrx_word' id='word_1_413' title='bbox 2823 2657 3312 2731; x_wconf 82' lang='lat' dir='ltr'>signiﬁcationem</span> <span class='ocrx_word' id='word_1_414' title='bbox 3365 2656 3512 2728; x_wconf 88' lang='lat' dir='ltr'>ipsis</span> <span class='ocrx_word' id='word_1_415' title='bbox 3562 2655 3740 2710; x_wconf 89' lang='lat' dir='ltr'>rebus</span> 
     </span>
    </p>
   </div>
   <div class='ocr_carea' id='block_1_58' title="bbox 2085 2744 3740 2820">
    <p class='ocr_par' dir='ltr' id='par_1_58' title="bbox 2085 2744 3740 2820">
     <span class='ocr_line' id='line_1_58' title="bbox 2085 2744 3740 2820; baseline 0 -20"><span class='ocrx_word' id='word_1_416' title='bbox 2085 2747 2589 2802; x_wconf 89' lang='lat' dir='ltr'>accommodandi.</span> <span class='ocrx_word' id='word_1_417' title='bbox 2615 2747 2898 2803; x_wconf 66' lang='lat' dir='ltr'>Caeterum</span> <span class='ocrx_word' id='word_1_418' title='bbox 2925 2764 3078 2820; x_wconf 89' lang='lat' dir='ltr'>aqua</span> <span class='ocrx_word' id='word_1_419' title='bbox 3099 2746 3201 2802; x_wconf 92' lang='lat' dir='ltr'>illa</span> <span class='ocrx_word' id='word_1_420' title='bbox 3223 2763 3386 2819; x_wconf 75' lang='lat' dir='ltr'>aquae</span> <span class='ocrx_word' id='word_1_421' title='bbox 3406 2744 3740 2802; x_wconf 85' lang='lat' dir='ltr'>refectionis</span> 
     </span>
    </p>
   </div>
   <div class='ocr_carea' id='block_1_59' title="bbox 2088 2835 3742 2908">
    <p class='ocr_par' dir='ltr' id='par_1_59' title="bbox 2088 2835 3742 2908">
     <span class='ocr_line' id='line_1_59' title="bbox 2088 2835 3742 2908; baseline -0.001 -18"><span class='ocrx_word' id='word_1_422' title='bbox 2088 2837 2254 2907; x_wconf 75' lang='lat' dir='ltr'>“qua</span> <span class='ocrx_word' id='word_1_423' title='bbox 2275 2853 2422 2907; x_wconf 90' lang='lat' dir='ltr'>quos</span> <span class='ocrx_word' id='word_1_424' title='bbox 2445 2835 2727 2892; x_wconf 88' lang='lat' dir='ltr'>Dominus</span> <span class='ocrx_word' id='word_1_425' title='bbox 2747 2854 2779 2891; x_wconf 91' lang='lat' dir='ltr'>a</span> <span class='ocrx_word' id='word_1_426' title='bbox 2801 2851 2862 2892; x_wconf 91' lang='lat' dir='ltr'>se</span> <span class='ocrx_word' id='word_1_427' title='bbox 2887 2843 3084 2908; x_wconf 88' lang='lat' dir='ltr'>pastos</span> <span class='ocrx_word' id='word_1_428' title='bbox 3097 2836 3640 2904; x_wconf 86' lang='lat' dir='ltr'>enutrit,oontraria</span> <span class='ocrx_word' id='word_1_429' title='bbox 3653 2837 3742 2891; x_wconf 90' lang='lat' dir='ltr'>est</span> 
     </span>
    </p>
   </div>
   <div class='ocr_carea' id='block_1_60' title="bbox 2088 2925 3741 2999">
    <p class='ocr_par' dir='ltr' id='par_1_60' title="bbox 2088 2925 3741 2999">
     <span class='ocr_line' id='line_1_60' title="bbox 2088 2925 3741 2999; baseline 0 -19"><span class='ocrx_word' id='word_1_430' title='bbox 2088 2931 2144 2980; x_wconf 89' lang='lat' dir='ltr'>et</span> <span class='ocrx_word' id='word_1_431' title='bbox 2165 2927 2644 2996; x_wconf 88' lang='lat' dir='ltr'>adversa,estque</span> <span class='ocrx_word' id='word_1_432' title='bbox 2666 2925 2857 2980; x_wconf 90' lang='lat' dir='ltr'>aliena</span> <span class='ocrx_word' id='word_1_433' title='bbox 2879 2928 2949 2980; x_wconf 89' lang='lat' dir='ltr'>ab</span> <span class='ocrx_word' id='word_1_434' title='bbox 2974 2926 3072 2981; x_wconf 87' lang='lat' dir='ltr'>illa</span> <span class='ocrx_word' id='word_1_435' title='bbox 3086 2925 3741 2999; x_wconf 89' lang='lat' dir='ltr'>aqua,quamDominus</span> 
     </span>
    </p>
   </div>
   <div class='ocr_carea' id='block_1_61' title="bbox 2086 3014 3743 3087">
    <p class='ocr_par' dir='ltr' id='par_1_61' title="bbox 2086 3014 3743 3087">
     <span class='ocr_line' id='line_1_61' title="bbox 2086 3014 3743 3087; baseline 0.002 -19"><span class='ocrx_word' id='word_1_436' title='bbox 2086 3014 2184 3080; x_wconf 90' lang='lat' dir='ltr'>iis,</span> <span class='ocrx_word' id='word_1_437' title='bbox 2215 3015 2316 3085; x_wconf 92' lang='lat' dir='ltr'>qui</span> <span class='ocrx_word' id='word_1_438' title='bbox 2348 3014 2406 3069; x_wconf 88' lang='lat' dir='ltr'>in</span> <span class='ocrx_word' id='word_1_439' title='bbox 2440 3031 2502 3070; x_wconf 92' lang='lat' dir='ltr'>se</span> <span class='ocrx_word' id='word_1_440' title='bbox 2549 3015 2818 3081; x_wconf 89' lang='lat' dir='ltr'>credunt,</span> <span class='ocrx_word' id='word_1_441' title='bbox 2868 3015 3133 3087; x_wconf 87' lang='lat' dir='ltr'>impertit</span> <span class='ocrx_word' id='word_1_442' title='bbox 3165 3033 3177 3070; x_wconf 90' lang='lat'><strong>:</strong></span> <span class='ocrx_word' id='word_1_443' title='bbox 3217 3020 3353 3084; x_wconf 88' lang='lat' dir='ltr'>potu</span> <span class='ocrx_word' id='word_1_444' title='bbox 3387 3015 3556 3086; x_wconf 79' lang='lat' dir='ltr'>cujus</span> <span class='ocrx_word' id='word_1_445' title='bbox 3589 3015 3743 3072; x_wconf 75' lang='lat'><strong>606</strong></span> 
     </span>
    </p>
   </div>
   <div class='ocr_carea' id='block_1_62' title="bbox 2091 3101 3746 3175">
    <p class='ocr_par' dir='ltr' id='par_1_62' title="bbox 2091 3101 3746 3175">
     <span class='ocr_line' id='line_1_62' title="bbox 2091 3101 3746 3175; baseline 0.002 -20"><span class='ocrx_word' id='word_1_446' title='bbox 2091 3101 2360 3173; x_wconf 90' lang='lat' dir='ltr'>quisquis</span> <span class='ocrx_word' id='word_1_447' title='bbox 2389 3103 2564 3157; x_wconf 86' lang='lat' dir='ltr'>fuerit</span> <span class='ocrx_word' id='word_1_448' title='bbox 2593 3103 2889 3173; x_wconf 86' lang='lat' dir='ltr'>dignatus,</span> <span class='ocrx_word' id='word_1_449' title='bbox 2924 3103 3100 3159; x_wconf 87' lang='lat' dir='ltr'>habet</span> <span class='ocrx_word' id='word_1_450' title='bbox 3129 3103 3189 3158; x_wconf 88' lang='lat' dir='ltr'>in</span> <span class='ocrx_word' id='word_1_451' title='bbox 3221 3120 3284 3158; x_wconf 92' lang='lat' dir='ltr'>se</span> <span class='ocrx_word' id='word_1_452' title='bbox 3319 3103 3537 3158; x_wconf 81' lang='lat' dir='ltr'>fontem</span> <span class='ocrx_word' id='word_1_453' title='bbox 3578 3120 3746 3175; x_wconf 60' lang='lat' dir='ltr'>aqua:</span> 
     </span>
    </p>
   </div>
   <div class='ocr_carea' id='block_1_63' title="bbox 2093 3189 3748 3265">
    <p class='ocr_par' dir='ltr' id='par_1_63' title="bbox 2093 3189 3748 3265">
     <span class='ocr_line' id='line_1_63' title="bbox 2093 3189 3748 3265; baseline 0.001 -19"><span class='ocrx_word' id='word_1_454' title='bbox 2093 3189 2360 3246; x_wconf 87' lang='lat' dir='ltr'>salientis</span> <span class='ocrx_word' id='word_1_455' title='bbox 2392 3191 2452 3245; x_wconf 91' lang='lat' dir='ltr'>in</span> <span class='ocrx_word' id='word_1_456' title='bbox 2483 3192 2659 3247; x_wconf 87' lang='lat' dir='ltr'>vitam</span> <span class='ocrx_word' id='word_1_457' title='bbox 2694 3195 2972 3247; x_wconf 72' lang='lat' dir='ltr'>mternam</span> <span class='ocrx_word' id='word_1_458' title='bbox 3007 3194 3070 3246; x_wconf 66' lang='lat'>‘9.</span> <span class='ocrx_word' id='word_1_459' title='bbox 3107 3193 3191 3248; x_wconf 88' lang='lat' dir='ltr'>Ita</span> <span class='ocrx_word' id='word_1_460' title='bbox 3223 3196 3415 3247; x_wconf 88' lang='lat' dir='ltr'>autem</span> <span class='ocrx_word' id='word_1_461' title='bbox 3449 3190 3551 3246; x_wconf 91' lang='lat' dir='ltr'>illa</span> <span class='ocrx_word' id='word_1_462' title='bbox 3591 3209 3748 3265; x_wconf 89' lang='lat' dir='ltr'>aqua</span> 
     </span>
    </p>
   </div>
   <div class='ocr_carea' id='block_1_64' title="bbox 323 3250 1974 3351">
    <p class='ocr_par' dir='ltr' id='par_1_64' title="bbox 323 3250 1974 3351">
     <span class='ocr_line' id='line_1_64' title="bbox 323 3250 1974 3351; baseline 0.002 -22"><span class='ocrx_word' id='word_1_463' title='bbox 323 3250 469 3344; x_wconf 66' lang='grc' dir='ltr'>ίέξιον</span> <span class='ocrx_word' id='word_1_464' title='bbox 526 3272 590 3328; x_wconf 81' lang='grc' dir='ltr'>τὸ</span> <span class='ocrx_word' id='word_1_465' title='bbox 621 3250 765 3347; x_wconf 80' lang='grc' dir='ltr'>ὕδωρ</span> <span class='ocrx_word' id='word_1_466' title='bbox 797 3275 982 3339; x_wconf 76' lang='grc' dir='ltr'>τοῦτο,</span> <span class='ocrx_word' id='word_1_467' title='bbox 1015 3271 1099 3326; x_wconf 75' lang='grc' dir='ltr'>ὅτι</span> <span class='ocrx_word' id='word_1_468' title='bbox 1131 3269 1284 3327; x_wconf 69' lang='grc' dir='ltr'>οὐδὲν</span> <span class='ocrx_word' id='word_1_469' title='bbox 1317 3250 1460 3328; x_wconf 76' lang='grc' dir='ltr'>ἄλλο</span> <span class='ocrx_word' id='word_1_470' title='bbox 1491 3274 1526 3343; x_wconf 76' lang='grc' dir='ltr'>ἢ</span> <span class='ocrx_word' id='word_1_471' title='bbox 1559 3273 1761 3349; x_wconf 84' lang='grc' dir='ltr'>χόρτον</span> <span class='ocrx_word' id='word_1_472' title='bbox 1795 3277 1974 3351; x_wconf 81' lang='grc' dir='ltr'>έκτρέ-</span> 
     </span>
    </p>
   </div>
   <div class='ocr_carea' id='block_1_65' title="bbox 2090 3250 3747 3351">
    <p class='ocr_par' dir='ltr' id='par_1_65' title="bbox 2097 3250 3747 3350">
     <span class='ocr_line' id='line_1_65' title="bbox 2097 3250 3747 3350; baseline 0.001 -15"><span class='ocrx_word' id='word_1_473' title='bbox 2097 3279 2247 3335; x_wconf 90' lang='lat' dir='ltr'>mala</span> <span class='ocrx_word' id='word_1_474' title='bbox 2278 3284 2366 3335; x_wconf 88' lang='lat' dir='ltr'>est</span> <span class='ocrx_word' id='word_1_475' title='bbox 2395 3285 2450 3335; x_wconf 89' lang='lat' dir='ltr'>et</span> <span class='ocrx_word' id='word_1_476' title='bbox 2481 3280 2646 3336; x_wconf 90' lang='lat' dir='ltr'>nihili</span> <span class='ocrx_word' id='word_1_477' title='bbox 2684 3281 2969 3350; x_wconf 79' lang='lat' dir='ltr'>facienda,</span> <span class='ocrx_word' id='word_1_478' title='bbox 3005 3287 3068 3337; x_wconf 90' lang='lat' dir='ltr'>ut</span> <span class='ocrx_word' id='word_1_479' title='bbox 3100 3281 3219 3337; x_wconf 88' lang='lat' dir='ltr'>alat</span> <span class='ocrx_word' id='word_1_480' title='bbox 3260 3281 3408 3337; x_wconf 87' lang='lat' dir='ltr'>nihil</span> <span class='ocrx_word' id='word_1_481' title='bbox 3440 3281 3597 3337; x_wconf 90' lang='lat' dir='ltr'>aliud</span> <span class='ocrx_word' id='word_1_482' title='bbox 3631 3250 3747 3337; x_wconf 74' lang='lat' dir='ltr'>nisi</span> 
     </span>
    </p>
   </div>
   <div class='ocr_carea' id='block_1_66' title="bbox 325 3357 1983 3442">
    <p class='ocr_par' dir='ltr' id='par_1_66' title="bbox 325 3357 1983 3442">
     <span class='ocr_line' id='line_1_66' title="bbox 325 3357 1983 3442; baseline 0.001 -23"><span class='ocrx_word' id='word_1_483' title='bbox 325 3383 412 3442; x_wconf 78' lang='grc' dir='ltr'>φει</span> <span class='ocrx_word' id='word_1_484' title='bbox 460 3364 596 3436; x_wconf 88' lang='grc'>(47),</span> <span class='ocrx_word' id='word_1_485' title='bbox 658 3360 718 3424; x_wconf 76' lang='grc' dir='ltr'>ὅς</span> <span class='ocrx_word' id='word_1_486' title='bbox 749 3361 839 3416; x_wconf 82' lang='grc' dir='ltr'>καὶ</span> <span class='ocrx_word' id='word_1_487' title='bbox 891 3360 1055 3422; x_wconf 78' lang='grc' dir='ltr'>αὐτὸς</span> <span class='ocrx_word' id='word_1_488' title='bbox 1105 3359 1204 3415; x_wconf 80' lang='grc' dir='ltr'>οὐκ</span> <span class='ocrx_word' id='word_1_489' title='bbox 1252 3357 1419 3418; x_wconf 57' lang='grc' dir='ltr'>ἔσται.</span> <span class='ocrx_word' id='word_1_490' title='bbox 1449 3363 1759 3432; x_wconf 82' lang='grc' dir='ltr'>Τουτέστιν,</span> <span class='ocrx_word' id='word_1_491' title='bbox 1791 3367 1846 3419; x_wconf 75' lang='grc' dir='ltr'>αἱ</span> <span class='ocrx_word' id='word_1_492' title='bbox 1875 3369 1983 3439; x_wconf 79' lang='grc' dir='ltr'>ψυ-</span> 
     </span>
    </p>
   </div>
   <div class='ocr_carea' id='block_1_67' title="bbox 325 3448 1982 3527">
    <p class='ocr_par' dir='ltr' id='par_1_67' title="bbox 325 3448 1982 3527">
     <span class='ocr_line' id='line_1_67' title="bbox 325 3448 1982 3527; baseline 0.002 -21"><span class='ocrx_word' id='word_1_493' title='bbox 325 3452 446 3527; x_wconf 84' lang='grc' dir='ltr'>χαὶ,</span> <span class='ocrx_word' id='word_1_494' title='bbox 479 3452 533 3504; x_wconf 79' lang='grc' dir='ltr'>αἱ</span> <span class='ocrx_word' id='word_1_495' title='bbox 584 3450 685 3520; x_wconf 80' lang='grc' dir='ltr'>τὴν</span> <span class='ocrx_word' id='word_1_496' title='bbox 735 3448 1069 3526; x_wconf 86' lang='grc' dir='ltr'>πρόσκαιρον</span> <span class='ocrx_word' id='word_1_497' title='bbox 1097 3449 1302 3520; x_wconf 87' lang='grc' dir='ltr'>ταύτην</span> <span class='ocrx_word' id='word_1_498' title='bbox 1333 3449 1422 3504; x_wconf 83' lang='grc' dir='ltr'>καὶ</span> <span class='ocrx_word' id='word_1_499' title='bbox 1466 3450 1610 3526; x_wconf 80' lang='grc' dir='ltr'>ταχὺ</span> <span class='ocrx_word' id='word_1_500' title='bbox 1647 3457 1982 3527; x_wconf 75' lang='grc' dir='ltr'>μαραινομέ-</span> 
     </span>
    </p>
   </div>
   <div class='ocr_carea' id='block_1_68' title="bbox 324 3535 1982 3615">
    <p class='ocr_par' dir='ltr' id='par_1_68' title="bbox 324 3535 1982 3615">
     <span class='ocr_line' id='line_1_68' title="bbox 324 3535 1982 3615; baseline 0.001 -20"><span class='ocrx_word' id='word_1_501' title='bbox 324 3561 427 3613; x_wconf 89' lang='grc' dir='ltr'>νμν</span> <span class='ocrx_word' id='word_1_502' title='bbox 485 3542 582 3594; x_wconf 76' lang='grc' dir='ltr'>τοῦ</span> <span class='ocrx_word' id='word_1_503' title='bbox 630 3537 842 3612; x_wconf 88' lang='grc' dir='ltr'>κόσμου</span> <span class='ocrx_word' id='word_1_504' title='bbox 892 3535 1047 3609; x_wconf 81' lang='grc' dir='ltr'>δόξαν</span> <span class='ocrx_word' id='word_1_505' title='bbox 1081 3535 1529 3611; x_wconf 73' lang='grc' dir='ltr'>πεπαιδευμέναι,</span> <span class='ocrx_word' id='word_1_506' title='bbox 1559 3539 1702 3613; x_wconf 83' lang='grc' dir='ltr'>ταχὺ</span> <span class='ocrx_word' id='word_1_507' title='bbox 1736 3542 1982 3615; x_wconf 79' lang='grc' dir='ltr'>ἀπανθή-</span> 
     </span>
    </p>
   </div>
   <div class='ocr_carea' id='block_1_69' title="bbox 327 3623 1980 3703">
    <p class='ocr_par' dir='ltr' id='par_1_69' title="bbox 327 3623 1980 3703">
     <span class='ocr_line' id='line_1_69' title="bbox 327 3623 1980 3703; baseline 0.002 -19"><span class='ocrx_word' id='word_1_508' title='bbox 327 3649 502 3697; x_wconf 86' lang='grc' dir='ltr'>σουσι,</span> <span class='ocrx_word' id='word_1_509' title='bbox 531 3632 630 3684; x_wconf 78' lang='grc' dir='ltr'>τοῦ</span> <span class='ocrx_word' id='word_1_510' title='bbox 661 3626 824 3684; x_wconf 76' lang='grc' dir='ltr'>οἱονεὶ</span> <span class='ocrx_word' id='word_1_511' title='bbox 884 3623 1145 3702; x_wconf 72' lang='grc' dir='ltr'>ἅρδοντος</span> <span class='ocrx_word' id='word_1_512' title='bbox 1176 3625 1337 3689; x_wconf 83' lang='grc' dir='ltr'>αὺτὰς</span> <span class='ocrx_word' id='word_1_513' title='bbox 1368 3623 1534 3703; x_wconf 88' lang='grc' dir='ltr'>λόγου</span> <span class='ocrx_word' id='word_1_514' title='bbox 1575 3629 1670 3703; x_wconf 77' lang='grc' dir='ltr'>ὲρη</span> <span class='ocrx_word' id='word_1_515' title='bbox 1683 3630 1980 3701; x_wconf 81' lang='grc' dir='ltr'>μωθέντος.</span> 
     </span>
    </p>
   </div>
   <div class='ocr_carea' id='block_1_70' title="bbox 326 3713 1980 3796">
    <p class='ocr_par' dir='ltr' id='par_1_70' title="bbox 326 3713 1980 3796">
     <span class='ocr_line' id='line_1_70' title="bbox 326 3713 1980 3796; baseline 0.002 -23"><span class='ocrx_word' id='word_1_516' title='bbox 326 3719 418 3785; x_wconf 75' lang='grc' dir='ltr'>Μὴ</span> <span class='ocrx_word' id='word_1_517' title='bbox 464 3716 556 3770; x_wconf 83' lang='grc' dir='ltr'>καὶ</span> <span class='ocrx_word' id='word_1_518' title='bbox 618 3715 761 3771; x_wconf 70' lang='grc' dir='ltr'>οὕτω</span> <span class='ocrx_word' id='word_1_519' title='bbox 824 3713 1018 3788; x_wconf 85' lang='grc' dir='ltr'>μέλλει</span> <span class='ocrx_word' id='word_1_520' title='bbox 1075 3722 1347 3785; x_wconf 85' lang='grc' dir='ltr'>σωθῆναι;</span> <span class='ocrx_word' id='word_1_521' title='bbox 1399 3716 1674 3772; x_wconf 87' lang='grc' dir='ltr'>Δείκνυσιν</span> <span class='ocrx_word' id='word_1_522' title='bbox 1711 3718 1740 3772; x_wconf 87' lang='lat'>6</span> <span class='ocrx_word' id='word_1_523' title='bbox 1795 3720 1980 3796; x_wconf 89' lang='grc' dir='ltr'>λόγος,</span> 
     </span>
    </p>
   </div>
   <div class='ocr_carea' id='block_1_71' title="bbox 330 3799 1981 3874">
    <p class='ocr_par' dir='ltr' id='par_1_71' title="bbox 330 3799 1981 3874">
     <span class='ocr_line' id='line_1_71' title="bbox 330 3799 1981 3874; baseline 0.004 -17"><span class='ocrx_word' id='word_1_524' title='bbox 330 3801 415 3857; x_wconf 71' lang='grc' dir='ltr'>ὅτι</span> <span class='ocrx_word' id='word_1_525' title='bbox 451 3799 730 3874; x_wconf 84' lang='grc' dir='ltr'>μέλλουσα</span> <span class='ocrx_word' id='word_1_526' title='bbox 759 3804 1023 3871; x_wconf 85' lang='grc' dir='ltr'>σώζεσθαι</span> <span class='ocrx_word' id='word_1_527' title='bbox 1077 3805 1113 3872; x_wconf 79' lang='grc' dir='ltr'>ἡ</span> <span class='ocrx_word' id='word_1_528' title='bbox 1169 3799 1472 3873; x_wconf 72' lang='grc' dir='ltr'>Μωαϐῖτις,</span> <span class='ocrx_word' id='word_1_529' title='bbox 1533 3802 1684 3868; x_wconf 83' lang='grc' dir='ltr'>ὁδοῖς</span> <span class='ocrx_word' id='word_1_530' title='bbox 1734 3829 1842 3864; x_wconf 91' lang='grc' dir='ltr'>τισι</span> <span class='ocrx_word' id='word_1_531' title='bbox 1891 3812 1981 3866; x_wconf 76' lang='grc' dir='ltr'>καὶ</span> 
     </span>
    </p>
   </div>
   <div class='ocr_carea' id='block_1_72' title="bbox 323 3889 1980 3975">
    <p class='ocr_par' dir='ltr' id='par_1_72' title="bbox 323 3889 1980 3975">
     <span class='ocr_line' id='line_1_72' title="bbox 323 3889 1980 3975; baseline 0.015 -44"><span class='ocrx_word' id='word_1_532' title='bbox 323 3889 568 3965; x_wconf 79' lang='grc' dir='ltr'>ἀγωγαῖς</span> <span class='ocrx_word' id='word_1_533' title='bbox 624 3891 737 3963; x_wconf 78' lang='grc'>(48)</span> <span class='ocrx_word' id='word_1_534' title='bbox 797 3892 1150 3960; x_wconf 82' lang='grc' dir='ltr'>σωθήσεται,</span> <span class='ocrx_word' id='word_1_535' title='bbox 1233 3890 1324 3946; x_wconf 81' lang='grc' dir='ltr'>καί</span> <span class='ocrx_word' id='word_1_536' title='bbox 1378 3898 1496 3956; x_wconf 86' lang='grc' dir='ltr'>τοῖς</span> <span class='ocrx_word' id='word_1_537' title='bbox 1550 3891 1980 3975; x_wconf 84' lang='grc' dir='ltr'>ἐπιπονωτέροις</span> 
     </span>
    </p>
   </div>
   <div class='ocr_carea' id='block_1_73' title="bbox 327 3976 1978 4061">
    <p class='ocr_par' dir='ltr' id='par_1_73' title="bbox 327 3976 1978 4061">
     <span class='ocr_line' id='line_1_73' title="bbox 327 3976 1978 4061; baseline 0.006 -28"><span class='ocrx_word' id='word_1_538' title='bbox 327 3976 683 4052; x_wconf 85' lang='grc' dir='ltr'>παιδεύμασιν</span> <span class='ocrx_word' id='word_1_539' title='bbox 772 3979 1129 4054; x_wconf 77' lang='grc' dir='ltr'>ἒναχθήσεται</span> <span class='ocrx_word' id='word_1_540' title='bbox 1187 3978 1264 4042; x_wconf 73' lang='grc' dir='ltr'>εἷς</span> <span class='ocrx_word' id='word_1_541' title='bbox 1309 3979 1629 4054; x_wconf 86' lang='grc' dir='ltr'>σωτηρίαν.</span> <span class='ocrx_word' id='word_1_542' title='bbox 1717 3986 1787 4040; x_wconf 87' lang='grc' dir='ltr'>Τὸ</span> <span class='ocrx_word' id='word_1_543' title='bbox 1852 3987 1978 4061; x_wconf 79' lang='grc' dir='ltr'>γὰρ,</span> 
     </span>
    </p>
   </div>
   <div class='ocr_carea' id='block_1_74' title="bbox 322 4063 1977 4146">
    <p class='ocr_par' dir='ltr' id='par_1_74' title="bbox 322 4063 1977 4146">
     <span class='ocr_line' id='line_1_74' title="bbox 322 4063 1977 4146; baseline 0.005 -23"><span class='ocrx_word' id='word_1_544' title='bbox 322 4068 644 4124; x_wconf 87' lang='grc' dir='ltr'>Ἀπολεῖται</span> <span class='ocrx_word' id='word_1_545' title='bbox 730 4070 765 4138; x_wconf 78' lang='grc' dir='ltr'><strong>ἡ</strong></span> <span class='ocrx_word' id='word_1_546' title='bbox 853 4063 1146 4140; x_wconf 88' lang='grc' dir='ltr'>Μοαϐῖτις,</span> <span class='ocrx_word' id='word_1_547' title='bbox 1230 4069 1344 4139; x_wconf 89' lang='grc' dir='ltr'>καὶ,</span> <span class='ocrx_word' id='word_1_548' title='bbox 1402 4070 1610 4135; x_wconf 84' lang='grc' dir='ltr'>Νυκτὸς</span> <span class='ocrx_word' id='word_1_549' title='bbox 1669 4072 1977 4146; x_wconf 81' lang='grc' dir='ltr'>ἀπολεῖται,</span> 
     </span>
    </p>
   </div>
   <div class='ocr_carea' id='block_1_75' title="bbox 319 4155 1975 4242">
    <p class='ocr_par' dir='ltr' id='par_1_75' title="bbox 319 4155 1975 4242">
     <span class='ocr_line' id='line_1_75' title="bbox 319 4155 1975 4242; baseline 0.005 -30"><span class='ocrx_word' id='word_1_550' title='bbox 319 4157 409 4212; x_wconf 86' lang='grc' dir='ltr'>καὶ</span> <span class='ocrx_word' id='word_1_551' title='bbox 469 4155 567 4212; x_wconf 75' lang='grc' dir='ltr'>ὅσα</span> <span class='ocrx_word' id='word_1_552' title='bbox 597 4155 744 4214; x_wconf 77' lang='grc' dir='ltr'>ἄλλά</span> <span class='ocrx_word' id='word_1_553' title='bbox 774 4155 1010 4234; x_wconf 76' lang='grc' dir='ltr'>εἷ’ρηται,</span> <span class='ocrx_word' id='word_1_554' title='bbox 1039 4159 1176 4234; x_wconf 87' lang='grc' dir='ltr'>πρὸς</span> <span class='ocrx_word' id='word_1_555' title='bbox 1203 4162 1370 4214; x_wconf 80' lang='grc' dir='ltr'>τοῦτκ</span> <span class='ocrx_word' id='word_1_556' title='bbox 1401 4156 1516 4234; x_wconf 68' lang='grc' dir='ltr'>ἔχει</span> <span class='ocrx_word' id='word_1_557' title='bbox 1547 4161 1648 4231; x_wconf 74' lang='grc' dir='ltr'>τὴν</span> <span class='ocrx_word' id='word_1_558' title='bbox 1681 4163 1975 4242; x_wconf 73' lang='grc' dir='ltr'>ἀναφορὰν,</span> 
     </span>
    </p>
   </div>
   <div class='ocr_carea' id='block_1_76' title="bbox 319 4245 1976 4325">
    <p class='ocr_par' dir='ltr' id='par_1_76' title="bbox 319 4245 1976 4325">
     <span class='ocr_line' id='line_1_76' title="bbox 319 4245 1976 4325; baseline 0.005 -23"><span class='ocrx_word' id='word_1_559' title='bbox 319 4247 403 4302; x_wconf 77' lang='grc' dir='ltr'>ὃτι</span> <span class='ocrx_word' id='word_1_560' title='bbox 459 4251 628 4302; x_wconf 72' lang='grc' dir='ltr'>ταῦτα</span> <span class='ocrx_word' id='word_1_561' title='bbox 679 4245 882 4321; x_wconf 86' lang='grc' dir='ltr'>γίνεται</span> <span class='ocrx_word' id='word_1_562' title='bbox 941 4246 1080 4324; x_wconf 87' lang='grc' dir='ltr'>πρὸς</span> <span class='ocrx_word' id='word_1_563' title='bbox 1134 4247 1197 4302; x_wconf 85' lang='grc' dir='ltr'>τὸ</span> <span class='ocrx_word' id='word_1_564' title='bbox 1255 4255 1499 4319; x_wconf 85' lang='grc' dir='ltr'>σωθῆναι</span> <span class='ocrx_word' id='word_1_565' title='bbox 1541 4249 1733 4322; x_wconf 81' lang='grc' dir='ltr'>αὐτήν.</span> <span class='ocrx_word' id='word_1_566' title='bbox 1764 4255 1976 4325; x_wconf 76' lang='grc' dir='ltr'>Ἐπάξω</span> 
     </span>
    </p>
   </div>
   <div class='ocr_carea' id='block_1_77' title="bbox 321 4331 1975 4420">
    <p class='ocr_par' dir='ltr' id='par_1_77' title="bbox 321 4331 1975 4420">
     <span class='ocr_line' id='line_1_77' title="bbox 321 4331 1975 4420; baseline 0.006 -30"><span class='ocrx_word' id='word_1_567' title='bbox 321 4337 424 4410; x_wconf 86' lang='grc' dir='ltr'>γὰρ</span> <span class='ocrx_word' id='word_1_568' title='bbox 478 4335 566 4390; x_wconf 78' lang='grc' dir='ltr'>έπὶ</span> <span class='ocrx_word' id='word_1_569' title='bbox 619 4336 718 4406; x_wconf 78' lang='grc' dir='ltr'>τὴν</span> <span class='ocrx_word' id='word_1_570' title='bbox 779 4337 1031 4412; x_wconf 82' lang='grc' dir='ltr'>φάραγγη</span> <span class='ocrx_word' id='word_1_571' title='bbox 1092 4331 1358 4412; x_wconf 67' lang='grc' dir='ltr'>Ἄραϐας.</span> <span class='ocrx_word' id='word_1_572' title='bbox 1415 4338 1483 4394; x_wconf 76' lang='lat' dir='ltr'>Ol</span> <span class='ocrx_word' id='word_1_573' title='bbox 1545 4339 1640 4412; x_wconf 71' lang='grc' dir='ltr'>μὲν</span> <span class='ocrx_word' id='word_1_574' title='bbox 1699 4343 1800 4418; x_wconf 78' lang='grc' dir='ltr'>γὰρ</span> <span class='ocrx_word' id='word_1_575' title='bbox 1862 4346 1975 4420; x_wconf 84' lang='grc'>(49)</span> 
     </span>
    </p>
   </div>
   <div class='ocr_carea' id='block_1_78' title="bbox 317 4421 1975 4502">
    <p class='ocr_par' dir='ltr' id='par_1_78' title="bbox 317 4421 1975 4502">
     <span class='ocr_line' id='line_1_78' title="bbox 317 4421 1975 4502; baseline 0.004 -22"><span class='ocrx_word' id='word_1_576' title='bbox 317 4423 575 4501; x_wconf 89' lang='grc' dir='ltr'>πρότεροι</span> <span class='ocrx_word' id='word_1_577' title='bbox 635 4421 724 4478; x_wconf 79' lang='grc' dir='ltr'>διὰ</span> <span class='ocrx_word' id='word_1_578' title='bbox 781 4428 878 4479; x_wconf 80' lang='grc' dir='ltr'>τοῦ</span> <span class='ocrx_word' id='word_1_579' title='bbox 930 4423 1222 4500; x_wconf 82' lang='grc' dir='ltr'>κλαυθμοῦ</span> <span class='ocrx_word' id='word_1_580' title='bbox 1279 4427 1637 4498; x_wconf 78' lang='grc' dir='ltr'>σωθήσονταιο</span> <span class='ocrx_word' id='word_1_581' title='bbox 1703 4432 1756 4484; x_wconf 79' lang='grc' dir='ltr'>οἱ</span> <span class='ocrx_word' id='word_1_582' title='bbox 1789 4429 1846 4486; x_wconf 73' lang='grc' dir='ltr'>δὲ</span> <span class='ocrx_word' id='word_1_583' title='bbox 1875 4435 1975 4502; x_wconf 79' lang='grc' dir='ltr'>τὴν</span> 
     </span>
    </p>
   </div>
   <div class='ocr_carea' id='block_1_79' title="bbox 316 4511 1973 4598">
    <p class='ocr_par' dir='ltr' id='par_1_79' title="bbox 316 4511 1973 4598">
     <span class='ocr_line' id='line_1_79' title="bbox 316 4511 1973 4598; baseline -0.003 -27"><span class='ocrx_word' id='word_1_584' title='bbox 316 4514 682 4590; x_wconf 82' lang='grc' dir='ltr'>ἀμετανόητον</span> <span class='ocrx_word' id='word_1_585' title='bbox 741 4512 967 4590; x_wconf 74' lang='grc' dir='ltr'>καρδίαν</span> <span class='ocrx_word' id='word_1_586' title='bbox 1012 4511 1256 4590; x_wconf 76' lang='grc' dir='ltr'>ἔχοντες,</span> <span class='ocrx_word' id='word_1_587' title='bbox 1309 4513 1401 4571; x_wconf 83' lang='grc' dir='ltr'>διὰ</span> <span class='ocrx_word' id='word_1_588' title='bbox 1441 4520 1538 4586; x_wconf 79' lang='grc' dir='ltr'>τῆς</span> <span class='ocrx_word' id='word_1_589' title='bbox 1590 4519 1642 4574; x_wconf 79' lang='grc' dir='ltr'>ὲν</span> <span class='ocrx_word' id='word_1_590' title='bbox 1673 4525 1783 4575; x_wconf 79' lang='grc' dir='ltr'>τῶν</span> <span class='ocrx_word' id='word_1_591' title='bbox 1817 4522 1973 4598; x_wconf 83' lang='grc' dir='ltr'>Ἀρά.</span> 
     </span>
    </p>
   </div>
   <div class='ocr_carea' id='block_1_80' title="bbox 2097 3368 3745 3440">
    <p class='ocr_par' dir='ltr' id='par_1_80' title="bbox 2097 3368 3745 3440">
     <span class='ocr_line' id='line_1_80' title="bbox 2097 3368 3745 3440; baseline 0.002 -16"><span class='ocrx_word' id='word_1_592' title='bbox 2097 3368 2314 3435; x_wconf 86' lang='lat' dir='ltr'>fenum,</span> <span class='ocrx_word' id='word_1_593' title='bbox 2346 3369 2500 3440; x_wconf 93' lang='lat' dir='ltr'>quod</span> <span class='ocrx_word' id='word_1_594' title='bbox 2547 3374 2605 3424; x_wconf 86' lang='lat' dir='ltr'>et</span> <span class='ocrx_word' id='word_1_595' title='bbox 2652 3369 2848 3440; x_wconf 89' lang='lat' dir='ltr'>ipsum</span> <span class='ocrx_word' id='word_1_596' title='bbox 2903 3387 3017 3426; x_wconf 89' lang='lat' dir='ltr'>non</span> <span class='ocrx_word' id='word_1_597' title='bbox 3069 3371 3201 3426; x_wconf 86' lang='lat' dir='ltr'>erit.</span> <span class='ocrx_word' id='word_1_598' title='bbox 3237 3372 3349 3426; x_wconf 83' lang='lat' dir='ltr'>Hoc</span> <span class='ocrx_word' id='word_1_599' title='bbox 3397 3375 3487 3426; x_wconf 90' lang='lat' dir='ltr'>est</span> <span class='ocrx_word' id='word_1_600' title='bbox 3537 3371 3745 3427; x_wconf 67' lang='lat' dir='ltr'>animas</span> 
     </span>
    </p>
   </div>
   <div class='ocr_carea' id='block_1_81' title="bbox 2094 3458 3746 3529">
    <p class='ocr_par' dir='ltr' id='par_1_81' title="bbox 2094 3458 3746 3529">
     <span class='ocr_line' id='line_1_81' title="bbox 2094 3458 3746 3529; baseline 0.002 -17"><span class='ocrx_word' id='word_1_601' title='bbox 2094 3458 2512 3529; x_wconf 86' lang='lat' dir='ltr'>temporariam</span> <span class='ocrx_word' id='word_1_602' title='bbox 2535 3459 2686 3514; x_wconf 90' lang='lat' dir='ltr'>hanc</span> <span class='ocrx_word' id='word_1_603' title='bbox 2704 3459 3044 3514; x_wconf 87' lang='lat' dir='ltr'>etocissime</span> <span class='ocrx_word' id='word_1_604' title='bbox 3059 3464 3515 3516; x_wconf 87' lang='lat' dir='ltr'>marcescentem</span> <span class='ocrx_word' id='word_1_605' title='bbox 3539 3461 3746 3516; x_wconf 90' lang='lat' dir='ltr'>mundi</span> 
     </span>
    </p>
   </div>
   <div class='ocr_carea' id='block_1_82' title="bbox 2093 3546 3749 3622">
    <p class='ocr_par' dir='ltr' id='par_1_82' title="bbox 2093 3546 3749 3622">
     <span class='ocr_line' id='line_1_82' title="bbox 2093 3546 3749 3622; baseline 0.005 -22"><span class='ocrx_word' id='word_1_606' title='bbox 2093 3546 2336 3616; x_wconf 84' lang='lat' dir='ltr'>gloriam</span> <span class='ocrx_word' id='word_1_607' title='bbox 2350 3564 2448 3618; x_wconf 89' lang='lat' dir='ltr'>seq</span> <span class='ocrx_word' id='word_1_608' title='bbox 2459 3547 2515 3601; x_wconf 89' lang='lat' dir='ltr'>ui</span> <span class='ocrx_word' id='word_1_609' title='bbox 2527 3549 2593 3603; x_wconf 91' lang='lat' dir='ltr'>ed</span> <span class='ocrx_word' id='word_1_610' title='bbox 2603 3552 3030 3615; x_wconf 65' lang='lat' dir='ltr'>octm,sermone</span> <span class='ocrx_word' id='word_1_611' title='bbox 3045 3567 3076 3622; x_wconf 94' lang='lat' dir='ltr'>q</span> <span class='ocrx_word' id='word_1_612' title='bbox 3088 3549 3143 3604; x_wconf 90' lang='lat' dir='ltr'>ui</span> <span class='ocrx_word' id='word_1_613' title='bbox 3158 3566 3256 3605; x_wconf 88' lang='lat' dir='ltr'>eas</span> <span class='ocrx_word' id='word_1_614' title='bbox 3270 3549 3435 3622; x_wconf 91' lang='lat' dir='ltr'>quasi</span> <span class='ocrx_word' id='word_1_615' title='bbox 3447 3549 3749 3621; x_wconf 83' lang='lat' dir='ltr'>irrigabat.</span> 
     </span>
    </p>
   </div>
   <div class='ocr_carea' id='block_1_83' title="bbox 2093 3635 3750 3713">
    <p class='ocr_par' dir='ltr' id='par_1_83' title="bbox 2093 3635 3750 3713">
     <span class='ocr_line' id='line_1_83' title="bbox 2093 3635 3750 3713; baseline 0.004 -24"><span class='ocrx_word' id='word_1_616' title='bbox 2093 3639 2318 3690; x_wconf 86' lang='lat' dir='ltr'>vastato</span> <span class='ocrx_word' id='word_1_617' title='bbox 2340 3653 2405 3691; x_wconf 89' lang='lat' dir='ltr'>ac</span> <span class='ocrx_word' id='word_1_618' title='bbox 2428 3635 2639 3704; x_wconf 88' lang='lat' dir='ltr'>deleto,</span> <span class='ocrx_word' id='word_1_619' title='bbox 2665 3639 2971 3693; x_wconf 83' lang='lat' dir='ltr'>confestim</span> <span class='ocrx_word' id='word_1_620' title='bbox 2999 3640 3465 3696; x_wconf 89' lang='lat' dir='ltr'>immarcescent.</span> <span class='ocrx_word' id='word_1_621' title='bbox 3489 3639 3750 3713; x_wconf 79' lang='lat' dir='ltr'>Nunquid</span> 
     </span>
    </p>
   </div>
   <div class='ocr_carea' id='block_1_84' title="bbox 2092 3725 3744 3799">
    <p class='ocr_par' dir='ltr' id='par_1_84' title="bbox 2092 3725 3744 3799">
     <span class='ocr_line' id='line_1_84' title="bbox 2092 3725 3744 3799; baseline 0.004 -19"><span class='ocrx_word' id='word_1_622' title='bbox 2092 3727 2244 3780; x_wconf 66' lang='lat' dir='ltr'>sisic</span> <span class='ocrx_word' id='word_1_623' title='bbox 2272 3725 2537 3781; x_wconf 81' lang='lat' dir='ltr'>salvanda</span> <span class='ocrx_word' id='word_1_624' title='bbox 2553 3730 2676 3782; x_wconf 80' lang='lat' dir='ltr'>est?</span> <span class='ocrx_word' id='word_1_625' title='bbox 2702 3728 3004 3799; x_wconf 87' lang='lat' dir='ltr'>Scriptura</span> <span class='ocrx_word' id='word_1_626' title='bbox 3024 3731 3280 3784; x_wconf 89' lang='lat' dir='ltr'>ostendit</span> <span class='ocrx_word' id='word_1_627' title='bbox 3305 3731 3569 3785; x_wconf 82' lang='lat' dir='ltr'>futurum</span> <span class='ocrx_word' id='word_1_628' title='bbox 3594 3746 3744 3797; x_wconf 90' lang='lat' dir='ltr'>esse,</span> 
     </span>
    </p>
   </div>
   <div class='ocr_carea' id='block_1_85' title="bbox 2094 3814 3750 3887">
    <p class='ocr_par' dir='ltr' id='par_1_85' title="bbox 2094 3814 3750 3887">
     <span class='ocr_line' id='line_1_85' title="bbox 2094 3814 3750 3887; baseline 0.004 -18"><span class='ocrx_word' id='word_1_629' title='bbox 2094 3819 2160 3869; x_wconf 91' lang='lat' dir='ltr'>ut</span> <span class='ocrx_word' id='word_1_630' title='bbox 2192 3814 2464 3870; x_wconf 88' lang='lat' dir='ltr'>Moabitis</span> <span class='ocrx_word' id='word_1_631' title='bbox 2494 3815 2603 3871; x_wconf 90' lang='lat' dir='ltr'>viis</span> <span class='ocrx_word' id='word_1_632' title='bbox 2635 3816 2990 3887; x_wconf 87' lang='lat' dir='ltr'>quibusdam</span> <span class='ocrx_word' id='word_1_633' title='bbox 3023 3835 3090 3872; x_wconf 88' lang='lat' dir='ltr'>ac</span> <span class='ocrx_word' id='word_1_634' title='bbox 3122 3820 3246 3874; x_wconf 61' lang='lat' dir='ltr'>vitae</span> <span class='ocrx_word' id='word_1_635' title='bbox 3279 3819 3562 3875; x_wconf 86' lang='lat' dir='ltr'>institutis</span> <span class='ocrx_word' id='word_1_636' title='bbox 3587 3819 3750 3876; x_wconf 85' lang='lat' dir='ltr'>salva</span> 
     </span>
    </p>
   </div>
   <div class='ocr_carea' id='block_1_86' title="bbox 2093 3902 3747 3979">
    <p class='ocr_par' dir='ltr' id='par_1_86' title="bbox 2093 3902 3747 3979">
     <span class='ocr_line' id='line_1_86' title="bbox 2093 3902 3747 3979; baseline 0.004 -22"><span class='ocrx_word' id='word_1_637' title='bbox 2093 3902 2214 3972; x_wconf 83' lang='lat' dir='ltr'>ﬁat,</span> <span class='ocrx_word' id='word_1_638' title='bbox 2231 3909 2405 3975; x_wconf 91' lang='lat' dir='ltr'>atque</span> <span class='ocrx_word' id='word_1_639' title='bbox 2436 3904 2749 3975; x_wconf 80' lang='lat' dir='ltr'>disciplina</span> <span class='ocrx_word' id='word_1_640' title='bbox 2781 3907 3074 3975; x_wconf 88' lang='lat' dir='ltr'>asperiore</span> <span class='ocrx_word' id='word_1_641' title='bbox 3107 3909 3460 3979; x_wconf 88' lang='lat' dir='ltr'>perducatur</span> <span class='ocrx_word' id='word_1_642' title='bbox 3490 3909 3562 3964; x_wconf 90' lang='lat' dir='ltr'>ad</span> <span class='ocrx_word' id='word_1_643' title='bbox 3585 3908 3747 3964; x_wconf 85' lang='lat' dir='ltr'>salu-</span> 
     </span>
    </p>
   </div>
   <div class='ocr_carea' id='block_1_87' title="bbox 2089 3993 3747 4070">
    <p class='ocr_par' dir='ltr' id='par_1_87' title="bbox 2089 3993 3747 4070">
     <span class='ocr_line' id='line_1_87' title="bbox 2089 3993 3747 4070; baseline 0.004 -23"><span class='ocrx_word' id='word_1_644' title='bbox 2089 3995 2230 4048; x_wconf 86' lang='lat' dir='ltr'>tem.</span> <span class='ocrx_word' id='word_1_645' title='bbox 2263 3993 2408 4048; x_wconf 87' lang='lat' dir='ltr'>Nam</span> <span class='ocrx_word' id='word_1_646' title='bbox 2441 3993 2608 4061; x_wconf 93' lang='lat' dir='ltr'>illud,</span> <span class='ocrx_word' id='word_1_647' title='bbox 2660 3996 2870 4050; x_wconf 79' lang='lat' dir='ltr'>Pcribz’t</span> <span class='ocrx_word' id='word_1_648' title='bbox 2911 3996 3176 4066; x_wconf 77' lang='lat' dir='ltr'>Moabitzs,</span> <span class='ocrx_word' id='word_1_649' title='bbox 3210 4002 3286 4065; x_wconf 90' lang='lat' dir='ltr'>et,</span> <span class='ocrx_word' id='word_1_650' title='bbox 3317 3997 3477 4055; x_wconf 76' lang='lat' dir='ltr'>Nocte</span> <span class='ocrx_word' id='word_1_651' title='bbox 3517 3998 3747 4070; x_wconf 73' lang='lat' dir='ltr'>peribit,</span> 
     </span>
    </p>
   </div>
   <div class='ocr_carea' id='block_1_88' title="bbox 2090 4079 3740 4158">
    <p class='ocr_par' dir='ltr' id='par_1_88' title="bbox 2090 4079 3740 4158">
     <span class='ocr_line' id='line_1_88' title="bbox 2090 4079 3740 4158; baseline 0.004 -22"><span class='ocrx_word' id='word_1_652' title='bbox 2090 4079 2206 4136; x_wconf 89' lang='lat' dir='ltr'>alia</span> <span class='ocrx_word' id='word_1_653' title='bbox 2237 4099 2602 4154; x_wconf 65' lang='lat' dir='ltr'>quacunque</span> <span class='ocrx_word' id='word_1_654' title='bbox 2633 4083 2785 4139; x_wconf 86' lang='lat' dir='ltr'>dicta</span> <span class='ocrx_word' id='word_1_655' title='bbox 2815 4089 2953 4158; x_wconf 85' lang='lat' dir='ltr'>sunt</span> <span class='ocrx_word' id='word_1_656' title='bbox 2981 4085 3095 4141; x_wconf 88' lang='lat' dir='ltr'>huc</span> <span class='ocrx_word' id='word_1_657' title='bbox 3121 4102 3186 4142; x_wconf 91' lang='lat' dir='ltr'>eo</span> <span class='ocrx_word' id='word_1_658' title='bbox 3217 4086 3740 4158; x_wconf 86' lang='lat' dir='ltr'>referuntur,quod</span> 
     </span>
    </p>
   </div>
   <div class='ocr_carea' id='block_1_89' title="bbox 2089 4169 3748 4246">
    <p class='ocr_par' dir='ltr' id='par_1_89' title="bbox 2089 4169 3748 4246">
     <span class='ocr_line' id='line_1_89' title="bbox 2089 4169 3748 4246; baseline 0.003 -23"><span class='ocrx_word' id='word_1_659' title='bbox 2089 4169 2292 4224; x_wconf 71' lang='lat' dir='ltr'>isthasc</span> <span class='ocrx_word' id='word_1_660' title='bbox 2326 4187 2427 4240; x_wconf 92' lang='lat' dir='ltr'>pro</span> <span class='ocrx_word' id='word_1_661' title='bbox 2459 4169 2621 4226; x_wconf 89' lang='lat' dir='ltr'>illius</span> <span class='ocrx_word' id='word_1_662' title='bbox 2672 4171 2862 4227; x_wconf 88' lang='lat' dir='ltr'>salute</span> <span class='ocrx_word' id='word_1_663' title='bbox 2893 4173 3054 4228; x_wconf 82' lang='lat' dir='ltr'>fiant.</span> <span class='ocrx_word' id='word_1_664' title='bbox 3113 4173 3377 4229; x_wconf 84' lang='lat' dir='ltr'>Inducam</span> <span class='ocrx_word' id='word_1_665' title='bbox 3407 4176 3557 4229; x_wconf 76' lang='lat' dir='ltr'>enim</span> <span class='ocrx_word' id='word_1_666' title='bbox 3584 4191 3748 4246; x_wconf 83' lang='lat' dir='ltr'>super</span> 
     </span>
    </p>
   </div>
   <div class='ocr_carea' id='block_1_90' title="bbox 2084 4259 3742 4336">
    <p class='ocr_par' dir='ltr' id='par_1_90' title="bbox 2084 4259 3742 4336">
     <span class='ocr_line' id='line_1_90' title="bbox 2084 4259 3742 4336; baseline 0.004 -23"><span class='ocrx_word' id='word_1_667' title='bbox 2084 4259 2286 4313; x_wconf 78' lang='lat' dir='ltr'>vallem</span> <span class='ocrx_word' id='word_1_668' title='bbox 2308 4260 3248 4332; x_wconf 83' lang='lat' dir='ltr'>Arabas.Consequentursalutem</span> <span class='ocrx_word' id='word_1_669' title='bbox 3265 4263 3489 4336; x_wconf 89' lang='lat' dir='ltr'>priores</span> <span class='ocrx_word' id='word_1_670' title='bbox 3501 4263 3742 4335; x_wconf 89' lang='lat' dir='ltr'>quidem</span> 
     </span>
    </p>
   </div>
   <div class='ocr_carea' id='block_1_91' title="bbox 2089 4347 3741 4424">
    <p class='ocr_par' dir='ltr' id='par_1_91' title="bbox 2089 4347 3741 4424">
     <span class='ocr_line' id='line_1_91' title="bbox 2089 4347 3741 4424; baseline 0.004 -23"><span class='ocrx_word' id='word_1_671' title='bbox 2089 4347 2224 4402; x_wconf 83' lang='lat' dir='ltr'>ﬂetu</span> <span class='ocrx_word' id='word_1_672' title='bbox 2260 4365 2368 4403; x_wconf 89' lang='lat' dir='ltr'>suo</span> <span class='ocrx_word' id='word_1_673' title='bbox 2401 4364 2414 4404; x_wconf 91' lang='lat'>:</span> <span class='ocrx_word' id='word_1_674' title='bbox 2448 4348 2542 4403; x_wconf 88' lang='lat' dir='ltr'>alii</span> <span class='ocrx_word' id='word_1_675' title='bbox 2578 4366 2710 4405; x_wconf 90' lang='lat' dir='ltr'>vero</span> <span class='ocrx_word' id='word_1_676' title='bbox 2744 4367 2990 4421; x_wconf 91' lang='lat' dir='ltr'>quorum</span> <span class='ocrx_word' id='word_1_677' title='bbox 3025 4368 3124 4407; x_wconf 90' lang='lat' dir='ltr'>cor</span> <span class='ocrx_word' id='word_1_678' title='bbox 3152 4351 3439 4424; x_wconf 74' lang='lat' dir='ltr'>pmnitens</span> <span class='ocrx_word' id='word_1_679' title='bbox 3480 4369 3598 4407; x_wconf 92' lang='lat' dir='ltr'>non</span> <span class='ocrx_word' id='word_1_680' title='bbox 3629 4357 3741 4422; x_wconf 89' lang='lat' dir='ltr'>est,</span> 
     </span>
    </p>
   </div>
   <div class='ocr_carea' id='block_1_92' title="bbox 2087 4436 3742 4512">
    <p class='ocr_par' dir='ltr' id='par_1_92' title="bbox 2087 4436 3742 4512">
     <span class='ocr_line' id='line_1_92' title="bbox 2087 4436 3742 4512; baseline 0.004 -21"><span class='ocrx_word' id='word_1_681' title='bbox 2087 4436 2261 4510; x_wconf 86' lang='lat' dir='ltr'>plaga</span> <span class='ocrx_word' id='word_1_682' title='bbox 2283 4455 2384 4508; x_wconf 92' lang='lat' dir='ltr'>per</span> <span class='ocrx_word' id='word_1_683' title='bbox 2406 4439 2627 4494; x_wconf 89' lang='lat' dir='ltr'>Arabas</span> <span class='ocrx_word' id='word_1_684' title='bbox 2648 4439 3293 4496; x_wconf 68' lang='lat' dir='ltr'>iuducenda.Caaterum</span> <span class='ocrx_word' id='word_1_685' title='bbox 3319 4442 3558 4512; x_wconf 81' lang='lat' dir='ltr'>Arabes,</span> <span class='ocrx_word' id='word_1_686' title='bbox 3589 4443 3742 4497; x_wconf 87' lang='lat' dir='ltr'>occi-</span> 
     </span>
    </p>
   </div>
   <div class='ocr_carea' id='block_1_93' title="bbox 2085 4526 3743 4587">
    <p class='ocr_par' dir='ltr' id='par_1_93' title="bbox 2085 4526 3743 4587">
     <span class='ocr_line' id='line_1_93' title="bbox 2085 4526 3743 4587; baseline 0.005 -8"><span class='ocrx_word' id='word_1_687' title='bbox 2085 4526 2369 4581; x_wconf 79' lang='lat' dir='ltr'>dentales.</span> <span class='ocrx_word' id='word_1_688' title='bbox 2409 4529 2524 4582; x_wconf 87' lang='lat' dir='ltr'>Aut</span> <span class='ocrx_word' id='word_1_689' title='bbox 2545 4529 2688 4583; x_wconf 81' lang='lat' dir='ltr'>forte</span> <span class='ocrx_word' id='word_1_690' title='bbox 2709 4528 2951 4584; x_wconf 87' lang='lat' dir='ltr'>virtutes</span> <span class='ocrx_word' id='word_1_691' title='bbox 2971 4530 3226 4586; x_wconf 88' lang='lat' dir='ltr'>tenebris</span> <span class='ocrx_word' id='word_1_692' title='bbox 3245 4530 3474 4587; x_wconf 83' lang='lat' dir='ltr'>similae</span> <span class='ocrx_word' id='word_1_693' title='bbox 3492 4530 3601 4586; x_wconf 87' lang='lat' dir='ltr'>hoc</span> <span class='ocrx_word' id='word_1_694' title='bbox 3619 4531 3743 4587; x_wconf 90' lang='lat' dir='ltr'>loco</span> 
     </span>
    </p>
   </div>
   <div class='ocr_carea' id='block_1_94' title="bbox 315 4599 1974 4692">
    <p class='ocr_par' dir='ltr' id='par_1_94' title="bbox 315 4599 1973 4685">
     <span class='ocr_line' id='line_1_94' title="bbox 315 4599 1973 4685; baseline 0.006 -27"><span class='ocrx_word' id='word_1_695' title='bbox 315 4599 426 4658; x_wconf 87' lang='grc' dir='ltr'>ϐων</span> <span class='ocrx_word' id='word_1_696' title='bbox 458 4601 803 4681; x_wconf 79' lang='grc' dir='ltr'>έπαγομένης</span> <span class='ocrx_word' id='word_1_697' title='bbox 832 4601 1081 4680; x_wconf 79' lang='grc' dir='ltr'>πληγῆς.</span> <span class='ocrx_word' id='word_1_698' title='bbox 1114 4600 1352 4682; x_wconf 74' lang='grc' dir='ltr'>’Ἄραϐες</span> <span class='ocrx_word' id='word_1_699' title='bbox 1414 4604 1492 4675; x_wconf 73' lang='grc' dir='ltr'>δὲ,</span> <span class='ocrx_word' id='word_1_700' title='bbox 1525 4608 1577 4662; x_wconf 74' lang='grc' dir='ltr'>οἱ</span> <span class='ocrx_word' id='word_1_701' title='bbox 1609 4608 1872 4685; x_wconf 74' lang='grc' dir='ltr'>ἑσπέριοι.</span> <span class='ocrx_word' id='word_1_702' title='bbox 1904 4613 1973 4669; x_wconf 92' lang='grc' dir='ltr'>Ἥ</span> 
     </span>
    </p>
   </div>
   <div class='ocr_carea' id='block_1_95' title="bbox 2090 4599 3746 4692">
    <p class='ocr_par' dir='ltr' id='par_1_95' title="bbox 2090 4616 3746 4692">
     <span class='ocr_line' id='line_1_95' title="bbox 2090 4616 3746 4692; baseline 0.004 -22"><span class='ocrx_word' id='word_1_703' title='bbox 2090 4616 2365 4672; x_wconf 89' lang='lat' dir='ltr'>dicuntur</span> <span class='ocrx_word' id='word_1_704' title='bbox 2394 4618 2648 4673; x_wconf 87' lang='lat' dir='ltr'>Arabes:</span> <span class='ocrx_word' id='word_1_705' title='bbox 2684 4635 2933 4690; x_wconf 89' lang='lat' dir='ltr'>quarum</span> <span class='ocrx_word' id='word_1_706' title='bbox 2968 4637 3144 4692; x_wconf 89' lang='lat' dir='ltr'>opera</span> <span class='ocrx_word' id='word_1_707' title='bbox 3175 4619 3602 4676; x_wconf 88' lang='lat' dir='ltr'>emendatrices</span> <span class='ocrx_word' id='word_1_708' title='bbox 3625 4621 3746 4677; x_wconf 89' lang='lat' dir='ltr'>vin-</span> 
     </span>
    </p>
   </div>
   <div class='ocr_carea' id='block_1_96' title="bbox 311 4693 1972 4774">
    <p class='ocr_par' dir='ltr' id='par_1_96' title="bbox 311 4693 1972 4774">
     <span class='ocr_line' id='line_1_96' title="bbox 311 4693 1972 4774; baseline 0.004 -25"><span class='ocrx_word' id='word_1_709' title='bbox 311 4693 462 4767; x_wconf 84' lang='grc' dir='ltr'>τάχα</span> <span class='ocrx_word' id='word_1_710' title='bbox 513 4693 568 4747; x_wconf 74' lang='grc' dir='ltr'>αἱ</span> <span class='ocrx_word' id='word_1_711' title='bbox 626 4693 855 4749; x_wconf 77' lang='grc' dir='ltr'>έοικυῖαι</span> <span class='ocrx_word' id='word_1_712' title='bbox 1073 4695 1155 4767; x_wconf 78' lang='grc' dir='ltr'>τῷ</span> <span class='ocrx_word' id='word_1_713' title='bbox 1195 4693 1375 4769; x_wconf 88' lang='grc' dir='ltr'>σκότῳ</span> <span class='ocrx_word' id='word_1_714' title='bbox 1435 4693 1688 4771; x_wconf 86' lang='grc' dir='ltr'>δυνάμεις</span> <span class='ocrx_word' id='word_1_715' title='bbox 1742 4696 1972 4774; x_wconf 79' lang='grc' dir='ltr'>’Ἄραϐες</span> 
     </span>
    </p>
   </div>
   <div class='ocr_carea' id='block_1_97' title="bbox 315 4781 1973 4858">
    <p class='ocr_par' dir='ltr' id='par_1_97' title="bbox 315 4781 1973 4858">
     <span class='ocr_line' id='line_1_97' title="bbox 315 4781 1973 4858; baseline 0.007 -24"><span class='ocrx_word' id='word_1_716' title='bbox 315 4781 541 4844; x_wconf 66' lang='grc' dir='ltr'>ενταῦθα</span> <span class='ocrx_word' id='word_1_717' title='bbox 594 4781 1131 4858; x_wconf 76' lang='grc' dir='ltr'>προσαγορεύονται·</span> <span class='ocrx_word' id='word_1_718' title='bbox 1195 4781 1266 4840; x_wconf 89' lang='grc' dir='ltr'>δι’</span> <span class='ocrx_word' id='word_1_719' title='bbox 1320 4785 1395 4840; x_wconf 85' lang='grc' dir='ltr'>ὧν</span> <span class='ocrx_word' id='word_1_720' title='bbox 1455 4786 1885 4844; x_wconf 71' lang='grc' dir='ltr'>ἀποστέλλονται</span> <span class='ocrx_word' id='word_1_721' title='bbox 1918 4791 1973 4845; x_wconf 74' lang='grc' dir='ltr'>αἱ</span> 
     </span>
    </p>
   </div>
   <div class='ocr_carea' id='block_1_98' title="bbox 314 4864 1970 4952">
    <p class='ocr_par' dir='ltr' id='par_1_98' title="bbox 314 4864 1970 4952">
     <span class='ocr_line' id='line_1_98' title="bbox 314 4864 1970 4952; baseline 0.007 -31"><span class='ocrx_word' id='word_1_722' title='bbox 314 4864 657 4952; x_wconf 78' lang='grc' dir='ltr'>παιδευτικαὶ</span> <span class='ocrx_word' id='word_1_723' title='bbox 714 4867 925 4946; x_wconf 79' lang='grc' dir='ltr'>πληγαὶ</span> <span class='ocrx_word' id='word_1_724' title='bbox 981 4877 1100 4935; x_wconf 85' lang='grc' dir='ltr'>τοῖς</span> <span class='ocrx_word' id='word_1_725' title='bbox 1156 4874 1258 4943; x_wconf 83' lang='grc' dir='ltr'>τήν</span> <span class='ocrx_word' id='word_1_726' title='bbox 1313 4874 1687 4948; x_wconf 84' lang='grc' dir='ltr'>ἀμετανόητον</span> <span class='ocrx_word' id='word_1_727' title='bbox 1748 4876 1970 4952; x_wconf 84' lang='grc' dir='ltr'>καρδίαν</span> 
     </span>
    </p>
   </div>
   <div class='ocr_carea' id='block_1_99' title="bbox 315 4951 1974 5042">
    <p class='ocr_par' dir='ltr' id='par_1_99' title="bbox 315 4951 1974 5042">
     <span class='ocr_line' id='line_1_99' title="bbox 315 4951 1974 5042; baseline 0.007 -30"><span class='ocrx_word' id='word_1_728' title='bbox 315 4951 528 5033; x_wconf 72' lang='grc' dir='ltr'>ἔχουσι.</span> <span class='ocrx_word' id='word_1_729' title='bbox 573 4961 792 5034; x_wconf 82' lang='grc' dir='ltr'>Συνῆψε</span> <span class='ocrx_word' id='word_1_730' title='bbox 845 4959 946 5037; x_wconf 79' lang='grc' dir='ltr'>γὰρ</span> <span class='ocrx_word' id='word_1_731' title='bbox 1006 4963 1040 5032; x_wconf 76' lang='grc' dir='ltr'>ἡ</span> <span class='ocrx_word' id='word_1_732' title='bbox 1105 4963 1208 5039; x_wconf 77' lang='grc' dir='ltr'>βοὴ</span> <span class='ocrx_word' id='word_1_733' title='bbox 1266 4963 1330 5019; x_wconf 88' lang='lat'>16</span> <span class='ocrx_word' id='word_1_734' title='bbox 1388 4962 1537 5042; x_wconf 74' lang='grc' dir='ltr'>ὅριον</span> <span class='ocrx_word' id='word_1_735' title='bbox 1596 4972 1695 5036; x_wconf 85' lang='grc' dir='ltr'>τῆς</span> <span class='ocrx_word' id='word_1_736' title='bbox 1751 4951 1974 5024; x_wconf 83' lang='grc' dir='ltr'>Μωαϐί-</span> 
     </span>
    </p>
   </div>
   <div class='ocr_carea' id='block_1_100' title="bbox 385 5157 1934 5234">
    <p class='ocr_par' dir='ltr' id='par_1_100' title="bbox 385 5157 1934 5234">
     <span class='ocr_line' id='line_1_100' title="bbox 385 5157 1934 5234; baseline 0.008 -23"><span class='ocrx_word' id='word_1_737' title='bbox 385 5159 427 5193; x_wconf 85' lang='grc'>¹“¹</span> <span class='ocrx_word' id='word_1_738' title='bbox 460 5157 609 5214; x_wconf 83' lang='lat' dir='ltr'>Psal.</span> <span class='ocrx_word' id='word_1_739' title='bbox 641 5173 695 5230; x_wconf 83' lang='lat' dir='ltr'>L,</span> <span class='ocrx_word' id='word_1_740' title='bbox 729 5160 815 5214; x_wconf 83' lang='lat'>19.</span> <span class='ocrx_word' id='word_1_741' title='bbox 895 5161 940 5199; x_wconf 69' lang='grc'>1⁸</span> <span class='ocrx_word' id='word_1_742' title='bbox 967 5161 1121 5219; x_wconf 86' lang='lat' dir='ltr'>Psal.</span> <span class='ocrx_word' id='word_1_743' title='bbox 1154 5179 1296 5234; x_wconf 69' lang='grc' dir='ltr'>χχιι,</span> <span class='ocrx_word' id='word_1_744' title='bbox 1327 5165 1382 5218; x_wconf 83' lang='grc'>2.</span> <span class='ocrx_word' id='word_1_745' title='bbox 1464 5165 1510 5199; x_wconf 80' lang='grc'>¹⁹</span> <span class='ocrx_word' id='word_1_746' title='bbox 1537 5165 1702 5222; x_wconf 83' lang='lat' dir='ltr'>Joan.</span> <span class='ocrx_word' id='word_1_747' title='bbox 1737 5183 1812 5234; x_wconf 84' lang='lat' dir='ltr'>IV,</span> <span class='ocrx_word' id='word_1_748' title='bbox 1848 5169 1934 5224; x_wconf 83' lang='grc'>14.</span> 
     </span>
    </p>
   </div>
   <div class='ocr_carea' id='block_1_101' title="bbox 401 5344 1714 5421">
    <p class='ocr_par' dir='ltr' id='par_1_101' title="bbox 401 5344 1714 5421">
     <span class='ocr_line' id='line_1_101' title="bbox 401 5344 1714 5421; baseline 0.01 -24"><span class='ocrx_word' id='word_1_749' title='bbox 401 5345 487 5421; x_wconf 49' lang='lat' dir='ltr'>liii)</span> <span class='ocrx_word' id='word_1_750' title='bbox 519 5344 757 5421; x_wconf 75' lang='lat' dir='ltr'>quices</span> <span class='ocrx_word' id='word_1_751' title='bbox 787 5363 1015 5421; x_wconf 82' lang='lat' dir='ltr'>omnes,</span> <span class='ocrx_word' id='word_1_752' title='bbox 1047 5350 1248 5409; x_wconf 77' lang='grc' dir='ltr'>αὐτῶν.</span> <span class='ocrx_word' id='word_1_753' title='bbox 1279 5350 1456 5421; x_wconf 89' lang='lat' dir='ltr'>Editi,</span> <span class='ocrx_word' id='word_1_754' title='bbox 1487 5350 1714 5410; x_wconf 75' lang='grc' dir='ltr'>ἑαυτῶν.</span> 
     </span>
    </p>
   </div>
   <div class='ocr_carea' id='block_1_102' title="bbox 399 5416 1568 5499">
    <p class='ocr_par' dir='ltr' id='par_1_102' title="bbox 399 5416 1568 5499">
     <span class='ocr_line' id='line_1_102' title="bbox 399 5416 1568 5499; baseline 0.005 -29"><span class='ocrx_word' id='word_1_755' title='bbox 521 5416 694 5499; x_wconf 54' lang='lat' dir='ltr'>Editi,</span> <span class='ocrx_word' id='word_1_756' title='bbox 726 5419 864 5492; x_wconf 84' lang='grc' dir='ltr'>πρὸς</span> <span class='ocrx_word' id='word_1_757' title='bbox 895 5416 1086 5480; x_wconf 75' lang='grc' dir='ltr'>τά.Ἀι</span> <span class='ocrx_word' id='word_1_758' title='bbox 1118 5416 1455 5499; x_wconf 40' lang='grc' dir='ltr'>φεμλπρὲξξ</span> <span class='ocrx_word' id='word_1_759' title='bbox 1484 5423 1568 5477; x_wconf 88' lang='grc' dir='ltr'>τό.</span> 
     </span>
    </p>
   </div>
   <div class='ocr_carea' id='block_1_103' title="bbox 377 5487 1646 5570">
    <p class='ocr_par' dir='ltr' id='par_1_103' title="bbox 377 5487 1646 5570">
     <span class='ocr_line' id='line_1_103' title="bbox 377 5487 1646 5570; baseline 0.006 -27"><span class='ocrx_word' id='word_1_760' title='bbox 520 5487 627 5570; x_wconf 43' lang='lat' dir='ltr'>gis.</span> <span class='ocrx_word' id='word_1_761' title='bbox 642 5487 788 5570; x_wconf 49' lang='lat' dir='ltr'>mss&quot;.</span> <span class='ocrx_word' id='word_1_762' title='bbox 821 5509 1062 5570; x_wconf 82' lang='lat' dir='ltr'>omnes._</span> <span class='ocrx_word' id='word_1_763' title='bbox 1079 5496 1252 5570; x_wconf 67' lang='lat' dir='ltr'>Editi,</span> <span class='ocrx_word' id='word_1_764' title='bbox 1273 5487 1646 5570; x_wconf 45' lang='grc' dir='ltr'>’ὑγίαίνονταφ</span> 
     </span>
    </p>
   </div>
   <div class='ocr_carea' id='block_1_104' title="bbox 381 5560 1787 5646">
    <p class='ocr_par' dir='ltr' id='par_1_104' title="bbox 381 5560 1787 5646">
     <span class='ocr_line' id='line_1_104' title="bbox 381 5560 1787 5646; baseline 0.009 -34"><span class='ocrx_word' id='word_1_765' title='bbox 526 5560 704 5646; x_wconf 56' lang='lat' dir='ltr'>Editi,</span> <span class='ocrx_word' id='word_1_766' title='bbox 737 5560 1004 5638; x_wconf 73' lang='grc' dir='ltr'>ἐκθρέψαι.</span> <span class='ocrx_word' id='word_1_767' title='bbox 1041 5560 1787 5646; x_wconf 37' lang='grc' dir='ltr'>ῙΑἱΨί-ιιῐιίίᾳυὶλέκτρέφει,</span> 
     </span>
    </p>
   </div>
   <div class='ocr_carea' id='block_1_105' title="bbox 382 5633 1968 5716">
    <p class='ocr_par' dir='ltr' id='par_1_105' title="bbox 382 5633 1968 5716">
     <span class='ocr_line' id='line_1_105' title="bbox 382 5633 1968 5716; baseline 0.009 -29"><span class='ocrx_word' id='word_1_768' title='bbox 382 5633 622 5716; x_wconf 70' lang='lat' dir='ltr'>(48)_Sic</span> <span class='ocrx_word' id='word_1_769' title='bbox 669 5633 841 5716; x_wconf 35' lang='grc' dir='ltr'>κραδί</span> <span class='ocrx_word' id='word_1_770' title='bbox 866 5633 1094 5716; x_wconf 78' lang='lat' dir='ltr'>omnes.</span> <span class='ocrx_word' id='word_1_771' title='bbox 1127 5641 1300 5716; x_wconf 79' lang='lat' dir='ltr'>Editi,</span> <span class='ocrx_word' id='word_1_772' title='bbox 1350 5633 1440 5695; x_wconf 54' lang='grc' dir='ltr'>κει</span> <span class='ocrx_word' id='word_1_773' title='bbox 1483 5633 1708 5716; x_wconf 69' lang='grc' dir='ltr'>ἆγωγῷἶ</span> <span class='ocrx_word' id='word_1_774' title='bbox 1758 5644 1968 5702; x_wconf 85' lang='lat' dir='ltr'>Statim</span> 
     </span>
    </p>
   </div>
   <div class='ocr_carea' id='block_1_106' title="bbox 315 5703 1972 5787">
    <p class='ocr_par' dir='ltr' id='par_1_106' title="bbox 315 5703 1972 5787">
     <span class='ocr_line' id='line_1_106' title="bbox 315 5703 1972 5787; baseline 0.008 -28"><span class='ocrx_word' id='word_1_775' title='bbox 315 5703 645 5775; x_wconf 82' lang='lat' dir='ltr'>mss.tres,</span> <span class='ocrx_word' id='word_1_776' title='bbox 677 5703 1058 5783; x_wconf 81' lang='grc' dir='ltr'>έναχθήσεται.</span> <span class='ocrx_word' id='word_1_777' title='bbox 1108 5703 1299 5783; x_wconf 72' lang='lat' dir='ltr'>Alius,</span> <span class='ocrx_word' id='word_1_778' title='bbox 1354 5703 1772 5787; x_wconf 69' lang='grc' dir='ltr'>συναχθήσεται.</span> <span class='ocrx_word' id='word_1_779' title='bbox 1815 5717 1972 5774; x_wconf 82' lang='lat' dir='ltr'>Editi</span> 
     </span>
    </p>
   </div>
   <div class='ocr_carea' id='block_1_107' title="bbox 2085 4704 3746 4780">
    <p class='ocr_par' dir='ltr' id='par_1_107' title="bbox 2085 4704 3746 4780">
     <span class='ocr_line' id='line_1_107' title="bbox 2085 4704 3746 4780; baseline 0.004 -21"><span class='ocrx_word' id='word_1_780' title='bbox 2085 4704 2362 4777; x_wconf 89' lang='lat' dir='ltr'>dicesque</span> <span class='ocrx_word' id='word_1_781' title='bbox 2414 4705 2593 4778; x_wconf 74' lang='lat' dir='ltr'>plagae</span> <span class='ocrx_word' id='word_1_782' title='bbox 2645 4707 2703 4762; x_wconf 91' lang='lat' dir='ltr'>in</span> <span class='ocrx_word' id='word_1_783' title='bbox 2754 4724 2851 4764; x_wconf 85' lang='lat' dir='ltr'>eos</span> <span class='ocrx_word' id='word_1_784' title='bbox 2894 4725 3143 4780; x_wconf 90' lang='lat' dir='ltr'>quorum</span> <span class='ocrx_word' id='word_1_785' title='bbox 3193 4725 3292 4765; x_wconf 88' lang='lat' dir='ltr'>cor</span> <span class='ocrx_word' id='word_1_786' title='bbox 3342 4710 3746 4780; x_wconf 79' lang='lat' dir='ltr'>paenitentiam</span> 
     </span>
    </p>
   </div>
   <div class='ocr_carea' id='block_1_108' title="bbox 2083 4793 3741 4876">
    <p class='ocr_par' dir='ltr' id='par_1_108' title="bbox 2083 4793 3741 4876">
     <span class='ocr_line' id='line_1_108' title="bbox 2083 4793 3741 4876; baseline 0.001 -27"><span class='ocrx_word' id='word_1_787' title='bbox 2083 4793 2749 4867; x_wconf 86' lang='lat' dir='ltr'>refugit,immittuntur.</span> <span class='ocrx_word' id='word_1_788' title='bbox 2785 4799 3022 4868; x_wconf 75' lang='lat' dir='ltr'>Pertz’gz‘t</span> <span class='ocrx_word' id='word_1_789' title='bbox 3041 4801 3191 4856; x_wconf 79' lang='lat' dir='ltr'>enim</span> <span class='ocrx_word' id='word_1_790' title='bbox 3208 4801 3418 4854; x_wconf 84' lang='lat' dir='ltr'>clamor</span> <span class='ocrx_word' id='word_1_791' title='bbox 3444 4799 3524 4853; x_wconf 85' lang='lat' dir='ltr'>ad</span> <span class='ocrx_word' id='word_1_792' title='bbox 3553 4800 3741 4876; x_wconf 75' lang='lat' dir='ltr'>termi-</span> 
     </span>
    </p>
   </div>
   <div class='ocr_carea' id='block_1_109' title="bbox 2081 4885 3742 4960">
    <p class='ocr_par' dir='ltr' id='par_1_109' title="bbox 2081 4885 3742 4960">
     <span class='ocr_line' id='line_1_109' title="bbox 2081 4885 3742 4960; baseline 0.001 -22"><span class='ocrx_word' id='word_1_793' title='bbox 2081 4901 2218 4939; x_wconf 80' lang='lat' dir='ltr'>num</span> <span class='ocrx_word' id='word_1_794' title='bbox 2250 4885 2568 4940; x_wconf 77' lang='lat' dir='ltr'>Moabitidis</span> <span class='ocrx_word' id='word_1_795' title='bbox 2600 4885 2830 4955; x_wconf 80' lang='lat' dir='ltr'>Gallim,</span> <span class='ocrx_word' id='word_1_796' title='bbox 2863 4897 2913 4944; x_wconf 75' lang='lat' dir='ltr'>et</span> <span class='ocrx_word' id='word_1_797' title='bbox 2963 4889 3213 4945; x_wconf 77' lang='lat' dir='ltr'>ululatus</span> <span class='ocrx_word' id='word_1_798' title='bbox 3242 4890 3380 4960; x_wconf 78' lang='lat' dir='ltr'>ejus.</span> <span class='ocrx_word' id='word_1_799' title='bbox 3411 4885 3742 4942; x_wconf 84' lang='lat' dir='ltr'>Conﬁnium</span> 
     </span>
    </p>
   </div>
   <div class='ocr_carea' id='block_1_110' title="bbox 2083 4972 3744 5049">
    <p class='ocr_par' dir='ltr' id='par_1_110' title="bbox 2083 4972 3744 5049">
     <span class='ocr_line' id='line_1_110' title="bbox 2083 4972 3744 5049; baseline 0.004 -21"><span class='ocrx_word' id='word_1_800' title='bbox 2083 4972 2421 5030; x_wconf 88' lang='lat' dir='ltr'>Moabitidis</span> <span class='ocrx_word' id='word_1_801' title='bbox 2450 4979 2718 5032; x_wconf 89' lang='lat' dir='ltr'>vocatum</span> <span class='ocrx_word' id='word_1_802' title='bbox 2760 4982 2852 5034; x_wconf 88' lang='lat' dir='ltr'>est</span> <span class='ocrx_word' id='word_1_803' title='bbox 2877 4977 3114 5034; x_wconf 88' lang='lat' dir='ltr'>Gallim.</span> <span class='ocrx_word' id='word_1_804' title='bbox 3145 4977 3256 5034; x_wconf 91' lang='lat' dir='ltr'>Sed</span> <span class='ocrx_word' id='word_1_805' title='bbox 3281 4977 3452 5049; x_wconf 81' lang='lat' dir='ltr'>juxta</span> <span class='ocrx_word' id='word_1_806' title='bbox 3485 4974 3744 5035; x_wconf 80' lang='lat' dir='ltr'>nominis</span> 
     </span>
    </p>
   </div>
   <div class='ocr_carea' id='block_1_111' title="bbox 2081 5357 3053 5435">
    <p class='ocr_par' dir='ltr' id='par_1_111' title="bbox 2081 5357 3053 5435">
     <span class='ocr_line' id='line_1_111' title="bbox 2081 5357 3053 5435; baseline 0.004 -19"><span class='ocrx_word' id='word_1_807' title='bbox 2081 5378 2215 5435; x_wconf 90' lang='lat' dir='ltr'>cum</span> <span class='ocrx_word' id='word_1_808' title='bbox 2247 5365 2386 5435; x_wconf 77' lang='lat' dir='ltr'>Reg.</span> <span class='ocrx_word' id='word_1_809' title='bbox 2419 5360 2637 5433; x_wconf 88' lang='lat' dir='ltr'>primo,</span> <span class='ocrx_word' id='word_1_810' title='bbox 2668 5357 3053 5435; x_wconf 75' lang='grc' dir='ltr'>ἀναχθήσεται.</span> 
     </span>
    </p>
   </div>
   <div class='ocr_carea' id='block_1_112' title="bbox 2153 5433 3515 5517">
    <p class='ocr_par' dir='ltr' id='par_1_112' title="bbox 2153 5433 3515 5517">
     <span class='ocr_line' id='line_1_112' title="bbox 2153 5433 3515 5517; baseline 0.013 -34"><span class='ocrx_word' id='word_1_811' title='bbox 2297 5433 2825 5517; x_wconf 36' lang='lat' dir='ltr'>Xete&#39;res‘quatuor</span> <span class='ocrx_word' id='word_1_812' title='bbox 2854 5434 3010 5503; x_wconf 88' lang='lat' dir='ltr'>libri,</span> <span class='ocrx_word' id='word_1_813' title='bbox 3039 5437 3162 5517; x_wconf 35' lang='grc' dir='ltr'>γάρ..</span> <span class='ocrx_word' id='word_1_814' title='bbox 3199 5445 3371 5517; x_wconf 74' lang='lat' dir='ltr'>Editi,</span> <span class='ocrx_word' id='word_1_815' title='bbox 3407 5443 3515 5502; x_wconf 74' lang='grc' dir='ltr'>οὖν.</span> 
     </span>
    </p>
   </div>
   <div class='ocr_carea' id='block_1_113' title="bbox 2154 5505 3744 5576">
    <p class='ocr_par' dir='ltr' id='par_1_113' title="bbox 2154 5505 3744 5576">
     <span class='ocr_line' id='line_1_113' title="bbox 2154 5505 3744 5576; baseline 0.011 -18"><span class='ocrx_word' id='word_1_816' title='bbox 2154 5505 2267 5575; x_wconf 90' lang='grc'>(50)</span> <span class='ocrx_word' id='word_1_817' title='bbox 2299 5505 2454 5559; x_wconf 83' lang='lat' dir='ltr'>Editi</span> <span class='ocrx_word' id='word_1_818' title='bbox 2503 5508 2560 5558; x_wconf 90' lang='lat' dir='ltr'>et</span> <span class='ocrx_word' id='word_1_819' title='bbox 2613 5509 2868 5573; x_wconf 88' lang='lat' dir='ltr'>quatuor</span> <span class='ocrx_word' id='word_1_820' title='bbox 2907 5505 3073 5576; x_wconf 58' lang='lat' dir='ltr'>mssf,</span> <span class='ocrx_word' id='word_1_821' title='bbox 3105 5505 3159 5564; x_wconf 74' lang='grc' dir='ltr'>αἱ</span> <span class='ocrx_word' id='word_1_822' title='bbox 3204 5505 3420 5574; x_wconf 69' lang='grc' dir='ltr'>οξκεῖάι.</span> <span class='ocrx_word' id='word_1_823' title='bbox 3456 5521 3601 5576; x_wconf 85' lang='lat' dir='ltr'>Hinc</span> <span class='ocrx_word' id='word_1_824' title='bbox 3655 5522 3744 5576; x_wconf 77' lang='lat' dir='ltr'>in-</span> 
     </span>
    </p>
   </div>
   <div class='ocr_carea' id='block_1_114' title="bbox 2080 5577 3744 5664">
    <p class='ocr_par' dir='ltr' id='par_1_114' title="bbox 2080 5577 3744 5664">
     <span class='ocr_line' id='line_1_114' title="bbox 2080 5577 3744 5664; baseline 0.013 -36"><span class='ocrx_word' id='word_1_825' title='bbox 2080 5579 2326 5664; x_wconf 68' lang='lat' dir='ltr'>terpres,</span> <span class='ocrx_word' id='word_1_826' title='bbox 2357 5577 2737 5664; x_wconf 35' lang='lat' dir='ltr'>familiari!“</span> <span class='ocrx_word' id='word_1_827' title='bbox 2782 5583 3015 5664; x_wconf 48' lang='lat' dir='ltr'>assueta</span> <span class='ocrx_word' id='word_1_828' title='bbox 3062 5587 3320 5664; x_wconf 56' lang='lat' dir='ltr'>tenebris.</span> <span class='ocrx_word' id='word_1_829' title='bbox 3353 5594 3426 5646; x_wconf 86' lang='lat' dir='ltr'>At</span> <span class='ocrx_word' id='word_1_830' title='bbox 3475 5593 3613 5664; x_wconf 83' lang='lat' dir='ltr'>Reg.</span> <span class='ocrx_word' id='word_1_831' title='bbox 3649 5611 3744 5649; x_wconf 88' lang='lat' dir='ltr'>se-</span> 
     </span>
    </p>
   </div>
   <div class='ocr_carea' id='block_1_115' title="bbox 2081 5643 3742 5774">
    <p class='ocr_par' dir='ltr' id='par_1_115' title="bbox 2081 5643 3742 5774">
     <span class='ocr_line' id='line_1_115' title="bbox 2081 5643 3742 5774; baseline 0.017 -78"><span class='ocrx_word' id='word_1_832' title='bbox 2081 5643 2436 5774; x_wconf 29' lang='lat' dir='ltr'>gu&#39;ﬁdush&#39;l‘ﬂ</span> <span class='ocrx_word' id='word_1_833' title='bbox 2468 5647 2600 5704; x_wconf 81' lang='grc' dir='ltr'>τάνα</span> <span class='ocrx_word' id='word_1_834' title='bbox 2631 5643 2687 5698; x_wconf 77' lang='grc' dir='ltr'>αἱ</span> <span class='ocrx_word' id='word_1_835' title='bbox 2717 5643 2972 5734; x_wconf 78' lang='grc' dir='ltr'>ἐοικυῖαι,</span> <span class='ocrx_word' id='word_1_836' title='bbox 3000 5660 3098 5710; x_wconf 82' lang='lat' dir='ltr'>aut</span> <span class='ocrx_word' id='word_1_837' title='bbox 3125 5643 3287 5736; x_wconf 63' lang='lat' dir='ltr'>forte</span> <span class='ocrx_word' id='word_1_838' title='bbox 3311 5643 3742 5726; x_wconf 44' lang='lat' dir='ltr'>Dicit;-</span> 
     </span>
     <span class='ocr_line' id='line_1_116' title="bbox 2115 5736 2457 5774; baseline 0 0"><span class='ocrx_word' id='word_1_839' title='bbox 2115 5737 2196 5774; x_wconf 77' lang='lat' dir='ltr'>rzs</span> <span class='ocrx_word' id='word_1_840' title='bbox 2223 5737 2356 5774; x_wconf 78' lang='lat' dir='ltr'>szmz</span> <span class='ocrx_word' id='word_1_841' title='bbox 2382 5736 2457 5774; x_wconf 81' lang='lat' dir='ltr'>es.</span> 
     </span>
    </p>
   </div>
   <div class='ocr_carea' id='block_1_116' title="bbox 2115 5736 2460 5776">
    <p class='ocr_par' dir='ltr' id='par_1_116' title="bbox 2115 5736 2460 5776">
     <span class='ocr_line' id='line_1_117' title="bbox 2115 5736 2460 5776; baseline 0.006 -2"><span class='ocrx_word' id='word_1_842' title='bbox 2115 5737 2196 5776; x_wconf 71' lang='grc' dir='ltr'>νιε</span> <span class='ocrx_word' id='word_1_843' title='bbox 2223 5736 2437 5776; x_wconf 73' lang='lat' dir='ltr'>stmues</span> <span class='ocrx_word' id='word_1_844' title='bbox 2447 5760 2460 5776; x_wconf 78' lang='grc' dir='ltr'>ο.</span> 
     </span>
    </p>
   </div>
  </div>
