4150 6400
318 380 441 441 643

1271 378 1663 440 APPENDIX
1710 375 2039 438 OPERUM
2084 377 2151 436 S.
2196 375 2482 438 BASILII
2531 377 2800 438 MAGNI.

3623 382 3744 440 6M

316 512 868 584 interpretationem
919 512 1073 567 idem
1105 510 1256 567 valet
1301 514 1476 582 atque
1505 509 1828 578 arietinum,
1864 508 1964 561 de-

2101 502 2228 567 τιδος
2291 509 2390 570 τῆς
2441 503 2683 581 Γαλλὶμ,
2746 506 2834 562 καὶ
2890 505 3210 583 ὀλολυγμὸς
3241 506 3432 580 αὐτῆς.
3480 510 3559 567 Τὸ
3589 508 3742 586 δριον

319 606 556 674 sumpto
591 602 827 657 nomine
859 602 930 656 ab
974 600 1213 656 animali
1249 599 1510 672 principe
1540 603 1594 655 et
1625 599 1790 654 duce.
1825 599 1973 663 Quo-

318 693 476 746 niam
510 691 690 763 igitur
738 692 888 746 idem
924 695 1112 762 potest
1138 705 1267 745 esse
1315 689 1447 743 fluis
1496 693 1552 744 et
1598 687 1830 742 initium
1877 704 1969 742 re-

317 779 528 852 gionis,
575 797 732 834 nunc
779 778 1110 835 Moabitidis
1170 778 1327 850 regio
1376 778 1448 833 ab
1495 777 1664 832 initio
1709 775 1969 848 appella-

316 869 535 924 tionem
568 884 737 923 suam
782 867 965 922 duxit.
999 867 1070 922 Et
1113 865 1377 922 ululatus
1426 867 1556 937 ejus
1610 865 1809 920 omnia
1856 865 1970 918 im-

317 958 516 1030 plevit.

389 1135 513 1190 300.
547 1135 773 1190 Rursus
805 1151 1019 1206 aquam
1063 1137 1229 1188 vocat
1277 1133 1603 1188 doctrinam
1641 1149 1654 1186 :
1684 1149 1862 1204 quam
1891 1130 1974 1185 ait

318 1241 446 1280 esse
474 1223 764 1295 sanguine
809 1223 1060 1295 plenam,
1097 1223 1250 1294 quod
1288 1220 1425 1276 mali
1479 1225 1857 1293 praeceptores
1890 1218 1972 1272 rei

319 1313 438 1367 sint
485 1313 693 1367 mortis
743 1309 1190 1382 discipulorum.
1245 1311 1435 1374 Quare
1483 1309 1553 1362 de
1601 1306 1974 1362 sermonibus

318 1401 599 1470 exitiosis,
615 1405 672 1455 et
694 1399 792 1471 qui
818 1400 1047 1454 animas
1076 1399 1536 1470 perimunt,cum
1559 1396 1816 1468 loqueris
1845 1400 1970 1450 tum

320 1494 650 1563 opportune
678 1489 858 1543 uteris
909 1487 1248 1560 prophetica
1279 1487 1585 1553 sententia,
1621 1502 1747 1557 quae
1780 1485 1924 1539 dixit
1957 1500 1970 1538 :

318 1581 473 1649 Aqua
501 1580 682 1633 autem
731 1577 946 1632 Deebon
1002 1577 1304 1647 replebitur
1363 1577 1666 1644 sanguine;
1714 1574 1975 1628 inducam

320 1671 470 1725 enim
502 1684 669 1735 super
722 1667 925 1722 Deebon
975 1667 1203 1733 Arabas,
1235 1666 1517 1720 attollam
1566 1679 1757 1720 semen
1802 1661 1974 1728 Moab,

320 1758 476 1831 quod
519 1757 764 1812 minime
819 1755 1047 1812 transiit
1102 1755 1172 1808 ad
1227 1754 1490 1820 meliora,
1525 1754 1625 1809 sed
1677 1753 1829 1808 inter
1875 1768 1975 1806 eos

321 1847 423 1918 qui
446 1864 560 1902 non
582 1844 997 1918 ingrediuntur
1021 1844 1078 1898 in
1111 1844 1424 1898 Ecclesium
1448 1842 1701 1910 Domini,
1737 1858 1972 1896 reman-
2003 1876 2051 1942 B

321 1936 419 1992 sit.
453 1935 713 1991 Tolletur
762 1951 958 1991 semen
995 1933 1203 2000 Moab;
1239 1933 1510 1988 Moabitae
1560 1948 1814 2002 namque
1857 1947 1972 1984 non

318 2024 646 2080 introibunt
678 2024 733 2078 in
768 2023 998 2078 Domini
1021 2021 1338 2077 Ecclesiam
1360 2038 1546 2094 usque
1577 2022 1650 2076 ad
1684 2021 1970 2076 decimam

320 2113 780 2185 generationem,
814 2116 868 2167 et
901 2128 1087 2183 usque
1136 2112 1194 2166 in
1228 2112 1530 2167 saeculum.
1565 2110 1625 2167 Id
1675 2110 1977 2180 Scriptura

321 2203 719 2258 comminatur
767 2202 1218 2257 exterminatum
1255 2201 1324 2255 iri
1353 2218 1366 2255 :
1404 2200 1556 2272 quod
1591 2216 1791 2255 semen
1822 2197 1975 2254 Ariel

318 2296 504 2348 vocat.
554 2291 777 2347 Hebraei
827 2295 1023 2346 autem
1073 2290 1228 2345 Ariel
1287 2290 1525 2345 nomine
1573 2288 1760 2345 leonis
1803 2287 1978 2343 inter-

321 2385 650 2453 pretantur.
679 2384 828 2435 Sane
859 2384 914 2434 et
947 2379 1224 2434 Dominus
1273 2379 1398 2450 ipsa
1429 2379 1509 2434 ait
1551 2377 1877 2433 homicidas
1909 2393 1978 2432 ex

323 2468 554 2526 diabolo
587 2486 714 2524 esse
767 2474 935 2524 natos
966 2468 1066 2523 ubi
1115 2469 1349 2524 Judaeos
1396 2467 1739 2540 alloquitur,
1772 2482 1976 2522 eorum

322 2557 586 2614 animum
640 2557 842 2613 mortis
890 2557 1080 2629 ipsius
1130 2558 1414 2629 cupidum
1463 2557 1706 2612 videns:
1748 2561 1863 2612 Vox
1906 2572 1978 2612 ea:

319 2657 483 2720 patre
526 2647 745 2702 diabolo
793 2649 922 2702 estis
956 2647 1021 2711 2°,
1055 2651 1112 2701 et
1143 2663 1315 2717 opera
1371 2645 1554 2718 patris
1607 2646 1818 2700 facitis.
1873 2644 1978 2701 Ille

325 2735 599 2792 homicida
655 2739 775 2791 erat
847 2735 914 2790 ab
972 2737 1155 2790 initio.
1214 2735 1280 2789 Et
1340 2735 1578 2805 quidem
1650 2735 1976 2790 desertores

325 2823 591 2880 Ecclesiae
641 2840 841 2880 semen
888 2828 1028 2878 sunt
1071 2824 1234 2878 Moab
1262 2867 1276 2889 ,
1308 2839 1508 2877 semen
1557 2839 1690 2878 vero
1734 2822 1886 2877 Ariel
1936 2823 1978 2876 ii

325 2913 622 2979 dicuntur,
657 2913 754 2982 qui
808 2910 1088 2966 anhelant
1120 2912 1366 2966 fratrum
1413 2911 1652 2975 caedem,
1685 2929 1751 2966 ac
1783 2911 1977 2982 perni-

325 3002 502 3057 ciosis
537 3000 928 3065 sermonibus,
962 3000 1276 3054 animabus
1308 3017 1509 3055 eorum
1558 3006 1803 3055 mortem
1840 3001 1976 3055 affe-

327 3095 482 3146 runt.
520 3090 726 3146 Postea
748 3090 862 3144 ait:
891 3089 1188 3146 Residuum
1212 3089 1441 3152 Adama,
1476 3090 1633 3161 quod
1683 3089 1979 3162 signiﬁcat

323 3179 664 3253 virginalem
715 3185 953 3244 terram,
1001 3196 1070 3234 ex
1117 3196 1232 3250 qua
1283 3180 1594 3234 formatum
1648 3183 1737 3234 est
1768 3178 1976 3234 Adami

2079 601 2181 663 τῆς
2217 590 2573 658 Μωαϐίτιδος
2602 593 2826 670 Γαλλῖμ
2855 595 3190 670 ὠνόμασται.
3222 601 3418 671 ⁸’ομως
3443 597 3740 675 ἐρμηνεῦε-

2079 705 2166 739 ται
2198 685 2588 760 κεκριωμένον,
2648 684 2938 759 ἐπώνυμον
2985 691 3066 759 τῷ
3113 690 3438 762 ἡγεμονικῷ
3471 691 3598 763 ζώῳ
3651 691 3740 744 καὶ

2083 775 2321 850 ἀρχικῷ.
2359 775 2505 828 Ἐπεὶ
2536 776 2626 830 οὗν
2679 775 2740 829 τὸ
2771 775 2901 830 αὐτὸ
2951 775 3173 831 δύναται
3234 777 3324 832 καὶ
3377 778 3546 852 πέρας
3606 781 3739 834 εῖναι

2081 864 2271 938 χώρας
2300 863 2389 918 καὶ
2423 863 2595 940 ἀρχὴ,
2626 865 2688 919 τὸ
2721 863 2868 940 ὅριον
2905 868 3017 939 (51)
3074 873 3177 936 τῆς
3238 863 3600 930 Μωαϐίτιδος
3650 875 3742 925 νῦν

2081 953 2187 1008 ἀπὸ
2215 959 2314 1022 τῆς
2346 953 2524 1029 ἀρχῆς
2543 954 2642 1022 τὴν
2674 956 3054 1031 προσηγορίαν
3081 952 3297 1034 εἷ’ληφε.
3348 959 3448 1014 Καὶ
3502 956 3737 1036 ὀλολυγ-

2068 1043 2188 1116 -μὸς
2216 1043 2389 1111 αὐτῆς
2413 1040 2585 1097 πάντα
2615 1043 3002 1118 πεπλήρωκεν.

2153 1133 2278 1188 300.
2313 1130 2485 1187 Πάλιν
2550 1133 2614 1186 τὸ
2666 1130 2810 1207 ὕδωρ
2871 1130 3224 1191 διδασκαλίαν
3260 1134 3402 1210 λέγει
3436 1138 3550 1210 (52)
3603 1139 3735 1214 ὅπερ

2085 1215 2314 1290 ατίματος
2373 1219 2503 1272 εἶναι
2562 1218 2770 1293 πλῆρές
2811 1241 2967 1294 φησι,
3001 1217 3089 1275 διὰ
3116 1222 3179 1276 τὸ
3237 1216 3464 1298 ἐνόχους
3507 1225 3738 1286 θανάτου

2081 1307 2320 1383 γίνεσθαι
2369 1312 2485 1370 τοῖς
2537 1304 2952 1382 διδασκομένοις
2996 1310 3124 1372 τοὺς
3155 1315 3334 1374 κακῶς
3383 1314 3735 1387 καθηγουμέ-

2083 1417 2228 1457 νους.
2286 1398 2442 1451 Ὥστε
2473 1396 2737 1472 εὐκαίρως
2771 1399 2893 1474 περὶ
2936 1404 3042 1454 τῶν
3097 1398 3362 1476 ὀλεθρίων
3419 1399 3600 1476 λόγων
3649 1402 3733 1456 καὶ

2085 1484 2445 1541 ἀπολλύντων
2492 1488 2588 1548 τὰς
2647 1489 2827 1562 ψυχὰς
2879 1491 3066 1564 χρήσῃ
3099 1490 3233 1544 ποτὶ
3279 1494 3358 1562 τῷ
3411 1497 3737 1568 προφητικῷ

2087 1575 2237 1650 ῥητῷ
2267 1577 2380 1648 (53)
2435 1580 2516 1647 τῶ
2565 1573 2802 1650 λέγοντιο
2827 1583 2896 1631 Το
2949 1575 3006 1631 δὲ
3061 1575 3208 1653 ὕδωρ
3239 1580 3302 1632 τὸ
3334 1575 3552 1648 Διηϐὼν
3588 1580 3735 1650 πλη-

2087 1665 2339 1734 σθήσεται
2398 1663 2648 1736 αἿματος·
2732 1663 2909 1736 ἐπάξω
2965 1665 3065 1741 γὰρ
3141 1665 3228 1721 ἐπὶ
3289 1662 3511 1738 Δεηϐὼν
3572 1669 3734 1740 Ἀραο

2088 1749 2204 1820 ϐας,
2263 1753 2353 1807 καὶ
2407 1753 2522 1828 ἀρῶ
2579 1754 2641 1808 τὸ
2702 1755 2916 1829 σπέρμα
2964 1750 3157 1824 Muris,
3211 1756 3273 1810 τὸ
3338 1758 3414 1830 μὴ
3479 1752 3736 1829 μεταϐαῖ-

2085 1864 2174 1896 νον
2211 1844 2320 1914 (54(
2350 1840 2435 1896 ἐπὶ
2495 1842 2560 1897 τὰ
2613 1844 2918 1918 κρείττονα,
2979 1843 3123 1900 ἀλλὰ
3185 1850 3368 1918 μεῖναν
3430 1845 3480 1901 ἐν
3512 1852 3626 1909 τοῖς
3661 1848 3735 1920 μὴ

2084 1930 2496 2006 εἰσερχομένοις
2553 1930 2628 1993 είς
2686 1932 3013 2004 Ἐκκλησίαν
3074 1933 3296 2008 Κυρίου.
3354 1935 3582 2011 Σπέρμα
3639 1940 3738 1990 τοῦ

2083 2015 2278 2076 Μωάϐ.
2312 2019 2426 2078 Οὐκ
2455 2020 2850 2076 εἰσελεύσονται
2901 2023 3000 2097 γὰρ
3052 2018 3338 2078 Μωαϐῖται
3390 2024 3466 2086 εἰς
3502 2023 3738 2095 Ἐκκλη-

2085 2109 2202 2164 σίαν
2251 2108 2448 2185 Κυρίου
2494 2106 2598 2171 ἕως
2649 2106 2879 2181 δεκάτης
2926 2117 3151 2185 γενεᾶς,
3213 2112 3304 2167 καὶ
3358 2110 3462 2175 ἕως
3511 2113 3588 2176 εἰς
3643 2114 3738 2169 τὸν

2086 2198 2278 2255 αῗῶνα.
2333 2199 2590 2275 Ἐξαίρειν
2625 2200 2653 2253 ὁ
2685 2199 2853 2274 λόγος
2885 2199 3121 2269 ἀπειλεῖ,
3173 2203 3305 2276 ὅπερ
3358 2205 3469 2276 (55)
3523 2204 3740 2277 σπέρμα

2085 2293 2182 2344 τοῦ
2212 2287 2411 2362 ’Δριὴλ
2445 2288 2718 2362 ὀνομάζει.
2779 2288 2977 2366 Ἀριὴλ
3009 2287 3067 2344 δὲ
3099 2291 3126 2345 ὁ
3183 2291 3322 2346 λέων
3380 2292 3736 2365 ἑρμηνεύεται

2087 2379 2214 2453 παρ’
2246 2373 2534 2454 Ἑϐραίοις.
2591 2377 2727 2440 Τοὺς
2785 2377 2875 2432 οὖν
2932 2380 3188 2457 φονικοὺς
3241 2381 3332 2435 καὶ
3377 2382 3404 2435 ὀ
3438 2381 3634 2457 Κύριος
3683 2381 3742 2436 ἐκ

2085 2471 2183 2521 τοῦ
2217 2461 2480 2522 διαϐόλου
2507 2468 2829 2543 γεγενῆσθαι
2879 2465 3046 2543 λέγει,
3079 2466 3130 2522 ἐν
3165 2471 3248 2532 οἷς
3276 2469 3411 2545 πρὸς
3445 2467 3741 2532 Ἰουδαίους

2089 2554 2418 2631 διαλέγεται.
2452 2556 2592 2632 ὁρῶν
2626 2556 2801 2612 αὐτῶν
2830 2557 2931 2625 τὴν
2977 2557 3095 2612 κατ’
3121 2557 3290 2613 αὐτοῦ
3320 2563 3568 2637 φονῶσαν
3600 2578 3738 2633 προ-

2089 2645 2313 2721 αἰρεσιν·
2376 2644 2459 2700 ὅτι
2507 2651 2686 2718 Ὑμεῖς
2741 2645 2801 2701 ἐκ
2863 2650 2960 2702 τοῦ
3024 2648 3227 2722 πατρὸς
3467 2652 3564 2704 τοῦ
3617 2645 3737 2702 δια-

2089 2729 2260 2790 ϐόλου
2309 2733 2445 2806 ἐστὶ,
2503 2734 2592 2789 καὶ
2660 2735 2726 2788 τὰ
2778 2732 2906 2810 ἔργα
2960 2739 3056 2791 τοῦ
3087 2737 3289 2812 πατρὸς
3325 2737 3474 2810 ὑμῶν
3507 2742 3731 2790 ποιεῖτε.

2089 2824 2328 2887 Ἐκεῖνος
2402 2823 2850 2898 ἀνθρωποκτόνος
2929 2825 2994 2894 ἦν
3083 2824 3174 2878 ἀπ’
3247 2826 3450 2899 ἀρχῆς.
3511 2823 3735 2897 Σπέρμα

2092 2914 2186 2986 μὲν
2238 2913 2329 2967 οὗν
2385 2907 2580 2983 Μωᾶϐ,
2633 2912 2684 2966 οἱ
2716 2912 3011 2968 ἀποστάται
3048 2920 3147 2982 τῆς
3176 2912 3519 2981 Ἐκκλησίας.
3555 2914 3728 2986 Σπέρ-

2093 3023 2166 3075 μα
2221 2999 2279 3056 δὲ
2335 2999 2574 3076 Ἀριὴλ,
2635 3002 2686 3055 οἱ
2738 3003 2850 3076 (57)
2914 3002 3048 3056 κατὰ
3103 3006 3207 3056 τῶν
3269 2999 3518 3074 ἀδελφῶν
3568 3001 3729 3078 φόνον

2087 3091 2361 3159 πνέοντες,
2411 3089 2501 3144 καὶ
2560 3087 2650 3144 διὰ
2692 3091 2800 3145 τῶν
2857 3089 3116 3165 ὀλεθρίων
3174 3088 3352 3166 λόγων
3383 3091 3476 3145 τὸν
3512 3090 3734 3153 θάνατον

2091 3186 2210 3242 ταῖς
2243 3183 2450 3254 ψυχαῖς
2507 3179 2681 3234 αὐτῶν
2741 3178 3120 3253 ἐμποιοῦντες.
3152 3180 3304 3238 Μετὰ
3356 3179 3525 3234 ταῦτά
3555 3197 3741 3252 φησιν.

333 3245 569 3341 corpus.
603 3270 816 3324 Mittam
858 3269 1016 3341 quasi
1064 3245 1292 3340 reptilia
1335 3271 1392 3322 in
1444 3278 1667 3336 terram,
1721 3269 1830 3324 hoc
1871 3272 1979 3338 est,

2101 3272 2179 3325 ὅτι
2209 3245 2283 3328 Τδ
2323 3245 2668 3324 ’κατάλοιπον
2727 3245 2967 3346 ³Ᾰδαμὰ,
3021 3269 3152 3343 ὅπερ
3207 3267 3462 3343 σημαίνει
3500 3245 3600 3344 γῆν
3651 3267 3748 3334 τήν

332 3359 601 3414 homines
635 3358 1014 3428 reliquos,qui
1046 3362 1274 3412 terrena
1304 3357 1566 3430 sapiunt,
1591 3359 1744 3430 quod
1777 3374 1845 3413 ex
1877 3374 1983 3412 sua

335 3447 562 3502 malitia
585 3463 650 3500 ac
672 3446 960 3518 pravitate
982 3446 1162 3519 geniti
1187 3447 1305 3502 sint
1327 3451 1648 3518 serpentes,
1682 3451 1738 3501 et
1759 3447 1985 3502 anima-

334 3536 412 3591 lia
444 3552 730 3590 venenum
781 3535 1150 3606 cjaculantia.
1184 3539 1331 3590 Sunt
1375 3535 1611 3606 quidem
1662 3541 1984 3606 serpentes,

336 3625 473 3696 quia
499 3641 624 3679 eam
652 3623 901 3679 amisere
923 3624 1522 3695 sublimitatem,607
1541 3624 1598 3678 in
1623 3641 1739 3696 qua
1758 3625 1988 3681 fuerant

335 3713 636 3770 constituti
665 3713 834 3782 juxta
858 3708 1131 3784 'primam
1166 3729 1335 3768 suam
1377 3713 1811 3782 conditionem;
1846 3719 1987 3770 sunt

334 3816 467 3856 vero
486 3800 767 3856 animalia
783 3800 1090 3864 virulenta,
1123 3801 1262 3872 quia
1275 3801 1447 3856 exitio
1466 3806 1605 3856 sunt
1627 3804 1985 3859 occurrenti-

334 3891 464 3946 bus.
500 3891 616 3945 Hos
644 3890 795 3944 mitti
830 3890 971 3945 dicit
1002 3889 1318 3962 Scriptura.
1355 3890 1556 3963 Itaque
1588 3895 1720 3963 post
1763 3893 1987 3964 priores

335 3979 467 4035 illos
499 3978 882 4046 Moabitas,de
909 3979 1126 4051 quibus
1153 3980 1306 4035 dicta
1329 3986 1468 4036 sunt
1489 3979 1752 4048 meliora,
1773 3982 1822 4037 si
1855 3982 1987 4052 quis

335 4069 395 4124 in
425 4073 581 4124 terra
612 4067 885 4140 supersit,
916 4073 971 4123 et
1001 4071 1256 4142 serpenti
1289 4069 1502 4125 similis
1532 4071 1840 4139 evadat,de
1872 4088 1988 4142 quo

338 4157 562 4212 dictum
598 4161 706 4223 est,
727 4158 950 4212 Terram
983 4158 1222 4213 comedes
1250 4161 1510 4214 omnibus
1539 4158 1732 4214 diebus
1763 4162 1872 4214 tuis
1903 4161 1944 4194 ²¹
1974 4177 1988 4229 ;

335 4245 431 4301 hic
460 4243 804 4300 immittitur
836 4247 1002 4318 quasi
1028 4246 1564 4320 reptilia.Quisquis
1595 4251 1788 4303 autem
1821 4249 1993 4304 semi-

339 4340 438 4390 nat
473 4335 528 4390 in
579 4352 776 4405 carne,
812 4337 1066 4392 comedit
1115 4341 1353 4405 terram,
1387 4342 1445 4392 et
1494 4354 1562 4393 ex
1611 4353 1784 4393 carne
1831 4339 1996 4393 metit

341 4426 772 4497 corruptionem
805 4426 872 4481 ³⁸.

963 4765 1196 4823 CAPUT
1235 4767 1380 4824 XVI.

417 4856 545 4912 301.
576 4857 754 4912 Vens.
788 4856 905 4912 1-5.
949 4857 1092 4912 Num
1135 4862 1292 4929 petra
1321 4857 1532 4914 deserta
1561 4867 1638 4915 est
1683 4875 1838 4915 mons
1878 4861 2011 4931 ﬁliae

416 5000 462 5035 ²⁰
488 4999 661 5056 Joan.
695 5017 820 5071 vm,
852 5000 942 5056 44.
1019 5001 1064 5038 ²¹
1099 5000 1238 5058 Gen.
1275 5018 1360 5070 In,
1397 5002 1483 5058 14.
1562 5003 1609 5037 ²²
1639 5002 1766 5060 Gal.
1799 5021 1878 5076 v1,
1907 5005 1966 5064 8.

419 5140 532 5214 (51)
562 5145 627 5216 _ln
683 5149 928 5214 utroque
978 5145 1137 5216 Colb.
1173 5150 1240 5216 et
1279 5144 1339 5198 in
1388 5145 1526 5216 Reg.
1561 5149 1818 5204 secundo
1863 5149 2007 5216 legi-

690 5216 853 5306 ωρίον
914 5233 1017 5306 pro
1084 5215 1146 5269 τὸ
1213 5215 1395 5306 ξριον,
1440 5215 1612 5306 regio,
1677 5215 2006 5306 Moabiticfis.

1521 5287 1750 5380 φρέατος
1775 5290 2008 5380 ἐΕλειίμ,

354 5371 521 5426 usque
580 5359 650 5439 ad
705 5369 931 5439 puteum
992 5362 1156 5416 Elim.
1209 5361 1316 5439 sed
1379 5360 1499 5426 illa,
1534 5358 1660 5420 ’ἕως
1709 5365 1826 5439 τοῦ,
1876 5358 2009 5439 etc.,

355 5432 747 5506 expunximus
781 5449 793 5486 :
829 5432 1045 5505 quippe
1077 5450 1204 5506 quae
1255 5433 1311 5486 in
1370 5448 1512 5487 mss.
1548 5449 1662 5487 non
1709 5432 2012 5492 inveniam

350 5216 466 5266 tur.
525 5213 586 5266 τὸ

353 5257 564 5339 Statim
599 5257 766 5356 editi:
814 5257 1176 5358 «mihimech
1223 5257 1328 5348 'e'lie:
1373 5258 1471 5339 τοῦ

355 5503 468 5554 tur.

424 5569 785 5647 (52,ll\joster_
826 5575 967 5647 Reg.
1004 5575 1319 5643 secundus,
1356 5569 1495 5647 ἔχει.
1531 5573 1660 5630 Mox
1710 5573 1864 5632 idem
1919 5595 2011 5634 co-

355 5637 488 5708 dex,
522 5637 612 5695 διὰ
640 5647 734 5696 τοῦ
769 5637 984 5708 sum}.

427 5715 543 5787 (53)
572 5716 809 5774 Codices
841 5714 1088 5790 aliquot,
1120 5714 1295 5789 λόγῳ.

2093 3361 2446 3432 παρθενικὴν,
2520 3358 2613 3434 ἀφ’
2668 3359 2737 3427 ἧς
2794 3357 3002 3433 ἐγένετο
3058 3360 3122 3414 τὸ
3180 3364 3340 3432 σῶμα
3395 3361 3491 3411 τοῦ
3556 3351 3746 3426 Ἀδάμ.

2095 3447 2415 3504 Ἀποστελῶ
2470 3447 2546 3509 ὠς
2594 3447 2790 3523 ἑρπετᾶ
2848 3445 2935 3499 ἐπὶ
2987 3449 3086 3516 τὴν
3165 3452 3292 3519 γῆν,
3370 3444 3613 3498 τουτέστι
3683 3440 3746 3495 τὸ

2094 3535 2431 3593 κατάλοιπον
2487 3539 2595 3590 τῶν
2655 3533 2978 3610 ἀνθρώπων,
3037 3537 3146 3588 τῶν
3177 3532 3245 3586 τὰ
3291 3532 3454 3606 γήινα
3485 3527 3746 3608 φρονούν-

2091 3649 2224 3696 των,
2270 3623 2360 3680 διὰ
2405 3628 2565 3679 τοῦτο
2609 3626 2963 3699 γεγεννῆσθαι
3020 3619 3081 3676 ἐκ
3135 3626 3234 3690 τῆν
3289 3620 3491 3674 ἑαυτῶν
3547 3616 3742 3679 κακίας

2095 3717 2291 3792 ἐρπετὰ
2332 3713 2422 3769 καὶ
2484 3707 2709 3767 ἰοϐόλα·
2764 3711 2960 3784 ἐρπετᾶι
3010 3710 3128 3782 μὲν,
3186 3714 3267 3782 τῷ
3326 3703 3626 3792 ἀποϐαλεῖν
3680 3707 3744 3762 τὸ

2094 3791 2250 3878 ὕψος,
2311 3802 2390 3880 ἐφ’
2447 3801 2507 3856 οὗ
2535 3800 2672 3856 κατὰ
2698 3801 2797 3870 τὴν
2829 3800 3053 3872 πρώτην
3086 3797 3423 3866 κατασκευὴν
3447 3791 3741 3872 βεϐηκότες

2094 3893 2410 3968 ἐτύγχανον·
2464 3885 2660 3945 ίοϐόλα
2709 3886 2787 3958 δὲ,
2838 3886 2928 3944 διὰ
2973 3889 3035 3944 τὸ
3092 3887 3382 3967 φθαρτικὸν
3414 3889 3521 3940 τῶν
3557 3883 3748 3939 συνόν-

2093 4003 2224 4037 των.
2258 3981 2498 4042 Τούτους
2532 3977 2942 4050 ἐξαποστέλλειν
2978 3980 3088 4053 (58)
3131 3979 3159 4032 ό
3211 3975 3374 4051 λόγος
3435 3972 3588 4052 φηοί.
3639 3977 3750 4028 Με-

2093 4072 2160 4127 τὰ
2217 4074 2307 4126 οὑν
2338 4068 2470 4132 τοὺς
2526 4069 2824 4145 προτέρους
2883 4063 3195 4134 Μωαϐίτας,
3226 4065 3349 4142 περὶ
3381 4062 3454 4118 ὧν
3475 4065 3544 4118 τὰ
3571 4062 3751 4139 κρείτ-

2096 4182 2224 4215 τονα
2253 4157 2486 4236 εἶ’ρηται,
2522 4158 2570 4214 εἴ
2597 4179 2682 4222 τις
2711 4158 2761 4212 ἐν
2793 4163 2861 4232 τῇ
2893 4161 2965 4233 γῇ
2991 4153 3374 4212 καταλείπεται
3409 4152 3500 4208 καὶ
3531 4153 3754 4226 ὁμοιοῦ-

2095 4271 2183 4305 ται
2229 4254 2309 4322 τῷ
2361 4243 2502 4327 ὄφει,
2556 4246 2679 4323 περὶ
2730 4247 2792 4302 οὗ
2825 4246 3062 4322 εἴρηται,
3094 4244 3177 4299 δτι
3235 4250 3343 4314 Γῆν
3373 4245 3528 4322 φαγῇ
3580 4241 3755 4302 πάσας

2095 4339 2192 4400 τὰς
2223 4338 2434 4413 ἡμέρας
2463 4356 2580 4392 σου·
2623 4337 2780 4398 οὗτος
2835 4332 3284 4406 ἐξαποστέλλεται
3345 4333 3420 4394 ὡς
3476 4332 3544 4385 τὰ
3597 4330 3756 4403 έρπε-

2098 4431 2184 4485 τά.
2217 4434 2325 4497 Γῆν
2382 4425 2438 4482 δέ
2490 4426 2648 4482 ἐσθίει
2705 4427 2732 4480 ὁ
2790 4426 3024 4500 σπείρων
3084 4423 3161 4488 εἰς
3207 4425 3308 4492 τὴν
3356 4421 3548 4497 σάρκα,
3579 4419 3666 4473 καὶ
3703 4417 3762 4471 ἐκ

2099 4524 2200 4588 τῆς
2232 4518 2432 4593 σαρκὸς
2465 4517 2694 4592 θερίζων
2729 4513 2956 4591 φθοράν.

2033 4776 2081 4841 D

2666 4770 3082 4827 ΚΕΦΑΛΑῙΟΝ
3122 4767 3212 4836 ις.

2189 4863 2314 4921 301.
2370 4861 2463 4929 Μὴ
2525 4861 2696 4937 πέτρα
2753 4858 2963 4936 ἔρημός
3017 4857 3130 4913 ἐστι
3191 4855 3255 4910 τὸ
3319 4846 3448 4927 ὄρος
3507 4846 3778 4923 θυγατρὸς

2191 5150 2304 5217 (54)
2335 5148 2425 5203 Sic
2455 5164 2600 5204 mss.
2635 5165 2858 5205 omnes.
2890 5145 3065 5211 Editi,
3103 5131 3491 5217 μετανέκσττξν.-
3602 5207 3613 5217 .

2191 5203 2900 5343 (δεῖδεάίιίζῶέτὲέρίῗιιι
2951 5203 3196 5287 uterque
3247 5205 3504 5266 Combel‘.
3564 5207 3622 5260 et
3678 5203 3778 5259 alii

2191 5309 2262 5343 ΞΒ-
2333 5309 2455 5343 περ.

2121 5291 2263 5358 tres,
2301 5291 2455 5358 ὅπερ.

2194 5309 2241 5348 ΞΒ
2301 5309 2399 5343 om
2444 5332 2455 5345 .

2194 5337 2305 5463 (55)
2338 5309 2574 5418 Copdices
2605 5368 2749 5431 tros,
2781 5359 2984 5435 πατρὸς
3027 5360 3205 5430 ὁμων.
3391 5423 3401 5433 .
3485 5420 3497 5432 .

2216 5437 2305 5463 ιε’-γι
2340 5434 2486 5463 man:
2547 5432 2593 5463 ..ς
2629 5435 2727 5463 -.ιη
2783 5434 3021 5463 suam...“
3068 5432 3322 5463 ...τοι-την
3365 5421 3496 5463 ιιιπη

2195 5419 2306 5506 ί57)
2339 5434 2512 5502 Editi,
2546 5432 2598 5506 Ol
2629 5419 3022 5506 nivzyet'eres
3065 5419 3322 5502 quatuor
3365 5420 3511 5478 libri
3533 5419 3606 5474 et.
3639 5421 3773 5486 Reg.

2127 5503 2373 5581 tertiusL
2389 5506 2438 5581 ei
2470 5505 2606 5581 κατὰ
2631 5505 2720 5560 τὸν
2754 5503 3009 5581 ἀδελφόν.

2193 5559 2513 5654 (58(Ει1ἱῒςὶζ
2526 5559 2946 5654 ἐξαποστελῶ),
2974 5559 3045 5632 At
3087 5580 3332 5654 uterque
3361 5565 3523 5654 Coll):
3541 5565 3609 5654 Et
3639 5559 3779 5654 Ριξξῇ

2126 5646 2448 5721 secundus,
2491 5646 2934 5720 ἐξαποστέλλειν.
2984 5655 3112 5708 Mox
3161 5646 3426 5720 quinque
3474 5650 3644 5700 mBS-i
3692 5648 3784 5684 και

2128 5725 2436 5798 ὁμοιοῦται.
2469 5723 2642 5798 Editi,
2675 5744 2761 5780 και
2795 5724 3106 5802 ωμοίωται.
