4150 6420
378 355 496 420 647

1316 361 1711 425 APPENDIX
1754 367 2082 428 OPERUM
2125 371 2191 430 S.
2238 369 2520 432 BASILlI
2569 373 2840 434 MAGNI.

3672 383 3793 443 648

365 506 516 560 esse,
549 493 650 547 tua
681 495 868 549 matre
893 493 966 548 ob
998 497 1230 552 noctem
1263 498 1322 550 et
1350 495 1552 553 vinum
1601 513 1801 556 semen
1831 503 2015 573 pater-

2134 501 2308 588 ξὈπερ
2340 502 2430 574 ἧς,
2461 507 2625 559 τοῦτο
2675 507 3136 584 φανερωθήσεται.
3170 509 3475 574 Ἐπελάθου
3525 513 3632 588 γὰρ
3691 521 3792 585 τῆς

366 597 510 637 num
541 581 868 638 suﬁ‘urante
897 583 963 638 ³³.

2126 587 2436 666 δυσγενείας
2493 594 2714 665 εαυτῆς,
2770 594 2852 650 ὅτι
2911 596 3115 672 πατρὸς
3189 595 3373 673 ἐγενου
3431 599 3539 655 ἀπὸ
3599 587 3795 677 γάμων

363 667 714 744 κλοπιμαίων
773 669 1195 747 προσελθόντος,
1237 673 1388 730 νυκτὶ
1445 675 1534 732 καὶ
1593 674 1724 750 θ’ίνῳ
1778 679 1916 754 πρὸς
1975 679 2074 749 τὴν
2123 684 2220 735 τοῦ
2251 687 2516 758 πατρικοῦ
2550 682 2860 758 σπέρματος
2889 667 3106 756 κλοπὴν
3136 667 3238 758 τῆς
3289 689 3500 761 μητρός
3531 667 3627 746 σού
3665 667 3792 769 συγ-

368 762 747 837 χρησαμένης.

434 853 556 908 302.
593 854 795 910 Deinde
849 871 988 927 vero,
1034 856 1242 928 Arnen,
1293 858 1455 930 plura
1501 859 1772 917 delibera.
1823 862 2018 928 Quan-

364 943 679 1016 doquidem
710 945 857 1001 nihil
889 946 1016 1013 tibi,
1050 963 1081 1003 ο
1113 949 1332 1009 Arnen.
1360 949 1604 1006 attulere
1636 951 2018 1007 emolumenti

361 1033 606 1090 consilia
636 1034 851 1106 priora,
885 1053 1073 1109 neque
1105 1037 1326 1108 profuit
1354 1039 1423 1094 de
1472 1040 1849 1110 dogmatibus
1879 1056 2014 1095 cum

360 1123 521 1178 omni
553 1123 924 1198 philosOphia
955 1128 1229 1184 connexis
1261 1127 1474 1184 multas
1507 1130 1858 1201 quaestiones
1890 1130 2016 1201 phi-

358 1212 690 1286 losophicas
723 1214 1005 1271 habuisse
1035 1234 1046 1283 ;
1083 1217 1432 1290 multiplica,
1467 1218 1515 1274 si
1549 1219 1859 1285 videbitur,
1883 1237 2014 1276 con-

359 1302 509 1359 silia.
542 1303 784 1360 Videtur
815 1322 918 1377 per
965 1306 1287 1362 ludibrium
1321 1313 1377 1362 et
1423 1308 1671 1362 ironiam
1717 1307 2013 1364 exhortari

354 1394 550 1448 Arnon
592 1395 660 1450 ad
697 1393 876 1451 stulta
907 1395 1154 1451 consilia
1203 1397 1508 1467 capienda,
1563 1403 1627 1452 ut
1679 1397 1843 1454 vanis
1892 1400 2014 1454 suis

357 1483 640 1539 exsatiata
671 1484 955 1550 consiliis,
1007 1489 1064 1540 et
1108 1503 1305 1540 eorum
1361 1487 1564 1541 edocta
1606 1486 2011 1555 inutilitatem,

358 1571 466 1627 hoc
498 1579 666 1644 pacto
699 1575 935 1629 accedat
965 1575 1034 1629 ad
1069 1592 1275 1630 sanam
1303 1575 1651 1631 doctrinam.
1687 1582 1787 1631 Est
1815 1582 2011 1632 autem

355 1664 573 1729 Arnon,
607 1664 888 1735 oppidum
924 1664 1324 1731 Moabiticum,
1377 1670 1433 1721 et
1473 1666 1582 1721 hoc
1632 1684 1747 1722 uno
1797 1667 2013 1739 oppido

2199 862 2324 918 302.
2386 863 2613 918 Ἔπειτα
2699 861 2756 918 δὲ
2790 906 2804 933 ,
2864 865 3069 938 Ἀρνῶν
3107 908 3121 933 ,
3175 865 3406 923 πλείονα
3473 870 3741 945 βουλεύου
3779 920 3791 932 .
3839 852 3845 860 Ι

2127 947 2349 1020 Ἐπειδή
2401 948 2556 1006 οὐδὲν
2605 972 2663 1007 σε
2711 947 2890 1024 ὤνησε
2933 953 2997 1008 τὰ
3043 954 3283 1032 πρότερα
3338 956 3710 1034 βουλεύματα,
3745 965 3791 1018 ὦ

2127 1038 2352 1113 Ἀρνῶν,
2386 1038 2513 1096 οὐδὲ
2543 1042 2602 1096 τὸ
2634 1041 2822 1099 πολλά
2851 1044 2975 1118 περὶ
3008 1041 3303 1120 δογμάτων
3338 1053 3445 1104 τῶν
3495 1051 3632 1105 κατὰ
3690 1059 3790 1108 πᾶ-

2125 1149 2221 1184 σαν
2272 1129 2599 1218 φιλοσοφίαν
2651 1130 3152 1208 συμπεπλεγμένων
3209 1138 3319 1209 (68)
3371 1135 3783 1218 φιλοσοφῆσαι·

2124 1218 2378 1294 πρόσθες,
2406 1218 2455 1274 εἷ’
2487 1217 2656 1293 δοκεῖ,
2686 1226 2804 1285 τοῖς
2865 1221 3226 1297 βουλεύμασι.
3264 1233 3423 1281 Δοκεῖ
3476 1217 3610 1284 κατᾶ
3666 1253 3786 1286 τινα

2125 1306 2334 1383 χλεύην
2396 1309 2486 1363 καὶ
2540 1309 2812 1385 εἰρωνείαν
2865 1309 3266 1385 προκαλεῖσθαι
3317 1314 3403 1370 ἐπὶ
3451 1319 3518 1372 τὰ
3551 1319 3782 1392 ἀνόνητα

2127 1397 2477 1474 βουλεύμανα
2507 1401 2606 1469 τὴν
2643 1401 2874 1474 Ἀρνῶν,
2901 1398 2992 1456 ’ίνα
3021 1403 3186 1477 κόρον
3238 1399 3482 1460 λαϐοῦσα
3524 1413 3632 1462 τῶν
3679 1433 3778 1483 μα-

2121 1486 2288 1541 ταίων
2342 1488 2536 1556 ἑαυτῆς
2572 1485 2990 1563 βουλευμάτων,
3023 1493 3111 1546 καὶ
3165 1497 3410 1564 μαθοῦσα
3455 1498 3518 1550 τὸ
3570 1498 3662 1553 ἀπ’
3693 1501 3781 1555 αύ-

2121 1581 2230 1631 τῶν
2274 1576 2572 1654 ἀνωφελὲς,
2608 1577 2750 1632 οὕτω
2794 1578 3073 1655 προσέλθῃ
3128 1585 3198 1654 τῇ
3262 1583 3579 1660 ὑγιαινούσῃ
3636 1585 3783 1644 διδα-

2125 1663 2339 1736 σκαλίᾳ.
2374 1667 2525 1720 Ἐστι
2575 1663 2632 1721 δὲ
2688 1663 3036 1722 Μωαϐιτικὸν
3101 1671 3311 1746 χωρίον
3363 1675 3398 1742 ἡ
3432 1674 3662 1748 Ἀρνῶν,
3695 1680 3784 1734 καὶ

353 1753 649 1825 Scriptura
679 1755 848 1811 nobis
881 1755 1104 1810 indicat
1134 1773 1370 1812 omnem
1409 1757 1632 1813 Arabia
1664 1757 2015 1814 locum.Fuit

2131 1755 2230 1809 ἀπὸ
2263 1755 2379 1819 ἑνὸς
2409 1754 2538 1810 ὅλον
2573 1758 2709 1829 ἡμῖν
2763 1756 3092 1813 ἐνδείκνυται
3132 1760 3224 1813 τὸν
3273 1760 3438 1819 τόπον
3488 1767 3586 1834 τῆς
3617 1767 3782 1839 Ἀρα-

355 1848 551 1898 autem
585 1861 798 1900 nomen
827 1848 1024 1901 Arnen
1057 1850 1486 1917 antepositam,
1522 1847 1598 1902 ob
1629 1848 1756 1919 ejus
1787 1848 2013 1920 signiti-

355 1933 642 1989 cationem
685 1933 757 1988 ab
805 1933 1228 2007 interpretibus
1278 1934 1517 1991 allatam
1555 1938 1795 1992 :Arnon
1830 1937 2014 2010 siqui-

355 2023 510 2093 dem,
561 2023 610 2079 si
660 2023 1086 2096 interpreteris,
1116 2030 1288 2081 sonat
1325 2026 1760 2082 illustrationem
1800 2043 2011 2083 eorum.

355 2112 641 2176 Quoniam
678 2113 859 2184 igitur
890 2113 928 2168 ii
963 2113 1217 2169 maxime
1257 2114 1356 2186 qui
1389 2113 1646 2171 multum
1690 2116 2015 2172 eﬂ‘eruntur

353 2199 427 2255 ob
460 2201 756 2272 sapientiaa
785 2219 903 2258 sua:
957 2202 1465 2272 existimationem,
1512 2206 1735 2262 versari
1780 2206 1837 2260 in
1884 2205 2014 2261 luce

350 2306 526 2346 suum
559 2291 825 2348 animum
857 2297 1090 2365 putant,
1123 2293 1356 2349 etiamsi
1408 2294 1604 2368 reipsa
1646 2294 1767 2351 sint
1817 2300 2012 2352 mente

351 2380 643 2450 excaacati,
676 2385 734 2438 et
762 2381 997 2438 alienati
1031 2401 1064 2439 a
1095 2388 1230 2451 Deo,
1263 2383 1392 2440 ideo
1416 2384 1701 2457 propheta
1731 2387 2014 2442 adversus

351 2484 450 2525 eos
480 2469 762 2542 loquitur,
796 2473 895 2544 qui
929 2489 991 2530 se
1021 2473 1388 2529 arbitrantur
1408 2491 1643 2531 manere
1669 2475 1730 2531 in
1762 2474 1892 2532 luce
1914 2492 2013 2531 co-

351 2559 634 2630 gnitionls
663 2566 722 2616 et
752 2563 1038 2620 scientias.

421 2649 546 2704 303.
582 2650 720 2706 Dein
771 2651 1042 2708 hortatur
1091 2662 1144 2709 el
1199 2655 1476 2710 admonet
1507 2672 1520 2712 :
1557 2656 1742 2711 Facile
1795 2659 2013 2726 tegmen

351 2739 528 2794 luctus
559 2741 612 2796 ei
639 2756 852 2812 semper
891 2743 956 2795 “.
1004 2742 1204 2798 Deusti
1262 2749 1401 2799 sunt
1430 2745 1633 2799 Nadab
1687 2749 1744 2800 et
1796 2745 2010 2816 Abiud,

350 2827 544 2884 oblato
575 2829 633 2883 in
666 2847 768 2886 ara
800 2831 932 2901 igne
964 2831 1172 2888 alieno.
1212 2833 1277 2888 Et
1321 2834 1420 2904 qui
1472 2850 1586 2888 non
1620 2849 1886 2905 recepere
1917 2850 2011 2888 ve-

351 2935 477 2972 ram
510 2917 724 2988 lucem,
757 2921 874 2977 imo
908 2922 1006 2995 qui
1039 2939 1173 2978 eum
1206 2922 1306 2995 qui
1339 2940 1400 2978 se
1424 2923 1807 2996 transﬁgurat
1830 2925 1888 2978 in
1922 2923 2009 2977 lu-

351 3008 437 3063 cis
467 3008 742 3081 angelum
775 3010 842 3074 ²⁵.
879 3010 1284 3084 suscipiunt,si
1322 3012 1655 3081 intelligant
1685 3029 1747 3068 se
1779 3012 1837 3066 in
1864 3012 2012 3068 falsa

349 3099 606 3154 scientiis
638 3100 910 3172 opinione
958 3106 1216 3158 versatos
1249 3101 1451 3170 fuisse,
1502 3107 1560 3157 et
1611 3101 1914 3157 oberrasse
1945 3116 2008 3156 se
2039 3122 2082 3189 ρ

352 3206 384 3243 a
415 3189 678 3260 veritate,
724 3190 1053 3247 necessario
1114 3189 1464 3263 semetipsos
1513 3187 1818 3263 lugebunt.
1863 3191 2005 3246 Eam

352 3279 424 3334 ob
453 3295 574 3335 rem
622 3279 923 3351 Scriptura
967 3279 1271 3335 transtulit
1317 3278 1628 3334 consilium
1678 3279 1749 3334 ad
1781 3295 1880 3334 eos
1912 3278 2015 3350 qui

360 3384 560 3424 eorum
594 3385 797 3424 curam
857 3369 1173 3439 habebant,
1231 3373 1289 3425 et
1345 3368 1532 3424 dicit:
1567 3369 1748 3424 Facile
1794 3373 2011 3440 tegmen

358 3458 542 3512 luctu:
573 3458 629 3512 ei
657 3473 886 3529 semper.
907 3457 1015 3521 Qui
1039 3457 1196 3513 enim
1229 3474 1536 3513 mmrorem
1567 3462 1769 3513 creant
1797 3462 1853 3514 et
1884 3475 2014 3513 mo-

352 3547 586 3603 lestiam
606 3546 678 3602 ob
704 3550 1090 3619 peccata,quze
1124 3547 1520 3602 admittuntur
1546 3552 1672 3604 tum
1703 3547 1762 3603 in
1787 3547 1858 3603 iis
1882 3564 2011 3618 quae

357 3636 607 3692 attinent
637 3637 711 3692 ad
742 3635 945 3705 vitam,
994 3641 1118 3692 tum
1151 3635 1210 3692 in
1241 3636 1315 3692 iis
1364 3654 1488 3709 quae
1541 3637 1611 3694 ad
1665 3637 2008 3704 doctrinam,

357 3725 442 3783 sic
472 3730 536 3782 ut
569 3725 836 3782 nonnulli
870 3727 940 3782 ad
973 3727 1209 3783 beatum
1240 3725 1465 3782 luctum
1487 3726 1891 3799 pertingant,ii
1925 3725 2009 3780 fa-
2075 3782 2080 3786 _

359 3816 526 3872 ciunt
553 3820 788 3890 tegmen
821 3817 1036 3873 luctus.
1063 3815 1194 3873 Vidi
1227 3833 1329 3887 ego
1351 3817 1769 3888 quosdam,qui
1798 3816 2008 3870 immo-

357 3905 486 3962 dico
517 3906 714 3962 dolore
745 3905 1018 3979 correpti,
1051 3905 1397 3962 incuderent
1427 3923 1489 3962 se
1521 3907 1578 3962 in
1627 3904 1921 3974 cubiculo,
1955 3907 2014 3957 et

355 3993 505 4052 lucis
536 3995 699 4052 aditu
731 3995 891 4052 omni
922 3996 1212 4061 obturato,
1245 3994 1424 4052 veluti
1456 4012 1518 4052 se
1547 3995 1659 4067 ipsi
1719 4010 1820 4067 per
1851 3994 2010 4065 ejus-

355 4085 512 4143 modi
546 4086 722 4142 vitam
756 4085 817 4141 in
842 4086 1101 4142 tenebris
1151 4088 1511 4142 transactam
1565 4083 2008 4141 ulciscerentur.

353 4177 557 4250 Itaque
588 4193 660 4234 ne
688 4180 970 4234 consueta
999 4176 1099 4232 illa
1127 4192 1306 4248 quam
1339 4175 1408 4230 de
1439 4192 1546 4230 sua
1585 4173 1876 4246 sapientia
1905 4173 2010 4229 ha-

357 4266 497 4323 bent
526 4265 878 4324 existimatio
910 4283 1122 4324 seusus
1152 4265 1625 4337 eorum,decepta
1656 4267 1874 4329 mente,
1906 4264 2008 4319 ob-

356 4355 573 4425 turbat,
608 4373 740 4412 cum
774 4356 902 4429 ipsa
941 4373 1072 4414 vere
1131 4356 1207 4412 sit
1255 4355 1531 4419 tenebrae,
1583 4358 1639 4410 et
1684 4357 1879 4409 tamen
1911 4352 2011 4408 lux

357 4461 487 4502 esse
539 4450 798 4518 putetur,
859 4448 940 4503 ait
975 4465 988 4502 :
1022 4449 1205 4503 Facite
1263 4449 1644 4515 tegumentum
1697 4444 1873 4498 luctus
1911 4444 2007 4500 eis.

357 4534 672 4602 Nimirum,
706 4541 771 4591 ut
809 4535 1060 4592 exclusis
1113 4537 1521 4592 hisreticorum
1571 4533 1888 4599 erroribus,
1923 4531 2012 4586 lu-

359 4624 504 4684 mini
539 4641 673 4680 vero
697 4623 888 4681 locum
923 4625 1098 4694 detis,
1136 4643 1250 4697 quo
1283 4625 1460 4680 corda
1489 4639 1691 4679 eorum
1725 4621 1826 4692 qui
1858 4622 1916 4676 in
1949 4638 2012 4676 se

360 4715 628 4785 credunt,
661 4713 919 4770 illustret
949 4716 1125 4772 609.
1162 4715 1330 4770 Prius
1375 4713 1557 4783 igitur
1609 4726 1786 4782 quam
1819 4712 2013 4767 veniat

2126 1839 2245 1905 ϐίας
2274 1845 2300 1899 ὁ
2333 1844 2521 1908 λόγος.
2556 1847 2910 1919 Προετιμήθη
2947 1844 3004 1901 δὲ
3040 1847 3104 1902 τὸ
3163 1843 3342 1922 ὄνομα
3384 1858 3488 1922 τῆς
3551 1855 3780 1928 Ἀρνῶν,

2126 1931 2216 1989 διὰ
2259 1934 2359 2002 τήν
2411 1933 2856 2008 ιρμηνευομένην
2922 1936 3010 1990 ἀπ’
3047 1935 3212 1992 αὐτοῦ
3272 1937 3547 1997 διάνοιαν⁹
3604 1945 3779 2020 ἑρμη-

2122 2023 2331 2078 νεύεται
2390 2023 2491 2097 γὰρ
2544 2029 2578 2092 ὴ
2628 2024 2856 2100 Ἀρνῶν,
2891 2025 3172 2102 φωτισμὸς
3224 2027 3399 2084 αὐτῶν
3459 2034 3591 2106 (69).
3629 2035 3778 2090 Ἐπεὶ

2125 2111 2215 2167 οῦν
2254 2111 2493 2186 μάλιστα
2524 2113 2575 2166 οἱ
2607 2111 2827 2183 πολλὴν
2861 2113 2920 2169 ἐκ
2952 2121 3052 2184 τῆς
3085 2115 3316 2186 οἲήσεως
3357 2121 3456 2189 τῆς
3503 2122 3638 2176 κατᾶ
3688 2145 3777 2178 σο-

2125 2201 2248 2281 φίαν
2283 2201 2505 2278 ἔπαρσιν
2546 2201 2873 2278 πάσχοντες,
2905 2203 2958 2259 ἐν
3011 2205 3150 2282 φωτὶ
3191 2203 3400 2262 οἷόνται
3450 2207 3652 2287 διάγειν
3687 2215 3777 2268 τὸν

2125 2292 2326 2347 ἑαυτῶν
2366 2295 2514 2362 νοῦν,
2544 2292 2680 2346 κατὰ
2719 2291 2980 2362 ἀληθειαν
3033 2293 3409 2370 ἰσκοτισμίνοι
3455 2304 3524 2374 τῇ
3570 2299 3783 2375 διανοίᾳ

2125 2377 2294 2448 ὄντες,
2321 2379 2409 2436 καὶ
2441 2379 2968 2456 ἀπηλλοτριωμένοι
3017 2387 3114 2438 τοῦ
3155 2389 3312 2455 Θεοῦ,
3345 2389 3486 2466 πφὸς
3543 2390 3669 2454 τοὺς
3728 2391 3781 2448 ἐν

2123 2470 2263 2548 φωτὶ
2302 2474 2382 2542 τῷ
2428 2472 2541 2543 (70)
2593 2469 2650 2524 ἐκ
2698 2476 2795 2540 τῆς
2843 2471 3096 2546 γνώσεως
3131 2472 3618 2551 ὑπολαμϐάνοντας
3649 2482 3780 2538 εἶναι

2121 2561 2210 2615 τὸν
2249 2557 2412 2636 λόγον
2445 2564 2707 2616 ποιεῖται.

2193 2653 2318 2707 303.
2405 2650 2536 2705 Εἶτα
2611 2655 2862 2724 παραινεῖ
2894 2670 2907 2683 °
2968 2656 3188 2708 Ποιεῖτε
3274 2655 3474 2729 σκὲπην
3551 2662 3778 2724 πένθους

2123 2739 2258 2812 αὐτῇ
2313 2734 2403 2793 διὰ
2475 2739 2695 2800 παντός.
2755 2734 2942 2794 Ναδὰϐ
3026 2739 3115 2794 καὶ
3177 2738 3424 2816 Ἀϐιοὺδ,
3485 2746 3778 2824 ἀλλότριον

2122 2833 2229 2903 πῦρ
2309 2831 2764 2903 προσενίγκαντες
2832 2833 2912 2900 τῷ
2983 2832 3368 2906 θυσιαστηρίῳ,
3429 2836 3770 2914 κατεφλέγη..

2123 2939 2236 2975 σαν.
2269 2917 2367 2971 Καὶ
2415 2917 2466 2972 οἱ
2515 2917 2576 2971 τὸ
2627 2921 2741 2995 φῶς
2785 2918 2848 2972 τὸ
2891 2917 3151 2989 ἀληθινὸν
3187 2923 3260 2993 μὴ
3292 2920 3591 2996 δεξάμενοι,
3625 2925 3772 2982 ἀλλᾶ

2119 3008 2212 3061 τὸν
2269 3005 2890 3082 μετασχηματιζόμενον
2951 3008 3027 3070 εἷς
3085 3007 3314 3085 ἄγγελον
3374 3013 3552 3090 φωτὸς
3580 3019 3774 3070 τοῦτον

2124 3093 2547 3172 ὑποδεχόμενοι,
2600 3095 2687 3152 ἐὰν
2747 3095 3060 3167 αἴσθωνται,
3117 3097 3198 3153 ὅτι
3257 3097 3309 3154 ἐν
3365 3102 3625 3178 φαντασίᾳ
3680 3105 3773 3175 μὶν

2125 3187 2379 3262 γνώσεως
2405 3186 2563 3257 ἦσαν,
2597 3183 2927 3265 ἐσφαλμένοι
2959 3183 3017 3242 δὲ
3045 3195 3145 3258 τῆς
3195 3186 3454 3260 ἀληθείας
3503 3191 3778 3266 ὑπῆρχον,

2124 3275 2434 3352 ἀναγκαίως
2518 3275 2742 3338 ἑαυτοὺς
2824 3278 3307 3347 κσταπενθήσουσι.
3364 3280 3458 3334 Διὸ
3550 3283 3786 3354 μετήγα-

2122 3386 2210 3441 γεν
2245 3367 2273 3422 ὁ
2305 3363 2470 3440 λόγος
2499 3366 2597 3434 τὴν
2627 3363 2940 3438 παραίνεσιν
2975 3363 3062 3418 hri
3121 3365 3251 3428 τοὺς
3310 3366 3788 3441 ἄπιμελουμένους

2125 3454 2326 3521 αὑτῶν,
2357 3452 2448 3507 καί
2499 3472 2659 3529 φησιο
2725 3457 2915 3506 Ποεῖτε
2963 3451 3166 3520 σκέπην
3223 3453 3452 3516 πένθους
3503 3455 3642 3529 αὐτῇ
3696 3454 3786 3511 διὰ

2122 3552 2346 3603 παντός.
2380 3541 2448 3598 Οἱ
2495 3539 2595 3615 γὰρ
2656 3537 2743 3592 ἐπὶ
2808 3543 2927 3601 τοῖς
2981 3540 3424 3613 ἡμαρτημένοις,
3487 3541 3594 3598 εἷ’τε
3648 3545 3787 3599 κατὰ

2120 3630 2213 3685 τὸν
2249 3629 2394 3704 βίον,
2429 3625 2534 3682 ε’ίτέ
2563 3625 2699 3681 κατὰ
2727 3628 2827 3697 τὴν
2869 3631 3088 3703 γνῶσιν,
3121 3627 3534 3704 ἐνεργαζόμενοι
3576 3629 3782 3704 λύπην,

2124 3719 2263 3776 ὥστε
2317 3718 2464 3778 τινὰς
2521 3714 2699 3781 ἐλθεῖν
2756 3715 2845 3770 ἐπὶ
2902 3717 2964 3772 τὸ
3022 3717 3302 3794 μακαρίως
3357 3721 3595 3789 πενθεῖν,
3630 3722 3782 3777 οὗτοι

2120 3813 2338 3865 ποιοῦσι
2389 3805 2591 3878 σκέπην
2642 3805 2887 3868 πένθους.
2942 3803 3098 3863 Εῖδόν
3146 3828 3296 3869 τινας
3348 3806 3457 3883 ἰγὼ
3509 3814 3616 3864 τῶν
3676 3811 3782 3866 ὑπὸ

2123 3899 2304 3969 λύπης
2365 3896 2600 3973 ἀκράτου
2661 3895 3046 3973 κατεχομένων
3107 3895 3500 3960 ἀποκλείοντας
3555 3898 3778 3962 ἑαυτοὺς

2123 3988 2200 4052 είς
2232 3985 2509 4057 οἰκίσκον,
2529 3987 2620 4042 καὶ
2650 3992 2822 4041 πᾶσαν
2867 3987 3047 4064 φωτὸς
3102 3983 3342 4058 πάροδον
3391 3987 3774 4063 ἀποφράσσον-

2119 4098 2236 4151 τας,
2265 4077 2356 4133 καὶ
2390 4075 2558 4132 οἷονεὶ
2588 4077 3037 4151 τιμωρουμένους
3071 4074 3293 4140 ἑαυτοὺς
3327 4073 3416 4131 διὰ
3451 4084 3553 4146 τῆς
3612 4076 3664 4132 ἐν
3695 4083 3777 4150 τῷ

2123 4167 2300 4224 σκότει
2335 4164 2636 4241 διαγωγῆς.
2669 4166 2785 4222 Ἵνα
2816 4163 2907 4220 οῦν
2944 4167 3020 4239 μὴ
3052 4165 3115 4220 τὸ
3169 4164 3415 4235 σύνηθες.
3466 4164 3641 4220 αὐτῶν
3694 4165 3776 4236 ἰξ-

2122 4262 2340 4314 απατῶν
2372 4257 2470 4324 τὴν
2507 4253 2774 4322 διάνοιαν,
2805 4257 2904 4323 τῆς
2967 4253 3158 4330 σοφίας
3216 4253 3413 4326 οἵημα,
3438 4254 3574 4309 κατὰ
3631 4255 3771 4325 ἀλή-

2123 4351 2267 4403 θειαν
2326 4344 2520 4407 σκότος
2584 4345 2852 4420 ὑπάρχον,
2883 4347 2996 4422 φῶς
3059 4341 3116 4399 δὲ
3171 4343 3300 4398 εἶναι
3352 4344 3780 4418 φανταζόμενον,

2124 4435 2331 4511 διοχλῇ
2384 4435 2559 4490 αὐτῶν
2605 4439 2724 4496 ταῖς
2776 4433 3052 4504 αἰσθήσεσι
3101 4435 3240 4506 (71)·
3278 4435 3571 4504 Ποιήσατε,
3624 4435 3783 4510 φησὶ,

2124 4527 2326 4596 σκὲπην
2386 4525 2616 4588 πίνοους
2664 4521 2990 4594 αὐτοῖς,¹ίνα
3042 4522 3092 4578 ἐν
3152 4527 3230 4595 τῷ
3297 4520 3620 4576 ἀποκλεῖσαι
3678 4525 3782 4592 τήν

2125 4616 2185 4671 ἐκ
2212 4620 2318 4671 τῶν
2353 4611 2676 4688 ἑτεροδόξων
2713 4615 2828 4686 (72)
2857 4613 3092 4683 ἀπάτην,
3127 4611 3314 4687 χώραν
3349 4610 3488 4666 δῶτε
3528 4616 3608 4684 τῷ
3638 4610 3789 4683 ἀλη-

2131 4711 2264 4778 θινῷ
2297 4704 2437 4785 φωτὶ
2468 4701 2754 4777 ἐλλάμψαι
2782 4706 2900 4767 ταῖς
2933 4698 3182 4778 καρδίαις
3231 4706 3337 4757 τῶν
3381 4700 3457 4763 εἷς
3514 4701 3644 4758 αὐτὸ
3689 4722 3788 4757 πε-

431 4872 478 4910 ³³
502 4872 645 4928 Gen.
677 4886 796 4940 11x,
830 4869 1013 4924 33-37.
1092 4869 1138 4904 “
1170 4868 1351 4924 Levit.
1385 4884 1438 4931 κ,
1477 4867 1528 4921 1.
1606 4865 1650 4899 ⁸⁸
1681 4864 1730 4919 ΙΙ
1763 4863 1891 4919 Cor.
1931 4880 2011 4931 xx,
2047 4863 2134 4919 14.

364 5020 634 5099 θύγατερι
683 5024 848 5099 bene.
920 5019 1151 5099 Ibidem
1211 5015 1386 5099 editi:
1453 5007 1678 5099 'Dgwa'tq;
1747 5011 2015 5099 τουτέστιγ

2131 5011 2405 5099 meliores
2439 5001 3176 5099 potesncupnﬁr‘tltypltvwzz

367 5081 652 5170 asa'mp'ét.
709 5091 1278 5170 Uterque_Combei_'.,
1327 5081 1544 5170 Mmo’z6_;
1605 5085 1736 5160 ὅπερ
1789 5085 1853 5142 εῖ.
1906 5087 2018 5141 Alii

362 5167 480 5224 duo
513 5162 681 5231 nisa,
711 5166 794 5240 ᾖς.
829 5162 945 5240 Hoc
977 5167 1104 5238 ipso
1136 5163 1195 5240 in
1227 5162 1351 5240 loco
1384 5164 1836 5240 quatuor‘mss”
1871 5179 2022 5240 φανεῖ

360 5240 614 5323 ρωφήσῖι·
648 5229 778 5322 Μὸκ
807 5239 970 5322 fidi“:
1000 5229 1460 5323 θεατρξέἱέγένίῗὺζ
1475 5232 1612 5323 .VP".
1627 5229 2021 5323 _‘Ié"°'iq9?§t

359 5303 425 5375 in
463 5303 696 5384 nostris
745 5303 1008 5384 quinque
1051 5303 1356 5365 codicibus
1389 5321 1401 5358 :
1437 5303 1742 5384 sed_eam,
1791 5303 2017 5373 opinor,

361 5374 696 5442 addendam
728 5374 857 5456 esse
882 5374 1652 5456 judicarunttypographi;
1685 5374 1744 5426 in
1778 5391 1896 5453 quo
1923 5390 2020 5428 eos

361 5475 478 5515 non
510 5457 595 5512 ita
630 5445 903 5508 multum'
934 5445 1446 5526 reprehendendos
1488 5445 1803 5500 arbitrarer
1851 5445 1899 5499 si
1954 5461 2022 5498 ea
2132 5459 2267 5526 ostri.

361 5533 433 5590 de
468 5545 529 5585 re
560 5526 956 5584 monuissent.

2199 5073 2746 5156 (69)_Anti_qui'tre's
2795 5073 3039 5132 libri'et
3083 5078 3248 5146 editi,
3279 5073 3478 5132 αὐτῶν.
3513 5075 3622 5133 Alii
3671 5077 3794 5134 duo

2131 5150 2274 5210 mss.
2297 5150 2400 5206 ’ἀπ’
2433 5150 2627 5206 αὐτῶν.

2201 5227 2316 5298 (70)
2348 5225 2521 5290 Editi,
2551 5221 2699 5298 τούς.
2731 5224 2804 5277 At
2845 5237 3015 5298 mss”
3045 5224 3146 5292 τῷ.
3181 5220 3408 5298 Neeita
3438 5221 3625 5278 multo
3656 5226 3798 5293 post

2132 5290 2251 5352 tres
2284 5290 2452 5369 mss,
2484 5299 2564 5369 τῷ
2594 5290 2986 5369 θυσιαστηόίῳ,
3019 5290 3488 5369 κατεφλέχθησαν.

2201 5369 2313 5439 (71)
2355 5363 2545 5434 Editi,
2581 5366 2677 5426 τὰς
2751 5365 3052 5435 αἷοήσεσις.
3097 5363 3172 5421 At
3221 5363 3378 5437 mss,
3425 5368 3546 5426 ταῖς
3595 5363 3793 5434 αῒσθή-

2263 5512 2318 5582 2)
2349 5511 2546 5582 Nostri
2579 5509 2842 5582 quinque
2889 5525 3035 5564 mss.
3088 5505 3436 5582 ἑτεροδόξων.
3471 5508 3641 5582 Editi,
3675 5509 3793 5582 tte-

432 5559 433 5579 ι
468 5545 529 5585 re
560 5526 956 5584 monuissent.
999 5512 1016 5526 ⁸

432 5602 548 5675 (68)
578 5597 736 5675 Είάἱῐὶ
784 5602 840 5652 et
894 5595 1336 5675 Regzprimus,
1391 5582 2015 5675 συμπεπλασμιξνωᾼνῆ

2205 5512 2318 5637 (72)
2349 5512 2546 5566 Nostri
2579 5512 2842 5592 quinque
2889 5525 3035 5564 mss.
3088 5512 3436 5582 ἑτεροδόξων.
3471 5512 3641 5574 Editi,
3675 5512 3793 5562 ἒτε·

2137 5603 2198 5675 ρῑλ
2239 5581 2526 5675 ςεούντωνί-
2559 5580 2936 5675 thauma.
2959 5581 3653 5675 9999.398;_s°°9n9.‘1%v
3716 5580 3799 5644 είς

361 5650 728 5751 dab-melitioni,
761 5650 1160 5751 quzehc—gzﬁc‘ta
1187 5650 1336 5751 sunt,
1353 5680 1425 5751 ea;
1439 5650 1630 5751 totius.
1645 5749 1652 5751 Α
1662 5650 2015 5751 ηιιλίιοξοξίι

2137 5650 2758 5711 αὐτὸπεπιστευκότων.
2787 5650 3025 5712 Editiet
3061 5655 3161 5721 alii
3191 5650 3361 5725 11583.,
3396 5652 3470 5716 sic
3501 5650 3682 5709 αὐτόν.

367 5729 672 5826 ξῆἷειέεριὶδ.
710 5729 906 5803 Lectio
956 5729 1196 5808 optima.
1233 5743 1307 5790 At
1354 5735 1450 5790 alii
1496 5737 1749 5802 quatuor
1796 5729 2024 5785 codices
