4150 6380
329 412 449 472 649

1124 404 1536 471 COMMENT.
1574 407 1655 467 IN
1703 406 1976 467 ISAIAM
2016 404 2529 469 PROPHE’I‘AM.
2577 408 2748 470 CAP.
2796 410 2952 471 XVI.

3637 407 3758 470 650

332 543 730 601 πιστευκότων.
789 541 924 617 Πρὶν
958 540 1051 596 οὖν
1105 537 1281 603 ἐλθεῖν
1311 539 1410 608 τὴν
1442 540 1651 613 ἡμεραν
1686 536 1904 613 Κυρίου,
1936 536 1988 591 ἐν

2107 539 2231 594 dies
2260 540 2512 608 Domini,
2542 541 2602 596 in
2635 558 2749 614 qua
2780 540 3060 613 plangtnt
3105 558 3312 599 omnes
3364 541 3555 598 tribus
3592 544 3761 597 terra

330 634 368 705 ᾖ
400 632 668 706 κόψονται
729 634 893 685 πᾶσαι
953 630 1007 684 αἱ
1072 628 1239 707 φυλαὶ
1292 630 1391 697 τῆς
1420 629 1541 703 γῆς,
1574 625 1710 681 κατὰ
1737 626 1799 681 τὸ
1830 624 1882 680 ἐν
1911 630 1989 697 τῷ

336 720 583 797 Ζαχαρία
640 719 953 795 εἰρημένον,
1020 716 1126 787 ὅτι,
1206 709 1688 792 Μεγαλυνθήσεται
1741 716 1769 770 ὁ
1823 735 1987 769 κοπε-

332 812 429 872 τὸς
484 812 598 883 (73)
657 808 709 864 ἐν
768 805 1158 884 Ἰερουσαλὴμ,
1222 806 1297 868 ὡς
1352 804 1582 869 κοπετὸς
1638 803 1863 880 ῥοῶνος
1896 803 1986 858 καὶ

334 900 557 973 κόψεται
606 899 641 968 ὴ
702 903 775 972 γῆ
832 895 971 952 κατὰ
1024 894 1220 974 φυλάς,
1280 893 1425 972 φυλὴ
1480 891 1633 949 οἷ’κου
1675 889 1840 948 Δαϐἰδ
1869 894 1989 948 καθ’

336 988 553 1055 ἓαυτήι,
630 985 721 1042 καὶ
803 986 858 1041 αἱ
914 990 1160 1061 γυναῖκες
1229 984 1407 1039 αὐτῶν
1458 983 1576 1047 καθ’
1628 981 1836 1044 ἑαυτάς·
1896 1003 1993 1059 φυ-

336 1076 408 1145 λὴ
491 1073 644 1130 οθίκου
732 1074 914 1139 Νάθαν
998 1075 1120 1128 καθ’
1188 1072 1403 1142 ἑαυτήν,
1481 1071 1570 1127 καὶ
1628 1073 1684 1126 αἱ
1740 1077 1992 1148 γυναῖκες

336 1164 512 1220 αὐτῶν
584 1166 703 1220 καθ’
797 1161 1004 1225 ἱαυτάς·
1075 1168 1242 1217 πᾶσαι
1301 1163 1412 1236 (74)
1467 1163 1523 1216 αἱ
1583 1159 1990 1234 ὕπολελειμμέ-

336 1275 420 1309 ναι
497 1252 686 1331 φυλαὶ,
767 1250 915 1330 φυλὴ
994 1253 1116 1315 καθ’
1190 1251 1404 1321 ἑαυτὴν,
1484 1250 1575 1306 καὶ
1630 1251 1685 1305 αἱ
1739 1255 1992 1324 γυναῖκες

336 1345 514 1398 αὐτῶν
572 1344 690 1397 καθ’
748 1341 959 1404 ἑαυτάς·
1021 1342 1175 1414 ὑμεῖς
1233 1341 1284 1395 οἱ
1346 1337 1686 1401 διδάσκοντες
1731 1340 1822 1394 τὸν
1858 1339 1989 1395 λαὸν

330 1432 419 1487 καὶ
484 1432 905 1510 ἐπιστρέφοντες
957 1432 1084 1492 τοὺς
1145 1428 1535 1504 ἡμαρτηκότας
1586 1428 1636 1482 ἐν
1695 1427 1853 1482 παντὶ
1911 1433 1991 1500 τῷ

329 1525 427 1576 τοῦ
492 1521 613 1596 βίου
671 1525 892 1597 καιρῷ,
967 1523 1180 1575 Ποιεῖτε
1258 1520 1459 1588 σκέπην
1530 1518 1756 1579 πένθους
1833 1516 1990 1592 αὐτῇ,

2091 628 2261 698 juxta
2289 628 2347 683 id
2381 631 2536 702 quod
2568 630 2626 685 in
2658 630 2937 685 Zacharia
2968 631 3190 686 dictum
3213 636 3302 687 est
3337 648 3350 686 :
3384 633 3626 702 Magnus
3656 631 3763 686 erit

2096 717 2357 788 planctus
2412 721 2472 773 in
2526 720 2837 776 Jerusalem
2894 736 2907 773 :
2967 721 3107 774 sicut
3175 719 3429 790 planctus
3485 719 3761 792 malogra-

2098 808 2244 861 moti
2267 825 2281 876 ;
2313 816 2364 863 et
2390 808 2627 879 planget
2657 813 2821 865 terra
2853 825 2951 879 per
2981 809 3189 877 tribus;
3216 809 3391 863 tribus
3422 807 3614 864 domus
3645 813 3759 864 Da-

2098 896 2199 951 vid
2226 912 2488 964 seorsum,
2514 905 2565 953 et
2593 899 2855 953 mulieres
2883 913 3081 953 eorum
3132 913 3377 952 seorsum
3412 914 3426 965 ;
3458 898 3641 954 tribus
3664 898 3759 953 do-

2102 1001 2224 1040 mus
2254 985 2475 1042 Nathan
2511 1002 2774 1055 seorsum,
2822 995 2875 1043 et
2921 987 3185 1041 mulieres
3233 1001 3423 1042 eorum
3467 1002 3756 1056 seorsum;

2100 1089 2282 1130 omnes
2322 1076 2548 1147 reliquae
2603 1076 2797 1143 tribus,
2862 1076 3038 1131 tribus
3080 1091 3345 1144 seorsum,
3396 1082 3448 1130 et
3500 1076 3762 1130 mulieres

2100 1179 2289 1220 eorum
2319 1181 2561 1219 seorsum
2590 1165 2672 1232 9°;
2703 1181 2802 1219 vos
2836 1165 2934 1235 qui
2965 1165 3223 1221 edocetis
3255 1162 3560 1235 populum,
3584 1169 3762 1235 atque

2102 1257 2434 1324 peceatores
2468 1254 2528 1309 in
2559 1253 2720 1309 omni
2761 1253 2890 1308 vita:
2948 1251 3197 1308 articulo
3251 1252 3605 1317 convertilis,
3654 1252 3759 1307 Fa-

2101 1343 2206 1397 cite
2237 1347 2448 1413 tegmen
2479 1343 2658 1398 luctus
2686 1344 2738 1398 ei
2774 1367 2788 1410 ;
2822 1346 2882 1397 ut
2908 1342 3007 1414 qui
3043 1342 3206 1413 prius
3236 1340 3374 1396 vitio
3424 1340 3578 1396 male
3607 1340 3761 1397 afﬂi-

2102 1432 2434 1498 ctabantur,
2461 1432 2587 1502 jam
2621 1432 2694 1487 ad
2725 1432 2961 1487 beatum
2991 1429 3211 1486 luctum
3255 1445 3523 1486 sermone
3569 1434 3762 1486 vestro

2103 1520 2486 1576 inducantur.

333 1608 407 1664 ’ἶν’
442 1611 502 1665 ἐκ
530 1614 629 1665 τοῦ
666 1611 928 1685 ὑμετέρου
955 1604 1126 1682 λόγου
1157 1609 1209 1662 οἱ
1243 1606 1347 1662 ὑπὸ
1375 1613 1478 1677 τῆς
1508 1606 1697 1670 κακίας
1725 1605 1987 1684 πρότερον
2020 1610 2412 1682 κεκακωμένοι,
2440 1607 2519 1670 εἷς
2547 1608 2611 1663 τὸ
2645 1606 2927 1684 μακαρίως
2955 1609 3162 1664 πενθεῖν
3196 1605 3515 1684 ἐναχθῶσιν.

402 1722 527 1777 304.
609 1719 694 1773 Ἐν
785 1712 1135 1793 μεσημϐρινῇ
1211 1716 1401 1788 σκοτίᾳ
1471 1715 1773 1794 φεύξονται.
1832 1719 1990 1770 Δοκεῖ
2046 1704 2050 1711 ’

2170 1719 2298 1774 304.
2338 1720 2403 1773 In
2447 1718 2779 1773 meridianis
2828 1718 3062 1774 tenebris
3106 1719 3342 1789 fugient.
3394 1719 3516 1774 Lux
3543 1718 3602 1774 in
3636 1735 3757 1774 me-

328 1808 391 1863 τὸ
455 1802 830 1884 μεσημϐρινὸν
889 1813 987 1876 τῆς
1014 1804 1228 1879 ἡμέρας
1253 1806 1575 1877 κατάστημα
1605 1802 1986 1880 λαμπρότερον

2100 1807 2327 1863 ridiano
2361 1808 2473 1863 diei
2506 1811 2661 1864 statu
2696 1808 2925 1863 videtur
2962 1807 3175 1863 clarior
3204 1824 3333 1864 esse
3381 1810 3439 1863 et
3494 1806 3754 1880 splendi-

331 1879 478 1972 ἔχειν
512 1879 612 1951 καὶ*
636 1879 930 1975 φανότερον
957 1895 1021 1950 τὸ
1079 1899 1216 1972 φῶς.
1269 1900 1379 1964 Τῆς
1437 1892 1531 1947 οὖν
1563 1879 1825 1963 ἀληθείας
1880 1892 1984 1949 ἀπὸ

2100 1896 2242 1952 dior.
2278 1898 2642 1970 Quapropter
2673 1913 2805 1953 cum
2838 1897 3053 1953 veritas
3086 1913 3186 1969 per
3214 1897 3418 1952 mundi
3453 1879 3753 1973 creaturas

332 1984 556 2046 κτίσεως
625 1984 834 2057 κόσμοο
904 1985 1139 2038 νοεῖσθαι
1214 1979 1516 2056 δυναμένης
1581 1988 1699 2045 τοῖς
1753 1986 1983 2036 συνετῶς

328 2078 447 2134 τοῖς
481 2071 676 2148 λόγοις
722 2078 823 2142 τῆς
872 2070 1099 2135 κτίσεως
1145 2065 1564 2138 ἐπιϐάλλουσιν,
1618 2072 1670 2126 οἱ
1702 2069 1753 2125 ἐν
1782 2075 1862 2143 τῷ
1889 2069 1984 2125 κό-

331 2184 456 2236 σμῳ
486 2166 681 2231 ζῶντες
709 2160 799 2216 καὶ
826 2159 1164 2236 πανταχόθεν
1218 2160 1320 2214 ὑπὸ
1349 2165 1450 2230 τῆς
1479 2163 1575 2215 τοῦ
1603 2164 1736 2215 Θεοῦ
1791 2160 1983 2238 σοφίας

330 2249 834 2328 περιλαμπόμενοι,
890 2253 1173 2311 νοσοῦντες
1208 2245 1265 2303 δὲ
1290 2249 1390 2318 τήν
1422 2252 1519 2304 τοῦ
1545 2253 1679 2305 Θεοῦ
1736 2246 1984 2324 ἄγνοιαν,

329 2338 481 2410 οὗτοί
534 2338 666 2394 εἷ’σιν
701 2340 753 2393 οἱ
785 2336 840 2392 ἐν
870 2332 1219 2412 μεσημϐρινῇ
1253 2337 1442 2410 σκοτίᾳ
1490 2338 1845 2414 ὑπάρχοντες·
1879 2341 1986 2392 τῶν

333 2429 428 2501 μὲν
485 2425 820 2504 πραγμάτων
871 2426 970 2495 τὴν
1009 2420 1355 2500 μεσημϐρίαν
1390 2426 1654 2502 ἐχόντων,
1689 2425 1741 2482 ἐν
1777 2423 1834 2482 δὲ
1860 2432 1983 2490 ταῖς

331 2520 536 2593 ψυχαῖς
581 2520 694 2572 τῶν
720 2514 1054 2590 ἀγνοούντων
1114 2522 1217 2584 τῆς
1271 2514 1488 2576 σκοτίας
1544 2514 1979 2592 ἐνυπαρχούσης.

327 2608 391 2661 Οἱ
447 2609 690 2662 τοιοῦτοι
738 2605 831 2659 οὗν
895 2603 946 2658 ἐν
1008 2598 1360 2679 μεσημϐρινῇ
1421 2602 1981 2681 σκοτίᾳλρεύγουσιν,

327 2694 641 2767 ἐξέστησαν·
704 2691 842 2748 διότι
904 2699 1004 2763 τῆς
1063 2692 1376 2765 φαντασίας,
1446 2694 1509 2762 ἣν
1564 2695 1615 2747 οἱ
1678 2692 1982 2766 μεμηνότες

328 2787 769 2863 φαντασιοῦνται,
802 2779 956 2837 ούδὶν
1013 2778 1251 2860 διαφέρει
1307 2782 1374 2836 τὰ
1427 2786 1536 2837 τῶν
1591 2781 1855 2837 τοιούτων
1890 2779 1983 2837 δό-

324 2894 524 2951 γματα.
582 2873 677 2927 Καὶ
739 2870 1002 2949 ἑρμηνεία
1054 2870 1164 2926 ἐστὶ
1194 2874 1291 2926 τοῦ
1343 2866 1722 2945 μεσημϐρινοῦ
1754 2871 1981 2936 σκότους

326 2966 361 3034 ἠ
415 2958 684 3030 ἔκστασις,
742 2960 858 3017 ἐπεὶ
915 2961 1007 3015 καὶ
1065 2960 1117 3014 οἱ
1156 2959 1315 3014 πάθει
1366 2958 1475 3014 τινὶ
1536 2959 1818 3037 λογισμῶν
1846 2981 1983 3036 παρ-

323 3052 653 3126 ενεχθέντες,
704 3046 829 3104 οὔτε
854 3049 947 3103 τὸν
979 3045 1142 3117 ἥλιον
1174 3044 1412 3120 λάμπειν
1446 3046 1676 3118 οἷόνται,
1709 3045 1832 3103 οὔτε
1862 3053 1977 3127 φῶς

324 3140 460 3195 εἶναι
510 3139 637 3215 περὶ
693 3138 783 3192 τὸν
843 3137 993 3212 ἀέρά.
1024 3141 1316 3197 ’Έκστασις
1347 3133 1438 3191 οῦν
1468 3132 1663 3203 ὅντως,
1693 3137 1779 3191 καὶ
1814 3135 1979 3209 μανία

328 3230 523 3302 σαφὴς,
575 3225 750 3288 οὕτως
781 3226 897 3299 (75)
928 3225 1164 3316 ἐναργῶν
1183 3223 1548 3316 ’πραγμάτων
1564 3225 1974 3316 Δκηρυσσόντων
2010 3249 2053 3316 C

324 3321 422 3372 τοῦ
451 3318 783 3387 ποιήσαντος
829 3316 978 3387 ἡμᾶς
1025 3313 1125 3382 τὴν
1178 3310 1407 3386 δύναμιν
1435 3355 1449 3382 ,
1509 3310 1765 3376 εἰδώλοις
1816 3334 1981 3390 προσ-

333 3407 479 3482 έχειν
512 3403 603 3459 καὶ
655 3403 962 3476 πλάσμασι,
1016 3401 1106 3457 καὶ
1169 3406 1437 3465 θεοποιεῖν
1481 3402 1549 3458 τὰ
1600 3403 1675 3476 μή
1711 3399 1860 3475 ὄντα,
1894 3403 1983 3458 καὶ

326 3493 600 3557 πολλάκις
630 3489 719 3547 διὰ
749 3488 1033 3565 δογμάτων
1068 3490 1350 3566 αἱρετικῶν
1411 3486 1511 3560 ἔξω
1568 3491 1817 3569 φέρεσθαι
1882 3498 1981 3561 τῆς

330 3582 614 3653 ἀληθείας,
671 3578 762 3636 καὶ
808 3578 971 3634 οἷόνεὶ
1027 3573 1287 3641 ἐκϐάντας
1342 3580 1405 3634 τὸ
1464 3584 1579 3658 φῶς
1610 3579 1663 3634 ἐν
1691 3585 1772 3652 τῷ
1804 3579 1984 3635 σκότει

334 3672 563 3749 διάγειν.
623 3673 712 3742 Μὴ
767 3670 967 3746 ἀχθῆς,
1029 3671 1398 3746 Προτρέπεται
1441 3672 1592 3743 ἡμᾶς
1621 3670 1650 3724 ὁ
1681 3669 1870 3747 λόγος,
1906 3671 1983 3744 μὴ

328 3761 550 3838 ἄγεσθαι
610 3760 715 3815 ὑπὸ
768 3765 867 3828 τῆς
898 3759 1259 3829 πιθανότητος
1285 3763 1396 3814 τῶν
1432 3756 1774 3834 ἑτεροδόξων·
1821 3760 1985 3833 μανία

324 3850 427 3925 γὰρ
478 3849 674 3922 σαφὴς,
722 3845 1061 3918 ἐξεστηκόσιν
1132 3844 1454 3902 ἀκολουθεῖν
1515 3850 1650 3921 (76).
1712 3850 1981 3926 Γνώρισον

326 3937 543 4005 αὐτοὺς,
603 3936 685 3990 ὅτι
744 3934 1050 4006 ἐξέστησαν.
1105 3935 1245 4006 ’Ἑξω
1277 3934 1382 3989 εἶσὶ
1428 3943 1530 4006 τῆς
1558 3934 1688 3992 ὁδοῦ
1717 3944 1815 4007 τῆς
1844 3939 1981 4011 πρὸς

328 4026 455 4083 Θεὸν
488 4023 744 4102 ἀγούσης·
803 4024 880 4098 μὴ
940 4024 1129 4099 χρήσῃ
1188 4022 1373 4087 αὐτοῖς
1431 4022 1680 4099 ὁδηγοῖς,
1731 4029 1806 4098 μή
1850 4047 1984 4081 ποτε

327 4115 504 4192 ἀχθῇς
567 4114 657 4170 ὑπ’
688 4112 865 4168 αὐτῶν
899 4111 976 4176 εἷς
1003 4112 1251 4188 κρημνὸν
1292 4111 1381 4167 καὶ
1418 4113 1712 4189 βάραθρον.
1765 4113 1984 4191 Τυφλὸς

318 4206 432 4282 ¹γὰρ
507 4203 597 4260 ἐὰν
672 4202 878 4280 τυφλὸν
958 4197 1159 4276 ὁδηγῇ,
1236 4200 1537 4278 ἀμφότεροι
1610 4201 1686 4265 είς
1761 4202 1981 4278 βόθυνον

329 4299 619 4351 πεσοῦνται
651 4294 785 4367 (77).

403 4472 530 4528 305.
617 4468 1023 4543 Παροικήσουσι
1102 4487 1185 4522 σοι
1265 4466 1497 4546 φυγάδες
1565 4465 1759 4526 Μωάϐ·
1832 4472 1986 4529 Μετᾶ

330 4563 497 4616 ταῦτα
555 4554 613 4613 δὲ
660 4557 730 4629 τῇ
786 4555 1008 4632 θυγατρὶ
1072 4556 1215 4609 Σιὼν
1278 4554 1488 4631 λέγεται
1552 4559 1655 4614 ὑπὸ
1709 4563 1806 4614 τοῦ
1840 4579 1983 4635 χρη-

2099 1986 2171 2040 ab
2202 1986 2274 2042 iis
2300 1988 2395 2058 qui
2430 1987 2695 2043 animum
2730 2002 2904 2043 suum
2937 1987 3008 2042 ad
3041 1985 3300 2042 rationes
3347 1992 3749 2042 creaturarum

2096 2075 2501 2147 percipiendas
2533 2074 2778 2131 solerter
2810 2076 3164 2148 adjungunt,
3186 2074 3544 2147 deprehendi
3574 2081 3752 2149 queat

2094 2167 2151 2219 et
2183 2163 2468 2236 intelligi;
2503 2165 2604 2236 qui
2637 2163 2693 2219 in
2729 2166 2950 2220 mundo
2973 2164 3438 2237 degunt,De1que
3463 2163 3753 2236 sapientia

2096 2252 2356 2324 undique
2389 2252 2827 2321 collustrantur,
2860 2258 2919 2308 et
2948 2257 3143 2309 tamen
3171 2252 3270 2309 Dei
3303 2252 3636 2325 ignorantia
3666 2255 3752 2310 la-

2094 2340 2391 2409 borant,bi
2422 2342 2812 2398 versanturin
2846 2341 3190 2397 meridianis
3224 2342 3514 2398 tenebris:
3538 2341 3754 2416 quippe

2090 2446 2187 2486 res
2219 2431 2451 2502 quidem
2505 2430 2816 2487 meridiem
2868 2448 2984 2503 prae
3017 2447 3078 2487 se
3130 2431 3347 2498 ferunt,
3396 2431 3497 2487 sed
3532 2431 3754 2488 nihilo-

2094 2520 2292 2576 minus
2322 2520 2575 2576 tenebrae
2605 2519 2664 2575 in
2696 2520 2907 2576 horum
2939 2520 3282 2592 ignarorum
3323 2518 3539 2577 animis
3595 2521 3748 2577 exsi-

2092 2612 2276 2664 stunt.
2327 2609 2498 2664 Tales
2547 2608 2749 2681 itaque
2802 2608 2941 2681 fuga
2988 2608 3048 2663 in
3102 2609 3445 2665 meridianis
3488 2610 3747 2666 tenebris

2089 2703 2280 2768 capta,
2315 2703 2510 2753 mente
2548 2696 2783 2753 alienati
2818 2701 2977 2768 sunt,
3011 2697 3163 2768 quod
3213 2713 3416 2754 eorum
3466 2698 3747 2771 dogmata

2090 2801 2124 2841 a
2156 2785 2469 2856 phantasia
2500 2803 2677 2858 quam
2734 2785 2847 2842 sibi
2896 2785 3258 2842 insanientes
3311 2787 3560 2859 fingunt,
3594 2786 3743 2843 nihil

2089 2874 2380 2930 differant.
2416 2879 2604 2947 Atque
2635 2876 2905 2932 tenebras
2958 2875 3314 2931 meridianas
3365 2876 3735 2949 interpretari

2086 2962 2223 3020 licet
2253 2964 2666 3020 alienationem
2697 2964 2912 3020 mentis
2947 2979 2959 3018 :
2996 2963 3470 3035 quandoquidem
3523 2970 3581 3020 et
3634 2965 3739 3037 qui

2089 3051 2293 3107 morbo
2322 3052 2518 3124 aliquo
2550 3069 2584 3107 a
2615 3068 2760 3107 sana
2793 3061 2983 3108 mente
3013 3051 3224 3123 dejecti
3256 3057 3417 3123 sunt,
3450 3068 3640 3124 neque
3671 3052 3741 3107 il-

2088 3139 2383 3196 lucescere
2434 3140 2642 3207 solem,
2689 3157 2880 3213 neque
2928 3156 3118 3195 aerem
3170 3140 3297 3196 luce
3345 3140 3742 3197 circumfundi

2090 3228 2634 3300 epinantur.ltaque
2665 3230 2841 3284 rebus
2869 3228 3012 3283 adeo
3045 3227 3218 3284 claris
3250 3229 3569 3301 potentiam
3591 3230 3745 3287 Con-

2092 3318 2302 3373 ditoris
2350 3318 2534 3374 nostri
2604 3317 3081 3389 praedicantibus,
3134 3318 3307 3374 fuerit
3351 3336 3483 3375 vere
3531 3320 3747 3377 mentis

2092 3405 2366 3462 alienatio
2397 3411 2455 3462 et
2487 3404 2736 3462 stultitia
2759 3406 3090 3477 manifesta,
3124 3406 3296 3463 idolis
3345 3412 3403 3464 et
3448 3407 3748 3482 figmentis

2092 3495 2356 3550 studium
2392 3495 2713 3567 impertire,
2750 3496 2823 3551 iis
2855 3512 2982 3567 quae
3012 3512 3126 3551 non
3159 3503 3299 3552 sunt
3344 3501 3616 3554 naturam
3647 3499 3748 3556 Dei

2094 3584 2436 3650 attribuere,
2472 3583 2820 3656 plerumque
2850 3602 2884 3639 a
2908 3583 3150 3639 veritate
3181 3585 3393 3640 abduci
3437 3603 3540 3658 per
3572 3588 3746 3644 haere-

2094 3672 2209 3727 tica
2238 3674 2533 3744 dogmata,
2566 3677 2625 3728 et
2648 3671 2778 3728 luce
2806 3672 2984 3729 veluti
3015 3674 3249 3729 deserta
3279 3674 3339 3730 in
3368 3676 3629 3733 tenebris
3658 3677 3718 3733 di

2093 3760 2437 3816 versari.Ne
2465 3761 2782 3817 abducaris.
2840 3761 3204 3817 Adhortatur
3261 3779 3369 3819 nos
3423 3763 3754 3840 Scriptura,

2094 3853 2160 3905 ut
2191 3865 2265 3905 ne
2293 3867 2327 3905 a
2374 3849 2661 3905 suasoriis
2705 3849 3114 3906 haereticorum
3162 3851 3356 3908 verbis
3400 3852 3747 3924 alliciamur,

2094 3955 2227 3994 cum
2261 3943 2458 3994 mente
2489 3937 2774 3995 alienatos
2813 3939 2980 4010 sequi
3013 3939 3322 4013 perspicua
3369 3941 3447 3998 sit
3478 3943 3746 4001 stultitia.

2093 4028 2249 4083 Scito
2276 4027 2406 4082 illos
2440 4027 2654 4083 mentis
2683 4045 2797 4083 non
2828 4044 2960 4083 esse
3003 4033 3323 4101 compotes.
3375 4029 3755 4089 Declinarunt

2094 4116 2166 4171 de
2196 4115 2287 4171 via
2312 4132 2438 4187 quae
2472 4117 2543 4171 ad
2578 4116 2761 4172 Deum
2796 4118 3067 4188 perducit
3096 4133 3109 4172 :
3147 4118 3219 4173 iis
3252 4136 3325 4174 ne
3375 4120 3560 4177 utaris
3591 4121 3750 4178 duci-

2094 4205 2548 4277 bus,nequand0
2578 4204 2650 4260 ab
2678 4205 2823 4277 ipsis
2854 4205 2913 4260 in
2948 4206 3345 4279 pamcipitium
3378 4206 3740 4267 barathrum-

2095 4310 2207 4365 que
2237 4293 2764 4351 deducaris.Caeeus
2794 4295 2943 4349 enim
2965 4295 3020 4349 si
3047 4311 3185 4350 meo
3216 4296 3479 4352 ducatum
3506 4303 3753 4372 praestet,

2092 4383 2254 4441 ambo
2284 4383 2345 4437 in
2369 4383 2588 4451 foveam
2616 4382 2819 4438 cadent
2847 4383 2911 4436 ²“¹.

2163 4472 2289 4526 305.
2322 4471 2665 4528 Habitabant
2685 4472 2854 4543 juxta
2898 4479 2948 4527 te
2995 4474 3225 4544 profugi
3253 4475 3436 4531 Moab.
3471 4475 3608 4532 Post
3637 4477 3755 4535 haec

2096 4566 2291 4617 autem
2325 4578 2358 4616 a
2392 4560 2820 4632 benignissimo
2870 4566 2927 4615 et
2980 4560 3287 4617 hominum
3347 4567 3757 4625 amantissimo

335 4670 462 4705 στου
493 4649 604 4721 (78)
633 4646 723 4701 καὶ
755 4643 1143 4725 φιλανθρώπου
1203 4649 1337 4700 Θεοῦ
1382 4646 1505 4721 περὶ
1536 4647 1642 4703 τῶν
1676 4643 1988 4704 Μωαϐιτῶν

2101 4656 2216 4706 Deo
2246 4651 2464 4705 dicitur
2494 4621 2623 4705 tiliae
2656 4649 2792 4705 Sion
2824 4650 2894 4703 de
2928 4649 3204 4707 Moabitis
3235 4669 3365 4709 sese
3414 4656 3486 4711 ad
3538 4621 3754 4713 bonum

338 4734 767 4813 ἐπιστρεφόντων
798 4733 888 4789 καὶ
917 4737 1197 4810 παροικεῖν
1251 4731 1567 4807 μελλόντων
1600 4735 1758 4810 αὐτῇ,
1790 4735 1986 4801 οἷτινες

338 4820 508 4878 πάλαι
562 4822 889 4899 πεφευγότες
946 4821 1039 4877 τὸν
1096 4823 1267 4895 Θεὸν,
1337 4821 1661 4896 ἐπανήξουσι
1711 4826 1847 4900 πρὸς
1893 4827 1983 4882 τὸν

410 5024 455 5060 ³⁸
486 5021 658 5081 Zach.
690 5038 791 5092 xu,
826 5021 1013 5078 11-14.
1092 5022 1136 5056 ²“¹
1169 5022 1373 5079 Matth.
1405 5042 1501 5095 xv,
1536 5026 1625 5081 1-1.

415 5221 528 5291 (73)
560 5219 750 5296 pods;
782 5234 961 5296 unus,
995 5215 1024 5269 ὁ
1053 5235 1290 5296 uenero;
1311 5220 1864 5296 ΔιινουηΗίιειιόυγῑηυε
1897 5224 2000 5279 do-

347 5289 460 5362 cet,
496 5291 578 5347 uti
613 5290 868 5367 legimns
900 5289 1149 5367 in_n0tis
1178 5289 1413 5363 Nobilii,
1446 5293 1527 5349 ita
1574 5289 1856 5367 appellari
1888 5314 2001 5352 non

348 5361 835 5436 unamgarborem
866 5361 1173 5436 malorum,
1192 5361 1685 5434 granatorumfid
1718 5373 1831 5436 est,
1862 5368 2003 5425 mali

349 5434 711 5513 Pu_nici,.sed
743 5434 936 5513 locum
967 5432 1062 5489 his
1093 5432 1402 5491 arboribus
1450 5432 1745 5494 conSitum
1778 5432 2001 5513 Compl.

350 5509 546 5575 habet,
562 5503 723 5576 ’ῥοῶν
736 5548 749 5573 ,
779 5506 1054 5562 malorum
1081 5516 1466 5576 granalorum.

424 5582 537 5654 (74)
569 5575 809 5654 Editiet
837 5578 953 5634 duo
995 5575 1317 5654 ωδελφυλή
1352 5576 1505 5654 οἷθιου
1537 5575 1702 5654 Δαϐἰδ
1732 5582 1851 5644 καθ’
1878 5581 2004 5636 ἑαυ-

350 5647 475 5721 τὴν,
521 5647 632 5705 ’καὶ
674 5649 745 5724 αἱ
806 5647 1292 5724 γυναῖκεςηαῦτῶν
1352 5653 1471 5708 καθ’
1538 5652 1749 5716 ἑαυτάς.
1805 5659 2003 5712 Πᾶσαι.

355 5730 430 5782 At
461 5724 625 5799 Regii
654 5723 772 5781 duo
804 5722 939 5780 eum
970 5722 1132 5780 Colb.
1167 5727 1427 5784 secundo
1469 5732 1534 5784 ut
1588 5731 1649 5785 in
1706 5732 2005 5786 contextu.
2036 5750 2043 5754 ·

685 5853 947 5914 Parnm.
998 5852 1109 5914 Gn.
1155 5851 1345 5915 ΧΧΧ.
1666 5886 1705 5923 κ

2098 4740 2326 4811 frugem
2359 4738 2694 4811 recepturis,
2730 4743 2786 4793 et
2810 4738 2985 4808 juxta
3018 4737 3206 4810 ipsam
3248 4741 3622 4816 habitaturis,
3655 4740 3759 4815 qui

2096 4829 2332 4901 quidem
2354 4827 2540 4884 Deum
2570 4826 2711 4883 olim
2748 4829 3119 4900 refugerunt,
3151 4830 3252 4886 sed
3299 4833 3589 4889 reversuri
3616 4837 3761 4891 sunt

2115 5224 2484 5302 ibidemtres
2517 5241 2688 5302 mss._,
2746 5222 2802 5302 at
2863 5220 3356 5302 ἀπολελειμμέναι.
3388 5229 3666 5302 Hocipso
3697 5230 3758 5287 in

2113 5294 2594 5377 loc9_editi,b_p23¢
2628 5294 2970 5377 05v.Yo_cula
2999 5295 3089 5377 οὗν
3119 5294 3189 5351 in
3210 5310 3356 5377 mss:
3384 5316 3500 5358 non
3521 5294 3757 5377 legitur.

2186 5370 2295 5436 (75)
2328 5363 2501 5436 Editi,
2535 5363 2725 5428 ὅντως.
2756 5367 2911 5422 Libri
2942 5372 3184 5438 veteres,
3221 5367 3416 5433 οὕτως.

2184 5443 2297 5511 (76)
2327 5441 2514 5495 Codex
2545 5458 2722 5505 unus,
2754 5436 3198 5511 κατακολουθεῖν.

2186 5507 2299 5583 (77)
2336 5516 2565 5566 Veteres
2597 5516 2849 5582 quatuor
2878 5507 3456 5583 libri,_§p.rrscov3vraz.

2185 5581 2298 5660 (78)
2328 5583 2481 5638 Editi
2513 5581 2764 5660 et_mss.
2806 5581 3109 5660 pannulli,
3155 5586 3416 5660 Χριστοῦ,
3469 5594 3767 5660 corrupte.

2117 5657 2183 5710 At
2210 5653 2354 5736 ἕως.
2378 5655 2684 5736 secundus
2712 5659 2769 5711 et
2798 5653 2960 5711 Colb.
2995 5653 3215 5715 itidem
3243 5653 3563 5732 secundus,
3623 5653 3769 5736 χξρη-

2115 5729 2263 5800 στοῦ,
2295 5727 2536 5800 optime.

3370 5859 3442 5917 91
