  <div class='ocr_page' id='page_1' title='image "/cluster/home/n/w/nwhite01/storage/ocr_20150623/30:no.2/coo.31924054873116/339.png"; bbox 0 0 4150 6398; ppageno 0'>
   <div class='ocr_carea' id='block_1_1' title="bbox 342 383 456 444">
    <p class='ocr_par' dir='ltr' id='par_1_1' title="bbox 342 383 456 444">
     <span class='ocr_line' id='line_1_1' title="bbox 342 383 456 444; baseline 0 -1"><span class='ocrx_word' id='word_1_1' title='bbox 342 383 456 444; x_wconf 70' lang='grc'><strong><em>651</em></strong></span> 
     </span>
    </p>
   </div>
   <div class='ocr_carea' id='block_1_2' title="bbox 347 597 2004 672">
    <p class='ocr_par' dir='ltr' id='par_1_2' title="bbox 347 597 2004 672">
     <span class='ocr_line' id='line_1_2' title="bbox 347 597 2004 672; baseline -0.004 -14"><span class='ocrx_word' id='word_1_2' title='bbox 347 604 686 658; x_wconf 79' lang='lat' dir='ltr'><strong><em>Habitabant</em></strong></span> <span class='ocrx_word' id='word_1_3' title='bbox 705 602 871 672; x_wconf 67' lang='lat' dir='ltr'><strong><em>juxta</em></strong></span> <span class='ocrx_word' id='word_1_4' title='bbox 925 604 975 653; x_wconf 72' lang='lat' dir='ltr'><strong><em>te</em></strong></span> <span class='ocrx_word' id='word_1_5' title='bbox 1001 597 1222 668; x_wconf 81' lang='lat' dir='ltr'><strong><em>profugi</em></strong></span> <span class='ocrx_word' id='word_1_6' title='bbox 1251 597 1419 652; x_wconf 82' lang='lat' dir='ltr'><strong><em>Moab.</em></strong></span> <span class='ocrx_word' id='word_1_7' title='bbox 1473 597 1542 652; x_wconf 89' lang='lat' dir='ltr'><strong><em>Et</em></strong></span> <span class='ocrx_word' id='word_1_8' title='bbox 1605 601 2004 670; x_wconf 88' lang='lat' dir='ltr'><strong><em>protegentur,</em></strong></span> 
     </span>
    </p>
   </div>
   <div class='ocr_carea' id='block_1_3' title="bbox 347 686 2006 764">
    <p class='ocr_par' dir='ltr' id='par_1_3' title="bbox 347 686 2006 764">
     <span class='ocr_line' id='line_1_3' title="bbox 347 686 2006 764; baseline -0.005 -16"><span class='ocrx_word' id='word_1_9' title='bbox 347 693 560 764; x_wconf 87' lang='lat' dir='ltr'><strong><em>inquit,</em></strong></span> <span class='ocrx_word' id='word_1_10' title='bbox 597 691 655 746; x_wconf 90' lang='lat' dir='ltr'><strong><em>hi</em></strong></span> <span class='ocrx_word' id='word_1_11' title='bbox 687 691 842 762; x_wconf 89' lang='lat' dir='ltr'><strong><em>apud</em></strong></span> <span class='ocrx_word' id='word_1_12' title='bbox 876 705 998 754; x_wconf 88' lang='lat' dir='ltr'><strong><em>vos,</em></strong></span> <span class='ocrx_word' id='word_1_13' title='bbox 1033 686 1179 740; x_wconf 86' lang='lat' dir='ltr'><strong><em>nihil</em></strong></span> <span class='ocrx_word' id='word_1_14' title='bbox 1212 704 1241 741; x_wconf 80' lang='grc' dir='ltr'><strong><em>ο</em></strong></span> <span class='ocrx_word' id='word_1_15' title='bbox 1277 686 1421 740; x_wconf 82' lang='lat' dir='ltr'><strong><em>facie</em></strong></span> <span class='ocrx_word' id='word_1_16' title='bbox 1445 686 1856 758; x_wconf 87' lang='lat' dir='ltr'><strong><em>pcrsequentis</em></strong></span> <span class='ocrx_word' id='word_1_17' title='bbox 1879 703 2006 758; x_wconf 90' lang='lat' dir='ltr'><strong><em>per-</em></strong></span> 
     </span>
    </p>
   </div>
   <div class='ocr_carea' id='block_1_4' title="bbox 350 774 2007 853">
    <p class='ocr_par' dir='ltr' id='par_1_4' title="bbox 350 774 2007 853">
     <span class='ocr_line' id='line_1_4' title="bbox 350 774 2007 853; baseline -0.005 -17"><span class='ocrx_word' id='word_1_18' title='bbox 350 781 604 853; x_wconf 89' lang='lat' dir='ltr'><strong><em>pessuri.</em></strong></span> <span class='ocrx_word' id='word_1_19' title='bbox 638 780 742 842; x_wconf 87' lang='lat' dir='ltr'><strong><em>Qui</em></strong></span> <span class='ocrx_word' id='word_1_20' title='bbox 770 777 926 832; x_wconf 87' lang='lat' dir='ltr'><strong><em>enim</em></strong></span> <span class='ocrx_word' id='word_1_21' title='bbox 972 780 1138 829; x_wconf 89' lang='lat' dir='ltr'><strong><em>erant</em></strong></span> <span class='ocrx_word' id='word_1_22' title='bbox 1184 774 1500 845; x_wconf 86' lang='lat' dir='ltr'><strong><em>aliquando</em></strong></span> <span class='ocrx_word' id='word_1_23' title='bbox 1553 775 2007 844; x_wconf 83' lang='lat' dir='ltr'><strong><em>commilitones,</em></strong></span> 
     </span>
    </p>
   </div>
   <div class='ocr_carea' id='block_1_5' title="bbox 351 863 2008 942">
    <p class='ocr_par' dir='ltr' id='par_1_5' title="bbox 351 863 2008 942">
     <span class='ocr_line' id='line_1_5' title="bbox 351 863 2008 942; baseline -0.005 -16"><span class='ocrx_word' id='word_1_24' title='bbox 351 873 408 926; x_wconf 91' lang='lat' dir='ltr'><strong><em>hi</em></strong></span> <span class='ocrx_word' id='word_1_25' title='bbox 445 873 845 942; x_wconf 81' lang='lat' dir='ltr'><strong><em>persecutores</em></strong></span> <span class='ocrx_word' id='word_1_26' title='bbox 878 866 1039 928; x_wconf 87' lang='lat' dir='ltr'><strong><em>fient,</em></strong></span> <span class='ocrx_word' id='word_1_27' title='bbox 1072 881 1206 919; x_wconf 92' lang='lat' dir='ltr'><strong><em>cum</em></strong></span> <span class='ocrx_word' id='word_1_28' title='bbox 1236 879 1302 920; x_wconf 89' lang='lat' dir='ltr'><strong><em>eo</em></strong></span> <span class='ocrx_word' id='word_1_29' title='bbox 1336 863 1832 935; x_wconf 68' lang='lat' dir='ltr'><strong><em>praeliaturi,qucd</em></strong></span> <span class='ocrx_word' id='word_1_30' title='bbox 1871 880 2008 918; x_wconf 91' lang='lat' dir='ltr'><strong><em>con-</em></strong></span> 
     </span>
    </p>
   </div>
   <div class='ocr_carea' id='block_1_6' title="bbox 355 952 2010 1025">
    <p class='ocr_par' dir='ltr' id='par_1_6' title="bbox 355 952 2010 1025">
     <span class='ocr_line' id='line_1_6' title="bbox 355 952 2010 1025; baseline -0.005 -10"><span class='ocrx_word' id='word_1_31' title='bbox 355 963 657 1015; x_wconf 81' lang='lat' dir='ltr'><strong><em>vertentur</em></strong></span> <span class='ocrx_word' id='word_1_32' title='bbox 706 957 777 1012; x_wconf 90' lang='lat' dir='ltr'><strong><em>ad</em></strong></span> <span class='ocrx_word' id='word_1_33' title='bbox 828 955 1010 1011; x_wconf 89' lang='lat' dir='ltr'><strong><em>Deum</em></strong></span> <span class='ocrx_word' id='word_1_34' title='bbox 1065 969 1286 1009; x_wconf 89' lang='lat' dir='ltr'><strong><em>verum.</em></strong></span> <span class='ocrx_word' id='word_1_35' title='bbox 1337 953 1624 1019; x_wconf 79' lang='lat' dir='ltr'><strong><em>Quoniam</em></strong></span> <span class='ocrx_word' id='word_1_36' title='bbox 1664 953 1844 1025; x_wconf 89' lang='lat' dir='ltr'><strong><em>igitur</em></strong></span> <span class='ocrx_word' id='word_1_37' title='bbox 1874 952 2010 1008; x_wconf 86' lang='lat' dir='ltr'><strong><em>facti</em></strong></span> 
     </span>
    </p>
   </div>
   <div class='ocr_carea' id='block_1_7' title="bbox 351 1041 2010 1114">
    <p class='ocr_par' dir='ltr' id='par_1_7' title="bbox 351 1041 2010 1114">
     <span class='ocr_line' id='line_1_7' title="bbox 351 1041 2010 1114; baseline -0.004 -11"><span class='ocrx_word' id='word_1_38' title='bbox 351 1051 488 1104; x_wconf 88' lang='lat' dir='ltr'><strong><em>sunt</em></strong></span> <span class='ocrx_word' id='word_1_39' title='bbox 513 1051 578 1102; x_wconf 91' lang='lat' dir='ltr'><strong><em>ut</em></strong></span> <span class='ocrx_word' id='word_1_40' title='bbox 610 1046 729 1101; x_wconf 90' lang='lat' dir='ltr'><strong><em>avis</em></strong></span> <span class='ocrx_word' id='word_1_41' title='bbox 751 1043 1038 1100; x_wconf 88' lang='lat' dir='ltr'><strong><em>avolantis</em></strong></span> <span class='ocrx_word' id='word_1_42' title='bbox 1062 1042 1259 1114; x_wconf 87' lang='lat' dir='ltr'><strong><em>pullus</em></strong></span> <span class='ocrx_word' id='word_1_43' title='bbox 1283 1042 1748 1114; x_wconf 90' lang='lat' dir='ltr'><strong><em>ablatus,utique</em></strong></span> <span class='ocrx_word' id='word_1_44' title='bbox 1780 1041 2010 1097; x_wconf 89' lang='lat' dir='ltr'><strong><em>solutus</em></strong></span> 
     </span>
    </p>
   </div>
   <div class='ocr_carea' id='block_1_8' title="bbox 348 1130 2014 1204">
    <p class='ocr_par' dir='ltr' id='par_1_8' title="bbox 348 1130 2014 1204">
     <span class='ocr_line' id='line_1_8' title="bbox 348 1130 2014 1204; baseline -0.004 -12"><span class='ocrx_word' id='word_1_45' title='bbox 348 1142 438 1193; x_wconf 91' lang='lat' dir='ltr'><strong><em>est</em></strong></span> <span class='ocrx_word' id='word_1_46' title='bbox 495 1135 650 1191; x_wconf 87' lang='lat' dir='ltr'><strong><em>malo</em></strong></span> <span class='ocrx_word' id='word_1_47' title='bbox 717 1135 875 1189; x_wconf 78' lang='lat'><strong><em>610</em></strong></span> <span class='ocrx_word' id='word_1_48' title='bbox 944 1132 1215 1204; x_wconf 88' lang='lat' dir='ltr'><strong><em>imperio,</em></strong></span> <span class='ocrx_word' id='word_1_49' title='bbox 1281 1131 1687 1202; x_wconf 78' lang='lat' dir='ltr'><strong><em>liberatusque</em></strong></span> <span class='ocrx_word' id='word_1_50' title='bbox 1754 1130 2014 1202; x_wconf 86' lang='lat' dir='ltr'><strong><em>principe</em></strong></span> 
     </span>
    </p>
   </div>
   <div class='ocr_carea' id='block_1_9' title="bbox 348 1219 2010 1298">
    <p class='ocr_par' dir='ltr' id='par_1_9' title="bbox 348 1219 2010 1298">
     <span class='ocr_line' id='line_1_9' title="bbox 348 1219 2010 1298; baseline -0.005 -18"><span class='ocrx_word' id='word_1_51' title='bbox 348 1243 545 1298; x_wconf 88' lang='lat' dir='ltr'><strong><em>pravo,</em></strong></span> <span class='ocrx_word' id='word_1_52' title='bbox 579 1224 679 1296; x_wconf 91' lang='lat' dir='ltr'><strong><em>qui</em></strong></span> <span class='ocrx_word' id='word_1_53' title='bbox 708 1223 987 1279; x_wconf 89' lang='lat' dir='ltr'><strong><em>omnibus</em></strong></span> <span class='ocrx_word' id='word_1_54' title='bbox 1020 1237 1122 1292; x_wconf 88' lang='lat' dir='ltr'><strong><em>per</em></strong></span> <span class='ocrx_word' id='word_1_55' title='bbox 1161 1220 1500 1292; x_wconf 82' lang='lat' dir='ltr'><strong><em>superbiam</em></strong></span> <span class='ocrx_word' id='word_1_56' title='bbox 1554 1225 1609 1274; x_wconf 91' lang='lat' dir='ltr'><strong><em>et</em></strong></span> <span class='ocrx_word' id='word_1_57' title='bbox 1639 1219 2010 1290; x_wconf 78' lang='lat' dir='ltr'><strong><em>tyrannidem</em></strong></span> 
     </span>
    </p>
   </div>
   <div class='ocr_carea' id='block_1_10' title="bbox 346 1307 2012 1380">
    <p class='ocr_par' dir='ltr' id='par_1_10' title="bbox 346 1307 2012 1380">
     <span class='ocr_line' id='line_1_10' title="bbox 346 1307 2012 1380; baseline -0.006 -10"><span class='ocrx_word' id='word_1_58' title='bbox 346 1313 707 1370; x_wconf 82' lang='lat' dir='ltr'><strong><em>conculcatis</em></strong></span> <span class='ocrx_word' id='word_1_59' title='bbox 737 1311 962 1366; x_wconf 82' lang='lat' dir='ltr'><strong><em>interiit</em></strong></span> <span class='ocrx_word' id='word_1_60' title='bbox 997 1326 1009 1364; x_wconf 89' lang='lat'><strong>:</strong></span> <span class='ocrx_word' id='word_1_61' title='bbox 1041 1325 1156 1380; x_wconf 88' lang='lat' dir='ltr'><strong><em>quc</em></strong></span> <span class='ocrx_word' id='word_1_62' title='bbox 1188 1308 1421 1363; x_wconf 89' lang='lat' dir='ltr'><strong><em>sublato</em></strong></span> <span class='ocrx_word' id='word_1_63' title='bbox 1453 1325 1484 1364; x_wconf 90' lang='lat' dir='ltr'><strong><em>e</em></strong></span> <span class='ocrx_word' id='word_1_64' title='bbox 1530 1308 1748 1372; x_wconf 89' lang='lat' dir='ltr'><strong><em>medic,</em></strong></span> <span class='ocrx_word' id='word_1_65' title='bbox 1802 1307 2012 1361; x_wconf 60' lang='lat' dir='ltr'><strong><em>vaticic</em></strong></span> 
     </span>
    </p>
   </div>
   <div class='ocr_carea' id='block_1_11' title="bbox 347 1395 2011 1470">
    <p class='ocr_par' dir='ltr' id='par_1_11' title="bbox 347 1395 2011 1470">
     <span class='ocr_line' id='line_1_11' title="bbox 347 1395 2011 1470; baseline -0.005 -12"><span class='ocrx_word' id='word_1_66' title='bbox 347 1404 514 1458; x_wconf 92' lang='lat' dir='ltr'><strong><em>nium</em></strong></span> <span class='ocrx_word' id='word_1_67' title='bbox 547 1401 775 1458; x_wconf 87' lang='lat' dir='ltr'><strong><em>inducit</em></strong></span> <span class='ocrx_word' id='word_1_68' title='bbox 806 1416 932 1470; x_wconf 79' lang='lat' dir='ltr'><strong><em>quae</em></strong></span> <span class='ocrx_word' id='word_1_69' title='bbox 965 1404 1244 1452; x_wconf 81' lang='lat' dir='ltr'>eventura</span> <span class='ocrx_word' id='word_1_70' title='bbox 1282 1401 1480 1452; x_wconf 86' lang='lat' dir='ltr'>essent</span> <span class='ocrx_word' id='word_1_71' title='bbox 1528 1397 1683 1452; x_wconf 89' lang='lat' dir='ltr'><strong><em>bona</em></strong></span> <span class='ocrx_word' id='word_1_72' title='bbox 1719 1414 1731 1451; x_wconf 88' lang='lat'><strong>:</strong></span> <span class='ocrx_word' id='word_1_73' title='bbox 1767 1395 2011 1450; x_wconf 77' lang='lat' dir='ltr'><strong><em>Thronus</em></strong></span> 
     </span>
    </p>
   </div>
   <div class='ocr_carea' id='block_1_12' title="bbox 344 1484 2011 1562">
    <p class='ocr_par' dir='ltr' id='par_1_12' title="bbox 344 1484 2011 1562">
     <span class='ocr_line' id='line_1_12' title="bbox 344 1484 2011 1562; baseline -0.006 -15"><span class='ocrx_word' id='word_1_74' title='bbox 344 1495 512 1558; x_wconf 87' lang='lat' dir='ltr'><strong><em>enim,</em></strong></span> <span class='ocrx_word' id='word_1_75' title='bbox 547 1491 757 1562; x_wconf 90' lang='lat' dir='ltr'><strong><em>inquit,</em></strong></span> <span class='ocrx_word' id='word_1_76' title='bbox 789 1493 843 1544; x_wconf 85' lang='lat' dir='ltr'><strong><em>et</em></strong></span> <span class='ocrx_word' id='word_1_77' title='bbox 896 1504 1126 1556; x_wconf 85' lang='lat' dir='ltr'>regnum</span> <span class='ocrx_word' id='word_1_78' title='bbox 1156 1487 1342 1540; x_wconf 80' lang='lat' dir='ltr'><strong><em>Dauid</em></strong></span> <span class='ocrx_word' id='word_1_79' title='bbox 1374 1484 2011 1554; x_wconf 85' lang='lat' dir='ltr'><strong><em>restaurabitur.ltaque</em></strong></span> 
     </span>
    </p>
   </div>
   <div class='ocr_carea' id='block_1_13' title="bbox 347 1575 2010 1650">
    <p class='ocr_par' dir='ltr' id='par_1_13' title="bbox 347 1575 2010 1650">
     <span class='ocr_line' id='line_1_13' title="bbox 347 1575 2010 1650; baseline -0.007 -13"><span class='ocrx_word' id='word_1_80' title='bbox 347 1597 482 1636; x_wconf 91' lang='lat' dir='ltr'><strong><em>cum</em></strong></span> <span class='ocrx_word' id='word_1_81' title='bbox 515 1578 864 1650; x_wconf 86' lang='lat' dir='ltr'><strong><em>subjiciendi</em></strong></span> <span class='ocrx_word' id='word_1_82' title='bbox 901 1577 1020 1632; x_wconf 92' lang='lat' dir='ltr'><strong><em>sint</em></strong></span> <span class='ocrx_word' id='word_1_83' title='bbox 1071 1592 1276 1631; x_wconf 85' lang='lat' dir='ltr'><strong><em>omnes</em></strong></span> <span class='ocrx_word' id='word_1_84' title='bbox 1315 1575 1532 1629; x_wconf 84' lang='lat' dir='ltr'><strong><em>Christi</em></strong></span> <span class='ocrx_word' id='word_1_85' title='bbox 1565 1575 1810 1645; x_wconf 90' lang='lat' dir='ltr'><strong><em>imperio</em></strong></span> <span class='ocrx_word' id='word_1_86' title='bbox 1835 1575 2010 1644; x_wconf 82' lang='lat' dir='ltr'><strong><em>juxta</em></strong></span> 
     </span>
    </p>
   </div>
   <div class='ocr_carea' id='block_1_14' title="bbox 347 1663 2011 1737">
    <p class='ocr_par' dir='ltr' id='par_1_14' title="bbox 347 1663 2011 1737">
     <span class='ocr_line' id='line_1_14' title="bbox 347 1663 2011 1737; baseline -0.004 -13"><span class='ocrx_word' id='word_1_87' title='bbox 347 1669 458 1724; x_wconf 91' lang='lat' dir='ltr'><strong><em>hoc</em></strong></span> <span class='ocrx_word' id='word_1_88' title='bbox 515 1669 734 1724; x_wconf 85' lang='lat' dir='ltr'><strong><em>dictum</em></strong></span> <span class='ocrx_word' id='word_1_89' title='bbox 789 1685 806 1720; x_wconf 90' lang='lat'><strong><em>:</em></strong></span> <span class='ocrx_word' id='word_1_90' title='bbox 858 1667 1076 1737; x_wconf 86' lang='lat' dir='ltr'><strong><em>Oportet</em></strong></span> <span class='ocrx_word' id='word_1_91' title='bbox 1106 1667 1266 1719; x_wconf 84' lang='lat' dir='ltr'><strong><em>illum</em></strong></span> <span class='ocrx_word' id='word_1_92' title='bbox 1315 1680 1569 1735; x_wconf 84' lang='lat' dir='ltr'><strong><em>regnare,</em></strong></span> <span class='ocrx_word' id='word_1_93' title='bbox 1629 1663 1798 1719; x_wconf 88' lang='lat' dir='ltr'><strong><em>donec</em></strong></span> <span class='ocrx_word' id='word_1_94' title='bbox 1845 1669 2011 1732; x_wconf 88' lang='lat' dir='ltr'><strong><em>ponat</em></strong></span> 
     </span>
    </p>
   </div>
   <div class='ocr_carea' id='block_1_15' title="bbox 345 1752 2008 1827">
    <p class='ocr_par' dir='ltr' id='par_1_15' title="bbox 345 1752 2008 1827">
     <span class='ocr_line' id='line_1_15' title="bbox 345 1752 2008 1827; baseline -0.004 -14"><span class='ocrx_word' id='word_1_95' title='bbox 345 1759 599 1813; x_wconf 86' lang='lat' dir='ltr'><strong><em>inimicos</em></strong></span> <span class='ocrx_word' id='word_1_96' title='bbox 627 1757 723 1812; x_wconf 88' lang='lat' dir='ltr'><strong><em>sub</em></strong></span> <span class='ocrx_word' id='word_1_97' title='bbox 748 1755 975 1827; x_wconf 77' lang='lat' dir='ltr'><strong><em>pedibus</em></strong></span> <span class='ocrx_word' id='word_1_98' title='bbox 1007 1754 1125 1824; x_wconf 85' lang='lat' dir='ltr'><strong><em>ejus</em></strong></span> <span class='ocrx_word' id='word_1_99' title='bbox 1158 1754 1202 1788; x_wconf 72' lang='grc'><strong><em>³⁸</em></strong></span> <span class='ocrx_word' id='word_1_100' title='bbox 1229 1771 1242 1820; x_wconf 88' lang='lat'><strong>;</strong></span> <span class='ocrx_word' id='word_1_101' title='bbox 1277 1753 1552 1808; x_wconf 87' lang='lat' dir='ltr'><strong><em>thronum</em></strong></span> <span class='ocrx_word' id='word_1_102' title='bbox 1587 1752 1736 1807; x_wconf 87' lang='lat' dir='ltr'><strong><em>dixit</em></strong></span> <span class='ocrx_word' id='word_1_103' title='bbox 1780 1756 2008 1807; x_wconf 89' lang='lat' dir='ltr'><strong><em>restau-</em></strong></span> 
     </span>
    </p>
   </div>
   <div class='ocr_carea' id='block_1_16' title="bbox 1288 373 2821 438">
    <p class='ocr_par' dir='ltr' id='par_1_16' title="bbox 1288 373 2821 438">
     <span class='ocr_line' id='line_1_16' title="bbox 1288 373 2821 438; baseline -0.001 -2"><span class='ocrx_word' id='word_1_104' title='bbox 1288 375 1681 438; x_wconf 81' lang='lat' dir='ltr'><strong><em>APPENDIX</em></strong></span> <span class='ocrx_word' id='word_1_105' title='bbox 1725 375 2054 438; x_wconf 77' lang='lat' dir='ltr'><strong><em>OPERUM</em></strong></span> <span class='ocrx_word' id='word_1_106' title='bbox 2099 375 2169 437; x_wconf 89' lang='lat' dir='ltr'><strong><em>S.</em></strong></span> <span class='ocrx_word' id='word_1_107' title='bbox 2214 373 2497 437; x_wconf 86' lang='lat' dir='ltr'><strong><em>BASlLll</em></strong></span> <span class='ocrx_word' id='word_1_108' title='bbox 2541 374 2821 436; x_wconf 78' lang='lat' dir='ltr'><strong><em>MAGNI.</em></strong></span> 
     </span>
    </p>
   </div>
   <div class='ocr_carea' id='block_1_17' title="bbox 342 503 1996 586">
    <p class='ocr_par' dir='ltr' id='par_1_17' title="bbox 342 507 1994 586">
     <span class='ocr_line' id='line_1_17' title="bbox 342 507 1994 586; baseline -0.005 -15"><span class='ocrx_word' id='word_1_109' title='bbox 342 516 414 571; x_wconf 89' lang='lat' dir='ltr'><strong><em>ad</em></strong></span> <span class='ocrx_word' id='word_1_110' title='bbox 465 529 640 571; x_wconf 91' lang='lat' dir='ltr'><strong><em>suum</em></strong></span> <span class='ocrx_word' id='word_1_111' title='bbox 689 512 954 586; x_wconf 82' lang='lat' dir='ltr'><strong><em>ipsorum</em></strong></span> <span class='ocrx_word' id='word_1_112' title='bbox 1008 508 1352 575; x_wconf 85' lang='lat' dir='ltr'><strong><em>Dominum;</em></strong></span> <span class='ocrx_word' id='word_1_113' title='bbox 1407 507 1644 578; x_wconf 89' lang='lat' dir='ltr'><strong><em>dicitur,</em></strong></span> <span class='ocrx_word' id='word_1_114' title='bbox 1698 508 1938 580; x_wconf 85' lang='lat' dir='ltr'><strong><em>inquam</em></strong></span> <span class='ocrx_word' id='word_1_115' title='bbox 1983 524 1994 562; x_wconf 94' lang='lat'>:</span> 
     </span>
    </p>
   </div>
   <div class='ocr_carea' id='block_1_18' title="bbox 2114 503 2734 586">
    <p class='ocr_par' dir='ltr' id='par_1_18' title="bbox 2115 503 2734 574">
     <span class='ocr_line' id='line_1_18' title="bbox 2115 503 2734 574; baseline -0.002 -15"><span class='ocrx_word' id='word_1_116' title='bbox 2115 505 2319 560; x_wconf 72' lang='grc' dir='ltr'>ἑαυτῶν</span> <span class='ocrx_word' id='word_1_117' title='bbox 2409 503 2683 574; x_wconf 90' lang='grc' dir='ltr'>Δεσπότην</span> <span class='ocrx_word' id='word_1_118' title='bbox 2720 521 2734 537; x_wconf 81' lang='grc'><strong><em>⁸</em></strong></span> 
     </span>
    </p>
   </div>
   <div class='ocr_carea' id='block_1_19' title="bbox 2823 507 3778 589">
    <p class='ocr_par' dir='ltr' id='par_1_19' title="bbox 2823 507 3778 589">
     <span class='ocr_line' id='line_1_19' title="bbox 2823 507 3778 589; baseline 0.008 -30"><span class='ocrx_word' id='word_1_119' title='bbox 2823 507 3233 581; x_wconf 86' lang='grc' dir='ltr'>Παροικήσουσί</span> <span class='ocrx_word' id='word_1_120' title='bbox 3344 529 3428 564; x_wconf 90' lang='grc' dir='ltr'><strong><em>σοι</em></strong></span> <span class='ocrx_word' id='word_1_121' title='bbox 3542 509 3778 589; x_wconf 73' lang='grc' dir='ltr'>φυγάδες</span> 
     </span>
    </p>
   </div>
   <div class='ocr_carea' id='block_1_20' title="bbox 2121 588 3778 674">
    <p class='ocr_par' dir='ltr' id='par_1_20' title="bbox 2121 588 3778 674">
     <span class='ocr_line' id='line_1_20' title="bbox 2121 588 3778 674; baseline 0.004 -25"><span class='ocrx_word' id='word_1_122' title='bbox 2121 588 2313 649; x_wconf 78' lang='grc' dir='ltr'>Μωάϐ.</span> <span class='ocrx_word' id='word_1_123' title='bbox 2374 593 2472 648; x_wconf 79' lang='grc' dir='ltr'>Καὶ</span> <span class='ocrx_word' id='word_1_124' title='bbox 2525 595 2985 665; x_wconf 86' lang='grc' dir='ltr'>σκεπασθήσονται</span> <span class='ocrx_word' id='word_1_125' title='bbox 3039 595 3216 666; x_wconf 81' lang='grc' dir='ltr'>οὗτοι,</span> <span class='ocrx_word' id='word_1_126' title='bbox 3277 598 3434 671; x_wconf 77' lang='grc' dir='ltr'>φησὶ,</span> <span class='ocrx_word' id='word_1_127' title='bbox 3466 588 3593 674; x_wconf 87' lang='grc' dir='ltr'>παρ’</span> <span class='ocrx_word' id='word_1_128' title='bbox 3627 600 3778 673; x_wconf 81' lang='grc' dir='ltr'>ὑμῖν,</span> 
     </span>
    </p>
   </div>
   <div class='ocr_carea' id='block_1_21' title="bbox 2124 680 3776 764">
    <p class='ocr_par' dir='ltr' id='par_1_21' title="bbox 2124 680 3776 764">
     <span class='ocr_line' id='line_1_21' title="bbox 2124 680 3776 764; baseline 0.004 -27"><span class='ocrx_word' id='word_1_129' title='bbox 2124 680 2292 755; x_wconf 68' lang='grc' dir='ltr'>μηδὲν</span> <span class='ocrx_word' id='word_1_130' title='bbox 2325 683 2641 756; x_wconf 79' lang='grc' dir='ltr'><strong><em>πεισόμενοι</em></strong></span> <span class='ocrx_word' id='word_1_131' title='bbox 2673 683 2779 738; x_wconf 87' lang='grc' dir='ltr'>ἀπὸ</span> <span class='ocrx_word' id='word_1_132' title='bbox 2824 686 3125 760; x_wconf 84' lang='grc' dir='ltr'><strong><em>προσώπου</em></strong></span> <span class='ocrx_word' id='word_1_133' title='bbox 3182 682 3498 750; x_wconf 89' lang='grc' dir='ltr'>διώκοντος.</span> <span class='ocrx_word' id='word_1_134' title='bbox 3551 690 3618 745; x_wconf 79' lang='grc' dir='ltr'><strong><em>Οἱ</em></strong></span> <span class='ocrx_word' id='word_1_135' title='bbox 3676 689 3776 764; x_wconf 88' lang='grc' dir='ltr'><strong><em>γάρ</em></strong></span> 
     </span>
    </p>
   </div>
   <div class='ocr_carea' id='block_1_22' title="bbox 2118 770 3778 851">
    <p class='ocr_par' dir='ltr' id='par_1_22' title="bbox 2118 770 3778 851">
     <span class='ocr_line' id='line_1_22' title="bbox 2118 770 3778 851; baseline 0.005 -26"><span class='ocrx_word' id='word_1_136' title='bbox 2118 792 2249 826; x_wconf 92' lang='grc' dir='ltr'>ποτε</span> <span class='ocrx_word' id='word_1_137' title='bbox 2281 777 2720 847; x_wconf 73' lang='grc' dir='ltr'><strong><em>συμμαχοῦντες,</em></strong></span> <span class='ocrx_word' id='word_1_138' title='bbox 2755 773 2904 827; x_wconf 77' lang='grc' dir='ltr'>οὗτοι</span> <span class='ocrx_word' id='word_1_139' title='bbox 2935 770 3161 828; x_wconf 80' lang='grc' dir='ltr'>διῶκται</span> <span class='ocrx_word' id='word_1_140' title='bbox 3208 778 3549 851; x_wconf 87' lang='grc' dir='ltr'>γενήσονται,</span> <span class='ocrx_word' id='word_1_141' title='bbox 3605 777 3778 834; x_wconf 86' lang='grc' dir='ltr'>πολε-</span> 
     </span>
    </p>
   </div>
   <div class='ocr_carea' id='block_1_23' title="bbox 2124 859 3777 935">
    <p class='ocr_par' dir='ltr' id='par_1_23' title="bbox 2124 859 3777 935">
     <span class='ocr_line' id='line_1_23' title="bbox 2124 859 3777 935; baseline 0.006 -22"><span class='ocrx_word' id='word_1_142' title='bbox 2124 865 2346 933; x_wconf 85' lang='grc' dir='ltr'>μοῦντες</span> <span class='ocrx_word' id='word_1_143' title='bbox 2378 861 2547 934; x_wconf 73' lang='grc' dir='ltr'>αὐτῷ,</span> <span class='ocrx_word' id='word_1_144' title='bbox 2581 859 2670 916; x_wconf 81' lang='grc' dir='ltr'><strong><em>διὰ</em></strong></span> <span class='ocrx_word' id='word_1_145' title='bbox 2698 863 2798 930; x_wconf 77' lang='grc' dir='ltr'>τὴν</span> <span class='ocrx_word' id='word_1_146' title='bbox 2836 864 2973 934; x_wconf 82' lang='grc' dir='ltr'>πρὸς</span> <span class='ocrx_word' id='word_1_147' title='bbox 3022 863 3113 917; x_wconf 85' lang='grc' dir='ltr'>τὸν</span> <span class='ocrx_word' id='word_1_148' title='bbox 3167 862 3430 935; x_wconf 87' lang='grc' dir='ltr'>ἀληθινὸν</span> <span class='ocrx_word' id='word_1_149' title='bbox 3480 867 3606 922; x_wconf 87' lang='grc' dir='ltr'><strong><em>Θεὸν</em></strong></span> <span class='ocrx_word' id='word_1_150' title='bbox 3656 867 3777 922; x_wconf 81' lang='grc' dir='ltr'>ἐπι-</span> 
     </span>
    </p>
   </div>
   <div class='ocr_carea' id='block_1_24' title="bbox 2121 950 3777 1030">
    <p class='ocr_par' dir='ltr' id='par_1_24' title="bbox 2121 950 3777 1030">
     <span class='ocr_line' id='line_1_24' title="bbox 2121 950 3777 1030; baseline 0.005 -26"><span class='ocrx_word' id='word_1_151' title='bbox 2121 952 2381 1027; x_wconf 74' lang='grc' dir='ltr'>στροφήν.</span> <span class='ocrx_word' id='word_1_152' title='bbox 2439 951 2586 1008; x_wconf 75' lang='grc' dir='ltr'>Ἐπεὶ</span> <span class='ocrx_word' id='word_1_153' title='bbox 2636 952 2728 1005; x_wconf 73' lang='grc' dir='ltr'><strong><em>οὖν</em></strong></span> <span class='ocrx_word' id='word_1_154' title='bbox 2780 950 3026 1027; x_wconf 79' lang='grc' dir='ltr'>ἐγένοντο</span> <span class='ocrx_word' id='word_1_155' title='bbox 3083 955 3157 1016; x_wconf 78' lang='grc' dir='ltr'>ὡς</span> <span class='ocrx_word' id='word_1_156' title='bbox 3201 958 3445 1010; x_wconf 76' lang='grc' dir='ltr'><strong><em>πετεινοῦ</em></strong></span> <span class='ocrx_word' id='word_1_157' title='bbox 3475 956 3777 1030; x_wconf 86' lang='grc' dir='ltr'>ἀνιπταμέ-</span> 
     </span>
    </p>
   </div>
   <div class='ocr_carea' id='block_1_25' title="bbox 2118 1039 3779 1119">
    <p class='ocr_par' dir='ltr' id='par_1_25' title="bbox 2118 1039 3779 1119">
     <span class='ocr_line' id='line_1_25' title="bbox 2118 1039 3779 1119; baseline 0.005 -27"><span class='ocrx_word' id='word_1_158' title='bbox 2118 1060 2211 1093; x_wconf 88' lang='grc' dir='ltr'><strong><em>νου</em></strong></span> <span class='ocrx_word' id='word_1_159' title='bbox 2267 1039 2484 1102; x_wconf 83' lang='grc' dir='ltr'>νεοσσὸς</span> <span class='ocrx_word' id='word_1_160' title='bbox 2557 1039 2932 1116; x_wconf 72' lang='grc' dir='ltr'><strong><em>ἀφῃρημένος,</em></strong></span> <span class='ocrx_word' id='word_1_161' title='bbox 3005 1041 3148 1114; x_wconf 75' lang='grc' dir='ltr'>ἤρθη</span> <span class='ocrx_word' id='word_1_162' title='bbox 3229 1043 3323 1116; x_wconf 78' lang='grc' dir='ltr'>μὶν</span> <span class='ocrx_word' id='word_1_163' title='bbox 3376 1050 3478 1115; x_wconf 86' lang='grc' dir='ltr'><strong><em>τῆς</em></strong></span> <span class='ocrx_word' id='word_1_164' title='bbox 3531 1050 3779 1119; x_wconf 80' lang='grc' dir='ltr'>πονηρᾶς</span> 
     </span>
    </p>
   </div>
   <div class='ocr_carea' id='block_1_26' title="bbox 2120 1126 3781 1208">
    <p class='ocr_par' dir='ltr' id='par_1_26' title="bbox 2120 1126 3781 1208">
     <span class='ocr_line' id='line_1_26' title="bbox 2120 1126 3781 1208; baseline 0.004 -26"><span class='ocrx_word' id='word_1_165' title='bbox 2120 1126 2472 1200; x_wconf 78' lang='grc' dir='ltr'><strong><em>προστασίας,</em></strong></span> <span class='ocrx_word' id='word_1_166' title='bbox 2496 1127 2584 1183; x_wconf 81' lang='grc' dir='ltr'>καί</span> <span class='ocrx_word' id='word_1_167' title='bbox 2642 1133 2738 1183; x_wconf 90' lang='grc' dir='ltr'><strong><em>τοῦ</em></strong></span> <span class='ocrx_word' id='word_1_168' title='bbox 2775 1132 3067 1206; x_wconf 79' lang='grc' dir='ltr'>μοχθηροῦ</span> <span class='ocrx_word' id='word_1_169' title='bbox 3095 1135 3203 1205; x_wconf 86' lang='grc'>(79)</span> <span class='ocrx_word' id='word_1_170' title='bbox 3237 1129 3505 1208; x_wconf 80' lang='grc' dir='ltr'>ἄρχοντος</span> <span class='ocrx_word' id='word_1_171' title='bbox 3554 1133 3781 1203; x_wconf 77' lang='grc' dir='ltr'>ἠλευθε-</span> 
     </span>
    </p>
   </div>
   <div class='ocr_carea' id='block_1_27' title="bbox 2121 1217 3780 1299">
    <p class='ocr_par' dir='ltr' id='par_1_27' title="bbox 2121 1217 3780 1299">
     <span class='ocr_line' id='line_1_27' title="bbox 2121 1217 3780 1299; baseline 0.005 -28"><span class='ocrx_word' id='word_1_172' title='bbox 2121 1218 2295 1289; x_wconf 77' lang='grc' dir='ltr'>ρώθη,</span> <span class='ocrx_word' id='word_1_173' title='bbox 2357 1219 2415 1280; x_wconf 81' lang='grc' dir='ltr'>ὃς</span> <span class='ocrx_word' id='word_1_174' title='bbox 2474 1217 2726 1273; x_wconf 81' lang='grc' dir='ltr'><strong><em>ἀπώλετο</em></strong></span> <span class='ocrx_word' id='word_1_175' title='bbox 2790 1217 2860 1273; x_wconf 85' lang='grc' dir='ltr'>δι’</span> <span class='ocrx_word' id='word_1_176' title='bbox 2924 1221 3293 1299; x_wconf 74' lang='grc' dir='ltr'>ὑπερηφανίαν</span> <span class='ocrx_word' id='word_1_177' title='bbox 3342 1222 3431 1277; x_wconf 80' lang='grc' dir='ltr'>καὶ</span> <span class='ocrx_word' id='word_1_178' title='bbox 3487 1221 3780 1298; x_wconf 73' lang='grc' dir='ltr'>τυραννίδα</span> 
     </span>
    </p>
   </div>
   <div class='ocr_carea' id='block_1_28' title="bbox 2119 1305 3778 1390">
    <p class='ocr_par' dir='ltr' id='par_1_28' title="bbox 2119 1305 3778 1390">
     <span class='ocr_line' id='line_1_28' title="bbox 2119 1305 3778 1390; baseline 0.004 -29"><span class='ocrx_word' id='word_1_179' title='bbox 2119 1311 2302 1361; x_wconf 81' lang='grc' dir='ltr'>πατῶν</span> <span class='ocrx_word' id='word_1_180' title='bbox 2363 1305 2583 1368; x_wconf 80' lang='grc' dir='ltr'>πάντας·</span> <span class='ocrx_word' id='word_1_181' title='bbox 2643 1306 2723 1386; x_wconf 75' lang='grc' dir='ltr'>ἐφ’</span> <span class='ocrx_word' id='word_1_182' title='bbox 2779 1309 2824 1380; x_wconf 83' lang='grc' dir='ltr'>ᾧ</span> <span class='ocrx_word' id='word_1_183' title='bbox 2882 1308 3094 1384; x_wconf 83' lang='grc' dir='ltr'>ἀρθέντι</span> <span class='ocrx_word' id='word_1_184' title='bbox 3154 1309 3338 1388; x_wconf 78' lang='grc' dir='ltr'>ἐπάγει</span> <span class='ocrx_word' id='word_1_185' title='bbox 3378 1314 3413 1382; x_wconf 80' lang='grc' dir='ltr'><strong>ἡ</strong></span> <span class='ocrx_word' id='word_1_186' title='bbox 3471 1313 3778 1390; x_wconf 78' lang='grc' dir='ltr'>προφητεία</span> 
     </span>
    </p>
   </div>
   <div class='ocr_carea' id='block_1_29' title="bbox 2118 1394 3770 1478">
    <p class='ocr_par' dir='ltr' id='par_1_29' title="bbox 2118 1394 3770 1478">
     <span class='ocr_line' id='line_1_29' title="bbox 2118 1394 3770 1478; baseline 0.002 -28"><span class='ocrx_word' id='word_1_187' title='bbox 2118 1395 2184 1450; x_wconf 75' lang='grc' dir='ltr'>τὰ</span> <span class='ocrx_word' id='word_1_188' title='bbox 2241 1394 2470 1468; x_wconf 81' lang='grc' dir='ltr'>ἐσόμενα</span> <span class='ocrx_word' id='word_1_189' title='bbox 2525 1396 2741 1470; x_wconf 84' lang='grc' dir='ltr'>ἀγαθά.</span> <span class='ocrx_word' id='word_1_190' title='bbox 2803 1398 2864 1455; x_wconf 76' lang='grc' dir='ltr'>Ὀ</span> <span class='ocrx_word' id='word_1_191' title='bbox 2924 1397 3114 1471; x_wconf 81' lang='grc' dir='ltr'>θρόνος</span> <span class='ocrx_word' id='word_1_192' title='bbox 3170 1401 3315 1474; x_wconf 74' lang='grc' dir='ltr'>γὰρ,</span> <span class='ocrx_word' id='word_1_193' title='bbox 3376 1400 3528 1478; x_wconf 79' lang='grc' dir='ltr'>φησὶ,</span> <span class='ocrx_word' id='word_1_194' title='bbox 3588 1401 3678 1457; x_wconf 81' lang='grc' dir='ltr'><strong><em>καὶ</em></strong></span> <span class='ocrx_word' id='word_1_195' title='bbox 3736 1405 3770 1472; x_wconf 76' lang='grc' dir='ltr'>ἡ</span> 
     </span>
    </p>
   </div>
   <div class='ocr_carea' id='block_1_30' title="bbox 2124 1479 3769 1560">
    <p class='ocr_par' dir='ltr' id='par_1_30' title="bbox 2124 1479 3769 1560">
     <span class='ocr_line' id='line_1_30' title="bbox 2124 1479 3769 1560; baseline 0.004 -22"><span class='ocrx_word' id='word_1_196' title='bbox 2124 1484 2372 1559; x_wconf 84' lang='grc' dir='ltr'>βασιλεία</span> <span class='ocrx_word' id='word_1_197' title='bbox 2430 1479 2596 1539; x_wconf 78' lang='grc' dir='ltr'>Δαϐἱδ</span> <span class='ocrx_word' id='word_1_198' title='bbox 2651 1488 3165 1560; x_wconf 79' lang='grc' dir='ltr'>κατορθωθήσεται.</span> <span class='ocrx_word' id='word_1_199' title='bbox 3222 1489 3367 1544; x_wconf 77' lang='grc' dir='ltr'>Ἐπεὶ</span> <span class='ocrx_word' id='word_1_200' title='bbox 3429 1488 3519 1544; x_wconf 78' lang='grc' dir='ltr'><strong><em>οῦν</em></strong></span> <span class='ocrx_word' id='word_1_201' title='bbox 3579 1490 3769 1554; x_wconf 86' lang='grc' dir='ltr'>πάντες</span> 
     </span>
    </p>
   </div>
   <div class='ocr_carea' id='block_1_31' title="bbox 2123 1572 3769 1653">
    <p class='ocr_par' dir='ltr' id='par_1_31' title="bbox 2123 1572 3769 1653">
     <span class='ocr_line' id='line_1_31' title="bbox 2123 1572 3769 1653; baseline 0.004 -27"><span class='ocrx_word' id='word_1_202' title='bbox 2123 1572 2609 1646; x_wconf 82' lang='grc' dir='ltr'>βασιλευθήσονται</span> <span class='ocrx_word' id='word_1_203' title='bbox 2645 1575 2746 1628; x_wconf 88' lang='grc' dir='ltr'>ὑπὸ</span> <span class='ocrx_word' id='word_1_204' title='bbox 2778 1579 2875 1628; x_wconf 88' lang='grc' dir='ltr'><strong><em>τοῦ</em></strong></span> <span class='ocrx_word' id='word_1_205' title='bbox 2916 1576 3152 1646; x_wconf 83' lang='grc' dir='ltr'>Χριστοῦ</span> <span class='ocrx_word' id='word_1_206' title='bbox 3181 1579 3318 1632; x_wconf 86' lang='grc' dir='ltr'>κατὰ</span> <span class='ocrx_word' id='word_1_207' title='bbox 3345 1579 3407 1632; x_wconf 87' lang='grc' dir='ltr'>τὸ</span> <span class='ocrx_word' id='word_1_208' title='bbox 3459 1577 3769 1653; x_wconf 70' lang='grc' dir='ltr'>εἰρημένον,</span> 
     </span>
    </p>
   </div>
   <div class='ocr_carea' id='block_1_32' title="bbox 2118 1661 3774 1744">
    <p class='ocr_par' dir='ltr' id='par_1_32' title="bbox 2118 1661 3774 1744">
     <span class='ocr_line' id='line_1_32' title="bbox 2118 1661 3774 1744; baseline 0.004 -29"><span class='ocrx_word' id='word_1_209' title='bbox 2118 1661 2200 1715; x_wconf 77' lang='grc' dir='ltr'><strong><em>ὅτι</em></strong></span> <span class='ocrx_word' id='word_1_210' title='bbox 2263 1668 2354 1716; x_wconf 86' lang='grc' dir='ltr'>Δεῖ</span> <span class='ocrx_word' id='word_1_211' title='bbox 2411 1663 2570 1717; x_wconf 84' lang='grc' dir='ltr'>αὑτὸν</span> <span class='ocrx_word' id='word_1_212' title='bbox 2636 1662 2940 1737; x_wconf 78' lang='grc' dir='ltr'>βασιλεύειν</span> <span class='ocrx_word' id='word_1_213' title='bbox 3002 1661 3105 1726; x_wconf 82' lang='grc' dir='ltr'>ἔως</span> <span class='ocrx_word' id='word_1_214' title='bbox 3165 1664 3222 1720; x_wconf 70' lang='grc' dir='ltr'><strong><em>ἂν</em></strong></span> <span class='ocrx_word' id='word_1_215' title='bbox 3285 1671 3352 1738; x_wconf 83' lang='grc' dir='ltr'><strong><em>θῇ</em></strong></span> <span class='ocrx_word' id='word_1_216' title='bbox 3382 1666 3510 1728; x_wconf 80' lang='grc' dir='ltr'>τοὺς</span> <span class='ocrx_word' id='word_1_217' title='bbox 3545 1667 3774 1744; x_wconf 74' lang='grc' dir='ltr'>ἐχθροὺς</span> 
     </span>
    </p>
   </div>
   <div class='ocr_carea' id='block_1_33' title="bbox 2122 1748 3774 1832">
    <p class='ocr_par' dir='ltr' id='par_1_33' title="bbox 2122 1748 3774 1832">
     <span class='ocr_line' id='line_1_33' title="bbox 2122 1748 3774 1832; baseline 0.005 -28"><span class='ocrx_word' id='word_1_218' title='bbox 2122 1750 2224 1804; x_wconf 85' lang='grc' dir='ltr'>ὑπὸ</span> <span class='ocrx_word' id='word_1_219' title='bbox 2253 1750 2382 1812; x_wconf 88' lang='grc' dir='ltr'>τούς</span> <span class='ocrx_word' id='word_1_220' title='bbox 2437 1748 2608 1813; x_wconf 90' lang='grc' dir='ltr'>πόδας</span> <span class='ocrx_word' id='word_1_221' title='bbox 2663 1751 2854 1820; x_wconf 78' lang='grc' dir='ltr'>αὐτοῦ,</span> <span class='ocrx_word' id='word_1_222' title='bbox 2912 1754 3004 1808; x_wconf 87' lang='grc' dir='ltr'>τὸν</span> <span class='ocrx_word' id='word_1_223' title='bbox 3063 1755 3250 1830; x_wconf 83' lang='grc' dir='ltr'>θρόνον</span> <span class='ocrx_word' id='word_1_224' title='bbox 3313 1755 3429 1810; x_wconf 82' lang='grc' dir='ltr'>εἶπε</span> <span class='ocrx_word' id='word_1_225' title='bbox 3460 1753 3774 1832; x_wconf 85' lang='grc' dir='ltr'>διορθωθή-</span> 
     </span>
    </p>
   </div>
   <div class='ocr_carea' id='block_1_34' title="bbox 344 1839 1996 1956">
    <p class='ocr_par' dir='ltr' id='par_1_34' title="bbox 344 1841 1996 1956">
     <span class='ocr_line' id='line_1_34' title="bbox 344 1841 1996 1916; baseline -0.004 -14"><span class='ocrx_word' id='word_1_226' title='bbox 344 1852 536 1903; x_wconf 81' lang='lat' dir='ltr'><strong><em>ratum</em></strong></span> <span class='ocrx_word' id='word_1_227' title='bbox 568 1847 661 1911; x_wconf 91' lang='lat' dir='ltr'><strong><em>iri,</em></strong></span> <span class='ocrx_word' id='word_1_228' title='bbox 695 1846 846 1916; x_wconf 92' lang='lat' dir='ltr'><strong><em>quod</em></strong></span> <span class='ocrx_word' id='word_1_229' title='bbox 883 1859 1248 1916; x_wconf 73' lang='lat' dir='ltr'><strong><em>quaecunque</em></strong></span> <span class='ocrx_word' id='word_1_230' title='bbox 1281 1843 1337 1896; x_wconf 89' lang='lat' dir='ltr'><strong><em>in</em></strong></span> <span class='ocrx_word' id='word_1_231' title='bbox 1373 1843 1500 1912; x_wconf 85' lang='lat' dir='ltr'><strong><em>ejus</em></strong></span> <span class='ocrx_word' id='word_1_232' title='bbox 1532 1842 1817 1897; x_wconf 88' lang='lat' dir='ltr'><strong><em>ditionem</em></strong></span> <span class='ocrx_word' id='word_1_233' title='bbox 1854 1841 1996 1896; x_wconf 90' lang='lat' dir='ltr'><strong><em>redi-</em></strong></span> 
     </span>
     <span class='ocr_line' id='line_1_35' title="bbox 350 1931 1962 1956; baseline 0 0"><span class='ocrx_word' id='word_1_234' title='bbox 350 1941 501 1956; x_wconf 57' lang='lat'><strong><em>_-_,-1_</em></strong></span> <span class='ocrx_word' id='word_1_235' title='bbox 533 1953 556 1956; x_wconf 45' lang='grc' dir='ltr'><strong>λ</strong></span> <span class='ocrx_word' id='word_1_236' title='bbox 612 1935 933 1956; x_wconf 70' lang='lat' dir='ltr'><strong><em>_-______.J_</em></strong></span> <span class='ocrx_word' id='word_1_237' title='bbox 976 1933 1090 1956; x_wconf 71' lang='lat'><strong><em>-:_1</em></strong></span> <span class='ocrx_word' id='word_1_238' title='bbox 1123 1936 1172 1956; x_wconf 80' lang='grc' dir='ltr'><strong><em>-.ι</em></strong></span> <span class='ocrx_word' id='word_1_239' title='bbox 1204 1931 1582 1956; x_wconf 69' lang='lat' dir='ltr'><strong><em>:__|...-_.._.J..</em></strong></span> <span class='ocrx_word' id='word_1_240' title='bbox 1623 1949 1636 1956; x_wconf 85' lang='grc'><strong><em>-</em></strong></span> <span class='ocrx_word' id='word_1_241' title='bbox 1671 1931 1821 1956; x_wconf 64' lang='grc' dir='ltr'><strong><em>...υ-,ι</em></strong></span> <span class='ocrx_word' id='word_1_242' title='bbox 1886 1931 1962 1956; x_wconf 76' lang='grc' dir='ltr'>...ε</span> 
     </span>
    </p>
   </div>
   <div class='ocr_carea' id='block_1_35' title="bbox 2114 1839 3768 1956">
    <p class='ocr_par' dir='ltr' id='par_1_35' title="bbox 2117 1839 3768 1956">
     <span class='ocr_line' id='line_1_36' title="bbox 2117 1839 3768 1922; baseline 0.005 -29"><span class='ocrx_word' id='word_1_243' title='bbox 2117 1850 2322 1910; x_wconf 83' lang='grc' dir='ltr'>σεσθαι,</span> <span class='ocrx_word' id='word_1_244' title='bbox 2375 1844 2452 1912; x_wconf 78' lang='grc' dir='ltr'><strong><em>τῷ</em></strong></span> <span class='ocrx_word' id='word_1_245' title='bbox 2481 1843 2592 1913; x_wconf 85' lang='grc'>(80)</span> <span class='ocrx_word' id='word_1_246' title='bbox 2643 1839 2984 1916; x_wconf 82' lang='grc' dir='ltr'>διορθώσεως</span> <span class='ocrx_word' id='word_1_247' title='bbox 3025 1845 3314 1919; x_wconf 77' lang='grc' dir='ltr'>τυγχάνειν</span> <span class='ocrx_word' id='word_1_248' title='bbox 3357 1846 3428 1900; x_wconf 77' lang='grc' dir='ltr'><strong><em>τὰ</em></strong></span> <span class='ocrx_word' id='word_1_249' title='bbox 3481 1844 3768 1922; x_wconf 88' lang='grc' dir='ltr'>βασιλευό-</span> 
     </span>
     <span class='ocr_line' id='line_1_37' title="bbox 2120 1930 3708 1956; baseline 0 0"><span class='ocrx_word' id='word_1_250' title='bbox 2120 1949 2250 1956; x_wconf 57' lang='grc' dir='ltr'><strong><em>.--ημ</em></strong></span> <span class='ocrx_word' id='word_1_251' title='bbox 2329 1930 2456 1956; x_wconf 50' lang='grc' dir='ltr'><strong><em>κί’-Α-</em></strong></span> <span class='ocrx_word' id='word_1_252' title='bbox 2520 1930 2718 1956; x_wconf 71' lang='lat'><strong><em>_..&#39;_.___-.</em></strong></span> <span class='ocrx_word' id='word_1_253' title='bbox 2791 1932 2842 1956; x_wconf 66' lang='lat'><strong><em>_,’</em></strong></span> <span class='ocrx_word' id='word_1_254' title='bbox 2882 1933 3016 1956; x_wconf 56' lang='grc' dir='ltr'><strong><em>--μ-ἒ.</em></strong></span> <span class='ocrx_word' id='word_1_255' title='bbox 3066 1934 3123 1956; x_wconf 62' lang='grc' dir='ltr'><strong><em>-Ᾱ</em></strong></span> <span class='ocrx_word' id='word_1_256' title='bbox 3155 1954 3160 1956; x_wconf 89' lang='grc'><strong><em>.</em></strong></span> <span class='ocrx_word' id='word_1_257' title='bbox 3221 1933 3357 1956; x_wconf 38' lang='grc' dir='ltr'><strong><em>λνΙην</em></strong></span> <span class='ocrx_word' id='word_1_258' title='bbox 3427 1939 3453 1949; x_wconf 67' lang='grc' dir='ltr'><strong><em>ἰ’</em></strong></span> <span class='ocrx_word' id='word_1_259' title='bbox 3604 1933 3662 1956; x_wconf 53' lang='grc' dir='ltr'>ῚἻ</span> <span class='ocrx_word' id='word_1_260' title='bbox 3693 1936 3708 1956; x_wconf 93' lang='grc' dir='ltr'><strong><em>Ι</em></strong></span> 
     </span>
    </p>
   </div>
   <div class='ocr_carea' id='block_1_36' title="bbox 344 1931 2001 2008">
    <p class='ocr_par' dir='ltr' id='par_1_36' title="bbox 344 1931 2001 2008">
     <span class='ocr_line' id='line_1_38' title="bbox 344 1931 2001 2008; baseline -0.002 -20"><span class='ocrx_word' id='word_1_261' title='bbox 344 1941 577 2008; x_wconf 75' lang='lat' dir='ltr'><strong><em>genter,</em></strong></span> <span class='ocrx_word' id='word_1_262' title='bbox 612 1935 942 2007; x_wconf 86' lang='lat' dir='ltr'><strong><em>reparanda</em></strong></span> <span class='ocrx_word' id='word_1_263' title='bbox 973 1933 1094 1988; x_wconf 89' lang='lat' dir='ltr'><strong><em>sint</em></strong></span> <span class='ocrx_word' id='word_1_264' title='bbox 1119 1936 1175 1986; x_wconf 93' lang='lat' dir='ltr'><strong><em>et</em></strong></span> <span class='ocrx_word' id='word_1_265' title='bbox 1204 1931 1589 1987; x_wconf 75' lang='lat' dir='ltr'><strong><em>instauranda</em></strong></span> <span class='ocrx_word' id='word_1_266' title='bbox 1623 1949 1636 1986; x_wconf 90' lang='lat'><strong>:</strong></span> <span class='ocrx_word' id='word_1_267' title='bbox 1668 1931 1824 2002; x_wconf 85' lang='lat' dir='ltr'><strong><em>quod</em></strong></span> <span class='ocrx_word' id='word_1_268' title='bbox 1886 1931 2001 1985; x_wconf 86' lang='lat' dir='ltr'><strong><em>mi-</em></strong></span> 
     </span>
    </p>
   </div>
   <div class='ocr_carea' id='block_1_37' title="bbox 343 2019 2002 2092">
    <p class='ocr_par' dir='ltr' id='par_1_37' title="bbox 343 2019 2002 2092">
     <span class='ocr_line' id='line_1_39' title="bbox 343 2019 2002 2092; baseline -0.002 -12"><span class='ocrx_word' id='word_1_269' title='bbox 343 2027 500 2081; x_wconf 90' lang='lat' dir='ltr'><strong><em>nime</em></strong></span> <span class='ocrx_word' id='word_1_270' title='bbox 535 2025 597 2078; x_wconf 84' lang='lat' dir='ltr'><strong><em>ﬁt</em></strong></span> <span class='ocrx_word' id='word_1_271' title='bbox 626 2025 698 2079; x_wconf 94' lang='lat' dir='ltr'><strong><em>ob</em></strong></span> <span class='ocrx_word' id='word_1_272' title='bbox 733 2023 1009 2078; x_wconf 90' lang='lat' dir='ltr'><strong><em>meritum</em></strong></span> <span class='ocrx_word' id='word_1_273' title='bbox 1044 2037 1242 2075; x_wconf 89' lang='lat' dir='ltr'><strong><em>eorum</em></strong></span> <span class='ocrx_word' id='word_1_274' title='bbox 1287 2019 1386 2092; x_wconf 89' lang='lat' dir='ltr'><strong><em>qui</em></strong></span> <span class='ocrx_word' id='word_1_275' title='bbox 1421 2021 1695 2092; x_wconf 82' lang='lat' dir='ltr'><strong><em>potestati</em></strong></span> <span class='ocrx_word' id='word_1_276' title='bbox 1749 2021 1880 2089; x_wconf 87' lang='lat' dir='ltr'><strong><em>ejus</em></strong></span> <span class='ocrx_word' id='word_1_277' title='bbox 1936 2036 2002 2076; x_wconf 89' lang='lat' dir='ltr'><strong><em>ac</em></strong></span> 
     </span>
    </p>
   </div>
   <div class='ocr_carea' id='block_1_38' title="bbox 339 2108 1999 2186">
    <p class='ocr_par' dir='ltr' id='par_1_38' title="bbox 339 2108 1999 2186">
     <span class='ocr_line' id='line_1_40' title="bbox 339 2108 1999 2186; baseline -0.002 -18"><span class='ocrx_word' id='word_1_278' title='bbox 339 2114 588 2186; x_wconf 90' lang='lat' dir='ltr'><strong><em>imperio</em></strong></span> <span class='ocrx_word' id='word_1_279' title='bbox 620 2117 762 2168; x_wconf 89' lang='lat' dir='ltr'><strong><em>sunt</em></strong></span> <span class='ocrx_word' id='word_1_280' title='bbox 793 2110 1203 2174; x_wconf 85' lang='lat' dir='ltr'><strong><em>submittendi,</em></strong></span> <span class='ocrx_word' id='word_1_281' title='bbox 1237 2110 1336 2163; x_wconf 88' lang='lat' dir='ltr'><strong><em>sed</em></strong></span> <span class='ocrx_word' id='word_1_282' title='bbox 1387 2126 1488 2180; x_wconf 91' lang='lat' dir='ltr'><strong><em>per</em></strong></span> <span class='ocrx_word' id='word_1_283' title='bbox 1533 2108 1999 2164; x_wconf 88' lang='lat' dir='ltr'><strong><em>misericordiam</em></strong></span> 
     </span>
    </p>
   </div>
   <div class='ocr_carea' id='block_1_39' title="bbox 338 2198 1996 2274">
    <p class='ocr_par' dir='ltr' id='par_1_39' title="bbox 338 2198 1996 2274">
     <span class='ocr_line' id='line_1_41' title="bbox 338 2198 1996 2274; baseline -0.004 -16"><span class='ocrx_word' id='word_1_284' title='bbox 338 2221 404 2258; x_wconf 91' lang='lat' dir='ltr'><strong><em>ac</em></strong></span> <span class='ocrx_word' id='word_1_285' title='bbox 438 2201 857 2274; x_wconf 82' lang='lat' dir='ltr'><strong><em>benignitatem</em></strong></span> <span class='ocrx_word' id='word_1_286' title='bbox 891 2199 1015 2255; x_wconf 92' lang='lat' dir='ltr'>Dei.</span> <span class='ocrx_word' id='word_1_287' title='bbox 1067 2199 1158 2254; x_wconf 90' lang='lat' dir='ltr'><strong><em>Ait</em></strong></span> <span class='ocrx_word' id='word_1_288' title='bbox 1197 2199 1396 2269; x_wconf 82' lang='lat' dir='ltr'><strong><em>itaque</em></strong></span> <span class='ocrx_word' id='word_1_289' title='bbox 1448 2217 1465 2251; x_wconf 94' lang='lat'><strong><em>:</em></strong></span> <span class='ocrx_word' id='word_1_290' title='bbox 1515 2198 1752 2254; x_wconf 87' lang='lat' dir='ltr'><strong><em>Sedebit</em></strong></span> <span class='ocrx_word' id='word_1_291' title='bbox 1796 2198 1996 2269; x_wconf 87' lang='lat' dir='ltr'><strong><em>David,</em></strong></span> 
     </span>
    </p>
   </div>
   <div class='ocr_carea' id='block_1_40' title="bbox 337 2286 1996 2361">
    <p class='ocr_par' dir='ltr' id='par_1_40' title="bbox 337 2286 1996 2361">
     <span class='ocr_line' id='line_1_42' title="bbox 337 2286 1996 2361; baseline -0.003 -14"><span class='ocrx_word' id='word_1_292' title='bbox 337 2292 446 2346; x_wconf 88' lang='lat' dir='ltr'><strong><em>hoc</em></strong></span> <span class='ocrx_word' id='word_1_293' title='bbox 475 2295 583 2361; x_wconf 89' lang='lat' dir='ltr'><strong><em>est,</em></strong></span> <span class='ocrx_word' id='word_1_294' title='bbox 617 2290 888 2344; x_wconf 87' lang='lat' dir='ltr'><strong><em>Christus</em></strong></span> <span class='ocrx_word' id='word_1_295' title='bbox 916 2289 1042 2359; x_wconf 89' lang='lat' dir='ltr'><strong><em>ipse</em></strong></span> <span class='ocrx_word' id='word_1_296' title='bbox 1092 2303 1268 2342; x_wconf 88' lang='lat' dir='ltr'><strong><em>manu</em></strong></span> <span class='ocrx_word' id='word_1_297' title='bbox 1305 2303 1370 2342; x_wconf 89' lang='lat' dir='ltr'><strong><em>ac</em></strong></span> <span class='ocrx_word' id='word_1_298' title='bbox 1419 2287 1681 2358; x_wconf 89' lang='lat' dir='ltr'><strong><em>potentia</em></strong></span> <span class='ocrx_word' id='word_1_299' title='bbox 1727 2286 1996 2357; x_wconf 71' lang='lat' dir='ltr'><strong><em>idoneus,</em></strong></span> 
     </span>
    </p>
   </div>
   <div class='ocr_carea' id='block_1_41' title="bbox 338 2375 1998 2447">
    <p class='ocr_par' dir='ltr' id='par_1_41' title="bbox 338 2375 1998 2447">
     <span class='ocr_line' id='line_1_43' title="bbox 338 2375 1998 2447; baseline -0.003 -11"><span class='ocrx_word' id='word_1_300' title='bbox 338 2396 472 2436; x_wconf 92' lang='lat' dir='ltr'><strong><em>cum</em></strong></span> <span class='ocrx_word' id='word_1_301' title='bbox 503 2379 766 2434; x_wconf 83' lang='lat' dir='ltr'><strong><em>veritate.</em></strong></span> <span class='ocrx_word' id='word_1_302' title='bbox 817 2379 886 2432; x_wconf 90' lang='lat' dir='ltr'><strong><em>Et</em></strong></span> <span class='ocrx_word' id='word_1_303' title='bbox 933 2375 1202 2447; x_wconf 83' lang='lat' dir='ltr'><strong><em>regnabit</em></strong></span> <span class='ocrx_word' id='word_1_304' title='bbox 1252 2375 1308 2429; x_wconf 92' lang='lat' dir='ltr'>in</span> <span class='ocrx_word' id='word_1_305' title='bbox 1363 2375 1760 2446; x_wconf 78' lang='lat' dir='ltr'><strong><em>tabernaculo,</em></strong></span> <span class='ocrx_word' id='word_1_306' title='bbox 1813 2377 1998 2431; x_wconf 91' lang='lat' dir='ltr'><strong><em>donec</em></strong></span> 
     </span>
    </p>
   </div>
   <div class='ocr_carea' id='block_1_42' title="bbox 335 2464 1997 2538">
    <p class='ocr_par' dir='ltr' id='par_1_42' title="bbox 335 2464 1997 2538">
     <span class='ocr_line' id='line_1_44' title="bbox 335 2464 1997 2538; baseline -0.003 -14"><span class='ocrx_word' id='word_1_307' title='bbox 335 2468 614 2538; x_wconf 88' lang='lat' dir='ltr'><strong><em>judicans</em></strong></span> <span class='ocrx_word' id='word_1_308' title='bbox 641 2466 930 2536; x_wconf 88' lang='lat' dir='ltr'><strong><em>judicium</em></strong></span> <span class='ocrx_word' id='word_1_309' title='bbox 961 2465 1106 2519; x_wconf 84' lang='lat' dir='ltr'><strong><em>l&#39;erat</em></strong></span> <span class='ocrx_word' id='word_1_310' title='bbox 1132 2465 1202 2518; x_wconf 94' lang='lat' dir='ltr'><strong><em>de</em></strong></span> <span class='ocrx_word' id='word_1_311' title='bbox 1231 2464 1616 2520; x_wconf 88' lang='lat' dir='ltr'><strong><em>omnibus.Ea</em></strong></span> <span class='ocrx_word' id='word_1_312' title='bbox 1648 2469 1843 2518; x_wconf 87' lang='lat' dir='ltr'><strong><em>autem</em></strong></span> <span class='ocrx_word' id='word_1_313' title='bbox 1871 2481 1997 2535; x_wconf 64' lang='lat' dir='ltr'><strong><em>qua:</em></strong></span> 
     </span>
    </p>
   </div>
   <div class='ocr_carea' id='block_1_43' title="bbox 336 2553 1999 2613">
    <p class='ocr_par' dir='ltr' id='par_1_43' title="bbox 336 2553 1999 2613">
     <span class='ocr_line' id='line_1_45' title="bbox 336 2553 1999 2613; baseline -0.003 0"><span class='ocrx_word' id='word_1_314' title='bbox 336 2573 473 2613; x_wconf 90' lang='lat' dir='ltr'><strong><em>eum</em></strong></span> <span class='ocrx_word' id='word_1_315' title='bbox 501 2556 740 2611; x_wconf 83' lang='lat' dir='ltr'><strong><em>veritate</em></strong></span> <span class='ocrx_word' id='word_1_316' title='bbox 770 2553 835 2609; x_wconf 83' lang='lat' dir='ltr'><strong><em>ﬁt</em></strong></span> <span class='ocrx_word' id='word_1_317' title='bbox 866 2554 1050 2609; x_wconf 87' lang='lat' dir='ltr'><strong><em>sessio</em></strong></span> <span class='ocrx_word' id='word_1_318' title='bbox 1083 2553 1460 2608; x_wconf 87' lang='lat' dir='ltr'><strong><em>abolitionem</em></strong></span> <span class='ocrx_word' id='word_1_319' title='bbox 1508 2553 1729 2608; x_wconf 89' lang='lat' dir='ltr'><strong><em>indicat</em></strong></span> <span class='ocrx_word' id='word_1_320' title='bbox 1761 2554 1999 2608; x_wconf 88' lang='lat' dir='ltr'><strong><em>menda-</em></strong></span> 
     </span>
    </p>
   </div>
   <div class='ocr_carea' id='block_1_44' title="bbox 338 2641 1997 2713">
    <p class='ocr_par' dir='ltr' id='par_1_44' title="bbox 338 2641 1997 2713">
     <span class='ocr_line' id='line_1_46' title="bbox 338 2641 1997 2713; baseline -0.001 -13"><span class='ocrx_word' id='word_1_321' title='bbox 338 2646 436 2700; x_wconf 93' lang='lat' dir='ltr'><strong><em>cii.</em></strong></span> <span class='ocrx_word' id='word_1_322' title='bbox 471 2643 753 2713; x_wconf 80' lang='lat' dir='ltr'><strong><em>Regnabit</em></strong></span> <span class='ocrx_word' id='word_1_323' title='bbox 782 2658 918 2698; x_wconf 90' lang='lat' dir='ltr'><strong><em>vero</em></strong></span> <span class='ocrx_word' id='word_1_324' title='bbox 949 2643 1131 2698; x_wconf 85' lang='lat' dir='ltr'><strong><em>donec</em></strong></span> <span class='ocrx_word' id='word_1_325' title='bbox 1166 2641 1694 2712; x_wconf 78' lang='lat' dir='ltr'><strong><em>feceritjudicium.</em></strong></span> <span class='ocrx_word' id='word_1_326' title='bbox 1729 2643 1997 2698; x_wconf 86' lang='lat' dir='ltr'><strong><em>Ostendit</em></strong></span> 
     </span>
    </p>
   </div>
   <div class='ocr_carea' id='block_1_45' title="bbox 339 2729 1994 2806">
    <p class='ocr_par' dir='ltr' id='par_1_45' title="bbox 339 2729 1994 2806">
     <span class='ocr_line' id='line_1_47' title="bbox 339 2729 1994 2806; baseline -0.003 -16"><span class='ocrx_word' id='word_1_327' title='bbox 339 2735 468 2806; x_wconf 86' lang='lat' dir='ltr'><strong><em>ejus</em></strong></span> <span class='ocrx_word' id='word_1_328' title='bbox 501 2734 560 2788; x_wconf 91' lang='lat' dir='ltr'><strong><em>in</em></strong></span> <span class='ocrx_word' id='word_1_329' title='bbox 592 2733 868 2788; x_wconf 88' lang='lat' dir='ltr'><strong><em>omnibus</em></strong></span> <span class='ocrx_word' id='word_1_330' title='bbox 889 2733 1119 2803; x_wconf 88' lang='lat' dir='ltr'><strong><em>justum</em></strong></span> <span class='ocrx_word' id='word_1_331' title='bbox 1145 2729 1463 2802; x_wconf 86' lang='lat' dir='ltr'><strong><em>judicium,</em></strong></span> <span class='ocrx_word' id='word_1_332' title='bbox 1489 2730 1813 2784; x_wconf 88' lang='lat' dir='ltr'><strong><em>secundum</em></strong></span> <span class='ocrx_word' id='word_1_333' title='bbox 1839 2732 1994 2802; x_wconf 90' lang='lat' dir='ltr'><strong><em>quod</em></strong></span> 
     </span>
    </p>
   </div>
   <div class='ocr_carea' id='block_1_46' title="bbox 339 2817 1994 2892">
    <p class='ocr_par' dir='ltr' id='par_1_46' title="bbox 339 2817 1994 2892">
     <span class='ocr_line' id='line_1_48' title="bbox 339 2817 1994 2892; baseline -0.003 -14"><span class='ocrx_word' id='word_1_334' title='bbox 339 2840 457 2878; x_wconf 88' lang='lat' dir='ltr'><strong><em>non</em></strong></span> <span class='ocrx_word' id='word_1_335' title='bbox 491 2827 708 2877; x_wconf 88' lang='lat' dir='ltr'><strong><em>temere</em></strong></span> <span class='ocrx_word' id='word_1_336' title='bbox 739 2822 811 2876; x_wconf 91' lang='lat' dir='ltr'><strong><em>de</em></strong></span> <span class='ocrx_word' id='word_1_337' title='bbox 842 2819 1095 2892; x_wconf 86' lang='lat' dir='ltr'><strong><em>singulis</em></strong></span> <span class='ocrx_word' id='word_1_338' title='bbox 1119 2819 1338 2889; x_wconf 87' lang='lat' dir='ltr'><strong><em>profert</em></strong></span> <span class='ocrx_word' id='word_1_339' title='bbox 1366 2821 1714 2873; x_wconf 85' lang='lat' dir='ltr'><strong><em>sententiam</em></strong></span> <span class='ocrx_word' id='word_1_340' title='bbox 1743 2836 1756 2885; x_wconf 90' lang='lat'><strong>;</strong></span> <span class='ocrx_word' id='word_1_341' title='bbox 1791 2819 1889 2873; x_wconf 91' lang='lat' dir='ltr'><strong><em>sed</em></strong></span> <span class='ocrx_word' id='word_1_342' title='bbox 1936 2817 1994 2873; x_wconf 93' lang='lat' dir='ltr'><strong><em>id</em></strong></span> 
     </span>
    </p>
   </div>
   <div class='ocr_carea' id='block_1_47' title="bbox 339 2905 1998 2982">
    <p class='ocr_par' dir='ltr' id='par_1_47' title="bbox 339 2905 1998 2982">
     <span class='ocr_line' id='line_1_49' title="bbox 339 2905 1998 2982; baseline -0.002 -17"><span class='ocrx_word' id='word_1_343' title='bbox 339 2912 494 2982; x_wconf 93' lang='lat' dir='ltr'><strong><em>quod</em></strong></span> <span class='ocrx_word' id='word_1_344' title='bbox 528 2925 760 2982; x_wconf 71' lang='lat' dir='ltr'><strong><em>aequum</em></strong></span> <span class='ocrx_word' id='word_1_345' title='bbox 794 2909 871 2963; x_wconf 83' lang='lat' dir='ltr'><strong><em>sit</em></strong></span> <span class='ocrx_word' id='word_1_346' title='bbox 901 2925 966 2963; x_wconf 88' lang='lat' dir='ltr'><strong><em>ac</em></strong></span> <span class='ocrx_word' id='word_1_347' title='bbox 1016 2923 1364 2978; x_wconf 84' lang='lat' dir='ltr'><strong><em>congruum,</em></strong></span> <span class='ocrx_word' id='word_1_348' title='bbox 1419 2905 1684 2977; x_wconf 89' lang='lat' dir='ltr'><strong><em>inquirit,</em></strong></span> <span class='ocrx_word' id='word_1_349' title='bbox 1740 2907 1882 2961; x_wconf 91' lang='lat' dir='ltr'><strong><em>adeo</em></strong></span> <span class='ocrx_word' id='word_1_350' title='bbox 1932 2912 1998 2962; x_wconf 89' lang='lat' dir='ltr'><strong><em>ut</em></strong></span> 
     </span>
    </p>
   </div>
   <div class='ocr_carea' id='block_1_48' title="bbox 329 2995 1993 3072">
    <p class='ocr_par' dir='ltr' id='par_1_48' title="bbox 329 2995 1993 3072">
     <span class='ocr_line' id='line_1_50' title="bbox 329 2995 1993 3072; baseline -0.002 -18"><span class='ocrx_word' id='word_1_351' title='bbox 329 2999 625 3072; x_wconf 86' lang='lat' dir='ltr'><strong><em>judicium</em></strong></span> <span class='ocrx_word' id='word_1_352' title='bbox 657 2999 728 3054; x_wconf 89' lang='lat' dir='ltr'><strong><em>de</em></strong></span> <span class='ocrx_word' id='word_1_353' title='bbox 759 3011 1107 3068; x_wconf 83' lang='lat' dir='ltr'><strong><em>unoquoque</em></strong></span> <span class='ocrx_word' id='word_1_354' title='bbox 1140 2995 1323 3050; x_wconf 87' lang='lat' dir='ltr'><strong><em>latum</em></strong></span> <span class='ocrx_word' id='word_1_355' title='bbox 1357 2995 1639 3067; x_wconf 89' lang='lat' dir='ltr'><strong><em>perducet</em></strong></span> <span class='ocrx_word' id='word_1_356' title='bbox 1669 2995 1740 3050; x_wconf 91' lang='lat' dir='ltr'><strong><em>ad</em></strong></span> <span class='ocrx_word' id='word_1_357' title='bbox 1775 2996 1993 3051; x_wconf 91' lang='lat' dir='ltr'><strong><em>bonum</em></strong></span> 
     </span>
    </p>
   </div>
   <div class='ocr_carea' id='block_1_49' title="bbox 338 3083 1995 3159">
    <p class='ocr_par' dir='ltr' id='par_1_49' title="bbox 338 3083 1995 3159">
     <span class='ocr_line' id='line_1_51' title="bbox 338 3083 1995 3159; baseline -0.001 -16"><span class='ocrx_word' id='word_1_358' title='bbox 338 3089 557 3144; x_wconf 85' lang='lat' dir='ltr'><strong><em>exitum</em></strong></span> <span class='ocrx_word' id='word_1_359' title='bbox 584 3104 597 3142; x_wconf 88' lang='lat'><strong>:</strong></span> <span class='ocrx_word' id='word_1_360' title='bbox 632 3087 850 3159; x_wconf 89' lang='lat' dir='ltr'><strong><em>quippe</em></strong></span> <span class='ocrx_word' id='word_1_361' title='bbox 871 3085 971 3157; x_wconf 90' lang='lat' dir='ltr'><strong><em>qui</em></strong></span> <span class='ocrx_word' id='word_1_362' title='bbox 996 3085 1340 3140; x_wconf 81' lang='lat' dir='ltr'><strong><em>festinanter</em></strong></span> <span class='ocrx_word' id='word_1_363' title='bbox 1357 3083 1641 3140; x_wconf 87' lang='lat' dir='ltr'><strong><em>acceleret</em></strong></span> <span class='ocrx_word' id='word_1_364' title='bbox 1674 3088 1995 3156; x_wconf 85' lang='lat' dir='ltr'><strong><em>urgeatque</em></strong></span> 
     </span>
    </p>
   </div>
   <div class='ocr_carea' id='block_1_50' title="bbox 331 3173 1991 3248">
    <p class='ocr_par' dir='ltr' id='par_1_50' title="bbox 331 3173 1991 3248">
     <span class='ocr_line' id='line_1_52' title="bbox 331 3173 1991 3248; baseline -0.001 -17"><span class='ocrx_word' id='word_1_365' title='bbox 331 3177 650 3248; x_wconf 85' lang='lat' dir='ltr'><strong><em>justitiam,</em></strong></span> <span class='ocrx_word' id='word_1_366' title='bbox 679 3191 785 3231; x_wconf 88' lang='lat' dir='ltr'><strong><em>nec</em></strong></span> <span class='ocrx_word' id='word_1_367' title='bbox 812 3175 1052 3230; x_wconf 87' lang='lat' dir='ltr'><strong><em>remisse</em></strong></span> <span class='ocrx_word' id='word_1_368' title='bbox 1103 3177 1203 3228; x_wconf 86' lang='lat' dir='ltr'><strong><em>aut</em></strong></span> <span class='ocrx_word' id='word_1_369' title='bbox 1252 3173 1409 3229; x_wconf 88' lang='lat' dir='ltr'><strong><em>lento</em></strong></span> <span class='ocrx_word' id='word_1_370' title='bbox 1458 3173 1666 3244; x_wconf 87' lang='lat' dir='ltr'><strong><em>gradu,</em></strong></span> <span class='ocrx_word' id='word_1_371' title='bbox 1721 3174 1821 3230; x_wconf 89' lang='lat' dir='ltr'><strong><em>sed</em></strong></span> <span class='ocrx_word' id='word_1_372' title='bbox 1864 3190 1991 3229; x_wconf 88' lang='lat' dir='ltr'><strong><em>cam</em></strong></span> 
     </span>
    </p>
   </div>
   <div class='ocr_carea' id='block_1_51' title="bbox 340 3263 1287 3321">
    <p class='ocr_par' dir='ltr' id='par_1_51' title="bbox 340 3263 1287 3321">
     <span class='ocr_line' id='line_1_53' title="bbox 340 3263 1287 3321; baseline -0.004 -1"><span class='ocrx_word' id='word_1_373' title='bbox 340 3266 498 3321; x_wconf 90' lang='lat' dir='ltr'><strong><em>omni</em></strong></span> <span class='ocrx_word' id='word_1_374' title='bbox 534 3264 904 3320; x_wconf 85' lang='lat' dir='ltr'><strong><em>festinatione</em></strong></span> <span class='ocrx_word' id='word_1_375' title='bbox 935 3279 1064 3318; x_wconf 88' lang='lat' dir='ltr'><strong><em>eam</em></strong></span> <span class='ocrx_word' id='word_1_376' title='bbox 1094 3263 1287 3318; x_wconf 80' lang='lat' dir='ltr'><strong><em>faciat.</em></strong></span> 
     </span>
    </p>
   </div>
   <div class='ocr_carea' id='block_1_52' title="bbox 414 3351 1994 3424">
    <p class='ocr_par' dir='ltr' id='par_1_52' title="bbox 414 3351 1994 3424">
     <span class='ocr_line' id='line_1_54' title="bbox 414 3351 1994 3424; baseline -0.001 -17"><span class='ocrx_word' id='word_1_377' title='bbox 414 3353 544 3408; x_wconf 88' lang='lat'><strong><em>306.</em></strong></span> <span class='ocrx_word' id='word_1_378' title='bbox 584 3354 754 3409; x_wconf 74' lang='lat' dir='ltr'><strong><em>Vens.</em></strong></span> <span class='ocrx_word' id='word_1_379' title='bbox 813 3352 936 3407; x_wconf 88' lang='lat'><strong><em>6-8.</em></strong></span> <span class='ocrx_word' id='word_1_380' title='bbox 998 3351 1308 3406; x_wconf 85' lang='lat' dir='ltr'><strong><em>Audivimcs</em></strong></span> <span class='ocrx_word' id='word_1_381' title='bbox 1366 3351 1752 3407; x_wconf 81' lang='lat' dir='ltr'><strong><em>contumeliam</em></strong></span> <span class='ocrx_word' id='word_1_382' title='bbox 1805 3351 1994 3424; x_wconf 82' lang='lat' dir='ltr'><strong><em>Moab;</em></strong></span> 
     </span>
    </p>
   </div>
   <div class='ocr_carea' id='block_1_53' title="bbox 343 3441 1998 3513">
    <p class='ocr_par' dir='ltr' id='par_1_53' title="bbox 343 3441 1998 3513">
     <span class='ocr_line' id='line_1_55' title="bbox 343 3441 1998 3513; baseline 0 -15"><span class='ocrx_word' id='word_1_383' title='bbox 343 3441 778 3498; x_wconf 71' lang='lat' dir='ltr'><strong><em>contumeliosus</em></strong></span> <span class='ocrx_word' id='word_1_384' title='bbox 802 3441 958 3497; x_wconf 81' lang='lat' dir='ltr'><strong><em>valde</em></strong></span> <span class='ocrx_word' id='word_1_385' title='bbox 982 3459 995 3510; x_wconf 91' lang='lat'><strong>;</strong></span> <span class='ocrx_word' id='word_1_386' title='bbox 1026 3441 1347 3513; x_wconf 78' lang='lat' dir='ltr'><strong><em>superbiam</em></strong></span> <span class='ocrx_word' id='word_1_387' title='bbox 1373 3444 1496 3504; x_wconf 79' lang='lat' dir='ltr'><strong><em>eius</em></strong></span> <span class='ocrx_word' id='word_1_388' title='bbox 1515 3441 1763 3507; x_wconf 85' lang='lat' dir='ltr'><strong><em>sustuli;</em></strong></span> <span class='ocrx_word' id='word_1_389' title='bbox 1791 3451 1844 3497; x_wconf 84' lang='lat' dir='ltr'><strong><em>et</em></strong></span> <span class='ocrx_word' id='word_1_390' title='bbox 1873 3458 1998 3498; x_wconf 88' lang='lat' dir='ltr'><strong><em>con-</em></strong></span> 
     </span>
    </p>
   </div>
   <div class='ocr_carea' id='block_1_54' title="bbox 346 3529 1991 3601">
    <p class='ocr_par' dir='ltr' id='par_1_54' title="bbox 346 3529 1991 3601">
     <span class='ocr_line' id='line_1_56' title="bbox 346 3529 1991 3601; baseline -0.002 -14"><span class='ocrx_word' id='word_1_391' title='bbox 346 3532 588 3587; x_wconf 78' lang='lat' dir='ltr'><strong><em>tumelia</em></strong></span> <span class='ocrx_word' id='word_1_392' title='bbox 615 3531 754 3601; x_wconf 82' lang='lat' dir='ltr'><strong><em>ejus,</em></strong></span> <span class='ocrx_word' id='word_1_393' title='bbox 789 3538 838 3585; x_wconf 81' lang='lat' dir='ltr'><strong><em>et</em></strong></span> <span class='ocrx_word' id='word_1_394' title='bbox 868 3531 954 3584; x_wconf 89' lang='lat' dir='ltr'><strong><em>ira</em></strong></span> <span class='ocrx_word' id='word_1_395' title='bbox 985 3549 1006 3584; x_wconf 91' lang='grc'>.·</span> <span class='ocrx_word' id='word_1_396' title='bbox 1031 3545 1145 3585; x_wconf 85' lang='lat' dir='ltr'><strong><em>non</em></strong></span> <span class='ocrx_word' id='word_1_397' title='bbox 1174 3531 1252 3584; x_wconf 87' lang='lat' dir='ltr'><strong><em>sic</em></strong></span> <span class='ocrx_word' id='word_1_398' title='bbox 1281 3529 1551 3584; x_wconf 83' lang='lat' dir='ltr'><strong><em>divinatio</em></strong></span> <span class='ocrx_word' id='word_1_399' title='bbox 1601 3535 1695 3585; x_wconf 86' lang='lat' dir='ltr'><strong><em>tua</em></strong></span> <span class='ocrx_word' id='word_1_400' title='bbox 1724 3546 1834 3585; x_wconf 85' lang='lat' dir='ltr'><strong><em>non</em></strong></span> <span class='ocrx_word' id='word_1_401' title='bbox 1890 3533 1991 3586; x_wconf 87' lang='lat' dir='ltr'><strong><em>sic.</em></strong></span> 
     </span>
    </p>
   </div>
   <div class='ocr_carea' id='block_1_55' title="bbox 348 3619 1994 3685">
    <p class='ocr_par' dir='ltr' id='par_1_55' title="bbox 348 3619 1994 3685">
     <span class='ocr_line' id='line_1_57' title="bbox 348 3619 1994 3685; baseline 0.002 -10"><span class='ocrx_word' id='word_1_402' title='bbox 348 3621 591 3676; x_wconf 87' lang='lat' dir='ltr'><strong><em>ululabit</em></strong></span> <span class='ocrx_word' id='word_1_403' title='bbox 620 3620 774 3674; x_wconf 85' lang='lat' dir='ltr'><strong><em>Moab</em></strong></span> <span class='ocrx_word' id='word_1_404' title='bbox 801 3637 813 3685; x_wconf 90' lang='lat'><strong>;</strong></span> <span class='ocrx_word' id='word_1_405' title='bbox 849 3636 978 3674; x_wconf 82' lang='lat' dir='ltr'><strong><em>nam</em></strong></span> <span class='ocrx_word' id='word_1_406' title='bbox 1009 3620 1069 3673; x_wconf 84' lang='lat' dir='ltr'><strong><em>in</em></strong></span> <span class='ocrx_word' id='word_1_407' title='bbox 1122 3619 1419 3674; x_wconf 80' lang='lat' dir='ltr'><strong><em>Moabitide</em></strong></span> <span class='ocrx_word' id='word_1_408' title='bbox 1448 3635 1638 3675; x_wconf 84' lang='lat' dir='ltr'><strong><em>omnes</em></strong></span> <span class='ocrx_word' id='word_1_409' title='bbox 1677 3620 1994 3679; x_wconf 82' lang='lat' dir='ltr'><strong><em>ululabunt.</em></strong></span> 
     </span>
    </p>
   </div>
   <div class='ocr_carea' id='block_1_56' title="bbox 341 3707 1994 3780">
    <p class='ocr_par' dir='ltr' id='par_1_56' title="bbox 341 3707 1994 3780">
     <span class='ocr_line' id='line_1_58' title="bbox 341 3707 1994 3780; baseline 0.001 -17"><span class='ocrx_word' id='word_1_410' title='bbox 341 3709 734 3764; x_wconf 78' lang='lat' dir='ltr'><strong><em>Habitantibus</em></strong></span> <span class='ocrx_word' id='word_1_411' title='bbox 762 3708 932 3763; x_wconf 82' lang='lat' dir='ltr'><strong><em>Sedec</em></strong></span> <span class='ocrx_word' id='word_1_412' title='bbox 960 3708 1262 3763; x_wconf 83' lang='lat' dir='ltr'><strong><em>meditatio.</em></strong></span> <span class='ocrx_word' id='word_1_413' title='bbox 1296 3712 1348 3763; x_wconf 91' lang='lat' dir='ltr'><strong><em>et</em></strong></span> <span class='ocrx_word' id='word_1_414' title='bbox 1394 3707 1599 3779; x_wconf 85' lang='lat' dir='ltr'><strong><em>pudore</em></strong></span> <span class='ocrx_word' id='word_1_415' title='bbox 1635 3725 1746 3764; x_wconf 86' lang='lat' dir='ltr'><strong><em>non</em></strong></span> <span class='ocrx_word' id='word_1_416' title='bbox 1775 3709 1994 3780; x_wconf 80' lang='lat' dir='ltr'><strong><em>suﬂun-</em></strong></span> 
     </span>
    </p>
   </div>
   <div class='ocr_carea' id='block_1_57' title="bbox 335 3797 1994 3870">
    <p class='ocr_par' dir='ltr' id='par_1_57' title="bbox 335 3797 1994 3870">
     <span class='ocr_line' id='line_1_59' title="bbox 335 3797 1994 3870; baseline -0.001 -16"><span class='ocrx_word' id='word_1_417' title='bbox 335 3799 503 3854; x_wconf 76' lang='lat' dir='ltr'><strong><em>deris.</em></strong></span> <span class='ocrx_word' id='word_1_418' title='bbox 541 3797 736 3870; x_wconf 86' lang='lat' dir='ltr'><strong><em>Campi</em></strong></span> <span class='ocrx_word' id='word_1_419' title='bbox 767 3797 980 3852; x_wconf 85' lang='lat' dir='ltr'><strong><em>Esebon</em></strong></span> <span class='ocrx_word' id='word_1_420' title='bbox 1020 3797 1303 3868; x_wconf 75' lang='lat' dir='ltr'><strong><em>lugebant.</em></strong></span> <span class='ocrx_word' id='word_1_421' title='bbox 1340 3797 1468 3853; x_wconf 67' lang='lat' dir='ltr'><strong><em>Haec</em></strong></span> <span class='ocrx_word' id='word_1_422' title='bbox 1517 3797 1588 3853; x_wconf 89' lang='lat' dir='ltr'><strong><em>ab</em></strong></span> <span class='ocrx_word' id='word_1_423' title='bbox 1619 3797 1800 3854; x_wconf 83' lang='lat' dir='ltr'><strong><em>altero</em></strong></span> <span class='ocrx_word' id='word_1_424' title='bbox 1832 3797 1994 3870; x_wconf 88' lang='lat' dir='ltr'><strong><em>prin-</em></strong></span> 
     </span>
    </p>
   </div>
   <div class='ocr_carea' id='block_1_58' title="bbox 335 3885 1992 3958">
    <p class='ocr_par' dir='ltr' id='par_1_58' title="bbox 335 3885 1992 3958">
     <span class='ocr_line' id='line_1_60' title="bbox 335 3885 1992 3958; baseline -0.002 -15"><span class='ocrx_word' id='word_1_425' title='bbox 335 3887 488 3958; x_wconf 91' lang='lat' dir='ltr'><strong><em>cipio</em></strong></span> <span class='ocrx_word' id='word_1_426' title='bbox 515 3903 648 3942; x_wconf 90' lang='lat' dir='ltr'><strong><em>cum</em></strong></span> <span class='ocrx_word' id='word_1_427' title='bbox 684 3890 980 3957; x_wconf 88' lang='lat' dir='ltr'><strong><em>petantur,</em></strong></span> <span class='ocrx_word' id='word_1_428' title='bbox 1014 3886 1094 3940; x_wconf 88' lang='lat' dir='ltr'><strong><em>ita</em></strong></span> <span class='ocrx_word' id='word_1_429' title='bbox 1125 3885 1372 3958; x_wconf 81' lang='lat' dir='ltr'><strong><em>legenda</em></strong></span> <span class='ocrx_word' id='word_1_430' title='bbox 1404 3890 1546 3942; x_wconf 89' lang='lat' dir='ltr'><strong><em>sunt</em></strong></span> <span class='ocrx_word' id='word_1_431' title='bbox 1580 3887 1744 3954; x_wconf 83' lang='lat' dir='ltr'><strong><em>quasi</em></strong></span> <span class='ocrx_word' id='word_1_432' title='bbox 1777 3904 1809 3939; x_wconf 72' lang='grc' dir='ltr'><strong><em>ιι</em></strong></span> <span class='ocrx_word' id='word_1_433' title='bbox 1839 3886 1992 3958; x_wconf 88' lang='lat' dir='ltr'><strong><em>prio-</em></strong></span> 
     </span>
    </p>
   </div>
   <div class='ocr_carea' id='block_1_59' title="bbox 333 3975 1992 4047">
    <p class='ocr_par' dir='ltr' id='par_1_59' title="bbox 333 3975 1992 4047">
     <span class='ocr_line' id='line_1_61' title="bbox 333 3975 1992 4047; baseline -0.002 -17"><span class='ocrx_word' id='word_1_434' title='bbox 333 3977 500 4030; x_wconf 89' lang='lat' dir='ltr'><strong><em>ribus</em></strong></span> <span class='ocrx_word' id='word_1_435' title='bbox 529 3991 901 4047; x_wconf 86' lang='lat' dir='ltr'><strong><em>nequaquam</em></strong></span> <span class='ocrx_word' id='word_1_436' title='bbox 949 3976 1263 4047; x_wconf 85' lang='lat' dir='ltr'><strong><em>pendeant.</em></strong></span> <span class='ocrx_word' id='word_1_437' title='bbox 1313 3976 1612 4047; x_wconf 87' lang='lat' dir='ltr'><strong><em>Scriptura</em></strong></span> <span class='ocrx_word' id='word_1_438' title='bbox 1656 3975 1812 4028; x_wconf 91' lang='lat' dir='ltr'><strong><em>enim</em></strong></span> <span class='ocrx_word' id='word_1_439' title='bbox 1865 3990 1992 4045; x_wconf 59' lang='lat' dir='ltr'><strong><em>quas</em></strong></span> 
     </span>
    </p>
   </div>
   <div class='ocr_carea' id='block_1_60' title="bbox 331 4063 1990 4121">
    <p class='ocr_par' dir='ltr' id='par_1_60' title="bbox 331 4063 1990 4121">
     <span class='ocr_line' id='line_1_62' title="bbox 331 4063 1990 4121; baseline -0.003 0"><span class='ocrx_word' id='word_1_440' title='bbox 331 4082 447 4121; x_wconf 89' lang='lat' dir='ltr'><strong><em>non</em></strong></span> <span class='ocrx_word' id='word_1_441' title='bbox 481 4081 608 4120; x_wconf 85' lang='lat' dir='ltr'><strong><em>raro</em></strong></span> <span class='ocrx_word' id='word_1_442' title='bbox 640 4065 821 4119; x_wconf 83' lang='lat' dir='ltr'><strong><em>elficit</em></strong></span> <span class='ocrx_word' id='word_1_443' title='bbox 853 4070 917 4120; x_wconf 92' lang='lat' dir='ltr'><strong><em>ut</em></strong></span> <span class='ocrx_word' id='word_1_444' title='bbox 947 4066 1184 4119; x_wconf 88' lang='lat' dir='ltr'><strong><em>auditor</em></strong></span> <span class='ocrx_word' id='word_1_445' title='bbox 1209 4063 1513 4119; x_wconf 89' lang='lat' dir='ltr'><strong><em>meliorum</em></strong></span> <span class='ocrx_word' id='word_1_446' title='bbox 1536 4063 1872 4118; x_wconf 90' lang='lat' dir='ltr'><strong><em>narratione</em></strong></span> <span class='ocrx_word' id='word_1_447' title='bbox 1903 4077 1990 4116; x_wconf 90' lang='lat' dir='ltr'><strong><em>re-</em></strong></span> 
     </span>
    </p>
   </div>
   <div class='ocr_carea' id='block_1_61' title="bbox 328 4154 1992 4225">
    <p class='ocr_par' dir='ltr' id='par_1_61' title="bbox 328 4154 1992 4225">
     <span class='ocr_line' id='line_1_63' title="bbox 328 4154 1992 4225; baseline -0.004 -14"><span class='ocrx_word' id='word_1_448' title='bbox 328 4161 576 4221; x_wconf 85' lang='lat' dir='ltr'><strong><em>creetur,</em></strong></span> <span class='ocrx_word' id='word_1_449' title='bbox 613 4154 826 4225; x_wconf 88' lang='lat' dir='ltr'><strong><em>Deique</em></strong></span> <span class='ocrx_word' id='word_1_450' title='bbox 876 4155 1197 4209; x_wconf 88' lang='lat' dir='ltr'><strong><em>bcnitatem</em></strong></span> <span class='ocrx_word' id='word_1_451' title='bbox 1253 4158 1308 4208; x_wconf 89' lang='lat' dir='ltr'><strong><em>et</em></strong></span> <span class='ocrx_word' id='word_1_452' title='bbox 1361 4155 1620 4208; x_wconf 77' lang='lat' dir='ltr'><strong><em>futurum</em></strong></span> <span class='ocrx_word' id='word_1_453' title='bbox 1671 4154 1841 4206; x_wconf 86' lang='lat' dir='ltr'><strong><em>linem</em></strong></span> <span class='ocrx_word' id='word_1_454' title='bbox 1890 4167 1992 4222; x_wconf 90' lang='lat' dir='ltr'><strong><em>per</em></strong></span> 
     </span>
    </p>
   </div>
   <div class='ocr_carea' id='block_1_62' title="bbox 325 4240 1987 4314">
    <p class='ocr_par' dir='ltr' id='par_1_62' title="bbox 325 4240 1987 4314">
     <span class='ocr_line' id='line_1_64' title="bbox 325 4240 1987 4314; baseline -0.004 -15"><span class='ocrx_word' id='word_1_455' title='bbox 325 4260 454 4299; x_wconf 89' lang='lat' dir='ltr'><strong><em>eam</em></strong></span> <span class='ocrx_word' id='word_1_456' title='bbox 491 4244 804 4299; x_wconf 82' lang='lat' dir='ltr'><strong><em>fruendum</em></strong></span> <span class='ocrx_word' id='word_1_457' title='bbox 837 4243 1137 4314; x_wconf 81' lang='lat' dir='ltr'><strong><em>inspiciat,</em></strong></span> <span class='ocrx_word' id='word_1_458' title='bbox 1169 4243 1239 4297; x_wconf 89' lang='lat' dir='ltr'><strong><em>ad</em></strong></span> <span class='ocrx_word' id='word_1_459' title='bbox 1284 4241 1708 4298; x_wconf 90' lang='lat' dir='ltr'><strong><em>convertendos</em></strong></span> <span class='ocrx_word' id='word_1_460' title='bbox 1741 4257 1847 4294; x_wconf 90' lang='lat' dir='ltr'><strong><em>nos</em></strong></span> <span class='ocrx_word' id='word_1_461' title='bbox 1881 4240 1987 4293; x_wconf 91' lang='lat' dir='ltr'><strong><em>mi-</em></strong></span> 
     </span>
    </p>
   </div>
   <div class='ocr_carea' id='block_1_63' title="bbox 328 4328 1989 4403">
    <p class='ocr_par' dir='ltr' id='par_1_63' title="bbox 328 4328 1989 4403">
     <span class='ocr_line' id='line_1_65' title="bbox 328 4328 1989 4403; baseline -0.001 -18"><span class='ocrx_word' id='word_1_462' title='bbox 328 4348 432 4387; x_wconf 83' lang='lat' dir='ltr'><strong><em>nas</em></strong></span> <span class='ocrx_word' id='word_1_463' title='bbox 463 4333 712 4386; x_wconf 88' lang='lat' dir='ltr'><strong><em>resumit</em></strong></span> <span class='ocrx_word' id='word_1_464' title='bbox 743 4337 800 4387; x_wconf 88' lang='lat' dir='ltr'><strong><em>et</em></strong></span> <span class='ocrx_word' id='word_1_465' title='bbox 830 4330 1139 4403; x_wconf 88' lang='lat' dir='ltr'><strong><em>supplicia.</em></strong></span> <span class='ocrx_word' id='word_1_466' title='bbox 1171 4332 1510 4402; x_wconf 82' lang='lat' dir='ltr'><strong><em>indigemus</em></strong></span> <span class='ocrx_word' id='word_1_467' title='bbox 1535 4329 1690 4382; x_wconf 88' lang='lat' dir='ltr'><strong><em>enim</em></strong></span> <span class='ocrx_word' id='word_1_468' title='bbox 1725 4328 1989 4400; x_wconf 88' lang='lat' dir='ltr'><strong><em>plerique</em></strong></span> 
     </span>
    </p>
   </div>
   <div class='ocr_carea' id='block_1_64' title="bbox 329 4418 1989 4490">
    <p class='ocr_par' dir='ltr' id='par_1_64' title="bbox 329 4418 1989 4490">
     <span class='ocr_line' id='line_1_66' title="bbox 329 4418 1989 4490; baseline -0.001 -16"><span class='ocrx_word' id='word_1_469' title='bbox 329 4421 672 4489; x_wconf 87' lang='lat' dir='ltr'><strong><em>hujusmcdi</em></strong></span> <span class='ocrx_word' id='word_1_470' title='bbox 707 4420 1024 4490; x_wconf 87' lang='lat' dir='ltr'><strong><em>terriculis,</em></strong></span> <span class='ocrx_word' id='word_1_471' title='bbox 1059 4425 1124 4474; x_wconf 89' lang='lat' dir='ltr'><strong><em>ut</em></strong></span> <span class='ocrx_word' id='word_1_472' title='bbox 1155 4436 1224 4475; x_wconf 90' lang='lat' dir='ltr'><strong><em>ne</em></strong></span> <span class='ocrx_word' id='word_1_473' title='bbox 1257 4419 1474 4473; x_wconf 85' lang='lat' dir='ltr'><strong><em>divitiis</em></strong></span> <span class='ocrx_word' id='word_1_474' title='bbox 1507 4418 1786 4473; x_wconf 81' lang='lat' dir='ltr'><strong><em>bonitatis</em></strong></span> <span class='ocrx_word' id='word_1_475' title='bbox 1819 4423 1874 4472; x_wconf 90' lang='lat' dir='ltr'><strong><em>et</em></strong></span> <span class='ocrx_word' id='word_1_476' title='bbox 1903 4423 1989 4473; x_wconf 90' lang='lat' dir='ltr'><strong><em>to-</em></strong></span> 
     </span>
    </p>
   </div>
   <div class='ocr_carea' id='block_1_65' title="bbox 331 4506 1988 4580">
    <p class='ocr_par' dir='ltr' id='par_1_65' title="bbox 331 4506 1988 4580">
     <span class='ocr_line' id='line_1_67' title="bbox 331 4506 1988 4580; baseline -0.001 -17"><span class='ocrx_word' id='word_1_477' title='bbox 331 4509 586 4564; x_wconf 64' lang='lat' dir='ltr'><strong><em>lerantia)</em></strong></span> <span class='ocrx_word' id='word_1_478' title='bbox 617 4509 992 4580; x_wconf 90' lang='lat' dir='ltr'><strong><em>contemptis,</em></strong></span> <span class='ocrx_word' id='word_1_479' title='bbox 1017 4510 1190 4578; x_wconf 85' lang='lat' dir='ltr'><strong><em>juxta</em></strong></span> <span class='ocrx_word' id='word_1_480' title='bbox 1223 4513 1484 4563; x_wconf 86' lang='lat' dir='ltr'><strong><em>nostram</em></strong></span> <span class='ocrx_word' id='word_1_481' title='bbox 1535 4506 1798 4577; x_wconf 91' lang='lat' dir='ltr'><strong><em>ipsorum</em></strong></span> <span class='ocrx_word' id='word_1_482' title='bbox 1829 4507 1988 4562; x_wconf 86' lang='lat' dir='ltr'><strong><em>duri-</em></strong></span> 
     </span>
    </p>
   </div>
   <div class='ocr_carea' id='block_1_66' title="bbox 2118 1930 3772 2008">
    <p class='ocr_par' dir='ltr' id='par_1_66' title="bbox 2118 1930 3772 2008">
     <span class='ocr_line' id='line_1_68' title="bbox 2118 1930 3772 2008; baseline 0.005 -25"><span class='ocrx_word' id='word_1_483' title='bbox 2118 1949 2272 2001; x_wconf 85' lang='grc' dir='ltr'>μενα,</span> <span class='ocrx_word' id='word_1_484' title='bbox 2327 1930 2459 2004; x_wconf 80' lang='grc' dir='ltr'>ὅπερ</span> <span class='ocrx_word' id='word_1_485' title='bbox 2519 1930 2722 2006; x_wconf 87' lang='grc' dir='ltr'>γίνεται</span> <span class='ocrx_word' id='word_1_486' title='bbox 2785 1932 2848 1986; x_wconf 82' lang='grc' dir='ltr'>οὐ</span> <span class='ocrx_word' id='word_1_487' title='bbox 2881 1933 3018 1986; x_wconf 79' lang='grc' dir='ltr'>κατὰ</span> <span class='ocrx_word' id='word_1_488' title='bbox 3062 1934 3161 2001; x_wconf 82' lang='grc' dir='ltr'>τὴν</span> <span class='ocrx_word' id='word_1_489' title='bbox 3214 1933 3360 2004; x_wconf 77' lang='grc' dir='ltr'>ἀξίαν</span> <span class='ocrx_word' id='word_1_490' title='bbox 3387 1939 3495 1990; x_wconf 80' lang='grc' dir='ltr'><strong><em>τῶν</em></strong></span> <span class='ocrx_word' id='word_1_491' title='bbox 3533 1933 3772 2008; x_wconf 82' lang='grc' dir='ltr'>μελλόν-</span> 
     </span>
    </p>
   </div>
   <div class='ocr_carea' id='block_1_67' title="bbox 2112 2017 3770 2100">
    <p class='ocr_par' dir='ltr' id='par_1_67' title="bbox 2112 2017 3770 2100">
     <span class='ocr_line' id='line_1_69' title="bbox 2112 2017 3770 2100; baseline 0.004 -28"><span class='ocrx_word' id='word_1_492' title='bbox 2112 2040 2218 2072; x_wconf 90' lang='grc' dir='ltr'>των</span> <span class='ocrx_word' id='word_1_493' title='bbox 2252 2017 2650 2094; x_wconf 80' lang='grc' dir='ltr'>βασιλεύεσθαι,</span> <span class='ocrx_word' id='word_1_494' title='bbox 2682 2019 2828 2077; x_wconf 77' lang='grc' dir='ltr'>ἀλλὰ</span> <span class='ocrx_word' id='word_1_495' title='bbox 2861 2023 2994 2076; x_wconf 87' lang='grc' dir='ltr'>κατὰ</span> <span class='ocrx_word' id='word_1_496' title='bbox 3023 2022 3110 2077; x_wconf 76' lang='grc' dir='ltr'>τὸν</span> <span class='ocrx_word' id='word_1_497' title='bbox 3147 2021 3299 2078; x_wconf 79' lang='grc' dir='ltr'>ἔλεον</span> <span class='ocrx_word' id='word_1_498' title='bbox 3331 2025 3420 2079; x_wconf 80' lang='grc' dir='ltr'>καὶ</span> <span class='ocrx_word' id='word_1_499' title='bbox 3468 2027 3566 2093; x_wconf 73' lang='grc' dir='ltr'>τὴν</span> <span class='ocrx_word' id='word_1_500' title='bbox 3625 2045 3770 2100; x_wconf 84' lang='grc' dir='ltr'>χρη-</span> 
     </span>
    </p>
   </div>
   <div class='ocr_carea' id='block_1_68' title="bbox 2112 2107 3767 2190">
    <p class='ocr_par' dir='ltr' id='par_1_68' title="bbox 2112 2107 3767 2190">
     <span class='ocr_line' id='line_1_70' title="bbox 2112 2107 3767 2190; baseline 0.004 -28"><span class='ocrx_word' id='word_1_501' title='bbox 2112 2109 2346 2177; x_wconf 86' lang='grc' dir='ltr'>στότητα</span> <span class='ocrx_word' id='word_1_502' title='bbox 2375 2114 2471 2163; x_wconf 90' lang='grc' dir='ltr'><strong><em>τοῦ</em></strong></span> <span class='ocrx_word' id='word_1_503' title='bbox 2519 2114 2671 2166; x_wconf 88' lang='grc' dir='ltr'>Θεοῦ.</span> <span class='ocrx_word' id='word_1_504' title='bbox 2726 2107 3039 2174; x_wconf 85' lang='grc' dir='ltr'>Καθεδεῖται</span> <span class='ocrx_word' id='word_1_505' title='bbox 3100 2112 3213 2180; x_wconf 78' lang='grc' dir='ltr'>οῦν,</span> <span class='ocrx_word' id='word_1_506' title='bbox 3276 2114 3462 2190; x_wconf 77' lang='grc' dir='ltr'>φησὶν,</span> <span class='ocrx_word' id='word_1_507' title='bbox 3497 2115 3524 2170; x_wconf 98' lang='lat'><strong><em>6</em></strong></span> <span class='ocrx_word' id='word_1_508' title='bbox 3580 2109 3767 2169; x_wconf 77' lang='grc' dir='ltr'>Δαϐίδ’</span> 
     </span>
    </p>
   </div>
   <div class='ocr_carea' id='block_1_69' title="bbox 2109 2193 3773 2278">
    <p class='ocr_par' dir='ltr' id='par_1_69' title="bbox 2109 2193 3773 2278">
     <span class='ocr_line' id='line_1_71' title="bbox 2109 2193 3773 2278; baseline 0.007 -31"><span class='ocrx_word' id='word_1_509' title='bbox 2109 2193 2408 2263; x_wconf 81' lang='grc' dir='ltr'>τουτέστιν,</span> <span class='ocrx_word' id='word_1_510' title='bbox 2452 2197 2479 2250; x_wconf 89' lang='lat'><strong><em>6</em></strong></span> <span class='ocrx_word' id='word_1_511' title='bbox 2506 2197 2690 2259; x_wconf 80' lang='grc' dir='ltr'>ἱκανὸς</span> <span class='ocrx_word' id='word_1_512' title='bbox 2721 2199 2866 2272; x_wconf 80' lang='grc' dir='ltr'>χειρὶ</span> <span class='ocrx_word' id='word_1_513' title='bbox 2901 2199 2992 2253; x_wconf 87' lang='grc' dir='ltr'><strong><em>καὶ</em></strong></span> <span class='ocrx_word' id='word_1_514' title='bbox 3027 2196 3250 2273; x_wconf 83' lang='grc' dir='ltr'>δυνάμει</span> <span class='ocrx_word' id='word_1_515' title='bbox 3287 2203 3315 2255; x_wconf 89' lang='lat'><strong><em>6</em></strong></span> <span class='ocrx_word' id='word_1_516' title='bbox 3347 2203 3598 2278; x_wconf 84' lang='grc' dir='ltr'>Χριστὸς,</span> <span class='ocrx_word' id='word_1_517' title='bbox 3639 2203 3773 2276; x_wconf 82' lang='grc' dir='ltr'>μετᾶ</span> 
     </span>
    </p>
   </div>
   <div class='ocr_carea' id='block_1_70' title="bbox 2112 2282 3773 2370">
    <p class='ocr_par' dir='ltr' id='par_1_70' title="bbox 2112 2282 3773 2370">
     <span class='ocr_line' id='line_1_72' title="bbox 2112 2282 3773 2370; baseline 0.007 -33"><span class='ocrx_word' id='word_1_518' title='bbox 2112 2282 2391 2352; x_wconf 77' lang='grc' dir='ltr'>ἀληθείας.</span> <span class='ocrx_word' id='word_1_519' title='bbox 2442 2286 2540 2340; x_wconf 81' lang='grc' dir='ltr'>Καὶ</span> <span class='ocrx_word' id='word_1_520' title='bbox 2591 2285 2898 2362; x_wconf 85' lang='grc' dir='ltr'>βασιλεύσει</span> <span class='ocrx_word' id='word_1_521' title='bbox 2949 2288 2999 2340; x_wconf 80' lang='grc' dir='ltr'><strong><em>ἐν</em></strong></span> <span class='ocrx_word' id='word_1_522' title='bbox 3052 2293 3248 2363; x_wconf 82' lang='grc' dir='ltr'>σκηνῇ,</span> <span class='ocrx_word' id='word_1_523' title='bbox 3282 2288 3388 2354; x_wconf 68' lang='grc' dir='ltr'>ἕως</span> <span class='ocrx_word' id='word_1_524' title='bbox 3418 2294 3624 2365; x_wconf 84' lang='grc' dir='ltr'>ποιήση</span> <span class='ocrx_word' id='word_1_525' title='bbox 3659 2292 3773 2370; x_wconf 90' lang='grc' dir='ltr'>κρί-</span> 
     </span>
    </p>
   </div>
   <div class='ocr_carea' id='block_1_71' title="bbox 2108 2372 3770 2451">
    <p class='ocr_par' dir='ltr' id='par_1_71' title="bbox 2108 2372 3770 2451">
     <span class='ocr_line' id='line_1_73' title="bbox 2108 2372 3770 2451; baseline 0.007 -25"><span class='ocrx_word' id='word_1_526' title='bbox 2108 2395 2213 2427; x_wconf 87' lang='grc' dir='ltr'><strong><em>νων</em></strong></span> <span class='ocrx_word' id='word_1_527' title='bbox 2247 2374 2344 2442; x_wconf 75' lang='grc' dir='ltr'>ἰἡν</span> <span class='ocrx_word' id='word_1_528' title='bbox 2370 2372 2456 2428; x_wconf 86' lang='grc' dir='ltr'><strong><em>ἐπὶ</em></strong></span> <span class='ocrx_word' id='word_1_529' title='bbox 2490 2379 2618 2429; x_wconf 83' lang='grc' dir='ltr'>πᾶσι</span> <span class='ocrx_word' id='word_1_530' title='bbox 2673 2374 2871 2450; x_wconf 85' lang='grc' dir='ltr'>κρίσιν.</span> <span class='ocrx_word' id='word_1_531' title='bbox 2931 2377 2993 2433; x_wconf 88' lang='grc' dir='ltr'><strong>Ἡ</strong></span> <span class='ocrx_word' id='word_1_532' title='bbox 3045 2375 3102 2432; x_wconf 80' lang='grc' dir='ltr'>δὶ</span> <span class='ocrx_word' id='word_1_533' title='bbox 3153 2379 3286 2451; x_wconf 72' lang='grc' dir='ltr'>μετὰ</span> <span class='ocrx_word' id='word_1_534' title='bbox 3331 2377 3592 2451; x_wconf 80' lang='grc' dir='ltr'>ἀληθείας</span> <span class='ocrx_word' id='word_1_535' title='bbox 3642 2393 3770 2447; x_wconf 89' lang='grc' dir='ltr'>καθ-</span> 
     </span>
    </p>
   </div>
   <div class='ocr_carea' id='block_1_72' title="bbox 2108 2461 3758 2546">
    <p class='ocr_par' dir='ltr' id='par_1_72' title="bbox 2108 2461 3758 2546">
     <span class='ocr_line' id='line_1_74' title="bbox 2108 2461 3758 2546; baseline 0.006 -29"><span class='ocrx_word' id='word_1_536' title='bbox 2108 2461 2236 2539; x_wconf 88' lang='grc' dir='ltr'>έδρα</span> <span class='ocrx_word' id='word_1_537' title='bbox 2267 2461 2496 2519; x_wconf 84' lang='grc' dir='ltr'>δείκνυσι</span> <span class='ocrx_word' id='word_1_538' title='bbox 2551 2466 2643 2520; x_wconf 78' lang='grc' dir='ltr'><strong><em>τὸν</em></strong></span> <span class='ocrx_word' id='word_1_539' title='bbox 2703 2469 2800 2520; x_wconf 87' lang='grc' dir='ltr'><strong><em>τοῦ</em></strong></span> <span class='ocrx_word' id='word_1_540' title='bbox 2858 2463 3090 2539; x_wconf 79' lang='grc' dir='ltr'>ψεύδους</span> <span class='ocrx_word' id='word_1_541' title='bbox 3118 2469 3450 2546; x_wconf 76' lang='grc' dir='ltr'>ἀφανισμόν.</span> <span class='ocrx_word' id='word_1_542' title='bbox 3492 2470 3758 2528; x_wconf 86' lang='grc' dir='ltr'>Βασιλεύ-</span> 
     </span>
    </p>
   </div>
   <div class='ocr_carea' id='block_1_73' title="bbox 2108 2551 3762 2631">
    <p class='ocr_par' dir='ltr' id='par_1_73' title="bbox 2108 2551 3762 2631">
     <span class='ocr_line' id='line_1_75' title="bbox 2108 2551 3762 2631; baseline 0.006 -25"><span class='ocrx_word' id='word_1_543' title='bbox 2108 2573 2185 2607; x_wconf 91' lang='grc' dir='ltr'><strong><em>σει</em></strong></span> <span class='ocrx_word' id='word_1_544' title='bbox 2218 2555 2333 2624; x_wconf 88' lang='grc'><strong><em>(81)</em></strong></span> <span class='ocrx_word' id='word_1_545' title='bbox 2391 2551 2447 2608; x_wconf 76' lang='grc' dir='ltr'>δὲ</span> <span class='ocrx_word' id='word_1_546' title='bbox 2496 2551 2602 2618; x_wconf 80' lang='grc' dir='ltr'>’έως</span> <span class='ocrx_word' id='word_1_547' title='bbox 2659 2556 2863 2628; x_wconf 80' lang='grc' dir='ltr'>ποιήσῃ</span> <span class='ocrx_word' id='word_1_548' title='bbox 2920 2557 3119 2631; x_wconf 89' lang='grc' dir='ltr'>κρίσιν.</span> <span class='ocrx_word' id='word_1_549' title='bbox 3173 2560 3247 2628; x_wconf 78' lang='grc' dir='ltr'>Τή</span> <span class='ocrx_word' id='word_1_550' title='bbox 3283 2559 3369 2614; x_wconf 79' lang='grc' dir='ltr'><strong><em>ἐπὶ</em></strong></span> <span class='ocrx_word' id='word_1_551' title='bbox 3407 2566 3568 2614; x_wconf 79' lang='grc' dir='ltr'>πᾶσιν</span> <span class='ocrx_word' id='word_1_552' title='bbox 3597 2560 3762 2616; x_wconf 79' lang='grc' dir='ltr'>αὐτοῦ</span> 
     </span>
    </p>
   </div>
   <div class='ocr_carea' id='block_1_74' title="bbox 2109 2638 3758 2724">
    <p class='ocr_par' dir='ltr' id='par_1_74' title="bbox 2109 2638 3758 2724">
     <span class='ocr_line' id='line_1_76' title="bbox 2109 2638 3758 2724; baseline 0.006 -30"><span class='ocrx_word' id='word_1_553' title='bbox 2109 2638 2503 2716; x_wconf 79' lang='grc' dir='ltr'>δικαιοκρισίαν</span> <span class='ocrx_word' id='word_1_554' title='bbox 2557 2642 2872 2714; x_wconf 70' lang='grc' dir='ltr'>παρίστησι,</span> <span class='ocrx_word' id='word_1_555' title='bbox 2929 2646 3047 2708; x_wconf 79' lang='grc' dir='ltr'>καθ’</span> <span class='ocrx_word' id='word_1_556' title='bbox 3102 2647 3186 2715; x_wconf 86' lang='grc' dir='ltr'><strong><em>ἣν,</em></strong></span> <span class='ocrx_word' id='word_1_557' title='bbox 3249 2647 3356 2722; x_wconf 86' lang='grc' dir='ltr'><strong><em>ούχ</em></strong></span> <span class='ocrx_word' id='word_1_558' title='bbox 3411 2649 3485 2710; x_wconf 83' lang='grc' dir='ltr'>ὡς</span> <span class='ocrx_word' id='word_1_559' title='bbox 3544 2642 3758 2724; x_wconf 75' lang='grc' dir='ltr'>ἔτυχεν,</span> 
     </span>
    </p>
   </div>
   <div class='ocr_carea' id='block_1_75' title="bbox 2107 2729 3758 2812">
    <p class='ocr_par' dir='ltr' id='par_1_75' title="bbox 2107 2729 3758 2812">
     <span class='ocr_line' id='line_1_77' title="bbox 2107 2729 3758 2812; baseline 0.006 -29"><span class='ocrx_word' id='word_1_560' title='bbox 2107 2729 2459 2808; x_wconf 77' lang='grc' dir='ltr'>ἀποφαίνεται</span> <span class='ocrx_word' id='word_1_561' title='bbox 2520 2732 2642 2806; x_wconf 82' lang='grc' dir='ltr'>περὶ</span> <span class='ocrx_word' id='word_1_562' title='bbox 2706 2731 2954 2796; x_wconf 73' lang='grc' dir='ltr'>ἑκάστου,</span> <span class='ocrx_word' id='word_1_563' title='bbox 2988 2732 3115 2788; x_wconf 85' lang='grc' dir='ltr'>ἀλλ’</span> <span class='ocrx_word' id='word_1_564' title='bbox 3174 2734 3410 2805; x_wconf 78' lang='grc' dir='ltr'>ἐκζητῶν</span> <span class='ocrx_word' id='word_1_565' title='bbox 3441 2737 3503 2791; x_wconf 82' lang='grc' dir='ltr'><strong><em>τὸ</em></strong></span> <span class='ocrx_word' id='word_1_566' title='bbox 3555 2739 3758 2812; x_wconf 89' lang='grc' dir='ltr'>πρέπον</span> 
     </span>
    </p>
   </div>
   <div class='ocr_carea' id='block_1_76' title="bbox 2104 2820 3758 2901">
    <p class='ocr_par' dir='ltr' id='par_1_76' title="bbox 2104 2820 3758 2901">
     <span class='ocr_line' id='line_1_78' title="bbox 2104 2820 3758 2901; baseline 0.005 -30"><span class='ocrx_word' id='word_1_567' title='bbox 2104 2820 2191 2872; x_wconf 85' lang='grc' dir='ltr'>καὶ</span> <span class='ocrx_word' id='word_1_568' title='bbox 2223 2820 2285 2874; x_wconf 88' lang='grc' dir='ltr'>τὸ</span> <span class='ocrx_word' id='word_1_569' title='bbox 2319 2820 2581 2893; x_wconf 82' lang='grc' dir='ltr'>ἀρμόζον,</span> <span class='ocrx_word' id='word_1_570' title='bbox 2615 2821 2689 2881; x_wconf 88' lang='grc' dir='ltr'>ὡς</span> <span class='ocrx_word' id='word_1_571' title='bbox 2717 2821 2852 2896; x_wconf 86' lang='grc' dir='ltr'>πρὸς</span> <span class='ocrx_word' id='word_1_572' title='bbox 2881 2822 3041 2885; x_wconf 84' lang='grc' dir='ltr'>τέΛος</span> <span class='ocrx_word' id='word_1_573' title='bbox 3074 2822 3268 2897; x_wconf 82' lang='grc' dir='ltr'>ἀγαθὸν</span> <span class='ocrx_word' id='word_1_574' title='bbox 3319 2825 3496 2901; x_wconf 72' lang='grc' dir='ltr'>φέρειν</span> <span class='ocrx_word' id='word_1_575' title='bbox 3547 2826 3758 2897; x_wconf 71' lang='grc' dir='ltr'>ἑκάστῳ</span> 
     </span>
    </p>
   </div>
   <div class='ocr_carea' id='block_1_77' title="bbox 2103 2907 3756 2986">
    <p class='ocr_par' dir='ltr' id='par_1_77' title="bbox 2103 2907 3756 2986">
     <span class='ocr_line' id='line_1_79' title="bbox 2103 2907 3756 2986; baseline 0.002 -25"><span class='ocrx_word' id='word_1_576' title='bbox 2103 2907 2166 2961; x_wconf 87' lang='grc' dir='ltr'>τὸ</span> <span class='ocrx_word' id='word_1_577' title='bbox 2213 2913 2405 2983; x_wconf 89' lang='grc' dir='ltr'>κρῖμα,</span> <span class='ocrx_word' id='word_1_578' title='bbox 2461 2910 2818 2984; x_wconf 81' lang='grc' dir='ltr'>ἡπειγμένως</span> <span class='ocrx_word' id='word_1_579' title='bbox 2860 2909 3240 2965; x_wconf 85' lang='grc' dir='ltr'>κατασπεύδων</span> <span class='ocrx_word' id='word_1_580' title='bbox 3287 2911 3375 2965; x_wconf 81' lang='grc' dir='ltr'><strong><em>καὶ</em></strong></span> <span class='ocrx_word' id='word_1_581' title='bbox 3423 2913 3756 2986; x_wconf 86' lang='grc' dir='ltr'>κατεπείγων</span> 
     </span>
    </p>
   </div>
   <div class='ocr_carea' id='block_1_78' title="bbox 2103 2993 3757 3075">
    <p class='ocr_par' dir='ltr' id='par_1_78' title="bbox 2103 2993 3757 3075">
     <span class='ocr_line' id='line_1_80' title="bbox 2103 2993 3757 3075; baseline 0.004 -26"><span class='ocrx_word' id='word_1_582' title='bbox 2103 2995 2202 3063; x_wconf 74' lang='grc' dir='ltr'>τὴν</span> <span class='ocrx_word' id='word_1_583' title='bbox 2237 2993 2600 3067; x_wconf 82' lang='grc' dir='ltr'>δικαιοσύνην’</span> <span class='ocrx_word' id='word_1_584' title='bbox 2638 2997 2766 3075; x_wconf 80' lang='grc' dir='ltr'>οὐχὶ</span> <span class='ocrx_word' id='word_1_585' title='bbox 2799 2996 2854 3053; x_wconf 75' lang='grc' dir='ltr'>δὲ</span> <span class='ocrx_word' id='word_1_586' title='bbox 2885 2999 3172 3071; x_wconf 74' lang='grc' dir='ltr'>ἀνειμένως</span> <span class='ocrx_word' id='word_1_587' title='bbox 3203 2997 3333 3053; x_wconf 70' lang='grc' dir='ltr'>οὐδὲ</span> <span class='ocrx_word' id='word_1_588' title='bbox 3381 2997 3576 3075; x_wconf 84' lang='grc' dir='ltr'>βάδην,</span> <span class='ocrx_word' id='word_1_589' title='bbox 3609 2999 3757 3055; x_wconf 81' lang='grc' dir='ltr'><strong><em>ἀλλά</em></strong></span> 
     </span>
    </p>
   </div>
   <div class='ocr_carea' id='block_1_79' title="bbox 2104 3083 3106 3165">
    <p class='ocr_par' dir='ltr' id='par_1_79' title="bbox 2104 3083 3106 3165">
     <span class='ocr_line' id='line_1_81' title="bbox 2104 3083 3106 3165; baseline 0.004 -27"><span class='ocrx_word' id='word_1_590' title='bbox 2104 3083 2248 3159; x_wconf 80' lang='grc' dir='ltr'>πάσῃ</span> <span class='ocrx_word' id='word_1_591' title='bbox 2283 3084 2492 3162; x_wconf 80' lang='grc' dir='ltr'>σπουδῇ</span> <span class='ocrx_word' id='word_1_592' title='bbox 2525 3085 2883 3165; x_wconf 69' lang='grc' dir='ltr'>ἐργαζόμενος</span> <span class='ocrx_word' id='word_1_593' title='bbox 2917 3085 3106 3159; x_wconf 81' lang='grc' dir='ltr'>αὐτήν.</span> 
     </span>
    </p>
   </div>
   <div class='ocr_carea' id='block_1_80' title="bbox 2177 3348 3762 3429">
    <p class='ocr_par' dir='ltr' id='par_1_80' title="bbox 2177 3348 3762 3429">
     <span class='ocr_line' id='line_1_82' title="bbox 2177 3348 3762 3429; baseline -0.001 -22"><span class='ocrx_word' id='word_1_594' title='bbox 2177 3354 2300 3408; x_wconf 89' lang='lat'><strong><em>306.</em></strong></span> <span class='ocrx_word' id='word_1_595' title='bbox 2391 3352 2723 3427; x_wconf 88' lang='grc' dir='ltr'>Ἠκούσαμεν</span> <span class='ocrx_word' id='word_1_596' title='bbox 2807 3356 2907 3424; x_wconf 84' lang='grc' dir='ltr'><strong><em>τήν</em></strong></span> <span class='ocrx_word' id='word_1_597' title='bbox 2980 3350 3133 3429; x_wconf 80' lang='grc' dir='ltr'>ὓϐριν</span> <span class='ocrx_word' id='word_1_598' title='bbox 3223 3348 3418 3411; x_wconf 75' lang='grc' dir='ltr'>Μωάϐ·</span> <span class='ocrx_word' id='word_1_599' title='bbox 3501 3353 3762 3427; x_wconf 75' lang='grc' dir='ltr'>ὑοριστῆς</span> 
     </span>
    </p>
   </div>
   <div class='ocr_carea' id='block_1_81' title="bbox 2107 3439 3760 3518">
    <p class='ocr_par' dir='ltr' id='par_1_81' title="bbox 2107 3439 3760 3518">
     <span class='ocr_line' id='line_1_83' title="bbox 2107 3439 3760 3518; baseline -0.001 -24"><span class='ocrx_word' id='word_1_600' title='bbox 2107 3439 2333 3518; x_wconf 73' lang='grc' dir='ltr'>σφόδρα*</span> <span class='ocrx_word' id='word_1_601' title='bbox 2417 3443 2516 3508; x_wconf 76' lang='grc' dir='ltr'>τὴν</span> <span class='ocrx_word' id='word_1_602' title='bbox 2597 3443 2965 3517; x_wconf 70' lang='grc' dir='ltr'>ὑπερηφανίαν</span> <span class='ocrx_word' id='word_1_603' title='bbox 3056 3443 3221 3495; x_wconf 77' lang='grc' dir='ltr'>αὐτοῦ</span> <span class='ocrx_word' id='word_1_604' title='bbox 3303 3441 3486 3512; x_wconf 75' lang='grc' dir='ltr'>ἐξῆρα,</span> <span class='ocrx_word' id='word_1_605' title='bbox 3545 3441 3635 3493; x_wconf 84' lang='grc' dir='ltr'><strong><em>καὶ</em></strong></span> <span class='ocrx_word' id='word_1_606' title='bbox 3725 3443 3760 3509; x_wconf 75' lang='grc' dir='ltr'><strong>ἡ</strong></span> 
     </span>
    </p>
   </div>
   <div class='ocr_carea' id='block_1_82' title="bbox 2107 3524 3759 3604">
    <p class='ocr_par' dir='ltr' id='par_1_82' title="bbox 2107 3524 3759 3604">
     <span class='ocr_line' id='line_1_84' title="bbox 2107 3524 3759 3604; baseline 0 -22"><span class='ocrx_word' id='word_1_607' title='bbox 2107 3524 2262 3604; x_wconf 74' lang='grc' dir='ltr'>ὕϐρις</span> <span class='ocrx_word' id='word_1_608' title='bbox 2322 3527 2485 3582; x_wconf 77' lang='grc' dir='ltr'>αὐτοῦ</span> <span class='ocrx_word' id='word_1_609' title='bbox 2537 3529 2624 3581; x_wconf 83' lang='grc' dir='ltr'>καὶ</span> <span class='ocrx_word' id='word_1_610' title='bbox 2686 3531 2718 3596; x_wconf 76' lang='grc' dir='ltr'><strong>ἡ</strong></span> <span class='ocrx_word' id='word_1_611' title='bbox 2779 3536 2941 3600; x_wconf 82' lang='grc' dir='ltr'>μῆνις</span> <span class='ocrx_word' id='word_1_612' title='bbox 2994 3531 3130 3595; x_wconf 82' lang='grc'>(82)’</span> <span class='ocrx_word' id='word_1_613' title='bbox 3189 3529 3300 3601; x_wconf 80' lang='grc' dir='ltr'>οὐχ</span> <span class='ocrx_word' id='word_1_614' title='bbox 3354 3526 3590 3597; x_wconf 74' lang='grc' dir='ltr'>οὕτως-ἡ</span> <span class='ocrx_word' id='word_1_615' title='bbox 3630 3550 3759 3600; x_wconf 85' lang='grc' dir='ltr'>μαν-</span> 
     </span>
    </p>
   </div>
   <div class='ocr_carea' id='block_1_83' title="bbox 2104 3610 3759 3691">
    <p class='ocr_par' dir='ltr' id='par_1_83' title="bbox 2104 3610 3759 3691">
     <span class='ocr_line' id='line_1_85' title="bbox 2104 3610 3759 3691; baseline -0.001 -19"><span class='ocrx_word' id='word_1_616' title='bbox 2104 3617 2220 3672; x_wconf 83' lang='grc' dir='ltr'>τεία</span> <span class='ocrx_word' id='word_1_617' title='bbox 2273 3638 2387 3684; x_wconf 91' lang='grc' dir='ltr'>σου,</span> <span class='ocrx_word' id='word_1_618' title='bbox 2448 3616 2556 3690; x_wconf 80' lang='grc' dir='ltr'><strong><em>οὐχ</em></strong></span> <span class='ocrx_word' id='word_1_619' title='bbox 2614 3616 2807 3676; x_wconf 81' lang='grc' dir='ltr'>οὕτως,</span> <span class='ocrx_word' id='word_1_620' title='bbox 2871 3613 3158 3688; x_wconf 76' lang='grc' dir='ltr'>Ὀλολύξει</span> <span class='ocrx_word' id='word_1_621' title='bbox 3219 3610 3418 3672; x_wconf 77' lang='grc' dir='ltr'>Μωάϐ·</span> <span class='ocrx_word' id='word_1_622' title='bbox 3473 3613 3525 3671; x_wconf 85' lang='grc' dir='ltr'><strong><em>ἐν</em></strong></span> <span class='ocrx_word' id='word_1_623' title='bbox 3555 3617 3658 3691; x_wconf 78' lang='grc' dir='ltr'><strong><em>γὰρ</em></strong></span> <span class='ocrx_word' id='word_1_624' title='bbox 3690 3621 3759 3691; x_wconf 82' lang='grc' dir='ltr'><strong><em>τῇ</em></strong></span> 
     </span>
    </p>
   </div>
   <div class='ocr_carea' id='block_1_84' title="bbox 2107 3700 3760 3774">
    <p class='ocr_par' dir='ltr' id='par_1_84' title="bbox 2107 3700 3760 3774">
     <span class='ocr_line' id='line_1_86' title="bbox 2107 3700 3760 3774; baseline 0 -14"><span class='ocrx_word' id='word_1_625' title='bbox 2107 3700 2414 3760; x_wconf 75' lang='grc' dir='ltr'>Μωαϐίτιδι</span> <span class='ocrx_word' id='word_1_626' title='bbox 2498 3704 2691 3766; x_wconf 86' lang='grc' dir='ltr'>πάντες</span> <span class='ocrx_word' id='word_1_627' title='bbox 2769 3702 3146 3774; x_wconf 80' lang='grc' dir='ltr'>ὀλολύξουσι.</span> <span class='ocrx_word' id='word_1_628' title='bbox 3234 3706 3363 3767; x_wconf 89' lang='grc' dir='ltr'>Τοῖς</span> <span class='ocrx_word' id='word_1_629' title='bbox 3447 3710 3760 3760; x_wconf 86' lang='grc' dir='ltr'>κατοικοῦσι</span> 
     </span>
    </p>
   </div>
   <div class='ocr_carea' id='block_1_85' title="bbox 2109 3789 3762 3868">
    <p class='ocr_par' dir='ltr' id='par_1_85' title="bbox 2109 3789 3762 3868">
     <span class='ocr_line' id='line_1_87' title="bbox 2109 3789 3762 3868; baseline 0.001 -20"><span class='ocrx_word' id='word_1_630' title='bbox 2109 3791 2274 3848; x_wconf 74' lang='grc' dir='ltr'>Σεδὶκ</span> <span class='ocrx_word' id='word_1_631' title='bbox 2346 3789 2636 3866; x_wconf 85' lang='grc' dir='ltr'>μελέτησις</span> <span class='ocrx_word' id='word_1_632' title='bbox 2711 3792 2801 3847; x_wconf 85' lang='grc' dir='ltr'><strong><em>καὶ</em></strong></span> <span class='ocrx_word' id='word_1_633' title='bbox 2875 3791 2975 3848; x_wconf 76' lang='grc' dir='ltr'>οὐκ</span> <span class='ocrx_word' id='word_1_634' title='bbox 3058 3792 3388 3868; x_wconf 81' lang='grc' dir='ltr'>ἐντραπήσῃ.</span> <span class='ocrx_word' id='word_1_635' title='bbox 3454 3794 3529 3849; x_wconf 79' lang='grc' dir='ltr'><strong><em>Τὰ</em></strong></span> <span class='ocrx_word' id='word_1_636' title='bbox 3601 3793 3762 3850; x_wconf 85' lang='grc' dir='ltr'>πεδία</span> 
     </span>
    </p>
   </div>
   <div class='ocr_carea' id='block_1_86' title="bbox 2101 3878 3758 3959">
    <p class='ocr_par' dir='ltr' id='par_1_86' title="bbox 2101 3878 3758 3959">
     <span class='ocr_line' id='line_1_88' title="bbox 2101 3878 3758 3959; baseline -0.005 -44"><span class='ocrx_word' id='word_1_637' title='bbox 2101 3878 2334 3940; x_wconf 72' lang='grc' dir='ltr'>Ἐσεὸὼν</span> <span class='ocrx_word' id='word_1_638' title='bbox 2392 3882 2644 3951; x_wconf 81' lang='grc' dir='ltr'>πενθήσει</span> <span class='ocrx_word' id='word_1_639' title='bbox 2699 3883 2848 3954; x_wconf 81' lang='grc'>(83),</span> <span class='ocrx_word' id='word_1_640' title='bbox 2904 3884 3087 3938; x_wconf 71' lang='grc' dir='ltr'><strong>Ταῦτα</strong></span> <span class='ocrx_word' id='word_1_641' title='bbox 3152 3882 3258 3937; x_wconf 74' lang='grc' dir='ltr'><strong><em>ἀπὸ</em></strong></span> <span class='ocrx_word' id='word_1_642' title='bbox 3317 3883 3501 3959; x_wconf 54' lang='grc' dir='ltr'>ἑτέρας</span> <span class='ocrx_word' id='word_1_643' title='bbox 3559 3885 3758 3959; x_wconf 60' lang='grc' dir='ltr'>ἀρχῆς,</span> 
     </span>
    </p>
   </div>
   <div class='ocr_carea' id='block_1_87' title="bbox 2103 3969 3763 4049">
    <p class='ocr_par' dir='ltr' id='par_1_87' title="bbox 2103 3969 3763 4049">
     <span class='ocr_line' id='line_1_89' title="bbox 2103 3969 3763 4049; baseline 0.001 -24"><span class='ocrx_word' id='word_1_644' title='bbox 2103 3972 2177 4033; x_wconf 84' lang='grc' dir='ltr'>ὡς</span> <span class='ocrx_word' id='word_1_645' title='bbox 2245 3972 2319 4043; x_wconf 82' lang='grc' dir='ltr'>μὴ</span> <span class='ocrx_word' id='word_1_646' title='bbox 2374 3969 2658 4046; x_wconf 81' lang='grc' dir='ltr'>ἠρτημένα</span> <span class='ocrx_word' id='word_1_647' title='bbox 2686 3975 2792 4026; x_wconf 81' lang='grc' dir='ltr'><strong><em>τῶν</em></strong></span> <span class='ocrx_word' id='word_1_648' title='bbox 2822 3971 3126 4047; x_wconf 79' lang='grc' dir='ltr'>προτέρων,</span> <span class='ocrx_word' id='word_1_649' title='bbox 3186 3971 3574 4049; x_wconf 83' lang='grc' dir='ltr'>ἀναγνωστέον.</span> <span class='ocrx_word' id='word_1_650' title='bbox 3613 3971 3763 4029; x_wconf 84' lang='grc' dir='ltr'>Ιιολ-</span> 
     </span>
    </p>
   </div>
   <div class='ocr_carea' id='block_1_88' title="bbox 2103 4057 3758 4138">
    <p class='ocr_par' dir='ltr' id='par_1_88' title="bbox 2103 4057 3758 4138">
     <span class='ocr_line' id='line_1_90' title="bbox 2103 4057 3758 4138; baseline 0.001 -24"><span class='ocrx_word' id='word_1_651' title='bbox 2103 4059 2282 4135; x_wconf 88' lang='grc' dir='ltr'>λαχοῦ</span> <span class='ocrx_word' id='word_1_652' title='bbox 2314 4057 2371 4114; x_wconf 69' lang='grc' dir='ltr'>δὲ</span> <span class='ocrx_word' id='word_1_653' title='bbox 2395 4062 2430 4130; x_wconf 85' lang='grc' dir='ltr'>ἡ</span> <span class='ocrx_word' id='word_1_654' title='bbox 2464 4061 2649 4138; x_wconf 76' lang='grc' dir='ltr'>Γραφή</span> <span class='ocrx_word' id='word_1_655' title='bbox 2684 4057 2772 4115; x_wconf 71' lang='grc' dir='ltr'><strong><em>διὰ</em></strong></span> <span class='ocrx_word' id='word_1_656' title='bbox 2820 4065 2926 4115; x_wconf 81' lang='grc' dir='ltr'><strong><em>τῶν</em></strong></span> <span class='ocrx_word' id='word_1_657' title='bbox 2980 4062 3369 4137; x_wconf 74' lang='grc' dir='ltr'>χρηστοτέρων</span> <span class='ocrx_word' id='word_1_658' title='bbox 3431 4063 3758 4118; x_wconf 79' lang='grc' dir='ltr'>ἀναπνεῦσαι</span> 
     </span>
    </p>
   </div>
   <div class='ocr_carea' id='block_1_89' title="bbox 2098 4148 3752 4226">
    <p class='ocr_par' dir='ltr' id='par_1_89' title="bbox 2098 4148 3752 4226">
     <span class='ocr_line' id='line_1_91' title="bbox 2098 4148 3752 4226; baseline 0.001 -22"><span class='ocrx_word' id='word_1_659' title='bbox 2098 4154 2331 4204; x_wconf 89' lang='grc' dir='ltr'>ποιοῦσα</span> <span class='ocrx_word' id='word_1_660' title='bbox 2358 4151 2448 4204; x_wconf 87' lang='grc' dir='ltr'>τὸν</span> <span class='ocrx_word' id='word_1_661' title='bbox 2483 4149 2777 4224; x_wconf 73' lang='grc' dir='ltr'>ἀκροατήν,</span> <span class='ocrx_word' id='word_1_662' title='bbox 2811 4151 2900 4205; x_wconf 86' lang='grc' dir='ltr'><strong><em>καὶ</em></strong></span> <span class='ocrx_word' id='word_1_663' title='bbox 2954 4148 3142 4205; x_wconf 82' lang='grc' dir='ltr'>ἐνιδεῖν</span> <span class='ocrx_word' id='word_1_664' title='bbox 3177 4154 3247 4225; x_wconf 80' lang='grc' dir='ltr'><strong><em>τῇ</em></strong></span> <span class='ocrx_word' id='word_1_665' title='bbox 3280 4152 3621 4226; x_wconf 85' lang='grc' dir='ltr'>χρηστότητι</span> <span class='ocrx_word' id='word_1_666' title='bbox 3655 4156 3752 4207; x_wconf 90' lang='grc' dir='ltr'><strong><em>τοῦ</em></strong></span> 
     </span>
    </p>
   </div>
   <div class='ocr_carea' id='block_1_90' title="bbox 2100 4239 3753 4314">
    <p class='ocr_par' dir='ltr' id='par_1_90' title="bbox 2100 4239 3753 4314">
     <span class='ocr_line' id='line_1_92' title="bbox 2100 4239 3753 4314; baseline 0 -20"><span class='ocrx_word' id='word_1_667' title='bbox 2100 4243 2234 4294; x_wconf 88' lang='grc' dir='ltr'>Θεοῦ</span> <span class='ocrx_word' id='word_1_668' title='bbox 2290 4239 2378 4294; x_wconf 80' lang='grc' dir='ltr'>καὶ</span> <span class='ocrx_word' id='word_1_669' title='bbox 2435 4244 2514 4310; x_wconf 83' lang='grc' dir='ltr'><strong><em>τῷ</em></strong></span> <span class='ocrx_word' id='word_1_670' title='bbox 2569 4241 2684 4294; x_wconf 87' lang='grc' dir='ltr'>κατ’</span> <span class='ocrx_word' id='word_1_671' title='bbox 2739 4239 2904 4308; x_wconf 77' lang='grc' dir='ltr'>αὐτὴν</span> <span class='ocrx_word' id='word_1_672' title='bbox 2968 4239 3213 4313; x_wconf 75' lang='grc' dir='ltr'>ἐσομένῳ</span> <span class='ocrx_word' id='word_1_673' title='bbox 3243 4239 3410 4312; x_wconf 75' lang='grc' dir='ltr'>τέλει,</span> <span class='ocrx_word' id='word_1_674' title='bbox 3444 4239 3753 4314; x_wconf 82' lang='grc' dir='ltr'>ἐπαναλαμ-</span> 
     </span>
    </p>
   </div>
   <div class='ocr_carea' id='block_1_91' title="bbox 2099 4323 3759 4406">
    <p class='ocr_par' dir='ltr' id='par_1_91' title="bbox 2099 4323 3759 4406">
     <span class='ocr_line' id='line_1_93' title="bbox 2099 4323 3759 4406; baseline 0.002 -26"><span class='ocrx_word' id='word_1_675' title='bbox 2099 4323 2248 4382; x_wconf 76' lang='grc' dir='ltr'>ϐάνει</span> <span class='ocrx_word' id='word_1_676' title='bbox 2279 4330 2393 4401; x_wconf 78' lang='grc'>(84)</span> <span class='ocrx_word' id='word_1_677' title='bbox 2449 4326 2523 4389; x_wconf 79' lang='grc' dir='ltr'>εἷς</span> <span class='ocrx_word' id='word_1_678' title='bbox 2554 4327 2886 4406; x_wconf 75' lang='grc' dir='ltr'>ἐπιστροφὴν</span> <span class='ocrx_word' id='word_1_679' title='bbox 2921 4331 3081 4402; x_wconf 76' lang='grc' dir='ltr'>ἡμῶν</span> <span class='ocrx_word' id='word_1_680' title='bbox 3111 4328 3206 4392; x_wconf 72' lang='grc' dir='ltr'><strong><em>τὰς</em></strong></span> <span class='ocrx_word' id='word_1_681' title='bbox 3268 4327 3516 4398; x_wconf 75' lang='grc' dir='ltr'>ἀπειλὰς,</span> <span class='ocrx_word' id='word_1_682' title='bbox 3568 4331 3659 4384; x_wconf 81' lang='grc' dir='ltr'>καὶ</span> <span class='ocrx_word' id='word_1_683' title='bbox 3693 4331 3759 4384; x_wconf 71' lang='grc' dir='ltr'>τὰ</span> 
     </span>
    </p>
   </div>
   <div class='ocr_carea' id='block_1_92' title="bbox 2099 4413 3758 4494">
    <p class='ocr_par' dir='ltr' id='par_1_92' title="bbox 2099 4413 3758 4494">
     <span class='ocr_line' id='line_1_94' title="bbox 2099 4413 3758 4494; baseline 0.002 -24"><span class='ocrx_word' id='word_1_684' title='bbox 2099 4417 2354 4487; x_wconf 81' lang='grc' dir='ltr'>περὶτῶν</span> <span class='ocrx_word' id='word_1_685' title='bbox 2387 4413 2690 4485; x_wconf 87' lang='grc' dir='ltr'>κολάσεων,</span> <span class='ocrx_word' id='word_1_686' title='bbox 2751 4419 2818 4474; x_wconf 79' lang='lat' dir='ltr'><strong><em>Ol.</em></strong></span> <span class='ocrx_word' id='word_1_687' title='bbox 2877 4418 2980 4494; x_wconf 81' lang='grc' dir='ltr'><strong><em>γὰρ</em></strong></span> <span class='ocrx_word' id='word_1_688' title='bbox 3038 4416 3288 4480; x_wconf 82' lang='grc' dir='ltr'>πλείονες</span> <span class='ocrx_word' id='word_1_689' title='bbox 3335 4418 3601 4473; x_wconf 78' lang='grc' dir='ltr'>τοιούτων</span> <span class='ocrx_word' id='word_1_690' title='bbox 3634 4417 3758 4473; x_wconf 84' lang='grc' dir='ltr'>δεό-</span> 
     </span>
    </p>
   </div>
   <div class='ocr_carea' id='block_1_93' title="bbox 2103 4504 3755 4582">
    <p class='ocr_par' dir='ltr' id='par_1_93' title="bbox 2103 4504 3755 4582">
     <span class='ocr_line' id='line_1_95' title="bbox 2103 4504 3755 4582; baseline 0.001 -22"><span class='ocrx_word' id='word_1_691' title='bbox 2103 4517 2259 4578; x_wconf 80' lang='grc' dir='ltr'>μεθα,</span> <span class='ocrx_word' id='word_1_692' title='bbox 2312 4504 2406 4560; x_wconf 53' lang='grc' dir='ltr'>τίνα</span> <span class='ocrx_word' id='word_1_693' title='bbox 2440 4509 2514 4579; x_wconf 71' lang='grc' dir='ltr'>μὴ</span> <span class='ocrx_word' id='word_1_694' title='bbox 2552 4511 2647 4561; x_wconf 90' lang='grc' dir='ltr'><strong><em>τοῦ</em></strong></span> <span class='ocrx_word' id='word_1_695' title='bbox 2678 4506 2922 4562; x_wconf 90' lang='grc' dir='ltr'>πλούτου</span> <span class='ocrx_word' id='word_1_696' title='bbox 2952 4513 3052 4576; x_wconf 82' lang='grc' dir='ltr'><strong><em>τῆς</em></strong></span> <span class='ocrx_word' id='word_1_697' title='bbox 3085 4506 3468 4582; x_wconf 85' lang='grc' dir='ltr'>χρηστότητος</span> <span class='ocrx_word' id='word_1_698' title='bbox 3520 4509 3607 4562; x_wconf 78' lang='grc' dir='ltr'><strong><em>καὶ</em></strong></span> <span class='ocrx_word' id='word_1_699' title='bbox 3653 4515 3755 4577; x_wconf 83' lang='grc' dir='ltr'>τῆς</span> 
     </span>
    </p>
   </div>
   <div class='ocr_carea' id='block_1_94' title="bbox 329 4594 1996 4690">
    <p class='ocr_par' dir='ltr' id='par_1_94' title="bbox 329 4595 1988 4668">
     <span class='ocr_line' id='line_1_96' title="bbox 329 4595 1988 4668; baseline 0 -16"><span class='ocrx_word' id='word_1_700' title='bbox 329 4599 472 4653; x_wconf 88' lang='lat' dir='ltr'><strong><em>tiam</em></strong></span> <span class='ocrx_word' id='word_1_701' title='bbox 503 4601 561 4652; x_wconf 89' lang='lat' dir='ltr'><strong><em>et</em></strong></span> <span class='ocrx_word' id='word_1_702' title='bbox 590 4613 689 4653; x_wconf 91' lang='lat' dir='ltr'><strong><em>cor</em></strong></span> <span class='ocrx_word' id='word_1_703' title='bbox 719 4599 998 4668; x_wconf 60' lang='lat' dir='ltr'><strong><em>paenitere</em></strong></span> <span class='ocrx_word' id='word_1_704' title='bbox 1050 4598 1337 4662; x_wconf 89' lang='lat' dir='ltr'><strong><em>nescium,</em></strong></span> <span class='ocrx_word' id='word_1_705' title='bbox 1389 4595 1736 4667; x_wconf 86' lang='lat' dir='ltr'><strong><em>colligamus</em></strong></span> <span class='ocrx_word' id='word_1_706' title='bbox 1786 4597 1988 4652; x_wconf 87' lang='lat' dir='ltr'><strong><em>nobis-</em></strong></span> 
     </span>
    </p>
   </div>
   <div class='ocr_carea' id='block_1_95' title="bbox 2114 4594 3756 4690">
    <p class='ocr_par' dir='ltr' id='par_1_95' title="bbox 2114 4594 3756 4672">
     <span class='ocr_line' id='line_1_97' title="bbox 2114 4594 3756 4672; baseline 0.001 -23"><span class='ocrx_word' id='word_1_707' title='bbox 2114 4597 2482 4670; x_wconf 74' lang='grc' dir='ltr'>,ιακροθυμίας</span> <span class='ocrx_word' id='word_1_708' title='bbox 2527 4602 3008 4671; x_wconf 83' lang='grc' dir='ltr'>καταφρονοῦντες,</span> <span class='ocrx_word' id='word_1_709' title='bbox 3063 4596 3200 4650; x_wconf 83' lang='grc' dir='ltr'><strong><em>κατά</em></strong></span> <span class='ocrx_word' id='word_1_710' title='bbox 3252 4597 3351 4665; x_wconf 77' lang='grc' dir='ltr'>τὴν</span> <span class='ocrx_word' id='word_1_711' title='bbox 3405 4594 3756 4672; x_wconf 81' lang='grc' dir='ltr'>σκληρότητα</span> 
     </span>
    </p>
   </div>
   <div class='ocr_carea' id='block_1_96' title="bbox 330 4684 1989 4758">
    <p class='ocr_par' dir='ltr' id='par_1_96' title="bbox 330 4684 1989 4758">
     <span class='ocr_line' id='line_1_98' title="bbox 330 4684 1989 4758; baseline -0.002 -15"><span class='ocrx_word' id='word_1_712' title='bbox 330 4686 595 4758; x_wconf 83' lang='lat' dir='ltr'><strong><em>metipsis</em></strong></span> <span class='ocrx_word' id='word_1_713' title='bbox 629 4687 799 4750; x_wconf 89' lang='lat' dir='ltr'><strong><em>iram,</em></strong></span> <span class='ocrx_word' id='word_1_714' title='bbox 833 4689 889 4740; x_wconf 90' lang='lat' dir='ltr'><strong><em>in</em></strong></span> <span class='ocrx_word' id='word_1_715' title='bbox 925 4687 1018 4741; x_wconf 92' lang='lat' dir='ltr'><strong><em>die</em></strong></span> <span class='ocrx_word' id='word_1_716' title='bbox 1049 4686 1146 4740; x_wconf 67' lang='lat' dir='ltr'><strong><em>ire:</em></strong></span> <span class='ocrx_word' id='word_1_717' title='bbox 1191 4692 1248 4741; x_wconf 87' lang='lat' dir='ltr'><strong><em>et</em></strong></span> <span class='ocrx_word' id='word_1_718' title='bbox 1296 4684 1688 4750; x_wconf 89' lang='lat' dir='ltr'><strong><em>revelaticnis,</em></strong></span> <span class='ocrx_word' id='word_1_719' title='bbox 1744 4690 1800 4740; x_wconf 88' lang='lat' dir='ltr'><strong><em>ct</em></strong></span> <span class='ocrx_word' id='word_1_720' title='bbox 1846 4686 1989 4756; x_wconf 85' lang='lat' dir='ltr'><strong><em>justi</em></strong></span> 
     </span>
    </p>
   </div>
   <div class='ocr_carea' id='block_1_97' title="bbox 318 4773 1986 4848">
    <p class='ocr_par' dir='ltr' id='par_1_97' title="bbox 318 4773 1986 4848">
     <span class='ocr_line' id='line_1_99' title="bbox 318 4773 1986 4848; baseline -0.001 -16"><span class='ocrx_word' id='word_1_721' title='bbox 318 4775 532 4848; x_wconf 89' lang='lat' dir='ltr'><strong><em>judicii</em></strong></span> <span class='ocrx_word' id='word_1_722' title='bbox 561 4776 662 4832; x_wconf 91' lang='lat' dir='ltr'><strong><em>Dei</em></strong></span> <span class='ocrx_word' id='word_1_723' title='bbox 704 4777 768 4830; x_wconf 64' lang='lat'><strong><em>9°.</em></strong></span> <span class='ocrx_word' id='word_1_724' title='bbox 803 4775 948 4832; x_wconf 82' lang='lat' dir='ltr'><strong><em>Nam</em></strong></span> <span class='ocrx_word' id='word_1_725' title='bbox 995 4775 1215 4846; x_wconf 90' lang='lat' dir='ltr'><strong><em>aliquid</em></strong></span> <span class='ocrx_word' id='word_1_726' title='bbox 1263 4774 1378 4829; x_wconf 88' lang='lat' dir='ltr'><strong><em>tale</em></strong></span> <span class='ocrx_word' id='word_1_727' title='bbox 1428 4773 1762 4830; x_wconf 89' lang='lat' dir='ltr'><strong><em>invenimus</em></strong></span> <span class='ocrx_word' id='word_1_728' title='bbox 1810 4775 1986 4832; x_wconf 88' lang='lat' dir='ltr'><strong><em>etiam</em></strong></span> 
     </span>
    </p>
   </div>
   <div class='ocr_carea' id='block_1_98' title="bbox 396 4918 1406 4991">
    <p class='ocr_par' dir='ltr' id='par_1_98' title="bbox 396 4918 1406 4991">
     <span class='ocr_line' id='line_1_100' title="bbox 396 4918 1406 4991; baseline -0.006 -13"><span class='ocrx_word' id='word_1_729' title='bbox 396 4920 488 4978; x_wconf 75' lang='grc'><strong><em>³⁸1</em></strong></span> <span class='ocrx_word' id='word_1_730' title='bbox 519 4918 646 4977; x_wconf 86' lang='lat' dir='ltr'><strong><em>Cor.</em></strong></span> <span class='ocrx_word' id='word_1_731' title='bbox 681 4937 772 4991; x_wconf 86' lang='lat' dir='ltr'><strong><em>xv,</em></strong></span> <span class='ocrx_word' id='word_1_732' title='bbox 804 4919 895 4976; x_wconf 86' lang='lat'><strong><em>25.</em></strong></span> <span class='ocrx_word' id='word_1_733' title='bbox 973 4919 1018 4954; x_wconf 80' lang='grc'>²⁹</span> <span class='ocrx_word' id='word_1_734' title='bbox 1050 4919 1218 4975; x_wconf 83' lang='lat' dir='ltr'><strong><em>Rom.</em></strong></span> <span class='ocrx_word' id='word_1_735' title='bbox 1255 4935 1318 4987; x_wconf 78' lang='grc' dir='ltr'><strong><em>ιι,</em></strong></span> <span class='ocrx_word' id='word_1_736' title='bbox 1355 4919 1406 4972; x_wconf 85' lang='grc'><strong><em>4.</em></strong></span> 
     </span>
    </p>
   </div>
   <div class='ocr_carea' id='block_1_99' title="bbox 395 5057 1978 5152">
    <p class='ocr_par' dir='ltr' id='par_1_99' title="bbox 395 5057 1978 5152">
     <span class='ocr_line' id='line_1_101' title="bbox 395 5057 1978 5152; baseline 0.002 -34"><span class='ocrx_word' id='word_1_737' title='bbox 395 5062 775 5152; x_wconf 51' lang='grc' dir='ltr'><strong><em>(ἶξ))Δρῒὶ(Ῑξ1ἱ</em></strong></span> <span class='ocrx_word' id='word_1_738' title='bbox 792 5067 926 5152; x_wconf 53' lang='lat' dir='ltr'><strong><em>rtres</em></strong></span> <span class='ocrx_word' id='word_1_739' title='bbox 966 5061 1122 5152; x_wconf 69' lang='lat' dir='ltr'><strong><em>libri,</em></strong></span> <span class='ocrx_word' id='word_1_740' title='bbox 1153 5057 1248 5152; x_wconf 60' lang='grc' dir='ltr'><strong><em>τοῦ</em></strong></span> <span class='ocrx_word' id='word_1_741' title='bbox 1278 5065 1546 5152; x_wconf 49' lang='grc' dir='ltr'>πονηρῶς</span> <span class='ocrx_word' id='word_1_742' title='bbox 1600 5061 1822 5152; x_wconf 66' lang='lat' dir='ltr'><strong><em>Ibidem</em></strong></span> <span class='ocrx_word' id='word_1_743' title='bbox 1884 5079 1978 5146; x_wconf 40' lang='lat' dir='ltr'><strong><em>re:</em></strong></span> 
     </span>
    </p>
   </div>
   <div class='ocr_carea' id='block_1_100' title="bbox 326 5131 1985 5208">
    <p class='ocr_par' dir='ltr' id='par_1_100' title="bbox 326 5131 1985 5208">
     <span class='ocr_line' id='line_1_102' title="bbox 326 5131 1985 5208; baseline 0.002 -21"><span class='ocrx_word' id='word_1_744' title='bbox 326 5131 546 5208; x_wconf 70' lang='lat' dir='ltr'><strong><em>centim‘</em></strong></span> <span class='ocrx_word' id='word_1_745' title='bbox 571 5131 897 5192; x_wconf 75' lang='lat' dir='ltr'><strong><em>Combeﬁsii</em></strong></span> <span class='ocrx_word' id='word_1_746' title='bbox 934 5131 1115 5191; x_wconf 38' lang='lat' dir='ltr'><strong><em>codex&#39;</em></strong></span> <span class='ocrx_word' id='word_1_747' title='bbox 1144 5139 1200 5190; x_wconf 87' lang='lat' dir='ltr'><strong><em>et</em></strong></span> <span class='ocrx_word' id='word_1_748' title='bbox 1228 5135 1389 5196; x_wconf 82' lang='lat' dir='ltr'><strong><em>editi;</em></strong></span> <span class='ocrx_word' id='word_1_749' title='bbox 1410 5131 1479 5196; x_wconf 38' lang='grc' dir='ltr'><strong><em>⁷’ὸς</em></strong></span> <span class='ocrx_word' id='word_1_750' title='bbox 1523 5131 1832 5208; x_wconf 76' lang='grc' dir='ltr'>ἀπολεῖται,</span> <span class='ocrx_word' id='word_1_751' title='bbox 1890 5137 1985 5208; x_wconf 81' lang='lat' dir='ltr'><strong><em>qui</em></strong></span> 
     </span>
    </p>
   </div>
   <div class='ocr_carea' id='block_1_101' title="bbox 322 5207 1980 5328">
    <p class='ocr_par' dir='ltr' id='par_1_101' title="bbox 322 5207 1980 5328">
     <span class='ocr_line' id='line_1_103' title="bbox 322 5207 1980 5328; baseline 0.001 -68"><span class='ocrx_word' id='word_1_752' title='bbox 322 5207 544 5328; x_wconf 40' lang='lat' dir='ltr'><strong><em>peribxit.</em></strong></span> <span class='ocrx_word' id='word_1_753' title='bbox 578 5209 736 5263; x_wconf 83' lang='lat' dir='ltr'><strong><em>Alter</em></strong></span> <span class='ocrx_word' id='word_1_754' title='bbox 767 5208 1096 5264; x_wconf 79' lang='lat' dir='ltr'><strong><em>Ccmbeiisii</em></strong></span> <span class='ocrx_word' id='word_1_755' title='bbox 1130 5208 1311 5262; x_wconf 81' lang='lat' dir='ltr'><strong><em>codex</em></strong></span> <span class='ocrx_word' id='word_1_756' title='bbox 1343 5223 1473 5262; x_wconf 90' lang='lat' dir='ltr'><strong><em>cum</em></strong></span> <span class='ocrx_word' id='word_1_757' title='bbox 1509 5207 1637 5262; x_wconf 82' lang='lat' dir='ltr'><strong><em>aliis</em></strong></span> <span class='ocrx_word' id='word_1_758' title='bbox 1673 5211 1889 5278; x_wconf 86' lang='lat' dir='ltr'><strong><em>tribus,</em></strong></span> <span class='ocrx_word' id='word_1_759' title='bbox 1923 5207 1980 5268; x_wconf 75' lang='grc' dir='ltr'>ὃς</span> 
     </span>
     <span class='ocr_line' id='line_1_104' title="bbox 331 5291 610 5328; baseline 0 0"><span class='ocrx_word' id='word_1_760' title='bbox 331 5291 454 5328; x_wconf 83' lang='grc' dir='ltr'><strong><em>απω</em></strong></span> <span class='ocrx_word' id='word_1_761' title='bbox 500 5296 610 5328; x_wconf 79' lang='grc' dir='ltr'>ετο.</span> 
     </span>
    </p>
   </div>
   <div class='ocr_carea' id='block_1_102' title="bbox 331 5291 610 5332">
    <p class='ocr_par' dir='ltr' id='par_1_102' title="bbox 331 5291 610 5332">
     <span class='ocr_line' id='line_1_105' title="bbox 331 5291 610 5332; baseline 0.014 -4"><span class='ocrx_word' id='word_1_762' title='bbox 331 5291 610 5332; x_wconf 64' lang='lat' dir='ltr'><strong><em>autumno.</em></strong></span> 
     </span>
    </p>
   </div>
   <div class='ocr_carea' id='block_1_103' title="bbox 403 5347 1982 5421">
    <p class='ocr_par' dir='ltr' id='par_1_103' title="bbox 403 5347 1982 5421">
     <span class='ocr_line' id='line_1_106' title="bbox 403 5347 1982 5421; baseline -0.003 -16"><span class='ocrx_word' id='word_1_763' title='bbox 403 5349 637 5421; x_wconf 71' lang='lat' dir='ltr'><strong><em>(‘30)Sic</em></strong></span> <span class='ocrx_word' id='word_1_764' title='bbox 670 5366 811 5405; x_wconf 89' lang='lat' dir='ltr'><strong><em>mss.</em></strong></span> <span class='ocrx_word' id='word_1_765' title='bbox 847 5351 1110 5421; x_wconf 68' lang='lat' dir='ltr'><strong><em>fierique</em></strong></span> <span class='ocrx_word' id='word_1_766' title='bbox 1158 5365 1364 5406; x_wconf 91' lang='lat' dir='ltr'><strong><em>omnes</em></strong></span> <span class='ocrx_word' id='word_1_767' title='bbox 1435 5349 1608 5415; x_wconf 87' lang='lat' dir='ltr'><strong><em>Editi,</em></strong></span> <span class='ocrx_word' id='word_1_768' title='bbox 1652 5347 1982 5421; x_wconf 46' lang='grc' dir='ltr'><strong><em>Δὀρθιιλθῆετε-</em></strong></span> 
     </span>
    </p>
   </div>
   <div class='ocr_carea' id='block_1_104' title="bbox 332 5415 1977 5494">
    <p class='ocr_par' dir='ltr' id='par_1_104' title="bbox 332 5415 1977 5494">
     <span class='ocr_line' id='line_1_107' title="bbox 332 5415 1977 5494; baseline 0.004 -24"><span class='ocrx_word' id='word_1_769' title='bbox 332 5415 566 5494; x_wconf 34' lang='grc' dir='ltr'>σθαι-τό)</span> <span class='ocrx_word' id='word_1_770' title='bbox 599 5421 763 5475; x_wconf 87' lang='lat' dir='ltr'><strong><em>Haud</em></strong></span> <span class='ocrx_word' id='word_1_771' title='bbox 801 5415 970 5494; x_wconf 69' lang='lat' dir='ltr'><strong><em>longe</em></strong></span> <span class='ocrx_word' id='word_1_772' title='bbox 999 5415 1135 5494; x_wconf 71' lang='lat' dir='ltr'><strong><em>Reg.</em></strong></span> <span class='ocrx_word' id='word_1_773' title='bbox 1171 5422 1488 5494; x_wconf 67' lang='lat' dir='ltr'><strong><em>secundus,</em></strong></span> <span class='ocrx_word' id='word_1_774' title='bbox 1544 5417 1675 5472; x_wconf 80' lang='grc' dir='ltr'><strong><em>κατά</em></strong></span> <span class='ocrx_word' id='word_1_775' title='bbox 1702 5415 1764 5472; x_wconf 72' lang='grc' dir='ltr'>τὸ</span> <span class='ocrx_word' id='word_1_776' title='bbox 1798 5415 1977 5482; x_wconf 76' lang='grc' dir='ltr'>ἕλεος.</span> 
     </span>
    </p>
   </div>
   <div class='ocr_carea' id='block_1_105' title="bbox 329 5491 1550 5556">
    <p class='ocr_par' dir='ltr' id='par_1_105' title="bbox 329 5491 1550 5556">
     <span class='ocr_line' id='line_1_108' title="bbox 329 5491 1550 5556; baseline -0.002 -9"><span class='ocrx_word' id='word_1_777' title='bbox 329 5491 591 5547; x_wconf 86' lang='lat' dir='ltr'><strong><em>Subinde</em></strong></span> <span class='ocrx_word' id='word_1_778' title='bbox 625 5509 768 5547; x_wconf 81' lang='lat' dir='ltr'><strong><em>mss.</em></strong></span> <span class='ocrx_word' id='word_1_779' title='bbox 805 5491 1395 5556; x_wconf 61' lang='grc' dir='ltr'>ηοῐῐουιιίζκαθιεῐται</span> <span class='ocrx_word' id='word_1_780' title='bbox 1437 5491 1550 5544; x_wconf 73' lang='grc' dir='ltr'>οὖν.</span> 
     </span>
    </p>
   </div>
   <div class='ocr_carea' id='block_1_106' title="bbox 401 5563 1981 5636">
    <p class='ocr_par' dir='ltr' id='par_1_106' title="bbox 401 5563 1981 5636">
     <span class='ocr_line' id='line_1_109' title="bbox 401 5563 1981 5636; baseline 0.001 -17"><span class='ocrx_word' id='word_1_781' title='bbox 401 5563 788 5636; x_wconf 39' lang='grc' dir='ltr'>(81)-Λιιιίᾳυί</span> <span class='ocrx_word' id='word_1_782' title='bbox 819 5570 938 5622; x_wconf 88' lang='lat' dir='ltr'><strong><em>tres</em></strong></span> <span class='ocrx_word' id='word_1_783' title='bbox 978 5566 1135 5634; x_wconf 89' lang='lat' dir='ltr'><strong><em>libri,</em></strong></span> <span class='ocrx_word' id='word_1_784' title='bbox 1172 5563 1472 5622; x_wconf 86' lang='grc' dir='ltr'>Βασιλεύει.</span> <span class='ocrx_word' id='word_1_785' title='bbox 1496 5563 1813 5636; x_wconf 79' lang='lat' dir='ltr'><strong><em>Aliquanto</em></strong></span> <span class='ocrx_word' id='word_1_786' title='bbox 1850 5568 1981 5636; x_wconf 72' lang='lat' dir='ltr'><strong><em>post</em></strong></span> 
     </span>
    </p>
   </div>
   <div class='ocr_carea' id='block_1_107' title="bbox 326 5633 1980 5712">
    <p class='ocr_par' dir='ltr' id='par_1_107' title="bbox 326 5633 1980 5712">
     <span class='ocr_line' id='line_1_110' title="bbox 326 5633 1980 5712; baseline -0.001 -21"><span class='ocrx_word' id='word_1_787' title='bbox 326 5633 874 5708; x_wconf 45' lang='grc' dir='ltr'>Θάὶιί,⁷ἀποφανεῖται</span> <span class='ocrx_word' id='word_1_788' title='bbox 909 5635 1051 5712; x_wconf 84' lang='grc' dir='ltr'>περί.</span> <span class='ocrx_word' id='word_1_789' title='bbox 1085 5633 1156 5694; x_wconf 83' lang='lat' dir='ltr'><strong><em>At</em></strong></span> <span class='ocrx_word' id='word_1_790' title='bbox 1205 5639 1464 5710; x_wconf 87' lang='lat' dir='ltr'><strong><em>quinque</em></strong></span> <span class='ocrx_word' id='word_1_791' title='bbox 1516 5651 1683 5705; x_wconf 70' lang='lat'><strong><em>11188.,</em></strong></span> <span class='ocrx_word' id='word_1_792' title='bbox 1744 5633 1980 5711; x_wconf 63' lang='grc' dir='ltr'>ἀποξραί-</span> 
     </span>
    </p>
   </div>
   <div class='ocr_carea' id='block_1_108' title="bbox 324 5725 495 5762">
    <p class='ocr_par' dir='ltr' id='par_1_108' title="bbox 324 5725 495 5762">
     <span class='ocr_line' id='line_1_111' title="bbox 324 5725 495 5762; baseline 0.029 -6"><span class='ocrx_word' id='word_1_793' title='bbox 324 5725 495 5762; x_wconf 89' lang='grc' dir='ltr'>νεται.</span> 
     </span>
    </p>
   </div>
   <div class='ocr_carea' id='block_1_109' title="bbox 2102 4683 3757 4761">
    <p class='ocr_par' dir='ltr' id='par_1_109' title="bbox 2102 4683 3757 4761">
     <span class='ocr_line' id='line_1_112' title="bbox 2102 4683 3757 4761; baseline 0.001 -21"><span class='ocrx_word' id='word_1_794' title='bbox 2102 4687 2304 4741; x_wconf 69' lang='grc' dir='ltr'>ἑαυτῶν</span> <span class='ocrx_word' id='word_1_795' title='bbox 2334 4686 2420 4740; x_wconf 77' lang='grc' dir='ltr'><strong><em>καὶ</em></strong></span> <span class='ocrx_word' id='word_1_796' title='bbox 2456 4686 2826 4758; x_wconf 88' lang='grc' dir='ltr'>ἀμετανόητον</span> <span class='ocrx_word' id='word_1_797' title='bbox 2885 4683 3133 4758; x_wconf 86' lang='grc' dir='ltr'>καρδίαν,</span> <span class='ocrx_word' id='word_1_798' title='bbox 3184 4683 3601 4761; x_wconf 84' lang='grc' dir='ltr'>θησαυρίσωμεν</span> <span class='ocrx_word' id='word_1_799' title='bbox 3631 4687 3757 4741; x_wconf 74' lang='grc' dir='ltr'>ἑαυ-</span> 
     </span>
    </p>
   </div>
   <div class='ocr_carea' id='block_1_110' title="bbox 2098 4773 3755 4850">
    <p class='ocr_par' dir='ltr' id='par_1_110' title="bbox 2098 4773 3755 4850">
     <span class='ocr_line' id='line_1_113' title="bbox 2098 4773 3755 4850; baseline 0.001 -21"><span class='ocrx_word' id='word_1_800' title='bbox 2098 4780 2214 4838; x_wconf 89' lang='grc' dir='ltr'>τοῖς</span> <span class='ocrx_word' id='word_1_801' title='bbox 2275 4775 2468 4850; x_wconf 80' lang='grc' dir='ltr'>ὀργὴν,</span> <span class='ocrx_word' id='word_1_802' title='bbox 2531 4774 2582 4830; x_wconf 80' lang='grc' dir='ltr'><strong><em>ἐν</em></strong></span> <span class='ocrx_word' id='word_1_803' title='bbox 2614 4776 2797 4850; x_wconf 79' lang='grc' dir='ltr'>ἡμέρᾳ</span> <span class='ocrx_word' id='word_1_804' title='bbox 2855 4776 2967 4848; x_wconf 91' lang='grc'>(85)</span> <span class='ocrx_word' id='word_1_805' title='bbox 3020 4775 3192 4850; x_wconf 83' lang='grc' dir='ltr'>ὀργῆς</span> <span class='ocrx_word' id='word_1_806' title='bbox 3234 4773 3324 4829; x_wconf 83' lang='grc' dir='ltr'><strong><em>καὶ</em></strong></span> <span class='ocrx_word' id='word_1_807' title='bbox 3355 4773 3755 4849; x_wconf 82' lang='grc' dir='ltr'>ἀποκαλύψεως</span> 
     </span>
    </p>
   </div>
   <div class='ocr_carea' id='block_1_111' title="bbox 2162 5056 3752 5136">
    <p class='ocr_par' dir='ltr' id='par_1_111' title="bbox 2162 5056 3752 5136">
     <span class='ocr_line' id='line_1_114' title="bbox 2162 5056 3752 5136; baseline 0.003 -18"><span class='ocrx_word' id='word_1_808' title='bbox 2162 5064 2275 5136; x_wconf 85' lang='grc'>(82)</span> <span class='ocrx_word' id='word_1_809' title='bbox 2335 5063 2510 5134; x_wconf 88' lang='lat' dir='ltr'><strong><em>Editi,</em></strong></span> <span class='ocrx_word' id='word_1_810' title='bbox 2565 5063 2726 5133; x_wconf 77' lang='grc' dir='ltr'>μῆνις</span> <span class='ocrx_word' id='word_1_811' title='bbox 2792 5059 2978 5136; x_wconf 78' lang='grc' dir='ltr'>αὐτοῦ.</span> <span class='ocrx_word' id='word_1_812' title='bbox 3034 5066 3163 5136; x_wconf 61' lang='grc' dir='ltr'>νοις</span> <span class='ocrx_word' id='word_1_813' title='bbox 3209 5056 3389 5136; x_wconf 61' lang='grc' dir='ltr'><strong><em>ιιιξὶτοῖῤΔ</em></strong></span> <span class='ocrx_word' id='word_1_814' title='bbox 3439 5081 3473 5120; x_wconf 87' lang='lat' dir='ltr'><strong><em>a</em></strong></span> <span class='ocrx_word' id='word_1_815' title='bbox 3530 5067 3752 5125; x_wconf 83' lang='lat' dir='ltr'><strong><em>nostris</em></strong></span> 
     </span>
    </p>
   </div>
   <div class='ocr_carea' id='block_1_112' title="bbox 2098 5132 3754 5207">
    <p class='ocr_par' dir='ltr' id='par_1_112' title="bbox 2098 5132 3754 5207">
     <span class='ocr_line' id='line_1_115' title="bbox 2098 5132 3754 5207; baseline 0.001 -17"><span class='ocrx_word' id='word_1_816' title='bbox 2098 5132 2356 5207; x_wconf 80' lang='lat' dir='ltr'><strong><em>quinque</em></strong></span> <span class='ocrx_word' id='word_1_817' title='bbox 2385 5132 2527 5207; x_wconf 79' lang='lat' dir='ltr'><strong><em>mss.</em></strong></span> <span class='ocrx_word' id='word_1_818' title='bbox 2561 5132 2744 5192; x_wconf 76' lang='lat' dir='ltr'><strong><em>abest.</em></strong></span> <span class='ocrx_word' id='word_1_819' title='bbox 2783 5135 2994 5191; x_wconf 89' lang='lat' dir='ltr'><strong><em>Statim</em></strong></span> <span class='ocrx_word' id='word_1_820' title='bbox 3027 5132 3449 5206; x_wconf 75' lang='grc' dir='ltr'>θ(1ἰῐὶ,ὀλολύξει</span> <span class='ocrx_word' id='word_1_821' title='bbox 3475 5141 3593 5200; x_wconf 88' lang='grc' dir='ltr'>τοῖς</span> <span class='ocrx_word' id='word_1_822' title='bbox 3621 5158 3754 5192; x_wconf 84' lang='grc' dir='ltr'>κατ-</span> 
     </span>
    </p>
   </div>
   <div class='ocr_carea' id='block_1_113' title="bbox 2096 5203 3499 5263">
    <p class='ocr_par' dir='ltr' id='par_1_113' title="bbox 2096 5203 3499 5263">
     <span class='ocr_line' id='line_1_116' title="bbox 2096 5203 3499 5263; baseline 0.002 -3"><span class='ocrx_word' id='word_1_823' title='bbox 2096 5203 2306 5260; x_wconf 75' lang='grc' dir='ltr'>οικοῦσι</span> <span class='ocrx_word' id='word_1_824' title='bbox 2339 5203 2524 5261; x_wconf 76' lang='grc' dir='ltr'>Σεδέκ.</span> <span class='ocrx_word' id='word_1_825' title='bbox 2567 5208 2729 5263; x_wconf 88' lang='lat' dir='ltr'><strong><em>Librt</em></strong></span> <span class='ocrx_word' id='word_1_826' title='bbox 2761 5212 2982 5262; x_wconf 74' lang='lat' dir='ltr'><strong><em>veteres</em></strong></span> <span class='ocrx_word' id='word_1_827' title='bbox 3015 5211 3077 5261; x_wconf 88' lang='lat' dir='ltr'><strong><em>ut</em></strong></span> <span class='ocrx_word' id='word_1_828' title='bbox 3110 5203 3499 5263; x_wconf 33' lang='lat' dir='ltr'><strong><em>in—conthtu.</em></strong></span> 
     </span>
    </p>
   </div>
   <div class='ocr_carea' id='block_1_114' title="bbox 2167 5271 3748 5353">
    <p class='ocr_par' dir='ltr' id='par_1_114' title="bbox 2167 5271 3748 5353">
     <span class='ocr_line' id='line_1_117' title="bbox 2167 5271 3748 5353; baseline 0.005 -22"><span class='ocrx_word' id='word_1_829' title='bbox 2167 5278 2279 5353; x_wconf 81' lang='lat'><strong><em>(8_3)</em></strong></span> <span class='ocrx_word' id='word_1_830' title='bbox 2326 5280 2549 5353; x_wconf 25' lang='lat' dir='ltr'><strong><em>AEditiL</em></strong></span> <span class='ocrx_word' id='word_1_831' title='bbox 2575 5278 2649 5334; x_wconf 81' lang='grc' dir='ltr'><strong>Τὰ</strong></span> <span class='ocrx_word' id='word_1_832' title='bbox 2714 5274 2874 5353; x_wconf 83' lang='grc' dir='ltr'>πεδία</span> <span class='ocrx_word' id='word_1_833' title='bbox 2910 5271 3182 5353; x_wconf 38' lang='grc' dir='ltr'><strong><em>ΔΪΕσ-εϐὼν</em></strong></span> <span class='ocrx_word' id='word_1_834' title='bbox 3211 5283 3488 5353; x_wconf 21' lang='grc' dir='ltr'>Απενθήσῃ,</span> <span class='ocrx_word' id='word_1_835' title='bbox 3523 5280 3748 5338; x_wconf 87' lang='lat' dir='ltr'><strong><em>vitiose.</em></strong></span> 
     </span>
    </p>
   </div>
   <div class='ocr_carea' id='block_1_115' title="bbox 2094 5344 3749 5424">
    <p class='ocr_par' dir='ltr' id='par_1_115' title="bbox 2094 5344 3749 5424">
     <span class='ocr_line' id='line_1_118' title="bbox 2094 5344 3749 5424; baseline 0.005 -22"><span class='ocrx_word' id='word_1_836' title='bbox 2094 5344 2336 5424; x_wconf 43' lang='lat' dir='ltr'><strong><em>Antiqui</em></strong></span> <span class='ocrx_word' id='word_1_837' title='bbox 2366 5351 2482 5424; x_wconf 89' lang='lat' dir='ltr'><strong><em>duo</em></strong></span> <span class='ocrx_word' id='word_1_838' title='bbox 2508 5344 2670 5420; x_wconf 19' lang='lat' dir='ltr'><strong><em>vlibri,</em></strong></span> <span class='ocrx_word' id='word_1_839' title='bbox 2702 5351 2776 5404; x_wconf 82' lang='grc' dir='ltr'><strong><em>Τὰ</em></strong></span> <span class='ocrx_word' id='word_1_840' title='bbox 2804 5346 2995 5424; x_wconf 85' lang='grc' dir='ltr'>παιδία</span> <span class='ocrx_word' id='word_1_841' title='bbox 3021 5344 3283 5424; x_wconf 10' lang='grc' dir='ltr'>ᾗἚσεϐών,</span> <span class='ocrx_word' id='word_1_842' title='bbox 3334 5344 3499 5424; x_wconf 50' lang='lat' dir='ltr'><strong><em>pueri</em></strong></span> <span class='ocrx_word' id='word_1_843' title='bbox 3546 5355 3749 5410; x_wconf 83' lang='lat' dir='ltr'><strong><em>Esebon</em></strong></span> 
     </span>
    </p>
   </div>
   <div class='ocr_carea' id='block_1_116' title="bbox 2091 5422 3199 5494">
    <p class='ocr_par' dir='ltr' id='par_1_116' title="bbox 2091 5422 3199 5494">
     <span class='ocr_line' id='line_1_119' title="bbox 2091 5422 3199 5494; baseline 0.005 -18"><span class='ocrx_word' id='word_1_844' title='bbox 2091 5422 2319 5494; x_wconf 83' lang='lat' dir='ltr'><strong><em>ﬂebunt.</em></strong></span> <span class='ocrx_word' id='word_1_845' title='bbox 2359 5423 2468 5478; x_wconf 82' lang='lat' dir='ltr'><strong><em>Alii</em></strong></span> <span class='ocrx_word' id='word_1_846' title='bbox 2503 5430 2622 5480; x_wconf 85' lang='lat' dir='ltr'><strong><em>tres</em></strong></span> <span class='ocrx_word' id='word_1_847' title='bbox 2655 5424 2735 5494; x_wconf 85' lang='lat' dir='ltr'><strong><em>ita</em></strong></span> <span class='ocrx_word' id='word_1_848' title='bbox 2778 5430 2850 5494; x_wconf 74' lang='lat' dir='ltr'><strong><em>ut</em></strong></span> <span class='ocrx_word' id='word_1_849' title='bbox 2877 5422 3199 5481; x_wconf 85' lang='lat' dir='ltr'><strong><em>edidimus.</em></strong></span> 
     </span>
    </p>
   </div>
   <div class='ocr_carea' id='block_1_117' title="bbox 2164 5488 3749 5566">
    <p class='ocr_par' dir='ltr' id='par_1_117' title="bbox 2164 5488 3749 5566">
     <span class='ocr_line' id='line_1_120' title="bbox 2164 5488 3749 5566; baseline 0.006 -22"><span class='ocrx_word' id='word_1_850' title='bbox 2164 5494 2475 5566; x_wconf 64' lang='lat' dir='ltr'><strong><em>(84)Erliti,</em></strong></span> <span class='ocrx_word' id='word_1_851' title='bbox 2525 5488 2970 5565; x_wconf 75' lang='grc' dir='ltr'>ἐπαναλαμϐάνει</span> <span class='ocrx_word' id='word_1_852' title='bbox 3018 5497 3208 5552; x_wconf 73' lang='grc' dir='ltr'>πάλιν.</span> <span class='ocrx_word' id='word_1_853' title='bbox 3259 5499 3383 5553; x_wconf 79' lang='lat' dir='ltr'><strong><em>Vox</em></strong></span> <span class='ocrx_word' id='word_1_854' title='bbox 3435 5495 3644 5553; x_wconf 89' lang='lat' dir='ltr'><strong><em>ultima</em></strong></span> <span class='ocrx_word' id='word_1_855' title='bbox 3688 5497 3749 5554; x_wconf 90' lang='lat' dir='ltr'><strong><em>in</em></strong></span> 
     </span>
    </p>
   </div>
   <div class='ocr_carea' id='block_1_118' title="bbox 2094 5568 2741 5624">
    <p class='ocr_par' dir='ltr' id='par_1_118' title="bbox 2094 5568 2741 5624">
     <span class='ocr_line' id='line_1_121' title="bbox 2094 5568 2741 5624; baseline 0.003 -6"><span class='ocrx_word' id='word_1_856' title='bbox 2094 5580 2236 5619; x_wconf 90' lang='lat' dir='ltr'><strong><em>mss.</em></strong></span> <span class='ocrx_word' id='word_1_857' title='bbox 2274 5582 2386 5621; x_wconf 91' lang='lat' dir='ltr'><strong><em>non</em></strong></span> <span class='ocrx_word' id='word_1_858' title='bbox 2423 5568 2741 5624; x_wconf 88' lang='lat' dir='ltr'><strong><em>invenitur.</em></strong></span> 
     </span>
    </p>
   </div>
   <div class='ocr_carea' id='block_1_119' title="bbox 2092 5636 3745 5776">
    <p class='ocr_par' dir='ltr' id='par_1_119' title="bbox 2092 5636 3745 5776">
     <span class='ocr_line' id='line_1_122' title="bbox 2092 5636 3745 5776; baseline -0.007 -70"><span class='ocrx_word' id='word_1_859' title='bbox 2309 5638 2485 5710; x_wconf 78' lang='lat' dir='ltr'><strong><em>Edili,</em></strong></span> <span class='ocrx_word' id='word_1_860' title='bbox 2519 5639 2596 5702; x_wconf 72' lang='grc' dir='ltr'>εἷς</span> <span class='ocrx_word' id='word_1_861' title='bbox 2630 5639 2864 5712; x_wconf 74' lang='grc' dir='ltr'>ἡμέραν.</span> <span class='ocrx_word' id='word_1_862' title='bbox 2926 5641 3158 5699; x_wconf 86' lang='lat' dir='ltr'><strong><em>Veteres</em></strong></span> <span class='ocrx_word' id='word_1_863' title='bbox 3209 5639 3472 5712; x_wconf 88' lang='lat' dir='ltr'><strong><em>quinque</em></strong></span> <span class='ocrx_word' id='word_1_864' title='bbox 3507 5639 3660 5712; x_wconf 86' lang='lat' dir='ltr'><strong><em>libri,</em></strong></span> <span class='ocrx_word' id='word_1_865' title='bbox 3693 5638 3745 5694; x_wconf 85' lang='grc' dir='ltr'><strong><em>ἐν</em></strong></span> 
     </span>
    </p>
   </div>
  </div>
