4150 6392
335 419 455 479 653

333 549 420 605 καὶ
454 546 851 623 δικαιοκρισίας
879 549 974 600 τοῖ’)
1005 547 1160 600 Θεοῦ.
1194 547 1451 599 Τοιοῦτον
1482 545 1585 618 γάρ
1633 565 1684 599 τι
1735 543 1989 620 εὑρίσκο-

2112 547 2256 616 apud
2303 547 2556 603 Psaltem
2616 566 2629 604 :

338 660 430 711 μεν
463 637 551 693 καὶ
583 635 729 710 παρὰ
759 632 1087 708 Ψαλμῳδιῖν
1123 633 1374 708 Χρηστὸς
1420 631 1623 708 Κύριος
1671 638 1788 696 τοῖς
1846 634 1984 706 σύμ-

334 749 485 784 πασι.
521 726 618 781 Καὶ
649 723 837 780 πολλὰ
885 723 1049 778 εἰπὼν
1100 722 1224 797 περὶ
1281 718 1679 797 χρηστότητος,
1714 722 1795 778 ὅτι
1847 722 1984 777 ὑπο-

334 817 584 889 στηρίζόα
614 814 741 876 τοὺς
771 812 1224 879 καταπίπτοντας,
1259 811 1342 866 ὅτι
1374 808 1564 866 δίδωσι
1616 812 1717 880 τήν
1772 813 1980 886 τροφὴν

333 906 385 960 ἐν
425 903 691 980 εὐκαιρίᾳ·
726 904 827 957 οὐκ
857 901 911 957 ἐν
944 900 1160 962 τούτοις
1221 899 1535 973 κατέληξεν,
1567 899 1693 956 ἀλλ’
1720 900 1981 979 ἐπιφέρειο

335 995 609 1049 Φυλάσσει
672 992 866 1067 Κύριος
926 989 1129 1054 πάντας
1193 992 1321 1053 τοὺς
1406 990 1724 1064 ἀγαπῶντας
1801 989 1985 1061 αὑτὸν,

332 1085 420 1139 καὶ
482 1081 684 1142 πάντας
765 1079 892 1142 τοὺς
982 1077 1347 1153 ἁμαρτωλοὺς
1435 1077 1825 1156 ἰξολοθρεὺσει.
1890 1079 1986 1133 Καὶ

338 1173 563 1228 ὶνταῦθα
605 1169 784 1224 τοίνυν
820 1166 1039 1237 πολλὴν
1095 1174 1211 1230 τοῖς
1263 1167 1608 1242 ἐπιστρέψασι
1645 1170 1758 1242 (86)
1807 1167 1986 1243 ἐμφή-

334 1281 496 1317 ναντα
525 1257 882 1335 χρηστότητα
908 1258 976 1313 τὰ
1024 1257 1304 1332 εἰρημένα,
1338 1257 1428 1312 ἀπ’
1460 1254 1638 1327 ἄλλης
1698 1258 1876 1333 ἀρχῆς
1923 1258 1990 1312 τὰ

334 1349 629 1425 πικρότεροι
714 1347 879 1403 πάλιν
968 1345 1411 1403 ἐπανατείνεται.
1473 1346 1809 1419 Ἠκοὺσαμεν
1884 1348 1984 1415 τὴν

334 1435 487 1513 ὕϐριν
524 1433 722 1495 Minois.
754 1437 876 1491 Ἐπὶ
923 1437 1014 1490 τὸν
1065 1433 1306 1511 ἄρχοντα
1348 1439 1448 1490 τοῦ
1505 1435 1716 1508 κόσμου
1767 1435 1984 1504 τούτου,

330 1531 422 1584 τὸν
479 1531 696 1604 πρῶτον
776 1527 874 1595 τήν
953 1525 1279 1580 ἀποστασίαν
1344 1527 1835 1598 καινοτομήσαντα,
1893 1526 1984 1579 τὸν

334 1613 690 1691 ἐξυϐρίσαντα
747 1615 822 1676 εἷς
881 1614 972 1668 τὸν
1029 1614 1272 1683 κτίστην,
1317 1614 1408 1668 τὸν
1470 1609 1818 1689 ἔνυϐρίζοντα
1871 1621 1988 1675 τοῖς

334 1707 670 1781 ἀνθρώποις,
722 1704 812 1760 καὶ
871 1705 1323 1773 καταπατήσαντα
1381 1703 1575 1765 αὑτοὺς
1659 1698 1809 1778 ὕϐρει
1898 1704 1987 1758 καὶ

335 1794 699 1873 ὑπερηφανίᾳ,
729 1792 938 1868 ε’ἱρηται
995 1797 1184 1850 ταῦτα.
1235 1793 1408 1854 Οὗτος
1457 1792 1555 1868 γάρ
1610 1791 1748 1846 ἐστιν
1796 1795 1824 1846 6
1867 1795 1991 1846 καο-

333 1880 570 1959 υϐρίζων
604 1883 732 1945 τοὺς
763 1883 815 1937 ἐν
846 1886 914 1956 τῇ
949 1879 1265 1952 Ἐκκλησίᾳ,
1298 1880 1424 1941 τοὺς
1473 1882 1565 1952 μὲν
1627 1881 1701 1941 ὡς
1756 1883 1868 1953 (87)
1902 1883 1989 1934 ἁν-

334 1970 708 2048 δραποδώδεις
746 1971 837 2025 καὶ
865 1968 954 2024 διὰ
981 1970 1076 2037 νὴν
1108 1970 1320 2044 ἄγνοιαν
1356 1965 1506 2022 οὐδὲν
1553 1969 1732 2023 αὐτῶν
1795 1965 1987 2042 διαφε-

339 2081 553 2135 ροντας.
591 2060 764 2120 Οὗτος
798 2061 826 2114 ὁ
871 2058 1104 2133 ἐνεργῶν
1158 2057 1363 2129 ἑκάστῳ
1415 2059 1516 2126 τήν
1564 2055 1868 2132 λοιδορίαν·
1904 2058 1990 2111 οὗ-

333 2168 427 2209 τος
476 2148 503 2202 6
549 2147 849 2202 ἀναπείθων
905 2145 1034 2207 τοὺς
1090 2144 1345 2220 αἱρέσεων
1423 2166 1581 2200 τινων
1639 2151 1984 2221 προεστῶτας

334 2235 543 2291 ἀδικίαν
577 2237 672 2308 μὶν
702 2235 778 2297 εἷς
806 2236 865 2290 νὸ
897 2234 1034 2308 ὕψος
1065 2233 1276 2301 λαλεῖν,
1309 2234 1355 2288 εἰ
1388 2232 1444 2289 δὲ
1504 2256 1636 2289 ποτε
1691 2234 1766 2296 είς
1816 2237 1984 2305 ζήτη-

334 2346 415 2379 σιν
650 2320 1146 2400 συγκαταϐαίνοιεν,
1198 2321 1466 2378 διδάσκων
1516 2325 1608 2379 τὸν
1672 2325 1765 2397 μὶν
1822 2324 1983 2400 λόγον

337 2415 412 2486 μὴ
463 2414 788 2490 βασανίζειν,
827 2408 1060 2483 ὑϐρίζειν
1123 2412 1180 2467 δὲ
1229 2414 1319 2467 τὸν
1385 2410 1677 2486 δυνάμενον
1733 2413 1985 2489 ἐλέγχειν

332 2505 431 2572 τὴν
489 2502 718 2559 ἀτοπίαν
773 2506 882 2556 τῶν
940 2499 1226 2577 δυγμάτων
1285 2502 1471 2558 αὑτοῦ.
1518 2504 1832 2575 Θεραπεύων
1893 2501 1985 2557 οὖν

333 2591 496 2646 αὐτὺν
553 2595 667 2665 (89)
719 2593 746 2646 ὁ
779 2591 975 2665 Κύριός
1037 2609 1190 2669 φησι·
1226 2591 1341 2659 Τὴν
1403 2591 1762 2670 ὑπερηφανίαν
1824 2593 1986 2646 αὑτοῦ

331 2681 515 2757 ἐξῆρα.
579 2683 669 2742 Ὡς
728 2682 829 2755 γὰρ
889 2681 1050 2735 νόσου
1109 2679 1392 2754 ἀφαίρεσίς
1450 2680 1562 2735 ἐστι
1619 2682 1682 2736 τὸ
1745 2683 1984 2756 πονηρὸν

325 2778 427 2840 τῆς
485 2769 806 2839 ἀλαζονείας
865 2769 1055 2830 πάθος.
1089 2766 1272 2824 Ἀλλὰ
1330 2769 1434 2824 Καὶ
1490 2771 1524 2840 ἡ
1586 2765 1740 2839 ὕϐρις
1798 2770 1984 2841 αὐτοῦ,

326 2861 483 2936 φησὶ,
517 2859 608 2915 καὶ
659 2862 693 2929 ἡ
749 2866 913 2931 μῆνις
965 2861 1148 2916 αὐτοῦ.
1202 2856 1505 2928 Ἰδιόκτητα
1552 2863 1650 2914 τοῦ
1699 2855 1868 2914 Μωᾶϐ
1920 2861 1988 2915 τὰ

329 2951 477 3020 πάθη
539 2954 738 3004 ταῦτα·
773 2952 1032 3023 πονηρῶν
1093 2949 1387 3019 κτημάτων
1439 2946 1704 3019 δεσπότης
1730 2951 1757 3003 6
1791 2945 1984 3019 Μωαϐ,

331 3034 544 3112 ὕϐρεως
581 3038 674 3111 μὶν
712 3045 811 3106 τῆς
845 3036 926 3092 ἰπ³
955 3037 1147 3109 ἀτιμίᾳ
1176 3042 1273 3091 τοῦ
1299 3035 1534 3106 πλησίον
1570 3037 1984 3110 ἐπινοουμένης.

339 3125 571 3198 μήνιδος
599 3123 656 3181 δὲ
683 3133 786 3194 τῆς
821 3125 1066 3198 ἰμμόνου
1097 3127 1184 3179 καὶ
1218 3126 1666 3200 παρατεταμένης
1695 3127 1885 3201 ὀργῆς.

406 3219 531 3271 307.
565 3215 699 3271 Εἶτα
753 3213 1034 3291 ἐπιφέρει’
1098 3213 1220 3289 Οὐχ
1274 3213 1446 3276 οὕτως
1501 3216 1536 3282 ἡ
1606 3214 1826 3286 μαντεία

1150 413 1557 474 COMMENT.
1605 413 1684 473 ΙΝ
1727 411 2000 474 ISAIAM
2049 413 2552 477 PROPHETAM.
2600 413 2769 475 CAP.
2813 413 2970 476 XVI.

3634 411 3755 473 οδε
3806 485 3808 488 μ

2689 548 2884 604 Suavis
2940 549 3205 603 Dominus
3261 546 3531 603 universis
3585 544 3649 598 ³ο.
3683 545 3754 601 Et

2096 639 2477 706 posteaquam
2514 637 2698 691 multa
2737 639 2807 691 de
2839 637 3099 692 bonitate
3127 636 3308 705 dixit;
3346 635 3499 707 quod
3531 649 3628 689 eos
3648 633 3753 704 qui

2092 731 2395 789 corruunt,
2430 726 2746 792 suffulciat,
2780 727 2991 797 detque
3033 742 3226 780 escam
3258 725 3316 779 in
3350 730 3613 796 tempore
3642 740 3753 794 op-

2096 819 2344 884 portuno
2381 815 2447 884 ³1,
2495 831 2869 886 nequaquam
2923 817 2979 869 in
3032 832 3094 870 se
3143 816 3425 879 continet,
3475 813 3576 868 sed
3610 812 3750 867 sub-

2088 903 2334 975 jungit:
2371 903 2617 959 Custodit
2672 906 2932 958 Dominus
2989 920 3174 959 omnes
3230 905 3516 974 diligentes
3563 916 3639 972 se,
3698 909 3754 956 et

2096 1007 2277 1047 omnes
2300 997 2608 1064 peccatores
2661 993 2939 1064 disperdet
2988 995 3050 1048 ³³.
3106 999 3306 1064 Itaque
3355 997 3414 1048 et
3472 992 3566 1046 hic
3612 1007 3748 1046 cum

2098 1080 2323 1151 prolata
2352 1083 2526 1136 verba
2559 1081 2809 1136 multum
2863 1083 3231 1137 ostenderint
3279 1081 3540 1138 lenitatis
3573 1084 3750 1150 atque

2096 1168 2416 1224 clementiae
2449 1171 2520 1224 iis
2573 1172 2670 1241 qui
2732 1188 2793 1226 se
2825 1176 3193 1236 convertunt,
3257 1187 3463 1225 rursus
3499 1170 3570 1224 ab
3627 1167 3744 1223 alio

2097 1257 2385 1329 principio
2441 1258 2809 1314 intentantur
2837 1261 3149 1315 amariora.
3185 1259 3510 1314 Audiuimus
3555 1261 3750 1314 contu-

2096 1348 2321 1402 meliam
2346 1349 2517 1403 Moab.
2552 1348 2715 1403 Dicta
2745 1354 2884 1404 sunt
2915 1350 3035 1404 hinc
3067 1349 3350 1404 adversus
3403 1347 3610 1403 mundi
3642 1347 3751 1401 bu-

2090 1438 2191 1508 jus
2224 1437 2570 1508 principem,
2601 1437 2699 1508 qui
2735 1439 2962 1509 primus
2995 1439 3223 1506 defecit,
3248 1437 3347 1509 qui
3382 1437 3490 1491 fuit
3519 1437 3580 1491 in
3613 1453 3752 1492 con-

2095 1525 2344 1580 ditorem
2377 1543 2552 1581 suum
2585 1527 3068 1596 contumeliosus,
3101 1527 3492 1595 hominesque
3531 1525 3753 1597 injuria

2098 1615 2279 1669 allicit
2317 1621 2374 1670 et
2421 1632 2520 1671 eos
2569 1633 2670 1686 per
2708 1617 3122 1672 contumeliam
3155 1633 3222 1671 ac
3254 1615 3592 1688 superbiam
3624 1631 3758 1686 pro-

2098 1704 2368 1758 culcavit.
2401 1705 2504 1760 Hic
2533 1711 2622 1759 est
2651 1706 2807 1760 enim
2861 1707 2958 1776 qui
2993 1706 3263 1761 Ecclesia;
3295 1706 3570 1762 alumnos
3616 1709 3755 1760 tan-

2097 1810 2272 1863 quam
2306 1794 2353 1848 si
2389 1796 2861 1865 manciparentur
2889 1795 3175 1865 servituti,
3209 1795 3476 1867 nihilque
3507 1811 3541 1850 a
3571 1794 3756 1849 servis

2101 1898 2201 1953 per
2232 1883 2625 1954 ignorantiam
2657 1883 2977 1949 differrent,
3012 1885 3159 1939 6“
3199 1883 3485 1954 injuriose
3514 1887 3751 1938 tractat.

2098 1971 2202 2025 Hic
2232 1971 2590 2027 conviciatur
2646 1971 2937 2043 singulis;
2970 1971 3064 2027 hic
3121 1972 3352 2027 inducit
3406 1971 3755 2042 quarumvis

2098 2059 2385 2115 baeresum
2411 2063 2591 2116 duces
2619 2077 2683 2116 ac
2714 2062 3017 2131 praefectos
3048 2060 3188 2115 utin
3208 2060 3502 2116 excelsum
3537 2059 3754 2131 iniqui-

2096 2157 2278 2208 tatem
2312 2151 2631 2221 loquantur
2661 2151 2706 2185 33
2741 2167 2752 2204 :
2787 2149 2887 2220 qui
2920 2150 2966 2205 si
3001 2154 3232 2221 quando
3262 2152 3329 2204 ad
3365 2149 3751 2222 quaestionem

2095 2241 2537 2312 expendendam
2565 2240 2930 2303 conveniant,
2963 2241 3164 2294 edocet
3196 2239 3480 2294 rationem
3513 2237 3752 2309 quidem

2098 2347 2212 2385 non
2245 2335 2530 2397 excutere,
2561 2331 2664 2384 sed
2695 2346 2829 2384 eum
2859 2329 2960 2400 qui
2991 2344 3231 2384 suorum
3265 2329 3606 2400 dogmatum
3630 2327 3750 2380 ine-

2098 2421 2250 2492 ptias
2278 2419 2577 2474 confutare
2599 2416 3754 2490 posset,contumeliisinsequi.Domiuus

2095 2509 2279 2580 igitur
2307 2507 2359 2563 ei
2401 2507 2687 2562 medelam
2749 2507 3035 2562 adhibens
3093 2508 3176 2562 ait
3211 2525 3222 2562 :
3257 2507 3585 2577 Superbiam
3634 2506 3756 2577 ejus

2097 2598 2321 2651 sustuli.
2355 2597 2499 2651 Nam
2532 2613 2666 2650 cum
2702 2597 3025 2667 pessimum
3069 2596 3360 2666 superbiae
3410 2595 3616 2650 vitium
3651 2611 3755 2648 au-

2099 2687 2302 2751 fertur,
2345 2684 2522 2740 veluti
2570 2686 2811 2740 morbus
2861 2685 3102 2755 quidam
3155 2685 3422 2739 aufertur
3473 2699 3486 2737 :
3541 2683 3640 2738 sed
3696 2681 3760 2736 Et

2093 2777 2435 2830 contumelia
2464 2776 2602 2843 ejus,
2637 2774 2852 2845 inquit,
2884 2780 2939 2830 et
2967 2776 3054 2828 ira
3084 2775 3224 2844 ejus.
3269 2771 3425 2827 Vitia
3453 2771 3554 2826 illa
3583 2787 3758 2842 pecu-

2097 2860 2320 2918 liariter
2349 2864 2460 2935 ipsi
2497 2865 2656 2918 Moab
2677 2862 3496 2934 competunt.Possessionum
3522 2859 3755 2928 iniqua-

2099 2969 2226 3006 rum
2260 2953 2536 3007 dominus
2566 2959 2655 3007 est
2686 2953 3099 3022 Moab,nempe
3131 2957 3258 3005 tum
3291 2947 3661 3004 contumeliae
3685 2947 3758 3002 ad

2098 3042 2349 3096 dedecus
2383 3041 2629 3111 proximi
2662 3041 3023 3110 excogitatas,
3055 3046 3184 3093 tum
3235 3039 3353 3103 ire,
3389 3053 3493 3092 ceu
3527 3051 3757 3108 perma-

2099 3129 2296 3183 nentis
2327 3135 2383 3183 et
2412 3129 2515 3183 diu
2547 3129 2759 3184 stantis
2793 3128 3131 3184 iracundiis.

2170 3219 2294 3272 307.
2333 3219 2548 3274 Deinde
2580 3220 2743 3274 addit
2793 3236 2806 3273 :
2869 3223 2993 3276 Non
3044 3220 3125 3272 sic
3179 3217 3448 3272 divinatio
3499 3219 3614 3280 tua,
3647 3230 3760 3270 non

338 3325 456 3374 σου,
518 3303 630 3378 οὐχ
689 3302 885 3360 οὕτως.
946 3299 1225 3370 Ὀνειδίζει
1281 3303 1380 3369 τὴν
1463 3302 1698 3357 παλαιὰν
1752 3303 1984 3359 ἐπίνοιαν

2112 3307 2196 3362 εἰσ.
2224 3307 2544 3378 Exprobrat
2576 3313 2737 3362 vetus
2773 3307 3088 3362 consilium
3123 3307 3291 3362 Moab
3333 3305 3488 3376 quod
3521 3303 3761 3360 Balaam

335 3398 432 3448 τοῦ
460 3387 656 3458 Μωὰϐ,
694 3389 865 3464 μηδὲν
923 3396 1024 3458 τῆς
1085 3395 1181 3445 τοῦ
1239 3389 1468 3462 Βαλαὰμ
1527 3391 1780 3463 μαντείας
1837 3391 1994 3463 δυνη-

337 3481 523 3551 θείσης
582 3487 810 3550 ποιῆσαι
860 3484 940 3552 τῷ
971 3477 1214 3554 Ἰσραὴλ,
1248 3478 1466 3554 ἐπείπερ
1524 3479 1719 3554 Κύριος
1779 3483 1806 3536 6
1866 3483 1994 3544 Θεὸς

338 3569 560 3645 ἔστρεψε
613 3571 676 3624 τὸ
736 3567 912 3642 στόμα
969 3566 1132 3622 αὑτοῦ
1184 3568 1289 3622 ἀπὸ
1343 3567 1574 3644 κατάρας
1606 3568 1684 3630 εἰς
1716 3569 1992 3644 εὐλογίαν,

343 3661 472 3734 Οὐχ
539 3657 732 3726 οὕτως,
794 3657 996 3735 φησὶν,
1050 3658 1086 3726 ἡ
1151 3655 1370 3730 μαντεία
1454 3678 1574 3726 σου,
1620 3656 1729 3732 οὐχ
1799 3659 1994 3720 οὕτως.

348 3748 744 3820 Μετεπέμψατο
776 3746 880 3821 γὰρ
916 3743 1098 3800 Βαλὰκ
1126 3746 1242 3808 υἱὸς
1277 3745 1510 3823 Σεπφὼρ
1549 3746 1802 3821 βασιλεὺς
1821 3744 1996 3805 Μωὰὸ

349 3841 442 3890 τὸν
480 3833 709 3907 Βαλαὰμ
736 3834 826 3888 τὸν
866 3834 1077 3906 μάντιν,
1123 3833 1186 3887 οὗ
1227 3835 1295 3887 τὰ
1342 3839 1562 3906 μαντεῖα
1607 3839 1720 3908 (91)
1773 3835 1824 3890 ἐν
1882 3843 2000 3898 ταῖς

353 3924 542 4000 χερσὶν
621 3922 727 3992 ἧν,
791 3921 882 3976 καὶ
937 3922 1129 3976 εἷπεὶνο
1183 3920 1479 3996 Ἐπάρασαί
1537 3944 1630 3995 μοι
1691 3927 1782 3978 τὸν
1867 3926 2000 3981 λαὸν

352 4017 565 4068 τοῦτον.
600 4011 724 4088 Οὐχ
753 4011 928 4074 οὕτως
975 4009 1065 4064 οὖν
1114 4010 1390 4081 ἀπήντησε
1435 4015 1504 4066 τὰ
1555 4019 1797 4084 μαντεῖα,
1837 4014 2002 4070 αὑτοῦ

353 4100 791 4178 ἀποκριναμένου
851 4104 948 4155 τοῦ
1013 4098 1278 4173 Βαλαάμ·
1337 4099 1401 4154 Τί
1471 4101 1741 4174 ἀράσομαι
1808 4103 1864 4157 ’ὸν
1927 4105 2003 4176 μὴ

355 4191 548 4266 ἀρᾶται
630 4192 874 4264 Κύριος;
924 4190 1011 4244 καὶ
1090 4187 1144 4244 τί
1215 4189 1591 4265 καταράσομαι
1639 4191 1696 4245 ὃν
1751 4193 1826 4264 μὴ
1887 4214 2009 4248 κατ-

354 4286 545 4356 αρᾶται
579 4282 606 4335 6
640 4279 771 4341 Θεός
798 4298 811 4348 ;
843 4278 976 4334 Εἶτα
1007 4277 1342 4356 προφητεύει
1373 4276 1688 4355 ὀλολυγμὸν
1727 4280 1795 4355 τῇ
1842 4287 2008 4338 Μωα-

353 4364 552 4424 ϐίτιδι·
607 4366 894 4439 Ὀλολύξει
1114 4367 1238 4443 γὰρ,
1305 4368 1492 4444 φησὶν,
1547 4363 1758 4424 Μωάϐ·
1793 4369 1846 4426 ἐν
1906 4373 2010 4448 γὰρ

2104 3397 2383 3452 divinatio
2414 3397 2560 3452 nihil
2593 3397 2880 3467 potuisset
2909 3395 3243 3450 detrimenti
3280 3394 3494 3466 populo
3527 3393 3763 3450 Israeli-

2104 3486 2220 3540 tico
2254 3486 2984 3556 inferre;quandoquidem
3017 3483 3304 3539 Dominus
3336 3483 3490 3538 Deus
3517 3499 3550 3537 a
3581 3481 3762 3537 male-

2107 3575 2360 3630 dictione
2391 3577 2461 3629 ad
2497 3575 2963 3630 benedictionem
2998 3591 3062 3628 os
3092 3572 3252 3628 illius
3283 3572 3621 3627 deﬂexerat.
3649 3572 3768 3626 Non

2107 3667 2206 3732 sic,
2242 3663 2453 3732 inquit,
2486 3664 2757 3718 divinatio
2787 3667 2907 3730 tua,
2938 3679 3051 3717 non
3087 3663 3183 3717 sic.
3240 3659 3558 3716 Accersivit
3609 3659 3767 3714 enim

2111 3753 2282 3809 Balac
2316 3753 2470 3808 ﬁlius
2501 3753 2724 3824 Sepbor
2751 3751 3136 3807 Moabitarum
3170 3767 3267 3805 rex
3297 3756 3484 3805 vatem
3507 3748 3766 3818 Balaam,

2110 3844 2280 3909 cujus
2312 3841 2587 3895 vaticinia
2622 3842 2680 3895 in
2719 3841 2990 3895 manibus
3021 3843 3207 3909 erant,
3240 3844 3297 3894 et
3321 3840 3466 3893 dixit
3500 3855 3512 3893 :
3544 3837 3772 3892 Maledic

2110 3932 2250 3984 mihi
2276 3931 2481 4001 populo
2511 3931 2646 3985 huic
2677 3931 2742 3982 3‘.
2776 3933 2900 3984 Non
2936 3929 3020 3984 sic
3047 3934 3200 3984 certe
3257 3933 3580 3983 evenerunt
3627 3925 3770 3980 vati-

2113 4020 2287 4084 cinia,
2320 4019 2448 4089 ipso
2483 4019 2740 4074 *Balaam
2803 4018 3192 4089 respondente
3225 4034 3237 4072 :
3277 4016 3471 4089 thuid
3525 4015 3774 4070 maledi-

2114 4124 2234 4163 cam
2264 4110 2356 4163 cui
2384 4124 2494 4162 non
2522 4108 2801 4162 maledicit
2840 4108 3149 4162 Dominus?
3176 4111 3231 4161 et
3259 4105 3391 4177 quid
3445 4105 3590 4160 male
3643 4119 3771 4174 pre-

2117 4197 2298 4264 cabor,
2322 4199 2414 4252 cui
2443 4197 2589 4252 male
2617 4213 2728 4252 non
2757 4204 3019 4264 precatur
3048 4200 3195 4251 Deus
3217 4195 3262 4230 ³⁵
3283 4195 3310 4249 ?
3346 4194 3559 4249 Deinde
3580 4191 3774 4247 ulula-

2120 4291 2247 4340 tum
2310 4287 2663 4356 praenuntiat
2721 4285 3049 4341 Moabitidi.
3111 4287 3206 4339 Ait
3262 4283 3474 4339 enim:
3525 4281 3778 4339 Ululabit

2121 4377 2272 4431 Moab
2301 4393 2319 4430 :
2349 4392 2488 4429 nam
2517 4376 2579 4429 in
2609 4375 2896 4431 Moabitido
2931 4390 3114 4431 omnes
3162 4373 3478 4429 ululabunt.
3527 4370 3776 4428 Proinde

421 4525 467 4561 ⁸ο
495 4523 648 4581 Psal.
687 4539 869 4591 σχειν,
899 4522 954 4579 9.
1030 4521 1072 4556 ³¹
1109 4522 1252 4578 ibid.
1284 4521 1375 4578 44.
1454 4523 1501 4558 ⁸³
1534 4524 1678 4581 ibid.
1712 4527 1802 4583 29.
1882 4528 1926 4563 ³³
1959 4527 1997 4584 Ρ

2148 4547 2322 4599 LXXII,
2355 4531 2408 4584 8.
2485 4529 2532 4565 ⁸⁴
2562 4529 2736 4587 Num.
2769 4545 2934 4600 xxxii,
2963 4530 3016 4584 7.
3101 4528 3145 4562 ³⁸
3169 4527 3312 4583 ibid.
3344 4528 3399 4582 8.

594 4675 832 4754 Codices
913 4677 1051 4754 duo,
1111 4678 1228 4736 τοῖς
1298 4671 1734 4754 ἐπιστρεφουσιν.
1793 4680 1997 4736 lbidcn

2128 4683 2282 4754 riﬁce
2312 4683 2557 4738 Psellum
2586 4682 2795 4738 laudat.
2829 4683 2988 4739 Nilus
3008 4698 3154 4753 vero,
3180 4697 3338 4753 quem
3368 4681 3785 4754 Maximiianti-

427 4681 539 4801 (86)
594 4681 832 4733 Codices
913 4681 1051 4743 duo,
1111 4681 1228 4736 τοῖς
1298 4681 1734 4751 ἑπιστρεφουσιν.
1793 4681 2016 4736 Ibidem

354 4749 844 4870 Spébériecundus
875 4752 932 4803 ct
963 4748 1106 4819 Reg.
1140 4750 1460 4820 secundus,
1496 4746 1810 4826 ἐμφήσαντα
1868 4771 2016 4828 χρη-ο

355 4837 611 4887 στοτητα.

428 4885 540 4973 (87)
574 4885 906 4958 Εάἱῐὶ,τοὺς
969 4887 1063 4971 μὲν
1115 4887 1212 4973 ὡς.
1263 4889 1486 4946 Vocula
1545 4889 1620 4951 ὡς
1681 4893 1740 4946 in
1802 4893 2020 4949 nostris

358 4961 618 5034 quinque
651 4977 795 5034 mss.
826 4976 949 5034 _non
984 4961 1298 5034 invenitur.

427 5029 538 5104 (88)
571 5033 747 5100 Editi,
799 5029 891 5104 εἷς
940 5031 1213 5104 ζητήσεις.
1274 5038 1346 5087 At
1402 5033 1666 5104 quinque
1724 5051 1897 5102 11188.,
1943 5033 2017 5096 εἰς

361 5101 608 5175 ζήτησιν.
639 5103 1033 5161 Combeﬁsius
1066 5101 1125 5158 in
1160 5120 1267 5160 suo
1317 5101 1513 5159 codice
1573 5101 1927 5163 Henriciano
1986 5125 2019 5162 a

358 5178 546 5232 fronte
577 5177 805 5248 paginae
834 5176 944 5248 hoc
975 5176 1199 5248 invenit
1230 5175 1475 5248 scholii:
1510 5177 1688 5248 Τοῦτο
1718 5179 2046 5233 πεπόνθασι

356 5243 915 5325 καὶΑὑἿταλὸςιικαὶ
976 5246 1003 5300 6
1062 5243 1715 5325 ΝεζληοςεΈλεχχόμενοι
1769 5251 1872 5325 γὰρ
1933 5249 2016 5305 ἐπ’

359 5313 595 5402 ἀσεξείᾳ,
625 5317 752 5402 τοὺς
783 5311 1390 5402 ἐλέγχονταςιῦβριζον,
1424 5311 1740 5402 Ιίῖὶόηιξρίι
1782 5311 1853 5378 ’ρι’
1885 5325 2020 5402 Italo

357 5399 406 5450 et
438 5393 584 5450 Nilo.
614 5391 755 5467 Nam
783 5391 1248 5467 cum'impietatis
1293 5391 1744 5467 coarguerentur,
1779 5411 1869 5450 eos
1927 5398 2024 5467 qui

359 5464 764 5538 coarguebant,
798 5463 1236 5538 insequebantur
1261 5465 1644 5538 contumelia.
1697 5463 2024 5523 Audiamus

354 5535 697 5610 jam'virum
730 5535 1148 5610 doctissimum
1182 5537 1350 5606 cujus
1379 5536 1507 5610 haec
1533 5541 1620 5591 est
1647 5541 2020 5610 conjectura:

365 5609 624 5694 Kidelur,
659 5607 871 5694 inquit,
905 5609 997 5694 hic
1027 5609 1220 5678 Italus,
1253 5608 1534 5694 Michaelis
1554 5610 1729 5694 Pselli
1754 5607 2024 5694 aemulus,

365 5677 914 5756 (ἔτεμε-φιλοσόφων
949 5677 1170 5756 ὕπατος·
1205 5677 1364 5756 rujus
1393 5685 1613 5756 exstant
1663 5685 1927 5752 opuscula
1967 5687 2027 5741 in

366 5752 506 5810 Bibl.
517 5795 532 5824 ,
567 5752 723 5823 Rem,
753 5752 850 5810 cui
887 5753 1042 5811 valde
1067 5752 1288 5824 infensa
1315 5754 1473 5811 Anna
1502 5753 1814 5825 Commena,
1838 5764 1897 5812 ut
1924 5757 2028 5812 mi-

2129 4752 2366 4826 quarius
2410 4757 2468 4808 in
2525 4756 2655 4824 Reg.
2684 4770 2886 4822 magno
2923 4755 3122 4823 codice,
3153 4752 3255 4825 qui
3308 4755 3420 4823 fuit
3475 4752 3787 4826 Raplzaelis

2133 4823 2649 4916 Ducreurmsgepius
2690 4826 2960 4916 sugillat.‘
2989 4826 3111 4916 Iluc
3130 4823 3342 4916 “usque
3380 4823 3782 4910 gombeﬁsius.

2200 4893 2860 4970 (ᾑ89)Ε(1ἱῒίν,’Θεραπεῦων
2911 4895 3092 4970 αὑτόν.
3130 4893 3304 4970 Deest
3349 4893 3509 4970 αὐτόν
3558 4895 3617 4950 in
3678 4912 3781 4970 no-

2130 4970 2270 5024 stris
2305 4966 2626 5025 codicibus.
2662 4969 2768 5024 Hic
2799 4969 3019 5025 desinit
3066 4969 3222 5024 Colb.
3258 4968 3556 5023 secundus
3604 4966 3784 5021 codex

2130 5042 2367 5113 optimae
2400 5047 2547 5114 notae
2579 5045 2636 5114 et
2666 5041 3343 5114 antiquissimus.Locus
3360 5039 3455 5094 hic
3477 5046 3542 5114 ut
3565 5037 3783 5094 intelli-

2130 5109 2321 5185 gatur,
2358 5113 2568 5185 supple
2601 5112 2758 5184 ἀρθὲν
2807 5109 2939 5185 post
2994 5128 3188 5167 voccm
3245 5109 3435 5185 adiice,
3467 5112 3776 5185 Postquam

2129 5183 2407 5241 sublatum
2435 5183 2516 5241 est
2547 5183 2746 5242 vitium
2793 5183 3083 5258 superbia,
3119 5185 3235 5238 ium
3280 5183 3350 5253 ﬁt
3399 5183 3578 5239 morbi
3626 5183 3785 5256 quasi

2131 5259 2350 5314 amotio.

2202 5330 2324 5400 (00),
2351 5327 2746 5400 Typographi,
2781 5343 2908 5396 quas
2934 5329 3058 5400 erat
3086 5341 3282 5380 eorum
3317 5325 3648 5400 oscitantis,
3681 5341 3786 5400 pro

2137 5395 2360 5472 μαντεία
2403 5395 2732 5472 ’έόὶἃϐῐδὲοί
2797 5395 3056 5465 πονηρία.
3089 5400 3217 5451 Mox
3261 5397 3430 5472 editi,
3461 5395 3631 5470 μηδὲν
3683 5395 3786 5449 ῖτοῦ

2135 5463 2371 5542 Βαλαὰμ
2398 5477 2498 5540 τῆς
2536 5469 2806 5542 μαντείας.
2843 5463 3134 5538 Δι”ωεεη
3174 5463 3344 5540 μηδὲν
3395 5463 3496 5538 τῆς
3528 5463 3633 5524 ⁷τοῦ
3680 5473 3788 5522 Βα-

2133 5543 2288 5615 λαὰμ
2317 5542 2586 5616 μαντείας.

2207 5607 2326 5687 (91)
2352 5616 2527 5682 Editi,
2565 5616 2784 5687 μαντεῖα
2811 5609 2998 5666 αὑτοῦ.
3033 5611 3202 5666 Deest
3255 5607 3418 5663 αὑτοῦ
3468 5611 3526 5668 in
3574 5609 3791 5666 nostris

2138 5685 2391 5759 quatuor
2421 5685 2744 5744 codicibus.

2209 5760 2320 5832 (92)
2353 5761 2541 5817 Codex
2573 5774 2752 5830 unus,
2784 5750 3059 5824 ὀλολύξει.
3091 5751 3265 5824 Editi,
3297 5749 3574 5824 ὀλολύζει.
