4150 6452
316 442 436 505 655

1270 427 1666 492 APPENDIX
1712 422 2049 488 OPERUM
2092 426 2160 486 S.
2210 429 2497 494 BASILII
2542 434 2823 497 MAGNI.

3628 438 3756 501 656

313 590 448 634 cum
479 571 741 629 ululatus
772 586 879 625 vox
911 568 988 624 sit
1013 566 1211 623 dolore
1244 564 1437 637 plena,
1469 579 1502 618 a
1534 558 1884 617 mulieribus
1911 559 1967 612 ut

2089 559 2159 630 τῇ
2236 557 2547 619 Μωαϐίτιδι
2614 566 2809 629 πάντες
2885 563 3269 639 ὀλολύξουσιν.
3330 568 3482 623 Ἐπεὶ
3555 569 3648 625 οὖν
3726 571 3755 625 ὁ

310 662 635 739 plurimum
676 657 1029 733 gravissimo
1060 655 1222 710 luctu
1273 652 1559 724 correptis
1607 649 1828 705 emissa
1864 665 1878 716 ;
1912 649 1977 701 ut

310 735 498 828 plagae
528 749 760 807 inflictae
787 745 1189 810 acerbitatem,
1223 742 1305 798 ita
1343 757 1545 798 eorum
1577 738 1677 810 qui
1712 735 1865 792 male
1889 735 1974 791 af-

315 826 594 901 llciuntur
622 836 1026 893 inﬁmitatem
1062 832 1340 903 ostendit,
1373 845 1508 886 cum
1552 827 1696 884 dicit
1727 844 1741 883 :
1779 826 1975 883 Ulula-

264 982 268 987 .
321 934 404 989 bit
427 930 599 989 Moab.

384 1200 511 1255 308.
561 1195 961 1254 Habitantibus
989 1193 1150 1251 Sedes
1193 1190 1500 1247 meditatio.
1549 1191 1713 1242 Hanc
1769 1200 1971 1240 vocem

313 1306 439 1362 quas
472 1288 723 1344 obscura
752 1288 862 1349 est,
895 1283 1214 1356 explanant
1245 1277 1456 1350 reliqui
1488 1277 1859 1347 interpretes.
1879 1273 1977 1329 Ait

312 1380 470 1436 enim
497 1374 885 1450 Symmachus
920 1390 933 1428 :
966 1372 1046 1429 Ad
1075 1371 1416 1427 exsultantes
1449 1369 1509 1421 in
1548 1382 1709 1421 muro
1739 1368 1971 1419 testaceo

312 1466 627 1540 loquimini.
662 1463 787 1519 Non
812 1463 1027 1518 desunt
1053 1460 1155 1531 qui
1188 1456 1497 1529 magnifice
1543 1456 1614 1509 de
1646 1470 1709 1508 se
1740 1453 1812 1507 ob
1846 1453 1970 1507 dia-

310 1555 579 1613 lecticam
613 1550 955 1619 sentiant,et
986 1548 1257 1621 prmeidio
1280 1547 1351 1601 ab
1384 1561 1450 1600 ea
1473 1543 1654 1616 petito
1684 1547 1969 1613 tanquam

315 1661 487 1701 muro
516 1638 955 1713 inexpugnabili
1003 1638 1280 1710 dogmata
1328 1650 1437 1689 sua
1483 1631 1967 1703 circumcingunt.

316 1734 386 1792 Hi
412 1733 592 1806 igitur
621 1731 720 1803 qui
752 1729 1045 1798 laetantur,
1091 1725 1471 1781 inveniuntur
1499 1722 1558 1777 in
1589 1737 1759 1777 muro
1789 1724 1969 1776 testa-

317 1839 438 1881 ceo.
472 1826 541 1877 Et
566 1824 631 1876 ut
660 1818 903 1892 planum
936 1818 1119 1882 ﬁeret,
1139 1814 1279 1887 quid
1312 1814 1392 1869 sit
1419 1827 1625 1867 murus
1653 1813 1968 1879 testaceus,

2086 642 2405 725 ὅλολυγμὸς
2429 655 2582 730 φωνή
2616 652 2859 731 ὀδυνηρά
2888 655 3029 712 ἐστιν
3067 658 3173 713 ὑπὸ
3229 661 3526 733 γυναικῶν,
3562 658 3637 722 ὡς
3683 658 3754 714 τὰ

2086 734 2293 827 πολλὰ,
2326 738 2377 794 έν
2430 741 2607 807 πένθει
2655 744 2943 820 βαρυτάτῳ
2989 746 3409 823 κεκρατημένων
3453 749 3749 827 ἁφιεμένη,

2089 822 2323 881 δείκνυσι
2369 831 2460 884 καὶ
2505 839 2605 902 τῆς
2649 832 2872 910 πληγῆς
2924 836 2981 890 τὸ
3026 833 3298 911 ἀλγεινὸν,
3330 835 3422 891 καὶ
3471 822 3582 893 τῶν
3640 860 3746 894 πα-

2085 914 2335 1060 ἷίχόέἓων
2388 919 2451 975 τὸ
2510 922 2728 986 ἀσθενὲς
2784 922 2843 978 ἔκ
2891 928 2989 979 τοῦ
3055 921 3253 1002 λέγειν,
3315 924 3398 981 ὅτι
3452 924 3744 1000 Ὁλολύξει

2142 1026 2186 1059 ω
2262 1046 2276 1060 .

2142 1026 2276 1065 ωαο.

2154 1187 2279 1243 308.
2340 1189 2475 1249 Τοῖς
2532 1193 2846 1245 κατοικοῦσι
2913 1187 3082 1246 Σεδὲκ
3154 1190 3467 1266 μελέτησις.
3526 1193 3745 1266 Ταύτην

2082 1272 2181 1341 τὴν
2224 1275 2410 1350 φωνήν
2442 1275 2661 1352 ἀσαφῶς
2695 1274 2925 1353 ἔχουσαν
2980 1279 3033 1333 οἱ
3079 1275 3271 1334 λοιποὶ
3322 1282 3743 1356 σαφηνίζουσιν.

2082 1360 2144 1417 Ὁ
2204 1361 2307 1437 γὰρ
2356 1362 2665 1440 Σύμμαχός
2746 1386 2918 1442 φησι·
2973 1370 3108 1430 Τοῖς
3178 1367 3629 1447 εὐφραινομένοις
3687 1371 3741 1427 ἐν

2080 1454 2159 1522 τῷ
2214 1451 2387 1527 τείχει
2443 1453 2741 1531 όστρακίνῳ
2799 1456 3095 1532 φθέγξασθε
3150 1460 3283 1531 (93).
3316 1458 3437 1513 Εἰσί
3493 1481 3636 1526 τινες
3688 1464 3741 1518 οἱ

2085 1540 2221 1614 μέγα
2278 1547 2602 1618 φρονοῦντες
2653 1543 2741 1599 ἐπὶ
2802 1543 3145 1621 διαλεκτικῇ,
3186 1548 3273 1602 καὶ
3335 1548 3499 1604 οἷόνεὶ
3550 1556 3741 1628 τεῖχος

2081 1629 2428 1716 ἀκαθαίρετον
2488 1634 2589 1702 τήν
2647 1633 2739 1688 ἀπ’
2787 1633 2954 1700 αὐτῆς
3017 1636 3268 1710 βοήθειαν
3323 1640 3443 1701 τοῖς
3506 1636 3741 1716 δόγμασι

2080 1712 2535 1793 περιϐάλλοντες.
2569 1723 2938 1779 Οὗτοιίτοίνυν
2987 1724 3425 1803 εὐφραινόμενοι,
3462 1712 3738 1805 εὑρίσκον-

2078 1828 2167 1862 ται
2199 1808 2251 1863 έν
2283 1814 2363 1882 τῷ
2392 1811 2566 1886 τείχει
2593 1816 2672 1884 τῷ
2703 1812 3021 1889 ὀστρακίνῳ.
3055 1815 3153 1871 Καὶ
3178 1812 3267 1870 ’ίνα
3316 1814 3540 1894 δειχθῇ,
3569 1818 3624 1875 τί
3672 1822 3737 1877 τὸ

319 1910 534 1984 adjecit
562 1909 708 1965 illud
745 1926 758 1964 :
791 1902 1359 1978 LoquiminiEcqutd
1386 1905 1583 1957 autem
1612 1904 1766 1956 testa
1795 1898 1967 1954 luerit

2083 1896 2404 1996 όστράκινον
2454 1906 2666 1996 τεῖχος,
2710 1903 3017 1996 προσέθηκε
3060 1904 3145 1973 τὸ,
3196 1905 3526 1981 Φθέγξασθε.
3572 1908 3641 1966 Τί
3688 1907 3736 1966 δ’

317 2005 492 2074 captu
527 1996 802 2055 facilius?
831 1996 939 2063 Qui
970 1995 1032 2051 in
1064 1993 1279 2049 fabulis
1312 1990 1526 2048 vilibus
1563 1994 1621 2045 et
1650 2004 1755 2061 pro
1786 1987 1967 2044 nihilo

2081 1984 2139 2074 ἂν
2175 1985 2441 2064 ὀστράκου
2489 1989 2705 2065 γένοιτο
2755 1990 3155 2070 εὐαλωτότερωι
3183 2013 3196 2065 ;
3227 1995 3294 2052 Οἱ
3338 1994 3392 2050 ἐν
3444 1998 3555 2073 (94)
3589 1998 3735 2056 εὐτε-

316 2088 602 2145 ducendis
634 2082 1030 2158 gloriantur,ii
1061 2082 1119 2136 in
1152 2097 1321 2137 muro
1352 2083 1609 2135 testaceo
1639 2077 1968 2149 loquentes,

316 2177 833 2236 oblectantur.Hoc
864 2172 978 2228 sibi
1000 2170 1128 2226 vult
1157 2169 1301 2225 illud
1339 2185 1350 2224 :
1385 2167 1769 2225 Habitantibus
1799 2166 1971 2222 Sedcc

310 2264 707 2323 meditatio.Et
737 2261 973 2335 quidem
1004 2261 1160 2315 bona
1191 2262 1283 2314 est
1321 2257 1644 2322 meditatio,
1697 2254 1967 2310 meditari

308 2355 497 2428 legem
534 2351 763 2410 Domini
790 2352 883 2407 die
921 2366 988 2405 ac
1016 2352 1186 2405 nocte
1219 2364 1233 2403 :
1265 2346 1366 2403 sed
1408 2345 1715 2401 meditatio
1746 2343 1968 2399 Moabi-

308 2450 506 2503 tarum
537 2441 693 2499 mala
739 2445 829 2497 est
857 2443 915 2495 et
962 2455 1161 2510 prava,
1213 2435 1354 2508 quia
1396 2435 1509 2491 erit
1565 2433 1969 2490 habitantibus

310 2535 489 2591 Sedec
512 2529 1185 2599 meditatio.Quicunque
1213 2541 1350 2598 ergo
1384 2524 1614 2581 fabulas
1644 2522 1972 2596 ignominia

316 2625 528 2696 dignas
562 2621 1329 2690 meditantur,nequaquam
1364 2614 1587 2687 pudore
1617 2613 1966 2669 afﬁcientur.

319 2716 511 2781 Quare
540 2711 725 2783 campi
752 2709 969 2766 Esebon
1017 2707 1296 2778 lugebunt.
1329 2704 1590 2776 lrrogata
1645 2719 1750 2774 pro
1781 2702 1970 2774 impu-

318 2802 518 2859 dentia
551 2816 741 2874 poena,
767 2795 1163 2853 infecunditas
1209 2797 1299 2850 est
1344 2808 1685 2864 camporum
1716 2791 1968 2848 Esebon.

322 2894 425 2947 Est
452 2894 646 2946 autem
669 2887 897 2944 Esebon
929 2885 1084 2941 612
1108 2898 1322 2940 nomen
1344 2879 1603 2938 civitatis
1622 2878 1967 2948 Moabiticm,

318 2997 445 3054 quae
478 2980 535 3035 in
588 2976 889 3035 suburbiis
939 2974 1051 3031 sibi
1097 2969 1653 3042 circumjecentibus
1700 2969 1965 3041 amplum

319 3085 529 3142 agrum
551 3067 766 3123 habet:
799 3081 927 3137 quas
953 3063 1028 3119 ob
1050 3061 1403 3134 flagitiosum
1425 3058 1750 3114 incolarum
1776 3059 1965 3114 medi-

314 3160 598 3216 tationem
633 3154 951 3211 infecunda
979 3156 1154 3208 erunt
1198 3156 1256 3205 et
1301 3150 1688 3215 infructuosa,
1742 3146 1964 3203 emolu-

313 3251 581 3306 mentum
614 3244 844 3302 nullum
867 3242 1091 3299 colonis
1120 3241 1246 3297 suis
1275 3238 1594 3295 utferentia.
1625 3237 1785 3303 Quod
1820 3238 1869 3293 si
1897 3253 1965 3293 ex

309 3337 441 3408 ipsa
470 3336 645 3392 etiam
700 3332 861 3389 verbi
920 3331 1156 3388 notione
1187 3347 1253 3385 ac
1309 3327 1696 3400 intelligentia
1751 3343 1857 3399 par
1886 3328 1965 3383 sit

310 3422 573 3497 aliquam
603 3423 859 3495 arripere
885 3420 1248 3477 occasionem
1284 3437 1296 3475 :
1331 3418 1580 3485 Esebon,
1626 3417 1676 3473 si
1710 3416 1844 3489 quis
1874 3417 1966 3473 in-

307 3516 680 3587 terpretetur,
710 3512 868 3571 idem
898 3510 1050 3566 valet
1080 3509 1234 3581 quod
1264 3509 1545 3577 cogitatio.
1572 3509 1770 3578 Itaque
1790 3523 1967 3563 vana-

308 3621 443 3661 rum
476 3619 543 3660 ac
574 3600 833 3658 {utilium
867 3598 1299 3670 cogitationum
1333 3597 1654 3654 multitudo
1698 3612 1829 3669 quas
1861 3612 1965 3651 no-

310 3694 472 3751 mine
526 3704 868 3764 camporum
921 3689 1286 3761 designatur,
1337 3686 1466 3743 ideo
1512 3686 1758 3758 lugebit,
1809 3684 1962 3756 quod

307 3782 629 3855 impiorum
661 3782 1003 3853 dogmalum
1055 3777 1312 3850 pravitas
1362 3776 1510 3832 nihil
1561 3775 1641 3832 sit
1685 3772 1800 3830 sibi
1830 3788 1963 3844 pro-

310 3873 461 3930 fectu
470 3890 554 3929 ra.

379 3962 505 4017 309.
544 3962 710 4019 Vinea
740 3959 1004 4027 Sebama,
1039 3956 1135 4029 qui
1179 3955 1459 4026 deglutitis
1503 3956 1705 4026 gentes,
1736 3952 1961 4008 concul-

307 4056 426 4109 cata
451 4052 646 4108 vineas
675 4051 794 4121 ejus
822 4064 996 4121 usque
1022 4049 1184 4104 Jour
1227 4062 1238 4101 :
1263 4062 1332 4101 ne
1383 4044 1790 4116 conjunxeritis
1819 4061 1838 4097 :
1870 4058 1964 4098 er-

305 4150 431 4201 rate
452 4158 558 4215 per
584 4140 863 4197 desertum
893 4154 907 4196 :
940 4137 1099 4193 missi
1122 4134 1381 4191 derelicti
1417 4135 1564 4201 sunt,
1621 4133 1964 4189 transierunt

303 4234 452 4290 enim
483 4246 658 4288 mare.
693 4229 866 4285 Vens.
923 4228 1101 4299 9,10.
1156 4226 1223 4281 Et
1270 4224 1388 4280 ideo
1445 4223 1744 4295 plorabant
1802 4226 1964 4297 quasi

296 4322 585 4395 ploratum
611 4320 789 4389 lacer,
822 4320 1041 4375 vineam
1072 4314 1325 4371 Sebama.
1376 4313 1608 4368 Arbores
1657 4319 1782 4368 tuas
1804 4312 1957 4384 deje-

298 4416 372 4469 cit
403 4412 610 4468 Esebon
638 4418 691 4467 et
716 4410 922 4476 Eleale,
941 4408 1071 4480 quia
1090 4421 1320 4461 messem
1350 4413 1507 4460 tuam
1535 4406 1586 4458 et
1615 4402 1960 4459 vindemiam

298 4506 463 4557 tuam
507 4499 856 4569 conculcabo,
924 4506 976 4554 et
1020 4497 1211 4553 omnia
1263 4493 1568 4550 concident.
1618 4494 1687 4548 Et
1735 4492 1959 4549 tollitur

2079 2073 2197 2131 λέσι
2229 2077 2317 2132 καὶ
2350 2076 2571 2142 οὐδενὸς
2602 2077 2771 2157 λόγου
2814 2081 2984 2153 ἀξίοις
3046 2081 3239 2155 μύθοις
3288 2081 3734 2165 ἐναϐρυνόμενον,

2078 2165 2229 2256 outer
2257 2166 2629 2245 εὐφραίνονται
2663 2169 2716 2224 ἐν
2749 2175 2830 2244 τῷ
2875 2172 3049 2247 τείχει
3100 2175 3178 2244 τῷ
3218 2172 3521 2249 ὀστρακίνῳ
3574 2190 3737 2256 φθεγ-

2076 2254 2326 2329 γόμενοι.
2357 2258 2534 2313 Τοῦτό
2567 2258 2681 2314 ἔστι
2737 2260 2823 2330 τὸ,
2854 2266 2982 2324 Τοῖς
3040 2266 3355 2318 κατοικοῦσι
3414 2254 3596 2323 Σεδὶκ-
3640 2254 3737 2342 με·

2079 2343 2320 2416 λέτησις.
2356 2347 2557 2423 Ἀγαθὴ
2624 2349 2717 2421 μὲν
2780 2348 2872 2403 οὖν
2938 2349 3251 2425 μελέτησις,
3281 2353 3346 2408 τὸ
3379 2352 3609 2429 μελετᾷν
3640 2359 3733 2415 τὸν

2076 2432 2246 2507 νόμον
2280 2435 2478 2510 Κυρίου
2505 2437 2717 2511 ἡμέρας
2765 2438 2854 2493 καὶ
2900 2436 3116 2502 νυκτός·
3168 2442 3384 2517 πονηρά
3434 2442 3494 2500 δὶ
3540 2448 3575 2517 ἡ
3626 2452 3733 2504 τῶν

2079 2518 2413 2594 Μωαϐιτῶν,
2444 2524 2529 2581 δτι
2566 2522 2714 2582 ἔσται
2770 2534 2887 2590 τοῖς
2928 2533 3246 2585 κατοικοῦσι
3278 2530 3447 2589 Σεδὶκ
3497 2534 3731 2609 μελέτη-

2079 2633 2180 2702 σις.
2215 2614 2284 2702 Ο).
2314 2613 2497 2669 τοίνυν
2536 2614 2872 2689 μελετῶντες
2905 2617 2989 2672 ἐπ’
3018 2617 3286 2695 αἶσχύνης
3316 2620 3492 2693 ἀξίοις
3545 2623 3733 2702 λόγοις

2079 2700 2179 2756 οὐκ
2259 2700 2701 2780 ἐντραπήσονται.
2762 2707 2861 2761 Διὰ
2940 2710 3101 2762 τοῦτο
3157 2708 3233 2763 Τὰ
3281 2708 3443 2766 πεδία
3500 2700 3731 2770 Ἐσεϐὼν

2077 2792 2352 2861 πενθήσει.
2413 2796 2671 2869 Τιμωρῖα
2725 2800 2823 2851 τοῦ
2886 2797 2962 2869 μή
3021 2795 3388 2874 ἐντρέπεσθαι,
3440 2804 3475 2871 ἡ
3528 2803 3725 2881 ἀφορία

2074 2892 2183 2943 τῶν
2247 2887 2449 2945 πεδίων
2484 2886 2741 2950 Ἐσεϐὠν.
2772 2895 2925 2950 ’Ἐστι
2986 2891 3042 2949 δέ
3099 2894 3310 2959 πόλεως
3357 2892 3525 2969 ὄνομα
3557 2900 3716 2954 Μωα-

2076 2971 2311 3053 ϐιτικῆς,
2362 2980 2707 3058 εὐρυχωρίαν
2762 2980 3001 3058 ἐχούσης
3042 2983 3094 3039 έν
3153 2988 3264 3046 τοῖς
3317 2986 3712 3059 περικειμένοις

2074 3069 2213 3144 αὐτῇ
2246 3071 2610 3147 προαστείοις
2645 3069 2678 3125 ἃ
2707 3069 2797 3127 διὰ
2825 3073 2924 3142 τήν
2969 3074 3211 3149 πονηρὰν
3241 3078 3347 3129 τῶν
3400 3075 3713 3129 κατοικούν-

2074 3177 2182 3213 των
2245 3157 2536 3231 μελέτησιν
2598 3158 2763 3237 ἄγονα
2810 3160 2956 3217 ἔσται
3013 3163 3104 3218 καὶ
3172 3162 3405 3240 ἄκαρπα,
3463 3161 3716 3236 οὐδεμίαν

2078 3245 2344 3325 ὠφέλειαν
2375 3254 2495 3312 τοῖς
2523 3255 2839 3307 κατοικοῦσι
2870 3252 3203 3328 παρέχοντα.
3232 3253 3298 3310 Et
3350 3251 3406 3307 δὲ
3437 3249 3518 3307 δεῖ
3545 3253 3633 3307 καὶ
3665 3251 3726 3306 ἐκ

2073 3343 2177 3407 τῆς
2224 3342 2322 3393 τοῦ
2381 3338 2628 3415 ῥήματος
2683 3338 2925 3402 διανοίας
2999 3336 3186 3395 λαϐεῖν
3242 3363 3365 3397 τινα
3428 3342 3726 3418 ἀφορμήν·

2076 3422 2315 3482 Ἐσεϐὼν
2373 3428 2401 3481 ὁ
2458 3425 2819 3502 διαλογισμὸς
2884 3428 2999 3498 (95)
3057 3427 3438 3501 ἑρμηνεύεται.
3497 3430 3573 3484 Τὰ
3638 3427 3734 3484 οὖν

2073 3510 2265 3581 πλήθη
2298 3516 2406 3566 τῶν
2442 3512 2682 3585 ματαίων
2716 3510 3095 3587 διαλογισμῶν
3128 3512 3161 3566 ἃ
3190 3512 3350 3569 πεδία
3393 3515 3733 3589 ὠνόμασται,

2073 3598 2355 3667 πενθήσει,
2389 3599 2465 3661 ὡς
2498 3599 2574 3661 εἰς
2608 3597 2759 3654 οὐδὲν
2792 3598 3199 3675 προχωρούσης
3251 3607 3354 3671 τῆς
3408 3601 3574 3658 οἱονεὶ
3633 3624 3737 3659 πο-

2073 3685 2265 3763 νηρίας
2293 3690 2401 3743 τῶν
2436 3682 2645 3743 ἀσεϐῶν
2675 3685 2986 3765 δογμάτων.

2142 3956 2269 4013 309.
2328 3954 2621 4029 ’Ἂμπελος
2680 3951 2925 4031 Σεϐαμὰ,
2979 3958 3368 4021 καταπίνοντες
3438 3958 3508 4015 τὰ
3582 3957 3734 4035 ἔθνη,

2069 4046 2484 4117 καταπατήσατε
2560 4046 2655 4108 τὰς
2727 4045 3010 4121 ἀμπέλους
3098 4046 3267 4118 αὐτῆς
3347 4045 3456 4112 ἕως
3523 4051 3732 4128 Ἰαζήρ.

2071 4135 2142 4191 Οὐ
2227 4136 2302 4209 μὴ
2382 4134 2656 4210 συνάψητε
2688 4155 2700 4169 ·
2757 4134 3079 4208 πλανήθητε
3153 4139 3252 4208 τὴν
3329 4131 3542 4214 ἔρημον
3577 4158 3591 4173 ο
3676 4141 3731 4194 oi.

2070 4221 2473 4297 ἀπεσταλμένοι
2600 4222 3089 4302 ἆγκατελείφθησαν
3376 4244 3391 4259 '
3471 4222 3732 4299 διέϐησαν

2069 4315 2174 4391 γὰρ
2213 4313 2311 4382 τὴν
2361 4311 2653 4371 Θάλασσαν.
2687 4312 2787 4369 Καὶ
2846 4311 2939 4369 διὰ
2987 4318 3153 4370 τοῦτο
3200 4314 3533 4372 κλαύσονται
3590 4319 3735 4390 (97),

2069 4404 2143 4467 ὡς
2220 4403 2314 4459 τὸν
2384 4400 2666 4475 κλαυθμὸν
2744 4404 2949 4479 Ἰαζήρ,
3028 4401 3275 4477 ἄμπελον
3354 4400 3601 4480 Σεϐαμά.
3660 4409 3741 4462 Τὰ

2068 4489 2257 4571 δένδρα
2338 4514 2436 4547 σου
2510 4487 2803 4548 κατέϐαλεν
2852 4489 3086 4551 Ἐσεϐὼν
3166 4494 3258 4549 καὶ
3319 4493 3583 4567 Ἐλεαλὴ,
3642 4494 3738 4552 ὅτι

302 4591 504 4649 laetitia
531 4598 585 4644 et
613 4587 919 4643 exsultatio
945 4586 1008 4642 de
1036 4586 1214 4641 vineis
1248 4600 1260 4639 :
1295 4588 1348 4639 et
1377 4584 1435 4638 in
1466 4584 1642 4638 vineis
1694 4584 1803 4638 tuis
1846 4599 1955 4639 mn

2081 4583 2153 4637 Eni
2206 4586 2285 4656 τῷ
2345 4586 2589 4659 θερισμῷ
2664 4604 2761 4637 σου
2817 4581 2906 4637 καὶ
2961 4588 3042 4656 τῷ
3095 4588 3357 4658 τρυγητῷ
3406 4605 3502 4639 σου
3562 4606 3734 4641 κατα-

301 4680 665 4745 ικιαὺιιηιιιν,
697 4693 872 4749 neque
902 4676 1192 4732 calcabunt
1221 4676 1415 4730 vinum
1446 4675 1503 4729 in
1534 4673 1903 4730 torcularibus
1934 4689 1948 4729 :

2081 4674 2337 4744 τατήσω,
2397 4670 2485 4726 καὶ
2572 4672 2747 4727 πάντα
2831 4670 3266 4727 καταπεσοῦνται
3303 4717 3316 4730 .
3378 4673 3477 4729 Καὶ
3568 4674 3737 4751 ἀρθή-

297 4774 503 4830 etenim
529 4770 779 4826 cessavit.
803 4766 1087 4837 Superius
1110 4764 1331 4819 dictum
1363 4768 1453 4819 est
1480 4781 1492 4818 :
1531 4763 1723 4835 Campt
1750 4765 1958 4821 Esebon.

2081 4784 2213 4819 τεται
2298 4759 2604 4839 εὐφροσύνη
2658 4761 2749 4816 καὶ
2808 4758 3130 4836 ἆγαλλίαμα
3193 4760 3253 4817 ἰκ
3306 4767 3415 4818 τῶν
3473 4761 3734 4838 ἀμπελώ-

299 4862 588 4936 lugebunl.
639 4861 807 4914 Nunc
857 4856 1140 4911 additur:
1175 4854 1239 4908 Et
1285 4854 1447 4908 vinea
1490 4853 1723 4909 Sebama
1750 4870 1770 4910 :
1812 4854 1955 4909 sub-

2081 4874 2196 4925 ρων,
2229 4852 2321 4907 καὶ
2378 4852 2429 4907 έν
2490 4856 2606 4913 τοῖς
2664 4850 2958 4925 ἀμπελῶσί
3019 4873 3115 4908 σου
3172 4852 3233 4907 οὐ
3293 4853 3367 4927 μή
3430 4851 3730 4932 εὐφρανθή-

299 4951 558 5022 auditur,
588 4949 819 5021 lugebit.
874 4947 1076 5016 Itaque
1122 4956 1493 5015 unaquaeque
1542 4958 1686 5013 gens
1724 4942 1954 4999 vineam

2081 4965 2274 5015 τονται,
2334 4942 2426 4997 καὶ
2513 4941 2574 4996 οὐ
2668 4943 2742 5011 μή
2824 4943 3139 5013 πατήσωσιν
3199 4940 3276 5008 είς
3329 4941 3397 4998 τὰ
3454 4942 3732 5015 ὑποΑήνια

300 5041 561 5113 aliquam
591 5038 808 5095 habere
838 5034 1076 5103 dicitur,
1109 5030 1288 5089 sicuti
1336 5034 1428 5086 est
1475 5031 1865 5091 Sodomorum
1898 5038 1957 5089 et

2081 5035 2210 5090 ›ἶνον
2240 5050 2253 5066 ·
2310 5032 2579 5086 πέπαυται
2639 5029 2766 5106 γάρ.
2831 5030 3072 5087 Κατόπιν
3127 5027 3380 5107 εἴρηταιο
3433 5031 3508 5087 Τὰ
3564 5029 3729 5088 πεδία

369 5200 845 5284 (93)“GodicesE.
880 5203 966 5284 Η.¹
997 5199 1051 5255 J.
1083 5211 1237 5284 ‘cum
1291 5194 1466 5284 gol’b.
1484 5192 1700 5284 primo,
1734 5194 1951 5284 φθέγξα-

2081 5191 2438 5284 ,ι’ἰλῖξὶπὶδια.
2472 5194 2694 5251 Vocula
2722 5192 2755 5248 ἃ
2784 5195 2843 5284 ip
2885 5191 3469 5284 edit‘is'dlesideratur.

299 5262 441 5356 eoat.
467 5262 618 5345 'Reg.
651 5273 861 5356 tertius
918 5275 976 5355 et
1032 5268 1193 5335 editi,
1226 5262 1598 5356 (gat-{gaesa
1620 5262 1756 5356 nec:
1782 5262 1953 5323 aliter

2134 5262 2250 5356 (96)
2299 5269 2489 5323 Codex
2547 5285 2725 5337 unus,
2803 5262 3309 5343 ἐγκατελήφθησαν,
3362 5270 3727 5326 circumventi

296 5337 1946 5417 legiturapudProcopium,psg,236.Notaudumtamen,
2058 5337 2239 5417 suutli
2528 5414 2535 5417 _
2719 5412 2727 5417 Δ
2771 5409 2783 5417 _
2843 5337 2853 5341 ’
2970 5412 2979 5417 _
3022 5338 3025 5343 ’

297 5404 450 5499 quod
470 5404 606 5499 Reg.
625 5417 834 5471 tertius
866 5404 1332 5499 ﬁab'ea't‘etvipsen
1347 5407 1522 5499 paulo
1547 5419 1677 5480 post
1707 5404 1948 5482 perinde
2102 5412 2243 5499 .(97)
2487 5409 2787 5499 ςενιξοὲιὶ
2837 5412 3100 5499 ‘q'uatuor
3152 5425 3323 5499 mea,
3368 5404 3715 5499 κλαύσονται,

296 5480 476 5568 511199.
499 5480 798 5568 ᾤμωξεν
826 5480 1237 5568 eodem}?
1268 5480 1601 5568 φβέχξαςθαι·
1706 5480 1722 5568 ζ
1806 5556 1839 5568 ..

2081 5480 2373 5568 νόναὸιιηρ.
2393 5484 2464 5568 At
2486 5486 2658 5568 Ιιὶξξζ,
2683 5482 3087 5568 Ευεοὶρὶυειῃιθ
3114 5485 3172 5537 et
3200 5480 3718 5568 Procppiu‘smladl

370 5552 482 5632 (94)
516 5559 687 5614 Editi.
718 5552 791 5614 Οἳ
818 5552 930 5614 οὖν.
958 5552 1063 5614 Pro
1097 5554 1188 5611 οὖν
1212 5552 1495 5612 ἰη’ίῐ·ἰ’ὶ›υε
1528 5570 1670 5609 mss.
1705 5553 1946 5627 legitur,

2081 5574 2247 5632 ξομαι,
2277 5555 2519 5632 plorabo.
2553 5559 2680 5609 Mox
2723 5553 2863 5632 editi
2895 5558 2951 5632 et
2980 5552 3575 5632 duo_mss.,&’_iins)lov
3608 5562 3713 5611 Σε-

376 5621 384 5631 \
465 5621 477 5632 1
1763 5621 1794 5627 υ
1931 5621 1942 5627 ν

297 5630 372 5687 ἐν.

376 5705 475 5713 ,ις-οι
512 5701 663 5713 πει..
771 5700 784 5713 ο
841 5698 867 5713 λ
930 5698 948 5713 ε
1176 5698 1188 5713 1
1282 5705 1291 5713 ι
1317 5704 1327 5713 ι
1394 5699 1428 5713 τι
1518 5697 1549 5709 ⁸³
1678 5697 1688 5708 ⁸
1927 5705 1935 5713 .

2081 5621 2371 5713 ἰαμάζᾲίίὶ
2404 5629 2520 5713 duo
2552 5642 2722 5712 mgs.,
2760 5623 3033 5713 iugulos.
3083 5628 3246 5713 (inea
3277 5621 3529 5713 Sebama.
3554 5630 3707 5686 Sub-

370 5705 484 5778 (95)
512 5700 791 5778 Εᾴἰξιὶηοὶ
840 5698 1210 5778 διαλογισμοίἶ
1265 5704 1336 5755 At
1390 5697 1555 5778 ltegii
1604 5697 1831 5778 primus
1887 5705 1945 5757 et

2081 5697 2190 5758 nde
2219 5700 2384 5770 editi,
2406 5699 2661 5778 pegma-9
2707 5699 2797 5753 καὶ
2829 5697 2917 5753 ἐπὶ
2948 5702 3049 5772 τῷ.
3088 5699 3239 5757 Libri
3285 5704 3528 5773 veteres,
3563 5712 3709 5778 θερι-

295 5768 528 5844 tertius,
558 5772 588 5826 ὁ
616 5768 1146 5845 διαλογισμός.’Νοο
1172 5771 1256 5826 ita
1285 5768 1635 5843 multo‘pos’t
1662 5788 1806 5829 mss.
1838 5789 1942 5828 no-

2081 5778 2176 5848 ’μῷ
2208 5792 2303 5827 σου
2332 5768 2422 5827 καὶ
2450 5768 2550 5842 τ’ᾦ.
