4150 6382
353 363 474 428 659

1302 363 1699 426 APPENDIX
1745 362 2070 426 OPERUM
2120 362 2186 423 S.
2232 363 2515 424 BASlLll
2562 316 2834 426 hiAGNI.

3676 361 3815 421 660

352 498 580 570 optimo
627 498 948 555 dixerimus
1003 513 1208 554 eorum
1257 495 1550 552 culturam
1601 513 1730 552 esse
1781 497 2013 552 vineam

2144 493 2390 548 τοιούτων
2457 495 2519 549 τὸ
2578 495 2844 570 γεώργιόν
2903 495 2981 566 (6)
3038 492 3176 548 ἐστιν
3229 492 3477 566 ἄμπελος
3532 486 3810 563 Σεϐαμάο

351 589 604 644 Sehama
638 605 650 644 :
685 589 795 645 hoc
823 592 933 658 est,
966 585 1400 656 doctrinam,ex
1432 587 1645 658 pietate
1677 590 1734 641 et
1766 603 1835 642 ex
1866 601 2010 641 sana

353 676 650 750 theologia
680 693 1052 750 nequaquam
1086 677 1484 747 desumptam,
1518 676 1618 730 sed
1671 691 1799 730 esse
1842 677 2014 729 docu-

355 771 556 822 menta
584 767 849 838 quaedam
881 783 947 820 ac
978 769 1285 836 przscepta,
1321 764 1538 836 quibus
1571 781 1799 820 morum
1829 764 2014 818 hone-

357 858 504 921 stas,
539 855 905 925 societasque
935 861 991 908 et
1024 852 1343 909 liberalitas
1366 854 1795 908 contineantur.
1833 853 1891 906 Id
1927 853 2012 923 ip-

359 961 495 1000 sum
527 948 614 999 est
659 945 823 998 vinea
870 944 1141 1012 Sebama,
1178 960 1210 998 a
1258 943 1529 997 Moabitis
1577 942 1801 997 exculta
1835 959 1847 996 :
1885 957 2016 1012 quae

358 1050 495 1089 cum
527 1048 595 1088 ex
625 1049 688 1087 se
714 1033 922 1087 uberes
953 1029 1178 1086 fructus
1213 1033 1449 1102 profert,
1483 1038 1686 1102 gentes
1725 1030 2016 1101 deglutire

2121 584 2416 651 τουτέστιν,
2469 583 2530 638 ού
2583 583 2705 658 περὶ
2765 577 3067 646 θεοσεϐείας
3129 583 3262 656 μὲν,
3323 579 3448 637 οὐδὲ
3503 583 3636 658 περὶ
3695 587 3809 645 τῆς

2126 671 2309 744 ὑγιοῦς
2370 672 2656 745 Θεολογίας
2688 669 3031 738 διδασκαλία,
3061 671 3182 744 περὶ
3233 671 3570 744 σεμνότητος
3609 668 3674 724 δὶ
3707 668 3810 724 καὶ

2122 761 2245 833 περὶ
2278 765 2378 815 τοῦ
2410 766 2733 816 κοινωνικοῦ
2758 762 2846 815 καὶ
2909 759 3265 834 μεταδοτικοῦ
3317 760 3596 830 ὑποθῆκαί
3624 780 3808 824 τινες.

2125 851 2300 905 Τοῦτό
2335 849 2474 905 ἐστιν
2505 849 2752 922 ἄμπελος
2783 845 3026 921 Σεϐαμά,
3054 853 3088 920 ἡ
3127 849 3228 905 ὑπὸ
3261 845 3574 907 Μωαϐιτῶν
3614 868 3811 925 γεωρο

2121 939 2384 1012 γουμένη,
2439 939 2580 1007 ἥτις,
2613 938 2794 994 πελλά
2850 943 3082 994 ποιοῦτα
3111 940 3177 994 τὰ
3206 940 3401 1008 ἑαυτῆς
3443 941 3808 1015 γεννήματα,

2122 1027 2430 1082 καταπίνειν
2463 1030 2529 1082 τὰ
2571 1027 2696 1094 ἔθνη
2730 1027 2964 1102 Λέγεται.
2999 1029 3066 1084 Οἱ
3096 1029 3197 1104 γὰρ
3225 1027 3541 1098 ἀλλοτρίων
3589 1025 3813 1101 δογμάο

354 1119 594 1175 dicitur.
627 1119 695 1175 Hi
728 1121 886 1176 enim
939 1119 1263 1175 alienorum
1315 1121 1654 1190 dogmatum
1696 1120 2014 1182 antistites.

355 1223 462 1280 per
490 1207 856 1265 dialecticam
888 1208 947 1263 in
983 1224 1100 1280 qua
1130 1214 1269 1264 sunt
1317 1209 1632 1276 exercitati,
1665 1213 1722 1263 et
1755 1225 1854 1280 per
1883 1225 2013 1263 om-

2123 1136 2232 1171 των
2263 1119 2680 1191 προεστηκότες,
2715 1114 2804 1172 διὰ
2838 1125 2940 1186 τῆς
2991 1115 3340 1187 διαλεκτικῆς
3390 1117 3460 1185 ἧς
3507 1137 3811 1193 γεγυμνα-

2126 1207 2315 1279 σμένοι
2347 1210 2699 1282 τυγχάνουσι.
2734 1207 2823 1260 καὶ
2854 1207 3034 1276 πάσης
3077 1213 3176 1276 τῆς
3207 1206 3260 1262 έν
3307 1204 3493 1282 λόγοις
3525 1205 3813 1275 ἱκανότηο

353 1314 491 1353 nem
525 1299 837 1354 verborum
875 1297 1144 1363 peritiam
1177 1298 1474 1368 quoslibet
1504 1297 1889 1370 philosOpbiar
1925 1315 2015 1352 ru-

2144 1317 2243 1361 τος,
2275 1298 2545 1365 ἡττῶντες
2570 1295 2698 1358 τοὺς
2743 1294 3114 1374 ἀφιλοσόφους
3145 1296 3234 1350 καὶ
3266 1294 3514 1358 πολλοὺς
3551 1299 3674 1350 τῶν
3707 1295 3810 1349 ἀν-

351 1387 460 1442 des
494 1393 671 1458 atque
723 1387 1033 1442 hominum
1065 1386 1278 1458 vulgus
1327 1386 1686 1457 subigentes,
1719 1404 1818 1442 eos
1868 1403 2016 1457 quos

2144 1386 2404 1457 )ρώπων,
2481 1385 2647 1440 οἱονεὶ
2719 1385 3074 1440 καταπίνουσι
3159 1384 3288 1447 τοὺς
3367 1384 3810 1457 ἁλισκομένους.

357 1476 623 1548 capiunt,
657 1475 827 1548 quasi
870 1475 1224 1547 deglutiunt.
1258 1475 1509 1530 Proinde
1552 1476 1624 1530 ad
1657 1475 1764 1530 hos
1796 1481 2020 1546 spectat

2144 1474 2273 1550 ἱΙρὸς
2333 1473 2425 1529 οὖν
2481 1476 2707 1538 τούτους
2755 1476 2784 1529 ὁ
2839 1473 3028 1550 λόγος,
3073 1473 3156 1530 ὅτι
3215 1475 3398 1546 Ὑμεῖς
3447 1474 3498 1528 οἱ
3566 1473 3811 1529 καταπί-

357 1565 656 1621 sententia
709 1564 912 1620 istbaac
949 1581 962 1618 :
1002 1565 1094 1619 Vos
1143 1566 1242 1636 qui
1271 1562 1552 1635 degtutitis
1603 1570 1818 1636 gentes.
1853 1564 2018 1620 Post-

2144 1584 2306 1625 ὀντες
2363 1564 2431 1618 τὰ
2487 1561 2633 1634 ἔθνη.
2695 1565 3212 1641 Καταφρονήσαντες
3244 1567 3352 1618 τῶν
3384 1562 3668 1618 τοιούτων
3704 1561 3813 1618 λό-

360 1671 546 1727 quam
577 1670 880 1710 sermones
911 1654 1204 1724 ejusmodi
1235 1653 1726 1726 contempseritis,
1750 1671 1848 1709 eos
1880 1670 2018 1708 con-

2144 1675 2264 1726 (ων,
2313 1655 2727 1723 καταπατήσατε
2792 1652 3008 1715 αὐτούς.
3075 1653 3155 1710 Οὐ
3212 1653 3316 1728 γάρ
3372 1649 3701 1722 δυνήσεσθε,
3751 1652 3812 1708 έκ

359 1743 610 1799 culcate.
643 1747 769 1799 Non
801 1743 956 1799 enim
991 1743 1483 1816 poteritis,utpote
1513 1744 1572 1798 in
1603 1743 1697 1798 his
1727 1743 2016 1814 ocCUpati,

2144 1747 2228 1796 τοῦ
2280 1748 2402 1817 περί
2455 1747 2626 1796 ταῦτα
2679 1741 3060 1818 ἀσχολεῖσθαι,
3120 1740 3349 1814 συνάψαι
3403 1740 3668 1808 ἑαυτοὺς,
3717 1742 3811 1796 καὶ

362 1834 724 1905 conjungere
775 1849 875 1888 vos
905 1849 973 1887 ac
1021 1838 1365 1888 connectere
1412 1849 1546 1888 cum
1590 1833 1780 1900 Jazer,
1811 1850 1938 1902 qua:
1969 1831 2016 1888 si

2144 1833 2329 1886 ὲνῶσαι
2385 1835 2454 1905 τῇ
2511 1833 2714 1905 Ἰαζὴρ,
2771 1833 2892 1901 ἠτις
2952 1830 3301 1904 ἑρμηνεύεται
3337 1829 3519 1905 ἰσχύς.
3583 1827 3811 1886 ’Δδύνα-

363 1921 798 1994 interpreteris,
860 1921 1078 1977 dicitur
1133 1922 1426 1993 fortitudo.
1463 1923 1611 1978 Fieri
1674 1922 1855 1994 igitur
1908 1937 2024 1976 non

2144 1942 2225 1976 ιον
2281 1922 2372 1975 οὖν
2406 1919 2546 1975 ἐστιν
2608 1921 2748 1993 ὑμᾶς
2805 1921 2903 1989 τὴν
2957 1919 3114 1996 ίσχὺν
3138 1921 3236 1988 τήν
3265 1919 3323 1974 ἐκ
3345 1924 3443 1974 τοῦ
3472 1921 3810 1993 Πνεύματος

372 2017 573 2085 potest
619 2016 684 2068 ut
729 2011 1034 2083 excipiatis
1082 2011 1508 2081 fortitudinem,
1541 2029 1719 2082 quam
1771 2011 2028 2083 Spiritus

2144 2009 2484 2086 έγγινομένην
2537 2015 2654 2071 τοῖς
2713 2009 2890 2084 ὀρθῶς
2957 2009 3349 2084 πορευομένοις
3407 2007 3812 2081 ὑποδέξασθαι,

373 2100 604 2156 confert
654 2104 809 2155 recte
847 2099 1318 2166 ambulantibus,
1365 2100 1479 2155 nisi
1530 2101 1729 2156 vineas
1777 2099 2030 2155 Sebama

372 2189 753 2246 conculcatis.
793 2188 1230 2244 Obliviscamini
1283 2194 1484 2245 vestris
1531 2189 1888 2258 solitudinis,
1924 2205 2030 2244 nec

369 2278 634 2351 amplius
655 2278 714 2333 in
735 2295 802 2334 ea
822 2278 1212 2350 permaneatis
1243 2279 1419 2350 :quin
1445 2279 1638 2350 potius
1669 2279 1740 2333 ab
1764 2295 1832 2334 ea
1862 2279 2028 2334 aber-

371 2367 1000 2438 rantes,eamdemque
1033 2365 1449 2437 relinquentes,
1483 2367 1540 2422 in
1572 2367 1715 2423 locis
1746 2373 2029 2438 praestan-

370 2455 627 2513 tioribus
657 2454 1073 2511 immoremini.

445 2545 573 2601 311.
605 2546 760 2601 Missi
804 2544 1054 2600 Δεῖ-εἰὶσιὶ
1081 2549 1228 2599 sunt.
1271 2550 1418 2600 Sunt
1465 2545 1733 2600 nonnulli
1787 2546 2032 2618 pseuda-

374 2633 614 2707 postoli,
649 2635 899 2706 operarii
931 2633 1142 2703 dolosi,
1171 2634 1230 2688 in
1263 2635 1558 2704 apostolos
1589 2635 1803 2691 Christi
1834 2641 2032 2691 trans—

373 2723 641 2797 ﬁgurati,
689 2722 790 2795 qui
845 2728 986 2779 sunt
1031 2722 1290 2779 derelicti
1325 2740 1358 2779 a
1403 2724 1540 2780 Deo.
1584 2728 1788 2780 Cavete
1832 2724 2036 2796 itaque

375 2813 681 2885 decipiant
711 2829 833 2878 vos,
857 2812 1025 2884 quasi
1057 2813 1248 2884 reipsa
1277 2813 1500 2868 viribus
1532 2813 1790 2885 polleant
1823 2831 1836 2870 :
1871 2832 2034 2887 omni

377 2903 602 2977 quippe
655 2901 869 2958 auxilio
935 2901 1358 2969 destituuntur,
1415 2908 1671 2974 suntque
1748 2903 2032 2960 derelicti.

375 2993 493 3051 Sed
535 2991 593 3046 hi
624 2991 737 3064 ipsi
779 2991 955 3046 etiam
1004 2991 1369 3046 transierunt
1423 3007 1601 3048 mare.
1636 2992 1782 3056 Quid
1835 2999 2031 3049 autem

375 3083 491 3140 hoc
522 3080 635 3138 sibi
663 3079 910 3148 velit,ita
939 3079 1388 3150 intelligendum
1421 3085 1530 3148 est,
1555 3081 1835 3136 nimirum
1869 3083 1941 3137 ob
1972 3082 2031 3137 id

374 3188 497 3228 non
520 3168 811 3225 immerito
834 3167 1024 3224 deseri
1048 3166 1463 3239 aliquos,quod
1489 3167 1709 3240 aliquid
1735 3169 2033 3240 vitupera-

373 3261 539 3316 tione
570 3259 812 3330 dignum
845 3256 1089 3328 egerint,
1114 3256 1380 3312 videlicet
1409 3259 1563 3329 quod
1599 3275 1756 3314 mare
1787 3260 2031 3330 trajece-
2064 3242 2107 3309 C

377 3350 522 3406 rint.
551 3351 675 3404 Meo
702 3347 938 3418 quidem
964 3345 1191 3417 judicio
1238 3362 1398 3402 mare
1429 3349 1641 3419 accipit
1682 3366 1782 3420 pro
1813 3350 2034 3404 amaris

376 3436 834 3506 tentationibus,
866 3452 994 3506 quis
1016 3436 1256 3491 tentatis
1278 3435 1574 3493 accidunt.
1606 3437 1742 3494 Tale
1765 3444 1854 3493 est
1874 3437 2032 3492 enim

379 3525 531 3583 illud
557 3541 570 3580 :
603 3526 732 3581 Veni
751 3527 811 3580 in
831 3525 1183 3580 altitudinem
1203 3525 1372 3580 maris
1392 3525 1455 3581 ‘3.
1476 3526 2038 3597 Enimvero'atbleta

380 3618 658 3672 adversos
709 3630 881 3670 casus
917 3631 1029 3670 non
1063 3614 1298 3685 refugit,
1350 3631 1539 3686 neque
1570 3617 1789 3687 trajicit
1827 3633 1987 3672 mare
2021 3634 2034 3673 :

381 3705 504 3761 imo
537 3705 610 3760 iis
642 3705 915 3769 occurrit,
951 3703 1294 3774 nullamque
1326 3721 1436 3758 non
1472 3706 1735 3762 adoritur
1764 3706 2039 3762 tentatio-

381 3810 540 3850 nem.
575 3792 682 3859 Qui
739 3799 958 3857 autem,
993 3809 1063 3848 ne
1113 3795 1548 3864 persecutiones
1592 3795 1911 3866 patiantur,
1945 3812 2036 3852 se-

381 3882 668 3954 metipsos
691 3881 959 3954 gentium
985 3880 1156 3952 genio
1179 3884 1647 3954 accommodant,
1671 3901 1811 3940 neve
1835 3885 1891 3939 in
1911 3901 2034 3940 cer-

378 3977 582 4030 tamen
630 3972 991 4026 descendant
1019 3987 1085 4026 ac
1139 3969 1368 4028 labores
1409 3975 1708 4029 exautient
1754 3974 2037 4032 adversus

381 4059 677 4118 desideria
705 4064 762 4115 et
790 4059 1086 4132 appetitus
1117 4059 1400 4132 corporis,
1427 4061 1642 4118 cedunt
1668 4064 2036 4134 voluptatum

377 4148 694 4219 illecebris,
727 4148 788 4204 bi
842 4166 1000 4203 mare
1059 4151 1434 4220 trujecerunt.
1467 4151 1622 4207 6M
1670 4153 1874 4208 Postea
1904 4155 2040 4210 sub-

369 4238 696 4312 jungitur:
741 4239 869 4295 Ideo
914 4239 1142 4310 plorabo
1191 4241 1354 4310 quasi
1397 4242 1674 4311 ploratum
1721 4243 1906 4309 Jazer,
1955 4247 2038 4298 vi-

376 4346 544 4388 neam
574 4328 834 4384 Sebama.
869 4329 1034 4382 Haud
1085 4329 1354 4398 equidem
1413 4329 1532 4384 scin
1564 4348 1636 4384 an
1670 4331 1840 4387 fletus
1869 4332 2040 4390 Jazer

379 4419 556 4475 ﬂetus
589 4416 666 4473 sit
693 4417 1257 4488 fortitudinis,quem
1290 4417 1662 4474 laudabiliter
1693 4420 1832 4476 flent
1861 4423 2038 4482 fortes

379 4507 515 4575 viri,
548 4506 648 4577 qui
680 4522 850 4561 suam
885 4507 942 4560 in
977 4505 1084 4560 hac
1116 4508 1232 4561 vita
1276 4511 1798 4564 commorationem
1835 4509 2039 4583 lugen-

2137 2099 2226 2154 ἐὰν
2278 2105 2354 2171 μὴ
2398 2099 2492 2160 τὰς
2549 2097 2831 2172 ἀμπέλους
2909 2099 3004 2160 τὰς
3073 2093 3296 2171 Σεϐαμὲι
3349 2101 3808 2170 καταπατήσητε.

2138 2187 2495 2245 Ἐπιλάθεσθε
2540 2191 2614 2260 (7)
2659 2195 2760 2257 τῆς
2817 2188 3077 2260 ὑμετέρας
3139 2185 3393 2260 ἐρημίας,
3443 2188 3538 2242 καὶ
3605 2189 3806 2262 μηκέτι

2139 2279 2276 2352 αὐτῇ
2329 2273 2724 2353 ἐνδιατρίϐητε,
2770 2277 2899 2332 ἀλλ’
2949 2277 3424 2347 ἀποπλανηθέντες
3461 2279 3657 2352 αὐτῆς,
3713 2279 3806 2334 καὶ

2138 2366 2552 2437 καταλιπόντες,
2585 2367 2854 2443 κρείττοσι
2887 2368 3121 2444 χωρίοις
3151 2364 3547 2444 ἐνδιατρίψατε.

2213 2547 2308 2603 3Η
2353 2588 2366 2603 .
2455 2547 2522 2602 Οἳ
2601 2544 3001 2618 ἀπεσταλμένοι
3083 2541 3592 2623 ἐγκατελείφθησαν.
3676 2543 3802 2602 Εἰσί

2142 2656 2281 2697 τινες
2341 2632 2800 2708 ψευδαπόστολοι,
2859 2633 3075 2710 ἐργάται
3108 2631 3310 2706 δόλιοι,
3376 2653 3796 2710 μετασχηματι-

2147 2726 2366 2798 ζόμενοι
2392 2723 2468 2786 εἲς
2501 2721 2842 2786 ἀποστόλους
2875 2724 3132 2796 Χριστοῦ,
3163 2724 3356 2788 οἷ’τινες
3376 2721 3796 2800 ἐγκαταλελειμ-

2148 2816 2302 2888 μένοι
2336 2813 2468 2868 εἰσὶν
2517 2813 2621 2868 ἀπὸ
2652 2817 2806 2868 Θεοῦ·
2840 2813 2932 2882 Μὴ
2965 2812 3144 2868 τοίνυν
3178 2812 3578 2884 ἐξαπατάτωσαν
3623 2812 3784 2881 ὑμᾶς,

2145 2903 2220 2964 ὡς
2263 2901 2483 2978 ἔχοντες
2519 2901 2676 2977 ῗσχὺν
2708 2907 2826 2965 τοῖς
2855 2901 3190 2978 πράγμασιν·
3226 2897 3518 2971 ἀϐοήθητοι
3547 2897 3646 2973 γάρ
3677 2896 3780 2951 εἶσι

2141 2993 2233 3047 καὶ
2265 2990 3014 3068 ἐγκαταλελειμμένοιῸῦτοι
3043 2989 3101 3046 δὶ
3124 2989 3374 3047 αὐτοίκαὶ
3407 2983 3654 3057 διέϐησαν
3685 2986 3784 3054 τὴν

2143 3081 2436 3137 θάλασσαν.
2491 3081 2557 3137 Τί
2612 3078 2668 3135 δὲ
2709 3080 2798 3135 καὶ
2846 3085 3008 3136 τοῦτο
3049 3080 3356 3151 αἱνίσσεται,
3402 3073 3789 3145 κατανοητέον,

2144 3172 2309 3243 ἀξίως
2344 3174 2421 3241 (8)
2447 3167 2538 3224 διὰ
2564 3175 2730 3226 τοῦτο
2763 3170 3248 3248 έγκατάλελεῖφθαί
3274 3167 3568 3237 τινας,έπεὶ
3599 3165 3794 3239 ψεκτὸν

2144 3260 2570 3330 πεποιήκασι,τὸ
2602 3255 2856 3330 διαϐῆναι
2886 3263 2986 3330 τὴν
3020 3259 3478 3316 θάλασσαν.Δοκεῖ
3496 3255 3679 3312 τοίνον
3708 3275 3801 3329 μοι

2142 3353 2244 3420 τὴν
2277 3349 2546 3414 θάλασσαν
2581 3343 2878 3423 λαμϐάνειν
2911 3349 2986 3413 εἷς
3013 3347 3140 3411 τοὺς
3169 3349 3534 3424 πειρασμοὺς,
3574 3343 3808 3421 πικροὺς

2142 3443 2515 3515 τυγχάνοντας
2557 3445 2676 3500 τοῖς
2723 3437 3173 3513 πειραζομένοις.
3223 3441 3482 3491 Τοιοῦτον
3537 3435 3643 3508 γάρ
3696 3432 3810 3488 ἐστι

2143 3530 2208 3584 τὸ
2263 3532 2363 3602 (9),
2411 3526 2616 3585 Ἦλθον
2677 3526 2752 3590 εἷς
2783 3527 2850 3580 τά
2903 3527 3037 3598 βάθη
3095 3531 3195 3594 τῆς
3255 3521 3557 3594 θαλάσσης.
3593 3521 3808 3579 Οὐκοῦν

2147 3620 2175 3674 ὁ
2212 3618 2306 3692 μὶν
2360 3617 2604 3687 ἀθλητὴς
2659 3616 2726 3670 οὐ
2783 3613 2966 3692 φεύγει
2997 3614 3093 3675 τὰς
3123 3613 3482 3688 περιστάσεις,
3524 3609 3654 3666 ούδὶ
3683 3608 3812 3666 δια-

2147 3704 2322 3764 ϐαίνει
2348 3709 2448 3777 τὴν
2483 3705 2773 3771 θάλασσαν,
2831 3700 2956 3758 ἀλλ’
3016 3701 3185 3776 ὁμόσε
3224 3706 3403 3778 χωρεῖ
3439 3699 3685 3768 τούτοις,
3718 3702 3808 3756 καὶ

2149 3799 2444 3872 ὑπέρχεται
2505 3796 2659 3852 παντὶ
2737 3796 3047 3870 πειρασμῷ.
3125 3793 3188 3846 Οἱ
3256 3788 3314 3846 δὲ
3371 3790 3506 3866 ὑπὲρ
3567 3794 3666 3844 τοῦ
3729 3789 3808 3864 μὴ

2148 3885 2439 3951 διώκεσθαι
2493 3891 2610 3947 τοῖς
2659 3880 2830 3940 ἔθνεσι
2885 3880 3460 3960 συμπεριφερόμενοι,
3517 3880 3609 3934 καὶ
3673 3880 3807 3955 ὑπὶρ

2144 3981 2243 4033 τοῦ
2301 3977 2375 4049 μή
2433 3974 2785 4050 ἀγωνίζεσθαι
2814 3971 2904 4028 καὶ
2929 3976 3108 4026 πονεῖν
3140 3969 3276 4026 κατά
3315 3973 3424 4024 τῶν
3471 3974 3805 4042 σωματικῶν

2148 4065 2398 4142 ὀρέξεων,
2458 4061 2756 4126 ἐνδιδόντες
2814 4062 2952 4138 πρὸς
2981 4061 3076 4123 τὰς
3104 4057 3326 4130 ἡδονὰς,
3361 4059 3511 4114 οὗτοι
3547 4053 3807 4128 διέϐησαν

2149 4158 2252 4224 τήν
2321 4154 2616 4212 θάλασσαν.
2701 4151 2847 4209 Μετά
2917 4154 3078 4206 τοῦτο
3151 4149 3383 4224 λέγεται.
3467 4149 3568 4204 Διὰ
3643 4152 3808 4204 τοῦτο

2146 4243 2482 4318 κλαύσομαι,
2561 4244 2635 4307 ὡς
2711 4243 2802 4298 τὸν
2874 4238 3155 4314 κλαυθμὸν
3243 4239 3463 4314 Ἰαζὴρ,
3558 4237 3808 4312 ἄμπελον

2150 4329 2396 4408 Σεϐαμά.
2446 4337 2674 4406 Μήποτε
2731 4333 2819 4388 οὗν
2879 4329 3159 4402 κλαυθμὸς
3218 4329 3401 4404 Ἰαζὴρ
3452 4334 3556 4399 τῆς
3619 4327 3813 4404 ἰσχύος

2150 4423 2263 4483 έστὶ
2319 4422 2624 4497 κλαυθμὸς,
2676 4423 2733 4478 ’ὸν
2787 4418 3040 4476 κλαίουσι
3093 4421 3442 4493 μακαριστῶς
3473 4419 3527 4473 οἱ
3561 4416 3810 4493 ἰσχυροὶ,

2151 4511 2494 4580 στενάζοντες
2553 4512 2648 4585 μὶν
2697 4514 2767 4585 τῇ
2831 4509 2906 4571 εἷς
2931 4509 3022 4563 τὸν
3056 4507 3176 4583 βίοο
3207 4504 3483 4581 περοικίᾳ,
3515 4506 3605 4561 καὶ
3645 4508 3811 4582 βαρυ-

380 4602 496 4661 tes,
527 4598 586 4649 et
610 4595 681 4649 de
712 4610 780 4651 ea
811 4595 1322 4661 dolentes,animae
1354 4597 1644 4650 desiderio
1677 4601 1944 4654 feruntur
1973 4618 2030 4658 ac

2149 4597 2371 4675 νόμενοι
2426 4601 2506 4656 ἐπ’
2562 4599 2724 4674 αὐτῇ,
2774 4599 3065 4657 ποθοῦντες
3099 4593 3154 4650 δὲ
3185 4594 3277 4684 Δτῇ
3323 4597 3480 4669 ψυχῇ
3503 4597 3592 4650 καὶ
3630 4595 3811 4684 έκλεί-

383 4683 669 4743 deﬁciunt
694 4683 753 4738 in
787 4683 936 4740 atria
971 4683 1193 4739 Domini
1225 4685 1286 4738 “.
1324 4685 1428 4739 Vel
1459 4686 1603 4740 forte
1654 4691 2036 4758 quemadmo-

384 4778 530 4833 dum
562 4772 811 4830 deﬂetur
840 4773 1121 4828 fortitudo
1155 4775 1355 4830 morbo
1381 4780 1916 4849 consumpta,quod
1939 4796 2040 4838 ca-

383 4871 512 4924 reat
542 4862 644 4937 qui
675 4879 743 4919 ea
772 4862 911 4918 olim
947 4862 1288 4918 fruebatur:
1317 4864 1397 4919 ita
1445 4868 1502 4918 et
1536 4864 1702 4921 ﬂetus
1735 4867 1913 4923 vineis
1946 4870 2041 4928 Se-

455 5027 502 5064 ⁸³
533 5025 680 5084 Pssl.
715 5040 911 5094 vam,
943 5025 997 5080 3.
1076 5024 1124 5060 “
1154 5023 1307 5080 Psal.
1341 5027 1573 5096 Lxxxui,
1605 5028 1658 5085 3.

457 5188 536 5270 (ὃ)
560 5187 851 5270 Εᾶίίὶιὸτι
882 5189 1127 5270 τοιοῦτον
1160 5184 1222 5238 τὸ
1252 5187 1571 5270 γεωργικόν.
1622 5195 1693 5270 At
1752 5195 1894 5270 Reg,
1921 5211 2039 5270 ἐθ-

385 5260 616 5315 cundus
645 5264 702 5315 et
731 5259 1228 5330 Colbert.primus
1258 5259 1434 5329 ita,ut
1456 5261 1512 5314 in
1547 5268 1819 5318 contextu
1837 5259 2039 5323 Videre

385 5330 540 5406 licet.
576 5330 1182 5406 Necita‘multopost
1213 5332 1396 5406 nostri
1430 5339 1684 5406 quatuor
1724 5351 1894 5406 mss.,
1925 5346 2039 5398 θεο-

387 5398 605 5475 λογίας·
643 5402 769 5454 0315
801 5398 1246 5484 διδασκαλίαπερί
1276 5398 1632 5472 σεμνότητος,
1664 5405 1772 5459 καί.
1881 5398 1890 5406 ⁷

456 5476 534 5527 (7)
568 5479 653 5527 Ita
686 5490 829 5527 mss.
867 5473 1073 5527 nostri.
1107 5474 1258 5527 Editi
1293 5492 1445 5527 vero-
1478 5474 1759 5527 ἀμπέλους
1800 5481 1898 5527 τῆς
1944 5482 1981 5527 Σ

456 5474 534 5545 (7)
568 5479 653 5528 Ita
686 5490 829 5529 mss.
867 5474 1073 5528 nostri.
1107 5474 1258 5528 Editi
1293 5492 1446 5541 vero,
1478 5474 1759 5546 ἀμπέλους
1800 5481 1898 5542 τῆς
1944 5482 2037 5531 Σε.

390 5536 575 5630 Ξαμά.
620 5544 1475 5630 καταπατηςσατε,,Ἐπιλρὶρησθη
1521 5546 1597 5602 δέ.
1628 5552 1787 5630 Mox_
1812 5549 1951 5630 editi
1983 5556 2042 5630 et

387 5611 527 5696 Reg.
561 5618 794 5687 tertius,
826 5611 1215 5688 ἐνδιατρίψατε.
1246 5611 1365 5672 Αίὶἷ
1387 5611 1505 5674 tres
1569 5636 1739 5688 mss.,
1769 5616 2034 5696 ἐνδιατρί-

385 5688 534 5761 ψετε.

2151 4711 2344 4752 ποντες
2404 4689 2480 4752 είς
2535 4689 2632 4754 τὰς
2686 4686 2854 4750 αὺλάς
2909 4688 3005 4739 τοῦ
3061 4680 3284 4756 Κυρίου.
3331 4684 3399 4740 Ἥ
3459 4687 3680 4757 μήποτε
3735 4683 3808 4745 ὠς

2152 4778 2396 4837 κλαίεται
2430 4778 2589 4855 ἰσχὺς
2651 4777 2754 4832 ὑπὸ
2801 4775 2959 4829 νόσου
3021 4776 3372 4848 μαρανθεῖσα,
3430 4773 3582 4850 παρά
3610 4775 3674 4829 τὸ
3733 4772 3809 4848 μὴ

2151 4873 2403 4944 παρεῖναι
2467 4872 2547 4941 τῷ
2621 4885 2756 4920 ποτε
2810 4863 2979 4930 αὐτὴν
3038 4860 3381 4935 κεκτημένῳ,
3435 4862 3584 4918 οὕτω
3637 4864 3728 4918 καὶ
3782 4860 3811 4916 ὅ

2217 5196 2302 5278 t8)
2337 5194 2508 5278 Εεὲίιίε
2540 5193 2852 5275 ἀξίωςτοδ-
2874 5186 3811 5278 ,ςοιηβρίξεξίξξῖιῖειὶαε..γρουιεξιη

2147 5260 2246 5323 τοῦ
2280 5260 2340 5321 in
2373 5260 2604 5323 duobus
2636 5266 2763 5322 suis
2786 5261 3090 5321 codicibus
3114 5260 3355 5330 deesse:
3390 5260 3448 5313 in
3473 5262 3694 5330 quibus
3724 5269 3810 5315 ta-

2149 5357 2285 5398 men
2315 5339 2554 5409 perinde
2587 5347 2651 5393 ut
2681 5339 2738 5392 in
2773 5333 3016 5409 reliquis
3047 5329 3297 5409 reperiri
3318 5329 3686 5409 constat.Sed
3719 5336 3810 5387 ta-

2149 5429 2284 5468 men
2316 5401 2444 5465 eam
2479 5412 2741 5467 voculam
2785 5401 2977 5464 delere
3004 5401 3125 5475 non
3160 5401 3583 5469 dubitavi,cum
3620 5405 3808 5475 ipsam

2145 5479 2438 5557 παρέλκειν
2493 5485 2809 5538 obscurum
2863 5493 2978 5532 non
3029 5473 3125 5529 sit.
3176 5475 3369 5531 Facile
3422 5473 3685 5532 adducor
3743 5479 3808 5530 ut

2145 5555 2379 5602 credam
2412 5570 2515 5602 nm
2544 5557 2644 5602 τοῦ
2674 5552 2786 5602 leni
2818 5551 3091 5602 onortere
3118 5565 3246 5601 που.

2145 5553 2380 5613 credam
2412 5570 2515 5624 pro
2544 5557 2644 5607 τοῦ
2674 5553 2786 5678 18ῆὶ
2818 5553 3091 5620 oportere
3118 5565 3262 5630 που..
3769 5616 3778 5626 ⁹

2171 5697 2183 5703 _
2215 5626 2292 5703 (9)
2321 5625 2566 5703 _Antiqui
2599 5627 2715 5703 duo
2774 5621 2908 5689 ibri,
2939 5615 3144 5703 καὶτό,
3177 5619 3493 5703 ᾼΙιᾳυοηιο
3524 5623 3658 5690 post
3686 5617 3804 5674 edi-

2141 5689 2552 5772 ΐὶ,’ἐπέρχετάι.
2583 5701 2661 5752 At.
2692 5711 2838 5753 mss.
2875 5691 3086 5763 nostri,
3122 5689 3440 5768 ὑπέρχεται.
