  <div class='ocr_page' id='page_1' title='image "/cluster/home/n/w/nwhite01/storage/ocr_20150623/30:no.2/coo.31924054873116/344.png"; bbox 0 0 4150 6392; ppageno 0'>
   <div class='ocr_carea' id='block_1_1' title="bbox 387 377 501 437">
    <p class='ocr_par' dir='ltr' id='par_1_1' title="bbox 387 377 501 437">
     <span class='ocr_line' id='line_1_1' title="bbox 387 377 501 437; baseline 0.009 -1"><span class='ocrx_word' id='word_1_1' title='bbox 387 377 501 437; x_wconf 85' lang='grc'>661</span> 
     </span>
    </p>
   </div>
   <div class='ocr_carea' id='block_1_2' title="bbox 1190 376 3029 440">
    <p class='ocr_par' dir='ltr' id='par_1_2' title="bbox 1190 376 3029 440">
     <span class='ocr_line' id='line_1_2' title="bbox 1190 376 3029 440; baseline -0.003 0"><span class='ocrx_word' id='word_1_2' title='bbox 1190 378 1597 440; x_wconf 88' lang='lat' dir='ltr'>COMMENT.</span> <span class='ocrx_word' id='word_1_3' title='bbox 1643 379 1724 438; x_wconf 92' lang='lat' dir='ltr'>IN</span> <span class='ocrx_word' id='word_1_4' title='bbox 1771 377 2043 440; x_wconf 81' lang='lat' dir='ltr'>ISAIAM</span> <span class='ocrx_word' id='word_1_5' title='bbox 2089 376 2602 440; x_wconf 80' lang='lat' dir='ltr'>PROPHETAM.</span> <span class='ocrx_word' id='word_1_6' title='bbox 2649 377 2818 439; x_wconf 81' lang='lat' dir='ltr'>CAP.</span> <span class='ocrx_word' id='word_1_7' title='bbox 2868 377 3029 440; x_wconf 79' lang='lat' dir='ltr'><strong>XVI.</strong></span> 
     </span>
    </p>
   </div>
   <div class='ocr_carea' id='block_1_3' title="bbox 3690 368 3810 429">
    <p class='ocr_par' dir='ltr' id='par_1_3' title="bbox 3690 368 3810 429">
     <span class='ocr_line' id='line_1_3' title="bbox 3690 368 3810 429; baseline 0.025 -2"><span class='ocrx_word' id='word_1_8' title='bbox 3690 368 3810 429; x_wconf 73' lang='grc'>662</span> 
     </span>
    </p>
   </div>
   <div class='ocr_carea' id='block_1_4' title="bbox 379 500 2049 585">
    <p class='ocr_par' dir='ltr' id='par_1_4' title="bbox 379 504 2045 585">
     <span class='ocr_line' id='line_1_4' title="bbox 379 504 2045 585; baseline -0.001 -20"><span class='ocrx_word' id='word_1_9' title='bbox 379 509 668 582; x_wconf 86' lang='grc' dir='ltr'>κλαυθμὸς</span> <span class='ocrx_word' id='word_1_10' title='bbox 696 511 794 577; x_wconf 78' lang='grc' dir='ltr'>τῆς</span> <span class='ocrx_word' id='word_1_11' title='bbox 828 506 1080 582; x_wconf 85' lang='grc' dir='ltr'>ἀμπέλου</span> <span class='ocrx_word' id='word_1_12' title='bbox 1122 504 1346 584; x_wconf 75' lang='grc' dir='ltr'>Σεϐαμὰ</span> <span class='ocrx_word' id='word_1_13' title='bbox 1386 510 1664 585; x_wconf 78' lang='grc' dir='ltr'>γενήσεται</span> <span class='ocrx_word' id='word_1_14' title='bbox 1717 511 1790 572; x_wconf 86' lang='grc' dir='ltr'>ὡς</span> <span class='ocrx_word' id='word_1_15' title='bbox 1836 510 2045 582; x_wconf 88' lang='grc' dir='ltr'>ἀπομα-</span> 
     </span>
    </p>
   </div>
   <div class='ocr_carea' id='block_1_5' title="bbox 2162 500 3813 585">
    <p class='ocr_par' dir='ltr' id='par_1_5' title="bbox 2162 500 3813 584">
     <span class='ocr_line' id='line_1_5' title="bbox 2162 500 3813 584; baseline -0.006 -19"><span class='ocrx_word' id='word_1_16' title='bbox 2162 510 2331 566; x_wconf 85' lang='lat' dir='ltr'>hama</span> <span class='ocrx_word' id='word_1_17' title='bbox 2360 511 2489 580; x_wconf 86' lang='lat' dir='ltr'>erit,</span> <span class='ocrx_word' id='word_1_18' title='bbox 2539 515 2740 584; x_wconf 86' lang='lat' dir='ltr'>utpote</span> <span class='ocrx_word' id='word_1_19' title='bbox 2791 527 2919 582; x_wconf 60' lang='lat' dir='ltr'>qua</span> <span class='ocrx_word' id='word_1_20' title='bbox 2970 505 3396 573; x_wconf 85' lang='lat' dir='ltr'>immarcuerit,</span> <span class='ocrx_word' id='word_1_21' title='bbox 3450 503 3642 575; x_wconf 90' lang='lat' dir='ltr'>sitque</span> <span class='ocrx_word' id='word_1_22' title='bbox 3689 500 3813 574; x_wconf 83' lang='lat' dir='ltr'>igni</span> 
     </span>
    </p>
   </div>
   <div class='ocr_carea' id='block_1_6' title="bbox 386 596 1792 674">
    <p class='ocr_par' dir='ltr' id='par_1_6' title="bbox 386 596 1792 674">
     <span class='ocr_line' id='line_1_6' title="bbox 386 596 1792 674; baseline -0.001 -20"><span class='ocrx_word' id='word_1_23' title='bbox 386 597 696 674; x_wconf 80' lang='grc' dir='ltr'>ρανθιίσης,</span> <span class='ocrx_word' id='word_1_24' title='bbox 730 598 823 652; x_wconf 85' lang='grc' dir='ltr'>καὶ</span> <span class='ocrx_word' id='word_1_25' title='bbox 854 599 984 673; x_wconf 79' lang='grc' dir='ltr'>πυρὶ</span> <span class='ocrx_word' id='word_1_26' title='bbox 1021 596 1338 671; x_wconf 77' lang='grc' dir='ltr'>μελλούσης</span> <span class='ocrx_word' id='word_1_27' title='bbox 1375 596 1792 674; x_wconf 85' lang='grc' dir='ltr'>παραδίδοσθαι,</span> 
     </span>
    </p>
   </div>
   <div class='ocr_carea' id='block_1_7' title="bbox 454 683 2044 763">
    <p class='ocr_par' dir='ltr' id='par_1_7' title="bbox 454 683 2044 763">
     <span class='ocr_line' id='line_1_7' title="bbox 454 683 2044 763; baseline -0.002 -19"><span class='ocrx_word' id='word_1_28' title='bbox 454 690 580 744; x_wconf 81' lang='grc'>312.</span> <span class='ocrx_word' id='word_1_29' title='bbox 617 687 769 743; x_wconf 82' lang='grc' dir='ltr'>Μετὰ</span> <span class='ocrx_word' id='word_1_30' title='bbox 798 691 957 742; x_wconf 91' lang='grc' dir='ltr'>τοῦτο</span> <span class='ocrx_word' id='word_1_31' title='bbox 1007 687 1142 760; x_wconf 81' lang='grc' dir='ltr'>πρὸς</span> <span class='ocrx_word' id='word_1_32' title='bbox 1198 687 1298 755; x_wconf 78' lang='grc' dir='ltr'>τὴν</span> <span class='ocrx_word' id='word_1_33' title='bbox 1347 683 1631 744; x_wconf 76' lang='grc' dir='ltr'>Μωαϐῖτιν</span> <span class='ocrx_word' id='word_1_34' title='bbox 1680 686 1892 763; x_wconf 87' lang='grc' dir='ltr'>λέγεται</span> <span class='ocrx_word' id='word_1_35' title='bbox 1921 707 1932 719; x_wconf 82' lang='grc'><strong>’</strong></span> <span class='ocrx_word' id='word_1_36' title='bbox 1966 689 2044 742; x_wconf 83' lang='grc' dir='ltr'>Τὰ</span> 
     </span>
    </p>
   </div>
   <div class='ocr_carea' id='block_1_8' title="bbox 387 770 2040 851">
    <p class='ocr_par' dir='ltr' id='par_1_8' title="bbox 387 770 2040 851">
     <span class='ocr_line' id='line_1_8' title="bbox 387 770 2040 851; baseline -0.001 -20"><span class='ocrx_word' id='word_1_37' title='bbox 387 773 580 851; x_wconf 87' lang='grc' dir='ltr'>δένδρα</span> <span class='ocrx_word' id='word_1_38' title='bbox 640 797 736 830; x_wconf 83' lang='grc' dir='ltr'>σου</span> <span class='ocrx_word' id='word_1_39' title='bbox 795 770 1087 830; x_wconf 73' lang='grc' dir='ltr'>κατέϐαλεν</span> <span class='ocrx_word' id='word_1_40' title='bbox 1151 770 1384 832; x_wconf 77' lang='grc' dir='ltr'>Ἐσεϐὼν</span> <span class='ocrx_word' id='word_1_41' title='bbox 1445 777 1534 831; x_wconf 83' lang='grc' dir='ltr'>καὶ</span> <span class='ocrx_word' id='word_1_42' title='bbox 1585 775 1846 847; x_wconf 83' lang='grc' dir='ltr'>Ἐλεαλή.</span> <span class='ocrx_word' id='word_1_43' title='bbox 1892 777 2040 833; x_wconf 87' lang='grc' dir='ltr'>Οὐκ-</span> 
     </span>
    </p>
   </div>
   <div class='ocr_carea' id='block_1_9' title="bbox 387 860 2041 941">
    <p class='ocr_par' dir='ltr' id='par_1_9' title="bbox 387 860 2041 941">
     <span class='ocr_line' id='line_1_9' title="bbox 387 860 2041 941; baseline -0.001 -20"><span class='ocrx_word' id='word_1_44' title='bbox 387 870 479 922; x_wconf 87' lang='grc' dir='ltr'>οῦν</span> <span class='ocrx_word' id='word_1_45' title='bbox 557 865 625 920; x_wconf 83' lang='grc' dir='ltr'>τὰ</span> <span class='ocrx_word' id='word_1_46' title='bbox 711 862 900 941; x_wconf 83' lang='grc' dir='ltr'>δένδρα</span> <span class='ocrx_word' id='word_1_47' title='bbox 977 871 1076 934; x_wconf 79' lang='grc' dir='ltr'>τῆς</span> <span class='ocrx_word' id='word_1_48' title='bbox 1162 860 1512 928; x_wconf 75' lang='grc' dir='ltr'>Μωαϐίτιδος</span> <span class='ocrx_word' id='word_1_49' title='bbox 1579 869 1613 936; x_wconf 79' lang='grc' dir='ltr'>ἠ</span> <span class='ocrx_word' id='word_1_50' title='bbox 1663 861 1897 922; x_wconf 74' lang='grc' dir='ltr'>Ἐσεῦὼν</span> <span class='ocrx_word' id='word_1_51' title='bbox 1951 864 2041 920; x_wconf 84' lang='grc' dir='ltr'>καὶ</span> 
     </span>
    </p>
   </div>
   <div class='ocr_carea' id='block_1_10' title="bbox 391 949 2040 1026">
    <p class='ocr_par' dir='ltr' id='par_1_10' title="bbox 391 949 2040 1026">
     <span class='ocr_line' id='line_1_10' title="bbox 391 949 2040 1026; baseline -0.003 -14"><span class='ocrx_word' id='word_1_52' title='bbox 391 952 632 1022; x_wconf 87' lang='grc' dir='ltr'>Ἐλεαλή</span> <span class='ocrx_word' id='word_1_53' title='bbox 665 949 950 1009; x_wconf 73' lang='grc' dir='ltr'>κατέϐαλε.</span> <span class='ocrx_word' id='word_1_54' title='bbox 976 953 1035 1008; x_wconf 92' lang='grc' dir='ltr'>Τί</span> <span class='ocrx_word' id='word_1_55' title='bbox 1072 950 1128 1008; x_wconf 71' lang='grc' dir='ltr'>δὲ</span> <span class='ocrx_word' id='word_1_56' title='bbox 1176 952 1264 1008; x_wconf 88' lang='grc' dir='ltr'>καὶ</span> <span class='ocrx_word' id='word_1_57' title='bbox 1324 953 1430 1008; x_wconf 89' lang='grc' dir='ltr'>ἀπὸ</span> <span class='ocrx_word' id='word_1_58' title='bbox 1487 954 1692 1010; x_wconf 76' lang='grc' dir='ltr'>τούτων</span> <span class='ocrx_word' id='word_1_59' title='bbox 1755 952 2040 1026; x_wconf 77' lang='grc' dir='ltr'>δηλοῦται,</span> 
     </span>
    </p>
   </div>
   <div class='ocr_carea' id='block_1_11' title="bbox 388 1039 2040 1120">
    <p class='ocr_par' dir='ltr' id='par_1_11' title="bbox 388 1039 2040 1120">
     <span class='ocr_line' id='line_1_11' title="bbox 388 1039 2040 1120; baseline -0.001 -22"><span class='ocrx_word' id='word_1_60' title='bbox 388 1045 518 1120; x_wconf 79' lang='grc' dir='ltr'>φέρε</span> <span class='ocrx_word' id='word_1_61' title='bbox 573 1045 708 1098; x_wconf 84' lang='grc' dir='ltr'>κατᾶ</span> <span class='ocrx_word' id='word_1_62' title='bbox 765 1042 826 1096; x_wconf 82' lang='grc' dir='ltr'>τὸ</span> <span class='ocrx_word' id='word_1_63' title='bbox 883 1039 1103 1096; x_wconf 88' lang='grc' dir='ltr'>δυνατὸν</span> <span class='ocrx_word' id='word_1_64' title='bbox 1159 1045 1621 1117; x_wconf 83' lang='grc' dir='ltr'>παραστήσωμεν.</span> <span class='ocrx_word' id='word_1_65' title='bbox 1653 1042 2040 1119; x_wconf 84' lang='grc' dir='ltr'>Ἐρμηνεύεται</span> 
     </span>
    </p>
   </div>
   <div class='ocr_carea' id='block_1_12' title="bbox 386 1125 2040 1205">
    <p class='ocr_par' dir='ltr' id='par_1_12' title="bbox 386 1125 2040 1205">
     <span class='ocr_line' id='line_1_12' title="bbox 386 1125 2040 1205; baseline 0 -19"><span class='ocrx_word' id='word_1_66' title='bbox 386 1133 422 1202; x_wconf 81' lang='grc' dir='ltr'>ἠ</span> <span class='ocrx_word' id='word_1_67' title='bbox 464 1131 558 1205; x_wconf 77' lang='grc' dir='ltr'>μὶν</span> <span class='ocrx_word' id='word_1_68' title='bbox 610 1125 870 1200; x_wconf 80' lang='grc' dir='ltr'>Ἐσεϐὼν,</span> <span class='ocrx_word' id='word_1_69' title='bbox 923 1127 1203 1205; x_wconf 89' lang='grc' dir='ltr'>λογισμοί·</span> <span class='ocrx_word' id='word_1_70' title='bbox 1239 1133 1273 1200; x_wconf 79' lang='grc' dir='ltr'>ἠ</span> <span class='ocrx_word' id='word_1_71' title='bbox 1327 1128 1383 1186; x_wconf 70' lang='grc' dir='ltr'>δὲ</span> <span class='ocrx_word' id='word_1_72' title='bbox 1423 1131 1684 1203; x_wconf 80' lang='grc' dir='ltr'>Ἐλεαλή,</span> <span class='ocrx_word' id='word_1_73' title='bbox 1735 1136 1868 1187; x_wconf 88' lang='grc' dir='ltr'>Θεοῦ</span> <span class='ocrx_word' id='word_1_74' title='bbox 1915 1131 2040 1187; x_wconf 83' lang='grc' dir='ltr'>ἀνά-</span> 
     </span>
    </p>
   </div>
   <div class='ocr_carea' id='block_1_13' title="bbox 387 1213 2037 1296">
    <p class='ocr_par' dir='ltr' id='par_1_13' title="bbox 387 1213 2037 1296">
     <span class='ocr_line' id='line_1_13' title="bbox 387 1213 2037 1296; baseline 0.001 -21"><span class='ocrx_word' id='word_1_75' title='bbox 387 1215 560 1284; x_wconf 75' lang='grc' dir='ltr'>ϐασις.</span> <span class='ocrx_word' id='word_1_76' title='bbox 622 1213 1032 1275; x_wconf 73' lang='grc' dir='ltr'>Καταϐάλλεται</span> <span class='ocrx_word' id='word_1_77' title='bbox 1108 1217 1198 1274; x_wconf 85' lang='grc' dir='ltr'>οῦν</span> <span class='ocrx_word' id='word_1_78' title='bbox 1269 1218 1518 1293; x_wconf 81' lang='grc' dir='ltr'>ἄμπελος</span> <span class='ocrx_word' id='word_1_79' title='bbox 1587 1219 1893 1296; x_wconf 86' lang='grc' dir='ltr'>ἀλλοτρία,</span> <span class='ocrx_word' id='word_1_80' title='bbox 1950 1222 2037 1276; x_wconf 81' lang='grc' dir='ltr'>καὶ</span> 
     </span>
    </p>
   </div>
   <div class='ocr_carea' id='block_1_14' title="bbox 388 1306 2039 1387">
    <p class='ocr_par' dir='ltr' id='par_1_14' title="bbox 388 1306 2039 1387">
     <span class='ocr_line' id='line_1_14' title="bbox 388 1306 2039 1387; baseline -0.001 -22"><span class='ocrx_word' id='word_1_81' title='bbox 388 1307 576 1382; x_wconf 87' lang='grc' dir='ltr'>δένδρα</span> <span class='ocrx_word' id='word_1_82' title='bbox 636 1307 735 1363; x_wconf 82' lang='grc' dir='ltr'>ὅσα</span> <span class='ocrx_word' id='word_1_83' title='bbox 793 1309 896 1364; x_wconf 85' lang='grc' dir='ltr'>οὐκ</span> <span class='ocrx_word' id='word_1_84' title='bbox 949 1306 1228 1384; x_wconf 79' lang='grc' dir='ltr'>ἐφύτευσεν</span> <span class='ocrx_word' id='word_1_85' title='bbox 1265 1309 1292 1362; x_wconf 87' lang='grc' dir='ltr'>ὁ</span> <span class='ocrx_word' id='word_1_86' title='bbox 1325 1311 1512 1386; x_wconf 76' lang='grc' dir='ltr'>Πατὴρ</span> <span class='ocrx_word' id='word_1_87' title='bbox 1573 1311 1600 1365; x_wconf 83' lang='grc' dir='ltr'>ὁ</span> <span class='ocrx_word' id='word_1_88' title='bbox 1644 1311 1919 1387; x_wconf 85' lang='grc' dir='ltr'>οὐράνιος,</span> <span class='ocrx_word' id='word_1_89' title='bbox 1951 1311 2039 1366; x_wconf 88' lang='grc' dir='ltr'>καὶ</span> 
     </span>
    </p>
   </div>
   <div class='ocr_carea' id='block_1_15' title="bbox 385 1395 2040 1476">
    <p class='ocr_par' dir='ltr' id='par_1_15' title="bbox 385 1395 2040 1476">
     <span class='ocr_line' id='line_1_15' title="bbox 385 1395 2040 1476; baseline 0.001 -24"><span class='ocrx_word' id='word_1_90' title='bbox 385 1398 806 1474; x_wconf 86' lang='grc' dir='ltr'>ἀνατρέπεταιὴ</span> <span class='ocrx_word' id='word_1_91' title='bbox 837 1395 1022 1475; x_wconf 81' lang='grc' dir='ltr'>φυτεία</span> <span class='ocrx_word' id='word_1_92' title='bbox 1064 1400 1172 1451; x_wconf 80' lang='grc' dir='ltr'>τῶν</span> <span class='ocrx_word' id='word_1_93' title='bbox 1223 1396 1544 1470; x_wconf 78' lang='grc' dir='ltr'>έτεροδοξων</span> <span class='ocrx_word' id='word_1_94' title='bbox 1604 1399 1704 1454; x_wconf 83' lang='grc' dir='ltr'>ὑπὸ</span> <span class='ocrx_word' id='word_1_95' title='bbox 1761 1399 2040 1476; x_wconf 77' lang='grc' dir='ltr'>λογισμῶν</span> 
     </span>
    </p>
   </div>
   <div class='ocr_carea' id='block_1_16' title="bbox 392 1483 2037 1562">
    <p class='ocr_par' dir='ltr' id='par_1_16' title="bbox 392 1483 2037 1562">
     <span class='ocr_line' id='line_1_16' title="bbox 392 1483 2037 1562; baseline 0.001 -22"><span class='ocrx_word' id='word_1_96' title='bbox 392 1484 569 1560; x_wconf 82' lang='grc' dir='ltr'>ὀρθῶν</span> <span class='ocrx_word' id='word_1_97' title='bbox 599 1485 689 1540; x_wconf 85' lang='grc' dir='ltr'>καὶ</span> <span class='ocrx_word' id='word_1_98' title='bbox 719 1493 818 1556; x_wconf 83' lang='grc' dir='ltr'>τῆς</span> <span class='ocrx_word' id='word_1_99' title='bbox 851 1483 1046 1540; x_wconf 86' lang='grc' dir='ltr'>ἀνόδου</span> <span class='ocrx_word' id='word_1_100' title='bbox 1076 1491 1175 1555; x_wconf 86' lang='grc' dir='ltr'>τῆς</span> <span class='ocrx_word' id='word_1_101' title='bbox 1205 1487 1341 1562; x_wconf 87' lang='grc' dir='ltr'>πρὸς</span> <span class='ocrx_word' id='word_1_102' title='bbox 1400 1489 1526 1543; x_wconf 86' lang='grc' dir='ltr'>Θεὸν</span> <span class='ocrx_word' id='word_1_103' title='bbox 1591 1488 1830 1562; x_wconf 79' lang='grc' dir='ltr'>ὑψούσης</span> <span class='ocrx_word' id='word_1_104' title='bbox 1889 1491 2037 1561; x_wconf 81' lang='grc' dir='ltr'>ἡμᾶς</span> 
     </span>
    </p>
   </div>
   <div class='ocr_carea' id='block_1_17' title="bbox 384 1572 2038 1652">
    <p class='ocr_par' dir='ltr' id='par_1_17' title="bbox 384 1572 2038 1652">
     <span class='ocr_line' id='line_1_17' title="bbox 384 1572 2038 1652; baseline 0.001 -22"><span class='ocrx_word' id='word_1_105' title='bbox 384 1573 454 1630; x_wconf 87' lang='grc' dir='ltr'>δι’</span> <span class='ocrx_word' id='word_1_106' title='bbox 514 1572 687 1652; x_wconf 81' lang='grc' dir='ltr'>ἔργων</span> <span class='ocrx_word' id='word_1_107' title='bbox 747 1575 987 1649; x_wconf 80' lang='grc' dir='ltr'>ἀγαθῶν.</span> <span class='ocrx_word' id='word_1_108' title='bbox 1046 1573 1326 1650; x_wconf 73' lang='grc' dir='ltr'>Μακάριος</span> <span class='ocrx_word' id='word_1_109' title='bbox 1413 1575 1502 1630; x_wconf 86' lang='grc' dir='ltr'>οῦν</span> <span class='ocrx_word' id='word_1_110' title='bbox 1585 1576 1720 1651; x_wconf 76' lang='grc' dir='ltr'>ἀνὴρ</span> <span class='ocrx_word' id='word_1_111' title='bbox 1781 1577 1842 1631; x_wconf 87' lang='grc' dir='ltr'>οῦ</span> <span class='ocrx_word' id='word_1_112' title='bbox 1897 1576 2038 1632; x_wconf 82' lang='grc' dir='ltr'>ἐστιν</span> 
     </span>
    </p>
   </div>
   <div class='ocr_carea' id='block_1_18' title="bbox 386 1661 2038 1740">
    <p class='ocr_par' dir='ltr' id='par_1_18' title="bbox 386 1661 2038 1740">
     <span class='ocr_line' id='line_1_18' title="bbox 386 1661 2038 1740; baseline 0.001 -21"><span class='ocrx_word' id='word_1_113' title='bbox 386 1664 681 1739; x_wconf 80' lang='grc' dir='ltr'>ἀντίληψις</span> <span class='ocrx_word' id='word_1_114' title='bbox 761 1665 927 1719; x_wconf 83' lang='grc' dir='ltr'>αὐτοῦ</span> <span class='ocrx_word' id='word_1_115' title='bbox 1005 1665 1118 1737; x_wconf 91' lang='grc'>(10)</span> <span class='ocrx_word' id='word_1_116' title='bbox 1175 1666 1319 1740; x_wconf 86' lang='grc' dir='ltr'>παρά</span> <span class='ocrx_word' id='word_1_117' title='bbox 1399 1670 1515 1737; x_wconf 87' lang='grc' dir='ltr'>σοῦ,</span> <span class='ocrx_word' id='word_1_118' title='bbox 1577 1661 1858 1728; x_wconf 69' lang='grc' dir='ltr'>ἀναϐάσεις</span> <span class='ocrx_word' id='word_1_119' title='bbox 1943 1688 2038 1720; x_wconf 89' lang='grc' dir='ltr'>σου</span> 
     </span>
    </p>
   </div>
   <div class='ocr_carea' id='block_1_19' title="bbox 382 1750 2036 1831">
    <p class='ocr_par' dir='ltr' id='par_1_19' title="bbox 382 1750 2036 1831">
     <span class='ocr_line' id='line_1_19' title="bbox 382 1750 2036 1831; baseline 0 -22"><span class='ocrx_word' id='word_1_120' title='bbox 382 1752 434 1809; x_wconf 83' lang='grc' dir='ltr'>ἐν</span> <span class='ocrx_word' id='word_1_121' title='bbox 466 1758 533 1828; x_wconf 78' lang='grc' dir='ltr'>τῇ</span> <span class='ocrx_word' id='word_1_122' title='bbox 565 1750 762 1830; x_wconf 79' lang='grc' dir='ltr'>καρδίᾳ</span> <span class='ocrx_word' id='word_1_123' title='bbox 821 1753 1005 1810; x_wconf 89' lang='grc' dir='ltr'>αὐτοῦ.</span> <span class='ocrx_word' id='word_1_124' title='bbox 1039 1754 1098 1809; x_wconf 66' lang='grc'>⁸0</span> <span class='ocrx_word' id='word_1_125' title='bbox 1155 1752 1246 1808; x_wconf 83' lang='grc' dir='ltr'>οῦν</span> <span class='ocrx_word' id='word_1_126' title='bbox 1307 1752 1450 1830; x_wconf 77' lang='grc' dir='ltr'>ἔχων</span> <span class='ocrx_word' id='word_1_127' title='bbox 1510 1754 1598 1810; x_wconf 84' lang='grc' dir='ltr'>ἐπὶ</span> <span class='ocrx_word' id='word_1_128' title='bbox 1654 1757 1752 1824; x_wconf 76' lang='grc' dir='ltr'>τήν</span> <span class='ocrx_word' id='word_1_129' title='bbox 1812 1754 2036 1831; x_wconf 83' lang='grc' dir='ltr'>καρδίαν</span> 
     </span>
    </p>
   </div>
   <div class='ocr_carea' id='block_1_20' title="bbox 387 1839 2114 1947">
    <p class='ocr_par' dir='ltr' id='par_1_20' title="bbox 387 1839 2114 1947">
     <span class='ocr_line' id='line_1_20' title="bbox 387 1839 2114 1947; baseline -0.001 -47"><span class='ocrx_word' id='word_1_130' title='bbox 387 1842 553 1900; x_wconf 82' lang='grc' dir='ltr'>αὐτοῦ</span> <span class='ocrx_word' id='word_1_131' title='bbox 583 1845 679 1908; x_wconf 81' lang='grc' dir='ltr'>τὰς</span> <span class='ocrx_word' id='word_1_132' title='bbox 705 1847 801 1898; x_wconf 90' lang='grc' dir='ltr'>τοῦ</span> <span class='ocrx_word' id='word_1_133' title='bbox 862 1848 995 1898; x_wconf 92' lang='grc' dir='ltr'>Θεοῦ</span> <span class='ocrx_word' id='word_1_134' title='bbox 1055 1839 1363 1915; x_wconf 75' lang='grc' dir='ltr'>ἀναϐάσεις,</span> <span class='ocrx_word' id='word_1_135' title='bbox 1395 1845 1484 1898; x_wconf 86' lang='grc' dir='ltr'>καὶ</span> <span class='ocrx_word' id='word_1_136' title='bbox 1533 1849 1640 1899; x_wconf 80' lang='grc' dir='ltr'>τῶν</span> <span class='ocrx_word' id='word_1_137' title='bbox 1691 1845 1880 1900; x_wconf 72' lang='grc' dir='ltr'>ἑαυτοῦ</span> <span class='ocrx_word' id='word_1_138' title='bbox 1939 1843 2034 1899; x_wconf 88' lang='grc' dir='ltr'>λο-</span> <span class='ocrx_word' id='word_1_139' title='bbox 2069 1882 2114 1947; x_wconf 83' lang='grc' dir='ltr'><strong>Β</strong></span> 
     </span>
     <span class='ocr_line' id='line_1_21' title="bbox 533 1930 1993 1947; baseline 0 0"><span class='ocrx_word' id='word_1_140' title='bbox 533 1937 557 1947; x_wconf 80' lang='grc'>-</span> <span class='ocrx_word' id='word_1_141' title='bbox 638 1930 652 1947; x_wconf 83' lang='lat'>.</span> <span class='ocrx_word' id='word_1_142' title='bbox 780 1930 820 1947; x_wconf 55' lang='grc' dir='ltr'><strong><em>,κ</em></strong></span> <span class='ocrx_word' id='word_1_143' title='bbox 1123 1931 1136 1947; x_wconf 91' lang='lat'>.</span> <span class='ocrx_word' id='word_1_144' title='bbox 1368 1930 1391 1947; x_wconf 69' lang='grc' dir='ltr'>ε.</span> <span class='ocrx_word' id='word_1_145' title='bbox 1536 1933 1549 1947; x_wconf 84' lang='lat'>.</span> <span class='ocrx_word' id='word_1_146' title='bbox 1623 1930 1647 1947; x_wconf 76' lang='grc' dir='ltr'>,ι</span> <span class='ocrx_word' id='word_1_147' title='bbox 1862 1935 1873 1947; x_wconf 87' lang='grc'>.</span> <span class='ocrx_word' id='word_1_148' title='bbox 1967 1939 1993 1947; x_wconf 83' lang='grc'><strong><em>-</em></strong></span> 
     </span>
    </p>
   </div>
   <div class='ocr_carea' id='block_1_21' title="bbox 386 1930 2036 2007">
    <p class='ocr_par' dir='ltr' id='par_1_21' title="bbox 386 1930 2036 2007">
     <span class='ocr_line' id='line_1_22' title="bbox 386 1930 2036 2007; baseline 0.003 -22"><span class='ocrx_word' id='word_1_149' title='bbox 386 1937 599 2007; x_wconf 76' lang='grc' dir='ltr'>γισμῶν</span> <span class='ocrx_word' id='word_1_150' title='bbox 634 1930 948 2006; x_wconf 81' lang='grc' dir='ltr'>ἐπιμέλειαν</span> <span class='ocrx_word' id='word_1_151' title='bbox 979 1931 1328 2005; x_wconf 79' lang='grc' dir='ltr'>ποιούμενος,</span> <span class='ocrx_word' id='word_1_152' title='bbox 1365 1930 1588 1996; x_wconf 86' lang='grc' dir='ltr'>δυνατὸς</span> <span class='ocrx_word' id='word_1_153' title='bbox 1621 1930 1766 1990; x_wconf 84' lang='grc' dir='ltr'>ἔσται</span> <span class='ocrx_word' id='word_1_154' title='bbox 1819 1935 1885 1988; x_wconf 82' lang='grc' dir='ltr'>τὰ</span> <span class='ocrx_word' id='word_1_155' title='bbox 1929 1939 2036 1990; x_wconf 79' lang='grc' dir='ltr'>τῶν</span> 
     </span>
    </p>
   </div>
   <div class='ocr_carea' id='block_1_22' title="bbox 388 2018 2039 2102">
    <p class='ocr_par' dir='ltr' id='par_1_22' title="bbox 388 2018 2039 2102">
     <span class='ocr_line' id='line_1_23' title="bbox 388 2018 2039 2102; baseline 0.001 -27"><span class='ocrx_word' id='word_1_156' title='bbox 388 2018 716 2096; x_wconf 74' lang='grc' dir='ltr'>ὶτεροδόεων</span> <span class='ocrx_word' id='word_1_157' title='bbox 779 2020 1234 2100; x_wconf 72' lang='grc' dir='ltr'>καταστρέφεσθαι</span> <span class='ocrx_word' id='word_1_158' title='bbox 1310 2019 1575 2096; x_wconf 82' lang='grc' dir='ltr'>δόγματα,</span> <span class='ocrx_word' id='word_1_159' title='bbox 1633 2028 1810 2086; x_wconf 82' lang='grc' dir='ltr'>κακῶς</span> <span class='ocrx_word' id='word_1_160' title='bbox 1868 2044 2039 2102; x_wconf 84' lang='grc' dir='ltr'>πεφυ-</span> 
     </span>
    </p>
   </div>
   <div class='ocr_carea' id='block_1_23' title="bbox 388 2109 2040 2190">
    <p class='ocr_par' dir='ltr' id='par_1_23' title="bbox 388 2109 2040 2190">
     <span class='ocr_line' id='line_1_24' title="bbox 388 2109 2040 2190; baseline 0.002 -26"><span class='ocrx_word' id='word_1_161' title='bbox 388 2109 643 2182; x_wconf 77' lang='grc' dir='ltr'>τευμένα,</span> <span class='ocrx_word' id='word_1_162' title='bbox 698 2109 790 2164; x_wconf 82' lang='grc' dir='ltr'>καὶ</span> <span class='ocrx_word' id='word_1_163' title='bbox 871 2109 958 2164; x_wconf 75' lang='grc' dir='ltr'>ἐπ’</span> <span class='ocrx_word' id='word_1_164' title='bbox 1007 2109 1220 2186; x_wconf 81' lang='grc' dir='ltr'>ὀλέθρῳ</span> <span class='ocrx_word' id='word_1_165' title='bbox 1285 2117 1758 2190; x_wconf 86' lang='grc' dir='ltr'>καρποφοροῦντα.</span> <span class='ocrx_word' id='word_1_166' title='bbox 1815 2115 2040 2168; x_wconf 86' lang='grc' dir='ltr'>’Έπειτά</span> 
     </span>
    </p>
   </div>
   <div class='ocr_carea' id='block_1_24' title="bbox 393 2197 2039 2277">
    <p class='ocr_par' dir='ltr' id='par_1_24' title="bbox 393 2197 2039 2277">
     <span class='ocr_line' id='line_1_25' title="bbox 393 2197 2039 2277; baseline 0.002 -25"><span class='ocrx_word' id='word_1_167' title='bbox 393 2220 578 2276; x_wconf 89' lang='grc' dir='ltr'>φησιν,</span> <span class='ocrx_word' id='word_1_168' title='bbox 613 2197 696 2253; x_wconf 78' lang='grc' dir='ltr'>ὅτι</span> <span class='ocrx_word' id='word_1_169' title='bbox 749 2198 875 2253; x_wconf 84' lang='grc' dir='ltr'>Ἐπὶ</span> <span class='ocrx_word' id='word_1_170' title='bbox 933 2203 1015 2270; x_wconf 80' lang='grc' dir='ltr'>τῷ</span> <span class='ocrx_word' id='word_1_171' title='bbox 1072 2201 1316 2276; x_wconf 79' lang='grc' dir='ltr'>θερισμῷ</span> <span class='ocrx_word' id='word_1_172' title='bbox 1369 2221 1463 2254; x_wconf 87' lang='grc' dir='ltr'>σου</span> <span class='ocrx_word' id='word_1_173' title='bbox 1521 2201 1609 2256; x_wconf 84' lang='grc' dir='ltr'>καὶ</span> <span class='ocrx_word' id='word_1_174' title='bbox 1669 2201 1755 2256; x_wconf 83' lang='grc' dir='ltr'>ἐπι</span> <span class='ocrx_word' id='word_1_175' title='bbox 1787 2207 1864 2274; x_wconf 79' lang='grc' dir='ltr'>τῷ</span> <span class='ocrx_word' id='word_1_176' title='bbox 1912 2222 2039 2277; x_wconf 73' lang='grc' dir='ltr'>τρυο</span> 
     </span>
    </p>
   </div>
   <div class='ocr_carea' id='block_1_25' title="bbox 392 2289 2042 2361">
    <p class='ocr_par' dir='ltr' id='par_1_25' title="bbox 392 2289 2042 2361">
     <span class='ocr_line' id='line_1_26' title="bbox 392 2289 2042 2361; baseline 0.002 -19"><span class='ocrx_word' id='word_1_177' title='bbox 392 2291 544 2361; x_wconf 86' lang='grc' dir='ltr'>γητῷ</span> <span class='ocrx_word' id='word_1_178' title='bbox 627 2308 724 2341; x_wconf 92' lang='grc' dir='ltr'>σου</span> <span class='ocrx_word' id='word_1_179' title='bbox 809 2290 1196 2358; x_wconf 83' lang='grc' dir='ltr'>καταπατήσω,</span> <span class='ocrx_word' id='word_1_180' title='bbox 1255 2290 1343 2344; x_wconf 85' lang='grc' dir='ltr'>καὶ</span> <span class='ocrx_word' id='word_1_181' title='bbox 1422 2289 1596 2345; x_wconf 88' lang='grc' dir='ltr'>πάντα</span> <span class='ocrx_word' id='word_1_182' title='bbox 1678 2295 2042 2346; x_wconf 90' lang='grc' dir='ltr'>καταπεσοῦν-</span> 
     </span>
    </p>
   </div>
   <div class='ocr_carea' id='block_1_26' title="bbox 392 2372 2041 2456">
    <p class='ocr_par' dir='ltr' id='par_1_26' title="bbox 392 2372 2041 2456">
     <span class='ocr_line' id='line_1_27' title="bbox 392 2372 2041 2456; baseline 0.004 -28"><span class='ocrx_word' id='word_1_183' title='bbox 392 2395 499 2430; x_wconf 87' lang='grc' dir='ltr'>ται.</span> <span class='ocrx_word' id='word_1_184' title='bbox 533 2372 754 2444; x_wconf 79' lang='grc' dir='ltr'>Ἐπειδὴ</span> <span class='ocrx_word' id='word_1_185' title='bbox 785 2376 886 2452; x_wconf 82' lang='grc' dir='ltr'>γὰρ</span> <span class='ocrx_word' id='word_1_186' title='bbox 919 2377 975 2432; x_wconf 76' lang='grc' dir='ltr'>ὃν</span> <span class='ocrx_word' id='word_1_187' title='bbox 1011 2383 1207 2450; x_wconf 80' lang='grc' dir='ltr'>θερίζει</span> <span class='ocrx_word' id='word_1_188' title='bbox 1240 2383 1408 2447; x_wconf 91' lang='grc' dir='ltr'>σῖτον,</span> <span class='ocrx_word' id='word_1_189' title='bbox 1439 2379 1528 2434; x_wconf 87' lang='grc' dir='ltr'>καὶ</span> <span class='ocrx_word' id='word_1_190' title='bbox 1559 2379 1615 2434; x_wconf 83' lang='grc' dir='ltr'>’ὀν</span> <span class='ocrx_word' id='word_1_191' title='bbox 1646 2385 1816 2456; x_wconf 85' lang='grc' dir='ltr'>τρυγᾷ</span> <span class='ocrx_word' id='word_1_192' title='bbox 1873 2379 2041 2450; x_wconf 81' lang='grc' dir='ltr'>οἶνον,</span> 
     </span>
    </p>
   </div>
   <div class='ocr_carea' id='block_1_27' title="bbox 398 2462 2045 2544">
    <p class='ocr_par' dir='ltr' id='par_1_27' title="bbox 398 2462 2045 2544">
     <span class='ocr_line' id='line_1_28' title="bbox 398 2462 2045 2544; baseline 0.003 -25"><span class='ocrx_word' id='word_1_193' title='bbox 398 2463 653 2526; x_wconf 74' lang='grc' dir='ltr'>ἐναντίως</span> <span class='ocrx_word' id='word_1_194' title='bbox 682 2462 871 2540; x_wconf 78' lang='grc' dir='ltr'>ἔχουσι</span> <span class='ocrx_word' id='word_1_195' title='bbox 900 2467 979 2539; x_wconf 76' lang='grc' dir='ltr'>τῷ</span> <span class='ocrx_word' id='word_1_196' title='bbox 1011 2464 1158 2539; x_wconf 73' lang='grc' dir='ltr'>ἄρτῳ</span> <span class='ocrx_word' id='word_1_197' title='bbox 1196 2471 1275 2539; x_wconf 81' lang='grc' dir='ltr'>τῷ</span> <span class='ocrx_word' id='word_1_198' title='bbox 1324 2469 1636 2543; x_wconf 88' lang='grc' dir='ltr'>στηρίζοντι</span> <span class='ocrx_word' id='word_1_199' title='bbox 1683 2467 1904 2544; x_wconf 85' lang='grc' dir='ltr'>καρδίαν</span> <span class='ocrx_word' id='word_1_200' title='bbox 1951 2469 2045 2524; x_wconf 87' lang='grc' dir='ltr'>ἀν-</span> 
     </span>
    </p>
   </div>
   <div class='ocr_carea' id='block_1_28' title="bbox 399 2550 2042 2635">
    <p class='ocr_par' dir='ltr' id='par_1_28' title="bbox 399 2550 2042 2635">
     <span class='ocr_line' id='line_1_29' title="bbox 399 2550 2042 2635; baseline 0.004 -28"><span class='ocrx_word' id='word_1_201' title='bbox 399 2554 644 2629; x_wconf 83' lang='grc' dir='ltr'>θρώπου,</span> <span class='ocrx_word' id='word_1_202' title='bbox 677 2553 766 2609; x_wconf 83' lang='grc' dir='ltr'>καὶ</span> <span class='ocrx_word' id='word_1_203' title='bbox 800 2550 933 2628; x_wconf 79' lang='grc' dir='ltr'>οἷ’νῳ</span> <span class='ocrx_word' id='word_1_204' title='bbox 962 2558 1040 2626; x_wconf 80' lang='grc' dir='ltr'>τῷ</span> <span class='ocrx_word' id='word_1_205' title='bbox 1065 2555 1406 2632; x_wconf 84' lang='grc' dir='ltr'>εὐφραίνοντι</span> <span class='ocrx_word' id='word_1_206' title='bbox 1437 2555 1660 2631; x_wconf 84' lang='grc' dir='ltr'>καρδίαν</span> <span class='ocrx_word' id='word_1_207' title='bbox 1707 2558 1996 2635; x_wconf 85' lang='grc' dir='ltr'>ἀνθρώπου</span> <span class='ocrx_word' id='word_1_208' title='bbox 2029 2576 2042 2588; x_wconf 78' lang='grc'><strong>⁸</strong></span> 
     </span>
    </p>
   </div>
   <div class='ocr_carea' id='block_1_29' title="bbox 399 2641 2044 2725">
    <p class='ocr_par' dir='ltr' id='par_1_29' title="bbox 399 2641 2044 2725">
     <span class='ocr_line' id='line_1_30' title="bbox 399 2641 2044 2725; baseline 0.004 -30"><span class='ocrx_word' id='word_1_209' title='bbox 399 2641 474 2706; x_wconf 84' lang='grc' dir='ltr'>ὡς</span> <span class='ocrx_word' id='word_1_210' title='bbox 505 2642 709 2718; x_wconf 83' lang='grc' dir='ltr'>ἀγαθὸς</span> <span class='ocrx_word' id='word_1_211' title='bbox 740 2644 768 2697; x_wconf 92' lang='lat'>6</span> <span class='ocrx_word' id='word_1_212' title='bbox 799 2643 927 2705; x_wconf 83' lang='grc' dir='ltr'>Θεὸς</span> <span class='ocrx_word' id='word_1_213' title='bbox 957 2649 1136 2713; x_wconf 81' lang='grc' dir='ltr'>πατεῖ,</span> <span class='ocrx_word' id='word_1_214' title='bbox 1169 2643 1268 2700; x_wconf 88' lang='grc' dir='ltr'>οὐκ</span> <span class='ocrx_word' id='word_1_215' title='bbox 1325 2644 1425 2700; x_wconf 82' lang='grc' dir='ltr'>ἐῶν</span> <span class='ocrx_word' id='word_1_216' title='bbox 1479 2645 1715 2722; x_wconf 75' lang='grc' dir='ltr'>γενέσθαι</span> <span class='ocrx_word' id='word_1_217' title='bbox 1772 2648 1978 2725; x_wconf 72' lang='grc' dir='ltr'>τροφὴν</span> 
     </span>
    </p>
   </div>
   <div class='ocr_carea' id='block_1_30' title="bbox 396 2728 2046 2812">
    <p class='ocr_par' dir='ltr' id='par_1_30' title="bbox 396 2728 2046 2812">
     <span class='ocr_line' id='line_1_31' title="bbox 396 2728 2046 2812; baseline 0.002 -27"><span class='ocrx_word' id='word_1_218' title='bbox 396 2732 564 2786; x_wconf 86' lang='grc' dir='ltr'>ποτὸν</span> <span class='ocrx_word' id='word_1_219' title='bbox 600 2737 716 2794; x_wconf 85' lang='grc' dir='ltr'>τοῖς</span> <span class='ocrx_word' id='word_1_220' title='bbox 750 2728 820 2786; x_wconf 85' lang='grc' dir='ltr'>δι’</span> <span class='ocrx_word' id='word_1_221' title='bbox 852 2728 1069 2808; x_wconf 69' lang='grc' dir='ltr'>ἄγνοιαν</span> <span class='ocrx_word' id='word_1_222' title='bbox 1115 2739 1217 2802; x_wconf 83' lang='grc' dir='ltr'>τῆς</span> <span class='ocrx_word' id='word_1_223' title='bbox 1247 2736 1374 2809; x_wconf 78' lang='grc' dir='ltr'>παρ’</span> <span class='ocrx_word' id='word_1_224' title='bbox 1403 2733 1577 2790; x_wconf 81' lang='grc' dir='ltr'>αὐτῶν</span> <span class='ocrx_word' id='word_1_225' title='bbox 1632 2731 1846 2812; x_wconf 78' lang='grc' dir='ltr'>βλάϐης</span> <span class='ocrx_word' id='word_1_226' title='bbox 1895 2733 2046 2790; x_wconf 85' lang='grc' dir='ltr'>ἀδια-</span> 
     </span>
    </p>
   </div>
   <div class='ocr_carea' id='block_1_31' title="bbox 394 2819 2045 2899">
    <p class='ocr_par' dir='ltr' id='par_1_31' title="bbox 394 2819 2045 2899">
     <span class='ocr_line' id='line_1_32' title="bbox 394 2819 2045 2899; baseline 0.002 -25"><span class='ocrx_word' id='word_1_227' title='bbox 394 2819 598 2895; x_wconf 88' lang='grc' dir='ltr'>κρίτως</span> <span class='ocrx_word' id='word_1_228' title='bbox 633 2820 1117 2899; x_wconf 74' lang='grc' dir='ltr'>προσφερομένοις.</span> <span class='ocrx_word' id='word_1_229' title='bbox 1183 2821 1306 2878; x_wconf 84' lang='grc' dir='ltr'>Ἐπὶ</span> <span class='ocrx_word' id='word_1_230' title='bbox 1366 2821 1455 2878; x_wconf 84' lang='grc' dir='ltr'>οῦν</span> <span class='ocrx_word' id='word_1_231' title='bbox 1513 2828 1592 2896; x_wconf 78' lang='grc' dir='ltr'>τῷ</span> <span class='ocrx_word' id='word_1_232' title='bbox 1650 2829 1894 2899; x_wconf 76' lang='grc' dir='ltr'>θερισμῷ</span> <span class='ocrx_word' id='word_1_233' title='bbox 1951 2845 2045 2879; x_wconf 85' lang='grc' dir='ltr'>σου</span> 
     </span>
    </p>
   </div>
   <div class='ocr_carea' id='block_1_32' title="bbox 393 2908 2045 2985">
    <p class='ocr_par' dir='ltr' id='par_1_32' title="bbox 393 2908 2045 2985">
     <span class='ocr_line' id='line_1_33' title="bbox 393 2908 2045 2985; baseline 0.004 -22"><span class='ocrx_word' id='word_1_234' title='bbox 393 2911 480 2964; x_wconf 80' lang='grc' dir='ltr'>καὶ</span> <span class='ocrx_word' id='word_1_235' title='bbox 533 2908 614 2982; x_wconf 80' lang='grc' dir='ltr'>τῷ</span> <span class='ocrx_word' id='word_1_236' title='bbox 669 2914 930 2985; x_wconf 86' lang='grc' dir='ltr'>τρυγητῷ</span> <span class='ocrx_word' id='word_1_237' title='bbox 985 2931 1081 2965; x_wconf 91' lang='grc' dir='ltr'>σου</span> <span class='ocrx_word' id='word_1_238' title='bbox 1134 2914 1520 2982; x_wconf 83' lang='grc' dir='ltr'>καταπατήσω,</span> <span class='ocrx_word' id='word_1_239' title='bbox 1579 2915 1667 2968; x_wconf 85' lang='grc' dir='ltr'>καὶ</span> <span class='ocrx_word' id='word_1_240' title='bbox 1724 2915 1899 2969; x_wconf 88' lang='grc' dir='ltr'>πάντα</span> <span class='ocrx_word' id='word_1_241' title='bbox 1952 2935 2045 2969; x_wconf 87' lang='grc' dir='ltr'>πε-</span> 
     </span>
    </p>
   </div>
   <div class='ocr_carea' id='block_1_33' title="bbox 399 2997 2046 3076">
    <p class='ocr_par' dir='ltr' id='par_1_33' title="bbox 399 2997 2046 3076">
     <span class='ocr_line' id='line_1_34' title="bbox 399 2997 2046 3076; baseline 0.004 -25"><span class='ocrx_word' id='word_1_242' title='bbox 399 3003 640 3054; x_wconf 90' lang='grc' dir='ltr'>σοῦνται.</span> <span class='ocrx_word' id='word_1_243' title='bbox 674 2997 904 3053; x_wconf 86' lang='grc' dir='ltr'>Δύναται</span> <span class='ocrx_word' id='word_1_244' title='bbox 933 3003 1095 3053; x_wconf 87' lang='grc' dir='ltr'>τοῦτο</span> <span class='ocrx_word' id='word_1_245' title='bbox 1125 2999 1215 3054; x_wconf 81' lang='grc' dir='ltr'>καὶ</span> <span class='ocrx_word' id='word_1_246' title='bbox 1247 3002 1382 3076; x_wconf 89' lang='grc' dir='ltr'>πρὸς</span> <span class='ocrx_word' id='word_1_247' title='bbox 1424 3001 1488 3056; x_wconf 82' lang='grc' dir='ltr'>τὸ</span> <span class='ocrx_word' id='word_1_248' title='bbox 1537 3005 1846 3076; x_wconf 81' lang='grc' dir='ltr'>σωματικὸν</span> <span class='ocrx_word' id='word_1_249' title='bbox 1899 3002 2046 3058; x_wconf 83' lang='grc' dir='ltr'>οἷ’κο-</span> 
     </span>
    </p>
   </div>
   <div class='ocr_carea' id='block_1_34' title="bbox 398 3085 2045 3166">
    <p class='ocr_par' dir='ltr' id='par_1_34' title="bbox 398 3085 2045 3166">
     <span class='ocr_line' id='line_1_35' title="bbox 398 3085 2045 3166; baseline 0.003 -25"><span class='ocrx_word' id='word_1_250' title='bbox 398 3085 584 3159; x_wconf 88' lang='grc' dir='ltr'>δομεῖν</span> <span class='ocrx_word' id='word_1_251' title='bbox 623 3089 734 3160; x_wconf 93' lang='grc'>(11)</span> <span class='ocrx_word' id='word_1_252' title='bbox 768 3090 938 3160; x_wconf 80' lang='grc' dir='ltr'>ἡμᾶς,</span> <span class='ocrx_word' id='word_1_253' title='bbox 972 3085 1054 3142; x_wconf 74' lang='grc' dir='ltr'>δτι</span> <span class='ocrx_word' id='word_1_254' title='bbox 1085 3085 1292 3142; x_wconf 86' lang='grc' dir='ltr'>πολλοὶ</span> <span class='ocrx_word' id='word_1_255' title='bbox 1325 3088 1375 3144; x_wconf 73' lang='grc' dir='ltr'>ἐν</span> <span class='ocrx_word' id='word_1_256' title='bbox 1433 3096 1552 3152; x_wconf 88' lang='grc' dir='ltr'>ταῖς</span> <span class='ocrx_word' id='word_1_257' title='bbox 1598 3092 1784 3166; x_wconf 85' lang='grc' dir='ltr'>χερσὶν</span> <span class='ocrx_word' id='word_1_258' title='bbox 1827 3088 2045 3166; x_wconf 74' lang='grc' dir='ltr'>ἔχοντες</span> 
     </span>
    </p>
   </div>
   <div class='ocr_carea' id='block_1_35' title="bbox 396 3176 2045 3258">
    <p class='ocr_par' dir='ltr' id='par_1_35' title="bbox 396 3176 2045 3258">
     <span class='ocr_line' id='line_1_36' title="bbox 396 3176 2045 3258; baseline 0.002 -26"><span class='ocrx_word' id='word_1_259' title='bbox 396 3179 494 3246; x_wconf 79' lang='grc' dir='ltr'>τήν</span> <span class='ocrx_word' id='word_1_260' title='bbox 530 3176 808 3254; x_wconf 79' lang='grc' dir='ltr'>συλλογὴν</span> <span class='ocrx_word' id='word_1_261' title='bbox 841 3182 948 3232; x_wconf 79' lang='grc' dir='ltr'>τῶν</span> <span class='ocrx_word' id='word_1_262' title='bbox 977 3183 1222 3250; x_wconf 82' lang='grc' dir='ltr'>καρπῶν,</span> <span class='ocrx_word' id='word_1_263' title='bbox 1255 3179 1426 3254; x_wconf 83' lang='grc' dir='ltr'>ἀθρόᾳ</span> <span class='ocrx_word' id='word_1_264' title='bbox 1453 3181 1560 3234; x_wconf 84' lang='grc' dir='ltr'>τινὶ</span> <span class='ocrx_word' id='word_1_265' title='bbox 1591 3181 1780 3256; x_wconf 76' lang='grc' dir='ltr'>πληγῇ</span> <span class='ocrx_word' id='word_1_266' title='bbox 1825 3181 1885 3238; x_wconf 81' lang='grc' dir='ltr'>ἐκ</span> <span class='ocrx_word' id='word_1_267' title='bbox 1942 3202 2045 3258; x_wconf 86' lang='grc' dir='ltr'>χα-</span> 
     </span>
    </p>
   </div>
   <div class='ocr_carea' id='block_1_36' title="bbox 399 3244 2120 3347">
    <p class='ocr_par' dir='ltr' id='par_1_36' title="bbox 399 3244 2120 3347">
     <span class='ocr_line' id='line_1_37' title="bbox 399 3244 2120 3347; baseline 0.003 -27"><span class='ocrx_word' id='word_1_268' title='bbox 399 3244 572 3336; x_wconf 84' lang='grc' dir='ltr'>λάζης</span> <span class='ocrx_word' id='word_1_269' title='bbox 605 3266 639 3335; x_wconf 71' lang='grc' dir='ltr'>ἢ</span> <span class='ocrx_word' id='word_1_270' title='bbox 673 3244 732 3337; x_wconf 44' lang='grc' dir='ltr'>ἐξ.</span> <span class='ocrx_word' id='word_1_271' title='bbox 755 3244 932 3336; x_wconf 56' lang='grc' dir='ltr'>ἄλλης</span> <span class='ocrx_word' id='word_1_272' title='bbox 960 3244 1106 3329; x_wconf 71' lang='grc' dir='ltr'>τινύς</span> <span class='ocrx_word' id='word_1_273' title='bbox 1143 3244 1819 3343; x_wconf 42' lang='grc' dir='ltr'>μάστιγοςάπώλισανιτὰ</span> <span class='ocrx_word' id='word_1_274' title='bbox 1875 3244 2044 3347; x_wconf 62' lang='lat'>1:966-</span> <span class='ocrx_word' id='word_1_275' title='bbox 2076 3244 2120 3312; x_wconf 65' lang='grc' dir='ltr'>Ο</span> 
     </span>
    </p>
   </div>
   <div class='ocr_carea' id='block_1_37' title="bbox 401 3353 2044 3432">
    <p class='ocr_par' dir='ltr' id='par_1_37' title="bbox 401 3353 2044 3432">
     <span class='ocr_line' id='line_1_38' title="bbox 401 3353 2044 3432; baseline 0.003 -23"><span class='ocrx_word' id='word_1_276' title='bbox 401 3353 708 3428; x_wconf 84' lang='grc' dir='ltr'>δοκώμενα,</span> <span class='ocrx_word' id='word_1_277' title='bbox 744 3353 835 3410; x_wconf 84' lang='grc' dir='ltr'>διὰ</span> <span class='ocrx_word' id='word_1_278' title='bbox 888 3356 951 3410; x_wconf 88' lang='grc' dir='ltr'>τὸ</span> <span class='ocrx_word' id='word_1_279' title='bbox 1008 3355 1307 3432; x_wconf 83' lang='grc' dir='ltr'>ἀχάριστον</span> <span class='ocrx_word' id='word_1_280' title='bbox 1364 3359 1454 3412; x_wconf 82' lang='grc' dir='ltr'>καὶ</span> <span class='ocrx_word' id='word_1_281' title='bbox 1513 3358 1889 3414; x_wconf 80' lang='grc' dir='ltr'>πλεονεκτικὸν</span> <span class='ocrx_word' id='word_1_282' title='bbox 1938 3365 2044 3414; x_wconf 80' lang='grc' dir='ltr'>τῶν</span> 
     </span>
    </p>
   </div>
   <div class='ocr_carea' id='block_1_38' title="bbox 400 3443 2050 3519">
    <p class='ocr_par' dir='ltr' id='par_1_38' title="bbox 400 3443 2050 3519">
     <span class='ocr_line' id='line_1_39' title="bbox 400 3443 2050 3519; baseline 0.004 -21"><span class='ocrx_word' id='word_1_283' title='bbox 400 3444 729 3519; x_wconf 81' lang='grc' dir='ltr'>ἀνθρώπων,</span> <span class='ocrx_word' id='word_1_284' title='bbox 765 3443 862 3499; x_wconf 85' lang='grc' dir='ltr'>οὐκ</span> <span class='ocrx_word' id='word_1_285' title='bbox 893 3444 1135 3500; x_wconf 73' lang='grc' dir='ltr'>ἰάσαντο·</span> <span class='ocrx_word' id='word_1_286' title='bbox 1167 3451 1265 3500; x_wconf 89' lang='grc' dir='ltr'>τοῦ</span> <span class='ocrx_word' id='word_1_287' title='bbox 1291 3451 1424 3502; x_wconf 87' lang='grc' dir='ltr'>Θεοῦ</span> <span class='ocrx_word' id='word_1_288' title='bbox 1469 3447 1545 3510; x_wconf 82' lang='grc' dir='ltr'>είς</span> <span class='ocrx_word' id='word_1_289' title='bbox 1599 3447 1896 3504; x_wconf 87' lang='grc' dir='ltr'>ἀπόλαυσιν</span> <span class='ocrx_word' id='word_1_290' title='bbox 1952 3448 2050 3504; x_wconf 85' lang='grc' dir='ltr'>αὐ-</span> 
     </span>
    </p>
   </div>
   <div class='ocr_carea' id='block_1_39' title="bbox 396 3531 996 3611">
    <p class='ocr_par' dir='ltr' id='par_1_39' title="bbox 396 3531 996 3611">
     <span class='ocr_line' id='line_1_40' title="bbox 396 3531 996 3611; baseline 0.003 -23"><span class='ocrx_word' id='word_1_291' title='bbox 396 3537 513 3595; x_wconf 86' lang='grc' dir='ltr'>τοῖς</span> <span class='ocrx_word' id='word_1_292' title='bbox 546 3531 826 3611; x_wconf 80' lang='grc' dir='ltr'>ἀφικέσθαι</span> <span class='ocrx_word' id='word_1_293' title='bbox 862 3536 996 3606; x_wconf 85' lang='grc'>(12).</span> 
     </span>
    </p>
   </div>
   <div class='ocr_carea' id='block_1_40' title="bbox 472 3622 2054 3703">
    <p class='ocr_par' dir='ltr' id='par_1_40' title="bbox 472 3622 2054 3703">
     <span class='ocr_line' id='line_1_41' title="bbox 472 3622 2054 3703; baseline 0.001 -25"><span class='ocrx_word' id='word_1_294' title='bbox 472 3623 599 3680; x_wconf 83' lang='grc'>313.</span> <span class='ocrx_word' id='word_1_295' title='bbox 661 3622 764 3679; x_wconf 87' lang='grc' dir='ltr'>Καὶ</span> <span class='ocrx_word' id='word_1_296' title='bbox 823 3622 1118 3698; x_wconf 78' lang='grc' dir='ltr'>ἀρθήσεται</span> <span class='ocrx_word' id='word_1_297' title='bbox 1179 3622 1480 3702; x_wconf 82' lang='grc' dir='ltr'>ευφροσύνη</span> <span class='ocrx_word' id='word_1_298' title='bbox 1556 3625 1646 3680; x_wconf 80' lang='grc' dir='ltr'>καὶ</span> <span class='ocrx_word' id='word_1_299' title='bbox 1727 3625 2054 3703; x_wconf 82' lang='grc' dir='ltr'>ἀγαλλίαμα</span> 
     </span>
    </p>
   </div>
   <div class='ocr_carea' id='block_1_41' title="bbox 404 3709 2052 3793">
    <p class='ocr_par' dir='ltr' id='par_1_41' title="bbox 404 3709 2052 3793">
     <span class='ocr_line' id='line_1_42' title="bbox 404 3709 2052 3793; baseline 0.002 -27"><span class='ocrx_word' id='word_1_300' title='bbox 404 3709 465 3766; x_wconf 69' lang='grc' dir='ltr'>ικ</span> <span class='ocrx_word' id='word_1_301' title='bbox 518 3715 628 3767; x_wconf 81' lang='grc' dir='ltr'>τῶν</span> <span class='ocrx_word' id='word_1_302' title='bbox 694 3709 1082 3784; x_wconf 85' lang='grc' dir='ltr'>ἀμπελώνων·</span> <span class='ocrx_word' id='word_1_303' title='bbox 1142 3713 1232 3767; x_wconf 86' lang='grc' dir='ltr'>καὶ</span> <span class='ocrx_word' id='word_1_304' title='bbox 1285 3712 1345 3768; x_wconf 89' lang='grc' dir='ltr'>οὐ</span> <span class='ocrx_word' id='word_1_305' title='bbox 1408 3715 1484 3786; x_wconf 83' lang='grc' dir='ltr'>μή</span> <span class='ocrx_word' id='word_1_306' title='bbox 1563 3716 2052 3793; x_wconf 76' lang='grc' dir='ltr'>εὐφρανθήσονται,</span> 
     </span>
    </p>
   </div>
   <div class='ocr_carea' id='block_1_42' title="bbox 403 3798 2048 3876">
    <p class='ocr_par' dir='ltr' id='par_1_42' title="bbox 403 3798 2048 3876">
     <span class='ocr_line' id='line_1_43' title="bbox 403 3798 2048 3876; baseline 0.004 -25"><span class='ocrx_word' id='word_1_307' title='bbox 403 3799 495 3852; x_wconf 81' lang='grc' dir='ltr'>καὶ</span> <span class='ocrx_word' id='word_1_308' title='bbox 555 3799 619 3852; x_wconf 86' lang='grc' dir='ltr'>οὐ</span> <span class='ocrx_word' id='word_1_309' title='bbox 681 3798 758 3870; x_wconf 81' lang='grc' dir='ltr'>μὴ</span> <span class='ocrx_word' id='word_1_310' title='bbox 815 3801 1145 3870; x_wconf 82' lang='grc' dir='ltr'>πατήσουσιν</span> <span class='ocrx_word' id='word_1_311' title='bbox 1220 3802 1359 3855; x_wconf 78' lang='grc' dir='ltr'>οἶνον</span> <span class='ocrx_word' id='word_1_312' title='bbox 1438 3802 1515 3865; x_wconf 87' lang='grc' dir='ltr'>είς</span> <span class='ocrx_word' id='word_1_313' title='bbox 1585 3805 1652 3858; x_wconf 76' lang='grc' dir='ltr'>τὰ</span> <span class='ocrx_word' id='word_1_314' title='bbox 1728 3802 2048 3876; x_wconf 74' lang='grc' dir='ltr'>ὑπολήναιο</span> 
     </span>
    </p>
   </div>
   <div class='ocr_carea' id='block_1_43' title="bbox 407 3886 2053 3968">
    <p class='ocr_par' dir='ltr' id='par_1_43' title="bbox 407 3886 2053 3968">
     <span class='ocr_line' id='line_1_44' title="bbox 407 3886 2053 3968; baseline 0.005 -28"><span class='ocrx_word' id='word_1_315' title='bbox 407 3886 677 3940; x_wconf 74' lang='grc' dir='ltr'>πέπαυται</span> <span class='ocrx_word' id='word_1_316' title='bbox 708 3887 832 3961; x_wconf 88' lang='grc' dir='ltr'>γάρ.</span> <span class='ocrx_word' id='word_1_317' title='bbox 865 3889 1039 3960; x_wconf 87' lang='grc' dir='ltr'>’Ήρθη</span> <span class='ocrx_word' id='word_1_318' title='bbox 1097 3889 1191 3961; x_wconf 76' lang='grc' dir='ltr'>μὲν</span> <span class='ocrx_word' id='word_1_319' title='bbox 1241 3890 1336 3944; x_wconf 82' lang='grc' dir='ltr'>οὗν</span> <span class='ocrx_word' id='word_1_320' title='bbox 1383 3891 1690 3968; x_wconf 80' lang='grc' dir='ltr'>εὐφροσύνη</span> <span class='ocrx_word' id='word_1_321' title='bbox 1739 3893 1830 3948; x_wconf 83' lang='grc' dir='ltr'>καὶ</span> <span class='ocrx_word' id='word_1_322' title='bbox 1883 3892 2053 3968; x_wconf 85' lang='grc' dir='ltr'>ἀγαλ-</span> 
     </span>
    </p>
   </div>
   <div class='ocr_carea' id='block_1_44' title="bbox 407 3973 2054 4056">
    <p class='ocr_par' dir='ltr' id='par_1_44' title="bbox 407 3973 2054 4056">
     <span class='ocr_line' id='line_1_45' title="bbox 407 3973 2054 4056; baseline 0.005 -26"><span class='ocrx_word' id='word_1_323' title='bbox 407 3973 582 4049; x_wconf 89' lang='grc' dir='ltr'>λίαμα</span> <span class='ocrx_word' id='word_1_324' title='bbox 667 3975 726 4030; x_wconf 82' lang='grc' dir='ltr'>ἐκ</span> <span class='ocrx_word' id='word_1_325' title='bbox 807 3980 916 4030; x_wconf 87' lang='grc' dir='ltr'>τῶν</span> <span class='ocrx_word' id='word_1_326' title='bbox 997 3977 1364 4050; x_wconf 83' lang='grc' dir='ltr'>ἀμπελώνων.</span> <span class='ocrx_word' id='word_1_327' title='bbox 1424 3981 1691 4056; x_wconf 80' lang='grc' dir='ltr'>Ἀφῃρέθη</span> <span class='ocrx_word' id='word_1_328' title='bbox 1755 3984 1859 4038; x_wconf 88' lang='grc' dir='ltr'>ἀπὸ</span> <span class='ocrx_word' id='word_1_329' title='bbox 1957 3989 2054 4039; x_wconf 89' lang='grc' dir='ltr'>τοῦ</span> 
     </span>
    </p>
   </div>
   <div class='ocr_carea' id='block_1_45' title="bbox 405 4064 2055 4143">
    <p class='ocr_par' dir='ltr' id='par_1_45' title="bbox 405 4064 2055 4143">
     <span class='ocr_line' id='line_1_46' title="bbox 405 4064 2055 4143; baseline 0.004 -22"><span class='ocrx_word' id='word_1_330' title='bbox 405 4065 629 4143; x_wconf 76' lang='grc' dir='ltr'>Ἰσραὴλ</span> <span class='ocrx_word' id='word_1_331' title='bbox 680 4067 715 4135; x_wconf 81' lang='grc' dir='ltr'>ἠ</span> <span class='ocrx_word' id='word_1_332' title='bbox 782 4064 1033 4142; x_wconf 84' lang='grc' dir='ltr'>βασιλεία</span> <span class='ocrx_word' id='word_1_333' title='bbox 1115 4071 1211 4122; x_wconf 86' lang='grc' dir='ltr'>τοῦ</span> <span class='ocrx_word' id='word_1_334' title='bbox 1297 4072 1454 4138; x_wconf 84' lang='grc' dir='ltr'>Θεοῦ,</span> <span class='ocrx_word' id='word_1_335' title='bbox 1504 4071 1594 4124; x_wconf 78' lang='grc' dir='ltr'>καὶ</span> <span class='ocrx_word' id='word_1_336' title='bbox 1678 4068 1838 4141; x_wconf 72' lang='grc' dir='ltr'>ἰδόθη</span> <span class='ocrx_word' id='word_1_337' title='bbox 1917 4068 2055 4136; x_wconf 79' lang='grc' dir='ltr'>ἔθνει</span> 
     </span>
    </p>
   </div>
   <div class='ocr_carea' id='block_1_46' title="bbox 401 4153 2057 4230">
    <p class='ocr_par' dir='ltr' id='par_1_46' title="bbox 401 4153 2057 4230">
     <span class='ocr_line' id='line_1_47' title="bbox 401 4153 2057 4230; baseline 0.004 -20"><span class='ocrx_word' id='word_1_338' title='bbox 401 4159 650 4210; x_wconf 87' lang='grc' dir='ltr'>ποιοῦντι</span> <span class='ocrx_word' id='word_1_339' title='bbox 705 4153 832 4216; x_wconf 84' lang='grc' dir='ltr'>τοὺς</span> <span class='ocrx_word' id='word_1_340' title='bbox 891 4156 1133 4230; x_wconf 79' lang='grc' dir='ltr'>καρποὺς</span> <span class='ocrx_word' id='word_1_341' title='bbox 1188 4155 1372 4213; x_wconf 89' lang='grc' dir='ltr'>αὐτοῦ.</span> <span class='ocrx_word' id='word_1_342' title='bbox 1407 4156 1635 4214; x_wconf 80' lang='grc' dir='ltr'>Δύναται</span> <span class='ocrx_word' id='word_1_343' title='bbox 1669 4157 1726 4214; x_wconf 71' lang='grc' dir='ltr'>δὲ</span> <span class='ocrx_word' id='word_1_344' title='bbox 1781 4161 1869 4215; x_wconf 84' lang='grc' dir='ltr'>καὶ</span> <span class='ocrx_word' id='word_1_345' title='bbox 1921 4164 2057 4217; x_wconf 82' lang='grc' dir='ltr'>κατὰ</span> 
     </span>
    </p>
   </div>
   <div class='ocr_carea' id='block_1_47' title="bbox 403 4243 2058 4323">
    <p class='ocr_par' dir='ltr' id='par_1_47' title="bbox 403 4243 2058 4323">
     <span class='ocr_line' id='line_1_48' title="bbox 403 4243 2058 4323; baseline 0.005 -26"><span class='ocrx_word' id='word_1_346' title='bbox 403 4243 468 4297; x_wconf 87' lang='grc' dir='ltr'>τὸ</span> <span class='ocrx_word' id='word_1_347' title='bbox 527 4243 842 4316; x_wconf 81' lang='grc' dir='ltr'>σωματικὸν</span> <span class='ocrx_word' id='word_1_348' title='bbox 891 4250 1131 4308; x_wconf 86' lang='grc' dir='ltr'>νοεῖσθαι</span> <span class='ocrx_word' id='word_1_349' title='bbox 1190 4247 1224 4314; x_wconf 80' lang='grc' dir='ltr'>ἡ</span> <span class='ocrx_word' id='word_1_350' title='bbox 1286 4243 1449 4319; x_wconf 81' lang='grc' dir='ltr'>λέξις,</span> <span class='ocrx_word' id='word_1_351' title='bbox 1511 4249 1592 4302; x_wconf 83' lang='grc' dir='ltr'>δτι</span> <span class='ocrx_word' id='word_1_352' title='bbox 1652 4245 1856 4323; x_wconf 55' lang='grc' dir='ltr'>ανρεται</span> <span class='ocrx_word' id='word_1_353' title='bbox 1913 4256 2058 4305; x_wconf 85' lang='grc' dir='ltr'>πᾶσα</span> 
     </span>
    </p>
   </div>
   <div class='ocr_carea' id='block_1_48' title="bbox 407 4330 2056 4413">
    <p class='ocr_par' dir='ltr' id='par_1_48' title="bbox 407 4330 2056 4413">
     <span class='ocr_line' id='line_1_49' title="bbox 407 4330 2056 4413; baseline 0.005 -27"><span class='ocrx_word' id='word_1_354' title='bbox 407 4330 710 4410; x_wconf 74' lang='grc' dir='ltr'>εὐφροσύνη</span> <span class='ocrx_word' id='word_1_355' title='bbox 764 4336 872 4388; x_wconf 81' lang='grc' dir='ltr'>τῶν</span> <span class='ocrx_word' id='word_1_356' title='bbox 927 4331 1138 4409; x_wconf 87' lang='grc' dir='ltr'>ἀθρόως</span> <span class='ocrx_word' id='word_1_357' title='bbox 1203 4333 1620 4412; x_wconf 87' lang='grc' dir='ltr'>ἀφαιρουμένων</span> <span class='ocrx_word' id='word_1_358' title='bbox 1671 4339 1768 4400; x_wconf 77' lang='grc' dir='ltr'>τὰς</span> <span class='ocrx_word' id='word_1_359' title='bbox 1844 4338 1932 4394; x_wconf 74' lang='grc' dir='ltr'>ἐπὶ</span> <span class='ocrx_word' id='word_1_360' title='bbox 1987 4343 2056 4413; x_wconf 78' lang='grc' dir='ltr'>τῇ</span> 
     </span>
    </p>
   </div>
   <div class='ocr_carea' id='block_1_49' title="bbox 410 4419 2056 4500">
    <p class='ocr_par' dir='ltr' id='par_1_49' title="bbox 410 4419 2056 4500">
     <span class='ocr_line' id='line_1_50' title="bbox 410 4419 2056 4500; baseline 0.005 -25"><span class='ocrx_word' id='word_1_361' title='bbox 410 4419 721 4496; x_wconf 80' lang='grc' dir='ltr'>συγκομιδῇ</span> <span class='ocrx_word' id='word_1_362' title='bbox 771 4426 878 4477; x_wconf 78' lang='grc' dir='ltr'>τῶν</span> <span class='ocrx_word' id='word_1_363' title='bbox 941 4424 1368 4500; x_wconf 83' lang='grc' dir='ltr'>γεωργουμένων</span> <span class='ocrx_word' id='word_1_364' title='bbox 1429 4423 1682 4490; x_wconf 74' lang='grc' dir='ltr'>ἐλπίδας.</span> <span class='ocrx_word' id='word_1_365' title='bbox 1749 4428 1818 4485; x_wconf 91' lang='grc' dir='ltr'><strong><em>Ἦ</em></strong></span> <span class='ocrx_word' id='word_1_366' title='bbox 1869 4427 2056 4499; x_wconf 71' lang='grc' dir='ltr'>ἐπειδὴ</span> 
     </span>
    </p>
   </div>
   <div class='ocr_carea' id='block_1_50' title="bbox 410 4507 2059 4591">
    <p class='ocr_par' dir='ltr' id='par_1_50' title="bbox 410 4507 2059 4591">
     <span class='ocr_line' id='line_1_51' title="bbox 410 4507 2059 4591; baseline 0.005 -26"><span class='ocrx_word' id='word_1_367' title='bbox 410 4507 658 4585; x_wconf 77' lang='grc' dir='ltr'>ἄμπελον</span> <span class='ocrx_word' id='word_1_368' title='bbox 694 4509 918 4585; x_wconf 70' lang='grc' dir='ltr'>εἴπαμεν</span> <span class='ocrx_word' id='word_1_369' title='bbox 949 4511 1040 4566; x_wconf 86' lang='grc' dir='ltr'>τὸν</span> <span class='ocrx_word' id='word_1_370' title='bbox 1071 4509 1243 4587; x_wconf 77' lang='grc' dir='ltr'>ψευδῆ</span> <span class='ocrx_word' id='word_1_371' title='bbox 1279 4514 1463 4591; x_wconf 90' lang='grc' dir='ltr'>λόγον,</span> <span class='ocrx_word' id='word_1_372' title='bbox 1498 4513 1719 4572; x_wconf 79' lang='grc' dir='ltr'>δύναται</span> <span class='ocrx_word' id='word_1_373' title='bbox 1751 4514 1808 4572; x_wconf 78' lang='grc' dir='ltr'>δὲ</span> <span class='ocrx_word' id='word_1_374' title='bbox 1854 4520 2059 4590; x_wconf 79' lang='grc' dir='ltr'>νοηθῆ-</span> 
     </span>
    </p>
   </div>
   <div class='ocr_carea' id='block_1_51' title="bbox 2151 599 2458 655">
    <p class='ocr_par' dir='ltr' id='par_1_51' title="bbox 2151 599 2458 655">
     <span class='ocr_line' id='line_1_52' title="bbox 2151 599 2458 655; baseline 0.003 -2"><span class='ocrx_word' id='word_1_375' title='bbox 2151 599 2458 655; x_wconf 90' lang='lat' dir='ltr'>tradenda.</span> 
     </span>
    </p>
   </div>
   <div class='ocr_carea' id='block_1_52' title="bbox 2224 679 3815 745">
    <p class='ocr_par' dir='ltr' id='par_1_52' title="bbox 2224 679 3815 745">
     <span class='ocr_line' id='line_1_53' title="bbox 2224 679 3815 745; baseline -0.006 -3"><span class='ocrx_word' id='word_1_376' title='bbox 2224 689 2347 743; x_wconf 82' lang='lat'>312.</span> <span class='ocrx_word' id='word_1_377' title='bbox 2395 688 2613 745; x_wconf 87' lang='lat' dir='ltr'>Deinde</span> <span class='ocrx_word' id='word_1_378' title='bbox 2662 691 2942 745; x_wconf 88' lang='lat' dir='ltr'>adversus</span> <span class='ocrx_word' id='word_1_379' title='bbox 2993 686 3369 742; x_wconf 79' lang='lat' dir='ltr'>Moabitidem</span> <span class='ocrx_word' id='word_1_380' title='bbox 3419 681 3679 738; x_wconf 86' lang='lat' dir='ltr'>dicitur:</span> <span class='ocrx_word' id='word_1_381' title='bbox 3714 679 3815 734; x_wconf 87' lang='lat' dir='ltr'>Ar-</span> 
     </span>
    </p>
   </div>
   <div class='ocr_carea' id='block_1_53' title="bbox 2155 769 3812 849">
    <p class='ocr_par' dir='ltr' id='par_1_53' title="bbox 2155 769 3812 849">
     <span class='ocr_line' id='line_1_54' title="bbox 2155 769 3812 849; baseline -0.007 -16"><span class='ocrx_word' id='word_1_382' title='bbox 2155 779 2311 833; x_wconf 80' lang='lat' dir='ltr'>bores</span> <span class='ocrx_word' id='word_1_383' title='bbox 2341 783 2468 834; x_wconf 80' lang='lat' dir='ltr'>tuas</span> <span class='ocrx_word' id='word_1_384' title='bbox 2520 779 2713 849; x_wconf 85' lang='lat' dir='ltr'>dejecit</span> <span class='ocrx_word' id='word_1_385' title='bbox 2759 778 2966 835; x_wconf 78' lang='lat' dir='ltr'>Escbon</span> <span class='ocrx_word' id='word_1_386' title='bbox 3012 785 3062 832; x_wconf 92' lang='lat' dir='ltr'>et</span> <span class='ocrx_word' id='word_1_387' title='bbox 3105 776 3306 830; x_wconf 86' lang='lat' dir='ltr'>Eleale.</span> <span class='ocrx_word' id='word_1_388' title='bbox 3355 773 3581 828; x_wconf 86' lang='lat' dir='ltr'>Esebon</span> <span class='ocrx_word' id='word_1_389' title='bbox 3631 769 3812 841; x_wconf 82' lang='lat' dir='ltr'>igitur</span> 
     </span>
    </p>
   </div>
   <div class='ocr_carea' id='block_1_54' title="bbox 2152 858 3804 926">
    <p class='ocr_par' dir='ltr' id='par_1_54' title="bbox 2152 858 3804 926">
     <span class='ocr_line' id='line_1_55' title="bbox 2152 858 3804 926; baseline -0.007 -4"><span class='ocrx_word' id='word_1_390' title='bbox 2152 872 2210 922; x_wconf 92' lang='lat' dir='ltr'>et</span> <span class='ocrx_word' id='word_1_391' title='bbox 2241 867 2431 923; x_wconf 79' lang='lat' dir='ltr'>Eleale</span> <span class='ocrx_word' id='word_1_392' title='bbox 2463 868 2697 923; x_wconf 83' lang='lat' dir='ltr'>arbores</span> <span class='ocrx_word' id='word_1_393' title='bbox 2730 866 3064 923; x_wconf 86' lang='lat' dir='ltr'>Moabitidis</span> <span class='ocrx_word' id='word_1_394' title='bbox 3094 866 3447 920; x_wconf 81' lang='lat' dir='ltr'>everterunt.</span> <span class='ocrx_word' id='word_1_395' title='bbox 3498 858 3646 926; x_wconf 88' lang='lat' dir='ltr'>Quid</span> <span class='ocrx_word' id='word_1_396' title='bbox 3699 876 3804 912; x_wconf 89' lang='lat' dir='ltr'>au-</span> 
     </span>
    </p>
   </div>
   <div class='ocr_carea' id='block_1_55' title="bbox 2151 948 3812 1025">
    <p class='ocr_par' dir='ltr' id='par_1_55' title="bbox 2151 948 3812 1025">
     <span class='ocr_line' id='line_1_56' title="bbox 2151 948 3812 1025; baseline -0.007 -14"><span class='ocrx_word' id='word_1_397' title='bbox 2151 960 2269 1011; x_wconf 91' lang='lat' dir='ltr'>tem</span> <span class='ocrx_word' id='word_1_398' title='bbox 2307 958 2465 1013; x_wconf 90' lang='lat' dir='ltr'>hisce</span> <span class='ocrx_word' id='word_1_399' title='bbox 2496 958 2687 1012; x_wconf 81' lang='lat' dir='ltr'>verbis</span> <span class='ocrx_word' id='word_1_400' title='bbox 2721 954 3296 1025; x_wconf 89' lang='lat' dir='ltr'>indicetur,agedum</span> <span class='ocrx_word' id='word_1_401' title='bbox 3331 967 3433 1022; x_wconf 91' lang='lat' dir='ltr'>pro</span> <span class='ocrx_word' id='word_1_402' title='bbox 3462 948 3615 1004; x_wconf 83' lang='lat' dir='ltr'>virili</span> <span class='ocrx_word' id='word_1_403' title='bbox 3639 963 3812 1019; x_wconf 87' lang='lat' dir='ltr'>expo-</span> 
     </span>
    </p>
   </div>
   <div class='ocr_carea' id='block_1_56' title="bbox 2151 1039 3808 1117">
    <p class='ocr_par' dir='ltr' id='par_1_56' title="bbox 2151 1039 3808 1117">
     <span class='ocr_line' id='line_1_57' title="bbox 2151 1039 3808 1117; baseline -0.006 -17"><span class='ocrx_word' id='word_1_404' title='bbox 2151 1063 2383 1101; x_wconf 87' lang='lat' dir='ltr'>namus.</span> <span class='ocrx_word' id='word_1_405' title='bbox 2407 1046 2631 1102; x_wconf 89' lang='lat' dir='ltr'>Esebon</span> <span class='ocrx_word' id='word_1_406' title='bbox 2666 1046 2925 1116; x_wconf 87' lang='lat' dir='ltr'>quidem,</span> <span class='ocrx_word' id='word_1_407' title='bbox 2945 1045 3100 1117; x_wconf 90' lang='lat' dir='ltr'>quod</span> <span class='ocrx_word' id='word_1_408' title='bbox 3133 1043 3205 1097; x_wconf 89' lang='lat' dir='ltr'>ad</span> <span class='ocrx_word' id='word_1_409' title='bbox 3237 1039 3490 1096; x_wconf 83' lang='lat' dir='ltr'>nominis</span> <span class='ocrx_word' id='word_1_410' title='bbox 3520 1039 3808 1108; x_wconf 87' lang='lat' dir='ltr'>interpre-</span> 
     </span>
    </p>
   </div>
   <div class='ocr_carea' id='block_1_57' title="bbox 2150 1125 3806 1204">
    <p class='ocr_par' dir='ltr' id='par_1_57' title="bbox 2150 1125 3806 1204">
     <span class='ocr_line' id='line_1_58' title="bbox 2150 1125 3806 1204; baseline -0.006 -14"><span class='ocrx_word' id='word_1_411' title='bbox 2150 1135 2432 1190; x_wconf 86' lang='lat' dir='ltr'>totianem</span> <span class='ocrx_word' id='word_1_412' title='bbox 2467 1135 2692 1201; x_wconf 77' lang='lat' dir='ltr'>attinet,</span> <span class='ocrx_word' id='word_1_413' title='bbox 2726 1138 2893 1190; x_wconf 82' lang='lat' dir='ltr'>sonat</span> <span class='ocrx_word' id='word_1_414' title='bbox 2949 1133 3332 1204; x_wconf 75' lang='lat' dir='ltr'>cogitationem</span> <span class='ocrx_word' id='word_1_415' title='bbox 3362 1145 3380 1183; x_wconf 89' lang='lat'><strong><em>:</em></strong></span> <span class='ocrx_word' id='word_1_416' title='bbox 3413 1125 3602 1184; x_wconf 86' lang='lat' dir='ltr'>Eleale</span> <span class='ocrx_word' id='word_1_417' title='bbox 3651 1141 3806 1189; x_wconf 87' lang='lat' dir='ltr'>vero,</span> 
     </span>
    </p>
   </div>
   <div class='ocr_carea' id='block_1_58' title="bbox 2151 1217 3810 1295">
    <p class='ocr_par' dir='ltr' id='par_1_58' title="bbox 2151 1217 3810 1295">
     <span class='ocr_line' id='line_1_59' title="bbox 2151 1217 3810 1295; baseline -0.007 -15"><span class='ocrx_word' id='word_1_418' title='bbox 2151 1226 2247 1280; x_wconf 85' lang='lat' dir='ltr'>Dei</span> <span class='ocrx_word' id='word_1_419' title='bbox 2278 1240 2580 1280; x_wconf 77' lang='lat' dir='ltr'>ascensum.</span> <span class='ocrx_word' id='word_1_420' title='bbox 2615 1224 2818 1295; x_wconf 80' lang='lat' dir='ltr'>Itaque</span> <span class='ocrx_word' id='word_1_421' title='bbox 2847 1223 2986 1278; x_wconf 83' lang='lat' dir='ltr'>vitis</span> <span class='ocrx_word' id='word_1_422' title='bbox 3011 1221 3222 1290; x_wconf 85' lang='lat' dir='ltr'>aliena,</span> <span class='ocrx_word' id='word_1_423' title='bbox 3255 1224 3309 1275; x_wconf 88' lang='lat' dir='ltr'>et</span> <span class='ocrx_word' id='word_1_424' title='bbox 3343 1217 3575 1274; x_wconf 81' lang='lat' dir='ltr'>arbores</span> <span class='ocrx_word' id='word_1_425' title='bbox 3625 1230 3810 1286; x_wconf 88' lang='lat' dir='ltr'>quas-</span> 
     </span>
    </p>
   </div>
   <div class='ocr_carea' id='block_1_59' title="bbox 2151 1302 3803 1385">
    <p class='ocr_par' dir='ltr' id='par_1_59' title="bbox 2151 1302 3803 1385">
     <span class='ocr_line' id='line_1_60' title="bbox 2151 1302 3803 1385; baseline -0.007 -17"><span class='ocrx_word' id='word_1_426' title='bbox 2151 1329 2384 1385; x_wconf 87' lang='lat' dir='ltr'>cunque</span> <span class='ocrx_word' id='word_1_427' title='bbox 2417 1315 2584 1369; x_wconf 86' lang='lat' dir='ltr'>Pater</span> <span class='ocrx_word' id='word_1_428' title='bbox 2613 1312 2869 1369; x_wconf 66' lang='lat' dir='ltr'>coalestis</span> <span class='ocrx_word' id='word_1_429' title='bbox 2903 1329 3018 1368; x_wconf 92' lang='lat' dir='ltr'>non</span> <span class='ocrx_word' id='word_1_430' title='bbox 3048 1305 3719 1382; x_wconf 88' lang='lat' dir='ltr'>plantavit,dejiciuntur</span> <span class='ocrx_word' id='word_1_431' title='bbox 3739 1302 3803 1358; x_wconf 68' lang='grc' dir='ltr'>ηε</span> 
     </span>
    </p>
   </div>
   <div class='ocr_carea' id='block_1_60' title="bbox 2150 1392 3806 1467">
    <p class='ocr_par' dir='ltr' id='par_1_60' title="bbox 2150 1392 3806 1467">
     <span class='ocr_line' id='line_1_61' title="bbox 2150 1392 3806 1467; baseline -0.008 -9"><span class='ocrx_word' id='word_1_432' title='bbox 2150 1408 2210 1458; x_wconf 84' lang='lat' dir='ltr'>at</span> <span class='ocrx_word' id='word_1_433' title='bbox 2237 1409 2403 1458; x_wconf 69' lang='lat' dir='ltr'>rectae</span> <span class='ocrx_word' id='word_1_434' title='bbox 2431 1402 2870 1458; x_wconf 86' lang='lat' dir='ltr'>ratioinationes</span> <span class='ocrx_word' id='word_1_435' title='bbox 2917 1407 2975 1457; x_wconf 92' lang='lat' dir='ltr'>et</span> <span class='ocrx_word' id='word_1_436' title='bbox 3021 1415 3302 1455; x_wconf 82' lang='lat' dir='ltr'>ascensus</span> <span class='ocrx_word' id='word_1_437' title='bbox 3352 1397 3450 1467; x_wconf 93' lang='lat' dir='ltr'>qui</span> <span class='ocrx_word' id='word_1_438' title='bbox 3500 1411 3604 1466; x_wconf 90' lang='lat' dir='ltr'>per</span> <span class='ocrx_word' id='word_1_439' title='bbox 3651 1392 3806 1447; x_wconf 88' lang='lat' dir='ltr'>bona</span> 
     </span>
    </p>
   </div>
   <div class='ocr_carea' id='block_1_61' title="bbox 2151 1485 3806 1563">
    <p class='ocr_par' dir='ltr' id='par_1_61' title="bbox 2151 1485 3806 1563">
     <span class='ocr_line' id='line_1_62' title="bbox 2151 1485 3806 1563; baseline -0.008 -16"><span class='ocrx_word' id='word_1_440' title='bbox 2151 1509 2327 1563; x_wconf 89' lang='lat' dir='ltr'>opera</span> <span class='ocrx_word' id='word_1_441' title='bbox 2357 1493 2427 1547; x_wconf 80' lang='lat' dir='ltr'>ad</span> <span class='ocrx_word' id='word_1_442' title='bbox 2461 1496 2644 1547; x_wconf 89' lang='lat' dir='ltr'>Deum</span> <span class='ocrx_word' id='word_1_443' title='bbox 2678 1509 2786 1546; x_wconf 89' lang='lat' dir='ltr'>nos</span> <span class='ocrx_word' id='word_1_444' title='bbox 2816 1490 3029 1558; x_wconf 89' lang='lat' dir='ltr'>evehit,</span> <span class='ocrx_word' id='word_1_445' title='bbox 3064 1486 3484 1561; x_wconf 89' lang='lat' dir='ltr'>plantationem</span> <span class='ocrx_word' id='word_1_446' title='bbox 3535 1485 3806 1538; x_wconf 88' lang='lat' dir='ltr'>evertunt</span> 
     </span>
    </p>
   </div>
   <div class='ocr_carea' id='block_1_62' title="bbox 2150 1571 3801 1646">
    <p class='ocr_par' dir='ltr' id='par_1_62' title="bbox 2150 1571 3801 1646">
     <span class='ocr_line' id='line_1_63' title="bbox 2150 1571 3801 1646; baseline -0.007 -10"><span class='ocrx_word' id='word_1_447' title='bbox 2150 1581 2657 1638; x_wconf 86' lang='lat' dir='ltr'>heterodoxorum.</span> <span class='ocrx_word' id='word_1_448' title='bbox 2711 1580 2962 1636; x_wconf 86' lang='lat' dir='ltr'>Proinde</span> <span class='ocrx_word' id='word_1_449' title='bbox 2992 1581 3198 1634; x_wconf 80' lang='lat' dir='ltr'>Beatus</span> <span class='ocrx_word' id='word_1_450' title='bbox 3226 1578 3314 1631; x_wconf 91' lang='lat' dir='ltr'>vir</span> <span class='ocrx_word' id='word_1_451' title='bbox 3341 1575 3498 1646; x_wconf 84' lang='lat' dir='ltr'>cujus</span> <span class='ocrx_word' id='word_1_452' title='bbox 3527 1581 3606 1628; x_wconf 83' lang='lat' dir='ltr'>est</span> <span class='ocrx_word' id='word_1_453' title='bbox 3635 1571 3801 1625; x_wconf 72' lang='lat' dir='ltr'>auxi-</span> 
     </span>
    </p>
   </div>
   <div class='ocr_carea' id='block_1_63' title="bbox 2151 1660 3798 1743">
    <p class='ocr_par' dir='ltr' id='par_1_63' title="bbox 2151 1660 3798 1743">
     <span class='ocr_line' id='line_1_64' title="bbox 2151 1660 3798 1743; baseline -0.008 -17"><span class='ocrx_word' id='word_1_454' title='bbox 2151 1671 2288 1726; x_wconf 86' lang='lat' dir='ltr'>lium</span> <span class='ocrx_word' id='word_1_455' title='bbox 2318 1672 2437 1743; x_wconf 82' lang='lat' dir='ltr'>ejus</span> <span class='ocrx_word' id='word_1_456' title='bbox 2467 1671 2564 1726; x_wconf 83' lang='lat' dir='ltr'>abs</span> <span class='ocrx_word' id='word_1_457' title='bbox 2597 1679 2650 1725; x_wconf 80' lang='lat' dir='ltr'>te</span> <span class='ocrx_word' id='word_1_458' title='bbox 2684 1686 2697 1725; x_wconf 89' lang='lat'><strong>:</strong></span> <span class='ocrx_word' id='word_1_459' title='bbox 2730 1684 3076 1724; x_wconf 81' lang='lat' dir='ltr'>ascenszones</span> <span class='ocrx_word' id='word_1_460' title='bbox 3106 1675 3213 1723; x_wconf 68' lang='lat' dir='ltr'>tua:</span> <span class='ocrx_word' id='word_1_461' title='bbox 3259 1667 3321 1720; x_wconf 82' lang='lat' dir='ltr'>in</span> <span class='ocrx_word' id='word_1_462' title='bbox 3363 1662 3520 1719; x_wconf 84' lang='lat' dir='ltr'>corde</span> <span class='ocrx_word' id='word_1_463' title='bbox 3566 1663 3686 1732; x_wconf 86' lang='lat' dir='ltr'>ejus</span> <span class='ocrx_word' id='word_1_464' title='bbox 3733 1660 3798 1714; x_wconf 61' lang='grc' dir='ltr'>ιθ.</span> 
     </span>
    </p>
   </div>
   <div class='ocr_carea' id='block_1_64' title="bbox 2149 1751 3797 1832">
    <p class='ocr_par' dir='ltr' id='par_1_64' title="bbox 2149 1751 3797 1832">
     <span class='ocr_line' id='line_1_65' title="bbox 2149 1751 3797 1832; baseline -0.007 -18"><span class='ocrx_word' id='word_1_465' title='bbox 2149 1759 2427 1831; x_wconf 77' lang='lat' dir='ltr'>Quisquis</span> <span class='ocrx_word' id='word_1_466' title='bbox 2459 1761 2639 1832; x_wconf 86' lang='lat' dir='ltr'>igitur</span> <span class='ocrx_word' id='word_1_467' title='bbox 2671 1760 2728 1814; x_wconf 92' lang='lat' dir='ltr'>in</span> <span class='ocrx_word' id='word_1_468' title='bbox 2761 1775 2864 1814; x_wconf 86' lang='lat' dir='ltr'>suo</span> <span class='ocrx_word' id='word_1_469' title='bbox 2887 1758 3060 1813; x_wconf 90' lang='lat' dir='ltr'>corde</span> <span class='ocrx_word' id='word_1_470' title='bbox 3083 1757 3259 1812; x_wconf 83' lang='lat' dir='ltr'>habet</span> <span class='ocrx_word' id='word_1_471' title='bbox 3279 1752 3380 1810; x_wconf 91' lang='lat' dir='ltr'>Dei</span> <span class='ocrx_word' id='word_1_472' title='bbox 3402 1751 3797 1819; x_wconf 83' lang='lat' dir='ltr'>escensiones,</span> 
     </span>
    </p>
   </div>
   <div class='ocr_carea' id='block_1_65' title="bbox 2149 1843 3799 1920">
    <p class='ocr_par' dir='ltr' id='par_1_65' title="bbox 2149 1843 3799 1920">
     <span class='ocr_line' id='line_1_66' title="bbox 2149 1843 3799 1920; baseline -0.006 -17"><span class='ocrx_word' id='word_1_473' title='bbox 2149 1853 2205 1903; x_wconf 88' lang='lat' dir='ltr'>et</span> <span class='ocrx_word' id='word_1_474' title='bbox 2235 1848 2545 1920; x_wconf 87' lang='lat' dir='ltr'>diligenter</span> <span class='ocrx_word' id='word_1_475' title='bbox 2575 1865 2714 1904; x_wconf 90' lang='lat' dir='ltr'>suas</span> <span class='ocrx_word' id='word_1_476' title='bbox 2747 1848 3015 1902; x_wconf 88' lang='lat' dir='ltr'>observat</span> <span class='ocrx_word' id='word_1_477' title='bbox 3064 1843 3470 1916; x_wconf 87' lang='lat' dir='ltr'>cogitationes,</span> <span class='ocrx_word' id='word_1_478' title='bbox 3521 1843 3799 1912; x_wconf 87' lang='lat' dir='ltr'>dogmata</span> 
     </span>
    </p>
   </div>
   <div class='ocr_carea' id='block_1_66' title="bbox 2148 1930 3797 2007">
    <p class='ocr_par' dir='ltr' id='par_1_66' title="bbox 2148 1930 3797 2007">
     <span class='ocr_line' id='line_1_67' title="bbox 2148 1930 3797 2007; baseline -0.007 -14"><span class='ocrx_word' id='word_1_479' title='bbox 2148 1938 2557 1993; x_wconf 61' lang='lat' dir='ltr'>haereticorum</span> <span class='ocrx_word' id='word_1_480' title='bbox 2610 1936 2758 1992; x_wconf 87' lang='lat' dir='ltr'>male</span> <span class='ocrx_word' id='word_1_481' title='bbox 2789 1935 3068 2007; x_wconf 88' lang='lat' dir='ltr'>plantata,</span> <span class='ocrx_word' id='word_1_482' title='bbox 3101 1939 3158 1989; x_wconf 91' lang='lat' dir='ltr'>et</span> <span class='ocrx_word' id='word_1_483' title='bbox 3187 1931 3544 2005; x_wconf 88' lang='lat' dir='ltr'>perniciosos</span> <span class='ocrx_word' id='word_1_484' title='bbox 3570 1930 3797 1984; x_wconf 80' lang='lat' dir='ltr'>fructus</span> 
     </span>
    </p>
   </div>
   <div class='ocr_carea' id='block_1_67' title="bbox 2148 2018 3793 2096">
    <p class='ocr_par' dir='ltr' id='par_1_67' title="bbox 2148 2018 3793 2096">
     <span class='ocr_line' id='line_1_68' title="bbox 2148 2018 3793 2096; baseline -0.007 -14"><span class='ocrx_word' id='word_1_485' title='bbox 2148 2027 2451 2082; x_wconf 80' lang='lat' dir='ltr'>aﬂ&#39;erentia</span> <span class='ocrx_word' id='word_1_486' title='bbox 2499 2029 2757 2082; x_wconf 84' lang='lat' dir='ltr'>evertere</span> <span class='ocrx_word' id='word_1_487' title='bbox 2789 2023 3000 2096; x_wconf 88' lang='lat' dir='ltr'>poterit</span> <span class='ocrx_word' id='word_1_488' title='bbox 3029 2028 3086 2078; x_wconf 91' lang='lat' dir='ltr'>et</span> <span class='ocrx_word' id='word_1_489' title='bbox 3115 2035 3472 2093; x_wconf 88' lang='lat' dir='ltr'>expugnare.</span> <span class='ocrx_word' id='word_1_490' title='bbox 3507 2018 3793 2088; x_wconf 88' lang='lat' dir='ltr'>Deinceps</span> 
     </span>
    </p>
   </div>
   <div class='ocr_carea' id='block_1_68' title="bbox 2150 2106 3792 2172">
    <p class='ocr_par' dir='ltr' id='par_1_68' title="bbox 2150 2106 3792 2172">
     <span class='ocr_line' id='line_1_69' title="bbox 2150 2106 3792 2172; baseline -0.007 -1"><span class='ocrx_word' id='word_1_491' title='bbox 2150 2117 2232 2171; x_wconf 89' lang='lat' dir='ltr'>ait</span> <span class='ocrx_word' id='word_1_492' title='bbox 2266 2133 2278 2172; x_wconf 92' lang='lat'><strong>:</strong></span> <span class='ocrx_word' id='word_1_493' title='bbox 2311 2117 2530 2171; x_wconf 69' lang='lat' dir='ltr'>Messen;</span> <span class='ocrx_word' id='word_1_494' title='bbox 2559 2123 2712 2170; x_wconf 89' lang='lat' dir='ltr'>tuam</span> <span class='ocrx_word' id='word_1_495' title='bbox 2758 2118 2812 2169; x_wconf 83' lang='lat' dir='ltr'>et</span> <span class='ocrx_word' id='word_1_496' title='bbox 2859 2112 3194 2168; x_wconf 73' lang='lat' dir='ltr'>vindemiam</span> <span class='ocrx_word' id='word_1_497' title='bbox 3239 2114 3401 2166; x_wconf 88' lang='lat' dir='ltr'>tuam</span> <span class='ocrx_word' id='word_1_498' title='bbox 3446 2106 3792 2172; x_wconf 82' lang='lat' dir='ltr'>conculcabo,</span> 
     </span>
    </p>
   </div>
   <div class='ocr_carea' id='block_1_69' title="bbox 2149 2195 3798 2273">
    <p class='ocr_par' dir='ltr' id='par_1_69' title="bbox 2149 2195 3798 2273">
     <span class='ocr_line' id='line_1_70' title="bbox 2149 2195 3798 2273; baseline -0.007 -12"><span class='ocrx_word' id='word_1_499' title='bbox 2149 2218 2202 2261; x_wconf 84' lang='grc' dir='ltr'>ει</span> <span class='ocrx_word' id='word_1_500' title='bbox 2230 2206 2419 2260; x_wconf 86' lang='lat' dir='ltr'>omnia</span> <span class='ocrx_word' id='word_1_501' title='bbox 2446 2203 2744 2260; x_wconf 83' lang='lat' dir='ltr'>concident.</span> <span class='ocrx_word' id='word_1_502' title='bbox 2777 2202 2921 2257; x_wconf 89' lang='lat' dir='ltr'>Nam</span> <span class='ocrx_word' id='word_1_503' title='bbox 2955 2202 3190 2273; x_wconf 90' lang='lat' dir='ltr'>quando</span> <span class='ocrx_word' id='word_1_504' title='bbox 3222 2199 3380 2270; x_wconf 91' lang='lat' dir='ltr'>quod</span> <span class='ocrx_word' id='word_1_505' title='bbox 3412 2196 3657 2252; x_wconf 89' lang='lat' dir='ltr'>demetit</span> <span class='ocrx_word' id='word_1_506' title='bbox 3675 2195 3798 2250; x_wconf 86' lang='lat' dir='ltr'>fru-</span> 
     </span>
    </p>
   </div>
   <div class='ocr_carea' id='block_1_70' title="bbox 2153 2286 3803 2365">
    <p class='ocr_par' dir='ltr' id='par_1_70' title="bbox 2153 2286 3803 2365">
     <span class='ocr_line' id='line_1_71' title="bbox 2153 2286 3803 2365; baseline -0.007 -16"><span class='ocrx_word' id='word_1_507' title='bbox 2153 2298 2442 2361; x_wconf 88' lang='lat' dir='ltr'>mentum,</span> <span class='ocrx_word' id='word_1_508' title='bbox 2477 2293 2718 2365; x_wconf 91' lang='lat' dir='ltr'>etquod</span> <span class='ocrx_word' id='word_1_509' title='bbox 2767 2291 3091 2347; x_wconf 90' lang='lat' dir='ltr'>vindemiat</span> <span class='ocrx_word' id='word_1_510' title='bbox 3137 2288 3363 2357; x_wconf 88' lang='lat' dir='ltr'>vinum,</span> <span class='ocrx_word' id='word_1_511' title='bbox 3415 2286 3803 2342; x_wconf 84' lang='lat' dir='ltr'>adversantur</span> 
     </span>
    </p>
   </div>
   <div class='ocr_carea' id='block_1_71' title="bbox 2153 2372 3804 2453">
    <p class='ocr_par' dir='ltr' id='par_1_71' title="bbox 2153 2372 3804 2453">
     <span class='ocr_line' id='line_1_72' title="bbox 2153 2372 3804 2453; baseline -0.005 -17"><span class='ocrx_word' id='word_1_512' title='bbox 2153 2385 2278 2436; x_wconf 91' lang='lat' dir='ltr'>tum</span> <span class='ocrx_word' id='word_1_513' title='bbox 2302 2381 2438 2453; x_wconf 89' lang='lat' dir='ltr'>pani</span> <span class='ocrx_word' id='word_1_514' title='bbox 2462 2381 2560 2452; x_wconf 89' lang='lat' dir='ltr'>qui</span> <span class='ocrx_word' id='word_1_515' title='bbox 2580 2381 2892 2436; x_wconf 82' lang='lat' dir='ltr'>conﬁrmat</span> <span class='ocrx_word' id='word_1_516' title='bbox 2917 2395 3014 2436; x_wconf 88' lang='lat' dir='ltr'>cor</span> <span class='ocrx_word' id='word_1_517' title='bbox 3035 2376 3309 2444; x_wconf 86' lang='lat' dir='ltr'>hominis,</span> <span class='ocrx_word' id='word_1_518' title='bbox 3330 2380 3455 2431; x_wconf 89' lang='lat' dir='ltr'>tum</span> <span class='ocrx_word' id='word_1_519' title='bbox 3486 2373 3620 2430; x_wconf 89' lang='lat' dir='ltr'>vino</span> <span class='ocrx_word' id='word_1_520' title='bbox 3651 2372 3804 2442; x_wconf 86' lang='lat' dir='ltr'>quod</span> 
     </span>
    </p>
   </div>
   <div class='ocr_carea' id='block_1_72' title="bbox 2155 2465 3806 2538">
    <p class='ocr_par' dir='ltr' id='par_1_72' title="bbox 2155 2465 3806 2538">
     <span class='ocr_line' id='line_1_73' title="bbox 2155 2465 3806 2538; baseline -0.007 -11"><span class='ocrx_word' id='word_1_521' title='bbox 2155 2471 2410 2527; x_wconf 54' lang='lat' dir='ltr'>laetiﬁcat</span> <span class='ocrx_word' id='word_1_522' title='bbox 2430 2487 2529 2525; x_wconf 91' lang='lat' dir='ltr'>cor</span> <span class='ocrx_word' id='word_1_523' title='bbox 2549 2469 2808 2524; x_wconf 87' lang='lat' dir='ltr'>hominis</span> <span class='ocrx_word' id='word_1_524' title='bbox 2829 2469 2872 2503; x_wconf 73' lang='lat'>‘7</span> <span class='ocrx_word' id='word_1_525' title='bbox 2897 2484 2910 2523; x_wconf 89' lang='lat'><strong>:</strong></span> <span class='ocrx_word' id='word_1_526' title='bbox 2943 2473 3094 2530; x_wconf 87' lang='lat' dir='ltr'>Deus</span> <span class='ocrx_word' id='word_1_527' title='bbox 3125 2470 3327 2538; x_wconf 89' lang='lat' dir='ltr'>utpote</span> <span class='ocrx_word' id='word_1_528' title='bbox 3357 2465 3547 2519; x_wconf 89' lang='lat' dir='ltr'>bonus</span> <span class='ocrx_word' id='word_1_529' title='bbox 3576 2478 3644 2518; x_wconf 90' lang='lat' dir='ltr'>ea</span> <span class='ocrx_word' id='word_1_530' title='bbox 3673 2478 3806 2532; x_wconf 88' lang='lat' dir='ltr'>pro-</span> 
     </span>
    </p>
   </div>
   <div class='ocr_carea' id='block_1_73' title="bbox 2156 2550 3807 2628">
    <p class='ocr_par' dir='ltr' id='par_1_73' title="bbox 2156 2550 3807 2628">
     <span class='ocr_line' id='line_1_74' title="bbox 2156 2550 3807 2628; baseline -0.007 -13"><span class='ocrx_word' id='word_1_531' title='bbox 2156 2560 2482 2625; x_wconf 84' lang='lat' dir='ltr'>culcat,nec</span> <span class='ocrx_word' id='word_1_532' title='bbox 2511 2559 2571 2614; x_wconf 91' lang='lat' dir='ltr'>in</span> <span class='ocrx_word' id='word_1_533' title='bbox 2605 2558 2804 2614; x_wconf 89' lang='lat' dir='ltr'>cibum</span> <span class='ocrx_word' id='word_1_534' title='bbox 2833 2563 2936 2613; x_wconf 88' lang='lat' dir='ltr'>aut</span> <span class='ocrx_word' id='word_1_535' title='bbox 2966 2561 3165 2628; x_wconf 89' lang='lat' dir='ltr'>potum</span> <span class='ocrx_word' id='word_1_536' title='bbox 3198 2556 3401 2610; x_wconf 89' lang='lat' dir='ltr'>cedere</span> <span class='ocrx_word' id='word_1_537' title='bbox 3432 2551 3576 2608; x_wconf 88' lang='lat' dir='ltr'>sinit</span> <span class='ocrx_word' id='word_1_538' title='bbox 3605 2551 3678 2606; x_wconf 89' lang='lat' dir='ltr'>iis</span> <span class='ocrx_word' id='word_1_539' title='bbox 3705 2550 3807 2621; x_wconf 90' lang='lat' dir='ltr'>qui</span> 
     </span>
    </p>
   </div>
   <div class='ocr_carea' id='block_1_74' title="bbox 2157 2639 3806 2719">
    <p class='ocr_par' dir='ltr' id='par_1_74' title="bbox 2157 2639 3806 2719">
     <span class='ocr_line' id='line_1_75' title="bbox 2157 2639 3806 2719; baseline -0.008 -14"><span class='ocrx_word' id='word_1_540' title='bbox 2157 2651 2439 2705; x_wconf 82' lang='lat' dir='ltr'>damnum</span> <span class='ocrx_word' id='word_1_541' title='bbox 2467 2649 2622 2719; x_wconf 91' lang='lat' dir='ltr'>quod</span> <span class='ocrx_word' id='word_1_542' title='bbox 2647 2647 2899 2703; x_wconf 73' lang='lat' dir='ltr'>afferunt</span> <span class='ocrx_word' id='word_1_543' title='bbox 2921 2645 3501 2717; x_wconf 87' lang='lat' dir='ltr'>ignorantes,temere</span> <span class='ocrx_word' id='word_1_544' title='bbox 3522 2645 3575 2695; x_wconf 88' lang='lat' dir='ltr'>et</span> <span class='ocrx_word' id='word_1_545' title='bbox 3599 2639 3806 2694; x_wconf 90' lang='lat' dir='ltr'>incon-</span> 
     </span>
    </p>
   </div>
   <div class='ocr_carea' id='block_1_75' title="bbox 2156 2733 3803 2808">
    <p class='ocr_par' dir='ltr' id='par_1_75' title="bbox 2156 2733 3803 2808">
     <span class='ocr_line' id='line_1_76' title="bbox 2156 2733 3803 2808; baseline -0.007 -13"><span class='ocrx_word' id='word_1_546' title='bbox 2156 2739 2308 2795; x_wconf 89' lang='lat' dir='ltr'>sulte</span> <span class='ocrx_word' id='word_1_547' title='bbox 2339 2743 2537 2794; x_wconf 87' lang='lat' dir='ltr'>essent</span> <span class='ocrx_word' id='word_1_548' title='bbox 2565 2753 2634 2793; x_wconf 89' lang='lat' dir='ltr'>ea</span> <span class='ocrx_word' id='word_1_549' title='bbox 2664 2737 2983 2808; x_wconf 89' lang='lat' dir='ltr'>sumpturi.</span> <span class='ocrx_word' id='word_1_550' title='bbox 3033 2734 3234 2806; x_wconf 84' lang='lat' dir='ltr'>Itaque</span> <span class='ocrx_word' id='word_1_551' title='bbox 3281 2734 3506 2788; x_wconf 81' lang='lat' dir='ltr'>Messem</span> <span class='ocrx_word' id='word_1_552' title='bbox 3550 2734 3704 2784; x_wconf 88' lang='lat' dir='ltr'>tuam</span> <span class='ocrx_word' id='word_1_553' title='bbox 3751 2733 3803 2784; x_wconf 84' lang='lat' dir='ltr'>et</span> 
     </span>
    </p>
   </div>
   <div class='ocr_carea' id='block_1_76' title="bbox 2154 2818 3801 2891">
    <p class='ocr_par' dir='ltr' id='par_1_76' title="bbox 2154 2818 3801 2891">
     <span class='ocr_line' id='line_1_77' title="bbox 2154 2818 3801 2891; baseline -0.007 -6"><span class='ocrx_word' id='word_1_554' title='bbox 2154 2828 2492 2885; x_wconf 82' lang='lat' dir='ltr'>vindemiam</span> <span class='ocrx_word' id='word_1_555' title='bbox 2550 2830 2706 2881; x_wconf 89' lang='lat' dir='ltr'>tuum</span> <span class='ocrx_word' id='word_1_556' title='bbox 2754 2824 3111 2891; x_wconf 84' lang='lat' dir='ltr'>conculcabo,</span> <span class='ocrx_word' id='word_1_557' title='bbox 3161 2831 3213 2878; x_wconf 80' lang='lat' dir='ltr'>et</span> <span class='ocrx_word' id='word_1_558' title='bbox 3259 2822 3444 2878; x_wconf 83' lang='lat' dir='ltr'>omnia</span> <span class='ocrx_word' id='word_1_559' title='bbox 3495 2818 3801 2875; x_wconf 84' lang='lat' dir='ltr'>concident.</span> 
     </span>
    </p>
   </div>
   <div class='ocr_carea' id='block_1_77' title="bbox 2154 2907 3802 2984">
    <p class='ocr_par' dir='ltr' id='par_1_77' title="bbox 2154 2907 3802 2984">
     <span class='ocr_line' id='line_1_78' title="bbox 2154 2907 3802 2984; baseline -0.008 -10"><span class='ocrx_word' id='word_1_560' title='bbox 2154 2922 2276 2974; x_wconf 83' lang='lat' dir='ltr'>Hoc</span> <span class='ocrx_word' id='word_1_561' title='bbox 2304 2918 2480 2973; x_wconf 87' lang='lat' dir='ltr'>etiam</span> <span class='ocrx_word' id='word_1_562' title='bbox 2515 2918 2581 2972; x_wconf 89' lang='lat' dir='ltr'>ad</span> <span class='ocrx_word' id='word_1_563' title='bbox 2607 2918 2850 2972; x_wconf 86' lang='lat' dir='ltr'>verbum</span> <span class='ocrx_word' id='word_1_564' title='bbox 2883 2917 3076 2984; x_wconf 84' lang='lat' dir='ltr'>potest</span> <span class='ocrx_word' id='word_1_565' title='bbox 3104 2912 3273 2967; x_wconf 88' lang='lat' dir='ltr'>nobis</span> <span class='ocrx_word' id='word_1_566' title='bbox 3301 2913 3579 2982; x_wconf 63' lang='lat' dir='ltr'>prastare</span> <span class='ocrx_word' id='word_1_567' title='bbox 3618 2907 3802 2963; x_wconf 62' lang='lat' dir='ltr'>aedili-</span> 
     </span>
    </p>
   </div>
   <div class='ocr_carea' id='block_1_78' title="bbox 2156 2996 3803 3076">
    <p class='ocr_par' dir='ltr' id='par_1_78' title="bbox 2156 2996 3803 3076">
     <span class='ocr_line' id='line_1_79' title="bbox 2156 2996 3803 3076; baseline -0.009 -13"><span class='ocrx_word' id='word_1_568' title='bbox 2156 3006 2630 3076; x_wconf 87' lang='lat' dir='ltr'>cationem,quod</span> <span class='ocrx_word' id='word_1_569' title='bbox 2660 3021 2775 3058; x_wconf 90' lang='lat' dir='ltr'>non</span> <span class='ocrx_word' id='word_1_570' title='bbox 2807 3003 2977 3073; x_wconf 87' lang='lat' dir='ltr'>pauci</span> <span class='ocrx_word' id='word_1_571' title='bbox 3005 3003 3130 3071; x_wconf 86' lang='lat' dir='ltr'>jam</span> <span class='ocrx_word' id='word_1_572' title='bbox 3163 3000 3460 3054; x_wconf 78' lang='lat' dir='ltr'>fructuum</span> <span class='ocrx_word' id='word_1_573' title='bbox 3510 2996 3803 3051; x_wconf 82' lang='lat' dir='ltr'>collectio-</span> 
     </span>
    </p>
   </div>
   <div class='ocr_carea' id='block_1_79' title="bbox 2157 3083 3807 3160">
    <p class='ocr_par' dir='ltr' id='par_1_79' title="bbox 2157 3083 3807 3160">
     <span class='ocr_line' id='line_1_80' title="bbox 2157 3083 3807 3160; baseline -0.008 -9"><span class='ocrx_word' id='word_1_574' title='bbox 2157 3112 2291 3152; x_wconf 89' lang='lat' dir='ltr'>nem</span> <span class='ocrx_word' id='word_1_575' title='bbox 2347 3095 2406 3148; x_wconf 91' lang='lat' dir='ltr'>in</span> <span class='ocrx_word' id='word_1_576' title='bbox 2441 3093 2715 3148; x_wconf 88' lang='lat' dir='ltr'>manibus</span> <span class='ocrx_word' id='word_1_577' title='bbox 2745 3091 3051 3156; x_wconf 87' lang='lat' dir='ltr'>habentes,</span> <span class='ocrx_word' id='word_1_578' title='bbox 3081 3088 3322 3160; x_wconf 90' lang='lat' dir='ltr'>inopina</span> <span class='ocrx_word' id='word_1_579' title='bbox 3349 3086 3602 3156; x_wconf 90' lang='lat' dir='ltr'>quadam</span> <span class='ocrx_word' id='word_1_580' title='bbox 3635 3083 3807 3155; x_wconf 88' lang='lat' dir='ltr'>plaga</span> 
     </span>
    </p>
   </div>
   <div class='ocr_carea' id='block_1_80' title="bbox 2158 3173 3808 3256">
    <p class='ocr_par' dir='ltr' id='par_1_80' title="bbox 2158 3173 3808 3256">
     <span class='ocr_line' id='line_1_81' title="bbox 2158 3173 3808 3256; baseline -0.005 -19"><span class='ocrx_word' id='word_1_581' title='bbox 2158 3201 2262 3256; x_wconf 86' lang='lat' dir='ltr'>per</span> <span class='ocrx_word' id='word_1_582' title='bbox 2291 3182 2643 3253; x_wconf 89' lang='lat' dir='ltr'>grandinem</span> <span class='ocrx_word' id='word_1_583' title='bbox 2669 3178 2756 3235; x_wconf 91' lang='lat' dir='ltr'>vel</span> <span class='ocrx_word' id='word_1_584' title='bbox 2788 3179 2945 3235; x_wconf 87' lang='lat' dir='ltr'>aliud</span> <span class='ocrx_word' id='word_1_585' title='bbox 2982 3178 3231 3250; x_wconf 90' lang='lat' dir='ltr'>quodvis</span> <span class='ocrx_word' id='word_1_586' title='bbox 3262 3173 3560 3247; x_wconf 87' lang='lat' dir='ltr'>ﬂagellum</span> <span class='ocrx_word' id='word_1_587' title='bbox 3605 3188 3808 3244; x_wconf 81' lang='lat' dir='ltr'>exspe-</span> 
     </span>
    </p>
   </div>
   <div class='ocr_carea' id='block_1_81' title="bbox 2158 3261 3811 3338">
    <p class='ocr_par' dir='ltr' id='par_1_81' title="bbox 2158 3261 3811 3338">
     <span class='ocr_line' id='line_1_82' title="bbox 2158 3261 3811 3338; baseline -0.007 -10"><span class='ocrx_word' id='word_1_588' title='bbox 2158 3273 2408 3328; x_wconf 75' lang='lat' dir='ltr'>ctatione</span> <span class='ocrx_word' id='word_1_589' title='bbox 2440 3287 2549 3326; x_wconf 85' lang='lat' dir='ltr'>sua</span> <span class='ocrx_word' id='word_1_590' title='bbox 2578 3269 2830 3324; x_wconf 85' lang='lat' dir='ltr'>fraudati</span> <span class='ocrx_word' id='word_1_591' title='bbox 2861 3268 2981 3323; x_wconf 89' lang='lat' dir='ltr'>sint</span> <span class='ocrx_word' id='word_1_592' title='bbox 3003 3284 3016 3322; x_wconf 88' lang='lat'><strong>:</strong></span> <span class='ocrx_word' id='word_1_593' title='bbox 3041 3269 3259 3338; x_wconf 90' lang='lat' dir='ltr'>quippe</span> <span class='ocrx_word' id='word_1_594' title='bbox 3288 3266 3360 3320; x_wconf 91' lang='lat' dir='ltr'>ob</span> <span class='ocrx_word' id='word_1_595' title='bbox 3392 3264 3697 3320; x_wconf 89' lang='lat' dir='ltr'>hominum</span> <span class='ocrx_word' id='word_1_596' title='bbox 3726 3261 3811 3316; x_wconf 88' lang='lat' dir='ltr'>in-</span> 
     </span>
    </p>
   </div>
   <div class='ocr_carea' id='block_1_82' title="bbox 2157 3352 3812 3433">
    <p class='ocr_par' dir='ltr' id='par_1_82' title="bbox 2157 3352 3812 3433">
     <span class='ocr_line' id='line_1_83' title="bbox 2157 3352 3812 3433; baseline -0.008 -16"><span class='ocrx_word' id='word_1_597' title='bbox 2157 3368 2389 3433; x_wconf 89' lang='lat' dir='ltr'>gratum</span> <span class='ocrx_word' id='word_1_598' title='bbox 2423 3360 2686 3415; x_wconf 89' lang='lat' dir='ltr'>animum</span> <span class='ocrx_word' id='word_1_599' title='bbox 2712 3364 2889 3430; x_wconf 85' lang='lat' dir='ltr'>atque</span> <span class='ocrx_word' id='word_1_600' title='bbox 2916 3356 3243 3426; x_wconf 85' lang='lat' dir='ltr'>avaritiam,</span> <span class='ocrx_word' id='word_1_601' title='bbox 3276 3354 3512 3410; x_wconf 86' lang='lat' dir='ltr'>eosdem</span> <span class='ocrx_word' id='word_1_602' title='bbox 3565 3352 3636 3407; x_wconf 84' lang='lat' dir='ltr'>iis</span> <span class='ocrx_word' id='word_1_603' title='bbox 3687 3367 3812 3423; x_wconf 90' lang='lat' dir='ltr'>per-</span> 
     </span>
    </p>
   </div>
   <div class='ocr_carea' id='block_1_83' title="bbox 2159 3448 2799 3506">
    <p class='ocr_par' dir='ltr' id='par_1_83' title="bbox 2159 3448 2799 3506">
     <span class='ocr_line' id='line_1_84' title="bbox 2159 3448 2799 3506; baseline -0.006 0"><span class='ocrx_word' id='word_1_604' title='bbox 2159 3452 2272 3506; x_wconf 78' lang='lat' dir='ltr'>frui</span> <span class='ocrx_word' id='word_1_605' title='bbox 2308 3455 2458 3506; x_wconf 92' lang='lat' dir='ltr'>Deus</span> <span class='ocrx_word' id='word_1_606' title='bbox 2491 3465 2606 3504; x_wconf 90' lang='lat' dir='ltr'>non</span> <span class='ocrx_word' id='word_1_607' title='bbox 2639 3448 2799 3504; x_wconf 86' lang='lat' dir='ltr'>sinit.</span> 
     </span>
    </p>
   </div>
   <div class='ocr_carea' id='block_1_84' title="bbox 2231 3622 3815 3684">
    <p class='ocr_par' dir='ltr' id='par_1_84' title="bbox 2231 3622 3815 3684">
     <span class='ocr_line' id='line_1_85' title="bbox 2231 3622 3815 3684; baseline -0.006 0"><span class='ocrx_word' id='word_1_608' title='bbox 2231 3629 2356 3684; x_wconf 89' lang='grc'>313.</span> <span class='ocrx_word' id='word_1_609' title='bbox 2404 3630 2471 3683; x_wconf 88' lang='lat' dir='ltr'>Et</span> <span class='ocrx_word' id='word_1_610' title='bbox 2516 3627 2737 3683; x_wconf 78' lang='lat' dir='ltr'>tolletur</span> <span class='ocrx_word' id='word_1_611' title='bbox 2768 3626 2967 3683; x_wconf 51' lang='lat' dir='ltr'>latitia</span> <span class='ocrx_word' id='word_1_612' title='bbox 2997 3629 3049 3681; x_wconf 79' lang='lat' dir='ltr'>et</span> <span class='ocrx_word' id='word_1_613' title='bbox 3077 3623 3380 3681; x_wconf 67' lang='lat' dir='ltr'>exsultatio</span> <span class='ocrx_word' id='word_1_614' title='bbox 3411 3623 3483 3677; x_wconf 86' lang='lat' dir='ltr'>de</span> <span class='ocrx_word' id='word_1_615' title='bbox 3513 3622 3691 3677; x_wconf 84' lang='lat' dir='ltr'>vineis</span> <span class='ocrx_word' id='word_1_616' title='bbox 3717 3637 3730 3676; x_wconf 92' lang='lat'><strong>:</strong></span> <span class='ocrx_word' id='word_1_617' title='bbox 3763 3626 3815 3675; x_wconf 89' lang='lat' dir='ltr'>et</span> 
     </span>
    </p>
   </div>
   <div class='ocr_carea' id='block_1_85' title="bbox 2159 3710 3813 3800">
    <p class='ocr_par' dir='ltr' id='par_1_85' title="bbox 2159 3710 3813 3800">
     <span class='ocr_line' id='line_1_86' title="bbox 2159 3710 3813 3800; baseline -0.005 -27"><span class='ocrx_word' id='word_1_618' title='bbox 2159 3735 2270 3775; x_wconf 87' lang='lat' dir='ltr'>non</span> <span class='ocrx_word' id='word_1_619' title='bbox 2301 3717 2669 3800; x_wconf 63' lang='lat' dir='ltr'>lwtabuntur,</span> <span class='ocrx_word' id='word_1_620' title='bbox 2697 3731 2868 3787; x_wconf 86' lang='lat' dir='ltr'>neque</span> <span class='ocrx_word' id='word_1_621' title='bbox 2892 3715 3179 3770; x_wconf 85' lang='lat' dir='ltr'>calcabunt</span> <span class='ocrx_word' id='word_1_622' title='bbox 3204 3715 3398 3768; x_wconf 87' lang='lat' dir='ltr'>vinum</span> <span class='ocrx_word' id='word_1_623' title='bbox 3427 3714 3482 3766; x_wconf 88' lang='lat' dir='ltr'>in</span> <span class='ocrx_word' id='word_1_624' title='bbox 3516 3710 3813 3767; x_wconf 85' lang='lat' dir='ltr'>torculari-</span> 
     </span>
    </p>
   </div>
   <div class='ocr_carea' id='block_1_86' title="bbox 2164 3800 3810 3864">
    <p class='ocr_par' dir='ltr' id='par_1_86' title="bbox 2164 3800 3810 3864">
     <span class='ocr_line' id='line_1_87' title="bbox 2164 3800 3810 3864; baseline -0.007 0"><span class='ocrx_word' id='word_1_625' title='bbox 2164 3811 2262 3864; x_wconf 87' lang='lat' dir='ltr'>bus</span> <span class='ocrx_word' id='word_1_626' title='bbox 2298 3825 2310 3862; x_wconf 90' lang='lat'><strong>:</strong></span> <span class='ocrx_word' id='word_1_627' title='bbox 2343 3809 2548 3864; x_wconf 82' lang='lat' dir='ltr'>ctenim</span> <span class='ocrx_word' id='word_1_628' title='bbox 2574 3809 2830 3864; x_wconf 78' lang='lat' dir='ltr'>cessavit.</span> <span class='ocrx_word' id='word_1_629' title='bbox 2865 3805 2932 3860; x_wconf 89' lang='lat' dir='ltr'>Et</span> <span class='ocrx_word' id='word_1_630' title='bbox 2961 3822 3095 3860; x_wconf 90' lang='lat' dir='ltr'>vero</span> <span class='ocrx_word' id='word_1_631' title='bbox 3127 3804 3361 3858; x_wconf 79' lang='lat' dir='ltr'>sublata</span> <span class='ocrx_word' id='word_1_632' title='bbox 3390 3805 3478 3857; x_wconf 88' lang='lat' dir='ltr'>est</span> <span class='ocrx_word' id='word_1_633' title='bbox 3508 3800 3706 3856; x_wconf 67' lang='lat' dir='ltr'>laetitia</span> <span class='ocrx_word' id='word_1_634' title='bbox 3753 3801 3810 3854; x_wconf 88' lang='lat' dir='ltr'>et</span> 
     </span>
    </p>
   </div>
   <div class='ocr_carea' id='block_1_87' title="bbox 2163 3890 3808 3963">
    <p class='ocr_par' dir='ltr' id='par_1_87' title="bbox 2163 3890 3808 3963">
     <span class='ocr_line' id='line_1_88' title="bbox 2163 3890 3808 3963; baseline -0.006 -10"><span class='ocrx_word' id='word_1_635' title='bbox 2163 3897 2473 3953; x_wconf 84' lang='lat' dir='ltr'>exsultatio</span> <span class='ocrx_word' id='word_1_636' title='bbox 2499 3913 2530 3952; x_wconf 93' lang='lat' dir='ltr'>e</span> <span class='ocrx_word' id='word_1_637' title='bbox 2557 3895 2764 3951; x_wconf 89' lang='lat' dir='ltr'>vineis.</span> <span class='ocrx_word' id='word_1_638' title='bbox 2799 3895 2882 3949; x_wconf 80' lang='lat' dir='ltr'>Ab</span> <span class='ocrx_word' id='word_1_639' title='bbox 2914 3893 3234 3950; x_wconf 85' lang='lat' dir='ltr'>Israelitico</span> <span class='ocrx_word' id='word_1_640' title='bbox 3278 3891 3491 3963; x_wconf 91' lang='lat' dir='ltr'>populo</span> <span class='ocrx_word' id='word_1_641' title='bbox 3545 3890 3808 3946; x_wconf 87' lang='lat' dir='ltr'>ablatum</span> 
     </span>
    </p>
   </div>
   <div class='ocr_carea' id='block_1_88' title="bbox 2163 3970 3852 4058">
    <p class='ocr_par' dir='ltr' id='par_1_88' title="bbox 2163 3970 3852 4058">
     <span class='ocr_line' id='line_1_89' title="bbox 2163 3970 3852 4058; baseline -0.007 -15"><span class='ocrx_word' id='word_1_642' title='bbox 2163 3993 2253 4043; x_wconf 90' lang='lat' dir='ltr'>est</span> <span class='ocrx_word' id='word_1_643' title='bbox 2282 4003 2526 4058; x_wconf 89' lang='lat' dir='ltr'>regnum</span> <span class='ocrx_word' id='word_1_644' title='bbox 2560 3985 2748 4052; x_wconf 86' lang='lat' dir='ltr'>Dei,et</span> <span class='ocrx_word' id='word_1_645' title='bbox 2779 3985 2984 4040; x_wconf 88' lang='lat' dir='ltr'>datum</span> <span class='ocrx_word' id='word_1_646' title='bbox 3017 3989 3106 4038; x_wconf 88' lang='lat' dir='ltr'>est</span> <span class='ocrx_word' id='word_1_647' title='bbox 3133 3981 3292 4054; x_wconf 88' lang='lat' dir='ltr'>genti</span> <span class='ocrx_word' id='word_1_648' title='bbox 3323 3980 3555 4036; x_wconf 76' lang='lat' dir='ltr'>facienti</span> <span class='ocrx_word' id='word_1_649' title='bbox 3588 3981 3812 4034; x_wconf 88' lang='lat' dir='ltr'>fructus</span> <span class='ocrx_word' id='word_1_650' title='bbox 3847 3970 3852 3976; x_wconf 55' lang='grc'>⁷</span> 
     </span>
    </p>
   </div>
   <div class='ocr_carea' id='block_1_89' title="bbox 2164 4068 3818 4145">
    <p class='ocr_par' dir='ltr' id='par_1_89' title="bbox 2164 4068 3818 4145">
     <span class='ocr_line' id='line_1_90' title="bbox 2164 4068 3818 4145; baseline -0.007 -13"><span class='ocrx_word' id='word_1_651' title='bbox 2164 4077 2293 4145; x_wconf 87' lang='lat' dir='ltr'>ejus</span> <span class='ocrx_word' id='word_1_652' title='bbox 2324 4075 2387 4128; x_wconf 71' lang='grc'>⁸⁸.</span> <span class='ocrx_word' id='word_1_653' title='bbox 2423 4074 2618 4130; x_wconf 88' lang='lat' dir='ltr'>Potest</span> <span class='ocrx_word' id='word_1_654' title='bbox 2651 4073 2830 4128; x_wconf 89' lang='lat' dir='ltr'>etiam</span> <span class='ocrx_word' id='word_1_655' title='bbox 2863 4072 2985 4127; x_wconf 71' lang='lat' dir='ltr'>haec</span> <span class='ocrx_word' id='word_1_656' title='bbox 3014 4071 3305 4126; x_wconf 87' lang='lat' dir='ltr'>sententia</span> <span class='ocrx_word' id='word_1_657' title='bbox 3335 4069 3522 4140; x_wconf 85' lang='lat' dir='ltr'>accipi</span> <span class='ocrx_word' id='word_1_658' title='bbox 3565 4068 3635 4124; x_wconf 90' lang='lat' dir='ltr'>ad</span> <span class='ocrx_word' id='word_1_659' title='bbox 3685 4082 3818 4122; x_wconf 88' lang='lat' dir='ltr'>ver-</span> 
     </span>
    </p>
   </div>
   <div class='ocr_carea' id='block_1_90' title="bbox 2165 4155 3820 4234">
    <p class='ocr_par' dir='ltr' id='par_1_90' title="bbox 2165 4155 3820 4234">
     <span class='ocr_line' id='line_1_91' title="bbox 2165 4155 3820 4234; baseline -0.006 -14"><span class='ocrx_word' id='word_1_660' title='bbox 2165 4166 2330 4232; x_wconf 90' lang='lat' dir='ltr'>bum,</span> <span class='ocrx_word' id='word_1_661' title='bbox 2363 4179 2429 4219; x_wconf 91' lang='lat' dir='ltr'>eo</span> <span class='ocrx_word' id='word_1_662' title='bbox 2459 4163 2615 4234; x_wconf 92' lang='lat' dir='ltr'>quod</span> <span class='ocrx_word' id='word_1_663' title='bbox 2643 4162 2909 4218; x_wconf 85' lang='lat' dir='ltr'>aufertur</span> <span class='ocrx_word' id='word_1_664' title='bbox 2938 4161 3139 4216; x_wconf 73' lang='lat' dir='ltr'>laatitia</span> <span class='ocrx_word' id='word_1_665' title='bbox 3165 4159 3358 4215; x_wconf 89' lang='lat' dir='ltr'>omnis</span> <span class='ocrx_word' id='word_1_666' title='bbox 3391 4159 3462 4214; x_wconf 86' lang='lat' dir='ltr'>ab</span> <span class='ocrx_word' id='word_1_667' title='bbox 3489 4157 3582 4224; x_wconf 89' lang='lat' dir='ltr'>iis,</span> <span class='ocrx_word' id='word_1_668' title='bbox 3616 4155 3717 4228; x_wconf 90' lang='lat' dir='ltr'>qui</span> <span class='ocrx_word' id='word_1_669' title='bbox 3747 4157 3820 4211; x_wconf 93' lang='lat' dir='ltr'>de</span> 
     </span>
    </p>
   </div>
   <div class='ocr_carea' id='block_1_91' title="bbox 2167 4244 3822 4326">
    <p class='ocr_par' dir='ltr' id='par_1_91' title="bbox 2167 4244 3822 4326">
     <span class='ocr_line' id='line_1_92' title="bbox 2167 4244 3822 4326; baseline -0.005 -17"><span class='ocrx_word' id='word_1_670' title='bbox 2167 4271 2270 4326; x_wconf 89' lang='lat' dir='ltr'>spe</span> <span class='ocrx_word' id='word_1_671' title='bbox 2301 4253 2514 4325; x_wconf 87' lang='lat' dir='ltr'>segetis</span> <span class='ocrx_word' id='word_1_672' title='bbox 2546 4251 2882 4324; x_wconf 73' lang='lat' dir='ltr'>celligendae</span> <span class='ocrx_word' id='word_1_673' title='bbox 2922 4250 3114 4306; x_wconf 79' lang='lat' dir='ltr'>subito</span> <span class='ocrx_word' id='word_1_674' title='bbox 3164 4249 3463 4304; x_wconf 89' lang='lat' dir='ltr'>decidunt.</span> <span class='ocrx_word' id='word_1_675' title='bbox 3515 4250 3632 4301; x_wconf 90' lang='lat' dir='ltr'>Aut</span> <span class='ocrx_word' id='word_1_676' title='bbox 3681 4244 3822 4317; x_wconf 86' lang='lat' dir='ltr'>quia</span> 
     </span>
    </p>
   </div>
   <div class='ocr_carea' id='block_1_92' title="bbox 2166 4337 3824 4405">
    <p class='ocr_par' dir='ltr' id='par_1_92' title="bbox 2166 4337 3824 4405">
     <span class='ocr_line' id='line_1_93' title="bbox 2166 4337 3824 4405; baseline -0.006 -7"><span class='ocrx_word' id='word_1_677' title='bbox 2166 4343 2396 4400; x_wconf 89' lang='lat' dir='ltr'>vineam</span> <span class='ocrx_word' id='word_1_678' title='bbox 2429 4342 2688 4397; x_wconf 81' lang='lat' dir='ltr'>diximus</span> <span class='ocrx_word' id='word_1_679' title='bbox 2719 4357 2848 4396; x_wconf 85' lang='lat' dir='ltr'>esse</span> <span class='ocrx_word' id='word_1_680' title='bbox 2877 4355 3208 4396; x_wconf 89' lang='lat' dir='ltr'>sermonem</span> <span class='ocrx_word' id='word_1_681' title='bbox 3240 4337 3602 4400; x_wconf 89' lang='lat' dir='ltr'>mendacem,</span> <span class='ocrx_word' id='word_1_682' title='bbox 3629 4337 3824 4405; x_wconf 89' lang='lat' dir='ltr'>potest</span> 
     </span>
    </p>
   </div>
   <div class='ocr_carea' id='block_1_93' title="bbox 2169 4423 3824 4504">
    <p class='ocr_par' dir='ltr' id='par_1_93' title="bbox 2169 4423 3824 4504">
     <span class='ocr_line' id='line_1_94' title="bbox 2169 4423 3824 4504; baseline -0.006 -16"><span class='ocrx_word' id='word_1_683' title='bbox 2169 4431 2419 4504; x_wconf 84' lang='lat' dir='ltr'>intelligi</span> <span class='ocrx_word' id='word_1_684' title='bbox 2452 4430 2717 4486; x_wconf 71' lang='lat' dir='ltr'>laetitiam</span> <span class='ocrx_word' id='word_1_685' title='bbox 2752 4447 2820 4486; x_wconf 85' lang='lat' dir='ltr'>ex</span> <span class='ocrx_word' id='word_1_686' title='bbox 2846 4431 2993 4485; x_wconf 78' lang='lat' dir='ltr'>falsa</span> <span class='ocrx_word' id='word_1_687' title='bbox 3021 4427 3182 4483; x_wconf 91' lang='lat' dir='ltr'>omni</span> <span class='ocrx_word' id='word_1_688' title='bbox 3214 4426 3463 4483; x_wconf 88' lang='lat' dir='ltr'>scientia</span> <span class='ocrx_word' id='word_1_689' title='bbox 3492 4423 3708 4480; x_wconf 88' lang='lat' dir='ltr'>animis</span> <span class='ocrx_word' id='word_1_690' title='bbox 3730 4424 3824 4479; x_wconf 86' lang='lat' dir='ltr'>de-</span> 
     </span>
    </p>
   </div>
   <div class='ocr_carea' id='block_1_94' title="bbox 2171 4514 3827 4593">
    <p class='ocr_par' dir='ltr' id='par_1_94' title="bbox 2171 4514 3827 4593">
     <span class='ocr_line' id='line_1_95' title="bbox 2171 4514 3827 4593; baseline -0.007 -15"><span class='ocrx_word' id='word_1_691' title='bbox 2171 4527 2468 4593; x_wconf 90' lang='lat' dir='ltr'>ceptorum</span> <span class='ocrx_word' id='word_1_692' title='bbox 2503 4521 2753 4575; x_wconf 90' lang='lat' dir='ltr'>inditam</span> <span class='ocrx_word' id='word_1_693' title='bbox 2785 4518 2910 4574; x_wconf 91' lang='lat' dir='ltr'>tolli</span> <span class='ocrx_word' id='word_1_694' title='bbox 2942 4521 3000 4573; x_wconf 91' lang='lat' dir='ltr'>et</span> <span class='ocrx_word' id='word_1_695' title='bbox 3027 4516 3264 4587; x_wconf 85' lang='lat' dir='ltr'>auferri,</span> <span class='ocrx_word' id='word_1_696' title='bbox 3297 4515 3454 4586; x_wconf 86' lang='lat' dir='ltr'>quod</span> <span class='ocrx_word' id='word_1_697' title='bbox 3486 4531 3520 4570; x_wconf 91' lang='lat' dir='ltr'>a</span> <span class='ocrx_word' id='word_1_698' title='bbox 3548 4514 3663 4579; x_wconf 84' lang='lat' dir='ltr'>vite</span> <span class='ocrx_word' id='word_1_699' title='bbox 3695 4529 3827 4585; x_wconf 88' lang='lat' dir='ltr'>pro-</span> 
     </span>
    </p>
   </div>
   <div class='ocr_carea' id='block_1_95' title="bbox 407 4599 2049 4683">
    <p class='ocr_par' dir='ltr' id='par_1_95' title="bbox 407 4599 2049 4683">
     <span class='ocr_line' id='line_1_96' title="bbox 407 4599 2049 4683; baseline 0.005 -27"><span class='ocrx_word' id='word_1_700' title='bbox 407 4622 493 4656; x_wconf 87' lang='grc' dir='ltr'>ναι</span> <span class='ocrx_word' id='word_1_701' title='bbox 528 4604 661 4674; x_wconf 89' lang='grc'>(13),</span> <span class='ocrx_word' id='word_1_702' title='bbox 693 4599 776 4656; x_wconf 79' lang='grc' dir='ltr'>ὅτι</span> <span class='ocrx_word' id='word_1_703' title='bbox 807 4603 842 4671; x_wconf 82' lang='grc' dir='ltr'>ἡ</span> <span class='ocrx_word' id='word_1_704' title='bbox 875 4601 980 4657; x_wconf 85' lang='grc' dir='ltr'>ἀπὸ</span> <span class='ocrx_word' id='word_1_705' title='bbox 1021 4603 1201 4674; x_wconf 85' lang='grc' dir='ltr'>πάσης</span> <span class='ocrx_word' id='word_1_706' title='bbox 1246 4601 1607 4680; x_wconf 79' lang='grc' dir='ltr'>ψευδωνύμου</span> <span class='ocrx_word' id='word_1_707' title='bbox 1661 4607 1911 4683; x_wconf 87' lang='grc' dir='ltr'>γνώσεως</span> <span class='ocrx_word' id='word_1_708' title='bbox 1968 4608 2049 4683; x_wconf 83' lang='grc' dir='ltr'>ἐγ-</span> 
     </span>
    </p>
   </div>
   <div class='ocr_carea' id='block_1_96' title="bbox 2162 4599 3828 4683">
    <p class='ocr_par' dir='ltr' id='par_1_96' title="bbox 2173 4601 3828 4682">
     <span class='ocr_line' id='line_1_97' title="bbox 2173 4601 3828 4682; baseline -0.008 -13"><span class='ocrx_word' id='word_1_709' title='bbox 2173 4613 2321 4669; x_wconf 86' lang='lat' dir='ltr'>l‘ecta</span> <span class='ocrx_word' id='word_1_710' title='bbox 2350 4612 2449 4678; x_wconf 90' lang='lat' dir='ltr'>sit,</span> <span class='ocrx_word' id='word_1_711' title='bbox 2482 4626 2609 4682; x_wconf 65' lang='lat' dir='ltr'>qua</span> <span class='ocrx_word' id='word_1_712' title='bbox 2638 4609 2850 4664; x_wconf 72' lang='lat' dir='ltr'>laetitias</span> <span class='ocrx_word' id='word_1_713' title='bbox 2883 4610 3186 4679; x_wconf 85' lang='lat' dir='ltr'>ingenerat</span> <span class='ocrx_word' id='word_1_714' title='bbox 3215 4605 3491 4678; x_wconf 87' lang='lat' dir='ltr'>speciem,</span> <span class='ocrx_word' id='word_1_715' title='bbox 3526 4621 3641 4660; x_wconf 91' lang='lat' dir='ltr'>non</span> <span class='ocrx_word' id='word_1_716' title='bbox 3671 4601 3828 4660; x_wconf 90' lang='lat' dir='ltr'>veri-</span> 
     </span>
    </p>
   </div>
   <div class='ocr_carea' id='block_1_97' title="bbox 406 4689 2059 4772">
    <p class='ocr_par' dir='ltr' id='par_1_97' title="bbox 406 4689 2059 4772">
     <span class='ocr_line' id='line_1_98' title="bbox 406 4689 2059 4772; baseline 0.006 -29"><span class='ocrx_word' id='word_1_717' title='bbox 406 4690 669 4763; x_wconf 86' lang='grc' dir='ltr'>γινομένη</span> <span class='ocrx_word' id='word_1_718' title='bbox 700 4694 818 4753; x_wconf 88' lang='grc' dir='ltr'>τοῖς</span> <span class='ocrx_word' id='word_1_719' title='bbox 849 4689 1225 4765; x_wconf 82' lang='grc' dir='ltr'>ἠπατημένοις</span> <span class='ocrx_word' id='word_1_720' title='bbox 1255 4693 1582 4772; x_wconf 80' lang='grc' dir='ltr'>εὐφροσύνη,</span> <span class='ocrx_word' id='word_1_721' title='bbox 1615 4697 1689 4759; x_wconf 87' lang='grc' dir='ltr'>ὡς</span> <span class='ocrx_word' id='word_1_722' title='bbox 1721 4697 1827 4752; x_wconf 85' lang='grc' dir='ltr'>ἀπὸ</span> <span class='ocrx_word' id='word_1_723' title='bbox 1884 4696 2059 4772; x_wconf 87' lang='grc' dir='ltr'>ἀμπέ-</span> 
     </span>
    </p>
   </div>
   <div class='ocr_carea' id='block_1_98' title="bbox 413 4775 2058 4862">
    <p class='ocr_par' dir='ltr' id='par_1_98' title="bbox 413 4775 2058 4862">
     <span class='ocr_line' id='line_1_99' title="bbox 413 4775 2058 4862; baseline 0.007 -31"><span class='ocrx_word' id='word_1_724' title='bbox 413 4775 515 4832; x_wconf 90' lang='grc' dir='ltr'>λου</span> <span class='ocrx_word' id='word_1_725' title='bbox 545 4780 898 4855; x_wconf 83' lang='grc' dir='ltr'>γεωργούσης</span> <span class='ocrx_word' id='word_1_726' title='bbox 924 4781 1215 4859; x_wconf 82' lang='grc' dir='ltr'>φαντασίαν</span> <span class='ocrx_word' id='word_1_727' title='bbox 1246 4783 1598 4862; x_wconf 83' lang='grc' dir='ltr'>εὐφροσύνης,</span> <span class='ocrx_word' id='word_1_728' title='bbox 1634 4786 1764 4862; x_wconf 86' lang='grc' dir='ltr'>οὐχὶ</span> <span class='ocrx_word' id='word_1_729' title='bbox 1813 4784 1869 4842; x_wconf 74' lang='grc' dir='ltr'>δὲ</span> <span class='ocrx_word' id='word_1_730' title='bbox 1919 4785 2058 4858; x_wconf 83' lang='grc' dir='ltr'>ἀλή-</span> 
     </span>
    </p>
   </div>
   <div class='ocr_carea' id='block_1_99' title="bbox 410 4867 2060 4951">
    <p class='ocr_par' dir='ltr' id='par_1_99' title="bbox 410 4867 2060 4951">
     <span class='ocr_line' id='line_1_100' title="bbox 410 4867 2060 4951; baseline 0.007 -30"><span class='ocrx_word' id='word_1_731' title='bbox 410 4867 552 4922; x_wconf 91' lang='grc' dir='ltr'>θειαν</span> <span class='ocrx_word' id='word_1_732' title='bbox 610 4867 941 4945; x_wconf 86' lang='grc' dir='ltr'>ἀφαιρεῖται,</span> <span class='ocrx_word' id='word_1_733' title='bbox 979 4871 1077 4934; x_wconf 79' lang='grc' dir='ltr'>’ὡς</span> <span class='ocrx_word' id='word_1_734' title='bbox 1141 4872 1336 4946; x_wconf 77' lang='grc' dir='ltr'>μηκέτι</span> <span class='ocrx_word' id='word_1_735' title='bbox 1395 4876 1529 4931; x_wconf 72' lang='grc' dir='ltr'>εἶναι</span> <span class='ocrx_word' id='word_1_736' title='bbox 1587 4875 1715 4940; x_wconf 82' lang='grc' dir='ltr'>τοῦς</span> <span class='ocrx_word' id='word_1_737' title='bbox 1770 4878 2060 4951; x_wconf 87' lang='grc' dir='ltr'>ἀπατωμέ-</span> 
     </span>
    </p>
   </div>
   <div class='ocr_carea' id='block_1_100' title="bbox 409 4955 2062 5042">
    <p class='ocr_par' dir='ltr' id='par_1_100' title="bbox 409 4955 2062 5042">
     <span class='ocr_line' id='line_1_101' title="bbox 409 4955 2062 5042; baseline 0.007 -32"><span class='ocrx_word' id='word_1_738' title='bbox 409 4977 556 5020; x_wconf 87' lang='grc' dir='ltr'>νους.</span> <span class='ocrx_word' id='word_1_739' title='bbox 589 4955 786 5014; x_wconf 78' lang='grc' dir='ltr'>Οὐκέτι</span> <span class='ocrx_word' id='word_1_740' title='bbox 814 4957 918 5034; x_wconf 82' lang='grc' dir='ltr'>γὰρ</span> <span class='ocrx_word' id='word_1_741' title='bbox 971 4958 1428 5038; x_wconf 73' lang='grc' dir='ltr'>εὐφρανθήσονται</span> <span class='ocrx_word' id='word_1_742' title='bbox 1482 4964 1570 5020; x_wconf 69' lang='grc' dir='ltr'>ἰπὶ</span> <span class='ocrx_word' id='word_1_743' title='bbox 1613 4971 1728 5028; x_wconf 87' lang='grc' dir='ltr'>τοῖς</span> <span class='ocrx_word' id='word_1_744' title='bbox 1781 4965 2062 5042; x_wconf 81' lang='grc' dir='ltr'>ἐλεγχθεῖ-</span> 
     </span>
    </p>
   </div>
   <div class='ocr_carea' id='block_1_101' title="bbox 409 5045 2061 5134">
    <p class='ocr_par' dir='ltr' id='par_1_101' title="bbox 409 5045 2061 5134">
     <span class='ocr_line' id='line_1_102' title="bbox 409 5045 2061 5134; baseline 0.007 -33"><span class='ocrx_word' id='word_1_745' title='bbox 409 5065 493 5102; x_wconf 91' lang='grc' dir='ltr'>σιν</span> <span class='ocrx_word' id='word_1_746' title='bbox 524 5047 575 5102; x_wconf 77' lang='grc' dir='ltr'>οἱ</span> <span class='ocrx_word' id='word_1_747' title='bbox 605 5045 871 5125; x_wconf 81' lang='grc' dir='ltr'>πρότερον</span> <span class='ocrx_word' id='word_1_748' title='bbox 903 5047 1038 5106; x_wconf 76' lang='grc' dir='ltr'>αὐτὰ</span> <span class='ocrx_word' id='word_1_749' title='bbox 1087 5052 1468 5125; x_wconf 81' lang='grc' dir='ltr'>θαυμάζοντες,</span> <span class='ocrx_word' id='word_1_750' title='bbox 1503 5052 1628 5111; x_wconf 79' lang='grc' dir='ltr'>οὐδὶ</span> <span class='ocrx_word' id='word_1_751' title='bbox 1683 5058 2061 5134; x_wconf 78' lang='grc' dir='ltr'>γεωργήσουσι</span> 
     </span>
    </p>
   </div>
   <div class='ocr_carea' id='block_1_102' title="bbox 2170 4691 3822 4769">
    <p class='ocr_par' dir='ltr' id='par_1_102' title="bbox 2170 4691 3822 4769">
     <span class='ocr_line' id='line_1_103' title="bbox 2170 4691 3822 4769; baseline -0.007 -13"><span class='ocrx_word' id='word_1_752' title='bbox 2170 4703 2372 4765; x_wconf 87' lang='lat' dir='ltr'>tatem,</span> <span class='ocrx_word' id='word_1_753' title='bbox 2406 4702 2472 4753; x_wconf 91' lang='lat' dir='ltr'>ut</span> <span class='ocrx_word' id='word_1_754' title='bbox 2503 4715 2575 4754; x_wconf 89' lang='lat' dir='ltr'>ne</span> <span class='ocrx_word' id='word_1_755' title='bbox 2606 4698 2883 4769; x_wconf 87' lang='lat' dir='ltr'>deinceps</span> <span class='ocrx_word' id='word_1_756' title='bbox 2913 4696 3270 4752; x_wconf 86' lang='lat' dir='ltr'>inducantur</span> <span class='ocrx_word' id='word_1_757' title='bbox 3300 4695 3360 4749; x_wconf 91' lang='lat' dir='ltr'>in</span> <span class='ocrx_word' id='word_1_758' title='bbox 3395 4709 3671 4750; x_wconf 87' lang='lat' dir='ltr'>errorem.</span> <span class='ocrx_word' id='word_1_759' title='bbox 3695 4691 3822 4746; x_wconf 85' lang='lat' dir='ltr'>Non</span> 
     </span>
    </p>
   </div>
   <div class='ocr_carea' id='block_1_103' title="bbox 2170 4779 3826 4858">
    <p class='ocr_par' dir='ltr' id='par_1_103' title="bbox 2170 4779 3826 4858">
     <span class='ocr_line' id='line_1_104' title="bbox 2170 4779 3826 4858; baseline -0.007 -12"><span class='ocrx_word' id='word_1_760' title='bbox 2170 4788 2326 4846; x_wconf 89' lang='lat' dir='ltr'>enim</span> <span class='ocrx_word' id='word_1_761' title='bbox 2357 4787 2398 4843; x_wconf 92' lang='lat' dir='ltr'>ii</span> <span class='ocrx_word' id='word_1_762' title='bbox 2427 4786 2785 4844; x_wconf 63' lang='lat' dir='ltr'>laetabuntur</span> <span class='ocrx_word' id='word_1_763' title='bbox 2814 4784 3072 4858; x_wconf 87' lang='lat' dir='ltr'>amplius</span> <span class='ocrx_word' id='word_1_764' title='bbox 3094 4785 3165 4841; x_wconf 93' lang='lat' dir='ltr'>ob</span> <span class='ocrx_word' id='word_1_765' title='bbox 3190 4800 3256 4841; x_wconf 92' lang='lat' dir='ltr'>ea</span> <span class='ocrx_word' id='word_1_766' title='bbox 3278 4799 3526 4856; x_wconf 89' lang='lat' dir='ltr'>quorum</span> <span class='ocrx_word' id='word_1_767' title='bbox 3559 4779 3826 4852; x_wconf 85' lang='lat' dir='ltr'>coarguti</span> 
     </span>
    </p>
   </div>
   <div class='ocr_carea' id='block_1_104' title="bbox 2171 4875 3825 4951">
    <p class='ocr_par' dir='ltr' id='par_1_104' title="bbox 2171 4875 3825 4951">
     <span class='ocr_line' id='line_1_105' title="bbox 2171 4875 3825 4951; baseline -0.007 -16"><span class='ocrx_word' id='word_1_768' title='bbox 2171 4877 2448 4951; x_wconf 85' lang='lat' dir='ltr'>sunt,qui</span> <span class='ocrx_word' id='word_1_769' title='bbox 2479 4878 2682 4934; x_wconf 90' lang='lat' dir='ltr'>eadem</span> <span class='ocrx_word' id='word_1_770' title='bbox 2715 4877 2879 4950; x_wconf 90' lang='lat' dir='ltr'>prius</span> <span class='ocrx_word' id='word_1_771' title='bbox 2911 4875 3354 4932; x_wconf 87' lang='lat' dir='ltr'>admirabantur</span> <span class='ocrx_word' id='word_1_772' title='bbox 3387 4889 3399 4927; x_wconf 91' lang='lat'><strong>:</strong></span> <span class='ocrx_word' id='word_1_773' title='bbox 3434 4887 3623 4943; x_wconf 88' lang='lat' dir='ltr'>neque</span> <span class='ocrx_word' id='word_1_774' title='bbox 3652 4885 3825 4925; x_wconf 87' lang='lat' dir='ltr'>uvam</span> 
     </span>
    </p>
   </div>
   <div class='ocr_carea' id='block_1_105' title="bbox 2170 4960 3829 5039">
    <p class='ocr_par' dir='ltr' id='par_1_105' title="bbox 2170 4960 3829 5039">
     <span class='ocr_line' id='line_1_106' title="bbox 2170 4960 3829 5039; baseline -0.005 -16"><span class='ocrx_word' id='word_1_775' title='bbox 2170 4967 2505 5024; x_wconf 88' lang='lat' dir='ltr'>Mabiticam</span> <span class='ocrx_word' id='word_1_776' title='bbox 2535 4966 2819 5034; x_wconf 86' lang='lat' dir='ltr'>cxcolent,</span> <span class='ocrx_word' id='word_1_777' title='bbox 2865 4966 2965 5039; x_wconf 91' lang='lat' dir='ltr'>qui</span> <span class='ocrx_word' id='word_1_778' title='bbox 3016 4965 3170 5038; x_wconf 92' lang='lat' dir='ltr'>quod</span> <span class='ocrx_word' id='word_1_779' title='bbox 3219 4965 3504 5019; x_wconf 91' lang='lat' dir='ltr'>damnum</span> <span class='ocrx_word' id='word_1_780' title='bbox 3554 4960 3704 5017; x_wconf 75' lang='lat'>015</span> <span class='ocrx_word' id='word_1_781' title='bbox 3757 4973 3829 5013; x_wconf 82' lang='lat' dir='ltr'>ex</span> 
     </span>
    </p>
   </div>
   <div class='ocr_carea' id='block_1_106' title="bbox 2172 5052 3825 5123">
    <p class='ocr_par' dir='ltr' id='par_1_106' title="bbox 2172 5052 3825 5123">
     <span class='ocr_line' id='line_1_107' title="bbox 2172 5052 3825 5123; baseline -0.006 -10"><span class='ocrx_word' id='word_1_782' title='bbox 2172 5071 2240 5113; x_wconf 89' lang='lat' dir='ltr'>ea</span> <span class='ocrx_word' id='word_1_783' title='bbox 2289 5057 2511 5114; x_wconf 88' lang='lat' dir='ltr'>accedit</span> <span class='ocrx_word' id='word_1_784' title='bbox 2557 5056 2918 5123; x_wconf 90' lang='lat' dir='ltr'>bibentibus,</span> <span class='ocrx_word' id='word_1_785' title='bbox 2965 5053 3296 5110; x_wconf 86' lang='lat' dir='ltr'>didicerint.</span> <span class='ocrx_word' id='word_1_786' title='bbox 3331 5054 3597 5107; x_wconf 85' lang='lat' dir='ltr'>Fortasse</span> <span class='ocrx_word' id='word_1_787' title='bbox 3627 5052 3825 5105; x_wconf 88' lang='lat' dir='ltr'>autem</span> 
     </span>
    </p>
   </div>
   <div class='ocr_carea' id='block_1_107' title="bbox 479 5223 2049 5305">
    <p class='ocr_par' dir='ltr' id='par_1_107' title="bbox 479 5223 2049 5303">
     <span class='ocr_line' id='line_1_108' title="bbox 479 5223 2049 5303; baseline 0.008 -23"><span class='ocrx_word' id='word_1_788' title='bbox 479 5223 524 5262; x_wconf 71' lang='grc'>⁸⁵</span> <span class='ocrx_word' id='word_1_789' title='bbox 554 5225 761 5283; x_wconf 87' lang='lat' dir='ltr'>Matth.</span> <span class='ocrx_word' id='word_1_790' title='bbox 793 5243 886 5297; x_wconf 83' lang='lat' dir='ltr'>xv,</span> <span class='ocrx_word' id='word_1_791' title='bbox 922 5228 1010 5284; x_wconf 86' lang='grc'>13.</span> <span class='ocrx_word' id='word_1_792' title='bbox 1087 5230 1132 5266; x_wconf 65' lang='grc'>⁸⁸</span> <span class='ocrx_word' id='word_1_793' title='bbox 1156 5228 1310 5287; x_wconf 84' lang='lat' dir='ltr'>Psal.</span> <span class='ocrx_word' id='word_1_794' title='bbox 1343 5250 1575 5303; x_wconf 79' lang='lat' dir='ltr'>Lxxmi,</span> <span class='ocrx_word' id='word_1_795' title='bbox 1606 5235 1660 5292; x_wconf 86' lang='lat'>6.</span> <span class='ocrx_word' id='word_1_796' title='bbox 1738 5235 1782 5272; x_wconf 73' lang='lat'><strong>‘7</strong></span> <span class='ocrx_word' id='word_1_797' title='bbox 1811 5234 1968 5292; x_wconf 88' lang='lat' dir='ltr'>Psal.</span> <span class='ocrx_word' id='word_1_798' title='bbox 2003 5253 2049 5293; x_wconf 80' lang='lat' dir='ltr'>c1</span> 
     </span>
    </p>
   </div>
   <div class='ocr_carea' id='block_1_108' title="bbox 2162 5223 2920 5305">
    <p class='ocr_par' dir='ltr' id='par_1_108' title="bbox 2199 5232 2920 5304">
     <span class='ocr_line' id='line_1_109' title="bbox 2199 5232 2920 5304; baseline -0.006 -14"><span class='ocrx_word' id='word_1_799' title='bbox 2199 5235 2286 5290; x_wconf 93' lang='grc'>15.</span> <span class='ocrx_word' id='word_1_800' title='bbox 2365 5234 2410 5269; x_wconf 78' lang='grc'>⁴⁸</span> <span class='ocrx_word' id='word_1_801' title='bbox 2441 5233 2647 5291; x_wconf 88' lang='lat' dir='ltr'>Matth.</span> <span class='ocrx_word' id='word_1_802' title='bbox 2681 5250 2801 5304; x_wconf 74' lang='lat' dir='ltr'>xxr,</span> <span class='ocrx_word' id='word_1_803' title='bbox 2831 5232 2920 5287; x_wconf 83' lang='grc'>43.</span> 
     </span>
    </p>
   </div>
   <div class='ocr_carea' id='block_1_109' title="bbox 481 5405 2063 5497">
    <p class='ocr_par' dir='ltr' id='par_1_109' title="bbox 481 5405 2063 5497">
     <span class='ocr_line' id='line_1_110' title="bbox 481 5405 2063 5497; baseline 0.008 -38"><span class='ocrx_word' id='word_1_804' title='bbox 481 5405 624 5497; x_wconf 51' lang='grc' dir='ltr'>Ο)ν</span> <span class='ocrx_word' id='word_1_805' title='bbox 639 5412 881 5497; x_wconf 79' lang='lat' dir='ltr'>Antiqui</span> <span class='ocrx_word' id='word_1_806' title='bbox 894 5417 1031 5497; x_wconf 44' lang='lat' dir='ltr'>.tr‘es</span> <span class='ocrx_word' id='word_1_807' title='bbox 1047 5411 1218 5497; x_wconf 43' lang='lat' dir='ltr'>‘libri,</span> <span class='ocrx_word' id='word_1_808' title='bbox 1235 5409 1400 5497; x_wconf 53' lang='grc' dir='ltr'>αὐτῷ.</span> <span class='ocrx_word' id='word_1_809' title='bbox 1418 5413 1544 5497; x_wconf 77' lang='lat' dir='ltr'>Ali_q</span> <span class='ocrx_word' id='word_1_810' title='bbox 1554 5420 1728 5497; x_wconf 73' lang='lat' dir='ltr'>u_ant_o</span> <span class='ocrx_word' id='word_1_811' title='bbox 1748 5417 2063 5497; x_wconf 63' lang='lat' dir='ltr'>postediti,</span> 
     </span>
    </p>
   </div>
   <div class='ocr_carea' id='block_1_110' title="bbox 413 5475 2062 5559">
    <p class='ocr_par' dir='ltr' id='par_1_110' title="bbox 413 5475 2062 5559">
     <span class='ocr_line' id='line_1_111' title="bbox 413 5475 2062 5559; baseline 0.01 -30"><span class='ocrx_word' id='word_1_812' title='bbox 413 5475 441 5559; x_wconf 68' lang='grc' dir='ltr'>δ</span> <span class='ocrx_word' id='word_1_813' title='bbox 469 5475 566 5559; x_wconf 35' lang='grc' dir='ltr'>,οὖν</span> <span class='ocrx_word' id='word_1_814' title='bbox 584 5475 742 5556; x_wconf 66' lang='grc' dir='ltr'>ἔχων</span> <span class='ocrx_word' id='word_1_815' title='bbox 765 5475 861 5559; x_wconf 60' lang='grc' dir='ltr'>τὶς</span> <span class='ocrx_word' id='word_1_816' title='bbox 891 5483 977 5540; x_wconf 68' lang='grc' dir='ltr'>ἰπὶ</span> <span class='ocrx_word' id='word_1_817' title='bbox 1003 5485 1102 5554; x_wconf 83' lang='grc' dir='ltr'>τήν</span> <span class='ocrx_word' id='word_1_818' title='bbox 1147 5475 1378 5559; x_wconf 65' lang='grc' dir='ltr'>καρδίαν</span> <span class='ocrx_word' id='word_1_819' title='bbox 1398 5475 1543 5559; x_wconf 56' lang='grc' dir='ltr'>ποῦ’</span> <span class='ocrx_word' id='word_1_820' title='bbox 1568 5492 1702 5541; x_wconf 83' lang='grc' dir='ltr'>Θεοῦ</span> <span class='ocrx_word' id='word_1_821' title='bbox 1749 5475 2062 5553; x_wconf 62' lang='grc' dir='ltr'>⁸ἀνικϐιίσιειςί</span> 
     </span>
    </p>
   </div>
   <div class='ocr_carea' id='block_1_111' title="bbox 412 5553 2066 5638">
    <p class='ocr_par' dir='ltr' id='par_1_111' title="bbox 412 5553 2066 5638">
     <span class='ocr_line' id='line_1_112' title="bbox 412 5553 2066 5638; baseline 0.007 -34"><span class='ocrx_word' id='word_1_822' title='bbox 412 5553 488 5635; x_wconf 56' lang='lat' dir='ltr'>At</span> <span class='ocrx_word' id='word_1_823' title='bbox 517 5553 664 5638; x_wconf 46' lang='lat' dir='ltr'>mss;</span> <span class='ocrx_word' id='word_1_824' title='bbox 691 5559 757 5611; x_wconf 95' lang='lat' dir='ltr'>ut</span> <span class='ocrx_word' id='word_1_825' title='bbox 786 5557 845 5638; x_wconf 70' lang='lat' dir='ltr'>in</span> <span class='ocrx_word' id='word_1_826' title='bbox 879 5553 1150 5638; x_wconf 74' lang='lat' dir='ltr'>conteXtu</span> <span class='ocrx_word' id='word_1_827' title='bbox 1185 5553 1336 5638; x_wconf 62' lang='lat' dir='ltr'>:_&#39;u_bi</span> <span class='ocrx_word' id='word_1_828' title='bbox 1367 5557 1656 5638; x_wconf 77' lang='lat' dir='ltr'>libentius</span> <span class='ocrx_word' id='word_1_829' title='bbox 1686 5561 2066 5638; x_wconf 71' lang='lat' dir='ltr'>legerem,tni</span> 
     </span>
    </p>
   </div>
   <div class='ocr_carea' id='block_1_112' title="bbox 412 5621 1644 5702">
    <p class='ocr_par' dir='ltr' id='par_1_112' title="bbox 412 5621 1644 5702">
     <span class='ocr_line' id='line_1_113' title="bbox 412 5621 1644 5702; baseline 0.006 -22"><span class='ocrx_word' id='word_1_830' title='bbox 412 5621 716 5702; x_wconf 60' lang='lat' dir='ltr'>&#39;tfl_&gt;ta_98lq,</span> <span class='ocrx_word' id='word_1_831' title='bbox 752 5629 802 5684; x_wconf 91' lang='lat' dir='ltr'>si</span> <span class='ocrx_word' id='word_1_832' title='bbox 833 5646 935 5702; x_wconf 89' lang='lat' dir='ltr'>per</span> <span class='ocrx_word' id='word_1_833' title='bbox 961 5635 1183 5687; x_wconf 86' lang='lat' dir='ltr'>veteres</span> <span class='ocrx_word' id='word_1_834' title='bbox 1211 5629 1393 5702; x_wconf 87' lang='lat' dir='ltr'>libros</span> <span class='ocrx_word' id='word_1_835' title='bbox 1426 5631 1644 5690; x_wconf 88' lang='lat' dir='ltr'>liceret.</span> 
     </span>
    </p>
   </div>
   <div class='ocr_carea' id='block_1_113' title="bbox 488 5697 2070 5782">
    <p class='ocr_par' dir='ltr' id='par_1_113' title="bbox 488 5697 2070 5782">
     <span class='ocr_line' id='line_1_114' title="bbox 488 5697 2070 5782; baseline 0.007 -29"><span class='ocrx_word' id='word_1_836' title='bbox 488 5697 599 5772; x_wconf 82' lang='grc'>(11)</span> <span class='ocrx_word' id='word_1_837' title='bbox 636 5697 934 5777; x_wconf 83' lang='lat' dir='ltr'>Scriptum</span> <span class='ocrx_word' id='word_1_838' title='bbox 965 5702 1299 5762; x_wconf 83' lang='lat' dir='ltr'>invenimus</span> <span class='ocrx_word' id='word_1_839' title='bbox 1341 5701 1403 5760; x_wconf 87' lang='lat' dir='ltr'>in</span> <span class='ocrx_word' id='word_1_840' title='bbox 1456 5704 1688 5765; x_wconf 89' lang='lat' dir='ltr'>duobus</span> <span class='ocrx_word' id='word_1_841' title='bbox 1744 5707 2070 5782; x_wconf 84' lang='lat' dir='ltr'>codicibus,</span> 
     </span>
    </p>
   </div>
   <div class='ocr_carea' id='block_1_114' title="bbox 2177 5412 3096 5485">
    <p class='ocr_par' dir='ltr' id='par_1_114' title="bbox 2177 5412 3096 5485">
     <span class='ocr_line' id='line_1_115' title="bbox 2177 5412 3096 5485; baseline -0.003 -19"><span class='ocrx_word' id='word_1_842' title='bbox 2177 5413 2505 5485; x_wconf 82' lang='grc' dir='ltr'>οἰκονομεῖν,</span> <span class='ocrx_word' id='word_1_843' title='bbox 2537 5413 2824 5481; x_wconf 84' lang='lat' dir='ltr'>ordinare,</span> <span class='ocrx_word' id='word_1_844' title='bbox 2853 5412 3096 5485; x_wconf 47' lang='lat' dir='ltr'>referre:</span> 
     </span>
    </p>
   </div>
   <div class='ocr_carea' id='block_1_115' title="bbox 2254 5475 3828 5559">
    <p class='ocr_par' dir='ltr' id='par_1_115' title="bbox 2254 5475 3828 5559">
     <span class='ocr_line' id='line_1_116' title="bbox 2254 5475 3828 5559; baseline -0.011 -15"><span class='ocrx_word' id='word_1_845' title='bbox 2254 5475 2373 5559; x_wconf 77' lang='grc'>(12)’</span> <span class='ocrx_word' id='word_1_846' title='bbox 2404 5475 2642 5558; x_wconf 78' lang='lat' dir='ltr'>Antiqui</span> <span class='ocrx_word' id='word_1_847' title='bbox 2693 5475 2824 5559; x_wconf 56' lang='lat' dir='ltr'>tres:</span> <span class='ocrx_word' id='word_1_848' title='bbox 2851 5475 3010 5550; x_wconf 86' lang='lat' dir='ltr'>libri,</span> <span class='ocrx_word' id='word_1_849' title='bbox 3062 5477 3364 5555; x_wconf 79' lang='grc' dir='ltr'>ἀφικέσθαι.</span> <span class='ocrx_word' id='word_1_850' title='bbox 3409 5477 3574 5534; x_wconf 81' lang='lat' dir='ltr'>Alius</span> <span class='ocrx_word' id='word_1_851' title='bbox 3626 5475 3828 5546; x_wconf 84' lang='lat' dir='ltr'>codex,</span> 
     </span>
    </p>
   </div>
   <div class='ocr_carea' id='block_1_116' title="bbox 2178 5555 3042 5638">
    <p class='ocr_par' dir='ltr' id='par_1_116' title="bbox 2178 5555 3042 5638">
     <span class='ocr_line' id='line_1_117' title="bbox 2178 5555 3042 5638; baseline -0.013 -20"><span class='ocrx_word' id='word_1_852' title='bbox 2178 5555 2449 5638; x_wconf 65' lang='grc' dir='ltr'>ἀφίεσθαι,</span> <span class='ocrx_word' id='word_1_853' title='bbox 2483 5555 2728 5638; x_wconf 39' lang='lat' dir='ltr'>rel—inqui</span> <span class='ocrx_word' id='word_1_854' title='bbox 2756 5555 2824 5612; x_wconf 87' lang='lat' dir='ltr'>ad</span> <span class='ocrx_word' id='word_1_855' title='bbox 2858 5570 3042 5638; x_wconf 61' lang='lat' dir='ltr'>usum.</span> 
     </span>
    </p>
   </div>
   <div class='ocr_carea' id='block_1_117' title="bbox 2252 5629 3086 5708">
    <p class='ocr_par' dir='ltr' id='par_1_117' title="bbox 2252 5629 3086 5708">
     <span class='ocr_line' id='line_1_118' title="bbox 2252 5629 3086 5708; baseline -0.012 -18"><span class='ocrx_word' id='word_1_856' title='bbox 2252 5634 2360 5708; x_wconf 82' lang='grc'>(13)</span> <span class='ocrx_word' id='word_1_857' title='bbox 2393 5633 2582 5688; x_wconf 83' lang='lat' dir='ltr'>Codex</span> <span class='ocrx_word' id='word_1_858' title='bbox 2614 5643 2791 5695; x_wconf 87' lang='lat' dir='ltr'>unus,</span> <span class='ocrx_word' id='word_1_859' title='bbox 2821 5629 3086 5690; x_wconf 85' lang='grc' dir='ltr'>νοεῖσθαι.</span> 
     </span>
    </p>
   </div>
  </div>
