4150 6374
355 322 476 387 663

1304 324 1689 386 APPENDIX
1740 322 2065 386 OPERUM
2108 321 2174 384 S.
2220 322 2504 387 BASILII
2548 322 2822 386 MAGNI.

3657 329 3777 393 664

357 461 416 513 et
447 454 825 512 lorcularium
857 456 1094 515 nomine
1124 457 1329 512 animos
1363 474 1542 530 prava
1570 459 1839 515 doctrina
1886 457 2003 513 im-

2126 449 2475 525 Ιιῐωαϐιτικήν
2502 452 2780 533 σταφυλήν
2812 456 2864 510 oi
2914 453 3265 533 διδαχθέντες
3321 460 3419 529 τήν
3469 459 3560 515 ἀπ’
3608 458 3780 528 αὐτῆς

357 544 516 601 δυιω
547 544 981 617 significantur.

437 813 561 868 314.
594 815 771 869 Vsus.
808 813 1003 869 11-14.
1042 814 1178 870 Ideo
1225 818 1411 869 venter
1457 831 1612 869 meus
1655 830 1818 887 super
1864 814 2014 869 Moab

363 904 526 975 quasi
569 904 785 958 cithara
814 903 1048 969 sonabit,
1096 912 1145 958 et
1176 905 1451 960 interiora
1477 921 1601 960 mea
1632 906 1790 974 quasi
1816 920 2017 958 murus

365 1007 524 1063 quem
554 992 911 1059 instaurasii,
944 998 995 1048 et
1023 994 1129 1048 erit
1158 992 1229 1047 ad
1257 995 1629 1064 confusionem
1657 996 1760 1049 tui.
1811 994 1874 1048 Et
1919 1000 2013 1047 de-

366 1082 641 1156 fatigatus
670 1085 745 1137 est
793 1082 952 1139 Moab
1001 1082 1062 1136 in
1107 1082 1413 1150 altaribus,
1463 1087 1515 1138 et
1560 1083 1908 1152 ingredietur
1956 1085 2016 1139 in

366 1173 696 1242 manu/acta
725 1188 849 1241 sua,
875 1175 937 1227 ut
966 1176 1083 1228 oret
1112 1175 1162 1227 ei
1189 1189 1305 1227 non
1327 1175 1579 1244 poterunt
1606 1189 1802 1229 eruere
1830 1174 2012 1229 illum.

367 1260 475 1316 Hoc
502 1261 728 1317 verbum
758 1262 906 1333 quod
952 1261 1160 1317 loeutus
1205 1271 1284 1319 est
1330 1264 1595 1319 Dominus
1639 1279 1803 1336 super
1842 1263 2015 1336 Moab,

370 1349 586 1422 quando
616 1353 667 1405 et
698 1350 901 1406 locutus
930 1359 1029 1407 est.
1072 1352 1271 1423 Itaque
1319 1351 1614 1424 prophetes
1660 1357 1866 1409 venter
1913 1370 2016 1409 su-

372 1454 477 1512 per
504 1439 673 1495 Moab
706 1441 875 1512 quasi
907 1439 1132 1495 cithara
1160 1441 1425 1510 sonabit;
1457 1441 1568 1498 hoc
1598 1447 1704 1514 est,
1736 1442 2018 1499 concinne

370 1533 429 1585 et
458 1527 756 1584 modulate
784 1529 917 1585 edet
945 1546 1156 1585 sonum
1188 1546 1605 1599 numerosum;
1648 1532 2018 1604 quandoqui-

373 1617 507 1674 dem
538 1618 686 1674 scite
713 1624 772 1674 et
796 1634 866 1674 ex
895 1619 1036 1675 artis
1063 1620 1364 1692 praeceptis
1395 1637 1523 1676 eam
1555 1620 1836 1692 pulsabit.
1887 1624 2018 1679 Ven-

376 1711 517 1763 trem
567 1712 761 1763 autem
798 1707 1053 1781 appellat
1084 1709 1138 1764 id
1173 1710 1328 1782 quod
1361 1708 1589 1765 Psaltes
1618 1710 1757 1766 alibi
1788 1712 2018 1767 interio-

2125 540 2530 607 ἀκολουθοῦσαν
2560 548 2679 605 τοῖς
2710 543 2926 598 πίνουσι
2962 540 3199 620 βλάϐην.
3235 547 3397 625 Τάχα
3436 545 3495 604 δὲ
3523 549 3614 604 καὶ
3649 551 3780 606 ὑπο-

2126 628 2292 702 λήνιά
2323 631 2453 688 εἷ’σιν
2487 635 2542 688 αἱ
2569 631 2863 709 δεχόμεναι
2912 637 3013 705 τὴν
3080 638 3370 712 μοχθηρὰν
3427 636 3782 696 διδασκαλίαν

2123 723 2321 797 ψυχαί

2194 814 2319 867 314.
2354 813 2453 866 Διὰ
2478 816 2639 867 τοῦτο
2692 814 2727 883 ἡ
2787 812 2975 869 κοιλία
3018 836 3124 888 μου
3184 814 3273 871 ἐπὶ
3340 812 3513 872 Μωὰϐ
3568 819 3642 882 ὡς
3697 841 3782 875 κι-

2126 900 2263 973 θάρα
2291 902 2517 976 ἠχήσει,
2550 901 2640 956 καὶ
2692 901 2759 957 τὰ
2809 901 2958 965 ἐντός
3013 925 3119 976 μου
3176 905 3305 960 ὡσεὶ
3361 913 3549 983 τεῖχος
3609 909 3638 964 ὃ
3695 909 3781 963 ἰν-

2126 987 2391 1051 εκαίνισας
2465 988 2553 1043 καὶ
2639 985 2786 1044 ἔσται
2864 989 2942 1052 εἰς
3020 991 3084 1045 τὸ
3170 991 3489 1067 ἐντραπῆναί
3548 1016 3625 1052 σε.
3685 997 3786 1052 Καὶ

2125 1075 2384 1133 ἐκοπίασε
2437 1072 2612 1134 Μωὰϐ
2679 1077 2765 1133 ἐπὶ
2823 1084 2943 1141 τοῖς
3006 1080 3243 1156 βωμοῖς,
3306 1083 3396 1136 καὶ
3483 1082 3786 1141 εἰσελεύσε-

2124 1186 2212 1221 ται
2292 1165 2367 1229 εἷς
2447 1165 2513 1222 τὰ
2590 1167 2958 1242 χειροποίητα
3026 1168 3214 1240 αὐτῆς,
3277 1168 3417 1226 ὥστε
3490 1173 3792 1249 προσεύξα-

2127 1266 2246 1319 σθαι
2283 1273 2298 1288 θ
2352 1256 2443 1310 καὶ
2502 1255 2565 1310 οὐ
2652 1257 2729 1329 μή
2819 1254 3044 1328 δύνηται
3104 1261 3217 1333 (14)
3275 1257 3548 1330 ἐξελέσθαι
3595 1261 3784 1336 αὐτόν,

2125 1348 2295 1399 Τοῦτο
2343 1344 2405 1400 τὸ
2457 1345 2661 1421 ῥῆμαὸ
2695 1345 2934 1416 ἐλάλησε
2991 1347 3188 1424 Κύριος
3244 1346 3331 1405 ἐπὶ
3392 1345 3588 1421 Μωᾶϐ,
3624 1352 3786 1408 ὑπότε

2126 1435 2218 1489 xui
2272 1431 2564 1505 ἐλάλησεν.
2599 1436 2660 1492 ’11
2719 1434 2905 1492 κοιλία
2960 1435 3143 1492 τοίνυν
3200 1442 3298 1493 τοῦ
3351 1441 3640 1516 προφήτου
3698 1441 3783 1496 ἐπὶ

2129 1518 2301 1581 Minue
2344 1523 2418 1586 ὡς
2465 1524 2661 1599 κιθάρα
2708 1525 2934 1600 ἠχήσει·
2964 1524 3267 1596 τουτέστιν,
3301 1526 3654 1602 εὖαρμόστως
3698 1531 3789 1586 xui

2138 1618 2411 1688 μουσικῶς
2441 1614 2584 1690 ἦχον
2618 1612 2934 1670 ἀποτελέσει
2968 1612 3258 1691 εὔρυθμον,
3293 1618 3398 1672 ἀπὸ
3426 1624 3527 1688 τῆς
3567 1618 3790 1692 ἐπιστή-

2137 1723 2244 1775 μης
2276 1706 2372 1757 τοῦ
2401 1703 2697 1774 κρούοντος
2730 1702 2897 1772 αὐτὴν
2928 1708 3220 1779 τεχνικῶς.
3252 1704 3476 1761 Κοιλίαν
3529 1704 3587 1762 δὲ
3643 1705 3790 1785 λέγει

372 1813 500 1852 rum
529 1797 767 1853 nomine
795 1796 1126 1870 designavit
1157 1815 1169 1854 :
1203 1797 1285 1855 ait
1313 1797 1470 1854 enim
1506 1816 1517 1855 :
1546 1800 1804 1871 Benedic,
1834 1802 2014 1856 anima

2134 1792 2162 1846 ’ὀ
2194 1790 2451 1893 ἄλλαχοῦ
2482 1793 2509 1847 ὁ
2541 1789 2860 1893 (Παλμῳδὸς
2911 1791 3058 1857 ἐντὸς
3111 1792 3344 1870 εἷ’ρηκεν·
3379 1794 3610 1874 Εύλόγει
3658 1798 3786 1875 γὰρ,

372 1901 524 1954 mea,
556 1886 805 1950 Domino,
832 1894 883 1941 et
906 1888 1092 1943 omnia
1123 1888 1398 1944 interiora
1441 1904 1586 1961 mea,
1626 1891 1845 1945 nomini
1888 1906 2016 1945 san-

377 1984 461 2032 cto
489 1975 608 2047 eius
629 1976 694 2029 ‘9.
727 1975 869 2043 Quis
898 1993 1155 2050 namque
1182 1977 1560 2034 interioribus
1591 1978 1716 2035 suis
1749 1978 2023 2051 praecepit

375 2069 441 2123 ut
469 2066 818 2123 benedicant
847 2066 1072 2124 nomini
1099 2065 1353 2136 Domini,
1386 2066 1502 2123 nisi
1549 2067 1601 2123 is
1652 2067 1753 2140 qui
1800 2073 2020 2124 natura;

370 2156 792 2230 cogitationum
821 2156 895 2212 ab
915 2156 1145 2213 intimis
1163 2157 1501 2229 praeordiis
1517 2158 1856 2215 exeuntium
1876 2175 2022 2230 prse-

368 2245 542 2319 oipit‘?
571 2263 824 2318 quarum
853 2246 1072 2319 duplex
1101 2251 1190 2302 est
1217 2245 1444 2303 classis.
1478 2246 1616 2301 Aliae
1649 2247 1802 2303 enim
1833 2264 2020 2319 pravas

368 2340 533 2406 sunt,
564 2335 903 2405 homicidia,
935 2336 1243 2404 adulteria,
1277 2338 1450 2407 furta,
1484 2336 1629 2392 falsa
1658 2337 2020 2403 testimonia,

367 2427 427 2480 et
453 2422 660 2479 oculus
690 2440 966 2495 nequam;
997 2422 1123 2478 alia;
1152 2440 1287 2479 vero
1317 2428 1456 2479 sunt
1488 2424 1681 2495 proba:
1712 2429 1770 2478 et
1800 2424 2020 2479 saluta-

369 2528 483 2580 res,
500 2511 856 2585 benignitas,
871 2511 1279 2583 temperantia,
1301 2511 1642 2579 liberalitas,
1663 2512 1856 2568 fausta
1886 2529 2021 2584 prc-

368 2601 541 2672 catio,
571 2599 905 2658 testimonia
933 2601 1259 2656 secundum
1290 2600 1475 2656 Deum
1507 2601 1757 2671 reddita,
1811 2601 2021 2659 oculus

369 2707 578 2763 purus,
609 2693 667 2746 et
696 2689 792 2745 bis
821 2689 1060 2745 similia.
1089 2694 1142 2744 Is
1171 2690 1352 2761 igitur
1383 2689 1554 2760 cujus
1587 2688 1865 2746 interiora
1893 2708 2019 2747 om-

371 2778 471 2836 nia
500 2784 707 2852 parata
736 2783 877 2835 sunt
907 2779 978 2834 ad
1030 2778 1496 2834 benedicendum
1547 2779 1773 2834 nomini
1817 2786 2019 2837 sancto

375 2868 619 2936 Dei,non
650 2869 756 2924 abs
783 2884 845 2923 re
875 2868 1147 2923 intimum
1174 2884 1351 2923 suum
1384 2867 1653 2922 affectum
1676 2869 1927 2924 assumit
1946 2871 2018 2926 ad

368 2957 593 3030 gratias
622 2962 733 3014 Deo
754 2956 1189 3030 persolvendas.
1224 2958 1423 3026 Itaque
1453 2960 1511 3011 et
1538 2955 1721 3011 Isaias
1767 2956 2021 3017 habebat

368 3064 479 3104 sua
521 3046 803 3103 interiora
851 3061 957 3101 ceu
992 3061 1229 3101 murum
1261 3062 1295 3100 a
1331 3046 1441 3100 Deo
1472 3044 1889 3101 instauratum.
1924 3048 2020 3105 Sic

367 3136 526 3193 enim
558 3152 663 3209 per
682 3135 857 3191 Verbi
887 3134 1138 3206 gratiam
1168 3133 1279 3188 sibi
1312 3134 1655 3205 datum,qua
1677 3134 1851 3191 homo
1875 3135 2016 3195 inte-

2133 1877 2297 1957 φησὶν
2360 1881 2492 1951 (15),
2544 1880 2579 1949 ἡ
2634 1880 2787 1954 ψυχή
2851 1900 2978 1953 μου,
3033 1881 3124 1937 τὸν
3185 1882 3408 1955 Κύριον,
3468 1884 3558 1939 καὶ
3614 1886 3788 1942 πάντα

2129 1969 2195 2024 τὰ
2250 1965 2400 2030 ἐντός
2470 1988 2597 2040 μου,
2647 1968 2709 2023 τὸ
2759 1962 2934 2041 ὄνομα
2980 1969 3042 2025 τὸ
3088 1971 3237 2046 ἅγιον
3283 1971 3468 2027 αὐτοῦ.
3522 1973 3621 2037 Τίς
3679 1976 3783 2051 γὰρ

2127 2062 2244 2120 τοῖς
2290 2055 2439 2119 ἐντὸς
2466 2057 2658 2112 ἑαυτοῦ
2687 2058 3012 2134 προστάσσει
3063 2058 3311 2136 εὐλογεῖν
3350 2062 3414 2118 τὸ
3460 2058 3636 2137 ὄνομα
3679 2072 3783 2120 Κυ-

2132 2149 2270 2222 ρίου,
2303 2147 2339 2215 ii
2369 2149 2438 2220 τῇ
2472 2148 2625 2222 φύσει
2654 2151 2763 2201 τῶν
2797 2143 2992 2211 ἔσωθεν
3041 2152 3149 2203 τῶν
3203 2146 3583 2225 διαλογισμῶν
3637 2151 3781 2225 ἐξερ-

2130 2236 2424 2313 χομένωνς
2458 2236 2530 2290 ὧν
2583 2232 2813 2291 διπλοῦν
2872 2234 2983 2291 ἐστι
3040 2238 3103 2292 τὸ
3156 2236 3358 2312 τάγμα.
3392 2239 3460 2297 Oi
3522 2241 3618 2314 μὲν
3675 2242 3781 2319 γὰρ

2134 2325 2413 2401 μοχθηροὶ
2463 2327 2822 2401 τυγχάνουσι,
2865 2326 3041 2402 φόνοι,
3080 2333 3350 2403 μοιχεῖαι,
3399 2328 3626 2401 κλοπαὶ,
3655 2336 3785 2406 ψευ-

2132 2413 2509 2492 δομαρτυρίαι,
2542 2414 2631 2470 καί
2690 2415 2976 2494 ὀφθαλμὸς
3034 2413 3295 2490 πονηρός·
3350 2419 3406 2473 οἱ
3466 2416 3525 2495 δε
3579 2421 3785 2477 ἀστεῖοι

2128 2503 2218 2559 καὶ
2278 2505 2567 2580 σωτήριοι,
2619 2502 3026 2582 φιλανθρωπία,
3084 2506 3435 2582 σωφροσύνη,
3466 2508 3530 2563 τὸ
3580 2531 3785 2567 κοινω-

2127 2593 2274 2648 νικὸν
2308 2594 2398 2647 xui
2449 2588 2719 2670 εὔφημον,
2752 2592 2841 2648 καὶ
2881 2595 2936 2648 αἱ
2983 2594 3119 2649 κατὰ
3165 2596 3293 2651 Θεὸν
3347 2599 3660 2675 μαρτυρίαι,
3694 2600 3784 2656 καὶ

2130 2684 2157 2737 ὁ
2190 2681 2477 2761 ὀφθαλμὸς
2508 2682 2765 2757 καθαρὸς,
2796 2682 2887 2738 xui
2913 2682 2981 2738 τὰ
3029 2682 3197 2756 ὅμοια
3224 2685 3451 2744 τούτων.
3484 2689 3550 2766 ᾯ
3604 2690 3781 2745 τοίνυν

2126 2771 2395 2826 πάντατὰ
2434 2770 2581 2834 ἐντὸς
2625 2771 2980 2847 κατώρθωται
3037 2772 3114 2834 είς
3165 2773 3497 2848 ἑτοιμότητα
3540 2781 3635 2831 τοῦ
3692 2777 3776 2832 εύ-

2130 2858 2311 2937 λογεῖν
2349 2861 2412 2916 τὸ
2444 2856 2619 2933 ὄνομα
2646 2865 2743 2914 τοῖ’)
2774 2865 2908 2917 Θεοῦ
2933 2864 3045 2935 (16)
3072 2862 3138 2917 τὸ
3168 2864 3339 2940 ἅγιον,
3377 2864 3532 2927 οὗτος
3588 2866 3771 2926 καλῶς

2128 2944 2659 3026 συμπαραλαμϐάνει
2719 2952 2817 3021 τήν
2890 2948 3044 3006 ἔνδον
3115 2948 3343 3017 διάθεσιν
3394 2953 3469 3015 είς
3523 2954 3620 3021 τήν
3672 2957 3769 3007 τοῦ

2127 3044 2260 3097 Θεοῦ
2319 3037 2689 3116 εὐχαριστίαν.
2724 3039 2822 3095 Καὶ
2882 3040 3103 3105 Ἠσαίας
3160 3045 3272 3117 (17)
3298 3042 3480 3097 τοίνυν
3537 3043 3653 3118 εἶχε
3706 3042 3775 3097 τὰ

2128 3129 2274 3192 ἐντὸς
2328 3130 2518 3183 ἑαυτοῦ
2578 3127 2654 3191 ὡς
2709 3134 2900 3205 τεῖχος
2955 3131 2985 3185 ’ὀ
3017 3129 3337 3188 ἐνεκαίνισεν
3372 3133 3400 3187 ὁ
3432 3130 3586 3194 Θεός.
3616 3128 3777 3189 Οὕτω

367 3227 488 3281 rior
532 3226 867 3294 innovatur,
916 3223 1239 3279 instructus
1290 3223 1477 3279 fuerat
1523 3228 1581 3281 et
1626 3232 2007 3297 preparatus.

2126 3219 2222 3295 γὰρ
2246 3217 2635 3273 κατεσκεύαστο
2667 3217 2726 3272 ἐκ
2752 3220 2851 3288 τῆς
2885 3218 2960 3282 εἷς
3006 3221 3166 3276 αὐτὸν
3224 3225 3322 3276 τοῦ
3378 3220 3559 3295 Λόγου
3614 3218 3779 3295 χάρι-

365 3314 516 3378 Quin
540 3317 597 3369 et
625 3314 815 3386 ipsius
845 3312 1230 3385 cogitationes
1260 3317 1428 3368 erant
1474 3316 1755 3384 tauquam
1807 3331 2013 3371 murus

366 3402 864 3475 inexpugnabilis,
913 3403 1057 3457 adeo
1090 3406 1155 3455 ut
1183 3400 1641 3473 cogitationibus
1672 3404 1886 3474 pravis,
1917 3411 2017 3460 aut

363 3491 622 3548 inimicis
651 3492 724 3548 ad
755 3491 1036 3546 damnum
1069 3490 1442 3545 inferendum
1493 3490 2017 3549 circumstantibus

366 3581 563 3639 aditus
594 3579 796 3636 nullus
826 3578 1381 3635 daretur.Profuerit
1411 3579 1593 3652 igitur
1622 3580 1788 3636 nobis
1811 3581 2016 3639 istbaac

365 3671 802 3745 reputantibus,
836 3668 1419 3740 imitari,pariterque
1447 3686 1579 3724 cum
1614 3671 1893 3742 propheta
1924 3673 2015 3728 di-

366 3777 542 3819 cere:
581 3761 771 3817 Venter
799 3776 949 3814 meus
998 3762 1057 3813 ut
1107 3757 1327 3814 cithara
1373 3760 1608 3830 sonabit,
1650 3770 1702 3815 et
1748 3762 2017 3818 interiora

366 3867 492 3907 mea
518 3850 681 3922 quasi
718 3864 911 3904 murus
958 3864 1121 3919 quem
1162 3848 1456 3904 innovasti.
1514 3848 1578 3902 Et
1624 3850 1750 3913 erit,
1801 3849 2013 3923 inquit,

363 3939 435 3996 ad
479 3938 855 4007 confusionem
897 3938 999 4002 tui,
1031 3939 1163 4008 quia
1191 3936 1528 4008 defatigatus
1554 3941 1634 3992 est
1662 3938 1812 3995 Moab
1844 3942 1905 3996 in
1931 3942 2016 3997 at-

365 4027 599 4086 taribus.
629 4025 917 4082 Eumdem
963 4023 1300 4097 alloquitur.
1347 4025 1494 4089 Quid
1546 4040 1683 4099 ergo
1730 4026 1844 4085 sibi
1895 4030 2020 4087 vult

436 4136 484 4172 ⁴⁹
513 4133 665 4192 Psal.
696 4150 795 4202 cu,
829 4133 879 4187 1.

437 4241 551 4315 (14)
581 4239 1021 4315 Monerejuvat,
1056 4238 1429 4315 legidebcre,
1462 4238 1556 4315 xui
1587 4239 1651 4294 οὐ
1697 4242 1772 4315 μὴ
1805 4238 2008 4299 δύνων-

361 4307 473 4382 ται,
506 4307 609 4370 tibi
639 4307 874 4384 legitur,
906 4310 995 4364 xui
1027 4310 1092 4364 οὐ
1114 4307 1202 4382 ’μὴ
1238 4307 1477 4380 δύνηται·
1506 4312 1562 4371 id
1596 4307 1899 4385 quod—non
1919 4318 2016 4372 0b-

367 4402 539 4444 scure
569 4383 730 4458 patet
748 4400 817 4439 ex
846 4385 1252 4458 sequentibus,
1281 4389 1380 4458 aut
1405 4391 1572 4458 certe
1587 4383 1831 4458 verbum
1858 4383 2018 4457 δύνη-

365 4478 478 4529 ται,
502 4455 757 4529 nurnero
774 4456 1176 4529 multitudinis
1208 4455 1455 4529 exprimi
1486 4455 1674 4525 debet,
1708 4456 1783 4512 sit
1816 4466 1880 4515 ut
1909 4455 2013 4516 noi-

2122 3329 2217 3370 τος
2248 3306 2698 3378 ἁνακαινιζούσης
2729 3307 2820 3363 τὸν
2859 3306 2965 3363 ἔσω
3019 3307 3332 3385 ἄνθρωπον,
3376 3308 3467 3366 xui
3512 3312 3647 3379 ἦσαν
3694 3308 3782 3364 αύ-

2123 3402 2220 3452 τοῦ
2251 3398 2303 3452 oi
2337 3395 2688 3471 διαλογισμοὶ
2720 3396 2888 3452 οἱονεὶ
2916 3403 3105 3472 τεῖχος
3151 3397 3529 3472 ἀκαθαίρετον,
3561 3398 3636 3459 ὡς
3671 3418 3778 3470 μη-

2125 3484 2312 3560 δεμίαν
2347 3482 2553 3540 διδόναι
2602 3484 2945 3561 παρείσδυσιν
3003 3491 3121 3548 τοῖς
3177 3487 3395 3562 χείρῦσι
3456 3484 3777 3561 λογισμοῖς,

2127 3573 2270 3650 μηδὲ
2322 3578 2439 3638 τοῖς
2496 3573 3010 3651 περικαθεζομένοις
3065 3573 3296 3650 ἐχθροῖς
3354 3573 3432 3637 είς
3491 3572 3777 3650 ἐπήρειαν.

2126 3663 2308 3723 Καλὸν
2382 3663 2473 3720 οὖν
2552 3663 2664 3719 ἔστι
2737 3667 2903 3717 ταῦτα
2960 3660 3316 3735 ἐννοήσαντας
3381 3660 3628 3734 ζηλῶσαι
3686 3661 3779 3718 xui

2125 3755 2336 3828 ὁμοίως
2387 3752 2559 3809 εἷπεῖν
2606 3756 2685 3826 τῷ
2741 3753 3000 3829 προφήτῃ
3047 3752 3132 3822 τὸ,
3163 3753 3227 3807 Ἡ
3286 3748 3473 3807 κοιλία
3535 3773 3642 3824 μου
3700 3752 3777 3814 ὡς

2124 3842 2320 3918 κιθάρα
2374 3844 2578 3919 ἠχήσει
2631 3843 2722 3896 καὶ
2790 3841 2859 3897 τὰ
2930 3840 3080 3904 ἐντός
3143 3862 3247 3916 μου
3311 3841 3439 3897 ὡσεὶ
3498 3846 3689 3917 τεῖχος
3742 3840 3773 3894 ὃ

2126 3934 2471 3994 ἐνεκαίνισας.
2524 3931 2622 3986 Καὶ
2696 3926 2871 4001 ἔσται,
2929 3933 3119 4005 φησὶν,
3180 3930 3257 3996 εἷς
3326 3932 3392 3986 τὸ
3451 3930 3778 4004 ἰντραπῆναι

2125 4047 2184 4083 σε
2232 4026 2367 4100 (18),
2396 4021 2480 4077 ὅτι
2538 4020 2791 4076 ἐκοπίασε
2845 4015 3019 4077 Μωὰὅ
3073 4020 3159 4076 ἰπὶ
3219 4022 3333 4095 (19)
3361 4024 3480 4082 τοῖς
3539 4020 3780 4096 βωμοῖς.

2126 4241 2274 4311 Quid
2300 4254 2429 4311 ergo
2456 4237 2573 4293 sibi
2612 4233 2737 4311 vult
2784 4234 2961 4311 illud,
2983 4235 3171 4311 Ἔσται
3219 4230 3299 4295 είς
3341 4231 3406 4288 τὸ
3452 4232 3783 4311 ἔντραπῆναί

2126 4306 2205 4378 ᾱε,
2239 4306 2381 4384 quod
2408 4320 2608 4384 temere
2636 4307 2843 4384 dictum
2869 4307 3128 4384 videtur?
3152 4311 3360 4384 itaque
3380 4322 3448 4363 ex
3477 4306 3784 4384 scriptoris

2126 4371 2417 4442 sententia
2445 4381 2621 4437 verba
2651 4377 2774 4448 illa,
2805 4371 2954 4433 ἔσται
2985 4375 3060 4439 εἰς
3102 4375 3189 4447 τό,
3220 4371 3356 4447 etc.,
3382 4371 3639 4434 audaciég
3673 4378 3782 4434 ali-

2126 4456 2268 4530 quid
2294 4461 2469 4530 atque
2497 4450 2847 4530 temeritatis
2904 4452 3247 4530 praeferunt.
3283 4451 3569 4530 Qpprtuit-
3600 4451 3784 4530 igitur

368 4522 502 4587 men
534 4526 899 4600 collectivum
927 4522 1514 4600 ειιῡειυάἰοιυῐι,Ειὶιει
1536 4522 1880 4600 expressum
1905 4532 2018 4589 fuit
2051 4572 2090 4600 η
2129 4522 2285 4584 hunc
2311 4522 2510 4600 locum
2550 4526 2632 4579 ita
2663 4522 3033 4600 conversum,
3068 4528 3134 4579 ut
3183 4522 3243 4600 in
3296 4522 3780 4600 interpretatione

369 4602 429 4658 id
460 4600 705 4655 verbum
736 4599 796 4653 in
826 4599 1102 4670 editiome
1144 4600 1419 4661 Romana,
1452 4599 1728 4670 poterunt.

441 4672 555 4744 (15)
586 4670 759 4744 illud,
791 4668 977 4744 φησιν.
1008 4670 1272 4744 additum
1305 4676 1394 4725 est
1423 4668 1459 4724 e‘
1484 4675 1627 4743 Reg.
1660 4673 1939 4728 secundo.

441 4727 554 4816 (16)
586 4727 758 4811 Εόῖιὶξ
790 4727 975 4815 item"
1002 4740 1225 4816 Κυρίου.
1259 4744 1331 4798 Αι
1372 4727 1624 4815 quatuor
1655 4727 1798 4800 mss.
1833 4727 2012 4801 utin

368 4819 557 4875 textu.

439 4888 554 4961 (17)
579 4884 751 4955 Editi,
784 4883 889 4940 Kui
927 4882 1487 4961 ῘΗσαζίανεοοῐιινυρ-ιο
1522 4902 1533 4939 :
1570 4885 1666 4961 ubi
1712 4887 2015 4961 emendate

368 4955 735 5029 in'ut'roque
783 4955 1706 5029 Combef.legitumiiui‘ﬂouiuc.
1738 4958 1848 5013 Alii
1896 4961 2011 5016 duo

366 5049 517 5088 mss.
558 5024 796 5096 habent,
831 5029 932 5085 Καὶ
963 5024 1264 5082 telvm—xui
1295 5024 1535 5090 Ἡσαΐας.
1569 5029 1684 5086 Nec
1724 5030 1803 5086 ita
1857 5031 2011 5087 mul-

364 5108 424 5159 to
468 5104 621 5177 infra
668 5102 806 5177 editi
855 5110 911 5157 et
954 5102 1108 5177 φρὶξ).
1147 5103 1394 5173 primus,
1430 5099 1584 5161 οὗτος
1616 5100 1735 5177 γάρ.
1768 5106 1839 5158 At
1867 5107 2006 5176 Reg.

364 5175 681 5249 sanandus.
709 5172 894 5249 ρῦτως-
911 5172 1033 5249 γᾴρο

438 5239 1124 5318 (18),111ι1(1,7καὶί’ἓσται,
1184 5241 1367 5318 φηᾷσῖν,
1421 5239 1499 5303 εἷς
1553 5242 1614 5296 τὸ
1672 5242 2003 5318 ἐπιτραπῆναί

364 5317 658 5381 ce,Latine
686 5317 849 5373 reddi
876 5317 971 5373 vix
999 5316 1372 5388 potestLNam
1396 5319 1460 5370 ut
1489 5316 1781 5371 sententia
1813 5320 2008 5371 aucto-

363 5388 445 5443 ris
477 5387 857 5460 eXprimatur,
891 5390 950 5444 in
983 5387 1462 5458 interpretatione
1504 5391 1784 5458 appareat
1806 5459 1810 5460 ί
1831 5404 2004 5460 Opor-

363 5463 450 5515 tet
474 5458 642 5531 qu'asi
675 5461 1034 5529 paradoxum
1085 5460 1404 5531 quoddam,
1444 5459 1599 5531 quod
1658 5458 2006 5515 admirabile

363 5532 439 5588 sit
465 5530 523 5587 et
550 5535 762 5603 praeter
786 5530 1588 5603 exspectationemomnium.
1607 5531 1812 5603 statim
1844 5532 2003 5603 enim

364 5597 675 5678 subjungit
702 5597 949 5678 auctor:
981 5600 1165 5678 TLOBV
1202 5600 1456 5678 βούλεται
1485 5600 1547 5678 to
1573 5597 1873 5678 τολμηρῷς
1907 5598 2002 5657 δο-

360 5671 492 5734 κοῦν
538 5671 811 5751 sip-500m,
865 5674 948 5745 τὸ,
1004 5671 1212 5731 Ἔσται’
1251 5673 1327 5737 εἰς
1400 5673 1463 5728 τὸ
1520 5671 1845 5749 ἐντραπῆναί
1899 5692 1996 5747 σε;

2048 4572 2092 4637 D
2126 4572 2903 4675 δέξεὶίεῑβξέιεξςῖρῑῑςιῖάῑῑ
2916 4572 3782 4675 si};usus{sagatus};

2124 4664 2320 4728 autem
2372 4664 2745 4741 interpretari
2782 4682 2970 4741 posse
3017 4664 3416 4721 credidimus:
3449 4666 3651 4741 Eterit
3700 4670 3780 4721 ad

2123 4745 2499 4815 confusionem
2512 4736 2768 4815 [italiam
2782 4736 2891 4815 hoc
2903 4741 3071 4815 pacto
3086 4741 3394 4809 appareret
3407 4736 3597 4809 primo
3609 4753 3778 4809 aspe-

2123 4808 2234 4870 ctu'
2255 4815 2384 4871 miri
2418 4813 2661 4883 aliquid,
2694 4808 3181 4883 quasividelicet’
3204 4814 3356 4864 Deus
3389 4815 3586 4881 posset
3631 4825 3777 4883 con-

2124 4887 2309 4956 fundi,
2342 4880 2531 4957 atque
2548 4880 2768 4957 pudore
2797 4880 2973 4957 afﬁci.
3005 4881 3116 4938 Sed
3136 4896 3254 4957 vox
3268 4882 3356 4957 tui
3376 4880 3452 4957 ex
3482 4880 3781 4937 sententia

2122 4952 2440 5032 scriptoris
2460 4952 2575 5032 non
2598 4952 2967 5032 _debet_sumi
2991 4952 3509 5032 passive,ividelicet
3539 4969 3642 5032 pro
3673 4969 3781 5024 pu-

2119 5024 2281 5095 dore,
2314 5047 2429 5100 quo
2463 5026 2753 5100 afficiatur
2783 5024 2962 5100 Deus,
2991 5024 3092 5100 sed
3144 5028 3343 5100 active,
3374 5042 3479 5100 pro
3527 5024 3775 5100 pudore,

2121 5120 2291 5172 quem
2324 5095 2478 5158 Deus
2509 5101 2635 5155 suis
2666 5097 3017 5172 adversariis
3050 5097 3318 5153 incutiat.
3351 5096 3461 5172 Alii
3503 5095 3775 5172 meliora,

2119 5168 2169 5229 si
2198 5180 2391 5230 tamen
2426 5188 2548 5228 rem
2588 5170 2741 5226 tanti
2772 5170 3012 5240 faciant,
3046 5173 3109 5224 ut
3138 5184 3270 5224 eam
3299 5168 3425 5240 suis
3463 5168 3627 5224 curis
3654 5185 3775 5224 non

2117 5245 2418 5317 indignam
2445 5242 2734 5315 judicent.
2768 5236 3066 5313 Interprss
3093 5243 3262 5295 vetus
3283 5236 3378 5317 sic
3410 5242 3679 5317 verterat,
3709 5241 3781 5297 Et

2116 5320 2222 5373 erit
2247 5311 2312 5373 ut
2341 5326 2392 5372 te
2422 5311 2801 5372 r'evereantur.
2827 5311 3069 5369 Ducteus
3098 5326 3253 5379 vero,
3278 5314 3346 5367 Et
3374 5311 3481 5366 erit
3499 5316 3561 5366 ut
3594 5315 3653 5367 tu
3681 5328 3772 5368 re-

2113 5392 2361 5446 verearis
2384 5390 2529 5459 ipsos
2556 5406 2575 5443 :
2608 5387 2666 5443 id
2694 5387 2861 5459 quod
2882 5384 3009 5455 ipse
3038 5382 3128 5459 sic
3154 5381 3425 5459 explicat.
3456 5383 3679 5439 Eveniet
3708 5392 3774 5439 ut

2113 5462 2206 5517 illi
2250 5462 2357 5515 tibi
2393 5454 2657 5531 pudorem
2683 5454 3131 5531 incutianthoet
3177 5457 3774 5531 imponant._lmo_ex

2112 5525 2405 5590 sententia
2433 5529 2762 5602 scriptoris,
2791 5528 2949 5585 Deus
2994 5525 3113 5602 illis
3171 5525 3456 5602 pudorem
3497 5526 3767 5584 incutiet.

2181 5605 2294 5678 (19)
2326 5604 2518 5662 Nostri
2550 5596 2805 5674 quatuor
2853 5616 3024 5672 mss.,
3056 5596 3129 5657 ἓν.
3162 5596 3336 5673 Editi,
3368 5596 3474 5654 ἐπί.
