4150 6402
352 359 472 421 666

1149 358 1553 427 COMMENT.
1600 360 1680 421 IN
1724 357 1996 423 ISAIAM
2039 356 2546 427 PROPHETAM.
2593 357 2767 421 CAP.
2813 359 2971 422 XVI.

3655 354 3775 421 666

355 493 498 569 Πρὸς
522 493 615 549 τὸν
646 491 804 548 αὐτὸν
839 493 868 549 6
895 490 1169 568 λόγος.Τί
1206 490 1297 548 οῦν
1330 491 1583 568 βούλεται
1612 493 1676 548 τὸ
1704 491 1998 566 τολμηρῶς

2123 489 2290 557 illud,
2325 492 2477 563 quod
2506 495 2703 548 tenere
2732 491 2953 547 dictum
2986 491 3236 561 videtur,
3283 492 3349 546 Et
3371 491 3479 545 erit
3527 489 3599 545 ad
3643 504 3772 544 con-

358 578 549 636 δοκοῦν
584 581 854 653 εἰρῆσθαι,
908 582 994 654 16,
1051 582 1240 639 Ἔσται
1304 582 1382 643 εἰς
1438 582 1501 636 16
1547 580 1874 656 ἐντραπῆναί
1909 598 2003 648 σε;

355 671 454 725 Διὰ
477 671 639 726 τοῦτό
672 693 789 744 μοι,
822 672 1007 748 φησὶν,
1044 670 1303 747 ἰσχυροὺς
1342 670 1584 747 ἐχαρίσω
1630 668 1839 726 ἔνδοθεν
1880 668 2007 729 τοὺς

355 757 773 836 διαλογισμοὺς,
827 759 964 816 ὥστε
1010 759 1136 821 τοὺς
1184 765 1274 814 νῦν
1327 763 1403 833 μὴ
1458 761 1875 838 ἐπιστρέφοντας
1917 758 2005 814 ἐπὶ

356 849 415 904 σὶ
442 847 772 924 ἐντραπῆδαί
819 870 876 905 σε
924 847 1012 904 διὰ
1058 854 1164 904 τῶν
1214 848 1459 925 ἐλέγχων
1508 855 1617 905 τῶν
1662 849 2007 925 προσαγομέ-

355 958 461 992 νων
504 935 726 1008 αὐτοῖς,
788 936 850 992 ἐκ
904 944 1004 1006 τῆς
1050 942 1160 992 τῶν
1208 934 1513 1009 δεδομένων
1577 959 1670 1010 μοι
1723 938 2004 1012 λογισμῶν

357 1025 619 1088 εὐτονίας.
670 1026 853 1080 Δείπει
903 1023 994 1081 οῦν
1044 1027 1128 1097 τὸ,
1183 1025 1396 1089 οὐτούς’
1446 1024 1531 1081 ἷ¹να
1575 1027 1740 1101 ὑγιῶς
1766 1030 1874 1082 τῶν
1909 1025 2007 1101 ῥη-

363 1113 544 1188 μάτων
595 1115 623 1169 ὁ
670 1119 794 1177 νοῦς
842 1112 1112 1189 ἀποδοθῇ·
1173 1116 1272 1170 Καὶ
1319 1113 1467 1171 ἔσται
1516 1115 1590 1178 εἰς
1636 1116 1698 1171 τὸ
1740 1114 2008 1190 ἐντραπῆ-

357 1224 445 1258 ναι
491 1202 684 1266 αὐτούς
734 1224 792 1259 σε
842 1206 977 1277 (20).
1029 1206 1230 1279 Ὥσπερ
1280 1204 1383 1280 γὰρ
1424 1206 1475 1260 οἳ
1507 1203 1559 1259 ἐν
1589 1209 1706 1267 τοῖς
1740 1202 2012 1277 πολέμοις

359 1291 762 1368 ἀντιπρόσωποι
823 1292 1073 1360 ἐστῶτες,
1131 1290 1234 1356 ἕως
1300 1295 1394 1366 μὶν
1430 1293 1713 1356 ἰσοπαλεῖς
1761 1290 2010 1348 δοκοῦσιν

355 1380 511 1449 εἶναι,
569 1380 631 1437 οὐ
673 1380 983 1456 τρέπονται,
1036 1380 1161 1437 οὐδὲ
1229 1381 1591 1441 ἐκκλίνουσιν·
1663 1379 1877 1438 ἐπειδὰν
1953 1379 2010 1436 δὲ

358 1469 600 1544 ὑπερέχῃ
652 1469 829 1525 αὐτῶν
860 1471 924 1525 τὸ
969 1467 1152 1546 ἕτερον
1198 1469 1386 1547 μέρος,
1443 1470 1732 1547 τραπέντες
1782 1469 2009 1547 φεύγου-

356 1577 461 1612 σιν·
515 1556 659 1613 οὕτω
714 1558 803 1613 καὶ
855 1560 1009 1634 ψυχὴ
1064 1559 1168 1615 ὑπὸ
1227 1557 1498 1622 ἀναιδείας
1555 1560 2007 1637 παρατεταγμένη

356 1639 601 1717 ἕστηκεν,
635 1645 734 1702 οὐκ
765 1646 1159 1723 ἐντρεπομὲνη,
1217 1647 1539 1724 ἐλεγχθεῖσα
1575 1646 1632 1703 δὲ
1686 1650 1788 1705 ὑπὸ
1842 1647 2010 1725 λόγου

356 1736 770 1808 καθαπτομένου
822 1735 1009 1808 αὐτῆς,
1051 1739 1303 1813 τρέπεται
1362 1738 1500 1813 πρὸς
1558 1738 1844 1814 αἰσχύνην.
1904 1739 2010 1794 Καὶ

2114 581 2388 648 fusionem
2419 582 2543 635 tui?
2575 581 2729 646 Ideo,
2763 580 2980 652 inquit.
3012 580 3214 635 firmas
3244 579 3391 635 mihi
3419 577 3582 634 intus
3611 578 3773 648 cogi-

2116 667 2369 724 tationes
2393 668 2677 740 elargitus
2708 687 2792 737 es,
2830 675 2895 723 ut
2925 669 3026 740 qui
3059 686 3121 724 se
3152 685 3310 724 nunc
3340 666 3586 723 minime
3632 683 3775 723 con-

2116 761 2349 811 vertunt
2380 758 2449 812 ad
2484 762 2563 825 te,
2615 758 2939 814 confundas
2990 763 3052 813 tu
3103 757 3176 813 ob
3225 760 3594 829 argumenta,
3643 772 3771 828 quae

2117 845 2233 900 sibi
2262 862 2332 901 ex
2364 846 2563 901 inditis
2596 847 2739 901 mihi
2767 847 3091 918 prasvalidis
3113 845 3565 917 cogitationibus
3587 845 3772 900 addu-

2119 940 2355 989 cuntur.
2393 939 2561 990 Deest
2594 936 2773 1006 igitur
2803 935 3236 1006 illud,ip.sos,sic
3268 939 3335 989 ut
3363 951 3506 989 sana
3536 939 3774 990 senten-

2117 1022 2200 1078 tia
2228 1023 2530 1093 reddatur,
2565 1030 2629 1079 Et
2655 1028 2763 1079 erit
2810 1028 2870 1078 ut
2922 1024 3077 1078 616
3127 1032 3188 1079 tu
3236 1022 3397 1093 ipsos
3444 1024 3772 1092 confundas.

2117 1112 2625 1176 Quemadmodum
2671 1112 2830 1169 enim
2882 1112 2982 1185 qui
3029 1112 3091 1168 in
3140 1110 3313 1167 bellis
3361 1111 3604 1167 adversa
3630 1112 3777 1169 facie

2120 1199 2742 1272 consistunt,quandiu
2776 1218 2944 1273 mque
2976 1208 3159 1256 marte
3190 1216 3453 1272 pugnare
3479 1200 3773 1268 videntur,

2124 1306 2246 1345 non
2273 1293 2434 1362 terga
2463 1291 2625 1358 dant,
2659 1307 2848 1362 neque
2898 1291 3108 1362 pedem
3162 1291 3443 1361 referunt,
3487 1290 3588 1345 sed
3636 1305 3771 1345 cum

2120 1395 2256 1449 pars
2289 1378 2472 1435 altera
2500 1379 2791 1451 praavalel,
2842 1384 2984 1436 tunc
3037 1380 3310 1435 cedentes
3358 1395 3420 1435 se
3465 1378 3527 1434 in
3570 1378 3772 1452 fugam

2121 1468 2263 1523 dant
2294 1484 2307 1523 :
2343 1468 2419 1522 ita
2450 1474 2509 1524 et
2537 1469 2735 1525 anima
2766 1470 3141 1541 impudenter
3170 1469 3230 1523 in
3262 1469 3385 1524 acie
3416 1468 3632 1541 stabat,
3667 1484 3771 1524 nec

2119 1557 2511 1629 reverebatur,
2563 1559 2663 1614 sed
2710 1559 2885 1615 verbo
2935 1558 3332 1630 objurgatorio
3381 1558 3665 1627 convicta,
3714 1558 3775 1614 in

2122 1646 2407 1716 pudorem
2457 1652 2514 1702 et
2563 1649 2951 1707 reverentiam
3001 1648 3263 1704 vertitur.
3298 1648 3368 1702 Et
3398 1647 3677 1719 quoniam
3711 1647 3773 1703 in

2121 1736 2351 1791 occulta
2398 1736 2659 1792 hominis
2709 1743 2874 1809 parte
2904 1737 3026 1794 haec
3056 1737 3359 1793 conversio
3390 1737 3663 1802 efficitur,
3695 1734 3775 1789 ἒν-

359 1821 548 1893 ἐπειδὴ
580 1824 632 1879 ἐν
663 1830 744 1898 τῷ
767 1831 992 1901 κρυπτῷ
1016 1831 1116 1883 τοῦ
1145 1828 1431 1902 ἀνθρώπου
1483 1826 1683 1902 γίνεται
1733 1830 1767 1896 ἡ
1807 1828 1998 1903 τροπὴ1

2118 1825 2321 1896 τροπή,
2352 1826 2474 1881 sive
2504 1828 2854 1883 verecundia
2882 1831 3140 1883 vocatur.
3200 1827 3334 1882 ldeo
3386 1841 3522 1899 ergo
3574 1830 3777 1882 venter

359 1911 595 1989 ἐντροπὴ
625 1915 1086 1989 προσηγόρευται.
1121 1915 1221 1971 Διὰ
1246 1920 1409 1971 τοῦτο
1440 1915 1530 1970 οὖν
1566 1918 1600 1985 ἡ
1633 1914 1817 1971 κοιλία
1859 1917 2010 1991 ἠχή-

2122 1915 2374 1981 sonabit,
2419 1920 2476 1969 et
2501 1915 2783 1971 interiora
2813 1916 2979 1989 quasi
3011 1933 3236 1981 murus,
3271 1931 3447 1987 quem
3478 1913 3775 1971 innovavit

363 2021 465 2070 σει,
497 2001 588 2056 καὶ
634 2003 701 2057 τὰ
746 2002 891 2066 ἐντὸς
932 2003 1060 2058 ὡσεὶ
1115 2009 1303 2080 τεῖχος
1357 2004 1388 2060 6'
1436 2003 1753 2060 ἐνεκαίνισεν
1806 2005 1834 2060 6
1882 2006 1998 2061 Θεὸι

2121 2002 2273 2059 Deus
2304 2003 2625 2075 prophetae,
2659 2008 2723 2058 ut
2754 2010 3060 2061 mutentur
3089 2008 3146 2060 et
3193 2003 3651 2073 confundantur,
3698 2003 3772 2059 ad

359 2094 457 2145 τοῦ
513 2092 824 2170 προφήτου,
872 2089 962 2147 ἵνα
1011 2087 1360 2166 μεταϐάλωσι
1411 2093 1500 2149 καὶ
1530 2092 1857 2170 ἐντραπῶσι,
1914 2098 2012 2148 τοῦ

360 2176 626 2234 αἰδεῖσθαι
673 2183 788 2255 (21)
847 2181 1000 2252 Θεὸν,
1046 2181 1312 2259 πρότερον
1365 2180 1465 2238 ούκ
1511 2181 1862 2256 ἐπιστάμενοι
1908 2184 2008 2254 τήν

359 2265 642 2343 ὠφέλιμον
674 2266 965 2344 αἰσχύνην.

422 2358 548 2413 315.
605 2358 728 2415 Ὃτι
779 2356 1032 2414 ἐκοπίασε
1100 2354 1275 2416 Μωὰϐ
1326 2359 1414 2415 ἐπὶ
1460 2365 1579 2426 τοῖς
1631 2361 1867 2437 βωμοῖς,
1915 2360 2007 2416 καὶ

351 2441 712 2501 εἷσελεύσεται
790 2446 865 2509 εἰς
932 2446 1001 2503 τὰ
1062 2450 1467 2524 χειροποίητα,
1558 2450 1697 2506 ὥστε
1770 2449 2006 2525 προσεύ-

349 2532 555 2602 ξασθαι·
608 2534 698 2589 καὶ
758 2534 820 2590 οὐ
878 2537 953 2609 μὴ
1015 2533 1278 2593 δύνωνται
1336 2536 1607 2609 ἐξελέσθαι
1667 2537 1851 2596 αὐτόν.
1904 2540 2002 2593 Τὸν

351 2620 440 2677 ἐπὶ
487 2620 634 2679 τέλει
686 2622 991 2700 ἀφανισμὸν
1058 2626 1239 2696 πάσης
1289 2624 1745 2703 εἷ’δωλολατρείας
1794 2628 1855 2683 ἐκ
1902 2634 2006 2698 τῆς

345 2715 445 2767 τοῦ
474 2711 652 2786 Λόγου
678 2716 790 2785 (22)
820 2713 1129 2792 ἐπιφανείας
1168 2715 1500 2792 προφητεύει
1546 2722 1637 2772 νῦν
1689 2719 1717 2772 6
1761 2714 2001 2787 Ἠσαίας,

351 2801 434 2856 ὅτι
470 2802 692 2873 μάταιοι
721 2804 915 2867 πάντες
947 2804 1000 2858 οἱ
1030 2803 1118 2859 ἐπὶ
1143 2810 1262 2867 ταῖς
1303 2811 1658 2870 κατασκευαῖς
1705 2811 1812 2862 τῶν
1859 2811 2002 2862 ναῶν

355 2890 583 2966 μόχθοι,
639 2890 728 2947 καὶ
755 2893 809 2948 αἱ
982 2892 1283 2970 ἀνωφελεῖς
1314 2894 1391 2959 εἰς
1416 2896 1484 2950 τὰ
1513 2897 1881 2972 χειροποίητα
1909 2895 2002 2952 ἐλ-

350 2975 527 3041 πίδες.
559 2980 951 3056 Προσεύξονται
1008 2983 1133 3058 γὰρ,
1185 2983 1341 3061 φησὶ,
1390 2983 1490 3039 Καὶ
1547 2983 1610 3039 οὐ
1672 2987 1748 3057 μή
1810 2983 2006 3040 δύνων-

350 3086 439 3122 ται
497 3066 770 3141 ἐξελέσθαι
828 3070 1008 3129 αὐτόν.
1068 3074 1242 3129 Τοῦτο
1295 3076 1386 3126 νῦν
1455 3071 1542 3127 ἐπὶ
1603 3079 1702 3143 τῆς
1766 3079 2003 3149 Χριστοῦ

352 3152 649 3230 ἐπιδημίας
720 3157 1103 3234 πεπλήρωται.
1183 3160 1329 3214 Ἀντὶ
1403 3161 1686 3215 σκοπέΛων
1746 3163 1841 3234 μὲν
1895 3164 1999 3237 γὰρ

2122 2092 2511 2164 praestandam
2563 2098 2674 2148 Deo
2706 2093 3115 2163 reverentiam,
3145 2092 3210 2162 ii,
3241 2093 3342 2164 qui
3374 2098 3548 2149 antea
3605 2091 3773 2148 utilis

2094 2175 2364 2253 'pudcris
2390 2185 2558 2237 erant
2585 2181 2796 2254 ignari.

2188 2358 2312 2414 315.
2359 2359 2502 2428 Quia
2550 2359 2891 2431 defatigatus
2935 2364 3015 2415 est
3059 2360 3210 2417 Moab
3261 2361 3320 2416 in
3367 2360 3661 2427 altaribus,
3714 2364 3771 2416 et

2116 2448 2470 2522 ingredietur
2501 2449 2559 2503 in
2588 2452 2903 2523 manu/acta
2937 2451 3016 2507 ad
3044 2451 3354 2513 orandum;
3383 2458 3434 2505 et
3467 2465 3579 2506 non
3620 2453 3772 2521 pote-

2114 2541 2248 2595 runt
2295 2553 2491 2593 eruere
2537 2539 2725 2594 illum.
2776 2542 2945 2594 Nunc
2978 2538 3161 2595 Isaias
3196 2538 3388 2595 omnis
3420 2537 3769 2594 idololatriae

2114 2627 2577 2684 destructionem
2608 2627 2668 2682 in
2701 2628 2817 2683 ﬁne
2864 2644 2934 2683 ex
2982 2628 3233 2684 adventu
3281 2627 3456 2687 Verbi
3505 2628 3766 2682 futuram

2112 2716 2649 2788 vaticinatur,quod
2672 2733 2879 2772 omnes
2901 2716 2961 2773 in
2983 2717 3395 2773 construendis
3418 2715 3654 2787 templis
3682 2715 3767 2771 in-

2112 2806 2335 2872 sumpti
2368 2806 2596 2861 labores
2618 2806 2747 2860 vani
2783 2806 2926 2873 sint,
2978 2805 3465 2878 infructuosaque
3519 2822 3653 2879 spes
3701 2804 3762 2861 in

2113 2895 2469 2951 manufactis
2501 2894 2694 2966 posita
2724 2894 2818 2951 sit.
2839 2895 3243 2969 Nam,inquit,
3264 2896 3535 2951 orabunt.
3554 2895 3618 2949 Et
3649 2909 3764 2950 non

2108 2988 2367 3057 poterunt
2395 2999 2587 3041 eruere
2616 2985 2801 3039 illum.
2827 2984 2945 3039 Hoc
2976 2984 3096 3054 iam
3128 2985 3188 3038 in
3240 2985 3494 3039 adventu
3544 2983 3763 3038 Christi

2110 3072 2469 3145 completum
2517 3077 2626 3128 est.
2658 3071 2767 3127 llla
2795 3072 2953 3127 enim
2983 3073 3201 3143 templa
3231 3072 3369 3127 olim
3402 3071 3627 3127 famosa
3658 3087 3761 3142 pro

2111 3161 2370 3233 scopulis
2401 3160 2696 3216 habentur
2726 3176 2738 3214 :
2774 3177 2879 3216 nec
2908 3159 3063 3216 ultra
3091 3160 3205 3216 illa:
3235 3161 3565 3216 daemonum
3592 3159 3761 3216 falla-

351 3241 637 3316 ἑστήκασιν
692 3247 746 3301 οἱ
795 3233 921 3324 ναοὶγ
963 3247 1015 3302 οἰ
1064 3242 1406 3324 περιϐόητοι·
1459 3248 1637 3305 οὐκέτι
1686 3233 1757 3305 δεῖ
1789 3252 1843 3306 αἱ

2112 3250 2211 3306 cia:
2241 3248 2594 3320 consistuut,
2626 3249 2960 3307 adversaria
3006 3248 3108 3306 illa
3154 3254 3442 3321 potestate
3490 3264 3593 3322 per
3636 3266 3761 3322 my-

346 3314 473 3389 1€6vv
509 3329 784 3407 δαιμόνων
840 3314 1065 3409 ἶπάται,
1129 3314 1552 3412 ίρυγαδευθείσης
1617 3346 1717 3410 τῆς
1766 3339 2000 3397 ἀντικει-

349 3422 518 3496 μένης
550 3420 829 3496 δυνάμεως
862 3422 952 3481 διὰ
1006 3426 1069 3481 τὸ
1131 3428 1431 3502 μυστήριον
1479 3433 1576 3483 τοῦ
1623 3430 1855 3504 σταυροῦ
1902 3435 1999 3486 τοῦ

342 3511 480 3567 κατὰ
541 3516 712 3568 πᾶσαν
762 3514 863 3582 τὴν
933 3513 1261 3588 οἰκουμένην
1323 3518 1754 3593 κεκηρυγμένου.
1828 3524 1998 3575 Τοῦτο

341 3599 443 3677 γὰρ
491 3600 554 3656 τὸ
595 3600 771 3679 ῥῆμα,
811 3603 841 3657 '6
898 3602 1139 3675 ἐλάλησε
1196 3602 1391 3679 Κύριος
1451 3604 1540 3661 ἐπὶ
1596 3602 1789 3682 Μωὰϐ,
1832 3608 1998 3665 ὁπότε

344 3688 435 3744 καὶ
483 3687 772 3762 ἐλάλησεν.
839 3692 968 3750 Οἷον
1017 3691 1274 3769 ἐπίλογός
1328 3693 1440 3749 ἐστι
1491 3696 1693 3759 παντὸς
1748 3702 1845 3752 τοῦ
1903 3698 2001 3775 ῥή-

350 3797 517 3851 ματος
591 3783 688 3834 τοῦ
760 3780 897 3835 κατὰ
968 3787 1068 3850 τῆς
1139 3777 1487 3847 Μωαϐίτιδος
1558 3787 1991 3861 κεκηρυγμένου.

346 3869 516 3920 T0610
561 3866 625 3921 16
652 3865 805 3941 ῥῆμα
860 3867 890 3923 6
939 3865 1179 3952 ἐλάλησε
1234 3869 1458 3943 Κύριος.
1518 3875 1860 3949 Προτέτακτο
1895 3878 1992 3952 μὲν

346 3955 516 4030 γάρὴ
578 3954 720 4027 λέξις
781 3955 955 4019 οὕτως
1011 3950 1234 4033 ἔχουσα,
1292 3961 1363 4015 Τὸ
1418 3959 1570 4037 ῥῆμα
1623 3962 1686 4018 16
1728 3964 1867 4021 κατὰ
1891 3950 1995 4037 τῆς

344 4039 718 4109 Μωαϐίτιδος·
779 4044 1091 4121 ἐπιλέγεται
1124 4044 1181 4102 δὲ
1228 4048 1387 4104 παντὶ
1435 4054 1516 4123 τῷ
1572 4051 1726 4127 μέρει
1767 4059 1868 4124 τῆς
1895 4075 1991 4110 πε-

339 4140 596 4209 ρικοπῆς.
675 4137 850 4190 T0610
904 4135 968 4190 16
1022 4134 1195 4212 ῥῆμα,
1251 4136 1280 4192 6
1354 4135 1592 4210 ἐλάλησε
1646 4137 1847 4216 Κύριος
1901 4139 1991 4197 ἐπὶ

335 4217 536 4294 Μωὰϐ,
583 4224 748 4280 ὁπότε
790 4225 881 4279 καὶ
946 4222 1200 4292 ἐλάλησε.
1281 4227 1345 4283 Τί
1408 4225 1572 4298 ἐστιν,
1651 4227 1847 4288 Ὁπότε
1899 4231 1990 4286 καὶ

335 4311 612 4384 ἐλάλησε;
658 4312 902 4369 Δείκνυσι
957 4315 1021 4370 τὸ
1077 4315 1300 4370 σπάνιον
1350 4319 1450 4385 τῆς
1506 4321 1604 4373 τοῦ
1666 4323 1799 4374 Θεοῦ
1852 4321 1988 4395 πρὸς

333 4401 462 4465 τοὺς
534 4397 815 4467 Μοαϐίτας
884 4404 1173 4478 γινομένης
1247 4409 1452 4484 φωνῆς,
1531 4410 1628 4480 Τῷ
1716 4408 1811 4481 μὲν
1884 4409 1986 4485 γὰρ

332 4489 560 4568 Ἰσραὴλ
621 4496 864 4567 συνεχῶς
913 4489 1238 4569 διαλέγεται,
1286 4501 1403 4559 τοῖς
1465 4493 1522 4550 δὲ
1552 4490 1749 4551 ἔθνεσιν
1802 4498 1877 4563 ὡς
1921 4501 1989 4555 τὰ

2110 3338 2359 3395 sterium
2407 3337 2600 3394 crucis
2649 3337 2710 3393 in
2741 3342 2861 3394 toto
2894 3339 3032 3395 orbe
3057 3340 3439 3411 prmdicatum
3470 3338 3531 3394 in
3559 3339 3759 3411 fugam

2107 3445 2295 3484 versa.
2330 3430 2507 3482 Vens.
2545 3425 2628 3481 13.
2659 3427 2770 3483 Hoc
2797 3428 2943 3482 enim
2973 3428 3199 3483 verbum
3226 3427 3372 3500 quod
3419 3428 3632 3483 locutus
3680 3431 3759 3484 est

2107 3518 2375 3573 Dominus
2418 3532 2584 3587 super
2630 3516 2802 3584 Moab,
2857 3522 3075 3587 quando
3122 3527 3173 3573 et
3218 3518 3425 3573 locutus
3452 3521 3548 3572 est.
3579 3516 3760 3580 Quasi

2106 3605 2373 3679 epilogus
2404 3609 2493 3660 est
2520 3604 2702 3660 totius
2730 3605 2889 3662 verbi
2917 3606 3196 3663 adversus
3225 3605 3600 3662 Moabitidem
3624 3621 3758 3677 pro-

2106 3694 2383 3765 nuntiati,
2434 3692 2740 3749 nimirum.
2791 3695 2901 3749 Hoc
2944 3695 3173 3750 verbum
3221 3694 3364 3766 quod
3410 3695 3626 3750 locutus
3674 3702 3757 3753 est

2103 3786 2381 3841 Dominus.
2415 3782 2724 3839 Pramissa
2751 3783 2910 3838 enim
2942 3784 3129 3840 fuerat
3160 3782 3472 3852 sententia,
3507 3781 3601 3838 his
3630 3798 3757 3839 ver-

2103 3876 2195 3932 bis
2244 3890 2522 3947 expressa
2572 3889 2586 3929 :
2642 3873 2872 3930 Verbum
2921 3877 3118 3930 contra
3146 3873 3499 3931 Moabitidem
3525 3872 3569 3908 ⁸⁰
3600 3889 3615 3928 :
3647 3871 3754 3928 toti

2099 3980 2234 4020 vero
2265 3961 2566 4020 sententiae
2598 3961 2749 4033 parti
2793 3961 2854 4019 in
2906 3963 3152 4018 modum
3199 3961 3408 4036 epilogi
3456 3961 3752 4031 subditur,

2108 4052 2332 4111 Verbum
2385 4050 2505 4122 hoc,
2551 4050 2691 4123 quod
2728 4051 2939 4108 locutus
2981 4055 3060 4108 est
3094 4053 3361 4108 Dominus
3387 4066 3553 4123 super
3576 4049 3749 4118 Moab,

2100 4141 2320 4215 quando
2344 4144 2398 4196 et
2429 4140 2636 4195 locutus
2667 4143 2764 4196 est.
2797 4140 2944 4205 Quid
2974 4145 3065 4197 est
3094 4140 3222 4209 hoc,
3251 4142 3478 4210 Quando
3507 4144 3561 4196 et
3602 4140 3752 4197 locu-

2101 4241 2190 4287 tus
2218 4234 2337 4287 est?
2367 4228 2634 4286 Ostendit
2665 4228 2848 4284 Deum
2879 4229 3167 4286 Moabitae
3197 4246 3328 4287 raro
3376 4228 3559 4285 fuisse
3606 4227 3750 4284 allo-

2100 4325 2325 4377 cutum.
2358 4318 2583 4373 Etenim
2609 4335 2744 4374 cum
2774 4318 3098 4376 Israelitico
3123 4318 3336 4391 populo
3366 4317 3603 4376 assidue
3632 4316 3749 4374 col-

2098 4409 2422 4482 loquitur,a
2450 4424 2560 4463 sua
2590 4408 2853 4479 portione
2885 4406 3093 4464 alienis
3123 4413 3188 4465 ut
3216 4407 3541 4481 plurimum
3572 4410 3746 4463 tacet.

2096 4498 2222 4555 Non
2255 4496 2493 4570 quidem
2520 4496 2761 4552 omnino
2792 4495 3008 4553 occulit
3046 4513 3376 4554 sermonem
3408 4513 3609 4566 suum,
3642 4496 3746 4553 sed

333 4578 523 4637 πολλὰ
566 4585 764 4670 σιωπᾷ,
800 4581 873 4644 ὡς
924 4580 1244 4657 ἀλλοτρίοις
1280 4590 1381 4654 τῆς
1413 4584 1604 4640 εαυτοῦ
1640 4583 1877 4662 μερίδος.
1913 4586 1989 4646 Οὔ

2112 4587 2472 4646 :lementiam
2503 4602 2569 4641 ac
2602 4586 3032 4658 benegnitatom
3067 4603 3235 4643 suam
3265 4587 3352 4645 eis
3382 4603 3616 4661 quoque
3646 4586 3744 4643 de-

340 4672 447 4744 μήν
480 4668 766 4733 παντελῶς
796 4671 1130 4748 ἀποκρύπτει
1159 4672 1251 4728 τὸν
1286 4671 1477 4750 λόγον,
1535 4674 1683 4731 ἀλλὰ
1720 4675 1811 4730 καὶ
1858 4677 1983 4732 τού-

332 4779 461 4821 τους
680 4760 825 4834 γεύει
873 4767 973 4831 τῆς
1033 4761 1227 4818 ἑαυτοῦ
1277 4760 1712 4840 φιλανθρωπίας,
1758 4765 1855 4821 ἳνα
1900 4763 1991 4823 διὰ

334 4852 436 4915 τῆς
467 4847 517 4901 ἐν
569 4845 780 4923 ὀλίγοις
832 4848 1022 4923 πείρας
1071 4851 1207 4925 πρὸς
1251 4852 1350 4921 τὴν
1392 4856 1499 4908 τῶν
1549 4851 1778 4908 τελείων
1809 4852 1989 4920 ἐπιθυ-

337 4934 460 5007 μίαν
493 4935 761 5011 ’ὀρμῶσιψ
797 4935 946 4991 Ἐπεὶ
1006 4935 1097 4992 οῦν
1128 4938 1408 5004 σπανιάκις
1441 4938 1604 4997 λαλεῖ
1653 4947 1771 5006 τοῖς
1818 4947 1985 4998 Μωα-

332 5018 528 5091 ϐίταις,
562 5022 651 5078 διὰ
676 5028 839 5080 τοῦτο
885 5023 1120 5102 εἷ’ρηται,
1169 5026 1252 5084 ὅτι
1300 5034 1470 5086 Τοῦτο
1517 5030 1582 5086 16
1612 5030 1767 5108 ῥῆμα
1793 5028 1823 5087 ὃ
1854 5029 1986 5089 ἐλά-

331 5109 467 5184 λησε
496 5112 714 5189 Κύριος,
749 5114 914 5170 ὁπότε
931 5114 1021 5171 καὶ
1051 5114 1340 5188 ἐλάλησεν.

399 5260 443 5296 ⁵⁰
472 5264 588 5317 Isa.
621 5278 712 5332 xv,
744 5260 795 5317 Ι.

396 5402 510 5475 (20)
541 5401 694 5478 Editi
741 5405 799 5458 et
845 5405 984 5478 Reg.
1036 5404 1286 5478 primus,
1336 5426 1397 5462 σε
1444 5406 1657 5473 αὐτούς.
1715 5410 1830 5469 Alii
1860 5412 1976 5470 duo

396 5422 510 5475 (κρυ)
541 5422 694 5458 manu
741 5422 799 5458 et
845 5422 984 5478 neg.
1076 5423 1286 5477 rimus,
1336 5426 1397 5462 σε
1444 5422 1657 5473 αὐτούς.
1715 5422 1830 5469 Alli
1860 5422 1976 5470 duo

325 5490 497 5559 Πιεεη
525 5470 723 5559 εκῦτούς
753 5492 869 5531 σου.
902 5481 993 5559 βε
1225 5480 1458 5553 tertius,
1509 5480 1705 5559 αύτούς
1734 5503 1811 5552 σε,
1871 5502 1978 5543 nec

326 5545 495 5632 aliter
524 5545 738 5632 legitur
765 5547 922 5632 apud
952 5545 1511 5632 Eusebium,quem,
1541 5559 1609 5613 ut
1622 5545 1772 5613 alias
1796 5545 1975 5632 saepe,

323 5619 409 5675 ita
443 5623 502 5676 et
530 5619 621 5676 hic
651 5636 686 5676 a
715 5619 1004 5687 scriptore
1034 5619 1420 5687 compilatum
1449 5619 1581 5687 esse
1611 5634 1865 5687 constat.

398 5638 409 5674 ι
443 5636 502 5676 et
530 5636 621 5676 mc
651 5636 686 5676 a
715 5636 833 5675 scr:
882 5636 1004 5677 tore
1034 5637 1162 5680 com
1208 5636 1420 5683 uatum
1449 5643 1476 5685 e

398 5691 510 5764 (21)
542 5688 787 5764 Antiqui
815 5636 932 5749 (Fac
955 5691 1115 5765 libri,
1142 5639 1476 5769 αἳδεσθῆναι.

2095 4676 2451 4752 gustandam
2484 4675 2721 4746 praebet,
2754 4682 2818 4730 ut
2847 4692 3031 4746 pauca
3059 4675 3304 4748 experti,
3335 4694 3465 4749 quae
3493 4676 3750 4750 perfecta

2098 4771 2240 4823 sunt
2289 4782 2427 4821 cum
2475 4764 2636 4821 omni
2695 4764 2894 4820 studio
2942 4781 3007 4820 ac
3055 4764 3283 4837 impetu
3324 4765 3749 4839 concupiscant

2099 4855 2385 4923 Quoniam
2416 4853 2597 4927 igitur
2645 4853 2837 4909 rarius
2886 4853 3147 4926 loquitur
3191 4854 3483 4926 Moabitis,
3530 4852 3747 4909 idcirco

2099 4946 2325 5002 dictum
2375 4949 2465 4999 est
2517 4958 2532 4999 :
2579 4943 2687 4997 Hoc
2716 4944 2942 4999 verbum
2970 4944 3111 5015 quod
3141 4944 3347 5000 loeutus
3374 4945 3453 4999 est
3479 4942 3744 4999 Dominus

2097 5034 2320 5109 quando
2349 5036 2404 5090 et
2431 5032 2643 5089 locutu:
2669 5034 2770 5087 at.

2159 5414 2271 5488 (22)
2306 5410 2534 5488 Bursus
2566 5408 2683 5467 duo
2721 5407 3136 5488 libriantiqui,
3167 5406 3428 5488 Χριστοῦ.

2159 5478 2269 5555 (23)
2302 5478 2794 5555 Οοάθκηυιιεμαὶ
2829 5478 3130 5555 aLCOpula
3157 5478 3246 5535 καί
3280 5480 3340 5537 in
3371 5480 3547 5555 editis
3577 5480 3736 5555 desi-

2087 5550 2348 5614 deratur.
2381 5554 2561 5613 Paulo
2592 5559 2729 5626 post
2755 5567 2960 5610 vocem
2989 5550 3123 5626 ξρησί
3152 5569 3223 5610 ex
3252 5569 3370 5610 uno
3406 5553 3609 5613 codice
3632 5553 3734 5609 ad-

2078 5628 2356 5701 jecimus.

2156 5701 2269 5775 (24)
2302 5700 2490 5757 Codex
2519 5710 2699 5768 unus,
2729 5689 2961 5756 τούτοις.
