4150 6390
417 340 534 400 66⁸1

489 473 613 529 316.
645 471 819 530 Vane.
856 475 941 530 14.
976 477 1039 531 Et
1067 491 1217 532 nunc
1242 477 1363 533 dico
1395 495 1412 534 :
1441 482 1506 534 In
1540 479 1718 534 tribus
1743 479 1910 534 annis
1958 494 2061 533 an-
2093 479 2148 545 Α

416 577 616 617 norum
642 566 997 634 mercenarii,
1031 564 1442 622 dedecorabitur
1469 569 1651 637 gloria
1674 568 1824 624 Moab
1853 569 1911 622 in
1953 583 2068 623 om-

415 653 584 708 nibus
612 651 826 708 divitiis
857 655 1043 709 multis
1071 675 1090 709 :
1121 659 1173 710 et
1201 656 1553 727 relinquetur
1579 657 1934 725 minimus,lel
1963 671 2070 711 non

417 745 740 797 honoratus.
774 743 1016 799 Videtur
1047 743 1189 799 mihi
1222 745 1383 800 hisce
1412 747 1603 801 verbis
1634 745 1935 802 Moabitidi
1967 745 2072 800 οἰκ-ο

418 832 813 887 oumscribere
845 832 1119 904 supplicii
1153 839 1206 888 et
1258 852 1561 906 poenarum
1611 841 1866 908 tempus,
1915 836 2070 906 quod

419 919 743 974 nominavit
772 925 890 974 tres
923 938 1108 976 annos
1141 925 1506 980 mercenarii.
1540 925 1688 989 Quia
1720 924 1896 997 igilur
1925 923 2071 980 divi-

415 1008 575 1062 ditur
605 1008 662 1062 in
697 1013 814 1064 tres
845 1015 1038 1080 partes
1071 1016 1190 1066 tota
1224 1013 1508 1084 temporis
1553 1019 1781 1084 natura,
1833 1011 2070 1086 plenum

413 1101 589 1168 atque
635 1098 958 1168 perfectum
1019 1105 1252 1170 tempus
1283 1102 1606 1174 exprimere
1635 1102 1898 1173 cupiens,
1931 1101 2076 1156 dixit

411 1201 600 1240 annos
649 1192 789 1241 tre.
825 1188 1028 1258 Itaque
1061 1193 1122 1244 In
1157 1191 1336 1246 tribus
1367 1194 1529 1247 annis
1557 1208 1832 1247 annorum
1862 1206 2073 1247 merce-

410 1277 588 1343 narii,
621 1273 1039 1333 dedecorabitur
1059 1279 1245 1350 gloria
1268 1281 1443 1336 Moab.
1477 1281 1626 1347 Quin
1671 1285 1728 1336 et
1779 1281 1837 1336 in
1882 1284 2074 1336 Evan-

411 1363 562 1435 gelio
612 1364 854 1420 infamia
897 1369 1256 1424 mercenario
1287 1368 1546 1426 inuritur
1575 1388 1608 1426 a
1634 1372 1953 1440 Servatore,
1985 1370 2070 1424 di-

411 1457 579 1509 cente
613 1470 625 1508 :
660 1453 1029 1512 Mercenarius
1078 1462 1285 1530 autem,
1334 1469 1384 1514 et
1429 1461 1524 1531 qui
1574 1476 1682 1516 non
1734 1468 1811 1516 est
1854 1467 2070 1530 pastor,

411 1544 568 1613 cujus
599 1558 705 1597 non
737 1555 867 1599 sunt
889 1562 1007 1602 oves
1031 1549 1295 1619 propriae,
1328 1550 1471 1604 videt
1503 1550 1694 1621 lupum
1744 1551 2068 1615 venientem,

411 1636 465 1686 et
494 1633 664 1702 fugit,
697 1636 831 1704 quia
859 1639 1235 1692 mercenarius
1265 1642 1364 1707 est,
1397 1641 1449 1693 et
1478 1655 1599 1694 oves
1644 1655 1756 1694 non
1804 1643 1933 1694 sunt
1984 1638 2073 1693 illi

413 1737 559 1776 curae
607 1721 674 1774 ⁸¹.
727 1723 1062 1794 Inquilinus
1094 1725 1338 1798 insuper
1366 1732 1420 1782 et
1453 1730 1847 1783 mercenarius
1880 1744 2070 1783 sacer-

415 1809 570 1866 dotis
603 1828 717 1866 non
750 1815 1017 1868 comedet
1045 1821 1251 1871 sancta
1280 1817 1606 1872 secundum
1631 1817 1816 1889 legem
1833 1817 2070 1872 ".Moab

419 1895 602 1968 igitur
627 1914 690 1953 se
718 1898 865 1954 617
905 1900 1030 1971 ipse
1080 1906 1235 1956 stata
1283 1904 1549 1959 mercede
1600 1903 1830 1970 locavit,
1884 1908 1942 1959 et
1991 1904 2072 1958 fa-

416 1990 548 2042 ctus
571 1990 661 2041 est
687 1989 1237 2046 mercenarius.Non
1259 1992 1417 2048 enim
1443 1992 1646 2049 dilexit
1667 1993 1981 2049 Deumzsed
2000 1993 2074 2048 ob

416 2076 706 2132 mercedis
735 2077 1070 2150 opinionem
1101 2084 1157 2136 et
1184 2081 1273 2136 sui
1307 2082 1600 2137 commodi
1634 2099 1821 2154 spem,
1844 2100 1957 2138 non
1992 2084 2071 2138 rei

415 2162 693 2220 faciendae
718 2167 912 2223 studio
935 2169 1146 2241 agebat
1171 2171 1325 2241 quod
1347 2171 1801 2243 agebat.Tribus
1823 2188 1959 2244 ergo
1977 2189 2075 2226 an-

415 2251 509 2308 nis
532 2271 816 2310 annorum
839 2259 1184 2313 mercenarii
1208 2259 1498 2316 afﬁcietur
1517 2261 2074 2333 ignominia.Quem-

416 2341 733 2398 admodum
750 2361 886 2418 ergo
907 2351 1107 2417 pastor
1118 2350 1383 2406 mercede
1396 2351 1947 2423 conductus,pastor
1959 2367 2070 2406 non

422 2435 514 2485 est
547 2447 560 2485 :
595 2431 675 2487 lta
697 2435 871 2489 etiam
897 2435 1167 2508 quisquis
1192 2438 1329 2493 facit
1351 2439 1782 2512 eleemosynam
1817 2441 1885 2495 ad
1921 2440 2071 2495 acci-

424 2519 702 2590 piendam
733 2523 804 2578 ab
836 2523 1178 2582 hominibus
1209 2527 1699 2602 gloriam,recepit
1721 2547 1890 2586 suam
1920 2546 2071 2585 mer-

423 2609 624 2666 cedem
655 2611 723 2678 ⁸³,
756 2628 863 2668 nec
895 2613 1228 2671 misericors
1260 2621 1349 2673 est
1380 2635 1484 2674 nec
1537 2619 1875 2675 muniﬁcus.
1928 2622 2072 2675 Item

427 2699 767 2772 quicunque
788 2707 1126 2776 temperans
1153 2710 1242 2761 est
1264 2708 1335 2762 ad
1360 2708 1680 2763 ineundam
1713 2710 1785 2764 ab
1816 2707 2073 2763 homini-

423 2788 538 2844 bus
570 2791 839 2860 gratiam,
869 2795 1208 2866 temperans
1235 2813 1348 2852 non
1372 2801 1480 2866 est,
1505 2814 1636 2853 cum
1658 2797 1934 2853 virtutem
1958 2813 2073 2853 non

423 2883 664 2950 quaerat,
698 2881 799 2936 sed
840 2880 1086 2954 gloriam
1138 2902 1206 2941 ex
1254 2902 1322 2941 ea
1351 2893 1765 2958 proventuram
1813 2894 2071 2944 venatur.

424 2970 631 3040 Itaque
681 2969 720 3024 ii
770 2978 910 3027 sunt
935 2974 1087 3044 apud
1118 2974 1300 3030 Deum
1330 2976 1686 3043 inhonorati,
1720 2977 1818 3050 qui
1851 2977 2071 3049 aliquid

423 3058 838 3115 ostentationis
869 3077 1046 3118 causa
1079 3063 1516 3132 faciunt.Quare
1546 3071 1602 3122 et
1632 3067 1796 3122 Moab
1829 3066 2075 3122 dedeco-

423 3146 652 3202 rabitur
681 3148 854 3205 annis
882 3150 1108 3221 tribus;
1157 3153 1264 3209 hoc
1311 3159 1420 3226 est,
1471 3156 1530 3210 in
1579 3155 1739 3211 omni
1796 3155 2076 3227 temporis

1360 344 1755 406 APPENDIX
1801 344 2126 406 OPERUM
2174 343 2240 404 S.
2287 341 2574 404 BASILII
2622 340 2897 402 MAGNI.

3719 335 3856 399 668

2247 475 2370 532 3l6.
2457 470 2559 530 Καί
2638 473 2732 527 νῦν
2803 469 2971 548 λέγω·
3053 471 3141 526 Ἐν
3204 469 3383 544 τρισὶν
3456 466 3625 526 ἔτεσιν
3702 467 3849 524 ἐτῶν

2183 565 2456 638 μισθωτοῦ
2535 566 2669 636 (25),
2750 561 3180 635 ἀτιμασθήσεται
3257 562 3292 631 ὴ
3363 558 3491 630 δόξα
3547 554 3725 617 Μωᾶϐ
3784 559 3848 615 ἂν

2179 653 2336 709 παντῖ
2396 658 2472 725 ,τῷ
2526 651 2754 724 πλούτῳ
2811 652 2888 724 τῷ
2945 649 3183 722 πολλῷ’
3244 651 3330 705 καὶ
3400 647 3850 727 καταλειφθήσε-

2177 763 2265 796 ται
2325 740 2630 817 ὀλιγοστὸς,
2674 741 2760 795 καὶ
2822 738 2920 794 οὐκ
2967 737 3202 810 ἔντιμος.
3266 739 3364 792 Διὰ
3420 738 3628 792 τούτων
3683 734 3852 792 δοκεῖ

2185 852 2277 903 μοι
2311 830 2505 906 ὁρίζειν
2555 829 2750 906 χρόνον
2805 828 3084 891 κολάσεως
3132 831 3199 902 τῇ
3251 822 3450 896 Μωὰϐ,
3494 826 3552 882 6'v
3583 827 3852 900 ὠνόμασε

2178 919 2303 994 τρία
2332 915 2424 990 ἔτη
2489 921 2782 993 μισθωτοῦ.
2834 919 2989 976 Ἐπεὶ
3017 920 3107 973 οὗν
3140 918 3215 982 εἰς
3243 916 3369 994 τρία
3405 917 3542 994 μὲρη
3595 919 3630 988 ἡ
3690 922 3848 972 πᾶσοι

2179 1013 2276 1064 τοῦ
2309 1010 2514 1085 χρόνου
2559 1006 2845 1085 διαιρεῖται
2900 1007 3080 1082 φύσις,
3131 1009 3192 1062 τὸ
3238 1007 3452 1063 τέλειον
3499 1010 3598 1062 τοῦ
3630 1003 3851 1082 χρὸνου

2181 1106 2524 1175 παραστῆσαι
2594 1097 2954 1174 βουλόμενος,
3029 1098 3155 1174 τρία
3212 1097 3357 1152 εἶπεν
3415 1093 3531 1166 ἔτη.
3594 1096 3685 1153 Ἐν
3744 1097 3846 1152 οὗν

2178 1187 2354 1257 τρισὶν
2429 1186 2596 1242 ἔτεσιν
2679 1186 2810 1242 ἑτῶν
2890 1187 3204 1259 μιώῶτοῦ,
3297 1183 3728 1258 ἀτιμασθήσεταί
3807 1189 3847 1255 ἡ

2183 1275 2309 1348 δόξα
2365 1272 2558 1336 Μωάϐ,
2610 1277 2672 1334 Ὀ
2724 1275 2996 1349 μισθωτὸς
3035 1273 3125 1329 καὶ
3173 1271 3228 1328 ἐν
3259 1278 3338 1347 τῷ
3368 1273 3688 1350 Εὐαγγελίῳ
3719 1272 3843 1330 δια-

2182 1361 2448 1438 ϐέϐληται
2480 1365 2582 1422 ὑπὸ
2611 1370 2707 1421 τοῦ
2741 1370 3022 1438 Σωτῆρος,
3058 1362 3332 1438 λάγοντος·
3366 1363 3423 1418 Ὀ
3455 1360 3512 1418 δὶ
3545 1364 3832 1436 μισθωτὸς,

2179 1455 2269 1512 καὶ
2329 1456 2428 1511 οὐκ
2485 1453 2557 1510 ὢν
2618 1455 2852 1528 ποιμὴν,
2909 1453 2972 1508 ὐῦ
3031 1473 3128 1508 οοκ
3159 1451 3268 1508 ἔστι
3326 1451 3394 1508 τὰ
3421 1447 3672 1528 πρόϐατα
3703 1449 3826 1526 ἴδια,

2181 1548 2375 1622 θεωρεῖ
2423 1545 2514 1601 τὸν
2578 1542 2741 1599 λύκον
2815 1543 3141 1620 ἐρχόμενον,
3206 1541 3297 1596 καὶ
3357 1541 3566 1620 φεύγει,
3621 1541 3705 1597 ὅτι
3754 1565 3836 1615 μι-

2182 1635 2387 1700 σθωτός
2447 1635 2580 1705 ἐστι,
2638 1634 2726 1688 καὶ
2787 1632 2847 1688 οὐ
2909 1630 3062 1705 μέλει
3123 1631 3273 1705 αὐτῷ
3302 1632 3427 1707 περὶ
3484 1636 3592 1686 τῶν
3623 1628 3833 1707 προϐά-

2179 1746 2309 1782 των.
2372 1725 2473 1782 Καὶ
2532 1725 2795 1798 πάροικος
2823 1719 2881 1778 δὲ
2908 1721 2997 1776 καὶ
3034 1722 3307 1796 μισθωτὸς
3357 1725 3454 1776 τοῦ
3506 1721 3694 1797 ἱερέως
3741 1722 3845 1776 οὐκ

2182 1813 2355 1870 ἔδεται
2405 1816 2534 1890 ἅγια
2580 1813 2718 1868 κατὰ
2760 1813 2850 1867 τὸν
2900 1813 3093 1886 νόμον.
3145 1809 3538 1883 Ἐξιμίσθωσεν
3593 1811 3682 1864 οὗν
3718 1811 3841 1864 ἑαυ-

2180 1905 2273 1960 τὸν
2300 1905 2326 1959 ὁ
2382 1898 2581 1971 Maias,
2638 1901 2728 1957 καὶ
2762 1902 2951 1976 γέγονε
2984 1899 3278 1973 μισθωτός.
3313 1899 3394 1957 Οὐ
3453 1900 3555 1974 γὰρ
3585 1901 3843 1974 ἠγάπησε

2181 1995 2273 2049 τὸν
2306 1995 2456 2062 Θεὸν,
2509 1991 2654 2047 ἀλλὰ
2698 1991 2955 2069 φαντασίᾳ
3007 1992 3209 2063 μισθῶν
3255 1989 3344 2043 καὶ
3398 1985 3582 2043 ἐλπίδι
3634 1988 3844 2053 οίκειας

2184 2081 2472 2161 ὠφελείας,
2533 2081 2662 2156 οὐχῖ
2723 2078 2780 2134 δὲ
2829 2084 2899 2153 τῇ
2957 2080 3094 2155 πρὸς
3136 2079 3197 2133 τὸ
3256 2077 3542 2152 γινόμενον
3577 2075 3837 2147 διαθέσει,

2183 2166 2438 2246 ἔπραττεν
2496 2172 2524 2225 ’ὁ
2584 2169 2829 2244 ἔπραττε.
2865 2168 3056 2244 Τρισὶν
3102 2168 3191 2222 οὗν
3243 2161 3412 2221 ἔτεσιν
3471 2166 3840 2241 ἀτιμασθήσε-

2181 2282 2268 2317 ται
2328 2262 2458 2315 ἐτῶν
2517 2263 2812 2333 μισθωτοῦ.
2869 2259 2957 2320 Ὦς
3015 2257 3103 2311 οὗν
3159 2256 3428 2329 ὁποιμὴν
3489 2257 3516 2310 6
3565 2257 3839 2330 μισθωτὸς

2181 2351 2242 2406 τὸ
2293 2347 2615 2421 δοξασθῆναι
2651 2349 2754 2403 ὑπὸ
2779 2351 2886 2402 τῶν
2921 2346 3242 2418 ἀνθρώπων,
3271 2345 3464 2420 ἀπέχει
3495 2345 3587 2400 τὸν
3621 2347 3841 2418 μισθὸν,

2181 2439 2270 2495 καὶ
2305 2439 2402 2494 οὐκ
2434 2435 2574 2493 ἔστιν
2633 2436 2886 2509 ἐλεήμων
2948 2433 3072 2490 οὐδε
3100 2433 3442 2496 κοινωνικός.
3503 2433 3605 2491 Καὶ
3656 2435 3684 2489 6
3735 2435 3841 2488 σώ-

2184 2550 2332 2609 φρων
2385 2526 2473 2583 διὰ.
2519 2529 2618 2598 τήν
2680 2524 3016 2600 ἀνθρωπίνην
3073 2526 3182 2597 (26)
3241 2523 3518 2598 ἀρέσκειαν
3581 2521 3680 2578 οὐκ
3718 2521 3832 2578 ἔστι

2183 2621 2438 2698 σώφρων,
2471 2617 2531 2673 οὗ
2561 2620 2660 2686 τὴν
2691 2616 2883 2692 ἀρετὴν
2918 2613 3157 2683 διώκων,
3213 2612 3358 2668 ἀλλὰ
3401 2614 3501 2683 τήν
3543 2613 3634 2668 ἀπ’
3664 2612 3833 2683 αὐτῆς

2184 2708 2340 2779 δόξαν
2373 2711 2716 2782 θηρώμενος.
2748 2708 2980 2778 ’Ἃτιμοι
3007 2702 3183 2758 τοίνυν
3242 2702 3390 2777 παρὰ
3419 2707 3536 2774 Θεῷ
3591 2703 3641 2756 ol
3691 2702 3828 2778 πρὸς

2183 2795 2402 2870 ἔνδειξιν
2461 2817 2511 2851 τι
2553 2800 2851 2858 ποιοῦντες.
2905 2796 3065 2848 Ὥστε
3109 2791 3199 2847 καὶ
3250 2793 3278 2846 ὁ
3337 2786 3506 2846 Μωὰϐ
3553 2791 3605 2845 ἐν
3654 2791 3824 2864 τρισὶν

2183 2883 2351 2942 ἔτεσιν
2553 2885 3018 2956 ἀτιμασθήσεται·
3097 2881 3392 2948 τουτέστιν,
3442 2879 3493 2934 ἐν
3541 2878 3698 2933 παντὶ
3743 2882 3820 2948 τῷ

2190 2975 2368 3050 μέτρῳ
2397 2978 2493 3028 τοῦ
2523 2973 2749 3049 χρόνου·
2805 2971 3024 3044 ἀτιμίαν
3059 2968 3115 3025 δὲ
3168 2972 3456 3044 μισθωτοῦ,
3489 2964 3576 3021 διὰ
3615 2967 3677 3021 τὸ
3740 2965 3816 3038 μὴ

2185 3065 2245 3122 ἐκ
2276 3063 2586 3134 διαθὲσεως,
2637 3062 2765 3118 ἀλλ’
2813 3060 3147 3117 ἐπίπλαστον
3201 3061 3346 3132 αὐτῷ
3395 3057 3616 3113 εἶναιτὸ
3665 3051 3821 3130 ἔργον

2185 3163 2286 3225 τῆς
2348 3155 2562 3229 ἀρετῆς.
2633 3151 2961 3225 Ατιμάζεται
3007 3148 3064 3206 δὲ
3118 3153 3202 3206 Ἐν
3258 3148 3414 3204 παντὶ
3470 3151 3549 3219 τῷ
3605 3143 3836 3216 πλούτῳ

424 3251 720 3292 mensura.
788 3239 1076 3297 Inferetur
1140 3247 1335 3300 autem
1394 3245 1739 3301 mercenarii
1799 3245 2074 3314 dedecus,

2188 3250 2266 3317 τῷ
2325 3227 2544 3316 πολλῷ.
2612 3244 2776 3300 ’Ὀσον
2837 3242 2941 3317 γὰρ
2996 3240 3142 3312 αὐτῷ
3198 3242 3394 3314 περιῆν
3453 3243 3554 3306 τῆς
3613 3233 3839 3296 ἐνταῦθα

424 3325 580 3396 quod
613 3343 728 3382 non
759 3344 829 3384 ex
853 3329 1073 3400 animo,
1106 3332 1208 3387 sed
1242 3332 1517 3390 simulate
1562 3339 1621 3391 et
1671 3335 1805 3390 ﬁetu
1857 3351 2075 3390 munus

422 3413 660 3471 virtutis
703 3416 1038 3489 expleverit.
1092 3421 1481 3478 Dedecoratur
1531 3429 1728 3480 autem
1786 3426 1847 3479 In
1904 3426 2077 3480 omni-

427 3502 523 3558 bus
550 3502 764 3560 divitiis
793 3507 1004 3563 multis.
1040 3510 1347 3568 Enimvero
1378 3518 1667 3584 quantum
1696 3513 1746 3569 ei
1781 3514 2076 3570 existima-

424 3591 602 3648 tionis
634 3593 690 3647 in
724 3593 830 3652 hac
863 3597 982 3653 vita
1010 3597 1220 3671 inerat,
1254 3605 1484 3657 tantum
1519 3602 1708 3659 eidem
1736 3602 1992 3658 infamias
2024 3607 2081 3658 et

427 3680 730 3739 dedecoris
761 3702 866 3756 pro
899 3689 1166 3744 mercede
1197 3691 1573 3760 rependetur,
1606 3692 1706 3747 ubi
1737 3693 2082 3748 abscondita

426 3774 632 3827 nostra
661 3772 880 3830 fuerint
906 3776 1179 3833 revelata.
1212 3780 1282 3834 Et
1311 3780 1406 3851 qui
1443 3780 1661 3837 multas
1694 3797 1784 3837 res
1811 3797 1990 3837 vanas
2027 3786 2084 3837 et

424 3857 827 3919 infructuosae
860 3867 1136 3924 manibus
1170 3869 1294 3924 suis
1345 3871 1630 3942 congerit,
1677 3869 1727 3926 is
1783 3871 2082 3927 dedecoris

427 3948 541 4004 sibi
571 3950 949 4023 imprimendi
984 3962 1242 4028 segetem
1273 3959 1554 4030 majorem
1588 3959 1796 4028 habet;
1821 3961 1922 4032 qui
1950 3976 2083 4018 vero

427 4036 635 4110 lingua
655 4042 924 4100 mendaci
949 4046 1129 4101 efﬁcit
1150 4047 1544 4120 thesauros,is
1566 4051 1945 4122 prosequitur
1964 4052 2087 4106 ina-

428 4127 548 4194 nia,
580 4133 754 4203 atque
783 4131 843 4186 in
877 4134 1080 4190 mortis
1113 4135 1356 4210 laqueos
1385 4139 1598 4195 veniet.
1645 4144 1711 4197 Et
1736 4140 2090 4214 relinquetur

2187 3331 2540 3407 ὑπολήψεως,
2599 3335 2854 3385 τοσοῦτον
2889 3329 3024 3401 μετὰ
3062 3329 3124 3382 τὸ
3172 3325 3626 3402 ἀποκαλυφθῆναι
3676 3324 3837 3394 ἡμῶν

2184 3425 2252 3479 τὰ
2307 3423 2538 3496 κρυπτὰ,
2572 3418 2970 3490 ἀποδοθήσεται
3025 3423 3126 3486 τῆς
3154 3415 3392 3491 αἷχύνης
3421 3416 3450 3469 ὁ
3485 3411 3699 3487 μισθός.
3735 3408 3840 3465 Καὶ

2188 3514 2216 3568 6
2248 3509 2466 3581 πολλὴν
2501 3509 2739 3585 συνάγων
2765 3514 2884 3571 ταῖς
2915 3507 3099 3582 χερσὶν
3134 3502 3403 3580 ἀκαρπίαν
3437 3505 3573 3575 (28),
3604 3497 3844 3554 πλείονα

2188 3596 2304 3677 ἔχει
2365 3597 2503 3672 ὕλην
2551 3607 2653 3669 τῆς
2701 3594 3099 3674 ἐπιφερομένης
3149 3591 3296 3664 αὖτῷ
3345 3589 3596 3664 ἀτιμίας·
3658 3586 3750 3677 καὶ
3809 3587 3840 3641 ὁ

2191 3674 2416 3766 ἄνεργῶν
2467 3688 2880 3763 θησαυρίσματα
2923 3684 3145 3761 γλώσσῃ
3195 3678 3405 3756 ψευδεῖ,
3459 3682 3657 3752 μάταια
3708 3674 3844 3766 διὼξ

2189 3765 2447 3852 κει,νκαὶ
2501 3777 2775 3833 ἐλεύσεται
2835 3775 2921 3830 ἐπὶ
2974 3770 3204 3850 παγίδας
3258 3773 3373 3844 (29)
3429 3769 3680 3824 θανάτου.
3735 3765 3847 3820 Καὶ

2193 3867 2676 3946 καταλειφθήσεται
2739 3864 3046 3940 ὀλιγοστὸς,
3097 3861 3186 3917 καὶ
3235 3861 3338 3915 οὐκ
3394 3855 3630 3946 ἔντιμος,
3677 3853 3849 3946 Εὐερ-

2193 3958 2343 4036 γεσία
2384 3943 2490 4012 τῶν
2556 3955 2643 4011 ἐπὶ
2705 3953 2867 4026 κακίᾳ
2916 3950 3456 4027 συγκεκροτημὲνων,
3522 3948 3557 4016 ἡ
3609 3943 3852 4000 ἐντεῦθεν

2195 4046 2499 4110 παίδευσις.

424 4220 714 4288 minimus,
746 4226 796 4278 et
825 4238 936 4280 non
964 4225 1289 4283 honoratus.
1323 4230 1457 4295 Quae
1488 4229 1583 4285 hic
1613 4212 1966 4288 describitur
1989 4229 2444 4295 animadversio,
2467 4227 2540 4283 iis
2568 4225 2667 4298 qui
2699 4226 2770 4282 ad
2804 4224 3008 4281 vitium
3040 4221 3312 4278 alendum
3339 4217 3698 4288 conspirant,
3723 4212 3857 4268 loco

425 4319 519 4366 est
547 4309 685 4366 doni
716 4328 784 4368 ac
815 4313 1102 4372 beneficii.

500 4455 543 4495 ι¹
575 4453 744 4511 Joan.
776 4473 833 4525 χ,
868 4458 955 4526 12,
990 4460 1078 4532 13,
1155 4461 1200 4502 ⁵³
1232 4461 1368 4520 Lev.
1411 4479 1552 4533 xxxx,
1588 4465 1672 4520 10.
1753 4465 1797 4502 ⁸⁸
1827 4466 2034 4522 Matth.
2069 4481 2147 4524 v1.

3101 4596 3856 4612 ——._____‘_—_.____—.—_

1235 4730 1606 4795 MONITUM
1651 4733 1730 4793 ΙΝ
1775 4731 2077 4795 LIBRUM
2121 4730 2223 4791 DE
2266 4729 2480 4792 VERA
2521 4725 3055 4791 VIRGINITATE.

498 4989 615 5047 Hoc
646 5008 795 5064 opus
825 4999 1202 5054 commendat
1249 4999 1599 5072 antiquitas.
1647 5002 1940 5075 Scriptum
1991 5004 2080 5058 est
2124 5000 2280 5057 enim
2334 5003 2541 5072 quarto
2587 4996 2826 5068 sreculo,
2877 4995 3186 5066 eidemque
3230 4992 3611 5062 nuncupatur
3663 4984 3870 5044 Letoio

425 5079 804 5155 Melitinensi,
863 5086 932 5140 ad
987 5103 1158 5157 quem
1215 5094 1270 5144 et
1299 5091 1557 5163 Gregorii
1589 5091 1837 5164 Nysscni
1869 5095 2056 5148 exstat
2086 5091 2327 5163 Epistola
2360 5089 2651 5145 canonica.
2683 5087 2807 5143 Huc
2839 5084 3066 5143 accedit
3093 5079 3350 5139 auctoris
3381 5077 3658 5150 dignitas,
3686 5092 3869 5148 quem

475 5252 611 5377 £25)
643 5256 831 5312 Codex
883 5274 1056 5331 unus,
1121 5261 1433 5333 μισθωτῶν,
1480 5278 1757 5320 annorum
1798 5279 2086 5321 mercena-

429 5339 482 5378 νι
519 5339 670 5380 rum.

501 5395 614 5477 (26)
647 5397 822 5479 Editi,
858 5397 945 5457 διὰ
974 5405 1074 5473 τήν
1102 5407 1211 5458 τῶν
1261 5403 1584 5479 ἀνθρώπων.
1644 5409 1716 5462 At
1766 5425 1908 5464 mss.
1969 5412 2088 5464 tres

431 5469 515 5520 uti
560 5471 616 5521 in
651 5476 944 5530 contextu.

499 5537 617 5616 (ῃ)
650 5543 840 5616 ροάθκ
872 5563 1046 5616 unus,
1079 5543 1246 5601 ἔτεσιν
1280 5545 1436 5613 ἐτων,
1464 5551 1633 5604 annis
1663 5566 1960 5608 annorum.

432 5681 445 5694 ο
502 5611 618 5696 128)
654 5612 960 5696 Recentior
988 5611 1320 5696 gombeﬁsii
1354 5611 1557 5692 codex,
1589 5621 1880 5696 ἁμαρτίαν.
1922 5623 2090 5680 Unde

431 5689 723 5754 interpres
753 5692 921 5745 vetus
947 5705 960 5746 :
992 5690 1134 5747 Nam
1163 5695 1260 5764 qui
1287 5689 1638 5751 numerosam
1664 5689 1946 5755 coaceruet
1970 5710 2089 5770 pec-

2196 5262 2311 5319 cati
2336 5261 2775 5319 multitudinem.
2823 5263 2898 5316 At
2951 5253 3253 5326 antiquior
3299 5249 3632 5326 Combeﬁsii
3683 5251 3870 5306 codex

2200 5350 2333 5406 cum
2371 5334 2509 5406 Reg.
2545 5335 2828 5404 secundo,
2859 5324 3150 5406 ᾀκαρπίαξζρ
3186 5324 3424 5406 regius.

2272 5405 2385 5490 (.29)
2416 5394 2606 5490 c649:
2859 5402 2946 5490 ιτξῖ
2967 5394 3202 5490 ’παιίδαο
3221 5395 3658 5490 κΜοξςψιξὲξιςειξιθ

2198 5465 2988 5552 behcumﬁegasecundo,
3052 5465 3272 5552 ἔντιμος
3332 5465 3626 5552 εριργισέεο
3689 5465 3867 5552 Εξᾶὶῐῇ,

2200 5543 2441 5622 ἔντιμος,
2491 5548 2578 5604 ἐπὶ
2599 5538 2926 5627 υεύεργεσρίᾳ,
2973 5538 3134 5627 haud
3174 5538 3867 5627 'emendategllichdesi‘:

2197 5609 2350 5751 piguit
2379 5609 2588 5681 omnes
2615 5609 2744 5679 tum
2770 5609 3006 5680 'calamo
3037 5616 3382 5687 notati,tum
3403 5609 3558 5684 typis
3580 5609 3866 5680 descripti

2224 5711 2242 5750 ι
2285 5710 2354 5752 r1.
