4150 6400
302 344 421 405 669
1532 349 1765 410 LIBER
1809 347 1911 410 DE
1955 346 2494 409 VIRGINITATE.
3592 345 3732 406 6'10

300 478 641 549 episcopum
674 478 858 535 fuisse
888 479 1147 537 declarat
1195 480 1320 536 haec
1361 480 1654 536 salutandi
1702 481 1888 536 Letoii
1938 497 2000 535 ra

2064 498 2108 550 ),
2137 478 2452 534 ἐπισκόπων
2505 478 2762 552 ὁμόψυχε
2811 477 3031 548 Λητόϊε,
3062 481 3350 534 unanimis
3397 475 3541 532 mihi
3587 476 3732 530 inter

300 567 572 639 episcopos
601 569 768 624 Letoa“.
803 570 909 624 Sed
942 573 1134 626 tamen
1169 571 1223 625 S.
1257 569 1475 626 “Basilio
1506 570 1626 625 haec
1657 569 2023 626 elucubratio
2055 570 2296 626 attribui
2329 586 2446 624 non
2477 573 2701 640 potest;
2735 568 2913 640 idque
2942 568 3351 626 Tillemontius
3384 583 3497 622 non
3533 568 3597 620 ut
3626 580 3729 636 pro

305 655 555 712 habilem
589 659 1010 729 conjecturam,
1046 660 1146 714 sed
1183 664 1247 714 ut
1279 677 1398 715 rem
1435 659 1784 715 necessariis
1816 659 2172 730 exploratam
2211 658 2535 713 rationibus
2567 657 2846 712 defendit.

376 745 501 800 Non
535 745 725 802 solum
759 748 916 803 enim
947 747 1082 803 huic
1116 749 1386 820 scriptori
1419 765 1655 804 summa
1685 753 1771 803 est
1803 765 1935 803 cum
1973 747 2188 804 Basilio
2222 747 2353 820 styli
2391 747 2836 812 dissimilitudo,
2861 747 2961 802 sed
2991 746 3164 801 etiam
3199 745 3386 800 multa
3417 747 3731 816 pertractat

301 833 557 899 incaute,
585 852 712 907 qua:
745 853 878 892 cum
909 837 1237 906 virgineum
1273 839 1552 909 pudorem
1591 838 1949 910 imaginibus
1983 855 2098 892 non
2130 835 2356 892 decoris
2389 837 2699 907 inquinare
2731 833 2978 907 possint,
3015 851 3119 889 nec
3151 833 3532 904 semetipsum
3567 829 3728 885 Basi-

301 922 441 993 lius,
476 941 581 979 nec
613 924 855 981 lectores
883 925 942 979 in
976 926 1266 996 ejusmodi
1320 927 1647 997 periculum
1699 927 2069 996 conjecisset.
2124 925 2384 980 Providit
2432 925 2556 997 ipse
2607 925 2857 996 scriptor
2888 926 2964 993 (n.
2997 926 3110 994 65),
3145 939 3205 978 se
3258 923 3314 976 in
3349 920 3728 976 offensionem

301 1012 574 1084 pluribus
605 1019 936 1081 venturum,
968 1031 1033 1070 ac
1068 1015 1508 1087 reprehensioni
1541 1016 1798 1071 occurrit
1831 1015 1937 1070 hoc
1971 1014 2217 1070 rationis
2249 1019 2567 1084 momento,
2596 1013 2751 1084 quod
2784 1012 2966 1084 virgo,
2993 1013 3042 1066 si
3076 1012 3248 1067 modo
3281 1026 3395 1064 non
3430 1009 3507 1064 sit
3541 1009 3728 1078 impu-

298 1099 414 1165 bis,
449 1100 596 1156 nihil
627 1117 828 1157 eorum
865 1119 988 1174 quae
1020 1105 1092 1159 ad
1126 1104 1372 1160 masculi
1400 1109 1669 1160 naturam
1705 1104 2018 1176 pertinent,
2053 1103 2302 1174 ignoret.

373 1189 482 1244 Sed
514 1189 695 1261 petita
724 1206 792 1245 ex
823 1190 974 1263 ctylo
1006 1195 1355 1264 argumenta
1405 1193 1607 1249 multis
1658 1193 1804 1248 tanti
1854 1207 1984 1248 esse
2032 1209 2148 1246 non
2180 1190 2474 1257 videntur,
2504 1195 2567 1245 ut
2598 1189 3008 1261 praajudicatas
3058 1188 3364 1261 opiniones
3407 1186 3725 1257 deponant.

304 1276 406 1332 Hic
435 1283 630 1332 autem
663 1278 975 1335 manifesta
1003 1285 1093 1336 est
1123 1285 1456 1353 temporum
1491 1281 1901 1353 repugnantia,
1935 1280 2090 1352 quod
2124 1279 2353 1334 nullum
2389 1295 2630 1350 prorsus
2684 1277 2951 1350 litigandi
3002 1277 3193 1334 locum
3246 1274 3546 1346 relinquit.
3580 1271 3726 1330 Nam

300 1365 536 1421 Letoius
565 1367 956 1424 Melitinensis
987 1370 1318 1442 episcopus,
1353 1371 1444 1426 cui
1481 1376 1858 1443 nuncupatus
1889 1375 1978 1426 est
2027 1369 2177 1424 liber
2200 1369 2274 1423 De
2305 1385 2435 1422 vera
2463 1368 2814 1436 virginitate,
2848 1367 3119 1439 pluribus
3170 1371 3302 1438 post
3331 1361 3531 1418 Basilii
3564 1377 3723 1415 mor-

296 1457 414 1509 tem
448 1455 618 1511 annis
669 1457 739 1511 ad
792 1457 942 1513 hanc
995 1459 1340 1531 dignitatem
1393 1461 1672 1531 pervenit.
1708 1461 1845 1530 Ejus
1872 1460 2144 1514 decessor
2172 1456 2406 1514 Otreius
2437 1456 2702 1512 interfuit
2731 1457 3000 1511 secunda:
3052 1456 3273 1528 synodo
3325 1449 3727 1509 cecumenicaes

298 1558 428 1614 quae
461 1544 956 1614 perhonoriﬁeum
991 1547 1062 1603 de
1095 1547 1251 1602 illius
1285 1548 1396 1603 ﬁde
1419 1549 1716 1620 judicium
1753 1548 1904 1616 fecit,
1929 1562 2183 1619 eumque
2216 1546 2273 1600 in
2310 1545 2544 1601 Pontica
2575 1545 2810 1601 dioecesi
2842 1562 2975 1602 cum
3005 1544 3263 1600 Helladio
3296 1539 3638 1598 Cassariensi
3671 1541 3728 1594 et

297 1633 574 1704 Gregorio
606 1633 866 1706 Nysseno
899 1634 1075 1690 veluti
1109 1637 1406 1707 quoddam
1437 1643 1704 1693 centrum
1737 1637 2174 1692 communionis
2203 1635 2530 1690 constituit.

366 1720 554 1776 Sensit
585 1721 856 1794 Dupinus
887 1723 1069 1794 hujus
1110 1726 1442 1797 argumenti
1475 1728 1729 1797 pondus,
1763 1741 1869 1782 nee
1898 1732 2098 1782 tamen
2145 1724 2344 1794 cessit,
2378 1725 2478 1779 sed
2511 1727 2613 1778 aut
2652 1723 2919 1778 Letoium
2953 1722 3215 1778 nondum
3269 1720 3449 1775 fuisse
3497 1716 3726 1789 episco-

294 1823 462 1880 pum,
497 1825 629 1864 cum
664 1810 784 1866 haec
815 1811 867 1867 ei
901 1819 1246 1884 nuncupata
1275 1813 1664 1881 elucubratio,
1699 1818 1801 1870 aut
1839 1831 1941 1886 pro
1979 1814 2173 1869 Letoio
2220 1813 2534 1884 legendum
2567 1829 2696 1867 esse
2728 1811 2973 1868 Otreium
3013 1810 3330 1866 existimat.
3365 1807 3560 1862 Prima
3590 1821 3728 1861 eru-

295 1897 401 1951 diti
429 1897 534 1951 viri
566 1899 908 1970 conjectura
946 1901 1296 1972 proﬂigetur
1329 1919 1397 1957 ex
1424 1902 1617 1958 verbis
1649 1903 1823 1958 modo
1855 1901 2070 1966 citatis,
2102 1903 2389 1956 unanimis
2416 1903 2557 1956 mihi
2601 1904 2750 1957 inter
2797 1903 3071 1972 episcopos
3103 1899 3272 1954 Letoi.
3305 1897 3500 1952 Altera
3531 1899 3727 1949 autem

294 1999 364 2040 ex
390 2001 456 2039 eo
486 2001 698 2055 genere
729 1992 837 2056 est,
873 1992 1024 2058 quod
1063 1989 1133 2043 ab
1163 1991 1441 2045 omnibus
1473 2007 1717 2062 prorsus
1749 1989 1978 2060 explodi
2009 1991 2237 2058 debeat,
2270 1995 2326 2046 et
2358 2007 2391 2045 a
2423 2007 2482 2045 re
2514 1990 2716 2044 critica
2747 1990 2983 2062 penitus
3017 1990 3321 2044 facessere.

368 2072 526 2128 Nihil
559 2091 756 2129 moror
804 2075 1068 2145 Suidam,
1102 2079 1202 2150 qui
1250 2079 1470 2134 librum
1517 2081 1594 2134 De
1640 2082 1965 2152 virginitate
1995 2079 2279 2151 scriptum
2315 2097 2347 2133 a
2376 2078 2591 2134 Basilio
2641 2083 3085 2134 commemorat.
3121 2077 3316 2145 Longe
3357 2072 3543 2141 major
3590 2069 3730 2125 Gre-

296 2160 445 2232 gorii
508 2160 854 2218 Nazianzeni
913 2166 1254 2236 auctoritas,
1286 2168 1460 2238 cujus
1519 2168 1858 2224 testimonio
1889 2167 2278 2224 Combeﬁsius
2325 2172 2380 2223 et
2427 2167 2696 2238 Dupinus
2756 2167 3043 2221 nituntur.
3078 2165 3187 2221 Sed
3251 2178 3383 2218 cum
3416 2157 3729 2230 Gregorius

297 2248 518 2319 scripta
577 2250 777 2304 Basilii
826 2249 1050 2321 laudat,
1107 2255 1322 2324 quibus
1369 2255 1765 2327 virginitatem
1812 2272 1944 2311 vere
1993 2255 2180 2311 colere
2236 2255 2499 2325 docebat,
2534 2256 2769 2327 Regula:
2813 2254 3056 2324 indicat,
3090 2269 3220 2324 quae
3277 2247 3425 2304 nihil
3484 2261 3726 2318 prorsus

298 2335 531 2403 habent,
566 2339 722 2410 quod
755 2356 870 2395 non
905 2342 977 2396 ad
1007 2342 1292 2412 optimam
1325 2345 1648 2400 excolendis
1679 2345 2032 2416 virginitatis
2071 2345 2357 2400 rationem
2407 2344 2713 2415 pertineat.
2751 2349 2937 2416 Atque
2965 2341 3200 2398 etiamsi
3233 2339 3528 2394 constaret
3557 2334 3725 2389 Basi-

293 2423 438 2479 lium
475 2425 762 2498 singulari
793 2445 970 2502 Opera
997 2432 1072 2486 De
1101 2434 1429 2504 virginitate
1460 2435 1804 2507 scripsisse;
1837 2451 2042 2490 verum
2073 2433 2216 2488 illud
2251 2451 2398 2506 opus
2431 2433 2886 2489 desiderandum
2921 2436 3094 2502 esset,
3119 2429 3366 2485 minime
3389 2442 3523 2481 vero
3554 2423 3724 2491 illud,

292 2515 449 2658 qugd
479 2515 537 2569 in
572 2517 850 2575 manibus
881 2519 1193 2589 habemus,
1224 2522 1424 2593 afﬁngi
1457 2522 1508 2578 ei
1541 2522 1600 2578 in
1633 2527 1754 2578 tam
1804 2522 2120 2579 manifesta
2155 2522 2288 2596 styli
2322 2523 2811 2579 dissimilitudine
2859 2527 2917 2578 et
2961 2526 3301 2593 temporum
3335 2513 3728 2588 discrepantia

338 2619 367 2658 e
414 2609 555 2658 erat.

338 2609 555 2661 eberet.

1850 2884 2006 2940 ΠΕΡΙ
2043 2885 2178 2939 ΤΗΣ

1095 3048 1754 3144 ΠΑΡΘΕΝΙΑ
1857 3049 2444 3145 ΑΛΗΘΟΥΣ
2555 3048 3196 3146 ΑΦΘΟΡΙΑΣ

1210 3238 1396 3292 ΠΡΟΣ
1440 3238 1740 3294 ΛΗΤΟΙΟΝ
1780 3239 2188 3295 ΕΠΙΣΚΟΠΟΝ
2225 3238 2638 3295 ΜΕΑΙΤΗΝΗΣ
2681 3239 2816 3311 (30).

818 3046 981 3140 ΕΝ

1863 3516 2150 3577 LIBER

755 3645 919 3738 DE
1014 3647 1350 3743 VEBA
1461 3647 2292 3744 VIBGINITATIS
2408 3647 3262 3766 INTEGBITATE,

1323 3817 1412 3872 AD
1452 3817 1739 3874 LETOIUM
1773 3817 2268 3876 MELITINENSEM
2303 3817 2705 3876 EPISCOPUM.

371 4076 424 4131 4.
458 4076 526 4133 Οἱ
560 4077 654 4149 μὲν
702 4075 909 4132 ποΑλοὶ
961 4081 1070 4134 τῶν
1120 4079 1212 4133 τὸν
1240 4078 1476 4158 νυμφίον
1506 4082 1667 4155 ἡμῶν
1699 4083 1813 4156 (31)
1857 4104 1955 4138 πι-
1988 4114 2000 4155 Α

2139 4086 2377 4143 6181.
2411 4086 2680 4160 Plerique
2735 4104 2869 4144 cum
2921 4087 3159 4144 videant
3215 4102 3599 4159 quoscunque
3657 4103 3726 4143 ex

302 4163 601 4239 ριεπόντων
647 4166 904 4242 Χριστὸν,
955 4167 1114 4229 ὅσους
1147 4169 1174 4222 ὁ
1224 4169 1478 4245 οὐράνιος
1509 4167 1648 4245 ἔρως
1687 4173 1822 4248 πρὸς
1852 4173 1952 4241 τὴν

2065 4175 2266 4246 sponsi
2316 4176 2498 4230 nostri
2533 4175 2750 4232 Christi
2803 4175 3124 4231 cultoribus
3157 4175 3410 4231 cmlestis
3455 4191 3620 4232 amor
3650 4178 3722 4231 ad

294 4257 392 4308 τοῦ
421 4253 594 4310 καλοῦ
623 4257 947 4326 κατανόησιν
968 4253 1221 4331 ἔτρωσεν,
1259 4256 1435 4323 ἄλλας
1464 4261 1591 4337 παρ’
1621 4258 1816 4326 ἄλλοις
1841 4264 1953 4336 (32)

2064 4265 2300 4321 virtutis
2331 4265 2890 4338 contemplationem
2924 4266 3230 4332 sauciavit,
3263 4265 3409 4322 alios
3436 4264 3585 4320 alias
3613 4265 3726 4321 vir-

295 4346 394 4397 τοῦ
442 4342 616 4399 καλοῦ
671 4345 767 4407 τὰς
825 4342 972 4409 ἰδέας
1029 4346 1369 4421 ἆσκουμένας
1421 4348 1472 4404 ἐν
1525 4353 1594 4424 τῇ
1655 4350 1956 4424 Ἐκκλησία

2064 4353 2208 4408 tutis
2249 4355 2474 4426 species
2529 4371 2796 4411 exercere
2857 4355 2914 4410 in
2976 4354 3260 4422 Ecclesia;
3321 4354 3420 4410 alii
3479 4353 3721 4425 quidem

301 4427 526 4500 ἰδόντες,
589 4432 640 4486 οἰ
697 4432 791 4505 μὲν
846 4433 947 4502 τῆς
1002 4434 1293 4509 παρθενίας
1348 4434 1570 4510 ὕμνους,
1631 4437 1684 4491 οἱ
1742 4435 1798 4492 δὲ
1841 4443 1948 4494 τῶν

295 4521 574 4592 νηστείαις
603 4541 662 4576 τε
707 4519 798 4576 καὶ
847 4523 1170 4597 χαμευνίαις
1221 4524 1646 4595 ὑπωπιαζόντων
1675 4527 1738 4582 τὸ
1792 4531 1952 4600 σῶμα

297 4609 568 4684 ἐγκώμια,
602 4609 768 4666 ἄλλοι
801 4607 859 4666 δὲ
901 4612 964 4667 τὸ
1016 4613 1405 4689 μεγαλόψυχον
1451 4619 1561 4670 τῶν
1610 4616 1951 4692 πιπρασκόν-

297 4719 409 4752 των
441 4695 530 4752 ὃιὰ
556 4699 648 4753 τὸν
684 4697 881 4770 Κύριον
931 4700 998 4755 τὰ
1045 4701 1364 4778 ὑπάρχοντα
1406 4703 1791 4777 θαυμάζοντες,
1820 4705 1949 4768 τοὺς

300 4783 553 4848 ἐπαίνους
599 4785 650 4841 ἐν
694 4793 888 4864 μακρῷ
938 4787 1328 4868 δϊεξὲρχονταιθ
1380 4793 1488 4869 οὐχ
1536 4793 1685 4856 ὅπως
1723 4791 1947 4849 ἕκαστον

306 4875 540 4948 μετιέναι
599 4878 868 4950 προσήκει
917 4881 1024 4933 τῶν
1083 4880 1411 4956 εἰρημένων,
1462 4882 1750 4958 ἀναγκαῖον
1811 4886 1946 4939 εἴναι

297 4960 565 5019 διδάσκειν
594 4963 862 5036 οἰόμενοι,
910 4963 1057 5022 ἀλλὰ
1101 4969 1229 5032 τοὺς
1277 4969 1528 5034 ἐπαίνους
1576 4975 1684 5027 τῶν
1728 4971 1949 5049 εἰρημέ-

295 5073 398 5108 νων
431 5053 507 5117 είς
552 5055 655 5125 τήν
697 5057 796 5108 τοῦ
840 5052 1012 5110 καλοῦ
1059 5060 1345 5134 προκοπὴν
1395 5061 1510 5136 (33)
1565 5060 1728 5134 μόνον
1761 5063 1942 5137 ἀρκεῖν

367 5178 848 5261 (βωηΜεΛιτῌηνῇς...
873 5180 980 5261 Sie_
1009 5185 1336 5261 reperimus
1383 5187 1444 5243 in
1490 5186 1724 5261 duobus
1754 5185 1952 5261 Regiis

299 5250 712 5342 codicibus‘et:
728 5250 1601 5342 golrbertinpf‘iiabethintraque
1630 5257 1808 5315 editio
1837 5250 1952 5314 Ve-

296 5328 539 5404 neta_et
588 5323 953 5404 Parisiensis,
998 5323 1264 5404 Μελίτης.
1301 5331 1394 5388 Sic
1443 5323 1621 5404 etiam
1673 5347 1830 5404 unus
1883 5347 1952 5388 ex

293 5394 845 5476 Regii‘scodic'ibus.
872 5404 990 5476 Quo
1013 5399 1110 5476 alii
1144 5394 1347 5476 itidem
1372 5404 1558 5476 Regii,
1588 5398 1911 5476 Μελιτινῆς,

361 5411 492 5522 agnis
523 5411 845 5451 conicinus.
872 5411 990 5483 tguo
1013 5411 1110 5484 alii
1142 5411 1558 5488 itidemitegii,
1589 5411 1911 5488 Μελιτινῆς.

361 5468 385 5554 (,
424 5468 474 5531 1)
504 5464 764 5554 Νυξφίρξ
791 5468 972 5554 ἡμων.
1006 5473 1194 5554 Editlo
1243 5480 1599 5554 Pa‘rlsiensis
1644 5474 1946 5554 add1t,_*c_ov

290 5536 575 5600 ἀθάνατον.
596 5536 715 5594 Βὸᾶ
751 5536 867 5596 haee
897 5543 1112 5600 desunt
1153 5548 1216 5604 in
1265 5549 1521 5606 editione
1549 5547 1772 5603 Veneta
1800 5536 1858 5605 et
1884 5547 1946 5603 in

294 5611 557 5684 quinque
587 5611 882 5684 veteribus
913 5614 1100 5673 libris.

362 5679 480 5757 (32)-
507 5681 641 5759 Παρ’
671 5679 891 5746 ἄλλοις.
919 5687 1064 5746 Tres
1111 5691 1340 5750 codices
1386 5709 1559 5762 mss.,
1590 5686 1674 5745 ἐπ’
1725 5683 1943 5750 ἄλλοις.

2061 4441 2417 4515 virginitatis
2449 4443 2688 4511 laudes;
2725 4443 2824 4499 alii
2854 4460 2988 4499 vero
3018 4458 3219 4500 eorum
3253 4441 3352 4514 qui
3389 4441 3635 4514 jejuniis
3665 4446 3722 4498 et

2061 4529 2432 4588 chameuniis
2463 4549 2676 4604 corpus
2707 4532 3016 4604 castigant,
3050 4530 3342 4599 encomia;
3387 4530 3487 4586 alii
3521 4534 3719 4587 autem

2062 4621 2603 4690 magnanimitatem
2653 4637 2856 4676 eorum
2918 4620 3216 4691 admirati,
3261 4619 3362 4693 qui
3411 4619 3719 4677 facultates

2058 4710 2321 4764 vendunt
2343 4714 2582 4782 propter
2602 4709 2941 4780 Dominum,
2959 4726 3160 4766 eorum
3183 4710 3476 4782 praeconia
3496 4709 3718 4782 prolixo

2060 4814 2330 4855 sermone
2360 4804 2841 4871 prosequuntur:
2867 4815 2981 4855 non
3019 4800 3311 4871 quomodo
3339 4799 3716 4871 unumquod-

2057 4903 2168 4959 que
2208 4903 2434 4955 eorum,
2468 4905 2592 4959 quas
2641 4888 2924 4957 diximus,
2957 4888 3337 4945 excolendum
3387 4887 3483 4955 sit,
3517 4903 3718 4944 neces-

2057 4977 2282 5034 sarium
2316 4977 2724 5034 existimantes
2755 4978 2985 5046 docere,
3017 4980 3118 5035 sed
3150 4977 3304 5035 solas
3334 4977 3541 5033 laudes
3572 4975 3718 5034 satis

2056 5081 2186 5122 esse
2231 5065 2304 5121 ad
2348 5065 2584 5122 virtutis
2635 5067 2955 5137 profectum
3016 5067 3316 5123 ducentes.
3353 5065 3469 5138 Ego
3517 5067 3716 5122 autem

2064 5189 2382 5262 Moxunus
2413 5206 2482 5244 ex
2511 5189 2721 5262 Regiis,
2752 5187 2802 5244 ἐν
2833 5194 2953 5251 ταῖς
2981 5186 3322 5262 ἐκκλησίαις.

2134 5261 2248 5333 (33)
2285 5259 2442 5320 Εἰς...
2486 5259 2792 5330 nscio-irriti.
2839 5263 3101 5336 Legitur,
3127 5261 3329 5336 apag...
3370 5261 3716 5336 προτροπήν,

2060 5331 2400 5406 ᾳάύιίτιιείε
2443 5336 2885 5404 incitamentum,
2921 5331 2978 5406 in
3014 5331 3202 5390 tribus
3252 5331 3449 5406 Regiis
3499 5331 3714 5390 codiCi-

2061 5403 2173 5487 bus
2203 5409 2260 5460 et
2289 5405 2806 5487 Colhert‘ino.'Qu‘ee
2837 5405 3130 5487 scriptura
3161 5407 3268 5461 etsi
3301 5403 3494 5487 prima
3521 5407 3714 5487 specie

2061 5475 2205 5532 satis
2255 5477 2564 5532 commoda
2612 5477 2862 5544 videtur,
2913 5475 3060 5531 nihil
3116 5475 3318 5533 tamen
3363 5475 3714 5534 mutandum

2061 5547 2221 5616 duxi,
2256 5549 2395 5674 quia
2423 5549 2645 5604 auctori
2684 5548 2865 5674 hujus
2897 5548 3088 5620 operis
3131 5566 3248 5605 non
3291 5554 3412 5605 tam
3445 5550 3710 5623 proposi-

2061 5623 2185 5674 tum
2218 5637 2251 5674 a
2321 5620 2598 5674 virtutem
2632 5636 2768 5674 amn
2793 5621 3098 5674 eotendam
3129 5620 3373 5674 hortari.
3403 5638 3580 5674 auam
3613 5621 3706 5674 iis.

2058 5620 2291 5696 turned
2321 5620 2598 5696 virtutem
2632 5620 3098 5691 amplectendam
3129 5620 3373 5696 hortari,
3403 5620 3580 5696 quam
3613 5621 3706 5688 iis,

2057 5691 2159 5762 qui
2180 5691 2302 5762 jam
2333 5690 2588 5766 amplexi
2617 5690 2776 5764 sunt,
2805 5696 3095 5766 precepts
3124 5690 3374 5751 tradere.
