4150 6376
440 336 554 396 671

1392 335 1792 396 APPENDIX
1835 333 2157 396 OPERUM
2205 335 2271 395 S.
2317 332 2602 396 BASILII
2648 334 2918 396 MAGNI.

3754 332 3886 392 6'72

439 471 566 542 tibi,
601 470 901 526 unanimis
935 469 1076 524 mihi
1111 470 1268 524 inter
1296 470 1602 542 episcopos
1636 470 1814 539 Letoi,
1838 485 1953 524 non
1985 470 2097 525 vir-

2217 466 2587 541 λογιζόμενοι.
2637 467 2786 542 Ἐγὼ
2832 463 2890 520 δὲ
2935 486 3044 535 σοι,
3091 463 3405 518 ἐπισκόπων
3457 461 3712 538 ὁμόψυχε
3761 472 3886 535 Λη-

443 560 708 633 ginitatis
739 559 997 628 laudem,
1034 575 1147 613 non
1180 560 1564 614 vendentium
1599 559 1907 615 facultates
1939 577 2107 614 enco-

444 650 650 713 mium,
687 657 783 704 aut
813 649 1059 718 jejuniis
1091 665 1300 720 corpus
1332 650 1754 704 macerantium
1796 649 2105 720 praconia,

445 740 546 795 sed
581 738 721 810 quid
758 739 1220 807 unumquodque
1245 737 1454 792 horum
1487 739 1582 805 sit,
1609 744 1667 792 et
1689 739 1983 808 quomodo
2015 755 2105 792 ex-

445 829 668 884 cultum
704 828 770 881 ad
809 842 1002 880 veram
1027 827 1303 881 virtutem
1331 829 1610 895 conferat,
1634 827 1791 882 velut
1820 827 1875 880 in
1907 826 2103 898 aprico

443 931 731 986 exponere
777 915 834 969 in
881 915 1142 969 animum
1198 916 1399 970 induxi
1437 934 1449 970 :
1486 933 1597 970 non
1652 917 1922 986 equidem
1959 921 2022 970 ut
2049 925 2104 971 te

434 1004 791 1074 jampridem
851 1003 1062 1059 horum
1123 1005 1570 1076 intelligentiam
1620 1011 1976 1071 assecutum,
2029 1006 2101 1060 ad

442 1091 583 1147 recti
615 1098 671 1146 et
702 1092 932 1148 honesti
971 1093 1501 1149 considerationem
1542 1093 1601 1148 in
1653 1093 2102 1164 contemplanda

440 1181 726 1236 virtutum
774 1181 1117 1237 discrimine
1157 1183 1478 1251 adducam;
1512 1184 1611 1238 sed
1647 1187 1710 1238 ut
1741 1200 1859 1238 una
1907 1187 2099 1239 tecum

441 1270 763 1342 explanans
796 1271 1051 1342 singula,
1074 1271 1233 1343 quali
1262 1273 1382 1328 sint
1404 1277 1635 1339 natura,
1661 1290 1776 1328 non
1810 1272 1882 1328 iis
1908 1272 2100 1329 solum

441 1360 542 1432 qui
574 1378 607 1415 a
639 1365 694 1414 te
717 1365 1022 1430 reguntur,
1048 1361 1294 1431 jamque
1319 1362 1454 1416 recti
1488 1367 1544 1416 et
1576 1361 1807 1417 honesti
1840 1378 2098 1417 amorem

442 1465 546 1521 per
574 1454 630 1503 te
661 1449 984 1520 genuinum
1019 1455 1250 1521 pectore
1282 1455 1697 1520 conceperunt,
1722 1451 1822 1506 sed
1856 1456 1913 1506 et
1941 1457 2103 1506 caete-

442 1538 526 1592 ris
557 1537 655 1607 qui
692 1538 809 1592 haec
842 1536 1056 1610 legent,
1090 1539 1246 1593 velut
1278 1539 1336 1593 in
1381 1539 1601 1594 tabella
1630 1539 1923 1610 depictam
1953 1557 2099 1596 verae

441 1626 796 1697 virginitatis
848 1627 1369 1698 pulchritudinem,
1407 1629 1702 1700 quomodo
1753 1634 1809 1684 et
1858 1631 2012 1684 unde
2043 1633 2100 1685 et

443 1714 720 1786 qualibus
751 1715 981 1770 Virtutis
1025 1716 1317 1772 coloribus
1367 1726 1626 1787 ornetur,
1659 1723 1926 1774 accurate
1975 1719 2098 1773 edi-

444 1804 722 1859 scendam
772 1804 1076 1876 exhibens,
1110 1806 1298 1861 tutius
1337 1823 1820 1880 unumquemque
1864 1812 2099 1880 exopta-

443 1898 570 1948 tum
604 1894 846 1962 bonum,
880 1899 1101 1964 quanta
1140 1900 1338 1968 potero
1380 1897 1804 1965 benevolentia,
1829 1900 2100 1970 persequi

444 1981 706 2038 doceam.

517 2090 574 2144 2.
602 2089 882 2162 Magnum
906 2091 1062 2147 enim
1087 2093 1368 2164 quiddam
1395 2097 1502 2156 est,
1527 2109 1744 2161 revera,
1768 2094 2098 2166 virginitas,

439 2177 877 2250 incorruptibili
918 2181 1056 2249 Deo,
1090 2185 1147 2236 ut
1201 2182 1262 2237 in
1313 2199 1548 2238 summa
1597 2183 1812 2249 dicam,
1845 2184 2098 2240 similem

441 2267 704 2323 efﬁciens
728 2268 1050 2324 hominem.
1076 2271 1456 2342 Nequaquam
1481 2276 1677 2327 autem
1703 2290 1736 2327 a
1757 2274 2102 2344 corporibus

442 2356 514 2411 ad
551 2356 779 2412 animas
820 2357 950 2430 ipsa
997 2360 1373 2433 progreditur
1404 2378 1417 2416 :
1452 2361 1553 2416 sed
1586 2378 1719 2416 cum
1768 2362 1976 2417 anima
2008 2361 2106 2416 in-

445 2461 740 2518 corporea;
770 2448 1008 2519 propria
1039 2448 1136 2514 sit,
1164 2466 1265 2522 per
1305 2455 1532 2521 gratam
1569 2456 1678 2506 Deo
1709 2450 2103 2523 virginitatem

443 2535 676 2604 animae,
709 2535 1049 2607 incorrupta
1083 2543 1277 2594 servat
1305 2555 1570 2612 corpora.
1597 2540 1730 2594 Veri
1764 2541 1920 2595 enim
1965 2539 2104 2595 boni

444 2622 645 2677 anima
675 2624 973 2678 notionem
1023 2626 1385 2697 concipiens,
1420 2627 1599 2682 veluti
1633 2645 1824 2699 penna
1851 2630 2103 2700 quadam

445 2711 514 2766 ad
550 2711 720 2778 illud,
757 2728 965 2784 nempe
1012 2714 1471 2786 incorruptione,
1507 2718 1803 2783 subvecta,
1836 2725 1894 2773 et
1925 2718 2106 2774 simili

443 2799 658 2868 simile,
692 2801 749 2856 id
783 2806 894 2866 est,
929 2819 995 2857 ea
1027 2807 1251 2859 tantum
1289 2821 1420 2876 qua)
1465 2806 1523 2860 in
1556 2808 1686 2877 ipsa
1724 2814 1814 2862 est
1844 2808 2104 2863 incorru-

442 2888 664 2960 ptione,
699 2890 1211 2962 incorruptibilem
1267 2893 1446 2949 Deum
1495 2894 1669 2967 digne
1718 2895 1826 2950 coli
1876 2898 2103 2969 perspi—

443 2979 626 3050 ciens,
651 2981 916 3050 corporis
937 2981 1358 3052 virginitatem,
1385 2983 1542 3040 velut
1572 2984 1845 3040 ancillam
1881 2987 1951 3041 ad
1985 3003 2103 3042 suae

443 3067 634 3140 ipsius
668 3068 1128 3140 pulchritudinis
1151 3071 1504 3128 famulatum
1527 3074 1827 3146 adsciscit,
1856 3092 2105 3147 eamque

439 3156 551 3212 sibi
585 3163 877 3214 astantem
926 3159 1052 3214 sine
1105 3160 1574 3232 interpellatione
1622 3166 1692 3218 ad
1742 3165 1926 3220 Deum
1963 3181 2102 3220 con-

435 3246 845 3317 templandum
879 3264 1112 3319 semper
1141 3248 1358 3305 habere
1392 3252 1658 3322 cupiens,
1693 3254 2097 3325 obstrepentes

431 3334 520 3390 illi
551 3337 816 3407 corporis
845 3336 1175 3410 voluptates
1225 3355 1404 3410 quam
1454 3341 1798 3412 longissime
1847 3343 2098 3414 repellit.

436 3427 622 3492 Atque
652 3424 726 3479 ab
757 3425 830 3480 iis
881 3426 1144 3497 quidem,
1176 3444 1304 3499 quae
1355 3429 1466 3484 sub
1498 3435 1699 3486 ventre
1751 3437 1912 3500 sunt,
1943 3433 2098 3488 619

432 3508 840 3580 voluptatibus
897 3513 1344 3586 continentiam,
1400 3532 1689 3588 corporea)
1744 3519 2100 3591 virginitatis

435 3597 736 3664 ancillam,
769 3601 1032 3671 corporis
1081 3607 1279 3659 autem
1309 3604 1708 3677 virginitatem
1741 3624 1860 3663 suis
1911 3609 2100 3681 ipsius

434 3687 797 3759 virginitatis
845 3689 1124 3746 ancillam
1175 3691 1334 3762 facit,
1362 3693 1444 3750 ita
1495 3699 1558 3750 ut
1606 3701 1813 3752 caatera
1859 3697 2096 3769 quidem

433 3776 634 3833 omnia
655 3781 714 3834 et
741 3778 1010 3834 ciborum
1035 3781 1480 3855 abstinentiam,
1505 3788 1564 3839 et
1588 3783 1876 3856 reliquam
1908 3792 2100 3844 auste-

434 3866 694 3938 ritatem,
730 3884 857 3938 quae
898 3885 1032 3924 cum
1063 3869 1470 3943 voluptatibus
1515 3889 1620 3945 per
1651 3891 1864 3932 sensus
1895 3881 2098 3933 contra

433 3955 696 4027 corporis
717 3955 1117 4028 virginitatem
1145 3960 1465 4018 fluentibus
1497 3967 1748 4034 pugnat;
1785 3965 1885 4020 sed
1919 3969 1977 4022 et
2006 3965 2096 4038 ip-

433 4059 562 4100 sam
595 4044 773 4100 etiam
805 4047 1063 4116 corporis
1081 4048 1504 4121 virginitatem,
1525 4068 1641 4108 non
1671 4059 1906 4126 propter
1929 4054 2092 4112 aliud

433 4132 758 4206 quidquam
791 4136 906 4191 nisi
938 4142 1176 4210 prepter
1219 4141 1603 4213 semetipsam
1636 4143 1898 4201 studiose
1929 4161 2094 4202 exer-

435 4226 593 4294 ceat;
628 4227 693 4280 ut
721 4241 892 4280 suam
935 4225 1126 4297 ipsius
1155 4227 1552 4301 virginitatem
1585 4230 1988 4306 incorruptam
2020 4236 2092 4291 ab

431 4312 594 4369 omni
643 4313 800 4370 mala
847 4315 1202 4387 cogitatione
1250 4319 1616 4390 custodiens,
1640 4321 2094 4381 similitudinem

429 4417 566 4456 cum
597 4401 1037 4474 incorruptibili
1069 4404 1204 4476 Deo,
1232 4407 1334 4478 qui
1360 4407 1486 4478 jam
1531 4407 1591 4464 in
1642 4409 1826 4482 illam,
1848 4412 2006 4469 velut
2033 4413 2092 4468 in

427 4488 818 4560 purissimum
847 4493 1177 4562 speculum,
1201 4495 1527 4567 gratiarum
1549 4515 1792 4556 suarum
1813 4501 2088 4573 splendo-

2214 557 2348 628 τόίἐ,
2385 556 2515 632 ούχῖ
2548 555 2840 630 παρθενίας
2893 556 3082 629 ὕμνον,
3133 551 3260 608 οὐδὲ
3302 558 3414 608 τῶν
3442 553 3510 607 τὰ
3553 553 3886 628 ὑπάρχοντα

2214 646 2631 716 πιπρασκόντων
2685 643 2984 719 ἐγκώμιον,
3046 643 3079 712 ἢ
3139 647 3247 698 τῶν
3303 642 3576 712 νηστείαις
3633 663 3884 714 κατατη-

2213 733 2416 786 κόντων
2445 734 2510 787 τὰ
2542 734 2768 805 σώματα
2816 729 3056 801 ἔπαινον,
3090 731 3238 788 ἀλλὰ
3281 730 3335 786 τί
3386 730 3593 786 τούτων
3621 729 3880 804 ἕκαστον,

2212 823 2303 876 καὶ
2335 829 2454 884 πῶς
2484 822 2919 898 κατορθούμενον
2971 824 3109 897 πρὸς
3155 823 3255 890 τὴν
3300 817 3468 882 ὅντως
3518 822 3712 896 ἀρετὴν
3748 845 3882 876 συν-

2211 912 2380 979 τελεῖ,
2427 911 2607 984 ὥσπερ
2641 912 2695 967 έν
2746 913 2926 986 αἰθρίᾳ
2981 910 3244 984 ἐπιδεῖξαι
3291 913 3707 987 προεθυμήθην·
3762 913 3883 989 οὐχ

2205 997 2298 1054 ’ίνα
2327 1021 2384 1054 σε
2415 996 2766 1074 προλαϐόντα
2797 1004 2908 1074 (34)
2940 1002 3148 1057 τούτων
3175 1003 3276 1069 τὴν
3334 1000 3564 1072 σύνεσιν,
3595 1002 3733 1072 πρὸς
3764 1003 3872 1071 τὴν

2210 1093 2308 1145 τοῦ
2354 1089 2528 1145 καλοῦ
2580 1091 2904 1161 κατανόησιν
2966 1091 3017 1146 έν
3078 1096 3147 1166 τῇ
3202 1090 3402 1166 θεωρίᾳ
3456 1097 3556 1160 τῆς
3605 1089 3878 1169 διαφορᾶς

2209 1183 2316 1233 τῶν
2367 1179 2570 1254 ἀρετῶν
2625 1184 2740 1254 (35)
2787 1181 3085 1252 ἐπιστήσω·
3135 1178 3263 1236 ἀλλ’
3303 1177 3380 1233 ἵν’
3430 1181 3544 1253 ἅμα
3593 1201 3680 1235 σοι
3723 1179 3875 1257 διαρο

2213 1270 2354 1344 θρῶν
2385 1267 2632 1340 ἕκαστον,
2669 1270 2784 1324 οἷόν
2811 1291 2864 1325 τι
2893 1271 2993 1340 τὴν
3053 1269 3213 1345 φύσιν
3269 1268 3436 1342 ἔστὶν,
3489 1268 3550 1323 οὐ
3598 1269 3727 1333 τοὺς
3766 1273 3873 1327 ὑπὸ

2211 1362 2308 1412 σοῦ
2341 1358 2504 1431 μόνον
2538 1357 2713 1429 ἔρωτα
2740 1363 2838 1414 τοῦ
2885 1357 3060 1414 καλοῦ
3105 1357 3297 1414 λοιπὸν
3349 1356 3438 1413 διὰ
3482 1359 3539 1413 σὶ
3731 1365 3861 1435 γνή-

2212 1469 2325 1502 σιον
2377 1447 2428 1502 έν
2480 1449 2721 1524 στέρνοις
2779 1444 3070 1518 λαϐόντας,
3124 1447 3270 1504 ἀλλὰ
3319 1449 3410 1502 καὶ
3457 1450 3587 1510 τοὺς
3634 1448 3856 1512 λοιποὺς

2207 1541 2315 1591 τῶν
2349 1537 2807 1613 ἐντυγχανόντων,
2857 1537 3094 1614 καθάπερ
3146 1537 3196 1592 ἐν
3226 1536 3408 1592 πίνακι
3460 1557 3860 1614 χρωματογρα-

2210 1627 2373 1703 φηθὲν
2404 1629 2500 1695 τῆς
2532 1626 2704 1691 ὄντως
2731 1627 3016 1702 παρθενίας
3047 1627 3108 1680 τὸ
3140 1625 3373 1699 κάλλος,
3407 1631 3524 1688 πῶς
3556 1627 3644 1681 καὶ
3675 1628 3862 1699 πόθεν,

2207 1713 2297 1768 καὶ
2352 1714 2532 1777 ποίοις
2569 1717 2676 1770 τισὶ
2731 1717 3020 1792 χρώμασιν
3074 1715 3268 1791 ἀρετῆς
3313 1719 3474 1770 τοῦτο
3527 1723 3862 1788 κοσμεῖται,

2210 1800 2450 1878 ἀκριϐῶς
2509 1811 2836 1878 καταμαθεῖν
2897 1805 3234 1880 παρασχὼν,
3297 1803 3691 1881 ἀσφαλέστερον
3745 1803 3866 1861 ἕκα-

2209 1913 2332 1948 στον
2413 1896 2648 1966 μετιέναι
2704 1895 2768 1948 τὸ
2847 1891 3283 1967 σπουδαζόμενον
3343 1893 3512 1948 καλὸν
3576 1895 3710 1968 μετὰ
3762 1903 3866 1966 τῆς

2209 1982 2431 2053 ἐνούσης
2460 1983 2666 2045 εὐνοίας
2701 1986 2814 2056 (37)
2846 1981 3062 2054 διδάξω.

2279 2092 2333 2146 2.
2395 2090 2551 2165 Μέγα
2613 2091 2708 2163 μὶν
2768 2090 2902 2165 γὰρ,
2958 2089 3032 2151 ὡς
3093 2089 3316 2159 ἀληθῶς
3351 2133 3364 2157 ,
3420 2089 3682 2164 παρθενία
3717 2134 3732 2159 ,
3789 2096 3869 2164 τῷ

2215 2179 2471 2255 ἀφθάρτῳ
2530 2184 2666 2251 Θεῷ,
2725 2179 2800 2243 ὡς
2859 2178 2910 2233 έν
2969 2176 3248 2254 κεφαλαίῳ
3298 2179 3491 2247 εἰπεῖν,
3545 2180 3871 2253 ὲξομοιοΰσα

2210 2268 2301 2322 τὸν
2339 2269 2644 2344 ἄνθρωπον,
2695 2267 2805 2322 Οὐκ
2833 2267 2940 2322 ἀπὸ
2993 2269 3262 2340 σωμάτων
3320 2265 3377 2322 δὶ
3426 2265 3527 2322 ἅοα
3573 2267 3662 2323 ἐπὶ
3693 2271 3879 2345 ψυχᾶς

2216 2357 2350 2425 αύτὴ
2386 2356 2580 2412 ὁδεύει·
2630 2355 2777 2412 ἀλλὰ
2824 2360 3012 2431 ψυχῆς
3058 2365 3158 2426 τῆς
3204 2356 3498 2430 ἀσωμάτου
3548 2357 3685 2412 οὖσα
3731 2359 3876 2432 ἐξαί-

2217 2467 2390 2523 ρετος,
2420 2451 2488 2520 τῇ
2515 2448 2719 2516 ταύτης
2766 2445 3012 2522 θεοφιλεῖ
3057 2446 3315 2522 παρθενίᾳ
3364 2444 3574 2524 ἄφθορα
3616 2446 3877 2522 φυλάττει

2213 2535 2280 2590 τὰ
2310 2535 2556 2608 σώματα.
2585 2538 2694 2592 Τοὖ
2741 2535 2844 2610 γὰρ
2896 2531 3067 2596 ὅντως
3105 2539 3279 2589 κα)κοῦ
3324 2537 3358 2605 ἡ
3391 2537 3544 2611 ψυχή
3580 2537 3872 2614 φαντασίαν

2217 2621 2482 2692 λαϐοῦσα,
2539 2622 2779 2698 καθάπερ
2839 2627 2948 2698 (38)
3020 2625 3126 2678 τινὶ
3184 2629 3366 2698 πτερῷ
3421 2625 3558 2701 πρὸς
3621 2626 3751 2680 αὐτὸ
3797 2631 3866 2699 τῇ

2217 2714 2485 2791 ἀφθαρσίᾳ
2533 2715 2888 2788 πτερωθεῖσα,
2932 2713 3022 2767 καὶ
3070 2717 3151 2785 τῷ
3194 2712 3377 2786 ὁμοίῳ
3423 2715 3486 2768 τὸ
3539 2712 3755 2786 ὅμοιον,
3796 2719 3866 2788 τῇ

2217 2801 2267 2856 έν
2319 2804 2458 2876 αὐτῇ
2510 2802 2775 2879 ἀφθαρσίᾳ
2823 2801 3003 2878 φημὶ,
3059 2802 3148 2856 τὸν
3206 2804 3474 2880 ἄφθαρτον
3525 2804 3652 2857 Θεὸν
3705 2805 3859 2874 θεραι

2214 2894 2469 2955 πεύεσθαι
2521 2896 2634 2965 (39)
2685 2891 2866 2964 μόνως
2914 2891 3052 2966 πρὸς
3104 2891 3252 2961 ἀξίαν
3291 2891 3546 2965 ἀθροῦσα,
3608 2892 3707 2958 τὴν
3755 2893 3852 2943 τοῦ

2216 2980 2468 3053 σώματος
2536 2979 2824 3056 παρθενίαν
2862 3023 2876 3047 ,
2925 2978 3248 3054 θεράπαιναν
3296 2979 3369 3041 είς
3425 2980 3522 3048 τήν
3579 2982 3679 3032 τοῦ
3735 2978 3852 3032 καθ’

2216 3070 2408 3137 ἑαυτὴν
2463 3068 2704 3131 κάλλους
2767 3072 2880 3144 (40)
2935 3069 3218 3144 θεραπείαν
3263 3066 3531 3142 ἐπάγεται,
3585 3067 3676 3121 καὶ
3728 3065 3864 3139 πάρα

2215 3157 2369 3234 εδρον
2425 3158 2720 3234 ἀοχλήτως
2764 3159 2900 3235 πρὸς
2949 3161 3048 3228 τὴν
3098 3163 3195 3214 τοῦ
3245 3162 3380 3214 Θεοῦ
3412 3155 3636 3232 θεωρίαν
3663 3154 3864 3220 ταύτην

2213 3247 2358 3324 ἔχειν
2411 3248 2490 3303 ἀεὶ
2545 3245 2881 3322 βουλομένη,
2932 3249 3028 3310 τὰς
3077 3247 3414 3322 ένοχλούσας
3464 3245 3598 3319 αὐτῇ
3630 3248 3725 3300 τοῦ
3756 3243 3865 3297 σώ-

2217 3359 2382 3410 ματος
2412 3335 2612 3407 ἡδονὰς
2663 3338 2736 3399 ὡς
2785 3336 3122 3414 πορρωτάτω
3173 3334 3406 3392 ἐλαύνει.
3455 3336 3572 3404 Τὴν
3627 3334 3722 3407 μὲν
3758 3336 3867 3386 τῶν

2214 3427 2318 3482 ὑπὸ
2372 3427 2602 3500 γαστέρα
2658 3423 2872 3496 ἡδονῶν
2952 3425 3259 3501 ἐγκράτειαν
3297 3470 3310 3493 ,
3367 3431 3469 3493 τῆς
3546 3427 3876 3494 σωματικῆς

2210 3517 2502 3592 παρθενίας
2563 3517 2888 3590 θεράπαιναν
2922 3561 2936 3582 ,
2993 3515 3160 3582 αὐτὴν
3221 3510 3278 3566 δὲ
3334 3511 3537 3581 ταύτην
3588 3517 3689 3580 τῆς
3745 3511 3874 3564 καθ’

2211 3605 2430 3673 ἑαυτὴν,
2489 3603 2820 3678 ποιουμένη·
2877 3603 2951 3666 ὡς
3006 3603 3075 3658 τὰ
3131 3599 3277 3656 ἄλλα
3339 3600 3432 3673 μὲν
3492 3601 3724 3669 ἅπαντα,
3773 3595 3870 3652 καί

2206 3699 2421 3771 τροφῶν
2482 3692 2810 3770 ἐγκράτειαν,
2868 3692 2956 3748 καὶ
3012 3692 3111 3760 τὴν
3162 3690 3364 3759 λοιπὴν
3417 3685 3867 3763 σκληραγωγίαν,

2212 3782 2536 3859 μαχομένην
2594 3789 2713 3845 ταῖς
2759 3782 3006 3858 ῥεούσαις
3063 3781 3198 3836 κατὰ
3243 3786 3342 3850 τῆς
3373 3778 3424 3833 έν
3473 3777 3686 3851 σώματι
3719 3795 3866 3851 παρε-

2207 3873 2385 3936 θενίας
2433 3871 2524 3928 διὰ
2563 3877 2671 3927 τῶν
2721 3871 3020 3942 αἰσθήσεων
3069 3867 3312 3940 ἡδοναῖς·
3361 3865 3505 3923 ἀλλὰ
3553 3866 3642 3920 καὶ
3692 3865 3866 3934 αὐτὴν

2203 3965 2301 4032 τὴν
2333 3967 2429 4018 τοῦ
2457 3963 2709 4035 σώματος
2762 3959 3047 4036 παρθενίαν
3095 3961 3227 4031 (41),
3283 3956 3344 4012 ού
3397 3953 3468 4010 δι’
3496 3951 3678 4027 ἕτερόν
3719 3975 3792 4022 τι,
3827 3953 3868 4023 ἢ

2205 4050 2274 4108 δι’
2306 4053 2498 4120 ἑαυτὴν
2532 4049 2851 4130 φιλοκάλως
2903 4049 3200 4118 ἀσκεῖσθαι,
3227 4044 3319 4101 ’ἕνα
3365 4047 3464 4114 τὴν
3501 4045 3696 4114 ἐαυτῆς
3723 4063 3870 4118 παρ-

2205 4141 2380 4198 θενίαν
2416 4139 2650 4220 ἄφθορον
2701 4141 2914 4209 ἀπάσης
2971 4139 3258 4215 μοχθηρᾶς
3304 4134 3510 4197 ἐννοίας
3559 4132 3869 4211 φυλάξασα,

2203 4233 2304 4301 τὴν
2364 4232 2500 4308 πρὸς
2551 4231 2640 4286 τὸν
2693 4226 2961 4307 ἄφθαρτον
3008 4229 3136 4284 Θεὸν
3187 4226 3534 4299 ἐξομοίωσιν,
3585 4223 3766 4298 ὥσπερ
3816 4222 3876 4277 ἐν

2204 4319 2539 4393 ἀκηλιδώτῳ
2585 4319 2878 4395 κατόπτρῳ
2927 4317 3122 4374 λοιπὸν
3165 4315 3330 4370 αὐτοῦ
3377 4314 3476 4377 τὰς
3517 4313 3643 4388 παρ’
3675 4313 3875 4368 ἑαυτοῦ

2207 4411 2342 4484 αύτῇ
2401 4408 2786 4484 έναυγάζοντος
2846 4407 3099 4484 χάριτας,
3161 4404 3238 4468 εἰς
3265 4401 3475 4465 κάλλος
3524 4403 3718 4470 ἑαυτῆς
3776 4403 3874 4455 καὶ

2201 4497 2420 4556 ἷέπαινον
2475 4501 2906 4574 κατορθωθεῖσαν
2959 4493 3200 4572 κερδήσῃ
3231 4536 3247 4551 .
3311 4489 3532 4561 Ἐπειδὴ
3576 4489 3666 4546 οὖν
3725 4509 3873 4562 παρ-

428 4593 523 4634 res
544 4578 834 4649 immittit,
857 4582 930 4637 ad
953 4599 1123 4640 suam
1149 4585 1341 4656 ipsius
1362 4585 1868 4658 pulchritudinem
1890 4597 1949 4649 et
1969 4592 2093 4650 lau-

2214 4589 2354 4655 θενία
2387 4590 2504 4664 μὶν,
2538 4590 2635 4658 τὴν
2681 4591 2789 4662 (42)
2821 4585 2992 4648 ὅντως
3023 4585 3193 4664 φημὶ,
3238 4583 3312 4644 ὡς
3343 4577 3454 4651 ἤδη
3506 4601 3568 4656 γε
3607 4579 3658 4636 ἰν
3691 4577 3872 4654 ὀλίγῳ

429 4883 439 4894 .
495 4811 606 4897 (3ᾴ)
639 4810 1327 4897 ῌρολαϐόντα.ῌοιιαωνίε
1366 4824 1424 4897 in
1464 4829 1713 4897 utraque
1743 4827 1996 4897 editione
2026 4831 2084 4885 et

424 4886 488 4974 in
519 4886 817 4974 plerisque
845 4893 1148 4974 codicibus
1183 4912 1340 4974 _mss.
1370 4886 1648 4974 degatur,
1678 4896 2086 4974 προσλαϐόντα,

421 4955 595 5048 longe
648 4955 858 5048 potior.
898 4965 1150 5048 c9dicis_
1176 4955 1486 5048 Francisci'
1533 4955 1732 5048 Primi'
1771 4955 2087 5048 scriptura,

425 5044 603 5114 quam
637 5032 1396 5114 apombel‘isioadductam
1433 5043 1616 5097 secuti
1645 5059 1876 5100 sumus.

425 5167 436 5193 ξ
494 5101 752 5193 (352⁸11ςῶν
806 5104 1030 5193 ἀρετῶν.
1067 5110 1186 5165 Non
1225 5118 1377 5166 recte
1426 5114 1658 5184 legitur,
1693 5119 1797 5168 τῶν
1851 5116 2084 5193 φύσεων,

420 5172 480 5222 in
511 5172 794 5252 .editione
841 5172 1083 5248 Veneta,
1138 5199 1394 5252 quacum
1452 5172 1657 5243 tamen,
1709 5172 2087 5246 consentiunt

422 5257 684 5313 quinque
727 5263 873 5306 mss.
905 5255 1158 5310 codices.

421 5314 740 5454 pagana
790 5319 864 5375 σέ.
928 5324 1150 5396 Malim,
1211 5321 1300 5378 διὰ
1361 5330 1478 5399 σοῦ,
1537 5345 1703 5401 opera
1761 5341 1880 5403 tua,
1939 5333 2084 5401 sive,

495 5427 621 5544 ίδῖί
640 5456 901 5544 Eiidem.
917 5467 1150 5544 Legitur
1174 5469 1234 5524 in
1256 5470 1602 5544 anopodice
1627 5471 2082 5544 Ηθεὶολὶννοίας.

423 5526 656 5618 ξεεξξίο,
689 5533 791 5602 qui
823 5536 933 5592 fuit
961 5526 1454 5618 glirncardinaljs
1485 5526 1797 5618 Mazariiii,
1811 5526 2081 5610 ’διειδιάξξ

423 5598 836 5695 ίδὶεέξρειπιῖιὶειε
869 5624 937 5664 εκ
968 5612 1186 5695 assis
1221 5609 1492 5695 αιδεείεω-

493 5672 605 5744 (38)
649 5675 922 5750 Καθάπερ.
982 5672 1183 5740 Εᾶἶιίό
1231 5672 1443 5758 Ρωὶεἷ,
1500 5684 1590 5740 καὶ
1651 5697 1912 5766 καθαπερ.
1973 5693 2084 5750 Sed

2193 4831 2356 4887 deest
2409 4825 2748 4900 conjunctio
2805 4825 2867 4881 in
2921 4821 3176 4880 editione
3229 4821 3451 4878 Veneta
3500 4823 3558 4876 et
3604 4817 3874 4891 antiquis

2195 4901 2520 4958 codicibus.

2263 4973 2377 5046 {39)
2407 4966 2822 5046 Qtpans_65601t_.
2861 4967 3095 5046 Legitur
3245 4965 3509 5046 quinque
3550 4961 3874 5046 podipibus

2197 5034 2371 5112 mss,
2397 5034 2734 5119 Θεραπιύειν.
2759 5042 2852 5119 Sic
2875 5034 3518 5119 etiampditio‘Venéta.
3549 5035 3680 5119 Sed
3693 5034 3878 5118 longe

2196 5107 2660 5188 potio-rivulgata
2709 5115 3023 5186 scriptura.
3061 5110 3282 5166 Ibidem
3323 5125 3474 5164 unus
3523 5125 3593 5164 ex
3641 5107 3874 5180 Regiis,

2193 5185 2762 5263 ipbcﬁﬁlsﬁépéve
2834 5185 2936 5263 ί-
3027 5253 3060 5263 ..
3201 5249 3240 5263 ..
3398 5249 3490 5263 ..
3598 5254 3608 5263 .
3739 5245 3760 5263 .
3813 5248 3842 5262 -

2266 5245 2378 5331 (40)
2407 5245 2686 5320 Κὰλλόυς.
2729 5260 2855 5331 Duo
2879 5253 3074 5331 Regii
3105 5249 3345 5331 codices
3385 5249 3639 5331 habent,
3666 5245 3872 5331 italos:

2191 5322 2415 5387 Horum
2449 5331 2509 5386 in
2541 5331 2726 5388 altero
2778 5322 3017 5402 legitur'
3031 5323 3278 5402 ibidem,
3310 5322 3428 5375 καθ’
3478 5322 3672 5393 ἑαυτῷ,
3706 5323 3870 5392 quod

2194 5403 2454 5478 positum
2486 5403 2716 5478 videtur
2746 5393 3224 5478 provxae’tauré'.‘
3310 5465 3342 5476 η

2265 5464 2888 5550 (ἆυ-ῌαρθενίαν-εᾮμο
2920 5468 3154 5550 codices
3185 5465 3346 5537 Regii
3369 5466 3629 5550 “habeat,
3649 5464 3872 5550 χιαρθε-

2193 5533 2307 5602 νίαν
2337 5533 2408 5601 δι’
2438 5533 2930 5621 ἑκείνηνςῇἰβὶἀεω
2975 5533 3317 5621 duo_m_ss.',
3365 5533 3434 5591 δι’
3467 5533 3870 5621 οὒδὶνλίτερον.

2267 5621 2380 5692 (42)
2410 5620 2539 5692 Ijv,
2590 5609 2788 5692 Editio
2827 5616 3066 5692 Veneta,
3098 5612 3152 5680 ἢ.
3201 5612 3333 5692 Mos
3381 5611 3566 5692 θρόει
3610 5609 3871 5666 Maseri-

2195 5680 2382 5764 nzeus,
2413 5680 2603 5763 ἔὸὶιξι,
2632 5695 2692 5748 et
2723 5690 2796 5748 ad
2829 5680 3184 5762 marginem,
3219 5680 3479 5753 ὑαιοειξε.
