  <div class='ocr_page' id='page_1' title='image "/cluster/home/n/w/nwhite01/storage/ocr_20150623/30:no.2/coo.31924054873116/350.png"; bbox 0 0 4150 6400; ppageno 0'>
   <div class='ocr_carea' id='block_1_1' title="bbox 280 391 405 450">
    <p class='ocr_par' dir='ltr' id='par_1_1' title="bbox 280 391 405 450">
     <span class='ocr_line' id='line_1_1' title="bbox 280 391 405 450; baseline 0.016 -2"><span class='ocrx_word' id='word_1_1' title='bbox 280 391 405 450; x_wconf 82' lang='grc'>673</span> 
     </span>
    </p>
   </div>
   <div class='ocr_carea' id='block_1_2' title="bbox 1519 379 2489 444">
    <p class='ocr_par' dir='ltr' id='par_1_2' title="bbox 1519 379 2489 444">
     <span class='ocr_line' id='line_1_2' title="bbox 1519 379 2489 444; baseline -0.004 0"><span class='ocrx_word' id='word_1_2' title='bbox 1519 383 1756 444; x_wconf 73' lang='lat' dir='ltr'>LIBER</span> <span class='ocrx_word' id='word_1_3' title='bbox 1798 381 1903 441; x_wconf 84' lang='lat' dir='ltr'><strong>DE</strong></span> <span class='ocrx_word' id='word_1_4' title='bbox 1946 379 2489 444; x_wconf 76' lang='lat' dir='ltr'>VIRGINITATE.</span> 
     </span>
    </p>
   </div>
   <div class='ocr_carea' id='block_1_3' title="bbox 3593 385 3712 446">
    <p class='ocr_par' dir='ltr' id='par_1_3' title="bbox 3593 385 3712 446">
     <span class='ocr_line' id='line_1_3' title="bbox 3593 385 3712 446; baseline 0 -1"><span class='ocrx_word' id='word_1_5' title='bbox 3593 385 3712 446; x_wconf 73' lang='grc'>674</span> 
     </span>
    </p>
   </div>
   <div class='ocr_carea' id='block_1_4' title="bbox 281 515 1959 601">
    <p class='ocr_par' dir='ltr' id='par_1_4' title="bbox 281 515 1940 601">
     <span class='ocr_line' id='line_1_4' title="bbox 281 515 1940 601; baseline -0.007 -22"><span class='ocrx_word' id='word_1_6' title='bbox 281 524 494 601; x_wconf 77' lang='grc' dir='ltr'>φθάσας</span> <span class='ocrx_word' id='word_1_7' title='bbox 522 522 550 577; x_wconf 88' lang='grc' dir='ltr'>ὁ</span> <span class='ocrx_word' id='word_1_8' title='bbox 584 521 750 596; x_wconf 88' lang='grc' dir='ltr'>λόγνς</span> <span class='ocrx_word' id='word_1_9' title='bbox 780 518 1040 590; x_wconf 71' lang='grc' dir='ltr'>ὑπέδειξε,</span> <span class='ocrx_word' id='word_1_10' title='bbox 1071 517 1162 573; x_wconf 85' lang='grc' dir='ltr'>καὶ</span> <span class='ocrx_word' id='word_1_11' title='bbox 1213 518 1428 592; x_wconf 82' lang='grc' dir='ltr'>προϊὼν</span> <span class='ocrx_word' id='word_1_12' title='bbox 1481 515 1558 571; x_wconf 74' lang='grc' dir='ltr'>ἔτι</span> <span class='ocrx_word' id='word_1_13' title='bbox 1619 515 1940 593; x_wconf 66' lang='grc' dir='ltr'>σαφεστερον</span> 
     </span>
    </p>
   </div>
   <div class='ocr_carea' id='block_1_5' title="bbox 2076 515 3713 601">
    <p class='ocr_par' dir='ltr' id='par_1_5' title="bbox 2076 516 3713 590">
     <span class='ocr_line' id='line_1_5' title="bbox 2076 516 3713 590; baseline 0.004 -20"><span class='ocrx_word' id='word_1_14' title='bbox 2076 516 2190 571; x_wconf 90' lang='lat' dir='ltr'>lem</span> <span class='ocrx_word' id='word_1_15' title='bbox 2223 516 2929 587; x_wconf 86' lang='lat' dir='ltr'>conscquatur.Quoniam</span> <span class='ocrx_word' id='word_1_16' title='bbox 2963 517 3142 588; x_wconf 77' lang='lat' dir='ltr'>igitur</span> <span class='ocrx_word' id='word_1_17' title='bbox 3171 519 3713 590; x_wconf 88' lang='lat' dir='ltr'>virginitas,veram</span> 
     </span>
    </p>
   </div>
   <div class='ocr_carea' id='block_1_6' title="bbox 285 601 1951 684">
    <p class='ocr_par' dir='ltr' id='par_1_6' title="bbox 285 601 1951 684">
     <span class='ocr_line' id='line_1_6' title="bbox 285 601 1951 684; baseline -0.006 -18"><span class='ocrx_word' id='word_1_18' title='bbox 285 610 470 684; x_wconf 79' lang='grc' dir='ltr'>δείξει,</span> <span class='ocrx_word' id='word_1_19' title='bbox 500 614 598 666; x_wconf 83' lang='grc' dir='ltr'>τοῦ</span> <span class='ocrx_word' id='word_1_20' title='bbox 628 609 766 664; x_wconf 72' lang='grc' dir='ltr'>κατὰ</span> <span class='ocrx_word' id='word_1_21' title='bbox 789 609 975 682; x_wconf 67' lang='grc' dir='ltr'>ψυχὴν</span> <span class='ocrx_word' id='word_1_22' title='bbox 1012 607 1254 680; x_wconf 83' lang='grc' dir='ltr'>ἀφθόρου</span> <span class='ocrx_word' id='word_1_23' title='bbox 1284 602 1529 666; x_wconf 82' lang='grc' dir='ltr'>κάλλους</span> <span class='ocrx_word' id='word_1_24' title='bbox 1562 601 1655 678; x_wconf 87' lang='grc' dir='ltr'>(δι’</span> <span class='ocrx_word' id='word_1_25' title='bbox 1693 603 1722 658; x_wconf 77' lang='grc' dir='ltr'>ὃ</span> <span class='ocrx_word' id='word_1_26' title='bbox 1765 602 1854 657; x_wconf 87' lang='grc' dir='ltr'>καὶ</span> <span class='ocrx_word' id='word_1_27' title='bbox 1885 604 1951 657; x_wconf 74' lang='grc' dir='ltr'>τὰ</span> 
     </span>
    </p>
   </div>
   <div class='ocr_carea' id='block_1_7' title="bbox 289 688 1952 775">
    <p class='ocr_par' dir='ltr' id='par_1_7' title="bbox 289 688 1952 775">
     <span class='ocr_line' id='line_1_7' title="bbox 289 688 1952 775; baseline -0.007 -18"><span class='ocrx_word' id='word_1_28' title='bbox 289 703 549 775; x_wconf 84' lang='grc' dir='ltr'>σώματος</span> <span class='ocrx_word' id='word_1_29' title='bbox 611 699 916 754; x_wconf 70' lang='grc' dir='ltr'>ἰκπονεῖται</span> <span class='ocrx_word' id='word_1_30' title='bbox 985 695 1154 767; x_wconf 83' lang='grc' dir='ltr'>καλὰ)</span> <span class='ocrx_word' id='word_1_31' title='bbox 1213 692 1354 749; x_wconf 75' lang='grc' dir='ltr'>ἐστίν</span> <span class='ocrx_word' id='word_1_32' title='bbox 1415 694 1682 768; x_wconf 77' lang='grc' dir='ltr'>ἐξαίρετος</span> <span class='ocrx_word' id='word_1_33' title='bbox 1716 710 1730 724; x_wconf 74' lang='grc' dir='ltr'><strong>ο</strong></span> <span class='ocrx_word' id='word_1_34' title='bbox 1786 692 1836 746; x_wconf 73' lang='grc' dir='ltr'>οἱ</span> <span class='ocrx_word' id='word_1_35' title='bbox 1895 688 1952 746; x_wconf 78' lang='grc' dir='ltr'>δὲ</span> 
     </span>
    </p>
   </div>
   <div class='ocr_carea' id='block_1_8' title="bbox 287 783 1948 860">
    <p class='ocr_par' dir='ltr' id='par_1_8' title="bbox 287 783 1948 860">
     <span class='ocr_line' id='line_1_8' title="bbox 287 783 1948 860; baseline -0.007 -14"><span class='ocrx_word' id='word_1_36' title='bbox 287 788 506 846; x_wconf 82' lang='grc' dir='ltr'>πολλοὶ</span> <span class='ocrx_word' id='word_1_37' title='bbox 561 793 640 860; x_wconf 78' lang='grc' dir='ltr'>τῷ</span> <span class='ocrx_word' id='word_1_38' title='bbox 699 787 922 860; x_wconf 85' lang='grc' dir='ltr'>ὀνόματι</span> <span class='ocrx_word' id='word_1_39' title='bbox 983 791 1083 854; x_wconf 80' lang='grc' dir='ltr'>τῆς</span> <span class='ocrx_word' id='word_1_40' title='bbox 1131 784 1420 860; x_wconf 80' lang='grc' dir='ltr'>παρθενίας</span> <span class='ocrx_word' id='word_1_41' title='bbox 1455 783 1604 856; x_wconf 82' lang='grc' dir='ltr'>μόνῳ</span> <span class='ocrx_word' id='word_1_42' title='bbox 1634 785 1745 855; x_wconf 82' lang='grc'>(43)</span> <span class='ocrx_word' id='word_1_43' title='bbox 1779 801 1948 856; x_wconf 78' lang='grc' dir='ltr'>προσ-</span> 
     </span>
    </p>
   </div>
   <div class='ocr_carea' id='block_1_9' title="bbox 293 871 1950 955">
    <p class='ocr_par' dir='ltr' id='par_1_9' title="bbox 293 871 1950 955">
     <span class='ocr_line' id='line_1_9' title="bbox 293 871 1950 955; baseline -0.007 -21"><span class='ocrx_word' id='word_1_44' title='bbox 293 880 543 955; x_wconf 67' lang='grc' dir='ltr'>ἔχοντες,</span> <span class='ocrx_word' id='word_1_45' title='bbox 579 873 730 931; x_wconf 74' lang='grc' dir='ltr'>οὐδέν</span> <span class='ocrx_word' id='word_1_46' title='bbox 760 897 811 930; x_wconf 91' lang='grc' dir='ltr'>τι</span> <span class='ocrx_word' id='word_1_47' title='bbox 838 877 937 943; x_wconf 71' lang='grc' dir='ltr'>τῆς</span> <span class='ocrx_word' id='word_1_48' title='bbox 990 871 1236 944; x_wconf 82' lang='grc' dir='ltr'>ἀληθοῦς</span> <span class='ocrx_word' id='word_1_49' title='bbox 1289 872 1578 948; x_wconf 69' lang='grc' dir='ltr'>παρθενίας</span> <span class='ocrx_word' id='word_1_50' title='bbox 1632 871 1950 948; x_wconf 81' lang='grc' dir='ltr'>φροντίζου-</span> 
     </span>
    </p>
   </div>
   <div class='ocr_carea' id='block_1_10' title="bbox 293 959 1950 1042">
    <p class='ocr_par' dir='ltr' id='par_1_10' title="bbox 293 959 1950 1042">
     <span class='ocr_line' id='line_1_10' title="bbox 293 959 1950 1042; baseline -0.006 -19"><span class='ocrx_word' id='word_1_51' title='bbox 293 990 348 1023; x_wconf 87' lang='grc' dir='ltr'>σι</span> <span class='ocrx_word' id='word_1_52' title='bbox 410 970 523 1042; x_wconf 91' lang='grc'>(44)</span> <span class='ocrx_word' id='word_1_53' title='bbox 553 986 564 997; x_wconf 85' lang='grc'><strong>’</strong></span> <span class='ocrx_word' id='word_1_54' title='bbox 603 963 691 1020; x_wconf 81' lang='grc' dir='ltr'>διὰ</span> <span class='ocrx_word' id='word_1_55' title='bbox 741 965 887 1019; x_wconf 89' lang='grc' dir='ltr'>τουτ’</span> <span class='ocrx_word' id='word_1_56' title='bbox 919 963 1251 1038; x_wconf 81' lang='grc' dir='ltr'>ἀναγκαίως,</span> <span class='ocrx_word' id='word_1_57' title='bbox 1285 965 1462 1033; x_wconf 81' lang='grc' dir='ltr'>οἶμαι,</span> <span class='ocrx_word' id='word_1_58' title='bbox 1495 966 1612 1022; x_wconf 81' lang='grc' dir='ltr'>τοῖς</span> <span class='ocrx_word' id='word_1_59' title='bbox 1669 961 1758 1014; x_wconf 87' lang='grc' dir='ltr'>τὸν</span> <span class='ocrx_word' id='word_1_60' title='bbox 1819 959 1950 1032; x_wconf 75' lang='grc' dir='ltr'>ὑπὲρ</span> 
     </span>
    </p>
   </div>
   <div class='ocr_carea' id='block_1_11' title="bbox 295 1047 1954 1128">
    <p class='ocr_par' dir='ltr' id='par_1_11' title="bbox 295 1047 1954 1128">
     <span class='ocr_line' id='line_1_11' title="bbox 295 1047 1954 1128; baseline -0.007 -15"><span class='ocrx_word' id='word_1_61' title='bbox 295 1055 588 1127; x_wconf 76' lang='grc' dir='ltr'>παρθενίας</span> <span class='ocrx_word' id='word_1_62' title='bbox 646 1052 897 1128; x_wconf 75' lang='grc' dir='ltr'>στέφανον</span> <span class='ocrx_word' id='word_1_63' title='bbox 944 1054 1174 1107; x_wconf 86' lang='grc' dir='ltr'>ποθοῦσι</span> <span class='ocrx_word' id='word_1_64' title='bbox 1225 1047 1436 1122; x_wconf 75' lang='grc' dir='ltr'>λαϐεῖν,</span> <span class='ocrx_word' id='word_1_65' title='bbox 1481 1051 1832 1127; x_wconf 79' lang='grc' dir='ltr'>ὑποφωνῆσαι</span> <span class='ocrx_word' id='word_1_66' title='bbox 1886 1049 1954 1102; x_wconf 81' lang='grc' dir='ltr'>τὰ</span> 
     </span>
    </p>
   </div>
   <div class='ocr_carea' id='block_1_12' title="bbox 300 1135 1952 1215">
    <p class='ocr_par' dir='ltr' id='par_1_12' title="bbox 300 1135 1952 1215">
     <span class='ocr_line' id='line_1_12' title="bbox 300 1135 1952 1215; baseline -0.006 -14"><span class='ocrx_word' id='word_1_67' title='bbox 300 1145 485 1201; x_wconf 79' lang='grc' dir='ltr'>ἐνόντα</span> <span class='ocrx_word' id='word_1_68' title='bbox 516 1139 801 1198; x_wconf 78' lang='grc' dir='ltr'>σπουδάσω</span> <span class='ocrx_word' id='word_1_69' title='bbox 853 1143 988 1215; x_wconf 86' lang='grc'>(45),</span> <span class='ocrx_word' id='word_1_70' title='bbox 1023 1141 1097 1202; x_wconf 87' lang='grc' dir='ltr'>ὡς</span> <span class='ocrx_word' id='word_1_71' title='bbox 1131 1137 1189 1194; x_wconf 79' lang='grc' dir='ltr'>ἃν</span> <span class='ocrx_word' id='word_1_72' title='bbox 1226 1142 1302 1214; x_wconf 80' lang='grc' dir='ltr'>μὴ</span> <span class='ocrx_word' id='word_1_73' title='bbox 1350 1138 1419 1194; x_wconf 88' lang='grc' dir='ltr'>δι’</span> <span class='ocrx_word' id='word_1_74' title='bbox 1469 1140 1689 1214; x_wconf 77' lang='grc' dir='ltr'>ἄγνοιαν</span> <span class='ocrx_word' id='word_1_75' title='bbox 1739 1135 1952 1211; x_wconf 74' lang='grc' dir='ltr'>ἀμελή-</span> 
     </span>
    </p>
   </div>
   <div class='ocr_carea' id='block_1_13' title="bbox 304 1225 1954 1306">
    <p class='ocr_par' dir='ltr' id='par_1_13' title="bbox 304 1225 1954 1306">
     <span class='ocr_line' id='line_1_13' title="bbox 304 1225 1954 1306; baseline -0.005 -17"><span class='ocrx_word' id='word_1_76' title='bbox 304 1255 486 1295; x_wconf 81' lang='grc' dir='ltr'>σαντες</span> <span class='ocrx_word' id='word_1_77' title='bbox 545 1236 642 1287; x_wconf 88' lang='grc' dir='ltr'>τοῦ</span> <span class='ocrx_word' id='word_1_78' title='bbox 718 1230 1140 1306; x_wconf 74' lang='grc' dir='ltr'>προηγουμένου</span> <span class='ocrx_word' id='word_1_79' title='bbox 1215 1228 1431 1296; x_wconf 86' lang='grc' dir='ltr'>καλοῦ,</span> <span class='ocrx_word' id='word_1_80' title='bbox 1488 1225 1954 1302; x_wconf 88' lang='grc' dir='ltr'>προσαναλώσωσι</span> 
     </span>
    </p>
   </div>
   <div class='ocr_carea' id='block_1_14' title="bbox 307 1314 1955 1397">
    <p class='ocr_par' dir='ltr' id='par_1_14' title="bbox 307 1314 1955 1397">
     <span class='ocr_line' id='line_1_14' title="bbox 307 1314 1955 1397; baseline -0.004 -20"><span class='ocrx_word' id='word_1_81' title='bbox 307 1325 400 1397; x_wconf 77' lang='grc' dir='ltr'>μὲν</span> <span class='ocrx_word' id='word_1_82' title='bbox 431 1325 499 1396; x_wconf 80' lang='grc' dir='ltr'>τῇ</span> <span class='ocrx_word' id='word_1_83' title='bbox 529 1327 628 1389; x_wconf 82' lang='grc' dir='ltr'>τῆς</span> <span class='ocrx_word' id='word_1_84' title='bbox 665 1319 995 1396; x_wconf 81' lang='grc' dir='ltr'>θεραπαίνης</span> <span class='ocrx_word' id='word_1_85' title='bbox 1047 1317 1270 1389; x_wconf 78' lang='grc' dir='ltr'>δουλείᾳ</span> <span class='ocrx_word' id='word_1_86' title='bbox 1317 1319 1492 1372; x_wconf 84' lang='grc' dir='ltr'>πάντα</span> <span class='ocrx_word' id='word_1_87' title='bbox 1536 1319 1626 1372; x_wconf 85' lang='grc' dir='ltr'>τὸν</span> <span class='ocrx_word' id='word_1_88' title='bbox 1688 1316 1831 1393; x_wconf 84' lang='grc' dir='ltr'>βίον,</span> <span class='ocrx_word' id='word_1_89' title='bbox 1867 1314 1955 1372; x_wconf 81' lang='grc' dir='ltr'>διὰ</span> 
     </span>
    </p>
   </div>
   <div class='ocr_carea' id='block_1_15' title="bbox 301 1405 1952 1481">
    <p class='ocr_par' dir='ltr' id='par_1_15' title="bbox 301 1405 1952 1481">
     <span class='ocr_line' id='line_1_15' title="bbox 301 1405 1952 1481; baseline -0.004 -15"><span class='ocrx_word' id='word_1_90' title='bbox 301 1411 357 1466; x_wconf 80' lang='grc' dir='ltr'>δὶ</span> <span class='ocrx_word' id='word_1_91' title='bbox 405 1411 466 1464; x_wconf 86' lang='grc' dir='ltr'>τὸ</span> <span class='ocrx_word' id='word_1_92' title='bbox 530 1406 809 1481; x_wconf 70' lang='grc' dir='ltr'>μηδέποτε</span> <span class='ocrx_word' id='word_1_93' title='bbox 862 1409 961 1475; x_wconf 78' lang='grc' dir='ltr'>τήν</span> <span class='ocrx_word' id='word_1_94' title='bbox 1019 1405 1298 1462; x_wconf 71' lang='grc' dir='ltr'>δέσποιναν</span> <span class='ocrx_word' id='word_1_95' title='bbox 1353 1405 1556 1476; x_wconf 83' lang='grc' dir='ltr'>ταύτης</span> <span class='ocrx_word' id='word_1_96' title='bbox 1611 1408 1952 1480; x_wconf 80' lang='grc' dir='ltr'>θεραπεῦσαι,</span> 
     </span>
    </p>
   </div>
   <div class='ocr_carea' id='block_1_16' title="bbox 295 1494 1954 1571">
    <p class='ocr_par' dir='ltr' id='par_1_16' title="bbox 295 1494 1954 1571">
     <span class='ocr_line' id='line_1_16' title="bbox 295 1494 1954 1571; baseline -0.003 -18"><span class='ocrx_word' id='word_1_97' title='bbox 295 1499 387 1554; x_wconf 85' lang='grc' dir='ltr'>καὶ</span> <span class='ocrx_word' id='word_1_98' title='bbox 416 1499 518 1567; x_wconf 82' lang='grc' dir='ltr'>τὴν</span> <span class='ocrx_word' id='word_1_99' title='bbox 545 1501 643 1551; x_wconf 89' lang='grc' dir='ltr'>τοῦ</span> <span class='ocrx_word' id='word_1_100' title='bbox 688 1497 945 1569; x_wconf 86' lang='grc' dir='ltr'>σώματος</span> <span class='ocrx_word' id='word_1_101' title='bbox 997 1496 1283 1571; x_wconf 81' lang='grc' dir='ltr'>παρθενίαν</span> <span class='ocrx_word' id='word_1_102' title='bbox 1336 1495 1397 1549; x_wconf 84' lang='grc' dir='ltr'>ού</span> <span class='ocrx_word' id='word_1_103' title='bbox 1447 1494 1830 1568; x_wconf 71' lang='grc' dir='ltr'>κοσμουμένην</span> <span class='ocrx_word' id='word_1_104' title='bbox 1876 1499 1954 1566; x_wconf 78' lang='grc' dir='ltr'>τῷ</span> 
     </span>
    </p>
   </div>
   <div class='ocr_carea' id='block_1_17' title="bbox 294 1581 1952 1660">
    <p class='ocr_par' dir='ltr' id='par_1_17' title="bbox 294 1581 1952 1660">
     <span class='ocr_line' id='line_1_17' title="bbox 294 1581 1952 1660; baseline -0.005 -16"><span class='ocrx_word' id='word_1_105' title='bbox 294 1595 393 1658; x_wconf 83' lang='grc' dir='ltr'>τῆς</span> <span class='ocrx_word' id='word_1_106' title='bbox 446 1583 660 1642; x_wconf 75' lang='grc' dir='ltr'>ἔνδοθεν</span> <span class='ocrx_word' id='word_1_107' title='bbox 694 1587 804 1658; x_wconf 85' lang='grc'>(46)</span> <span class='ocrx_word' id='word_1_108' title='bbox 837 1582 1053 1657; x_wconf 88' lang='grc' dir='ltr'>κάλλει,</span> <span class='ocrx_word' id='word_1_109' title='bbox 1091 1586 1227 1658; x_wconf 82' lang='grc' dir='ltr'>μετᾶ</span> <span class='ocrx_word' id='word_1_110' title='bbox 1274 1582 1522 1646; x_wconf 82' lang='grc' dir='ltr'>πολλοὺς</span> <span class='ocrx_word' id='word_1_111' title='bbox 1575 1581 1806 1660; x_wconf 73' lang='grc' dir='ltr'>ἱδρῶτας</span> <span class='ocrx_word' id='word_1_112' title='bbox 1858 1589 1952 1654; x_wconf 87' lang='grc' dir='ltr'>ζη-</span> 
     </span>
    </p>
   </div>
   <div class='ocr_carea' id='block_1_18' title="bbox 303 1670 1954 1753">
    <p class='ocr_par' dir='ltr' id='par_1_18' title="bbox 303 1670 1954 1753">
     <span class='ocr_line' id='line_1_18' title="bbox 303 1670 1954 1753; baseline -0.003 -21"><span class='ocrx_word' id='word_1_113' title='bbox 303 1679 608 1753; x_wconf 86' lang='grc' dir='ltr'>μιωθῶσιν.</span> <span class='ocrx_word' id='word_1_114' title='bbox 641 1677 755 1730; x_wconf 88' lang='grc' dir='ltr'>Ἵνα</span> <span class='ocrx_word' id='word_1_115' title='bbox 786 1673 874 1729; x_wconf 77' lang='grc' dir='ltr'>οὖν</span> <span class='ocrx_word' id='word_1_116' title='bbox 911 1678 1094 1752; x_wconf 81' lang='grc' dir='ltr'>σαφῶς</span> <span class='ocrx_word' id='word_1_117' title='bbox 1139 1670 1362 1729; x_wconf 62' lang='grc' dir='ltr'>ἕκαστον</span> <span class='ocrx_word' id='word_1_118' title='bbox 1413 1677 1519 1727; x_wconf 87' lang='grc' dir='ltr'>τῶν</span> <span class='ocrx_word' id='word_1_119' title='bbox 1573 1673 1954 1728; x_wconf 85' lang='grc' dir='ltr'>συντεινόντων</span> 
     </span>
    </p>
   </div>
   <div class='ocr_carea' id='block_1_19' title="bbox 296 1759 1951 1842">
    <p class='ocr_par' dir='ltr' id='par_1_19' title="bbox 296 1759 1951 1842">
     <span class='ocr_line' id='line_1_19' title="bbox 296 1759 1951 1842; baseline -0.004 -22"><span class='ocrx_word' id='word_1_120' title='bbox 296 1766 434 1842; x_wconf 85' lang='grc' dir='ltr'>πρὸς</span> <span class='ocrx_word' id='word_1_121' title='bbox 465 1765 527 1818; x_wconf 89' lang='grc' dir='ltr'>τὸ</span> <span class='ocrx_word' id='word_1_122' title='bbox 557 1769 657 1833; x_wconf 84' lang='grc' dir='ltr'>τῆς</span> <span class='ocrx_word' id='word_1_123' title='bbox 716 1760 957 1833; x_wconf 76' lang='grc' dir='ltr'>ἀληθοῦς</span> <span class='ocrx_word' id='word_1_124' title='bbox 990 1759 1279 1836; x_wconf 83' lang='grc' dir='ltr'>παρθενίας</span> <span class='ocrx_word' id='word_1_125' title='bbox 1338 1759 1547 1822; x_wconf 88' lang='grc' dir='ltr'>κάλλος</span> <span class='ocrx_word' id='word_1_126' title='bbox 1607 1761 1772 1838; x_wconf 75' lang='grc' dir='ltr'>ὀφθῇ,</span> <span class='ocrx_word' id='word_1_127' title='bbox 1804 1761 1951 1837; x_wconf 72' lang='grc' dir='ltr'>φερε,</span> 
     </span>
    </p>
   </div>
   <div class='ocr_carea' id='block_1_20' title="bbox 299 1849 1953 1931">
    <p class='ocr_par' dir='ltr' id='par_1_20' title="bbox 299 1849 1953 1931">
     <span class='ocr_line' id='line_1_20' title="bbox 299 1849 1953 1931; baseline -0.005 -20"><span class='ocrx_word' id='word_1_128' title='bbox 299 1855 439 1931; x_wconf 85' lang='grc' dir='ltr'>πρὸς</span> <span class='ocrx_word' id='word_1_129' title='bbox 469 1855 592 1908; x_wconf 90' lang='grc' dir='ltr'>τίνα</span> <span class='ocrx_word' id='word_1_130' title='bbox 623 1853 824 1907; x_wconf 82' lang='grc' dir='ltr'>σκοπὸν</span> <span class='ocrx_word' id='word_1_131' title='bbox 859 1853 894 1920; x_wconf 84' lang='grc' dir='ltr'><strong>ἡ</strong></span> <span class='ocrx_word' id='word_1_132' title='bbox 927 1849 1190 1924; x_wconf 71' lang='grc' dir='ltr'>παρθένος</span> <span class='ocrx_word' id='word_1_133' title='bbox 1221 1849 1480 1928; x_wconf 76' lang='grc' dir='ltr'>ἀφορῶσα</span> <span class='ocrx_word' id='word_1_134' title='bbox 1539 1852 1674 1923; x_wconf 78' lang='grc'>(47),</span> <span class='ocrx_word' id='word_1_135' title='bbox 1700 1850 1799 1918; x_wconf 80' lang='grc' dir='ltr'>τήν</span> <span class='ocrx_word' id='word_1_136' title='bbox 1839 1849 1953 1903; x_wconf 80' lang='grc' dir='ltr'>ὲαυ-</span> 
     </span>
    </p>
   </div>
   <div class='ocr_carea' id='block_1_21' title="bbox 296 1936 1956 2016">
    <p class='ocr_par' dir='ltr' id='par_1_21' title="bbox 296 1936 1956 2016">
     <span class='ocr_line' id='line_1_21' title="bbox 296 1936 1956 2016; baseline -0.005 -16"><span class='ocrx_word' id='word_1_137' title='bbox 296 1949 400 2010; x_wconf 79' lang='grc' dir='ltr'>τῆς</span> <span class='ocrx_word' id='word_1_138' title='bbox 443 1943 736 2014; x_wconf 71' lang='grc' dir='ltr'>παρθενίαν</span> <span class='ocrx_word' id='word_1_139' title='bbox 786 1941 957 2008; x_wconf 80' lang='grc' dir='ltr'>ἀσκεῖ,</span> <span class='ocrx_word' id='word_1_140' title='bbox 991 1941 1377 2014; x_wconf 70' lang='grc' dir='ltr'>θεωρήσωμεν.</span> <span class='ocrx_word' id='word_1_141' title='bbox 1410 1937 1564 1993; x_wconf 73' lang='grc' dir='ltr'>Οὕτω</span> <span class='ocrx_word' id='word_1_142' title='bbox 1610 1939 1712 2012; x_wconf 76' lang='grc' dir='ltr'>γὰρ</span> <span class='ocrx_word' id='word_1_143' title='bbox 1763 1938 1820 1992; x_wconf 81' lang='grc' dir='ltr'>ἃν</span> <span class='ocrx_word' id='word_1_144' title='bbox 1875 1936 1956 2016; x_wconf 77' lang='grc' dir='ltr'>ἐφ’</span> 
     </span>
    </p>
   </div>
   <div class='ocr_carea' id='block_1_22' title="bbox 301 2023 1958 2101">
    <p class='ocr_par' dir='ltr' id='par_1_22' title="bbox 301 2023 1958 2101">
     <span class='ocr_line' id='line_1_22' title="bbox 301 2023 1958 2101; baseline -0.005 -14"><span class='ocrx_word' id='word_1_145' title='bbox 301 2033 529 2087; x_wconf 70' lang='grc' dir='ltr'>ἑκάστου</span> <span class='ocrx_word' id='word_1_146' title='bbox 565 2030 868 2101; x_wconf 75' lang='grc' dir='ltr'>κινήματος</span> <span class='ocrx_word' id='word_1_147' title='bbox 893 2028 1084 2096; x_wconf 79' lang='grc' dir='ltr'>αὐτῆς,</span> <span class='ocrx_word' id='word_1_148' title='bbox 1121 2024 1228 2080; x_wconf 77' lang='grc' dir='ltr'>έίτε</span> <span class='ocrx_word' id='word_1_149' title='bbox 1273 2025 1413 2101; x_wconf 88' lang='grc' dir='ltr'>πρὸς</span> <span class='ocrx_word' id='word_1_150' title='bbox 1460 2027 1550 2079; x_wconf 83' lang='grc' dir='ltr'>τὸν</span> <span class='ocrx_word' id='word_1_151' title='bbox 1600 2023 1958 2101; x_wconf 83' lang='grc' dir='ltr'>προκείμενον</span> 
     </span>
    </p>
   </div>
   <div class='ocr_carea' id='block_1_23' title="bbox 308 2112 1958 2197">
    <p class='ocr_par' dir='ltr' id='par_1_23' title="bbox 308 2112 1958 2197">
     <span class='ocr_line' id='line_1_23' title="bbox 308 2112 1958 2197; baseline -0.004 -22"><span class='ocrx_word' id='word_1_152' title='bbox 308 2119 506 2197; x_wconf 80' lang='grc' dir='ltr'>βάλλει</span> <span class='ocrx_word' id='word_1_153' title='bbox 555 2118 779 2185; x_wconf 86' lang='grc' dir='ltr'>σκοπὸν,</span> <span class='ocrx_word' id='word_1_154' title='bbox 827 2114 920 2171; x_wconf 80' lang='grc' dir='ltr'>ε’ίτ’</span> <span class='ocrx_word' id='word_1_155' title='bbox 971 2114 1113 2170; x_wconf 81' lang='grc' dir='ltr'>ἄλλο</span> <span class='ocrx_word' id='word_1_156' title='bbox 1162 2116 1492 2191; x_wconf 67' lang='grc' dir='ltr'>προθεμένη,</span> <span class='ocrx_word' id='word_1_157' title='bbox 1525 2115 1661 2188; x_wconf 87' lang='grc' dir='ltr'>πρὸς</span> <span class='ocrx_word' id='word_1_158' title='bbox 1702 2113 1842 2170; x_wconf 85' lang='grc' dir='ltr'>ἄλλο</span> <span class='ocrx_word' id='word_1_159' title='bbox 1901 2112 1958 2169; x_wconf 70' lang='grc' dir='ltr'>δὲ</span> 
     </span>
    </p>
   </div>
   <div class='ocr_carea' id='block_1_24' title="bbox 303 2201 1954 2284">
    <p class='ocr_par' dir='ltr' id='par_1_24' title="bbox 303 2201 1954 2284">
     <span class='ocr_line' id='line_1_24' title="bbox 303 2201 1954 2284; baseline -0.003 -22"><span class='ocrx_word' id='word_1_160' title='bbox 303 2208 540 2284; x_wconf 75' lang='grc' dir='ltr'>ἀφιεῖσα,</span> <span class='ocrx_word' id='word_1_161' title='bbox 575 2208 671 2260; x_wconf 88' lang='grc' dir='ltr'>τοῦ</span> <span class='ocrx_word' id='word_1_162' title='bbox 718 2205 834 2259; x_wconf 90' lang='grc' dir='ltr'>καθ’</span> <span class='ocrx_word' id='word_1_163' title='bbox 891 2204 1085 2272; x_wconf 78' lang='grc' dir='ltr'>ὲαυτήν</span> <span class='ocrx_word' id='word_1_164' title='bbox 1138 2208 1342 2258; x_wconf 91' lang='grc' dir='ltr'>σκοποῦ</span> <span class='ocrx_word' id='word_1_165' title='bbox 1389 2204 1631 2278; x_wconf 83' lang='grc' dir='ltr'>ἀστοχεῖ,</span> <span class='ocrx_word' id='word_1_166' title='bbox 1665 2201 1844 2278; x_wconf 84' lang='grc' dir='ltr'>ὥσπερ</span> <span class='ocrx_word' id='word_1_167' title='bbox 1904 2202 1954 2258; x_wconf 82' lang='grc' dir='ltr'>ἐν</span> 
     </span>
    </p>
   </div>
   <div class='ocr_carea' id='block_1_25' title="bbox 304 2290 1956 2370">
    <p class='ocr_par' dir='ltr' id='par_1_25' title="bbox 304 2290 1956 2370">
     <span class='ocr_line' id='line_1_25' title="bbox 304 2290 1956 2370; baseline -0.002 -19"><span class='ocrx_word' id='word_1_168' title='bbox 304 2295 487 2370; x_wconf 81' lang='grc' dir='ltr'>αἰθρίᾳ</span> <span class='ocrx_word' id='word_1_169' title='bbox 547 2292 908 2362; x_wconf 76' lang='grc' dir='ltr'>ἱδόντες,τὴν</span> <span class='ocrx_word' id='word_1_170' title='bbox 963 2293 1036 2355; x_wconf 81' lang='grc' dir='ltr'>ὡς</span> <span class='ocrx_word' id='word_1_171' title='bbox 1083 2291 1307 2363; x_wconf 81' lang='grc' dir='ltr'>ἀληθῶς</span> <span class='ocrx_word' id='word_1_172' title='bbox 1365 2293 1626 2368; x_wconf 67' lang='grc' dir='ltr'>παρθένον</span> <span class='ocrx_word' id='word_1_173' title='bbox 1680 2290 1739 2346; x_wconf 76' lang='grc' dir='ltr'>ἂν</span> <span class='ocrx_word' id='word_1_174' title='bbox 1793 2313 1956 2348; x_wconf 90' lang='grc' dir='ltr'>κατα-</span> 
     </span>
    </p>
   </div>
   <div class='ocr_carea' id='block_1_26' title="bbox 299 2385 600 2460">
    <p class='ocr_par' dir='ltr' id='par_1_26' title="bbox 299 2385 600 2460">
     <span class='ocr_line' id='line_1_26' title="bbox 299 2385 600 2460; baseline 0.003 -21"><span class='ocrx_word' id='word_1_175' title='bbox 299 2385 600 2460; x_wconf 86' lang='grc' dir='ltr'>μάθοιμεν.</span> 
     </span>
    </p>
   </div>
   <div class='ocr_carea' id='block_1_27' title="bbox 369 2465 1962 2548">
    <p class='ocr_par' dir='ltr' id='par_1_27' title="bbox 369 2465 1962 2548">
     <span class='ocr_line' id='line_1_27' title="bbox 369 2465 1962 2548; baseline -0.003 -17"><span class='ocrx_word' id='word_1_176' title='bbox 369 2478 431 2532; x_wconf 89' lang='grc'><strong>3.</strong></span> <span class='ocrx_word' id='word_1_177' title='bbox 461 2473 703 2528; x_wconf 73' lang='grc' dir='ltr'>Ἃνωθεν</span> <span class='ocrx_word' id='word_1_178' title='bbox 738 2469 816 2538; x_wconf 69' lang='grc' dir='ltr'>δὲ,</span> <span class='ocrx_word' id='word_1_179' title='bbox 852 2471 926 2532; x_wconf 86' lang='grc' dir='ltr'>ὡς</span> <span class='ocrx_word' id='word_1_180' title='bbox 957 2465 1074 2546; x_wconf 78' lang='grc' dir='ltr'>ἔχει</span> <span class='ocrx_word' id='word_1_181' title='bbox 1106 2473 1218 2545; x_wconf 79' lang='grc'>(48)</span> <span class='ocrx_word' id='word_1_182' title='bbox 1261 2470 1468 2548; x_wconf 76' lang='grc' dir='ltr'>φύσεως</span> <span class='ocrx_word' id='word_1_183' title='bbox 1521 2472 1585 2526; x_wconf 87' lang='grc' dir='ltr'>τὸ</span> <span class='ocrx_word' id='word_1_184' title='bbox 1626 2470 1767 2541; x_wconf 83' lang='grc' dir='ltr'>θῆλυ</span> <span class='ocrx_word' id='word_1_185' title='bbox 1824 2473 1962 2544; x_wconf 88' lang='grc' dir='ltr'>πρὸς</span> 
     </span>
    </p>
   </div>
   <div class='ocr_carea' id='block_1_28' title="bbox 297 2558 1959 2641">
    <p class='ocr_par' dir='ltr' id='par_1_28' title="bbox 297 2558 1959 2641">
     <span class='ocr_line' id='line_1_28' title="bbox 297 2558 1959 2641; baseline -0.004 -21"><span class='ocrx_word' id='word_1_186' title='bbox 297 2566 360 2620; x_wconf 88' lang='grc' dir='ltr'>τὸ</span> <span class='ocrx_word' id='word_1_187' title='bbox 412 2561 588 2641; x_wconf 74' lang='grc' dir='ltr'>ἅρῥεν,</span> <span class='ocrx_word' id='word_1_188' title='bbox 627 2561 678 2617; x_wconf 70' lang='grc' dir='ltr'>εἴ</span> <span class='ocrx_word' id='word_1_189' title='bbox 732 2558 943 2636; x_wconf 79' lang='grc' dir='ltr'>βούλει,</span> <span class='ocrx_word' id='word_1_190' title='bbox 971 2558 1410 2634; x_wconf 80' lang='grc' dir='ltr'>ἐπισκεψώμεθα,</span> <span class='ocrx_word' id='word_1_191' title='bbox 1436 2558 1527 2614; x_wconf 68' lang='grc' dir='ltr'>’ἶνα</span> <span class='ocrx_word' id='word_1_192' title='bbox 1570 2560 1660 2614; x_wconf 77' lang='grc' dir='ltr'>καὶ</span> <span class='ocrx_word' id='word_1_193' title='bbox 1709 2561 1800 2614; x_wconf 89' lang='grc' dir='ltr'>τὸν</span> <span class='ocrx_word' id='word_1_194' title='bbox 1859 2567 1959 2630; x_wconf 87' lang='grc' dir='ltr'>τῆς</span> 
     </span>
    </p>
   </div>
   <div class='ocr_carea' id='block_1_29' title="bbox 300 2646 1958 2728">
    <p class='ocr_par' dir='ltr' id='par_1_29' title="bbox 300 2646 1958 2728">
     <span class='ocr_line' id='line_1_29' title="bbox 300 2646 1958 2728; baseline -0.002 -19"><span class='ocrx_word' id='word_1_195' title='bbox 300 2653 591 2728; x_wconf 84' lang='grc' dir='ltr'>παρθενίας</span> <span class='ocrx_word' id='word_1_196' title='bbox 646 2651 848 2706; x_wconf 86' lang='grc' dir='ltr'>σκοπὸν</span> <span class='ocrx_word' id='word_1_197' title='bbox 909 2649 1171 2725; x_wconf 83' lang='grc' dir='ltr'>εὐκρινῶς</span> <span class='ocrx_word' id='word_1_198' title='bbox 1245 2650 1574 2726; x_wconf 73' lang='grc' dir='ltr'>ἀναφανέντα</span> <span class='ocrx_word' id='word_1_199' title='bbox 1628 2646 1958 2723; x_wconf 86' lang='grc' dir='ltr'>κατίδωμεν.</span> 
     </span>
    </p>
   </div>
   <div class='ocr_carea' id='block_1_30' title="bbox 307 2734 1962 2817">
    <p class='ocr_par' dir='ltr' id='par_1_30' title="bbox 307 2734 1962 2817">
     <span class='ocr_line' id='line_1_30' title="bbox 307 2734 1962 2817; baseline -0.005 -17"><span class='ocrx_word' id='word_1_200' title='bbox 307 2744 395 2814; x_wconf 77' lang='grc' dir='ltr'>Ἐξ</span> <span class='ocrx_word' id='word_1_201' title='bbox 433 2741 638 2816; x_wconf 85' lang='grc' dir='ltr'>ὀλίγων</span> <span class='ocrx_word' id='word_1_202' title='bbox 676 2742 780 2817; x_wconf 75' lang='grc' dir='ltr'>γὰρ</span> <span class='ocrx_word' id='word_1_203' title='bbox 829 2743 937 2794; x_wconf 88' lang='grc' dir='ltr'>τῶν</span> <span class='ocrx_word' id='word_1_204' title='bbox 985 2741 1218 2816; x_wconf 86' lang='grc' dir='ltr'>πρώτων</span> <span class='ocrx_word' id='word_1_205' title='bbox 1274 2740 1448 2807; x_wconf 85' lang='grc' dir='ltr'>ζώων,</span> <span class='ocrx_word' id='word_1_206' title='bbox 1481 2737 1720 2812; x_wconf 87' lang='grc' dir='ltr'>καθάπερ</span> <span class='ocrx_word' id='word_1_207' title='bbox 1778 2734 1838 2793; x_wconf 80' lang='grc' dir='ltr'>ἔκ</span> <span class='ocrx_word' id='word_1_208' title='bbox 1887 2760 1962 2792; x_wconf 87' lang='grc' dir='ltr'>τι-</span> 
     </span>
    </p>
   </div>
   <div class='ocr_carea' id='block_1_31' title="bbox 307 2828 1960 2907">
    <p class='ocr_par' dir='ltr' id='par_1_31' title="bbox 307 2828 1960 2907">
     <span class='ocr_line' id='line_1_31' title="bbox 307 2828 1960 2907; baseline -0.002 -21"><span class='ocrx_word' id='word_1_209' title='bbox 307 2853 412 2887; x_wconf 91' lang='grc' dir='ltr'>νων</span> <span class='ocrx_word' id='word_1_210' title='bbox 440 2831 819 2907; x_wconf 87' lang='grc' dir='ltr'>πρωτοτύπων</span> <span class='ocrx_word' id='word_1_211' title='bbox 874 2830 1224 2904; x_wconf 83' lang='grc' dir='ltr'>σπερμάτων,</span> <span class='ocrx_word' id='word_1_212' title='bbox 1249 2829 1339 2882; x_wconf 85' lang='grc' dir='ltr'>τὸν</span> <span class='ocrx_word' id='word_1_213' title='bbox 1382 2828 1587 2900; x_wconf 84' lang='grc' dir='ltr'>κόσμον</span> <span class='ocrx_word' id='word_1_214' title='bbox 1623 2829 1651 2882; x_wconf 86' lang='grc' dir='ltr'>ὁ</span> <span class='ocrx_word' id='word_1_215' title='bbox 1683 2836 1960 2905; x_wconf 87' lang='grc' dir='ltr'>Δημιουρ-</span> 
     </span>
    </p>
   </div>
   <div class='ocr_carea' id='block_1_32' title="bbox 307 2914 1958 2997">
    <p class='ocr_par' dir='ltr' id='par_1_32' title="bbox 307 2914 1958 2997">
     <span class='ocr_line' id='line_1_32' title="bbox 307 2914 1958 2997; baseline -0.002 -21"><span class='ocrx_word' id='word_1_216' title='bbox 307 2923 405 2997; x_wconf 88' lang='grc' dir='ltr'>γὸς</span> <span class='ocrx_word' id='word_1_217' title='bbox 463 2919 759 2995; x_wconf 88' lang='grc' dir='ltr'>πληρῶσαι</span> <span class='ocrx_word' id='word_1_218' title='bbox 817 2916 1334 2988; x_wconf 74' lang='grc' dir='ltr'>Θελήσας,ὲκάστου</span> <span class='ocrx_word' id='word_1_219' title='bbox 1394 2917 1488 2990; x_wconf 76' lang='grc' dir='ltr'>μὶν</span> <span class='ocrx_word' id='word_1_220' title='bbox 1548 2914 1722 2979; x_wconf 54' lang='grc' dir='ltr'>ετίδους</span> <span class='ocrx_word' id='word_1_221' title='bbox 1782 2917 1958 2989; x_wconf 85' lang='grc' dir='ltr'>ζώων,</span> 
     </span>
    </p>
   </div>
   <div class='ocr_carea' id='block_1_33' title="bbox 309 3005 1962 3085">
    <p class='ocr_par' dir='ltr' id='par_1_33' title="bbox 309 3005 1962 3085">
     <span class='ocr_line' id='line_1_33' title="bbox 309 3005 1962 3085; baseline -0.002 -21"><span class='ocrx_word' id='word_1_222' title='bbox 309 3011 550 3085; x_wconf 83' lang='grc' dir='ltr'>καθάπερ</span> <span class='ocrx_word' id='word_1_223' title='bbox 605 3008 729 3063; x_wconf 82' lang='grc' dir='ltr'>τινὰ</span> <span class='ocrx_word' id='word_1_224' title='bbox 789 3006 914 3079; x_wconf 92' lang='grc' dir='ltr'>μίαν</span> <span class='ocrx_word' id='word_1_225' title='bbox 975 3006 1146 3081; x_wconf 80' lang='grc' dir='ltr'>ῥίζαν,</span> <span class='ocrx_word' id='word_1_226' title='bbox 1175 3007 1274 3074; x_wconf 81' lang='grc' dir='ltr'>τήν</span> <span class='ocrx_word' id='word_1_227' title='bbox 1326 3010 1423 3060; x_wconf 86' lang='grc' dir='ltr'>τοῦ</span> <span class='ocrx_word' id='word_1_228' title='bbox 1472 3010 1788 3079; x_wconf 80' lang='grc' dir='ltr'>σωματικοῦ</span> <span class='ocrx_word' id='word_1_229' title='bbox 1821 3005 1962 3074; x_wconf 85' lang='grc' dir='ltr'>ζώου</span> 
     </span>
    </p>
   </div>
   <div class='ocr_carea' id='block_1_34' title="bbox 311 3089 1958 3171">
    <p class='ocr_par' dir='ltr' id='par_1_34' title="bbox 311 3089 1958 3171">
     <span class='ocr_line' id='line_1_34' title="bbox 311 3089 1958 3171; baseline -0.002 -19"><span class='ocrx_word' id='word_1_230' title='bbox 311 3096 457 3152; x_wconf 76' lang='grc' dir='ltr'>ῒδὲαν</span> <span class='ocrx_word' id='word_1_231' title='bbox 487 3096 538 3168; x_wconf 81' lang='grc' dir='ltr'>ἐξ</span> <span class='ocrx_word' id='word_1_232' title='bbox 569 3098 746 3171; x_wconf 74' lang='grc' dir='ltr'>ἀρχῆς</span> <span class='ocrx_word' id='word_1_233' title='bbox 780 3089 1109 3149; x_wconf 79' lang='grc' dir='ltr'>κατεϐάλετο</span> <span class='ocrx_word' id='word_1_234' title='bbox 1141 3095 1277 3166; x_wconf 86' lang='grc'>(49).</span> <span class='ocrx_word' id='word_1_235' title='bbox 1312 3094 1529 3163; x_wconf 78' lang='grc' dir='ltr'>Ταύτην</span> <span class='ocrx_word' id='word_1_236' title='bbox 1575 3091 1633 3147; x_wconf 79' lang='grc' dir='ltr'>δὲ</span> <span class='ocrx_word' id='word_1_237' title='bbox 1681 3093 1755 3155; x_wconf 80' lang='grc' dir='ltr'>εἷς</span> <span class='ocrx_word' id='word_1_238' title='bbox 1804 3093 1958 3169; x_wconf 74' lang='grc' dir='ltr'>ἅῤῥεν</span> 
     </span>
    </p>
   </div>
   <div class='ocr_carea' id='block_1_35' title="bbox 308 3178 1960 3256">
    <p class='ocr_par' dir='ltr' id='par_1_35' title="bbox 308 3178 1960 3256">
     <span class='ocr_line' id='line_1_35' title="bbox 308 3178 1960 3256; baseline -0.003 -15"><span class='ocrx_word' id='word_1_239' title='bbox 308 3207 367 3240; x_wconf 90' lang='grc' dir='ltr'>τε</span> <span class='ocrx_word' id='word_1_240' title='bbox 396 3188 486 3241; x_wconf 88' lang='grc' dir='ltr'>καὶ</span> <span class='ocrx_word' id='word_1_241' title='bbox 517 3184 682 3254; x_wconf 84' lang='grc' dir='ltr'>θῆλυ,</span> <span class='ocrx_word' id='word_1_242' title='bbox 713 3185 820 3239; x_wconf 83' lang='grc' dir='ltr'>ἀπὸ</span> <span class='ocrx_word' id='word_1_243' title='bbox 849 3187 946 3237; x_wconf 91' lang='grc' dir='ltr'>τοῦ</span> <span class='ocrx_word' id='word_1_244' title='bbox 978 3181 1204 3256; x_wconf 79' lang='grc' dir='ltr'>λογικοῦ</span> <span class='ocrx_word' id='word_1_245' title='bbox 1239 3181 1379 3250; x_wconf 86' lang='grc' dir='ltr'>ζώου</span> <span class='ocrx_word' id='word_1_246' title='bbox 1425 3178 1530 3244; x_wconf 70' lang='grc' dir='ltr'>ἓως</span> <span class='ocrx_word' id='word_1_247' title='bbox 1587 3181 1675 3237; x_wconf 79' lang='grc' dir='ltr'>ἐπὶ</span> <span class='ocrx_word' id='word_1_248' title='bbox 1728 3187 1830 3236; x_wconf 84' lang='grc' dir='ltr'>πᾶν</span> <span class='ocrx_word' id='word_1_249' title='bbox 1892 3184 1960 3236; x_wconf 72' lang='grc' dir='ltr'>εἴ·</span> 
     </span>
    </p>
   </div>
   <div class='ocr_carea' id='block_1_36' title="bbox 2059 603 3718 676">
    <p class='ocr_par' dir='ltr' id='par_1_36' title="bbox 2059 603 3718 676">
     <span class='ocr_line' id='line_1_36' title="bbox 2059 603 3718 676; baseline 0.003 -18"><span class='ocrx_word' id='word_1_250' title='bbox 2059 603 2221 659; x_wconf 90' lang='lat' dir='ltr'>illam</span> <span class='ocrx_word' id='word_1_251' title='bbox 2259 604 2480 670; x_wconf 88' lang='lat' dir='ltr'>dico,ut</span> <span class='ocrx_word' id='word_1_252' title='bbox 2504 605 2628 674; x_wconf 79' lang='lat' dir='ltr'>jam</span> <span class='ocrx_word' id='word_1_253' title='bbox 2662 605 2916 659; x_wconf 79' lang='lat' dir='ltr'>breviter</span> <span class='ocrx_word' id='word_1_254' title='bbox 2946 607 3255 676; x_wconf 63' lang='lat' dir='ltr'>preemissa</span> <span class='ocrx_word' id='word_1_255' title='bbox 3283 609 3718 664; x_wconf 77' lang='lat' dir='ltr'>demonstravit</span> 
     </span>
    </p>
   </div>
   <div class='ocr_carea' id='block_1_37' title="bbox 2061 693 3713 768">
    <p class='ocr_par' dir='ltr' id='par_1_37' title="bbox 2061 693 3713 768">
     <span class='ocr_line' id='line_1_37' title="bbox 2061 693 3713 768; baseline 0.002 -20"><span class='ocrx_word' id='word_1_256' title='bbox 2061 693 2267 758; x_wconf 80' lang='lat' dir='ltr'>oratio,</span> <span class='ocrx_word' id='word_1_257' title='bbox 2291 698 2348 748; x_wconf 89' lang='lat' dir='ltr'>et</span> <span class='ocrx_word' id='word_1_258' title='bbox 2379 694 2757 763; x_wconf 81' lang='lat' dir='ltr'>progrediens</span> <span class='ocrx_word' id='word_1_259' title='bbox 2790 694 2983 748; x_wconf 84' lang='lat' dir='ltr'>adhuc</span> <span class='ocrx_word' id='word_1_260' title='bbox 3015 695 3232 750; x_wconf 91' lang='lat' dir='ltr'>clarius</span> <span class='ocrx_word' id='word_1_261' title='bbox 3262 698 3713 768; x_wconf 78' lang='lat' dir='ltr'>demonstrabit,</span> 
     </span>
    </p>
   </div>
   <div class='ocr_carea' id='block_1_38' title="bbox 2060 781 3714 858">
    <p class='ocr_par' dir='ltr' id='par_1_38' title="bbox 2060 781 3714 858">
     <span class='ocr_line' id='line_1_38' title="bbox 2060 781 3714 858; baseline 0.004 -22"><span class='ocrx_word' id='word_1_262' title='bbox 2060 782 2408 852; x_wconf 65' lang='lat' dir='ltr'>incorrupta:</span> <span class='ocrx_word' id='word_1_263' title='bbox 2461 782 2519 835; x_wconf 93' lang='lat' dir='ltr'>in</span> <span class='ocrx_word' id='word_1_264' title='bbox 2554 781 2755 836; x_wconf 88' lang='lat' dir='ltr'>anima</span> <span class='ocrx_word' id='word_1_265' title='bbox 2804 781 3267 854; x_wconf 80' lang='lat' dir='ltr'>pulchritudinis</span> <span class='ocrx_word' id='word_1_266' title='bbox 3319 785 3557 858; x_wconf 88' lang='lat' dir='ltr'>propria</span> <span class='ocrx_word' id='word_1_267' title='bbox 3605 791 3714 858; x_wconf 86' lang='lat' dir='ltr'>est,</span> 
     </span>
    </p>
   </div>
   <div class='ocr_carea' id='block_1_39' title="bbox 2060 869 3715 944">
    <p class='ocr_par' dir='ltr' id='par_1_39' title="bbox 2060 869 3715 944">
     <span class='ocr_line' id='line_1_39' title="bbox 2060 869 3715 944; baseline 0.004 -19"><span class='ocrx_word' id='word_1_268' title='bbox 2060 875 2298 942; x_wconf 83' lang='lat' dir='ltr'>propter</span> <span class='ocrx_word' id='word_1_269' title='bbox 2327 887 2504 942; x_wconf 88' lang='lat' dir='ltr'>quam</span> <span class='ocrx_word' id='word_1_270' title='bbox 2554 874 2610 926; x_wconf 88' lang='lat' dir='ltr'>et</span> <span class='ocrx_word' id='word_1_271' title='bbox 2639 869 2901 942; x_wconf 90' lang='lat' dir='ltr'>corporis</span> <span class='ocrx_word' id='word_1_272' title='bbox 2935 876 3280 926; x_wconf 87' lang='lat' dir='ltr'>exercentur</span> <span class='ocrx_word' id='word_1_273' title='bbox 3325 873 3600 944; x_wconf 70' lang='lat' dir='ltr'>praeclare</span> <span class='ocrx_word' id='word_1_274' title='bbox 3631 876 3715 931; x_wconf 90' lang='lat' dir='ltr'>fa-</span> 
     </span>
    </p>
   </div>
   <div class='ocr_carea' id='block_1_40' title="bbox 2061 958 3716 1031">
    <p class='ocr_par' dir='ltr' id='par_1_40' title="bbox 2061 958 3716 1031">
     <span class='ocr_line' id='line_1_40' title="bbox 2061 958 3716 1031; baseline 0.002 -17"><span class='ocrx_word' id='word_1_275' title='bbox 2061 959 2374 1027; x_wconf 84' lang='lat' dir='ltr'>cta;multi</span> <span class='ocrx_word' id='word_1_276' title='bbox 2406 963 2601 1014; x_wconf 84' lang='lat' dir='ltr'>autem</span> <span class='ocrx_word' id='word_1_277' title='bbox 2633 958 2853 1014; x_wconf 86' lang='lat' dir='ltr'>nomini</span> <span class='ocrx_word' id='word_1_278' title='bbox 2889 960 3244 1031; x_wconf 81' lang='lat' dir='ltr'>virginitatis</span> <span class='ocrx_word' id='word_1_279' title='bbox 3276 961 3384 1016; x_wconf 92' lang='lat' dir='ltr'>soli</span> <span class='ocrx_word' id='word_1_280' title='bbox 3419 965 3716 1018; x_wconf 86' lang='lat' dir='ltr'>attenden-</span> 
     </span>
    </p>
   </div>
   <div class='ocr_carea' id='block_1_41' title="bbox 2058 1047 3717 1123">
    <p class='ocr_par' dir='ltr' id='par_1_41' title="bbox 2058 1047 3717 1123">
     <span class='ocr_line' id='line_1_41' title="bbox 2058 1047 3717 1123; baseline 0.004 -22"><span class='ocrx_word' id='word_1_281' title='bbox 2058 1051 2168 1115; x_wconf 89' lang='lat' dir='ltr'>tes,</span> <span class='ocrx_word' id='word_1_282' title='bbox 2205 1047 2428 1103; x_wconf 89' lang='lat' dir='ltr'>nullam</span> <span class='ocrx_word' id='word_1_283' title='bbox 2459 1065 2603 1103; x_wconf 61' lang='lat' dir='ltr'>vera</span> <span class='ocrx_word' id='word_1_284' title='bbox 2654 1048 3014 1119; x_wconf 83' lang='lat' dir='ltr'>virginitatis</span> <span class='ocrx_word' id='word_1_285' title='bbox 3062 1065 3264 1104; x_wconf 88' lang='lat' dir='ltr'>curam</span> <span class='ocrx_word' id='word_1_286' title='bbox 3299 1055 3513 1123; x_wconf 89' lang='lat' dir='ltr'>gerunt</span> <span class='ocrx_word' id='word_1_287' title='bbox 3543 1068 3556 1118; x_wconf 89' lang='lat'><strong>;</strong></span> <span class='ocrx_word' id='word_1_288' title='bbox 3591 1069 3717 1123; x_wconf 90' lang='lat' dir='ltr'>pro-</span> 
     </span>
    </p>
   </div>
   <div class='ocr_carea' id='block_1_42' title="bbox 2061 1137 3719 1210">
    <p class='ocr_par' dir='ltr' id='par_1_42' title="bbox 2061 1137 3719 1210">
     <span class='ocr_line' id='line_1_42' title="bbox 2061 1137 3719 1210; baseline 0.003 -18"><span class='ocrx_word' id='word_1_289' title='bbox 2061 1141 2260 1210; x_wconf 88' lang='lat' dir='ltr'>pterea</span> <span class='ocrx_word' id='word_1_290' title='bbox 2297 1137 2650 1204; x_wconf 85' lang='lat' dir='ltr'>necessario,</span> <span class='ocrx_word' id='word_1_291' title='bbox 2685 1142 2751 1192; x_wconf 87' lang='lat' dir='ltr'>ut</span> <span class='ocrx_word' id='word_1_292' title='bbox 2800 1139 3029 1208; x_wconf 87' lang='lat' dir='ltr'>opinor,</span> <span class='ocrx_word' id='word_1_293' title='bbox 3063 1155 3163 1194; x_wconf 91' lang='lat' dir='ltr'>eos</span> <span class='ocrx_word' id='word_1_294' title='bbox 3213 1139 3314 1210; x_wconf 90' lang='lat' dir='ltr'>qui</span> <span class='ocrx_word' id='word_1_295' title='bbox 3366 1140 3719 1210; x_wconf 79' lang='lat' dir='ltr'>virginitatis</span> 
     </span>
    </p>
   </div>
   <div class='ocr_carea' id='block_1_43' title="bbox 2061 1225 3721 1298">
    <p class='ocr_par' dir='ltr' id='par_1_43' title="bbox 2061 1225 3721 1298">
     <span class='ocr_line' id='line_1_43' title="bbox 2061 1225 3721 1298; baseline 0.003 -18"><span class='ocrx_word' id='word_1_296' title='bbox 2061 1242 2338 1281; x_wconf 84' lang='lat' dir='ltr'>coronam</span> <span class='ocrx_word' id='word_1_297' title='bbox 2370 1225 2644 1296; x_wconf 89' lang='lat' dir='ltr'>consequi</span> <span class='ocrx_word' id='word_1_298' title='bbox 2677 1226 2941 1297; x_wconf 91' lang='lat' dir='ltr'>cupiunt,</span> <span class='ocrx_word' id='word_1_299' title='bbox 2976 1243 3081 1298; x_wconf 88' lang='lat' dir='ltr'>pro</span> <span class='ocrx_word' id='word_1_300' title='bbox 3107 1227 3333 1281; x_wconf 85' lang='lat' dir='ltr'>viribus</span> <span class='ocrx_word' id='word_1_301' title='bbox 3365 1229 3721 1285; x_wconf 89' lang='lat' dir='ltr'>submonere</span> 
     </span>
    </p>
   </div>
   <div class='ocr_carea' id='block_1_44' title="bbox 2063 1315 3718 1390">
    <p class='ocr_par' dir='ltr' id='par_1_44' title="bbox 2063 1315 3718 1390">
     <span class='ocr_line' id='line_1_44' title="bbox 2063 1315 3718 1390; baseline 0.001 -20"><span class='ocrx_word' id='word_1_302' title='bbox 2063 1315 2339 1380; x_wconf 90' lang='lat' dir='ltr'>conabor,</span> <span class='ocrx_word' id='word_1_303' title='bbox 2371 1319 2436 1370; x_wconf 90' lang='lat' dir='ltr'>ut</span> <span class='ocrx_word' id='word_1_304' title='bbox 2456 1330 2527 1369; x_wconf 91' lang='lat' dir='ltr'>ne</span> <span class='ocrx_word' id='word_1_305' title='bbox 2551 1315 2870 1370; x_wconf 86' lang='lat' dir='ltr'>inscienter</span> <span class='ocrx_word' id='word_1_306' title='bbox 2892 1317 3252 1387; x_wconf 84' lang='lat' dir='ltr'>praecipuum</span> <span class='ocrx_word' id='word_1_307' title='bbox 3277 1317 3500 1373; x_wconf 91' lang='lat' dir='ltr'>bonum</span> <span class='ocrx_word' id='word_1_308' title='bbox 3533 1319 3718 1390; x_wconf 69' lang='lat' dir='ltr'>negli~</span> 
     </span>
    </p>
   </div>
   <div class='ocr_carea' id='block_1_45' title="bbox 2063 1403 3722 1475">
    <p class='ocr_par' dir='ltr' id='par_1_45' title="bbox 2063 1403 3722 1475">
     <span class='ocr_line' id='line_1_45' title="bbox 2063 1403 3722 1475; baseline 0.002 -16"><span class='ocrx_word' id='word_1_309' title='bbox 2063 1407 2290 1475; x_wconf 86' lang='lat' dir='ltr'>gentes,</span> <span class='ocrx_word' id='word_1_310' title='bbox 2324 1407 2510 1458; x_wconf 90' lang='lat' dir='ltr'>totam</span> <span class='ocrx_word' id='word_1_311' title='bbox 2559 1405 2741 1458; x_wconf 90' lang='lat' dir='ltr'>vitam</span> <span class='ocrx_word' id='word_1_312' title='bbox 2776 1404 2836 1458; x_wconf 91' lang='lat' dir='ltr'>in</span> <span class='ocrx_word' id='word_1_313' title='bbox 2869 1403 3094 1458; x_wconf 66' lang='lat' dir='ltr'>ancillae</span> <span class='ocrx_word' id='word_1_314' title='bbox 3152 1405 3311 1460; x_wconf 90' lang='lat' dir='ltr'>cultu</span> <span class='ocrx_word' id='word_1_315' title='bbox 3347 1412 3722 1475; x_wconf 85' lang='lat' dir='ltr'>consumant,</span> 
     </span>
    </p>
   </div>
   <div class='ocr_carea' id='block_1_46' title="bbox 2063 1491 3722 1563">
    <p class='ocr_par' dir='ltr' id='par_1_46' title="bbox 2063 1491 3722 1563">
     <span class='ocr_line' id='line_1_46' title="bbox 2063 1491 3722 1563; baseline 0.002 -16"><span class='ocrx_word' id='word_1_316' title='bbox 2063 1497 2199 1547; x_wconf 90' lang='lat' dir='ltr'>eteo</span> <span class='ocrx_word' id='word_1_317' title='bbox 2221 1492 2375 1563; x_wconf 92' lang='lat' dir='ltr'>quod</span> <span class='ocrx_word' id='word_1_318' title='bbox 2401 1508 2696 1563; x_wconf 85' lang='lat' dir='ltr'>nunquam</span> <span class='ocrx_word' id='word_1_319' title='bbox 2717 1491 2878 1548; x_wconf 89' lang='lat' dir='ltr'>illius</span> <span class='ocrx_word' id='word_1_320' title='bbox 2901 1493 3203 1548; x_wconf 88' lang='lat' dir='ltr'>dominam</span> <span class='ocrx_word' id='word_1_321' title='bbox 3226 1494 3722 1562; x_wconf 87' lang='lat' dir='ltr'>eoluerint,etiam</span> 
     </span>
    </p>
   </div>
   <div class='ocr_carea' id='block_1_47' title="bbox 2063 1581 3722 1657">
    <p class='ocr_par' dir='ltr' id='par_1_47' title="bbox 2063 1581 3722 1657">
     <span class='ocr_line' id='line_1_47' title="bbox 2063 1581 3722 1657; baseline 0.002 -21"><span class='ocrx_word' id='word_1_322' title='bbox 2063 1581 2325 1652; x_wconf 87' lang='lat' dir='ltr'>corporis</span> <span class='ocrx_word' id='word_1_323' title='bbox 2344 1581 2741 1652; x_wconf 83' lang='lat' dir='ltr'>virginitatem</span> <span class='ocrx_word' id='word_1_324' title='bbox 2783 1599 2896 1637; x_wconf 92' lang='lat' dir='ltr'>non</span> <span class='ocrx_word' id='word_1_325' title='bbox 2922 1587 3262 1638; x_wconf 86' lang='lat' dir='ltr'>exornatam</span> <span class='ocrx_word' id='word_1_326' title='bbox 3295 1584 3556 1642; x_wconf 90' lang='lat' dir='ltr'>interiori</span> <span class='ocrx_word' id='word_1_327' title='bbox 3591 1586 3722 1657; x_wconf 89' lang='lat' dir='ltr'>pul-</span> 
     </span>
    </p>
   </div>
   <div class='ocr_carea' id='block_1_48' title="bbox 2064 1669 3724 1748">
    <p class='ocr_par' dir='ltr' id='par_1_48' title="bbox 2064 1669 3724 1748">
     <span class='ocr_line' id='line_1_48' title="bbox 2064 1669 3724 1748; baseline 0.004 -24"><span class='ocrx_word' id='word_1_328' title='bbox 2064 1669 2400 1725; x_wconf 90' lang='lat' dir='ltr'>chritudine</span> <span class='ocrx_word' id='word_1_329' title='bbox 2429 1676 2562 1742; x_wconf 87' lang='lat' dir='ltr'>post</span> <span class='ocrx_word' id='word_1_330' title='bbox 2592 1671 2811 1726; x_wconf 88' lang='lat' dir='ltr'>multos</span> <span class='ocrx_word' id='word_1_331' title='bbox 2845 1672 3092 1727; x_wconf 80' lang='lat' dir='ltr'>sudores</span> <span class='ocrx_word' id='word_1_332' title='bbox 3123 1673 3418 1729; x_wconf 85' lang='lat' dir='ltr'>amittant.</span> <span class='ocrx_word' id='word_1_333' title='bbox 3437 1674 3509 1730; x_wconf 92' lang='lat' dir='ltr'>Ut</span> <span class='ocrx_word' id='word_1_334' title='bbox 3539 1674 3724 1748; x_wconf 86' lang='lat' dir='ltr'>igitur</span> 
     </span>
    </p>
   </div>
   <div class='ocr_carea' id='block_1_49' title="bbox 2064 1759 3721 1834">
    <p class='ocr_par' dir='ltr' id='par_1_49' title="bbox 2064 1759 3721 1834">
     <span class='ocr_line' id='line_1_49' title="bbox 2064 1759 3721 1834; baseline 0.004 -20"><span class='ocrx_word' id='word_1_335' title='bbox 2064 1759 2218 1815; x_wconf 87' lang='lat' dir='ltr'>clare</span> <span class='ocrx_word' id='word_1_336' title='bbox 2250 1759 2484 1830; x_wconf 82' lang='lat' dir='ltr'>singula</span> <span class='ocrx_word' id='word_1_337' title='bbox 2530 1761 2600 1814; x_wconf 89' lang='lat' dir='ltr'>ad</span> <span class='ocrx_word' id='word_1_338' title='bbox 2633 1777 2778 1815; x_wconf 73' lang='lat' dir='ltr'>verae</span> <span class='ocrx_word' id='word_1_339' title='bbox 2809 1760 3169 1832; x_wconf 81' lang='lat' dir='ltr'>virginitatis</span> <span class='ocrx_word' id='word_1_340' title='bbox 3219 1761 3721 1834; x_wconf 87' lang='lat' dir='ltr'>pulchritudinem</span> 
     </span>
    </p>
   </div>
   <div class='ocr_carea' id='block_1_50' title="bbox 2067 1849 3723 1925">
    <p class='ocr_par' dir='ltr' id='par_1_50' title="bbox 2067 1849 3723 1925">
     <span class='ocr_line' id='line_1_50' title="bbox 2067 1849 3723 1925; baseline 0.004 -22"><span class='ocrx_word' id='word_1_341' title='bbox 2067 1849 2376 1904; x_wconf 90' lang='lat' dir='ltr'>attinentia</span> <span class='ocrx_word' id='word_1_342' title='bbox 2404 1854 2877 1921; x_wconf 86' lang='lat' dir='ltr'>cernantur,age,</span> <span class='ocrx_word' id='word_1_343' title='bbox 2913 1850 3212 1921; x_wconf 88' lang='lat' dir='ltr'>quodnam</span> <span class='ocrx_word' id='word_1_344' title='bbox 3245 1852 3318 1906; x_wconf 88' lang='lat' dir='ltr'>ad</span> <span class='ocrx_word' id='word_1_345' title='bbox 3353 1853 3723 1925; x_wconf 83' lang='lat' dir='ltr'>propositum</span> 
     </span>
    </p>
   </div>
   <div class='ocr_carea' id='block_1_51' title="bbox 2064 1937 3723 2011">
    <p class='ocr_par' dir='ltr' id='par_1_51' title="bbox 2064 1937 3723 2011">
     <span class='ocr_line' id='line_1_51' title="bbox 2064 1937 3723 2011; baseline 0.004 -19"><span class='ocrx_word' id='word_1_346' title='bbox 2064 1937 2228 2009; x_wconf 89' lang='lat' dir='ltr'>virgo</span> <span class='ocrx_word' id='word_1_347' title='bbox 2279 1937 2626 2010; x_wconf 87' lang='lat' dir='ltr'>respiciens,</span> <span class='ocrx_word' id='word_1_348' title='bbox 2659 1955 2829 1993; x_wconf 88' lang='lat' dir='ltr'>suam</span> <span class='ocrx_word' id='word_1_349' title='bbox 2879 1937 3070 2009; x_wconf 89' lang='lat' dir='ltr'>ipsius</span> <span class='ocrx_word' id='word_1_350' title='bbox 3121 1938 3511 2011; x_wconf 87' lang='lat' dir='ltr'>virginitatem</span> <span class='ocrx_word' id='word_1_351' title='bbox 3560 1958 3723 1998; x_wconf 86' lang='lat' dir='ltr'>exer-</span> 
     </span>
    </p>
   </div>
   <div class='ocr_carea' id='block_1_52' title="bbox 2067 2026 3723 2099">
    <p class='ocr_par' dir='ltr' id='par_1_52' title="bbox 2067 2026 3723 2099">
     <span class='ocr_line' id='line_1_52' title="bbox 2067 2026 3723 2099; baseline 0.003 -17"><span class='ocrx_word' id='word_1_352' title='bbox 2067 2030 2210 2096; x_wconf 90' lang='lat' dir='ltr'>ceat,</span> <span class='ocrx_word' id='word_1_353' title='bbox 2231 2026 2691 2082; x_wconf 86' lang='lat' dir='ltr'>consideremus.</span> <span class='ocrx_word' id='word_1_354' title='bbox 2724 2026 2815 2082; x_wconf 87' lang='lat' dir='ltr'>Sic</span> <span class='ocrx_word' id='word_1_355' title='bbox 2846 2027 3002 2082; x_wconf 89' lang='lat' dir='ltr'>enim</span> <span class='ocrx_word' id='word_1_356' title='bbox 3039 2027 3097 2081; x_wconf 91' lang='lat' dir='ltr'>in</span> <span class='ocrx_word' id='word_1_357' title='bbox 3129 2028 3380 2099; x_wconf 88' lang='lat' dir='ltr'>singulis</span> <span class='ocrx_word' id='word_1_358' title='bbox 3410 2029 3570 2086; x_wconf 89' lang='lat' dir='ltr'>illius</span> <span class='ocrx_word' id='word_1_359' title='bbox 3603 2048 3723 2087; x_wconf 85' lang='lat' dir='ltr'>mo-</span> 
     </span>
    </p>
   </div>
   <div class='ocr_carea' id='block_1_53' title="bbox 2065 2116 3723 2190">
    <p class='ocr_par' dir='ltr' id='par_1_53' title="bbox 2065 2116 3723 2190">
     <span class='ocr_line' id='line_1_53' title="bbox 2065 2116 3723 2190; baseline 0.003 -19"><span class='ocrx_word' id='word_1_360' title='bbox 2065 2116 2248 2185; x_wconf 85' lang='lat' dir='ltr'>tibus,</span> <span class='ocrx_word' id='word_1_361' title='bbox 2277 2120 2474 2170; x_wconf 92' lang='lat' dir='ltr'>utrum</span> <span class='ocrx_word' id='word_1_362' title='bbox 2508 2116 2578 2171; x_wconf 91' lang='lat' dir='ltr'>ad</span> <span class='ocrx_word' id='word_1_363' title='bbox 2626 2117 2994 2188; x_wconf 90' lang='lat' dir='ltr'>propositum</span> <span class='ocrx_word' id='word_1_364' title='bbox 3043 2117 3315 2172; x_wconf 90' lang='lat' dir='ltr'>collineet</span> <span class='ocrx_word' id='word_1_365' title='bbox 3345 2135 3612 2190; x_wconf 90' lang='lat' dir='ltr'>scepum,</span> <span class='ocrx_word' id='word_1_366' title='bbox 3649 2137 3723 2176; x_wconf 88' lang='lat' dir='ltr'>an</span> 
     </span>
    </p>
   </div>
   <div class='ocr_carea' id='block_1_54' title="bbox 2067 2201 3726 2280">
    <p class='ocr_par' dir='ltr' id='par_1_54' title="bbox 2067 2201 3726 2280">
     <span class='ocr_line' id='line_1_54' title="bbox 2067 2201 3726 2280; baseline 0.004 -23"><span class='ocrx_word' id='word_1_367' title='bbox 2067 2201 2226 2258; x_wconf 88' lang='lat' dir='ltr'>aliud</span> <span class='ocrx_word' id='word_1_368' title='bbox 2259 2202 2371 2257; x_wconf 88' lang='lat' dir='ltr'>sibi</span> <span class='ocrx_word' id='word_1_369' title='bbox 2404 2208 2833 2274; x_wconf 90' lang='lat' dir='ltr'>proponens,et</span> <span class='ocrx_word' id='word_1_370' title='bbox 2865 2203 2976 2259; x_wconf 90' lang='lat' dir='ltr'>alio</span> <span class='ocrx_word' id='word_1_371' title='bbox 3004 2204 3305 2274; x_wconf 77' lang='lat' dir='ltr'>jaeulans,</span> <span class='ocrx_word' id='word_1_372' title='bbox 3339 2224 3371 2261; x_wconf 88' lang='lat' dir='ltr'>a</span> <span class='ocrx_word' id='word_1_373' title='bbox 3402 2224 3508 2262; x_wconf 88' lang='lat' dir='ltr'>suo</span> <span class='ocrx_word' id='word_1_374' title='bbox 3535 2209 3726 2280; x_wconf 88' lang='lat' dir='ltr'>ipsius</span> 
     </span>
    </p>
   </div>
   <div class='ocr_carea' id='block_1_55' title="bbox 2068 2291 3726 2363">
    <p class='ocr_par' dir='ltr' id='par_1_55' title="bbox 2068 2291 3726 2363">
     <span class='ocr_line' id='line_1_55' title="bbox 2068 2291 3726 2363; baseline 0.005 -18"><span class='ocrx_word' id='word_1_375' title='bbox 2068 2291 2365 2363; x_wconf 90' lang='lat' dir='ltr'>proposito</span> <span class='ocrx_word' id='word_1_376' title='bbox 2397 2292 2648 2360; x_wconf 85' lang='lat' dir='ltr'>aberret,</span> <span class='ocrx_word' id='word_1_377' title='bbox 2678 2299 2964 2363; x_wconf 86' lang='lat' dir='ltr'>tanquem</span> <span class='ocrx_word' id='word_1_378' title='bbox 3000 2294 3058 2348; x_wconf 91' lang='lat' dir='ltr'>in</span> <span class='ocrx_word' id='word_1_379' title='bbox 3093 2310 3301 2350; x_wconf 89' lang='lat' dir='ltr'>serena</span> <span class='ocrx_word' id='word_1_380' title='bbox 3331 2295 3461 2350; x_wconf 88' lang='lat' dir='ltr'>luce</span> <span class='ocrx_word' id='word_1_381' title='bbox 3492 2298 3726 2353; x_wconf 88' lang='lat' dir='ltr'>intuen-</span> 
     </span>
    </p>
   </div>
   <div class='ocr_carea' id='block_1_56' title="bbox 2067 2380 3725 2455">
    <p class='ocr_par' dir='ltr' id='par_1_56' title="bbox 2067 2380 3725 2455">
     <span class='ocr_line' id='line_1_56' title="bbox 2067 2380 3725 2455; baseline 0.004 -19"><span class='ocrx_word' id='word_1_382' title='bbox 2067 2383 2178 2449; x_wconf 87' lang='lat' dir='ltr'>tes,</span> <span class='ocrx_word' id='word_1_383' title='bbox 2207 2397 2477 2452; x_wconf 70' lang='lat' dir='ltr'>quaanam</span> <span class='ocrx_word' id='word_1_384' title='bbox 2503 2396 2635 2435; x_wconf 89' lang='lat' dir='ltr'>vere</span> <span class='ocrx_word' id='word_1_385' title='bbox 2655 2380 2816 2453; x_wconf 88' lang='lat' dir='ltr'>virgo</span> <span class='ocrx_word' id='word_1_386' title='bbox 2865 2381 2965 2446; x_wconf 86' lang='lat' dir='ltr'>sit,</span> <span class='ocrx_word' id='word_1_387' title='bbox 2998 2399 3348 2454; x_wconf 86' lang='lat' dir='ltr'>cognoscere</span> <span class='ocrx_word' id='word_1_388' title='bbox 3376 2385 3725 2455; x_wconf 89' lang='lat' dir='ltr'>poterimus.</span> 
     </span>
    </p>
   </div>
   <div class='ocr_carea' id='block_1_57' title="bbox 2137 2469 3724 2542">
    <p class='ocr_par' dir='ltr' id='par_1_57' title="bbox 2137 2469 3724 2542">
     <span class='ocr_line' id='line_1_57' title="bbox 2137 2469 3724 2542; baseline 0.004 -18"><span class='ocrx_word' id='word_1_389' title='bbox 2137 2470 2190 2524; x_wconf 91' lang='lat'><strong><em>3.</em></strong></span> <span class='ocrx_word' id='word_1_390' title='bbox 2227 2470 2312 2523; x_wconf 84' lang='lat' dir='ltr'>Ab</span> <span class='ocrx_word' id='word_1_391' title='bbox 2335 2469 2560 2542; x_wconf 90' lang='lat' dir='ltr'>origine</span> <span class='ocrx_word' id='word_1_392' title='bbox 2582 2473 2780 2527; x_wconf 89' lang='lat' dir='ltr'>autem</span> <span class='ocrx_word' id='word_1_393' title='bbox 2813 2472 3104 2541; x_wconf 91' lang='lat' dir='ltr'>quomodo</span> <span class='ocrx_word' id='word_1_394' title='bbox 3135 2489 3203 2527; x_wconf 78' lang='lat' dir='ltr'>ex</span> <span class='ocrx_word' id='word_1_395' title='bbox 3225 2478 3437 2529; x_wconf 87' lang='lat' dir='ltr'>natura</span> <span class='ocrx_word' id='word_1_396' title='bbox 3459 2491 3588 2531; x_wconf 91' lang='lat' dir='ltr'>sese</span> <span class='ocrx_word' id='word_1_397' title='bbox 3617 2475 3724 2531; x_wconf 88' lang='lat' dir='ltr'>ha-</span> 
     </span>
    </p>
   </div>
   <div class='ocr_carea' id='block_1_58' title="bbox 2069 2559 3728 2635">
    <p class='ocr_par' dir='ltr' id='par_1_58' title="bbox 2069 2559 3728 2635">
     <span class='ocr_line' id='line_1_58' title="bbox 2069 2559 3728 2635; baseline 0.004 -21"><span class='ocrx_word' id='word_1_398' title='bbox 2069 2559 2204 2614; x_wconf 86' lang='lat' dir='ltr'>beat</span> <span class='ocrx_word' id='word_1_399' title='bbox 2235 2560 2450 2614; x_wconf 89' lang='lat' dir='ltr'>femina</span> <span class='ocrx_word' id='word_1_400' title='bbox 2480 2559 2550 2614; x_wconf 90' lang='lat' dir='ltr'>ad</span> <span class='ocrx_word' id='word_1_401' title='bbox 2584 2561 2886 2628; x_wconf 88' lang='lat' dir='ltr'>marem,si</span> <span class='ocrx_word' id='word_1_402' title='bbox 2915 2560 2996 2616; x_wconf 91' lang='lat' dir='ltr'>ita</span> <span class='ocrx_word' id='word_1_403' title='bbox 3026 2560 3238 2633; x_wconf 87' lang='lat' dir='ltr'>placet,</span> <span class='ocrx_word' id='word_1_404' title='bbox 3263 2563 3728 2635; x_wconf 87' lang='lat' dir='ltr'>consideremus,</span> 
     </span>
    </p>
   </div>
   <div class='ocr_carea' id='block_1_59' title="bbox 2071 2648 3730 2724">
    <p class='ocr_par' dir='ltr' id='par_1_59' title="bbox 2071 2648 3730 2724">
     <span class='ocr_line' id='line_1_59' title="bbox 2071 2648 3730 2724; baseline 0.004 -22"><span class='ocrx_word' id='word_1_405' title='bbox 2071 2652 2214 2704; x_wconf 86' lang='lat' dir='ltr'>utet</span> <span class='ocrx_word' id='word_1_406' title='bbox 2234 2648 2587 2721; x_wconf 88' lang='lat' dir='ltr'>virginitatis</span> <span class='ocrx_word' id='word_1_407' title='bbox 2609 2666 2856 2722; x_wconf 91' lang='lat' dir='ltr'>scopum</span> <span class='ocrx_word' id='word_1_408' title='bbox 2881 2650 3160 2706; x_wconf 88' lang='lat' dir='ltr'>distincte</span> <span class='ocrx_word' id='word_1_409' title='bbox 3186 2651 3564 2724; x_wconf 86' lang='lat' dir='ltr'>explanatum</span> <span class='ocrx_word' id='word_1_410' title='bbox 3597 2671 3730 2709; x_wconf 87' lang='lat' dir='ltr'>con-</span> 
     </span>
    </p>
   </div>
   <div class='ocr_carea' id='block_1_60' title="bbox 2070 2737 3724 2813">
    <p class='ocr_par' dir='ltr' id='par_1_60' title="bbox 2070 2737 3724 2813">
     <span class='ocr_line' id='line_1_60' title="bbox 2070 2737 3724 2813; baseline 0.005 -21"><span class='ocrx_word' id='word_1_411' title='bbox 2070 2737 2414 2809; x_wconf 86' lang='lat' dir='ltr'>spiciamus.</span> <span class='ocrx_word' id='word_1_412' title='bbox 2448 2743 2526 2793; x_wconf 84' lang='lat' dir='ltr'>Ex</span> <span class='ocrx_word' id='word_1_413' title='bbox 2575 2739 2778 2811; x_wconf 88' lang='lat' dir='ltr'>paucis</span> <span class='ocrx_word' id='word_1_414' title='bbox 2827 2740 2986 2795; x_wconf 88' lang='lat' dir='ltr'>enim</span> <span class='ocrx_word' id='word_1_415' title='bbox 3038 2741 3248 2812; x_wconf 89' lang='lat' dir='ltr'>primis</span> <span class='ocrx_word' id='word_1_416' title='bbox 3297 2742 3724 2813; x_wconf 85' lang='lat' dir='ltr'>animantibus,</span> 
     </span>
    </p>
   </div>
   <div class='ocr_carea' id='block_1_61' title="bbox 2069 2827 3726 2904">
    <p class='ocr_par' dir='ltr' id='par_1_61' title="bbox 2069 2827 3726 2904">
     <span class='ocr_line' id='line_1_61' title="bbox 2069 2827 3726 2904; baseline 0.003 -21"><span class='ocrx_word' id='word_1_417' title='bbox 2069 2831 2355 2898; x_wconf 87' lang='lat' dir='ltr'>tanquam</span> <span class='ocrx_word' id='word_1_418' title='bbox 2390 2843 2459 2882; x_wconf 84' lang='lat' dir='ltr'>ex</span> <span class='ocrx_word' id='word_1_419' title='bbox 2489 2827 2786 2898; x_wconf 89' lang='lat' dir='ltr'>primariis</span> <span class='ocrx_word' id='word_1_420' title='bbox 2819 2830 3176 2900; x_wconf 89' lang='lat' dir='ltr'>quibusdam</span> <span class='ocrx_word' id='word_1_421' title='bbox 3207 2831 3558 2904; x_wconf 75' lang='lat' dir='ltr'>seminibus,</span> <span class='ocrx_word' id='word_1_422' title='bbox 3589 2849 3726 2890; x_wconf 91' lang='lat' dir='ltr'>cum</span> 
     </span>
    </p>
   </div>
   <div class='ocr_carea' id='block_1_62' title="bbox 2072 2917 3727 2992">
    <p class='ocr_par' dir='ltr' id='par_1_62' title="bbox 2072 2917 3727 2992">
     <span class='ocr_line' id='line_1_62' title="bbox 2072 2917 3727 2992; baseline 0.003 -21"><span class='ocrx_word' id='word_1_423' title='bbox 2072 2917 2362 2972; x_wconf 90' lang='lat' dir='ltr'>mundum</span> <span class='ocrx_word' id='word_1_424' title='bbox 2393 2918 2628 2973; x_wconf 88' lang='lat' dir='ltr'>Creator</span> <span class='ocrx_word' id='word_1_425' title='bbox 2655 2918 2905 2990; x_wconf 89' lang='lat' dir='ltr'>implere</span> <span class='ocrx_word' id='word_1_426' title='bbox 2935 2918 3143 2988; x_wconf 89' lang='lat' dir='ltr'>vellet;</span> <span class='ocrx_word' id='word_1_427' title='bbox 3179 2922 3469 2992; x_wconf 83' lang='lat' dir='ltr'>cujusque</span> <span class='ocrx_word' id='word_1_428' title='bbox 3511 2922 3727 2992; x_wconf 86' lang='lat' dir='ltr'>speciei</span> 
     </span>
    </p>
   </div>
   <div class='ocr_carea' id='block_1_63' title="bbox 2071 3003 3728 3081">
    <p class='ocr_par' dir='ltr' id='par_1_63' title="bbox 2071 3003 3728 3081">
     <span class='ocr_line' id='line_1_63' title="bbox 2071 3003 3728 3081; baseline 0.002 -21"><span class='ocrx_word' id='word_1_429' title='bbox 2071 3003 2617 3074; x_wconf 84' lang='lat' dir='ltr'>animalium,quasi</span> <span class='ocrx_word' id='word_1_430' title='bbox 2650 3021 2830 3060; x_wconf 90' lang='lat' dir='ltr'>unam</span> <span class='ocrx_word' id='word_1_431' title='bbox 2865 3007 3183 3076; x_wconf 85' lang='lat' dir='ltr'>quamdam</span> <span class='ocrx_word' id='word_1_432' title='bbox 3216 3008 3496 3077; x_wconf 89' lang='lat' dir='ltr'>radicem,</span> <span class='ocrx_word' id='word_1_433' title='bbox 3517 3025 3728 3081; x_wconf 85' lang='lat' dir='ltr'>corpo-</span> 
     </span>
    </p>
   </div>
   <div class='ocr_carea' id='block_1_64' title="bbox 2073 3092 3724 3153">
    <p class='ocr_par' dir='ltr' id='par_1_64' title="bbox 2073 3092 3724 3153">
     <span class='ocr_line' id='line_1_64' title="bbox 2073 3092 3724 3153; baseline 0.003 -5"><span class='ocrx_word' id='word_1_434' title='bbox 2073 3093 2212 3148; x_wconf 89' lang='lat' dir='ltr'>ralis</span> <span class='ocrx_word' id='word_1_435' title='bbox 2234 3092 2507 3147; x_wconf 87' lang='lat' dir='ltr'>animalis</span> <span class='ocrx_word' id='word_1_436' title='bbox 2531 3093 2780 3147; x_wconf 89' lang='lat' dir='ltr'>formam</span> <span class='ocrx_word' id='word_1_437' title='bbox 2804 3094 2874 3148; x_wconf 88' lang='lat' dir='ltr'>ab</span> <span class='ocrx_word' id='word_1_438' title='bbox 2899 3093 3065 3149; x_wconf 88' lang='lat' dir='ltr'>initio</span> <span class='ocrx_word' id='word_1_439' title='bbox 3087 3095 3414 3150; x_wconf 89' lang='lat' dir='ltr'>constituit.</span> <span class='ocrx_word' id='word_1_440' title='bbox 3431 3096 3592 3152; x_wconf 82' lang='lat' dir='ltr'>I-Iane</span> <span class='ocrx_word' id='word_1_441' title='bbox 3623 3115 3724 3153; x_wconf 89' lang='lat' dir='ltr'>au-</span> 
     </span>
    </p>
   </div>
   <div class='ocr_carea' id='block_1_65' title="bbox 2071 3180 3726 3254">
    <p class='ocr_par' dir='ltr' id='par_1_65' title="bbox 2071 3180 3726 3254">
     <span class='ocr_line' id='line_1_65' title="bbox 2071 3180 3726 3254; baseline 0.002 -18"><span class='ocrx_word' id='word_1_442' title='bbox 2071 3187 2190 3236; x_wconf 91' lang='lat' dir='ltr'>tem</span> <span class='ocrx_word' id='word_1_443' title='bbox 2224 3181 2295 3235; x_wconf 90' lang='lat' dir='ltr'>ab</span> <span class='ocrx_word' id='word_1_444' title='bbox 2329 3180 2571 3236; x_wconf 87' lang='lat' dir='ltr'>animali</span> <span class='ocrx_word' id='word_1_445' title='bbox 2607 3181 2881 3236; x_wconf 89' lang='lat' dir='ltr'>rationali</span> <span class='ocrx_word' id='word_1_446' title='bbox 2926 3199 3115 3254; x_wconf 90' lang='lat' dir='ltr'>usque</span> <span class='ocrx_word' id='word_1_447' title='bbox 3143 3183 3214 3238; x_wconf 90' lang='lat' dir='ltr'>ad</span> <span class='ocrx_word' id='word_1_448' title='bbox 3251 3200 3486 3239; x_wconf 89' lang='lat' dir='ltr'>omnem</span> <span class='ocrx_word' id='word_1_449' title='bbox 3519 3186 3726 3240; x_wconf 90' lang='lat' dir='ltr'>bruto-</span> 
     </span>
    </p>
   </div>
   <div class='ocr_carea' id='block_1_66' title="bbox 310 3266 1959 3350">
    <p class='ocr_par' dir='ltr' id='par_1_66' title="bbox 310 3269 1959 3350">
     <span class='ocr_line' id='line_1_66' title="bbox 310 3269 1959 3350; baseline -0.001 -22"><span class='ocrx_word' id='word_1_450' title='bbox 310 3271 402 3336; x_wconf 88' lang='grc' dir='ltr'>δος</span> <span class='ocrx_word' id='word_1_451' title='bbox 434 3273 642 3350; x_wconf 88' lang='grc' dir='ltr'>ἀλόγου</span> <span class='ocrx_word' id='word_1_452' title='bbox 672 3275 808 3346; x_wconf 90' lang='grc'>(50),</span> <span class='ocrx_word' id='word_1_453' title='bbox 841 3271 1020 3344; x_wconf 77' lang='grc' dir='ltr'>τεμὼν</span> <span class='ocrx_word' id='word_1_454' title='bbox 1052 3270 1142 3324; x_wconf 83' lang='grc' dir='ltr'>καὶ</span> <span class='ocrx_word' id='word_1_455' title='bbox 1171 3271 1233 3324; x_wconf 87' lang='grc' dir='ltr'>τὸ</span> <span class='ocrx_word' id='word_1_456' title='bbox 1264 3271 1404 3340; x_wconf 67' lang='grc' dir='ltr'>θῆλυ</span> <span class='ocrx_word' id='word_1_457' title='bbox 1435 3277 1633 3344; x_wconf 85' lang='grc' dir='ltr'>τμῆμα</span> <span class='ocrx_word' id='word_1_458' title='bbox 1658 3276 1758 3326; x_wconf 89' lang='grc' dir='ltr'>τοῦ</span> <span class='ocrx_word' id='word_1_459' title='bbox 1807 3269 1959 3348; x_wconf 77' lang='grc' dir='ltr'>ἅρῥε-</span> 
     </span>
    </p>
   </div>
   <div class='ocr_carea' id='block_1_67' title="bbox 2076 3266 3730 3350">
    <p class='ocr_par' dir='ltr' id='par_1_67' title="bbox 2076 3269 3730 3341">
     <span class='ocr_line' id='line_1_67' title="bbox 2076 3269 3730 3341; baseline 0.004 -17"><span class='ocrx_word' id='word_1_460' title='bbox 2076 3286 2202 3324; x_wconf 90' lang='lat' dir='ltr'>rum</span> <span class='ocrx_word' id='word_1_461' title='bbox 2252 3269 2610 3324; x_wconf 77' lang='lat' dir='ltr'>animalium&quot;</span> <span class='ocrx_word' id='word_1_462' title='bbox 2636 3270 2914 3341; x_wconf 89' lang='lat' dir='ltr'>speciem,</span> <span class='ocrx_word' id='word_1_463' title='bbox 2945 3287 3078 3326; x_wconf 89' lang='lat' dir='ltr'>cum</span> <span class='ocrx_word' id='word_1_464' title='bbox 3110 3271 3169 3326; x_wconf 92' lang='lat' dir='ltr'>in</span> <span class='ocrx_word' id='word_1_465' title='bbox 3221 3289 3444 3328; x_wconf 85' lang='lat' dir='ltr'>marem</span> <span class='ocrx_word' id='word_1_466' title='bbox 3477 3278 3533 3329; x_wconf 91' lang='lat' dir='ltr'>et</span> <span class='ocrx_word' id='word_1_467' title='bbox 3565 3275 3730 3330; x_wconf 62' lang='lat' dir='ltr'>ternio</span> 
     </span>
    </p>
   </div>
   <div class='ocr_carea' id='block_1_68' title="bbox 305 3359 1961 3439">
    <p class='ocr_par' dir='ltr' id='par_1_68' title="bbox 305 3359 1961 3439">
     <span class='ocr_line' id='line_1_68' title="bbox 305 3359 1961 3439; baseline -0.001 -23"><span class='ocrx_word' id='word_1_468' title='bbox 305 3385 398 3427; x_wconf 91' lang='grc' dir='ltr'>νος</span> <span class='ocrx_word' id='word_1_469' title='bbox 445 3361 1076 3439; x_wconf 71' lang='grc' dir='ltr'>ἐργασάμενος,οἶστρον</span> <span class='ocrx_word' id='word_1_470' title='bbox 1139 3361 1234 3432; x_wconf 76' lang='grc' dir='ltr'>μὲν</span> <span class='ocrx_word' id='word_1_471' title='bbox 1293 3359 1500 3433; x_wconf 71' lang='grc' dir='ltr'>ἑκάστῳ</span> <span class='ocrx_word' id='word_1_472' title='bbox 1554 3363 1806 3434; x_wconf 83' lang='grc' dir='ltr'>τμήματι</span> <span class='ocrx_word' id='word_1_473' title='bbox 1862 3367 1961 3431; x_wconf 80' lang='grc' dir='ltr'>τῆς</span> 
     </span>
    </p>
   </div>
   <div class='ocr_carea' id='block_1_69' title="bbox 305 3446 1959 3528">
    <p class='ocr_par' dir='ltr' id='par_1_69' title="bbox 305 3446 1959 3528">
     <span class='ocr_line' id='line_1_69' title="bbox 305 3446 1959 3528; baseline 0.001 -23"><span class='ocrx_word' id='word_1_474' title='bbox 305 3452 441 3528; x_wconf 87' lang='grc' dir='ltr'>πρὸς</span> <span class='ocrx_word' id='word_1_475' title='bbox 475 3448 700 3520; x_wconf 83' lang='grc' dir='ltr'>ἄλληλα</span> <span class='ocrx_word' id='word_1_476' title='bbox 733 3446 1060 3522; x_wconf 83' lang='grc' dir='ltr'>συμπλοκῆς</span> <span class='ocrx_word' id='word_1_477' title='bbox 1115 3448 1349 3524; x_wconf 78' lang='grc' dir='ltr'>ἄῤῥητον</span> <span class='ocrx_word' id='word_1_478' title='bbox 1378 3452 1446 3521; x_wconf 81' lang='grc' dir='ltr'>τῇ</span> <span class='ocrx_word' id='word_1_479' title='bbox 1508 3448 1658 3526; x_wconf 78' lang='grc' dir='ltr'>φύσει</span> <span class='ocrx_word' id='word_1_480' title='bbox 1718 3449 1959 3520; x_wconf 66' lang='grc' dir='ltr'>ἐνέθηκε.</span> 
     </span>
    </p>
   </div>
   <div class='ocr_carea' id='block_1_70' title="bbox 297 3535 1966 3615">
    <p class='ocr_par' dir='ltr' id='par_1_70' title="bbox 297 3535 1966 3615">
     <span class='ocr_line' id='line_1_70' title="bbox 297 3535 1966 3615; baseline -0.001 -21"><span class='ocrx_word' id='word_1_481' title='bbox 297 3539 510 3596; x_wconf 80' lang='grc' dir='ltr'>Τούτων</span> <span class='ocrx_word' id='word_1_482' title='bbox 547 3539 662 3613; x_wconf 89' lang='grc'>(51)</span> <span class='ocrx_word' id='word_1_483' title='bbox 691 3536 749 3592; x_wconf 76' lang='grc' dir='ltr'>δὲ</span> <span class='ocrx_word' id='word_1_484' title='bbox 774 3538 843 3593; x_wconf 85' lang='grc' dir='ltr'>τὰ</span> <span class='ocrx_word' id='word_1_485' title='bbox 885 3537 1290 3612; x_wconf 79' lang='grc' dir='ltr'>ἀποσχιστθὲτα</span> <span class='ocrx_word' id='word_1_486' title='bbox 1328 3535 1619 3607; x_wconf 74' lang='grc' dir='ltr'>ἀλλήλων,</span> <span class='ocrx_word' id='word_1_487' title='bbox 1651 3543 1767 3600; x_wconf 86' lang='grc' dir='ltr'>ταῖς</span> <span class='ocrx_word' id='word_1_488' title='bbox 1803 3539 1966 3615; x_wconf 68' lang='grc' dir='ltr'>ἀσχά-</span> 
     </span>
    </p>
   </div>
   <div class='ocr_carea' id='block_1_71' title="bbox 298 3622 1961 3704">
    <p class='ocr_par' dir='ltr' id='par_1_71' title="bbox 298 3622 1961 3704">
     <span class='ocr_line' id='line_1_71' title="bbox 298 3622 1961 3704; baseline -0.001 -20"><span class='ocrx_word' id='word_1_489' title='bbox 298 3651 417 3692; x_wconf 93' lang='grc' dir='ltr'>τοις</span> <span class='ocrx_word' id='word_1_490' title='bbox 461 3632 560 3685; x_wconf 86' lang='grc' dir='ltr'>τοῦ</span> <span class='ocrx_word' id='word_1_491' title='bbox 609 3622 811 3704; x_wconf 76' lang='grc' dir='ltr'>ἔρωτος</span> <span class='ocrx_word' id='word_1_492' title='bbox 878 3627 1079 3700; x_wconf 84' lang='grc' dir='ltr'>μίξεσιν</span> <span class='ocrx_word' id='word_1_493' title='bbox 1143 3623 1416 3696; x_wconf 74' lang='grc' dir='ltr'>ἀλλήλοις</span> <span class='ocrx_word' id='word_1_494' title='bbox 1494 3623 1847 3699; x_wconf 68' lang='grc' dir='ltr'>συμπλίκων,</span> <span class='ocrx_word' id='word_1_495' title='bbox 1902 3626 1961 3682; x_wconf 81' lang='grc' dir='ltr'>ἐκ</span> 
     </span>
    </p>
   </div>
   <div class='ocr_carea' id='block_1_72' title="bbox 299 3713 1963 3791">
    <p class='ocr_par' dir='ltr' id='par_1_72' title="bbox 299 3713 1963 3791">
     <span class='ocr_line' id='line_1_72' title="bbox 299 3713 1963 3791; baseline -0.003 -16"><span class='ocrx_word' id='word_1_496' title='bbox 299 3726 400 3789; x_wconf 83' lang='grc' dir='ltr'>τῆς</span> <span class='ocrx_word' id='word_1_497' title='bbox 442 3715 794 3791; x_wconf 80' lang='grc' dir='ltr'>συμπλοκῆς,</span> <span class='ocrx_word' id='word_1_498' title='bbox 828 3716 962 3771; x_wconf 82' lang='grc' dir='ltr'>ἅπαν</span> <span class='ocrx_word' id='word_1_499' title='bbox 1008 3713 1150 3778; x_wconf 80' lang='grc' dir='ltr'>εἶδος</span> <span class='ocrx_word' id='word_1_500' title='bbox 1203 3716 1355 3784; x_wconf 86' lang='grc' dir='ltr'>ζώων</span> <span class='ocrx_word' id='word_1_501' title='bbox 1395 3719 1515 3776; x_wconf 86' lang='grc' dir='ltr'>ταῖς</span> <span class='ocrx_word' id='word_1_502' title='bbox 1562 3713 1622 3769; x_wconf 66' lang='grc' dir='ltr'>ὲκ</span> <span class='ocrx_word' id='word_1_503' title='bbox 1672 3716 1778 3770; x_wconf 84' lang='grc' dir='ltr'>τῶν</span> <span class='ocrx_word' id='word_1_504' title='bbox 1830 3736 1963 3788; x_wconf 85' lang='grc' dir='ltr'>προ-</span> 
     </span>
    </p>
   </div>
   <div class='ocr_carea' id='block_1_73' title="bbox 306 3800 1957 3881">
    <p class='ocr_par' dir='ltr' id='par_1_73' title="bbox 306 3800 1957 3881">
     <span class='ocr_line' id='line_1_73' title="bbox 306 3800 1957 3881; baseline -0.001 -20"><span class='ocrx_word' id='word_1_505' title='bbox 306 3803 548 3881; x_wconf 87' lang='grc' dir='ltr'>αγόντων</span> <span class='ocrx_word' id='word_1_506' title='bbox 603 3803 902 3881; x_wconf 88' lang='grc' dir='ltr'>βλαστάνον</span> <span class='ocrx_word' id='word_1_507' title='bbox 950 3809 1160 3879; x_wconf 82' lang='grc' dir='ltr'>γοναῖς,</span> <span class='ocrx_word' id='word_1_508' title='bbox 1196 3800 1265 3857; x_wconf 85' lang='grc' dir='ltr'>δι’</span> <span class='ocrx_word' id='word_1_509' title='bbox 1296 3803 1492 3866; x_wconf 79' lang='grc' dir='ltr'>αἰῶνος</span> <span class='ocrx_word' id='word_1_510' title='bbox 1522 3804 1636 3876; x_wconf 85' lang='grc'>(52)</span> <span class='ocrx_word' id='word_1_511' title='bbox 1666 3801 1957 3875; x_wconf 80' lang='grc' dir='ltr'>πληθύνει,</span> 
     </span>
    </p>
   </div>
   <div class='ocr_carea' id='block_1_74' title="bbox 304 3891 1961 3969">
    <p class='ocr_par' dir='ltr' id='par_1_74' title="bbox 304 3891 1961 3969">
     <span class='ocr_line' id='line_1_74' title="bbox 304 3891 1961 3969; baseline -0.004 -16"><span class='ocrx_word' id='word_1_512' title='bbox 304 3895 641 3967; x_wconf 81' lang='grc' dir='ltr'>Αὐξάνεσθε,</span> <span class='ocrx_word' id='word_1_513' title='bbox 698 3891 908 3969; x_wconf 74' lang='grc' dir='ltr'>λέγων,</span> <span class='ocrx_word' id='word_1_514' title='bbox 965 3893 1054 3946; x_wconf 87' lang='grc' dir='ltr'>καὶ</span> <span class='ocrx_word' id='word_1_515' title='bbox 1132 3891 1495 3961; x_wconf 84' lang='grc' dir='ltr'>πληθύνεσθε,</span> <span class='ocrx_word' id='word_1_516' title='bbox 1554 3891 1645 3947; x_wconf 78' lang='grc' dir='ltr'>καὶ</span> <span class='ocrx_word' id='word_1_517' title='bbox 1726 3891 1961 3967; x_wconf 88' lang='grc' dir='ltr'>πληρώ-</span> 
     </span>
    </p>
   </div>
   <div class='ocr_carea' id='block_1_75' title="bbox 307 3978 1961 4057">
    <p class='ocr_par' dir='ltr' id='par_1_75' title="bbox 307 3978 1961 4057">
     <span class='ocr_line' id='line_1_75' title="bbox 307 3978 1961 4057; baseline -0.001 -17"><span class='ocrx_word' id='word_1_518' title='bbox 307 4005 435 4040; x_wconf 87' lang='grc' dir='ltr'>σατε</span> <span class='ocrx_word' id='word_1_519' title='bbox 462 3985 560 4052; x_wconf 76' lang='grc' dir='ltr'>τὴν</span> <span class='ocrx_word' id='word_1_520' title='bbox 591 3988 716 4057; x_wconf 82' lang='grc' dir='ltr'>γῆν.</span> <span class='ocrx_word' id='word_1_521' title='bbox 747 3980 910 4038; x_wconf 79' lang='grc' dir='ltr'>Οὕτω</span> <span class='ocrx_word' id='word_1_522' title='bbox 943 3978 1000 4035; x_wconf 70' lang='grc' dir='ltr'>δὲ</span> <span class='ocrx_word' id='word_1_523' title='bbox 1029 3981 1118 4035; x_wconf 86' lang='grc' dir='ltr'>τὸν</span> <span class='ocrx_word' id='word_1_524' title='bbox 1152 3979 1377 4052; x_wconf 81' lang='grc' dir='ltr'>κόσμον,</span> <span class='ocrx_word' id='word_1_525' title='bbox 1411 3980 1582 4056; x_wconf 83' lang='grc' dir='ltr'>φημὶ,</span> <span class='ocrx_word' id='word_1_526' title='bbox 1606 3981 1694 4055; x_wconf 79' lang='grc' dir='ltr'>ἀφ’</span> <span class='ocrx_word' id='word_1_527' title='bbox 1726 3982 1844 4044; x_wconf 78' lang='grc' dir='ltr'>ὲνὸς</span> <span class='ocrx_word' id='word_1_528' title='bbox 1864 3988 1961 4038; x_wconf 91' lang='grc' dir='ltr'>τοῦ</span> 
     </span>
    </p>
   </div>
   <div class='ocr_carea' id='block_1_76' title="bbox 301 4069 1962 4148">
    <p class='ocr_par' dir='ltr' id='par_1_76' title="bbox 301 4069 1962 4148">
     <span class='ocr_line' id='line_1_76' title="bbox 301 4069 1962 4148; baseline -0.002 -19"><span class='ocrx_word' id='word_1_529' title='bbox 301 4071 494 4148; x_wconf 80' lang='grc' dir='ltr'>Ἀδάμ</span> <span class='ocrx_word' id='word_1_530' title='bbox 567 4072 865 4146; x_wconf 83' lang='grc' dir='ltr'>ἀνθρώπων</span> <span class='ocrx_word' id='word_1_531' title='bbox 952 4069 1164 4145; x_wconf 73' lang='grc' dir='ltr'>γένους,</span> <span class='ocrx_word' id='word_1_532' title='bbox 1225 4069 1341 4123; x_wconf 84' lang='grc' dir='ltr'>καθ’</span> <span class='ocrx_word' id='word_1_533' title='bbox 1401 4069 1606 4124; x_wconf 83' lang='grc' dir='ltr'>ἅπασαν</span> <span class='ocrx_word' id='word_1_534' title='bbox 1666 4072 1778 4144; x_wconf 88' lang='grc'>(53)</span> <span class='ocrx_word' id='word_1_535' title='bbox 1837 4078 1962 4145; x_wconf 82' lang='grc' dir='ltr'>γῆν,</span> 
     </span>
    </p>
   </div>
   <div class='ocr_carea' id='block_1_77' title="bbox 310 4156 1962 4240">
    <p class='ocr_par' dir='ltr' id='par_1_77' title="bbox 310 4156 1962 4240">
     <span class='ocr_line' id='line_1_77' title="bbox 310 4156 1962 4240; baseline -0.001 -24"><span class='ocrx_word' id='word_1_536' title='bbox 310 4162 531 4240; x_wconf 78' lang='grc' dir='ltr'>μυρίαις</span> <span class='ocrx_word' id='word_1_537' title='bbox 587 4161 756 4217; x_wconf 76' lang='grc' dir='ltr'>ἰθνῶν</span> <span class='ocrx_word' id='word_1_538' title='bbox 823 4158 1106 4238; x_wconf 83' lang='grc' dir='ltr'>διαφοραῖς</span> <span class='ocrx_word' id='word_1_539' title='bbox 1183 4156 1622 4235; x_wconf 70' lang='grc' dir='ltr'>πεπληρωμένον</span> <span class='ocrx_word' id='word_1_540' title='bbox 1676 4156 1962 4215; x_wconf 82' lang='grc' dir='ltr'>ἀποδεῖσαι</span> 
     </span>
    </p>
   </div>
   <div class='ocr_carea' id='block_1_78' title="bbox 300 4244 1960 4328">
    <p class='ocr_par' dir='ltr' id='par_1_78' title="bbox 300 4244 1960 4328">
     <span class='ocr_line' id='line_1_78' title="bbox 300 4244 1960 4328; baseline -0.002 -22"><span class='ocrx_word' id='word_1_541' title='bbox 300 4253 654 4328; x_wconf 71' lang='grc' dir='ltr'>τροθὲμενος*</span> <span class='ocrx_word' id='word_1_542' title='bbox 683 4249 772 4328; x_wconf 79' lang='grc' dir='ltr'>ἀφ’</span> <span class='ocrx_word' id='word_1_543' title='bbox 805 4248 921 4311; x_wconf 73' lang='grc' dir='ltr'>ἑνὸς</span> <span class='ocrx_word' id='word_1_544' title='bbox 982 4246 1039 4303; x_wconf 73' lang='grc' dir='ltr'>δὲ</span> <span class='ocrx_word' id='word_1_545' title='bbox 1069 4247 1294 4303; x_wconf 74' lang='grc' dir='ltr'>ἑκάστου</span> <span class='ocrx_word' id='word_1_546' title='bbox 1332 4251 1439 4303; x_wconf 91' lang='grc' dir='ltr'>τῶν</span> <span class='ocrx_word' id='word_1_547' title='bbox 1491 4244 1709 4324; x_wconf 81' lang='grc' dir='ltr'>ἀλόγων</span> <span class='ocrx_word' id='word_1_548' title='bbox 1761 4245 1960 4323; x_wconf 67' lang='grc' dir='ltr'>ὁίδους,</span> 
     </span>
    </p>
   </div>
   <div class='ocr_carea' id='block_1_79' title="bbox 302 4335 1960 4415">
    <p class='ocr_par' dir='ltr' id='par_1_79' title="bbox 302 4335 1960 4415">
     <span class='ocr_line' id='line_1_79' title="bbox 302 4335 1960 4415; baseline -0.002 -18"><span class='ocrx_word' id='word_1_549' title='bbox 302 4343 442 4398; x_wconf 78' lang='grc' dir='ltr'>κατὰ</span> <span class='ocrx_word' id='word_1_550' title='bbox 480 4340 573 4396; x_wconf 86' lang='grc' dir='ltr'>τὸν</span> <span class='ocrx_word' id='word_1_551' title='bbox 609 4339 802 4413; x_wconf 77' lang='grc' dir='ltr'>ὅμοιον</span> <span class='ocrx_word' id='word_1_552' title='bbox 831 4339 1034 4415; x_wconf 89' lang='grc' dir='ltr'>τρόπον</span> <span class='ocrx_word' id='word_1_553' title='bbox 1064 4335 1411 4414; x_wconf 83' lang='grc' dir='ltr'>τετραπόδων</span> <span class='ocrx_word' id='word_1_554' title='bbox 1459 4358 1519 4392; x_wconf 84' lang='grc' dir='ltr'>τε</span> <span class='ocrx_word' id='word_1_555' title='bbox 1564 4337 1654 4393; x_wconf 88' lang='grc' dir='ltr'>καὶ</span> <span class='ocrx_word' id='word_1_556' title='bbox 1699 4337 1960 4414; x_wconf 71' lang='grc' dir='ltr'>ἑρπετῶν,</span> 
     </span>
    </p>
   </div>
   <div class='ocr_carea' id='block_1_80' title="bbox 305 4424 1959 4500">
    <p class='ocr_par' dir='ltr' id='par_1_80' title="bbox 305 4424 1959 4500">
     <span class='ocr_line' id='line_1_80' title="bbox 305 4424 1959 4500; baseline -0.002 -13"><span class='ocrx_word' id='word_1_557' title='bbox 305 4426 387 4487; x_wconf 75' lang='grc' dir='ltr'>ἔτι</span> <span class='ocrx_word' id='word_1_558' title='bbox 419 4428 478 4486; x_wconf 81' lang='grc' dir='ltr'>δὲ</span> <span class='ocrx_word' id='word_1_559' title='bbox 505 4433 730 4500; x_wconf 80' lang='grc' dir='ltr'>πτηνῶν</span> <span class='ocrx_word' id='word_1_560' title='bbox 766 4449 825 4484; x_wconf 81' lang='grc' dir='ltr'>τι</span> <span class='ocrx_word' id='word_1_561' title='bbox 869 4427 959 4483; x_wconf 84' lang='grc' dir='ltr'>καὶ</span> <span class='ocrx_word' id='word_1_562' title='bbox 1009 4430 1247 4499; x_wconf 87' lang='grc' dir='ltr'>νηκτῶν,</span> <span class='ocrx_word' id='word_1_563' title='bbox 1278 4426 1369 4482; x_wconf 78' lang='grc' dir='ltr'>καὶ</span> <span class='ocrx_word' id='word_1_564' title='bbox 1415 4424 1659 4490; x_wconf 85' lang='grc' dir='ltr'>συνόλως</span> <span class='ocrx_word' id='word_1_565' title='bbox 1711 4427 1959 4483; x_wconf 80' lang='grc' dir='ltr'>ἁπάντων</span> 
     </span>
    </p>
   </div>
   <div class='ocr_carea' id='block_1_81' title="bbox 307 4514 1961 4594">
    <p class='ocr_par' dir='ltr' id='par_1_81' title="bbox 307 4514 1961 4594">
     <span class='ocr_line' id='line_1_81' title="bbox 307 4514 1961 4594; baseline -0.008 -18"><span class='ocrx_word' id='word_1_566' title='bbox 307 4521 487 4592; x_wconf 84' lang='grc' dir='ltr'>ζώων,</span> <span class='ocrx_word' id='word_1_567' title='bbox 529 4521 834 4593; x_wconf 81' lang='grc' dir='ltr'>ἀμυθήτοις</span> <span class='ocrx_word' id='word_1_568' title='bbox 886 4514 1054 4579; x_wconf 68' lang='grc' dir='ltr'>ἰδίαις</span> <span class='ocrx_word' id='word_1_569' title='bbox 1093 4515 1537 4590; x_wconf 86' lang='grc' dir='ltr'>πλημμυροῦντα</span> <span class='ocrx_word' id='word_1_570' title='bbox 1582 4515 1812 4594; x_wconf 79' lang='grc' dir='ltr'>ὀφθῆναι</span> <span class='ocrx_word' id='word_1_571' title='bbox 1872 4529 1961 4582; x_wconf 81' lang='grc' dir='ltr'>θε-</span> 
     </span>
    </p>
   </div>
   <div class='ocr_carea' id='block_1_82' title="bbox 2070 3357 3728 3432">
    <p class='ocr_par' dir='ltr' id='par_1_82' title="bbox 2070 3357 3728 3432">
     <span class='ocr_line' id='line_1_82' title="bbox 2070 3357 3728 3432; baseline 0.005 -19"><span class='ocrx_word' id='word_1_572' title='bbox 2070 3376 2208 3414; x_wconf 91' lang='lat' dir='ltr'>nam</span> <span class='ocrx_word' id='word_1_573' title='bbox 2269 3357 2586 3427; x_wconf 90' lang='lat' dir='ltr'>divisisset,</span> <span class='ocrx_word' id='word_1_574' title='bbox 2623 3375 2688 3413; x_wconf 88' lang='lat' dir='ltr'>ac</span> <span class='ocrx_word' id='word_1_575' title='bbox 2721 3359 2998 3414; x_wconf 82' lang='lat' dir='ltr'>feminam</span> <span class='ocrx_word' id='word_1_576' title='bbox 3049 3361 3294 3416; x_wconf 88' lang='lat' dir='ltr'>masculi</span> <span class='ocrx_word' id='word_1_577' title='bbox 3357 3370 3728 3432; x_wconf 84' lang='lat' dir='ltr'>segmentum</span> 
     </span>
    </p>
   </div>
   <div class='ocr_carea' id='block_1_83' title="bbox 2069 3445 3728 3526">
    <p class='ocr_par' dir='ltr' id='par_1_83' title="bbox 2069 3445 3728 3526">
     <span class='ocr_line' id='line_1_83' title="bbox 2069 3445 3728 3526; baseline 0.005 -23"><span class='ocrx_word' id='word_1_578' title='bbox 2069 3448 2377 3514; x_wconf 75' lang='lat' dir='ltr'>effecisset,</span> <span class='ocrx_word' id='word_1_579' title='bbox 2412 3445 2725 3502; x_wconf 89' lang='lat' dir='ltr'>stimulum</span> <span class='ocrx_word' id='word_1_580' title='bbox 2770 3448 2960 3503; x_wconf 91' lang='lat' dir='ltr'>mutui</span> <span class='ocrx_word' id='word_1_581' title='bbox 3013 3449 3350 3521; x_wconf 85' lang='lat' dir='ltr'>complexus</span> <span class='ocrx_word' id='word_1_582' title='bbox 3410 3453 3728 3526; x_wconf 87' lang='lat' dir='ltr'>unicuique</span> 
     </span>
    </p>
   </div>
   <div class='ocr_carea' id='block_1_84' title="bbox 2070 3536 3730 3608">
    <p class='ocr_par' dir='ltr' id='par_1_84' title="bbox 2070 3536 3730 3608">
     <span class='ocr_line' id='line_1_84' title="bbox 2070 3536 3730 3608; baseline 0.004 -16"><span class='ocrx_word' id='word_1_583' title='bbox 2070 3543 2372 3608; x_wconf 80' lang='lat' dir='ltr'>segmento</span> <span class='ocrx_word' id='word_1_584' title='bbox 2422 3551 2702 3591; x_wconf 89' lang='lat' dir='ltr'>arcanum</span> <span class='ocrx_word' id='word_1_585' title='bbox 2734 3541 2943 3592; x_wconf 86' lang='lat' dir='ltr'>natura</span> <span class='ocrx_word' id='word_1_586' title='bbox 2990 3536 3226 3593; x_wconf 89' lang='lat' dir='ltr'>indidit.</span> <span class='ocrx_word' id='word_1_587' title='bbox 3265 3540 3391 3594; x_wconf 80' lang='lat' dir='ltr'>Haec</span> <span class='ocrx_word' id='word_1_588' title='bbox 3422 3557 3554 3596; x_wconf 90' lang='lat' dir='ltr'>vero</span> <span class='ocrx_word' id='word_1_589' title='bbox 3584 3541 3667 3598; x_wconf 91' lang='lat' dir='ltr'>ita</span> <span class='ocrx_word' id='word_1_590' title='bbox 3697 3561 3730 3599; x_wconf 88' lang='lat' dir='ltr'>a</span> 
     </span>
    </p>
   </div>
   <div class='ocr_carea' id='block_1_85' title="bbox 2071 3624 3726 3700">
    <p class='ocr_par' dir='ltr' id='par_1_85' title="bbox 2071 3624 3726 3700">
     <span class='ocr_line' id='line_1_85' title="bbox 2071 3624 3726 3700; baseline 0.004 -19"><span class='ocrx_word' id='word_1_591' title='bbox 2071 3642 2133 3681; x_wconf 90' lang='lat' dir='ltr'>se</span> <span class='ocrx_word' id='word_1_592' title='bbox 2163 3625 2412 3680; x_wconf 87' lang='lat' dir='ltr'>invicem</span> <span class='ocrx_word' id='word_1_593' title='bbox 2446 3624 2699 3680; x_wconf 87' lang='lat' dir='ltr'>discissa</span> <span class='ocrx_word' id='word_1_594' title='bbox 2728 3625 3060 3697; x_wconf 90' lang='lat' dir='ltr'>irrequietis</span> <span class='ocrx_word' id='word_1_595' title='bbox 3081 3629 3301 3684; x_wconf 90' lang='lat' dir='ltr'>amoris</span> <span class='ocrx_word' id='word_1_596' title='bbox 3324 3630 3726 3700; x_wconf 88' lang='lat' dir='ltr'>permistioni-</span> 
     </span>
    </p>
   </div>
   <div class='ocr_carea' id='block_1_86' title="bbox 2069 3714 3728 3789">
    <p class='ocr_par' dir='ltr' id='par_1_86' title="bbox 2069 3714 3728 3789">
     <span class='ocr_line' id='line_1_86' title="bbox 2069 3714 3728 3789; baseline 0.005 -21"><span class='ocrx_word' id='word_1_597' title='bbox 2069 3714 2179 3769; x_wconf 91' lang='lat' dir='ltr'>bus</span> <span class='ocrx_word' id='word_1_598' title='bbox 2213 3714 2366 3770; x_wconf 89' lang='lat' dir='ltr'>inter</span> <span class='ocrx_word' id='word_1_599' title='bbox 2395 3731 2457 3769; x_wconf 89' lang='lat' dir='ltr'>se</span> <span class='ocrx_word' id='word_1_600' title='bbox 2487 3714 2868 3786; x_wconf 84' lang='lat' dir='ltr'>complicans,</span> <span class='ocrx_word' id='word_1_601' title='bbox 2902 3733 2970 3771; x_wconf 86' lang='lat' dir='ltr'>ex</span> <span class='ocrx_word' id='word_1_602' title='bbox 3001 3717 3308 3789; x_wconf 87' lang='lat' dir='ltr'>complexu</span> <span class='ocrx_word' id='word_1_603' title='bbox 3340 3735 3574 3776; x_wconf 87' lang='lat' dir='ltr'>omnem</span> <span class='ocrx_word' id='word_1_604' title='bbox 3595 3721 3728 3777; x_wconf 91' lang='lat' dir='ltr'>ani-</span> 
     </span>
    </p>
   </div>
   <div class='ocr_carea' id='block_1_87' title="bbox 2070 3802 3728 3880">
    <p class='ocr_par' dir='ltr' id='par_1_87' title="bbox 2070 3802 3728 3880">
     <span class='ocr_line' id='line_1_87' title="bbox 2070 3802 3728 3880; baseline 0.004 -22"><span class='ocrx_word' id='word_1_605' title='bbox 2070 3802 2317 3858; x_wconf 89' lang='lat' dir='ltr'>malium</span> <span class='ocrx_word' id='word_1_606' title='bbox 2350 3802 2605 3875; x_wconf 88' lang='lat' dir='ltr'>speciem</span> <span class='ocrx_word' id='word_1_607' title='bbox 2654 3821 2723 3859; x_wconf 83' lang='lat' dir='ltr'>ex</span> <span class='ocrx_word' id='word_1_608' title='bbox 2754 3809 3191 3862; x_wconf 88' lang='lat' dir='ltr'>antecessorum</span> <span class='ocrx_word' id='word_1_609' title='bbox 3247 3809 3471 3864; x_wconf 89' lang='lat' dir='ltr'>semine</span> <span class='ocrx_word' id='word_1_610' title='bbox 3510 3811 3728 3880; x_wconf 85' lang='lat' dir='ltr'>germi-</span> 
     </span>
    </p>
   </div>
   <div class='ocr_carea' id='block_1_88' title="bbox 2071 3893 3733 3966">
    <p class='ocr_par' dir='ltr' id='par_1_88' title="bbox 2071 3893 3733 3966">
     <span class='ocr_line' id='line_1_88' title="bbox 2071 3893 3733 3966; baseline 0.005 -19"><span class='ocrx_word' id='word_1_611' title='bbox 2071 3898 2310 3948; x_wconf 88' lang='lat' dir='ltr'>nantem</span> <span class='ocrx_word' id='word_1_612' title='bbox 2343 3909 2446 3963; x_wconf 89' lang='lat' dir='ltr'>per</span> <span class='ocrx_word' id='word_1_613' title='bbox 2479 3893 2693 3948; x_wconf 80' lang='lat' dir='ltr'>saecula</span> <span class='ocrx_word' id='word_1_614' title='bbox 2739 3894 3112 3966; x_wconf 87' lang='lat' dir='ltr'>multiplicat,</span> <span class='ocrx_word' id='word_1_615' title='bbox 3149 3897 3289 3955; x_wconf 89' lang='lat' dir='ltr'>dum</span> <span class='ocrx_word' id='word_1_616' title='bbox 3334 3898 3415 3953; x_wconf 87' lang='lat' dir='ltr'>ait</span> <span class='ocrx_word' id='word_1_617' title='bbox 3450 3916 3461 3953; x_wconf 89' lang='lat'>:</span> <span class='ocrx_word' id='word_1_618' title='bbox 3497 3899 3733 3957; x_wconf 77' lang='lat' dir='ltr'>Crescite</span> 
     </span>
    </p>
   </div>
   <div class='ocr_carea' id='block_1_89' title="bbox 2069 3983 3722 4059">
    <p class='ocr_par' dir='ltr' id='par_1_89' title="bbox 2069 3983 3722 4059">
     <span class='ocr_line' id='line_1_89' title="bbox 2069 3983 3722 4059; baseline 0.005 -21"><span class='ocrx_word' id='word_1_619' title='bbox 2069 3991 2121 4038; x_wconf 77' lang='lat' dir='ltr'>ct</span> <span class='ocrx_word' id='word_1_620' title='bbox 2148 3983 2632 4054; x_wconf 76' lang='lat' dir='ltr'>multiplicamini,</span> <span class='ocrx_word' id='word_1_621' title='bbox 2665 3985 2933 4054; x_wconf 80' lang='lat' dir='ltr'>etreptete</span> <span class='ocrx_word' id='word_1_622' title='bbox 2963 3994 3173 4041; x_wconf 81' lang='lat' dir='ltr'>terram</span> <span class='ocrx_word' id='word_1_623' title='bbox 3202 3987 3379 4042; x_wconf 68' lang='lat' dir='ltr'>5‘.Sie</span> <span class='ocrx_word' id='word_1_624' title='bbox 3413 3990 3722 4059; x_wconf 89' lang='lat' dir='ltr'>mundum,</span> 
     </span>
    </p>
   </div>
   <div class='ocr_carea' id='block_1_90' title="bbox 2070 4071 3732 4148">
    <p class='ocr_par' dir='ltr' id='par_1_90' title="bbox 2070 4071 3732 4148">
     <span class='ocr_line' id='line_1_90' title="bbox 2070 4071 3732 4148; baseline 0.007 -23"><span class='ocrx_word' id='word_1_625' title='bbox 2070 4071 2342 4144; x_wconf 86' lang='lat' dir='ltr'>inquam,</span> <span class='ocrx_word' id='word_1_626' title='bbox 2375 4073 2537 4128; x_wconf 71' lang='lat'>6‘20</span> <span class='ocrx_word' id='word_1_627' title='bbox 2567 4073 2640 4128; x_wconf 89' lang='lat' dir='ltr'>ab</span> <span class='ocrx_word' id='word_1_628' title='bbox 2692 4090 2806 4128; x_wconf 91' lang='lat' dir='ltr'>uno</span> <span class='ocrx_word' id='word_1_629' title='bbox 2835 4090 2903 4127; x_wconf 86' lang='lat' dir='ltr'>ex</span> <span class='ocrx_word' id='word_1_630' title='bbox 2933 4073 3190 4131; x_wconf 83' lang='lat' dir='ltr'>humano</span> <span class='ocrx_word' id='word_1_631' title='bbox 3244 4092 3456 4148; x_wconf 85' lang='lat' dir='ltr'>genere</span> <span class='ocrx_word' id='word_1_632' title='bbox 3485 4079 3732 4147; x_wconf 88' lang='lat' dir='ltr'>Adamo,</span> 
     </span>
    </p>
   </div>
   <div class='ocr_carea' id='block_1_91' title="bbox 2071 4161 3733 4237">
    <p class='ocr_par' dir='ltr' id='par_1_91' title="bbox 2071 4161 3733 4237">
     <span class='ocr_line' id='line_1_91' title="bbox 2071 4161 3733 4237; baseline 0.005 -22"><span class='ocrx_word' id='word_1_633' title='bbox 2071 4177 2175 4232; x_wconf 89' lang='lat' dir='ltr'>per</span> <span class='ocrx_word' id='word_1_634' title='bbox 2207 4161 2544 4216; x_wconf 87' lang='lat' dir='ltr'>universam</span> <span class='ocrx_word' id='word_1_635' title='bbox 2578 4165 2817 4229; x_wconf 89' lang='lat' dir='ltr'>terram,</span> <span class='ocrx_word' id='word_1_636' title='bbox 2852 4163 3182 4220; x_wconf 88' lang='lat' dir='ltr'>innumeris</span> <span class='ocrx_word' id='word_1_637' title='bbox 3233 4167 3498 4237; x_wconf 89' lang='lat' dir='ltr'>gentium</span> <span class='ocrx_word' id='word_1_638' title='bbox 3547 4169 3733 4225; x_wconf 85' lang='lat' dir='ltr'>varie-</span> 
     </span>
    </p>
   </div>
   <div class='ocr_carea' id='block_1_92' title="bbox 2070 4251 3734 4323">
    <p class='ocr_par' dir='ltr' id='par_1_92' title="bbox 2070 4251 3734 4323">
     <span class='ocr_line' id='line_1_92' title="bbox 2070 4251 3734 4323; baseline 0.006 -19"><span class='ocrx_word' id='word_1_639' title='bbox 2070 4251 2292 4306; x_wconf 85' lang='lat' dir='ltr'>tatibus</span> <span class='ocrx_word' id='word_1_640' title='bbox 2323 4251 2605 4306; x_wconf 87' lang='lat' dir='ltr'>refertum</span> <span class='ocrx_word' id='word_1_641' title='bbox 2637 4253 2946 4308; x_wconf 89' lang='lat' dir='ltr'>ostendere</span> <span class='ocrx_word' id='word_1_642' title='bbox 2976 4252 3202 4323; x_wconf 90' lang='lat' dir='ltr'>volens,</span> <span class='ocrx_word' id='word_1_643' title='bbox 3235 4260 3291 4309; x_wconf 91' lang='lat' dir='ltr'>et</span> <span class='ocrx_word' id='word_1_644' title='bbox 3324 4256 3394 4310; x_wconf 93' lang='lat' dir='ltr'>ab</span> <span class='ocrx_word' id='word_1_645' title='bbox 3427 4273 3545 4312; x_wconf 91' lang='lat' dir='ltr'>uno</span> <span class='ocrx_word' id='word_1_646' title='bbox 3578 4262 3636 4313; x_wconf 89' lang='lat' dir='ltr'>et</span> <span class='ocrx_word' id='word_1_647' title='bbox 3667 4275 3734 4314; x_wconf 88' lang='lat' dir='ltr'>ex</span> 
     </span>
    </p>
   </div>
   <div class='ocr_carea' id='block_1_93' title="bbox 2073 4339 3730 4413">
    <p class='ocr_par' dir='ltr' id='par_1_93' title="bbox 2073 4339 3730 4413">
     <span class='ocr_line' id='line_1_93' title="bbox 2073 4339 3730 4413; baseline 0.004 -18"><span class='ocrx_word' id='word_1_648' title='bbox 2073 4356 2426 4412; x_wconf 89' lang='lat' dir='ltr'>unaquaque</span> <span class='ocrx_word' id='word_1_649' title='bbox 2473 4339 2802 4395; x_wconf 88' lang='lat' dir='ltr'>belluarum</span> <span class='ocrx_word' id='word_1_650' title='bbox 2836 4342 3030 4413; x_wconf 90' lang='lat' dir='ltr'>specie</span> <span class='ocrx_word' id='word_1_651' title='bbox 3079 4343 3352 4398; x_wconf 88' lang='lat' dir='ltr'>similiter</span> <span class='ocrx_word' id='word_1_652' title='bbox 3383 4361 3517 4399; x_wconf 93' lang='lat' dir='ltr'>cum</span> <span class='ocrx_word' id='word_1_653' title='bbox 3548 4345 3730 4401; x_wconf 87' lang='lat' dir='ltr'>innu-</span> 
     </span>
    </p>
   </div>
   <div class='ocr_carea' id='block_1_94' title="bbox 2072 4429 3730 4503">
    <p class='ocr_par' dir='ltr' id='par_1_94' title="bbox 2072 4429 3730 4503">
     <span class='ocr_line' id='line_1_94' title="bbox 2072 4429 3730 4503; baseline 0.002 -18"><span class='ocrx_word' id='word_1_654' title='bbox 2072 4429 2250 4485; x_wconf 89' lang='lat' dir='ltr'>meris</span> <span class='ocrx_word' id='word_1_655' title='bbox 2281 4429 2757 4501; x_wconf 86' lang='lat' dir='ltr'>quadrupedum,</span> <span class='ocrx_word' id='word_1_656' title='bbox 2790 4431 3115 4503; x_wconf 88' lang='lat' dir='ltr'>reptilium,</span> <span class='ocrx_word' id='word_1_657' title='bbox 3147 4432 3730 4502; x_wconf 84' lang='lat' dir='ltr'>volatilium,natati-</span> 
     </span>
    </p>
   </div>
   <div class='ocr_carea' id='block_1_95' title="bbox 2072 4517 3735 4591">
    <p class='ocr_par' dir='ltr' id='par_1_95' title="bbox 2072 4517 3735 4591">
     <span class='ocr_line' id='line_1_95' title="bbox 2072 4517 3735 4591; baseline 0.004 -18"><span class='ocrx_word' id='word_1_658' title='bbox 2072 4518 2304 4588; x_wconf 82' lang='lat' dir='ltr'>lium,et</span> <span class='ocrx_word' id='word_1_659' title='bbox 2326 4519 2591 4574; x_wconf 91' lang='lat' dir='ltr'>omnium</span> <span class='ocrx_word' id='word_1_660' title='bbox 2613 4517 2850 4574; x_wconf 90' lang='lat' dir='ltr'>omnino</span> <span class='ocrx_word' id='word_1_661' title='bbox 2875 4519 3244 4591; x_wconf 86' lang='lat' dir='ltr'>animalium,</span> <span class='ocrx_word' id='word_1_662' title='bbox 3274 4522 3479 4578; x_wconf 85' lang='lat' dir='ltr'>formis</span> <span class='ocrx_word' id='word_1_663' title='bbox 3503 4528 3735 4580; x_wconf 88' lang='lat' dir='ltr'>scaten-</span> 
     </span>
    </p>
   </div>
   <div class='ocr_carea' id='block_1_96' title="bbox 305 4604 1959 4706">
    <p class='ocr_par' dir='ltr' id='par_1_96' title="bbox 305 4604 1959 4682">
     <span class='ocr_line' id='line_1_96' title="bbox 305 4604 1959 4682; baseline -0.003 -16"><span class='ocrx_word' id='word_1_664' title='bbox 305 4611 602 4682; x_wconf 76' lang='grc' dir='ltr'>λήσας,τῇ</span> <span class='ocrx_word' id='word_1_665' title='bbox 648 4608 741 4681; x_wconf 76' lang='grc' dir='ltr'>μὲν</span> <span class='ocrx_word' id='word_1_666' title='bbox 790 4604 1075 4678; x_wconf 82' lang='grc' dir='ltr'>δυναστείᾳ</span> <span class='ocrx_word' id='word_1_667' title='bbox 1130 4609 1228 4660; x_wconf 91' lang='grc' dir='ltr'>τοῦ</span> <span class='ocrx_word' id='word_1_668' title='bbox 1282 4605 1504 4682; x_wconf 77' lang='grc' dir='ltr'>ἃρῥενος</span> <span class='ocrx_word' id='word_1_669' title='bbox 1564 4605 1849 4661; x_wconf 80' lang='grc' dir='ltr'>ὑποτάττει</span> <span class='ocrx_word' id='word_1_670' title='bbox 1901 4609 1959 4662; x_wconf 84' lang='grc' dir='ltr'>τὸ</span> 
     </span>
    </p>
   </div>
   <div class='ocr_carea' id='block_1_97' title="bbox 2076 4604 3734 4706">
    <p class='ocr_par' dir='ltr' id='par_1_97' title="bbox 2076 4608 3734 4684">
     <span class='ocr_line' id='line_1_97' title="bbox 2076 4608 3734 4684; baseline 0.003 -21"><span class='ocrx_word' id='word_1_671' title='bbox 2076 4613 2194 4664; x_wconf 89' lang='lat' dir='ltr'>tem</span> <span class='ocrx_word' id='word_1_672' title='bbox 2225 4608 2426 4663; x_wconf 91' lang='lat' dir='ltr'>volens</span> <span class='ocrx_word' id='word_1_673' title='bbox 2475 4623 2758 4680; x_wconf 84' lang='lat' dir='ltr'>apparere</span> <span class='ocrx_word' id='word_1_674' title='bbox 2809 4624 2820 4663; x_wconf 93' lang='lat'>:</span> <span class='ocrx_word' id='word_1_675' title='bbox 2858 4609 3038 4665; x_wconf 87' lang='lat' dir='ltr'>maris</span> <span class='ocrx_word' id='word_1_676' title='bbox 3070 4611 3311 4682; x_wconf 89' lang='lat' dir='ltr'>quidem</span> <span class='ocrx_word' id='word_1_677' title='bbox 3345 4613 3620 4684; x_wconf 88' lang='lat' dir='ltr'>potestati</span> <span class='ocrx_word' id='word_1_678' title='bbox 3655 4615 3734 4668; x_wconf 88' lang='lat' dir='ltr'>fe-</span> 
     </span>
    </p>
   </div>
   <div class='ocr_carea' id='block_1_98' title="bbox 305 4692 1962 4774">
    <p class='ocr_par' dir='ltr' id='par_1_98' title="bbox 305 4692 1962 4774">
     <span class='ocr_line' id='line_1_98' title="bbox 305 4692 1962 4774; baseline -0.001 -21"><span class='ocrx_word' id='word_1_679' title='bbox 305 4698 471 4769; x_wconf 84' lang='grc' dir='ltr'>θῆλυ,</span> <span class='ocrx_word' id='word_1_680' title='bbox 503 4701 572 4770; x_wconf 78' lang='grc' dir='ltr'>τῇ</span> <span class='ocrx_word' id='word_1_681' title='bbox 607 4694 664 4750; x_wconf 74' lang='grc' dir='ltr'>δὶ</span> <span class='ocrx_word' id='word_1_682' title='bbox 689 4700 788 4751; x_wconf 87' lang='grc' dir='ltr'>τοῦ</span> <span class='ocrx_word' id='word_1_683' title='bbox 839 4696 1036 4767; x_wconf 83' lang='grc' dir='ltr'>θήλεος</span> <span class='ocrx_word' id='word_1_684' title='bbox 1077 4693 1274 4768; x_wconf 77' lang='grc' dir='ltr'>ἡδονῇ,</span> <span class='ocrx_word' id='word_1_685' title='bbox 1306 4694 1606 4757; x_wconf 74' lang='grc' dir='ltr'>τιθασσεύει</span> <span class='ocrx_word' id='word_1_686' title='bbox 1661 4695 1724 4749; x_wconf 91' lang='grc' dir='ltr'>τὸ</span> <span class='ocrx_word' id='word_1_687' title='bbox 1784 4692 1962 4774; x_wconf 76' lang='grc' dir='ltr'>ἄρῥεν·</span> 
     </span>
    </p>
   </div>
   <div class='ocr_carea' id='block_1_99' title="bbox 305 4782 1967 4862">
    <p class='ocr_par' dir='ltr' id='par_1_99' title="bbox 305 4782 1967 4862">
     <span class='ocr_line' id='line_1_99' title="bbox 305 4782 1967 4862; baseline -0.001 -19"><span class='ocrx_word' id='word_1_688' title='bbox 305 4789 370 4843; x_wconf 90' lang='grc' dir='ltr'>τὸ</span> <span class='ocrx_word' id='word_1_689' title='bbox 406 4787 500 4860; x_wconf 73' lang='grc' dir='ltr'>μὲν</span> <span class='ocrx_word' id='word_1_690' title='bbox 533 4785 642 4840; x_wconf 81' lang='grc' dir='ltr'>ἀπὸ</span> <span class='ocrx_word' id='word_1_691' title='bbox 671 4792 771 4854; x_wconf 81' lang='grc' dir='ltr'>τῆς</span> <span class='ocrx_word' id='word_1_692' title='bbox 806 4785 1042 4860; x_wconf 79' lang='grc' dir='ltr'>πλευρᾶς</span> <span class='ocrx_word' id='word_1_693' title='bbox 1084 4789 1181 4840; x_wconf 94' lang='grc' dir='ltr'>τοῦ</span> <span class='ocrx_word' id='word_1_694' title='bbox 1231 4782 1454 4862; x_wconf 75' lang='grc' dir='ltr'>ἄῤῥενος</span> <span class='ocrx_word' id='word_1_695' title='bbox 1501 4782 1861 4859; x_wconf 73' lang='grc' dir='ltr'>εἰλημμένον,</span> <span class='ocrx_word' id='word_1_696' title='bbox 1893 4787 1967 4850; x_wconf 82' lang='grc' dir='ltr'>ὡς</span> 
     </span>
    </p>
   </div>
   <div class='ocr_carea' id='block_1_100' title="bbox 385 4894 778 4962">
    <p class='ocr_par' dir='ltr' id='par_1_100' title="bbox 385 4894 778 4962">
     <span class='ocr_line' id='line_1_100' title="bbox 385 4894 778 4962; baseline -0.005 -10"><span class='ocrx_word' id='word_1_697' title='bbox 385 4898 408 4931; x_wconf 78' lang='grc'><strong>⁴</strong></span> <span class='ocrx_word' id='word_1_698' title='bbox 438 4896 581 4952; x_wconf 88' lang='lat' dir='ltr'>Gen.</span> <span class='ocrx_word' id='word_1_699' title='bbox 612 4910 653 4962; x_wconf 84' lang='lat'>1,</span> <span class='ocrx_word' id='word_1_700' title='bbox 684 4894 778 4950; x_wconf 84' lang='lat'>28.</span> 
     </span>
    </p>
   </div>
   <div class='ocr_carea' id='block_1_101' title="bbox 410 4997 1639 5073">
    <p class='ocr_par' dir='ltr' id='par_1_101' title="bbox 410 4997 1639 5073">
     <span class='ocr_line' id='line_1_101' title="bbox 410 4997 1639 5073; baseline 0 -18"><span class='ocrx_word' id='word_1_701' title='bbox 410 5001 498 5072; x_wconf 84' lang='grc'>43)</span> <span class='ocrx_word' id='word_1_702' title='bbox 539 4999 736 5073; x_wconf 45' lang='grc' dir='ltr'>Μόνῳη</span> <span class='ocrx_word' id='word_1_703' title='bbox 756 4999 921 5056; x_wconf 90' lang='lat' dir='ltr'>Unus</span> <span class='ocrx_word' id='word_1_704' title='bbox 953 5000 1135 5055; x_wconf 85' lang='lat' dir='ltr'>codex</span> <span class='ocrx_word' id='word_1_705' title='bbox 1166 5017 1304 5072; x_wconf 89' lang='lat' dir='ltr'>ms.,</span> <span class='ocrx_word' id='word_1_706' title='bbox 1337 4997 1415 5054; x_wconf 70' lang='grc' dir='ltr'>ἔτι</span> <span class='ocrx_word' id='word_1_707' title='bbox 1451 4997 1639 5072; x_wconf 85' lang='grc' dir='ltr'>μόνον.</span> 
     </span>
    </p>
   </div>
   <div class='ocr_carea' id='block_1_102' title="bbox 413 5069 1898 5147">
    <p class='ocr_par' dir='ltr' id='par_1_102' title="bbox 413 5069 1898 5147">
     <span class='ocr_line' id='line_1_102' title="bbox 413 5069 1898 5147; baseline 0.001 -21"><span class='ocrx_word' id='word_1_708' title='bbox 413 5069 501 5147; x_wconf 54' lang='lat' dir='ltr'>(iis)</span> <span class='ocrx_word' id='word_1_709' title='bbox 533 5069 1217 5147; x_wconf 66' lang='lat' dir='ltr'>&lt;bpov-gtCoum_._Unus__ex</span> <span class='ocrx_word' id='word_1_710' title='bbox 1249 5069 1466 5147; x_wconf 79' lang='lat' dir='ltr'>Regiis,</span> <span class='ocrx_word' id='word_1_711' title='bbox 1500 5069 1898 5147; x_wconf 73' lang='grc' dir='ltr'>φροντίζοντες.</span> 
     </span>
    </p>
   </div>
   <div class='ocr_carea' id='block_1_103' title="bbox 412 5141 1827 5211">
    <p class='ocr_par' dir='ltr' id='par_1_103' title="bbox 412 5141 1827 5211">
     <span class='ocr_line' id='line_1_103' title="bbox 412 5141 1827 5211; baseline 0.003 -13"><span class='ocrx_word' id='word_1_712' title='bbox 412 5141 500 5211; x_wconf 88' lang='grc'>45)</span> <span class='ocrx_word' id='word_1_713' title='bbox 536 5141 860 5198; x_wconf 82' lang='grc' dir='ltr'>Σπουδάσω.</span> <span class='ocrx_word' id='word_1_714' title='bbox 893 5143 1172 5200; x_wconf 87' lang='lat' dir='ltr'>Nonnulli</span> <span class='ocrx_word' id='word_1_715' title='bbox 1207 5141 1459 5211; x_wconf 68' lang='lat' dir='ltr'>codices,</span> <span class='ocrx_word' id='word_1_716' title='bbox 1501 5141 1827 5202; x_wconf 73' lang='grc' dir='ltr'>ἐσπούδασα.</span> 
     </span>
    </p>
   </div>
   <div class='ocr_carea' id='block_1_104' title="bbox 315 5213 1974 5343">
    <p class='ocr_par' dir='ltr' id='par_1_104' title="bbox 315 5213 1974 5343">
     <span class='ocr_line' id='line_1_104' title="bbox 315 5213 1974 5343; baseline -0.007 -61"><span class='ocrx_word' id='word_1_717' title='bbox 315 5289 344 5343; x_wconf 72' lang='grc' dir='ltr'>θ</span> <span class='ocrx_word' id='word_1_718' title='bbox 531 5219 641 5286; x_wconf 78' lang='grc' dir='ltr'>Τῆς</span> <span class='ocrx_word' id='word_1_719' title='bbox 688 5213 922 5271; x_wconf 75' lang='grc' dir='ltr'>ἔνδοθεν.</span> <span class='ocrx_word' id='word_1_720' title='bbox 994 5215 1159 5272; x_wconf 88' lang='lat' dir='ltr'>Unus</span> <span class='ocrx_word' id='word_1_721' title='bbox 1217 5234 1285 5272; x_wconf 85' lang='lat' dir='ltr'>ex</span> <span class='ocrx_word' id='word_1_722' title='bbox 1343 5217 1535 5289; x_wconf 78' lang='lat' dir='ltr'>Regiis</span> <span class='ocrx_word' id='word_1_723' title='bbox 1593 5217 1775 5287; x_wconf 85' lang='lat' dir='ltr'>addit,</span> <span class='ocrx_word' id='word_1_724' title='bbox 1835 5236 1974 5292; x_wconf 83' lang='grc' dir='ltr'>παρ-</span> 
     </span>
     <span class='ocr_line' id='line_1_105' title="bbox 350 5308 535 5343; baseline 0.005 -1"><span class='ocrx_word' id='word_1_725' title='bbox 350 5308 430 5343; x_wconf 85' lang='grc' dir='ltr'>ενε</span> <span class='ocrx_word' id='word_1_726' title='bbox 457 5308 535 5343; x_wconf 86' lang='grc' dir='ltr'>ας.</span> 
     </span>
    </p>
   </div>
   <div class='ocr_carea' id='block_1_105' title="bbox 350 5308 535 5349">
    <p class='ocr_par' dir='ltr' id='par_1_105' title="bbox 350 5308 535 5349">
     <span class='ocr_line' id='line_1_106' title="bbox 350 5308 535 5349; baseline 0.011 -7"><span class='ocrx_word' id='word_1_727' title='bbox 350 5308 535 5349; x_wconf 84' lang='grc' dir='ltr'>ενειας.</span> 
     </span>
    </p>
   </div>
   <div class='ocr_carea' id='block_1_106' title="bbox 386 5357 1490 5436">
    <p class='ocr_par' dir='ltr' id='par_1_106' title="bbox 386 5357 1490 5436">
     <span class='ocr_line' id='line_1_107' title="bbox 386 5357 1490 5436; baseline 0.004 -4"><span class='ocrx_word' id='word_1_728' title='bbox 386 5361 500 5436; x_wconf 67' lang='grc'>(47)</span> <span class='ocrx_word' id='word_1_729' title='bbox 538 5361 861 5436; x_wconf 69' lang='grc' dir='ltr'>Ἀφορῶσοιι</span> <span class='ocrx_word' id='word_1_730' title='bbox 894 5364 1014 5436; x_wconf 57' lang='lat' dir='ltr'>Deo</span> <span class='ocrx_word' id='word_1_731' title='bbox 1048 5357 1490 5436; x_wconf 56' lang='grc' dir='ltr'>ξρεεηρφιεισριτ</span> 
     </span>
    </p>
   </div>
   <div class='ocr_carea' id='block_1_107' title="bbox 385 5366 1977 5516">
    <p class='ocr_par' dir='ltr' id='par_1_107' title="bbox 385 5366 1977 5516">
     <span class='ocr_line' id='line_1_108' title="bbox 386 5366 1490 5436; baseline 0.001 -22"><span class='ocrx_word' id='word_1_732' title='bbox 386 5366 476 5432; x_wconf 83' lang='grc'>(47</span> <span class='ocrx_word' id='word_1_733' title='bbox 538 5366 854 5434; x_wconf 76' lang='grc' dir='ltr'>Ἀφορῶσα.</span> <span class='ocrx_word' id='word_1_734' title='bbox 894 5366 1014 5415; x_wconf 89' lang='lat' dir='ltr'>Duo</span> <span class='ocrx_word' id='word_1_735' title='bbox 1048 5376 1218 5431; x_wconf 73' lang='lat'>11188.,</span> <span class='ocrx_word' id='word_1_736' title='bbox 1251 5366 1490 5436; x_wconf 75' lang='grc' dir='ltr'>άφιεισα.</span> 
     </span>
     <span class='ocr_line' id='line_1_109' title="bbox 385 5366 1977 5516; baseline 0.001 -30"><span class='ocrx_word' id='word_1_737' title='bbox 385 5366 500 5505; x_wconf 63' lang='grc'>(48)</span> <span class='ocrx_word' id='word_1_738' title='bbox 533 5435 762 5516; x_wconf 66' lang='grc' dir='ltr'>’Ἄνωθεν</span> <span class='ocrx_word' id='word_1_739' title='bbox 819 5427 895 5499; x_wconf 78' lang='grc' dir='ltr'>δὲ,</span> <span class='ocrx_word' id='word_1_740' title='bbox 928 5425 1189 5516; x_wconf 46' lang='grc' dir='ltr'>ὼςέχει.</span> <span class='ocrx_word' id='word_1_741' title='bbox 1223 5433 1404 5489; x_wconf 88' lang='lat' dir='ltr'>Totus</span> <span class='ocrx_word' id='word_1_742' title='bbox 1435 5432 1560 5516; x_wconf 37' lang='lat' dir='ltr'>hic.</span> <span class='ocrx_word' id='word_1_743' title='bbox 1587 5432 1754 5516; x_wconf 74' lang='lat' dir='ltr'>locus</span> <span class='ocrx_word' id='word_1_744' title='bbox 1811 5433 1977 5516; x_wconf 76' lang='lat' dir='ltr'>deest</span> 
     </span>
    </p>
   </div>
   <div class='ocr_carea' id='block_1_108' title="bbox 311 5505 1972 5578">
    <p class='ocr_par' dir='ltr' id='par_1_108' title="bbox 311 5505 1972 5578">
     <span class='ocr_line' id='line_1_110' title="bbox 311 5505 1972 5578; baseline 0.002 -19"><span class='ocrx_word' id='word_1_745' title='bbox 311 5505 374 5559; x_wconf 91' lang='lat' dir='ltr'>in</span> <span class='ocrx_word' id='word_1_746' title='bbox 423 5505 724 5560; x_wconf 90' lang='lat' dir='ltr'>nonnullis</span> <span class='ocrx_word' id='word_1_747' title='bbox 753 5521 897 5558; x_wconf 89' lang='lat' dir='ltr'>mss.</span> <span class='ocrx_word' id='word_1_748' title='bbox 932 5505 1233 5560; x_wconf 88' lang='lat' dir='ltr'>codicibus</span> <span class='ocrx_word' id='word_1_749' title='bbox 1266 5523 1455 5578; x_wconf 76' lang='lat' dir='ltr'>usque</span> <span class='ocrx_word' id='word_1_750' title='bbox 1493 5505 1563 5561; x_wconf 87' lang='lat' dir='ltr'>ad</span> <span class='ocrx_word' id='word_1_751' title='bbox 1605 5505 1727 5578; x_wconf 72' lang='lat' dir='ltr'>haec</span> <span class='ocrx_word' id='word_1_752' title='bbox 1775 5507 1972 5574; x_wconf 88' lang='lat' dir='ltr'>verba,</span> 
     </span>
    </p>
   </div>
   <div class='ocr_carea' id='block_1_109' title="bbox 314 5572 1972 5648">
    <p class='ocr_par' dir='ltr' id='par_1_109' title="bbox 314 5572 1972 5648">
     <span class='ocr_line' id='line_1_111' title="bbox 314 5572 1972 5648; baseline 0 -16"><span class='ocrx_word' id='word_1_753' title='bbox 314 5594 463 5648; x_wconf 69' lang='lat' dir='ltr'>quae</span> <span class='ocrx_word' id='word_1_754' title='bbox 489 5578 764 5648; x_wconf 79' lang='lat' dir='ltr'>leguntur</span> <span class='ocrx_word' id='word_1_755' title='bbox 821 5594 984 5632; x_wconf 88' lang='lat' dir='ltr'>num.</span> <span class='ocrx_word' id='word_1_756' title='bbox 1021 5579 1072 5648; x_wconf 88' lang='grc'>4,</span> <span class='ocrx_word' id='word_1_757' title='bbox 1107 5575 1328 5646; x_wconf 81' lang='grc' dir='ltr'>Ἐπειδὴ</span> <span class='ocrx_word' id='word_1_758' title='bbox 1360 5572 1452 5632; x_wconf 72' lang='grc' dir='ltr'>οὖν</span> <span class='ocrx_word' id='word_1_759' title='bbox 1509 5579 1651 5632; x_wconf 82' lang='grc' dir='ltr'>θεῖον</span> <span class='ocrx_word' id='word_1_760' title='bbox 1685 5572 1854 5640; x_wconf 77' lang='grc' dir='ltr'>ὄντως</span> <span class='ocrx_word' id='word_1_761' title='bbox 1883 5572 1972 5632; x_wconf 74' lang='grc' dir='ltr'>καὶ</span> 
     </span>
    </p>
   </div>
   <div class='ocr_carea' id='block_1_110' title="bbox 313 5647 882 5725">
    <p class='ocr_par' dir='ltr' id='par_1_110' title="bbox 313 5647 882 5725">
     <span class='ocr_line' id='line_1_112' title="bbox 313 5647 882 5725; baseline 0.004 -23"><span class='ocrx_word' id='word_1_762' title='bbox 313 5647 411 5725; x_wconf 69' lang='grc' dir='ltr'>τῆς</span> <span class='ocrx_word' id='word_1_763' title='bbox 424 5647 760 5725; x_wconf 20' lang='grc' dir='ltr'>,ᾀχράντολδλ</span> <span class='ocrx_word' id='word_1_764' title='bbox 773 5653 882 5704; x_wconf 85' lang='lat' dir='ltr'>etc.</span> 
     </span>
    </p>
   </div>
   <div class='ocr_carea' id='block_1_111' title="bbox 388 5715 1976 5795">
    <p class='ocr_par' dir='ltr' id='par_1_111' title="bbox 388 5715 1976 5795">
     <span class='ocr_line' id='line_1_113' title="bbox 388 5715 1976 5795; baseline 0.001 -19"><span class='ocrx_word' id='word_1_765' title='bbox 388 5715 891 5795; x_wconf 73' lang='grc' dir='ltr'>(49)”’Κατεϐἀλετο.</span> <span class='ocrx_word' id='word_1_766' title='bbox 943 5720 1035 5777; x_wconf 87' lang='lat' dir='ltr'>Sic</span> <span class='ocrx_word' id='word_1_767' title='bbox 1081 5721 1258 5779; x_wconf 90' lang='lat' dir='ltr'>editio</span> <span class='ocrx_word' id='word_1_768' title='bbox 1317 5726 1537 5780; x_wconf 84' lang='lat' dir='ltr'>Veneta</span> <span class='ocrx_word' id='word_1_769' title='bbox 1598 5725 1657 5778; x_wconf 92' lang='lat' dir='ltr'>et</span> <span class='ocrx_word' id='word_1_770' title='bbox 1709 5721 1976 5794; x_wconf 89' lang='lat' dir='ltr'>plerique</span> 
     </span>
    </p>
   </div>
   <div class='ocr_carea' id='block_1_112' title="bbox 387 5005 406 5216">
    <p class='ocr_par' dir='ltr' id='par_1_112' title="bbox 387 5005 406 5216">
     <span class='ocr_line' id='line_1_114' title="bbox 387 5005 406 5216; baseline 0 0"><span class='ocrx_word' id='word_1_771' title='bbox 387 5005 406 5216; x_wconf 71' lang='grc' dir='ltr'>ἒ</span> 
     </span>
    </p>
   </div>
   <div class='ocr_carea' id='block_1_113' title="bbox 2078 4697 3737 4773">
    <p class='ocr_par' dir='ltr' id='par_1_113' title="bbox 2078 4697 3737 4773">
     <span class='ocr_line' id='line_1_115' title="bbox 2078 4697 3737 4773; baseline 0.002 -20"><span class='ocrx_word' id='word_1_772' title='bbox 2078 4699 2302 4754; x_wconf 89' lang='lat' dir='ltr'>minam</span> <span class='ocrx_word' id='word_1_773' title='bbox 2331 4697 2594 4768; x_wconf 86' lang='lat' dir='ltr'>subjicit,</span> <span class='ocrx_word' id='word_1_774' title='bbox 2629 4697 2962 4752; x_wconf 88' lang='lat' dir='ltr'>masculum</span> <span class='ocrx_word' id='word_1_775' title='bbox 3015 4716 3148 4755; x_wconf 90' lang='lat' dir='ltr'>vero</span> <span class='ocrx_word' id='word_1_776' title='bbox 3177 4701 3404 4756; x_wconf 72' lang='lat' dir='ltr'>femina:</span> <span class='ocrx_word' id='word_1_777' title='bbox 3437 4702 3737 4773; x_wconf 88' lang='lat' dir='ltr'>voluptate</span> 
     </span>
    </p>
   </div>
   <div class='ocr_carea' id='block_1_114' title="bbox 2077 4785 3736 4859">
    <p class='ocr_par' dir='ltr' id='par_1_114' title="bbox 2077 4785 3736 4859">
     <span class='ocr_line' id='line_1_116' title="bbox 2077 4785 3736 4859; baseline 0.001 -14"><span class='ocrx_word' id='word_1_778' title='bbox 2077 4785 2384 4845; x_wconf 88' lang='lat' dir='ltr'>demulcet.</span> <span class='ocrx_word' id='word_1_779' title='bbox 2415 4791 2479 4842; x_wconf 89' lang='lat' dir='ltr'>In</span> <span class='ocrx_word' id='word_1_780' title='bbox 2512 4803 2627 4858; x_wconf 92' lang='lat' dir='ltr'>quo</span> <span class='ocrx_word' id='word_1_781' title='bbox 2661 4786 2896 4858; x_wconf 88' lang='lat' dir='ltr'>quidem</span> <span class='ocrx_word' id='word_1_782' title='bbox 2932 4788 2988 4842; x_wconf 92' lang='lat' dir='ltr'>id</span> <span class='ocrx_word' id='word_1_783' title='bbox 3021 4791 3176 4859; x_wconf 89' lang='lat' dir='ltr'>quod</span> <span class='ocrx_word' id='word_1_784' title='bbox 3211 4806 3240 4846; x_wconf 93' lang='lat' dir='ltr'>e</span> <span class='ocrx_word' id='word_1_785' title='bbox 3273 4791 3521 4847; x_wconf 87' lang='lat' dir='ltr'>masculi</span> <span class='ocrx_word' id='word_1_786' title='bbox 3553 4791 3736 4847; x_wconf 74' lang='lat' dir='ltr'>latere</span> 
     </span>
    </p>
   </div>
   <div class='ocr_carea' id='block_1_115' title="bbox 2085 4997 3542 5070">
    <p class='ocr_par' dir='ltr' id='par_1_115' title="bbox 2085 4997 3542 5070">
     <span class='ocr_line' id='line_1_117' title="bbox 2085 4997 3542 5070; baseline -0.001 -11"><span class='ocrx_word' id='word_1_787' title='bbox 2085 5001 2316 5059; x_wconf 87' lang='lat' dir='ltr'>codices</span> <span class='ocrx_word' id='word_1_788' title='bbox 2349 5015 2493 5070; x_wconf 86' lang='lat' dir='ltr'>mss.</span> <span class='ocrx_word' id='word_1_789' title='bbox 2527 4998 2719 5055; x_wconf 86' lang='lat' dir='ltr'>Editio</span> <span class='ocrx_word' id='word_1_790' title='bbox 2751 4997 3119 5070; x_wconf 88' lang='lat' dir='ltr'>Parisiensis,</span> <span class='ocrx_word' id='word_1_791' title='bbox 3153 4997 3542 5057; x_wconf 76' lang='grc' dir='ltr'>κατεϐάλλετο.</span> 
     </span>
    </p>
   </div>
   <div class='ocr_carea' id='block_1_116' title="bbox 2154 5068 3734 5145">
    <p class='ocr_par' dir='ltr' id='par_1_116' title="bbox 2154 5068 3734 5145">
     <span class='ocr_line' id='line_1_118' title="bbox 2154 5068 3734 5145; baseline 0.002 -16"><span class='ocrx_word' id='word_1_792' title='bbox 2154 5075 2269 5143; x_wconf 85' lang='grc'>(50)</span> <span class='ocrx_word' id='word_1_793' title='bbox 2301 5068 2557 5145; x_wconf 83' lang='grc' dir='ltr'>Ἀλόγου.</span> <span class='ocrx_word' id='word_1_794' title='bbox 2587 5072 2681 5145; x_wconf 80' lang='lat' dir='ltr'>Sic</span> <span class='ocrx_word' id='word_1_795' title='bbox 2710 5071 2888 5145; x_wconf 76' lang='lat' dir='ltr'>editio</span> <span class='ocrx_word' id='word_1_796' title='bbox 2939 5068 3162 5131; x_wconf 87' lang='lat' dir='ltr'>Veneta</span> <span class='ocrx_word' id='word_1_797' title='bbox 3207 5080 3263 5130; x_wconf 91' lang='lat' dir='ltr'>et</span> <span class='ocrx_word' id='word_1_798' title='bbox 3307 5075 3537 5132; x_wconf 84' lang='lat' dir='ltr'>codices</span> <span class='ocrx_word' id='word_1_799' title='bbox 3589 5090 3734 5132; x_wconf 90' lang='lat' dir='ltr'>mss.</span> 
     </span>
    </p>
   </div>
   <div class='ocr_carea' id='block_1_117' title="bbox 2083 5141 2934 5219">
    <p class='ocr_par' dir='ltr' id='par_1_117' title="bbox 2083 5141 2934 5219">
     <span class='ocr_line' id='line_1_119' title="bbox 2083 5141 2934 5219; baseline -0.004 -17"><span class='ocrx_word' id='word_1_800' title='bbox 2083 5141 2274 5202; x_wconf 40' lang='lat' dir='ltr'>Ed&#39;itio</span> <span class='ocrx_word' id='word_1_801' title='bbox 2306 5141 2680 5219; x_wconf 67' lang='lat' dir='ltr'>Parisiensis,</span> <span class='ocrx_word' id='word_1_802' title='bbox 2715 5141 2934 5219; x_wconf 76' lang='grc' dir='ltr'>ἄλογον.</span> 
     </span>
    </p>
   </div>
   <div class='ocr_carea' id='block_1_118' title="bbox 2155 5214 3738 5291">
    <p class='ocr_par' dir='ltr' id='par_1_118' title="bbox 2155 5214 3738 5291">
     <span class='ocr_line' id='line_1_120' title="bbox 2155 5214 3738 5291; baseline 0.004 -23"><span class='ocrx_word' id='word_1_803' title='bbox 2155 5218 2268 5290; x_wconf 83' lang='grc'>(51)</span> <span class='ocrx_word' id='word_1_804' title='bbox 2298 5214 2533 5270; x_wconf 85' lang='grc' dir='ltr'>Τούτων.</span> <span class='ocrx_word' id='word_1_805' title='bbox 2569 5216 2694 5271; x_wconf 93' lang='lat' dir='ltr'>Duo</span> <span class='ocrx_word' id='word_1_806' title='bbox 2747 5214 2912 5287; x_wconf 71' lang='lat' dir='ltr'>mss,</span> <span class='ocrx_word' id='word_1_807' title='bbox 2945 5215 3146 5288; x_wconf 84' lang='grc' dir='ltr'>τούτῳ.</span> <span class='ocrx_word' id='word_1_808' title='bbox 3172 5217 3336 5273; x_wconf 83' lang='lat' dir='ltr'>Alius</span> <span class='ocrx_word' id='word_1_809' title='bbox 3393 5219 3466 5274; x_wconf 90' lang='lat' dir='ltr'>ad</span> <span class='ocrx_word' id='word_1_810' title='bbox 3527 5219 3738 5291; x_wconf 86' lang='lat' dir='ltr'>margi-</span> 
     </span>
    </p>
   </div>
   <div class='ocr_carea' id='block_1_119' title="bbox 2085 5307 2458 5356">
    <p class='ocr_par' dir='ltr' id='par_1_119' title="bbox 2085 5307 2458 5356">
     <span class='ocr_line' id='line_1_121' title="bbox 2085 5307 2458 5356; baseline -0.011 -10"><span class='ocrx_word' id='word_1_811' title='bbox 2085 5307 2241 5356; x_wconf 89' lang='lat' dir='ltr'>nem,</span> <span class='ocrx_word' id='word_1_812' title='bbox 2270 5308 2458 5342; x_wconf 81' lang='grc' dir='ltr'>ταυτα.</span> 
     </span>
    </p>
   </div>
   <div class='ocr_carea' id='block_1_120' title="bbox 2156 5355 3739 5433">
    <p class='ocr_par' dir='ltr' id='par_1_120' title="bbox 2156 5355 3739 5433">
     <span class='ocr_line' id='line_1_122' title="bbox 2156 5355 3739 5433; baseline 0.035 -72"><span class='ocrx_word' id='word_1_813' title='bbox 2156 5355 2268 5433; x_wconf 56' lang='lat'>(52)</span> <span class='ocrx_word' id='word_1_814' title='bbox 2302 5361 2409 5433; x_wconf 21' lang='lat' dir='ltr'>mg</span> <span class='ocrx_word' id='word_1_815' title='bbox 2441 5357 2665 5433; x_wconf 48' lang='grc' dir='ltr'>αἰῶνος.</span> <span class='ocrx_word' id='word_1_816' title='bbox 2703 5359 3000 5433; x_wconf 6' lang='lat' dir='ltr'>putt-aque</span> <span class='ocrx_word' id='word_1_817' title='bbox 3060 5359 3261 5433; x_wconf 77' lang='lat' dir='ltr'>editio,</span> <span class='ocrx_word' id='word_1_818' title='bbox 3324 5355 3392 5413; x_wconf 84' lang='grc' dir='ltr'>δι’</span> <span class='ocrx_word' id='word_1_819' title='bbox 3443 5360 3580 5430; x_wconf 73' lang='grc' dir='ltr'>ἑνός,</span> <span class='ocrx_word' id='word_1_820' title='bbox 3641 5378 3739 5432; x_wconf 81' lang='lat' dir='ltr'>per</span> 
     </span>
    </p>
   </div>
   <div class='ocr_carea' id='block_1_121' title="bbox 2084 5430 3741 5504">
    <p class='ocr_par' dir='ltr' id='par_1_121' title="bbox 2084 5430 3741 5504">
     <span class='ocr_line' id='line_1_123' title="bbox 2084 5430 3741 5504; baseline 0.001 -16"><span class='ocrx_word' id='word_1_821' title='bbox 2084 5430 2258 5491; x_wconf 66' lang='lat' dir='ltr'>unum</span> <span class='ocrx_word' id='word_1_822' title='bbox 2287 5431 2654 5504; x_wconf 79' lang='lat' dir='ltr'>multiplicat.</span> <span class='ocrx_word' id='word_1_823' title='bbox 2696 5431 2805 5485; x_wconf 85' lang='lat' dir='ltr'>Sed</span> <span class='ocrx_word' id='word_1_824' title='bbox 2840 5431 3004 5499; x_wconf 90' lang='lat' dir='ltr'>sequi</span> <span class='ocrx_word' id='word_1_825' title='bbox 3027 5430 3348 5488; x_wconf 87' lang='lat' dir='ltr'>maluimus</span> <span class='ocrx_word' id='word_1_826' title='bbox 3380 5450 3482 5489; x_wconf 85' lang='lat' dir='ltr'>sex</span> <span class='ocrx_word' id='word_1_827' title='bbox 3511 5430 3741 5490; x_wconf 83' lang='lat' dir='ltr'>codices</span> 
     </span>
    </p>
   </div>
   <div class='ocr_carea' id='block_1_122' title="bbox 2083 5505 3744 5576">
    <p class='ocr_par' dir='ltr' id='par_1_122' title="bbox 2083 5505 3744 5576">
     <span class='ocr_line' id='line_1_124' title="bbox 2083 5505 3744 5576; baseline -0.001 -15"><span class='ocrx_word' id='word_1_828' title='bbox 2083 5523 2249 5576; x_wconf 75' lang='lat'>11135.,</span> <span class='ocrx_word' id='word_1_829' title='bbox 2276 5521 2524 5576; x_wconf 89' lang='lat' dir='ltr'>quorum</span> <span class='ocrx_word' id='word_1_830' title='bbox 2557 5505 2754 5558; x_wconf 87' lang='lat' dir='ltr'>tamen</span> <span class='ocrx_word' id='word_1_831' title='bbox 2789 5519 2942 5558; x_wconf 88' lang='lat' dir='ltr'>unus</span> <span class='ocrx_word' id='word_1_832' title='bbox 2971 5505 3040 5558; x_wconf 86' lang='lat' dir='ltr'>ad</span> <span class='ocrx_word' id='word_1_833' title='bbox 3077 5506 3404 5576; x_wconf 86' lang='lat' dir='ltr'>marginem</span> <span class='ocrx_word' id='word_1_834' title='bbox 3426 5506 3603 5563; x_wconf 87' lang='lat' dir='ltr'>habet</span> <span class='ocrx_word' id='word_1_835' title='bbox 3624 5507 3744 5561; x_wconf 82' lang='lat' dir='ltr'>vul-</span> 
     </span>
    </p>
   </div>
   <div class='ocr_carea' id='block_1_123' title="bbox 2089 5578 2644 5649">
    <p class='ocr_par' dir='ltr' id='par_1_123' title="bbox 2089 5578 2644 5649">
     <span class='ocr_line' id='line_1_125' title="bbox 2089 5578 2644 5649; baseline -0.011 -14"><span class='ocrx_word' id='word_1_836' title='bbox 2089 5585 2288 5649; x_wconf 89' lang='lat' dir='ltr'>gatam</span> <span class='ocrx_word' id='word_1_837' title='bbox 2315 5578 2644 5649; x_wconf 81' lang='lat' dir='ltr'>lectionem.</span> 
     </span>
    </p>
   </div>
   <div class='ocr_carea' id='block_1_124' title="bbox 2155 5644 3737 5722">
    <p class='ocr_par' dir='ltr' id='par_1_124' title="bbox 2155 5644 3737 5722">
     <span class='ocr_line' id='line_1_126' title="bbox 2155 5644 3737 5722; baseline 0.001 -18"><span class='ocrx_word' id='word_1_838' title='bbox 2155 5652 2273 5722; x_wconf 84' lang='lat'>(53)</span> <span class='ocrx_word' id='word_1_839' title='bbox 2306 5648 2431 5711; x_wconf 80' lang='grc' dir='ltr'>Καθ’</span> <span class='ocrx_word' id='word_1_840' title='bbox 2464 5647 2692 5701; x_wconf 76' lang='grc' dir='ltr'>ἅπασαν.</span> <span class='ocrx_word' id='word_1_841' title='bbox 2714 5644 3022 5722; x_wconf 37' lang='lat' dir='ltr'>‘Nonnulli</span> <span class='ocrx_word' id='word_1_842' title='bbox 3075 5647 3324 5722; x_wconf 68' lang='lat' dir='ltr'>codices,</span> <span class='ocrx_word' id='word_1_843' title='bbox 3371 5648 3509 5704; x_wconf 85' lang='grc' dir='ltr'>κατά</span> <span class='ocrx_word' id='word_1_844' title='bbox 3545 5652 3737 5705; x_wconf 81' lang='grc' dir='ltr'>πᾶσαν.</span> 
     </span>
    </p>
   </div>
   <div class='ocr_carea' id='block_1_125' title="bbox 2083 5713 3361 5792">
    <p class='ocr_par' dir='ltr' id='par_1_125' title="bbox 2083 5713 3361 5792">
     <span class='ocr_line' id='line_1_127' title="bbox 2083 5713 3361 5792; baseline 0 -17"><span class='ocrx_word' id='word_1_845' title='bbox 2083 5713 2210 5780; x_wconf 76' lang='grc' dir='ltr'>ΜόΧ</span> <span class='ocrx_word' id='word_1_846' title='bbox 2251 5713 2366 5778; x_wconf 80' lang='lat' dir='ltr'>duo</span> <span class='ocrx_word' id='word_1_847' title='bbox 2399 5737 2568 5787; x_wconf 62' lang='grc' dir='ltr'>ωδε,</span> <span class='ocrx_word' id='word_1_848' title='bbox 2599 5713 3042 5792; x_wconf 69' lang='grc' dir='ltr'>πεπληρωμένον</span> <span class='ocrx_word' id='word_1_849' title='bbox 3077 5713 3361 5792; x_wconf 80' lang='grc' dir='ltr'>ἐπιδεῖξαι.</span> 
     </span>
    </p>
   </div>
  </div>
