4150 6408
397 397 517 456 675

1344 390 1742 452 APPENDIX
1784 386 2116 452 OPERUM
2160 389 2226 451 S.
2272 389 2553 454 BASlLll
2600 393 2876 455 MAGNI.

3707 397 3846 456 676

395 531 702 601 sumptum
733 530 842 597 est,
878 525 961 582 uti
992 528 1213 597 partem
1247 523 1353 579 toti
1387 539 1420 578 ιι
1448 539 1564 595 quo
1597 527 1903 596 sumptum
1933 525 2046 594 est,

2161 517 2221 574 ἂν
2285 524 2446 600 μὲρος
2504 522 2622 597 ὅλῳ
2676 529 2758 596 τῷ
2811 525 2898 602 ἀφ’
2943 525 3004 580 οὗ
3050 522 3264 603 ἐλήφθη
3318 526 3639 588 καταπειθὶς
3693 527 3845 581 εἶναι

397 617 789 673 summissum
818 631 946 672 esse
973 619 1029 669 et
1052 613 1300 684 imperio
1330 629 1529 684 parere
1552 612 1800 668 sancivit
1826 630 1838 668 :
1865 617 1928 668 ut
1947 629 2049 667 au-

394 711 510 762 tem
545 705 866 769 masculus,
899 719 1024 760 eam
1075 719 1205 774 quae
1244 719 1312 757 ex
1362 718 1423 757 se
1469 707 1776 774 assumpta
1805 707 1913 770 est,
1949 718 2050 773 ap-

394 801 637 869 peteret,
672 812 735 850 ac
768 793 926 849 illius
957 807 1338 863 congressum
1371 791 1910 863 persequendo,per
1939 791 2052 845 hu-

387 887 650 958 jusmodi
682 881 953 954 copulam
988 881 1290 953 proprium
1326 881 1659 935 membrum
1695 880 1753 935 in
1787 880 2052 952 seipsum

395 975 696 1045 reciperet,
733 969 986 1027 naturali
1043 970 1299 1041 quadam
1348 969 1694 1025 necessitate
1721 968 2051 1024 constituit.

393 1065 486 1120 Sic
537 1064 652 1117 duo
685 1078 754 1117 ex
809 1076 945 1128 uno,
976 1064 1150 1130 atque
1201 1059 1416 1113 iterum
1450 1075 1518 1113 ex
1568 1059 1797 1113 duobus
1843 1075 2050 1127 unum,

395 1149 724 1206 masculum
757 1151 816 1203 et
850 1147 1156 1212 feminam,
1197 1146 1494 1218 sapienter
1543 1147 1824 1202 ostendit.
1861 1150 2052 1218 Atque

389 1245 658 1294 mutuum
681 1237 839 1292 hunc
862 1235 1230 1308 complexum
1257 1251 1372 1291 non
1392 1235 1462 1290 iis
1485 1234 1858 1308 solum,quos
1883 1236 2048 1307 prius

389 1325 742 1397 dixi,modis
766 1325 1041 1399 praestitit
1063 1325 1326 1396 ipsorum
1353 1324 1699 1396 corporibus
1717 1326 2051 1396 jucundum

388 1422 444 1474 et
489 1433 753 1481 suavem,
799 1415 900 1470 sed
951 1415 1131 1470 etiam
1183 1413 1648 1486 multiplicandis
1690 1415 1892 1486 prolis,
1926 1431 2049 1486 qua

389 1524 490 1579 per
510 1521 892 1577 congressum
919 1503 1373 1575 praelucentibus
1389 1504 1606 1559 amoris
1623 1503 1848 1559 facibus
1863 1503 2051 1559 susci-

388 1601 568 1667 tatur,
603 1595 868 1651 studium
902 1610 967 1648 ac
1017 1593 1380 1647 desiderium
1413 1594 1622 1666 ingens
1654 1593 1885 1649 insevit.
1923 1593 2049 1648 Ma-

389 1685 621 1742 sculu:n
655 1684 893 1755 quidem
943 1687 1214 1754 agentem
1250 1687 1450 1754 utpote
1496 1682 1663 1754 prius
1713 1683 2046 1752 conditum,

389 1775 664 1830 feminam
715 1789 848 1827 vero
899 1773 1216 1844 patientem
1269 1774 1552 1842 tanquam
1587 1790 1620 1825 υ.
1652 1771 1831 1827 maris
1886 1775 2050 1842 parte

2161 612 2296 686 πρὸς
2348 614 2446 682 τήν
2492 615 2670 688 ἀρχὴν
2716 610 3009 676 δικαιώσας
3040 634 3052 646 ·
3084 614 3146 669 τὸ
3194 612 3251 670 δὶ
3297 612 3452 692 ἅρῥεν
3515 616 3707 670 ποθεῖν
3772 617 3846 671 τὸ

2162 699 2254 755 ἀπ’
2285 703 2452 756 αὐτοῦ
2483 701 2710 780 ληφθὲν,
2743 703 2832 758 καὶ
2872 704 2970 772 τὴν
3003 704 3138 779 πρὸς
3168 704 3299 758 αὐτὸ
3333 702 3532 759 διῶκον
3567 702 3846 778 συμπλο-⁵

2161 789 2289 862 κὴν,
2333 790 2409 854 εἷς
2459 791 2636 860 ἑαυτὸ,
2703 789 2791 846 διὰ
2841 799 2940 862 τῆς
3006 792 3228 866 μίξεως,
3282 793 3343 847 τὸ
3405 791 3604 848 οἰκεῖον
3661 793 3848 867 μέλος

2163 874 2567 951 ἀναλαμϐάνειν
2616 885 2735 942 ταῖς
2782 868 2886 946 τῆς
2930 880 3138 959 φύσεως
3190 882 3445 957 ἀνάγκαις
3497 885 3845 958 μηχανησά-

2167 987 2349 1039 μενοςο
2382 972 2578 1024 τοῦτον
2611 966 2669 1024 δὶ
2697 969 2788 1024 τὸν
2821 969 3046 1045 τρόπον,
3076 969 3127 1042 ἐξ
3161 970 3277 1033 ἑνὸς
3323 968 3444 1040 δύο,
3481 972 3573 1026 καὶ
3625 970 3687 1028 ἐκ
3740 970 3846 1028 δύο

2163 1053 2330 1111 πάλιν
2377 1057 2538 1126 ἓν,τό
2589 1079 2644 1112 τε
2694 1055 2850 1135 ἅρρεν
2902 1059 2993 1113 καὶ
3037 1059 3100 1114 τὸ
3150 1058 3293 1128 θῆλυ
3346 1065 3527 1137 σοφῶς
3559 1063 3674 1135 (54)
3704 1061 3844 1116 ἀνα-

2164 1142 2357 1216 δείξας.
2391 1148 2487 1201 Καὶ
2523 1147 2583 1202 οὗ
2617 1149 2716 1216 τήν
2767 1149 2906 1223 πρὸς
2965 1146 3190 1219 ἄλληλα
3245 1149 3575 1222 συμπλοκὴν
3642 1151 3842 1226 μόνον,

2164 1231 2254 1289 διὰ
2291 1239 2400 1288 τῶν
2453 1237 2870 1312 προειρημένων
2917 1233 3158 1312 τρόπων,
3192 1235 3380 1308 ἡδεῖαν
3424 1244 3541 1302 τυῖς
3583 1241 3843 1314 σώμασιν

2161 1323 2338 1378 αὐτῶν
2373 1323 2758 1400 ἐργασάμενος,
2792 1323 2938 1381 ἀλλὰ
2985 1325 3074 1380 καὶ
3133 1327 3268 1403 πρὸς
3318 1327 3380 1383 τὸ
3422 1326 3482 1383 ἐκ
3531 1335 3633 1399 τῆς
3692 1351 3835 1404 συμ-

2162 1410 2378 1483 πλοκῆς
2408 1419 2526 1476 ταῖς
2557 1419 2653 1469 τοῦ
2685 1411 2887 1490 ἔρωτος
2931 1413 3177 1488 λαμπάσι
3229 1413 3681 1493 δᾳδουχοῦμενον
3733 1421 3825 1494 γέ-

2159 1523 2272 1574 νος,
2320 1500 2464 1557 πολὺ
2521 1504 2583 1558 τὸ
2659 1501 2886 1580 φίλτρον
2954 1503 3415 1580 ἐγκατασπείρας’
3473 1505 3818 1583 ἐνεργητικὸν

2164 1591 2258 1664 μὶν
2289 1592 2350 1645 τὸ
2393 1589 2574 1667 ἅρρεν,
2609 1593 2682 1653 ὡς
2715 1589 2773 1646 ἂν
2810 1593 2896 1647 καὶ
2931 1592 3066 1647 κατὰ
3096 1594 3194 1662 τὴν
3243 1591 3612 1672 δημιουργίαν
3673 1618 3832 1671 πρω-

2158 1684 2334 1735 τεῦονο
2368 1682 2688 1750 παθητικὸν.
2725 1678 2782 1736 δὲ
2831 1682 2894 1736 τὸ
2942 1681 3105 1750 θῆλυ,
3141 1682 3214 1744 ὡς
3262 1680 3322 1736 ἂν
3366 1689 3467 1754 τῆς
3509 1689 3607 1739 τοῦ
3670 1683 3834 1763 56.5:-

2158 1791 2248 1832 νος
2307 1775 2500 1844 μοῖρας
2550 1771 2916 1839 ἀποσπασθὲν,
2972 1772 3072 1839 τὴν
3137 1771 3292 1848 φύσιν
3357 1771 3660 1849 ἐργάζεται,
3727 1779 3830 1833 Καὶ

388 1863 653 1920 avulsam
689 1877 757 1916 ex
787 1861 916 1933 ipsa
948 1865 1158 1915 natura
1189 1860 1388 1915 efﬁcit.
1417 1860 1482 1915 Et
1513 1876 1584 1915 ne
1620 1860 1836 1915 femina
1865 1859 2043 1915 veluti

2161 1856 2241 1912 ίνα
2277 1860 2352 1932 μή
2378 1864 2456 1931 τῷ
2485 1859 2624 1934 πρὸς
2653 1861 2752 1929 τήν
2784 1864 2881 1914 τοῦ
2914 1858 3114 1932 ὁμοίου
3145 1861 3332 1935 γὲνους
3368 1858 3639 1939 διαδοχὴν
3702 1866 3835 1944 φίλ-

386 1953 641 2025 patiens,
671 1950 891 2006 amoris
940 1949 1150 2004 aﬂ'ectu
1185 1949 1255 2004 ad
1287 1948 1503 2004 similis
1553 1950 1786 2021 generis
1818 1965 2050 2005 succes-

387 2042 614 2098 sionem
638 2037 1142 2112 impulsa,auxilio
1165 2037 1604 2109 destitueretur,
1637 2038 1916 2094 feminam
1944 2055 2048 2094 ceu

384 2135 572 2188 totum
604 2127 922 2200 voluptatis
952 2128 1448 2182 medicamentum
1505 2127 1768 2183 masculo
1800 2127 2047 2200 paravit,

386 2225 563 2292 atque
596 2218 852 2275 violento
902 2218 1156 2287 quodam
1191 2217 1446 2288 pondere
1491 2233 1714 2273 marem
1749 2217 1821 2272 ad
1858 2218 2049 2288 ipsam

386 2309 541 2382 rapit
569 2327 582 2377 ;
609 2325 723 2364 non
763 2307 833 2362 ad
869 2305 1200 2362 masculum
1235 2305 1578 2378 pertrahens
1613 2305 1914 2377 feminam,
1947 2305 2049 2361 sed

384 2415 489 2471 per
522 2397 749 2453 feminas
783 2396 1141 2468 voluptatem
1191 2393 1522 2450 masculum
1547 2395 1617 2449 ad
1651 2394 1838 2466 ipsam
1872 2394 2052 2466 capti-

386 2504 525 2544 vum
545 2484 1305 2552 ducens.Quemadmodum
1331 2483 1486 2538 enim
1515 2500 1754 2554 magnes
1777 2483 1929 2555 lapis
1953 2500 2048 2539 ar-

385 2591 594 2633 canam
618 2575 934 2646 quamdam
960 2572 1077 2628 vim
1109 2572 1169 2627 in
1195 2573 1413 2628 ferrum
1438 2577 1648 2644 suapte
1675 2576 1887 2628 natura
1924 2588 2049 2628 sor-

387 2666 553 2732 titus,
589 2681 704 2719 non
731 2664 858 2736 ipse
890 2664 1114 2735 rapitur
1145 2663 1216 2717 ad
1251 2661 1493 2729 ferrum,
1527 2663 1630 2717 sed
1672 2662 1906 2718 eminus
1942 2662 2050 2717 fer-

385 2773 516 2812 rum
550 2755 620 2810 ad
655 2753 917 2825 seipsum
953 2751 1273 2824 pertrahit:
1307 2750 1392 2806 sic
1425 2751 1650 2806 femina
1685 2767 1901 2823 corpus
1934 2768 2048 2807 non

385 2842 775 2902 enarrabilem
810 2841 1129 2908 quamdam
1163 2839 1222 2894 in
1270 2839 1602 2896 masculum
1635 2841 1749 2894 vim
1786 2846 2048 2909 nactum,

389 2935 698 3007 ignorante
730 2931 930 3000 etiam,
968 2934 1030 2985 ut
1062 2930 1142 2985 ita
1173 2929 1304 3001 quis
1331 2928 1559 3000 dixerit,
1596 2929 1782 3001 ipsius
1826 2930 2047 2996 anima,

386 3023 570 3080 maris
599 3038 811 3093 corpus
843 3019 996 3075 ultro
1029 3019 1099 3074 ad
1127 3019 1508 3074 concubitum
1534 3019 2051 3091 pertrahit.Voluit

380 3113 492 3169 hoc
516 3111 689 3166 modo
713 3126 883 3182 Opem
918 3109 1065 3164 ferre
1089 3106 1401 3162 infirmiori
1425 3107 1667 3163 animali
1701 3125 1897 3163 rerum
1927 3107 2050 3180 opi-

384 3203 498 3266 fex,
532 3205 598 3256 ut
628 3216 736 3255 sua
767 3197 956 3270 ipsius
988 3196 1287 3270 voluptate
1321 3214 1542 3252 marem
1577 3197 2046 3268 incantans,uon

2158 1968 2272 2022 τρῳ
2300 1948 2361 2002 τὸ
2393 1949 2533 2016 θῆλυ
2567 1948 2861 2024 ἀγόμενον,
2894 1949 2968 2010 ὡς
3029 1948 3089 2003 ἂν
3141 1950 3471 2021 παθητικὸν,
3503 1947 3829 2026 ἀϐοήθητον

2158 2036 2570 2110 καταλείποιτο,
2619 2035 2823 2108 ἡδονῆς
2872 2037 2999 2093 ὅλον
3054 2036 3337 2115 φάρμακον
3383 2045 3465 2113 τῷ
3517 2040 3702 2119 ἄῤῥενι
3761 2046 3830 2101 τὸ

2162 2127 2304 2196 θῆλυ
2350 2126 2770 2196 κατασκευάσας,
2807 2127 3005 2204 βιαίοις
3057 2126 3273 2200 ὁλκαῖς,
3305 2128 3396 2183 καὶ
3449 2129 3537 2184 ἐπὶ
3587 2133 3688 2201 τὴν
3735 2154 3830 2189 κα-

2157 2211 2407 2285 ταϐολὴν
2459 2223 2560 2286 τῆς
2604 2223 2787 2291 γονῆς,
2821 2217 2956 2292 πρὸς
3016 2216 3146 2271 αὐτὸ
3204 2217 3319 2294 ἄγει
3365 2219 3430 2273 τὸ
3473 2218 3657 2297 αῤῥεν·
3692 2222 3828 2299 οὐχὶ

2159 2305 2295 2380 πρὸς
2325 2305 2388 2360 16
2423 2303 2578 2382 ἄρρεν
2612 2305 2752 2382 ἄγων
2785 2308 2896 2380 (55)
2926 2306 2987 2360 τὸ
3022 2304 3186 2377 θῆλυ,
3219 2305 3366 2362 ἀλλὰ
3395 2311 3463 2382 τῇ
3495 2314 3594 2365 τοῦ
3628 2311 3835 2382 θήλεος

2159 2393 2335 2468 ἡδονῇ
2370 2395 2432 2449 τὸ
2466 2393 2622 2472 ἄρῤεν
2660 2395 2795 2472 πρὸς
2825 2395 2955 2450 αὐτὸ
2985 2394 3353 2471 αῗχμάΛωτον
3383 2397 3548 2474 ἄγων.
3582 2400 3673 2464 Ὠς
3721 2403 3828 2479 γὰρ

2160 2488 2194 2554 ἡ
2233 2491 2504 2560 μαγνῆτις
2564 2482 2716 2546 λίθος
2778 2484 3011 2560 ἄῤῥητόν
3067 2506 3186 2540 τινα
3244 2482 3478 2560 δύναμιν
3537 2490 3674 2545 κατᾶ
3728 2497 3830 2547 τοῦ

2160 2572 2389 2649 σιδήρου
2416 2573 2468 2627 ὲν
2500 2577 2568 2648 τῇ
2601 2573 2755 2651 φύσει
2786 2569 3053 2642 λαϐοῦσα,
3088 2574 3190 2628 οὐκ
3245 2574 3383 2645 πύτὴ
3445 2573 3628 2653 ἄγεται
3689 2581 3830 2657 πρὸς

2159 2665 2249 2719 τὸν
2287 2661 2532 2739 σίδηρον,
2562 2661 2707 2718 ἀλλὰ
2748 2658 3027 2739 πόρρωθεν
3080 2665 3215 2739 πρὸς
3267 2665 3465 2736 ἑαυτὴν
3522 2667 3616 2723 τὸν
3669 2668 3825 2741 σίδη-

2161 2775 2253 2828 ρον
2285 2749 2456 2822 ἕλκει,
2491 2751 2632 2808 οὕτω
2661 2753 2723 2807 τὸ
2757 2757 2853 2806 τοῦ
2899 2751 3098 2823 θήλεος
3151 2758 3333 2827 σῶμα,
3366 2755 3644 2834 ἄφραστον
3687 2763 3825 2815 κατὰ

2157 2846 2254 2897 τοῦ
2288 2839 2510 2918 ἅρῥενος
2542 2843 2641 2911 τὴν
2675 2839 2904 2914 δύναμιν
2935 2845 3044 2915 (56)
3081 2840 3330 2922 εἰληφὸς,
3354 2845 3448 2899 καὶ
3486 2847 3560 2918 μὴ
3597 2845 3814 2918 εἰδυίας,

2159 2931 2233 2994 ὡς
2265 2928 2322 2985 ἂν
2360 2929 2502 2985 εἴποι
2533 2952 2638 3003 τις,
2670 2933 2766 3000 τῆς
2801 2930 2851 2986 ἐν
2887 2931 3036 3002 αὐτῷ
3085 2935 3293 3008 ψυχῆς,
3327 2934 3387 2987 τὸ
3441 2938 3536 2988 τοῦ
3589 2932 3809 3010 ἄρῥενος

2161 3025 2323 3092 σῶμα
2378 3020 2514 3094 πρὸς
2573 3021 2671 3088 τήν
2745 3019 2884 3093 μίξιν
2941 3020 3253 3093 αὐτόματον
3299 3019 3463 3077 ἕλκει.
3517 3023 3672 3079 Οὕτω
3727 3028 3812 3096 τῷ

2162 3110 2520 3184 ἀσθενεστέρῳ
2553 3110 2678 3182 ζώῳ
2707 3112 2802 3164 τοῦ
2835 3114 3186 3186 Δημιουργοῦ
3230 3111 3496 3187 βοηθῆσαι
3545 3110 3813 3183 θελήσαν-

2159 3218 2276 3268 τος,
2303 3196 2396 3252 ⁹ίνα
2426 3201 2494 3272 τῇ
2527 3197 2719 3273 ἐνούσῃ
2755 3197 2901 3270 αὐτῷ
2921 3196 3096 3273 ἡδονῇ
3134 3205 3472 3276 μαγγανεῦον
3521 3201 3584 3255 τὸ
3633 3200 3823 3278 ἆρῥεν,

382 3291 579 3347 solum
611 3290 684 3344 ob
743 3287 1062 3344 liberorum
1111 3287 1594 3358 procreationem,
1630 3303 1833 3342 verum
1868 3288 2044 3344 etiam

2161 3289 2225 3343 οὐ
2257 3285 2343 3343 διὰ
2375 3289 2472 3358 τὴν
2506 3286 2856 3342 παιδοποιίαν
2895 3289 3076 3361 μόνον,
3111 3287 3258 3344 ἀλλὰ
3287 3289 3377 3344 καὶ
3419 3287 3493 3345 δι’
3523 3289 3684 3345 αὐτὸν
3729 3291 3820 3345 τὸν

385 3386 624 3452 propter
656 3378 852 3450 ipsum
905 3393 1258 3448 congressus
1287 3379 1554 3443 matrum,
1583 3375 1914 3432 maseulum
1949 3378 2048 3434 de-

384 3471 678 3524 fensorem
711 3466 971 3521 haberet.
1008 3466 1146 3521 Eam
1179 3465 1360 3537 igitur
1391 3465 1462 3520 ob
1512 3482 1751 3521 causam
1789 3484 1801 3520 :
1844 3465 2044 3522 Relin-

383 3564 512 3632 que!
531 3556 689 3611 homo
707 3559 922 3626 patrem
966 3571 1127 3610 suum
1147 3562 1196 3610 et
1217 3563 1453 3609 matrem
1474 3572 1492 3609 :
1519 3571 1632 3608 non
1668 3553 1906 3622 femina,
1942 3557 2044 3610 sed

383 3645 687 3703 masculus
719 3643 792 3698 ab
825 3643 999 3699 insito
1033 3642 1276 3698 stimulo
1297 3643 1368 3697 ad
1401 3642 1631 3697 feminis
1664 3642 2044 3700 concubitum

381 3733 699 3807 impulsus.
736 3738 799 3790 Et
839 3732 1147 3789 adhaerebit
1178 3734 1346 3788 ατονί
1374 3734 1480 3799 vir,
1513 3731 1728 3803 inquit,
1754 3749 1866 3786 non
1904 3749 2048 3788 uxor

378 3827 526 3894 viro,
559 3828 612 3879 et
658 3828 821 3880 erunt
851 3823 954 3878 duo
1004 3824 1064 3877 in
1091 3838 1262 3878 carne
1311 3839 1422 3877 una
1453 3822 1519 3876 ⁵⁸.
1554 3821 1670 3876 Ηοο
1703 3825 1899 3877 autem
1943 3823 2047 3878 im-

383 3915 616 3988 perium
658 3912 909 3969 femineo
941 3911 1105 3967 sexui
1137 3911 1195 3965 in
1229 3927 1404 3966 suum
1439 3910 1747 3966 dominum
1792 3911 2047 3983 largiens

383 4003 683 4070 Conditor,
719 4001 906 4074 ipsam
955 4001 1131 4056 etiam
1173 4001 1437 4072 corporis
1488 3999 1945 4071 descriptionem
1982 4018 2047 4058 ac

384 4095 633 4151 formam
666 4085 907 4147 feminas
931 4089 1252 4146 molliorem
1289 4090 1536 4160 cfﬁnxit,
1571 4094 1637 4145 ut
1666 4094 1847 4159 tactu,
1884 4107 2048 4162 aspe-

384 4187 696 4254 ctu,motu,
733 4181 1135 4236 membrorum
1171 4179 1419 4250 denique
1453 4178 1717 4242 mollitie.
1753 4179 2046 4251 aspiciens

383 4279 442 4330 et
474 4276 710 4345 aspecta
743 4269 1076 4326 masculum
1101 4267 1399 4340 voluptate
1431 4267 1839 4337 molliret,sese
1863 4270 2045 4327 unde-

387 4363 534 4418 libet
563 4363 633 4417 ad
667 4376 902 4418 omnem
937 4375 1218 4414 sensuum
1253 4357 1571 4431 appulsum
1604 4358 1874 4416 efferens.

2157 3384 2256 3447 τῆς
2290 3376 2483 3450 μίξεως
2515 3376 2750 3452 οἶστρον,
2789 3377 3141 3452 ὑπερμαχοῢν
3174 3377 3324 3447 αὐτῷ
3364 3373 3469 3452 ἔχῃ
3521 3380 3584 3432 τὸ
3636 3376 3824 3455 ἄρῥεν.

2159 3466 2304 3524 ’Λντὶ
2356 3465 2554 3520 τούτου
2607 3470 2759 3540 γοῦν,
2813 3465 3136 3539 Καταλείψει
3195 3463 3485 3539 ἅνθρωπος
3558 3468 3654 3521 τὸν
3714 3489 3827 3522 πα-

2155 3556 2284 3630 τέρα
2337 3554 2502 3609 αὐτοῦ
2559 3554 2650 3608 καὶ
2707 3557 2810 3624 τήν
2865 3555 3090 3629 μητέρω
3124 3554 3186 3608 οὐ
3238 3554 3300 3608 τὸ
3345 3553 3490 3623 θῆλυ
3522 3557 3658 3628 (57),
3689 3554 3825 3612 ἀλλ’

2157 3647 2184 3700 6
2219 3641 2415 3721 ἄρρην,
2450 3643 2553 3698 ὑπὸ
2583 3647 2677 3698 τοῦ
2709 3641 3019 3720 ἐγκειμένου
3051 3641 3267 3719 οἷ’στρου
3299 3644 3436 3719 πρὸς
3480 3645 3581 3715 τήν
3636 3667 3828 3700 συνου-

2157 3734 2273 3790 σίαν
2327 3736 2424 3788 τοῦ
2476 3732 2674 3803 θήλεος
2727 3731 3109 3805 ἐλαυνόμενος.
3163 3733 3257 3786 Καὶ
3316 3732 3820 3809 προσκολληθήσε-

2156 3844 2243 3878 ται
2276 3826 2342 3896 τῇ
2371 3823 2608 3897 γυναικὶ,
2641 3822 2828 3899 φησὶν,
2863 3824 2890 3877 6
2925 3823 3085 3900 ἀνὴρ,
3115 3821 3224 3898 οὐχ
3252 3825 3287 3892 ἡ
3318 3823 3454 3899 γυνή
3494 3828 3575 3896 τῷ
3633 3821 3812 3898 ἀνδρὶ,

2154 3913 2244 3968 καὶ
2303 3913 2624 3987 γενήσονται
2683 3912 2735 3965 οἱ
2793 3909 2886 3966 δύο
2947 3912 3023 3976 εἰς
3081 3914 3251 3989 σάρκα
3312 3912 3459 3985 μίαν.
3500 3911 3716 3982 Ταύτην
3753 3909 3812 3968 δὲ

2154 4004 2254 4072 τήν
2289 3999 2594 4056 δυναστείαν
2627 4000 2763 4054 κατὰ
2791 3998 2886 4054 τοῦ
2934 4005 3268 4075 κρατοῦντος
3323 4004 3401 4072 τῷ
3457 4004 3555 4055 τοῦ
3609 3999 3811 4072 θήλεος

2154 4092 2294 4169 γὲνει
2328 4092 2354 4145 ὁ
2389 4089 2738 4165 Δημιουργὸς
2778 4090 3172 4165 χαριζόμενος,
3202 4090 3292 4145 καὶ
3341 4088 3507 4158 αὐτὴν
3553 4090 3653 4159 τὴν
3713 4095 3814 4144 τοῦ

2157 4181 2412 4253 σώματος
2442 4178 2642 4234 πλάσιν
2668 4199 2728 4234 τε
2755 4177 2845 4233 καὶ
2889 4176 3032 4233 ἲδέαν
3083 4183 3180 4233 τοῦ
3229 4177 3430 4250 θήλεος
3486 4177 3814 4251 μαλακωτέ-

2157 4291 2252 4344 ραν
2305 4265 2726 4344 εἷργάσατο,⁹ίνα
2775 4268 2864 4322 καὶ
2910 4269 3044 4344 ἀφῇ,
3089 4270 3175 4323 καὶ
3237 4269 3545 4345 βλέμματι,
3572 4268 3664 4322 καὶ
3723 4289 3818 4321 κι-

2157 4361 2383 4432 νήματι,
2425 4357 2513 4412 καὶ
2566 4361 2635 4432 τῇ
2694 4360 2801 4412 τῶν
2852 4356 3034 4432 μελῶν
3094 4355 3340 4422 συνόλως
3395 4353 3682 4433 ἁϐρότητι,
3723 4359 3816 4412 καὶ

386 4453 529 4526 ὁρῶν
586 4450 673 4504 καὶ
738 4449 1040 4524 ὁρώμενον,
1076 4443 1338 4522 μάλαγμα
1395 4443 1602 4517 ἡδονῆς
1650 4445 1686 4520 ᾗ
1743 4450 1822 4518 τῷ
1881 4446 2252 4524 ἄῤῥενι,κατᾶ
2309 4452 2478 4503 πᾶσαν
2539 4447 2839 4518 αἰσθήσεως
2895 4442 3216 4524 προσϐολὴν
3276 4447 3615 4523 πανταχόθεν
3649 4467 3820 4522 προσ-

387 4561 427 4594 π
439 4558 609 4593 ιπτον.

460 4631 512 4684 4.
545 4629 688 4684 Cum
723 4631 919 4683 autem
952 4642 1020 4682 ea
1043 4626 1132 4680 vis
1165 4627 1510 4698 corporibus
1559 4626 1777 4682 nostris
1809 4627 1881 4682 ob
1914 4643 2041 4685 eam

388 4735 568 4793 quam
594 4719 718 4790 jam
773 4717 892 4773 dixi
926 4732 1166 4772 causam
1216 4716 1396 4772 insita
1437 4716 1534 4783 sit,
1567 4717 1729 4790 virgo
1783 4717 2045 4773 animam

386 4808 698 4882 aequalem,
730 4812 788 4864 et
815 4807 1084 4863 eamdem
1116 4806 1374 4862 essentia
1416 4810 1543 4862 tum
1575 4808 1698 4864 viro
1729 4811 1856 4863 tum
1890 4809 2038 4864 621

383 4899 613 4957 feminas
647 4899 840 4954 inesse
872 4894 1257 4968 perspiciens,
1291 4901 1348 4951 et
1380 4912 1447 4950 ex
1478 4897 1739 4968 corporis
1788 4898 1846 4951 in
1882 4901 2046 4954 utro—

384 5006 500 5061 que
527 5005 664 5044 sexu
691 4986 1020 5052 affectione,
1042 4984 1286 5040 alteram
1311 4985 1639 5040 effeminari
1661 4987 2047 5044 considerans

385 5083 441 5134 et
471 5079 715 5135 alteram
738 5074 1066 5132 masculam
1096 5073 1258 5144 ﬁeri;
1295 5077 1474 5146 atque
1505 5075 1683 5129 etiam
1718 5075 1948 5131 animas
1979 5093 2048 5132 ex

453 5257 475 5292 ⁸
498 5256 676 5312 Marc.
707 5273 762 5323 x,
789 5256 845 5311 7.

457 5453 822 5526 (510206634.
853 5450 947 5506 Sic
1005 5453 1124 5505 tres
1185 5467 1328 5506 mss.
1386 5448 1560 5520 Editi,
1610 5453 1817 5523 σαφῶς,
1851 5453 2036 5505 mani-

377 5526 568 5684 lfsgé)
598 5594 802 5666 Ἀγων.
837 5591 923 5648 Ita
953 5609 1095 5649 mss.
1125 5592 1338 5651 melius
1371 5607 1551 5664 quam
1597 5591 1774 5649 editio
1826 5591 2038 5662 Paris.»

382 5689 564 5814 αγῖέὀ)
593 5735 708 5804 Τὴν
743 5730 993 5806 δύναμιν.
1029 5739 1148 5791 Duo
1181 5737 1344 5808 Regii
1372 5736 1630 5808 codices,
1659 5737 1760 5805 τήν
1809 5730 2039 5805 ἡδονήν.

2227 4631 2278 4684 4.
2307 4625 2516 4697 Ταύτης
2549 4624 2606 4681 δὲ
2636 4632 2734 4696 τῆς
2772 4625 2891 4702 βίας
2932 4625 2982 4679 ἐν
3037 4629 3154 4686 τοῖς
3206 4624 3454 4698 σώμασιν
3514 4627 3675 4697 ἡμῶν
3728 4621 3825 4680 διὰ

2155 4718 2254 4788 τὴν
2283 4717 2696 4793 προειρημένην
2747 4715 2923 4770 αἲτίαν
2981 4713 3422 4790 ἐνυπαρχούσης,
3453 4717 3489 4784 ἡ
3525 4715 3823 4789 παρθένος,

2076 4793 2124 4857 Ι)
2156 4805 2277 4878 ἴσην
2335 4807 2428 4880 μὲν
2482 4806 2570 4861 καὶ
2623 4805 2719 4874 τὴν
2769 4804 2936 4874 αὐτὴν
2967 4807 3036 4878 τῇ
3071 4801 3228 4874 οὐσίᾳ
3275 4805 3483 4879 ψυχὴν,
3515 4803 3604 4857 ναὶ
3661 4800 3824 4880 ἀνδρὶ

2157 4897 2246 4952 καὶ
2292 4895 2510 4971 γυναικὶ
2554 4894 2964 4969 ἐνυπάρχουσαν
3004 4896 3302 4966 θεωροῦσασ
3335 4895 3404 4966 τῇ
3456 4889 3516 4947 δὶ
3562 4892 3701 4966 πρὸς
3758 4895 3826 4949 τὸ

2156 4985 2298 5056 θῆλύ
2339 5006 2396 5040 τε
2421 4984 2512 5038 καὶ
2554 4981 2712 5060 ἇῤῥεν
2743 4987 2840 5037 τοῦ
2874 4984 3130 5056 σώματος
3165 4981 3527 5057 προσπαθείᾳ,
3553 4983 3654 5051 τὴν
3721 4983 3828 5053 μὶν

2156 5073 2557 5148 θηλυνομένην,
2605 5074 2706 5142 τὴν
2767 5069 2825 5128 δὲ
2881 5071 3289 5149 άῤῥενουμὲνην
3341 5071 3712 5147 γινώσκουσα,
3764 5067 3829 5127 ἔκ

2149 5456 2405 5539 Uterque
2439 5449 2733 5539 vulgatam
2768 5448 3297 5539 lectionem‘habet
3342 5448 3440 5539 ad.
3467 5446 3827 5539 marginem.

2221 5517 2461 5612 (57)“Κα)
2496 5517 2625 5612 τῆν,
2647 5523 2859 5612 μητερα
2885 5539 2896 5551 '
2920 5518 3008 5612 Ιοὐ
3063 5521 3124 5610 16
3176 5517 3355 5612 θῇλὶιζξ
3390 5518 3536 5612 Male
3551 5517 3642 5612 Jih
3697 5520 3831 5574 edi-

2149 5587 3029 5667 ιὶοἰ]οῬαι-ἰε,,ξού”τῂνμητέρα,
3068 5591 3130 5647 οὐ
3165 5592 3226 5647 τὸ
3257 5587 3421 5660 θῆλυ.
3454 5591 3682 5648 Ibidem
3715 5608 3826 5648 co-

2151 5668 2309 5724 dices
2343 5661 2632 5733 nonnulli,
2661 5661 3082 5739 ἀλλ’·δείρσην,
