4150 6406
293 396 412 456 67⁸7

1527 383 1762 444 LIBER
1804 343 1908 443 nm
1956 379 2492 444 VIRGINITATE.

3603 388 3724 448 678

287 546 347 580 τε
374 529 475 594 τῆς
501 524 610 578 τῶν
641 521 937 594 σωμάτων,
988 520 1072 580 οἴς
1131 513 1426 573 ἐνδέδενται
1485 515 1620 589 (58),
1671 518 1939 587 ερωτικῆς

2080 515 2344 570 tmatorio
2392 531 2723 586 corporum,
2772 515 2990 587 quibus
3045 516 3293 588 alligatae
3353 522 3517 588 sunt,
3578 535 3715 576 con-

294 610 643 687 συμπλοκῆς,
700 609 912 684 μυρίας*
968 603 1374 682 ἀναδεχομένας
1427 608 1612 668 παθῶν
1664 600 1808 663 ἰδέας
1855 601 1952 664 τὰς

296 702 476 778 ψυχὰς
508 702 818 775 καθορῶσα,
850 697 1152 762 ἀποστῆσαι
1211 696 1302 769 μὲν
1363 701 1462 763 τῆς
1517 693 1652 768 πρὸς
1699 692 1761 746 τὸ
1793 694 1955 778 σῶμα

298 777 667 867 προσπαθείας
719 786 919 858 ταύτην
982 785 1063 839 ἀεὶ
1122 788 1534 860 προθυμεῖται,
1585 780 1840 854 διακόψαι
1898 777 1955 833 δὲ

296 883 397 951 τὴν
431 879 566 954 πρὸς
598 878 659 932 τὸ
693 874 848 953 ἄρρεν
906 875 1089 949 σχέσιν
1152 877 1249 928 τοῦ
1283 870 1505 942 θήλεος,
1559 875 1676 931 ταῖς
1725 869 1827 923 ἀπὸ
1858 870 1954 921 τοῦ

300 971 556 1042 σώματος
603 967 741 1042 πρὸς
791 965 852 1018 τὸ
895 963 1099 1018 οῗκεῖον
1130 961 1298 1017 καλὸν
1357 962 1730 1035 ἀποστροφαῖς
1787 957 1954 1031 ἐπαγ-

295 1056 574 1134 γέλλεται.
629 1053 834 1124 Ταύτην
892 1049 950 1107 δὲ
1004 1053 1102 1122 τήν
1160 1049 1284 1106 ὁδὸν
1344 1057 1445 1119 τῆς
1493 1050 1687 1124 ἀρετῆς
1737 1045 1955 1102 ὁδεῦσαι

299 1143 695 1215 σπουδάζουσα.
757 1163 856 1218 09x
888 1141 1054 1210 αὐτὴν
1106 1144 1204 1196 τοῦ
1255 1140 1531 1212 σώματος,
1582 1136 1774 1206 ἥντινα
1816 1136 1955 1210 πρὸς

295 1239 358 1294 τὸ
391 1233 546 1314 ἅρῥεν
574 1233 692 1310 ἔχει
723 1233 932 1308 σχέσιν,
962 1230 1156 1287 λοιπὸν
1186 1228 1379 1314 ἐννοεῖ,
1413 1227 1559 1283 ἀλλᾶ
1589 1227 1686 1296 τὴν
1726 1225 1776 1280 έν
1811 1224 1957 1314 αύτῷ

298 1311 480 1402 ψυχὴν
515 1323 804 1396 ἀσώματον
837 1319 999 1374 οὖσαν
1032 1320 1164 1393 (59),
1198 1317 1316 1372 τίνα
1347 1311 1464 1392 ἔχει
1495 1316 1632 1391 πρὸς
1667 1315 1757 1370 τὸν
1809 1313 1954 1368 ἀσώ-

300 1401 470 1488 ματον
504 1412 632 1467 Θεὸν
664 1409 995 1480 οἰκειότητα,
1049 1407 1159 1478 ὀξεῖ
1211 1411 1288 1478 τῷ
1340 1401 1551 1478 ὄμματι
1602 1401 1953 1479 περισκέπτε-

297 1523 406 1572 ται,
437 1503 527 1556 καὶ
579 1505 677 1556 τοῦ
725 1499 1020 1572 ἀσωμάτου
1063 1493 1267 1570 ἔρωτος
1314 1492 1514 1566 πολλῷ
1565 1491 1953 1566 λαμπροτέραν

302 1591 548 1667 ἀνάψασα
577 1591 692 1663 (60)
736 1590 836 1658 τήν
893 1583 1174 1660 λαμπάδα,
1208 1589 1325 1646 τοῖς
1378 1584 1508 1658 ὑπὲρ
1538 1583 1707 1636 αὐτοῦ
1740 1577 1956 1667 ἱδρῶσι,

301 1665 516 1757 γυμνὴν
547 1680 635 1734 καὶ
670 1676 1062 1746 ἀνεπαίσθητον
1089 1677 1195 1728 τῶν
1226 1671 1276 1728 έν
1311 1673 1355 1744 ᾧ
1390 1675 1454 1746 ζῇ
1497 1673 1707 1744 σώματι
1735 1665 1952 1757 ἡδονῶν

303 1754 498 1839 έαυτὴν
533 1764 792 1837 ἐπιδεῖξαι
841 1760 1151 1832 σπουδάζει.
1185 1759 1410 1831 Ἐπειδὴ
1461 1761 1551 1816 οὖν
1587 1765 1730 1823 θεῖον
1787 1754 1958 1820 ὅντως

2064 620 2290 677 gressu,
2324 603 2668 659 innumeras
2699 605 2953 676 recipere
3016 605 3387 662 affectionum
3447 609 3713 681 species;

2066 693 2326 746 animam
2381 711 2412 747 a
2444 693 2702 764 corporis
2734 694 3038 750 affectione
3070 711 3302 767 semper
3336 701 3586 753 conatur
3617 699 3717 752 ab-

2065 783 2294 849 ducere;
2330 784 2555 836 t'eminze
2588 799 2720 837 vero
2751 799 2888 853 erga
2922 783 3248 839 masculum
3283 784 3715 856 habitudinem,

2067 886 2194 926 sese
2226 889 2258 925 a
2288 886 2528 943 corpore
2559 871 2628 926 ad
2663 873 2840 926 decus
2874 876 2930 926 et
2961 877 3374 928 ornamentum
3429 876 3535 930 sibi
3585 893 3718 948 pro-

2067 960 2259 1030 prium
2293 960 2707 1026 convertenda,
2732 960 3078 1016 intercidere
3111 963 3437 1033 proﬁtetur.
3461 965 3579 1020 Hoc
3611 965 3722 1022 iter

2066 1049 2298 1104 virtutis
2334 1065 2607 1122 peragere
2639 1051 2909 1117 studens,
2936 1068 3050 1106 non
3073 1052 3198 1122 jam
3234 1051 3424 1124 ipsam
3458 1056 3721 1126 corporis

2067 1153 2202 1209 erga
2222 1137 2551 1194 masculum
2570 1138 2977 1194 habitudinem
2997 1140 3462 1208 considerat,sed
3489 1143 3719 1212 animae,

2066 1244 2190 1298 quae
2214 1227 2273 1281 in
2297 1243 2536 1299 corpore
2557 1227 2899 1300 incorporea
2922 1233 3028 1296 est,
3050 1229 3245 1300 qualis
3268 1229 3500 1286 sitcum
3525 1231 3721 1288 incor-
3781 1246 3786 1251 '

2068 1333 2241 1388 pereo
2262 1316 2378 1372 Deo
2400 1316 2683 1384 afﬁnitas,
2710 1316 2892 1373 veloci
2915 1317 3083 1373 ocule
3110 1317 3407 1388 intuetur;
3443 1325 3499 1375 et
3529 1320 3722 1377 lucor-

2067 1405 2225 1476 porei
2249 1405 2463 1460 amoris
2495 1405 2666 1476 longo
2686 1405 3142 1478 splendidiorem
3168 1408 3352 1463 facem
3381 1411 3725 1480 accendens,

2068 1494 2384 1550 sudoribus
2407 1511 2511 1566 pro
2532 1511 2597 1550 eo
2621 1495 3231 1567 perferendis,nudam
3265 1501 3321 1553 et
3352 1498 3725 1570 voluptatum

2067 1584 2346 1654 corporis,
2380 1583 2438 1638 in
2471 1600 2586 1655 quo
2613 1585 2770 1653 vivit,
2805 1584 3169 1656 inexpertam
3205 1587 3579 1660 semetipsam
3611 1592 3726 1656 fex-

2067 1671 2266 1728 hibere
2296 1678 2566 1730 conatur.
2609 1673 2754 1729 Cum
2790 1673 2972 1746 igitur
3001 1674 3266 1730 divinum
3302 1692 3456 1745 vere,
3489 1681 3548 1733 et
3576 1677 3730 1734 inta-

2070 1763 2302 1817 minatae
2334 1763 2543 1818 animae
2577 1763 2874 1835 proprium
2908 1764 3188 1835 quiddam
3221 1765 3296 1820 sit
3327 1766 3730 1839 virginitas,ac

300 1859 387 1914 καὶ
417 1865 519 1928 τῆς
551 1857 827 1933 ἀχράντου
852 1849 1333 1949 ψυχῆς-ἐξαίρετόν
1353 1938 1366 1949 ‘
1392 1871 1446 1949 τι
1505 1856 1703 1925 χρῆμα
1731 1849 1804 1949 ιὴλ
1819 1866 1958 1949 πμρ-

2080 1852 2203 1908 talis
2234 1852 2631 1908 masculorum
2665 1857 2721 1908 et
2771 1853 3158 1910 femineorum
3211 1871 3525 1927 corporum
3575 1856 3731 1914 inter

305 1947 449 2012 θενία
477 1945 610 2015 ἐστὶ,
643 1942 869 2014 τοιαύτη
896 1940 954 1996 δὲ
981 1940 1071 1996 καὶ
1104 1943 1138 2009 ἡ
1165 1944 1273 1994 τῶν
1308 1937 1544 2015 ἀρρένων
1576 1959 1634 1992 τε
1657 1936 1747 1991 καὶ
1780 1935 1961 2006 θηλει-

306 2041 379 2090 ῶν
414 2034 683 2107 σωμάτων
716 2032 853 2106 πρὸς
885 2028 1111 2099 ἄλληλα
1141 2027 1346 2104 σχέσις,
1380 2030 1414 2097 ἡ
1449 2025 1506 2082 δὲ
1541 2030 1652 2100 (61)
1692 2026 1961 2099 παρθένος

305 2122 456 2179 οὐδέν
507 2129 606 2192 τῆς
659 2121 858 2192 θήλεος
917 2117 1123 2189 ἡδονῆς
1173 2117 1538 2195 ἐπιφερομένη
1599 2114 1659 2170 ἐκ
1704 2116 1961 2178 σώματος

310 2213 590 2287 μόλυσμα,
623 2209 792 2266 πάντα
818 2207 876 2264 δὲ
903 2209 971 2263 τὰ
1018 2208 1214 2282 σαρκὸς
1262 2206 1406 2276 πάθη
1459 2203 1672 2275 ἐκδῦσα,
1724 2205 1960 2278 καθαράν

307 2302 502 2370 ἑαυτὴν
543 2304 624 2372 τῷ
672 2304 809 2372 Θεῷ,
859 2299 920 2353 οὗ
970 2296 1090 2373 έρᾷν
1146 2293 1563 2371 ἐπαγγέλλεται,
1619 2301 1962 2370 παραστῆσαι

307 2389 701 2464 φιλοτιμεῖται·
763 2385 936 2457 δῆλοτ
971 2386 1047 2449 ὡς
1083 2387 1315 2460 βιαστῶν
1351 2387 1463 2458 (62)
1497 2382 1661 2449 ἆθλον
1697 2384 1830 2439 εἶναι
1860 2385 1962 2453 τὴν

304 2485 412 2536 τῶν
460 2479 704 2555 οὐρανῶν
760 2475 1035 2551 βασιλείαν
1084 2475 1422 2550 γινώσκουσα
1483 2473 1763 2549 βιάσασθαι
1825 2473 1963 2548 πρὸς

307 2571 400 2625 τὸν
446 2569 804 2645 προκείμενον
859 2565 1059 2620 σκοπὸν
1111 2566 1209 2633 τήν
1241 2565 1456 2632 ’ἑαυτῆς
1513 2561 1668 2639 φύσιν
1699 2559 1961 2640 ὀφείλει·

313 2657 442 2734 οὐχὶ
469 2663 569 2726 τῆς
596 2653 733 2730 πρὸς
777 2655 867 2709 τὸν
915 2653 1089 2730 γάμον
1143 2650 1491 2728 ἐρεθιζούσης
1545 2650 1596 2706 ἐν
1645 2656 1726 2724 τῷ
1763 2649 1967 2724 τοιῷδε

307 2743 674 2818 πεπλασμένῳ
727 2745 942 2815 σώματι
990 2740 1196 2812 ἡδονῆς
1261 2742 1424 2814 μόνον
1472 2744 1764 2816 κρατοῦσα,
1820 2738 1966 2796 ἀλλὰ

307 2837 444 2910 πρὸς
475 2839 578 2890 πᾶν
613 2831 753 2896 εἶδος
784 2830 990 2902 ἡδονῆς
1023 2834 1296 2906 καρτερῶς
1345 2828 1633 2903 ἱσταμένη.
1691 2829 1808 2885 Μία
1859 2828 1964 2905 γὰρ

310 2927 442 2982 οὖσα
469 2929 547 2997 τῷ
575 2922 714 3001 γένει
745 2924 780 2992 ἡ
813 2919 1010 2993 ἡδονὴ,
1057 2919 1237 2995 ὥσπερ
1280 2921 1434 2994 πηγή
1461 2940 1544 2975 τις
1596 2919 1702 2974 ἀπὸ
1751 2922 1962 2994 σαρκῶν

313 3009 625 3084 ἀναϐλύζει,
675 3011 764 3068 καὶ
796 3008 1036 3086 καθάπερ
1066 3010 1141 3074 εἰς
1171 3009 1328 3064 πέντε
1370 3006 1621 3084 ὀχετοὺς,
1669 3008 1764 3070 τὰς
1811 3006 1970 3062 πέντε

314 3103 592 3174 αἰσθήσεις
638 3098 988 3175 διαιρεθεῖσα,
1043 3095 1131 3152 διὰ
1185 3098 1393 3152 τούτων
1453 3096 1541 3150 ἐπὶ
1606 3095 1673 3151 τὰ
1737 3095 1971 3166 αἰσθητὰ

318 3186 530 3256 ἔνδοθεν
567 3191 669 3266 ῥεῖ.
701 3195 794 3243 Ὧν
823 3185 1071 3254 ἕκαστος,
1104 3183 1192 3240 διὰ
1243 3192 1343 3254 τῆς
1388 3184 1588 3247 οἰκείας
1619 3189 1725 3240 τῶν
1772 3183 1966 3255 αἰσθη-

321 3249 525 3356 τηρίων
568 3249 828 3348 Ιὀπῆςπὸ
869 3249 1069 3330 ἑαυτοῦ,
1119 3249 1332 3351 ῥεῖθρον
1360 3279 1440 3346 τῷ
1493 3275 1611 3338 καθ’
1664 3274 1849 3329 ἑαυτὸν
1892 3249 1970 3329 α’ὶ-
2001 3249 2044 3319 C

324 3371 505 3441 σθητῷ
531 3364 782 3446 σφοδρῶς
814 3359 1135 3438 ἐμϐάλλων,
1194 3368 1299 3418 πᾶν
1353 3361 1480 3417 εἴτι
1530 3365 1778 3439 συγγενὲς
1837 3362 1972 3418 ἀπο.

319 3458 522 3519 κλύσας
575 3455 712 3532 πρὸς
767 3453 953 3509 ἑαυτὸν
997 3455 1111 3526 (63)
1171 3450 1500 3525 ἐπισύρεται·
1563 3450 1717 3515 ἰλύος
1768 3474 1827 3508 τε
1874 3459 1974 3523 τῆς

319 3548 424 3604 ἀπὸ
457 3549 667 3624 σαρκῶν
697 3541 1018 3619 πληρωθεὶς
1069 3544 1203 3624 (64),
1262 3540 1352 3595 καὶ
1401 3540 1710 3618 χειμάρρου
1766 3543 1970 3617 τρόπον

314 3623 681 3712 ἀντιστρόφως
710 3634 860 3697 αὖθις
890 3631 998 3686 ἀπὸ
1029 3633 1136 3686 τῶν
1168 3623 1269 3700 ἔξω
1309 3626 1398 3684 διὰ
1446 3633 1552 3684 τῶν
1593 3629 1768 3686 αὐτῶν
1821 3631 1968 3687 ὀπῶν

317 3725 394 3788 εἷς
426 3725 518 3786 τὰς
551 3722 746 3797 σαρκὸς
778 3718 921 3783 δίνας
973 3718 1222 3790 ὀξύτερον
1274 3717 1434 3794 ῥέων,
1490 3720 1590 3789 τήν
1648 3720 1816 3791 αὐτῆς
1867 3724 1970 3795 ψυ-

323 3815 434 3888 χὴν
478 3810 751 3884 κυμαίνων
811 3814 928 3869 τοῖς
987 3809 1204 3862 πάθεσιν
1260 3803 1600 3883 ὒποϐρύχιον
1653 3809 1823 3887 φέρει.
1877 3810 1971 3865 Διὸ

316 3900 620 3979 ἀναγκαίως
651 3903 687 3970 ἡ
714 3898 978 3975 παρθένος
1009 3897 1216 3974 ὀφείλει
1272 3903 1392 3961 ταῖς
1432 3902 1544 3955 τῶν
1594 3899 1969 3979 αἰσθητηρίων

319 3994 478 4054 ὀπαῖς
508 3989 599 4046 τὸν
634 3987 900 4064 λογισμὸν
952 3987 1188 4065 φρουρὸν
1222 3985 1576 4059 ἐπιστήσασα,
1624 3991 1722 4061 τήν
1773 4000 1832 4046 τε
1881 3991 1966 4048 ἐπὶ

315 4083 382 4138 τά
431 4077 532 4152 ἔξω
561 4079 770 4136 τούτων
805 4078 1003 4153 φοράν,
1037 4074 1136 4130 ούκ
1163 4075 1385 4138 ἁνέτους
1418 4077 1752 4147 ἁπαξαπλῶς
1783 4083 1970 4147 αὐτοῖς

319 4170 527 4250 έφιεῖσα
735 4167 832 4231 τὰς
879 4163 1194 4237 διεξόδους,
1247 4164 1554 4240 σύμμετρόν
1599 4188 1657 4223 τε
1705 4169 1794 4224 καὶ
1844 4173 1972 4248 ἡρε-

325 4267 482 4334 μαῖον
517 4259 801 4334 παρέχειν·
833 4255 924 4311 τίνα
958 4258 1034 4330 μὴ
1066 4253 1364 4317 ἀκωλύτως
1420 4255 1558 4332 πρὸς
1594 4255 1626 4312 ἃ
1679 4259 1971 4335 βούλονται

316 4349 660 4425 ἐκχεόμενοι,
693 4345 1104 4422 έπινηχομὲνην
1136 4344 1320 4406 αὐτοῖς
1353 4341 1460 4399 ἔσθ’
1510 4344 1599 4400 ὅτε
1646 4349 1746 4418 τὴν
1790 4353 1975 4426 ψυχὴν

317 4441 455 4516 πρὸς
509 4439 576 4492 τὰ
651 4436 828 4492 οἰκεῖα
901 4433 1258 4508 κυμαίνοντες
1333 4433 1696 4512 κατασύρωσι·
1765 4440 1855 4496 καὶ
1911 4442 1973 4498 τὸ

312 4529 506 4601 ἔξωθεν
541 4527 623 4582 ἐπ’
657 4525 822 4595 αὐτὴν
855 4525 1006 4586 αὖθις
1039 4524 1218 4579 αὐτῶν
1254 4523 1551 4600 φερόμενον
1609 4526 1803 4602 ῥεῦμα,
1854 4528 1972 4595 θλί-

2072 1959 2134 1997 se
2178 1941 2496 2012 habitudo;
2531 1958 2785 2014 cumque
2819 1943 2978 2015 virgo
3015 1943 3235 1998 nullam
3270 1944 3534 2000 femineae
3567 1946 3728 2002 volu-

2073 2031 2250 2103 ptatis
2282 2030 2468 2086 labem
2493 2047 2560 2086 ex
2583 2046 2823 2103 corpore
2846 2031 3109 2100 trahens,
3135 2049 3198 2086 ac
3227 2033 3504 2089 omnibus
3533 2035 3728 2091 carnis

2074 2119 2376 2177 affectibus
2402 2125 2596 2189 exuta,
2631 2137 2841 2192 puram
2875 2120 3253 2192 semelipsam
3287 2122 3423 2189 Deo,
3458 2140 3628 2194 quem
3667 2141 3730 2181 se

2075 2209 2381 2282 profitetur
2413 2208 2674 2280 diligere,
2709 2209 2985 2266 exhibere
3018 2215 3292 2280 conetur;
3345 2212 3728 2284 perspicuum

2075 2303 2166 2355 est
2207 2315 2335 2354 eam
2386 2298 2540 2354 haud
2592 2298 2963 2371 ignorantem
2996 2298 3386 2355 violentorum
3422 2302 3729 2372 praemium

2074 2405 2203 2444 esse
2236 2387 2516 2443 ccelorum
2545 2403 2816 2460 regnum,
2850 2388 2964 2441 vim
2999 2387 3212 2443 inferre
3246 2389 3317 2443 ad
3364 2391 3730 2462 propositum

2075 2493 2320 2550 scopum
2353 2481 2573 2532 naturae
2606 2494 2725 2533 suae
2757 2478 3003 2546 debere;
3036 2476 3115 2532 ite
3147 2481 3210 2532 ut
3243 2495 3355 2533 non
3401 2478 3593 2534 solum
3625 2481 3732 2535 sti-

2078 2564 2402 2622 mulantem
2437 2569 2509 2622 ad
2543 2567 2778 2638 nuptias
2807 2567 2866 2622 in
2911 2583 3150 2639 corpore
3196 2567 3282 2624 sic
3331 2569 3522 2624 afﬁcto
3562 2568 3732 2625 volu-

2076 2661 2293 2728 ptatem
2323 2657 2594 2727 gsuperet,
2631 2656 2731 2710 sed
2761 2655 2936 2711 etiam
2973 2655 3134 2711 omni
3167 2656 3481 2730 voluptatis
3516 2657 3732 2730 speciei

2077 2746 2305 2801 fortiter
2335 2744 2722 2800 resistat.Una
2752 2743 2906 2799 enim
2941 2761 3075 2800 cum
3107 2745 3185 2800 sit
3207 2761 3417 2817 genere
3440 2745 3732 2818 voluptas,

2077 2833 2251 2890 veluti
2285 2834 2416 2890 fons
2446 2833 2686 2906 quidam
2722 2850 2756 2888 a
2785 2833 3064 2889 carnibus
3100 2834 3366 2900 scaturit,
3398 2838 3454 2890 et
3485 2835 3642 2890 velut
3673 2836 3733 2890 in

2077 2923 2340 2995 quinque
2371 2922 2625 2991 canales,
2659 2922 2742 2978 ita
2771 2921 2831 2977 in
2861 2924 3126 2994 quinque
3157 2940 3368 2978 sensus
3400 2923 3606 2990 divisa,
3632 2942 3736 2996 per

2077 3029 2176 3068 eos
2209 3013 2280 3066 ad
2313 3010 2618 3067 sensibilis.
2641 3011 2711 3066 ab
2734 3010 2963 3067 intimis
2990 3011 3406 3074 fluit.Quorum
3431 3012 3728 3068 canalium

2079 3100 2529 3171 unusquisque,
2602 3116 2702 3171 per
2769 3099 3071 3171 proprium
3140 3115 3379 3155 sensum
3445 3101 3733 3169 foramen,

2083 3191 2365 3246 fluentum
2397 3205 2573 3246 suum
2605 3187 2664 3244 in
2690 3205 2864 3243 suum
2897 3187 3173 3244 sensibile
3197 3188 3570 3245 vehementer
3599 3191 3734 3262 inji-

2083 3280 2265 3346 ciens,
2285 3278 2572 3350 quidquid
2604 3277 2714 3333 sibi
2742 3281 3056 3351 cognatum
3091 3277 3264 3334 fuerit
3294 3277 3539 3334 abluens
3569 3281 3642 3336 ad
3674 3296 3738 3337 se

2083 3368 2366 3441 pertrahit
2399 3385 2412 3424 :
2445 3375 2501 3422 et
2531 3367 2748 3423 carnali
2795 3366 3076 3438 impletus
3129 3367 3292 3437 limo,
3340 3385 3405 3423 ac
3457 3369 3734 3426 torrentis

2082 3460 2288 3525 instar,
2322 3474 2530 3513 rursus
2561 3473 2838 3512 converso
2872 3461 3056 3522 motu,
3090 3456 3161 3512 ab
3193 3457 3585 3513 exterioribus
3629 3475 3735 3530 per

2082 3548 2284 3609 eadem
2311 3545 2600 3601 foramina
2622 3544 2680 3601 in
2705 3545 2898 3601 carnis
2918 3544 3462 3621 vorticesceleriter
3493 3545 3640 3617 ﬂuit,
3669 3551 3727 3603 et

2082 3635 2342 3691 animam
2367 3635 2637 3707 quatiens
2654 3634 3164 3706 perturbationum
3179 3634 3735 3691 ﬂuctibussubmer-

2081 3724 2592 3794 git.,Quamobrem
2642 3723 2972 3778 necessario
3023 3723 3196 3778 debet
3241 3723 3397 3792 virgo
3446 3739 3733 3781 sensuum

2083 3813 2371 3870 meatibus
2420 3813 2706 3868 rationem
2758 3812 3056 3867 custodem
3091 3812 3433 3884 praeﬁciens,
3468 3828 3600 3868 cum
3633 3830 3735 3869 eo-

2081 3920 2212 3959 rum
2245 3903 2316 3959 ad
2345 3901 2632 3958 exteriora
2664 3905 2912 3968 motum,
2949 3917 3326 3972 nequaquam
3381 3900 3566 3957 libero
3616 3901 3736 3959 illis

2081 3994 2301 4064 passim
2330 3992 2489 4048 exitu
2521 4008 2821 4058 concesso,
2850 3991 3220 4046 moderatum
3254 4007 3320 4045 ac
3351 3991 3738 4062 tranquillum

2079 4083 2342 4152 efﬁcere;
2376 4099 2446 4136 ne
2468 4081 2648 4136 libere
2678 4097 3032 4152 quocunque
3064 4079 3354 4135 voluerint
3385 4079 3576 4146 effusi,
3608 4083 3738 4136 tan-

2081 4172 2214 4227 dem
2241 4171 2557 4243 aliquando
2581 4170 2837 4226 animam
2863 4169 3005 4240 ipsis
3029 4173 3528 4241 supernatantem,
3565 4169 3637 4225 ad
3672 4185 3740 4225 ea

2082 4278 2210 4333 quas
2260 4261 2372 4316 sibi
2425 4260 2660 4332 prepria
2692 4265 2831 4314 sunt
2861 4259 3154 4330 agitantes
3187 4257 3532 4330 pertrahant
3563 4275 3577 4314 :
3606 4262 3735 4314 tum

2081 4351 2259 4407 etiam
2291 4367 2492 4406 eorum
2525 4350 2872 4415 ﬂuentum,d
2887 4365 2984 4403 um
3007 4347 3370 4403 extrinsecus
3394 4347 3452 4401 in
3475 4347 3736 4404 animam

2083 4457 2333 4513 pronum
2365 4437 3007 4506 relabitur,constrictis
3042 4435 3334 4492 meatibus
3358 4436 3741 4508 percolare,et

2083 4531 2156 4585 ab
2186 4529 2347 4585 omni
2381 4530 2552 4586 sorde
2581 4545 2794 4600 purum
2827 4529 3330 4593 transmittere,ne
3360 4526 3738 4582 carnalilimo

313 4616 487 4676 ϐουσα
516 4622 636 4680 ταῖς
669 4615 829 4680 ὀπαῖς
860 4612 1094 4684 διηθεῖν,
1129 4614 1220 4668 καὶ
1269 4615 1469 4676 παντὸς
1523 4615 1694 4691 ῥύπου
1738 4621 1963 4697 καθαρὸν

2085 4622 2369 4687 exudans,
2403 4636 2578 4692 quem
2612 4636 2714 4691 per
2741 4616 2987 4674 vitiosos
3019 4617 3262 4673 affectus
3314 4617 3508 4687 traxit,
3553 4622 3738 4674 totam

314 4710 390 4773 εἷς
422 4708 592 4776 αὐτὴν
625 4706 1032 4780 παραπέμπειν,
1076 4703 1167 4759 ἳνα
1201 4704 1277 4773 μή
1312 4706 1381 4779 τῇ
1433 4703 1538 4760 ἀπὸ
1589 4712 1799 4782 σαρκῶν
1853 4709 1973 4767 ἷλύΐ

315 4796 713 4871 πλημμυροῦν,
746 4795 812 4865 ἣν
837 4792 1094 4868 ἐμπαθῶς
1125 4791 1423 4870 ἐπεσύρατο
1455 4796 1591 4869 (66),
1637 4795 1772 4870 ὅλην
1807 4799 1973 4871 αὐτὴν

316 4889 436 4947 τοῖς
467 4882 694 4947 οἷ’κείοις
726 4881 1037 4956 μολύσμασι
1067 4885 1335 4960 ταράσσον
1367 4881 1614 4962 θολώσῃ.

409 4993 499 5064 58)
518 4987 886 5075 ι’]ξνδέδενται.
940 4991 1038 5048 Sic
1068 4991 1337 5075 legerunt
1371 4993 1740 5075 interpretes,
1760 4999 1975 5075 sicque

317 5064 536 5143 habent
564 5064 940 5143 duocodices
957 5064 1592 5143 ‘mss.’qu_i.bue_faveht
1620 5064 1894 5143 alii'duo,‘
1913 5076 1973 5134 in

316 5136 534 5210 quibus
565 5136 797 5210 legitur,
830 5131 1121 5210 ἐνδέδεται.
1154 5131 1332 5210 Editi,
1367 5133 1696 5195 ένδέδυνται.

387 5209 500 5284 (59)
530 5205 723 5284 ngam.
761 5211 826 5264 In
858 5208 1113 5265 editione
1144 5208 1466 5264 Parisiensi
1515 5228 1620 5284 pro
1670 5212 1780 5272 hac
1836 5236 1973 5278 voce

314 5274 810 5355 legitur,_’e'xeuea.

383 5351 498 5424 (60)
559 5351 850 5426 Ἀνάψασα.
909 5351 1004 5407 Sic
1060 5353 1178 5406 tres
1239 5351 1472 5426 codices
1537 5369 1707 5426 mea,
1759 5360 1970 5421 melius

309 5423 490 5507 qualn
517 5423 1036 5507 θᾴἱιίίάνάψασθαι.
1070 5426 1198 5507 hic;
1247 5424 1427 5507 editio
1481 5423 1699 5507 Paris,
1749 5437 1970 5507 γυμνήν

309 5495 386 5551 τε.
423 5496 596 5552 Deest
625 5495 914 5553 voculas:
946 5496 1003 5551 in
1037 5495 1294 5553 editione
1323 5496 1548 5555 Veneta
1577 5503 1634 5554 et
1664 5495 1723 5557 in
1753 5495 1895 5564 mss.

385 5569 496 5641 (6i)
533 5568 619 5625 Δέ.
650 5569 864 5625 Vocula
893 5585 961 5624 ex
993 5585 1134 5624 mss.
1170 5573 1227 5626 et
1267 5569 1521 5625 editione
1581 5571 1800 5633 Veneta
1869 5579 1970 5636 ad-

315 5638 437 5718 dita
466 5638 580 5704 est.
620 5642 798 5701 Paulo
830 5645 965 5714 post
996 5658 1150 5698 unus
1182 5657 1252 5698 ex
1300 5641 1499 5716 Regiis
1547 5642 1692 5718 πάθη
1752 5645 1972 5706 ἐνδυσα-

325 5711 457 5784 μένη
468 5755 481 5770 .

2079 4708 2240 4765 illam
2275 4707 2398 4765 suis
2430 4706 2891 4780 inquinamentis
2918 4706 3244 4763 obturbans
3273 4705 3652 4763 contaminet.

2160 4998 2272 5072 (62)
2330 4994 2598 5050 Βιαστῶν.
2660 4993 2752 5049 Sic
2813 5010 2954 5048 mss.
3017 4996 3288 5064 quatuor.
3346 4988 3518 5058 Editi,
3583 4987 3737 5061 βιασ-

2317 5134 2680 5226 Ἀπὲκλύσαςο
2713 5135 3094 5226 πρὸίέαυξόν.
3148 5133 3242 5191 Sic
3286 5136 3560 5226 quatuor!
3589 5147 3734 5226 mss.

2084 5202 2402 5274 Ed‘iti'cum
2433 5202 2786 5277 Colbertino,
2845 5202 3349 5280 ἀποκλῦσανγπρδς
3405 5202 3583 5258 ἑαυτό,
3644 5204 3738 5259 Sic

2085 5291 2262 5348 etiam
2305 5301 2458 5341 unus
2489 5300 2557 5338 ex
2584 5281 2803 5352 Regiis,
2838 5283 2938 5336 sed
2971 5279 3231 5352 secunda
3263 5293 3462 5352 manu.

2160 5344 2272 5434 (64)
2306 5344 2769 5434 Πληρωθείςεξίια
2791 5344 3258 5434 ’Πιεεκςυὶρᾳυα
3502 5344 3737 5434 πληρῷ-

2086 5419 2202 5486 σαν.
2234 5419 2364 5486 Mox
2392 5419 2506 5485 duo
2540 5427 2788 5491 codices,
2821 5424 2920 5492 τὴν
2953 5419 3011 5493 ἐξ
3035 5419 3240 5482 αὑταῖς.
3285 5422 3396 5477 Alii
3446 5422 3586 5492 duo,
3628 5419 3733 5487 τὴν

2085 5503 2136 5562 έν
2167 5502 2406 5562 ταύταις.

2159 5524 2564 5649 (ἓὲῗέῖριεῖσα.
2600 5565 2883 5649 ΝΟΩΞΠΙΙῘ
2911 5564 3163 5649 codices,
3186 5564 3431 5649 ἐφιςῖσα.

2313 5629 2663 5718 Ἔπεσύρατο.
2726 5642 2889 5694 Unus
2949 5629 3423 5709 codex'Regius,
3484 5629 3735 5708 ἐπισύρε-

2081 5739 2168 5776 το.
