4150 6402
396 386 518 448 679

1337 378 1739 442 APPENDIX
1783 375 2115 441 OPERUM
2159 376 2227 439 Β.
2273 377 2561 443 BASILlI
2606 380 2882 442 MAGNI.

3717 378 3860 442 680

466 519 620 576 022
651 520 706 574 5.
739 518 925 591 Igitur
950 530 1138 586 neque
1166 510 1367 569 oculos
1418 512 1491 567 ad
1539 526 1775 568 omnem
1825 510 2043 583 passim

2233 512 2288 567 5.
2322 509 2532 569 Οὐκοῦν
2586 506 2709 567 οὔτε
2736 510 2862 574 τοὺς
2895 510 3217 589 ὀφθαλμοὺς
3258 511 3397 588 πρὸς
3428 517 3606 569 πᾶσαν
3636 511 3857 575 ἁπλῶς

396 625 593 665 rerum
626 607 948 664 visibilium
982 607 1287 676 aspectum
1314 601 1632 673 apariet,ne
1655 602 1796 656 dum
1819 616 2055 657 omnem

393 698 521 754 sine
551 697 892 753 discrimine
914 696 1236 766 ﬁgurarum
1255 695 1314 747 et
1330 692 1656 747 formarum
1679 690 1935 763 speciem
1961 690 2058 745 ad-

394 787 749 856 sciscit,suis
771 785 933 840 illam
951 781 1315 854 imaginibus
1336 780 1858 853 perturbent.Quin
1877 779 2055 834 etiam

393 877 537 931 dum
571 876 643 931 ad
670 874 872 946 aliqua
903 871 1243 945 aspicienda
1272 869 1629 941 aperientur,
1663 868 1736 924 ob
1785 883 2056 924 necessa-

394 965 551 1019 rium
585 965 653 1019 ad
688 963 839 1018 hanc
883 962 1068 1016 vitam
1121 958 1270 1014 lucis
1318 974 1515 1029 usum,
1567 957 1829 1029 corporis
1876 955 2055 1021 oculi,

395 1053 607 1109 anima:
655 1051 855 1108 oculos
905 1049 1141 1105 claudet
1173 1064 1187 1103 :
1221 1049 1290 1103 ad
1324 1047 1443 1102 veri
1475 1052 1671 1102 autem
1702 1045 1967 1113 luminis,
2000 1048 2059 1101 et

394 1139 881 1215 pulchritudinis,
927 1155 1057 1212 quae
1099 1138 1217 1210 ipsi
1267 1136 1377 1192 hoc
1426 1136 1654 1192 lumine
1699 1135 2053 1203 ostenditur,

389 1232 953 1301 considerationem,
1015 1230 1195 1285 etiam
1255 1233 1428 1283 antea
1459 1227 1692 1282 clausos
1740 1226 2058 1298 diligenter

391 1324 632 1395 aperiet.
668 1323 868 1393 Neque
900 1336 1098 1376 aurem
1127 1318 1290 1373 omni
1314 1316 1609 1387 colloquio
1641 1315 1768 1371 sine
1789 1315 2060 1370 examine

390 1411 696 1484 praebebit,
744 1410 844 1466 sed
896 1408 1090 1481 pravis
1134 1407 1370 1479 quidem
1422 1405 1825 1472 sermonibus,
1875 1402 2059 1459 veluti

389 1501 629 1557 cuidam
663 1498 1055 1572 graveolentis
1085 1496 1310 1569 soporis
1343 1492 1629 1566 impulsui
1659 1509 1787 1549 eam
1822 1494 2056 1549 obsera-

389 1592 511 1659 bit;
545 1589 809 1645 honestis
841 1594 1036 1643 autem
1069 1590 1126 1642 et
1156 1601 1370 1658 purum
1403 1583 1769 1639 stillantibus
1817 1583 2053 1639 virtutis

387 1678 916 1749 laticem,studiose
947 1672 1434 1731 accommodabit.
1454 1673 1524 1727 Et
1545 1676 1785 1744 gustum
1809 1672 2050 1743 quidem

386 1768 673 1824 suavibus
704 1780 939 1837 semper
967 1763 1295 1819 inhiantem
1328 1761 1581 1816 frenabit
1610 1760 1930 1829 ratione,ad
1954 1776 2052 1815 ne-

386 1858 648 1915 cessaria
676 1859 870 1911 autem
903 1853 1280 1957 percipienda
1307 1850 1501 1907 sobrie
1532 1850 1904 1950 temperabit.
1937 1851 2049 1905 Ta-
2079 1891 2129 1957 Β

384 1952 551 2004 ctum
583 1949 803 2011 autem,
828 1948 892 1998 ut
919 1940 1441 1999 illiberalissimum
1473 1940 1741 1996 omnium
1762 1954 2047 1996 sensuum

383 2036 610 2111 quique
646 2038 887 2089 caateros
918 2047 1124 2088 omnes
1148 2030 1385 2103 propria
1406 2029 1655 2085 laavitate
1684 2030 1755 2084 ad
1778 2029 2046 2100 volupta-

378 2130 503 2183 tem
527 2122 710 2182 veluti
740 2121 1098 2193 quibusdam
1132 2118 1445 2192 praestigiis
1476 2117 1940 2191 pellicit,purum
1973 2118 2047 2173 ab

380 2214 545 2274 omni
577 2227 821 2285 prorsus
854 2208 1252 2282 cupiditatum
1276 2208 1508 2264 macula
1528 2223 1703 2279 quam
1729 2206 2050 2263 accuratis-

377 2304 533 2362 sime
561 2299 835 2358 servabit.
871 2298 972 2355 llic
1003 2298 1159 2354 enim
1191 2301 1314 2352 toto
1346 2312 1590 2368 corporo
1622 2295 1895 2367 diffusus,
1943 2312 2050 2367 per

377 2396 567 2451 totam
606 2388 770 2445 illius
816 2385 1209 2459 superﬁciem,
1256 2402 1373 2441 non
1404 2401 1535 2441 eam
1567 2383 1760 2441 solum
1791 2400 1918 2457 quas
1948 2400 2043 2440 ex-

375 2483 676 2540 trinsecus
705 2482 967 2551 apparet,
1001 2477 1104 2533 sed
1137 2491 1267 2532 eam
1300 2476 1478 2531 etiam
1510 2491 1634 2548 qua
1684 2474 2048 2531 reconditior

376 2576 493 2643 est,
520 2570 592 2625 ad
624 2568 866 2624 vitiosos
895 2570 1205 2622 contactus
1248 2564 1620 2638 tyrannidem
1671 2564 1731 2619 in
1780 2564 2044 2621 animam

377 2661 846 2719 exercet.Manus
871 2661 1066 2712 autem
1093 2653 1448 2724 maxime,ut
1470 2653 2042 2726 opportunissimum

376 2749 663 2825 quiddam
696 2745 1278 2819 apprehendens,per
1305 2742 1612 2812 eas,veluti
1644 2758 1748 2814 per
1773 2743 2043 2812 qumdam

371 2840 544 2908 retia,
570 2852 775 2893 omnes
806 2834 984 2907 capit,
1006 2833 1346 2905 quicunque
1374 2834 1435 2887 in
1467 2849 1532 2887 ea
1564 2831 1901 2887 inciderint.
1928 2836 2044 2887 Ne-

374 2945 492 3003 que
521 2926 701 2983 etiam
733 2926 1061 2981 immunem
1084 2940 1118 2978 a
1135 2923 1390 2995 prepriis
1423 2921 1736 2994 prazstigiis
1756 2920 2046 2993 relinquit

372 3015 821 3091 aspectum.Ssd
857 3014 927 3069 ad
961 3012 1238 3067 confusos
1270 3011 1508 3083 quidem
1541 3010 1847 3077 colores,et
1867 3025 2046 3082 aspe-

372 3125 474 3164 ras
497 3107 739 3178 ﬁguras,
760 3117 1115 3174 exasperans
1144 3099 1313 3157 illum
1338 3104 1397 3157 et
1422 3100 1788 3156 confundens
1824 3115 1837 3155 ε
1871 3099 1943 3154 ad
1975 3116 2045 3155 ea

373 3201 577 3254 autem
608 3211 735 3266 quas
766 3191 932 3248 laavia
963 3194 1187 3261 sunt,et
1217 3190 1290 3247 ad
1322 3193 1694 3246 venustatem
1744 3188 1938 3245 colore
1985 3194 2046 3244 et

2164 598 2264 668 τὴν
2295 604 2404 655 τῶν
2437 601 2647 677 ὁρατῶν
2677 598 2796 655 θέαν
2850 602 2963 674 (67)
3016 599 3359 671 ἀναπετάσαι,
3415 598 3509 656 ’ἱνα
3542 601 3620 675 μὴ
3654 607 3853 657 πᾶσαν

2165 684 2494 764 ἂδιακρίτως
2538 690 2907 765 χαρακτήρων
2953 710 3013 744 τε
3073 690 3164 744 καὶ
3215 694 3439 768 μορφῶν
3491 688 3640 747 ἲδέαν
3695 690 3855 747 εἶσοι

2164 777 2456 850 κιζομὲνη,
2500 774 2570 832 δι’
2627 778 2808 833 αὐτῶν
2864 778 3001 852 πρὸς
3055 779 3152 841 τὰς
3200 777 3252 850 ἐξ
3313 779 3490 835 αὐτῶν
3533 780 3852 856 φαντασίας

2163 867 2519 941 ταράσσηται.
2580 865 2761 922 Ἀλλὰ
2817 868 2954 943 πρὸς
3011 869 3107 940 μὲν
3152 889 3277 923 τινα
3330 869 3420 923 καὶ
3478 868 3821 947 ἀνεῳγότων

2167 931 2245 1008 δι’.
2268 931 2503 1033 ἀνάγκην
2532 962 2631 1026 τῆς
2668 957 2804 1031 πρὸς
2843 931 2933 1011 τὸν
2975 931 3219 1032 παρόντα
3265 958 3383 1034 βίον
3435 931 3851 1034 φωταγῶγίας;

2163 1047 2273 1099 τῶν
2304 1050 2402 1099 τοῦ
2433 1046 2689 1118 σώματος
2715 1045 3042 1118 ὀφθαλμῶν,
3072 1044 3199 1108 τοὺς
3245 1053 3346 1117 τῆς
3390 1050 3578 1123 ψυχῆς
3628 1046 3850 1122 ἐπιμύ-

2164 1150 2264 1188 σει·
2296 1135 2435 1209 πρὸς
2465 1132 2521 1189 δὶ
2549 1135 2648 1203 τὴν
2679 1139 2776 1189 τοῦ
2807 1133 3072 1205 ἀληθινοῦ
3124 1136 3303 1213 φωτὸς
3349 1137 3438 1191 καὶ
3488 1141 3587 1192 τοῦ
3630 1134 3705 1192 δι’
3741 1138 3850 1193 αὐ-

2162 1226 2261 1276 τοῦ
2298 1220 2646 1296 δεικνυμένου
2697 1220 2942 1286 κάλλους
2995 1222 3134 1296 αὐτῇ
3185 1225 3535 1296 κατανόησιν,
3582 1225 3678 1281 καὶ
3733 1248 3850 1300 με-

2169 1312 2406 1384 μυκότας
2434 1311 2703 1387 πρότερον
2735 1309 3049 1373 σπουδαίως
3078 1313 3299 1383 ἀνοίξει.
3334 1310 3470 1368 Οὔτε
3507 1314 3607 1383 τήν
3656 1316 3842 1385 ἀκοήν

2163 1400 2324 1455 παντὶ
2500 1398 2651 1473 λόγῳ
2683 1400 3046 1470 ἀνεξετάστως
3095 1400 3297 1479 ὑφέξει,
3346 1399 3494 1458 ἀλλὰ
3538 1404 3680 1479 πρὸς
3733 1405 3834 1475 μὲν

2162 1487 2290 1550 τοὺς
2323 1489 2564 1559 φαύλους
2591 1493 2698 1543 τῶν
2733 1488 2939 1565 λόγων,
2974 1489 3157 1561 ὥσπερ
3189 1489 3327 1565 πρός
3372 1511 3493 1545 τινα
3542 1489 3829 1556 δυσώδους

2162 1578 2435 1653 γεύματος
2465 1581 2580 1651 (69)
2606 1579 2775 1656 φορὰν
2817 1579 2983 1649 αὐτὴν
3019 1579 3334 1655 ὑποφράξει,
3389 1585 3511 1643 τοῖς
3549 1578 3608 1636 δὲ
3656 1602 3836 1637 σπου-

2169 1664 2345 1730 δαίοις
2391 1669 2625 1745 καθαρὸν
2659 1668 2838 1744 ῥέουσι
2868 1675 2969 1738 τῆς
3013 1667 3209 1743 ἀρετῆς
3252 1668 3318 1723 τὸ
3360 1674 3526 1743 νᾶμα,
3582 1671 3837 1750 φιλομα-

2162 1761 2273 1821 θῶς
2314 1758 2598 1827 ὑποθήσει.
2661 1756 2756 1811 Καὶ
2813 1758 2914 1826 τὴν
2977 1758 3071 1830 μὶν
3132 1761 3315 1832 γεῦσιν
3345 1759 3482 1833 πρὸς
3510 1759 3579 1815 τὰ
3617 1757 3839 1830 ἧδοντα

2160 1845 2241 1900 ἀεὶ
2294 1850 2594 1921 κεχηνυῖαν
2627 1843 2988 1921 ἐγχαλινώσει
3011 1851 3093 1918 τῷ
3124 1844 3298 1923 λόγῳ,
3330 1848 3471 1923 πρὸς
3501 1845 3561 1904 δὲ
3586 1850 3688 1919 τὴν
3716 1855 3835 1905 τῶν

2160 1934 2466 2010 ἀναγκαίων
2518 1931 2824 2009 μετάληψιν
2877 1934 3172 2012 σωφρόνως
3230 1938 3546 2012 ἡνιοχήσει.
3606 1940 3721 2009 Τὴν
3775 1938 3839 1996 δὲ

2161 2023 2328 2098 ἁφὴν,
2361 2025 2437 2085 ὡς
2469 2023 2529 2078 ἃν
2557 2026 2670 2098 (70)
2705 2019 3212 2098 ἁνδραποδεστάτην
3249 2025 3345 2096 μὲν
3392 2031 3582 2081 πασῶν
3631 2027 3836 2100 αἰσθή-

2160 2133 2296 2168 σεων
2331 2112 2518 2181 οὖσαν,
2551 2112 2725 2175 πάσας
2757 2110 2815 2168 δὲ
2844 2113 2938 2174 τὰς
2988 2112 3187 2177 λοιπὰς
3231 2117 3301 2187 τῇ
3351 2112 3527 2188 οἲκείᾳ
3576 2115 3835 2189 λειότητι

2157 2202 2299 2277 πρὸς
2342 2199 2550 2271 ¹ἡδονὴν
2610 2200 3076 2277 μαγγανεύουσαν,
3129 2200 3480 2274 ἀκηλίδωτον
3525 2208 3715 2262 παθῶν
3739 2209 3838 2271 ὡς

2162 2290 2411 2364 μάλιστα
2443 2287 2634 2346 διόλου
2666 2290 2911 2369 φυλάξει.
2944 2293 3104 2364 Ὂλῳ
3134 2290 3237 2368 γὰρ
3284 2297 3365 2365 τῷ
3415 2295 3633 2367 σώματι
3689 2296 3832 2372 αὕτη

2157 2385 2575 2456 παρεκταθεῖσα,
2625 2377 2715 2435 διὰ
2777 2380 2870 2453 μὲν
2921 2387 3024 2450 τῆς
3070 2379 3210 2452 ὅλης
3256 2381 3575 2457 ἐπιφανείας
3635 2387 3830 2458 αὐτοῦ,

2158 2470 2227 2525 οὐ
2269 2476 2372 2539 τῆς
2418 2470 2754 2546 φαινομένης
2803 2466 2995 2539 ἔξωθεν
3046 2468 3235 2543 μόνον,
3292 2469 3441 2527 ἀλλὰ
3468 2474 3559 2529 καὶ
3610 2482 3714 2547 τῆς
3773 2477 3828 2533 ἐν

2153 2564 2237 2632 τῷ
2273 2558 2445 2635 βάθει,
2472 2560 2613 2636 πρὸς
2637 2559 2732 2621 τὰς
2782 2557 3044 2632 ἐμπαθεῖς
3088 2561 3247 2638 ἁφὰς,
3298 2563 3440 2618 κατὰ
3484 2571 3585 2636 τῆς
3633 2569 3823 2643 ψυχῆς

2157 2647 2487 2705 δυναστεύει.
2546 2653 2661 2704 Τῶν
2695 2646 2754 2704 δὶ
2782 2654 2985 2726 χειρῶν
3040 2649 3280 2723 μάλιστα
3323 2649 3714 2712 καταλαϐοῦσα
3758 2658 3822 2713 τὸ

2153 2738 2548 2816 καιριώτατον,
2611 2735 2699 2793 διὰ
2753 2739 2987 2808 τούτων,
3041 2735 3223 2816 ὥσπερ
3283 2739 3374 2797 διά
3432 2763 3600 2800 τινων
3649 2748 3821 2822 θηρά-

2152 2848 2299 2902 τρων
2333 2830 2468 2902 (71),
2525 2828 2653 2884 τοὺτ
2701 2827 3035 2903 ἐμπεσόντας
3096 2829 3307 2907 ἀγρεύει
3339 2833 3561 2898 πάντας.
3596 2833 3669 2889 Οὐ
3703 2838 3812 2907 μὴν

2154 2914 2365 2993 ἔρημον
2422 2924 2524 2987 τῆς
2556 2917 2759 2981 οῗκείας
2790 2920 3046 2995 γοητείας
3070 2922 3471 2995 καταλιμπάνει
3513 2924 3612 2993 τήν
3659 2921 3806 2998 ὄψιν.

2154 3006 2340 3065 Ἀλλά
2385 3007 2523 3082 πρὸς
2581 3007 2676 3081 μὶν
2724 3008 2819 3070 τὰς
2878 3010 3287 3084 συγκεχυμένας
3335 3012 3445 3084 (72)
3500 3010 3675 3086 χρόας
3720 3012 3813 3068 καὶ

2151 3098 2281 3161 τοὺς
2334 3103 2559 3173 τραχεῖς
2613 3104 2964 3173 χαρακτῆρας
2991 3099 3337 3174 τραχύνουσα
3388 3099 3616 3173 ταύτην,
3667 3101 3817 3174 ὁμοῦ

2151 3187 2245 3244 καὶ
2305 3188 2633 3263 συγχεουσαο
2696 3186 2833 3263 πρὸς
2892 3185 2949 3243 δὲ
3004 3187 3131 3251 τοὺς
3201 3187 3385 3253 λείους
3433 3211 3492 3245 τε
3537 3190 3628 3245 καὶ
3683 3190 3825 3266 πρὸς

372 3283 574 3360 specie
596 3264 847 3339 formata
866 3279 1132 3352 decipere
1153 3278 1611 3347 valent,eminus
1631 3293 1767 3333 eum
1793 3279 2039 3350 perfun-

2158 3277 2378 3356 εὐφυΐαν
2411 3276 2497 3331 καῖ
2533 3277 2676 3353 χρόᾳ
2724 3279 2840 3351 (73)
2884 3275 2975 3332 καὶ
3026 3278 3274 3353 σχήματι
3332 3277 3638 3351 ἀπατηλῶς
3694 3264 3828 3356 μορ-

373 3377 526 3431 dens
555 3375 614 3427 et
661 3370 1025 3437 demulcens,
1078 3385 1248 3425 suam
1296 3368 1488 3439 ipsius
1539 3371 1887 3440 potestatem
1937 3383 2042 3439 per

370 3464 538 3521 hunc
565 3460 742 3517 etiam
774 3458 918 3515 satis
948 3459 1226 3514 ostendit.
1257 3458 1369 3514 Sed
1401 3461 1459 3512 et
1488 3456 1756 3512 auditum
1811 3456 2037 3526 asperis

371 3552 618 3626 quidem
640 3548 880 3605 vocibus
902 3546 1423 3618 fugans,mollibus
1444 3550 1641 3601 autem
1665 3561 1770 3617 per
1791 3544 2035 3601 ﬂantem

370 3641 586 3701 leniter
615 3652 810 3696 aerem
842 3635 1205 3692 intrinsecus
1236 3636 1529 3704 relaxans,
1556 3635 1710 3705 quod
1760 3634 1852 3689 sui
1902 3650 2033 3690 mu-

371 3730 534 3789 neris
556 3732 647 3785 est
671 3728 740 3783 ad
765 3725 1080 3798 voluptatis
1101 3741 1249 3797 opus
1271 3740 1376 3797 per
1394 3723 1554 3779 hunc
1574 3722 1751 3779 etiam
1782 3722 2033 3795 perﬁcit.

370 3824 623 3879 Gustum
659 3814 1066 3889 praetermitto,
1100 3819 1164 3869 ut
1193 3814 1291 3886 qui
1338 3812 1580 3869 omnino
1629 3811 1789 3867 illius
1837 3827 2036 3871 comes

368 3912 467 3967 sit.
520 3908 609 3963 Ad
658 3922 758 3962 eos
788 3905 1030 3976 quidem
1063 3920 1324 3976 sapores,
1358 3902 1462 3974 qui
1496 3918 1664 3958 secus
1695 3917 1757 3957 se
1789 3901 2032 3976 habent,

369 3994 802 4068 constringitur
829 3997 886 4048 et
916 3997 1197 4061 nauseat;
1230 3992 1303 4047 ad
1335 4007 1433 4047 eos
1465 3995 1661 4046 autem
1690 3990 1791 4061 qui
1824 4006 2035 4050 suaves

369 4090 533 4154 sunt,
568 4100 709 4141 suos
741 4083 931 4155 ipsius
962 4080 1199 4137 canales
1228 4078 1612 4153 inexplebiles
1640 4078 1848 4151 aperit.
1881 4081 2031 4145 Quid

369 4177 529 4233 enim
559 4177 619 4232 et
649 4174 721 4229 de
749 4170 1107 4245 genitalibus
1141 4170 1424 4227 membris
1454 4167 1692 4225 dicam?
1736 4170 2033 4239 quomodo

367 4263 643 4323 videlicet
671 4261 915 4320 insitam
949 4258 1069 4316 illis
1089 4258 1207 4316 vim
1230 4260 1300 4316 ad
1325 4257 1544 4316 similis
1569 4257 2032 4331 generationem,

447 4445 563 4518 (57)
594 4443 749 4518 Θὲαν.
786 4443 960 4518 Addit
990 4441 1145 4518 idem
1176 4443 1377 4510 codex,
1420 4442 1456 4509 ἡ
1506 4438 1797 4518 παρθᾴνος.
1849 4441 2037 4518 ΑΡειυΙο

375 4512 715 4592 posteditio
743 4515 956 4592 Paris”
986 4512 1329 4592 ταράσσεται,
1376 4530 1521 4592 mlas.
1555 4516 1621 4568 ut
1653 4512 1713 4567 in
1744 4516 1926 4568 textu.

448 4590 541 4661 (68
592 4585 776 4641 Παντί·
812 4581 1090 4644 Nonnulli
1123 4588 1374 4655 codices,
1407 4581 1628 4638 ἅπαντι.

449 4591 564 4731 (69)
594 4656 1017 4731 Γεῦματοςηδῃίο
1047 4659 1223 4715 editio
1253 4657 1474 4715 Veneta
1505 4662 1562 4712 et
1602 4672 1628 4711 ι]

449 4653 562 4731 (69)
594 4656 1017 4731 Γεύματοςηδῖο
1047 4659 1223 4715 editio
1253 4653 1474 4715 Veneta
1505 4662 1562 4712 et
1602 4653 2038 4731 mss.qu_inque.

375 4727 832 4805 sameram,
884 4727 1172 4805 ῥεύματος.
1223 4731 1444 4805 Ibidem
1500 4744 1656 4784 unus
1710 4743 1779 4782 ex
1821 4727 2035 4800 Regiis,

374 4800 697 4876 ἀποφράξει,
730 4808 788 4860 et
815 4800 994 4876 paulo
1026 4807 1179 4873 post,
1205 4800 1525 4876 quivdicsi.

507 4873 563 4950 Ὀ)
595 4873 720 4950 "Av.
756 4873 929 4932 Deest
958 4874 1082 4950 haec
1112 4873 1318 4950 vocula
1356 4874 1417 4929 in
1449 4873 1641 4950 tribus
1673 4885 1814 4950 mss.

470 4941 563 5019 71)
605 4944 703 5002 Διά
732 4967 895 5021 τινων
930 4945 1237 5021 Θηράτρων.
1272 4944 1731 5021 Hisescriptura
1760 4941 2036 5021 editionis

372 5014 733 5077 Parisiensis
760 5014 1377 5089 videtur'przsfsrenda
1413 5018 1487 5073 iis
1531 5014 1661 5089 quae
1693 5014 1751 5069 in
1774 5015 2038 5089 editione

374 5092 593 5151 Veneta
624 5097 682 5148 et
710 5093 770 5147 in
796 5087 1101 5161 codicibus
1131 5106 1275 5146 mss.
1337 5087 1655 5161 leguntur._
1676 5087 1863 5161 Codex
1891 5090 2034 5161 Μαι.

377 5170 433 5222 et
463 5163 617 5237 alius
649 5180 819 5231 mss.,
852 5159 943 5217 διά
970 5182 1131 5217 τινων
1193 5161 1329 5234 αὐτῇ
1378 5156 1770 5237 πεφραγμένων
1826 5157 2031 5237 ὅπλων·

375 5238 479 5293 sed
518 5235 665 5291 liber
691 5229 833 5292 Mai.
869 5237 1221 5293 emendatus
1251 5229 1359 5302 est,
1403 5229 2033 5306 in'eoque,pro_81:)tmv

377 5308 666 5380 scriptum
700 5309 831 5376 fuit,
871 5307 1039 5380 estw.
1095 5309 1230 5380 Reg.
1278 5305 1508 5380 tertius,
1568 5303 1909 5373 συναισθήσει
1940 5317 2037 5379 θη.

377 5379 593 5505 ςάτρων
626 5378 1039 5469 πεφραγμένων.
1072 5378 1260 5435 Editio
1288 5379 1434 5434 Ven.
1470 5383 1529 5433 ct
1583 5393 1728 5433 mss.
1763 5378 2039 5446 quatuor,

417 5449 471 5503 ιά
501 5469 665 5503 τινων
700 5455 834 5505 αυτῆ
892 5449 1281 5505 πεφραγμένων
1344 5445 1531 5504 ὃπλων
1592 5444 1920 5505 θερμότερον
1969 5455 2037 5505 τῆ

417 5444 665 5527 ια’τινων
700 5444 855 5527 ἀῦτῇ’
886 5449 1281 5527 ,πεφραγμένων
1344 5445 1531 5504 ὃπλων
1592 5444 1920 5519 θερμότερον
1969 5444 2038 5525 τῇ

377 5510 1121 5597 συναισθήσειθήράτρὶόν.”
1327 5593 1338 5597 _
1429 5591 1444 5597 _
1585 5510 1611 5597 _r
1800 5510 1839 5597 θ’
2015 5510 2023 5525 ’

452 5594 567 5665 (72)
601 5586 1044 5669 anulatis)“.
1067 5667 1072 5669 _
1098 5591 1553 5669 Quamvis‘bagc
1585 5587 1757 5669 lectio
1797 5586 1858 5669 in_
1924 5607 2040 5651 uno

377 5661 620 5723 tantum
652 5661 921 5721 occurrat
950 5667 1148 5722 codice
1176 5666 1355 5734 Regio
1384 5665 1548 5727 2879,
1580 5661 1815 5717 videtur
1843 5663 2039 5724 tamen

376 5736 746 5811 praeferenda
777 5737 1049 5809 vulgatae,
1078 5737 1405 5808 κεχυμένας,
1439 5752 1506 5791 ac
1536 5734 1921 5790 conﬁrmatur
1950 5736 2042 5797 his

2073 4611 2119 4676 D
2224 4584 2340 4676 £2332
2374 4583 2469 4676 ίξείῖ

2150 3367 2427 3445 φωθέντας
2479 3365 2761 3442 πόρῥωθεν
2818 3363 3116 3442 διαχέουσά
3183 3387 3242 3421 τε
3297 3366 3471 3437 αὐτὴν
3548 3370 3668 3443 (7i)
3727 3369 3823 3424 καὶ

2147 3454 2461 3523 λεαίνουσα,
2507 3456 2607 3523 τήν
2666 3454 2863 3525 δαυτῆς
2911 3454 3245 3522 δυναστείαν,
3299 3455 3391 3511 καὶ
3460 3454 3551 3512 διὰ
3604 3458 3818 3527 ταύτης

2146 3546 2351 3606 ἱκανῶς
2396 3540 2781 3602 ἐπιδείκνυται.
2835 3544 3013 3601 Ἀλλὰ
3061 3544 3149 3599 καὶ
3192 3545 3295 3613 τὴν
3338 3545 3511 3614 ἀκοὴν
3535 3551 3659 3609 ταῖς
3715 3548 3817 3620 μὶν

2143 3632 2427 3710 τραχείαις
2454 3636 2564 3687 τῶν
2596 3637 2790 3710 φωνῶν
2819 3631 3213 3712 φυγαδεύουσα,
3243 3637 3364 3695 ταῖς
3424 3630 3483 3688 δὲ
3534 3632 3820 3707 μαλακαῖς

2147 3723 2239 3781 διὰ
2264 3726 2368 3778 τοῦ
2397 3719 2722 3795 ἐμπνέοντος
2750 3721 2912 3785 λείως
2943 3724 3099 3798 ἀέρος
3145 3720 3196 3777 ἰν
3250 3723 3405 3798 βάθει
3437 3720 3695 3799 χαλῶσα,
3746 3724 3814 3779 τὸ

2143 3813 2266 3877 καθ’
2325 3811 2521 3879 ἑαυτὴν
2550 3812 2686 3887 πρὸς
2718 3809 2924 3883 ἡδονὴν
2956 3810 3109 3890 ἔργον
3138 3813 3229 3866 καὶ
3261 3808 3354 3867 διὰ
3380 3813 3584 3884 ταύτης
3632 3812 3809 3869 ἀνύει.

2146 3904 2255 3960 Ἐῶ
2284 3900 2386 3977 γὰρ
2422 3898 2601 3975 λέγειν
2632 3901 2732 3970 τὴν
2765 3906 2971 3977 γεῦσιν,
3021 3902 3094 3963 ὡς
3123 3901 3186 3956 τὸ
3245 3899 3380 3957 ὅλον
3436 3902 3644 3973 ταύτης
3694 3906 3813 3977 (75)

2145 3992 2446 4067 σύντροφον
2476 3990 2659 4047 οὖσαν.
2694 3991 2837 4067 Πρὸς
2872 3992 2965 4064 μὲν
3005 3991 3133 4053 τοὺς
3184 3987 3375 4054 ἄλλως
3423 3990 3653 4069 ἔχοντας
3701 4012 3810 4069 χυ-

2147 4080 2288 4157 μοὺς
2337 4077 2684 4156 ἑπιστύφεταί
2728 4101 2787 4135 τε
2829 4080 2919 4135 καὶ
2983 4078 3266 4151 ἀηδίζεται
3297 4100 3310 4115 ·
3370 4082 3507 4158 πρὸς
3568 4079 3626 4138 δὶ
3679 4082 3817 4146 τοὺς

2144 4170 2329 4231 λείους
2354 4168 2453 4230 τὰς
2486 4169 2680 4235 ἑαυτῆς
2724 4167 3019 4243 δεξαμενὰς
3047 4166 3418 4245 ἀπληρώτους
3465 4171 3694 4247 ἀνοίγει.
3745 4172 3813 4227 Τί

2142 4261 2251 4338 γὰρ
2283 4262 2342 4313 ἂν
2372 4277 2455 4321 τις
2483 4256 2627 4313 εἷ’ποι
2650 4258 2878 4336 καὶπερὶ
2906 4262 3014 4315 τῶν
3045 4256 3393 4337 παιδογόνων
3426 4262 3633 4339 μορίων
3663 4265 3814 4337 (76);

2149 4458 2285 4517 quae
2317 4445 2670 4517 sequuntur,
2719 4440 2808 4517 καὶ
2860 4443 3185 4517 συγχὲουσα.
3238 4444 3400 4502 Hanc
3440 4444 3806 4517 conjunctiov

2150 4511 2288 4573 nem
2323 4511 2599 4570 addimus
2633 4531 2702 4571 ex
2773 4511 3004 4572 luribu's
3032 4533 3181 4572 mss;
3547 4511 3567 4517 ⁷

2224 4584 2340 4643 (73)
2374 4583 2469 4637 Καὶ
2507 4584 2670 4643 γρόα.
2705 4533 2837 4643 l-Fzsc
2865 4589 3082 4643 desunt
3113 4588 3171 4643 in
3202 4589 3404 4643 codice
3437 4587 3569 4643 Regi

2227 4584 2340 4655 (73)
2374 4584 2469 4637 Καὶ
2552 4584 2613 4660 ρό
2659 4627 2670 4640 .
2705 4584 2837 4645 Haec
2865 4589 3082 4644 desunt
3113 4588 3171 4643 in
3202 4589 3404 4644 codice
3437 4587 3610 4662 Regio
3637 4587 3804 4642 2879.

2227 4657 2341 4730 (74)
2373 4603 2575 4727 Δύττῇ.
2611 4606 2801 4715 ἕάίῑίο
2832 4663 3053 4730 veneta
3099 4664 3156 4714 et
3202 4666 3323 4716 tres
3383 4677 3551 4730 mss.,
3591 4659 3814 4730 ἑαυτήν.

2148 4726 2333 4803 Paulo
2366 4735 2498 4801 post
2526 4730 2697 4803 editi,
2728 4737 2855 4803 post
2888 4727 3195 4784 δυναστείαν
3226 4726 3587 4803 ἱηεθευηι,’ἡ
3610 4726 3814 4800 ἡδονή.

2147 4803 2270 4877 Sed
2296 4802 2419 4857 haec
2450 4818 2564 4877 non
2590 4802 2739 4877 legit
2751 4810 2929 4877 vetus
2950 4804 3271 4877 interpres,
3297 4821 3425 4877 non,
3444 4802 3733 4877 leguntur
3752 4804 3820 4860 in

2149 4873 2374 4949 optimo
2406 4874 2603 4931 codice
2626 4875 2802 4948 Regio
2830 4873 3302 4949 2879,quo_smpe
3325 4873 3549 4933 utiliter
3575 4880 3824 4933 utemur

2149 4950 2223 5004 ad
2260 4947 2418 5001 hunc
2451 4944 2667 5001 librum
2691 4948 3442 5004 emendandum.Praeterea
3469 4964 3681 5004 sensus
3712 4964 3823 5004 no-

2149 4964 2223 5007 au
2260 4964 2418 5001 nunc
2451 4964 2667 5001 norum
2691 4964 3442 5006 emenaanuumrrasterea
3469 4964 3681 5005 sensus
3712 4964 3823 5021 po-

2150 5018 2363 5105 stulat,
2398 5023 2465 5100 ut
2495 5018 2617 5074 haec
2652 5034 3097 5105 eXpungamus.
3140 5019 3281 5105 ‘Hic.
3310 5021 3466 5104 enim
3487 5020 3819 5105 “probatur

2148 5097 2379 5151 tactum
2411 5091 2471 5144 in
2507 5091 2785 5149 omnibus
2815 5091 3092 5150 sensibus
3124 5091 3437 5148 dominari.
3486 5091 3579 5149 Sic
3631 5091 3818 5148 etiam

2151 5161 2836 5259 ρειὶὶτξῆοεξέρῑεῖξθξξιψτ
2868 5162 3822 5259 ίεξςὶίξίῖξξςὲῖξιῑίξίςξλείεῖὲξιξιὲ

2150 5229 2640 5319 ἓαυτήν’ἡ“ἡδυνῆ·
2659 5232 2857 5319 ἔργον..
2885 5235 3345 5319 Emendavimus
3392 5236 3817 5319 opehejusdem

2150 5307 2372 5368 codicis
2404 5307 2563 5378 Regii
2592 5313 2650 5364 et
2684 5307 2912 5367 venetas
2943 5307 3241 5381 editionis,
3295 5323 3401 5363 nec
3437 5307 3625 5365 aliter
3667 5307 3819 5381 legit

2148 5384 2446 5448 interpres
2469 5381 2849 5448 rAmbsosius.

2228 5445 2345 5520 (75)
2373 5447 2603 5521 Ταύτης.
2638 5452 2762 5507 Duo
2797 5466 2979 5522 mss._,
3006 5445 3196 5522 ταύτῃ.
3232 5447 3451 5505 lbidem
3499 5449 3679 5522 editio
3709 5449 3819 5505 Ve-

2152 5517 2293 5597 neta
2322 5517 2376 5597 et
2408 5517 2549 5597 mss.
2584 5524 2869 5597 quinque,
2905 5517 3573 5597 cﬁvrpoq6¢_oica.Editio
3604 5521 3820 5597 Paris,

2150 5593 2291 5672 πρὸς
2325 5593 2418 5672 μὲν
2451 5592 3260 5672 vatejneestultimavocula
3287 5595 3346 5650 in
3398 5593 3654 5650 editione
3705 5594 3823 5651 Ve-

2152 5665 2296 5727 neta
2325 5671 2385 5722 et
2414 5665 2712 5723 veteribus
2746 5665 2932 5723 libris.

2225 5738 2344 5813 (76)
2400 5737 2460 5792 Τί
2519 5739 2620 5814 γὰρ
2678 5735 2738 5792 ἂν
2801 5758 2883 5800 τις
2941 5734 3087 5791 εἴποι
3147 5739 3234 5793 καὶ
3290 5736 3413 5811 περὶ
3474 5738 3581 5790 τῶν
3622 5734 3834 5794 παιδο-
