4150 6368
300 351 413 428 681

1536 357 1767 420 LIBER
1814 361 1916 420 DE
1960 358 2497 422 VlRGINITATE.

3611 367 3729 428 682

301 500 376 560 ὡς
433 497 534 566 τὴν
587 492 888 568 δεδομένην
941 491 1126 555 αὐτοῖς
1173 489 1310 567 πρὸς
1337 491 1437 560 τὴν
1467 494 1569 546 τοῦ
1601 491 1955 564 ὁμοιογενοῦς

2077 491 2200 550 suis
2250 492 2442 566 ipsius
2497 495 2743 550 omnino
2800 496 3210 569 constringens
3270 497 3591 566 veneficiis,
3625 514 3730 570 per

302 587 506 663 σπορὰν
543 583 795 657 δύναμιν,
831 588 940 644 εοῖς
971 583 1166 651 εαυτῆς
1197 581 1260 635 τὸ
1291 578 1420 634 ὅλον
1479 577 1956 656 ἐγκαταδησαμένη

301 678 641 754 φαρμάκοις,
672 678 740 747 τῇ
773 673 1114 742 συναισθήσει
1163 677 1262 739 τῆς
1312 672 1448 724 κατὰ
1497 671 1596 738 τὴν
1643 672 1784 744 ἁφὴν
1831 669 1960 723 τού-

298 787 409 822 των
444 764 755 834 λειότητος,
781 760 1139 837 αῗχμάλωτον
1174 757 1264 814 διὰ
1281 767 1381 830 τῆς
1408 760 1524 814 κατ’
1556 758 1723 829 αὐτὴν
1754 756 1958 828 ἡδονῆς

300 852 418 930 ἄγει
453 857 566 926 (77)
596 854 687 908 τὸν
722 850 1032 927 ἄνθρωπον.
1067 851 1144 904 Δι’
1175 850 1314 927 ἀφῆς
1361 847 1452 903 οὖν
1511 869 1656 911 τινος
1711 845 1956 923 ἐδείχθη,

300 944 392 999 καὶ
427 939 553 1016 ὄψις
585 945 682 1012 τὴν
715 942 902 1016 ψυχὴν
934 940 1072 1014 πρὸς
1104 936 1308 1008 ἡδονὴν
1365 938 1643 994 ἀπατῶσα.
1677 943 1803 998 Ταῖς
1857 937 1958 1010 γὰρ

299 1039 408 1088 τῶν
469 1031 734 1104 ὀμμάτων
791 1028 1005 1104 βολαῖς,
1066 1029 1306 1102 καθάπερ
1376 1027 1688 1100 ἀσωμάτοις
1746 1026 1958 1100 χερσὶν,

303 1123 376 1176 ὦν
433 1121 490 1176 ἂν
546 1120 706 1194 ἐθέλῃ
762 1117 1043 1196 πόρρωθεν
1079 1115 1504 1190 άπτομένη,καὶ
1563 1115 1636 1170 ὧν
1686 1121 1804 1177 ταῖς
1862 1117 1958 1168 τοῦ

301 1212 553 1284 σώματος
610 1209 800 1284 χερσὶν
888 1209 1121 1281 ἅψασθαι
1206 1206 1286 1260 ἐπ’
1357 1205 1599 1277 ἐξουσίας
1663 1204 1764 1260 οὐκ
1815 1202 1955 1279 ἔχει,

297 1303 467 1354 ταῦτα
495 1303 616 1359 ταῖς
644 1302 752 1352 τῶν
787 1297 1053 1370 ὀμμάτων
1107 1291 1395 1357 ἐπιϐολαῖς
1443 1293 1703 1367 ἐμπαθῶς
1763 1313 1956 1368 περιπ-

293 1387 586 1455 τύσσουσα,
623 1385 692 1441 δι’
723 1387 798 1440 ὧν
846 1384 1156 1458 ἀπεμάξατο
1213 1383 1422 1453 τύπων,
1483 1382 1610 1438 ὅλον
1670 1383 1806 1456 πρὸς
1861 1382 1954 1443 τὰς

297 1475 661 1550 ἐγγινομένας
730 1475 1024 1550 φαντασίας
1088 1474 1150 1527 τὸ
1218 1477 1378 1546 σῶμα
1440 1470 1796 1544 κυμαίνουσα.
1852 1469 1954 1525 Καὶ

302 1566 442 1635 ἀκοή
475 1570 582 1620 τῶν
619 1564 781 1620 λείων
815 1568 1010 1638 φωνῶν
1057 1560 1128 1616 δι’
1153 1562 1293 1640 ἁφῆς
1341 1562 1645 1634 ἁπτομένη,
1682 1557 1770 1614 διὰ
1824 1557 1953 1613 ταύ-

292 1675 395 1726 της
448 1657 548 1724 τὴν
601 1655 784 1730 ψυχὴν
835 1651 1192 1729 γοητεύουσα.
1246 1651 1342 1705 Καὶ
1422 1647 1700 1704 συνελόντι
1773 1647 1954 1724 φάναι,

294 1749 440 1799 πᾶσα
469 1741 716 1813 αἶ’σθησις
744 1744 885 1816 (78),
918 1742 1102 1816 ὥσπερ
1133 1741 1195 1795 τὸ
1222 1745 1384 1812 σῶμα
1436 1738 1488 1793 ἐν
1549 1738 1594 1810 ᾦ
1654 1735 1958 1791 δυναστεύει

292 1834 494 1902 κοινὸν,
531 1832 674 1888 οὕτω
699 1833 787 1887 καὶ
819 1829 997 1907 τὴνέν
1028 1829 1208 1902 τούτῳ
1239 1829 1381 1906 ἀφήν
1431 1828 1620 1894 κοινὴν
1672 1825 1951 1903 εἰληφυῖα,
1984 1873 2032 1937 Β

299 1919 324 1937 α
363 1925 376 1937 ι
499 1922 511 1937 I
654 1921 666 1937 ι
733 1922 743 1937 ο
1040 1917 1064 1937 II
1095 1920 1122 1937 Λ
1374 1917 1388 1936 \
1503 1917 1518 1937 \
1605 1915 1626 1937 ,γ
1691 1920 1712 1930 ἰ·
1833 1917 1849 1937 ι
1869 1911 1920 1937 οἱ

295 1919 386 1976 διὰ
414 1922 620 1990 ταύτης
654 1921 881 1990 ἑκάστην
913 1940 972 1974 τε
1002 1917 1250 1989 αἶ’σθησιν
1290 1917 1428 1991 πρὸς
1463 1917 1526 1972 τὸ
1572 1915 1773 1970 οΐκεῖον
1823 1911 1950 1986 ἡδὺ,

296 2011 387 2064 καὶ
422 2007 491 2063 δι’
523 2009 668 2064 ὅλων
726 2007 855 2062 ὅλον
907 2007 959 2062 ἐν
1021 2008 1132 2085 ἀφῇ
1185 2004 1433 2078 κείμενον
1465 2007 1627 2078 ἡμῶν
1673 2005 1735 2058 τὸ
1792 2004 1952 2076 σῶμα

300 2099 438 2172 πρὸς
460 2099 558 2167 τήν
585 2096 825 2160 καθόλου
854 2093 1062 2164 ἡδονὴν
1092 2093 1364 2156 ποικίλως
1402 2093 1770 2170 μοχλεύουσα.

371 2190 426 2241 6.
463 2183 682 2253 Ἐπειδή
740 2183 830 2239 οὖν
891 2183 942 2238 ἐν
1003 2183 1199 2245 πάσαις
1256 2181 1354 2256 μὶν
1384 2185 1418 2252 ἡ
1452 2184 1584 2260 ἁφὴ,
1622 2180 1858 2254 μάλιστα
1896 2177 1954 2234 δὲ

299 2275 352 2330 ἐν
397 2275 574 2351 γεύσει
624 2274 712 2328 ναὶ
767 2279 884 2335 τοῖς
931 2271 1286 2348 παιδογόνοις
1345 2270 1650 2326 δυναστεύει
1713 2270 1953 2345 μυρίοις,

297 2365 386 2420 καὶ
440 2365 593 2439 ἑτέρα
630 2371 730 2433 τῆς
788 2364 994 2436 ἑτέρας,
1045 2362 1228 2437 ὥσπερ
1287 2361 1338 2417 ἐν
1402 2361 1611 2429 ἁλύσει,
1672 2359 1954 2432 ἐξημμένη

299 2475 378 2524 τε,
412 2453 502 2507 καὶ
535 2451 817 2528 πρατοῦσα
864 2453 974 2530 ἁφὴ
1009 2454 1146 2524 (19),
1181 2454 1215 2520 ἡ
1271 2453 1366 2524 μὲν
1419 2448 1771 2516 διακονεῖται,
1803 2452 1838 2518 ἡ
1899 2446 1958 2503 δὲ

307 2541 557 2602 διάκονος
586 2541 808 2617 γίνεται,
842 2542 1008 2594 πᾶσαι
1042 2537 1100 2594 δέ
1139 2559 1202 2613 γε
1249 2537 1336 2594 ἐπὶ
1386 2539 1486 2606 τήν
1537 2535 1793 2614 βασιλίδα
1842 2539 1959 2592 satu»

299 2636 408 2686 τῶν
455 2628 681 2699 ἡδονὴν,
731 2631 830 2698 τὴν
875 2634 982 2683 τῶν
1037 2628 1361 2701 αἰσθήσεων,
1395 2626 1463 2682 δι’
1493 2627 1656 2706 ἁφῆς,
1689 2626 1954 2703 ἐνέργειαν

300 2719 786 2797 παραπέμπουσαι,
843 2717 919 2773 ἔτι
977 2718 1068 2772 καὶ
1131 2716 1343 2790 μᾶλλον
1413 2723 1530 2779 τοῖς
1595 2719 1784 2772 πάθεσι
1853 2716 1952 2784 τὴν

300 2811 486 2885 ψυχὴν
520 2812 856 2882 σωματοῦσν
890 2809 1173 2880 πρόκειται
1225 2804 1283 2861 δὲ
1340 2811 1408 2881 τῇ
1467 2806 1718 2884 παρθένῳ
1775 2806 1954 2876 πάσης

302 2897 509 2968 ἡδονῆς
570 2903 889 2966 σωματικῆς
939 2897 1174 2970 καθαρὸν
1232 2892 1511 2967 ἀποδεῖξαι
1564 2895 1655 2950 τὸν
1690 2899 1833 2950 νοῦν·
1869 2893 1958 2949 διὰ

299 2993 466 3042 τοῦτο
496 2988 595 3055 τήν
635 2984 872 3060 μάλιστα
901 2989 1258 3059 σωματοῦσαν
1291 2984 1432 3061 ἁφὴν
1486 2981 1568 3039 δεῖ
1620 2987 1721 3049 τῆς
1768 2986 1954 3058 ψυχῆς

303 3075 654 3143 ἀποκόπτειν,
689 3074 762 3136 ὡς
791 3072 852 3128 ἃν
881 3075 945 3128 τὸ
980 3073 1090 3148 ὖχη
1104 3093 1178 3144 μα
1206 3078 1312 3127 τῶν
1347 3073 1482 3127 κατὰ
1508 3072 1604 3134 τὰς
1649 3070 1824 3134 ἄλλας
1867 3070 1957 3124 αἶ-

301 3165 515 3234 σθήσεις
567 3163 717 3236 ἁφῶν
765 3161 1048 3230 ἀνελοῦσα,
1094 3159 1375 3215 συνανέλοι
1427 3162 1501 3222 ὡς
1559 3157 1635 3214 ἕνι
1693 3159 1954 3214 κάκείνων

2070 599 2313 637 sensum
2345 600 2547 639 eorum
2581 583 2871 650 lmvitatis,
2896 602 3019 656 quas
3052 588 3348 658 tangendo
3379 586 3724 659 percipitur,

2069 672 2368 743 captivum
2401 690 2508 728 sua
2540 675 2837 745 volUptate
2859 674 3021 728 ducit
3050 675 3490 732 hominem.Per
3522 693 3728 748 quem-

2068 759 2205 815 dam
2256 760 2437 833 igitur
2485 766 2706 818 tactum
2741 763 2894 819 623
2924 764 3048 835 ipse
3097 769 3392 836 aspectus,
3429 771 3492 820 ut
3526 769 3725 821 osten-

2069 849 2553 918 dimus,animam
2588 851 2660 906 ad
2691 851 3050 924 voluptatem
3083 851 3495 923 pellicit.Nam
3525 855 3724 911 oculo-

2068 953 2196 992 rum
2229 939 2465 1004 ictibus,
2501 940 2656 996 velut
2699 940 3057 1012 incorporeis
3111 941 3406 1006 manibus,
3439 958 3719 1012 quascun-

2068 1041 2181 1096 que
2229 1025 2480 1082 voluerit
2529 1029 2762 1084 eminus
2813 1029 3130 1100 attingens,
3177 1035 3235 1082 et
3282 1045 3409 1100 quas
3461 1033 3721 1101 corporis

2070 1114 2345 1170 manibus
2392 1117 2678 1188 attingere
2709 1134 2822 1172 non
2875 1121 3085 1188 potest,
3119 1134 3184 1172 ea
3225 1116 3528 1172 oculorum
3577 1135 3718 1174 con-

2061 1203 2223 1273 jectu
2254 1203 2565 1261 libidinose
2595 1205 3011 1276 complectens,
3045 1222 3148 1278 per
3175 1223 3274 1261 eas
3314 1223 3462 1279 quas
3491 1207 3717 1280 efﬁngit

2066 1294 2314 1364 species,
2372 1298 2562 1350 totum
2617 1311 2830 1366 corpus
2881 1295 2955 1349 ob
3003 1295 3379 1352 introductae
3431 1296 3720 1368 imagines

2066 1382 2346 1437 ﬂuctibus
2394 1383 2599 1454 quatit.
2646 1385 2893 1439 Auditus
2939 1385 3064 1456 ipse
3123 1401 3334 1439 suaves
3391 1401 3562 1440 voces
3619 1403 3722 1457 per

2065 1475 2287 1526 tactum
2338 1472 2688 1544 percipiens,
2741 1489 2843 1545 per
2888 1472 3056 1528 illum
3115 1473 3375 1529 animam
3433 1473 3718 1529 incantat.

2065 1563 2278 1630 Atque,
2312 1565 2376 1614 ut
2421 1561 2596 1616 verbo
2627 1561 2844 1624 dicam,
2879 1561 3073 1617 omnis
3118 1561 3412 1633 voluptas,
3445 1567 3512 1617 ut
3560 1578 3720 1618 com-

2064 1664 2242 1703 mune
2275 1665 2492 1721 corpus
2524 1650 2581 1704 in
2617 1666 2731 1721 quo
2763 1650 3125 1720 dominatur,
3155 1650 3237 1706 ita
3267 1668 3636 1707 communem
3659 1651 3721 1707 in

2063 1752 2302 1808 corpore
2332 1741 2556 1793 tactum
2591 1744 2780 1807 nacta,
2806 1754 2908 1810 per
2941 1756 3074 1795 cum
3107 1740 3376 1812 singulos
3405 1757 3616 1798 sensus
3645 1742 3718 1798 ad

2064 1826 2328 1897 proprias
2357 1827 2698 1897 suavitates,
2713 1843 2780 1883 ac
2808 1831 2996 1882 totum
3032 1829 3265 1884 omnino
3295 1829 3354 1884 in
3386 1834 3545 1885 tactu
3579 1846 3717 1886 con-

2063 1914 2338 1971 stitutum
2388 1933 2602 1988 corpus
2635 1921 2905 1973 nostrum
2954 1917 3025 1973 ad
3066 1917 3400 1974 universam
3449 1917 3716 1992 volupta-

2062 2006 2180 2059 tem
2209 2003 2367 2060 varie
2395 2003 2662 2076 impellit.

2132 2183 2187 2238 6.
2221 2183 2366 2238 Cum
2399 2183 2580 2254 igitur
2609 2181 2670 2239 in
2714 2183 2992 2239 omnibus
3043 2183 3281 2255 quidem
3323 2187 3539 2253 tactus,
3565 2177 3715 2256 prae-

2066 2271 2234 2342 cipue
2261 2289 2394 2327 vero
2427 2273 2485 2327 in
2517 2278 2693 2345 gustu
2725 2278 2782 2329 et
2810 2271 3166 2345 genitalibus
3190 2274 3526 2329 dominetur
3547 2275 3718 2345 parti-

2068 2362 2274 2426 bus,ao
2305 2362 2452 2417 alter
2481 2379 2550 2417 ex
2581 2363 2763 2418 altero
2786 2363 3167 2426 tactus,velut
3194 2363 3252 2416 in
3286 2369 3513 2431 catena,
3547 2368 3722 2434 aptus

2065 2457 2122 2504 et
2153 2467 2336 2506 nexus
2386 2451 2486 2518 sit,
2517 2469 2584 2506 ac
2633 2451 2797 2507 alteri
2859 2452 3096 2524 quidem
3153 2451 3543 2519 ministretur,
3577 2452 3725 2509 alter

2067 2543 2262 2594 autem
2301 2540 2617 2606 ministret,
2651 2557 2856 2596 omnes
2906 2545 3100 2595 autem
3135 2542 3206 2595 ad
3240 2540 3500 2612 reginam
3551 2558 3721 2596 suam

2065 2627 2633 2699 voluptatem,sensu
2645 2646 2741 2684 um
2757 2646 2860 2701 per
2873 2634 3094 2684 tactum
3109 2630 3509 2701 operationem
3521 2634 3688 2684 trans
3700 2659 3723 2671 ο

2067 2717 2392 2787 mittentes,
2423 2717 2615 2773 adhuc
2642 2718 2831 2789 magis
2873 2717 3131 2773 animam
3181 2719 3723 2789 perturbationibus

2068 2807 2504 2878 quodammodo
2535 2823 2874 2878 corpoream
2905 2807 3198 2873 efﬁciant;
3232 2825 3488 2878 cumque
3517 2825 3725 2880 propo-

2066 2896 2245 2951 situm
2281 2897 2358 2951 sit
2377 2896 2585 2967 virgini
2611 2898 2684 2951 ab
2708 2896 2869 2951 omni
2891 2895 3189 2967 voluptate
3211 2913 3492 2968 corporea
3510 2914 3720 2969 puram

2065 2983 2339 3040 exhibere
2370 2989 2628 3039 mentem
2655 3001 2669 3052 ;
2696 2989 3004 3055 propterea
3032 2987 3276 3052 tactum,
3298 2985 3398 3056 qui
3433 2986 3722 3057 praecipue

2067 3073 2327 3129 animam
2360 3088 2699 3144 corpoream
2732 3072 2930 3142 efﬁcit,
2953 3073 3127 3128 debet
3156 3073 3227 3128 ab
3260 3072 3458 3129 anima
3488 3073 3722 3130 abscin-

2067 3165 2225 3228 dere,
2254 3167 2318 3216 ut
2339 3161 2672 3217 vehiculum
2691 3165 2952 3216 tactuum
2974 3162 3045 3216 ad
3079 3161 3224 3217 alios
3243 3179 3454 3218 sensus
3478 3163 3726 3218 attinen-

301 3254 440 3327 πρὸς
469 3251 536 3306 τὰ
567 3250 743 3306 οΐκεῖα
771 3249 908 3320 ἡδέα
934 3251 1030 3313 τὰς
1067 3249 1222 3312 ὕλας.
1254 3249 1318 3304 Τί
1369 3247 1459 3304 οὖν
1524 3247 1761 3321 μάλιστά
1817 3247 1956 3302 ἐστιν

2077 3251 2223 3306 tium
2255 3265 2548 3317 resecans,
2582 3249 2758 3306 simul
2793 3249 2965 3305 etiam
3001 3257 3240 3319 resecet,
3274 3256 3560 3322 quantum
3602 3251 3726 3306 ﬁeri

303 3343 332 3396 ὃ
366 3346 616 3413 σωματοῖ
643 3339 779 3415 πρὸς
808 3339 952 3414 ἁφὴν
981 3339 1081 3407 τὴν
1106 3340 1225 3410 (80)
1255 3339 1464 3414 ψυχὴν,
1496 3338 1585 3392 καὶ
1614 3337 1710 3399 τὰς
1751 3337 1803 3392 έν
1832 3342 1952 3399 ταῖς

304 3429 502 3491 ἄλλαις
535 3428 844 3498 αἰσθήσεσιν
876 3425 1078 3496 ἡδονὰς
1124 3425 1500 3503 πολυμόρφως
1552 3429 1661 3497 (81)
1717 3425 1954 3501 βλαστά-

299 3520 498 3588 νει;Ἠ
560 3517 612 3572 ἐν
664 3516 846 3592 γεύσει
899 3535 978 3584 τε,
1014 3517 1181 3592 φημὶ,
1213 3515 1303 3570 καὶ
1426 3516 1562 3589 πρὸς
1618 3516 1713 3576 τὰς
1764 3536 1953 3568 συνου-

301 3608 417 3672 σίας
467 3609 532 3662 τὸ
590 3611 752 3678 σῶμα
810 3605 942 3679 ἁφὴΔ
975 3603 1239 3677 ἐμπαθῶς
1269 3601 1696 3679 γαργαλίζουσα.
1733 3602 1955 3658 Τούτων

301 3695 348 3751 δ’
377 3695 552 3750 αὐτῶν
585 3697 799 3770 ἡγεῖται
830 3696 922 3766 μὶν
955 3695 989 3761 ἡ
1016 3699 1118 3762 τῆς
1145 3691 1399 3766 γεύσεως,
1431 3694 1466 3761 ἡ
1495 3689 1551 3746 δὲ
1607 3698 1705 3761 τῆς
1759 3691 1954 3764 μίξεως

301 3783 508 3841 ἕπεται·
544 3783 626 3837 ὅτι
689 3780 778 3836 διὰ
828 3788 929 3850 τῆς
980 3780 1031 3835 έν
1080 3785 1149 3854 τῇ
1179 3781 1356 3856 γεύσει
1389 3781 1550 3857 ἁφῆς,
1582 3779 1956 3853 κολακευομέ-

305 3895 405 3943 νης
438 3872 574 3946 πρὸς
626 3869 1061 3946 γαστριμαργίαν
1108 3869 1191 3923 ἀεὶ
1249 3876 1351 3939 τῆς
1405 3869 1774 3938 καταπόσεως,
1804 3889 1957 3923 πιαι-

306 3962 530 4036 νόμενόν
564 3981 630 4015 τα
655 3960 720 4014 τὸ
751 3963 912 4032 σῶμα
939 3958 1030 4012 καὶ
1075 3959 1178 4012 ὑπὸ
1206 3961 1317 4013 τῶν
1363 3957 1416 4011 ἐν
1456 3961 1535 4029 τῷ
1581 3957 1732 4033 βάθει
1793 3958 1956 4032 βρασ-

306 4051 552 4124 σομένων
588 4047 753 4105 λείων
782 4051 982 4124 χυμῶν
1016 4045 1262 4122 ἀσχέτως
1296 4045 1790 4122 γαργαλιζόμενον,
1821 4046 1957 4120 πρὸς

302 4143 401 4210 τὴν
435 4147 534 4210 τῆς
571 4139 770 4213 μίξεως
803 4137 948 4213 ἀφήν
976 4134 1370 4212 οῗστρούμενον
1399 4137 1635 4213 φέρεται.

381 4411 436 4466 7.
469 4407 562 4462 Διὸ
593 4405 1015 4482 ἀναγκαῖοντὴν
1052 4399 1364 4477 μέλλουσαν
1389 4408 1499 4458 τῶν
1543 4403 1678 4478 πρὸς
1724 4402 1818 4465 τὰς
1872 4403 1962 4477 μί-

310 4501 414 4571 ξεις
469 4495 688 4568 ἡδονῶν
754 4492 844 4550 διὰ
907 4492 1203 4566 παρθενίας
1251 4498 1491 4567 κρατεῖν,
1539 4491 1741 4566 πολλῷ
1793 4492 1961 4550 πλέον

2067 3344 2283 3412 potest,
2335 3356 2538 3394 eorum
2589 3339 2660 3394 ad
2713 3338 2979 3409 proprias
3027 3338 3343 3395 suavitates
3395 3340 3725 3398 materiam.

2065 3429 2213 3496 Quid
2247 3433 2337 3484 est
2368 3427 2565 3499 igitur,
2599 3427 2755 3499 quod
2787 3427 3037 3484 maxime
3087 3445 3424 3500 corpoream
3473 3446 3576 3502 per
3607 3435 3726 3486 tac-

2065 3524 2191 3573 tum
2243 3517 2503 3572 animam
2537 3517 2736 3584 efﬁcit,
2773 3523 2830 3572 et
2876 3517 3022 3572 sitas
3056 3516 3114 3572 in
3149 3517 3282 3573 aliis
3324 3519 3598 3574 sensibus
3627 3537 3726 3576 vo-

2067 3607 2323 3678 luptates
2355 3605 2532 3660 variis
2563 3605 2756 3660 modis
2805 3607 3098 3676 germinat
3123 3605 3406 3673 ?Tactus,
3453 3608 3722 3680 inquam,

2065 3700 2191 3750 tum
2226 3693 2326 3765 qui
2361 3694 2415 3747 in
2443 3702 2618 3765 gustu
2662 3694 2817 3749 situs
2846 3699 2955 3761 est,
2987 3698 3114 3749 tum
3147 3696 3246 3766 qui
3279 3713 3492 3768 corpus
3523 3698 3591 3750 ad
3627 3714 3719 3752 co-

2067 3785 2216 3838 itum
2238 3782 2551 3838 libidinose
2566 3781 2788 3838 titillat.
2809 3783 3028 3838 Horum
3044 3789 3242 3840 autem
3275 3784 3538 3856 ipsorum
3557 3788 3720 3857 praeit

2068 3873 2118 3928 is
2150 3871 2252 3943 qui
2282 3871 2342 3926 in
2373 3875 2550 3944 gustu
2598 3871 2749 3927 situs
2779 3879 2888 3941 est,
2920 3873 3190 3944 sequitur
3230 3890 3362 3929 vero
3399 3873 3495 3930 ille
3524 3875 3624 3945 qui
3655 3874 3716 3930 in

2071 3961 2226 4016 coitu
2253 3981 2266 4029 ;
2294 3961 2427 4032 quia
2453 3977 2554 4032 per
2574 3966 2784 4032 gustus
2810 3965 3034 4016 tactum
3057 3978 3288 4034 semper
3305 3963 3377 4018 ad
3399 3962 3719 4035 ingluviem

2074 4049 2387 4106 voracitate
2415 4048 2775 4114 blandiente,
2808 4066 3022 4122 corpus
3051 4050 3462 4122 pinguescens,
3490 4057 3547 4108 et
3577 4070 3610 4108 a
3642 4053 3720 4107 le-

2075 4140 2250 4194 nibus
2273 4137 2622 4194 humoribus
2661 4137 2822 4194 intus
2857 4138 3276 4195 ebullientibus
3306 4140 3722 4213 insuperabili-

2073 4231 2161 4282 ter
2191 4225 2600 4292 titillatum,ad
2631 4230 2857 4284 tactum
2889 4228 3077 4285 coitus
3104 4233 3279 4284 castro
3309 4231 3560 4299 quodam
3598 4247 3725 4302 per-

2077 4317 2260 4372 citum
2293 4315 2495 4371 fertur.

2145 4405 2201 4460 7.
2234 4404 2422 4468 Quare
2480 4421 2717 4461 necesse
2773 4409 2883 4473 est,
2925 4409 2990 4462 ut
3047 4423 3173 4478 qua:
3230 4409 3580 4464 concubitus
3633 4428 3728 4466 vo-

2079 4495 2335 4567 luptates
2383 4493 2713 4566 virginitate
2758 4494 2883 4550 vult
2940 4511 3238 4568 superare,
3296 4498 3481 4554 multo
3541 4500 3732 4572 magis

309 4588 576 4663 πρότερον
624 4587 724 4654 τῆς
805 4585 942 4638 κατὰ
997 4584 1099 4652 τήν
1128 4586 1336 4683 ..γεῦσιν
1393 4579 1747 4683 ﬁdei/ﬁcum:
1806 4581 1959 4637 ἐπαν-

2077 4582 2417 4654 voluptatis,
2451 4599 2583 4653 quae
2611 4599 2679 4638 ex
2708 4587 2884 4654 gustu
2938 4584 3278 4656 percipitur,
3314 4593 3378 4642 ut
3407 4604 3534 4659 quae
3567 4589 3733 4645 alteri

309 4676 550 4744 τλούσης
611 4674 788 4748 ἐκείνῃ
827 4675 941 4748 (82)
989 4673 1085 4734 τὰς
1127 4670 1285 4739 ὕλας,
1319 4671 1593 4747 ἄρχουσαν
1640 4668 1964 4735 δείκνυσθαι.

310 4766 411 4820 Ἐκ
471 4760 700 4837 λογικοῦ
752 4762 855 4837 γὰρ
912 4761 1003 4815 καὶ
1062 4759 1294 4836 ἀλόγου,
1335 4760 1472 4814 κατὰ
1524 4759 1588 4814 τὸ
1647 4760 1974 4829 Ἑλληνικὸν

311 4852 449 4926 πρὸς
510 4848 868 4928 φυσιολογίαν
923 4847 1176 4922 πλάσμα,
1235 4847 1416 4923 ὥσπερ
1482 4849 1603 4902 τινὰ
1683 4847 1972 4924 κένταυρον

314 5050 492 5128 γόνων
527 5069 758 5134 μοριων.
791 5049 1024 5134 Si_c_ope
1046 5049 1325 5134 quorum,
1353 5049 1622 5134 codicum
1656 5051 1970 5134 Regiorum

317 5119 679 5182 mutavimus
712 5123 868 5193 quod
900 5119 969 5193 in
993 5119 1248 5193 editione
1276 5119 1495 5176 Veneta
1552 5127 1627 5193 et,
1667 5119 1976 5193 nonnullis

318 5187 818 5278 mss:'legebat‘ur,
854 5192 922 5278 Ἐί
983 5191 1088 5278 γὰρ
1114 5191 1210 5278 Μᾶξν
1260 5211 1342 5278 τις
1376 5211 1520 5278 εἳιποι
1547 5192 1635 5245 καὶ
1667 5191 1860 5278 περὶ...
1887 5187 1976 5278 ,ἔτι

315 5267 404 5322 καὶ
439 5262 613 5341 λέγοῖ,
647 5262 1079 5336 ΕόίιὶοΡειΓῖες
1114 5263 1180 5318 Τί
1234 5263 1335 5339 γὰρ
1393 5262 1451 5317 ἅν
1506 5282 1587 5325 τις
1641 5262 1973 5338 καὶπερὶ...

318 5339 394 5390 ἔτι
421 5339 511 5390 καὶ
547 5337 723 5390 λέγοι.

318 5339 394 5395 ἔτι
421 5339 526 5392 καί
547 5339 723 5395 λέγοι.

391 5359 511 5485 (ἐξ)
537 5358 915 5485 ριιξξὲιιέυηρμε
943 5423 1011 5485 ei;
1056 5405 1278 5485 Regiis.
1302 5406 1626 5485 codicibus,
1661 5404 1886 5485 εἰσάγει,
1921 5411 1977 5460 et

313 5475 496 5558 paulo
527 5475 679 5554 post,
713 5480 786 5558 ῶν
832 5476 915 5532 ἂν
942 5478 1120 5558 Θέξοι,
1150 5475 1226 5558 et,
1261 5475 1612 5552 ἐγγενομένας
1663 5475 1972 5558 φαντασίας.

387 5556 500 5628 (78)
529 5549 684 5628 Πᾶσα
715 5549 984 5628 αἴσθησις..
1018 5549 1460 5628 Voluptas,'seu
1517 5549 1813 5623 perceptio
1873 5567 1977 5628 per

318 5622 552 5696 sensus,
569 5627 676 5682 hac
693 5641 833 5680 voce
856 5622 1201 5696 designatur
1227 5622 1336 5678 hoc
1367 5622 1599 5696 Jroco,ut
1631 5622 1704 5696 ex
1729 5640 1795 5679 eo
1817 5626 1976 5692 patet

319 5701 474 5772 quod
525 5695 788 5772 singulos
836 5695 1050 5752 sensus
1081 5695 1152 5752 ad
1194 5695 1463 5768 proprias
1494 5695 1818 5752 suavitates
1871 5710 1976 5766 per

633 5827 903 5894 Panos.
947 5823 1060 5888 Gs.
1106 5821 1296 5886 XXX.

2081 4672 2337 4728 fomenta
2385 4671 2739 4743 suppeditet,
2773 4671 2938 4744 prius
2984 4689 3046 4728 se
3096 4674 3390 4730 victricem
3441 4679 3730 4733 ostendat.

2083 4765 2162 4815 Ex
2194 4757 2466 4816 rationali
2516 4759 2673 4814 enim
2725 4764 2782 4815 et
2830 4761 3175 4833 irrationali,
3209 4765 3532 4820 secundum
3578 4770 3734 4820 Gras-

2085 4865 2289 4907 corum
2323 4849 2382 4903 in
2430 4847 2800 4922 physiologia
2849 4856 3274 4920 commentum,
3308 4851 3484 4909 veluti
3530 4871 3737 4925 quem-

2083 5053 2314 5120 tactumr
2345 5047 2647 5120 impellere
2685 5049 2924 5106 dicitur.

2159 5122 2273 5194 (79)
2498 5120 2592 5202 §ic
2651 5125 2770 5202 tres
2799 5123 3045 5202 ‘co_dices_
3093 5139 3235 5202 r_nss_.
3267 5122 3478 5202 _multo
3512 5124 3740 5202 _melius

2087 5191 2266 5274 quam
2297 5191 2746 5274 editio‘Veneta,
2786 5193 2920 5274 ἀφῇ,
2955 5200 3054 5249 aut
3097 5194 3467 5274 Parisiensis,
3501 5195 3666 5274 ἁφῆς.

2161 5214 2266 5247 ηοω
2297 5214 2476 5247 eumo
2516 5214 2746 5255 veneta,
2786 5214 2920 5321 agn,
2955 5214 3054 5249 aut
3097 5214 3467 5266 rartsnensns,
3501 5214 3666 5274 αφης.

2161 5266 2271 5338 (80)
2306 5263 2445 5338 Πρὸς
2478 5261 2619 5338 ᾇφήν
2682 5265 2800 5338 τήν.
2879 5274 2930 5321 tc
2987 5267 3251 5321 nonnulli
3311 5269 3542 5325 codices
3593 5287 3738 5328 mss.

2291 5333 2426 5411 προς
2453 5333 2553 5411 τὴν
2581 5333 2746 5411 ἁφήν.

2156 5409 2267 5479 (81)
2300 5405 2706 5484 Πολυμόρφώς.
2748 5406 2907 5463 Unus
2948 5424 3016 5464 ex
3047 5407 3244 5480 Regiis
3283 5411 3607 5486 codicibus,
3639 5431 3740 5469 πο-

2085 5475 2423 5532 λυμόοωους.

2125 5498 2423 5548 υμορφους.

2158 5499 2541 5621 (litavit);th
2591 5549 2830 5621 Legitur
2878 5549 2936 5605 in
2986 5551 3240 5609 editione
3299 5553 3520 5613 Veneta
3571 5562 3627 5612 et
3684 5560 3742 5613 in

2085 5623 2351 5694 quinque
2384 5638 2553 5695 mss._,
2589 5623 2938 5695 εκείνῃς.δο(1
2972 5624 3330 5695 ρνωῒετειτιόει
3360 5631 3591 5685 videtur
3612 5629 3748 5685 seria

2087 5691 2273 5765 ptura
2298 5691 2584 5752 editionis
2614 5693 2800 5752 Paris.
2835 5691 3012 5765 quam
3041 5698 3226 5753 secuti
3258 5701 3492 5757 sumus.

3337 5826 3417 5890 22
