4150 6404
433 390 554 455 683

1379 386 1772 451 APPENDIX
1815 383 2144 448 OPERUM
2187 382 2256 444 S.
2303 382 2588 445 BASILII
2635 379 2910 445 MAGNI.

438 528 572 583 dam
606 529 1169 594 centaurum,totum
1189 524 1481 580 hominem
1513 523 1757 579 Creator
1781 520 2066 592 efﬁngens

2208 516 2414 577 συνθεὶς
2447 517 2474 570 ὁ
2507 515 2855 590 Δημιουργὸς
2883 512 3015 570 ὅλον
3053 513 3148 569 τόν
3193 511 3504 589 ἄνθρωπον,
3533 519 3614 588 τῷ
3656 516 3890 592 ἀνθρω-

435 617 724 688 superiori
749 619 901 689 parti
922 617 1243 672 humanam
1269 616 1516 669 formam
1539 631 1573 668 a
1598 612 1786 683 capite
1809 626 1995 682 usque
2018 608 2087 662 ad

437 710 643 776 pectus
674 705 938 770 habenti,
965 705 1020 759 id
1042 705 1194 775 quod
1220 704 1290 758 ab
1323 701 1597 758 umbilico
1619 707 1675 758 et
1703 700 1924 756 lumbis
1957 713 2090 769 pro-

435 795 723 860 tenditur,
754 794 912 849 velut
941 793 1075 864 equi
1107 799 1408 858 naturam,
1442 799 1568 846 tum
1602 792 1672 846 ad
1722 789 1945 844 ventris
1990 803 2092 843 vo-

436 882 692 956 luptates
722 882 1052 938 belluarum
1086 882 1144 938 in
1181 898 1403 938 morem
1441 895 1827 953 propensum,
1859 884 1982 933 tum
2018 876 2087 931 ad

434 973 785 1028 concubitus
841 972 1118 1027 ell‘renate
1167 970 1440 1043 proclive,
1492 970 1740 1026 inferius
1797 967 2092 1023 collocans

435 1061 739 1133 adaptavit
771 1078 785 1116 :
819 1078 935 1116 non
977 1062 1130 1132 quod
1163 1061 1233 1116 ab
1265 1059 1590 1116 irrationali
1640 1062 1803 1130 parte
1835 1056 2093 1112 rationa-

433 1149 550 1205 lem
583 1150 771 1221 abripi
802 1149 1100 1219 vellet,sed
1135 1149 1524 1215 rationali,cui
1555 1149 1820 1218 subjecta
1835 1150 1926 1200 est
1956 1160 2094 1216 pars

430 1238 816 1310 irrationalis,
848 1239 1110 1295 habenas
1157 1239 1228 1294 ad
1261 1238 1623 1294 necessarios
1673 1241 1894 1292 natura
1945 1250 2093 1292 usus

433 1329 724 1402 regendos
755 1328 1192 1401 sapientissime
1236 1328 1633 1384 committens.
1668 1330 1910 1396 Propter
1938 1325 2092 1381 hanc

435 1417 621 1490 igitur
639 1417 837 1472 datam
863 1415 947 1471 illi
973 1418 1592 1489 potestatem,quando
1624 1432 1739 1472 non
1771 1415 1954 1481 ducit,
1988 1414 2089 1470 sed

435 1507 676 1562 ducitur
712 1507 868 1562 624
907 1507 979 1561 ab
1009 1505 1333 1562 irrationali
1372 1522 1508 1578 pars
1532 1503 1856 1568 rationalis,
1886 1520 2094 1575 expro-

435 1596 618 1650 brans
648 1596 863 1668 aurigae
896 1595 1219 1666 Scriptura,
1247 1599 1311 1650 ut
1341 1596 1410 1650 ad
1443 1593 1799 1650 irrationalis
1820 1593 2092 1665 volupta-

435 1687 556 1739 tem
591 1701 764 1755 prave
793 1702 823 1739 ο
853 1684 1140 1756 superiori
1189 1688 1352 1754 parte
1395 1684 1640 1755 dejecto,
1675 1683 1752 1738 ait
1787 1701 1799 1738 :
1834 1683 1975 1754 Equi
2004 1697 2094 1736 m-

434 1775 714 1828 sanicntes
744 1774 803 1827 in
832 1775 1072 1843 [eminus
1101 1771 1243 1844 facti
1270 1780 1417 1839 sunt,
1442 1774 1817 1844 unusquisque
1845 1773 1923 1827 ad
1951 1787 2092 1826 uxo-

2201 603 2477 679 πομόρφῳ
2531 605 2635 658 ἀπὸ
2693 603 2935 681 κεφαλῆς
2992 601 3095 665 ἕως
3131 603 3364 680 στέρνων
3429 605 3633 661 ἄνωθεν
3687 605 3886 680 μέρει,

2200 692 2263 746 τὸ
2295 693 2400 746 ἀπὸ
2449 693 2703 770 ὀμφαλοῦ
2755 694 2844 748 καὶ
2903 693 3127 770 ὀσφύος,
3154 693 3395 771 καθάπερ
3442 691 3620 750 ’ίππου
3679 695 3887 773 φύσιν,

2202 781 2338 854 πρός
2369 803 2428 837 τε
2456 783 2552 844 τὰς
2579 782 2812 856 γαστρὸς
2863 779 3065 851 ἡδονὰς
3121 782 3399 854 κτηνῶδες
3463 785 3745 862 ὑπάρχον,
3778 787 3887 840 καὶ

2203 871 2339 944 πρὸς
2371 872 2464 932 τὰς
2500 871 2669 943 μίξεις
2697 870 2912 946 ἀλόγως
2973 870 3321 944 κινούμενον,
3375 873 3616 929 κατώθεν
3679 874 3883 949 φέρων

2202 961 2611 1034 προσήρμοσεν·
2645 959 2751 1036 οὐχ
2783 960 2888 1015 ὑπὸ
2941 965 3038 1016 τοῦ
3086 959 3295 1036 ἀλόγου
3353 962 3558 1035 μέρους
3601 963 3666 1018 τὸ
3713 962 3888 1040 λογι-

2201 1049 2297 1102 κὸν
2330 1048 2709 1125 ἐξαρπάζεσθαι
2768 1048 3084 1123 βουληθεὶς,
3117 1046 3265 1105 ἀλλὰ
3313 1055 3394 1123 τῷ
3453 1051 3665 1127 λογικῷ
3732 1055 3887 1109 ὑπο-

2205 1133 2551 1213 ϐεϐλημένον
2584 1144 2696 1214 (ῡ3)
2727 1137 2910 1218 ἔχοντι
2940 1141 3005 1196 τὸ
3037 1139 3240 1217 ἄλογον
3291 1144 3479 1218 μέρος,
3510 1147 3890 1220 ἡνιοχεῖσθαι

2206 1230 2343 1302 πρὸς
2391 1230 2486 1292 τὰς
2534 1237 2632 1299 τῆς
2667 1229 2879 1308 φύσεως
2927 1229 3159 1306 ἀνάγκας
3211 1232 3502 1306 πανσόφως
3551 1232 3722 1311 ἐφείς.
3776 1238 3891 1290 Διά

2204 1316 2334 1393 γοῦν
2365 1319 2566 1389 ταύτην
2616 1321 2714 1387 τὴν
2763 1316 3058 1392 δεδομένην
3105 1319 3252 1392 αύτῷ
3305 1318 3571 1391 ἐξουσίαν,
3604 1324 3736 1378 ὅταν
3795 1327 3884 1398 μὴ

2204 1403 2331 1483 ἄγῃ,
2364 1407 2492 1463 ἀλλ’
2517 1406 2710 1484 ὄέγηται
2757 1409 2861 1464 ὑπὸ
2885 1413 2983 1464 τοῦ
3013 1405 3219 1486 ἀλόγου
3257 1410 3320 1464 τὸ
3367 1407 3620 1485 λογικὸν,
3654 1411 3874 1469 ἐπονει-

2205 1493 2369 1564 δίζων
2397 1501 2476 1568 τῷ
2504 1497 2724 1573 ἡνιόχῳ
2746 1498 2773 1552 ὁ
2805 1496 2998 1573 λόγος,
3031 1497 3106 1561 ὡς
3138 1496 3198 1552 ἂν
3225 1498 3363 1573 πρὸς
3390 1500 3490 1568 τὴν
3521 1503 3621 1555 τοῦ
3652 1501 3871 1578 ἀλόγου

2203 1582 2413 1654 ἠδονῆν
2471 1591 2652 1648 κακῶς
2709 1585 2908 1642 ἄνωθεν
2966 1585 3249 1642 κενωοὲντι
3307 1590 3422 1658 (84)
3480 1589 3642 1667 φησίν
3673 1593 3876 1648 ’Ἰπποι

2205 1673 2542 1747 θηλυμανεῖς
2606 1675 2961 1750 ἐγενήθησαν,
3019 1673 3243 1738 ἕκαστος
3327 1675 3413 1731 ἐπὶ
3494 1680 3595 1747 τήν
3673 1688 3876 1755 γυναῖ-

2204 1783 2272 1817 κα
2328 1769 2425 1817 τοῦ
2483 1763 2722 1834 πλησίον
2782 1763 2946 1820 αὐτοῦ
3003 1764 3324 1840 ἐχρεμέτιζε
3357 1769 3489 1841 (85).
3524 1769 3623 1822 Καὶ
3687 1769 3876 1827 ἀλλα-

435 1879 558 1918 rem
580 1864 835 1933 proximi
861 1863 952 1917 sui
981 1863 1273 1917 hinniebat
1290 1863 1431 1916 “.Et
1455 1861 1592 1917 alibi
1618 1878 1720 1932 per
1741 1860 2066 1916 umbilicum

2202 1855 2311 1926 χοῦ
2341 1851 2434 1906 ἀπ’
2467 1851 2724 1930 ὀμφαλοῦ
2749 1854 2840 1908 καὶ
2876 1854 3075 1932 ὀσφύος
3103 1855 3167 1909 τὸ
3211 1854 3419 1930 ἄλογον
3449 1857 3590 1912 κατᾶ
3618 1865 3719 1928 τῆς
3772 1863 3878 1933 ψυ-

434 1955 493 2006 et
517 1951 750 2007 lumbos
771 1951 1128 2006 irrationalis
1151 1951 1334 2023 partis
1358 1952 1416 2005 in
1435 1951 1695 2005 animam
1722 1951 2066 2005 dominatun

2205 1951 2316 2018 χῆς
2375 1942 2714 2000 δυναστεύειν
2778 1940 3248 2020 ὑπαινισσόμενος·
3285 1947 3424 2006 Ἰδοὺ
3481 1953 3597 2023 (86)
3637 1954 3674 2021 ἡ
3707 1951 3880 2029 ἰσχὺς

436 2041 823 2096 subindicans
857 2057 870 2095 :
907 2041 1034 2096 Ecce
1065 2041 1233 2096 robur
1277 2043 1420 2111 ejus,
1452 2039 1668 2111 inquit,
1700 2041 1757 2094 in
1791 2039 2008 2105 lumbis,
2041 2054 2066 2094 ε

2203 2033 2392 2102 αὐτοῦ,
2454 2035 2641 2112 φησὶν,
2698 2035 2781 2090 ἐπ’
2834 2036 3018 2113 ὀσφύϊ,
3071 2039 3106 2106 ἡ
3169 2034 3225 2091 δὲ
3273 2035 3504 2111 δύναμις
3554 2039 3726 2096 αὐτοῦ
3788 2043 3878 2098 ἐπ’

431 2137 683 2202 potestas
731 2129 852 2200 ejus
907 2131 966 2183 in
1021 2129 1285 2184 umbilico
1330 2130 1537 2184 ventris
1564 2129 1628 2182 ⁵⁷.
1664 2129 2066 2201 Ρὶοευοεοειιιι

2204 2123 2464 2201 ὀμφαλοῦ
2490 2126 2745 2200 γαστρός.
2780 2127 3149 2199 Πιαινομένης
3186 2129 3289 2204 γὰρ
3345 2128 3552 2200 ταύτης
3605 2131 3713 2186 ὑπὸ
3768 2139 3879 2203 τῆς

435 2219 596 2275 enim
615 2235 683 2274 ex
703 2223 877 2290 gustu
899 2223 1118 2288 ventre,
1151 2234 1388 2274 necesse
1407 2223 1517 2287 est,
1551 2223 1615 2272 ut
1648 2218 1929 2288 subjectae
1957 2233 2064 2274 ven

2199 2213 2458 2287 γεύσεως,
2493 2214 2700 2290 ἀνάγκη
2732 2215 2798 2270 τὰ
2830 2216 2918 2270 ὁπ’
2951 2215 3116 2285 αὐτὴν
3153 2216 3319 2291 μόρια
3353 2219 3458 2273 ὑπὸ
3505 2223 3607 2274 τοῦ
3666 2220 3878 2296 πλημ-

433 2307 508 2363 tri
544 2317 762 2379 partes,
795 2307 868 2362 ab
917 2307 1252 2363 exundante
1299 2307 1563 2373 humore,
1597 2306 1699 2378 qui
1747 2306 1806 2360 in
1857 2305 2066 2360 intimi:

2204 2307 2507 2376 μυροῦντος
2541 2305 2704 2378 ὑγροῦ
2739 2305 3112 2379 βρασσομὲνου
3144 2304 3195 2360 ἐν
3232 2305 3404 2380 βάθει,
3436 2309 3578 2384 πρὸς
3623 2310 3721 2373 τὰς
3775 2333 3876 2388 φυ-

426 2396 770 2467 effervescit,
827 2397 894 2450 ad
950 2395 1246 2452 naturales
1294 2395 1662 2468 operationes
1716 2400 2064 2449 moveantur

2199 2390 2355 2454 otxa‘tc
2384 2391 2654 2467 ἐνεργείας
2682 2398 2972 2457 κινεῖσθαι.
3012 2399 3248 2470 Χορηγεῖ
3286 2396 3380 2468 μὶν
3417 2397 3521 2472 γὰρ
3579 2401 3615 2468 ἡ
3651 2403 3870 2476 γαστὴρ

421 2486 771 2558 Suppeditat
801 2486 957 2540 enim
978 2490 1180 2540 venter
1203 2485 1294 2539 bis
1321 2485 1638 2540 imminens
1659 2483 1972 2554 ea,quidus
1994 2482 2066 2537 ha

2197 2478 2515 2553 ἐπικειμένη
2547 2481 2762 2544 τούτοις
2795 2482 2930 2556 πρὸς
2960 2483 3053 2537 τὸν
3109 2484 3321 2560 οἶστρον
3375 2487 3442 2540 τὰ
3499 2487 3869 2548 ὑπεκκαίοντα

419 2575 793 2646 operationes
823 2573 980 2628 velut
1028 2580 1203 2629 metro
1234 2573 1554 2629 incitantur
1587 2589 1598 2626 :
1636 2573 1775 2645 gula
1819 2578 2019 2627 autem
2051 2588 2066 2627 ι

2188 2569 2391 2632 ταύτας
2422 2575 2554 2644 (87)’
2590 2572 2886 2636 κατάποσις
2917 2575 3030 2644 (88)
3089 2571 3147 2628 δὲ
3199 2574 3402 2638 ἄνωθεν
3461 2577 3705 2652 πηγάζει
3763 2582 3864 2644 τὰς

413 2663 707 2736 superiori
739 2669 903 2735 parte
953 2663 1229 2718 materias
1260 2662 1418 2717 velut
1447 2678 1516 2716 ex
1566 2663 1722 2716 fonte
1753 2662 2066 2733 profundit.

2192 2659 2350 2721 ὕλας.
2387 2661 2618 2735 Πρώτης
2649 2659 2741 2714 οὖν
2771 2668 2872 2730 τῆς
2903 2661 3136 2735 γεύσεως
3166 2665 3200 2732 ἡ
3248 2663 3518 2738 παρθένος
3569 2671 3856 2744 κρατήσει,

407 2753 665 2810 Gustum
698 2752 876 2822 igitur
905 2752 1062 2821 virgo
1098 2751 1291 2806 vincat
1323 2755 1459 2806 ante
1503 2750 1724 2820 omnia,
1759 2752 1948 2806 fontes
1977 2769 2066 2807 vo-

2188 2750 2288 2811 τὰς
2340 2751 2521 2825 πηγὰς
2561 2754 2669 2804 τῶν
2723 2751 2954 2824 γαστρὸς
3013 2748 3251 2824 ἡδονῶν,
3291 2753 3382 2807 καὶ
3439 2759 3548 2810 τῶν
3611 2757 3852 2823 ἐντεῦθεν

400 2842 704 2915 luptatum
728 2857 792 2896 ac
816 2841 953 2896 inde
975 2841 1043 2895 ad
1072 2840 1587 2912 intemperantiam
1611 2839 1922 2896 fluentium
1947 2841 2077 2896 irri-

399 2935 831 2998 tamentorum,
862 2947 892 2986 e
924 2929 1213 3002 superiori
1270 2934 1434 3000 parte
1485 2929 1782 3001 sapienter
1811 2944 2021 3000 regens
2056 2951 2070 2998 ;

398 3037 475 3077 ne
505 3021 649 3076 dum
698 3019 1100 3091 virginitatem
1137 3019 1462 3090 profitetur,
1499 3034 1564 3073 ac
1615 3022 1814 3088 postea
1866 3021 2068 3090 gustui

396 3125 532 3168 sese
563 3109 950 3164 immoderate
999 3107 1324 3180 prostituit,
1353 3107 1722 3178 imprudens
1771 3106 1886 3162 alia
1935 3123 2068 3179 per-

393 3197 635 3256 fruendi
665 3197 965 3269 voluptate
997 3197 1389 3268 virginitatem
1427 3196 1604 3252 stulte
1626 3197 2064 3252 divendat.Vir-

2188 2839 2326 2914 πρὸς
2354 2836 2646 2893 ἀκολασίαν
2682 2837 2918 2914 ῥεουσῶν
2969 2839 3232 2917 ἀφορμῶν
3289 2843 3492 2907 ἄνωθεν
3549 2847 3854 2923 σωφρόνως

2185 2930 2534 3002 ἡνιοχοῦσα’
2590 2925 2683 2982 τίνα
2755 2929 2830 3000 μὴ
2910 2929 3254 3004 παρθενεύειν
3329 2931 3700 3005 προελομένη,
3764 2935 3842 2989 εί-

2181 3037 2249 3072 τα
2305 3017 2443 3090 πρὸς
2495 3018 2596 3084 τήν
2676 3021 2858 3090 γεῦσιν
2923 3015 3160 3094 ἀφειδῶς
3217 3017 3637 3093 ἐκπορνεύουσα,
3694 3020 3840 3096 λάθῃ

2180 3107 2301 3170 καθ’
2375 3106 2558 3176 ὲτὲραν
2629 3104 2986 3169 ἀπολαύσεως
3074 3105 3278 3177 ἡδονὴν
3360 3109 3460 3178 τὴν
3537 3111 3838 3183 παρθενίαν

2179 3193 2403 3270 ἀλόγως
2457 3193 2876 3267 ἀπεμπολοῦσα.
2928 3197 3195 3270 Παρθένον
3255 3197 3357 3273 γὰρ
3415 3197 3507 3252 καὶ
3551 3200 3652 3266 τὴν
3711 3203 3845 3274 γεῦ-

391 3290 596 3362 ginem
632 3263 898 3341 enim-et
929 3263 1172 3357 gustum
1223 3302 1352 3342 esse
1396 3289 1624 3356 oportet
1667 3285 1950 3358 virginis;
1981 3287 2064 3344 ita

2188 3307 2260 3341 rw
2302 3263 2451 3338 ἐἶναι
2511 3263 2592 3340 δεῖ
2645 3292 2745 3354 τῆς
2821 3263 3129 3361 παρθένου,
3201 3263 3339 3341 δάι’
3387 3263 3667 3360 μηδεμιιῑς
3727 3263 3844 3343 ’τοῦ

390 3382 461 3433 ut
493 3375 658 3430 nulla
688 3391 881 3430 rerum
901 3374 1099 3447 gulam
1125 3374 1545 3430 oblectantium
1571 3374 1845 3430 illecebra
1869 3376 1939 3430 ad
1963 3391 2058 3432 vo-

388 3467 680 3538 luptatem
711 3470 1144 3535 corrumpatur,
1175 3465 1274 3520 sed
1309 3465 1708 3536 incorruptam
1761 3480 1822 3519 se
1855 3465 1914 3518 in
1947 3463 2058 3522 hoc

388 3569 633 3630 quoque
664 3562 832 3609 caute
863 3553 1398 3625 custodiat,oorpus
1428 3557 1720 3621 autem,ut
1740 3554 1949 3608 animis
1982 3558 2055 3612 ad

386 3645 590 3703 ofﬁcia
621 3642 1000 3714 adimplenda
1032 3643 1350 3712 ministret,
1387 3643 1708 3713 prudenter
1735 3647 1918 3714 regat.

449 3735 507 3788 8.
542 3737 667 3788 Non
696 3731 852 3788 enim
881 3736 1130 3802 oportet,
1168 3737 1231 3786 ut
1268 3733 1407 3787 dum
1439 3736 1621 3798 cavet,
1656 3745 1728 3785 ne
1775 3747 2058 3790 succum-

384 3824 488 3880 bat
519 3825 733 3894 gustus
763 3821 1072 3892 voluptati,
1105 3826 1162 3876 et
1199 3819 1588 3876 scaturientes
1618 3836 1686 3876 ex
1726 3826 1927 3875 ventre
1956 3837 2056 3878 vo-

387 3913 650 3984 luptates
680 3909 1034 3981 constringit
1065 3915 1121 3964 at
1171 3913 1460 3981 attenuat,
1494 3925 1705 3965 rursus
1733 3908 1794 3963 in
1826 3914 2057 3967 contra-

384 4001 538 4056 riam
573 4005 800 4071 partem
825 3999 1092 4070 corporis
1123 4015 1298 4054 usum
1333 4003 1657 4055 convertat.
1678 3997 1754 4052 Ne
1783 4001 1932 4054 enim
1962 4001 2056 4058 de-

384 4088 593 4158 clines,
647 4087 862 4160 inquit,
896 4087 968 4142 ad
1016 4086 1303 4143 dexteram
1359 4096 1462 4143 aut
1520 4087 1596 4142 ad
1643 4088 1932 4143 sinistram
1988 4091 2054 4148 ⁸⁸.

389 4177 901 4243 Quemadmodum
927 4176 1084 4232 enim
1109 4176 1358 4232 liberum
1385 4179 1456 4232 ad
1481 4190 1686 4232 omnes
1719 4192 1962 4247 prorsus
1980 4183 2055 4236 ci-

381 4269 489 4325 bos
529 4267 799 4322 emittere
840 4269 1104 4338 gustum,
1137 4281 1268 4321 vere
1291 4268 1364 4322 ob
1386 4283 1454 4322 ea
1476 4282 1603 4337 qua:
1641 4266 1900 4323 diximus
1930 4286 2058 4341 per.

387 4357 687 4413 niciosum
720 4360 849 4423 est;
882 4354 968 4410 sio
996 4369 1130 4409 eum
1163 4355 1490 4422 obstruere,
1519 4355 1601 4410 ita
1631 4359 1696 4410 ut
1738 4371 1951 4429 corpus
1981 4364 2054 4420 ob

384 4444 750 4500 debilitatem
785 4441 997 4498 inutile
1030 4443 1150 4509 fiat,
1184 4445 1425 4498 omnino
1459 4460 1492 4499 a
1522 4445 1750 4498 ratione
1791 4446 2052 4507 alienum

381 4537 491 4589 est.
531 4533 804 4588 Extremo
836 4532 996 4587 enim
1031 4547 1182 4598 vere,
1216 4538 1281 4587 ut
1313 4534 1395 4587 ait
1421 4533 1658 4604 sapiens
1690 4533 1956 4604 quidam,
1991 4539 2051 4596 iu

2167 3372 2402 3444 ἥδοντος
2432 3380 2532 3442 την
2565 3373 2860 3429 κατάποσιν
2893 3373 3183 3435 κολακείας
3214 3375 3353 3447 πρὸς
3413 3373 3623 3446 ἡδονὴν
3689 3381 3847 3454 φθει-

2169 3462 2433 3538 ρομένην,
2465 3461 2592 3518 ἀλλ’
2622 3463 2859 3539 ἄφθορον
2896 3463 2993 3536 μὶν
3023 3462 3116 3516 κάν
3160 3462 3344 3534 τούτῳ
3394 3465 3594 3533 tuum-1):
3645 3467 3843 3543 φρονί-

2172 3573 2290 3626 μως
2341 3549 2736 3628 φυλάττουσαν,
2787 3553 2922 3629 πρὸς
2981 3549 3038 3605 δέ
3089 3550 3186 3617 τὴν
3236 3556 3338 3619 τῆς
3390 3554 3582 3627 ψυχῆς
3629 3554 3709 3618 είς
3765 3556 3842 3610 τὰ

2167 3637 2543 3697 ἐπιϐάλλοντα
2565 3641 2878 3716 ὑπηρεσίαν.
2895 3641 2956 3695 τὸ
2978 3642 3134 3711 σῶμα
3158 3635 3451 3713 ἐμφρόνως
3467 3643 3838 3718 ἡνιοχοῦσαν.

2239 3732 2295 3785 8.
2329 3726 2466 3782 Ούδέ
2519 3729 2620 3804 γὰρ
2675 3727 2758 3784 δεῖ
2805 3728 3217 3805 φυλαττομένην
3251 3728 3548 3786 ὑποπεσεῖν
3606 3737 3677 3807 τῇ
3732 3741 3841 3803 τῆς

2165 3819 2400 3897 γεύσεως
2431 3815 2629 3892 ἡδονῇ,
2661 3818 2751 3874 καὶ
2779 3818 2877 3881 τὰς
2908 3814 3254 3893 πηγαζούσας
3289 3816 3351 3873 ἐκ
3406 3821 3642 3896 γαστρὸς
3693 3820 3838 3892 ἡδο-

2164 3909 2262 3969 νὰς
2297 3905 2387 3962 διὰ
2413 3913 2513 3976 τῆς
2542 3908 2678 3982 πρὸς
2714 3909 2783 3963 τὰ
2839 3912 2963 3962 σῖτα
3015 3903 3332 3980 ἐγκρατείας
3385 3906 3840 3966 ἀναστέλλουσάν

2164 4019 2224 4055 τε
2253 3998 2344 4052 καὶ
2400 3997 2800 4071 ἰσχναίνουσαν,
2833 3995 2908 4059 εἷς
2960 3996 3022 4050 τὸ
3071 3993 3311 4050 ἐναντίον
3370 3995 3523 4062 αὖθις
3582 4002 3844 4076 περιτρέ-

2165 4109 2287 4144 πειν
2317 4088 2429 4159 (89)
2459 4086 2558 4152 τήν
2589 4090 2686 4140 τοῦ
2714 4085 2968 4158 σώματος
3025 4083 3238 4159 χρείαν.
3270 4087 3365 4154 Μὴ
3423 4086 3681 4164 ἐκκλίνῃς
3711 4091 3842 4164 (90)

2165 4179 2294 4254 γὰρ,
2356 4176 2544 4249 φησὶν,
2607 4174 2684 4237 είς
2741 4174 2807 4230 τὰ
2862 4172 3009 4244 δεξιὰ
3063 4172 3100 4242 ἢ
3155 4173 3231 4237 είς
3287 4175 3359 4230 τὰ
3408 4175 3682 4253 ἀριστερά.
3737 4181 3840 4244 Ὠς

2164 4267 2270 4342 γὰρ
2327 4263 2391 4319 τὸ
2439 4261 2622 4318 ἄνετον
2653 4265 2791 4318 κατὰ
2817 4263 3032 4318 πάντων
3061 4260 3253 4328 ἁπλῶς
3309 4261 3621 4340 ἐδεσμάτων
3672 4268 3838 4346 ἀφιέ-

2164 4376 2253 4410 ναι
2287 4355 2400 4425 (91)
2451 4354 2549 4422 τὴν
2582 4357 2760 4428 γεῦσιν
2791 4351 2880 4407 διὰ
2920 4352 2988 4406 τὰ
3031 4354 3409 4428 προειρημένα
3465 4355 3540 4416 ὡς
3596 4353 3838 4426 ἀληθῶς

2166 4441 2416 4522 χαλεπόν
2449 4459 2462 4472 ·
2515 4441 2657 4496 οὕτω
2703 4441 2766 4496 τὸ
2825 4439 3148 4497 ἀποκλεῖσαι
3208 4441 3412 4513 ταύτην
3475 4443 3552 4506 εἷς
3606 4446 3708 4514 τὴν
3773 4447 3836 4518 ἐξ

2167 4530 2437 4596 ἀσθενείας
2485 4535 2582 4585 τοῦ
2640 4533 2894 4606 σώματος
2941 4529 3243 4606 ἀχρηστίαν
3293 4531 3629 4588 παντάπασιν
3681 4533 3838 4590 ἀλο-

381 4622 491 4679 hoc
523 4637 761 4693 quoque
783 4619 1032 4693 (squalia
1063 4623 1223 4678 sunt.
1250 4621 1760 4687 Quemadmodum
1783 4621 1940 4679 enim
1971 4629 2044 4685 ob

2193 4625 2432 4680 ώτατον.
2476 4621 2542 4676 A't
2596 4620 2891 4692 ἀκοότητες
2940 4619 3041 4694 γὰρ
3073 4615 3248 4682 ὅντως
3280 4623 3416 4693 (92),
3451 4621 3528 4687 ὡς
3578 4617 3679 4700 ἔφη
3737 4646 3836 4689 τις

455 4740 498 4776 ⁵⁸
529 4739 745 4796 Jerem.
777 4755 834 4806 v,
866 4738 920 4793 8.
1000 4737 1042 4771 ⁵⁷
1072 4737 1204 4794 Job.
1237 4757 1326 4808 χι,
1361 4740 1448 4795 11.
1527 4739 1570 4773 ⁵⁸
1601 4739 1766 4796 Deut.
1805 4757 1860 4810 ν,
1891 4743 1980 4802 32.

457 4856 572 4929 (83)
593 4847 1228 4929 ἰ’ποϐεϐλημένονεείο
1250 4872 1399 4929 mss.
1427 4857 1690 4926 quinque
1739 4872 1874 4912 cum
1924 4863 2046 4919 edi.

384 4920 1060 5004 tio'ne'VenetaLParisq
1085 4920 1326 5004 ῥποϐεβη
1342 4920 1521 5004 μένον.
1539 4920 1662 4984 Non
1696 4929 1883 4985 multo
1908 4943 2041 5004 post

386 5016 650 5075 unusegr
675 4998 896 5075 Regiis,
927 4996 1219 5075 πανσόφως
1247 4996 1418 5075 ἀφείς.

460 5072 575 5197 (84)
609 5067 932 5126 Κενωῦἑντι.
983 5067 1135 5126 Satis
1203 5067 1511 5153 commode
1578 5070 1758 5153 editio
1811 5076 2039 5156 .Parls.,

460 5152 546 5197 me
577 5162 681 5197 ντι.
710 5159 895 5197 neque
927 5141 1076 5197 hanc
1103 5149 1456 5197 scripturam
1490 5159 1652 5197 sequ:
1687 5143 2034 5197 dubitarem,

383 5141 681 5224 κξνηθιντι,
710 5159 895 5214 neque
927 5141 1076 5224 hanc
1103 5143 1456 5214 scripturam
1490 5143 1652 5213 sequi
1672 5141 2040 5224 dubitarem;

386 5214 436 5270 si
471 5229 611 5287 non_
631 5213 1027 5287 repugnarent
1075 5213 1455 5269 mssJomnes
1485 5232 1618 5270 cum
1672 5213 1890 5272 Veneta
1919 5213 2040 5279 edi:

384 5287 564 5340 tione.
581 5284 863 5358 Praeterea
897 5292 1146 5358 utraque
1176 5288 1471 5358 scriptura
1501 5289 1705 5342 eodem
1727 5288 2039 5358 redit.Non

385 5357 679 5430 assentior
701 5356 1064 5430 (Combelisio’
1089 5357 1173 5412 ita
1206 5356 1472 5414 reddenti
1505 5376 1518 5413 ε
1548 5372 1719 5430 prave
1748 5356 1888 5415 olim
1917 5379 2039 5424 eva.

380 5430 585 5493 cuorit,
618 5427 901 5497 dejeccrit.

456 5497 571 5639 (85)
602 5497 973 5571 Ἐχρεμέτιζε.
1010 5499 1215 5554 Plures
1261 5499 1511 5568 codices,
1547 5497 1926 5571 ἐχρεμέτιζον.

456 5567 548 5639 (86
602 5564 763 5624 Ἰδού.
796 5572 1037 5626 Codices
1068 5572 1358 5638 nonnulli,
1381 5567 1497 5624 ἰδοὺ
1530 5567 1618 5638 δή.
1639 5570 1846 5627 Statim
1882 5592 1926 5631 ul

456 5564 571 5640 (86)
602 5564 1037 5640 ’lBBt’JCodices
1068 5572 1358 5638 nonnulli,
1381 5564 1506 5624 ἱδοῦ
1530 5564 1846 5638 δῆῗὸιοιίιῄ
1882 5592 2036 5638 unus

380 5639 706 5716 exﬁggiis,
737 5641 900 5716 ὀσφύϊ
928 5640 1111 5716 αὐτού.

457 5709 828 5784 (87)“Ταύταςζ
850 5713 1126 5770 Nonnulli
1159 5713 1412 5780 codices,
1435 5709 1660 5780 ταύτην.

2233 4857 2349 4932 (88)
2377 4855 2712 4932 Κατάποσις.
2745 4859 2912 4910 Unus
2951 4869 3020 4909 ex
3070 4855 3290 4929 Regiis,
3321 4856 3357 4924 ἠ
3410 4851 3468 4909 δὶ
3519 4858 3834 4924 κατάποσις

2154 4928 2259 5002 τῆς
2294 4928 2531 5002 γεύσεως
2548 4969 2558 4984 .

2227 4997 2346 5074 (89)
2376 4997 2744 5074 ῌεριτρέπειν.
2781 5002 2947 5054 Unus
2994 5013 3064 5054 ex
3093 4999 3290 5072 Regiis
3348 5005 3485 5057 ante
3533 5000 3685 5058 hanc
3721 5020 3829 5061 vo-

2152 5068 2282 5134 cem
2312 5068 2512 5139 habet,
2543 5068 2741 5131 νόσοις.

2230 5146 2346 5218 (90)
2377 5139 2711 5218 Έκκλίνῃς.-
2745 5143 2848 5218 Sic
2899 5146 3020 5198 tres
3095 5142 3326 5198 codices
3393 5159 3538 5201 mss.
3600 5145 3831 5205 melius

2155 5211 2338 5293 quam
2371 5215 2432 5293 in
2463 5211 2982 5293 editis,_§xx)livstc_.

2228 5288 2340 5363 (91)
2369 5287 2637 5363 [Δφιὲναι.
2667 5284 2828 5363 U_nu_s
2858 5287 3059 5363 codex,
3087 5283 3322 5363 ἀφεῖναι.

2226 5352 2339 5431 (92)
2369 5352 2756 5422 ’ΌηὶτωφΜοΙο
2784 5358 2844 5412 in
2877 5352 3430 5431 utraque:edlti_o_ne,
3455 5352 3651 5431 οὕτως,
3675 5377 3827 5418 con-

2151 5427 2246 5488 tra
2276 5427 2534 5488 veterum
2569 5432 2854 5487 librorum
2879 5428 3075 5500 ﬁdem.
3092 5427 3226 5484 Mox
3240 5427 3419 5484 editio
3440 5430 3652 5500 Paris.,
3675 5434 3827 5489 κατὰ

2148 5501 2313 5557 τοῦτό
2346 5501 2622 5559 eicw.Sed
2655 5503 2818 5574 deest
2836 5499 3081 5554 verbum
3100 5500 3537 5574 substantivum
3562 5502 3620 5557 in
3638 5499 3826 5574 quin-

2150 5592 2269 5647 que
2300 5578 2518 5634 nostris
2540 5573 2866 5638 codicibus,
2882 5587 3134 5644 quorum
3153 5573 3270 5630 duo
3293 5571 3606 5645 habebant,
3622 5571 3821 5632 ἀνισό-

2148 5664 2333 5716 τητες.
