4150 6368
316 349 433 413 685

1542 345 1769 410 LIBER
1813 346 1916 406 DE
1961 339 2497 406 VIRGINITATE.

3614 342 3734 405 686

315 489 421 539 τῶν
476 487 681 561 σοφῶν,
739 484 829 538 καὶ
878 483 1014 538 κατὰ
1041 486 1202 538 τοῦτο
1247 482 1517 552 ἰσότητες.
1576 483 1664 544 Ὠς
1722 481 1826 555 γὰρ
1879 477 1967 534 διὰ

2084 479 2310 551 cepiam
2343 479 2607 534 ciborum
2650 477 3026 535 recalcitrans
3057 495 3245 550 equus
3276 480 3496 542 noster,
3527 476 3738 533 vitiose

316 572 530 642 πλῆθος
559 577 772 650 τροφῶν
807 574 922 643 (93)
953 573 1292 644 ἀποσκιρτῶν
1359 575 1519 645 ἡμῶν
1548 572 1575 626 ὁ
1599 569 1791 637 ἵππος,
1819 571 1966 646 φερει

317 665 498 722 κακῶς
553 660 661 732 ὅπη
722 660 977 734 βούλεται
1007 661 1096 716 τὸν
1129 661 1373 737 ἡνίοχον·
1408 659 1550 716 οὕτω
1582 658 1650 714 δι’
1695 653 1967 733 ὑπερϐάλ-

318 745 514 804 λουσαν
550 747 752 804 ἔνδειαν
787 751 919 824 πρὸς
953 751 1050 818 τὴν
1085 750 1448 825 προκειμένην
1481 757 1580 818 τῆς
1618 750 1812 822 ἀρετῆς
1846 744 1968 801 ὁδὸν

317 835 624 910 ἆμποδίζει.
659 838 757 893 Καὶ
789 837 969 913 ὥσπερ
1031 837 1092 893 οὐ
1138 836 1220 893 δεῖ
1270 844 1387 901 ταῖς
1445 836 1682 898 πολλαῖς
1738 841 1968 911 τροφαῖς

314 932 508 983 τοῦτον
540 927 840 999 πιαίνοντα,
889 932 1007 989 ταῖς
1053 932 1161 982 τῶν
1217 927 1599 1002 σκιρτημάτων
1642 927 1808 980 αὐτοῦ
1842 926 1967 978 ἀτα-

319 1015 454 1086 ξίαις
487 1018 808 1070 κακοπαθεῖν
835 1016 927 1070 τὸν
957 1016 1208 1092 ἡνίοχον,
1269 1017 1358 1071 καὶ
1391 1020 1710 1090 άπανταχου
1743 1013 1968 1089 περιφέ-

321 1116 500 1180 ρεσθαι
550 1106 682 1176 πρὸς
733 1106 830 1173 τὴν
883 1104 1099 1174 ζέουσάν
1139 1127 1198 1160 τε
1246 1105 1332 1160 καὶ
1395 1102 1743 1177 δύσκαμπτον
1805 1101 1970 1156 αὐτοῦ

321 1192 542 1266 δύναμιν
572 1192 852 1258 παντελῶς
884 1194 984 1250 οὐκ
1013 1195 1326 1270 ἀντέχοντα·
1392 1194 1566 1256 οὕτως
1601 1191 1728 1249 οὐδὲ
1756 1193 1856 1260 τήν
1887 1191 1968 1246 ἐπ’

319 1283 512 1357 ἀρετὴν
561 1279 683 1336 ὁδὸν
741 1281 834 1336 σὺν
887 1283 1068 1354 τούτῳ
1125 1282 1340 1338 ὁδεῦσαι
1398 1283 1755 1358 προθέμενον,
1806 1280 1968 1349 ὑπερ-

317 1364 602 1445 ϐαλλούσῃ
664 1368 833 1442 ὶνδείᾳ
891 1372 1026 1444 πρὸς
1057 1373 1120 1426 τὸ
1151 1372 1375 1447 ἀχρεῖον
1411 1373 1600 1438 αὐτοῦ,
1653 1371 1820 1448 φημὶ,
1870 1371 1969 1436 τὴν

317 1455 545 1532 δύναμιν
574 1454 901 1516 καταϐαλεῖν
935 1463 1068 1532 (94)⁶
1098 1451 1187 1515 έίνα
1221 1463 1297 1534 μὴ
1353 1461 1759 1533 ἐξασθενήσαντι
1788 1457 1967 1530 τούτῳ

314 1545 788 1623 προσδεδεμένος,
839 1550 1104 1620 ἀνήνυτον
1161 1549 1293 1624 ὑπὶρ
1352 1548 1516 1603 αὐτοῦ
1575 1546 1818 1620 ὑπομένῃ
1873 1546 1965 1600 τὸν

312 1637 502 1691 πόνον’
541 1640 669 1710 μήτ’
719 1637 921 1713 ἐγεῖραι
981 1634 1059 1694 ἔτι
1108 1637 1486 1693 καταπεσόντα
1517 1637 1652 1712 πρὸς
1708 1638 1798 1690 τὸν
1848 1633 1970 1711 δρό-

319 1747 419 1799 μον
449 1725 766 1800 δυνάμενος,
827 1729 955 1800 μήτ’
985 1729 1198 1800 ἀφεῖναι
1234 1729 1336 1782 ὑπὸ
1365 1734 1463 1796 τῆς
1505 1727 1640 1793 πρὸς
1674 1727 1832 1780 αὐτὸν
1867 1747 1965 1802 φυ-

314 1822 470 1885 σικῆς
525 1816 762 1892 σχέσεως
825 1816 1304 1893 συγχωρούμενοςο
1352 1815 1479 1871 ἀλλ’
1505 1815 1586 1870 ἀεὶ
1651 1815 1743 1888 μὲν
1787 1813 1966 1885 τούτῳ

314 1901 403 1959 διὰ
431 1909 530 1974 τὴν
559 1907 843 1960 κοινωνίαν
904 1907 1194 1964 συσαὲνειν.
1227 1906 1318 1960 καὶ
1348 1905 1471 1980 περὶ
1501 1907 1601 1974 τὴν
1652 1902 1965 1976 ἐπιμὲλειαν

309 1997 408 2058 τῆς
467 1994 650 2068 ὑγείας
704 1995 867 2050 αὐτοῦ
923 1999 1205 2058 πονεῖσθαι
1263 1994 1718 2068 ἀναγκαζόμενος·
1778 1997 1857 2063 τῷ
1911 1990 1967 2046 δὲ

315 2084 390 2154 μὴ
425 2080 570 2158 ἔχειν
606 2083 858 2157 σθεναρὸν
915 2084 1008 2138 τὸν
1041 2085 1156 2157 (95)
1215 2085 1353 2158 πρὸς
1400 2084 1498 2151 τήν
1530 2083 1824 2159 γυμνασίαν
1856 2086 1962 2135 τῶν

312 2165 727 2226 ἐπιϐαλλόντων
754 2177 834 2244 τῷ
866 2169 1060 2246 δρόμῳ
1096 2173 1558 2246 ὑπηρετοῦμενον,
1593 2169 1661 2225 δι’
1691 2170 1963 2244 ἀμελετη-

312 2260 427 2313 σίαν
464 2258 661 2314 λοιπὸν
691 2262 758 2315 τὰ
814 2259 1003 2316 πολλὰ
1033 2268 1130 2331 τῆς
1163 2261 1368 2322 οἰκείας
1411 2261 1720 2331 ἐπιστήμης
1771 2261 1964 2314 ἑαυτοῦ

306 2343 597 2404 ἐκϐάλλων
649 2354 782 2423 (96).
844 2350 1055 2405 Οὐκοῦν
1115 2349 1230 2404 ἐπεὶ
1285 2348 1365 2404 δεῖ
1419 2352 1481 2404 τὸ
1541 2350 1782 2428 συμφυὲς
1825 2352 1962 2422 ἡμῖν

309 2434 524 2512 ὄχημα,
561 2441 698 2511 μήτε
747 2438 987 2502 ἀνιὲντας
1043 2438 1200 2508 ἄγαν,
1239 2441 1368 2513 μήτ’
1419 2440 1483 2493 αὖ
1515 2439 1678 2494 πάλιν
1712 2436 1964 2516 σφοδρῶς

308 2526 698 2599 ἐπιτείνοντας,
751 2529 889 2603 πρὸς
940 2528 1031 2582 τὸν
1064 2535 1162 2597 τῆς
1223 2529 1418 2602 ἀρετῆς
1451 2525 1654 2604 δρόμον
1683 2529 1963 2602 προάγειν,

309 2611 397 2670 διά
424 2619 586 2670 τοῦτο
646 2618 912 2692 προσήκει
945 2616 1035 2671 καὶ
1065 2618 1164 2685 τὴν
1214 2616 1559 2686 κατάστασιν,
1592 2618 1664 2678 ὡς
1697 2615 1835 2692 ἔχει,
1869 2621 1966 2672 τοῦ

311 2705 586 2777 σώματος,
635 2705 726 2760 καὶ
777 2705 874 2767 τὰς
935 2706 1234 2776 ποιότητας
1292 2711 1399 2761 τῶν
1453 2711 1670 2784 τροφῶν
1721 2708 1964 2780 θεωρεῖν,

309 2794 398 2872 καὶ
458 2793 754 2866 ἀκμάζοντι
817 2795 910 2868 μὶν
970 2799 1051 2867 τῷ
1107 2793 1320 2868 σώματι
1352 2795 1442 2850 καὶ
1496 2795 1701 2871 θέρμης
1735 2801 1964 2872 φυσικῆς

308 2869 663 2941 πλεονάζοντι
721 2873 958 2949 ἐκισχεῖν
1008 2872 1111 2945 ἔτι,
1162 2880 1253 2930 καὶ
1309 2873 1398 2930 διὰ
1453 2869 1566 2931 τῶν.
1615 2869 1833 2950 τροφῶν
1885 2875 1965 2946 ἐξ·

310 2967 468 3026 ωθεῖν
498 2961 560 3016 τὸ
591 2961 902 3037 θερμὸν,’ίνα
936 2963 1013 3037 μή
1044 2964 1080 3034 ἢ
1103 2963 1457 3038 πολυχύμοις
1485 2967 1710 3042 τροφαῖς
1741 2967 1839 3034 τὴν
1875 2963 1965 3019 οὗ·

311 3072 402 3105 σαν
449 3053 562 3124 (97)
611 3049 670 3106 ἐκ
719 3051 930 3125 φύσεως
982 3049 1228 3125 πιμελήν
1254 3052 1320 3108 ἐκ
1347 3056 1669 3129 προσθήκης
1704 3053 1966 3124 αὐξήσαν-

309 3159 415 3211 τες,
475 3137 510 3208 ﬁ
541 3144 608 3213 τῇ
639 3144 735 3194 τοῦ
768 3139 917 3194 o’1’vou
948 3139 1170 3215 ἐγχυσει
1206 3141 1425 3209 ζέουσαν
1453 3145 1549 3196 τοῦ
1583 3143 1836 3214 σώματος
1863 3143 1962 3211 τήν

311 3227 494 3300 ἀκμὴν
534 3225 615 3282 ἓτι
651 3225 864 3300 μᾶλλον
894 3228 1201 3302 ἐξάψαντες,
1233 3231 1369 3284 κατὰ
1396 3230 1487 3285 τὸν
1538 3234 1646 3284 τῶν
1683 3229 1966 3300 Ἑλλήνων
1997 3215 2040 3282 C

315 3317 500 3394 σοφὸν,
527 3321 634 3390 πῦρ
677 3312 849 3380 ὄντως
880 3315 969 3372 ἐπὶ
1009 3321 1115 3394 πῦρ
1148 3317 1513 3394 όχετεόωμεν⁴
1571 3317 1730 3374 Ἀλλ’
1790 3321 1965 3393 ἀκμά-

314 3409 460 3473 ζοντι
523 3406 616 3478 μὲν
651 3406 740 3460 καὶ
774 3405 980 3481 θίρμης
1011 3413 1242 3483 φυσικῆς
1277 3409 1645 3484 περιττεύοντι
1675 3410 1737 3463 τὸ
1768 3407 1829 3463 ἐκ
1859 3430 1966 3479 πη-

309 3498 419 3570 γῶν
465 3495 696 3568 καθαρὸν
730 3494 944 3570 ῥεῖθρον
993 3497 1290 3574 σωφρόνως
1343 3495 1813 3571 ἐποχετεύσωμεν,
1865 3499 1966 3566 τὴν

311 3582 363 3638 ιν
393 3586 463 3656 τῇ
496 3581 648 3662 φύσει
702 3584 922 3652 ζέουσαν
982 3580 1164 3662 φλόγα
1214 3589 1281 3660 τῇ
1314 3590 1410 3640 τοῦ
1443 3582 1636 3648 ὕδατος
1690 3587 1970 3641 ἀντιπαθεῖ

319 3667 545 3745 δυνάμει
575 3673 1084 3749 καταμαραίνοντες,
1144 3675 1232 3728 καὶ
1290 3676 1425 3751 πρὸς
1471 3675 1533 3730 τὸ
1564 3682 1771 3751 ἥμερον
1804 3680 1882 3748 τῷ
1914 3674 1966 3730 ἐν

315 3762 451 3833 ἡμῖν
507 3759 662 3834 λόγῳ
693 3764 806 3834 (98)
849 3767 1159 3836 κιρνῶντες·
1213 3759 1529 3839 παρηϐῶντι
1564 3762 1621 3820 δὲ
1650 3765 1739 3820 καὶ
1776 3765 1970 3842 μαραί-

318 3846 530 3919 νομένῳ
559 3849 658 3916 τὴν
693 3846 753 3903 ἐκ
779 3853 885 3902 τῶν
915 3855 1130 3926 τροφῶν
1159 3852 1250 3905 καὶ
1303 3857 1399 3908 τοῦ
1430 3852 1677 3926 πόματος
1715 3855 1969 3929 βοήθειαν

321 3937 617 4012 σύμμαχον
653 3937 1017 4011 ἰπεισάξωμεν
1265 3940 1330 3994 οὗ
1361 3941 1458 4008 τὴν
1493 3941 1772 4012 ποσότητα
1805 3941 1972 4015 μόνον

317 4029 421 4078 τῶν
475 4046 683 4104 τροφφν
744 4027 1065 4103 ἁπανταχοῦ
1122 4029 1258 4103 πρὸς
1285 4029 1383 4099 τὴν
1417 4027 1644 4103 δύναμιν
1693 4031 1975 4108 φρονίμως

324 4114 660 4188 μετροῦντες,
719 4113 864 4170 ἀλλά
919 4116 1140 4187 καὶτήν
1173 4118 1442 4189 ποιότητα
1497 4117 1736 4192 μάλιστα
1793 4125 1972 4198 σοφῶς

319 4200 701 4279 ἐπικρίνοντες.
756 4201 892 4259 Οὐδὲ
950 4206 1054 4281 γὰρ
1110 4211 1178 4280 τῇ
1229 4203 1420 4278 ἔξωθεν
1477 4207 1738 4282 φαντασίᾳ
1766 4209 1972 4264 τούτων

325 4290 488 4362 μόνον
522 4293 878 4366 προσέξομεν,
912 4293 1058 4349 ἀλλὰ
1086 4296 1176 4351 καὶ
1207 4299 1306 4366 τήν
1344 4295 1394 4352 ἐν
1427 4302 1506 4370 τῷ
1543 4297 1692 4372 βάθει
1745 4295 1972 4372 δύναμιν

320 4379 526 4434 τούτων
614 4381 851 4454 μάλιστα
938 4389 1119 4461 σοφῶς
1204 4388 1282 4459 (1)
1357 4386 1829 4461 κατοπτεύσομεν·
1893 4389 1974 4444 ὁτι

324 4469 386 4524 οὐ
444 4471 770 4543 σπερμάτων
834 4471 1000 4544 μόνον
1061 4495 1160 4543 τε,
1221 4474 1310 4529 καὶ
1370 4475 1629 4552 ὀσπρίων,
1685 4477 1830 4533 ἀλλά
1884 4480 1975 4534 καὶ

2077 569 2344 639 aurigam
2387 569 2497 622 fert
2545 584 2894 639 quocunque
2927 566 3076 634 vult;
3106 568 3189 623 ita
3220 568 3294 622 ob
3349 567 3594 621 nimiam
3643 567 3735 621 in-

2078 658 2271 712 ediam
2295 657 2364 712 ad
2390 657 2755 728 propositum
2783 657 3015 711 virtutis
3041 657 3149 711 iter
3177 657 3602 728 impedimento
3625 659 3733 710 est.

2077 746 2584 809 Quemadmodum
2609 745 2765 801 enim
2790 762 2904 800 non
2933 750 3182 816 Oportet,
3207 750 3271 800 ut
3294 745 3564 813 pluribus
3588 744 3737 800 cibis

2079 833 2247 888 illum
2281 833 2579 904 saginans,
2614 833 2966 888 inordinatis
2995 833 3182 904 ipsius
3219 832 3470 888 saltibus
3498 839 3736 889 vexetur

2079 921 2304 992 auriga,
2352 933 2409 976 et
2458 938 2932 992 quoquoversum
2985 922 3450 988 circumferatur,
3495 923 3734 979 fervidis

2079 1009 2240 1064 illius
2274 1015 2330 1065 et
2363 1010 2666 1065 indomitis
2697 1010 2919 1065 viribus
2951 1011 3191 1065 omnino
3221 1010 3435 1064 cedens
3469 1026 3481 1063 :
3518 1009 3599 1066 ita
3629 1028 3734 1067 nec

2078 1099 2312 1153 virtutis
2365 1097 2476 1152 iter
2524 1115 2657 1153 cum
2688 1115 2752 1153 eo
2813 1114 3090 1170 peragere
3129 1101 3418 1154 statutum
3472 1097 3732 1169 habenti,

2080 1187 2266 1242 nimia
2313 1187 2530 1251 inedia,
2563 1204 2630 1242 ex
2662 1205 2778 1257 qua
2826 1185 3054 1242 inutilis
3086 1188 3204 1254 ﬁat,
3235 1186 3384 1242 vires
3428 1187 3556 1256 ejus
3605 1187 3735 1243 dico

2077 1274 2478 1346 frangendas:
2524 1292 2595 1329 ne
2648 1274 2732 1328 illi
2791 1275 3092 1330 debilitate
3151 1274 3451 1346 alligatus,
3500 1275 3734 1331 irritum

2081 1365 2267 1435 ipsius
2299 1381 2478 1419 causa
2519 1364 2806 1419 sustineat
2854 1363 3146 1432 laborem;
3181 1381 3284 1418 nec
3326 1367 3449 1433 jam
3499 1363 3734 1437 lapsum

2078 1455 2298 1524 erigere
2330 1454 2401 1508 ad
2434 1470 2673 1508 cursum
2702 1452 2924 1523 valens,
2949 1469 3053 1508 nec
3084 1452 3442 1524 dimittendi,
3467 1453 3538 1508 ob
3574 1458 3738 1508 natu-
3778 1476 3783 1480 ·

2078 1542 2259 1598 ralem
2292 1559 2427 1598 eum
2471 1559 2538 1597 eo
2579 1542 3081 1611 eonjunetionem,
3113 1541 3451 1597 facultatem
3487 1541 3735 1609 habens,

2078 1633 2179 1687 sed
2214 1648 2447 1703 semper
2478 1631 2715 1702 quidem
2767 1647 2884 1686 una
2935 1647 3070 1686 eum
3101 1647 3167 1686 eo
3197 1646 3451 1701 gemere,
3483 1647 3547 1687 ac
3577 1630 3736 1688 illius

2075 1721 2432 1776 valetudinis
2465 1737 2605 1776 cura
2627 1726 2864 1776 coactus
2895 1718 3188 1788 laborare;
3213 1726 3268 1774 et
3297 1736 3362 1775 eo
3386 1720 3541 1791 quod
3574 1720 3734 1776 inva-

2079 1811 2198 1865 lido
2241 1814 2440 1865 utatur
2487 1810 2559 1864 ad
2611 1809 3086 1865 exercitationem
3139 1808 3467 1864 officiorum
3524 1826 3735 1866 cursus

2081 1899 2373 1968 ministro,
2409 1898 2822 1970 per,_desidiam
2855 1899 3130 1969 deinceps
3177 1913 3455 1969 magnam
3486 1899 3733 1970 proprias

2078 1988 2297 2060 peritiaa
2366 1992 2589 2058 partem
2650 1986 2945 2042 amittens.
3003 1987 3155 2042 625
3215 1986 3495 2050 Quoniam
3556 1987 3737 2058 igitur

2076 2081 2322 2147 oportet,
2349 2079 2414 2130 ut
2458 2080 2672 2129 natura
2720 2075 3034 2146 eonjuncto
3087 2075 3391 2130 nobiscum
3442 2074 3733 2146 vehiculo,

2072 2180 2177 2219 nec
2211 2164 2467 2218 nimium
2501 2163 2826 2218 relaxantes
2858 2163 3140 2230 habenas,
3166 2179 3272 2218 nec
3321 2181 3529 2219 rursus
3561 2163 3736 2220 vehe-

2076 2257 2304 2308 menter
2327 2253 2666 2318 retinentes,
2683 2251 2755 2306 ad
2780 2251 3014 2306 virtutis
3046 2269 3285 2307 cursum
3314 2252 3731 2323 procedamus;

2075 2348 2380 2414 propterea
2411 2341 2700 2409 convenit,
2724 2345 2782 2396 et
2812 2345 3035 2396 statum
3063 2339 3324 2411 corporis
3346 2345 3402 2396 et
3422 2340 3736 2412 qualitates

2073 2431 2340 2486 ciborum
2386 2430 2782 2496 considerare,
2815 2447 2881 2485 ac
2909 2429 3112 2502 vigens
3165 2429 3400 2500 quidem
3435 2446 3649 2501 corpus
3681 2434 3739 2485 et

2077 2518 2330 2574 naturali
2381 2518 2573 2575 calore‘
2618 2519 2810 2574 adhuc
2862 2519 3174 2574 abundans
3222 2518 3514 2586 cohibere,
3548 2523 3605 2574 et
3635 2535 3739 2591 per

2074 2607 2557 2680 cibosLdepellere
2586 2608 2872 2676 calorem;
2909 2624 2978 2663 ne
3011 2607 3158 2663 ciliis
3181 2607 3420 2679 plurimi
3452 2609 3610 2663 succi
3639 2625 3736 2663 na-

2074 2697 2326 2752 turalem
2360 2698 2778 2770 pinguedinem
2825 2697 3262 2755 accessionibus
3301 2703 3606 2769 augentes,
3638 2703 3738 2752 aut

2073 2786 2191 2841 vini
2245 2787 2542 2842 infusione
2581 2787 2866 2841 fervidum
2929 2787 3188 2859 corporis
3235 2787 3489 2856 vigorem
3545 2786 3734 2842 adhuc

2076 2876 2264 2948 magis
2313 2876 2714 2942 incendentes,
2751 2876 3077 2930 secundum
3116 2875 3449 2932 Graecorum
3499 2875 3736 2947 sapien-

2076 2972 2191 3019 tem
2227 2981 2354 3019 vere
2383 2963 2580 3033 ignem
2615 2963 2736 3035 igni
2768 2965 3205 3019 admoveamus.
3229 2964 3340 3019 Sed
3366 2965 3582 3034 vigenti
3615 2963 3737 3034 qui-

2076 3054 2212 3106 dem
2239 3057 2295 3109 et
2325 3053 2578 3108 naturali
2611 3052 2798 3107 calore
2829 3053 3184 3108 redundanti
3215 3069 3432 3124 purum
3462 3069 3530 3108 ex
3561 3053 3734 3109 fonti-

2076 3141 2235 3196 tibus
2285 3139 2517 3196 laticem
2577 3146 2972 3212 temperanter
3015 3141 3418 3211 infundamus,
3452 3141 3734 3197 fervidam

2077 3235 2296 3285 naturae
2329 3230 2627 3285 flammam
2657 3229 2950 3285 contraria
2974 3246 3264 3301 aquarum
3287 3229 3340 3285 vi
3373 3230 3737 3303 restinguen-

2075 3323 2186 3386 tes,
2221 3325 2442 3375 etcum
2490 3336 2556 3374 eo
2607 3319 2763 3391 quod
2812 3318 3005 3374 lenius
3054 3323 3164 3389 est,
3198 3318 3376 3375 insita
3425 3320 3594 3376 nobis
3643 3337 3734 3376 ra-

2076 3409 2236 3464 tione
2283 3407 2638 3463 miscentes:
2673 3408 3002 3464 senescenti
3037 3413 3231 3463 autem
3265 3412 3323 3463 et
3354 3408 3739 3464 marcescenti

2077 3499 2492 3569 adjumentum
2538 3515 2606 3552 ex
2655 3499 2800 3553 cibis
2849 3507 2906 3554 et
2953 3503 3093 3570 potu
3144 3496 3580 3554 adhibeamus:
3616 3515 3733 3554 non

2079 3587 2470 3658 quantitatem
2495 3587 2687 3643 solum
2707 3586 2970 3642 ciborum
2998 3587 3218 3660 ubique
3231 3587 3454 3643 viribus
3484 3589 3734 3660 pruden-

2078 3682 2166 3731 ter
2205 3675 2534 3740 metientes,
2566 3676 2667 3732 sed
2721 3675 2975 3732 maxime
3003 3676 3346 3749 qualitatem
3396 3677 3586 3748 ipsam
3636 3693 3730 3732 sa-

2080 3765 2309 3838 pienter
2338 3765 2759 3821 discernentes.
2784 3764 2983 3836 Neque
3021 3764 3176 3821 enim
3206 3766 3474 3822 exteriori
3504 3771 3728 3821 tantum

2080 3854 2318 3908 illorum
2377 3853 2588 3926 speciei
2649 3854 3188 3920 attendemus,sed
3247 3855 3423 3910 etiam
3485 3854 3740 3910 maxime

2081 3959 2258 4013 quam
2289 3943 2404 3998 vim
2452 3943 2615 3998 intus
2646 3943 2921 4013 habeant,
2955 3945 3274 4015 prudenter
3313 3943 3738 4014 spectabimus;

2083 4032 2222 4104 quia
2254 4049 2368 4087 non
2425 4032 2618 4088 solum
2669 4032 2964 4088 seminum
3015 4037 3072 4087 et
3119 4027 3513 4104 leguminum,
3547 4033 3647 4088 sed
3681 4039 3740 4088 et

2083 4121 2308 4176 olerum
2343 4121 2631 4177 nonnulla
2666 4125 2828 4190 sunt,
2863 4139 2990 4192 quae
3030 4121 3089 4176 in
3124 4123 3285 4178 cibos
3318 4122 3598 4189 adhibita,
3632 4123 3742 4176 etsi

2083 4209 2333 4265 exterior
2363 4210 2586 4282 species
2633 4209 2795 4265 utilis
2844 4210 3094 4279 videtur,
3129 4228 3244 4266 non
3292 4217 3482 4265 tamen
3536 4217 3743 4264 asentae

2085 4299 2155 4355 ad
2183 4299 2471 4370 placidam
2496 4299 2984 4371 gubernationem
3009 4305 3277 4372 prosunt,
3303 4301 3400 4355 sed
3427 4305 3483 4353 et
3505 4299 3745 4354 intimas

2085 4405 2292 4444 carnes
2323 4388 2653 4445 vellicantia
2699 4406 2766 4444 ac
2817 4390 3080 4460 pruritus
3109 4395 3166 4444 et
3208 4389 3573 4444 titillationes
3621 4392 3746 4444 efﬁ-

2087 4478 2323 4547 cientia,
2351 4495 2462 4532 non
2500 4476 2698 4532 minus
2729 4494 2905 4548 quam
2929 4493 3054 4548 quae
3089 4494 3200 4533 sua
3228 4482 3436 4542 sponte
3470 4477 3749 4548 fugienda

547 4531 555 4543 ε
587 4531 596 4542 I
834 4531 844 4544 I
1147 4531 1159 4543 '
1479 4531 1489 4552 |
1617 4531 1629 4547 Ῐ
1694 4531 1697 4532 ⁷
1724 4531 1730 4533 ⁷
1888 4531 1969 4534 ’ν”’

320 4565 429 4614 τῶν
493 4559 752 4634 λαχάνων
830 4559 971 4616 ἐστὶν
1051 4562 1152 4618 οὐκ
1226 4562 1408 4639 ὀλίγα,
1481 4563 1514 4618 ἂ
1567 4566 1627 4620 οὐ
1685 4568 1821 4622 κατὰ
1875 4569 1969 4637 τὴν

2089 4576 2253 4638 sunt,
2286 4531 2538 4624 latenter
2566 4531 2811 4639 corpora
2849 4531 3122 4623 inliciunt
3149 4575 3205 4623 et
3237 4531 3604 4639 perturbant.

326 4645 519 4718 ἔξωθεν
549 4645 703 4719 δόξαν
736 4650 873 4722 πρὸς
902 4653 1000 4720 την
1035 4650 1242 4728 ἥμερον
1277 4650 1570 4729 ὴνιὸχησιν
1605 4655 1680 4718 εἰς
1707 4660 1908 4733 τροφάς
1949 4664 2028 4733 τῷ
2060 4660 2275 4731 ἀσκητῇ
2325 4657 2564 4728 καθάπαξ
2617 4649 3014 4728 συμϐάλ).εταῖ,
3081 4653 3228 4710 ἀλλὰ
3276 4657 3336 4710 τὸ
3380 4660 3486 4709 τῶν
3536 4659 3748 4730 σαρκῶν

334 4735 499 4808 βάθος
527 4736 836 4808 ἀμύσσοντά
863 4762 922 4796 τε
952 4741 1041 4796 καὶ
1071 4741 1400 4818 κνισμώδεις
1428 4743 1842 4821 γαργαλισμοὺς
1875 4747 2232 4821 ἐμποιοῦντα,
2270 4746 2370 4801 οὐκ
2399 4743 2624 4800 ἔλαττον
2656 4748 2764 4800 τῶν
2795 4745 3016 4800 αὐτόθεν
3051 4750 3312 4824 φευκτῶν,
3367 4747 3502 4800 κατά
3547 4747 3610 4799 τὸ
3659 4743 3749 4798 λε-

337 4822 510 4894 ληθὸς
543 4823 796 4890 ἐπιθολοῖ
824 4830 913 4885 καὶ
944 4831 1193 4906 ταράσσει
1224 4835 1290 4888 τὰ
1321 4834 1565 4907 σώματα.

399 4916 452 4971 9.
502 4914 707 5004 ,Διόπερ
764 4915 890 4974 οὖδὶ
945 4925 1062 4984 τοῖς
1119 4921 1276 4978 ἀλσὶν
1309 4922 1498 4987 ἁπλῶς
1535 4923 1625 4979 καὶ
1671 4921 1980 5004 ἀδιαφόρως

331 5003 675 5078 χρησόμεθα,
727 5005 906 5082 ὥσπερ
952 5007 1130 5074 ἐνίους
1160 5016 1268 5068 τῶν
1319 5013 1541 5084 ἀσκήσει
1595 5003 1979 5090 προσεχόντων

405 5164 803 5259 (⁸93)οΤρκοφῶν.
844 5175 1010 5229 Unus
1057 5191 1127 5229 ex
1166 5175 1384 5248 Regiis,
1438 5176 1650 5244 σιτίων,
1719 5182 1775 5234 et
1825 5194 1982 5250 mox,

337 5233 791 5312 6110_u_'[306)\5101_1.

404 5307 521 5381 (94)
581 5307 939 5390 Καταᾷαλεῖν.
992 5317 1134 5390 Tres
1185 5334 1356 5390 11188.,
1405 5313 1792 5376 καταϐάλλειν,
1858 5325 1984 5378 Mox

335 5398 368 5436 u
382 5397 602 5462 ηυξ-οξ
618 5384 846 5462 _Regii_s,
881 5385 1168 5462 ὑπομείνῃ.

408 5452 522 5530 (95)
568 5452 840 5530 Σθενᾶρὸν
883 5452 1002 5516 τόν.
1045 5452 1308 5527 Quatuor
1351 5479 1495 5518 mss.
1547 5479 1680 5518 eum
1732 5463 1988 5521 editione

335 5523 558 5608 Yeneta
589 5523 842 5602 σθεναρὸν
871 5531 956 5608 τό.
984 5523 1150 5608 Alius
1180 5533 1666 5608 co‘dex,‘cecvapoy
1704 5533 1760 5590 τὸ
1805 5539 1984 5607 σῶμα.

338 5595 759 5682 Ιῢξςςξῐιρῐιυέ
775 5619 850 5682 px
883 5595 1542 5682 Regiis,_é1116al)16v1w‘1
1564 5595 1808 5682 δρόμων.

414 5669 524 5745 (95)
565 5669 910 5732 Ἐκοάλλων.
953 5669 1048 5735 Sic
1087 5669 1211 5736 duo
1269 5677 1498 5739 codices
1555 5669 1728 5753 nisi,
1777 5679 1990 5738 melius

2162 4930 2216 4984 9.
2251 4927 2439 4991 Quare
2470 4942 2575 4981 nec
2607 4926 2832 4982 salibus
2879 4925 3226 4999 simpliciter
3257 4942 3322 4981 ac
3353 4924 3752 4980 indifferenter

2092 5021 2349 5086 utemur,
2392 5016 2893 5087 quemadmodum
2945 5015 3260 5073 nonnullos
3309 5014 3572 5070 asceticaa
3622 5012 3751 5070 vita

2095 5193 2273 5251 quam
2301 5176 2442 5232 editi
2461 5221 2474 5243 ,
2503 5171 2772 5230 ἐκϐαλών.
2801 5177 3031 5233 Habent
3087 5177 3264 5232 iidem
3301 5175 3556 5244 codices,
3585 5169 3750 5228 αὐτοῦ

2095 5250 2425 5306 ἆπιστήμης.

2121 5267 2284 5309 πιστη
2297 5267 2425 5309 μης.

2457 5315 2638 5394 οὖσαν.
2672 5320 2835 5394 Unus
2865 5335 2932 5375 ex
2961 5317 3307 5394 Regiistﬁiv
3341 5315 3587 5394 ᾆνοῦσαν.

2172 5386 2278 5464 (98)
2507 5390 2679 5465 Λόγῳ.
2716 5392 2874 5446 Idem
2908 5386 3089 5465 eode'x
3117 5386 3485 5465 τοῦ...λόγου,
3512 5406 3637 5446 cum
3668 5386 3749 5446 ιο-

2097 5467 2273 5521 nitate
2301 5465 2492 5520 insitae
2519 5463 2678 5534 nobis
2707 5463 2954 5518 rationis
2979 5463 3391 5534 permiscenst

2171 5537 2282 5607 (99)
2315 5530 3004 5607 'Emwaiﬁimpevgcodioes
3050 5535 3343 5604 nonnulli,
3377 5530 3744 5605 ἑπεισάξομεν.

2171 5605 2495 5687 (1)’Σοφῶς.
2526 5605 2803 5662 Nonnulli
2835 5605 3087 5678 codices,
3120 5610 3372 5671 συνετῶς.
