4150 6384
364 383 483 447 689

1599 379 1833 440 LIBER
1875 380 1978 440 DE
2019 380 2560 442 VIRGINITATE.

3674 373 3796 435 690

364 515 428 569 τὸ
468 518 567 582 τῆς
605 514 792 586 ψυχῆς
838 509 1031 584 πτερὸν
1093 509 1181 564 ιπὶ
1235 507 1302 564 τὰ
1347 507 1494 563 κάτω
1523 508 1880 578 καθὲλκουσα,
1921 509 2015 578 ἢὴ

2134 512 2396 582 corporis
2427 510 2695 567 debilitas
2726 511 2782 564 in
2817 527 2883 565 eo
2928 510 3186 564 curando
3241 508 3349 564 has
3395 523 3616 579 pennas
3645 507 3788 561 deti-

363 606 460 657 106
493 602 750 674 σώματος
782 597 1024 663 ἀσθένεια
1054 600 1176 674 περὶ
1228 597 1357 654 αὑτὸ
1401 597 1720 674 ἀσχολοῦσά
1762 620 1820 653 τε
1863 602 2021 652 τοῦτο

367 693 456 746 καὶ
519 684 788 746 θλίϐουσα
847 690 948 743 οὐκ
1004 687 1064 759 ἰᾷ
1093 690 1229 764 πρὸς
1257 689 1323 742 τὰ
1353 687 1592 764 οὐράνια,
1627 687 1700 749 ὡς
1732 687 1898 760 θὲλει,
1931 687 2019 741 ἀν-

375 780 648 842 ίπτασθαι·
685 777 746 832 οὐ
775 781 875 848 τῆς
905 782 1012 832 τῶν
1043 777 1225 833 καλῶν
1267 779 1510 847 κτήσεως
1568 777 1735 846 αὐτὴν
1791 774 1859 830 δι’
1891 774 2017 830 ἀδύ-

370 867 567 940 ναμίαν
609 868 776 941 μόνον
824 867 1195 941 ἀποστεροῦσα
1238 867 1338 934 τήν
1385 866 1700 940 παρουσίαν,
1735 864 1879 920 ἀλλὰ
1931 865 2020 919 καὶ

373 961 481 1013 τῶν
511 957 816 1026 κτηθέντων
851 953 985 1026 ἤδη,
1019 953 1108 1010 διὰ
1138 956 1236 1024 τήν
1269 955 1328 1010 ἐκ
1354 958 1454 1020 τῆς
1507 955 1776 1017 ἀσθενείας
1823 953 2020 1027 ἀμελε-

369 1047 588 1118 τησίαν,
621 1045 948 1101 ἀποσυλῶσα
1000 1048 1076 1118 (9)
1129 1045 1193 1100 τὸ
1251 1043 1480 1110 κάλλος.
1525 1047 1611 1107 Ὠς
1667 1045 1766 1120 γὰρ
1820 1050 2023 1120 παχεῖα

371 1137 578 1210 γαστὴρ
631 1134 782 1211 (οὐχὶ
832 1139 902 1210 τῇ
947 1138 1248 1208 κατασκευῇ
1306 1135 1395 1189 καὶ
1453 1139 1522 1208 τῇ
1584 1133 1736 1212 φύσει
1795 1139 2020 1208 παχεῖα,

371 1223 500 1279 ἀλλ’
557 1222 633 1278 είς
689 1225 750 1292 ἣν
806 1223 1063 1298 παχύτης
1142 1227 1358 1299 τροφῶν
1431 1220 1520 1278 διὰ
1593 1223 2020 1298 γαστριμαργίαν

375 1313 621 1389 ἀφθόνως
657 1312 761 1388 ῥεῖ,
793 1312 1126 1376 ἰπιθολοῦσα
1155 1312 1246 1367 τὸν
1277 1316 1400 1367 νοῢν
1432 1311 1520 1366 καὶ
1564 1312 1906 1387 παχύνουσα)
1928 1309 2022 1364 λε-

367 1402 498 1456 πτὸν
525 1401 585 1455 οὐ
616 1400 787 1455 τίκτει
817 1402 941 1456 νόα·
978 1401 1151 1463 οὕτως
1211 1403 1244 1469 ἡ
1295 1398 1427 1475 ἄγαν
1479 1399 1676 1469 λεπτὴ,
1706 1399 1774 1454 δι’
1807 1399 2019 1453 ἀτονίαν

373 1488 571 1544 ἄπνοον
603 1493 792 1544 τοῦτον
827 1495 1080 1556 ποιοῦσα,
1111 1488 1163 1544 ἐν
1194 1493 1262 1562 τῇ
1317 1489 1559 1560 ἀσθενείᾳ
1611 1489 1708 1544 106
1768 1490 2023 1560 σώματος

375 1577 464 1633 οιαὶ
515 1578 608 1633 τὺν
671 1577 866 1634 λεπτὸν
921 1576 1031 1649 ήδη
1089 1579 1403 1651 τικτόμενον
1458 1573 1865 1634 ἀποσϐέννυσιν.
1924 1577 2021 1631 Καὶ

373 1665 553 1722 ὅτιού
584 1666 826 1738 καθάπαξ
857 1669 952 1730 τὰς
1000 1668 1093 1740 μὲν
1147 1665 1229 1722 δεῖ
1281 1667 1376 1729 τὰς
1434 1667 1636 1744 τροφὰς
1693 1667 2022 1744 ἀποστρέφε-

370 1767 514 1824 σθαι,
547 1753 746 1810 τῶνδὲ
789 1754 980 1820 ἁπλῶς
1036 1753 1410 1831 ἐμφορεῖσθαι,
1444 1752 1571 1808 ἀλλ’
1620 1752 1704 1808 ὅτι
1759 1756 2023 1827 προσήκει

372 1844 468 1899 κάν
498 1843 715 1907 τούτοις
752 1845 828 1916 μὴ
865 1845 1030 1917 μόνον
1070 1844 1168 1913 τὴν
1219 1844 1498 1913 ποσότητα
1542 1842 1866 1919 σωφροσύνῃ
1917 1845 2025 1915 (10)

379 1935 710 2007 μετρεῖσθαι,
753 1931 1056 2005 δυναμένην
1091 1930 1180 1986 διὰ
1218 1931 1434 2001 πλῆθος
1475 1933 1667 1987 ταυτὸν
1709 1937 1826 1994 τοῖς
1872 1928 2022 1986 ἐκϐε-

374 2016 671 2094 ϐλημένοις
705 2019 1041 2096 ἐργάζεσθαι·
1078 2017 1225 2075 ἀλλὰ
1253 2018 1341 2073 καί
1372 2020 1471 2088 τὴν
1523 2019 1792 2089 ποιότητα
1840 2017 2020 2072 ἰσοδυ-

371 2113 652 2183 ναμοῦσαν
684 2108 957 2172 πολλάκις
986 2114 1101 2172 τοῖς
1133 2113 1423 2187 προφανῶς
1473 2104 1763 2185 βλαϐεροῖς
1805 2107 2021 2184 ἐπικρί-

368 2221 500 2272 νειν,
526 2201 616 2254 καὶ
648 2198 918 2270 συνόλως,
951 2198 1128 2273 Λόγον
1163 2195 1442 2268 σέϐοντας,
1475 2199 1628 2274 Λόγῳ
1657 2200 1745 2255 καὶ
1783 2202 1857 2274 μὴ
1892 2200 2018 2256 ἀλο-

365 2288 458 2366 γίᾳ
486 2289 784 2353 ἀσκεῖσθαι.

438 2397 524 2452 11.
558 2393 622 2451 Εἰ
672 2391 730 2449 δὲ
783 2395 1082 2470 ἀγαπήσεις
1124 2396 1214 2450 τὸν
1242 2394 1474 2466 πλησίον
1521 2417 1616 2450 σου
1675 2397 1748 2459 ὡς
1805 2397 2012 2465 ἑαυτὸν,

364 2484 458 2538 καὶ
516 2481 607 2538 διὰ
675 2482 877 2554 ταύτην
943 2485 1042 2553 τὴν
1102 2483 1330 2553 ἰντολήν
1381 2490 1462 2557 τῷ
1519 2484 1749 2557 εῒπόντι,
1803 2487 2014 2559 Γυμνὸς

360 2569 538 2643 ἤμην,
569 2572 659 2627 καὶ
718 2567 1072 2648 περιεϐάλετᾶ
1124 2594 1210 2645 με,
1271 2578 1536 2628 πεινῶντα
1615 2575 1704 2628 καὶ
1787 2574 2011 2650 ἐθρέψα-

362 2683 440 2729 τε,
501 2663 824 2725 ἀσθενοῦντα
878 2660 968 2715 καὶ
1039 2661 1401 2734 ἐπεσκέψασθε
1465 2665 1600 2736 (11),
1655 2663 1789 2735 μετὰ
1844 2685 2013 2717 σπου-

366 2748 465 2819 δῆς
522 2749 921 2824 παριστάμεθα.
953 2751 1321 2823 Ὑποκρίνεται
1368 2752 1468 2820 τὴν
1514 2750 1740 2820 ἐντολὴν
1786 2753 1814 2807 ὁ
1846 2753 2014 2829 ἑτέρῳ

369 2840 463 2911 μὶν
495 2839 850 2913 παρίστασθαι
906 2839 1328 2916 προνοούμενος,
1381 2840 1567 2895 ἑαυτὸν
1629 2838 1685 2895 δὶ
1727 2840 2012 2906 ἀσθενοῦν-

361 2948 430 2982 τα
454 2925 705 2998 ἀνηλεῶς
737 2928 1155 3002 λυμαινόμενος.
1192 2929 1428 3004 Φανερὸν
1461 2930 1591 3005 γὰρ,
1617 2930 1692 2993 ὡς
1741 2928 2010 3007 ἐσφαλμέ-

366 3037 473 3078 νως
505 3017 684 3092 ἀγαπᾷ
709 3017 803 3072 τὸν
855 3016 1116 3087 πλησίον,
1153 3018 1220 3070 οὗ
1262 3023 1514 3090 προνοεῖν
1565 3020 1951 3092 προθυμεῖται,
1984 3020 2012 3072 ὁ

367 3094 553 3160 ἕαυτὸν
587 3106 663 3177 μὴ
696 3102 854 3167 εἰδὼς
893 3105 1130 3180 ἀγαπᾷν.
1163 3104 1261 3160 Καὶ
1319 3111 1435 3168 πῶς
1483 3107 1584 3174 τήν
1644 3103 1872 3176 ἐντολήν
1932 3105 2011 3160 δι-

368 3193 535 3255 καίως
592 3193 804 3267 πληροὶ
862 3195 890 3248 ὁ
945 3196 1044 3263 τὴν
1099 3197 1235 3268 πρὸς
1292 3195 1354 3252 τὸ
1409 3192 1604 3250 δοῦλον
1657 3199 1818 3267 σῶμα
1857 3192 2012 3265 δίκην

368 3283 532 3356 ὑγιῶς
569 3283 644 3354 μὴ
678 3279 918 3351 δικάσας,
949 3280 1096 3338 ἀλλά
1143 3285 1409 3361 προφάσει
1478 3284 1572 3355 μὲν
1631 3281 2015 3358 δουλαγωγίας

365 3369 696 3440 ὑπωπιάζειν
756 3370 1236 3448 ἐπαγγειλάμενος,
1296 3377 1365 3446 τῇ
1445 3370 1503 3427 δὲ
1584 3372 1788 3448 ἀκρίτῳ
1869 3373 2016 3448 ὁρμῇ

365 3463 529 3513 τοῦτο
587 3463 766 3521 κακῶς
817 3457 1291 3530 ἀναλώσας;Πῶς
1345 3461 1445 3535 γὰρ
1503 3455 1580 3515 ἔτι
1641 3459 1836 3515 δοῦλον
1870 3455 2016 3515 ἔσται

360 3551 522 3603 τοῦτο
582 3552 678 3602 106
737 3545 1173 3622 δεσποτεύοντος,
1234 3549 1394 3603 αὑτὸν
1454 3548 1544 3603 τὸν
1609 3547 1876 3619 δεσπότην
1939 3549 2016 3611 εἷς

365 3637 660 3713 ὑπηρεσίαν
719 3644 818 3706 τῆς
872 3637 1012 3712 βίας,
1046 3641 1114 3706 ἧς
1163 3639 1276 3711 (12)
1329 3644 1453 3714 παρ’
1485 3637 1647 3693 αὐτοῦ
1708 3637 2014 3710 ὑπέμεινεν,

362 3724 634 3802 εἰληφόςς
668 3729 793 3786 Πῶς
830 3724 886 3780 δὲ
917 3723 1196 3780 δουλεύσει
1227 3730 1306 3798 τῷ
1338 3725 1568 3800 δεσπότῃ
1613 3727 1690 3789 εἷς
1747 3728 1845 3794 τήν
1904 3731 2011 3782 τῶν

363 3811 612 3890 ἀδελφῶν
641 3814 913 3884 εὐποιίαν,
941 3816 1142 3877 πάντας
1173 3814 1302 3877 τοὺς
1351 3816 1408 3870 εὗ
1452 3821 1627 3872 ποιεῖν
1682 3813 2014 3890 δυναμένους

364 3901 442 3964 εἷς
471 3903 570 3971 τὴν
618 3903 812 3957 ἑαυτοῦ
864 3903 1144 3976 θεραπείαν
1189 3902 1423 3967 δούλους
1467 3904 1842 3983 παρειληφός;
1873 3905 2012 3963 Οὐκ-

364 3989 443 4046 ιτι
483 3992 586 4068 γὰρ
616 3992 754 4067 πρὸς
811 3991 878 4047 τὰ
934 3999 1033 4061 τῆς
1085 3992 1280 4067 ἀρετῆς
1333 3995 1608 4066 κινήματα
1663 3998 1742 4065 τῷ
1785 3991 2016 4066 δεσπότῃ

367 4080 735 4155 ὑπηρετήσει·
792 4080 844 4136 ἐν
897 4081 1144 4152 ἀσθενείᾳ
1188 4079 1245 4136 δὲ
1295 4081 1568 4155 κείμενον,
1619 4087 1736 4144 τοῖς
1793 4080 2015 4144 λοιποῖς

361 4170 555 4224 ἅπασιν
618 4169 863 4232 εὐποιίας
933 4165 1080 4225 ἔσται
1144 4169 1436 4236 ὑπόθεσις·
1497 4170 1876 4244 οῗκτιζόμενον
1923 4172 2013 4226 τὸν

366 4255 634 4328 δεσπότην
670 4259 773 4314 ὑπὸ
805 4261 1020 4315 πάντων
1056 4257 1205 4336 ἔχον,
1237 4258 1328 4315 διὰ
1354 4263 1453 4330 τὴν
1511 4259 1635 4337 περὶ
1691 4261 1851 4316 τοῦτο
1900 4263 2014 4334 (13)

362 4345 765 4422 ταλαιπωρίαν,
826 4346 1149 4420 ἐλεούμενον
1219 4346 1277 4403 δὲ
1331 4349 1423 4404 τὸν
1485 4346 1706 4418 δοῦλον,
1767 4347 1858 4404 διὰ
1913 4352 2013 4419 τήν

359 4434 576 4490 ἀνίατον
607 4436 806 4490 τούτου
837 4435 1032 4494 αἰκίαν.
1065 4433 1206 4494 Οὔτε
1232 4437 1331 4512 γὰρ
1365 4437 1394 4491 ὁ
1435 4434 1702 4506 δεσπότης
1731 4443 1839 4494 τῶν
1891 4440 2016 4493 ὲαυ-

357 4529 456 4581 τοῦ
506 4522 678 4600 ἔργων
734 4520 1089 4589 ἐπιλαϐέσθαι
1140 4524 1357 4598 λοιπὸν,
1392 4523 1482 4580 διὰ
1532 4527 1628 4596 τὴν
1677 4529 1800 4604 περὶ
1856 4533 2016 4583 τοῦτο

2131 618 2278 655 nens
2310 605 2364 655 et
2397 618 2688 672 premens,
2740 599 3154 671 impedimento
3205 602 3295 653 est
3343 596 3665 668 quominus
3713 597 3785 650 ad

2131 690 2386 745 coelestia
2418 708 2520 761 pro
2552 691 2699 745 votis
2732 687 2920 743 avolet
2950 707 2962 756 ;
2992 704 3096 742 nec
3125 704 3252 742 eam
3286 686 3475 742 solum
3500 686 3788 740 bonorum

2131 779 2517 848 acquisitione
2550 781 2621 834 ob
2659 777 3124 832 imbecillitatem
3176 776 3400 846 privat;
3433 776 3533 830 sed
3567 778 3624 830 et
3659 775 3785 844 jam

2131 873 2457 939 partorum,
2493 872 2564 923 ob
2597 873 2782 923 ortam
2817 885 2883 921 ex
2913 864 3312 920 imbecillitate
3341 862 3788 935 desidiam,pul-

2130 957 2523 1012 chritudincm
2549 954 3452 1028 deprzedaturQuemadmodum
3481 952 3636 1006 enim
3664 954 3790 1023 pin-

2133 1046 2264 1118 guls
2293 1054 2492 1100 venter
2522 1049 2658 1114 (non
2692 1044 3116 1100 constitutione
3168 1047 3225 1097 et
3273 1045 3485 1096 natura
3533 1041 3788 1113 pinguis,

2133 1137 2233 1192 sed
2265 1137 2323 1190 in
2355 1152 2525 1206 quem
2560 1136 2852 1207 pinguedo
2885 1135 3149 1188 ciborum
3203 1132 3276 1186 ob
3309 1130 3510 1203 gulam
3564 1130 3792 1185 abunde

2134 1225 2283 1293 fluit,
2316 1225 2640 1280 obturbans
2673 1228 2927 1277 mentem
2959 1228 3013 1276 et
3046 1220 3514 1293 pinguofaciens)
3555 1223 3790 1274 tenuem

2133 1332 2245 1369 non
2279 1314 2466 1385 gignit
2488 1312 2846 1366 intellectum
2871 1328 2881 1364 :
2910 1311 2994 1366 sic
3016 1311 3114 1382 qui
3150 1308 3399 1364 nimium
3425 1307 3660 1381 gracilis
3682 1312 3790 1375 est,

2132 1403 2303 1474 quasi
2332 1407 2668 1457 emortuum
2703 1400 2868 1455 illum
2902 1401 2972 1455 ob
2997 1399 3402 1455 inﬁrmitatem
3430 1397 3790 1469 redigens,in

2131 1492 2532 1548 imbecillitate
2580 1492 2840 1562 corporis
2889 1490 3068 1546 etiam
3114 1505 3272 1559 eum,
3306 1488 3404 1560 qui
3441 1489 3565 1558 jam
3595 1487 3792 1542 tenuis

2131 1581 2368 1655 genitus
2398 1579 3043 1650 erat,exstinguit.lllud
3065 1578 3240 1633 etiam
3273 1578 3644 1634 ostendimus
3675 1594 3792 1632 non

2133 1671 2278 1726 satis
2310 1687 2438 1725 esse
2490 1669 2635 1724 alios
2682 1670 2918 1741 quidem
2951 1669 3114 1723 cibos
3164 1667 3422 1737 rejicere,
3475 1667 3605 1722 aliis
3654 1683 3791 1721 vero

2133 1758 2483 1830 simpliciter
2499 1757 2722 1826 satiari;
2750 1759 2850 1813 sed
2874 1758 2931 1811 in
2954 1757 3049 1811 his
3068 1757 3240 1811 etiam
3267 1773 3380 1811 non
3406 1757 3580 1811 modo
3601 1771 3792 1826 quan-

2135 1850 2390 1914 titatem,
2423 1865 2549 1919 quas
2582 1848 2655 1902 ob
2688 1847 2914 1919 copiam
2937 1846 3093 1901 idem
3125 1850 3320 1917 potest
3350 1862 3416 1900 ac
3449 1862 3565 1899 non
3593 1861 3795 1901 conve-

2137 1937 2361 1992 nientes
2393 1936 2505 1992 cibi
2539 1936 2788 2005 efﬁcere,
2819 1935 3213 2007 temperantia
3245 1935 3602 1989 metiendam
3636 1951 3790 1998 esse,

2134 2027 2231 2082 sed
2269 2028 2445 2081 etiam
2479 2025 2982 2096 qualitatem,quaa
3017 2024 3342 2096 saepeidem
3372 2023 3608 2078 valetac
3630 2023 3786 2077 noxii

2131 2115 2446 2171 manifeste
2473 2114 3065 2182 cibi,discernendam
3099 2129 3248 2180 esse;
3269 2129 3334 2167 ac
3357 2111 3596 2168 omnino
3616 2110 3790 2165 Verbi

2130 2206 2383 2260 cultores
2434 2204 2720 2259 rationem
2773 2203 2831 2257 in
2888 2202 3141 2258 ascetica
3192 2201 3311 2257 vita
3356 2202 3566 2256 ducem
3619 2201 3788 2272 sequi

2128 2295 2358 2350 debere.
2394 2310 2508 2348 non
2545 2292 2831 2363 impetum
2858 2310 2891 2346 a
2921 2291 3145 2347 ratione
3177 2289 3457 2345 alienum.

2199 2401 2283 2455 ll.
2320 2401 2482 2466 Quod
2517 2399 2563 2455 si
2613 2399 2821 2472 diliges
2865 2398 3196 2471 proximum
3244 2401 3414 2452 tuum
3465 2400 3530 2452 ut
3568 2399 3778 2452 temet-

2124 2490 2407 2562 ipsum,et
2437 2494 2671 2561 propter
2693 2489 2799 2544 hoc
2826 2493 3178 2560 praeceptum
3200 2486 3252 2543 ei
3283 2486 3381 2558 qui
3416 2486 3560 2541 dixit
3585 2503 3596 2541 :
3622 2487 3771 2544 025

2125 2580 2311 2634 Nudus
2342 2595 2493 2633 eram
2522 2569 2574 2633 et
2621 2579 2914 2649 aperuisti:
2942 2594 3051 2644 me,
3110 2579 3557 2647 esurientemque
3597 2577 3778 2629 nutri-

2123 2671 2302 2732 vistz's,
2334 2673 2384 2724 et
2414 2669 2701 2738 inﬁrmum
2721 2657 2987 2722 visﬂastis
3007 2666 3371 2732 ‘9‘,studiose
3393 2666 3772 2736 opitulamur.

2125 2757 2178 2812 Is
2211 2756 2454 2813 simulat
2483 2756 2950 2812 observationem
2985 2755 3278 2827 praecepti,
3314 2754 3412 2826 qui
3444 2754 3611 2810 alteri
3647 2753 3777 2824 qui-

2123 2847 2256 2902 dem
2290 2845 2563 2918 opitulari
2595 2845 3204 2916 studet,semetipsum
3250 2848 3445 2899 autem
3480 2843 3779 2898 inﬁrmum

2123 2936 2438 2991 crudeliter
2471 2936 2681 3007 perdit.
2728 2939 2873 2989 Nam
2898 2934 2998 3004 qui
3044 2933 3429 3004 semetipsum
3453 2949 3651 2988 amare
3684 2949 3786 2986 ne-

2123 3024 2256 3089 scit,
2289 3022 2472 3094 liquet
2501 3024 2570 3078 ab
2602 3038 2668 3078 eo
2700 3022 3029 3094 proximum
3064 3021 3212 3077 falso
3245 3021 3433 3093 diligi,
3468 3021 3561 3076 cui
3587 3022 3788 3076 studet

2123 3111 2526 3182 providere.Et
2549 3111 2841 3181 quomodo
2865 3109 3496 3182 praeceptumlegitime
3525 3107 3784 3180 impleat,

2130 3199 2225 3270 qui
2259 3199 2409 3255 servi
2441 3199 2702 3270 corporis
2754 3216 2995 3254 causam
3045 3216 3158 3253 non
3211 3203 3363 3253 recte
3403 3197 3654 3268 judicat,
3684 3198 3786 3253 sed

2138 3251 2225 3270 τη
2261 3251 2407 3255 ,-,_,
2762 3251 2994 3254 _a-_-_,,_
3403 3251 3427 3268 υ
3492 3251 3512 3252 η
3638 3251 3653 3261 ,
3694 3251 3737 3253 η

2047 3251 2090 3317 C
2129 3287 2277 3342 illud
2308 3289 2598 3359 castigare
2625 3290 2926 3358 professus
2958 3304 3058 3358 per
3101 3303 3341 3342 causam
3396 3285 3696 3356 redigendi
3725 3285 3784 3340 in

2128 3377 2492 3445 servitutem,
2512 3377 2944 3431 inconsiderato
2977 3377 3202 3447 impetu
3232 3375 3379 3430 male
3411 3375 3708 3429 consumit
3729 3381 3785 3430 et

2128 3464 2415 3537 perimit?
2445 3465 2745 3527 Quomodo
2769 3464 2926 3519 enim
2945 3465 3138 3519 adhuc
3163 3480 3394 3518 servum
3417 3462 3527 3518 erit
3557 3463 3781 3519 domini

2125 3555 2323 3624 ipsum
2357 3554 2664 3608 dominum
2698 3554 2770 3608 ad
2803 3553 3079 3609 solatium
3107 3551 3596 3623 violentiae,quam
3621 3552 3692 3607 ab
3715 3569 3780 3608 eo

2126 3659 2369 3714 passum
2403 3648 2512 3710 est,
2542 3659 2774 3698 servum
2822 3643 3166 3713 accipiens?
3211 3641 3513 3704 Quomodo
3571 3642 3783 3697 serviet

2125 3731 2365 3787 domino
2398 3732 2467 3785 ad
2497 3732 2643 3786 bene
2674 3729 2807 3786 aliis
2839 3731 3195 3795 faciendum,
3239 3745 3444 3784 omnes
3475 3729 3578 3799 qui
3633 3730 3782 3784 bene

2126 3822 2313 3876 facere
2345 3825 2613 3891 possunt,
2645 3821 2718 3874 ad
2751 3836 2918 3875 suam
2951 3819 3140 3890 ipsius
3155 3835 3356 3873 curam
3392 3833 3594 3874 servos
3629 3817 3780 3873 acci-

2127 3910 2294 3980 piens
2315 3909 2341 3963 ?
2371 3909 2496 3964 Non
2527 3909 2682 3964 euim
2703 3909 2825 3978 jam
2855 3909 2927 3964 ad
2952 3907 3178 3962 virtutis
3203 3923 3378 3977 opera
3407 3906 3646 3962 domino
3670 3906 3782 3960 mi-

2125 3998 2444 4063 nistrabit;
2476 3999 2575 4052 sed
2611 3997 2668 4052 in
2701 3997 3044 4052 inﬁrmitate
3068 3999 3294 4068 jacens,
3326 3995 3547 4051 cmteris
3589 3996 3782 4051 omni-

2125 4086 2237 4141 bus
2254 4086 2366 4140 erit
2381 4085 2646 4141 beneﬁcii
2669 4085 3249 4154 materia,dominum
3276 4084 3497 4139 habens
3517 4085 3783 4139 omnium

2125 4173 2502 4229 miseratione
2533 4174 2883 4245 dignum,ob
2907 4189 3299 4228 aerumnosam
3320 4172 3471 4227 circa
3489 4171 3634 4226 iilud
3654 4189 3785 4244 ope-

2125 4281 2274 4334 ram,
2309 4279 2374 4319 ac
2404 4266 2600 4334 ipsum
2632 4263 2809 4319 etiam
2841 4280 3073 4319 servum
3121 4261 3542 4328 miserabilem,
3577 4260 3650 4316 ob
3684 4276 3784 4316 ac-

2127 4357 2326 4423 ceptas
2356 4370 2390 4406 a
2418 4353 2657 4408 domino
2686 4352 3046 4408 insanabiles
3077 4351 3300 4424 plagas.
3335 4351 3481 4406 Nam
3514 4366 3619 4405 nec
3656 4347 3783 4404 suis

2126 4442 2243 4512 iam
2275 4440 2484 4496 ofﬁciis
2513 4441 2792 4497 dominus
2823 4441 3092 4512 perfungi
3127 4439 3502 4512 potest,circa
3522 4438 3667 4494 illud
3691 4455 3782 4495 oc-

2128 4533 2399 4603 cupatus,
2437 4547 2540 4585 nec
2571 4529 2905 4585 necessario
2938 4529 3247 4601 colligatus
3277 4545 3410 4583 cum
3454 4545 3541 4594 eo,
3600 4527 3780 4585 libere

359 4611 655 4689 ἀσχολίαν,
683 4613 807 4669 ἀΛλ’
842 4611 965 4670 οὔτε
1003 4615 1356 4690 ἀναγκασθεὶς
1407 4613 1497 4670 διὰ
1541 4623 1642 4686 τῆς
1691 4618 1828 4694 πρὸς
1882 4618 2011 4672 αὐτὸ

2130 4620 2403 4676 evadendi
2435 4619 2747 4675 consilium
2772 4619 3030 4673 invenire
3055 4621 3379 4690 potest;nec
3403 4619 3774 4686 servus,dum

363 4700 682 4770 συνδέσεως,
714 4701 995 4777 ἐλεύθερος
1056 4704 1316 4782 ἀφεθῆναι
1373 4703 1607 4760 ἐπίνοιαν
1653 4700 1790 4780 ἔχει·
1827 4703 1949 4762 οὔτε
1979 4709 2007 4762 ὁ

366 4787 565 4852 δοῦλος
596 4788 674 4844 ἔτι
704 4790 889 4855 ὶλὲους
929 4794 1139 4869 τυχὼν,
1170 4793 1569 4864 ἀνακτήσασθαι
1619 4796 1718 4864 τὴν
1769 4797 2008 4870 πρεπου-

366 4899 458 4934 σαν
490 4877 626 4953 πρὸς
683 4880 777 4934 τὸν
836 4878 1103 4952 δεσπότην
1157 4879 1430 4938 δουλείαν·
1465 4882 1592 4939 ἀλλ’
1625 4883 1652 4938 ὁ
1699 4880 1882 4958 ἕτερος
1930 4890 2009 4958 τῷ

365 4967 532 5042 ἑτέρῳ
566 4967 818 5032 ὑπόθεσις
868 4969 1087 5026 ἀνιάτου
1135 4969 1507 5050 κολαστηρίου
1567 4973 1878 5048 γενόμενος,
1910 4975 2008 5044 τὴν

365 5056 592 5133 ἀλογίαν
631 5056 844 5135 ἔχουσι,
875 5063 974 5114 106
1005 5059 1082 5124 εἷς
1108 5060 1170 5115 τὸ
1197 5057 1574 5136 δεσμωτήριον
1613 5067 1774 5119 τοῦτο
1831 5063 2010 5143 ἀμφο-

433 5233 503 5271 ⁵⁹¹
531 5235 738 5294 Matth.
770 5254 900 5308 xxv,
931 5238 1021 5293 36.

432 5410 510 5483 (9)
533 5410 917 5491 ’ᾼποσυλῶσφ
985 5413 1184 5491 Regiis
1241 5417 1368 5473 cod.
1428 5418 1591 5488 2879,
1640 5416 2007 5491 ἀποσυλοῦσα,

359 5486 419 5540 et
439 5483 624 5557 paulo
657 5490 810 5557 post,
836 5485 1009 5557 fctum
1040 5483 1186 5542 νὸῦν.

427 5555 939 5636 (1Ολξωφροσύνῃ.
974 5559 1069 5636 _Sic
1097 5557 1470 5616 Colbertinus
1503 5566 1561 5618 et
1591 5579 1746 5619 unus
1797 5579 1866 5619 ex
1909 5565 2012 5620 Re-

362 5624 725 5705 giis_._Editi','
739 5624 1116 5705 σωφροσύνην.

434 5698 549 5771 (11)
605 5698 937 5774 Πεινῶνίὰι,
997 5698 1373 5776 ἐπεσκέψασθε.
1450 5705 1576 5763 Duo
1651 5711 1875 5763 veteres
1940 5706 2009 5761 li-

2117 4709 2309 4765 adbuc
2341 4709 2592 4779 benigne
2624 4713 2882 4776 curatur,
2905 4724 3224 4779 congruam
3253 4707 3492 4763 domino
3524 4707 3776 4763 servitu-

2119 4802 2236 4853 tem
2267 4813 2612 4868 recuperare
2646 4813 2658 4852 :
2695 4797 2797 4852 sed
2829 4813 2963 4852 cum
2987 4796 3133 4852 alter
3154 4796 3321 4851 alteri
3346 4795 3593 4851 materia
3614 4795 3773 4850 insa-

2121 4886 2335 4943 nabilis
2366 4888 2444 4942 sit
2474 4886 2771 4959 supplicii,
2808 4887 3086 4959 probrum
3119 4886 3427 4942 dementia;
3459 4883 3775 4955 sustinent,

2121 4981 2179 5034 et
2209 4994 2242 5033 a
2272 4976 2554 5048 magistro
2587 4977 2948 5045 certaminis,
2983 4977 3082 5048 qui
3133 4975 3337 5031 ambos
3370 4972 3506 5029 huic
3558 4970 3777 5028 carceri

2121 5066 2388 5138 illigavit,
2422 5071 2479 5123 et
2507 5083 2541 5122 ε,
2571 5067 3002 5136 spectatoribus
3049 5067 3338 5134 inustum,
3369 5078 3435 5118 eo
3487 5062 3648 5134 quod
3702 5061 3777 5116 ad

2121 5422 2486 5496 bri,_1mvfbv,
2531 5419 2620 5475 καὶ
2679 5416 2936 5496 ἐθριψατὲ
2992 5437 3076 5491 με,
3111 5416 3370 5489 ἀσθενῶν,
3402 5414 3493 5470 καὶ
3553 5413 3771 5470 ἆπεσκὲ-

2121 5493 2291 5566 ψασθὲ
2325 5513 2411 5564 με.
2741 5493 2749 5496 ⁷
2820 5493 2826 5494 ί

2194 5567 2305 5636 (12)
2340 5569 2457 5626 ’Πς.
2491 5565 2626 5619 Cod.
2662 5568 2801 5636 Reg.
2832 5563 2994 5630 2879,

2336 5636 2469 5710 Ilcpi
2514 5638 2696 5710 τοῦτο.
2747 5630 2906 5710 Idem
2951 5630 3540 5710 COdeXL‘lﬂpt-‘Taptb
3610 5647 3765 5702 περι-

2120 5699 2372 5778 κειμένην
2401 5699 2567 5776 ἀῦτῷ.
2604 5708 2671 5764 Et
2698 5705 2873 5778 paulo
2905 5710 3056 5777 post,
3088 5699 3283 5758 τούτοὺ
3315 5699 3545 5760 ἀδικίαν.
