4150 6430
393 438 513 500 693

1627 438 1860 501 LIBER
1903 439 2005 499 DE
2052 437 2592 500 VIRGINITATE.

3691 435 3811 496 69‘

394 578 493 640 τῆς
526 572 808 642 ἀσκήσεως
867 567 949 625 δεῖ
1003 568 1344 642 ὑποτὲμνεινο
1398 570 1460 624 τὸ
1519 566 1576 624 δὲ
1625 567 1914 646 χρειῶδες,
1967 569 2011 623 εί

2157 571 2215 626 id
2249 572 2365 626 vlta
2393 571 2646 626 ascetica
2676 568 2925 626 resecari
2971 569 3144 624 debet
3175 585 3188 625 :
3222 567 3377 639 quod
3412 569 3610 622 autem
3643 566 3808 639 utile,

393 662 492 730 τήν
547 665 643 715 τοῦ
698 659 872 716 καλοῦ
947 665 1137 729 κτῆσιν
1192 658 1598 733 προνοούμενον
1636 701 1655 728 ,
1713 664 1995 732 συντηρεῖν
2028 703 2040 715 .

396 753 604 824 Βρῶμα
655 751 759 824 γὰρ
819 751 966 822 ἡμᾶς
1029 747 1091 803 ού
1148 745 1439 822 παρίστησι
1497 753 1577 820 τῷ
1625 747 1759 820 Θεῷ.
1812 747 1888 805 Οὐ
1941 749 2041 824 γάρ

392 839 533 895 ἐστιν
592 841 628 908 ἡ
710 837 961 914 βασιλεία
1032 835 1128 892 τοῦ
1204 842 1337 892 Θεοῦ
1419 838 1621 913 βρῶσις
1678 837 1766 892 καὶ
1829 837 1989 898 πόσις
2028 877 2041 903 ,

392 927 540 984 ἀλλά
597 925 909 998 δικαιοσύνη
969 928 1059 982 καὶ
1128 927 1320 1001 εἰρήνη
1381 927 1469 981 καὶ
1530 927 1676 1002 χαρὰ
1733 927 1783 980 ἐν
1844 925 2041 982 Μνεύ-

397 1039 523 1092 ματι
582 1017 739 1094 ἀγίῳ.
800 1017 878 1072 Δι’
937 1013 968 1070 ἃ
996 1015 1089 1071 καὶ
1119 1018 1153 1086 ἡ
1185 1019 1292 1070 τῶν
1333 1017 1640 1092 βρωμάτων
1675 1016 1860 1092 ἀποχὴ
1909 1015 2042 1089 μετά

394 1107 566 1182 λόγου
615 1100 1124 1181 παραλαμϐάνεται.
1173 1105 1322 1163 Ἐπεὶ
1377 1105 1506 1160 αὐτὸ
1555 1106 1672 1168 καθ’
1731 1105 1889 1159 ἑαυτὸ
1937 1105 2036 1172 τήν

394 1198 613 1271 ἀποχήν
667 1199 775 1250 τῶν
844 1194 1149 1270 βρωμάτων
1209 1193 1268 1248 ἂν
1326 1193 1598 1270 ἐξετάζῃς,
1652 1194 1842 1272 φησίν·
1901 1192 2039 1251 Οὔτε

392 1283 476 1338 ἐὰν
513 1285 587 1356 μὴ
648 1284 928 1361 φάγωμεν,
987 1282 1374 1359 ὑστερούμεθα,
1437 1283 1559 1338 οὕτε
1609 1283 1695 1336 ἐὰν
1754 1283 2034 1359 φάγωμεν,

387 1371 794 1448 περισσεύομεν.
855 1369 994 1430 Οῦτε
1048 1372 1148 1448 γὰρ
1205 1374 1257 1426 οὶ
1321 1374 1395 1445 μὴ
1458 1371 1724 1435 ἐσθίοντες
1771 1370 1936 1426 πλέον
1983 1392 2032 1425 τι

384 1459 572 1538 ἔχουσι
619 1465 729 1516 τῶν
780 1461 1064 1525 ἐσθιόντων
1113 1460 1166 1516 ἐν
1217 1461 1406 1537 ἀρετῇ,
1450 1463 1566 1515 κατ’
1597 1460 1726 1515 αὐτὸ
1775 1461 1940 1533 μόνον
1972 1461 2033 1514 τὸ

386 1552 463 1622 μὴ
519 1549 712 1613 ισθίειν
748 1568 762 1582 ο
823 1547 946 1604 οὔτε
1023 1551 1076 1604 οἱ
1153 1549 1418 1611 ἐσθίοντες
1481 1547 1705 1605 ἔλαττον
1775 1553 1883 1603 τῶν
1953 1549 2028 1621 μὴ

381 1637 685 1708 ἐσθιόντων,
740 1638 858 1693 κατ’
913 1637 1041 1694 αὐτὸ
1102 1639 1262 1712 μόνον
1315 1638 1378 1693 τὸ
1427 1637 1640 1706 ἐσθίειν,
1677 1637 1762 1692 ἐὰν
1796 1639 1831 1708 ἡ
1877 1634 2027 1692 ἔνδον

379 1727 554 1782 αῦτῶν
585 1729 746 1804 ἀρετὴ
800 1727 1127 1799 ὲξισάζηται.
1177 1728 1387 1786 Οὐκοῦν
1441 1728 1576 1802 πρὸς
1623 1728 1722 1795 τήν
1780 1727 1833 1782 ἐν
1874 1729 2028 1803 ψυχῇ

380 1817 576 1892 ἀρετὴν
605 1817 926 1893 ἀφορῶντας
957 1814 1132 1872 δεῖτά
1179 1817 1303 1893 περὶ
1352 1821 1512 1888 σῶμα
1561 1815 1732 1870 πάντα
1767 1817 2024 1889 μετιὲναι.

380 1906 460 1963 Οὐ
507 1905 608 1982 γὰρ
655 1901 786 1961 ὄντα
840 1905 986 1962 καλὰ
1035 1907 1155 1969 καθ’
1212 1905 1393 1973 ἑαυτὰ,
1445 1904 1535 1959 διὰ
1571 1909 1671 1973 τὴν
1719 1909 1816 1960 τοῦ
1855 1903 2028 1960 καλοῦ
2059 1944 2105 2009 Β

382 1993 676 2068 ὑπηρεσίαν
720 1993 862 2048 καλὰ
905 1993 1257 2066 κοσμούμενα
1306 1993 1524 2068 γίνεται.
1582 1996 1695 2049 Ἵνα
1752 1997 1882 2068 γοῦν
1947 1996 2023 2067 μὴ

377 2079 743 2154 ἐμποδίζηται
791 2084 827 2152 ἡ
876 2082 1013 2158 πρὸς
1060 2081 1122 2136 τὸ
1168 2081 1335 2137 καλὸν
1387 2081 1654 2157 ὑπηρεσία
1681 2085 1748 2155 τῇ
1782 2083 2026 2154 ἀσθενείᾳ

375 2169 472 2225 τοῦ
505 2170 780 2244 σώματος,
815 2168 982 2243 Oi'vq),
1037 2169 1223 2248 φησὶν,
1270 2169 1445 2247 ὀλίγῳ
1494 2174 1618 2247 χρῶ
1667 2168 1756 2225 διὰ
1783 2171 1874 2225 τὸν
1908 2172 2026 2225 στό-

379 2257 556 2333 μαχόν
631 2281 727 2314 σου
804 2259 895 2314 καὶ
960 2258 1054 2322 τὰς
1130 2258 1332 2322 πυκνάς
1410 2280 1504 2316 σου
1581 2259 1873 2323 ἀσθενείας.
1934 2262 2022 2323 Ὠς

372 2348 471 2422 γὰρ
506 2346 678 2416 ζέοντι
737 2345 808 2403 δι’
836 2347 1018 2421 ἀκμὴν
1075 2349 1162 2404 καὶ
1226 2353 1524 2426 σφριγῶντι
1580 2353 1658 2420 τῷ
1715 2351 1927 2422 σώματι
1960 2349 2022 2404 ού

371 2432 472 2505 δεῖ,
505 2437 744 2510 καθάπερ
775 2434 883 2508 ⁴ἒςδη
917 2437 1262 2513 προείρηται,
1295 2442 1401 2512 πῦρ
1451 2437 1538 2492 ἐπὶ
1570 2443 1676 2512 πῦρ
1727 2439 2019 2515 ὀχετεύειν·

368 2524 542 2588 οὕτως
601 2522 726 2581 οὕτε
776 2527 1218 2602 καταψυχομένῳ
1265 2530 1334 2592 τῆ
1391 2527 1651 2598 ἀσθενείᾳ,
1699 2527 1762 2582 τὸ
1809 2527 2020 2602 ψυχρὸν

367 2610 444 2668 ἔτι
475 2613 565 2669 καὶ
601 2612 815 2687 μᾶλλον
863 2609 1179 2678 ἐπιϐλαϐῶς
1229 2613 1535 2672 ἔπαντλεῖν.
1584 2613 1744 2670 Ἀλλ’
1795 2616 1871 2677 ὡς
1913 2615 2024 2670 ἐκεῖ

365 2704 429 2758 τὸ
457 2702 593 2758 κατὰ
623 2702 780 2780 φύσιν
833 2703 1030 2777 θερμὸν
1079 2708 1158 2776 τῷ
1209 2704 1452 2782 ὑφαιρεῖν
1503 2704 1598 2767 τὰς
1650 2703 1840 2775 ἔξωθεν
1887 2702 2021 2767 ὕλας

368 2789 779 2866 ἑκδαπανῶμεν,
831 2791 974 2849 οὕτω
1045 2790 1348 2863 δαπανηθὲν
1419 2798 1580 2849 τοῦτο
1630 2799 1748 2856 τοῖς
1805 2794 2017 2864 πόνοις,

367 2881 456 2936 καὶ
489 2880 687 2938 λοιπὸν
743 2879 812 2936 δι’
859 2880 1081 2952 ἠλικίαν
1115 2881 1152 2952 ἢ
1190 2882 1346 2937 νόσον
1410 2877 1791 2956 σϐεννύμενον,
1825 2880 2018 2954 ἔξωθεν

367 2969 664 3046 ἑναύσμασι
707 2974 820 3046 (19)
893 2972 1219 3047 βοηθοῦντες
1278 2971 1718 3045 ἀναληψόμεθα.
1781 2973 2022 3048 Εἰρήνης

366 3060 465 3135 γὰρ
500 3057 584 3114 δεῖ
629 3061 717 3115 καὶ
761 3059 814 3115 ἂν
860 3064 941 3132 τῷ
993 3060 1204 3132 σώματι
1256 3065 1507 3135 προνοεῖν
1557 3066 1638 3132 τῷ
1685 3061 2018 3132 ἀσθενοῦντι,

367 3149 474 3202 τῶν
505 3147 777 3224 τεττάρων
816 3152 992 3223 μερῶν
1027 3147 1077 3220 ἐξ
1109 3149 1182 3202 ὧν
1204 3148 1534 3223 ἡρμόσμεθα
1559 3152 1674 3222 (20)
1703 3149 2020 3223 ἁπανταχοῦ

366 3236 808 3312 παριπαμενων,
869 3233 956 3290 ἵνα
1017 3236 1093 3308 μὴ
1156 3236 1442 3306 ἐκνικῆσάν
1498 3257 1631 3290 ποτε
1684 3237 1747 3290 τὸ
1777 3235 1828 3291 ἐν
1881 3240 2016 3310 ἡμῖν

2156 661 2212 715 id
2243 660 2476 715 virtutis
2527 659 2975 730 acquisitionem
3027 658 3134 713 sibi
3187 655 3539 729 proponenti
3571 673 3809 712 conser-

2154 749 2427 804 vandum.
2467 751 2608 804 Esca
2636 750 2786 803 enim
2824 765 2919 803 nos
2950 749 3056 802 Deo
3085 762 3195 802 non
3225 745 3568 802 commendat
3586 746 3654 799 ⁸³.
3687 750 3810 802 Non

2151 846 2230 894 est
2267 839 2411 892 enim
2463 855 2694 908 regnum
2742 839 2836 893 Dei
2882 853 3001 893 esca
3049 845 3102 892 et
3147 843 3322 904 potus,
3352 834 3445 890 sed
3490 835 3713 900 iustitia
3757 838 3807 890 et

2151 943 2271 996 pax
2291 937 2340 982 et
2359 927 2627 997 gaudium
2648 929 2708 982 in
2731 927 2943 998 Spiritu
2965 928 3151 980 sancto
3170 925 3235 980 ⁵³.
3260 929 3503 996 Propter
3527 940 3654 995 quae
3680 923 3808 996 ipsa

2152 1016 2414 1071 ciborum
2450 1015 2805 1071 abstinentia
2834 1032 2964 1070 cum
3002 1016 3224 1070 ratione
3255 1013 3587 1069 adhibetur.
3619 1013 3806 1081 Siqui-

2150 1105 2282 1159 dem
2315 1107 2503 1176 ipsam
2534 1123 2636 1176 per
2657 1121 2717 1160 se
2740 1104 3155 1159 abstinentiam
3185 1103 3448 1158 ciborum
3473 1101 3520 1156 si
3543 1102 3805 1158 conside-

2149 1211 2264 1262 res,
2297 1195 2489 1266 inquit
2523 1212 2534 1250 :
2569 1197 2748 1266 Neque
2785 1196 2836 1248 si
2876 1209 2985 1249 non
3033 1192 3579 1260 manducaverimus,
3610 1190 3802 1262 defici-

2145 1301 2268 1338 mus
2297 1301 2316 1338 :
2346 1299 2521 1353 neque
2548 1285 2598 1337 si
2624 1283 3164 1350 manducaverimus,
3195 1280 3538 1336 abundamus
3559 1280 3626 1334 “.
3651 1279 3799 1336 Nam

2147 1390 2250 1428 nec
2279 1373 2377 1444 qui
2408 1391 2520 1428 non
2553 1374 2888 1439 comedunt,
2916 1375 3195 1443 praestant
3215 1371 3426 1426 virtute
3451 1369 3803 1425 comedenti-

2143 1463 2276 1531 bus,
2302 1467 2589 1534 quatenus
2635 1479 2750 1517 non
2783 1461 3126 1527 comedunt;
3161 1475 3267 1515 nec
3317 1459 3419 1530 qui
3463 1460 3798 1527 comedunt,

2141 1551 2448 1607 inferiores
2477 1555 2615 1606 sunt
2645 1567 2757 1606 non
2791 1549 3255 1615 comedentibus,
3280 1551 3572 1619 quatenus
3602 1564 3799 1602 come-

2140 1642 2311 1708 dunt,
2337 1641 2386 1696 si
2418 1641 2580 1695 intus
2611 1656 2815 1695 eorum
2841 1639 3027 1694 virtus
3048 1640 3406 1709 adaequetur.
3427 1636 3667 1709 Oportet
3693 1636 3797 1709 igi-

2139 1733 2252 1793 tur,
2279 1735 2344 1784 ut
2374 1730 2444 1784 ad
2478 1729 2685 1784 animae
2707 1729 2978 1784 virtutem
3014 1727 3412 1798 respicientes,
3435 1725 3636 1782 omnia
3663 1743 3792 1798 quas

2138 1820 2401 1891 corporis
2431 1823 2571 1874 sunt
2599 1833 3008 1888 exsequamur.
3035 1816 3179 1871 Cum
3211 1816 3368 1871 enim
3411 1831 3514 1886 per
3544 1830 3606 1871 se
3637 1815 3791 1871 bona

2139 1925 2253 1964 non
2287 1909 2427 1978 sint,
2462 1925 2564 1980 per
2608 1907 3024 1972 ministerium,
3051 1905 3204 1977 quod
3235 1903 3438 1959 virtuti
3487 1908 3788 1976 praastant,

2136 2003 2582 2069 consequuntur
2612 2002 2676 2050 ut
2704 1997 2858 2052 bona
2887 1997 3050 2050 fiant.
3081 1994 3162 2050 Ne
3212 1994 3393 2066 igitur
3430 1993 3788 2065 impediatur

2133 2087 2395 2142 debitum
2427 2086 2624 2162 virtuti
2680 2084 3073 2140 ministerium
3121 2083 3464 2138 inﬁrmitate
3501 2083 3784 2154 corporis.

2140 2177 2291 2240 Vino,
2325 2176 2539 2246 inquit,
2570 2174 2780 2230 modico
2809 2182 2961 2229 utere
3002 2176 3223 2244 propter
3259 2172 3602 2228 stomachum
3631 2179 3786 2227 tuum

2131 2273 2182 2320 et
2237 2266 2552 2338 frequentes
2607 2271 2736 2320 luas
2792 2262 3224 2333 inﬁrmitates“.
3275 2261 3784 2326 Quemadmodum

2132 2354 2291 2410 enim
2322 2353 2718 2410 eifervescenti
2761 2369 2864 2424 per
2901 2355 3130 2408 aatatem
3165 2355 3222 2406 et
3248 2350 3441 2406 valido
3471 2353 3789 2422 vegetoque

2132 2443 2360 2515 corpori
2386 2460 2500 2499 non
2523 2447 2767 2514 oportet,
2792 2445 2857 2496 ut
2872 2442 2995 2511 jam
3022 2439 3425 2511 praediximus,
3449 2439 3644 2510 ignem
3665 2438 3788 2510 igni

2132 2535 2376 2598 addere;
2396 2533 2476 2587 ita
2493 2548 2599 2588 nec
2625 2529 2959 2603 frigescenti
2983 2546 3099 2602 prae
3115 2528 3459 2583 inﬁrmitate
3482 2527 3760 2599 frigidum
3775 2572 3788 2592 ,

2132 2625 2286 2694 quod
2312 2623 2489 2677 etiam
2515 2621 2701 2692 magis
2723 2617 3117 2691 perniciosum
3143 2619 3308 2684 foret,
3331 2616 3660 2671 infundere.
3679 2617 3787 2671 Sed

2132 2710 2636 2784 quemadmodum
2669 2709 2791 2764 illic
2835 2708 2893 2763 id
2925 2707 3081 2778 quod
3132 2712 3342 2762 natura
3389 2705 3647 2761 calidum
3678 2708 3787 2776 est,

2130 2799 2532 2856 subtrahendo
2550 2799 2914 2854 extrinsecus
2934 2795 3232 2861 materiae,
3247 2794 3688 2850 consumimus:
3708 2793 3791 2850 ita

2130 2893 2551 2960 consumptum
2574 2885 2898 2953 laboribus,
2917 2885 3109 2955 etjam
3133 2888 3300 2938 aetate
3322 2885 3422 2938 aut
3444 2883 3647 2937 morbo
3669 2882 3787 2937 fere

2129 2979 2507 3046 exstinctum,
2523 2974 2779 3031 externis
2802 2973 3077 3028 fomentis
3098 2989 3268 3044 opem
3291 2971 3550 3041 ferendo,
3565 2987 3786 3026 recrea-

2130 3065 2496 3121 bimus.Paci
2521 3064 2677 3120 enim
2701 3064 2758 3117 in
2784 3077 3024 3132 corpore
3045 3059 3468 3131 providendum
3490 3063 3581 3114 est
3604 3058 3780 3115 etiam

2131 3155 2388 3222 inﬁrmo,
2412 3157 2846 3224 cumijuatuor
2891 3155 3108 3221 partes,
3143 3166 3212 3204 ex
3241 3149 3458 3220 quibus
3490 3147 3782 3218 compecti

2131 3260 2363 3315 sumus,
2388 3243 2607 3312 ubique
2638 3241 3042 3307 circumstent,
3067 3255 3139 3293 ne
3165 3238 3473 3308 siquando
3494 3237 3646 3293 629
3682 3253 3781 3292 su-

367 3311 567 3402 θερμὸν
597 3326 634 3396 ἢ
665 3325 897 3400 ψυχρὸν,
930 3323 965 3394 ἢ
991 3322 1046 3378 ’ὲν
1080 3323 1226 3388 ὅλως
1247 3345 1300 3380 τι
1321 3329 1428 3379 τῶν
1455 3324 1741 3400 τεττάρων,
1765 3324 2016 3399 πολέμου

2135 3311 2358 3405 paravit
2378 3311 2533 3402 quod
2565 3331 2624 3384 in
2658 3328 2828 3384 nobis
2855 3327 3112 3383 calidum
3134 3330 3221 3382 est
3243 3329 3346 3380 aut
3375 3325 3654 3396 frigidum
3683 3328 3787 3380 aut

363 3414 450 3468 καὶ
485 3412 876 3488 ἀναρμοστίας,
923 3413 1013 3468 καὶ
1069 3417 1166 3468 τοῦ
1217 3412 1267 3486 ἐξ
1319 3413 1589 3475 ἀσθενείας
1639 3411 1858 3490 οτίστρου
1909 3416 2020 3488 (21)

358 3505 458 3572 τήν
487 3501 673 3576 ψυχὴν
725 3500 1034 3575 ἀναπλήσῃ.
1087 3499 1267 3557 Ἀλλά
1310 3506 1478 3556 ταῦτα
1521 3503 1615 3575 μὶν
1649 3502 1725 3564 εἷς
1753 3504 1854 3572 τὴν
1889 3504 2015 3576 μίαν

357 3591 467 3646 τῶν
526 3589 866 3664 αἰσθήσεων,
920 3592 1020 3661 τήν
1069 3594 1250 3666 γεῦσιν
1302 3590 1495 3664 μόνον,
1542 3591 1674 3667 ὑπὲρ
1725 3598 1828 3661 τῆς
1881 3594 2018 3646 κατὰ

361 3685 523 3754 σῶμα
580 3678 892 3754 παρθενίας,
952 3676 1280 3756 συμμέτρως
1339 3679 1574 3755 εἰρήσθω
1609 3726 1623 3739 .
1673 3676 2017 3738 Μεταϐατὲον

362 3766 422 3823 δὲ
465 3768 660 3824 λοιπὸν
709 3769 799 3823 καὶ
836 3767 924 3823 ἰπὶ
969 3768 1066 3831 τὰς
1113 3767 1288 3832 ἄλλας
1341 3769 1643 3840 αἰσθήσεις,
1692 3771 1790 3840 τὴν
1834 3768 2018 3842 ἀληθῆ

362 3857 625 3931 παρθένον
659 3853 792 3912 ἰδεῖν
825 3856 1181 3932 προκείμενον
1214 3854 1469 3934 ἔχοντας.

434 3947 524 4004 43.
559 3945 758 4001 Ἰστιον
789 3947 904 4020 (22)
936 3945 1027 4000 οῦν
1053 3951 1168 4008 τοῖς
1194 3948 1294 4016 τὴν
1348 3948 1672 4021 θεράπαιναν
1711 3955 1812 4018 τῆς
1844 3944 2014 4012 ὄντως

361 4035 678 4110 παρθενίας,
735 4031 826 4090 διὰ
869 4038 970 4100 τῆς
1031 4035 1252 4110 ἀποχῆς
1297 4040 1406 4090 τῶν
1467 4041 1712 4114 τροφῶν,
1767 4038 1858 4092 καὶ
1914 4045 2015 4108 τῆς

361 4122 536 4192 ἄλλης
596 4121 1023 4200 σκληραγωγίας
1078 4127 1340 4199 παρθένον
1391 4124 1773 4202 φυλάττουσιν,
1807 4125 1889 4182 ὅτι
1923 4125 2017 4182 δυς

362 4215 522 4269 νατὸν
547 4214 812 4287 παρθάνον
846 4212 1045 4290 ἔχοντα
1076 4219 1255 4288 σῶμα,
1290 4217 1365 4287 μὴ
1412 4214 1671 4291 παρθένον
1723 4213 1871 4290 ἔχειν
1914 4219 2013 4286 τήν

361 4304 574 4377 ψυχήν,
604 4303 807 4359 Ἱκανὸν
838 4302 937 4377 γὰρ
985 4303 1075 4358 καὶ
1123 4305 1236 4376 (23)
1270 4300 1498 4378 βλέμμα
1538 4302 1741 4367 τύπους
1783 4303 2017 4379 ἐμποιῇ-

363 4413 450 4446 σαι
478 4396 585 4448 τῶν
632 4391 878 4467 αἰσχρῶν
907 4396 976 4466 τῇ
1007 4396 1186 4468 ψυχῇ,
1217 4392 1306 4447 καὶ
1359 4392 1523 4469 λόγος
1568 4395 2013 4472 πεφαρμακωμέ-

361 4501 455 4543 νος
483 4482 596 4554 (24)
625 4481 763 4555 πρὸς
795 4477 1001 4550 ἡδονὴν
1049 4479 1298 4554 ἐμπεσὼν
1326 4485 1393 4554 τῇ
1446 4483 1583 4556 ἀκοῇ
1634 4489 1846 4560 φθεῖραι
1876 4485 2014 4559 πρὸς

358 4568 657 4626 ἀκολασίαν
683 4571 776 4625 τὸν
819 4574 967 4627 νοῦν.
1000 4565 1325 4626 Εὐλαϐεῖται
1373 4575 1504 4645 γοῦν
1560 4573 1588 4626 ὁ
1616 4575 2006 4650 νυμφαγωγὸς,

2128 3423 2368 3477 omnino
2392 3436 2578 3475 unum
2600 3417 2835 3490 aliquod
2854 3433 2923 3472 ex
2944 3420 3217 3488 quatuor,
3237 3414 3388 3470 bello
3410 3419 3468 3470 et
3490 3414 3786 3470 discordia

2127 3517 2185 3568 et
2213 3514 2340 3566 orto
2362 3526 2430 3565 ex
2460 3507 2804 3563 infirmitate
2824 3510 2999 3561 castro
3025 3504 3284 3559 animam
3308 3502 3568 3574 impleat.
3593 3507 3785 3573 Atque

2128 3601 2249 3656 haec
2281 3598 2517 3670 quidem
2549 3597 2619 3652 de
2641 3613 2757 3651 uno
2789 3611 2858 3650 ex
2879 3593 3174 3657 sensibus,
3202 3608 3414 3665 nempe
3435 3597 3612 3664 gustu
3634 3590 3782 3659 solo,

2127 3706 2304 3761 super
2348 3686 2611 3759 corporis
2666 3683 3002 3755 virginitate
3058 3682 3204 3738 satis
3259 3682 3417 3736 dicta
3474 3681 3614 3736 sint.
3645 3681 3778 3736 Jam

2124 3777 2554 3834 transeundum
2588 3779 2644 3830 et
2670 3774 2741 3828 ad
2773 3772 2920 3829 alios
2951 3786 3186 3838 sensus,
3208 3785 3340 3826 cum
3370 3785 3564 3826 veram
3598 3768 3777 3840 virgi-

2125 3883 2260 3923 nem
2290 3865 2482 3920 videre
2513 3862 2683 3918 nobis
2715 3861 3083 3933 propositum
3115 3858 3213 3913 sit.

2198 3955 2284 4010 13.
2317 3953 2632 4009 Sciendum
2663 3954 2749 4005 est
2779 3949 2893 4017 bis,
2919 3950 3016 4019 qui
3052 3946 3332 4002 famulam
3360 3961 3504 4002 versa
3537 3944 3777 4018 virgini-

2124 4044 2287 4110 tatis,
2310 4058 2412 4114 per
2441 4037 2860 4095 abstinentiam
2893 4036 3159 4092 ciborum
3180 4040 3237 4091 et
3261 4034 3550 4106 reliquam
3579 4039 3777 4090 auste-

2124 4133 2358 4187 ritatem
2375 4127 2658 4200 virginem
2675 4125 3035 4194 custodiunt,
3050 4123 3174 4180 fieri
3197 4139 3388 4196 posse,
3403 4128 3469 4178 ut
3490 4122 3778 4196 virginem

2125 4236 2340 4291 corpus
2391 4219 2619 4284 habeat,
2651 4214 2750 4286 qui
2783 4213 3066 4284 virginem
3107 4212 3368 4269 animam
3414 4228 3531 4267 non
3581 4211 3777 4268 habet.

2124 4311 2318 4365 Potest
2334 4307 2489 4364 enim
2509 4305 2598 4360 vel
2615 4307 2888 4374 espectus
2904 4301 3129 4374 species
3154 4301 3490 4374 imprimere
3511 4299 3771 4371 turpium

2126 4414 2319 4455 rerum
2351 4397 2410 4451 in
2445 4395 2660 4461 anima,
2680 4392 2766 4448 vel
2792 4407 2982 4448 sermo
3013 4392 3085 4446 ad
3111 4389 3469 4460 voluptatem
3501 4388 3774 4444 conditus

2123 4487 2184 4543 in
2233 4503 2404 4543 aures
2451 4483 2738 4552 incidens,
2770 4481 3036 4536 animum
3086 4478 3452 4550 impudicitia
3505 4494 3773 4534 corrum-

2126 4594 2279 4650 pere.
2313 4578 2487 4630 Cavet
2533 4572 2716 4645 igitur
2765 4569 3067 4641 pronubus
3098 4585 3170 4624 ne
3213 4571 3629 4639 corrumpatur
3658 4584 3773 4624 non

365 4661 562 4732 μήπως
612 4663 793 4738 φθαρῇ
843 4658 904 4714 ού
955 4659 1018 4714 τὸ
1067 4663 1256 4732 σῶμα,
1307 4657 1454 4715 ἀλλὰ
1497 4661 1564 4715 τὰ
1608 4664 1858 4734 νοήματα
1896 4668 2004 4719 τῶν

2135 4665 2298 4722 modo
2319 4679 2552 4734 corpus,
2569 4663 2668 4716 sed
2701 4660 2877 4714 etiam
2899 4658 3172 4730 cogitatio
3195 4673 3398 4713 eorum
3424 4656 3527 4729 qui
3547 4656 3775 4712 Christo

359 4746 786 4822 νυμφειιομὲνων
844 4751 1060 4823 Χριστῷ
1094 4789 1106 4803 .
1169 4747 1263 4802 Διὸ
1318 4745 1398 4803 δεῖ
1453 4749 1552 4818 τήν
1598 4750 1860 4815 παρθένον
1899 4755 2006 4829 πρὸ

2119 4751 2459 4827 desponsati
2500 4753 2658 4806 sunt.
2689 4747 3052 4818 Quapropter
3097 4750 3325 4817 oportet
3355 4749 3420 4800 ut
3446 4745 3609 4817 virgo
3641 4749 3776 4801 ante

362 4838 458 4888 τοῦ
490 4835 744 4908 σώματος
779 4834 1017 4910 μάλιστα
1055 4841 1241 4909 τηρεῖν
1281 4837 1381 4906 τὴν
1431 4839 1641 4914 ψυχὴν,
1677 4839 1738 4894 οὗ
1767 4840 1876 4896 τινὶ
1911 4843 2006 4915 μὲν

2135 4859 2332 4915 torpus
2354 4839 2608 4896 maxime
2629 4837 2887 4893 animam
2915 4840 3127 4900 servet,
3151 4852 3265 4890 non
3289 4833 3558 4891 custodia
3576 4833 3776 4905 aliqua

363 4921 580 5000 φυλακῇ
631 4923 832 4994 ταύτην
889 4929 1183 5001 τηροῦσαν,
1247 4927 1348 4983 τινὶ
1395 4923 1454 4982 δὲ
1499 4925 1691 4992 ἀπλῶς
1738 4929 2008 5008 ἀφιεῖσαν,

2117 4933 2281 4990 illam
2311 4945 2572 4996 servans,
2603 4926 2800 4998 aliquo
2829 4941 2966 4982 vero
2999 4924 3418 4982 incustoditam
3449 4922 3773 4991 dimittens,

428 5098 476 5134 ⁸³
505 5097 527 5155 I
555 5098 687 5156 Cor.
719 5114 846 5167 vm,
877 5098 932 5154 8.
1009 5098 1056 5134 ”
1086 5097 1254 5156 Hom.
1286 5116 1405 5168 xxv,
1439 5101 1526 5157 17.
1601 5101 1648 5137 ⁶⁴
1677 5102 1700 5158 Ι
1729 5106 1861 5160 Cor.
1894 5121 2019 5179 νιιι,

2181 5105 2226 5141 ⁸⁵
2255 5105 2277 5161 Ι
2305 5102 2459 5159 Tim.
2487 5117 2543 5168 v,
2574 5101 2665 5154 23.

428 5273 539 5345 (19)
571 5270 920 5345 Ἐναύσμασι.
946 5271 1042 5329 Sic
1071 5288 1195 5345 ope
1211 5271 1375 5345 Regii
1405 5273 1623 5345 codicis
1650 5275 1793 5332 2879
1811 5293 2009 5334 emen-

356 5343 626 5402 davimus
657 5343 813 5416 quod
847 5343 1156 5416 legebatur
1181 5343 1241 5399 in
1275 5343 1469 5413 editis,
1501 5343 1723 5416 νάμασι.

427 5417 539 5506 (20)
607 5414 976 5506 :gppdeu50:a.
1047 5416 1292 5506 deic’es
1362 5414 1665 5506 nonnulli,
1714 5419 2007 5506 ’συνηρμό-

355 5499 548 5560 σμεθα.
610 5489 769 5545 Unus
807 5493 1025 5572 codex,
1078 5489 1331 5562 ἡρμόσθη
1358 5533 1371 5553 ,
1442 5491 1770 5573 supplendo
1829 5489 2007 5564 σῶμα.

355 5559 535 5616 Paulo
565 5564 712 5634 post
728 5561 892 5632 editi,
922 5563 1343 5634 παριστάμενον.
1379 5559 1518 5634 Mss.
1555 5568 1619 5618 ut
1647 5581 1704 5617 ll]
1736 5570 1915 5620 textu.

402 5633 540 5714 ,(21)
568 5629 908 5716 “augeat...
947 5629 1327 5716 o't'erpoq._-'Sic
1370 5633 1549 5716 editio
1580 5634 1799 5716 Veneta
1828 5643 1885 5692 et
1914 5653 2010 5693 co-

355 5703 700 5783 dices'nisst
726 5703 1080 5783 Parisiensis
1109 5705 1310 5783 editio,
1341 5703 1935 5783 πόλεμον...-οῖσ-ςρον.

429 5775 544 5850 (22)
572 5775 790 5837 ’lntov.
822 5777 918 5838 Sic
961 5794 1108 5838 mss.
1139 5777 1371 5838 codices
1399 5775 1627 5838 omnes.
1658 5775 1836 5850 Editi',
1873 5778 2004 5836 ἴστε.

2122 5279 2257 5336 Mox
2285 5291 2439 5332 unus
2469 5291 2538 5331 ex
2568 5265 3224 5345 Regiis,_¥xovyg_a&)pa.

2191 5349 2304 5421 (23)
2336 5345 2455 5405 Καί.
2509 5338 3108 5417 Conjﬁnctio”addita
3130 5338 3214 5396 ex
3244 5354 3384 5394 mss.
3419 5341 3476 5395 et
3521 5338 3777 5396 editione

2118 5421 2879 5566 ve(gziailevaese3swtm°<-
2924 5483 3186 5566 Ωῐίειυον
3248 5496 3417 5566 τηββυ
3447 5557 3457 5566 .
3485 5499 3772 5559 πεφαρμα-

2119 5556 2344 5636 γμῐνος.
2377 5556 2516 5636 Tres
2540 5556 2642 5614 alii
2691 5573 2824 5611 cum
2875 5556 3048 5636 editis
3088 5556 3485 5636 consentiunt,
3520 5556 3769 5636 quorum

2119 5625 2316 5690 tamen
2372 5635 2487 5689 duo
2544 5636 2856 5698 utramque
2913 5626 3221 5698 lectionem
3285 5625 3580 5682 exhibent.
3640 5625 3772 5682 Mox

2119 5724 2276 5762 unus
2307 5723 2376 5763 ex
2405 5703 2622 5776 Regiis,
2651 5702 2747 5754 τοῦ
2761 5693 3206 5775 “νυμφευομένου.
