4150 6408
361 383 482 448 695

1302 385 1699 446 APPENDIX
1743 381 2068 446 OPERUM
2116 381 2180 442 S.
2227 380 2513 442 BASILII
2559 379 2834 440 MAGNI.

3666 378 3800 440 696

363 518 464 574 sed
488 516 648 572 omni
670 517 940 574 custodia
959 535 1058 574 cor
1079 534 1254 574 suum
1283 534 1544 584 servans,
1569 518 1651 572 ita
1673 520 1737 573 ut
1762 532 1865 572 nec
1886 529 2023 570 voce

2153 508 2283 566 ὶλλὰ
2309 510 2452 586 πάσῃ
2482 509 2700 589 φυλακῇ
2727 512 2825 580 νήν
2858 510 3052 580 ἑαυτῆς
3076 505 3301 586 καρδίαν
3333 506 3707 585 τηροῦσαν.ὡς
3730 505 3798 561 ἂν

365 607 529 662 illius
548 606 848 679 proﬂuens
870 624 1064 663 sermo
1083 606 1376 678 voluptate
1395 607 1721 663 auditorem
1741 602 2030 661 sermonis

365 695 591 752 inﬁciet
620 712 633 750 ι
659 713 763 751 nec
795 714 1003 751 rursus
1034 696 1400 750 extrinsecus
1429 697 1499 750 ad
1530 712 1702 751 aures
1731 696 1802 749 ab
1835 693 2029 763 aliquo

369 785 715 858 perveniens
749 801 965 851 sermo,
995 801 1095 840 cor
1125 784 1289 839 illius
1320 785 1391 840 ad
1425 785 1803 855 cupiditatem
1836 781 2030 854 exagi-

367 879 468 930 tet.
505 874 664 929 Idem
699 873 854 928 enim
887 878 945 929 et
977 874 1036 928 in
1069 878 1308 946 aspectu
1363 874 1553 930 facere
1602 871 1894 938 convenit,
1927 886 2033 925 nec

368 964 752 1035 aspicientem
787 963 1057 1034 molliter,
1084 980 1154 1019 ne
1184 964 1476 1034 ejusmodi
1509 967 1750 1034 aspectu
1775 960 2037 1031 volupta-

370 1053 448 1107 tis
473 1052 760 1124 imagines
783 1060 986 1108 contra
1016 1070 1076 1108 se
1097 1052 1383 1107 immittat
1411 1051 1780 1106 videntibus:
1802 1066 1907 1104 nec
1938 1065 2034 1103 ex-

371 1141 664 1196 trinsecus
706 1142 886 1197 misso
925 1147 1166 1214 aspectu
1199 1141 1456 1213 contingi
1491 1157 1552 1194 se
1583 1141 1928 1212 patientem,
1959 1155 2031 1193 ne

372 1228 634 1298 eo,velut
657 1229 842 1301 ignito
875 1231 1131 1302 quodam
1165 1229 1388 1300 jaculo,
1420 1232 1479 1284 in
1521 1228 1690 1284 corde
1724 1243 2028 1300 percussa,

376 1319 449 1373 ad
464 1318 779 1390 voluptatis
796 1319 1082 1390 imagines
1101 1319 1467 1374 inﬂammata
1482 1323 1706 1374 uratur.
1723 1320 1846 1373 Eri:
1863 1321 2037 1377 enim.

377 1407 593 1478 inquit,
614 1408 763 1462 velut
788 1424 978 1462 servus
999 1409 1193 1479 jaeulo
1225 1425 1506 1476 percussus
1538 1410 1599 1462 in
1619 1409 1808 1478 jecore
1827 1409 1890 1463 ⁵⁸.
1925 1404 2037 1464 Sed

378 1499 685 1550 externum
699 1497 937 1567 quidem
961 1496 1150 1568 ipsius
1169 1496 1394 1552 obtutui
1410 1497 1862 1568 respondentem
1877 1512 2041 1569 aspe-

378 1589 538 1639 ctum
566 1584 740 1640 debet
768 1585 841 1640 ab
872 1585 1070 1641 anima
1103 1584 1401 1657 repellere,
1426 1602 1599 1641 suum
1635 1589 1830 1641 autem
1867 1603 2037 1658 aspe-

379 1679 542 1730 ctum
572 1673 863 1746 pudicitiae
889 1674 1140 1731 indicem
1165 1675 1502 1731 videntibus
1524 1675 1816 1732 exhibere.
1843 1680 2043 1732 Potest

377 1762 534 1818 enim
558 1762 643 1818 vel
675 1762 1088 1834 palpebrarum
1115 1764 1403 1820 curiosior
1430 1770 1625 1820 motus
1651 1764 1957 1820 stimulare
1987 1771 2043 1821 et

379 1856 556 1907 (nstro
586 1851 879 1908 concitare
911 1853 980 1906 ad
1012 1851 1394 1924 voluptatem,
1427 1870 1528 1925 per
1564 1869 1734 1924 quam
1767 1853 1888 1909 haec
1921 1855 2043 1909 ani“
2074 1879 2121 1945 Β

384 1956 542 1995 mam
574 1941 939 1996 concutiunt.
963 1941 1067 1997 Ubi
1101 1942 1258 1997 enim
1290 1943 1424 1998 visae
1470 1942 1660 2014 ipsius
1691 1942 1878 1999 oculis
1908 1943 2044 2016 pul-

385 2028 707 2085 cbritudini
741 2030 1017 2086 obtutum
1059 2032 1273 2087 acriter
1301 2033 1586 2104 defigens,
1608 2031 1773 2088 velut
1801 2033 1859 2088 in
1895 2050 2047 2101 cera,

388 2119 472 2173 ita
492 2118 550 2172 in
576 2119 772 2175 anima
791 2120 1088 2191 voluptate
1105 2121 1363 2176 emollita
1385 2121 1665 2192 imagines
1681 2123 1818 2178 visae
1848 2124 2048 2178 formas

390 2207 787 2279 impresserit;
823 2210 1042 2265 recedit
1061 2210 1296 2281 quidem
1321 2227 1386 2265 ac
1407 2227 1672 2266 seorsum
1695 2217 1785 2267 est
1806 2212 1855 2266 is
1879 2231 1912 2268 a
1933 2228 2049 2283 quo

395 2296 688 2369 imagines
719 2299 1016 2368 profecta;
1051 2299 1340 2372 impressa
1388 2304 1582 2355 autem
1634 2301 1832 2356 animo
1865 2302 2052 2357 forma

391 2385 575 2452 illius,
595 2386 696 2458 qui
726 2386 889 2443 visus
920 2393 1029 2456 est,
1065 2389 1138 2444 ad
1171 2406 1348 2461 opera
1378 2389 1490 2460 ipsi
1519 2390 1920 2446 convenientia
1951 2408 2048 2446 ur-

389 2491 537 2546 gens
558 2492 812 2547 semper,
833 2477 1094 2534 animam
1118 2479 1476 2551 imaginibus
1504 2479 1673 2534 ludit.
1696 2480 1912 2535 Idcirco
1938 2480 2049 2535 vir-

386 2563 510 2635 gini
542 2565 829 2637 principio
848 2567 1085 2637 quidem
1111 2584 1484 2639 summopere
1501 2569 1821 2623 cavendum
1847 2574 1955 2638 est,
1977 2585 2046 2623 ne

386 2651 665 2724 cuiquam
689 2655 973 2710 acriorem
1008 2656 1214 2729 inﬁgat
1236 2657 1532 2721 obtutum,
1557 2662 1659 2712 aut
1691 2657 1739 2712 si
1771 2658 2043 2725 infixerit,

383 2742 677 2798 contraria
699 2743 748 2797 vi
774 2744 1030 2800 nitentes
1049 2745 1309 2817 imprimi
1337 2746 1623 2818 imagines
1641 2764 1675 2801 a
1692 2763 1752 2802 se
1780 2747 2043 2819 repellat,

388 2830 471 2886 ita
495 2835 561 2886 ut
580 2831 746 2887 nulla
767 2832 991 2904 species
1022 2850 1300 2905 corporea
1325 2835 1621 2889 diuturnis
1645 2836 1909 2892 stimulis
1942 2839 2046 2892 im-

385 2918 695 2991 primatur.
725 2920 884 2984 Quod
918 2921 968 2976 si
1014 2921 1334 2994 aliquando
1365 2923 1696 2995 contigerit,
1721 2930 1782 2979 ut
1815 2924 2043 2997 impru-

385 3007 531 3063 dens
562 3025 757 3065 rerum
793 3025 1206 3081 corporearum
1252 3010 1540 3084 imagines
1596 3014 1908 3086 suscipiat;
1944 3031 2042 3072 eas

384 3097 680 3154 continuis
705 3099 994 3155 bonarum
1020 3116 1215 3156 rerum
1239 3102 1742 3159 recordationibus
1767 3103 1827 3158 in
1849 3105 2044 3175 seipsa

378 3187 572 3244 delere
624 3188 824 3256 debet;
859 3189 1080 3260 species
1131 3206 1165 3244 a
1213 3207 1492 3262 corporea
1538 3192 1746 3260 forma,
1777 3193 1938 3248 velut
1976 3196 2032 3250 in

377 3291 530 3342 cera,
563 3276 912 3347 impressas,
944 3278 1124 3333 animi
1158 3280 1227 3332 ad
1261 3279 1459 3336 divina
1486 3281 1867 3337 conversione
1897 3283 2035 3339 abo-

374 3363 573 3435 lendo,
617 3380 812 3420 rerum
866 3371 1058 3422 autem
1113 3374 1447 3424 sanctarum
1505 3371 1731 3442 species
1778 3373 2036 3428 assiduis

381 3452 866 3509 meditationibus
899 3454 1293 3513 inscribendc.
1316 3457 1476 3523 Quod
1504 3458 1553 3514 si
1579 3464 1885 3532 susceptas
1912 3478 2040 3532 spe-

376 3540 498 3596 cies
534 3557 876 3613 permanere
905 3545 1164 3616 integras
1194 3545 1251 3600 in
1293 3547 1513 3615 animo,
1547 3536 1828 3620 tan'quam
1865 3550 1921 3605 in
1955 3549 2035 3606 si-

375 3629 543 3702 gillo,
591 3631 819 3699 siverit;
883 3650 1120 3690 necesse
1178 3640 1288 3702 est,
1321 3641 1388 3691 ut
1443 3636 1640 3694 animo
1698 3639 1853 3694 circa
1883 3641 2037 3695 630

375 3719 730 3790 impressam
779 3721 1031 3778 formam
1064 3731 1369 3795 occupato,
1399 3731 1607 3781 caetera
1657 3728 1856 3784 omnia
1889 3730 2037 3785 bona

373 3807 536 3879 virgo
568 3809 875 3880 despiciat,
900 3815 957 3867 et
987 3813 1056 3867 ad
1099 3813 1480 3870 inhaerentem
1517 3816 1771 3888 speciem
1805 3835 2038 3890 semper

378 3914 689 3970 suspensa,
712 3898 1028 3957 libidinose
1049 3904 1121 3958 ad
1157 3904 1574 3974 periruendum
1601 3905 1895 3962 incitetur.
1921 3913 2039 3963 Nec

375 3985 480 4041 tali
511 3988 838 4058 quidquam
873 3991 1128 4060 prodest,
1157 4009 1374 4063 corpus
1402 4011 1434 4047 ιι
1466 3994 1923 4064 cogitationibus
1957 3997 2039 4051 in-

375 4081 719 4147 corruptum
744 4092 995 4146 servare,
1012 4096 1142 4135 cum
1173 4082 1370 4137 anima
1393 4082 1765 4154 immissisfin
1785 4100 1911 4140 eam
1937 4103 2040 4158 per

376 4165 578 4221 oculos
611 4168 907 4238 corporeis
953 4170 1171 4226 amoris
1201 4171 1602 4243 voluptatibus
1643 4189 1878 4246 semper
1906 4193 2033 4231 cor-

377 4259 707 4327 rumpatur.
743 4256 900 4313 Metu
928 4258 1083 4314 enim
1116 4259 1204 4315 vel
1243 4261 1466 4332 pudore
1500 4279 1604 4317 nec
1637 4263 1764 4318 sine
1793 4263 2035 4320 simula-

375 4345 536 4401 tione
567 4346 826 4402 retinens
856 4354 1316 4420 praeconceptam
1343 4351 1414 4405 de
1440 4367 1500 4406 se
1531 4352 2038 4424 exteriorisivirgi-

379 4431 581 4489 uitatis
612 4433 976 4504 opinionem,
1009 4453 1193 4508 eaque
1227 4440 1436 4494 nudari
1471 4443 1812 4497 indecorum
1847 4443 2040 4498 existi-

376 4537 570 4590 mans,
614 4521 775 4578 illam
825 4523 962 4580 colit
1018 4531 1074 4582 et
1130 4533 1481 4584 conservat:
1516 4532 1616 4586 sed
1677 4530 2037 4603 incorporeis

2143 602 2283 672 μήτε
2321 598 2410 654 διὰ
2440 607 2626 676 φωνῆς
2658 598 2860 669 ταύτης
2891 598 3059 674 λόγος
3089 597 3257 674 ῥυεὶς,
3291 597 3427 674 πρὸς
3459 595 3664 667 ἡδονὴν
3697 596 3800 650 τὸν

2139 689 2407 756 ἀκουστὴν
2459 693 2557 744 τοῦ
2618 688 2784 763 λόγου
2845 687 3163 763 φαρμάξειε,
3229 688 3357 758 μήτ’
3405 682 3596 757 ἔξωθεν
3639 685 3802 747 αὖθις

2143 775 2231 831 διὰ
2259 783 2356 846 τῆς
2390 778 2560 842 ἀκοῆς
2592 775 2754 853 λόγος
2785 779 2930 853 παρά
2957 797 3105 838 τινος
3137 775 3411 848 ἰμπεσὼν,
3442 777 3543 844 τήν
3565 772 3798 850 καρδίαν

2143 866 2310 936 αὐτῆς
2371 868 2507 942 πρὸς
2553 865 2841 938 ἐπιθυμίαν
2891 867 3142 939 κυμήνῃ.
3191 864 3348 921 Οὕτω
3397 863 3496 938 γὰρ
3555 862 3645 918 καὶ
3705 862 3802 917 ἐπὶ

2141 960 2238 1010 τοῦ
2290 953 2608 1031 βλέμματος
2659 957 2925 1030 προσήκει
2975 959 3182 1022 ποιεῖν,
3237 955 3364 1027 μήτ’
3415 947 3802 1025 ὲμϐλέπουσαν

2147 1043 2548 1118 μαλακῶς,⁹ίνα
2605 1047 2680 1118 μή
2714 1043 2920 1115 ἡδονῖς
2967 1042 3272 1117 ἰνδάλματα
3317 1040 3406 1097 διὰ
3432 1042 3630 1097 τούτου
3678 1049 3804 1104 τοῖς

2146 1136 2312 1209 ὁρῶσι
2381 1136 2502 1188 καθ’
2592 1135 2785 1203 ἑαυτῆς
2847 1132 3166 1207 ἀποστέλλῃ
3203 1151 3215 1164 ’
3275 1134 3414 1205 μήτε
3481 1133 3543 1186 τὸ
3567 1177 3576 1181 ..
3601 1127 3805 1204 ἔξωθεν

2145 1223 2499 1296 πεμπόμενον
2562 1223 2790 1299 βλέμμα
2838 1224 3096 1287 ἅπτεσθαι
3152 1221 3320 1292 αὐτῆς
3382 1225 3809 1297 συγχωροῦσαν,

2148 1313 2222 1374 ὡς
2256 1313 2314 1366 ἂν
2377 1314 2452 1385 μὴ
2501 1314 2742 1388 καθάπερ
2790 1314 2894 1366 τινὶ
2928 1310 3408 1386 πεπυρακτωμένῳ
3444 1307 3592 1386 βέλει
3622 1309 3808 1385 τούτῳ

2146 1403 2246 1468 τὴν
2280 1399 2502 1475 καρδίαν
2538 1403 2825 1477 βληθεῖσα,
2861 1404 2996 1475 πρὸς
3045 1401 3173 1465 τοὺς
3213 1408 3313 1470 τῆς
3360 1397 3568 1471 ἡδονῆς
3599 1400 3801 1463 τύπους

2151 1488 2506 1564 διακαιομένη
2558 1492 2886 1561 ἀνάπτηται.
2936 1493 3072 1564 "Em
3281 1492 3423 1565 γὰρ,
3477 1490 3666 1568 φησὶν,
3726 1491 3801 1554 ὡς

2149 1576 2350 1658 ἔλαφος
2402 1579 2690 1653 τοξεύματι
2749 1579 3048 1656 πεπληγὼς
3128 1579 3204 1641 εἷς
3253 1579 3316 1634 τὸ
3367 1580 3516 1649 ἧπαρ
3553 1622 3566 1634 .
3629 1577 3808 1636 ’Δλλά

2147 1670 2210 1723 τὸ
2245 1669 2338 1741 μὲν
2372 1664 2562 1739 ἔξωθεν
2615 1669 2901 1727 ἀντίτυπον
2950 1674 3019 1742 τῇ
3071 1672 3200 1744 παρ’
3229 1669 3424 1737 έαυτῆς
3471 1669 3566 1740 θέᾳ
3595 1665 3678 1723 δεῖ
3705 1670 3808 1737 τῆς

2151 1761 2336 1832 ψυχῆς
2364 1757 2780 1831 ἀποκρούεσθαι,
2811 1759 2874 1813 τὸ
2906 1756 2963 1812 δὲ
2995 1757 3161 1826 αὐτῆς
3193 1756 3549 1835 σωφροσύνης
3577 1758 3814 1829 μήνυμα

2149 1852 2266 1909 τοῖς
2297 1848 2463 1921 ὁρῶσι
2514 1846 2797 1922 παρέχειν.
2829 1848 3030 1904 Ἱκανὸν
3067 1849 3179 1919 (26)
3231 1847 3331 1922 γὰρ
3373 1847 3463 1900 καὶ
3519 1847 3811 1924 βλεφάρων

2158 1936 2442 2011 περίεργος
2490 1937 2724 2009 κίνησις,
2781 1937 3057 2009 μυωπίσαι
3103 1957 3162 1990 τε
3191 1937 3281 1990 καὶ
3325 1938 3436 2008 (27)
3468 1941 3816 2010 παροιστρῆ-

2160 2048 2246 2081 σαι
2277 2028 2414 2102 πρὸς
2445 2023 2671 2097 ἡδονὴν,
2700 2025 2784 2101 ὑφ’
2818 2029 2882 2096 ἧς
2931 2030 3097 2081 ταῦτα
3145 2021 3297 2081 σοϐεῖ
3320 2025 3418 2094 τὴν
3595 2026 3813 2100 ψυχήν.

2160 2118 2325 2174 Ὅταν
2355 2117 2460 2190 γὰρ
2491 2121 2569 2186 τῷ
2598 2121 2716 2178 τοῖς
2749 2115 3060 2192 ὀφθαλμοῖς
3102 2116 3272 2184 αὐτῆς
3305 2113 3520 2192 ὀφθέντι
3565 2111 3722 2185 καλῴ
3751 2116 3818 2170 τὸ

2160 2201 2318 2278 ὅμμα
2375 2205 2633 2277 έμπαθῶς
2693 2205 3032 2280 ἆπερείσασα,
3091 2205 3333 2278 καθάπερ
3394 2203 3445 2257 ἐν
3508 2208 3688 2278 κηρῷ,
3741 2207 3814 2278 τῇ

2165 2295 2267 2348 ὑπὸ
2295 2301 2396 2362 τῆς
2446 2291 2652 2363 ἡδονῆς
2710 2291 3056 2368 μαλαχθείσῃ
3107 2292 3286 2368 ψυχῇ,
3319 2291 3445 2353 τοὺς
3482 2291 3686 2354 τύπους
3715 2300 3819 2362 τῆς

2159 2385 2413 2460 ὀφθείσης
2470 2382 2613 2446 ἰδέας
2667 2385 2716 2438 ἐν
2777 2386 2940 2457 ἑαυτῇ
2999 2382 3370 2457 ἀπομάξηται,
3425 2383 3820 2459 ἀνακέχώρηκε

2163 2476 2281 2547 μὶν,
2326 2475 2417 2530 καὶ
2467 2475 2582 2529 καθ’
2631 2473 2816 2528 ἑαυτόν
2867 2473 3008 2528 ἐστιν
3061 2473 3088 2527 ὁ
3139 2473 3376 2542 ποιήσας
3428 2475 3543 2545 (29)
3573 2472 3698 2534 τοὺς
3727 2471 3820 2526 τό-

2156 2585 2316 2632 πους,
2347 2562 2900 2640 έναποσφραγισθεῖσα
2952 2559 3008 2616 δὶ
3055 2565 3122 2635 τῇ
3170 2559 3381 2633 διανοίᾳ
3427 2567 3523 2616 τοῦ
3557 2562 3814 2639 ὀφθέντος

2155 2655 2190 2722 ἡ
2226 2651 2363 2720 ἰδέα,
2414 2653 2550 2722 πρὸς
2590 2653 2657 2707 τὰ
2716 2653 2912 2721 ἑαυτῆς
2970 2647 3096 2726 ἔργα
3144 2649 3430 2726 ἑγκειμένη
3491 2651 3572 2706 ἀεὶ
3617 2673 3812 2729 φαντα-

2157 2747 2268 2798 σιοῖ
2311 2743 2410 2811 τήν
2453 2744 2662 2817 ψυχήν.
2714 2743 2807 2796 Διὸ
2859 2738 2941 2796 δεῖ
2993 2738 3233 2813 μάλιστα
3296 2741 3389 2812 μὶν
3449 2742 3546 2809 τὴν
3607 2741 3803 2817 ἀρχὴν,

2160 2829 2350 2904 μηδενὶ
2385 2831 2568 2892 ἀτενὶς
2622 2831 2720 2899 τὴν
2767 2831 3026 2906 παρθένον
3080 2823 3398 2885 ἐπιϐάλλειν
3446 2831 3508 2884 τὸ
3556 2827 3728 2902 ὄμμα,
3763 2829 3799 2897 ἢ

2155 2916 2600 2990 ἐπιϐάλλουσαν,
2654 2919 2929 2991 ἀντιτύπῳ
2981 2915 3207 2990 δυνάμει
3265 2917 3391 2980 τοὺς
3446 2918 3792 2992 βιαζομένους

2154 3009 2525 3080 ἐντυπωθῆναι
2581 3010 2930 3084 χαρακτῆρας
2989 3008 3187 3078 ἑαυτῆς
3245 3007 3652 3081 ἀποκρούεσθαι,
3715 3005 3791 3066 ὡς

2154 3099 2212 3154 ἃν
2247 3097 2521 3172 μηδεμίαν
2555 3098 2874 3171 σωματικὴν
2909 3094 3050 3153 ἰδέαν
3084 3095 3332 3173 χρονίαις
3382 3103 3479 3165 τῆς
3516 3094 3798 3164 συνηθείας

2152 3182 2440 3252 ἐπιϐολαῖς
2469 3185 2866 3257 ἐντυπώσηται.
2900 3187 3024 3243 Ἐὰν
3076 3183 3135 3240 δὲ
3179 3207 3286 3241 που
3318 3180 3502 3258 συμϐῇ
3542 3183 3805 3244 λαθόντας

2149 3281 2255 3332 τῶν
2317 3281 2643 3349 σωματικῶν
2715 3278 2826 3349 (30)
2871 3273 3174 3349 ἐγγενέσθαι
3220 3274 3352 3336 τοὺς
3408 3273 3632 3341 τύπους,
3687 3277 3807 3333 ταῖς

2144 3369 2250 3420 τῶν
2300 3366 2486 3421 καλῶν
2529 3364 2778 3440 συνεχέσι
2833 3365 3078 3437 μνήμαις
3122 3363 3348 3425 τούτους
3391 3362 3442 3434 ἐξ
3474 3362 3644 3431 αὒτῆς
3674 3361 3811 3438 ἀφα-

2144 3456 2334 3524 νίζειν⁶
2385 3453 2512 3516 τοὺς
2572 3455 2665 3527 μὶν
2718 3454 2864 3530 παρά
2916 3460 3014 3523 τῆς
3061 3458 3380 3526 σωματικῆς
3435 3449 3579 3516 ἰδέας
3610 3451 3805 3525 ἐγγρα-

2147 3544 2361 3622 φέντας,
2393 3543 2631 3618 καθάπερ
2678 3542 2729 3600 ἐν
2778 3547 2957 3618 κηρῷ,
3006 3545 3074 3616 τῇ
3124 3540 3210 3597 ἐπὶ
3257 3542 3324 3596 τά
3367 3541 3484 3595 θεῖα
3520 3541 3807 3612 μεταθέσει

2145 3638 2242 3689 τοῦ
2271 3633 2365 3688 νοῦ
2397 3631 2822 3708 ἀπαλείφουσαν,
2871 3631 3000 3694 τοὺς
3050 3628 3106 3686 δὲ
3151 3635 3256 3685 τῶν
3304 3628 3471 3704 ἁγίων
3521 3635 3640 3691 ταῖς
3674 3629 3805 3700 περὶ

2147 3722 2282 3778 αὐτά
2333 3724 2746 3794 πεπονημέναις
2806 3721 3057 3798 θεωρίαις
3116 3720 3508 3798 ἐγγράφουσαν.
3562 3719 3685 3776 Ἐὰν
3747 3716 3810 3773 δὲ

2146 3812 2271 3873 τοὺς
2302 3810 2687 3886 έγγενομένους
2737 3810 2872 3884 αὖτῇ
2920 3811 3124 3874 τύπους
3157 3809 3410 3885 ἐμμένειν
3443 3812 3560 3884 (31)
3602 3807 3802 3881 ἀθραύ-

2148 3923 2306 3965 στους
2337 3900 2575 3975 καθάπερ
2607 3900 2659 3955 ἐν
2707 3897 2961 3979 σφραγῖδι
3009 3904 3077 3965 τῆ
3131 3897 3344 3972 διανοίᾳ
3391 3899 3538 3973 ἐάσῃ,
3589 3898 3797 3972 ἀνάγκη

2147 3992 2269 4066 περὶ
2301 3994 2397 4061 τήν
2429 3989 2907 4065 ἐκσφραγισθεῖσαν
2952 3987 3094 4045 ἰδέαν
3144 3990 3236 4045 τὸν
3267 3994 3391 4044 νοῦν
3449 3988 3803 4064 ἀσχολούμε-

2147 4103 2262 4149 νον,
2293 4081 2360 4136 τά
2397 4081 2492 4153 μὲν
2546 4078 2695 4136 ἀλλά
2738 4081 2915 4135 πάντα
2961 4077 3104 4134 καλά
3147 4083 3414 4154 παρορᾷν,
3449 4079 3584 4154 πρὸς
3616 4074 3806 4146 δὲτὴν

2147 4175 2244 4241 τῆς
2276 4171 2499 4240 ἐνούσης
2534 4169 2678 4235 ἰδέας
2707 4169 2995 4247 φαντασίαν
3031 4169 3370 4242 έπτοημένον
3418 4168 3522 4240 ἀεὶ,
3554 4168 3675 4240 περὶ
3702 4169 3808 4236 τὴν

2150 4259 2448 4316 ἀπόλαυσιν
2511 4259 2674 4314 αὐτοῦ
2746 4262 2861 4332 (32)
2919 4259 3178 4333 ἐμπαθῶς
3236 4257 3635 4332 καταγίνεσθαι.
3698 4257 3808 4313 Καὶ

2150 4348 2306 4406 οὐδὶν
2336 4349 2512 4418 ὤνησε
2558 4351 2656 4418 τὴν
2701 4349 2986 4420 τοιαύτην,
3016 4349 3078 4404 τὸ
3128 4352 3291 4421 σῶμα
3322 4345 3654 4424 ἀδιάφθορον
3683 4351 3806 4407 ταῖς

2148 4441 2412 4501 ἐπινοίαις
2472 4438 2848 4516 φυλάσσουσαν
2889 4486 2902 4504 ,
2967 4439 3066 4507 τήν
3133 4435 3191 4494 δὲ
3259 4439 3444 4513 ψυχὴν
3519 4437 3658 4512 πρὸς
3713 4436 3814 4500 τὰς

2149 4528 2545 4591 ἀποσταλείσας
2577 4527 2658 4584 ἐπ’
2691 4530 2856 4599 αὐτὴν
2909 4527 2998 4582 διὰ
3043 4531 3140 4582 τοῦ
3191 4526 3509 4602 βλέμματος
3563 4530 3663 4581 τοῦ
3697 4547 3811 4580 σω-

372 4610 748 4682 cogitationis
772 4614 1047 4671 manibus
1069 4617 1544 4688 inseparabiliter
1560 4621 1859 4693 complexa
1876 4639 2034 4690 eum,

2153 4624 2381 4693 ματικοῦ
2414 4616 2614 4694 ἔρωτος
2668 4615 2869 4687 ἡδονὰς
2920 4617 3001 4671 ἀεὶ
3061 4616 3446 4692 φθειρομένην.
3481 4610 3648 4688 Φόϐῳ
3697 4615 3805 4689 γὰρ

373 4717 546 4772 quem
582 4702 696 4757 sibi
729 4703 1087 4774 impressum
1110 4711 1167 4761 et
1197 4706 1563 4778 insculptum
1597 4713 1777 4774 amat,
1805 4727 2038 4780 semper

373 4788 544 4846 illum
576 4805 775 4847 secum
806 4791 1172 4864 circumlert;
1205 4800 1262 4851 et
1293 4813 1420 4867 quae
1467 4813 1706 4869 corpore
1759 4815 2036 4874 peragere

449 4919 492 4955 ⁸⁸
523 4918 690 4975 Prov.
724 4937 825 4988 vn,
858 4922 948 4976 22.

377 5127 403 5185 ἔ
446 5063 563 5134 (25)
594 5064 748 5136 ’Έσῃ.
791 5063 888 5121 Sic
921 5081 1064 5121 mss.
1097 5071 1154 5121 et
1183 5066 1362 5123 editio
1393 5067 1632 5127 Veneta.
1667 5071 2035 5142 Parisiensis,

406 5151 508 5185 στι.

406 5151 508 5186 στι.

448 5203 562 5286 (26)
587 5205 826 5286 ἱκανόν..
843 5207 933 5263 Sic
963 5209 1294 5286 reperimus
1346 5211 1402 5267 in
1445 5212 1708 5286 quinque
1738 5215 2035 5272 veteribus

379 5275 565 5331 libris.
601 5278 779 5348 Editi,
813 5278 998 5348 ἱκανή.

415 5348 566 5428 ⁸(27)
596 5347 731 5440 ait,
749 5351 844 5406 Sic
879 5347 1022 5408 mss.
1057 5357 1114 5408 et
1144 5353 1322 5409 editio
1373 5355 1606 5412 Veneta.
1655 5359 1840 5416 Editio
1873 5360 2032 5414 Pari-

377 5417 616 5484 siensis,
649 5417 756 5475 διά.

593 5487 756 5565 Σοϐιῖ
785 5493 906 5565 τήν..
942 5495 1036 5565 Sic
1070 5513 1212 5552 mss.
1248 5497 1422 5565 Editi,
1458 5492 1718 5552 σοϐεῖται.

445 5563 560 5638 (29)
589 5564 716 5638 Καθ’
744 5563 929 5618 έαυτόν
961 5564 1101 5620 ἐστιν
1136 5568 1164 5621 ὁ
1197 5563 1450 5638 ποιήσας.
1483 5571 1573 5627 Sic
1605 5571 1782 5626 editio
1816 5572 2033 5628 Veneta

373 5635 432 5710 et
463 5634 724 5710 plerique
756 5653 901 5693 mss.
929 5638 1282 5698 Rarisiensis
1314 5634 1514 5710 editio,
1547 5642 1665 5700 καθ’
1695 5642 1850 5698 ἑαυτό
1887 5641 2030 5699 ἐστιν

377 5701 407 5756 ὅ
435 5701 493 5759 τὶ
522 5705 584 5758 τὸ
614 5701 868 5774 ποιῆσαν.

2150 4708 2186 4778 ἣ
2218 4707 2366 4764 αἰδοῖ
2420 4715 2520 4777 τῆς
2580 4704 2979 4783 προειληφυίας
3039 4704 3176 4759 κατά
3229 4705 3330 4772 τὴν
3393 4703 3581 4777 ἔξωθεν
3616 4705 3814 4779 παρθε-

2145 4799 2260 4855 νίαν
2314 4796 2474 4870 δόξης
2520 4797 2634 4870 μεθ’
2683 4795 3018 4871 ὑποκρίσεως
3071 4792 3342 4868 ἐχομένη,
3374 4792 3554 4862 καὶτὸ
3583 4814 3812 4868 γυμνω-

2222 5073 2330 5143 (30)
2359 5073 2474 5124 Τῶν
2519 5070 2869 5140 σωματικῶν.
2917 5066 3080 5124 Unus
3133 5086 3199 5123 ex
3260 5068 3456 5143 Regiis
3486 5066 3816 5143 codicibus

2137 5140 2402 5214 juVit'ad
2452 5143 2890 5197 emendandum
2921 5143 3072 5212 quod
3118 5157 3291 5214 prave
3322 5141 3380 5214 in
3431 5140 3814 5214 editisilege-

2143 5208 2343 5279 batur,
2374 5218 2453 5284 τῷ
2486 5217 2800 5285 σωματικῷ.
2836 5208 2998 5285 Idei'i‘l
3050 5208 3227 5285 codex
3251 5284 3259 5285 ί
3281 5211 3476 5278 habet,
3511 5211 3556 5285 εἰ
3589 5208 3645 5285 δέ
3675 5208 3811 5270 που,

2144 5287 2274 5342 Mox
2306 5281 2996 5358 quatuor'imssfproitg
3036 5283 3200 5345 αὐτῆς
3250 5284 3490 5347 habent,
3523 5281 3574 5336 ἐν
3618 5282 3810 5357 ἑαυτῇ,

2143 5357 2536 5420 Colbertinus,
2577 5357 2627 5428 ἐξ
2662 5357 2827 5426 αὐτῆς
2861 5357 3057 5424 αὐτήν.

2216 5430 2324 5501 (31)
2360 5425 2669 5502 Ἐμμένειν.
2703 5428 2982 5487 Nonnulli
3027 5426 3277 5493 codices,
3310 5425 3508 5498 μένειν.
3543 5431 3599 5481 et
3646 5442 3808 5498 mox,

2143 5497 2192 5554 έν
2201 5497 2616 5574 σφραγισθεῖσαν
2627 5546 2638 5558 .

2211 5523 2231 5553 J'
2275 5523 2638 5574 ραγισθεισαν.

2211 5523 2319 5652 (g2)
2356 5573 2553 5652 Acme.
2592 5575 2660 5630 Et
2698 5570 3125 5652 editqueneta
3153 5573 3211 5652 e_t
3239 5575 3463 5626 veteres
3492 5567 3625 5626 libri
3659 5585 3809 5626 con-

2140 5639 2405 5703 sentiunt
2433 5647 2493 5701 in
2527 5646 2634 5702 hac
2663 5661 2820 5704 voce.
2852 5642 3030 5714 Editi,
3059 5639 3249 5710 αὐτῆς.
