4150 6384
349 367 467 432 691
1581 368 1816 431 LIBER
1851 367 1959 429 DE
2001 363 2533 428 VIRGINIII‘ATE.
3646 365 3764 428 698

355 505 513 568 θῆναι
561 498 761 568 ταύτης
814 495 1084 571 αἰσχύνης
1127 495 1272 570 ἄξιον
1316 497 1593 573 κρίνουσα,
1646 497 1848 569 ταύτην
1901 498 1996 570 μὶν

2126 499 2312 571 pudet,
2329 515 2402 555 ne
2419 499 2913 571 deprehendatur,
2926 515 2998 554 ea
3010 498 3208 554 animo
3226 499 3411 556 facere
3427 515 3544 555 non
3564 499 3766 571 pudet.

355 589 590 643 ἀσκοῦσα
639 585 1002 658 διασυντηρεῖ,
1046 587 1358 660 ἀσωμάτοις
1410 585 1467 643 δὲ
1516 588 1674 664 χερσὶ
1725 585 2005 665 περιλαμ-

2126 589 2274 643 Hanc
2307 606 2420 644 non
2461 591 2587 660 jam
2639 588 2916 660 amplius,
2952 605 3021 643 ne
3051 605 3290 660 corpore
3321 588 3579 660 quidem,
3615 593 3770 644 recte

356 673 576 731 ϐάνουσι
625 679 762 732 κατᾶ
807 674 1046 731 διάνοιαν
1099 678 1189 731 τὸν
1231 677 1505 751 ἰρώμενον
1568 677 2002 750 ἐντετυπωμὲνον

2126 678 2398 748 virginem
2433 678 2752 749 quisquam
2778 679 3007 733 dixerit.
3033 679 3279 733 Necesse
3309 683 3400 734 est
3425 679 3606 742 enim,
3632 694 3765 733 cum

357 766 514 840 αὐτῇ,
553 767 666 838 μεθ’
700 767 894 835 ἑαυτῆς
925 765 1006 820 ἀεὶ
1065 767 1366 842 περιφέρει,
1398 768 1489 822 καὶ
1547 766 1579 821 ἄ
1635 767 1724 822 διὰ
1753 768 2007 840 σώματος

355 855 636 931 πράττειν,
686 851 843 910 ἕνεκα
896 858 992 908 τοῦ
1051 857 1394 932 φωραθῆναι,
1453 857 1790 931 αἰσχύνεται,
1845 860 2012 910 ταῦτα

355 949 475 1006 ταῖς
508 943 736 1006 ἰννοίαις
767 949 939 998 ποιεῖν
989 943 1088 999 οὐκ
1136 943 1389 1002 αἶ’δεῖται,
1447 947 1550 1002 "HV
1591 946 1768 1002 οὐκέτι
1819 944 2013 1000 λοιπὸν

359 1029 485 1088 οὐδὲ
543 1033 752 1106 σώματι
815 1028 872 1086 ἄν
929 1054 1008 1094 τις
1069 1035 1233 1108 ὑγιῶς
1314 1035 1470 1110 λέγοι
1538 1038 1652 1108 (33)
1727 1035 2010 1109 παρθένον.

361 1123 588 1196 Ἀνάγκη
623 1123 726 1197 γὰρ
768 1127 862 1176 τοῦ
919 1122 1195 1197 ἐρωμένου
1243 1125 1569 1201 ἀχωρίστως
1621 1126 1761 1197 αὐτῇ
1824 1145 2014 1198 μιγνυ-

366 1212 528 1284 μένου
575 1211 710 1264 κατὰ
759 1207 1021 1284 διάνοιαν,
1081 1212 1171 1267 καὶ
1219 1213 1282 1268 τὸ
1333 1218 1493 1287 σῶμα
1538 1219 1656 1277 τοῖς
1700 1216 1798 1282 τῆς
1828 1217 2018 1288 ψυχῆς

362 1299 552 1363 πάθεσι
603 1304 1084 1378 συμμορφοῦσθαι,
1134 1302 1222 1358 καὶ
1269 1301 1740 1376 συνδιατιθὲμενον
1795 1307 1913 1364 τοῖς
1967 1301 2017 1356 ἐν

361 1385 571 1459 διανοίᾳ
617 1391 919 1461 κινήμασι,
971 1393 1295 1468 φθειρομὲνῃ
1351 1396 1419 1466 τῇ
1475 1390 1733 1467 δεσποίνῃ
1799 1390 2016 1446 συνδια-

361 1477 689 1555 φθείρεσθαι,
741 1478 828 1533 καὶ
861 1475 1001 1553 ῦπαρ
1032 1481 1120 1535 καὶ
1169 1482 1304 1536 κατὰ
1343 1481 1471 1544 τοῦς
1525 1481 1721 1543 ὕπνους
1772 1481 1840 1536 τὰ
1889 1479 2016 1555 ἐρω-

359 1567 487 1620 τικά
537 1565 959 1642 ὀνειρωττούσῃ,
1024 1569 1113 1624 καὶ
1161 1569 1291 1626 αὐτὸ
1339 1570 1507 1645 ταύτῃ
1558 1571 2015 1645 συνονειρώττειν.

362 1655 622 1711 Τοιούτου
655 1654 712 1710 δὲ
741 1658 941 1719 πάθους
967 1659 1067 1727 τήν
1113 1661 1296 1734 ψυχὴν
1346 1660 1738 1736 κατασχόντος,
1789 1661 2014 1732 περιττή

365 1745 558 1801 λοιπὸν
593 1747 683 1804 καὶ
715 1749 750 1816 ἡ
783 1752 889 1805 τῶν
923 1747 1228 1824 βρωμάτων
1289 1750 1597 1825 ἐγκράτεια,
1646 1751 1734 1806 καὶ
1773 1752 1810 1819 ἡ
1843 1749 2016 1818 λοιπὴ

360 1842 459 1892 τοῦ
491 1837 748 1910 σώματος
779 1838 1190 1914 σκληραγωγία’
1243 1842 1307 1895 ού
1338 1846 1434 1895 τοῦ
1482 1839 1658 1895 ἵππου
1697 1841 1790 1895 τὸν
1851 1841 2018 1895 ἱππὲα
2049 1875 2097 1946 Β

445 1926 461 1945 \
568 1927 580 1944 \
637 1927 650 1946 ,
792 1931 819 1940 ἰ’
1055 1929 1068 1946 Ι
1316 1931 1325 1946 Ι
1649 1929 1661 1946 3
1739 1933 1766 1944 ν
1825 1927 1868 1946 ιλ
1991 1932 2016 1942 ε’

364 1926 499 2000 πρὸς
524 1927 590 1980 τά
633 1927 823 1980 ἑαυτοῦ
877 1929 1220 2002 σκιρτήματα
1269 1931 1547 2005 φάροντος,
1606 1929 1770 1984 αὐτοῦ
1817 1927 1878 1983 δὲ
1923 1932 2020 1983 τοῦ

371 2012 579 2076 ἱππέως
621 2019 702 2086 τῷ
753 2015 920 2070 ἱνόντι
968 2018 1128 2071 πάθει
1164 2021 1340 2079 κακῶς
1393 2019 1485 2073 τὸν
1532 2016 1701 2073 ’ίππον
1753 2018 2023 2094 οἰστροῦν-

369 2123 484 2164 τος.
532 2104 619 2165 Ὡς
677 2103 778 2177 γὰρ
829 2103 918 2160 ἰπί
963 2125 1126 2159 τινων
1178 2106 1282 2161 ὐπὸ
1329 2108 1516 2182 γήρως
1564 2106 1900 2181 παρεθέντων
1957 2107 2019 2161 τὸ

367 2195 527 2263 σῶμα
581 2193 608 2246 ὁ
686 2196 830 2260 νοῦς,
891 2191 950 2247 ἐκ
1026 2200 1125 2262 τῆς
1184 2195 1676 2270 προκατασχούσης
1719 2194 2016 2257 ἀκολασίας

363 2284 556 2348 νοσῶν,
589 2282 734 2353 παρά
764 2279 991 2353 δύναμιν
1023 2282 1160 2357 πρὸς
1189 2285 1288 2353 τήν
1317 2290 1418 2354 τῆς
1456 2282 1669 2354 ἡδονῆς
1722 2285 2018 2359 φαντασίαν

363 2367 630 2444 μοχλεύει
685 2371 747 2424 τὸ
805 2371 984 2444 σῶμα·
1051 2371 1224 2434 οὕτως
1283 2372 1370 2427 ἐπὶ
1429 2377 1535 2428 τῶν
1598 2374 1854 2446 ἐμπαθῶς
1902 2375 2016 2445 (34)

356 2458 495 2532 πρὸς
549 2454 724 2534 ἕρωνα
772 2461 870 2528 τήν
904 2461 1090 2535 ψυχὴν
1149 2462 1480 2534 γενομένων,
1538 2462 1628 2531 καί
1687 2462 2018 2536 παρειμένον

356 2551 428 2620 τῇ
477 2547 702 2615 ἀσκήσει
757 2549 820 2604 τὸ
879 2553 1059 2622 σῶμα,
1121 2550 1256 2623 πρὸς
1299 2551 1394 2614 τὰς
1450 2549 1589 2614 ῗδίας
1637 2551 1926 2622 ἐπιθυμίας
1981 2553 2015 2620 ἡ

361 2638 517 2711 ψυχὴ
549 2635 792 2711 ἐρεθίζει·
828 2638 929 2691 οὐκ
961 2637 1066 2692 ἀπό
1111 2646 1209 2708 τῆς
1269 2644 1365 2694 τοῦ
1392 2641 1644 2712 σώματος
1696 2640 1878 2712 ἀκμῆς
1929 2638 2017 2694 ἐπὶ

2118 768 2170 822 is
2191 784 2362 838 quem
2386 774 2548 822 amat
2579 767 3048 837 inseparabiliter
3071 783 3202 821 cum
3237 767 3337 822 illa
3366 767 3682 823 misceatur
3715 767 3772 822 in

2121 858 2342 924 animo,
2373 857 2567 927 ipsum
2602 857 2777 910 etiam
2803 872 3012 928 corpus
3046 857 3114 910 ad
3148 856 3356 911 animae
3389 857 3779 926 perturbatio-

2123 962 2229 1002 nes
2259 945 2478 1015 eftlngi,
2503 950 2561 1000 et
2592 945 2963 1014 cogitationis
2998 945 3254 1000 motibus
3287 960 3776 1016 congruens,cum

2123 1036 2365 1092 domina
2396 1040 2673 1106 corrupta
2697 1034 3018 1105 corrumpi,
3043 1039 3102 1089 et
3123 1050 3255 1088 cum
3281 1050 3349 1088 ea
3381 1051 3482 1104 per
3508 1033 3697 1090 visum
3727 1041 3784 1090 et

2124 1127 2183 1180 in
2218 1125 2444 1180 somnis
2476 1124 2764 1179 amatoria
2806 1122 3160 1188 somniante,
3183 1122 3377 1193 ipsum
3411 1122 3590 1178 etiam
3624 1139 3777 1178 som-

2127 1215 2307 1270 niare.
2333 1213 2458 1269 Tali
2481 1218 2676 1268 autem
2702 1213 2904 1268 morbo
2929 1213 3183 1267 animam
3210 1211 3529 1277 detinente,
3550 1211 3782 1268 inutilis

2117 1305 2242 1375 jam
2277 1307 2334 1359 et
2353 1303 2617 1358 ciborum
2651 1301 3030 1367 abstinentia,
3054 1305 3112 1355 et
3144 1299 3367 1371 reliqua
3393 1300 3653 1372 corporis
3685 1319 3783 1357 ου-

2126 1393 2392 1459 steritas;
2425 1408 2560 1446 cum
2597 1409 2708 1446 non
2734 1407 2923 1461 equus
2947 1390 3199 1461 equitem
3232 1390 3457 1461 impetu
3483 1407 3590 1445 suo
3631 1391 3786 1446 abri-

2126 1481 2383 1554 piat,sed
2420 1481 2546 1552 ipse
2566 1496 2748 1551 eques
2781 1480 3011 1534 interno
3031 1484 3208 1534 oestro
3241 1493 3413 1550 prave
3437 1495 3655 1550 equum
3690 1478 3791 1533 sti-

2127 1570 2865 1635 mulet.Quemadmodum
2899 1568 3056 1622 enim
3090 1567 3145 1621 in
3186 1567 3508 1635 nonnullis,
3532 1583 3782 1638 quorum

2127 1676 2342 1730 corpus
2373 1663 2676 1713 senectute
2708 1657 3105 1727 debilitatum,
3138 1673 3305 1710 mens
3335 1673 3404 1711 ex
3433 1656 3784 1728 prmoedenti

2127 1749 2582 1820 intemperantia
2633 1752 2944 1820 aegrotans,
2982 1745 3133 1801 ultra
3178 1745 3327 1801 vires
3357 1747 3426 1800 ad
3461 1745 3784 1818 voluptatis

2126 1836 2442 1909 imaginem
2475 1851 2690 1909 corpus
2722 1835 3028 1902 sollicitat;
3062 1836 3144 1890 ita
3173 1835 3232 1890 in
3260 1834 3356 1902 iis,
3378 1851 3631 1906 quorum
3661 1835 3788 1890 ani-

2131 1944 2226 1982 ma
2257 1926 2475 1982 amoris
2517 1925 2720 1981 morbo
2772 1924 3018 1993 laborat,
3049 1924 3229 1980 etiam
3263 1924 3633 1980 debilitatum
3664 1925 3784 1982 vita

2129 2015 2381 2072 ascetica
2411 2031 2624 2086 corpus
2665 2014 2735 2069 ad
2782 2013 3048 2085 proprias
3079 2011 3430 2084 cupiditates
3462 2011 3660 2069 anima
3689 2030 3784 2069 ex-

2129 2104 2398 2161 stimulat
2431 2125 2445 2172 ;
2480 2121 2596 2159 non
2629 2121 2662 2158 a
2691 2103 2954 2175 corporis
2982 2103 3180 2175 vigore
3205 2103 3264 2157 in
3297 2101 3555 2158 animam
3587 2107 3788 2158 trans-

2127 2199 2306 2251 eunte
2337 2193 2565 2251 morbo.
2597 2193 2698 2248 sed
2751 2194 2823 2246 ab
2855 2191 3058 2246 anima
3108 2191 3178 2246 ad
3231 2207 3316 2258 ea,
3351 2207 3480 2262 qum
3527 2190 3789 2262 corporis

2129 2283 2370 2356 propria
2407 2285 2567 2349 sunt,
2617 2296 2794 2354 prave
2852 2284 3169 2336 commoto.
3200 2280 3261 2336 Si
3317 2296 3457 2352 ergo
3514 2285 3786 2349 aspectus

2127 2373 2273 2428 tanti
2308 2372 2564 2428 incendii
2598 2371 2691 2426 fax
2721 2375 2831 2438 est,
2863 2369 3175 2426 audiamus
3217 2386 3351 2425 eum
3385 2369 3485 2440 qui
3518 2369 3734 2425 clamat
3771 2387 3785 2426 :

2129 2462 2290 2518 Oculi
2327 2464 2411 2517 tui
2463 2467 2614 2517 recta
2665 2461 2908 2528 videant,
2941 2463 2993 2515 et
3040 2459 3320 2531 palpebrae
3372 2461 3482 2514 tua:
3528 2462 3785 2514 annuant

2117 2553 2300 2624 juxta,
2333 2559 2384 2604 et
2410 2566 2480 2605 ne
2507 2550 2816 2620 abripiari:
2844 2550 3019 2603 simul
3060 2564 3184 2603 cum
3208 2549 3489 2619 palpebris
3517 2548 3652 2618 tuis,
3683 2565 3784 2603 ne-

2128 2657 2231 2711 que
2263 2641 2504 2710 capiaris
2529 2640 2702 2694 oculis
2731 2640 2840 2693 tuis
2858 2639 2925 2692 ⁸⁷.

363 2727 461 2794 τὴν
522 2728 706 2799 ψυχὴν
773 2722 1180 2798 διαϐεϐηκότως
1237 2734 1333 2783 τοῦ
1388 2730 1614 2801 πάθους,
1675 2730 1780 2784 ἀπὸ
1839 2727 1896 2784 δὲ
1947 2735 2048 2799 τῆς
2101 2731 2287 2804 ψυχῆς
2347 2727 2435 2781 ἐπὶ
2489 2728 2556 2781 τὰ
2579 2731 2677 2780 τοῦ
2708 2726 2962 2799 σώματος
2993 2723 3106 2780 ἴδια
3128 2728 3309 2787 κακῶς
3338 2725 3682 2798 κινουμένου.
3719 2727 3782 2783 Εἰ

361 2816 454 2869 οῦν
511 2813 735 2890 ὸλέμμα
789 2815 1052 2870 τοσούτου
1106 2818 1276 2892 πυρὸς
1327 2815 1567 2891 ἔναυσμα
1620 2817 1846 2894 γίνεται,
1893 2817 2178 2891 ἀκούωμεν
2234 2820 2331 2872 τοῦ
2391 2816 2835 2884 ὑποφωνοῦντοςο
2897 2815 2961 2868 Oi.
3019 2811 3298 2892 ὀφθαλμοί
3348 2835 3444 2868 σου
3483 2815 3618 2889 ὀρθά
3652 2813 3780 2889 βλε-

364 2903 636 2974 πὲτωσαν,
669 2904 760 2958 καὶ
788 2905 856 2958 τά
890 2904 1137 2983 βλέφαρά
1167 2928 1261 2962 σου
1287 2907 1579 2962 νευέτωσαν
1615 2909 1726 2980 (35)
1759 2905 1959 2976 δίκαια,
1990 2907 2080 2962 καὶ
2117 2907 2194 2979 μή
2227 2909 2607 2980 συναρπασθῇς
2632 2910 2748 2966 σοῖς
2781 2901 3098 2979 βλεφάροις,
3155 2901 3298 2974 μηδὲ
3344 2903 3607 2978 ἀγρευθῇς
3665 2909 3780 2968 σοῖς

359 2991 537 3067 ὀφθαλ
551 2999 699 3065 μοῖς.

436 3085 522 3138 14.
566 3081 634 3138 Ei
665 3079 724 3137 δὲ
769 3081 904 3137 κατά
947 3083 1048 3137 ’τὸν
1109 3084 1365 3159 ἀνωτέρω
1420 3088 1521 3149 τῆς
1580 3084 1789 3162 φύσεως
1845 3081 2011 3158 λόγον

2199 3085 2284 3138 14.
2320 3083 2481 3146 Quod
2514 3082 2586 3154 si,
2619 3082 2948 3137 secundum
2980 3097 3160 3153 supra
3190 3081 3511 3151 expositam
3556 3084 3778 3136 naturae

359 3169 469 3246 ἁφή
503 3169 583 3231 τίς
645 3169 882 3262 ἐστινλὴ
939 3175 1036 3226 τοῦ
1097 3173 1414 3247 βλέμματος
1467 3173 1607 3239 κατὰ
1659 3176 1768 3228 τῶν
1819 3193 2011 3244 σωμα-

2127 3173 2439 3242 rationem,
2471 3176 2660 3227 tactus
2693 3170 2934 3243 quidam
2979 3175 3069 3226 est
3110 3169 3414 3227 oculorum
3447 3170 3502 3225 in
3534 3186 3781 3243 corpora

355 3261 463 3312 τῶν
697 3253 956 3329 ἐπιϐολή·
1008 3259 1099 3313 καὶ
1149 3258 1330 3336 ὥσπερ
1358 3267 1476 3323 τοῖς
1507 3261 1888 3338 ὀφθαλμιῶσιν
1923 3259 2012 3316 ἐπὶ

355 3344 522 3400 πλὲον
554 3345 958 3416 ἐνατενίσαντες,
997 3355 1099 3417 τῆς
1153 3349 1313 3404 νόσου
1376 3345 1890 3423 μεταλαμϐάνομεν,
1919 3351 2007 3405 καὶ

353 3433 550 3497 ἄλλοις
583 3441 824 3512 φυσικῶς
853 3437 1156 3515 ὠφελοῦσιν
1190 3434 1580 3501 ἐπιϐάλλοντες
1628 3439 1759 3502 τοὺς
1810 3437 2012 3517 ὀφθαλ-

342 3523 489 3596 ¹μοὺς
535 3527 670 3580 κατά
715 3524 777 3582 τὸ
832 3522 1071 3596 λεληθὸς
1141 3527 1537 3604 ὡφελούμεθα³
1597 3527 1687 3582 καὶ
1737 3533 1854 3589 τοῖς
1911 3534 2011 3596 τῆς

349 3610 555 3682 ἡδονῆς
584 3614 687 3688 ἄρα
714 3609 1020 3686 συμϐόλοις
1052 3619 1166 3688 (37)
1197 3611 1590 3678 ἐπιϐάλλοντες
1632 3616 1760 3679 τοῦς
1809 3615 2014 3694 ὀφθαλ-

356 3701 620 3774 μοὺς,τῆς
653 3703 789 3758 κατὰ
813 3705 914 3772 τήν
940 3701 1146 3773 ἡδονὴν
1180 3705 1342 3760 νόσου
1371 3706 1462 3760 τὸν
1496 3709 1619 3759 νοῦν
1654 3703 2007 3778 ἀναπίμπλα-

359 3813 477 3863 μεν,
539 3789 721 3864 ὥσπερ
779 3792 873 3845 οὗν
903 3793 993 3846 καὶ
1025 3799 1140 3855 τοῖς
1171 3789 1340 3856 ὅντως
1392 3794 1586 3857 καλοῖς
1615 3790 2008 3858 ἐπιϐάλλοντες

353 3879 602 3947 τούτους,
636 3875 726 3934 διὰ
780 3885 887 3934 τῶν
921 3880 1224 3958 ὀφθαλμῶν
1251 3883 1326 3945 εἷς
1358 3883 1457 3952 τὴν
1489 3886 1674 3959 ψυχὴν
1714 3887 1813 3953 τήν
1864 3883 2010 3958 ὠφὲ-

356 3966 504 4024 λειαν
541 3966 836 4044 δεχόμεθα·
887 3971 974 4025 καὶ
1011 3973 1118 4041 (38)
1150 3971 1350 4026 ἄτοπον
1381 3973 1516 4044 μετὰ
1543 3976 1640 4027 τοῦ
1671 3971 2007 4047 βλάπτεσθαι

353 4058 489 4131 πρὸς
518 4058 676 4111 νόσον
724 4055 812 4112 διὰ
852 4062 961 4112 τῶν
1007 4059 1305 4137 ὀφθαλμῶν
1354 4061 1455 4128 τήν
1507 4060 1794 4135 ωρθᾶνον,
1827 4061 1900 4115 ὧν
1929 4062 2007 4133 μὴ
2040 4084 2053 4096 ·

354 4151 545 4222 θαρσεῖ
569 4151 639 4220 τῇ
672 4147 820 4223 χειρί
849 4167 982 4203 ποτε
1014 4145 1272 4222 ἅψασθαι,
1331 4149 1540 4204 τούτων
1595 4153 1664 4222 τῇ
1683 4153 1789 4204 τοῦ
1821 4148 2008 4223 ὅμμα-

349 4257 444 4298 τος
476 4237 587 4313 ἀφῇ
617 4234 927 4314 ἀδιαφόρως
979 4236 1329 4316 ἐφάπτεσθαι.
1388 4239 1721 4315 Προαγωγὸς
1749 4239 1872 4314 γὰρ,
1931 4239 2006 4302 ὡς

349 4323 410 4379 ἃν
442 4323 583 4379 εἷ’ποι
614 4347 720 4394 τις,
752 4326 841 4380 καὶ
894 4330 1274 4402 προμνήστριτ
1321 4331 1358 4397 ὴ
1430 4329 1522 4400 μὶν
1560 4325 1648 4384 διὰ
1683 4332 1777 4383 τοῦ
1819 4325 2004 4400 ὄμμα-

346 4435 441 4476 τος
469 4413 606 4491 ἀφή,
662 4421 761 4484 τῆς
807 4414 896 4470 διὰ
947 4422 1148 4490 χειρῶν
1209 4412 1672 4490 προλαμϐάνουσα
1727 4417 2006 4493 πόῤῥωθεν

347 4505 576 4579 γίνεται.
613 4503 763 4572 Αὑτή
799 4502 855 4560 Si
887 4504 1044 4576 αὕτη,
1078 4509 1114 4574 ἡ
1148 4505 1238 4560 διὰ
1275 4511 1479 4582 χειρῶν
1513 4528 1682 4584 φημι,
1737 4514 1838 4577 τῆς
1869 4507 2006 4561 κατὰ

350 4595 448 4664 τὴν
502 4593 834 4668 συμπλοκὴν
883 4597 1187 4671 θερμοτέρα
1262 4597 1580 4671 θεράπαινα·
1650 4598 1738 4651 καὶ
1804 4599 1840 4665 ἡ
1903 4597 2002 4665 τήν

353 4685 578 4758 πρώτην
611 4683 754 4758 ἆφήν
801 4689 900 4739 τοῦ
958 4680 1218 4758 ὄμματος
1273 4686 1348 4759 μή
1381 4707 1646 4762 φυγουσα,
1707 4686 1810 4741 οὐκ
1861 4685 1920 4740 ἂν
1950 4686 2015 4741 τὸ

357 4769 441 4825 ιπ’
498 4772 662 4842 αὐτῆ,
723 4772 849 4828 οὐδὲ
902 4773 1003 4841 τὴν
1034 4777 1142 4829 τῶν
1198 4779 1402 4850 χειρῶν
1431 4774 1728 4852 ἀποφύγοι.
1760 4775 1823 4831 Ἡ
1855 4771 1914 4829 δὲ
1938 4777 2008 4840 τῇ

350 4860 576 4935 τοιαύτῃ
634 4857 786 4924 αὖθις
820 4861 1094 4935 ὶρωτικῶς
1123 4860 1487 4937 ἐμπλακεῖσα,
1549 4862 1649 4919 οὐκ
1705 4861 1766 4918 ἂν
1832 4881 2004 4937 μοΛυ-

425 5029 470 5063 "
501 5028 666 5086 Prov.
700 5045 779 5100 vx,
809 5029 917 5099 25;
950 5046 1026 5100 iv,
1054 5029 1146 5086 25.

419 5209 532 5284 (33)
562 5206 744 5284 ᾼέγοι.
769 5209 864 5265 Sic
891 5210 1161 5266 nonnulli
1184 5216 1407 5267 veteres
1437 5211 1573 5268 libri
1595 5211 1804 5268 melius
1827 5226 2004 5284 quam

348 5281 407 5336 in
428 5277 838 5353 νθὸἱῐὶεξλιγει.

418 5353 531 5422 (34)
591 5352 900 5423 Ἐμπαθῶς.
959 5353 1051 5408 Sic
1105 5353 1478 5411 Colbertinus
1522 5359 1590 5411 .et
1645 5355 1762 5409 duo
1823 5353 1922 5410 alii
1973 5371 2006 5409 a

345 5424 694 5496 Combefisio
726 5425 907 5480 citati.
941 5425 1113 5489 Ediii,
1150 5424 1430 5496 ιμπαθῶν.

419 5495 532 5587 ς35)
564 5493 899 5587 ῌευὲτωσαν.
931 5497 1136 5554 Plures
1168 5493 1335 5566 mss,
1368 5495 1582 5552 νευὲτω.
1613 5497 2003 5567 Colbertinus,

347 5566 440 5620 νεύ
449 5567 592 5640 ματά
633 5587 728 5621 σου
743 5566 972 5640 ,νευὲτω.

423 5640 549 5712 (36),
583 5639 886 5710 Σωμάτων.
944 5641 1037 5712 Sic
1095 5657 1204 5712 ope
1259 5640 1684 5712 nonnullorum
1738 5640 2007 5712 codicum

353 5709 796 5769 emen'davimus
825 5714 981 5785 quod
1013 5711 1071 5768 in
1104 5709 1276 5770 editis
1306 5712 1630 5786 legebatur,
1663 5709 1951 5784 ὀμμάτων.

2126 3262 2458 3332 coniectus;
2495 3260 2546 3316 si
2574 3259 3093 3331 quemadmodum,
3129 3261 3269 3314 dum
3310 3259 3622 3330 lippientes
3654 3260 3784 3315 diu-

2119 3351 2240 3407 tius
2263 3351 2584 3416 intuemur,
2604 3349 2792 3403 morbi
2821 3348 3135 3420 participes
3159 3349 3359 3420 ﬂmus,
3389 3349 3446 3402 in
3469 3365 3536 3403 ea
3560 3355 3783 3419 autem,

2120 3457 2248 3511 quae
2281 3444 2489 3493 natura
2515 3437 2826 3494 commoda
2848 3441 3007 3507 sunt,
3031 3439 3232 3492 oculos
3253 3437 3573 3510 deﬁgentes
3605 3439 3787 3494 laten-

2119 3533 2209 3584 ter
2231 3529 2542 3599 juvamur;
2576 3527 2658 3582 ita
2680 3527 2856 3582 etiam
2877 3543 3014 3582 cum
3038 3527 3096 3580 in
3119 3525 3436 3598 voluptatis
3460 3527 3630 3597 signa
3653 3544 3787 3583 ocu-

2119 3617 2208 3673 los
2230 3617 2601 3687 conjicimus,
2617 3617 2940 3687 voluptatis
2963 3616 3168 3672 morbo
3191 3632 3358 3671 mens
3380 3615 3684 3686 oppletur;
3719 3634 3786 3671 ac

2120 3707 2340 3778 pariter
2368 3706 2426 3760 in
2459 3722 2546 3772 ea,
2573 3722 2702 3776 quae
2724 3720 2854 3759 vere
2885 3706 3037 3760 bona
3058 3709 3216 3770 sunt,
3241 3704 3443 3760 oculos
3469 3706 3780 3775 conjicien-

2119 3800 2232 3860 tes,
2262 3812 2364 3868 per
2401 3794 2607 3850 oculos
2657 3794 2718 3848 in
2769 3794 2967 3849 anima
3015 3794 3333 3850 utilitatem
3385 3795 3778 3866 percipimus;

2121 3886 2172 3941 si
2206 3885 2328 3940 haec
2359 3884 2442 3940 ita
2472 3899 2534 3940 se
2563 3883 2806 3954 habent,
2837 3886 3224 3955 praeterquam
3258 3883 3410 3954 quod
3448 3900 3549 3954 per
3578 3883 3782 3940 oculos

2121 3974 2394 4030 morbum
2427 3973 2588 4044 virgo
2620 3972 3238 4044 concipit,absurdum
3261 3977 3350 4028 est
3381 3977 3444 4027 ut
3475 3990 3602 4042 qua;
3628 3990 3782 4027 nun-

2119 4079 2297 4134 quam
2326 4079 2504 4116 manu
2531 4070 2763 4132 tangere
2785 4061 3102 4126 audeat,ea
3121 4061 3422 4116 oculorum
3443 4066 3601 4117 tactu
3625 4062 3773 4118 081

2118 4151 2647 4207 indiscriminatim
2669 4154 2890 4223 tangat.
2919 4149 3018 4205 llle
3041 4151 3198 4206 enim
3224 4165 3327 4222 per
3347 4149 3548 4206 oculos
3572 4151 3782 4216 factus,

2117 4241 2249 4297 leno
2281 4245 2392 4306 est,
2428 4247 2489 4296 ut
2532 4241 2614 4295 ita
2644 4239 2862 4309 dicam,
2895 4244 2952 4296 et
2982 4239 3288 4312 pronubus
3330 4238 3512 4307 illius,
3545 4239 3646 4310 qui
3679 4257 3782 4309 per

2119 4347 2330 4386 manus
2363 4330 2682 4402 perﬁcitur,
2713 4345 2971 4401 eumque
3004 4329 3204 4401 procul
3235 4329 3565 4384 antevertit.
3590 4330 3779 4400 Atque

2115 4419 2240 4491 ipse
2285 4419 2382 4475 ille
2429 4421 2529 4491 qui
2581 4435 2684 4490 per
2736 4435 2946 4474 manus
2976 4419 3062 4489 ﬁt,
3098 4418 3278 4487 illius,
3311 4417 3406 4488 qui
3463 4434 3566 4488 per
3614 4434 3784 4473 com-

2116 4508 2372 4580 plexum,
2398 4508 2641 4564 calidior
2671 4511 2760 4562 est
2791 4506 3085 4576 famulus;
3113 4511 3171 4562 et
3194 4523 3324 4578 quae
3353 4507 3612 4579 primum
3636 4524 3776 4562 ocu-

2114 4597 2305 4653 lorum
2339 4602 2559 4653 tactum
2595 4613 2709 4652 non
2761 4596 2934 4668 fugit,
2964 4613 3034 4652 ea
3062 4601 3348 4666 quantum
3400 4597 3456 4650 in
3507 4597 3637 4668 ipsa
3667 4601 3778 4667 est,

2124 4703 2198 4744 ne
2229 4703 2514 4741 manuum
2543 4685 2780 4756 quidem
2805 4689 3030 4740 tactum
3051 4685 3308 4758 effugiet.
3334 4689 3560 4740 Rursus
3581 4690 3778 4740 autem

2123 4793 2252 4848 quae
2277 4776 2576 4848 ejusmodi
2600 4780 2755 4830 tactu
2791 4774 3104 4831 libidinose
3127 4774 3427 4847 implicata
3447 4774 3640 4844 fuerit,
3663 4789 3778 4828 non

2122 4881 2265 4921 sane
2286 4865 2358 4920 ab
2381 4863 2874 4937 iniquinamentis
2895 4879 3044 4936 pura
3063 4863 3555 4936 deprehendatur.
3571 4864 3780 4928 Quem-

2187 5211 2302 5282 (37)
2335 5204 2671 5283 Συμϐόλοις.
2707 5211 2793 5267 lta
2832 5210 3010 5266 codex
3059 5209 3297 5283 Regius,
3322 5210 3665 5283 jam‘saepe
3699 5209 3770 5263 ad

2116 5279 2428 5338 contextus
2491 5283 2958 5339 emendationem
3044 5279 3364 5336 adhibitus.
3422 5279 3516 5335 Sic
3593 5281 3772 5335 etiam

2114 5353 2327 5424 legisse
2379 5354 2611 5410 videtur
2655 5354 3025 5417 Ambrosius,
3075 5352 3177 5422 qui
3229 5351 3462 5408 reddit:
3499 5352 3631 5407 Cum
3679 5367 3771 5424 ρο-

2116 5416 2343 5497 ζιῷιαιίδ
2373 5426 2601 5482 indicii:
2649 5426 2831 5482 oculos
2859 5416 3158 5497 injicimus.
3196 5424 3368 5487 Editi,
3392 5427 3517 5497 ταῖς
3566 5416 3774 5497 συμϐο-

2117 5493 2264 5561 λαῖς,
2324 5497 2623 5568 voluptati:
2680 5493 3080 5564 congressibus,
3139 5501 3204 5550 ut
3258 5496 3430 5550 vertit
3485 5493 3772 5551 Combefi-

2116 5586 2263 5625 ειυε.

2185 5639 2301 5709 (38)
2332 5637 2454 5693 Καί.
2503 5638 2814 5694 Redundat
2843 5636 2938 5692 hic
2969 5638 3324 5709 conjunctio,
3357 5642 3415 5694 et
3461 5637 3592 5693 ideo
3623 5651 3768 5708 prai-

2117 5713 2396 5768 termissa
2423 5710 2483 5766 in
2515 5709 3013 5781 interpretatione.
