4150 6412
335 349 454 412 699

1289 364 1688 430 APPENDIX
1733 365 2056 430 OPERUM
2102 367 2168 429 S.
2212 365 2495 428 BASlLlI
2539 364 2815 428 MAGNI.

3649 368 3770 432 700

347 490 668 548 admodum
698 494 854 549 enim
887 511 1021 551 cum
1061 495 1257 567 ignem
1288 497 1610 570 tangimus,
1645 499 1814 573 signa
1841 499 1998 572 ignis

2142 494 2330 570 μάτων
2369 495 2581 572 καθαρὰ
2639 493 2904 571 εὑρεθείη.
2964 497 3053 559 Ὠς
3082 497 3183 574 γὰρ
3234 497 3331 552 τοῦ
3380 497 3551 572 πυρὸς
3604 481 3773 555 ἄπτί

346 594 449 649 per
476 578 799 651 impressas
826 583 994 639 nobis
1015 585 1083 640 ad
1095 585 1360 642 ustiones
1381 587 1724 659 accipimus,
1745 603 1850 643 nec
1871 588 1999 642 ﬁeri

349 673 562 738 potest,
596 675 660 725 ut
688 671 788 743 qui
821 672 1015 743 ignem
1050 691 1229 730 manu
1261 675 1478 748 tetigit,
1502 693 1702 747 puram
1736 677 1808 732 ab
1840 675 2002 732 illius

342 757 396 810 vi
425 760 632 814 urendi
659 778 896 825 manum
921 765 1225 832 ostendat;
1251 767 1348 821 sed
1376 765 1621 836 pustulae
1645 766 1846 821 statim
1872 769 2006 838 post

343 849 567 902 tactum
601 856 932 922 surgentes,
968 870 1035 908 ac
1068 871 1181 909 non
1229 854 1355 909 sine
1387 855 1583 910 dolore
1616 855 1905 910 ferventes
1937 869 2004 910 ac

352 938 658 1006 micantes,
684 939 878 996 ulcera
909 959 1041 997 mox
1061 949 1343 1016 eruptura
1365 944 1735 1013 denuntiant,
1761 944 2003 1016 autjam

352 1027 643 1098 impressa
667 1031 864 1085 manui
890 1031 1017 1086 dira
1037 1038 1358 1088 cernuntur
1383 1032 1608 1089 ulcera:
1633 1034 1717 1088 sic
1740 1033 1864 1088 ﬁeri
1890 1050 2004 1089 non

356 1122 569 1188 potest,
604 1123 668 1172 ut
698 1119 796 1190 qui
838 1119 1217 1176 libidinosum
1255 1121 1448 1194 ignem
1481 1123 1761 1195 attigerit,
1793 1139 2007 1194 purum

353 1206 426 1261 ab
449 1205 610 1262 illius
631 1208 819 1279 signis
842 1225 1082 1264 manum
1107 1213 1407 1281 ostendat;
1433 1213 1532 1266 sed
1555 1212 1642 1267 vel
1664 1213 1866 1266 eodem
1893 1228 2008 1267 mo-

352 1295 424 1350 do
456 1311 522 1350 ac
552 1298 610 1350 in
647 1313 858 1352 manus
902 1303 1082 1368 tactu,
1111 1298 1362 1370 pustulis
1393 1299 1542 1356 clam
1577 1300 1637 1355 in
1670 1301 1842 1356 corde
1874 1317 2008 1356 sur-

354 1388 578 1457 gentes,
603 1385 741 1440 diras
785 1386 1003 1442 amoris
1048 1389 1541 1459 perturbationes,
1567 1391 1788 1446 fervent
1809 1395 1866 1445 et
1897 1389 2007 1445 mi-

355 1477 512 1538 cant,
543 1489 608 1528 ac
641 1474 1110 1532 intolerabilibus
1135 1478 1390 1533 motibus
1421 1484 1765 1547 aastusntes,
1789 1477 2008 1551 peccati

355 1562 554 1618 ulcera
575 1564 845 1634 protinus
865 1570 1147 1638 eruptura
1169 1568 1536 1637 minitantur,
1553 1571 1793 1640 autjam
1819 1573 2009 1624 totum

357 1666 456 1705 cor
484 1649 647 1706 intus
669 1652 1065 1710 exulceratum
1088 1657 1426 1713 ostendunt.
1449 1658 1606 1729 Ignis
1627 1657 1784 1712 enim
1806 1673 2009 1713 accen-

356 1754 462 1795 sus
491 1744 602 1807 est,
626 1739 840 1812 inquit,
867 1742 925 1798 in
957 1745 1233 1801 omnibus
1265 1747 1581 1803 membris:
1618 1746 2012 1820 quodcunque

357 1832 555 1884 autem
585 1829 888 1899 invaserit,
912 1833 1191 1890 radicitus
1214 1836 1420 1907 perdit.
1440 1837 1628 1900 Quare
1647 1853 1780 1892 cum
1803 1837 1863 1891 in
1885 1852 2007 1892 om-

2117 607 2290 660 μενοι,
2349 585 2417 640 τὰ
2472 587 2754 659 σήμαντρσ
2807 589 2905 641 τοῦ
2961 585 3133 660 πυρὸς
3171 583 3261 640 διὰ
3305 589 3412 642 τῶν
3472 587 3770 663 ἐγγινομέ-

2112 696 2214 730 νων
2248 678 2362 749 (39)
2425 677 2560 748 ἡμῖν
2615 676 2933 747 καυστήρων
2996 673 3290 750 δεχόμεθα,
3348 677 3436 731 καὶ
3480 677 3770 752 ἀμήχανον

2114 765 2262 840 χειρὶ
2330 765 2502 835 πυρὸς
2578 761 2943 842 ἐφαψάμενον,
3020 764 3255 838 καθαρὰν
3321 771 3423 834 τῆς
3476 773 3770 836 καυστικῆς

2115 852 2387 928 ἐνεργείας
2441 852 2636 908 τούτου
2668 851 2834 926 δεῖξαι
2873 855 2972 923 τήν
3033 859 3216 929 χεῖρα,
3251 851 3380 908 ἀλλ’
3410 854 3445 924 ἢ
3481 853 3768 934 φλυκτίδες

2115 946 2185 1017 τῇ
2215 943 2325 1020 ἀφῇ
2360 941 2571 1017 ἀθρόως
2603 941 2988 1010 ἐπαναστᾶσαι,
3041 941 3130 996 καὶ
3196 939 3438 1018 ὀδυνηρά
3472 945 3683 1013 ζέουσαί
3713 966 3772 1001 τε

2117 1030 2206 1087 καί
2265 1031 2585 1109 σφύζουσαι,
2642 1029 2776 1102 ἕλκη
2814 1031 3044 1108 ῥαγῆναι
3081 1032 3191 1103 (40)
3225 1030 3380 1095 εὐθὺς
3430 1031 3769 1102 ἀπειλοῦσιν,

2118 1122 2153 1191 ἢ
2188 1119 2296 1192 ἤδη
2330 1122 2602 1200 φθάσαντα
2652 1119 2703 1174 ἐν
2757 1125 2826 1195 τῇ
2885 1121 3034 1196 χειρὶ
3085 1121 3254 1196 πικρὰ
3294 1122 3482 1196 ὁρᾶται
3515 1122 3582 1176 τὰ
3607 1119 3765 1194 ἕλκη·

2120 1209 2294 1273 οὕτως
2351 1211 2640 1286 ἀμήχανον
2670 1208 2931 1286 ἐρωτικοῦ
2986 1209 3156 1284 πυρὸς
3213 1207 3579 1286 ἐφαψάμενον,
3612 1223 3771 1275 καθα-

2121 1299 2217 1374 ρὰν
2249 1304 2359 1354 τῶν
2403 1299 2602 1354 τούτου
2650 1299 2976 1374 σημάντρων
3026 1298 3125 1366 τὴν
3157 1298 3298 1375 ἁφὴν
3329 1297 3608 1369 ἐπιδεῖξαι·
3643 1298 3769 1355 ἀλλ’

2119 1390 2155 1457 ἢ
2209 1387 2348 1443 κατὰ
2374 1389 2436 1443 τὸ
2467 1386 2664 1460 ὅμοιον
2694 1394 2794 1457 τῆς
2822 1386 2958 1442 κατὰ
2983 1389 3082 1457 τὴν
3117 1392 3280 1461 χεῖρα
3305 1388 3467 1465 ἀφῆς,
3501 1386 3770 1465 φλυκταῖ-

2119 1498 2206 1532 ναι
2263 1480 2332 1550 τῇ
2363 1473 2560 1550 καρδίᾳ
2590 1474 2866 1551 λαθραίως
2917 1476 3296 1545 ἐπαναστᾶσαι,
3353 1475 3422 1530 τὰ
3458 1474 3628 1551 πικρὰ
3672 1479 3772 1529 τοῦ

2120 1561 2323 1644 ἔρωτος
2354 1567 2526 1637 πάθη,
2566 1564 2740 1634 ζέουσί
2790 1585 2850 1620 τε
2899 1565 2990 1620 καὶ
3041 1564 3322 1641 σφύζουσι,
3380 1563 3470 1619 καὶ
3522 1564 3775 1640 ἀσχέτοις

2121 1654 2366 1730 παλμοῖς
2414 1654 2799 1730 συνεχόμεναι,
2857 1654 2926 1708 τὰ
2978 1661 3080 1724 τῆς
3140 1653 3408 1730 ἁμαρτίας
3437 1651 3573 1721 ἕλκη
3609 1649 3777 1728 ῥαγῆ-

2120 1765 2203 1800 ναι
2262 1742 2422 1805 εὐθὺς
2453 1739 2795 1813 ἀπειλοῦσιν,
2826 1741 2862 1810 ἢ
2894 1739 3003 1812 ἤδη
3037 1741 3174 1811 ὃλην
3207 1739 3540 1812 ἡλκωμένην
3576 1737 3630 1792 ἐν
3663 1737 3778 1810 (41)

2126 1833 2276 1909 βάθει
2331 1832 2430 1900 τὴν
2488 1829 2712 1907 καρδίαν
2770 1829 3026 1886 δείκνυσι.
3066 1834 3179 1905 Πῦρ
3234 1827 3335 1903 γάρ
3391 1827 3504 1882 ἐστι
3554 1826 3777 1899 καιόμε-

364 1883 374 1884 ,
613 1883 640 1884 η
695 1883 1190 1899 ---ηρνηηηη
1215 1883 1419 1907 ,_-___--
1447 1883 1863 1900 ,μνη-..η-
1887 1883 1981 1892 --.-

358 1917 537 1972 nibus
560 1920 842 1975 membris
867 1920 1023 1992 ignis
1047 1923 1143 1978 ille
1166 1926 1540 1992 accendatur,
1564 1925 1658 1980 his
1681 1926 1782 1997 qui
1813 1925 2018 1980 volunt

2142 1883 2274 1992 ξξξξ-
3041 1883 3258 1991 μελῶνἸ
3281 1883 3343 1972 οιῦ
3377 1913 3422 1971 δ’
3453 1914 3512 1970 ἂν
3546 1883 3773 1990 ἐπέλθῃ,

359 2021 576 2076 purum
622 2009 693 2062 ab
752 2009 1161 2068 exustionibus
1218 2030 1432 2086 corpus
1489 2013 2016 2081 exhibere,caven-

361 2095 501 2150 dum
532 2100 623 2152 est
651 2114 685 2152 a
713 2097 973 2168 cujusvis
1014 2101 1265 2157 membri
1297 2107 1478 2174 taclu,
1504 2120 1575 2159 ne
1617 2119 1924 2159 accensam
1957 2103 2018 2157 in

363 2185 627 2240 membro
648 2186 765 2240 vim
787 2186 964 2258 ignis,
995 2205 1094 2260 per
1121 2195 1344 2247 tactum
1378 2209 1494 2248 non
1516 2192 1708 2248 solum
1741 2193 1799 2247 in
1833 2208 2017 2248 mem-

368 2272 473 2328 bro
505 2274 660 2344 quod
689 2275 1004 2346 tetigerint,
1026 2279 1128 2334 sed
1160 2279 1218 2335 in
1252 2286 1372 2336 toto
1416 2297 1675 2352 corpore,
1704 2298 1771 2336 ac
1802 2281 1860 2335 in
1892 2281 2022 2353 ipsa

370 2361 572 2417 anima
588 2365 934 2436 suscipiant.
950 2367 1094 2422 Nam
1115 2369 1164 2423 si
1181 2371 1427 2425 caudam
1447 2369 1644 2442 aliquo
1665 2375 2023 2427 tantummo-

374 2448 448 2504 do
471 2452 759 2521 scrpentis
781 2457 1078 2527 tangente,
1103 2462 1298 2528 caput,
1327 2458 1436 2514 etsi
1466 2461 1525 2513 in
1549 2459 1742 2515 medio
1765 2459 2024 2530 positum

371 2541 674 2611 tantopere
696 2541 894 2611 distat,
919 2547 1112 2601 tamen
1141 2547 1212 2602 ad
1245 2547 1465 2604 factum
1497 2548 1554 2603 in
1584 2549 1771 2604 cauda
1799 2552 2024 2603 tactum

373 2628 576 2684 statim
627 2633 986 2688 convertitur
1017 2651 1030 2689 :
1059 2639 1117 2690 et
1147 2637 1196 2691 si
1229 2638 1394 2708 pedis
1445 2638 1627 2693 nostri
1681 2637 1866 2709 digito
1915 2637 2026 2691 im-

377 2717 673 2790 pingente,
705 2721 900 2793 capilli
932 2722 992 2778 in
1023 2725 1213 2796 capite
1257 2727 1459 2782 statim
1512 2727 1650 2783 recti
1683 2727 2024 2800 eriguntur;

376 2811 530 2862 certe
561 2808 913 2867 libidinosus
959 2816 1173 2877 tactus,
1204 2815 1382 2871 etiam
1415 2818 1464 2872 si
1494 2815 1553 2872 in
1587 2833 1765 2873 manu
1794 2821 2026 2872 tantum

378 2896 498 2967 fiat,
531 2901 728 2955 tamen
761 2917 794 2954 a
823 2904 1013 2972 capite
1044 2921 1224 2976 usque
1253 2907 1322 2960 ad
1354 2909 1646 2962 extremos
1677 2923 1928 2979 ungues,
1956 2906 2030 2961 ad

379 3002 621 3041 sensum
677 2988 1018 3061 voluptatis,
1048 3010 1150 3064 pro
1197 2995 1491 3065 tangentis
1541 2999 1712 3060 nutu,
1746 2994 2032 3066 pertrahit

378 3091 612 3147 corpus.
640 3076 707 3132 Et
728 3081 1227 3148 quemadmodum
1251 3082 1399 3155 lapis
1429 3083 1489 3139 in
1522 3084 1789 3140 cisternas
1815 3099 2029 3156 aquam

2127 2011 2187 2068 ἐκ
2219 2010 2384 2087 ῥιζῶν
2435 2007 2738 2066 ἀπώλεσεν.
2787 2011 2948 2064 Ὥστε
3001 2006 3189 2078 ἐπειδή
3248 2006 3336 2061 ἐπὶ
3394 2007 3610 2061 πάντων
3667 2009 3777 2060 τῶν

2132 2099 2314 2176 μελῶν
2371 2099 2480 2155 ἐστι
2529 2099 2592 2154 τὸ
2649 2102 2755 2174 πῦρ
2812 2101 2975 2153 τοῦτο
3004 2097 3325 2170 καιόμενον,
3352 2100 3468 2158 τοῖς
3519 2095 3786 2170 προθεμέ-

2128 2211 2242 2253 νοις
2298 2188 2535 2264 καθαρὸν
2565 2189 2853 2262 καυτήρων
2885 2188 2948 2242 τὸ
2982 2191 3144 2259 σῶμα
3183 2183 3447 2241 δεικνύναι
3479 2183 3779 2262 φυλακτέον

2131 2280 2388 2334 ἅπτεσθαι
2439 2298 2587 2339 τινος
2635 2280 2744 2332 τῶν
2799 2276 3001 2350 μελῶν·
3058 2273 3151 2330 ’ίνα
3205 2276 3280 2349 μὴ
3312 2275 3412 2343 τὴν
3443 2272 3530 2328 ἐπὶ
3579 2269 3785 2347 μέλους

2130 2368 2424 2442 καιομένην
2459 2368 2572 2440 (42)
2627 2363 2892 2441 ἐνέργειαν
2951 2368 3048 2418 τοῦ
3079 2363 3273 2438 πυρὸς,
3333 2360 3422 2418 διὰ
3471 2369 3572 2432 τῆς
3619 2361 3785 2440 ἁφῆς,

2134 2457 2234 2513 οὑκ
2259 2455 2345 2512 ἐπὶ
2401 2459 2499 2510 τοῦ
2533 2454 2730 2530 μέρους
2761 2453 2926 2527 μόνον
2987 2453 3048 2508 οὗ
3077 2451 3311 2526 ἥψαντο,
3367 2449 3496 2506 ἀλλ’
3547 2450 3624 2514 εἷς
3657 2449 3786 2507 ὅλον

2133 2547 2194 2601 τὸ
2245 2549 2427 2618 σῶμα,
2470 2543 2561 2599 καὶ
2593 2543 2670 2607 εἴς
2699 2544 2868 2613 αὐτὴν
2898 2543 2998 2612 τήν
3046 2541 3232 2616 ψυχὴν
3267 2538 3688 2611 καταδέξωνται.
3722 2538 3784 2595 Εἰ

2134 2634 2236 2712 γὰρ
2264 2635 2362 2706 τῆς
2423 2632 2587 2708 ούρᾶς
2615 2653 2698 2693 τις
2733 2632 2897 2706 μόνον
2925 2634 3021 2685 τοῦ
3075 2627 3251 2707 ὄφεως
3299 2629 3501 2704 ἥψατο.
3561 2628 3653 2684 καὶ
3696 2649 3788 2683 το-

2139 2723 2315 2795 σούτῳ
2359 2724 2522 2796 μήκει
2553 2721 2606 2776 ἐν
2641 2719 2790 2795 μέσῳ
2818 2725 2917 2776 τοῦ
2947 2722 3200 2793 σώματος
3233 2722 3267 2789 ἠ
3301 2717 3512 2796 κεφαλὴ
3544 2718 3792 2797 ἀφεστῶ-

2139 2834 2224 2885 σα,
2283 2809 2437 2884 ὅμως
2494 2812 2630 2885 πρὸς
2657 2812 2758 2879 τήν
2786 2808 2837 2865 ἐν
2869 2813 2938 2883 τῇ
2971 2807 3105 2884 ούρᾷ
3127 2808 3426 2884 γενομένην
3459 2809 3598 2884 ἁφὴν
3635 2806 3789 2870 εὐθὺς

2139 2901 2532 2978 ἐπιστρέφεται·
2592 2896 2682 2952 καὶ
2743 2897 2788 2953 εί
2817 2902 2914 2952 τοῦ
2944 2896 2995 2951 ἐν
3044 2897 3124 2968 τῷ
3155 2893 3283 2950 ποδὶ
3317 2897 3478 2968 ἡμῶν
3519 2891 3788 2950 δακτύλου

2139 2988 2631 3067 προσπταίσαντος,
2693 2987 2746 3042 αἱ
2777 2986 2829 3042 ἐν
2879 2989 2947 3059 τῇ
2977 2983 3190 3064 κεφαλῇ
3221 2983 3408 3060 τρίέες
3443 2982 3600 3059 ὀρθαὶ
3633 2980 3787 3046 εὐθὺς

2140 3079 2539 3136 ἐπανίστανται·
2597 3075 2688 3130 καὶ
2745 3077 2781 3146 ἡ
2833 3074 3082 3149 ἐμπαθὴς
3139 3074 3355 3135 πάντως
3383 3074 3494 3146 (43)
3527 3071 3660 3149 ἀφή,
3695 3067 3790 3126 κᾶν

379 3166 701 3236 conjectus,
733 3183 848 3222 non
880 3167 1070 3225 solum
1099 3171 1462 3242 adjacentem
1495 3189 1660 3246 aquae
1693 3177 1938 3246 partem,
1971 3171 2027 3227 in

2143 3167 2194 3225 ἐν
2234 3171 2305 3243 τῇ
2361 3165 2509 3244 χειρὶ
2537 3166 2756 3240 γένηται
2792 3164 2979 3238 μόνον,
3043 3163 3149 3217 άπὸ
3179 3159 3422 3239 κεφαλῆς
3454 3157 3562 3246 ἐως
3613 3157 3795 3246 ἄκρων

379 3268 558 3323 quam
590 3255 819 3325 cecidit,
853 3257 1124 3330 exagitat,
1157 3261 1258 3316 sed
1290 3263 1466 3318 etiam
1499 3244 1645 3318 alios
1675 3244 1745 3318 ex
1774 3262 1907 3318 aliis
1938 3278 2027 3316 or-

2143 3256 2385 3333 ὀνύχωῢ,
2443 3254 2597 3328 ὅμως
2628 3252 2764 3330 πρὸς
2792 3252 2893 3320 τὴν
2925 3248 3268 3320 συναίσθησιν
3298 3254 3398 3318 τῆς
3428 3244 3633 3316 ἡδονῆς
3663 3244 3800 3300 κατὰ

379 3341 482 3397 bes
512 3342 795 3411 excitans,
819 3361 1006 3416 usque
1029 3349 1098 3403 ad
1132 3355 1394 3405 extrema
1423 3350 1557 3406 illos
1588 3351 1887 3407 interdum
1918 3350 2027 3423 agi-

2142 3347 2330 3402 τὸτοῦ
2362 3343 2642 3418 ἀψαμένυυ
2694 3336 2998 3414 σύμϐολον,
3057 3337 3302 3393 συνέλκει
3340 3337 3402 3392 τὸ
3456 3340 3636 3423 σῶμα.
3690 3334 3795 3390 Καὶ

379 3431 560 3486 tando
591 3433 894 3502 perducit:
931 3436 1011 3491 ita
1041 3436 1394 3495 libidinosus
1423 3439 1812 3512 aspectus,vel
1843 3421 2027 3496 sermo

2145 3437 2221 3498 ὡς
2254 3433 2413 3488 λίθου
2447 3431 2614 3506 βυλή,
2639 3429 2777 3484 κατὰ
2801 3432 2900 3484 τοῦ
2931 3427 2982 3482 ἐν
3021 3431 3090 3501 τῇ
3131 3423 3394 3499 δεξαμενῇ
3421 3421 3616 3512 ίξδατος
3647 3443 3803 3512 γινοέ

383 3518 702 3592 voluptatis
749 3523 1123 3582 effeminatus
1172 3510 1576 3596 illecebrisiin
1629 3529 1870 3600 virginis
1909 3527 2027 3583 ani-

2152 3524 2309 3600 μίνη,
2371 3522 2435 3576 οὖ
2490 3519 2555 3575 τὸ
2610 3517 3006 3592 παρακείμενον
3070 3515 3234 3591 μέρυς
3261 3518 3359 3570 τοῦ
3396 3511 3593 3600 ὕδατος
3625 3512 3745 3577 καθ’
3775 3510 3805 3566 8

385 3624 565 3676 mam,
615 3611 795 3666 velut.
829 3612 887 3666 in
948 3615 1166 3671 undam
1223 3617 1603 3689 purissimam
1663 3599 2027 3672 vehemente]

2147 3599 2429 3669 πέπτωκεν
2464 3610 2491 3664 ὁ
2525 3607 2674 3669 λίθος
2726 3607 2890 3679 μόνον
2941 3603 3217 3678 κυμαίνει,
3277 3600 3406 3658 ἀλλ’
3452 3599 3662 3689 ἄλλους
3722 3600 3810 3656 ἐπ’

386 3697 654 3770 illapsus,
686 3701 832 3757 alias
861 3717 928 3757 ex
960 3704 1092 3759 aliis
1132 3687 1472 3774 amatorias,
1506 3711 1571 3761 ut
1619 3707 1678 3761 in
1730 3705 2027 3778 profundo.

2151 3699 2346 3761 ἄλλοις
2383 3695 2619 3759 κύκλους
2670 3698 2781 3770 (44)
2835 3694 3264 3764 ἐπαναστήσατα,
3313 3689 3420 3756 ἕως
3467 3695 3577 3746 τῶν
3624 3687 3802 3765 ἄκρων

387 3787 647 3844 excitans
691 3791 1096 3863 cogitationes,
1131 3793 1460 3866 perculsam
1511 3794 1673 3850 illius
1723 3794 1821 3866 qui
1875 3809 2027 3865 aspe-

2149 3789 2376 3850 τούτους
2435 3781 2545 3851 ἐσθ’
2601 3787 2691 3840 ὅτε
2745 3783 3082 3859 κυμαίνουσα
3137 3782 3277 3858 ἅγειθ
3341 3781 3515 3843 οὕτως
3546 3779 3809 3858 ἐρωτικὸν

389 3880 549 3933 ctum
581 3880 851 3950 conjecit,
883 3881 1142 3954 imagine
1171 3887 1356 3940 totam
1388 3883 1648 3940 animam
1681 3883 1891 3955 quatit.

2163 3877 2409 3956 βλέμμα,
2466 3875 2502 3946 ἢ
2560 3873 2728 3950 λόγος
2782 3870 2984 3944 ἡδονῆς
3011 3869 3384 3946 τεθηλυμένος
3433 3868 3808 3945 μειλίγμασιν,

393 3964 471 4028 εἷς
497 3966 597 4035 τὴν
625 3974 724 4037 τῆς
752 3971 1020 4041 παρθένου
1047 3973 1258 4046 ψυχὴν,
1292 3973 1474 4044 ὥσπερ
1507 3972 1584 4034 εἰς
1607 3971 1840 4047 καθαρὸν
1869 3969 2014 4046 ὕδωρ
2045 3966 2296 4048 σφοδρῶς
2329 3965 2604 4042 ἐμπεσὼν,
2635 3961 2808 4025 ἄλλας
2838 3961 2919 4018 ἐπ’
2952 3959 3128 4025 ἄλλας
3157 3963 3269 4034 (45)
3301 3959 3584 4036 ἐρωτικὰς,
3638 3959 3711 4020 ὡς
3757 3957 3809 4013 ἐν

401 4052 574 4127 βυθῷ,
606 4053 828 4132 ἐγείρων
863 4056 1095 4130 ἐννοίας,
1129 4059 1267 4130 δΛην
1301 4061 1473 4130 αὐτὴν
1504 4063 1642 4137 πρὸς
1662 4062 1763 4129 τὴν
1793 4063 1891 4114 τοῦ
1925 4056 2230 4134 βάλλοντος
2263 4053 2554 4134 φαντασίαν
2586 4053 2891 4127 πληγεῖσαν
2923 4050 3202 4122 κυμαίνει.

471 4146 558 4201 15.
579 4131 944 4219 Quaqropter
961 4154 1188 4221 oportet
1207 4131 1558 4221 maxime,ut
1570 4151 1732 4223 virgo
1748 4155 1872 4205 tum
1893 4131 2027 4222 aspe

2239 4131 2325 4203 15.
2378 4144 2471 4199 Διὸ
2523 4140 2608 4198 δεῖ
2669 4140 2907 4216 μάλιστα
2935 4140 3034 4210 τήν
3084 4137 3347 4211 παρθίνον
3375 4134 3469 4198 τάς
3499 4155 3557 4190 τε
3589 4131 3678 4190 διὰ
3706 4138 3814 4189 τῶν

396 4237 530 4290 ctus
559 4239 687 4291 tum
718 4236 876 4293 voc-is
905 4237 1243 4308 blanditias,
1270 4257 1396 4312 quas
1427 4240 1717 4313 pestiferas
1739 4239 2021 4312 voluptati

2170 4233 2504 4312 βλεμμάτων
2552 4231 2644 4287 καὶ
2687 4237 2787 4300 τῆς
2844 4235 3028 4304 φωνῆς
3079 4225 3386 4313 κολακείας,
3446 4231 3548 4294 τῆς
3596 4235 3817 4303 φθειρο-

396 4340 687 4380 venenum
711 4330 870 4394 sunt,
897 4345 931 4383 a
960 4328 1215 4400 propriis
1245 4329 1521 4385 sensibus
1544 4346 1718 4401 quam
1751 4330 1905 4387 632
1935 4328 2057 4384 lon-

399 4412 645 4485 gissime
677 4414 946 4486 repellat;
992 4418 1262 4472 auditum
1296 4417 1534 4489 quidem
1574 4419 1736 4474 intus
1767 4428 1927 4474 casla
1956 4435 2054 4474 co-

399 4503 681 4573 gitatione
710 4504 1014 4575 cbserans,
1039 4506 1241 4563 oculos
1285 4511 1478 4564 autem
1511 4525 1580 4563 ex
1610 4524 1785 4564 sexus
1835 4508 2055 4578 pudore

399 4590 594 4646 sciens
617 4596 894 4649 avertere.
918 4593 1063 4650 Nam
1087 4595 1137 4650 si
1167 4595 1346 4652 semel
1377 4613 1477 4667 per
1497 4596 1698 4653 oculos
1719 4601 1777 4652 et
1805 4613 1976 4652 aures
1994 4595 2054 4651 in
2089 4582 2135 4647 Ι)

401 4679 660 4736 animam
703 4681 929 4738 aditum
979 4683 1302 4752 inveniant,
1327 4685 1484 4742 aliud
1535 4685 1924 4743 blandimenti
1957 4701 2054 4759 ge-

402 4785 539 4838 nus,
561 4786 774 4842 nempe
805 4787 1111 4843 manuum,
1133 4774 1361 4830 socium
1394 4781 1921 4846 assumcntes,qum
1951 4791 2060 4830 sua

402 4863 544 4916 sunt
565 4860 824 4931 profecto
848 4861 1126 4932 temporis
1157 4879 1468 4936 progressu
1502 4865 1823 4937 perficient.
1847 4867 2059 4930 Quem-

404 4949 723 5005 admodum
755 4949 913 5006 enim
942 4967 1078 5008 cum
1112 4951 1353 5008 militari
1385 4953 1623 5012 cohorte
1653 4955 1970 5011 adveniens
1997 4953 2060 5010 in

407 5039 612 5096 urbem
647 5041 838 5109 miles,
862 5042 1104 5098 domum
1132 5042 1245 5100 sibi
1279 5044 1350 5101 ad
1383 5043 1772 5102 habitandum
1804 5063 2064 5118 quoquo-

405 5143 640 5185 versum
672 5131 963 5188 circuiens
997 5132 1267 5204 inquirit,
1303 5151 1369 5190 ac
1399 5133 1487 5190 vel
1527 5135 1749 5192 foribus
1780 5135 1836 5190 vi
1865 5133 2064 5191 exclu-

480 5347 1045 5427 (39)]Εγγινομένων.
1078 5352 1356 5410 Nonnulli
1387 5352 1641 5420 codices,
1667 5350 2056 5427 ἐγγενομένων,

407 5427 462 5475 et
492 5420 667 5496 paulo
705 5420 856 5492 post,
891 5420 1234 5496 φλυκταῖναι.

482 5492 596 5563 (40)
627 5491 912 5568 Ῥαγῆναι(
945 5495 1120 5552 Paulo
1170 5501 1301 5568 post
1347 5497 1551 5551 eadem
1602 5513 1708 5568 vox
1758 5497 2057 5568 repetitur.

412 5563 475 5620 In
509 5563 909 5642 utroqueloco
941 5584 1042 5623 sex
1094 5563 1326 5642 codices
1374 5568 1612 5634 habent,
1646 5563 1903 5642 ῥαγεῖσαι.
1951 5569 2056 5624 Sed

413 5635 624 5692 melius
654 5635 1024 5695 Colbertinus
1049 5657 1183 5696 cum
1216 5641 1409 5697 editis.

487 5708 600 5780 (41)
629 5709 738 5765 Ἐν.
771 5709 1105 5782 Ρι-ωροείιὶο
1143 5713 1346 5771 addita
1373 5728 1444 5771 ex
1472 5711 1742 5785 pluribus
1773 5729 1918 5770 mss.

2165 4311 2328 4380 ποιοῦ
2358 4320 2564 4393 ἡδονῆς
2615 4321 2899 4397 φάρμακον
2949 4315 3131 4388 οὔσας,
3182 4319 3291 4370 τῶν
3326 4311 3480 4369 ίδίων
3512 4313 3815 4385 αἴσθήσεων

2165 4417 2239 4475 ὡς
2299 4411 2639 4488 ποῤῥωτάτω
2699 4408 2984 4465 ἐλαύνειν·
3066 4407 3166 4475 τὴν
3227 4405 3320 4478 μὲν
3383 4406 3551 4473 ἀκοὴν
3610 4402 3821 4459 ἔνδοθεν

2167 4507 2411 4584 σώφρονι
2467 4502 2722 4579 λογισμῷ
2752 4498 3222 4577 ἀποφράττουσαν,
3253 4496 3381 4559 τοὺς
3413 4494 3470 4550 δὲ
3501 4493 3817 4584 ὀφθαλμοὺς

2166 4582 2522 4673 ἀπόστρέφειν
2579 4591 2717 4646 κατὰ
2772 4589 2928 4665 φύσιν
2982 4588 3372 4664 γινώσκουσαν.
3430 4587 3556 4643 ’Ὀτι
3587 4582 3648 4639 ἂν
3682 4584 3819 4673 ἅπαξ

2166 4682 2237 4740 δι’
2293 4670 2593 4759 ὀφθαλμῶν
2655 4681 2749 4736 καὶ
2806 4680 2974 4749 ἀκοῆς
3029 4675 3118 4732 ἐπὶ
3173 4676 3274 4744 τῆν
3333 4675 3518 4750 ψυχὴν
3576 4670 3819 4749 πάροδον

2165 4768 2402 4844 λάϐωσι,
2455 4772 2544 4826 καὶ
2602 4772 2703 4840 τὴν
2737 4770 2921 4844 ἑτέραν
2955 4765 3149 4822 λοιπὸν
3183 4761 3274 4819 διὰ
3297 4770 3400 4834 τῆς
3432 4763 3620 4840 χειρὸς
3649 4760 3819 4818 κολα-

2167 4863 2315 4920 κείαν
2346 4859 2618 4937 συνέριθον
2677 4851 3108 4935 προσλαϐοῦσαι,
3140 4855 3208 4909 τὰ
3265 4855 3468 4909 ἑαυτῶν
3497 4853 3716 4915 πάντως
3744 4856 3823 4924 τῷ

2171 4951 2361 5030 χρόνῳ
2391 4950 2730 5027 ἐργάσονται.
2789 4949 2878 5010 Ὧς
2933 4947 3035 5022 γὰρ
3091 4943 3225 5018 μετὰ
3273 4947 3371 4998 τοῦ
3429 4944 3820 5030 στρατιωτικοῦ

2170 5025 2475 5117 τάγματος
2503 5036 2722 5100 ἐπιστὰς
2779 5039 2848 5101 τῆ
2891 5031 3052 5089 πόλει
3084 5033 3113 5088 ὃ
3145 5031 3504 5103 στρατιώτης,
3536 5025 3716 5117 οἰκίαν.
3745 5025 3820 5087 εἰς

2180 5113 2352 5205 μονὴν
2386 5131 2560 5201 ἐαυτῷ
2611 5126 2838 5204 περιιὼν
2868 5123 2920 5179 ἐν
2947 5120 3135 5194 κύκλῳ
3168 5123 3338 5189 ζητεῖ,
3368 5117 3458 5172 καὶ
3489 5117 3525 5187 ἢ
3559 5113 3821 5172 ἀποκλει-

2267 5351 2357 5422 42)
2388 5346 2835 5422 Καιομένηνηίια
2865 5360 3010 5422 mss.
3043 5338 3370 5422 sex.l_Editi,
3390 5337 3720 5422 fetiaévnv.”

2266 5411 2356 5482 43)
2386 5411 2769 5482 Πάντωςᾙὸἱο
2810 5417 3042 5474 codices
3087 5430 3121 5469 a
3165 5411 3514 5468 Combeﬁsio
3563 5411 3723 5467 citati
3772 5413 3830 5464 et

2174 5487 2273 5549 alii
2306 5487 2594 5550 nonnulli.
2630 5489 2803 5560 Editi,
2834 5487 3056 5547 παντός.

2269 5566 2358 5634 44)
2390 5563 2656 5634 Κύκλους.
2690 5551 2969 5634 Nonnulli
3001 5551 3527 5634 οοςιίοθειξιρκλοιςτ

2269 5566 2358 5634 44)
2390 5566 2656 5624 Κύκλους.
2690 5566 2969 5618 Nonnulli
3001 5566 3254 5622 codices,
3282 5566 3527 5616 κύκλοις.

2244 5566 2357 5709 (45)
2381 5633 2623 5709 Ἄλλως.
2650 5633 2930 5709 Nonnulli
2959 5631 3210 5697 codices,
3242 5623 3457 5687 ἃλλαις.
3489 5626 3620 5682 Mox
3648 5638 3828 5692 unus,

2173 5707 2309 5781 πρὸς
2338 5706 2504 5773 τὰς...
2536 5706 2850 5788 φαντασίας.
