4150 6408
376 413 488 474 701

1596 419 1829 483 LIBER
1870 419 1971 480 DE
2016 418 2551 482 VIRGINITATE.

3672 410 3787 472 702

377 544 516 606 σθεὶς
547 547 658 620 (46)
695 547 788 622 βίᾳ
813 555 913 617 τῆς
947 547 1132 624 θύρας,
1178 548 1211 618 ἢ
1247 548 1392 625 ἄλλῃ
1415 551 1521 606 τινί
1552 551 1719 626 τέχνῃ
1753 550 1898 628 παρὰ
1925 555 2007 606 toi

2136 567 2261 618 sus,
2295 554 2397 606 aut
2427 549 2541 606 alia
2573 551 2828 622 quadam
2861 553 2982 606 arte
3014 567 3048 604 a
3077 548 3315 604 domino
3341 547 3554 603 domus
3584 544 3784 618 repul-

377 633 639 690 δεσπότου
668 643 770 706 τῆς
801 636 978 699 οἰκίας
1013 639 1300 711 ἀπωσθεὶς,
1334 639 1616 716 ἀλλαχόσε
1655 640 1914 715 ἐτράπετο
1941 663 1952 674 ·
1990 640 2024 709 ἢ

375 727 580 803 φθάσας
639 727 737 793 τήν
799 727 1024 802 πρώτην
1087 727 1280 798 εὐπετῆ
1347 728 1433 784 ἐπὶ
1482 731 1548 784 τὰ
1604 726 1708 785 ἔσω
1792 729 2024 806 πάροδεν

376 820 527 890 σχεῖν
564 817 694 887 (47),
728 814 816 869 καὶ
869 813 924 869 ἓν
983 837 1034 869 τι
1092 821 1197 871 τῶν
1259 817 1445 873 ὅπλων
1497 820 1707 889 ἑαυτοῦ,
1742 819 2023 896 λόγχηνῆ

375 901 804 979 περικεφαλαίαν
863 905 896 973 ἢ
953 905 1139 981 θυρεὸν
1193 907 1534 976 καταθέσθαι,
1594 907 1688 963 κᾶν
1751 906 1839 963 διὰ
1899 911 2027 973 τοὺς

374 992 617 1067 ἑταίρους
649 991 873 1063 ἐξελθὼν
922 993 1021 1066 ἔξω
1072 997 1202 1050 εἶναι
1256 994 1390 1070 δοκῇ
1427 1000 1559 1071 (48),
1589 993 1738 1052 ἔνδον
1789 998 1899 1053 ἐστὶ
1955 1002 2022 1073 τῇ

376 1078 600 1153 δυνάμει
632 1079 719 1135 διὰ
748 1083 841 1136 τοῦ
866 1081 1041 1138 ὅπλου
1075 1085 1136 1138 οὗ
1168 1084 1441 1155 κατέθετο,
1481 1084 1616 1141 ἰδίαν
1671 1087 1863 1142 λοιπὸν
1922 1089 2021 1157 τὴν

376 1170 548 1224 οἶκίαν
581 1170 669 1224 καὶ
703 1172 891 1225 ἑαυτοῦ
923 1173 1012 1226 καὶ
1061 1178 1167 1227 τῶν
1227 1174 1476 1250 ἑταίρων,
1513 1175 1604 1238 οὓς
1669 1179 1780 1249 μεθ’
1834 1178 2024 1232 ἑαυτοῦ

375 1261 437 1314 οὐ
472 1260 607 1332 μετὰ
638 1259 780 1315 πολὺ
815 1260 1133 1334 εἷσῳκίσατο
1181 1265 1565 1337 ποιησάμενος·
1603 1265 1776 1328 οὕτως
1838 1268 1864 1321 ὑ
1921 1273 2020 1336 τῆς

372 1345 575 1417 ἥδονῆς
657 1349 746 1402 καὶ
839 1351 1106 1424 ἁμαρτίας
1177 1350 1346 1416 δεινὸς
1429 1355 1788 1427 στρατιώτης,
1849 1353 2019 1409 οἰκίαν

369 1438 544 1507 ἑαυτῷ
603 1436 655 1491 ἐν
716 1436 906 1509 κύκλῳ
941 1440 1194 1510 ζητῶν,ἤ
1244 1443 1343 1510 τήν
1386 1443 1610 1517 πρώτην
1663 1441 1870 1497 εἷ’σοδον
1928 1444 2025 1498 ἀπ-

367 1523 621 1596 εκλείσθη
681 1527 771 1580 καὶ
830 1526 1113 1604 ἀλλαχόσε
1161 1529 1439 1603 ἐτράπετο·
1570 1531 1770 1609 φθάσας
1823 1532 2018 1602 εὐπετῆ

369 1614 460 1669 διὰ
485 1620 591 1669 τῶν
621 1615 922 1686 αἰσθήσεων
953 1619 1052 1685 τῆν
1085 1619 1307 1694 πρώτην
1355 1619 1438 1673 ἐπὶ
1495 1622 1562 1675 τά
1618 1619 1722 1676 ἔσω
1780 1620 2017 1694 πάροδον

367 1711 544 1779 σχεῖν,
577 1707 665 1759 καὶ
695 1702 747 1760 ἓν
781 1728 832 1760 τι
861 1710 970 1760 τῶν
1002 1706 1191 1762 ὅπλων
1220 1709 1412 1763 ἑαυτοῦ
1446 1712 1575 1784 (49),
1599 1711 1698 1779 τήν
1725 1715 1821 1765 τοῦ
1856 1710 2023 1784 βλέμ-

368 1815 538 1866 ματος
599 1793 816 1868 λόγχην
878 1796 1044 1874 φημί,
1081 1795 1169 1850 διὰ
1229 1803 1338 1852 τῶν
1394 1799 1695 1874 ὀφθαλμῶν
1752 1801 2016 1876 μακρόθεν

362 1883 859 1958 τιτρώσκουσαν,ἢ
916 1890 979 1938 τὸ
1029 1885 1224 1960 κράνος
1278 1894 1378 1955 τῆς
1437 1885 1644 1957 ἡδονῆς
1696 1890 1788 1943 τὸν
1847 1888 2018 1964 γόητα
2050 1921 2096 1985 Β

366 1969 430 1985 ς.
570 1969 1158 1985 .._._....
1449 1978 1459 1985 .
1654 1978 1664 1985 .
1819 1976 2002 1985 .-_

366 1969 530 2046 λόγον
567 1969 654 2026 διὰ
683 1978 784 2041 τῆς
816 1973 1074 2042 ἀκοῆς,
1121 1974 1300 2048 ὥσπερ
1349 1978 1471 2029 τινᾶι⁵
1520 1978 1728 2052 θυρεὸν,
1774 1980 1871 2047 τὴν
1931 1976 2020 2033 διὰ

367 2065 477 2115 τῶν
507 2065 709 2135 χειρῶν
741 2060 871 2116 ὅλον
899 2063 962 2116 τὸ
1024 2068 1182 2136 σῶμα
1228 2065 1363 2140 πρὸς
1401 2062 1603 2135 ἡδονὴν
1665 2072 2016 2143 συγκινοῦσαν

369 2149 510 2225 ἀφῆν
574 2149 626 2202 ἐν
683 2153 838 2224 ψυχῇ
893 2153 1236 2221 καταθέσθαι,
1266 2151 1360 2208 κᾶν
1421 2149 1521 2225 ἔξω
1579 2154 1712 2229 δοκῇ
1760 2158 1889 2212 εἶναι
1947 2161 2016 2231 τῇ

367 2234 588 2310 ἐργασίᾳ
648 2243 748 2305 τῆς
805 2238 1070 2313 ἁμαρτίας
1128 2237 1357 2312 μηδέπω
1428 2242 1643 2318 φθείρας
1713 2244 1774 2298 τὸ
1834 2243 2012 2316 σῶμα,

365 2322 494 2378 ἀλλ’
519 2322 670 2378 ἔνδον
704 2325 815 2380 ἐστί
845 2330 913 2400 τῇ
947 2324 1190 2401 δυνάμει,
1226 2327 1313 2384 διὰ
1341 2335 1438 2385 τοῦ
1468 2333 1792 2394 καταθέντος
1839 2333 2014 2389 ὅπλου

362 2412 594 2489 φθείρων
627 2414 720 2469 τὸν
747 2417 1018 2492 νοῦνῇκαὶ
1048 2424 1148 2486 τῆς
1209 2416 1346 2480 ἰδίας
1407 2419 1600 2476 λοιπὸν
1662 2420 1869 2493 ἡδονῆς
1925 2423 2013 2478 καὶ

358 2506 468 2556 τῶν
505 2502 732 2578 ἑταίρων
910 2503 1074 2559 αὐτοῦ
1121 2512 1328 2576 παθῶν,
1364 2508 1539 2564 οἰκίαν
1597 2510 1861 2586 ἐξαίρετον
1913 2513 2014 2581 τὴν

360 2587 659 2663 δεξαμένην
719 2588 772 2646 ἓν
830 2614 882 2646 τι
940 2593 1144 2648 τούτων
1203 2598 1387 2672 ψυχήν
1428 2599 1818 2672 ποιησάμενος.
1851 2606 2012 2657 Ἀπο-

361 2678 642 2733 κλειστέον
691 2678 782 2734 οὗν
815 2681 914 2750 τήν
959 2685 1183 2758 πρώτην
1218 2682 1306 2739 διὰ
1357 2691 1465 2740 τῶν
1517 2688 1816 2758 αἰσθήσεων
1874 2691 2012 2766 πάρ-

365 2763 488 2820 οδον
521 2773 600 2840 τῷ
629 2775 730 2838 τῆς
762 2772 956 2845 σαρκὸς
988 2773 1314 2847 στρατιώτῃ,
1345 2774 1584 2852 καθάπερ
1626 2777 1790 2851 θύρας
1839 2781 1874 2850 ἢ
1917 2763 2013 2842 θυ-

358 2853 530 2930 ρίδας,
591 2857 683 2919 τὰς
741 2857 1027 2930 αἲσθήσεις
1095 2863 1432 2938 πανταχόθεν
1489 2871 1607 2928 τοῖς
1665 2873 1766 2935 τῆς
1821 2889 2010 2943 καρτε-

355 2944 472 3018 ρίας
505 2947 618 3019 (51)
661 2946 901 3022 μοχλοῖς
930 2947 1332 3024 ἐπερειδουσαν·
1359 2950 1450 3007 τίνα
1485 2955 1559 3026 μή
1596 2953 1684 3010 διὰ
1716 2962 1843 3028 μιᾶς
1880 2961 2009 3032 γοῦν

355 3053 506 3095 τινος
557 3035 769 3090 τούτων
813 3037 1247 3115 πανουργότερον
1303 3037 1525 3114 ἀναϐὰς,
1555 3043 1647 3097 σὺν
1707 3045 1880 3117 ἑαυτῷ
1921 3044 2012 3101 τὸν

360 3123 588 3176 θάνατον
639 3125 853 3199 ἑταῖρον
915 3121 1042 3180 ὅντα
1098 3127 1288 3182 ἑαυτοῦ
1349 3129 1745 3203 εἷ’σοικήσηται.
1774 3133 2012 3197 Θάνατος

355 3210 480 3283 γὰρ,
530 3212 714 3298 φησὶν,
759 3208 922 3284 ἀνέϐη
981 3211 1071 3268 διὰ
1125 3221 1228 3269 τῶν
1290 3218 1522 3294 θυρίδων
1583 3221 1756 3293 ὑμῶν.
1790 3221 2011 3298 Θυρίδες

2139 639 2384 706 sus,a1io
2409 657 2471 694 se
2493 641 2682 706 vertit;
2707 639 2793 694 vel
2819 641 2865 694 si
2890 638 3126 710 cceperit
3149 637 3369 710 primos
3392 637 3586 692 aditus
3609 636 3668 690 in
3691 635 3782 690 in-

2138 729 2350 784 teriora
2369 729 2566 783 faciles
2590 728 2897 793 baberc,ac
2921 744 3103 783 unum
3127 728 3364 803 aliquod
3391 743 3458 780 ex
3479 726 3604 781 suis
3629 723 3785 779 mili-

2135 818 2362 873 taribus
2392 816 2824 881 instrumentis,
2859 816 3121 872 lanceam
3157 821 3258 870 aut
3287 815 3511 886 galeam
3541 820 3644 868 aut
3673 812 3788 885 cly-

2134 924 2306 979 peum
2342 906 2832 976 deponere,etiam
2866 907 2912 961 si
2948 909 3182 976 propter
3212 903 3400 959 socios
3429 904 3626 959 exiens
3650 902 3789 958 foris

2134 1013 2263 1052 esse
2294 995 2853 1066 videatur,p0tentia
2885 1000 3078 1050 tamen
3112 993 3273 1047 intus
3306 999 3397 1048 est
3428 1010 3531 1064 per
3562 993 3786 1048 instru-

2135 1090 2394 1141 mentum
2423 1085 2577 1153 quod
2611 1083 3211 1154 deposuit,pr0priam
3231 1083 3355 1150 jam
3382 1086 3438 1136 et
3459 1081 3570 1135 sibi
3603 1086 3661 1135 et
3691 1097 3789 1135 so-

2133 1174 2259 1239 ciis,
2294 1191 2438 1244 quos
2470 1190 2663 1228 secum
2697 1172 2870 1244 paulo
2901 1177 3034 1243 post
3066 1171 3512 1226 introducturus
3543 1174 3653 1239 est,
3682 1170 3788 1224 do-

2135 1281 2296 1319 mum
2332 1262 2630 1330 efticiens;
2665 1262 2750 1317 sic
2782 1261 3101 1333 voluptatis
3133 1265 3190 1316 et
3222 1259 3442 1332 peccati
3484 1259 3790 1331 improbus

2133 1353 2572 1416 miles,domum
2606 1351 2717 1406 sibi
2751 1351 2810 1405 in
2843 1350 3087 1406 circuitu
3119 1346 3503 1421 qumrens,vel
3537 1365 3570 1402 a
3600 1346 3790 1418 primo

2132 1443 2295 1496 aditu
2327 1441 2658 1495 excluditur
2686 1445 2742 1495 et
2773 1440 2887 1494 alio
2913 1457 2974 1494 se
3006 1439 3178 1494 vertit
3204 1457 3218 1507 ;
3242 1439 3328 1493 vel
3363 1437 3410 1494 si
3444 1437 3684 1507 cceperit
3706 1436 3793 1492 fa-

2131 1530 2300 1586 cilem
2337 1547 2438 1602 per
2469 1546 2681 1585 sensus
2712 1530 2966 1601 primum
2992 1528 3050 1583 in
3071 1527 3350 1582 interiora
3369 1526 3596 1582 aditum
3621 1525 3795 1581 habe-

2131 1637 2212 1686 re,
2246 1637 2311 1675 ac
2345 1636 2528 1674 unum
2560 1619 2796 1690 aliquod
2829 1635 2897 1673 ex
2919 1618 3042 1673 suis
3075 1616 3791 1686 instrumentis,aspectus

2130 1711 2259 1766 dico
2292 1711 2578 1778 lanceam,
2606 1727 2706 1782 per
2737 1709 2937 1764 oculos
2969 1709 3203 1764 eminus
3235 1707 3663 1776 vulnerantem,
3686 1709 3788 1761 aut

2131 1801 2358 1872 galeam
2389 1799 2732 1871 voluptatis,
2765 1799 2821 1853 id
2854 1803 2944 1854 est
2975 1813 3307 1854 sermonem
3343 1813 3442 1867 per
3493 1812 3666 1851 aures
3694 1794 3783 1850 in-

2132 1892 2596 1955 cantantem,aut
2625 1887 2802 1943 veluti
2832 1888 3101 1959 clypeum
3135 1885 3473 1956 quemdam,
3495 1899 3780 1940 manuum

2126 1978 2480 2049 tactum,qui
2511 1980 2698 2032 totum
2733 1993 2944 2047 corpus
2965 1976 3033 2030 ad
3053 1974 3409 2045 voluptatem
3431 1975 3780 2041 commovet,

2126 2067 2184 2122 in
2234 2068 2431 2122 anima
2482 2063 3075 2137 deponcre;etiamsi
3128 2063 3267 2118 foris
3317 2079 3447 2118 esse
3493 2061 3777 2132 videatur,

2126 2157 2266 2227 quia
2288 2157 2550 2211 nondum
2576 2171 2786 2225 corpus
2803 2153 3022 2226 peccati
3047 2152 3478 2224 perpetratione
3494 2151 3782 2222 corrupit,

2125 2251 2185 2300 at
2217 2245 2476 2316 potentia
2505 2244 2665 2298 intus
2695 2248 2784 2298 est
2806 2259 2818 2308 ;
2844 2242 3061 2314 quippe
3090 2258 3222 2296 cum
3257 2257 3360 2311 per
3387 2255 3552 2295 arma
3583 2238 3660 2294 ibi
3684 2240 3779 2294 de-

2125 2335 2314 2405 posita
2348 2338 2602 2388 mentem
2636 2335 2992 2402 corrumpat,
3020 2347 3084 2386 ac
3116 2329 3396 2400 animam,
3430 2345 3558 2401 quae
3590 2345 3776 2385 unum

2125 2422 2346 2494 aliquid
2369 2439 2438 2478 ex
2458 2421 2551 2478 bis
2568 2419 3139 2492 suscepit,voluptati
3162 2436 3280 2474 sua:
3303 2435 3369 2474 ac
3395 2417 3572 2474 sociis
3592 2416 3776 2473 animi

2124 2510 2665 2583 perturbationibus
2697 2510 2992 2582 propriam
3023 2509 3266 2563 domum
3297 2507 3571 2563 effecerit.
3604 2505 3775 2562 Clau-

2123 2603 2353 2656 dendus
2376 2615 2512 2670 ergo
2535 2599 2764 2670 primus
2787 2615 2888 2671 per
2909 2614 3118 2653 sensus
3141 2597 3336 2652 aditus
3358 2596 3552 2652 carnis
3574 2595 3773 2666 militi,

2121 2686 2203 2745 ita
2235 2694 2299 2744 ut
2329 2705 2562 2756 sensus,
2595 2687 2771 2742 veluti
2797 2688 3013 2758 januas
3045 2690 3146 2742 aut
3177 2687 3482 2754 fenestras,
3509 2683 3773 2756 undique

2121 2779 2464 2834 constantia:
2485 2776 2747 2834 vectibus
2770 2776 2931 2848 virgo
2950 2775 3348 2843 communiat;
3375 2791 3446 2830 nc
3469 2790 3572 2846 per
3593 2790 3771 2828 unum

2121 2867 2330 2923 harum
2363 2867 2625 2939 aliquam
2655 2871 2785 2921 astu
2818 2866 3241 2930 conscendens,
3265 2881 3463 2919 secum
3497 2865 3772 2918 comitem

2122 2973 2292 3012 suam
2326 2963 2570 3011 mortem
2605 2955 3116 3010 introducat.Mors
3146 2955 3318 3020 enim,
3344 2952 3558 3023 inquit,
3581 2966 3773 3006 ascen-

2120 3045 2200 3100 dit
2241 3061 2339 3116 per
2383 3047 2656 3116 fenestras
2702 3052 2904 3098 vestras
2933 3043 2996 3096 ⁸⁸.
3032 3043 3323 3096 Fenestrae
3367 3039 3524 3096 enim
3574 3055 3774 3094 revera

2122 3134 2331 3189 animae
2365 3139 2506 3189 sunt
2537 3150 2769 3200 sensus,
2804 3148 2904 3203 per
2948 3147 3095 3202 quas
3126 3128 3285 3185 velut
3314 3132 3476 3185 casta
3504 3127 3771 3198 quaedam

2121 3222 2355 3293 mulier,
2387 3224 2654 3278 exteriori
2688 3237 2878 3276 rerum
2911 3218 3284 3276 sensibilium
3319 3219 3447 3272 luce
3479 3215 3679 3272 anima
3699 3217 3772 3271 ad

358 3299 458 3390 γάρ
519 3296 689 3362 ὅντως
745 3309 844 3371 τῆς
908 3305 1094 3379 ψυχῆς
1152 3306 1207 3359 αἱ
1256 3289 1554 3378 αἶ’σὸήσεις,
1614 3286 1700 3373 αῖς
1758 3313 1792 3382 ἢ
1827 3286 2007 3390 ὥσπερ

2124 3316 2405 3367 attentam
2439 3311 2632 3382 operis
2661 3310 2770 3365 sibi
2792 3307 3191 3364 convenientis
3219 3304 3772 3368 considerationem,

360 3386 591 3464 σώφρων
640 3411 724 3452 τις
767 3393 922 3464 γυνὴ,
973 3393 1036 3446 τὸ
1095 3391 1284 3464 ἔξωθεν
1327 3401 1434 3450 τῶν
1486 3397 1756 3469 αἰσθητῶν
1813 3405 1926 3474 φῶς

355 3477 508 3551 ψυχὴ
544 3476 618 3539 εἰς
648 3479 974 3550 κατανόησιν
1018 3486 1116 3535 τοῦ
1165 3479 1566 3550 ἐπιϐάλλοντος
1613 3482 1793 3563 ἔργου,
1827 3490 2011 3564 ἡρέμα

354 3567 757 3641 παρανοίγουσα
835 3568 998 3633 αὐτὰς
1032 3614 1046 3638 ,
1106 3570 1491 3648 ἐναυγάζεται,
1551 3576 1586 3645 ἢ
1662 3572 2006 3650 σεσοϐημένη

354 3654 476 3729 περὶ
533 3657 630 3724 τὴν
689 3660 797 3711 τῶν
861 3653 962 3727 ἔξω
1020 3661 1304 3736 περίεργον
1361 3663 1710 3737 κατανόησιν,
1765 3665 2006 3740 καθάπερ

357 3743 545 3817 ἑταίρα
592 3765 674 3804 τις
733 3743 1060 3816 ἀκόλαστος,
1090 3747 1339 3825 ἐγχύπτει
1396 3754 1535 3825 πρὸς
1593 3753 1661 3809 τὰ
1717 3755 2005 3830 τέρποντα,

355 3830 448 3885 τὸν
520 3830 723 3905 αὐχένα
798 3839 980 3896 κακῶς
1066 3840 1516 3917 περιστρέφουσα,
1576 3841 1666 3897 καὶ
1736 3844 1872 3919 πρὸς
1941 3845 2008 3899 τὰ

360 3915 564 3987 ἥδονται
596 3917 685 3974 διὰ
714 3920 920 3976 τούτων
953 3921 1316 3995 ἐμπίπτουσα.
1339 3915 1474 3984 ³Απο
1504 3931 1604 4005 γὰρ
1637 3915 1870 4006 θυρίδων
1899 3939 2007 3989 τῶν

360 4007 551 4077 ἑαυτῆς
611 4006 776 4064 οἴκων
832 4010 1190 4085 ἐγκύπτουσα,
1222 4015 1281 4069 ὃν
1342 4015 1400 4070 ἂν
1463 4015 1551 4091 ἴδῃ
1606 4023 1713 4073 τῶν
1753 4020 2003 4094 ἀφρόνων

357 4096 558 4151 τέκνων
589 4098 796 4152 νεανίαν
831 4097 983 4170 ἐνδεῆ
1019 4107 1224 4178 φρενῶν
1258 4106 1796 4181 παραπορευόμενον,
1839 4115 2006 4166 ταῦτα

356 4182 506 4260 λέγει
540 4188 628 4248 οἷς
656 4183 764 4256 ἤδη
803 4183 892 4241 διὰ
941 4189 1003 4243 τὸ
1062 4189 1338 4268 ἀνάγωγόν
1391 4215 1450 4248 τε
1506 4193 1595 4249 καὶ
1650 4192 1851 4271 ῥεμϐὸν
1900 4202 2006 4253 τῶν

353 4273 679 4362 αἰσθήσεων,
715 4277 907 4345 ἑαυτὴν
941 4278 1076 4353 πρὸς
1127 4279 1422 4337 ἀκολασίαν
1471 4283 1608 4355 ὅλην
1663 4285 2002 4362 ηὐτρέπισεν.

354 4364 414 4416 Ἠ
449 4361 505 4417 δὲ
537 4364 768 4440 σώφρων
816 4363 987 4435 ἔνδον,
1022 4370 1188 4444 φημὶ,
1221 4373 1461 4448 καθάπερ
1515 4373 1603 4428 ἐπὶ
1659 4361 1857 4442 ἑστίας,
1900 4384 2000 4446 τῆς

351 4451 402 4506 ἐν
437 4451 584 4525 μέσῳ
615 4451 859 4528 καρδίας,
891 4454 981 4508 τὸν
1012 4460 1120 4509 τῶν
1154 4454 1440 4532 λογισμῶν
1471 4483 1528 4516 τε
1574 4464 1664 4517 καὶ
1700 4465 1997 4535 αἰσθήσεων

351 4541 538 4616 θρόνον
575 4541 895 4616 καθίζουσα,
929 4540 982 4597 εἷ’
1005 4565 1056 4598 τι
1111 4547 1203 4618 μὲν
1265 4547 1529 4624 χρειῶδες
1587 4553 1721 4628 πρὸς
1782 4555 1996 4627 ἀρετὴν,

2122 3401 2420 3456 moderate
2449 3417 2550 3455 eas
2582 3399 2871 3471 aperiens,
2905 3397 3271 3462 illustratur;
3298 3396 3382 3450 vel
3413 3400 3679 3467 proterve
3711 3410 3774 3449 se

2119 3507 2328 3562 gerens
2378 3489 2608 3546 curiosa
2639 3505 2833 3544 rerum
2885 3487 3236 3543 exteriorum
3287 3483 3773 3551 consideratione,

2118 3577 2276 3632 velut
2300 3577 2598 3649 impudica
2619 3577 2886 3648 quaedam
2910 3572 3496 3646 meretrix,prospicit
3517 3572 3587 3627 ad
3616 3571 3774 3627 oble-

2117 3665 2655 3736 ctamenta,collum
2689 3681 2861 3735 prave
2892 3669 3382 3733 contorquens,ac
3412 3660 3472 3715 in
3503 3659 3770 3731 volupta-

2118 3760 2206 3810 tes
2239 3771 2341 3828 per
2369 3755 2478 3810 has
2528 3757 2812 3810 fenestras
2863 3751 3172 3808 delabitur.
3206 3750 3353 3805 Nam
3387 3765 3454 3804 ex
3495 3747 3771 3804 fenestris

2117 3844 2330 3901 mdium
2363 3860 2605 3900 suarum
2629 3841 2994 3915 prospiciens
3014 3841 3078 3911 σθ,
3104 3854 3518 3912 quemcunque
3539 3855 3606 3894 ex
3625 3837 3768 3892 insi-

2116 3935 2417 4006 pientibus
2447 3932 2585 3989 ﬁliis
2603 3931 3035 3988 adolescentem
3070 3929 3283 3986 mentis
3304 3929 3538 3999 inopem
3562 3926 3772 3982 viderit

2115 4029 2540 4087 transeuntem,
2573 4039 2641 4078 ea
2670 4021 2950 4093 loquitur,
2985 4019 3200 4091 quibus
3224 4019 3351 4089 jam
3385 4016 3766 4087 semetipsam

2116 4113 2184 4167 ad
2199 4110 2712 4184 intemperantiam
2728 4111 2802 4165 ob
2826 4107 3158 4180 petulantes
3177 4111 3233 4162 et
3253 4105 3620 4162 errabundos
3641 4119 3771 4159 sen-

2114 4218 2218 4257 sus
2248 4206 2428 4257 totam
2462 4201 2900 4264 instruxit.Quae
2923 4203 3117 4253 autem
3142 4197 3302 4252 intus
3329 4195 3538 4267 pudica
3561 4198 3672 4261 est,
3707 4193 3767 4248 in

2115 4290 2307 4346 medio
2339 4291 2842 4362 cordis,tanquam
2872 4287 2930 4342 in
2963 4287 3177 4343 domus
3209 4285 3424 4356 adytis,
3457 4282 3764 4354 cogitatio-

2114 4395 2254 4433 num
2289 4386 2342 4434 et
2369 4396 2651 4435 sensuum
2683 4380 2877 4433 sedem
2901 4376 3289 4443 constituens,
3308 4373 3517 4444 siquid
3551 4373 3619 4427 ad
3645 4371 3761 4425 vir-

2109 4474 2295 4524 tutem
2327 4468 2486 4535 utile,
2521 4474 2580 4523 et
2606 4467 2676 4522 ab
2708 4467 2867 4522 omni
2902 4465 3041 4521 vitio
3086 4481 3298 4536 purum
3351 4463 3574 4528 afﬂuat,
3609 4461 3761 4516 688

2109 4557 2252 4613 illud
2279 4558 2348 4611 ad
2361 4555 2619 4612 mittitzsi
2643 4555 2782 4626 quid
2811 4557 3006 4609 autem
3029 4551 3239 4607 inutile
3260 4555 3316 4607 et
3339 4569 3372 4605 a
3394 4547 3762 4604 virtutealie-

347 4630 581 4721 καθαρὸν
632 4633 833 4721 παντὸς
892 4633 1098 4698 πάθους
1161 4633 1304 4710 ῥέον,
1367 4636 1701 4716 εἰσδέχεται·
1736 4641 1790 4697 εἷ’
1844 4664 1895 4697 τι
1953 4641 2000 4698 δ’

2124 4651 2443 4712 1um,cxtra
2469 4646 2774 4712 fenestras,
2810 4641 3133 4713 prudentite
3166 4639 3442 4696 manibus
3464 4655 3564 4694 cas
3589 4639 3762 4693 obse-

350 4720 574 4792 ἀχρεῖον
609 4721 698 4773 καὶ
724 4718 1023 4795 ἀλλότριον
1054 4723 1278 4797 ταύτης,
1313 4722 1414 4796 ἔξω
1443 4733 1550 4782 τῶν
1585 4727 1816 4806 θυρίδων
1873 4737 1994 4795 ταῖς

347 4811 447 4874 τῆς
505 4808 818 4881 φρονήσεως
859 4811 1046 4884 χερσὶν
1113 4813 1278 4876 αὐτὰς
1334 4813 1704 4892 ἐπερείδουσα,
1765 4826 1993 4884 συνετῶς

341 4892 644 4952 ἀποκλείει.
680 4895 888 4952 Οὐκοῦν
917 4899 981 4954 οὐ
1015 4897 1096 4955 δεῖ
1122 4903 1223 4972 τῆν
1253 4904 1311 4959 ἐκ
1336 4913 1436 4978 τῆς
1488 4907 1815 4980 συμπλοκῆς
1839 4911 1988 4988 [ipsii-

410 5051 456 5087 “
483 5052 699 5109 Jerem.
734 5071 812 5126 1x,
841 5054 896 5110 2.
972 5055 1018 5091 ⁶⁹
1044 5057 1210 5116 Prov.
1242 5078 1343 5130 vn,
1373 5064 1426 5119 6.

407 5225 1068 5326 ii?).31_31‘°3‘}.tii°‘fi°
1095 5233 1200 5326 Ite
1239 5251 1394 5326 sea-
1446 5247 1738 5326 quewpn.
1768 5243 1984 5326 qvibvs

334 5300 489 5381 favet
519 5299 742 5381 Yeneta
765 5301 963 5372 editio,
998 5303 1055 5358 in
1090 5321 1206 5375 qua
1236 5299 1478 5381 legitur;
1504 5310 1570 5366 εἷ’.
1610 5299 1961 5372 Parisiensis

335 5370 362 5424 ὁ
392 5367 795 5432 ἀποκλεισθείς,
950 5359 962 5372 ’
1105 5359 1149 5375 ⁸⁷
1198 5359 1201 5360 ⁷
1238 5359 1468 5381 "0""!
1506 5359 1570 5366 --·
1610 5359 1629 5366 -
1656 5359 1984 5388 unum.-.”

406 5444 520 5530 _({i7)
544 5439 794 5530 'l'la'tpodov
819 5448 1278 5530 σχεξνυοουνπὶι
1295 5451 1449 5530 infra
1468 5457 1670 5511 eadem
1704 5456 1981 5530 loquendi

332 5515 502 5569 ratio.
541 5519 599 5568 In
637 5515 891 5590 utroque
915 5515 1040 5590 loco
1076 5519 1274 5590 plures
1306 5526 1536 5582 codices
1596 5545 1741 5583 mss.
1783 5515 1982 5585 'secuti

332 5602 835 5674 sumus,quorum
863 5587 1032 5644 lectio
1067 5587 1295 5649 videtur
1314 5599 1678 5668 praferenda
1710 5601 1982 5673 vulgata,

333 5654 739 5733 παροδον-εχει.
766 5725 785 5733 Δ
871 5731 893 5733 ,Α

426 5730 516 5800 48)
546 5725 726 5787 Κᾶνῖ..
762 5725 919 5802 δοκῇ.
954 5731 1049 5787 Sic
1097 5733 1218 5792 duo
1270 5739 1500 5798 codices
1559 5758 1703 5799 mss.
1737 5740 1980 5815 gmelius

2107 4753 2267 4802 rans,
2299 4735 2594 4805 sapienter
2650 4733 2927 4788 excludit.
2971 4730 3097 4786 Non
3154 4729 3370 4785 debent
3427 4727 3607 4798 igitur
3660 4741 3755 4795 qui

2106 4824 2358 4880 carnalis
2387 4821 2604 4895 copulis
2638 4823 2941 4894 peccatum
2976 4817 3228 4889 fugiunt,
3254 4815 3618 4889 periculosis,
3651 4828 3758 4884 per

2105 4930 2203 4970 eas
2221 4930 2312 4969 res
2341 4918 2398 4969 et
2429 4911 2488 4967 in
2520 4911 2592 4968 iis
2609 4911 2785 4967 rebus
2802 4926 2950 4981 quas
2965 4903 3538 4978 diximus,implicari
3563 4901 3752 4974 lapsi-

2094 5262 2270 5318 quam
2297 5243 2459 5318 editi,
2488 5239 2655 5318 adv...
2689 5238 2860 5296 δοκεῖ.

2167 5317 2277 5388 (49)
2307 5308 2554 5369 Ἑαυτοῦ.
2579 5314 2678 5388 ,δίο
2724 5311 2992 5388 nonnulli
3025 5308 3256 5364 codices
3289 5323 3432 5388 mss.
3491 5322 3747 5388 quorum

2093 5377 2403 5470 lectionem
2451 5386 2764 5443 conﬁrmat
2831 5383 3030 5440 eadem
3089 5396 3268 5452 supra
3326 5377 3606 5448 loquendi
3655 5393 3745 5433 ra-

2095 5469 2275 5600 Μὶῖδο)
2304 5531 2417 5581 Τῶν
2452 5525 2700 5600 ἑταίρων.
2732 5532 2872 5600 Tres
2906 5519 3454 5600 mss.,ffov_§tép<e_v.

2164 5585 2274 5673 (543
2300 5602 2413 5673 Τῆς
2446 5585 2748 5672 καρτερίας.
2779 5595 2872 5652 Sic
2920 5594 3036 5648 duo
3067 5585 3249 5666 Regii
3283 5585 3534 5648 codices.
3567 5589 3741 5653 Editi,

2090 5668 2192 5741 τῆς
2223 5668 2468 5753 καρδίας.
