4150 6382
381 367 503 430 703

1344 365 1745 430 APPENDIX
1789 363 2117 430 OPERUM
2161 364 2230 426 S.
2275 363 2552 432 BASILII
2595 365 2868 431 MAGNI.

3695 383 3814 444 704

385 499 681 556 lius.Nam
704 500 863 556 vocis
883 503 942 556 et
960 501 1264 557 oculorum
1288 502 1483 556 tactus
1505 499 1576 555 ad
1602 512 1889 554 manuum
1920 500 2038 552 tac-

2159 515 2356 570 γοντας
2387 497 2654 572 ἁμαρτίαν
2681 503 2799 562 τοῖς
2831 498 2922 557 διὰ
2957 502 3165 559 τούτων
3222 527 3282 562 τε
3333 507 3424 563 καὶ
3485 509 3536 564 ἐν
3593 513 3814 577 τούτοις

384 595 510 646 tum
535 590 760 645 sensim
786 589 1093 661 ducit.Ipsi
1118 595 1314 646 autem
1341 605 1546 645 omnes
1567 587 1627 642 hi
1654 589 1866 654 tactus,
1891 585 2050 642 velut

383 678 443 734 in
474 683 680 734 catena
727 695 796 734 ex
826 695 955 734 sese
997 679 1249 734 invicem
1299 679 1454 747 nexi,
1486 676 1645 731 illius
1696 680 1915 745 tactus,
1947 674 2048 747 qui

384 772 476 822 est
505 768 564 822 in
596 766 816 822 carnali
850 755 1341 839 copula,pronubi
1371 765 1684 821 ﬁunt.Non
1718 763 1880 820 solus
1911 779 2048 836 ergo

381 855 482 912 ille
510 860 726 918 tactus.
759 856 860 928 qui
893 857 961 912 ad
997 856 1292 912 carnalem
1333 855 1605 927 copulam
1637 854 1912 926 pertinet,
1945 852 2046 908 sed

384 961 558 1001 omne
579 962 768 1018 genus
799 943 1190 1000 multiformis
1219 948 1514 1013 tactus,ex
1544 959 1660 1015 quo
1687 943 1882 999 omnis
1913 957 2047 1014 spe-

381 1034 501 1091 cies
531 1050 635 1106 per
657 1051 870 1090 sensus
895 1033 1409 1104 nascitur,virgini
1442 1032 1756 1104 diligenter
1779 1032 2048 1086 incorru-

382 1128 551 1197 ptum
578 1124 931 1179 servandum
963 1127 1077 1192 est,
1097 1127 1163 1177 ut
1185 1122 1258 1178 ab
1285 1121 1472 1177 oculis
1495 1127 1553 1176 et
1574 1137 1712 1177 voce
1733 1126 1790 1176 et
1806 1120 2048 1191 reliquis

379 1211 698 1285 voluptatis
723 1213 984 1268 motibus
1005 1211 1237 1268 eminus
1260 1212 1476 1268 missas
1499 1211 1790 1266 scintillas
1812 1214 2046 1266 contra-

379 1300 484 1356 riis
518 1301 815 1373 pudicitiaa
849 1301 1088 1358 ﬂatibus
1111 1301 1515 1373 exstinguene,
1538 1299 1715 1356 simul
1739 1299 1917 1355 etiam
1951 1315 2044 1354 ac-

377 1406 616 1447 censam
650 1392 721 1446 ab
753 1390 871 1446 illis
896 1389 1196 1446 ﬂammam
1219 1391 1538 1462 prudenter
1559 1389 1892 1460 exstinguat
1918 1407 1932 1456 ;
1955 1387 2044 1443 vel

378 1480 575 1552 potius
605 1479 802 1535 nullas
856 1480 1097 1536 omnino
1152 1480 1486 1552 suscipiens
1517 1479 1838 1550 voluptatis
1869 1480 2043 1547 faces,

379 1585 687 1640 nunquam
721 1585 962 1641 prorsus
993 1569 1202 1624 habeat
1250 1569 1310 1624 in
1367 1569 1648 1624 carnibus
1696 1583 2046 1623 succensam

374 1655 694 1730 voluptatis
730 1657 1239 1730 ﬂammam.Virgo
1271 1657 1451 1732 igitur
1487 1658 1564 1713 sit
1595 1657 1839 1730 virginis
1869 1661 1927 1712 et
1948 1672 2048 1711 au-

377 1746 544 1802 ditus
573 1754 632 1802 et
651 1753 948 1818 aspectus,
975 1764 1040 1803 ac
1073 1751 1266 1804 tactus
1297 1747 1473 1803 etiam
1508 1751 1565 1803 et
1593 1745 1788 1802 omnis
1824 1751 2043 1802 motus.

2160 582 2454 663 σφαλεροῖς
2487 587 2598 661 (52)
2623 586 2868 654 ὀλίσθοις
2898 590 3282 664 ἰμπλέκεσθαι.
3316 599 3434 652 ’Ότι
3484 601 3519 668 ἡ
3581 601 3676 673 μὶν
3724 599 3814 656 διὰ

2160 681 2344 764 φωνῆς
2375 674 2466 764 καὶ
2501 674 2834 751 βλεμμάτων
2863 679 2972 758 ἆφὴ
3006 681 3095 737 ἐπὶ
3142 686 3242 754 τὴν
3289 690 3400 741 τῶν
3451 693 3653 764 χειρῶν
3713 689 3815 746 λα-

2159 761 2362 851 θραίως
2395 761 2591 822 ὁδεύει.
2627 766 2794 822 Δῦται
2829 766 2886 822 δὲ
2933 777 3120 841 πᾶσαι,
3145 773 3220 837 ὡς
3278 775 3330 828 ἐν
3382 761 3573 832 ἆλῦσει
3629 777 3814 851 ἀλλή-

2159 848 2271 945 λων
2300 850 2581 945 ἐχόμεναι,
2613 861 2715 925 τῆς
2765 859 2902 912 κατὰ
2954 861 3055 928 τὴν
3108 863 3436 935 συμπλοκὴν
3486 866 3627 944 ἁφῆς
3677 848 3814 945 προ-

2159 942 2454 1030 μνήστριαι
2482 941 2739 1019 γίνονται.
2773 948 2849 1001 Οὐ
2883 947 3010 1020 μίαν
3049 948 3141 1005 οὖν
3186 953 3286 1020 τήν
3329 955 3465 1010 κατὰ
3507 941 3607 1024 τήν
3672 941 3815 1030 μίξιν

2157 1029 2298 1122 ᾇφήν
2356 1030 2548 1122 μόνον,
2591 1031 2718 1089 ἀλλ’
2774 1035 2905 1090 ὅλον
2963 1037 3022 1092 τὸ
3078 1039 3233 1115 γένος
3288 1048 3388 1112 τῆς
3449 1029 3812 1122 πολυμόρφου

2157 1118 2319 1188 ἁφῆς,
2351 1118 2402 1190 ἐξ
2433 1123 2500 1190 ἧς
2529 1123 2594 1177 τὸ
2623 1127 2725 1178 πᾶν
2755 1122 2896 1188 εἶδος
2944 1123 3034 1182 διὰ
3073 1133 3180 1184 τῶν
3241 1131 3540 1202 αἲσθήσεων
3599 1118 3809 1209 φύεται,

2259 1209 2515 1296 παρθᾶνιρ
2570 1209 2851 1285 ἰπιμελῶς
2905 1211 3143 1291 ἄφθορον
3194 1217 3630 1296 φυλακτέον-ἵνα
3686 1222 3813 1287 τοὺς

2156 1294 2263 1386 ἀπὸ
2321 1295 2622 1372 ὀφθαλμῶν
2680 1301 2770 1356 καὶ
2825 1311 3012 1380 φωνῆς
3069 1307 3158 1361 καὶ
3206 1294 3321 1362 τῶν
3393 1306 3604 1364 λοιπῶν
3674 1312 3811 1386 πρὸς

2155 1383 2358 1455 ἡδονὴν
2390 1390 2708 1461 κινημάτων
2737 1392 3020 1468 πόῤῥωθεν
3073 1397 3461 1468 πεμπομένους
3512 1383 3813 1472 σπινθῆρας

2156 1474 2515 1551 σωφροσύνης
2585 1479 2921 1542 ἀντιπνοίαις
2998 1477 3359 1553 σϐεννύουσα,
3420 1485 3510 1540 καὶ
3583 1487 3681 1555 τὴν
3760 1487 3813 1557 ἒξ

2157 1562 2336 1618 αὐτῶν
2381 1563 2762 1639 ἀναπτομένην
2813 1569 3078 1643 πυρκαϊὰν
3141 1573 3428 1648 φρονίμως
3479 1570 3814 1630 συναποσὸἑο

2156 1672 2247 1728 σῃ·
2285 1652 2500 1725 μᾶιιλον
2533 1651 2590 1710 δὲ
2627 1652 2718 1709 ’ἶνα
2749 1653 2890 1728 μηδὲ
2915 1658 3030 1731 (53)
3058 1659 3158 1728 τήν
3209 1660 3389 1736 ἀρχὴν
3435 1659 3812 1737 παραδεξαμέ-

2155 1763 2222 1812 νη
2254 1748 2354 1812 τῆς
2411 1739 2617 1812 ἡδονῆς
2665 1744 2733 1798 τὰ
2770 1743 3096 1819 ἐναύσματα,
3135 1745 3278 1821 μηδὲ
3319 1747 3422 1826 ἔχῃ
3479 1750 3624 1814 δλως
3677 1753 3811 1808 ποτὶ

375 1834 429 1890 ἂν
484 1839 605 1896 ταῖς
668 1833 848 1906 σαρξὶν
909 1834 1236 1912 ἀναφθεῖσαν
1295 1842 1396 1904 τῆς
1448 1832 1655 1904 ἡδονῆς
1713 1836 1812 1902 τήν
1863 1829 2151 1908 πυρκαϊάν.
2214 1830 2484 1905 Παρθίνος
2541 1830 2632 1886 οὖν
2691 1829 2830 1888 ἔστω
2858 1837 2975 1909 (54)
2997 1843 3097 1906 τῆς
3129 1837 3397 1912 παρθένου
3429 1839 3518 1894 καὶ
3567 1844 3602 1911 ἠ
3663 1842 3802 1910 ἀκοὴ

375 1925 470 1979 καὶ
497 1924 560 1978 τὸ
601 1922 848 1998 βλέμμα,
881 1921 957 1979 ἔνι
989 1922 1046 1978 δὶ
1075 1926 1110 1993 ἡ
1143 1924 1252 2002 ἁφὴ
1284 1923 1374 1979 καὶ
1405 1923 1535 1979 ὅλον
1563 1923 1625 1979 τὸ
1651 1923 1880 1997 κίνημα.

449 2016 506 2069 6.
539 2013 816 2070 Ornanda
839 2021 1036 2072 autem
1061 2020 1150 2071 est
1173 2032 1320 2071 ver
1359 2015 1716 2088 virginitatis
1747 2019 1870 2071 tota
1902 2012 2034 2086 pul-

2217 2010 2305 2067 46.
2339 2013 2628 2083 Κοσμῆσαι
2684 2009 2743 2067 δὶ
2797 2034 2899 2084 της
2954 2013 3180 2083 ἀληθῶς
3231 2016 3499 2093 παρθὲνου
3559 2019 3668 2090 (55)
3721 2014 3806 2073 δεῖ

376 2102 674 2170 chritudo,
708 2108 773 2159 ut
803 2121 910 2160 nec
943 2104 1272 2160 naturalem
1305 2103 1802 2178 pulchritudinem
1835 2107 2034 2160 osten-

375 2196 504 2250 tare
533 2193 901 2260 studeat,nec
933 2193 1094 2249 illius
1125 2194 1531 2266 expers,cultu
1563 2193 1724 2250 illam
1746 2193 2033 2265 exquirat.

375 2282 728 2338 Indeoorum
762 2282 919 2338 enim
953 2283 1214 2355 profecto
1244 2287 1335 2339 est
1363 2282 1660 2355 virgini,et
1689 2283 1762 2338 ab
1792 2279 2034 2353 integri-

375 2374 518 2438 tate,
552 2387 729 2442 quam
777 2373 1107 2443 proﬁtetur,
1139 2371 1423 2440 alienum,
1455 2372 1543 2428 vel
1587 2371 1934 2444 gloriantem
1966 2369 2037 2424 de

377 2459 536 2516 datis
555 2477 589 2516 a
604 2465 875 2517 Creatore
890 2462 962 2517 ad
985 2463 1250 2518 decorem
1281 2463 1665 2532 ornamentis,
1698 2477 1764 2516 ac
1787 2459 2038 2531 superbe

379 2549 781 2617 ambulantes,
812 2555 878 2605 ut
917 2551 997 2606 ita
1027 2551 1243 2621 dicam,
1295 2552 1368 2606 ob
1417 2554 1806 2614 venustatem,
1839 2548 2038 2620 plures

379 2642 674 2694 amatores
716 2640 807 2696 sui
859 2640 1122 2712 corporis
1173 2641 1230 2694 in
1282 2638 1883 2697 communem'conari
1914 2637 2038 2692 rui-

379 2743 518 2783 nam
549 2727 892 2800 impellere;
927 2728 1016 2784 vel
1047 2734 1341 2785 carentem
1371 2727 2038 2795 venustate,condimen-

383 2823 512 2872 tum
539 2818 857 2890 voluptatis
887 2817 1588 2889 cernentibus,exquisito
1617 2817 1880 2888 corporis
1909 2815 2038 2872 cul-

381 2911 470 2976 tu,
502 2906 820 2964 elaborare.
852 2907 999 2964 Nam
1035 2924 1139 2964 nec
1187 2908 1377 2980 prima
1404 2911 1628 2963 castam
1673 2906 1908 2962 exhibet
1937 2922 2038 2962 co-

379 2997 747 3072 gitationem,
779 2999 921 3055 dum
951 3000 1023 3054 de
1065 2999 1357 3056 Creatoris
1404 3015 1596 3071 opere,
1627 3003 1914 3070 tanquam
1967 2998 2040 3054 de

377 3087 616 3160 proprio
645 3087 920 3160 praclare
951 3089 1103 3145 facto
1135 3088 1443 3161 gloriatur,
1473 3093 1531 3144 et
1560 3087 1715 3160 quod
1756 3087 1816 3143 in
1849 3093 2037 3144 certa-

377 3191 514 3232 men
546 3192 618 3231 ne
647 3177 984 3245 inducatur,
1017 3196 1051 3234 a
1082 3178 1325 3235 Domino
1357 3178 1501 3251 petit
1531 3195 1544 3234 :
1577 3181 1662 3234 Ne
1689 3178 2036 3246 inducas,in-

377 3264 612 3337 quiens,
642 3281 742 3322 nos
787 3268 849 3321 in
900 3268 1260 3324 tentatiamm
1287 3269 1353 3332 ⁷ο,
1387 3267 1446 3322 in
1497 3267 1642 3323 illud
1675 3269 2039 3325 amatoribus

375 3353 684 3411 trahendis
715 3357 1095 3427 semetipsam
1127 3360 1326 3429 aperte
1355 3355 1612 3428 conjicit.
1631 3356 1827 3430 Neque
1857 3357 2034 3414 etiam

381 3443 584 3514 altera,
603 3445 744 3500 dum
778 3462 954 3517 quam
981 3463 1094 3502 non
1113 3446 1336 3519 accepit
1361 3446 1420 3501 in
1453 3462 1694 3518 corpore
1720 3445 2038 3518 voluptatis

373 3531 735 3604 illecebram,
767 3551 895 3590 eam
929 3535 1262 3606 spuriarum
1298 3536 1622 3592 formarum
1657 3535 1945 3590 lenocinio
1976 3535 2034 3590 in

370 3622 692 3695 perniciem
744 3639 911 3697 suam
970 3624 1239 3680 accersit.
1275 3623 1536 3695 Utraque
1578 3627 1772 3678 autem
1805 3623 2034 3694 impru-

372 3711 519 3768 dens
551 3710 753 3766 datum
781 3729 816 3766 a
850 3717 962 3767 Deo
993 3713 1215 3768 bonum
1249 3715 1456 3782 praeter
1501 3711 1870 3783 propositum
1901 3727 2032 3766 sco-

372 3817 516 3872 pum
550 3801 780 3856 evertit.
814 3805 1090 3857 Formosa
1120 3801 1358 3872 quidem
1391 3799 1602 3856 animas
1636 3797 2027 3871 pulchritudi-

369 3905 505 3945 nem
539 3889 801 3961 corporis
826 3891 1022 3961 specie
1043 3888 1223 3944 stulte
1253 3889 1656 3960 depradatur;
1685 3905 1814 3960 quae
1835 3893 2033 3944 autem

369 3982 752 4050 apparentem
785 3979 1050 4051 corporis
1080 3978 1513 4033 deformitatem
1545 3977 1735 4033 instar
1775 3978 2031 4050 praesidii

371 4067 444 4123 ad
476 4066 830 4139 virginitatis
862 4066 1191 4123 custodiam
1227 4065 1474 4140 accepit,
1507 4083 1636 4123 eam
1670 4067 1887 4139 spuriis
1917 4068 2033 4123 for-

373 4155 511 4224 mis,
550 4155 802 4214 insidias
850 4157 1083 4230 sibiipsi
1136 4162 1399 4224 struens,
1431 4173 1605 4229 prave
1653 4162 2032 4214 transmutat.

368 4248 582 4302 Contra
613 4245 938 4318 oportebat,
974 4251 1038 4301 ut
1067 4247 1181 4303 ista
1211 4247 1631 4319 temporariam
1662 4251 2033 4303 venustatem

370 4336 951 4407 spernens,corporis
979 4335 1478 4407 pulchritudinem
1502 4353 1618 4392 non
1637 4336 2033 4393 adversariam

373 4423 587 4479 animm
617 4423 1180 4496 pulchritudini,sed
1213 4425 1432 4497 potius,
1449 4426 1496 4481 si
1528 4425 1610 4480 ita
1640 4441 1751 4481 usu
1784 4426 2033 4494 eveniat,

374 4511 730 4584 adjutricem
761 4513 1039 4581 efﬁceret,
1057 4513 1318 4586 corporis
1353 4517 1644 4571 amatores
1668 4515 1742 4570 ad
1773 4514 2034 4571 animam

371 4601 743 4658 transferens
769 4619 782 4656 :
819 4600 999 4658 altera
1027 4620 1162 4659 vero
1191 4605 1253 4658 in
1284 4603 1436 4660 veris
1465 4603 1638 4660 bonis
1671 4602 1853 4660 nihilo
1883 4604 2034 4660 infe-

374 4689 516 4756 rior,
549 4689 947 4746 tentationum
1000 4693 1312 4760 vacuitate,
1343 4709 1523 4764 quam
1562 4692 1801 4765 opinata
1845 4695 2034 4750 defor-

374 4780 554 4836 mitas
586 4777 975 4848 aiferebat,ad
1009 4780 1330 4852 tranquille
1353 4781 1728 4838 excolendam
1762 4783 1910 4838 senii
1939 4798 2036 4839 ex-

373 4872 598 4942 pertem
629 4867 1137 4940 pulchritudinem
1171 4873 1534 4940 uteretur,ex
1563 4886 1676 4941 quo
1698 4871 2042 4930 immortali-

446 5031 492 5070 ⁷ο
522 5029 732 5088 Matth.
765 5047 845 5099 vr,
880 5032 965 5088 13.

451 5183 562 5254 (52)
597 5183 1038 5262 Zeakppoic._lta
1065 5203 1212 5245 mss.
1238 5187 1500 5261 quinque
1523 5192 1580 5246 et
1599 5188 1753 5247 alius
1783 5191 2044 5248 secunda

381 5271 583 5334 manu.
603 5255 788 5334 ἐΙιῖόξῒιί,
819 5255 1135 5334 σφαλερῶς.

410 5397 422 5410 ,
454 5327 568 5410 (ξδθ)
597 5325 774 5410 Μηδὲς
807 5325 902 5410 Sic
935 5325 1081 5410 mss.
1117 5348 1236 5389 sex.
1279 5330 1470 5388 Editio
1513 5335 1759 5400 Veneta,
1794 5333 1894 5403 μή.
1930 5336 2040 5391 Pa-

377 5401 672 5471 risiensis,
707 5401 784 5471 μὴ
818 5401 1005 5458 οἲονεί.

453 5470 568 5541 (54)
599 5470 796 5528 Ἔστω,
830 5476 922 5530 Sic
967 5477 1083 5530 duo
1133 5475 1364 5533 codices
1417 5493 1451 5531 a
1491 5473 1840 5530 Combefisio
1879 5475 2041 5531 citati

382 5544 440 5596 et
498 5541 599 5597 alii
658 5545 950 5602 nonnulli.
980 5546 1156 5616 Editi,
1206 5543 1375 5603 ἔσται.
1421 5546 1790 5604 Colbertinus
1839 5548 2038 5616 codex,

383 5609 654 5668 Παρθενία
688 5612 799 5668 οὗν.

434 5631 592 5671 αρυεν
602 5631 654 5666 ια
688 5631 799 5671 ουν.

445 5683 560 5756 (55)
588 5686 704 5754 Τῆς
783 5683 1012 5756 ἀληθῶς
1084 5685 1392 5760 παροινου.
1467 5689 1736 5761 Quinque
1809 5689 2041 5748 codices

2144 2095 2278 2153 ὅλον
2307 2098 2372 2153 τὸ
2401 2096 2634 2168 κάλλος,
2660 2098 2754 2156 ’ίνα
2787 2105 2928 2175 μήτε
2951 2109 3031 2177 τῶ
3079 2110 3291 2182 φυσικῷ
3341 2104 3536 2162 κάλλει
3584 2105 3804 2181 ἐμπομ-

2143 2187 2327 2243 πεύειν
2359 2185 2658 2264 σπουδάζῃ,
2695 2193 2836 2263 μήτε
2892 2193 3198 2270 ἀμοιροῦσα
3247 2195 3445 2250 τούτου
3507 2193 3801 2252 καλλωπί-

2148 2277 2326 2346 ζεσθαι
2359 2276 2510 2351 θέλῃ.
2546 2281 2814 2354 Ἀπρεπὶς
2843 2283 2944 2358 γὰρ
2993 2283 3067 2344 ὡς
3125 2282 3353 2354 ἀληθῶς
3402 2287 3472 2358 τῇ
3527 2283 3803 2361 παρθένῳ,

2144 2366 2234 2420 καὶ
2292 2372 2393 2436 τῆς
2453 2365 2936 2443 ἐπαγ-τελλομένης
2993 2371 3254 2449 ἀφθορίας
3301 2369 3799 2449 ἀλλότριον,τὸ,ἢ

2147 2450 2578 2531 ἔναϐρυνομίνην
2637 2462 2755 2522 τοῖς
2813 2456 3129 2534 δεδομένοις
3187 2463 3323 2536 πρὸς
3377 2461 3595 2541 εὐφυΐαν
3655 2464 3803 2538 παρὰ

2145 2549 2244 2600 τοῦ
2286 2550 2522 2616 ποιητοῦ
2553 2555 2919 2624 χαρακτῆρσι,
2951 2552 3042 2604 καὶ
3101 2549 3584 2623 ἕμπομπεύουσαν,
3620 2551 3800 2625 ὥσπερ

2148 2629 2308 2711 ἔφην,
2364 2636 2442 2708 τῷ
2502 2633 2718 2703 κάλλει,
2777 2635 3036 2702 πλείονας
3089 2638 3311 2714 ἐραστὰς
3391 2645 3488 2695 τοῦ
3545 2640 3800 2714 σώματος

2149 2722 2225 2786 εἰς
2259 2724 2437 2779 κοινὸν
2473 2723 2792 2795 σπουδάζειν
2825 2731 3028 2801 πτῶμα
3074 2734 3265 2799 κινεῖν,
3393 2731 3470 2802 μή
3530 2729 3801 2804 εὐστοχή-

2148 2832 2315 2868 σασαν
2347 2809 2603 2876 εὐειδείας
2634 2816 2771 2888 (56),
2805 2812 3019 2890 ἄρτυμα
3047 2813 3253 2886 ἡδονῆς
3301 2822 3419 2878 τοῖς
3477 2817 3645 2890 ὁρῶσι
3697 2817 3797 2884 τήν

2149 2900 2391 2957 ιπίνοιαν
2419 2906 2517 2957 τοῦ
2547 2900 2950 2977 καλλωπισμοῦ
2979 2904 3469 2980 πραγματεύεσθαι.
3505 2900 3643 2962 Οῧτε
3693 2905 3796 2980 γὰρ

2147 2993 2183 3061 ἡ
2223 2992 2417 3067 πρώτη
2478 2992 2731 3070 σώφρονα
2788 2990 3019 3052 δείκνυσι
3075 2991 3364 3070 λογισμὸν,
3424 2992 3512 3048 ἐπὶ
3561 2997 3640 3063 τῷ
3695 2989 3797 3046 τοῦ

2145 3083 2382 3151 ποιητοῦ
2413 3077 2554 3157 ἔργῳ
2585 3080 2661 3144 ὡς
2694 3079 2780 3136 ἰπὶ
2813 3079 2936 3155 ἰδίῳ
2989 3081 3374 3156 κατορθώματι
3423 3079 3798 3156 θρυπτομένη,

2144 3169 2235 3226 καὶ
2268 3169 2343 3232 εἰς
2375 3169 2434 3224 ὃν
2471 3170 2546 3244 μὴ
2580 3170 2901 3247 εἰσαχθῆναι
2950 3171 3153 3247 ἀγῶνα,
3187 3169 3277 3225 διὰ
3318 3177 3420 3240 τῆς
3477 3168 3646 3244 εὐχῆς
3705 3169 3798 3224 τὸν

2147 3257 2487 3334 ἀγωνοθέτην
2555 3258 2881 3334 παρακαλεῖ,
2941 3261 3033 3328 Μὴ
3111 3261 3420 3336 εΐσενὲγκῃς
3491 3261 3640 3332 ἡμᾶς
3723 3257 3800 3320 εἷς

2147 3347 2473 3425 πειρασμὸν,
2507 3344 2764 3421 δεομίνη,
2794 3348 2872 3410 εἰς
2916 3353 3108 3404 τοῦτον
3166 3346 3235 3403 δι’
3258 3349 3331 3402 ῶν
3397 3347 3525 3411 τοὺς
3575 3346 3800 3419 ἐραστὰς

2149 3435 2462 3505 ἰπισπᾶται,
2489 3435 2684 3503 ἑαυτὴν
2741 3440 3037 3513 προφανῶς
3067 3437 3401 3491 συνωθοῦσα.
3435 3433 3567 3493 Οὐδ’
3597 3437 3632 3504 ἠ
3686 3433 3800 3489 δευ-

2143 3522 2292 3598 τὲρα,
2325 3524 2353 3578 ὃ
2389 3525 2465 3596 μή
2500 3518 2666 3577 ἔλαϐε
2697 3520 2889 3596 δίλεαρ
2921 3522 3007 3577 ἐπὶ
3065 3531 3166 3592 τῆς
3221 3527 3318 3578 τοῦ
3361 3524 3616 3597 σώματος
3663 3520 3800 3593 ἠδο-

2142 3618 2262 3682 νῆς,
2293 3615 2454 3666 τοῦτο
2481 3610 2664 3674 νόθοις
2701 3617 2939 3687 μορφαῖς
2971 3613 3086 3666 καθ’
3117 3613 3314 3682 ἑαυτῆς
3359 3611 3797 3687 μαγγανεύουσα.

2143 3700 2403 3766 Λανθάνει
2452 3699 2500 3755 δ’
2538 3702 2764 3778 ὲκατίρα
2803 3703 2866 3758 τὸ
2919 3700 3072 3766 δοθὶν
3118 3703 3264 3777 παρὰ
3307 3707 3405 3756 τοῦ
3436 3706 3571 3756 Θεοῦ
3627 3700 3794 3757 καλὸν

2141 3792 2289 3869 παρὰ
2329 3793 2418 3848 τὸν
2471 3793 2832 3870 προκείμενον
2888 3795 3090 3850 σκοπὸν
3161 3791 3565 3872 διαφθείρουσα.
3617 3793 3717 3847 Καὶ
3761 3794 3794 3861 ἡ

2144 3881 2358 3952 εὐειδὴς
2388 3881 2450 3939 τὸ
2479 3889 2582 3954 τῆς
2613 3887 2800 3960 ψυχῆς
2830 3882 3038 3947 κάλλος
3064 3881 3153 3939 διὰ
3181 3887 3278 3939 τοῦ
3303 3883 3439 3938 κατᾶ
3479 3886 3638 3956 σῶμα
3667 3881 3797 3937 ἀτό-

2141 3993 2259 4035 πως
2312 3970 2686 4047 λυμαινομένη
2717 3976 2851 4046 (57),
2883 3974 2974 4028 καὶ
3017 3976 3052 4043 ἡ
3106 3975 3206 4043 τήν
3255 3971 3514 4028 δοκοῦσαν
3553 3976 3650 4026 τοῦ
3690 3969 3796 4026 σώ-

2148 4083 2314 4137 ματος
2345 4063 2618 4142 ἀμορφίαν
2648 4061 2867 4142 ἐφόδιον
2899 4064 3149 4140 φυλακῆς
3185 4069 3288 4132 τῆς
3335 4061 3472 4117 κατὰ
3517 4061 3615 4130 τὴν
3659 4080 3796 4135 παρ-

2145 4153 2324 4208 θενίαν
2353 4147 2618 4226 λαϐοῦσα,
2647 4151 2724 4216 εἷς
2757 4147 3060 4221 ἐπιϐουλὴν
3103 4153 3301 4221 ἑαυτῆς
3347 4150 3549 4222 ταύτην
3601 4151 3796 4211 νόθους

2149 4246 2384 4318 μορφαῖς
2416 4246 2598 4304 κακῶς
2632 4239 3103 4316 μεταπλάττουσα.
3136 4238 3287 4300 Ἔδει
3319 4237 3377 4296 δὶ
3412 4242 3476 4296 τὸ
3506 4237 3798 4312 ἀνάπαλιν,

2142 4332 2244 4400 τήν
2280 4331 2373 4404 μὶν
2405 4334 2504 4386 τοῦ
2534 4329 2874 4406 προσκαίρου
2930 4329 3174 4394 κάλλους
3222 4334 3682 4409 καταφρονοῦσαν,
3719 4330 3797 4401 μὴ

2145 4418 2411 4493 ἐμπόδιον
2438 4420 2501 4475 τὸ
2524 4423 2622 4474 τοῦ
2652 4421 2909 4494 σώματος
2941 4417 3150 4484 κάλλος
3176 4420 3273 4474 τοῦ
3300 4426 3401 4490 τῆς
3433 4415 3802 4494 ψυχῆς,ἆλλὰ

2145 4509 2420 4585 συνεργὸν,
2451 4506 2512 4563 ἂν
2545 4507 2689 4564 οὕτω
2718 4529 2825 4564 που
2884 4504 3175 4582 συμϐαίνῃ,
3203 4513 3497 4578 ποιεῖσθαι,
3527 4507 3656 4569 τοὺς
3701 4509 3798 4561 τοῦ

2143 4601 2401 4674 σώματος
2433 4599 2660 4674 ἐραστὰς
2689 4599 2777 4656 ἐπὶ
2819 4602 2918 4670 τήν
2960 4601 3144 4674 ψυχὴν
3199 4597 3600 4674 μεταφέρουσαν
3634 4615 3647 4628 ’
3698 4596 3796 4664 τὴν

2147 4689 2206 4746 δὶ
2253 4687 2422 4765 μηδὶν
2453 4686 2678 4746 ἔλαττον
2710 4689 2762 4746 ἐν
2823 4695 2942 4752 τοῖς
2995 4684 3166 4751 ὅντως
3223 4687 3415 4750 καλοῖς
3467 4686 3797 4766 φερομίνην,

2147 4781 2268 4853 τὴν,
2326 4776 2416 4834 διὰ
2463 4779 2564 4848 τὴν
2611 4780 2981 4852 νομιζομένην
3037 4775 3265 4852 ἀειδίαν,
3323 4775 3634 4852 ἀοχλησίαν
3693 4778 3799 4829 τῶν

2149 4871 2500 4948 πειρπσμῶν,
2531 4865 2781 4946 γαλήνην
2809 4869 3094 4942 ἀσκήσεώς
3151 4871 3251 4924 τοῦ
3308 4868 3500 4944 ἀγήρω
3555 4863 3796 4924 κάλλους

2154 5205 2326 5261 mss.,
2357 5191 2458 5258 τῆς
2488 5184 2710 5257 ἀληθῶς
2740 5183 3050 5261 παρθενίας,
3079 5187 3180 5244 aut
3231 5186 3330 5252 τῆς
3373 5177 3612 5250 ἀληθοῦς
3655 5197 3800 5254 παρ-

2153 5259 2667 5417 θεὶίξξίεύιιδείας.
2700 5331 2798 5388 Sic
2847 5346 2993 5386 mss.
3043 5327 3328 5399 quinque,
3359 5323 3574 5382 melius
3622 5339 3800 5397 quam

2153 5405 2316 5464 editi.
2350 5399 2582 5464 εὐοδίας.
3649 5463 3654 5464 ,

2222 5445 2776 5548 .X;;;:v.optvn.
2832 5472 3025 5548 Qodex
3081 5470 3295 5548 Regius
3343 5463 3806 5548 2_8'_7_9_,__poluvc-

2155 5541 2548 5676 ptim'sicque
2577 5541 2719 5619 legit
2744 5541 3100 5602 Ambrosius
3149 5541 3253 5616 qui
3301 5541 3576 5608 reddidit,
3608 5541 3800 5610 inqui-

2147 5635 2224 5675 na
2258 5662 2271 5676 .
