4124 6354
371 337 489 399 707

1327 331 1720 396 APPENDIX
1761 329 2086 395 OPERUM
2130 331 2198 394 S.
2244 328 2524 393 BASlLll
2571 329 2840 393 MAGNI.

3675 333 3796 396 708

371 468 530 526 Talis
561 472 756 526 autem
791 468 998 542 placet,
1034 465 1266 540 qualem
1299 464 1424 537 ipse
1454 463 1612 520 illam
1647 465 1898 520 formare
1929 479 2020 519 vo-

2140 462 2391 535 Μεριμνᾷ
2419 460 2520 536 γὰρ
2550 464 2670 522 πῶς
2701 461 2863 534 ἀρέσῃ
2895 461 3006 532 (66)
3047 464 3128 533 τῷ
3174 463 3380 536 Κυρίῳ.
3433 463 3679 539 Ἀρέσκει
3734 460 3791 518 δὲ

372 559 500 614 luit.

449 650 534 704 18,
570 648 692 704 Non
728 647 916 703 solum
966 646 1147 718 igitur
1189 643 1455 699 exornari
1488 643 1650 714 virgo
1684 659 1796 696 non
1829 644 2021 710 debet,

373 754 481 794 nec
511 737 859 810 exquisitam
906 736 1149 790 formam
1184 735 1253 788 ad
1287 732 1724 787 condimentum
1758 734 2023 802 volupta-

373 829 450 882 tis
498 826 652 882 oculi
711 823 994 897 impudici
1048 823 1367 892 elaborare,
1400 821 1728 889 sedetiam
1782 825 2021 876 naturu-

370 917 486 972 lem
538 915 800 988 corporis
852 913 1369 986 pulchritudinem,
1403 916 1691 982 quantum
1747 911 1868 965 ﬁeri
1922 927 2020 982 po-

369 1010 504 1075 test,
561 1006 700 1060 data
756 1019 933 1075 opera
989 1002 1362 1057 obumbrare.
1413 1003 1559 1055 Nam
1616 1017 1770 1063 cum,
1814 1016 2020 1054 secun-

367 1095 509 1148 dum
565 1093 923 1165 superiorem
981 1105 1335 1160 sermonem,
1385 1090 1705 1143 fomentum
1762 1089 1911 1144 635
1948 1089 2024 1142 sit

365 1182 682 1255 voluptatis
737 1181 883 1236 mari
938 1179 1174 1246 femina,
1206 1183 1262 1234 et
1312 1177 1478 1233 oculo
1534 1176 1808 1244 molliori,
1843 1194 2020 1248 quam

367 1272 688 1338 masculus,
724 1271 794 1325 ab
843 1269 1339 1325 oblectamentum
1379 1268 1540 1322 visus
1587 1268 1801 1332 efﬁcta,
1827 1283 1892 1322 ac
1923 1283 2021 1322 ca-

365 1380 508 1417 nora
537 1377 675 1416 voce
723 1359 794 1414 ad
846 1358 1221 1430 pelliciendas
1271 1374 1442 1411 aures
1491 1356 1799 1421 instructa,
1837 1372 2019 1410 mem-

365 1453 603 1506 brorum
638 1448 940 1520 apparenti
975 1446 1239 1512 mollitie,
1268 1463 1332 1500 ac
1372 1463 1487 1500 uno
1522 1445 1714 1512 verbo,
1746 1450 1863 1499 tota
1890 1461 2021 1499 cor-

362 1542 526 1610 ports
581 1536 774 1608 specie
841 1551 906 1589 ac
965 1537 1124 1589 motu
1186 1533 1258 1587 ad
1316 1532 1646 1604 decipulam
1704 1531 2020 1603 voluptatis

361 1625 634 1690 formata,
670 1640 924 1694 cumque
982 1639 1097 1678 non
1149 1621 1397 1694 loquens
1449 1621 1641 1677 solum
1701 1620 1914 1676 mulier
1964 1625 2022 1676 et

363 1715 680 1787 aspiciens,
713 1714 812 1768 sed
845 1718 903 1767 et
952 1713 1163 1767 sedens
1195 1727 1262 1766 ac
1292 1710 1606 1766 ambulans
1655 1711 1727 1765 ob
1777 1710 2016 1764 insitam

362 1804 421 1858 in
455 1819 678 1858 marem
728 1800 811 1856 illi
863 1799 1192 1856 naturalem
1246 1803 1620 1871 potestatem,
1651 1815 1784 1854 eum
1827 1799 1898 1853 ad
1931 1815 2014 1865 se,

364 1897 428 1948 ut
486 1893 705 1948 ferrum
760 1891 995 1945 eminus
1044 1904 1308 1960 magnes,
1357 1887 1651 1956 attrahat;
1713 1893 2019 1959 propterea

363 1986 592 2055 oportet
633 1987 696 2036 ut
725 1979 906 2052 virgo,
941 1996 1009 2034 ne
1042 1976 1160 2035 ullo
1204 1979 1377 2033 modo
1425 1976 1742 2049 voluptatis
1794 1976 2020 2032 retibus

363 2070 700 2142 implicetur
751 2067 1060 2141 providens
1110 2070 1168 2122 et
1207 2083 1437 2136 cavens,
1470 2065 1801 2122 masculum
1852 2083 2017 2138 aspe-

363 2164 524 2214 ctum
553 2165 610 2213 et
646 2158 876 2212 ﬁrmam
911 2155 1129 2210 efﬁciat
1159 2171 1380 2221 vocem,
1413 2171 1478 2209 ac
1510 2155 1738 2210 incessu
1772 2159 1828 2210 et
1859 2155 2018 2210 omni

364 2264 608 2321 prorsus
655 2245 915 2318 corporis
955 2249 1117 2299 motu
1169 2243 1472 2298 illecebras
1503 2243 1816 2316 voluptatis
1859 2260 2018 2299 coer-

364 2342 522 2406 ceat;
558 2337 640 2392 ita
671 2341 735 2391 ut
765 2352 870 2390 nec
914 2334 1044 2406 ipsa
1084 2334 1273 2405 magis
1323 2333 1668 2403 excogitatis
1713 2333 1781 2388 ad
1816 2333 2016 2405 volup-

361 2432 540 2482 tatem
575 2425 798 2480 artibus
847 2423 1139 2496 capiatur,
1175 2437 1282 2477 nec
1313 2422 1588 2494 laqueum
1632 2423 1765 2478 aliis
1805 2439 1870 2477 ac
1901 2439 2018 2477 sum

361 2515 553 2588 ipsius
594 2514 803 2569 anima:
849 2512 1150 2584 proprium
1205 2527 1417 2582 corpus
1468 2511 1760 2578 instituat,
1793 2512 1893 2566 sed
1945 2511 2016 2566 ad

362 2605 598 2659 ﬁrmam
629 2602 862 2657 virtutis
911 2600 1166 2672 speciem
1221 2601 1598 2672 semetipsam
1649 2599 2018 2671 sapientibus

367 2693 624 2749 motibus
655 2690 899 2746 viriliter
928 2690 1132 2761 erigat.

442 2873 526 2926 19.
553 2870 643 2926 Sic
670 2870 848 2942 igitur
881 2868 1194 2924 femineam
1218 2865 1575 2938 voluptatem
1609 2865 1665 2920 in
1701 2866 2018 2936 semetipsa

367 2963 699 3030 destruens,
721 2967 773 3014 et
820 2958 998 3013 maris
1029 2958 1098 3012 ad
1135 2957 1410 3012 feminam
1441 2956 1892 3028 propensionem
1928 2973 2014 3010 re-

367 3066 594 3119 secans,
614 3048 869 3120 virgines
899 3047 1073 3102 etiam
1107 3062 1246 3101 suos
1270 3060 1616 3118 progressus
1645 3046 1877 3115 efﬁciet,
1901 3063 2016 3101 non

364 3139 676 3195 lasciviens
709 3135 1006 3193 continuis
1052 3138 1480 3208 progressibus,
1507 3152 1612 3190 nec
1644 3141 1852 3206 praeter
1881 3153 2016 3191 con-

2134 553 2358 624 τοιαύτῃ
2389 549 2504 604 ο⁶ίαν
2535 550 2694 612 αὐτὸς
2723 551 2887 618 αὐτὴν
2933 551 3135 605 πλάσαι
3169 551 3460 621 ἠθέλησεν.

2204 642 2292 696 48.
2326 639 2402 696 Ού
2439 640 2604 713 μόνον
2638 639 2728 694 οὖν
2782 639 2842 694 οὐ
2875 637 2957 694 δεῖ
2984 639 3432 711 καλλωπίζεσθαι
3463 644 3563 710 τὴν
3595 644 3789 716 παρθέ-

2131 748 2245 800 νον,
2279 727 2406 784 οὐδὲ
2455 727 2676 802 ἥδυσμα
2720 726 2921 799 ἡδονῆς
2975 728 3296 805 βλέμματος
3349 730 3657 786 ἀκολάστου
3689 733 3788 801 τὴν

2134 815 2366 872 ἐπίνοιαν
2396 825 2496 888 τῆς
2533 826 2748 897 μορφῆς
2779 818 3112 895 έργάζεσθαι⁴
3141 819 3287 876 ἀλλὰ
3314 821 3404 874 καὶ
3446 822 3508 876 τὸ
3559 823 3784 897 φυσικὸν

2130 911 2227 961 τοῦ
2259 910 2515 981 σώματος
2545 909 2751 972 κάλλος
2783 910 3081 978 συσκιάζειν
3118 911 3192 971 ὡς
3223 909 3340 964 οἷόν
3390 932 3448 966 τε
3493 917 3612 974 ταῖς
3663 911 3784 966 ἐπι-

2131 996 2322 1058 νοίαις.
2372 995 2594 1066 Ἐπειδὴ
2647 999 2772 1073 γὰρ,
2825 999 2958 1052 κατᾶ
3004 999 3095 1052 τὸν
3140 999 3394 1073 ἀνωτέρω
3445 998 3637 1073 λόγον,
3693 1001 3788 1073 μά-

2135 1083 2321 1160 λαγμα
2379 1085 2578 1155 ἡδονῆς
2605 1092 2685 1159 τῷ
2717 1085 2897 1163 ἄρρενι
2928 1087 2990 1142 τὸ
3022 1087 3163 1156 θῆλύ
3215 1087 3347 1155 ἐστι,
3381 1089 3469 1143 καὶ
3507 1087 3784 1164 βλέμματι

2136 1174 2411 1250 ὑγροτέρῳ
2462 1180 2559 1230 τοῦ
2617 1174 2836 1252 ἄῤῥενος
2896 1177 3032 1252 πρὸς
3098 1175 3374 1252 έναγωγὴν
3435 1180 3548 1251 (67)
3604 1176 3781 1252 ὄψεως

2131 1265 2535 1336 πεπλασμένον,
2586 1265 2675 1319 καὶ
2736 1269 2886 1343 φωνῇ
2949 1265 3151 1340 λιγυρᾷ
3181 1265 3256 1330 εἷς
3287 1264 3588 1342 θέλγητρον
3624 1267 3782 1343 ὀργα-

2131 1354 2297 1407 νωθὶν
2348 1355 2536 1423 ἀκοῆς,
2587 1353 2677 1408 καὶ
2724 1357 2791 1428 τῇ
2825 1354 3194 1432 ἐμφαινομένη
3219 1359 3323 1408 τῶν
3361 1355 3541 1426 μελῶν
3601 1355 3778 1428 μαλα-

2130 1440 2342 1512 κότητι,
2403 1443 2492 1496 καὶ
2525 1440 2769 1504 συνόλως
2809 1445 2966 1498 παντὶ
3001 1448 3080 1516 τῷ
3118 1448 3214 1498 τοῦ
3249 1442 3500 1516 σώματος
3533 1446 3775 1518 σχήμιοτί

2129 1552 2186 1587 τε
2215 1533 2300 1586 καὶ
2336 1534 2598 1605 κινήματι
2658 1532 2794 1603 πρὸς
2851 1532 3062 1602 ἀπάτην
3096 1539 3196 1603 τῆς
3256 1530 3462 1603 ἡδονῆς
3497 1534 3781 1610 μορφωθὲν

2129 1621 2215 1674 καὶ
2277 1620 2339 1674 ού
2399 1618 2643 1675 λαλοῦσα
2687 1621 2823 1695 γυνή
2887 1620 3047 1694 μόνον
3103 1621 3192 1676 καὶ
3251 1622 3455 1696 ὁρῶσα,
3487 1620 3636 1678 ἀλλὰ
3693 1621 3783 1676 καὶ

2128 1709 2404 1782 καθημένη
2439 1714 2557 1772 πῶς
2588 1709 2677 1764 καὶ
2715 1708 3027 1786 βαδίζουσα,
3080 1708 3169 1765 διὰ
3223 1713 3322 1780 τὴν
3377 1711 3593 1766 ἐνοῦσαν
3646 1710 3782 1765 κατὰ

2126 1802 2222 1852 τοῦ
2255 1796 2476 1873 ἂρῤενος
2507 1798 2642 1873 αὐτῇ
2686 1802 2796 1872 (68)
2828 1802 3058 1875 φυσικὴν
3110 1797 3442 1867 δυναστείαν,
3494 1801 3568 1861 ὡς
3626 1797 3785 1868 σίδη-

2131 1907 2247 1959 ρον,
2276 1889 2444 1964 φημὶ,
2495 1888 2775 1965 πόῤῥωθεν
2833 1896 3121 1964 μαγνῆτις,
3174 1893 3368 1945 τοῦτον
3403 1889 3540 1964 πρὸς
3585 1889 3779 1957 ἑαυτὴν

2133 1977 2483 2051 μαγγανεύει·
2537 1975 2626 2032 διὰ
2672 1982 2833 2033 τοῦτο
2886 1975 2968 2033 δεῖ
3006 1981 3106 2049 τήν
3159 1980 3556 2055 παρθένον,τῷ
3589 1975 3782 2051 μηδενὶ

2127 2065 2317 2140 τρόπῳ
2345 2072 2463 2127 τοῖς
2491 2073 2590 2136 τῆς
2623 2064 2830 2137 ἡδονῆς
2861 2066 3101 2130 δικτύοις
3131 2068 3480 2142 έμπλακῆναι
3512 2066 3785 2146 φυλαττο-

2133 2152 2321 2224 μένην,
2354 2153 2665 2230 ἀρῥενωπὸν
2721 2156 2783 2210 τὸ
2832 2155 3010 2228 ὄμμα,
3054 2156 3142 2210 καὶ
3202 2157 3423 2233 στερρὰν
3455 2163 3631 2210 ποιεῖν
3683 2157 3782 2224 τήν

2129 2243 2335 2320 φωνήν,
2381 2247 2461 2315 τῷ
2507 2240 2564 2296 δὲ
2620 2241 2910 2317 βαδίσματι
2942 2245 3031 2300 καὶ
3061 2243 3304 2306 συνόλως
3335 2246 3490 2300 παντί
3519 2246 3781 2316 κινήματι

2126 2336 2205 2403 τῷ
2227 2335 2322 2386 τοῦ
2354 2332 2634 2404 σώματος,
2674 2332 2914 2408 συνέχειν
2945 2341 3044 2403 τῆς
3071 2332 3278 2404 ἡδονῆς
3305 2335 3372 2388 τὰ
3399 2331 3642 2389 δελέατα’
3673 2333 3784 2407 οὐχ

2130 2421 2370 2492 ἀλῶσαν,
2404 2423 2570 2500 φημὶ,
2604 2420 2680 2478 ἔτι
2717 2423 2928 2497 μᾶλλον
2954 2430 3072 2486 ταῖς
3113 2423 3379 2486 ἐπινοίαις
3408 2424 3544 2497 πρὸς
3573 2419 3781 2492 ἡδονὴν

2129 2512 2348 2586 ξαυτὴν,
2397 2519 2486 2566 καί
2534 2510 2733 2590 παγίδα
2781 2513 2982 2589 ἑτέροις
3031 2535 3089 2569 τε
3121 2515 3283 2587 ὁμοῦ,
3333 2514 3422 2568 καὶ
3462 2517 3532 2588 τῇ
3583 2513 3780 2580 ὶαυτῆς

2128 2604 2282 2676 ψυχῇ
2314 2603 2376 2656 τὸ
2406 2600 2608 2656 οἰκεῖον
2639 2607 2798 2676 σῶμα
2851 2603 3171 2676 ἀρτύουσαν,
3220 2603 3358 2676 πρὸς
3405 2602 3468 2658 τὸ
3527 2601 3781 2656 σύντονον

2129 2688 2186 2744 δὲ
2214 2694 2314 2754 τῆς
2347 2691 2542 2766 ἀρετῆς
2563 2689 2702 2753 εἶδος
2724 2693 2916 2762 ἑαυτὴν
2940 2693 3179 2771 σώφροσι
3209 2694 3504 2765 κινήμασιν
3526 2689 3782 2766 ἐνδρείως

2127 2779 2415 2855 ὀρθοῦσαν.

2198 2871 2285 2925 49.
2319 2867 2504 2929 Οὕτως
2536 2865 2592 2922 δὲ
2621 2869 2720 2936 τὴν
2745 2872 2843 2922 τοῦ
2876 2868 3073 2938 θήλεος
3105 2865 3310 2937 ἡδονὴν
3342 2867 3393 2922 ἐν
3430 2868 3594 2940 ἑαυτῇ
3627 2868 3776 2921 ἀναι-

2127 2962 2314 3033 ροῦσα,
2346 2957 2434 3012 καὶ
2464 2959 2563 3026 τὴν
2614 2958 2751 3033 πρὸς
2798 2961 2960 3011 τοῦτο
3009 2957 3193 3034 σχέσιν
3239 2961 3339 3012 τοῦ
3365 2955 3586 3034 ἅρῥενος
3644 2956 3780 3010 ἀπο-

2125 3049 2422 3115 κόπτουσα,
2448 3049 2746 3122 παρθένους
2790 3047 2981 3115 ἑαυτῆς
3007 3048 3095 3101 καὶ
3154 3048 3250 3108 τὰς
3308 3043 3578 3118 προόδους
3609 3047 3779 3115 ποιή-

2127 3159 2295 3210 σεται,
2355 3137 2447 3191 οὐν
2508 3135 2973 3192 ἀκολασταίνουσα
3027 3141 3144 3197 ταῖς
3195 3137 3443 3209 συνεχέσι
3493 3131 3778 3210 προόδοις,

364 3229 694 3285 venientem
724 3225 935 3298 virgini
977 3226 1380 3280 necessitatem
1434 3225 1490 3278 in
1543 3225 1750 3280 domos
1802 3230 2016 3281 semet-

2137 3225 2255 3283 ούδέ
2278 3199 2424 3303 παρὰ
2447 3227 2545 3295 τὴν
2575 3222 2980 3282 ἐπιϐάλλουσαν
3002 3223 3253 3300 παρθένῳ
3423 3199 3614 3298 χρείαν
3663 3199 3781 3284 ταῖς

367 3319 555 3389 ipsam
576 3317 905 3371 intrudens.
920 3314 1028 3370 Sed
1051 3313 1244 3369 omnis
1261 3329 1606 3385 progressus
1628 3319 1862 3386 tempus
1882 3332 2017 3386 prae-

366 3406 597 3478 scripta:
627 3403 860 3459 virtutis
891 3403 1082 3458 ofﬁcio
1117 3405 1426 3458 metietur:
1460 3420 1527 3458 ac
1567 3408 1850 3458 rectorem
1883 3404 2019 3476 qui-

365 3496 500 3550 dem
525 3492 934 3566 progrediendi
962 3498 1312 3563 praeceptum
1339 3491 1580 3546 habebit
1601 3492 1852 3558 Domini,
1879 3499 2021 3548 tem-

368 3601 480 3654 pus
498 3588 690 3638 autem
711 3598 780 3637 ex
803 3596 1064 3651 congrua
1082 3581 1193 3635 diei
1219 3581 1357 3634 hora
1387 3581 1698 3634 discernet.
1715 3580 1839 3634 Non
1862 3581 2018 3636 enim

367 3671 714 3744 simpliciter
730 3676 968 3743 propter
981 3685 1114 3724 eum
1135 3670 1234 3740 qui
1254 3667 1399 3723 dixit
1419 3685 1430 3722 :
1450 3669 1708 3739 Inﬁrmus
1724 3671 1889 3738 fui,et
1912 3685 2018 3725 non

365 3763 636 3819 visitasn's
660 3775 746 3816 me
765 3761 830 3827 ⁷³,
856 3764 912 3814 et
942 3762 1165 3828 caetera,
1189 3760 1496 3812 materiam
1523 3756 1934 3812 dissolutionis
1963 3761 2022 3814 et

366 3853 564 3924 probri
597 3853 948 3922 praeceptum
973 3846 1205 3902 Domini
1239 3844 1471 3900 efﬁciet.
1495 3845 1764 3909 Qualibet
1794 3846 1935 3902 hora
1963 3853 2023 3902 et

368 3945 579 4014 praeter
609 3940 884 3995 decorum
927 3935 1195 4008 progredi
1237 3935 1482 4000 audens,
1515 3951 1582 3990 ac
1611 3934 2023 4007 intempestive

368 4031 427 4085 iu
461 4029 725 4102 quolibet
753 4028 878 4083 vico
909 4025 1181 4098 pluribus
1213 4040 1342 4080 sese
1372 4024 1709 4092 ostendens,
1741 4041 1842 4080 nec
1877 4042 2020 4098 prae-

367 4120 588 4176 clarum
609 4117 843 4174 Domini
865 4118 1240 4188 praeceptum,
1260 4118 1587 4186 opportune
1608 4131 1673 4169 eo
1694 4132 1806 4170 non
1828 4121 2020 4185 utens,

368 4210 426 4264 in
461 4225 636 4264 suum
694 4207 881 4278 ipsius
930 4203 1286 4276 vituperium
1345 4219 1518 4274 prave
1574 4210 1888 4273 convertet,
1923 4210 2025 4260 aut

371 4299 535 4356 nulla
568 4298 759 4353 aetatis
789 4312 908 4351 suae
955 4295 1151 4348 habita
1194 4293 1434 4359 ratione,
1471 4293 1712 4348 licenter
1743 4295 2022 4366 prodibit,

373 4390 476 4444 sed
498 4385 822 4458 juvenilem
857 4384 1096 4454 quidem
1148 4398 1329 4453 agens
1359 4387 1612 4450 etatem,
1644 4383 1702 4437 in
1736 4384 2022 4455 templum

371 4475 604 4532 Domini
636 4474 850 4541 solum,
880 4489 985 4528 nec
1033 4470 1160 4527 sola
1205 4469 1553 4542 simpliciter
1598 4472 2020 4544 progredietur.

2129 3317 2330 3378 οῒκίαις
2381 3316 2573 3384 ἑαυτὴν
2647 3313 3072 3391 ἐπιρῥίπτουσα·
3135 3313 3346 3383 ἀπάσης
3418 3309 3474 3367 δὲ
3543 3309 3783 3388 πρόοδου

2127 3408 2341 3482 καιρὸν,
2391 3407 2488 3473 τῆς
2537 3403 2904 3482 ὀφειλομένης
2955 3404 3152 3477 ἀρετῆς
3181 3401 3408 3469 έντολήν
3455 3402 3780 3473 ποιουμένη·

2127 3501 2216 3549 καὶ
2248 3494 2478 3568 ἡνίοχον
2512 3494 2606 3563 μὲν
2633 3494 2731 3560 τῆς
2763 3489 3024 3566 προόδου,
3069 3491 3167 3558 τήν
3195 3489 3423 3557 ἐντολὴν
3455 3485 3658 3545 ἔχουσα
3684 3494 3782 3544 τοῦ

2130 3583 2348 3659 Κυρίου,
2396 3581 2528 3643 τοὺς
2583 3578 2640 3635 δὲ
2675 3580 2900 3654 καιροὺς
2953 3581 3182 3648 τούτων,
3228 3579 3365 3634 κατὰ
3401 3579 3464 3633 τὸ
3522 3578 3783 3654 εὐπρεπὲς

2134 3673 2297 3748 μέρος
2324 3677 2424 3740 τῆς
2461 3671 2671 3744 ἡμέρας
2700 3668 3042 3744 έγκρίνουσα.
3076 3669 3156 3725 Ού
3187 3669 3290 3744 γὰρ
3323 3668 3512 3730 ἁπλῶς
3558 3666 3648 3722 διὰ
3692 3669 3786 3723 τὸν

2131 3761 2371 3831 εἷπόντα,
2446 3761 2700 3828 Ἀσθενής
2757 3757 2923 3832 ἤμην,
2979 3758 3070 3812 καὶ
3131 3759 3231 3813 οὐκ
3278 3757 3636 3832 ἐπεσκέψασθέ
3697 3779 3784 3830 με,

2129 3851 2217 3907 καὶ
2250 3852 2317 3905 τὰ
2347 3849 2535 3906 λοιπὰ.
2569 3847 2706 3919 ὕλην
2739 3847 3051 3924 χυδιασμοῦ
3087 3869 3146 3902 τε
3171 3847 3262 3902 καὶ
3289 3848 3466 3922 ψόγου
3495 3849 3597 3915 τὴν
3634 3846 3783 3902 έντο-

2131 3939 2237 4010 λὴν
2289 3943 2386 3995 τοῦ
2441 3939 2645 4013 Κυρίου
2701 3939 3009 4008 ποιήσεται.
3064 3938 3208 3992 Κατὰ
3265 3943 3437 3990 πᾶσαν
3485 3937 3579 4009 μὲν
3614 3936 3784 4009 ὥραν,

2131 4029 2219 4085 καὶ
2251 4030 2396 4104 παρὰ
2419 4028 2482 4082 τὸ
2540 4028 2743 4104 πρέπον
2800 4027 2907 4082 τῶν
2957 4024 3212 4102 προόδων
3245 4024 3670 4099 κατατολμῶσα,
3730 4023 3781 4078 ἐν

2133 4119 2352 4195 ἀκαιρία
2393 4117 2529 4172 κατὰ
2577 4119 2748 4171 πάντα
2781 4115 3049 4171 στενωπὸν
3075 4120 3192 4178 τοῖς
3225 4112 3463 4177 πολλοῖς
3521 4115 3784 4190 φαινομέ-

2131 4229 2220 4277 νη,
2273 4204 2397 4262 ούδὶ
2442 4207 2506 4261 τὸ
2557 4203 2726 4260 καλὸν
2763 4206 2858 4278 μὶν
2887 4211 2987 4274 τῆς
3015 4209 3112 4259 τοῦ
3135 4209 3267 4260 Θεοῦ
3298 4201 3544 4271 ἐντολῆς,
3603 4201 3784 4258 ἐπιδε-

2136 4298 2260 4371 Ξίως
2304 4297 2440 4369 αὐτῇ
2477 4296 2552 4367 μὴ
2583 4292 2922 4369 κεχρημένη,
2956 4292 3033 4356 είς
3071 4289 3337 4362 διαϐολὴν
3379 4294 3573 4362 ἑαυτῆς
3601 4297 3784 4353 κακῶς

2134 4383 2468 4460 περιτρέψει,
2499 4378 2852 4437 ἀϐασάνιστον
2887 4379 2943 4437 δὶ
2971 4383 3070 4452 τὴν
3104 4381 3324 4452 ἠλικίαν
3360 4384 3553 4452 ἑαυτῆς
3593 4384 3785 4443 ἇπΛῶς

2137 4473 2224 4530 ἐπὶ
2254 4475 2348 4535 τὰς
2381 4469 2653 4549 προόδους
2691 4473 2909 4551 ἀφήσει,
2972 4470 3118 4526 ἀλλά
3164 4470 3286 4526 νέαν
3332 4472 3424 4546 μὲν
3475 4467 3552 4526 ἔτι
3584 4469 3788 4546 ἄγουσα

377 4565 669 4636 Praacepto
702 4567 894 4618 autem
939 4559 1170 4616 Domini
1215 4560 1562 4616 necessariis
1593 4562 1665 4616 de
1694 4561 1889 4618 causis
1917 4563 2020 4619 alio

2138 4561 2382 4634 ἡλικίαν,
2415 4563 2501 4617 ἐπὶ
2531 4563 2624 4617 τὸν
2659 4563 2804 4617 οἶκον
2835 4566 2931 4617 τοῦ
2962 4566 3096 4617 Θεοῦ
3158 4560 3346 4635 μόνον,
3386 4561 3475 4615 καὶ
3527 4560 3588 4615 οὐ
3646 4561 3786 4634 μόνη

370 4659 639 4718 vocante,
669 4651 1004 4724 progressui
1030 4665 1138 4704 suo
1158 4666 1226 4704 ex
1255 4665 1479 4719 earum,
1502 4650 1857 4720 quibuscum
1892 4669 2029 4723 pro-

373 4743 649 4818 grediens
670 4739 1234 4807 cernitur,comitatu
1255 4739 1735 4810 approbationem
1755 4741 2028 4798 concilia-

374 4835 480 4894 bit.
515 4835 642 4891 Non
673 4833 830 4889 enim
872 4827 1200 4903 gregarium
1234 4829 1399 4883 decet
1427 4829 1736 4901 virginem,
1761 4848 1888 4903 qua:
1919 4851 2026 4889 nu-

445 5037 490 5071 ⁷³
521 5034 728 5092 Matth.
763 5050 894 5100 xxv,
929 5031 1016 5087 43.

464 5237 556 5307 66)
587 5227 1121 5310 Ἀρέσῃειζνζοοουιιὶ
1154 5227 1404 5310 codices,
1431 5225 1629 5310 ἀρέσει.

2141 4652 2332 4716 ἁπλῶς
2359 4651 2764 4728 προελεύσεται·
2809 4651 3071 4720 Ἐντολῆς
3104 4647 3161 4705 δὶ
3189 4654 3286 4706 τοῦ
3335 4650 3540 4723 Κυρίου
3589 4649 3787 4726 ἐτέρω-

2142 4754 2192 4806 θι
2225 4743 2608 4818 ἀπαραιτήτως
2658 4739 2914 4816 ἀγούσης,
2948 4740 3256 4810 ἀξιόπιστον
3306 4740 3404 4808 τὴν
3467 4740 3659 4809 ἑαυτῆς
3689 4759 3794 4792 πο-

2139 4837 2286 4916 ρείαν
2315 4835 2433 4894 ταῖς
2470 4830 2584 4905 μεθ’
2631 4830 2706 4884 ὧν
2742 4826 3037 4904 βαδίζουσα
3067 4832 3179 4904 (70)
3211 4829 3423 4906 ὁρᾶται,
3481 4830 3789 4898 ποιήσεται.

2132 5239 2262 5292 Mox
2315 5235 2494 5293 editio
2553 5232 2764 5300 Paris.,
2821 5234 3002 5286 τοῦτο.
3048 5229 3266 5284 Veneta
3322 5231 3380 5283 et
3437 5242 3605 5297 mss.,
3661 5224 3787 5278 τοῦ-

465 5296 559 5375 67')
623 5296 1018 5380 Ἰθοῦνᾶῥρενος
1097 5301 1234 5374 πρὸς
1280 5296 1616 5383 ,ἐναγιυγήι
1684 5304 1776 5359 Sic
1832 5306 2030 5383 _ed_itio
2137 5327 2253 5383 τονἼ

369 5375 598 5436 Veneta
641 5384 700 5434 et
748 5375 973 5447 septem
1024 5391 1193 5448 mss.,
1234 5375 1347 5448 nisi
1401 5375 1552 5448 quod
1593 5392 1773 5448 unus
1832 5377 2027 5448 habet,

368 5452 506 5527 πρὸς
559 5443 888 5527 έπαγωγήνη
927 5450 1042 5527 ὀιΞο
1074 5445 1196 5527 alii,
1226 5444 1362 5526 πρὸς
1409 5443 1657 5527 ἀγωγήν,
1707 5443 2029 5527 εᾶίῐὶομκζρζ

372 5516 528 5595 neta,
561 5516 945 5594 προσαγωγήν.
979 5517 1352 5583 Parisiensis,
1384 5516 1520 5592 πρὸς
1546 5516 1774 5592 ’ἀγωγὴν
1807 5524 1904 5574 τοῦ
1934 5518 2030 5596 ἅρ-

371 5597 545 5676 βινεῖ-

447 5666 561 5741 (68)
616 5659 794 5736 Atri}.
859 5661 953 5717 Sic
1015 5675 1162 5716 mss.
1231 5659 1511 5736 quinque.
1582 5660 1773 5735 Editi,
1841 5661 2030 5737 αὐτῆς.

2211 5378 2327 5451 (69)
2361 5377 2634 5451 Παρθένῳ.
2669 5375 2762 5451 Sic
2793 5373 3159 5430 Colbertinus
3189 5372 3371 5428 codex
3417 5376 3473 5428 et
3521 5371 3616 5425 alii
3655 5385 3795 5424 non-

2142 5447 2317 5505 nulli.
2349 5447 2520 5521 Editi,
2553 5447 2859 5521 παρθένων.

2215 5523 2323 5592 (60)
2356 5513 2678 5588 Βαδίξουσὰ.
2729 5517 2821 5592 S_ic
2875 5519 3122 5592 uterque
3169 5517 3351 5572 codex
3398 5514 3708 5570 Combeﬁs.
3742 5513 3801 5566 et

2141 5587 2342 5666 plures
2372 5587 2704 5660 alii.7Editi,
2741 5587 3117 5664 βασανίζουσα.
