4124 6354
312 372 430 434 709

1545 363 1780 424 LIBER
1823 362 1925 422 DE
1967 359 2503 424 VIRGINITATE.

3625 372 3740 436 ’710

319 504 394 563 Ού
427 504 531 580 γὰρ
565 500 755 563 ἀπλως
805 495 1058 576 ἀγελαίαν
1109 491 1189 552 δεῖ
1225 495 1326 566 τὴν
1367 495 1656 571 παρθένον,
1702 494 2006 569 ἀποστρα--⁴

2127 493 2345 550 tiaram
2379 496 2614 552 vincula
2654 500 2872 570 rejecit,
2907 519 3258 576 quocunque
3290 502 3532 564 licenter
3566 525 3739 579 vaga-

323 601 514 674 φεῖσαν
565 595 634 648 τὰ
681 594 875 666 γάμων
924 589 1117 663 δεσμὰ,
1150 590 1467 663 ἁπανταχοῦ
1523 587 1657 661 μετὰ
1703 584 1977 648 αὐθεντίας

324 680 620 749 σοϐεἶσθαι⁹
658 682 837 757 ὥσπερ
871 679 960 736 διὰ
995 684 1157 735 τοῦτο
1208 680 1593 756 ἀποφυγοῦσαν
1642 676 1732 730 τὸν
1776 675 1976 749 γάμον,

323 775 435 850 οὐχ
459 773 554 828 ⁹ίνα
583 777 662 846 τῷ
687 771 958 849 κρείττονι
987 769 1215 844 νυμφίῳ
1265 767 1348 822 ἀεὶ
1379 763 1706 842 παρεδρεύῃ,
1739 763 1864 820 ἀλλ’
1890 761 1978 817 ’ίνα

322 863 404 919 ἐπ’
453 863 670 934 ἐξουσίᾳ
719 857 822 938 ἔχῃ
875 863 1063 936 φοιτᾷν
1124 856 1231 928 ὅπη
1292 855 1568 934 βούλεται.
1598 852 1739 912 Ούδὶ
1767 854 1870 928 γὰρ
1903 852 1978 915 ὡς

323 953 382 1008 ἂν
423 954 499 1026 μὴ
535 971 780 1028 μαρτυρα
808 948 843 1018 ἢ
875 949 1067 1025 κριτὴν
1101 941 1206 1023 ἔχῃ
1237 950 1335 1002 τοῦ
1369 945 1489 1022 βίου
1514 947 1613 1014 τὴν
1647 944 1781 1018 πρὸς
1814 939 1980 1017 ἄνδρα

325 1041 615 1098 κοινωνίαν
675 1037 961 1118 ἀπέφυγεν·
1019 1034 1138 1092 οὐδ’
1197 1033 1290 1090 ’ίνα
1338 1033 1595 1108 ἐλευθέρα
1647 1030 1983 1118 ζηλοτυπίας

328 1131 648 1208 ὑπάρχουσα
711 1117 1095 1205 ἐγκαλινδῆται
1163 1125 1244 1180 ἐπ’
1296 1123 1539 1194 ἐξουσίας
1611 1124 1722 1196 (71)
1782 1123 1864 1182 οἷς
1922 1117 1984 1173 ἂν

328 1218 504 1295 ἐθέλῃ,
543 1217 748 1292 μηδὲνα
776 1210 980 1293 ἔχουσα
1006 1216 1096 1270 τὸν
1131 1213 1445 1312 ἐξετάσοντά
1486 1212 1654 1312 αύτῆς
1703 1209 1770 1312 τά
1821 1209 1981 1312 κινή-

333 1329 491 1384 ματασ
525 1305 652 1362 ἀλλ’
679 1304 774 1362 ’ίνα
823 1306 920 1367 τὰς
978 1304 1175 1381 σαρκὸς
1229 1305 1344 1376 (72)
1374 1299 1627 1399 atomi
1659 1298 1749 1354 καὶ
1809 1298 1981 1399 τόκων

330 1397 556 1466 ὠδῖνας,
587 1395 678 1451 καὶ
708 1396 809 1464 τὴν
839 1392 1203 1469 πολύμοχθον
1252 1395 1359 1445 τῶν
1398 1391 1670 1464 βιωτικῶν
1707 1391 1984 1462 μεριμνῶν

334 1486 590 1563 ἀλγεινὴν
651 1488 892 1563 φυγοῦσα
920 1481 1202 1560 φροντὶδα,
1260 1480 1362 1535 ὑπὸ
1407 1480 1638 1555 μάρτυρι
1670 1479 1758 1532 καὶ
1816 1473 1986 1546 ζηλο-

335 1575 491 1649 τύπῳ
522 1576 716 1650 ἀρετῆς
758 1578 896 1646 Θεῷ,
943 1573 1034 1627 τὸν
1088 1573 1283 1640 εαυτῆς
1335 1569 1471 1646 πρὸς
1521 1566 1819 1644 ἀφθαρσίαν
1871 1565 1985 1640 βίον

340 1665 700 1737 οἷκονομήσῃ.
761 1663 888 1723 Θεὸς
950 1662 1050 1736 γάρ
1083 1659 1219 1733 είμι,
1281 1658 1438 1736 φησὶ,
1494 1656 1770 1726 ζηλωτὴς,
1805 1653 1986 1726 ζηλῶν

334 1755 426 1809 τὸν
460 1753 548 1808 ἐπὶ
605 1757 780 1830 φθορᾷ
832 1751 896 1805 τὸ
953 1751 1082 1823 ἐμὸν
1143 1749 1193 1802 ἐν
1234 1749 1362 1820 ὑμῖν
1393 1745 1600 1808 κάλλος
1635 1745 1987 1818 μοιχεύοντα.

339 1844 487 1900 Ἐπεὶ
549 1842 594 1896 εί
652 1840 851 1914 μέλλοι
881 1840 974 1894 τὸν
1035 1840 1173 1913 πρὸς
1209 1835 1375 1912 ἄνδρα
1408 1836 1563 1912 ζυγὸν
1623 1831 1990 1910 ἀπορρίψασα,

338 1932 619 2009 ἄχρηστος
647 1930 736 1985 καὶ
767 1934 845 2002 τῷ
879 1928 1005 2004 βίῳ,
1062 1928 1196 2002 πρὸς
1251 1926 1307 1980 ὃν
1367 1925 1443 1988 εἷς
1472 1921 1748 1999 οἰκουρίαν
1776 1923 1863 1975 καὶ
1902 1941 1995 1976 τε-

339 2019 622 2097 κνογονίαν
684 2016 950 2088 ἐπλάσθη,
1000 2017 1089 2070 καὶ
1131 2019 1201 2089 τῇ
1255 2010 1706 2088 ἐπαγγελλομένη
1736 2010 1996 2084 παρθενίᾳ

341 2108 606 2184 ἐπίψογος
635 2108 898 2184 γίνεσθαι,
941 2106 1004 2159 τὸ
1054 2103 1186 2158 ὅλον
1247 2103 1438 2176 ζημία.
1498 2102 1595 2156 Καὶ
1652 2101 1751 2169 τὴν
1808 2099 1994 2174 ψυχὴν

343 2195 690 2258 ἀπαιδεύτοις
749 2195 998 2260 ἐννοίαις,
1048 2193 1137 2248 καὶ
1193 2193 1255 2246 τὸ
1318 2195 1478 2264 σῶμα
1526 2191 1730 2252 ἀνὲτοις
1780 2191 2000 2264 σκιρτή-

347 2307 476 2361 μασι
531 2285 850 2363 φθείρουσαν
886 2285 1021 2356 (73),
1079 2279 1279 2354 πολλῷ
1309 2280 1662 2356 αἱρετώτερον
1691 2275 1846 2354 ἀνδρὶ
1876 2299 1998 2331 συν-

346 2377 621 2453 αφθεῖσαν,
673 2371 854 2446 τούτῳ
931 2372 1068 2448 πρὸς
1126 2371 1219 2425 τὸν
1281 2370 1398 2445 βίον
1452 2371 1821 2453 ἡνιοχεῖσθαι,
1880 2367 2002 2421 τότε

345 2452 610 2540 χρειῶδες
660 2461 736 2525 είς
791 2463 1044 2536 βοήθειαν
1087 2459 1224 2514 κατὰ
1263 2459 1355 2513 τὸν
1408 2457 1556 2512 οἶκον
1610 2452 1850 2530 ἀμοιϐὴν
1903 2463 2003 2526 τῆς

345 2551 676 2628 προστασίας
744 2550 892 2622 αὐτῷ
971 2551 1415 2615 ἀντεκτιννῦσαν,
1486 2545 1574 2600 καὶ
1656 2547 2004 2621 γηροκόμους

348 2639 546 2705 παῖδας
586 2639 661 2702 είς
687 2637 953 2714 διαδοχὴν
985 2642 1084 2693 τοῦ
1121 2636 1308 2713 γένους
1358 2634 1588 2711 ἀγαθοὺς
1636 2639 2001 2710 παριστῶσανσ

347 2731 435 2786 καὶ
469 2730 546 2785 ὶνὶ
587 2733 712 2804 γοῦν
758 2729 908 2804 μὲρει
954 2732 1073 2788 ταῖς
1101 2731 1198 2781 τοῦ
1255 2723 1450 2801 ἀνδρὸς
1513 2722 1894 2796 ζηλοτυπίαις,
1929 2725 2004 2786 ὡς

351 2821 465 2875 οἷόν
496 2841 575 2888 τε,
606 2824 684 2890 τῷ
742 2822 859 2889 Θεῷ
915 2815 1366 2892 παρθενεύουσαν,
1425 2815 1500 2876 ὡς
1534 2816 1562 2868 ὁ
1602 2820 1700 2883 τῆς
1743 2813 2004 2884 ἀληθείας

350 2910 512 2984 λόγος
539 2909 636 2972 τὰς
657 2912 774 2970 τοῖς
805 2911 1125 2974 στενωποῖς,
1157 2905 1248 2959 καὶ
1277 2909 1397 2967 ταῖς
1430 2903 1626 2965 οῗκίαις
1666 2902 2005 2964 ἀπαιδεύτως

346 2996 811 3066 ἑπιπολαζούσας,
881 2994 1007 3050 ούδὶ
1077 2995 1374 3070 παρθένους
1452 2992 1739 3070 γνωρίζει.
1821 2993 2007 3066 Ἀργαὶ

349 3090 455 3164 γὰρ
521 3087 848 3161 μανθάνουσι
879 3084 1303 3159 περιερχόμεναι
1346 3083 1439 3143 τὸς
1501 3081 1695 3151 οἲκίας,
1740 3082 1804 3135 οὐ
1842 3079 2005 3153 μόνον

352 3175 410 3232 δὶ
441 3174 622 3250 ἀργαὶ,
653 3172 799 3229 ἀλλὰ
826 3172 918 3227 καὶ
951 3169 1187 3246 φλύαροι
1235 3170 1326 3224 καὶ
1375 3169 1674 3245 περίεργοι,
1741 3165 2007 3224 λαλοῦσαι

355 3265 422 3319 τὰ
457 3265 532 3338 μὴ
566 3260 774 3318 δέοντα.

431 3357 525 3410 20.
558 3351 623 3406 Εἰ
657 3348 714 3405 δὲ
745 3351 925 3426 χήραν
978 3345 1170 3423 ἀνδρὸς
1211 3345 1320 3417 ἤδη
1371 3351 1559 3422 πεῖραν
1590 3341 1885 3415 λαϐοῦσαν,
1928 3346 2018 3400 καὶ

370 3440 679 3520 ὀφθαλμοῖς
711 3437 919 3514 ἀνδρῶν
953 3435 1170 3510 ὁμιλεῖν
1212 3437 1631 3511 γυμνασθεῖσαν,
1664 3435 1724 3490 ού
1758 3433 1839 3490 δεῖ
1867 3435 2016 3489 ἀναί-

370 3529 468 3602 δην
500 3532 615 3605 (74)
644 3528 733 3584 καὶ
784 3525 1036 3602 γλῶσσαν
1071 3526 1162 3580 καὶ
1212 3522 1385 3586 πόδας
1433 3525 1570 3599 πρὸς
1600 3523 1728 3587 τοὺς
1753 3524 2019 3600 τυχόντας

362 3625 558 3688 κινεῖν,
583 3617 677 3672 ’ίνα
729 3618 805 3690 μὴ
865 3617 980 3687 (75)
1027 3619 1147 3677 τοῖς
1203 3614 1630 3689 προειρημένοις
1680 3611 2016 3688 ἐγκλήμασιν

370 3706 640 3780 ὁποπὲσῃ·
675 3706 830 3777 πόσῳ
867 3701 1079 3778 μᾶλλον
1113 3700 1196 3758 δεῖ
1222 3703 1322 3772 τὴν
1353 3701 1641 3779 παρθένον,
1681 3703 1772 3757 τὸν
1801 3708 1900 3770 τῆς
1929 3700 2019 3755 αί-

367 3795 492 3858 δοῦς
533 3796 668 3868 πρὸς
714 3791 881 3867 ἄνδρα
932 3790 1208 3866 μηδέποτε
1254 3791 1740 3866 ἀπαμφιεσαμὲνην
1791 3795 2019 3868 χιτῶνα,

368 3886 570 3959 σεμνὴν
635 3884 730 3957 μὲν
787 3882 878 3936 καὶ
935 3881 1200 3957 παρθένοι
1258 3878 1543 3958 φυλάττειν
1592 3881 1692 3948 τὴν
1748 3881 2024 3955 γλῶσσαν,

371 3969 589 4050 ἀκριϐὲς
633 3972 690 4027 δὲ
744 3972 807 4026 τὸ
867 3971 1024 4046 βῆμα
1077 3968 1214 4045 πρὸς
1267 3969 1330 4023 τὸ
1383 3969 1676 4044 ἀναγκαῖον
1706 3976 1808 4039 τῆς
1838 3968 2025 4045 χρείας

370 4065 628 4139 προάγειν
660 4082 674 4132 ;
704 4065 916 4117 Ἐκεῖνα
942 4060 1041 4135 γὰρ
1077 4059 1238 4133 μόνον
1272 4061 1341 4132 τῇ
1381 4056 1632 4134 παρθένῳ
1664 4057 1879 4134 ῥητέον,
1930 4058 2028 4112 ὅσα

367 4173 426 4208 τε
457 4149 780 4216 ἀκουσθέντα
833 4149 926 4204 τὸν
957 4151 1082 4203 νοῦν
1115 4145 1391 4226 ὠφελήσει
1422 4150 1528 4202 τῶν
1576 4147 1906 4217 ἀκουόντων,
1939 4146 2030 4202 καὶ

374 4238 464 4297 διὰ
492 4248 591 4310 τῆς
613 4238 880 4314 εὐστόχου
910 4237 1047 4313 πρὸς
1078 4236 1248 4306 αὐτὴν
1295 4235 1656 4313 ἀποκρίσεως,
1715 4237 1850 4312 πρὸς
1902 4239 2030 4290 σύν-

375 4351 483 4385 εσιν
515 4334 624 4385 τῶν
658 4330 816 4383 θείων
851 4326 1018 4396 αὐτῆς
1045 4327 1147 4396 τὴν
1174 4327 1360 4402 ψυχὴν
1389 4324 1467 4381 ἔτι
1504 4323 1717 4399 μᾶλλον
1736 4327 2030 4400 κοσμήσει.

314 4404 330 4410 ⁵
375 4421 455 4478 Τὸ
486 4420 587 4497 γὰρ
621 4417 712 4474 διὰ
736 4421 835 4488 τῆς
862 4417 1122 4494 γλώσσης
1169 4417 1467 4495 φερόμενον
1518 4415 1617 4489 ἔξω
1668 4415 1879 4493 ῥεῖθρον
1933 4418 2034 4470 τοῦ

378 4508 572 4586 λόγου,
628 4515 731 4579 τῆς
788 4510 978 4577 πηγῆς
1040 4505 1158 4570 ὅθεν
1211 4505 1295 4583 ῥεῖ
1357 4505 1652 4582 μαρτύριον
1683 4504 1905 4581 γίνεται.
1939 4505 2036 4561 Ἐκ

2084 583 2132 638 ri
2167 602 2179 640 :
2213 585 2383 654 quasi
2415 585 2632 641 idcirco
2686 590 2922 661 nuptias
2973 592 3203 664 fugerit,
3237 611 3349 649 non
3402 601 3468 651 ut
3515 597 3742 652 meliori

2085 689 2305 744 sponso
2356 690 2589 744 semper
2619 676 2898 743 assideat,
2934 681 3035 736 sed
3087 685 3152 736 ut
3182 681 3497 740 licentiam
3529 685 3744 742 habeat

2086 761 2262 817 eundi
2297 777 2414 833 quo
2444 762 2602 818 velit.
2638 764 2762 820 Non
2796 768 2954 822 enim
2981 775 3046 824 ut
3075 775 3281 826 testem
3335 780 3437 828 aut
3485 775 3740 844 iudicem

2084 852 2215 906 vitae
2249 869 2364 907 non
2396 852 2657 922 haberet,
2682 871 2814 910 cum
2845 857 2967 912 viro
3007 861 3481 929 conjunctionem
3518 863 3739 931 vitavit,

2089 956 2278 1011 neque
2299 952 2364 995 ut
2393 943 2675 997 immunis
2699 945 2772 998 ab
2801 947 3170 1003 aemulatione
3195 952 3549 1021 quibuscum
3572 953 3746 1010 vellet

2089 1029 2469 1100 volutaretur,
2502 1033 2794 1088 neminem
2838 1034 3060 1092 habens
3090 1039 3190 1108 qui
3233 1039 3293 1094 in
3326 1041 3513 1113 ipsius
3545 1047 3741 1099 motus

2092 1117 2383 1189 inquirat;
2417 1119 2517 1173 sed
2552 1124 2614 1174 ut
2641 1122 2835 1177 carnis
2867 1123 3191 1195 voluptates
3232 1136 3290 1183 et
3340 1136 3542 1200 partus
3574 1131 3740 1187 dolo-

2094 1223 2186 1262 res
2227 1223 2293 1261 ac
2343 1207 2694 1264 laboriosam
2743 1216 2801 1266 et
2855 1213 3162 1270 molestam
3216 1235 3412 1274 rerum
3467 1221 3539 1275 ad
3591 1220 3744 1277 hanc

2091 1298 2270 1351 vitam
2323 1297 2741 1367 pertinentium
2791 1317 2994 1357 curam
3045 1303 3298 1376 fugiens,
3338 1309 3445 1363 sub
3495 1314 3643 1366 teste
3689 1315 3747 1366 et

2096 1384 2431 1441 samulatore
2471 1385 2698 1442 virtutis
2735 1394 2853 1444 Deo‘
2887 1408 3052 1447 suam
3101 1394 3288 1466 ipsius
3318 1399 3494 1453 vitam
3529 1400 3601 1454 ad
3631 1399 3746 1455 im-

2099 1472 2514 1530 mortalitatem
2573 1477 2869 1549 dirigeret.
2926 1483 3067 1538 Deus
3120 1487 3270 1539 enim
3321 1503 3471 1555 sum,
3534 1489 3749 1560 inquit,

2096 1564 2310 1619 zelator
2327 1563 2394 1633 7‘,
2425 1564 2622 1620 zelans
2653 1583 2788 1623 eum
2821 1569 2920 1639 qui
2953 1571 3237 1628 adulterio
3269 1591 3461 1631 meam
3494 1578 3554 1632 in
3584 1577 3751 1634 vobis

2099 1652 2594 1723 pulchritudinem
2632 1659 2974 1730 corrumpit.
3008 1659 3152 1716 Nam
3186 1663 3234 1718 si
3269 1666 3524 1736 projecto
3556 1667 3752 1723 mariti

2093 1744 2260 1814 jugo,
2293 1747 2350 1797 et
2379 1741 2505 1798 vitae
2555 1744 2784 1801 inutilis
2834 1747 3030 1803 futura
3060 1750 3156 1820 sit,
3187 1760 3426 1825 pr0ptcr
3455 1773 3631 1827 quam
3678 1756 3752 1812 ad

2023 1875 2071 1938 Β
2102 1830 2314 1885 domus
2363 1832 2689 1888 custodiam
2723 1835 2877 1890 636
2908 1842 2964 1892 et
3014 1837 3266 1896 filiorum
3313 1847 3755 1915 generationem

2103 1924 2299 1975 creata
2327 1924 2434 1990 est,
2469 1925 2525 1976 et
2553 1923 2902 1995 virginitati,
2930 1942 3106 1996 quam
3141 1932 3467 2000 profitetur,
3501 1934 3756 1990 dedecus

2104 2009 2325 2078 inurat,
2367 2009 2651 2066 damnum
2703 2013 2965 2084 undique
3012 2017 3250 2087 patitur.
3285 2022 3351 2074 Et
3399 2021 3448 2076 si
3496 2023 3756 2080 animam

2105 2097 2412 2154 dissolutis
2443 2097 2919 2172 cogitationibus,
2953 2107 3010 2158 et
3047 2120 3257 2176 corpus
3306 2107 3540 2165 lascivis
3587 2112 3760 2168 moti-

2106 2187 2219 2242 bus
2244 2186 2488 2258 polluat,
2512 2188 2697 2244 multo
2728 2192 3046 2262 optabilius
3079 2194 3244 2266 foret,
3270 2201 3334 2253 ut
3361 2199 3483 2253 viro
3513 2201 3762 2271 conjun-

2109 2281 2223 2346 cta,
2258 2281 2540 2332 rectorem
2559 2278 2690 2333 vites
2725 2278 2893 2335 illum
2926 2281 3185 2351 haberet,
3209 2286 3413 2342 utilem
3441 2289 3492 2343 ei
3523 2305 3762 2360 operam

2111 2367 2182 2422 ad
2235 2382 2326 2420 res
2374 2367 2726 2422 domesticas
2771 2369 3156 2443 adiuvandas,
3189 2380 3470 2447 tanquam
3523 2379 3762 2450 regimi-

2112 2457 2206 2511 nis
2238 2456 2567 2511 mercedem
2619 2459 2977 2531 persolvens,
3010 2477 3076 2515 ao
3118 2463 3392 2520 solatium
3442 2469 3765 2524 senectutis

2114 2546 2299 2600 bonos
2330 2545 2401 2600 ad
2434 2547 2866 2603 successionem
2915 2554 3148 2620 generis
3189 2570 3404 2624 pueros
3447 2556 3761 2626 exhibens;

2115 2651 2182 2690 ac
2215 2651 2333 2690 una
2380 2638 2588 2690 saltem
2634 2652 2701 2690 ex
2750 2643 2937 2708 parte,
2971 2641 3044 2694 ob
3093 2642 3289 2697 mariti
3337 2645 3764 2719 azmulationes,

2117 2728 2408 2796 quantum
2460 2723 2584 2779 fieri
2640 2731 2880 2794 potest,.
2906 2727 3192 2800 virginem
3246 2748 3308 2787 se
3361 2733 3476 2790 Deo
3529 2752 3768 2792 conser-

2113 2830 2292 2880 vans;
2351 2814 2851 2884 quemadmodum
2900 2819 3162 2874 veritatis
3223 2839 3416 2878 sermo
3469 2841 3586 2892 eas,
3639 2843 3766 2898 qua:

2117 2919 2221 2974 per
2265 2901 2423 2958 vicos
2453 2909 2511 2957 et
2541 2903 2747 2958 domos
2801 2904 3084 2962 dissolute
3113 2909 3378 2982 volitant,
3412 2929 3484 2968 ne
3513 2914 3770 2986 virgines

2119 2991 2358 3062 quidem
2389 2991 2676 3062 agnoscit.
2709 2995 2912 3050 Otiosae
2940 2997 3092 3050 enim
3136 2998 3352 3054 discunt
3398 3003 3639 3058 circuire
3665 3005 3768 3058 do-

2115 3095 2232 3134 mo:
2263 3099 2282 3134 :
2313 3095 2425 3135 non
2471 3081 2650 3134 solum
2696 3086 2885 3136 autem
2932 3086 3143 3152 otiosae,
3184 3088 3276 3142 sed
3321 3097 3373 3145 et
3416 3092 3683 3162 verbosas,
3716 3101 3771 3148 et

2116 3171 2373 3239 curiosae,
2404 3169 2676 3240 loquentes
2706 3187 2824 3241 quae
2853 3188 2962 3228 non
2989 3179 3196 3246 oportet
3217 3178 3280 3232 ⁷⁵.

2196 3347 2287 3401 20.
2320 3347 2482 3413 Quod
2521 3347 2569 3402 si
2610 3349 2804 3419 vidua,
2837 3366 2963 3422 quas
2994 3353 3184 3410 virum
3217 3363 3453 3430 experta
3481 3365 3590 3428 est,
3623 3367 3682 3418 et
3710 3363 3772 3420 in

2129 3434 2313 3490 oculis
2370 3435 2625 3492 virorum
2673 3440 2890 3494 versari
2943 3449 3199 3512 assueta,
3233 3463 3348 3502 non
3405 3449 3578 3506 debet
3630 3453 3777 3508 citra

2129 3524 2411 3596 pudorem
2444 3529 2501 3580 et
2529 3525 2792 3599 linguam
2823 3533 2880 3584 et
2922 3531 3099 3602 pedes
3139 3534 3210 3588 ad
3240 3552 3623 3610 quoscunque
3654 3557 3777 3596 ωο-

2129 3628 2278 3680 vere,
2315 3629 2386 3668 ne
2415 3613 2508 3682 iis,
2535 3631 2660 3686 quae
2690 3617 2970 3686 diximus,
2994 3620 3502 3683 criminationibus
3531 3629 3781 3685 obnoxia

2129 3702 2261 3768 fiat;
2294 3707 2514 3773 quanto
2544 3705 2730 3776 magis
2776 3711 3005 3778 oportet
3036 3715 3100 3764 ut
3128 3712 3310 3784 virgo,
3335 3730 3462 3786 quas
3500 3733 3780 3774 verecun-

2131 3791 2240 3846 dite
2269 3807 2409 3864 erga
2435 3793 2627 3849 virum
2661 3811 2961 3868 nunquam
2995 3801 3154 3855 exuit
3188 3805 3469 3871 tunicam,
3503 3809 3779 3879 pudicam

2133 3897 2200 3936 ac
2221 3880 2505 3952 virginem
2529 3885 2822 3941 custodiat
2842 3886 3124 3960 linguam,
3149 3898 3430 3965 cauteque
3449 3913 3688 3968 gressus
3711 3898 3782 3952 ad

2135 3971 2498 4028 necessarios
2529 3990 2676 4030 usus
2716 3977 2983 4032 moveat?
3014 3979 3094 4034 Ea
3139 3985 3296 4038 enim
3343 3988 3575 4041 tantum
3609 4003 3641 4042 a
3670 3987 3787 4041 vir-

2137 4059 2272 4131 gine
2302 4060 2570 4127 dicenda,
2595 4080 2962 4137 quaecunque
2983 4069 3185 4124 audita
3215 4077 3470 4128 mentem
3497 4076 3792 4146 juvabunt

2142 4149 2532 4219 audientium,
2565 4157 2624 4207 et
2652 4158 2848 4225 aptam
2881 4155 2966 4210 illi
3001 4160 3441 4230 responsionem
3472 4163 3790 4232 elicientia,

2143 4237 2332 4309 ipsius
2362 4240 2620 4296 animam
2650 4244 2719 4296 ad
2753 4261 2947 4299 rerum
2977 4247 3306 4306 divinarum
3339 4251 3790 4325 intelligentiam

2143 4326 2332 4382 adhuc
2358 4331 2544 4402 magis
2566 4331 3028 4399 excolent.0uod
3053 4337 3207 4392 enim
3233 4356 3335 4410 per
3354 4341 3616 4413 linguam
3641 4343 3792 4399 foras

2143 4416 2383 4471 effertur
2439 4420 2730 4475 sermonis
2785 4422 3094 4493 ﬂuentum,
3136 4428 3314 4483 fontis
3362 4446 3432 4486 ex
3478 4449 3593 4503 quo
3641 4433 3792 4502 ﬂuit,

2145 4505 2210 4559 ﬁt
2239 4507 2430 4561 testis.
2464 4510 2556 4562 Ex
2585 4510 2742 4565 corde
2771 4514 2920 4566 enim
2965 4525 3168 4570 exeunt
3210 4519 3570 4590 cogitationes
3599 4522 3795 4590 malae,

377 4600 482 4676 γὰρ
546 4605 646 4670 τῆς
706 4594 930 4674 καρδίας
990 4595 1302 4671 ἐξέρχονται
1361 4591 1715 4670 διαλογισμοὶ
1775 4592 2006 4669 πονηροῖ

2147 4593 2469 4663 homicidia,
2500 4595 2775 4654 adulteria
2795 4598 2859 4670 ⁷³,
2892 4605 2950 4656 et
2997 4608 3239 4662 cetera:
3285 4623 3356 4664 ex
3404 4609 3622 4682 quibus
3675 4611 3798 4666 fru-

382 4689 558 4766 φόνοι,
621 4692 891 4763 μοιχεῖαι,
950 4685 1042 4740 καὶ
1097 4685 1166 4739 τὰ
1221 4685 1365 4755 ἑξῆς·
1421 4683 1523 4772 ἀφ’,
1567 4683 1640 4737 ὧν
1697 4687 1920 4772 καρπῶν
1974 4702 2004 4736 τ

2147 4683 2340 4739 ctibus
2397 4685 2572 4740 arbor
2619 4689 3016 4759 cognoscitur.
3061 4693 3130 4749 Et
3179 4711 3306 4768 quas
3337 4715 3470 4755 vere
3500 4700 3660 4772 virgo
3690 4704 3801 4768 est,

383 4772 602 4850 δένδρον
660 4776 982 4851 γινώσκεται
1032 4775 1167 4847 (76).
1231 4774 1330 4828 Καὶ
1383 4774 1418 4842 ἡ
1479 4771 1700 4842 ἀληθῶς
1749 4771 2034 4847 παρθένος,

385 4862 568 4940 ὥσπερ
631 4863 736 4918 ἀπὸ
807 4867 1046 4936 καθαρᾶς
1104 4868 1288 4939 πηγῆς
1338 4869 1439 4932 τῆς
1497 4859 1873 4936 καθαρότητος
1927 4863 2034 4914 τῶν

386 4954 555 5026 ἠθῶν,
615 4951 894 5017 ἀθόλωτον
927 4952 1139 5007 πάντων
1175 4952 1543 5026 μολυσμάτων
1579 4948 1663 5005 δεῖ
1708 4953 2036 5024 προχεῖσθαι

463 5147 509 5184 ⁷⁴
541 5154 703 5205 Deut.
734 5166 791 5218 v,
823 5149 878 5204 9.
954 5145 1000 5183 ⁷⁸
1034 5148 1054 5204 Ι
1082 5144 1238 5202 Tim.
1269 5163 1324 5214 v,
1355 5147 1442 5203 13.
1519 5145 1564 5182 ⁷⁸
1591 5145 1795 5203 Matth.
1827 5159 1921 5215 xv,
1957 5145 2043 5202 19.

462 5349 578 5416 (71)
608 5347 724 5402 Ἐπ’
755 5342 1014 5420 ἔξουσίας.
1049 5347 1146 5420 Sic
1172 5345 1436 5420 plerique
1468 5366 1609 5407 mss.
1645 5353 1702 5406 et
1729 5349 1906 5407 editio
1939 5350 2051 5408 Ve-

395 5428 550 5476 neta.
586 5417 955 5490 Parisiensis,
986 5417 1069 5473 ἐπ’
1105 5417 1336 5490 ἐξουσίᾳ.

465 5492 578 5567 (72)
625 5491 857 5567 Σαρκός.
906 5497 1075 5567 pnus
1130 5493 1332 5567 codex,
1391 5496 1624 5567 σαρκῶν.
1679 5493 1861 5550 Paulo
1920 5497 2054 5566 post

397 5562 572 5628 alius,
606 5562 832 5633 ζηλωτῇ
862 5563 962 5632 τῆς
993 5562 1209 5633 ἀρετῆς.

466 5637 578 5721 (⁷.3)
608 5633 968 5723 Etyma“?-

395 5707 577 5782 Regii.
608 5707 785 5784 Editi,
817 5707 1128 5789 φθείρουσα.

1053 5636 1107 5692 ie
1163 5634 1536 5695 Colbertinus
1590 5638 1770 5695 codex
1825 5639 1884 5693 et
1936 5636 2051 5692 duo
2161 5637 2388 5707 σμὲνην.

2147 4787 2217 4828 ex
2249 4790 2479 4830 morum
2511 4774 2848 4849 integritate
2877 4779 3035 4837 velut
3083 4800 3152 4839 ex
3200 4803 3344 4858 puro
3375 4788 3556 4860 fonte,
3588 4806 3802 4861 purum

2148 4862 2221 4920 ab
2253 4863 2414 4918 omni
2448 4863 2894 4935 inquinamento
2925 4871 3096 4928 debet
3127 4890 3302 4930 suum
3334 4875 3543 4932 leniter
3567 4877 3806 4950 profun-

2148 4951 2284 5008 dere
2314 4968 2671 5026 sermonem,
2694 4956 2796 5027 qui
2828 4975 2944 5016 non
2977 4961 3150 5018 modo
3171 4964 3580 5036 cogitationem
3613 4981 3805 5040 neque

2233 5347 2656 5432 (74)'A_v01_l78.nv_.
2690 5352 2782 5432 sic
2828 5354 2942 5414 duo
2990 5357 3220 5421 codices
3270 5363 3580 5429 Combefis.
3613 5379 3672 5431 et
3716 5377 3816 5432 alii

2160 5421 2379 5494 plures.
2415 5426 2494 5480 Ed
2507 5427 2566 5481 lti
2579 5421 2598 5490 ,Ἴ
2627 5424 2817 5496 ἀναιδῆ
2830 5471 2840 5483 .

2231 5496 2343 5580 (γᾷ)
2392 5497 2516 5580 M71.
2555 5497 2810 5580 Ne_gati_0_
2853 5499 3052 5558 addita
3107 5522 3202 5580 ex”
3237 5508 3505 5580 pluribus
3558 5533 3702 5576 mss.
3760 5523 3817 5577 et

2162 5565 2419 5666 ediltione
2468 5565 2707 5625 Venet'a.
2754 5571 2886 5627 Mox
2938 5577 3208 5634 nonnulli
3237 5565 3505 5658 ‘codicews',
3533 5565 3816 5666 ιῖἦεῑφιξζ

2232 5707 2350 5784 (76)
2379 5709 2725 5769 Γινώσκεται.
2757 5715 3017 5781 Quatuor
3049 5735 3222 5795 mss.,
3253 5727 3600 5805 γνωρίζεται.
3650 5731 3658 5739 ’
