4124 6378
331 369 444 434 7H

1279 361 1673 432 APPENDIX
1723 365 2048 433 OPERUM
2094 371 2160 432 S.
2207 367 2483 433 BASlLIl
2529 370 2804 434 MAGNI.

3635 373 3754 434 712

334 507 406 563 ad
437 501 706 562 fallacem
739 505 1116 578 voluptatem,
1152 518 1341 574 neque
1372 503 1441 558 ad
1476 501 1681 574 ullam,
1714 520 1833 558 rem
1869 519 1993 574 per-

2113 504 2277 572 ιύτῆς
2331 503 2513 579 ἡμέρα
2539 505 2632 558 τὸν
2664 503 2855 578 λόγον·
2922 504 2998 576 μὴ
3036 501 3198 575 μόνον
3244 500 3409 574 μηδὲν
3462 498 3764 568 ἐπιϐλαϐές

337 596 621 652 niciosam
654 595 935 666 impellat,
960 594 1060 648 sed
1086 610 1210 648 eam
1247 593 1418 646 etiam
1445 610 1476 647 a
1501 592 1803 647 rationalis
1838 609 1996 646 men-

336 685 409 740 tis
443 684 950 740 animadversione
987 698 1226 737 vacuam
1276 686 1333 736 et
1386 682 1634 736 otiosam
1685 697 1990 751 nunquam

331 774 624 830 exhibeat.
669 772 946 842 Quisquis
997 771 1152 826 enim
1187 787 1254 824 ex
1283 769 1531 842 virginis
1584 770 1741 824 fonte
1799 785 1992 826 sermo

330 861 708 934 incorruptus
763 859 1055 929 hauritur,
1097 876 1184 926 eo,
1230 864 1295 914 ut
1349 857 1702 929 integritatis
1761 858 1990 930 poculo,

333 958 589 1008 mentem
620 949 895 1006 exsatiari
947 953 1193 1019 oportet,
1228 947 1450 1002 similia
1494 947 1821 1002 verecunde
1850 947 1926 1012 ei,
1959 963 1994 1000 a

333 1057 450 1114 qua
485 1039 834 1096 beneﬁcium
867 1037 1110 1108 accepit,
1135 1036 1393 1092 vicissim
1427 1036 1861 1108 propinantem.
1887 1036 1991 1090 Ta-

329 1128 445 1183 lem
479 1145 540 1183 se
574 1127 854 1200 praebebit
883 1126 1059 1196 virgo,
1085 1125 1224 1179 dum
1257 1123 1556 1194 loquetur,
1579 1125 1627 1178 si
1660 1128 1853 1179 tamen
1887 1122 1988 1178 ali-

332 1219 570 1288 quando
601 1215 761 1287 loqui
792 1218 1074 1286 oporteat.
1107 1214 1390 1268 Accurate
1421 1213 1576 1267 enim
1609 1214 1986 1268 consideran-

331 1307 472 1361 dum
507 1305 578 1360 ad
609 1321 785 1375 quem
835 1309 893 1358 et
940 1302 1235 1373 quomodo
1275 1306 1332 1357 et
1379 1303 1614 1372 quando
1647 1318 1776 1357 eam
1825 1301 1988 1372 loqui

328 1396 606 1450 decorum
637 1394 920 1448 videatur.
947 1391 1092 1446 Nam
1129 1407 1233 1446 nec
1260 1390 1387 1445 sine
1418 1391 1759 1460 discrimine
1789 1408 1987 1447 coram

329 1484 693 1556 quibuslibet
722 1484 892 1538 debet
927 1481 1170 1536 interire
1198 1481 1444 1552 virginis
1476 1497 1690 1551 sermo,
1726 1499 1829 1537 nec
1859 1500 1987 1538 rur-

330 1591 434 1632 sus
465 1590 662 1629 coram
694 1573 766 1627 iis
797 1570 896 1642 qui
929 1570 1294 1625 veneratione
1324 1569 1488 1641 digni
1521 1575 1680 1637 sunt,
1709 1572 1990 1627 audacter

332 1663 572 1729 nudari;
609 1679 733 1728 nec,
767 1660 816 1716 si
866 1664 1062 1715 careat
1101 1657 1375 1723 utilitate,
1409 1676 1522 1713 non
1568 1659 1840 1714 decenter
1869 1661 1987 1714 vir-

332 1751 489 1825 ginis
518 1767 778 1823 personas
811 1748 1124 1821 profundi;
1161 1763 1349 1818 neque
1391 1747 1596 1814 etiam,
1627 1747 1676 1802 si
1719 1747 1887 1803 illum
1920 1763 1989 1802 ex

331 1857 429 1897 ore
452 1841 711 1912 virgineo
736 1838 960 1895 utilitas
983 1835 1314 1892 necessario
1337 1835 1550 1908 eliciat,
1574 1837 1988 1893 ostentationis

331 1948 511 1987 causa
527 1934 688 1986 extra
710 1929 954 1984 modum
976 1926 1233 1982 efﬂuere.
1257 1926 1368 1981 Sed
1401 1926 1614 1996 ubique
1641 1932 1699 1982 et
1729 1943 1989 1998 personas

331 2027 388 2077 et
418 2020 697 2076 utilitatis
726 2023 785 2073 et
812 2018 1096 2088 temporis
1136 2016 1408 2071 habenda
1447 2016 1614 2085 ratio,
1647 2019 1730 2071 ita
1760 2023 1824 2070 ut
1855 2033 1990 2071 cum

335 2111 481 2166 687
519 2109 842 2164 necessitas
863 2112 1030 2178 coget
1061 2104 1241 2178 lequi,
1265 2104 1449 2159 multo
1481 2106 1780 2176 pauciora,
1813 2121 1991 2177 quam

335 2200 553 2263 audiet,
574 2198 870 2269 loquatur.
889 2195 1187 2266 Siquidem
1211 2199 1267 2249 et
1297 2199 1510 2249 natura
1532 2193 1843 2250 utilitatem
1877 2211 1996 2251 ser-

337 2289 530 2344 monis
562 2305 694 2342 cum
719 2287 922 2340 auditu
954 2301 1120 2355 equa
1150 2283 1523 2356 preportione
1551 2283 1822 2352 metiens,
1845 2285 1995 2340 duas

337 2378 576 2451 quidem
622 2393 814 2437 aures.
850 2392 1027 2429 unam
1080 2379 1272 2428 autem
1325 2373 1587 2445 linguam
1636 2375 1897 2445 efﬂuxit;
1929 2392 1995 2431 eo

339 2468 494 2540 quod
529 2470 794 2538 oporteat
834 2461 1082 2534 duplum
1118 2463 1186 2516 ad
1220 2461 1592 2531 disciplinam
1644 2463 1868 2532 audire,
1901 2465 1994 2518 di-

340 2556 520 2612 midio
577 2560 770 2610 autem
820 2553 889 2608 ad
946 2551 1430 2622 interrogationes
1483 2553 1806 2608 breviorem
1863 2571 1994 2625 pro-

341 2646 489 2708 ferre
521 2659 873 2700 sermonem.
908 2641 1111 2711 Itaque
1142 2641 1319 2696 etiam
1347 2657 1415 2695 ex
1448 2646 1668 2697 naturae
1702 2642 1997 2711 instituto,

341 2735 700 2808 quibuscum
735 2731 1080 2802 tempestive
1123 2729 1384 2800 loquitur
1414 2730 1592 2801 virgo,
1626 2732 1759 2801 plus
1809 2731 1996 2786 multo

343 2823 544 2880 audiet
575 2837 754 2892 quam
786 2819 1091 2890 loquetur:
1125 2820 1437 2888 omnisque
1466 2821 1595 2888 ejus
1625 2835 1817 2874 sermo
1848 2818 1996 2872 nihil

347 2912 457 2968 nisi
491 2911 629 2967 utile
663 2909 1040 2964 audientibus
1073 2907 1286 2972 ferens,
1309 2923 1338 2962 ε
1370 2907 1542 2962 labiis
1571 2908 1995 2979 progrediatur,

343 3007 449 3057 aut
490 3017 592 3074 per
642 2996 1155 3070 interrogationem
1214 2996 1396 3052 menti
1426 2996 1752 3051 doctrinam
1801 2996 1997 3052 conci-

342 3091 516 3159 lians,
550 3107 620 3146 ex
649 3106 747 3144 ore
778 3087 1042 3143 modeste
1087 3085 1358 3158 prodibit.
1389 3083 1547 3140 Alias
1589 3090 1784 3142 autem
1817 3086 1872 3140 in
1905 3103 1996 3141 ar-

340 3197 486 3236 cano
535 3178 771 3245 tacebit,
805 3176 989 3231 multo
1039 3175 1228 3247 magis
1261 3191 1435 3244 quam
1488 3173 1585 3229 alii
1634 3175 1796 3230 omni
1845 3179 1998 3230 tem-

2104 592 2192 645 καὶ
2226 590 2448 664 δολερὸν
2623 594 2758 665 πρὸς
2797 591 3002 661 ἡδονήν
3038 591 3271 666 φέροντα
3298 594 3359 646 τὸ
3389 592 3597 665 νόημα,
3629 592 3762 648 ἀλλ’

2103 679 2229 735 οὐδὲ
2261 677 2422 758 ἀργόν
2455 703 2587 737 ποτε
2617 682 2723 736 ἀπὸ
2773 682 3003 757 λογικῆς
3035 686 3221 756 ψυχῆς
3269 686 3432 736 τοῦτο
3484 685 3596 755 (78)
3644 680 3756 737 δει-

2101 771 2316 830 κνύντα.
2350 771 2529 828 Πάντα
2556 773 2656 848 γὰρ
2711 772 2802 826 τὸν
2862 772 2969 827 ἀπὸ
3025 771 3293 849 παρθένου
3345 779 3533 846 πηγῆς
3586 767 3754 847 λόγον

2101 859 2335 938 ἄφθορον
2398 862 2739 938 ἀρυόμενον,
2797 862 3037 938 καθάπερ
3113 861 3413 938 ἀφθαρσίας
3470 863 3748 934 πόματος,

2101 948 2184 1005 δεῖ
2206 951 2297 1005 τὸν
2327 957 2454 1005 νοῦν
2487 951 2861 1030 ἐμφορεῖσθαι,
2917 957 3034 1014 τοῖς
3092 951 3307 1024 ὁμοίοις
3341 952 3456 1024 μετ’
3489 949 3675 1014 αἶ’δοῦς
3705 951 3756 1022 ἐξ

2101 1035 2341 1112 ἀμοιϐῆς
2369 1043 2467 1109 τήν
2501 1041 2765 1116 εὐεργέτιν
2821 1044 2933 1114 (79)
2988 1040 3462 1116 ἀντιπροπίνοντα.
3513 1042 3748 1113 Τοιαύτη

2103 1129 2196 1200 μὲν
2255 1124 2403 1184 ἔσται
2434 1133 2468 1201 ή
2532 1131 2796 1206 παρθένος
2867 1129 3132 1196 λαλοῦσαι,
3184 1126 3366 1183 εἴποτε
3413 1129 3503 1184 καὶ
3564 1127 3754 1185 λαλεῖν

2101 1219 2414 1292 ἀναγκαῖον.
2446 1215 2809 1295 Ἀκριϐωτέον
2868 1219 2972 1294 γὰρ
3017 1219 3107 1273 καὶ
3155 1218 3282 1287 τίνι,
3336 1218 3424 1272 καὶ
3473 1224 3609 1287 πῶς,
3661 1221 3750 1274 καὶ

2097 1329 2230 1362 ποτε
2257 1309 2458 1378 ταύτην
2500 1306 2688 1363 λαλεῖν
2747 1308 2952 1384 πρέπον
3012 1309 3222 1383 ὁρᾷται.
3283 1306 3355 1362 Οὐ
3409 1309 3508 1382 γὰρ
3560 1308 3751 1370 ἁπλῶς

2096 1397 2234 1472 πρὸς
2291 1396 2416 1459 τοὺς
2470 1397 2738 1473 τυχόντας
2766 1399 2879 1470 (80)
2913 1395 2996 1451 δεῖ
3026 1396 3333 1472 φθείρεσθαι
3358 1398 3455 1465 τῆς
3485 1396 3748 1468 παρθένου

2095 1487 2187 1542 τὸν
2248 1485 2438 1562 λόγον,
2499 1485 2627 1542 οὐδὲ
2678 1487 2815 1563 πρὸς
2842 1486 2971 1549 τοὺς
3005 1483 3190 1549 αἰδοῦς
3221 1485 3402 1556 ἀξίους
3431 1483 3593 1539 πάλιν
3623 1487 3748 1560 θρα-

2099 1577 2232 1638 σέως
2290 1577 2758 1651 ἀπογυμνοῦσθαι·
2823 1573 2951 1630 οὐδὲ
2997 1576 3059 1630 τὸ
3091 1573 3358 1650 χρειῶδες
3406 1575 3506 1630 οὐκ
3554 1571 3752 1648 ἔχοντα

2097 1665 2243 1739 παρὰ
2269 1665 2332 1720 τὸ
2392 1660 2691 1720 ἐπιϐάλλον
2717 1667 2834 1738 ¹(81)
2890 1669 2971 1736 τῷ
3027 1665 3310 1740 προσώπῳ
3339 1670 3440 1733 τῆς
3479 1663 3747 1739 παρθένου

2098 1759 2450 1830 προχεῖσθαι·
2488 1752 2614 1808 οὐδὲ
2667 1761 2764 1823 τῆς
2828 1753 3023 1829 χρείας
3074 1756 3268 1808 τοῦτον
3307 1752 3367 1807 ἐκ
3433 1753 3759 1826 παρθενικοῦ

2018 1877 2067 1942 Β
2101 1843 2369 1916 στόματος
2409 1843 2716 1919 ἀναγκαίως
2764 1841 3062 1914 καλούσης,
3113 1840 3204 1898 διὰ
3254 1846 3354 1908 τῆς
3404 1840 3755 1916 έμπεσούσης

2098 1934 2235 2008 πρὸς
2293 1934 2392 2001 τὴν
2443 1931 2634 2009 χρείαν
2683 1933 2962 2010 ἀφορμῆς,
3021 1931 3444 2008 φιλοτιμότερον
3481 1927 3756 2007 ὑπερϐλυ-

2102 2027 2231 2091 ζειν.
2294 2019 2468 2077 ’Δλλὰ
2523 2027 2807 2097 πανταχοῦ
2858 2021 2948 2076 καὶ
3004 2025 3101 2075 τοῦ
3166 2021 3467 2097 προσώπου
3515 2021 3606 2074 καὶ
3655 2027 3756 2088 τῆς

2101 2112 2290 2188 χρείας
2347 2113 2435 2166 καὶ
2489 2117 2588 2167 τοῦ
2642 2117 2834 2187 καιροῦ
2865 2112 3219 2186 στοχαστέον,
3251 2112 3375 2166 ὅταν
3408 2111 3683 2185 ἀναγκάσῃ
3717 2112 3753 2180 ἡ

2101 2201 2259 2276 χρεία
2316 2199 2528 2273 λαλεῖν,
2559 2199 2759 2273 πολλῷ
2787 2200 3047 2256 ἐλάττονα
3104 2199 3177 2254 ὧν
3219 2199 3392 2255 έκούει
3455 2199 3754 2256 λαλοῦσαν.

2103 2291 2252 2348 Ἐπεὶ
2311 2290 2399 2345 καὶ
2431 2294 2466 2361 ἡ
2492 2293 2647 2367 φύσις
2679 2291 2742 2344 τὸ
2771 2288 3037 2367 χρειῶδες
3083 2294 3178 2346 τοῦ
3211 2288 3379 2366 λόγου
3413 2291 3551 2364 πρὸς
3583 2291 3752 2359 ἀκοὴν

2105 2378 2173 2435 δι’
2206 2380 2502 2454 ἀναλογίιος
2565 2384 2854 2454 μετροῦσα,
2889 2377 2984 2434 δύο
3019 2380 3112 2452 μὲν
3146 2381 3280 2447 ὦτα,
3312 2378 3434 2452 μίαν
3471 2375 3528 2432 δὲ
3573 2378 3756 2453 γλῶσ-

2106 2491 2198 2525 σαν
2228 2472 2363 2543 ἡμῖν
2409 2467 2767 2546 έξειργάσατο’
2821 2470 2896 2532 ὡς
2939 2466 3079 2537 δέον,
3123 2466 3447 2524 διπλασίονα
3489 2468 3568 2529 εἰς
3625 2488 3756 2521 παι-

2107 2556 2249 2614 δείαν
2299 2557 2537 2631 ἀκούειν,
2595 2555 2849 2631 ἡμιολίῳ
2898 2555 2955 2612 δὶ
2997 2559 3134 2634 πρὸς
3161 2558 3227 2612 τὰ
3253 2557 3580 2631 ἐρωτήματα
3634 2576 3758 2610 συν-

2107 2646 2438 2720 εσταλμένον
2490 2647 2743 2722 προάγειν
2774 2648 2866 2701 τὸν
2924 2647 3108 2723 λόγον.
3169 2654 3327 2701 Ὥστε
3355 2647 3447 2700 καὶ
3491 2647 3626 2700 κατὰ
3658 2643 3756 2721 φύ-

2107 2757 2187 2789 σιν
2217 2738 2330 2807 (82)
2382 2735 2518 2810 πρὸς
2573 2735 2664 2796 οὕς
2696 2733 2957 2808 εὐκαίρως
2991 2733 3211 2803 λαλεῖὴ
3241 2733 3529 2809 παρθένος,
3561 2733 3756 2788 πλεῖον

2105 2822 2387 2878 ἀκούσεται
2419 2820 2616 2893 πολλῷ
2675 2820 2888 2894 μᾶλλον
2939 2823 2974 2891 ἢ
3009 2820 3262 2892 λαλήσει·
3305 2823 3394 2875 καὶ
3447 2828 3553 2882 π’ἆς
3587 2821 3754 2894 λόγος

2104 2911 2272 2981 αὐτῆς
2302 2907 2458 2964 οὐδὲν
2518 2904 2698 2984 ἕτερον
2727 2912 2762 2979 ἡ
2796 2909 3062 2987 ὠφέλειαν
3106 2915 3222 2971 τοῖς
3277 2908 3539 2963 ἀκούολσι
3573 2908 3751 2983 φέρων

2102 3005 2211 3056 τῶν
2245 2998 2476 3075 χειλέων
2529 2997 2939 3075 προελεύσεται,
2988 2997 3025 3068 ἢ
3065 2995 3134 3052 δι’
3165 2997 3520 3072 ἐρωτήματος
3549 3001 3631 3068 τῷ
3679 2999 3754 3066 νῷ

2105 3087 2352 3145 παιδείαν
2431 3089 2913 3163 ἐμπορευόμενος,
2972 3092 3069 3142 τοῦ
3126 3088 3394 3158 στόματος
3449 3083 3758 3159 έγκοσμίως

2107 3173 2464 3249 προϐήσεται.
2494 3177 2576 3234 Τὰ
2624 3174 2668 3230 δ’
2702 3173 2847 3230 ἄλλα
2895 3176 3043 3237 ἐντὸς
3075 3179 3266 3250 μυχῶν
3299 3176 3592 3250 ἠρεμήσει,
3623 3170 3759 3226 πολ-

340 3286 480 3342 pore
530 3284 750 3322 orans:
786 3268 952 3334 Pone,
1005 3266 1249 3330 Domine,
1300 3263 1604 3319 custodiam
1651 3266 1743 3319 ori
1787 3281 1904 3320 meo
1947 3271 1998 3320 ει

2113 3267 2196 3340 λῷ
2253 3244 2419 3323 ⁴πλέον
2472 3271 2580 3321 τῶν
2630 3263 2816 3319 ἄλλων
2875 3244 3192 3326 διαπαντὸς⁷
3229 3244 3502 3339 εὐχομένη
3534 3283 3547 3295 υ
3605 3263 3763 3329 Θεοῦ,

341 3358 543 3412 ostium
571 3355 997 3409 circumstantia:
1031 3352 1196 3406 tab-iis
1234 3353 1370 3406 meis
1389 3352 1452 3406 ⁷⁷.
1486 3353 1555 3406 Et
1579 3351 1662 3406 sic
1708 3369 1774 3407 os
1818 3369 1995 3408 suum

344 3460 473 3501 cum
510 3443 779 3515 precibus
809 3442 1189 3498 communiet.
1220 3441 1344 3496 Non
1376 3441 1576 3496 minus
1609 3443 1900 3511 auditum,
1925 3457 1998 3498 ne

341 3534 482 3606 quid
514 3532 876 3589 extrinsecus
899 3532 972 3586 ad
994 3546 1128 3584 eum
1162 3529 1371 3584 influat
1394 3531 1557 3596 mali,
1585 3531 1845 3587 excubiis
1875 3547 1998 3586 ser-

340 3622 518 3678 vabit.
543 3625 792 3676 Mentem
813 3621 991 3675 etiam
1013 3619 1165 3676 ostio
1191 3619 1475 3686 obstruet,
1505 3619 1843 3690 quiescente
1875 3625 1999 3674 tum

341 3713 569 3780 auditu,
600 3715 726 3764 tum
759 3708 962 3780 lingua
1005 3723 1237 3778 semper
1266 3707 1583 3762 Dominum
1633 3708 1949 3764 obsecrans
1984 3725 1997 3764 :

340 3803 462 3858 Non
485 3802 723 3858 declines
753 3816 846 3855 cor
866 3815 1051 3853 meum
1081 3799 1140 3853 in
1171 3800 1337 3853 verba
1366 3798 1616 3854 malitiae.
1634 3797 1704 3852 ad
1735 3813 2000 3854 excusan-

339 3892 435 3948 das
466 3891 849 3946 excusationes
880 3891 943 3944 in
970 3888 1203 3959 peccatis
1228 3887 1292 3943 ⁷⁸.

409 4072 502 4126 21.
535 4067 690 4124 Illud
722 4071 916 4124 autem
950 4065 1042 4121 his
1065 4082 1191 4137 quae
1214 4063 1473 4120 diximus
1502 4064 1685 4122 multo
1710 4065 2003 4139 vitupera-

342 4161 543 4231 bilius,
577 4164 634 4215 et
664 4175 696 4213 a
719 4157 981 4229 virgineo
1024 4170 1183 4210 more
1228 4155 1511 4225 alienum,
1545 4160 1611 4210 ut
1660 4173 1776 4212 non
1808 4157 2003 4213 solum

342 4269 445 4326 per
475 4252 681 4306 domos
721 4249 882 4318 virgo
914 4245 1133 4310 volitet,
1171 4245 1272 4299 sed
1315 4244 1495 4298 etiam
1532 4246 1872 4315 nuptiarum
1907 4247 2007 4302 flat

344 4341 629 4414 pronuba.
658 4334 1014 4393 Honorabiles
1061 4333 1283 4403 quidem
1331 4333 1546 4403 nuptias
1575 4333 1630 4387 in
1664 4335 1918 4390 omnibus
1939 4337 2004 4403 το,

345 4430 445 4485 sed
469 4427 624 4494 aliis,
643 4443 760 4482 non
781 4423 998 4495 virgini
1023 4421 1395 4478 conveniunt.
1421 4420 1536 4475 Nec
1557 4421 1722 4476 decet
1740 4427 1803 4477 ut
1824 4440 1857 4478 a
1880 4441 2006 4496 pro-

346 4517 475 4590 pria
504 4515 717 4571 semita
746 4512 1045 4578 recedens,
1080 4510 1139 4566 in
1163 4510 1352 4566 triviis
1383 4509 1581 4566 saeculi
1612 4528 1748 4567 cum
1779 4512 2007 4585 reliqua

2111 3357 2298 3435 Κύριε,
2366 3353 2613 3434 φυλακὴν
2671 3359 2752 3426 τῷ
2810 3354 3040 3427 στόματί
3102 3375 3226 3427 μου,
3288 3352 3378 3407 καὶ
3441 3351 3608 3425 θύραν
3667 3369 3767 3403 πε-

2113 3454 2313 3523 ριοχῆς
2357 3445 2481 3520 περὶ
2538 3445 2604 3497 τὰ
2662 3441 2826 3518 χείλη
2893 3464 3020 3516 μου.
3058 3443 3165 3499 Καὶ
3198 3443 3340 3497 οὕτω
3371 3443 3466 3514 μὲν
3495 3440 3558 3493 τὸ
3586 3439 3765 3512 στόμα

2111 3537 2304 3604 έαυτῆς
2363 3536 2476 3606 μετ’
2536 3533 2716 3607 εὐχῶν
2747 3530 3118 3608 ἀσφαλίσεται.
3154 3531 3271 3604 οὐκ
3302 3528 3523 3584 ἔλανττν
3575 3525 3632 3581 δὲ
3660 3529 3766 3597 τὴν

2109 3625 2300 3693 ἀκοὴν,
2349 3624 2422 3684 ὡς
2481 3621 2539 3676 ἃν
2599 3618 2768 3694 μηδὲν
2824 3619 3014 3690 ἔξωθεν
3074 3619 3150 3682 εἰς
3182 3619 3348 3688 αὐτὴν
3385 3617 3590 3694 ῥεύσειε
3621 3620 3758 3694 φαῦ-

2113 3714 2232 3769 λον.
2268 3713 2369 3769 Καὶ
2399 3717 2480 3784 τῷ
2509 3716 2586 3784 νῷ
2632 3708 3010 3785 πυλωρήσειεν
3185 3709 3236 3763 έν
3273 3707 3480 3782 ἠρεμίᾳ
3510 3708 3677 3776 ἀκοῆς
3704 3727 3764 3760 τε

2110 3803 2200 3858 καὶ
2231 3801 2490 3878 γλώσσης
2515 3800 2596 3856 ἀεὶ
2622 3797 2855 3873 δεομένη
2886 3803 2984 3854 τοῦ
3016 3799 3233 3875 Κυρίου.
3267 3800 3360 3867 Μὴ
3395 3795 3644 3869 ἐκκλίνῃς
3664 3795 3769 3863 τὴν

2109 3891 2329 3969 καρδίαν
2368 3912 2472 3965 μου
2503 3890 2578 3952 εἷς
2612 3887 2809 3963 λόγοῦς
2856 3887 3146 3962 πονηρίας,
3196 3891 3294 3943 τοῦ
3341 3885 3763 3964 προφασίζεσθαι

2110 3982 2409 4060 προφάσεις
2439 3978 2490 4034 έν
2523 3978 2835 4052 ἁμαρτίαις.

2181 4075 2273 4128 21.
2302 4069 2600 4143 Ἐπίψογον
2629 4065 2687 4122 δὲ
2715 4064 2916 4124 πολλῶ
2945 4064 3113 4121 πλέον
3145 4069 3250 4120 τῶν
3308 4064 3641 4139 εἰρημένων,
3673 4061 3766 4116 καὶ

2110 4165 2208 4216 τοῦ
2239 4163 2566 4236 παρθενικοῦ
2595 4155 2762 4226 ἤθους
2819 4154 3134 4232 ἀλλότριον,
3184 4155 3247 4209 τὸ
3301 4155 3377 4228 μὴ
3434 4152 3596 4226 μόνον
3650 4151 3770 4206 ἐπι-

2113 4249 2372 4318 πολάζειν
2405 4246 2576 4309 οἷᾏιοις
2608 4245 2893 4319 παρθένον,
2945 4242 3092 4300 ἀλλὰ
3139 4244 3229 4298 καὶ
3282 4242 3466 4320 γάμου
3516 4243 3769 4316 προμνήο

2115 4360 2296 4416 στριαν
2329 4338 2593 4413 γίνεσθαι.
2654 4334 2848 4410 Σίμιος
2905 4335 3000 4408 μὲν
3056 4334 3158 4409 γὰρ
3193 4335 3220 4389 ὁ
3259 4335 3438 4410 γάμος
3482 4331 3533 4386 έν
3584 4335 3771 4400 πᾶσιν,

2113 4429 2241 4485 ἀλλ’
2294 4425 2487 4488 ἄλλοις
2515 4425 2606 4480 καὶ
2633 4424 2695 4479 οὗ
2724 4428 2792 4499 τῇ
2819 4424 3073 4501 παρθένῳ
3120 4426 3418 4500 προσῆκον.
3460 4420 3560 4476 Καὶ
3593 4420 3655 4475 οὗ
3689 4419 3775 4475 δεῖ

2114 4526 2214 4588 τῆς
2242 4515 2382 4580 ἰδίας
2405 4510 2596 4590 τρίϐου
2625 4513 2824 4586 ταύτην
2851 4583 2854 4586 λ
2877 4514 3332 4590 ἀναχωρήσασαν,
3388 4511 3439 4567 έν
3489 4514 3607 4572 τοῖς
3646 4529 3770 4585 τρι-

347 4606 524 4662 turba
545 4603 872 4676 reperiatur
893 4600 1192 4672 permista.
1219 4600 1347 4656 Alia
1367 4601 1523 4655 enim
1548 4601 1639 4657 via
1665 4605 1900 4674 nuptias
1922 4621 1998 4661 se-

2116 4606 2265 4670 όδοις
2292 4611 2387 4661 τοῦ
2423 4606 2542 4680 βίου
2569 4608 2649 4676 τῷ
2678 4602 2866 4676 λοιπῷ
2892 4601 3093 4672 πλήθει
3135 4601 3650 4679 συναναφύρομένην
3682 4597 3772 4653 εὐ-

348 4693 658 4765 ctantium,
681 4698 737 4749 et
766 4691 884 4748 alia
920 4692 1152 4758 semita,
1182 4689 1450 4762 inquam,
1481 4691 1881 4764 virginitatem
1911 4713 2005 4752 co-

422 4843 465 4876 7"
498 4839 653 4896 Psal.
687 4853 812 4910 και,
844 4837 898 4892 3.
973 4835 1018 4870 ’⁷⁸
1049 4834 1194 4891 ibid.
1229 4836 1280 4890 4.
1357 4836 1402 4870 ⁷³
1435 4835 1608 4893 Hebr.
1641 4855 1764 4912 xm,
1797 4842 1850 4898 4.

421 5004 536 5074 (77)
567 4996 922 5075 solepoijc
963 4996 1194 5075 codices
1223 4995 1534 5075 Com‘beﬁs,
1568 5002 1622 5052 et
1662 4999 1760 5056 alii
1792 5004 2011 5075 plures.

349 5064 530 5143 Eam;
577 5064 822 5143 ὃλεθρὸν.
858 5069 1021 5143 Unus
1070 5069 1268 5143 codex,
1299 5064 1596 5143 suam”.
1653 5064 1874 5132 Ibidem
1925 5064 2008 5136 1e;

348 5132 607 5218 gendum
635 5132 887 5218 videtur,
916 5140 1055 5213 πρὸς
1091 5132 1265 5218 μηδὲν
1296 5132 1614 5218 έτξιῆλαϐές.

421 5217 532 5287 (78)
557 5216 753 5271 Τοῦτο.
787 5214 882 5269 Sic
930 5210 1039 5282 ope
1071 5211 1299 5287 codicis
1329 5210 1644 5287 Colbertini
1670 5219 2011 5276 emendavi-

353 5281 488 5412 n‘isus
509 5281 666 5358 quod
696 5281 995 5342 habebant
1019 5283 1182 5352 editi,
1205 5281 1419 5336 τοῦτον.
1447 5284 1716 5341 Refertur
1749 5290 1905 5348 enim
1940 5295 2011 5350 ad

357 5379 382 5412 ν
423 5379 559 5412 nua.

357 5379 455 5415 νοτ)
468 5379 559 5415 μα.

423 5379 677 5502 Eg???”
730 5426 1018 5502 εὐεργέτιν.
1050 5426 1144 5502 Sic
1189 5425 1378 5502 editio
1418 5426 1631 5482 Veneta
1681 5443 1812 5485 cum
1868 5449 2010 5492 mss.

357 5495 643 5576 quisque.
674 5495 1044 5576 Parisiensis,
1074 5497 1165 5550 τὸν
1189 5495 1511 5576 ⁸ερεργέτῃν.

427 5569 545 5644 (80)
603 5570 905 5648 Τυᾼχὸντας.
975 5569 1249 5648 Nonnulli
1293 5569 1570 5648 codices,
1621 5573 2012 5648 συντυχόντας.
2058 5577 2064 5584 ”

355 5639 533 5783 Ηόιιιεἵ
587 5645 765 5702 codex
831 5642 1088 5700 secunda
1144 5659 1325 5699 manu
1391 5641 1650 5711 ibidem,
1709 5639 2013 5729 δεῖ’“φέρε-

360 5736 393 5773 σ
428 5737 506 5777 αι.

360 5736 506 5777 σθαι.

2118 4698 2393 4775 ρίσκεσθαι
2446 4692 2632 4765 ’Ἄλλη
2663 4693 2764 4770 γὰρ
2795 4689 2922 4755 ὁδὸς
2952 4693 3056 4746 τῶν
3100 4691 3229 4756 τοὺς
3256 4691 3465 4766 γάμους
3513 4687 3780 4765 κρατούν-

2193 5002 2404 5081 (81)Τὸ
2453 4992 2988 5081 ἐπιϐάλλρνηΜειιθ
3044 5002 3104 5057 in
3161 5001 3355 5081 editis,
3411 4999 3494 5081 τῷ
3545 4985 3766 5081 ἐπιϐάλ-

2124 5066 2301 5148 λον-τι,
2327 5079 2482 5151 quod
2513 5074 2958 5133 emendavimu's
2990 5091 3096 5147 cpe
3127 5066 3380 5145 quatuor
3407 5066 3668 5127 veterum
3698 5066 3770 5122 li-

2123 5154 2362 5209 brorum
2373 5191 2386 5206 .

2191 5220 2484 5296 (82)_Kctta‘t
2522 5216 2701 5296 φύσιν.
2728 5218 2996 5296 Legitur,
3025 5213 3069 5268 εἰ
3113 5218 3301 5290 φωνεῖ,
3337 5216 3585 5296 inmune,
3615 5209 3779 5296 codi-

2124 5283 2208 5364 ce,
2241 5283 2332 5350 cui
2376 5283 2570 5364 faverit
2601 5283 2855 5364 quatuor
2903 5283 3280 5364 alii_m_ss._et
3329 5283 3779 5364 editio__\_’eneta.

2126 5357 2317 5422 ln'his
2349 5365 2506 5420 enim
2540 5357 2776 5429 legitur,
2809 5361 2844 5426 ἡ
2876 5358 3050 5429 φωνή.
3088 5360 3434 5416 Parisiensis
3465 5357 3645 5413 editio
3678 5371 3784 5429 pro

2123 5439 2217 5495 his
2241 5437 2486 5494 vocibus
2535 5425 2726 5507 habet,
2758 5425 2894 5485 ma
2941 5425 3116 5507 φύσιν,
3145 5433 3298 5503 quod
3345 5430 3582 5504 quidem
3635 5425 3784 5482 satis

2125 5509 2504 5567 commodum
2534 5505 2786 5559 videtur.

2343 5576 2749 5667 Πυλωρησειεν.
2777 5573 2870 5630 Sic
2900 5578 3152 5646 quatuor
3183 5587 3326 5632 mss.
3361 5570 3570 5628 melius
3602 5583 3785 5644 quam

2123 5655 2289 5726 editi,
2318 5655 2708 5728 πυλωρούσης.
