  <div class='ocr_page' id='page_1' title='image "/cluster/home/n/w/nwhite01/storage/ocr_20150623/30:no.2/coo.31924054873116/371.png"; bbox 0 0 4124 6368; ppageno 0'>
   <div class='ocr_carea' id='block_1_1' title="bbox 414 417 532 477">
    <p class='ocr_par' dir='ltr' id='par_1_1' title="bbox 414 417 532 477">
     <span class='ocr_line' id='line_1_1' title="bbox 414 417 532 477; baseline 0.034 -4"><span class='ocrx_word' id='word_1_1' title='bbox 414 417 532 477; x_wconf 76' lang='grc'>715</span> 
     </span>
    </p>
   </div>
   <div class='ocr_carea' id='block_1_2' title="bbox 1359 410 2884 477">
    <p class='ocr_par' dir='ltr' id='par_1_2' title="bbox 1359 410 2884 477">
     <span class='ocr_line' id='line_1_2' title="bbox 1359 410 2884 477; baseline 0.001 -4"><span class='ocrx_word' id='word_1_2' title='bbox 1359 412 1754 473; x_wconf 78' lang='lat' dir='ltr'>APPENDIX</span> <span class='ocrx_word' id='word_1_3' title='bbox 1801 411 2125 473; x_wconf 83' lang='lat' dir='ltr'><strong>OPERUM</strong></span> <span class='ocrx_word' id='word_1_4' title='bbox 2168 410 2235 473; x_wconf 90' lang='lat' dir='ltr'>S.</span> <span class='ocrx_word' id='word_1_5' title='bbox 2279 412 2564 474; x_wconf 79' lang='lat' dir='ltr'>BASILII</span> <span class='ocrx_word' id='word_1_6' title='bbox 2609 413 2884 477; x_wconf 81' lang='lat' dir='ltr'>MAGNI.</span> 
     </span>
    </p>
   </div>
   <div class='ocr_carea' id='block_1_3' title="bbox 3719 420 3840 480">
    <p class='ocr_par' dir='ltr' id='par_1_3' title="bbox 3719 420 3840 480">
     <span class='ocr_line' id='line_1_3' title="bbox 3719 420 3840 480; baseline 0 0"><span class='ocrx_word' id='word_1_7' title='bbox 3719 420 3840 480; x_wconf 76' lang='grc'>’116</span> 
     </span>
    </p>
   </div>
   <div class='ocr_carea' id='block_1_4' title="bbox 405 538 2058 622">
    <p class='ocr_par' dir='ltr' id='par_1_4' title="bbox 405 541 2058 612">
     <span class='ocr_line' id='line_1_4' title="bbox 405 541 2058 612; baseline -0.002 -12"><span class='ocrx_word' id='word_1_8' title='bbox 405 544 626 601; x_wconf 83' lang='lat' dir='ltr'>honore</span> <span class='ocrx_word' id='word_1_9' title='bbox 674 544 949 612; x_wconf 89' lang='lat' dir='ltr'>habeant,</span> <span class='ocrx_word' id='word_1_10' title='bbox 983 549 1042 598; x_wconf 90' lang='lat' dir='ltr'>et</span> <span class='ocrx_word' id='word_1_11' title='bbox 1088 541 1244 598; x_wconf 91' lang='lat' dir='ltr'>velut</span> <span class='ocrx_word' id='word_1_12' title='bbox 1292 542 1412 609; x_wconf 87' lang='lat' dir='ltr'>Dei,</span> <span class='ocrx_word' id='word_1_13' title='bbox 1448 547 1512 598; x_wconf 92' lang='lat' dir='ltr'>ut</span> <span class='ocrx_word' id='word_1_14' title='bbox 1560 542 1701 609; x_wconf 83' lang='lat' dir='ltr'>dixi,</span> <span class='ocrx_word' id='word_1_15' title='bbox 1744 541 2058 597; x_wconf 84' lang='lat' dir='ltr'>simulacro</span> 
     </span>
    </p>
   </div>
   <div class='ocr_carea' id='block_1_5' title="bbox 2172 538 3840 622">
    <p class='ocr_par' dir='ltr' id='par_1_5' title="bbox 2181 538 3840 622">
     <span class='ocr_line' id='line_1_5' title="bbox 2181 538 3840 622; baseline 0.005 -26"><span class='ocrx_word' id='word_1_16' title='bbox 2181 544 2334 613; x_wconf 87' lang='grc' dir='ltr'>Θεοῦ,</span> <span class='ocrx_word' id='word_1_17' title='bbox 2369 541 2547 615; x_wconf 80' lang='grc' dir='ltr'>ὥοπερ</span> <span class='ocrx_word' id='word_1_18' title='bbox 2591 543 2702 614; x_wconf 74' lang='grc'>(91)</span> <span class='ocrx_word' id='word_1_19' title='bbox 2761 538 2918 621; x_wconf 76' lang='grc' dir='ltr'>ἔφην,</span> <span class='ocrx_word' id='word_1_20' title='bbox 2949 543 3114 599; x_wconf 59' lang='grc' dir='ltr'>εῗκόνι</span> <span class='ocrx_word' id='word_1_21' title='bbox 3151 545 3484 621; x_wconf 77' lang='grc' dir='ltr'>ὑποχωρεῖν,</span> <span class='ocrx_word' id='word_1_22' title='bbox 3517 547 3608 602; x_wconf 83' lang='grc' dir='ltr'>καὶ</span> <span class='ocrx_word' id='word_1_23' title='bbox 3654 548 3840 622; x_wconf 69' lang='grc' dir='ltr'>ὶντρί-</span> 
     </span>
    </p>
   </div>
   <div class='ocr_carea' id='block_1_6' title="bbox 404 632 2065 702">
    <p class='ocr_par' dir='ltr' id='par_1_6' title="bbox 404 632 2065 702">
     <span class='ocr_line' id='line_1_6' title="bbox 404 632 2065 702; baseline -0.002 -14"><span class='ocrx_word' id='word_1_24' title='bbox 404 635 690 688; x_wconf 91' lang='lat' dir='ltr'>decedant</span> <span class='ocrx_word' id='word_1_25' title='bbox 717 641 774 689; x_wconf 92' lang='lat' dir='ltr'>et</span> <span class='ocrx_word' id='word_1_26' title='bbox 794 638 1164 690; x_wconf 81' lang='lat' dir='ltr'>venerentur.</span> <span class='ocrx_word' id='word_1_27' title='bbox 1184 633 1691 698; x_wconf 83' lang='lat' dir='ltr'>Quemadmodum</span> <span class='ocrx_word' id='word_1_28' title='bbox 1715 632 1870 686; x_wconf 90' lang='lat' dir='ltr'>enim</span> <span class='ocrx_word' id='word_1_29' title='bbox 1909 637 2065 702; x_wconf 77' lang='lat' dir='ltr'>saty-</span> 
     </span>
    </p>
   </div>
   <div class='ocr_carea' id='block_1_7' title="bbox 405 721 2067 796">
    <p class='ocr_par' dir='ltr' id='par_1_7' title="bbox 405 721 2067 796">
     <span class='ocr_line' id='line_1_7' title="bbox 405 721 2067 796; baseline -0.002 -19"><span class='ocrx_word' id='word_1_30' title='bbox 405 739 606 779; x_wconf 89' lang='lat' dir='ltr'>rorum</span> <span class='ocrx_word' id='word_1_31' title='bbox 638 724 928 796; x_wconf 80' lang='lat' dir='ltr'>imagines</span> <span class='ocrx_word' id='word_1_32' title='bbox 955 723 1087 776; x_wconf 67' lang='lat' dir='ltr'>visae</span> <span class='ocrx_word' id='word_1_33' title='bbox 1112 723 1297 776; x_wconf 90' lang='lat' dir='ltr'>risum</span> <span class='ocrx_word' id='word_1_34' title='bbox 1323 721 1700 776; x_wconf 79' lang='lat' dir='ltr'>cernentibus</span> <span class='ocrx_word' id='word_1_35' title='bbox 1726 725 1974 786; x_wconf 89' lang='lat' dir='ltr'>movent,</span> <span class='ocrx_word' id='word_1_36' title='bbox 2001 735 2067 774; x_wconf 90' lang='lat' dir='ltr'>ac</span> 
     </span>
    </p>
   </div>
   <div class='ocr_carea' id='block_1_8' title="bbox 406 809 2063 884">
    <p class='ocr_par' dir='ltr' id='par_1_8' title="bbox 406 809 2063 884">
     <span class='ocr_line' id='line_1_8' title="bbox 406 809 2063 884; baseline -0.003 -17"><span class='ocrx_word' id='word_1_37' title='bbox 406 813 625 868; x_wconf 88' lang='lat' dir='ltr'>doloris</span> <span class='ocrx_word' id='word_1_38' title='bbox 657 813 837 884; x_wconf 66' lang='lat' dir='ltr'>plenae</span> <span class='ocrx_word' id='word_1_39' title='bbox 867 811 990 866; x_wconf 61' lang='lat' dir='ltr'>aliis</span> <span class='ocrx_word' id='word_1_40' title='bbox 1040 811 1327 882; x_wconf 81' lang='lat' dir='ltr'>imagines</span> <span class='ocrx_word' id='word_1_41' title='bbox 1378 811 1641 866; x_wconf 91' lang='lat' dir='ltr'>animum</span> <span class='ocrx_word' id='word_1_42' title='bbox 1695 809 2063 864; x_wconf 84' lang='lat' dir='ltr'>cernentium</span> 
     </span>
    </p>
   </div>
   <div class='ocr_carea' id='block_1_9' title="bbox 406 899 2065 972">
    <p class='ocr_par' dir='ltr' id='par_1_9' title="bbox 406 899 2065 972">
     <span class='ocr_line' id='line_1_9' title="bbox 406 899 2065 972; baseline -0.003 -16"><span class='ocrx_word' id='word_1_43' title='bbox 406 906 464 956; x_wconf 89' lang='lat' dir='ltr'>et</span> <span class='ocrx_word' id='word_1_44' title='bbox 495 904 682 956; x_wconf 89' lang='lat' dir='ltr'>visum</span> <span class='ocrx_word' id='word_1_45' title='bbox 717 902 1007 972; x_wconf 91' lang='lat' dir='ltr'>impressa</span> <span class='ocrx_word' id='word_1_46' title='bbox 1035 901 1295 955; x_wconf 89' lang='lat' dir='ltr'>tristium</span> <span class='ocrx_word' id='word_1_47' title='bbox 1322 917 1514 954; x_wconf 87' lang='lat' dir='ltr'>rerum</span> <span class='ocrx_word' id='word_1_48' title='bbox 1549 900 1804 970; x_wconf 78' lang='lat' dir='ltr'>imagine</span> <span class='ocrx_word' id='word_1_49' title='bbox 1836 899 2065 954; x_wconf 74' lang='lat' dir='ltr'>suffun-</span> 
     </span>
    </p>
   </div>
   <div class='ocr_carea' id='block_1_10' title="bbox 408 988 2063 1061">
    <p class='ocr_par' dir='ltr' id='par_1_10' title="bbox 408 988 2063 1061">
     <span class='ocr_line' id='line_1_10' title="bbox 408 988 2063 1061; baseline -0.003 -17"><span class='ocrx_word' id='word_1_50' title='bbox 408 991 585 1059; x_wconf 89' lang='lat' dir='ltr'>dunt;</span> <span class='ocrx_word' id='word_1_51' title='bbox 635 995 693 1044; x_wconf 90' lang='lat' dir='ltr'>et</span> <span class='ocrx_word' id='word_1_52' title='bbox 741 990 1239 1061; x_wconf 86' lang='lat' dir='ltr'>quemadmodum</span> <span class='ocrx_word' id='word_1_53' title='bbox 1300 988 1445 1042; x_wconf 90' lang='lat' dir='ltr'>nihil</span> <span class='ocrx_word' id='word_1_54' title='bbox 1505 989 1714 1042; x_wconf 88' lang='lat' dir='ltr'>horum</span> <span class='ocrx_word' id='word_1_55' title='bbox 1776 993 2063 1051; x_wconf 79' lang='lat' dir='ltr'>movetur,</span> 
     </span>
    </p>
   </div>
   <div class='ocr_carea' id='block_1_11' title="bbox 408 1075 2064 1140">
    <p class='ocr_par' dir='ltr' id='par_1_11' title="bbox 408 1075 2064 1140">
     <span class='ocr_line' id='line_1_11' title="bbox 408 1075 2064 1140; baseline -0.003 -7"><span class='ocrx_word' id='word_1_56' title='bbox 408 1095 544 1133; x_wconf 92' lang='lat' dir='ltr'>cum</span> <span class='ocrx_word' id='word_1_57' title='bbox 577 1079 943 1133; x_wconf 83' lang='lat' dir='ltr'>cernentium</span> <span class='ocrx_word' id='word_1_58' title='bbox 975 1077 1164 1132; x_wconf 89' lang='lat' dir='ltr'>visum</span> <span class='ocrx_word' id='word_1_59' title='bbox 1198 1079 1256 1132; x_wconf 94' lang='lat' dir='ltr'>in</span> <span class='ocrx_word' id='word_1_60' title='bbox 1291 1094 1428 1132; x_wconf 90' lang='lat' dir='ltr'>suos</span> <span class='ocrx_word' id='word_1_61' title='bbox 1459 1077 1640 1131; x_wconf 82' lang='lat' dir='ltr'>trahit</span> <span class='ocrx_word' id='word_1_62' title='bbox 1670 1076 1936 1140; x_wconf 71' lang='lat' dir='ltr'>affectus,</span> <span class='ocrx_word' id='word_1_63' title='bbox 1963 1075 2064 1130; x_wconf 84' lang='lat' dir='ltr'>sed</span> 
     </span>
    </p>
   </div>
   <div class='ocr_carea' id='block_1_12' title="bbox 410 1164 2065 1237">
    <p class='ocr_par' dir='ltr' id='par_1_12' title="bbox 410 1164 2065 1237">
     <span class='ocr_line' id='line_1_12' title="bbox 410 1164 2065 1237; baseline -0.002 -15"><span class='ocrx_word' id='word_1_64' title='bbox 410 1167 520 1222; x_wconf 85' lang='lat' dir='ltr'>etsi</span> <span class='ocrx_word' id='word_1_65' title='bbox 551 1168 609 1221; x_wconf 89' lang='lat' dir='ltr'>in</span> <span class='ocrx_word' id='word_1_66' title='bbox 643 1166 930 1222; x_wconf 87' lang='lat' dir='ltr'>immobili</span> <span class='ocrx_word' id='word_1_67' title='bbox 962 1166 1194 1221; x_wconf 87' lang='lat' dir='ltr'>videtur</span> <span class='ocrx_word' id='word_1_68' title='bbox 1245 1166 1522 1237; x_wconf 83' lang='lat' dir='ltr'>imagine,</span> <span class='ocrx_word' id='word_1_69' title='bbox 1547 1165 1605 1219; x_wconf 91' lang='lat' dir='ltr'>in</span> <span class='ocrx_word' id='word_1_70' title='bbox 1650 1164 1940 1220; x_wconf 92' lang='lat' dir='ltr'>immobili</span> <span class='ocrx_word' id='word_1_71' title='bbox 1975 1172 2065 1218; x_wconf 90' lang='lat' dir='ltr'>ta-</span> 
     </span>
    </p>
   </div>
   <div class='ocr_carea' id='block_1_13' title="bbox 410 1253 2065 1320">
    <p class='ocr_par' dir='ltr' id='par_1_13' title="bbox 410 1253 2065 1320">
     <span class='ocr_line' id='line_1_13' title="bbox 410 1253 2065 1320; baseline -0.001 -11"><span class='ocrx_word' id='word_1_72' title='bbox 410 1271 542 1310; x_wconf 89' lang='lat' dir='ltr'>men</span> <span class='ocrx_word' id='word_1_73' title='bbox 592 1257 779 1310; x_wconf 85' lang='lat' dir='ltr'>forma</span> <span class='ocrx_word' id='word_1_74' title='bbox 835 1255 1065 1309; x_wconf 81' lang='lat' dir='ltr'>animos</span> <span class='ocrx_word' id='word_1_75' title='bbox 1115 1255 1434 1309; x_wconf 88' lang='lat' dir='ltr'>viventium</span> <span class='ocrx_word' id='word_1_76' title='bbox 1493 1258 1840 1320; x_wconf 81' lang='lat' dir='ltr'>commovet,</span> <span class='ocrx_word' id='word_1_77' title='bbox 1882 1258 1938 1307; x_wconf 92' lang='lat' dir='ltr'>et</span> <span class='ocrx_word' id='word_1_78' title='bbox 1994 1253 2065 1307; x_wconf 87' lang='lat' dir='ltr'>ad</span> 
     </span>
    </p>
   </div>
   <div class='ocr_carea' id='block_1_14' title="bbox 409 1341 2068 1416">
    <p class='ocr_par' dir='ltr' id='par_1_14' title="bbox 409 1341 2068 1416">
     <span class='ocr_line' id='line_1_14' title="bbox 409 1341 2068 1416; baseline -0.001 -17"><span class='ocrx_word' id='word_1_79' title='bbox 409 1345 678 1416; x_wconf 90' lang='lat' dir='ltr'>proprios</span> <span class='ocrx_word' id='word_1_80' title='bbox 707 1343 951 1398; x_wconf 89' lang='lat' dir='ltr'>habitus</span> <span class='ocrx_word' id='word_1_81' title='bbox 984 1343 1182 1412; x_wconf 71' lang='lat' dir='ltr'>ﬁngit:</span> <span class='ocrx_word' id='word_1_82' title='bbox 1208 1343 1290 1396; x_wconf 86' lang='lat' dir='ltr'>ita</span> <span class='ocrx_word' id='word_1_83' title='bbox 1320 1349 1376 1396; x_wconf 91' lang='lat' dir='ltr'>et</span> <span class='ocrx_word' id='word_1_84' title='bbox 1397 1344 1580 1414; x_wconf 91' lang='lat' dir='ltr'>virgo,</span> <span class='ocrx_word' id='word_1_85' title='bbox 1610 1359 1744 1397; x_wconf 93' lang='lat' dir='ltr'>cum</span> <span class='ocrx_word' id='word_1_86' title='bbox 1777 1341 2068 1398; x_wconf 89' lang='lat' dir='ltr'>castitatis</span> 
     </span>
    </p>
   </div>
   <div class='ocr_carea' id='block_1_15' title="bbox 406 1431 2066 1505">
    <p class='ocr_par' dir='ltr' id='par_1_15' title="bbox 406 1431 2066 1505">
     <span class='ocr_line' id='line_1_15' title="bbox 406 1431 2066 1505; baseline -0.002 -17"><span class='ocrx_word' id='word_1_87' title='bbox 406 1433 624 1505; x_wconf 83' lang='lat' dir='ltr'>imago,</span> <span class='ocrx_word' id='word_1_88' title='bbox 648 1432 735 1487; x_wconf 90' lang='lat' dir='ltr'>vel</span> <span class='ocrx_word' id='word_1_89' title='bbox 768 1432 962 1504; x_wconf 88' lang='lat' dir='ltr'>potius</span> <span class='ocrx_word' id='word_1_90' title='bbox 996 1433 1182 1502; x_wconf 85' lang='lat' dir='ltr'>ipsius</span> <span class='ocrx_word' id='word_1_91' title='bbox 1209 1434 1443 1486; x_wconf 84' lang='lat' dir='ltr'>virtutis</span> <span class='ocrx_word' id='word_1_92' title='bbox 1477 1432 1858 1486; x_wconf 88' lang='lat' dir='ltr'>simulacrum</span> <span class='ocrx_word' id='word_1_93' title='bbox 1893 1431 1988 1497; x_wconf 86' lang='lat' dir='ltr'>sit,</span> <span class='ocrx_word' id='word_1_94' title='bbox 2016 1432 2066 1485; x_wconf 91' lang='lat' dir='ltr'>si</span> 
     </span>
    </p>
   </div>
   <div class='ocr_carea' id='block_1_16' title="bbox 405 1517 2066 1590">
    <p class='ocr_par' dir='ltr' id='par_1_16' title="bbox 405 1517 2066 1590">
     <span class='ocr_line' id='line_1_16' title="bbox 405 1517 2066 1590; baseline -0.002 -14"><span class='ocrx_word' id='word_1_95' title='bbox 405 1524 636 1576; x_wconf 90' lang='lat' dir='ltr'>tantum</span> <span class='ocrx_word' id='word_1_96' title='bbox 670 1526 964 1590; x_wconf 89' lang='lat' dir='ltr'>cernatur,</span> <span class='ocrx_word' id='word_1_97' title='bbox 988 1519 1342 1574; x_wconf 89' lang='lat' dir='ltr'>inluentium</span> <span class='ocrx_word' id='word_1_98' title='bbox 1394 1517 1598 1574; x_wconf 92' lang='lat' dir='ltr'>oculos</span> <span class='ocrx_word' id='word_1_99' title='bbox 1641 1520 1812 1573; x_wconf 90' lang='lat' dir='ltr'>debet</span> <span class='ocrx_word' id='word_1_100' title='bbox 1843 1519 1913 1572; x_wconf 89' lang='lat' dir='ltr'>ad</span> <span class='ocrx_word' id='word_1_101' title='bbox 1951 1518 2066 1572; x_wconf 85' lang='lat' dir='ltr'>Nu-</span> 
     </span>
    </p>
   </div>
   <div class='ocr_carea' id='block_1_17' title="bbox 408 1607 2066 1680">
    <p class='ocr_par' dir='ltr' id='par_1_17' title="bbox 408 1607 2066 1680">
     <span class='ocr_line' id='line_1_17' title="bbox 408 1607 2066 1680; baseline -0.001 -16"><span class='ocrx_word' id='word_1_102' title='bbox 408 1609 587 1664; x_wconf 83' lang='lat' dir='ltr'>minis</span> <span class='ocrx_word' id='word_1_103' title='bbox 617 1609 1032 1680; x_wconf 87' lang='lat' dir='ltr'>cogitationem</span> <span class='ocrx_word' id='word_1_104' title='bbox 1077 1617 1429 1663; x_wconf 85' lang='lat' dir='ltr'>convertere.</span> <span class='ocrx_word' id='word_1_105' title='bbox 1465 1608 1838 1662; x_wconf 90' lang='lat' dir='ltr'>Percutiatur</span> <span class='ocrx_word' id='word_1_106' title='bbox 1870 1607 2066 1662; x_wconf 90' lang='lat' dir='ltr'>animo</span> 
     </span>
    </p>
   </div>
   <div class='ocr_carea' id='block_1_18' title="bbox 409 1695 2068 1770">
    <p class='ocr_par' dir='ltr' id='par_1_18' title="bbox 409 1695 2068 1770">
     <span class='ocr_line' id='line_1_18' title="bbox 409 1695 2068 1770; baseline -0.001 -18"><span class='ocrx_word' id='word_1_107' title='bbox 409 1699 769 1770; x_wconf 90' lang='lat' dir='ltr'>impudicus,</span> <span class='ocrx_word' id='word_1_108' title='bbox 793 1698 1081 1752; x_wconf 86' lang='lat' dir='ltr'>castitatis</span> <span class='ocrx_word' id='word_1_109' title='bbox 1115 1695 1613 1767; x_wconf 89' lang='lat' dir='ltr'>pulchritudinem</span> <span class='ocrx_word' id='word_1_110' title='bbox 1648 1696 1903 1760; x_wconf 79' lang='lat' dir='ltr'>virgineo</span> <span class='ocrx_word' id='word_1_111' title='bbox 1934 1713 2068 1766; x_wconf 90' lang='lat' dir='ltr'>spe-</span> 
     </span>
    </p>
   </div>
   <div class='ocr_carea' id='block_1_19' title="bbox 411 1784 2068 1855">
    <p class='ocr_par' dir='ltr' id='par_1_19' title="bbox 411 1784 2068 1855">
     <span class='ocr_line' id='line_1_19' title="bbox 411 1784 2068 1855; baseline -0.002 -13"><span class='ocrx_word' id='word_1_112' title='bbox 411 1787 640 1842; x_wconf 91' lang='lat' dir='ltr'>ctaculo</span> <span class='ocrx_word' id='word_1_113' title='bbox 669 1785 728 1841; x_wconf 90' lang='lat' dir='ltr'>in</span> <span class='ocrx_word' id='word_1_114' title='bbox 761 1787 1102 1842; x_wconf 88' lang='lat' dir='ltr'>memoriam</span> <span class='ocrx_word' id='word_1_115' title='bbox 1136 1785 1824 1840; x_wconf 84' lang='lat' dir='ltr'>revocante.Recordetur</span> <span class='ocrx_word' id='word_1_116' title='bbox 1853 1784 2068 1855; x_wconf 87' lang='lat' dir='ltr'>aliquis</span> 
     </span>
    </p>
   </div>
   <div class='ocr_carea' id='block_1_20' title="bbox 2175 625 3839 711">
    <p class='ocr_par' dir='ltr' id='par_1_20' title="bbox 2175 625 3839 711">
     <span class='ocr_line' id='line_1_20' title="bbox 2175 625 3839 711; baseline 0.005 -27"><span class='ocrx_word' id='word_1_117' title='bbox 2175 641 2388 692; x_wconf 80' lang='grc' dir='ltr'>πεσθαι·</span> <span class='ocrx_word' id='word_1_118' title='bbox 2441 631 2530 694; x_wconf 78' lang='grc' dir='ltr'>Ὠς</span> <span class='ocrx_word' id='word_1_119' title='bbox 2586 634 2692 705; x_wconf 84' lang='grc' dir='ltr'>γαρ</span> <span class='ocrx_word' id='word_1_120' title='bbox 2753 631 2996 707; x_wconf 80' lang='grc' dir='ltr'>σατύρων</span> <span class='ocrx_word' id='word_1_121' title='bbox 3055 633 3260 697; x_wconf 73' lang='grc' dir='ltr'>εἶκόνες</span> <span class='ocrx_word' id='word_1_122' title='bbox 3330 625 3575 710; x_wconf 79' lang='grc' dir='ltr'>ύφθεῖσαι</span> <span class='ocrx_word' id='word_1_123' title='bbox 3621 636 3839 711; x_wconf 80' lang='grc' dir='ltr'>γέλωτα</span> 
     </span>
    </p>
   </div>
   <div class='ocr_carea' id='block_1_21' title="bbox 2173 719 3836 798">
    <p class='ocr_par' dir='ltr' id='par_1_21' title="bbox 2173 719 3836 798">
     <span class='ocr_line' id='line_1_21' title="bbox 2173 719 3836 798; baseline 0.005 -27"><span class='ocrx_word' id='word_1_124' title='bbox 2173 724 2290 780; x_wconf 79' lang='grc' dir='ltr'>τοῖς</span> <span class='ocrx_word' id='word_1_125' title='bbox 2324 720 2616 788; x_wconf 88' lang='grc' dir='ltr'>θεωροῦσιν</span> <span class='ocrx_word' id='word_1_126' title='bbox 2668 719 2940 790; x_wconf 82' lang='grc' dir='ltr'>ἐκίνησαν,</span> <span class='ocrx_word' id='word_1_127' title='bbox 2992 721 3081 776; x_wconf 77' lang='grc' dir='ltr'>καὶ</span> <span class='ocrx_word' id='word_1_128' title='bbox 3127 723 3204 785; x_wconf 85' lang='grc' dir='ltr'>ὡς</span> <span class='ocrx_word' id='word_1_129' title='bbox 3259 724 3515 793; x_wconf 87' lang='grc' dir='ltr'>κατηείας</span> <span class='ocrx_word' id='word_1_130' title='bbox 3563 724 3836 798; x_wconf 73' lang='grc' dir='ltr'>γέμουσαι</span> 
     </span>
    </p>
   </div>
   <div class='ocr_carea' id='block_1_22' title="bbox 2176 805 3838 890">
    <p class='ocr_par' dir='ltr' id='par_1_22' title="bbox 2176 805 3838 890">
     <span class='ocr_line' id='line_1_22' title="bbox 2176 805 3838 890; baseline 0.006 -30"><span class='ocrx_word' id='word_1_131' title='bbox 2176 805 2342 862; x_wconf 78' lang='grc' dir='ltr'>ἄλλαι</span> <span class='ocrx_word' id='word_1_132' title='bbox 2375 807 2580 872; x_wconf 80' lang='grc' dir='ltr'>εἷ’κόνες</span> <span class='ocrx_word' id='word_1_133' title='bbox 2607 810 2696 863; x_wconf 90' lang='grc' dir='ltr'>τὸν</span> <span class='ocrx_word' id='word_1_134' title='bbox 2725 814 2850 863; x_wconf 86' lang='grc' dir='ltr'>νοῦν</span> <span class='ocrx_word' id='word_1_135' title='bbox 2881 815 2994 864; x_wconf 80' lang='grc' dir='ltr'>τῶν</span> <span class='ocrx_word' id='word_1_136' title='bbox 3027 812 3278 887; x_wconf 82' lang='grc' dir='ltr'>ὁρώντων</span> <span class='ocrx_word' id='word_1_137' title='bbox 3311 814 3398 866; x_wconf 80' lang='grc' dir='ltr'>καὶ</span> <span class='ocrx_word' id='word_1_138' title='bbox 3424 815 3523 882; x_wconf 70' lang='grc' dir='ltr'>τὴν</span> <span class='ocrx_word' id='word_1_139' title='bbox 3549 813 3674 887; x_wconf 73' lang='grc' dir='ltr'>ὄψιν</span> <span class='ocrx_word' id='word_1_140' title='bbox 3697 816 3838 890; x_wconf 87' lang='grc' dir='ltr'>πρὸς</span> 
     </span>
    </p>
   </div>
   <div class='ocr_carea' id='block_1_23' title="bbox 2173 897 3838 977">
    <p class='ocr_par' dir='ltr' id='par_1_23' title="bbox 2173 897 3838 977">
     <span class='ocr_line' id='line_1_23' title="bbox 2173 897 3838 977; baseline 0.005 -27"><span class='ocrx_word' id='word_1_141' title='bbox 2173 897 2272 964; x_wconf 81' lang='grc' dir='ltr'>τήν</span> <span class='ocrx_word' id='word_1_142' title='bbox 2300 901 2406 951; x_wconf 80' lang='grc' dir='ltr'>τῶν</span> <span class='ocrx_word' id='word_1_143' title='bbox 2437 899 2770 972; x_wconf 78' lang='grc' dir='ltr'>σκυθρωπῶν</span> <span class='ocrx_word' id='word_1_144' title='bbox 2806 899 3097 977; x_wconf 74' lang='grc' dir='ltr'>φαντασίαν</span> <span class='ocrx_word' id='word_1_145' title='bbox 3131 900 3412 976; x_wconf 86' lang='grc' dir='ltr'>συνέχεαν,</span> <span class='ocrx_word' id='word_1_146' title='bbox 3465 902 3555 957; x_wconf 85' lang='grc' dir='ltr'>καὶ</span> <span class='ocrx_word' id='word_1_147' title='bbox 3602 903 3676 965; x_wconf 88' lang='grc' dir='ltr'>ὡς</span> <span class='ocrx_word' id='word_1_148' title='bbox 3738 906 3838 960; x_wconf 78' lang='grc' dir='ltr'>ού-</span> 
     </span>
    </p>
   </div>
   <div class='ocr_carea' id='block_1_24' title="bbox 2176 981 3836 1066">
    <p class='ocr_par' dir='ltr' id='par_1_24' title="bbox 2176 981 3836 1066">
     <span class='ocr_line' id='line_1_24' title="bbox 2176 981 3836 1066; baseline 0.005 -28"><span class='ocrx_word' id='word_1_149' title='bbox 2176 981 2262 1039; x_wconf 74' lang='grc' dir='ltr'>δὲν</span> <span class='ocrx_word' id='word_1_150' title='bbox 2301 986 2395 1058; x_wconf 76' lang='grc' dir='ltr'>μὶν</span> <span class='ocrx_word' id='word_1_151' title='bbox 2424 986 2630 1041; x_wconf 82' lang='grc' dir='ltr'>τούτων</span> <span class='ocrx_word' id='word_1_152' title='bbox 2664 987 2985 1060; x_wconf 78' lang='grc' dir='ltr'>κινούμενον</span> <span class='ocrx_word' id='word_1_153' title='bbox 3019 992 3132 1062; x_wconf 82' lang='grc'>(92)</span> <span class='ocrx_word' id='word_1_154' title='bbox 3165 991 3263 1058; x_wconf 78' lang='grc' dir='ltr'>τὴν</span> <span class='ocrx_word' id='word_1_155' title='bbox 3297 995 3405 1044; x_wconf 80' lang='grc' dir='ltr'>τῶν</span> <span class='ocrx_word' id='word_1_156' title='bbox 3446 995 3655 1065; x_wconf 81' lang='grc' dir='ltr'>ὁρατῶν</span> <span class='ocrx_word' id='word_1_157' title='bbox 3712 989 3836 1066; x_wconf 75' lang='grc' dir='ltr'>ὄψιν</span> 
     </span>
    </p>
   </div>
   <div class='ocr_carea' id='block_1_25' title="bbox 2173 1072 3837 1155">
    <p class='ocr_par' dir='ltr' id='par_1_25' title="bbox 2173 1072 3837 1155">
     <span class='ocr_line' id='line_1_25' title="bbox 2173 1072 3837 1155; baseline 0.007 -29"><span class='ocrx_word' id='word_1_158' title='bbox 2173 1073 2311 1146; x_wconf 88' lang='grc' dir='ltr'>πρὸς</span> <span class='ocrx_word' id='word_1_159' title='bbox 2343 1075 2498 1128; x_wconf 73' lang='grc' dir='ltr'>ἑαυτὸ</span> <span class='ocrx_word' id='word_1_160' title='bbox 2529 1072 2856 1146; x_wconf 81' lang='grc' dir='ltr'>διατίθησιν,</span> <span class='ocrx_word' id='word_1_161' title='bbox 2915 1076 2967 1131; x_wconf 68' lang='grc' dir='ltr'>ἂν</span> <span class='ocrx_word' id='word_1_162' title='bbox 3001 1077 3244 1151; x_wconf 88' lang='grc' dir='ltr'>ἀκινήτῳ</span> <span class='ocrx_word' id='word_1_163' title='bbox 3303 1076 3361 1133; x_wconf 77' lang='grc' dir='ltr'>δὲ</span> <span class='ocrx_word' id='word_1_164' title='bbox 3407 1078 3566 1152; x_wconf 85' lang='grc' dir='ltr'>τύπῳ</span> <span class='ocrx_word' id='word_1_165' title='bbox 3613 1081 3837 1155; x_wconf 85' lang='grc' dir='ltr'>ὁρώμε-</span> 
     </span>
    </p>
   </div>
   <div class='ocr_carea' id='block_1_26' title="bbox 2175 1161 3837 1242">
    <p class='ocr_par' dir='ltr' id='par_1_26' title="bbox 2175 1161 3837 1242">
     <span class='ocr_line' id='line_1_26' title="bbox 2175 1161 3837 1242; baseline 0.008 -29"><span class='ocrx_word' id='word_1_166' title='bbox 2175 1182 2286 1226; x_wconf 83' lang='grc' dir='ltr'>νον,</span> <span class='ocrx_word' id='word_1_167' title='bbox 2316 1161 2365 1215; x_wconf 80' lang='grc' dir='ltr'>ὲν</span> <span class='ocrx_word' id='word_1_168' title='bbox 2398 1165 2467 1235; x_wconf 80' lang='grc' dir='ltr'>τῇ</span> <span class='ocrx_word' id='word_1_169' title='bbox 2495 1163 2732 1236; x_wconf 75' lang='grc' dir='ltr'>ἀκινήτῳ</span> <span class='ocrx_word' id='word_1_170' title='bbox 2765 1169 2952 1242; x_wconf 79' lang='grc' dir='ltr'>μορφῇ</span> <span class='ocrx_word' id='word_1_171' title='bbox 2991 1168 3087 1229; x_wconf 78' lang='grc' dir='ltr'>τὰς</span> <span class='ocrx_word' id='word_1_172' title='bbox 3136 1171 3244 1222; x_wconf 79' lang='grc' dir='ltr'>τῶν</span> <span class='ocrx_word' id='word_1_173' title='bbox 3300 1168 3516 1236; x_wconf 82' lang='grc' dir='ltr'>ζώντων</span> <span class='ocrx_word' id='word_1_174' title='bbox 3570 1165 3837 1234; x_wconf 80' lang='grc' dir='ltr'>διαθέσεις</span> 
     </span>
    </p>
   </div>
   <div class='ocr_carea' id='block_1_27' title="bbox 2178 1245 3834 1335">
    <p class='ocr_par' dir='ltr' id='par_1_27' title="bbox 2178 1245 3834 1335">
     <span class='ocr_line' id='line_1_27' title="bbox 2178 1245 3834 1335; baseline 0.007 -32"><span class='ocrx_word' id='word_1_175' title='bbox 2178 1245 2332 1322; x_wconf 75' lang='grc' dir='ltr'>ὅμως</span> <span class='ocrx_word' id='word_1_176' title='bbox 2366 1258 2656 1324; x_wconf 85' lang='grc' dir='ltr'>μετακινεῖ,</span> <span class='ocrx_word' id='word_1_177' title='bbox 2687 1253 2775 1308; x_wconf 82' lang='grc' dir='ltr'>καὶ</span> <span class='ocrx_word' id='word_1_178' title='bbox 2806 1256 2942 1329; x_wconf 90' lang='grc' dir='ltr'>πρὸς</span> <span class='ocrx_word' id='word_1_179' title='bbox 2986 1255 3081 1318; x_wconf 71' lang='grc' dir='ltr'>τὰς</span> <span class='ocrx_word' id='word_1_180' title='bbox 3133 1255 3334 1319; x_wconf 73' lang='grc' dir='ltr'>οἰκείας</span> <span class='ocrx_word' id='word_1_181' title='bbox 3385 1259 3677 1335; x_wconf 75' lang='grc' dir='ltr'>φαντασίας</span> <span class='ocrx_word' id='word_1_182' title='bbox 3734 1281 3834 1332; x_wconf 78' lang='grc' dir='ltr'>με·</span> 
     </span>
    </p>
   </div>
   <div class='ocr_carea' id='block_1_28' title="bbox 2175 1339 3828 1424">
    <p class='ocr_par' dir='ltr' id='par_1_28' title="bbox 2175 1339 3828 1424">
     <span class='ocr_line' id='line_1_28' title="bbox 2175 1339 3828 1424; baseline 0.006 -31"><span class='ocrx_word' id='word_1_183' title='bbox 2175 1339 2548 1414; x_wconf 78' lang='grc' dir='ltr'>ταῤῥυθμίζει·</span> <span class='ocrx_word' id='word_1_184' title='bbox 2612 1341 2754 1396; x_wconf 79' lang='grc' dir='ltr'>οὕτω</span> <span class='ocrx_word' id='word_1_185' title='bbox 2785 1344 2875 1398; x_wconf 85' lang='grc' dir='ltr'>καὶ</span> <span class='ocrx_word' id='word_1_186' title='bbox 2906 1347 2939 1412; x_wconf 81' lang='grc' dir='ltr'>ἡ</span> <span class='ocrx_word' id='word_1_187' title='bbox 2967 1343 3226 1418; x_wconf 85' lang='grc' dir='ltr'>παρθένος</span> <span class='ocrx_word' id='word_1_188' title='bbox 3267 1345 3617 1424; x_wconf 81' lang='grc' dir='ltr'>σωφροσύνης</span> <span class='ocrx_word' id='word_1_189' title='bbox 3647 1348 3828 1420; x_wconf 77' lang='grc' dir='ltr'>εἰκὼν,</span> 
     </span>
    </p>
   </div>
   <div class='ocr_carea' id='block_1_29' title="bbox 2181 1427 3823 1514">
    <p class='ocr_par' dir='ltr' id='par_1_29' title="bbox 2181 1427 3823 1514">
     <span class='ocr_line' id='line_1_29' title="bbox 2181 1427 3823 1514; baseline 0.005 -32"><span class='ocrx_word' id='word_1_190' title='bbox 2181 1428 2393 1501; x_wconf 77' lang='grc' dir='ltr'>μᾶλλον</span> <span class='ocrx_word' id='word_1_191' title='bbox 2429 1427 2486 1483; x_wconf 77' lang='grc' dir='ltr'>δὶ</span> <span class='ocrx_word' id='word_1_192' title='bbox 2515 1429 2847 1506; x_wconf 79' lang='grc' dir='ltr'>αὐτοαρετῇς</span> <span class='ocrx_word' id='word_1_193' title='bbox 2878 1432 3103 1506; x_wconf 79' lang='grc' dir='ltr'>ἄγαλμα</span> <span class='ocrx_word' id='word_1_194' title='bbox 3135 1433 3285 1505; x_wconf 75' lang='grc' dir='ltr'>οὖσα,</span> <span class='ocrx_word' id='word_1_195' title='bbox 3331 1433 3421 1489; x_wconf 79' lang='grc' dir='ltr'>καὶ</span> <span class='ocrx_word' id='word_1_196' title='bbox 3455 1436 3612 1508; x_wconf 83' lang='grc' dir='ltr'>μόνον</span> <span class='ocrx_word' id='word_1_197' title='bbox 3645 1437 3823 1514; x_wconf 84' lang='grc' dir='ltr'>ὀφθεῖ-</span> 
     </span>
    </p>
   </div>
   <div class='ocr_carea' id='block_1_30' title="bbox 2178 1518 3830 1598">
    <p class='ocr_par' dir='ltr' id='par_1_30' title="bbox 2178 1518 3830 1598">
     <span class='ocr_line' id='line_1_30' title="bbox 2178 1518 3830 1598; baseline 0.005 -27"><span class='ocrx_word' id='word_1_198' title='bbox 2178 1539 2263 1589; x_wconf 91' lang='grc' dir='ltr'>σα,</span> <span class='ocrx_word' id='word_1_199' title='bbox 2306 1518 2402 1579; x_wconf 83' lang='grc' dir='ltr'>τὰς</span> <span class='ocrx_word' id='word_1_200' title='bbox 2449 1523 2556 1572; x_wconf 84' lang='grc' dir='ltr'>τῶν</span> <span class='ocrx_word' id='word_1_201' title='bbox 2610 1519 2862 1593; x_wconf 81' lang='grc' dir='ltr'>ὁρώντων</span> <span class='ocrx_word' id='word_1_202' title='bbox 2915 1518 3068 1595; x_wconf 76' lang='grc' dir='ltr'>ὄψεις</span> <span class='ocrx_word' id='word_1_203' title='bbox 3118 1523 3254 1598; x_wconf 85' lang='grc' dir='ltr'>πρὸς</span> <span class='ocrx_word' id='word_1_204' title='bbox 3301 1524 3400 1591; x_wconf 76' lang='grc' dir='ltr'>τὴν</span> <span class='ocrx_word' id='word_1_205' title='bbox 3431 1527 3528 1578; x_wconf 93' lang='grc' dir='ltr'>τοῦ</span> <span class='ocrx_word' id='word_1_206' title='bbox 3560 1523 3704 1578; x_wconf 87' lang='grc' dir='ltr'>θείου</span> <span class='ocrx_word' id='word_1_207' title='bbox 3751 1521 3830 1579; x_wconf 75' lang='grc' dir='ltr'>ἔν-</span> 
     </span>
    </p>
   </div>
   <div class='ocr_carea' id='block_1_31' title="bbox 2176 1607 3829 1688">
    <p class='ocr_par' dir='ltr' id='par_1_31' title="bbox 2176 1607 3829 1688">
     <span class='ocr_line' id='line_1_31' title="bbox 2176 1607 3829 1688; baseline 0.004 -27"><span class='ocrx_word' id='word_1_208' title='bbox 2176 1628 2324 1662; x_wconf 90' lang='grc' dir='ltr'>νοιαν</span> <span class='ocrx_word' id='word_1_209' title='bbox 2360 1607 2696 1682; x_wconf 71' lang='grc' dir='ltr'>ἐπιστρέφειν</span> <span class='ocrx_word' id='word_1_210' title='bbox 2734 1607 2963 1684; x_wconf 84' lang='grc' dir='ltr'>ὀφείλει.</span> <span class='ocrx_word' id='word_1_211' title='bbox 3026 1614 3309 1686; x_wconf 88' lang='grc' dir='ltr'>Πληγήτω</span> <span class='ocrx_word' id='word_1_212' title='bbox 3350 1617 3479 1688; x_wconf 88' lang='grc' dir='ltr'>γοῦν</span> <span class='ocrx_word' id='word_1_213' title='bbox 3515 1635 3600 1675; x_wconf 89' lang='grc' dir='ltr'>τις</span> <span class='ocrx_word' id='word_1_214' title='bbox 3626 1611 3829 1668; x_wconf 76' lang='grc' dir='ltr'>ἀκόλαο</span> 
     </span>
    </p>
   </div>
   <div class='ocr_carea' id='block_1_32' title="bbox 2176 1698 3835 1775">
    <p class='ocr_par' dir='ltr' id='par_1_32' title="bbox 2176 1698 3835 1775">
     <span class='ocr_line' id='line_1_32' title="bbox 2176 1698 3835 1775; baseline 0.005 -26"><span class='ocrx_word' id='word_1_215' title='bbox 2176 1717 2300 1758; x_wconf 90' lang='grc' dir='ltr'>στος</span> <span class='ocrx_word' id='word_1_216' title='bbox 2351 1698 2454 1765; x_wconf 80' lang='grc' dir='ltr'>τὴν</span> <span class='ocrx_word' id='word_1_217' title='bbox 2500 1699 2711 1772; x_wconf 77' lang='grc' dir='ltr'>ψυχὴν,</span> <span class='ocrx_word' id='word_1_218' title='bbox 2759 1703 2856 1753; x_wconf 89' lang='grc' dir='ltr'>τοῦ</span> <span class='ocrx_word' id='word_1_219' title='bbox 2908 1706 3007 1769; x_wconf 85' lang='grc' dir='ltr'>τῆς</span> <span class='ocrx_word' id='word_1_220' title='bbox 3067 1700 3425 1775; x_wconf 73' lang='grc' dir='ltr'>σωφροσύνης</span> <span class='ocrx_word' id='word_1_221' title='bbox 3476 1701 3721 1765; x_wconf 76' lang='grc' dir='ltr'>κάλλους</span> <span class='ocrx_word' id='word_1_222' title='bbox 3775 1701 3835 1757; x_wconf 78' lang='grc' dir='ltr'>ἐκ</span> 
     </span>
    </p>
   </div>
   <div class='ocr_carea' id='block_1_33' title="bbox 2175 1787 3834 1864">
    <p class='ocr_par' dir='ltr' id='par_1_33' title="bbox 2175 1787 3834 1864">
     <span class='ocr_line' id='line_1_33' title="bbox 2175 1787 3834 1864; baseline 0.005 -26"><span class='ocrx_word' id='word_1_223' title='bbox 2175 1792 2274 1854; x_wconf 82' lang='grc' dir='ltr'>τῆς</span> <span class='ocrx_word' id='word_1_224' title='bbox 2329 1787 2662 1860; x_wconf 83' lang='grc' dir='ltr'>παρθενικῆς</span> <span class='ocrx_word' id='word_1_225' title='bbox 2721 1788 2842 1850; x_wconf 89' lang='grc' dir='ltr'>θέας</span> <span class='ocrx_word' id='word_1_226' title='bbox 2876 1789 3269 1860; x_wconf 88' lang='grc' dir='ltr'>ὑπομνησθείς.</span> <span class='ocrx_word' id='word_1_227' title='bbox 3314 1792 3748 1864; x_wconf 86' lang='grc' dir='ltr'>Ἀναμνησθήτω</span> <span class='ocrx_word' id='word_1_228' title='bbox 3776 1789 3834 1847; x_wconf 72' lang='grc' dir='ltr'>δέ</span> 
     </span>
    </p>
   </div>
   <div class='ocr_carea' id='block_1_34' title="bbox 413 1874 2058 1971">
    <p class='ocr_par' dir='ltr' id='par_1_34' title="bbox 413 1874 2058 1948">
     <span class='ocr_line' id='line_1_34' title="bbox 413 1874 2058 1948; baseline -0.003 -15"><span class='ocrx_word' id='word_1_229' title='bbox 413 1877 537 1944; x_wconf 89' lang='lat' dir='ltr'>Dei,</span> <span class='ocrx_word' id='word_1_230' title='bbox 558 1877 894 1948; x_wconf 87' lang='lat' dir='ltr'>imaginem.</span> <span class='ocrx_word' id='word_1_231' title='bbox 916 1893 1041 1946; x_wconf 73' lang='lat' dir='ltr'>quaa</span> <span class='ocrx_word' id='word_1_232' title='bbox 1077 1876 1145 1930; x_wconf 93' lang='lat' dir='ltr'>ad</span> <span class='ocrx_word' id='word_1_233' title='bbox 1172 1875 1433 1930; x_wconf 92' lang='lat' dir='ltr'>studium</span> <span class='ocrx_word' id='word_1_234' title='bbox 1467 1874 1626 1928; x_wconf 87' lang='lat' dir='ltr'>illius</span> <span class='ocrx_word' id='word_1_235' title='bbox 1651 1875 2058 1929; x_wconf 87' lang='lat' dir='ltr'>mandatorum</span> 
     </span>
    </p>
   </div>
   <div class='ocr_carea' id='block_1_35' title="bbox 2172 1874 3836 1971">
    <p class='ocr_par' dir='ltr' id='par_1_35' title="bbox 2176 1875 3836 1952">
     <span class='ocr_line' id='line_1_35' title="bbox 2176 1875 3836 1952; baseline 0.006 -26"><span class='ocrx_word' id='word_1_236' title='bbox 2176 1895 2260 1936; x_wconf 87' lang='grc' dir='ltr'>τις</span> <span class='ocrx_word' id='word_1_237' title='bbox 2318 1879 2474 1938; x_wconf 80' lang='grc' dir='ltr'>Θεοῦ,</span> <span class='ocrx_word' id='word_1_238' title='bbox 2530 1876 2629 1944; x_wconf 79' lang='grc' dir='ltr'>τὴν</span> <span class='ocrx_word' id='word_1_239' title='bbox 2660 1877 2797 1952; x_wconf 87' lang='grc' dir='ltr'>πρὸς</span> <span class='ocrx_word' id='word_1_240' title='bbox 2831 1875 2999 1946; x_wconf 81' lang='grc' dir='ltr'>ζῆλον</span> <span class='ocrx_word' id='word_1_241' title='bbox 3030 1883 3138 1932; x_wconf 85' lang='grc' dir='ltr'>τῶν</span> <span class='ocrx_word' id='word_1_242' title='bbox 3172 1877 3408 1935; x_wconf 72' lang='grc' dir='ltr'>ἰντολῶν</span> <span class='ocrx_word' id='word_1_243' title='bbox 3442 1881 3607 1935; x_wconf 83' lang='grc' dir='ltr'>αὐτοῦ</span> <span class='ocrx_word' id='word_1_244' title='bbox 3638 1881 3836 1936; x_wconf 85' lang='grc' dir='ltr'>ἀσκου·</span> 
     </span>
    </p>
   </div>
   <div class='ocr_carea' id='block_1_36' title="bbox 413 1963 2068 2035">
    <p class='ocr_par' dir='ltr' id='par_1_36' title="bbox 413 1963 2068 2035">
     <span class='ocr_line' id='line_1_36' title="bbox 413 1963 2068 2035; baseline -0.002 -14"><span class='ocrx_word' id='word_1_245' title='bbox 413 1966 717 2030; x_wconf 83' lang='lat' dir='ltr'>excolitur,</span> <span class='ocrx_word' id='word_1_246' title='bbox 751 1964 1061 2035; x_wconf 87' lang='lat' dir='ltr'>aspiciens.</span> <span class='ocrx_word' id='word_1_247' title='bbox 1090 1967 1279 2034; x_wconf 87' lang='lat' dir='ltr'>Atque</span> <span class='ocrx_word' id='word_1_248' title='bbox 1311 1969 1376 2018; x_wconf 94' lang='lat' dir='ltr'>ut</span> <span class='ocrx_word' id='word_1_249' title='bbox 1404 1964 1577 2018; x_wconf 86' lang='lat' dir='ltr'>verbo</span> <span class='ocrx_word' id='word_1_250' title='bbox 1621 1963 1836 2025; x_wconf 85' lang='lat' dir='ltr'>dicam,</span> <span class='ocrx_word' id='word_1_251' title='bbox 1871 1968 2068 2017; x_wconf 86' lang='lat' dir='ltr'>trans-</span> 
     </span>
    </p>
   </div>
   <div class='ocr_carea' id='block_1_37' title="bbox 413 2053 2068 2124">
    <p class='ocr_par' dir='ltr' id='par_1_37' title="bbox 413 2053 2068 2124">
     <span class='ocr_line' id='line_1_37' title="bbox 413 2053 2068 2124; baseline -0.002 -14"><span class='ocrx_word' id='word_1_252' title='bbox 413 2056 697 2110; x_wconf 82' lang='lat' dir='ltr'>formetur</span> <span class='ocrx_word' id='word_1_253' title='bbox 726 2055 1160 2109; x_wconf 88' lang='lat' dir='ltr'>occurrentium</span> <span class='ocrx_word' id='word_1_254' title='bbox 1187 2053 1396 2124; x_wconf 89' lang='lat' dir='ltr'>virgini</span> <span class='ocrx_word' id='word_1_255' title='bbox 1418 2058 1475 2107; x_wconf 94' lang='lat' dir='ltr'>et</span> <span class='ocrx_word' id='word_1_256' title='bbox 1495 2057 1770 2124; x_wconf 82' lang='lat' dir='ltr'>aspectus</span> <span class='ocrx_word' id='word_1_257' title='bbox 1793 2058 1848 2105; x_wconf 93' lang='lat' dir='ltr'>et</span> <span class='ocrx_word' id='word_1_258' title='bbox 1872 2057 2068 2107; x_wconf 84' lang='lat' dir='ltr'>motus</span> 
     </span>
    </p>
   </div>
   <div class='ocr_carea' id='block_1_38' title="bbox 413 2139 2068 2213">
    <p class='ocr_par' dir='ltr' id='par_1_38' title="bbox 413 2139 2068 2213">
     <span class='ocr_line' id='line_1_38' title="bbox 413 2139 2068 2213; baseline -0.002 -15"><span class='ocrx_word' id='word_1_259' title='bbox 413 2144 482 2200; x_wconf 91' lang='lat' dir='ltr'>ad</span> <span class='ocrx_word' id='word_1_260' title='bbox 538 2143 772 2198; x_wconf 89' lang='lat' dir='ltr'>virtutis</span> <span class='ocrx_word' id='word_1_261' title='bbox 819 2142 1278 2213; x_wconf 85' lang='lat' dir='ltr'>cogitationem:</span> <span class='ocrx_word' id='word_1_262' title='bbox 1325 2146 1380 2196; x_wconf 87' lang='lat' dir='ltr'>et</span> <span class='ocrx_word' id='word_1_263' title='bbox 1424 2139 1763 2211; x_wconf 89' lang='lat' dir='ltr'>quicunque</span> <span class='ocrx_word' id='word_1_264' title='bbox 1811 2157 1945 2195; x_wconf 89' lang='lat' dir='ltr'>cum</span> <span class='ocrx_word' id='word_1_265' title='bbox 2000 2157 2068 2194; x_wconf 91' lang='lat' dir='ltr'>ea</span> 
     </span>
    </p>
   </div>
   <div class='ocr_carea' id='block_1_39' title="bbox 408 2229 2063 2301">
    <p class='ocr_par' dir='ltr' id='par_1_39' title="bbox 408 2229 2063 2301">
     <span class='ocr_line' id='line_1_39' title="bbox 408 2229 2063 2301; baseline -0.002 -15"><span class='ocrx_word' id='word_1_266' title='bbox 408 2236 719 2287; x_wconf 87' lang='lat' dir='ltr'>versantur</span> <span class='ocrx_word' id='word_1_267' title='bbox 736 2231 933 2285; x_wconf 88' lang='lat' dir='ltr'>animo</span> <span class='ocrx_word' id='word_1_268' title='bbox 952 2233 1445 2301; x_wconf 86' lang='lat' dir='ltr'>compungantur.</span> <span class='ocrx_word' id='word_1_269' title='bbox 1461 2229 1642 2284; x_wconf 90' lang='lat' dir='ltr'>Nemo</span> <span class='ocrx_word' id='word_1_270' title='bbox 1667 2229 2063 2300; x_wconf 88' lang='lat' dir='ltr'>autem,quasi</span> 
     </span>
    </p>
   </div>
   <div class='ocr_carea' id='block_1_40' title="bbox 410 2317 2063 2391">
    <p class='ocr_par' dir='ltr' id='par_1_40' title="bbox 410 2317 2063 2391">
     <span class='ocr_line' id='line_1_40' title="bbox 410 2317 2063 2391; baseline -0.002 -15"><span class='ocrx_word' id='word_1_271' title='bbox 410 2320 591 2391; x_wconf 80' lang='lat' dir='ltr'>satyri</span> <span class='ocrx_word' id='word_1_272' title='bbox 623 2324 726 2375; x_wconf 85' lang='lat' dir='ltr'>aut</span> <span class='ocrx_word' id='word_1_273' title='bbox 744 2319 1060 2391; x_wconf 90' lang='lat' dir='ltr'>voluptatis</span> <span class='ocrx_word' id='word_1_274' title='bbox 1095 2320 1337 2374; x_wconf 83' lang='lat' dir='ltr'>fractam</span> <span class='ocrx_word' id='word_1_275' title='bbox 1371 2318 1610 2373; x_wconf 90' lang='lat' dir='ltr'>omnino</span> <span class='ocrx_word' id='word_1_276' title='bbox 1635 2317 1882 2373; x_wconf 88' lang='lat' dir='ltr'>mollitie</span> <span class='ocrx_word' id='word_1_277' title='bbox 1913 2319 2063 2373; x_wconf 88' lang='lat' dir='ltr'>ima-</span> 
     </span>
    </p>
   </div>
   <div class='ocr_carea' id='block_1_41' title="bbox 405 2407 2062 2479">
    <p class='ocr_par' dir='ltr' id='par_1_41' title="bbox 405 2407 2062 2479">
     <span class='ocr_line' id='line_1_41' title="bbox 405 2407 2062 2479; baseline 0 -17"><span class='ocrx_word' id='word_1_278' title='bbox 405 2409 601 2479; x_wconf 86' lang='lat' dir='ltr'>ginem</span> <span class='ocrx_word' id='word_1_279' title='bbox 635 2413 854 2473; x_wconf 88' lang='lat' dir='ltr'>cernat,</span> <span class='ocrx_word' id='word_1_280' title='bbox 881 2408 1215 2462; x_wconf 89' lang='lat' dir='ltr'>emolliatur</span> <span class='ocrx_word' id='word_1_281' title='bbox 1239 2409 1310 2462; x_wconf 90' lang='lat' dir='ltr'>ad</span> <span class='ocrx_word' id='word_1_282' title='bbox 1341 2408 1728 2478; x_wconf 88' lang='lat' dir='ltr'>peccandum,</span> <span class='ocrx_word' id='word_1_283' title='bbox 1749 2407 1800 2461; x_wconf 92' lang='lat' dir='ltr'>ei</span> <span class='ocrx_word' id='word_1_284' title='bbox 1823 2407 2062 2477; x_wconf 90' lang='lat' dir='ltr'>quidem</span> 
     </span>
    </p>
   </div>
   <div class='ocr_carea' id='block_1_42' title="bbox 407 2495 2062 2569">
    <p class='ocr_par' dir='ltr' id='par_1_42' title="bbox 407 2495 2062 2569">
     <span class='ocr_line' id='line_1_42' title="bbox 407 2495 2062 2569; baseline -0.002 -16"><span class='ocrx_word' id='word_1_285' title='bbox 407 2513 582 2569; x_wconf 89' lang='lat' dir='ltr'>quam</span> <span class='ocrx_word' id='word_1_286' title='bbox 615 2497 791 2560; x_wconf 90' lang='lat' dir='ltr'>videt,</span> <span class='ocrx_word' id='word_1_287' title='bbox 815 2498 886 2552; x_wconf 89' lang='lat' dir='ltr'>ad</span> <span class='ocrx_word' id='word_1_288' title='bbox 937 2498 1245 2552; x_wconf 89' lang='lat' dir='ltr'>materiam</span> <span class='ocrx_word' id='word_1_289' title='bbox 1298 2497 1493 2568; x_wconf 89' lang='lat' dir='ltr'>probri</span> <span class='ocrx_word' id='word_1_290' title='bbox 1546 2495 1946 2567; x_wconf 83' lang='lat' dir='ltr'>spectaculum</span> <span class='ocrx_word' id='word_1_291' title='bbox 1981 2496 2062 2550; x_wconf 89' lang='lat' dir='ltr'>si-</span> 
     </span>
    </p>
   </div>
   <div class='ocr_carea' id='block_1_43' title="bbox 406 2587 2061 2661">
    <p class='ocr_par' dir='ltr' id='par_1_43' title="bbox 406 2587 2061 2661">
     <span class='ocr_line' id='line_1_43' title="bbox 406 2587 2061 2661; baseline 0 -19"><span class='ocrx_word' id='word_1_292' title='bbox 406 2589 642 2643; x_wconf 82' lang='lat' dir='ltr'>mulatae</span> <span class='ocrx_word' id='word_1_293' title='bbox 675 2588 1052 2661; x_wconf 86' lang='lat' dir='ltr'>virginitatis,</span> <span class='ocrx_word' id='word_1_294' title='bbox 1085 2587 1197 2643; x_wconf 87' lang='lat' dir='ltr'>sibi</span> <span class='ocrx_word' id='word_1_295' title='bbox 1228 2604 1361 2642; x_wconf 88' lang='lat' dir='ltr'>vero</span> <span class='ocrx_word' id='word_1_296' title='bbox 1409 2587 1536 2658; x_wconf 90' lang='lat' dir='ltr'>ipse</span> <span class='ocrx_word' id='word_1_297' title='bbox 1587 2587 1658 2642; x_wconf 91' lang='lat' dir='ltr'>ad</span> <span class='ocrx_word' id='word_1_298' title='bbox 1712 2588 1929 2658; x_wconf 86' lang='lat' dir='ltr'>peccati</span> <span class='ocrx_word' id='word_1_299' title='bbox 1965 2604 2061 2642; x_wconf 89' lang='lat' dir='ltr'>ac-</span> 
     </span>
    </p>
   </div>
   <div class='ocr_carea' id='block_1_44' title="bbox 405 2675 2061 2748">
    <p class='ocr_par' dir='ltr' id='par_1_44' title="bbox 405 2675 2061 2748">
     <span class='ocr_line' id='line_1_44' title="bbox 405 2675 2061 2748; baseline -0.002 -15"><span class='ocrx_word' id='word_1_300' title='bbox 405 2678 730 2733; x_wconf 89' lang='lat' dir='ltr'>cessionem</span> <span class='ocrx_word' id='word_1_301' title='bbox 759 2693 1070 2732; x_wconf 88' lang='lat' dir='ltr'>occursum</span> <span class='ocrx_word' id='word_1_302' title='bbox 1092 2676 1336 2748; x_wconf 90' lang='lat' dir='ltr'>virginis</span> <span class='ocrx_word' id='word_1_303' title='bbox 1360 2681 1720 2731; x_wconf 84' lang='lat' dir='ltr'>convertens.</span> <span class='ocrx_word' id='word_1_304' title='bbox 1742 2675 1919 2747; x_wconf 92' lang='lat' dir='ltr'>Virgo</span> <span class='ocrx_word' id='word_1_305' title='bbox 1951 2675 2061 2746; x_wconf 88' lang='lat' dir='ltr'>igi-</span> 
     </span>
    </p>
   </div>
   <div class='ocr_carea' id='block_1_45' title="bbox 403 2764 2060 2836">
    <p class='ocr_par' dir='ltr' id='par_1_45' title="bbox 403 2764 2060 2836">
     <span class='ocr_line' id='line_1_45' title="bbox 403 2764 2060 2836; baseline -0.001 -15"><span class='ocrx_word' id='word_1_306' title='bbox 403 2770 502 2821; x_wconf 89' lang='lat' dir='ltr'>tur</span> <span class='ocrx_word' id='word_1_307' title='bbox 532 2767 613 2820; x_wconf 88' lang='lat' dir='ltr'>ita</span> <span class='ocrx_word' id='word_1_308' title='bbox 643 2782 770 2822; x_wconf 88' lang='lat' dir='ltr'>sese</span> <span class='ocrx_word' id='word_1_309' title='bbox 800 2764 1088 2831; x_wconf 83' lang='lat' dir='ltr'>excolens,</span> <span class='ocrx_word' id='word_1_310' title='bbox 1127 2773 1190 2819; x_wconf 89' lang='lat' dir='ltr'>ut</span> <span class='ocrx_word' id='word_1_311' title='bbox 1219 2765 1426 2819; x_wconf 62' lang='lat' dir='ltr'>divina:</span> <span class='ocrx_word' id='word_1_312' title='bbox 1457 2765 1736 2836; x_wconf 90' lang='lat' dir='ltr'>imaginis</span> <span class='ocrx_word' id='word_1_313' title='bbox 1766 2781 1969 2819; x_wconf 90' lang='lat' dir='ltr'>norma</span> <span class='ocrx_word' id='word_1_314' title='bbox 2001 2765 2060 2820; x_wconf 88' lang='lat' dir='ltr'>in</span> 
     </span>
    </p>
   </div>
   <div class='ocr_carea' id='block_1_46' title="bbox 405 2853 2058 2926">
    <p class='ocr_par' dir='ltr' id='par_1_46' title="bbox 405 2853 2058 2926">
     <span class='ocr_line' id='line_1_46' title="bbox 405 2853 2058 2926; baseline -0.002 -16"><span class='ocrx_word' id='word_1_315' title='bbox 405 2854 704 2922; x_wconf 86' lang='lat' dir='ltr'>omnibus,</span> <span class='ocrx_word' id='word_1_316' title='bbox 736 2861 814 2922; x_wconf 90' lang='lat' dir='ltr'>et,</span> <span class='ocrx_word' id='word_1_317' title='bbox 839 2859 903 2909; x_wconf 88' lang='lat' dir='ltr'>ut</span> <span class='ocrx_word' id='word_1_318' title='bbox 931 2854 1012 2909; x_wconf 91' lang='lat' dir='ltr'>ita</span> <span class='ocrx_word' id='word_1_319' title='bbox 1051 2853 1264 2924; x_wconf 90' lang='lat' dir='ltr'>dicam,</span> <span class='ocrx_word' id='word_1_320' title='bbox 1287 2853 1592 2926; x_wconf 87' lang='lat' dir='ltr'>sculptura</span> <span class='ocrx_word' id='word_1_321' title='bbox 1622 2855 1850 2922; x_wconf 84' lang='lat' dir='ltr'>evadat,</span> <span class='ocrx_word' id='word_1_322' title='bbox 1876 2859 2058 2908; x_wconf 89' lang='lat' dir='ltr'>totam</span> 
     </span>
    </p>
   </div>
   <div class='ocr_carea' id='block_1_47' title="bbox 405 2942 2059 3014">
    <p class='ocr_par' dir='ltr' id='par_1_47' title="bbox 405 2942 2059 3014">
     <span class='ocr_line' id='line_1_47' title="bbox 405 2942 2059 3014; baseline -0.002 -13"><span class='ocrx_word' id='word_1_323' title='bbox 405 2962 468 3002; x_wconf 92' lang='lat' dir='ltr'>se</span> <span class='ocrx_word' id='word_1_324' title='bbox 499 2963 532 3000; x_wconf 93' lang='lat' dir='ltr'>a</span> <span class='ocrx_word' id='word_1_325' title='bbox 565 2944 767 3000; x_wconf 92' lang='lat' dir='ltr'>mundi</span> <span class='ocrx_word' id='word_1_326' title='bbox 801 2944 957 2999; x_wconf 90' lang='lat' dir='ltr'>curis</span> <span class='ocrx_word' id='word_1_327' title='bbox 998 2944 1337 3010; x_wconf 85' lang='lat' dir='ltr'>removebit,</span> <span class='ocrx_word' id='word_1_328' title='bbox 1371 2948 1430 2998; x_wconf 90' lang='lat' dir='ltr'>et</span> <span class='ocrx_word' id='word_1_329' title='bbox 1463 2961 1495 2997; x_wconf 91' lang='lat' dir='ltr'>a</span> <span class='ocrx_word' id='word_1_330' title='bbox 1527 2943 1823 3014; x_wconf 91' lang='lat' dir='ltr'>corporeis</span> <span class='ocrx_word' id='word_1_331' title='bbox 1848 2942 2059 3014; x_wconf 90' lang='lat' dir='ltr'>volup-</span> 
     </span>
    </p>
   </div>
   <div class='ocr_carea' id='block_1_48' title="bbox 401 3033 2058 3104">
    <p class='ocr_par' dir='ltr' id='par_1_48' title="bbox 401 3033 2058 3104">
     <span class='ocr_line' id='line_1_48' title="bbox 401 3033 2058 3104; baseline -0.002 -14"><span class='ocrx_word' id='word_1_332' title='bbox 401 3035 630 3090; x_wconf 84' lang='lat' dir='ltr'>tatibus</span> <span class='ocrx_word' id='word_1_333' title='bbox 667 3035 927 3090; x_wconf 86' lang='lat' dir='ltr'>animam</span> <span class='ocrx_word' id='word_1_334' title='bbox 961 3034 1113 3088; x_wconf 73' lang='lat'>639</span> <span class='ocrx_word' id='word_1_335' title='bbox 1148 3033 1438 3102; x_wconf 88' lang='lat' dir='ltr'>avocabit,</span> <span class='ocrx_word' id='word_1_336' title='bbox 1469 3037 1772 3104; x_wconf 88' lang='lat' dir='ltr'>totamque</span> <span class='ocrx_word' id='word_1_337' title='bbox 1806 3036 2058 3087; x_wconf 92' lang='lat' dir='ltr'>mentem</span> 
     </span>
    </p>
   </div>
   <div class='ocr_carea' id='block_1_49' title="bbox 402 3119 2061 3190">
    <p class='ocr_par' dir='ltr' id='par_1_49' title="bbox 402 3119 2061 3190">
     <span class='ocr_line' id='line_1_49' title="bbox 402 3119 2061 3190; baseline -0.002 -12"><span class='ocrx_word' id='word_1_338' title='bbox 402 3125 472 3178; x_wconf 88' lang='lat' dir='ltr'>ad</span> <span class='ocrx_word' id='word_1_339' title='bbox 523 3140 784 3180; x_wconf 87' lang='lat' dir='ltr'>amorem</span> <span class='ocrx_word' id='word_1_340' title='bbox 835 3123 1158 3177; x_wconf 74' lang='lat' dir='ltr'>ccelestium</span> <span class='ocrx_word' id='word_1_341' title='bbox 1211 3122 1546 3190; x_wconf 88' lang='lat' dir='ltr'>intendens,</span> <span class='ocrx_word' id='word_1_342' title='bbox 1582 3127 1812 3176; x_wconf 90' lang='lat' dir='ltr'>terrena</span> <span class='ocrx_word' id='word_1_343' title='bbox 1861 3119 2061 3175; x_wconf 91' lang='lat' dir='ltr'>omnia</span> 
     </span>
    </p>
   </div>
   <div class='ocr_carea' id='block_1_50' title="bbox 399 3209 2052 3282">
    <p class='ocr_par' dir='ltr' id='par_1_50' title="bbox 399 3209 2052 3282">
     <span class='ocr_line' id='line_1_50' title="bbox 399 3209 2052 3282; baseline -0.004 -14"><span class='ocrx_word' id='word_1_344' title='bbox 399 3211 827 3268; x_wconf 88' lang='lat' dir='ltr'>oblectamenta</span> <span class='ocrx_word' id='word_1_345' title='bbox 875 3210 1274 3279; x_wconf 88' lang='lat' dir='ltr'>conculcabit;</span> <span class='ocrx_word' id='word_1_346' title='bbox 1307 3227 1420 3265; x_wconf 91' lang='lat' dir='ltr'>non</span> <span class='ocrx_word' id='word_1_347' title='bbox 1474 3210 1664 3282; x_wconf 85' lang='lat' dir='ltr'>magis</span> <span class='ocrx_word' id='word_1_348' title='bbox 1695 3226 1964 3280; x_wconf 80' lang='lat' dir='ltr'>quaerens</span> <span class='ocrx_word' id='word_1_349' title='bbox 1995 3209 2052 3263; x_wconf 91' lang='lat' dir='ltr'>in</span> 
     </span>
    </p>
   </div>
   <div class='ocr_carea' id='block_1_51' title="bbox 2184 1963 3836 2046">
    <p class='ocr_par' dir='ltr' id='par_1_51' title="bbox 2184 1963 3836 2046">
     <span class='ocr_line' id='line_1_51' title="bbox 2184 1963 3836 2046; baseline 0.004 -29"><span class='ocrx_word' id='word_1_350' title='bbox 2184 1963 2349 2035; x_wconf 66' lang='grc' dir='ltr'>μέλην</span> <span class='ocrx_word' id='word_1_351' title='bbox 2386 1963 2566 2019; x_wconf 52' lang='grc' dir='ltr'>εῗκόνα</span> <span class='ocrx_word' id='word_1_352' title='bbox 2599 1963 2751 2022; x_wconf 72' lang='grc' dir='ltr'>ἰδών.</span> <span class='ocrx_word' id='word_1_353' title='bbox 2813 1967 2906 2022; x_wconf 85' lang='grc' dir='ltr'>Καὶ</span> <span class='ocrx_word' id='word_1_354' title='bbox 2943 1965 3188 2030; x_wconf 84' lang='grc' dir='ltr'>συνόλως</span> <span class='ocrx_word' id='word_1_355' title='bbox 3236 1967 3428 2036; x_wconf 71' lang='grc' dir='ltr'>εῗπεῖν,</span> <span class='ocrx_word' id='word_1_356' title='bbox 3465 1969 3836 2046; x_wconf 71' lang='grc' dir='ltr'>μεταρρυθμιο</span> 
     </span>
    </p>
   </div>
   <div class='ocr_carea' id='block_1_52' title="bbox 2180 2053 3836 2134">
    <p class='ocr_par' dir='ltr' id='par_1_52' title="bbox 2180 2053 3836 2134">
     <span class='ocr_line' id='line_1_52' title="bbox 2180 2053 3836 2134; baseline 0.005 -28"><span class='ocrx_word' id='word_1_357' title='bbox 2180 2053 2348 2120; x_wconf 83' lang='grc' dir='ltr'>ζέσθω</span> <span class='ocrx_word' id='word_1_358' title='bbox 2386 2053 2488 2107; x_wconf 84' lang='grc' dir='ltr'>νῶν</span> <span class='ocrx_word' id='word_1_359' title='bbox 2521 2053 2884 2110; x_wconf 74' lang='grc' dir='ltr'>ἀπαντώντων</span> <span class='ocrx_word' id='word_1_360' title='bbox 2921 2059 3031 2128; x_wconf 88' lang='grc'>(93)</span> <span class='ocrx_word' id='word_1_361' title='bbox 3079 2061 3146 2130; x_wconf 81' lang='grc' dir='ltr'>τῇ</span> <span class='ocrx_word' id='word_1_362' title='bbox 3207 2059 3457 2132; x_wconf 79' lang='grc' dir='ltr'>παρθένῳ</span> <span class='ocrx_word' id='word_1_363' title='bbox 3486 2059 3577 2112; x_wconf 86' lang='grc' dir='ltr'>καὶ</span> <span class='ocrx_word' id='word_1_364' title='bbox 3609 2057 3836 2134; x_wconf 78' lang='grc' dir='ltr'>βλέμμα</span> 
     </span>
    </p>
   </div>
   <div class='ocr_carea' id='block_1_53' title="bbox 2175 2141 3830 2221">
    <p class='ocr_par' dir='ltr' id='par_1_53' title="bbox 2175 2141 3830 2221">
     <span class='ocr_line' id='line_1_53' title="bbox 2175 2141 3830 2221; baseline 0.005 -27"><span class='ocrx_word' id='word_1_365' title='bbox 2175 2142 2265 2194; x_wconf 85' lang='grc' dir='ltr'>καὶ</span> <span class='ocrx_word' id='word_1_366' title='bbox 2338 2141 2549 2214; x_wconf 84' lang='grc' dir='ltr'>κίνημα</span> <span class='ocrx_word' id='word_1_367' title='bbox 2619 2143 2757 2219; x_wconf 88' lang='grc' dir='ltr'>πρὸς</span> <span class='ocrx_word' id='word_1_368' title='bbox 2811 2146 2912 2213; x_wconf 83' lang='grc' dir='ltr'>τήν</span> <span class='ocrx_word' id='word_1_369' title='bbox 2965 2149 3062 2199; x_wconf 92' lang='grc' dir='ltr'>τοῦ</span> <span class='ocrx_word' id='word_1_370' title='bbox 3120 2145 3293 2201; x_wconf 87' lang='grc' dir='ltr'>καλοῦ</span> <span class='ocrx_word' id='word_1_371' title='bbox 3347 2148 3634 2221; x_wconf 81' lang='grc' dir='ltr'>φαντασίαν</span> <span class='ocrx_word' id='word_1_372' title='bbox 3667 2167 3679 2179; x_wconf 82' lang='lat'><strong><em>°</em></strong></span> <span class='ocrx_word' id='word_1_373' title='bbox 3739 2149 3830 2203; x_wconf 87' lang='lat' dir='ltr'>xui</span> 
     </span>
    </p>
   </div>
   <div class='ocr_carea' id='block_1_54' title="bbox 2173 2231 3836 2312">
    <p class='ocr_par' dir='ltr' id='par_1_54' title="bbox 2173 2231 3836 2312">
     <span class='ocr_line' id='line_1_54' title="bbox 2173 2231 3836 2312; baseline 0.004 -28"><span class='ocrx_word' id='word_1_374' title='bbox 2173 2231 2366 2292; x_wconf 82' lang='grc' dir='ltr'>πάντες</span> <span class='ocrx_word' id='word_1_375' title='bbox 2417 2231 2512 2303; x_wconf 72' lang='grc' dir='ltr'>μὲν</span> <span class='ocrx_word' id='word_1_376' title='bbox 2568 2232 2619 2284; x_wconf 73' lang='grc' dir='ltr'>οἱ</span> <span class='ocrx_word' id='word_1_377' title='bbox 2681 2235 3142 2308; x_wconf 83' lang='grc' dir='ltr'>συντυγχάνοντες</span> <span class='ocrx_word' id='word_1_378' title='bbox 3209 2233 3682 2312; x_wconf 82' lang='grc' dir='ltr'>ἐπιστυφέσθωσαν</span> <span class='ocrx_word' id='word_1_379' title='bbox 3736 2239 3836 2307; x_wconf 74' lang='grc' dir='ltr'>τὴν</span> 
     </span>
    </p>
   </div>
   <div class='ocr_carea' id='block_1_55' title="bbox 2176 2317 3835 2399">
    <p class='ocr_par' dir='ltr' id='par_1_55' title="bbox 2176 2317 3835 2399">
     <span class='ocr_line' id='line_1_55' title="bbox 2176 2317 3835 2399; baseline 0.007 -26"><span class='ocrx_word' id='word_1_380' title='bbox 2176 2317 2653 2390; x_wconf 81' lang='grc' dir='ltr'>διάνοιαν.Μηδεὶς</span> <span class='ocrx_word' id='word_1_381' title='bbox 2681 2318 2948 2397; x_wconf 74' lang='grc' dir='ltr'>δέ,ὥσπερ</span> <span class='ocrx_word' id='word_1_382' title='bbox 2973 2323 3205 2399; x_wconf 87' lang='grc' dir='ltr'>σατύρου</span> <span class='ocrx_word' id='word_1_383' title='bbox 3238 2324 3272 2393; x_wconf 76' lang='grc' dir='ltr'><strong>ἢ</strong></span> <span class='ocrx_word' id='word_1_384' title='bbox 3304 2321 3510 2394; x_wconf 79' lang='grc' dir='ltr'>ἡδονῆς</span> <span class='ocrx_word' id='word_1_385' title='bbox 3543 2324 3682 2397; x_wconf 78' lang='grc' dir='ltr'>ὅλην</span> <span class='ocrx_word' id='word_1_386' title='bbox 3721 2328 3835 2399; x_wconf 80' lang='grc'>(94)</span> 
     </span>
    </p>
   </div>
   <div class='ocr_carea' id='block_1_56' title="bbox 2171 2407 3834 2491">
    <p class='ocr_par' dir='ltr' id='par_1_56' title="bbox 2171 2407 3834 2491">
     <span class='ocr_line' id='line_1_56' title="bbox 2171 2407 3834 2491; baseline 0.003 -28"><span class='ocrx_word' id='word_1_387' title='bbox 2171 2410 2550 2484; x_wconf 85' lang='grc' dir='ltr'>τεθρυμμένην</span> <span class='ocrx_word' id='word_1_388' title='bbox 2600 2409 2723 2483; x_wconf 73' lang='grc' dir='ltr'>ὄψιν</span> <span class='ocrx_word' id='word_1_389' title='bbox 2774 2407 2942 2478; x_wconf 86' lang='grc' dir='ltr'>ἰδὼν,</span> <span class='ocrx_word' id='word_1_390' title='bbox 2997 2409 3283 2488; x_wconf 69' lang='grc' dir='ltr'>διαχυθείη</span> <span class='ocrx_word' id='word_1_391' title='bbox 3344 2415 3479 2486; x_wconf 87' lang='grc' dir='ltr'>πρὸς</span> <span class='ocrx_word' id='word_1_392' title='bbox 3538 2416 3834 2491; x_wconf 78' lang='grc' dir='ltr'>ἁμαρτίαν,</span> 
     </span>
    </p>
   </div>
   <div class='ocr_carea' id='block_1_57' title="bbox 2174 2497 3830 2578">
    <p class='ocr_par' dir='ltr' id='par_1_57' title="bbox 2174 2497 3830 2578">
     <span class='ocr_line' id='line_1_57' title="bbox 2174 2497 3830 2578; baseline 0.004 -26"><span class='ocrx_word' id='word_1_393' title='bbox 2174 2497 2389 2576; x_wconf 81' lang='grc' dir='ltr'>ἐφόδιον</span> <span class='ocrx_word' id='word_1_394' title='bbox 2422 2499 2599 2573; x_wconf 83' lang='grc' dir='ltr'>ψόγου</span> <span class='ocrx_word' id='word_1_395' title='bbox 2633 2500 2728 2571; x_wconf 79' lang='grc' dir='ltr'>μὶν</span> <span class='ocrx_word' id='word_1_396' title='bbox 2748 2501 2819 2570; x_wconf 81' lang='grc' dir='ltr'>τῇ</span> <span class='ocrx_word' id='word_1_397' title='bbox 2845 2499 3092 2578; x_wconf 74' lang='grc' dir='ltr'>ὀφθείσῃ,</span> <span class='ocrx_word' id='word_1_398' title='bbox 3127 2508 3227 2570; x_wconf 84' lang='grc' dir='ltr'>τῆς</span> <span class='ocrx_word' id='word_1_399' title='bbox 3260 2500 3507 2557; x_wconf 81' lang='grc' dir='ltr'>ὑπούλου</span> <span class='ocrx_word' id='word_1_400' title='bbox 3539 2504 3830 2578; x_wconf 81' lang='grc' dir='ltr'>παρθενίας</span> 
     </span>
    </p>
   </div>
   <div class='ocr_carea' id='block_1_58' title="bbox 2170 2585 3826 2669">
    <p class='ocr_par' dir='ltr' id='par_1_58' title="bbox 2170 2585 3826 2669">
     <span class='ocr_line' id='line_1_58' title="bbox 2170 2585 3826 2669; baseline 0.005 -30"><span class='ocrx_word' id='word_1_401' title='bbox 2170 2587 2269 2655; x_wconf 78' lang='grc' dir='ltr'>τήν</span> <span class='ocrx_word' id='word_1_402' title='bbox 2305 2589 2448 2655; x_wconf 80' lang='grc' dir='ltr'>θέαν,</span> <span class='ocrx_word' id='word_1_403' title='bbox 2485 2588 2658 2660; x_wconf 71' lang='grc' dir='ltr'>ἑαυτῷ</span> <span class='ocrx_word' id='word_1_404' title='bbox 2691 2585 2748 2643; x_wconf 73' lang='grc' dir='ltr'>δὲ</span> <span class='ocrx_word' id='word_1_405' title='bbox 2781 2589 3029 2661; x_wconf 83' lang='grc' dir='ltr'>μείζονος</span> <span class='ocrx_word' id='word_1_406' title='bbox 3080 2590 3349 2663; x_wconf 80' lang='grc' dir='ltr'>ἁμαρτίας</span> <span class='ocrx_word' id='word_1_407' title='bbox 3381 2593 3477 2661; x_wconf 75' lang='grc' dir='ltr'>τήν</span> <span class='ocrx_word' id='word_1_408' title='bbox 3531 2593 3826 2669; x_wconf 88' lang='grc' dir='ltr'>συντυχίαν</span> 
     </span>
    </p>
   </div>
   <div class='ocr_carea' id='block_1_59' title="bbox 2169 2672 3831 2750">
    <p class='ocr_par' dir='ltr' id='par_1_59' title="bbox 2169 2672 3831 2750">
     <span class='ocr_line' id='line_1_59' title="bbox 2169 2672 3831 2750; baseline 0.004 -21"><span class='ocrx_word' id='word_1_409' title='bbox 2169 2683 2269 2745; x_wconf 85' lang='grc' dir='ltr'>τῆς</span> <span class='ocrx_word' id='word_1_410' title='bbox 2329 2677 2599 2750; x_wconf 73' lang='grc' dir='ltr'>παρθένου</span> <span class='ocrx_word' id='word_1_411' title='bbox 2659 2672 2866 2733; x_wconf 78' lang='grc' dir='ltr'>λαϐών.</span> <span class='ocrx_word' id='word_1_412' title='bbox 2949 2679 3160 2736; x_wconf 83' lang='grc' dir='ltr'>Οὐκοῦν</span> <span class='ocrx_word' id='word_1_413' title='bbox 3235 2685 3369 2735; x_wconf 88' lang='grc' dir='ltr'>Θεοῦ</span> <span class='ocrx_word' id='word_1_414' title='bbox 3428 2679 3636 2744; x_wconf 80' lang='grc' dir='ltr'>εἰκόνος</span> <span class='ocrx_word' id='word_1_415' title='bbox 3696 2683 3831 2736; x_wconf 84' lang='grc' dir='ltr'>κατὰ</span> 
     </span>
    </p>
   </div>
   <div class='ocr_carea' id='block_1_60' title="bbox 2170 2763 3824 2842">
    <p class='ocr_par' dir='ltr' id='par_1_60' title="bbox 2170 2763 3824 2842">
     <span class='ocr_line' id='line_1_60' title="bbox 2170 2763 3824 2842; baseline 0.004 -26"><span class='ocrx_word' id='word_1_416' title='bbox 2170 2763 2341 2817; x_wconf 83' lang='grc' dir='ltr'>πάντα</span> <span class='ocrx_word' id='word_1_417' title='bbox 2373 2763 2578 2837; x_wconf 80' lang='grc' dir='ltr'>ῥυθμὸν</span> <span class='ocrx_word' id='word_1_418' title='bbox 2608 2765 2824 2834; x_wconf 70' lang='grc' dir='ltr'>ἑαυτὴν,</span> <span class='ocrx_word' id='word_1_419' title='bbox 2857 2766 2969 2834; x_wconf 94' lang='lat' dir='ltr'>xui,</span> <span class='ocrx_word' id='word_1_420' title='bbox 3023 2768 3096 2828; x_wconf 85' lang='grc' dir='ltr'>ὡς</span> <span class='ocrx_word' id='word_1_421' title='bbox 3127 2765 3190 2820; x_wconf 73' lang='grc' dir='ltr'>ἂν</span> <span class='ocrx_word' id='word_1_422' title='bbox 3221 2765 3364 2821; x_wconf 66' lang='grc' dir='ltr'>εἷίποι</span> <span class='ocrx_word' id='word_1_423' title='bbox 3413 2789 3515 2836; x_wconf 90' lang='grc' dir='ltr'>τις,</span> <span class='ocrx_word' id='word_1_424' title='bbox 3568 2767 3824 2842; x_wconf 84' lang='grc' dir='ltr'>γλύμμα,</span> 
     </span>
    </p>
   </div>
   <div class='ocr_carea' id='block_1_61' title="bbox 2169 2852 3821 2926">
    <p class='ocr_par' dir='ltr' id='par_1_61' title="bbox 2169 2852 3821 2926">
     <span class='ocr_line' id='line_1_61' title="bbox 2169 2852 3821 2926; baseline 0.004 -22"><span class='ocrx_word' id='word_1_425' title='bbox 2169 2854 2203 2920; x_wconf 76' lang='grc' dir='ltr'><strong>ἡ</strong></span> <span class='ocrx_word' id='word_1_426' title='bbox 2249 2853 2510 2926; x_wconf 76' lang='grc' dir='ltr'>παρθένος</span> <span class='ocrx_word' id='word_1_427' title='bbox 2543 2853 2842 2922; x_wconf 77' lang='grc' dir='ltr'>ἀσκήσασα,</span> <span class='ocrx_word' id='word_1_428' title='bbox 2877 2852 3014 2924; x_wconf 76' lang='grc' dir='ltr'>ὅλην</span> <span class='ocrx_word' id='word_1_429' title='bbox 3049 2854 3144 2926; x_wconf 80' lang='grc' dir='ltr'>μὲν</span> <span class='ocrx_word' id='word_1_430' title='bbox 3173 2856 3370 2923; x_wconf 74' lang='grc' dir='ltr'>ἑαυτὴν</span> <span class='ocrx_word' id='word_1_431' title='bbox 3418 2861 3526 2909; x_wconf 84' lang='grc' dir='ltr'>τῶν</span> <span class='ocrx_word' id='word_1_432' title='bbox 3577 2855 3673 2909; x_wconf 79' lang='grc' dir='ltr'>τοῦ</span> <span class='ocrx_word' id='word_1_433' title='bbox 3730 2857 3821 2910; x_wconf 88' lang='grc' dir='ltr'>κό-</span> 
     </span>
    </p>
   </div>
   <div class='ocr_carea' id='block_1_62' title="bbox 2171 2937 3818 3017">
    <p class='ocr_par' dir='ltr' id='par_1_62' title="bbox 2171 2937 3818 3017">
     <span class='ocr_line' id='line_1_62' title="bbox 2171 2937 3818 3017; baseline 0.002 -22"><span class='ocrx_word' id='word_1_434' title='bbox 2171 2961 2310 3014; x_wconf 90' lang='grc' dir='ltr'>σμου</span> <span class='ocrx_word' id='word_1_435' title='bbox 2346 2938 2646 3014; x_wconf 82' lang='grc' dir='ltr'>φροντίδων</span> <span class='ocrx_word' id='word_1_436' title='bbox 2702 2937 2802 3011; x_wconf 77' lang='grc' dir='ltr'>ἔξω</span> <span class='ocrx_word' id='word_1_437' title='bbox 2856 2944 3097 3012; x_wconf 88' lang='grc' dir='ltr'>ποιήσει·</span> <span class='ocrx_word' id='word_1_438' title='bbox 3157 2947 3264 2997; x_wconf 79' lang='grc' dir='ltr'>τῶν</span> <span class='ocrx_word' id='word_1_439' title='bbox 3325 2940 3382 2997; x_wconf 76' lang='grc' dir='ltr'>δὲ</span> <span class='ocrx_word' id='word_1_440' title='bbox 3425 2947 3520 2997; x_wconf 91' lang='grc' dir='ltr'>τοῦ</span> <span class='ocrx_word' id='word_1_441' title='bbox 3567 2944 3818 3017; x_wconf 86' lang='grc' dir='ltr'>σώματος</span> 
     </span>
    </p>
   </div>
   <div class='ocr_carea' id='block_1_63' title="bbox 2169 3029 3826 3106">
    <p class='ocr_par' dir='ltr' id='par_1_63' title="bbox 2169 3029 3826 3106">
     <span class='ocr_line' id='line_1_63' title="bbox 2169 3029 3826 3106; baseline 0.001 -21"><span class='ocrx_word' id='word_1_442' title='bbox 2169 3029 2382 3099; x_wconf 77' lang='grc' dir='ltr'>ἡδονῶν</span> <span class='ocrx_word' id='word_1_443' title='bbox 2409 3031 2506 3098; x_wconf 73' lang='grc' dir='ltr'>τὴν</span> <span class='ocrx_word' id='word_1_444' title='bbox 2539 3031 2723 3106; x_wconf 75' lang='grc' dir='ltr'>ψυχὴν</span> <span class='ocrx_word' id='word_1_445' title='bbox 2759 3030 3075 3101; x_wconf 80' lang='grc' dir='ltr'>ἀποστήσει,</span> <span class='ocrx_word' id='word_1_446' title='bbox 3103 3030 3192 3086; x_wconf 83' lang='grc' dir='ltr'>καὶ</span> <span class='ocrx_word' id='word_1_447' title='bbox 3238 3031 3366 3087; x_wconf 83' lang='grc' dir='ltr'>ὅλον</span> <span class='ocrx_word' id='word_1_448' title='bbox 3397 3032 3490 3086; x_wconf 86' lang='grc' dir='ltr'>τὸν</span> <span class='ocrx_word' id='word_1_449' title='bbox 3519 3036 3640 3086; x_wconf 92' lang='grc' dir='ltr'>νοῦν</span> <span class='ocrx_word' id='word_1_450' title='bbox 3690 3033 3826 3104; x_wconf 86' lang='grc' dir='ltr'>πρὸς</span> 
     </span>
    </p>
   </div>
   <div class='ocr_carea' id='block_1_64' title="bbox 2168 3118 3828 3194">
    <p class='ocr_par' dir='ltr' id='par_1_64' title="bbox 2168 3118 3828 3194">
     <span class='ocr_line' id='line_1_64' title="bbox 2168 3118 3828 3194; baseline 0 -20"><span class='ocrx_word' id='word_1_451' title='bbox 2168 3120 2259 3174; x_wconf 88' lang='grc' dir='ltr'>τὸν</span> <span class='ocrx_word' id='word_1_452' title='bbox 2291 3118 2468 3192; x_wconf 77' lang='grc' dir='ltr'>ἔρωτα</span> <span class='ocrx_word' id='word_1_453' title='bbox 2495 3123 2600 3174; x_wconf 84' lang='grc' dir='ltr'>τῶν</span> <span class='ocrx_word' id='word_1_454' title='bbox 2632 3118 2892 3194; x_wconf 79' lang='grc' dir='ltr'>οὐρανίων</span> <span class='ocrx_word' id='word_1_455' title='bbox 2923 3119 3160 3186; x_wconf 89' lang='grc' dir='ltr'>τείνασα,</span> <span class='ocrx_word' id='word_1_456' title='bbox 3193 3120 3258 3175; x_wconf 77' lang='grc' dir='ltr'>τὰ</span> <span class='ocrx_word' id='word_1_457' title='bbox 3286 3122 3424 3174; x_wconf 82' lang='grc' dir='ltr'>κατᾶ</span> <span class='ocrx_word' id='word_1_458' title='bbox 3472 3128 3576 3194; x_wconf 78' lang='grc' dir='ltr'>γῆν</span> <span class='ocrx_word' id='word_1_459' title='bbox 3625 3120 3828 3194; x_wconf 78' lang='grc' dir='ltr'>τερπνὰ</span> 
     </span>
    </p>
   </div>
   <div class='ocr_carea' id='block_1_65' title="bbox 2171 3206 3833 3284">
    <p class='ocr_par' dir='ltr' id='par_1_65' title="bbox 2171 3206 3833 3284">
     <span class='ocr_line' id='line_1_65' title="bbox 2171 3206 3833 3284; baseline -0.001 -20"><span class='ocrx_word' id='word_1_460' title='bbox 2171 3209 2344 3264; x_wconf 83' lang='grc' dir='ltr'>πάντα</span> <span class='ocrx_word' id='word_1_461' title='bbox 2373 3211 2623 3279; x_wconf 88' lang='grc' dir='ltr'>πατήσει·</span> <span class='ocrx_word' id='word_1_462' title='bbox 2659 3210 2761 3264; x_wconf 83' lang='grc' dir='ltr'>οὐκ</span> <span class='ocrx_word' id='word_1_463' title='bbox 2788 3206 3177 3284; x_wconf 78' lang='grc' dir='ltr'>ἀποδεχομένη</span> <span class='ocrx_word' id='word_1_464' title='bbox 3215 3207 3427 3280; x_wconf 80' lang='grc' dir='ltr'>μᾶλλον</span> <span class='ocrx_word' id='word_1_465' title='bbox 3473 3208 3690 3270; x_wconf 86' lang='grc' dir='ltr'>τούτοις</span> <span class='ocrx_word' id='word_1_466' title='bbox 3744 3230 3833 3263; x_wconf 90' lang='grc' dir='ltr'>νο-</span> 
     </span>
    </p>
   </div>
   <div class='ocr_carea' id='block_1_66' title="bbox 395 3275 2058 3374">
    <p class='ocr_par' dir='ltr' id='par_1_66' title="bbox 395 3275 2052 3374">
     <span class='ocr_line' id='line_1_66' title="bbox 395 3275 2052 3374; baseline -0.002 -18"><span class='ocrx_word' id='word_1_467' title='bbox 395 3301 511 3370; x_wconf 87' lang='lat' dir='ltr'>bis,</span> <span class='ocrx_word' id='word_1_468' title='bbox 543 3318 669 3374; x_wconf 72' lang='lat' dir='ltr'>quae</span> <span class='ocrx_word' id='word_1_469' title='bbox 721 3300 1032 3372; x_wconf 76' lang='lat' dir='ltr'>Splendida</span> <span class='ocrx_word' id='word_1_470' title='bbox 1078 3275 1517 3364; x_wconf 82' lang='lat' dir='ltr'>existimantur,</span> <span class='ocrx_word' id='word_1_471' title='bbox 1551 3275 1834 3364; x_wconf 44' lang='lat' dir='ltr'>dvelici-ari,</span> <span class='ocrx_word' id='word_1_472' title='bbox 1875 3314 2052 3369; x_wconf 90' lang='lat' dir='ltr'>quam</span> 
     </span>
    </p>
   </div>
   <div class='ocr_carea' id='block_1_67' title="bbox 2172 3275 3830 3374">
    <p class='ocr_par' dir='ltr' id='par_1_67' title="bbox 2173 3275 3830 3374">
     <span class='ocr_line' id='line_1_67' title="bbox 2173 3275 3830 3374; baseline -0.001 -22"><span class='ocrx_word' id='word_1_473' title='bbox 2173 3275 2513 3372; x_wconf 36' lang='lat' dir='ltr'>PLCOIJ‘VOK&#39;</span> <span class='ocrx_word' id='word_1_474' title='bbox 2543 3296 2824 3372; x_wconf 82' lang='grc' dir='ltr'>λαμπροῖς</span> <span class='ocrx_word' id='word_1_475' title='bbox 2874 3275 3242 3374; x_wconf 19' lang='lat' dir='ltr'>“rp-opuntii</span> <span class='ocrx_word' id='word_1_476' title='bbox 3304 3303 3403 3365; x_wconf 85' lang='grc' dir='ltr'>τῆς</span> <span class='ocrx_word' id='word_1_477' title='bbox 3450 3294 3830 3372; x_wconf 87' lang='grc' dir='ltr'>ταλαιπωρίας</span> 
     </span>
    </p>
   </div>
   <div class='ocr_carea' id='block_1_68' title="bbox 395 3387 2058 3460">
    <p class='ocr_par' dir='ltr' id='par_1_68' title="bbox 395 3387 2058 3460">
     <span class='ocr_line' id='line_1_68' title="bbox 395 3387 2058 3460; baseline -0.003 -16"><span class='ocrx_word' id='word_1_478' title='bbox 395 3389 469 3445; x_wconf 94' lang='lat' dir='ltr'>ob</span> <span class='ocrx_word' id='word_1_479' title='bbox 501 3405 816 3456; x_wconf 63' lang='lat' dir='ltr'>erumnas,</span> <span class='ocrx_word' id='word_1_480' title='bbox 849 3405 998 3460; x_wconf 90' lang='lat' dir='ltr'>quas</span> <span class='ocrx_word' id='word_1_481' title='bbox 1027 3388 1086 3442; x_wconf 92' lang='lat' dir='ltr'>in</span> <span class='ocrx_word' id='word_1_482' title='bbox 1119 3389 1238 3443; x_wconf 91' lang='lat' dir='ltr'>vita</span> <span class='ocrx_word' id='word_1_483' title='bbox 1271 3388 1476 3444; x_wconf 91' lang='lat' dir='ltr'>merito</span> <span class='ocrx_word' id='word_1_484' title='bbox 1509 3388 1776 3456; x_wconf 85' lang='lat' dir='ltr'>trahunt,</span> <span class='ocrx_word' id='word_1_485' title='bbox 1812 3387 2058 3443; x_wconf 85' lang='lat' dir='ltr'>misera-</span> 
     </span>
    </p>
   </div>
   <div class='ocr_carea' id='block_1_69' title="bbox 395 3477 1090 3549">
    <p class='ocr_par' dir='ltr' id='par_1_69' title="bbox 395 3477 1090 3549">
     <span class='ocr_line' id='line_1_69' title="bbox 395 3477 1090 3549; baseline -0.006 -15"><span class='ocrx_word' id='word_1_486' title='bbox 395 3478 556 3534; x_wconf 83' lang='lat' dir='ltr'>tione</span> <span class='ocrx_word' id='word_1_487' title='bbox 585 3477 764 3549; x_wconf 90' lang='lat' dir='ltr'>digna</span> <span class='ocrx_word' id='word_1_488' title='bbox 789 3478 1090 3547; x_wconf 88' lang='lat' dir='ltr'>judicans.</span> 
     </span>
    </p>
   </div>
   <div class='ocr_carea' id='block_1_70' title="bbox 468 3565 2056 3638">
    <p class='ocr_par' dir='ltr' id='par_1_70' title="bbox 468 3565 2056 3638">
     <span class='ocr_line' id='line_1_70' title="bbox 468 3565 2056 3638; baseline -0.003 -16"><span class='ocrx_word' id='word_1_489' title='bbox 468 3567 559 3622; x_wconf 89' lang='lat'>23.</span> <span class='ocrx_word' id='word_1_490' title='bbox 593 3566 738 3622; x_wconf 89' lang='lat' dir='ltr'>Nam</span> <span class='ocrx_word' id='word_1_491' title='bbox 770 3567 816 3622; x_wconf 93' lang='lat' dir='ltr'>si</span> <span class='ocrx_word' id='word_1_492' title='bbox 850 3571 1043 3638; x_wconf 69' lang='lat' dir='ltr'>nuptm</span> <span class='ocrx_word' id='word_1_493' title='bbox 1069 3565 1448 3637; x_wconf 87' lang='lat' dir='ltr'>multiplices,</span> <span class='ocrx_word' id='word_1_494' title='bbox 1468 3570 1533 3620; x_wconf 91' lang='lat' dir='ltr'>ut</span> <span class='ocrx_word' id='word_1_495' title='bbox 1564 3566 1646 3620; x_wconf 91' lang='lat' dir='ltr'>ita</span> <span class='ocrx_word' id='word_1_496' title='bbox 1668 3565 1882 3630; x_wconf 88' lang='lat' dir='ltr'>dicam,</span> <span class='ocrx_word' id='word_1_497' title='bbox 1905 3579 2056 3618; x_wconf 88' lang='lat' dir='ltr'>mor-</span> 
     </span>
    </p>
   </div>
   <div class='ocr_carea' id='block_1_71' title="bbox 399 3652 2056 3728">
    <p class='ocr_par' dir='ltr' id='par_1_71' title="bbox 399 3652 2056 3728">
     <span class='ocr_line' id='line_1_71' title="bbox 399 3652 2056 3728; baseline -0.004 -16"><span class='ocrx_word' id='word_1_498' title='bbox 399 3661 512 3723; x_wconf 90' lang='lat' dir='ltr'>tes,</span> <span class='ocrx_word' id='word_1_499' title='bbox 538 3673 686 3728; x_wconf 90' lang='lat' dir='ltr'>quas</span> <span class='ocrx_word' id='word_1_500' title='bbox 717 3656 811 3710; x_wconf 88' lang='lat' dir='ltr'>hic</span> <span class='ocrx_word' id='word_1_501' title='bbox 835 3657 960 3727; x_wconf 82' lang='lat' dir='ltr'>jam</span> <span class='ocrx_word' id='word_1_502' title='bbox 996 3655 1235 3727; x_wconf 88' lang='lat' dir='ltr'>patitur,</span> <span class='ocrx_word' id='word_1_503' title='bbox 1260 3671 1460 3711; x_wconf 90' lang='lat' dir='ltr'>secum</span> <span class='ocrx_word' id='word_1_504' title='bbox 1494 3652 1890 3725; x_wconf 88' lang='lat' dir='ltr'>comparando</span> <span class='ocrx_word' id='word_1_505' title='bbox 1915 3668 2056 3706; x_wconf 92' lang='lat' dir='ltr'>con-</span> 
     </span>
    </p>
   </div>
   <div class='ocr_carea' id='block_1_72' title="bbox 403 3739 2056 3816">
    <p class='ocr_par' dir='ltr' id='par_1_72' title="bbox 403 3739 2056 3816">
     <span class='ocr_line' id='line_1_72' title="bbox 403 3739 2056 3816; baseline -0.005 -15"><span class='ocrx_word' id='word_1_506' title='bbox 403 3745 640 3814; x_wconf 84' lang='lat' dir='ltr'>sideret,</span> <span class='ocrx_word' id='word_1_507' title='bbox 669 3745 906 3800; x_wconf 91' lang='lat' dir='ltr'>omnino</span> <span class='ocrx_word' id='word_1_508' title='bbox 937 3744 996 3799; x_wconf 93' lang='lat' dir='ltr'>in</span> <span class='ocrx_word' id='word_1_509' title='bbox 1029 3761 1087 3800; x_wconf 83' lang='lat' dir='ltr'>se</span> <span class='ocrx_word' id='word_1_510' title='bbox 1118 3745 1189 3799; x_wconf 93' lang='lat' dir='ltr'>ob</span> <span class='ocrx_word' id='word_1_511' title='bbox 1237 3744 1603 3816; x_wconf 90' lang='lat' dir='ltr'>propositum</span> <span class='ocrx_word' id='word_1_512' title='bbox 1662 3739 1934 3814; x_wconf 73' lang='lat' dir='ltr'>praeclare</span> <span class='ocrx_word' id='word_1_513' title='bbox 1965 3739 2056 3810; x_wconf 90' lang='lat' dir='ltr'>agi</span> 
     </span>
    </p>
   </div>
   <div class='ocr_carea' id='block_1_73' title="bbox 403 3829 2056 3904">
    <p class='ocr_par' dir='ltr' id='par_1_73' title="bbox 403 3829 2056 3904">
     <span class='ocr_line' id='line_1_73' title="bbox 403 3829 2056 3904; baseline -0.004 -14"><span class='ocrx_word' id='word_1_514' title='bbox 403 3835 784 3890; x_wconf 87' lang='lat' dir='ltr'>existimabit.</span> <span class='ocrx_word' id='word_1_515' title='bbox 801 3834 945 3888; x_wconf 90' lang='lat' dir='ltr'>Nam</span> <span class='ocrx_word' id='word_1_516' title='bbox 963 3851 1091 3904; x_wconf 68' lang='lat' dir='ltr'>quae</span> <span class='ocrx_word' id='word_1_517' title='bbox 1105 3835 1453 3888; x_wconf 86' lang='lat' dir='ltr'>mortalibus</span> <span class='ocrx_word' id='word_1_518' title='bbox 1468 3832 1692 3903; x_wconf 90' lang='lat' dir='ltr'>nuptiis</span> <span class='ocrx_word' id='word_1_519' title='bbox 1712 3829 1935 3901; x_wconf 86' lang='lat' dir='ltr'>illigata</span> <span class='ocrx_word' id='word_1_520' title='bbox 1949 3834 2056 3896; x_wconf 87' lang='lat' dir='ltr'>est,</span> 
     </span>
    </p>
   </div>
   <div class='ocr_carea' id='block_1_74' title="bbox 408 3921 2058 3993">
    <p class='ocr_par' dir='ltr' id='par_1_74' title="bbox 408 3921 2058 3993">
     <span class='ocr_line' id='line_1_74' title="bbox 408 3921 2058 3993; baseline -0.004 -15"><span class='ocrx_word' id='word_1_521' title='bbox 408 3923 501 3978; x_wconf 85' lang='lat' dir='ltr'>sui</span> <span class='ocrx_word' id='word_1_522' title='bbox 532 3923 724 3993; x_wconf 83' lang='lat' dir='ltr'>ipsius</span> <span class='ocrx_word' id='word_1_523' title='bbox 763 3939 912 3977; x_wconf 68' lang='lat' dir='ltr'>curae</span> <span class='ocrx_word' id='word_1_524' title='bbox 942 3923 1184 3978; x_wconf 88' lang='lat' dir='ltr'>alteram</span> <span class='ocrx_word' id='word_1_525' title='bbox 1239 3923 1434 3978; x_wconf 90' lang='lat' dir='ltr'>mariti</span> <span class='ocrx_word' id='word_1_526' title='bbox 1471 3938 1674 3976; x_wconf 89' lang='lat' dir='ltr'>curam</span> <span class='ocrx_word' id='word_1_527' title='bbox 1708 3921 2058 3990; x_wconf 89' lang='lat' dir='ltr'>adjungens,</span> 
     </span>
    </p>
   </div>
   <div class='ocr_carea' id='block_1_75' title="bbox 407 4008 2060 4086">
    <p class='ocr_par' dir='ltr' id='par_1_75' title="bbox 407 4008 2060 4086">
     <span class='ocr_line' id='line_1_75' title="bbox 407 4008 2060 4086; baseline -0.004 -18"><span class='ocrx_word' id='word_1_528' title='bbox 407 4011 701 4086; x_wconf 87' lang='lat' dir='ltr'>geminam</span> <span class='ocrx_word' id='word_1_529' title='bbox 735 4014 1046 4084; x_wconf 86' lang='lat' dir='ltr'>quamdam</span> <span class='ocrx_word' id='word_1_530' title='bbox 1074 4013 1130 4067; x_wconf 89' lang='lat' dir='ltr'>in</span> <span class='ocrx_word' id='word_1_531' title='bbox 1157 4030 1272 4067; x_wconf 90' lang='lat' dir='ltr'>una</span> <span class='ocrx_word' id='word_1_532' title='bbox 1294 4013 1492 4067; x_wconf 89' lang='lat' dir='ltr'>anima</span> <span class='ocrx_word' id='word_1_533' title='bbox 1517 4028 1583 4067; x_wconf 81' lang='lat' dir='ltr'>ex</span> <span class='ocrx_word' id='word_1_534' title='bbox 1617 4011 1929 4081; x_wconf 85' lang='lat' dir='ltr'>conjuncto</span> <span class='ocrx_word' id='word_1_535' title='bbox 1947 4008 2060 4064; x_wconf 91' lang='lat' dir='ltr'>sibi</span> 
     </span>
    </p>
   </div>
   <div class='ocr_carea' id='block_1_76' title="bbox 406 4099 2060 4174">
    <p class='ocr_par' dir='ltr' id='par_1_76' title="bbox 406 4099 2060 4174">
     <span class='ocr_line' id='line_1_76' title="bbox 406 4099 2060 4174; baseline -0.001 -18"><span class='ocrx_word' id='word_1_536' title='bbox 406 4118 646 4174; x_wconf 89' lang='lat' dir='ltr'>corpore</span> <span class='ocrx_word' id='word_1_537' title='bbox 669 4103 1124 4158; x_wconf 85' lang='lat' dir='ltr'>sollicitudinem</span> <span class='ocrx_word' id='word_1_538' title='bbox 1153 4103 1442 4157; x_wconf 90' lang='lat' dir='ltr'>sustinet:</span> <span class='ocrx_word' id='word_1_539' title='bbox 1470 4119 1583 4157; x_wconf 91' lang='lat' dir='ltr'>non</span> <span class='ocrx_word' id='word_1_540' title='bbox 1601 4104 1726 4171; x_wconf 87' lang='lat' dir='ltr'>jam</span> <span class='ocrx_word' id='word_1_541' title='bbox 1753 4117 1868 4154; x_wconf 91' lang='lat' dir='ltr'>uno</span> <span class='ocrx_word' id='word_1_542' title='bbox 1901 4099 2060 4154; x_wconf 85' lang='lat' dir='ltr'>labo-</span> 
     </span>
    </p>
   </div>
   <div class='ocr_carea' id='block_1_77' title="bbox 403 4188 2060 4264">
    <p class='ocr_par' dir='ltr' id='par_1_77' title="bbox 403 4188 2060 4264">
     <span class='ocr_line' id='line_1_77' title="bbox 403 4188 2060 4264; baseline -0.003 -18"><span class='ocrx_word' id='word_1_543' title='bbox 403 4209 542 4248; x_wconf 85' lang='lat' dir='ltr'>rans</span> <span class='ocrx_word' id='word_1_544' title='bbox 573 4209 832 4264; x_wconf 90' lang='lat' dir='ltr'>corpore,</span> <span class='ocrx_word' id='word_1_545' title='bbox 866 4193 963 4248; x_wconf 89' lang='lat' dir='ltr'>sed</span> <span class='ocrx_word' id='word_1_546' title='bbox 998 4193 1054 4247; x_wconf 92' lang='lat' dir='ltr'>in</span> <span class='ocrx_word' id='word_1_547' title='bbox 1088 4209 1205 4246; x_wconf 91' lang='lat' dir='ltr'>una</span> <span class='ocrx_word' id='word_1_548' title='bbox 1238 4194 1456 4258; x_wconf 79' lang='lat' dir='ltr'>anima,</span> <span class='ocrx_word' id='word_1_549' title='bbox 1480 4192 1552 4245; x_wconf 93' lang='lat' dir='ltr'>ob</span> <span class='ocrx_word' id='word_1_550' title='bbox 1577 4207 1752 4246; x_wconf 89' lang='lat' dir='ltr'>suum</span> <span class='ocrx_word' id='word_1_551' title='bbox 1777 4195 1834 4244; x_wconf 92' lang='lat' dir='ltr'>et</span> <span class='ocrx_word' id='word_1_552' title='bbox 1867 4188 2060 4242; x_wconf 89' lang='lat' dir='ltr'>mariti</span> 
     </span>
    </p>
   </div>
   <div class='ocr_carea' id='block_1_78' title="bbox 403 4277 2060 4354">
    <p class='ocr_par' dir='ltr' id='par_1_78' title="bbox 403 4277 2060 4354">
     <span class='ocr_line' id='line_1_78' title="bbox 403 4277 2060 4354; baseline -0.004 -17"><span class='ocrx_word' id='word_1_553' title='bbox 403 4299 637 4354; x_wconf 90' lang='lat' dir='ltr'>corpus,</span> <span class='ocrx_word' id='word_1_554' title='bbox 673 4299 907 4353; x_wconf 90' lang='lat' dir='ltr'>semper</span> <span class='ocrx_word' id='word_1_555' title='bbox 950 4282 1007 4336; x_wconf 90' lang='lat' dir='ltr'>in</span> <span class='ocrx_word' id='word_1_556' title='bbox 1045 4281 1266 4336; x_wconf 90' lang='lat' dir='ltr'>morbis</span> <span class='ocrx_word' id='word_1_557' title='bbox 1296 4281 1568 4336; x_wconf 84' lang='lat' dir='ltr'>discissa.</span> <span class='ocrx_word' id='word_1_558' title='bbox 1599 4279 1815 4333; x_wconf 88' lang='lat' dir='ltr'>Deinde</span> <span class='ocrx_word' id='word_1_559' title='bbox 1843 4277 2060 4331; x_wconf 82' lang='lat' dir='ltr'>libero-</span> 
     </span>
    </p>
   </div>
   <div class='ocr_carea' id='block_1_79' title="bbox 401 4367 2062 4442">
    <p class='ocr_par' dir='ltr' id='par_1_79' title="bbox 401 4367 2062 4442">
     <span class='ocr_line' id='line_1_79' title="bbox 401 4367 2062 4442; baseline -0.004 -17"><span class='ocrx_word' id='word_1_560' title='bbox 401 4387 531 4425; x_wconf 91' lang='lat' dir='ltr'>rum</span> <span class='ocrx_word' id='word_1_561' title='bbox 570 4370 710 4426; x_wconf 88' lang='lat' dir='ltr'>hinc</span> <span class='ocrx_word' id='word_1_562' title='bbox 751 4376 881 4426; x_wconf 85' lang='lat' dir='ltr'>orta</span> <span class='ocrx_word' id='word_1_563' title='bbox 929 4370 1266 4442; x_wconf 88' lang='lat' dir='ltr'>propagine,</span> <span class='ocrx_word' id='word_1_564' title='bbox 1301 4367 1478 4424; x_wconf 82' lang='lat' dir='ltr'>simul</span> <span class='ocrx_word' id='word_1_565' title='bbox 1529 4383 1662 4423; x_wconf 89' lang='lat' dir='ltr'>cum</span> <span class='ocrx_word' id='word_1_566' title='bbox 1705 4380 2062 4436; x_wconf 88' lang='lat' dir='ltr'>unoquoque</span> 
     </span>
    </p>
   </div>
   <div class='ocr_carea' id='block_1_80' title="bbox 402 4455 2058 4530">
    <p class='ocr_par' dir='ltr' id='par_1_80' title="bbox 402 4455 2058 4530">
     <span class='ocr_line' id='line_1_80' title="bbox 402 4455 2058 4530; baseline -0.003 -18"><span class='ocrx_word' id='word_1_567' title='bbox 402 4469 697 4528; x_wconf 80' lang='lat' dir='ltr'>nascente,</span> <span class='ocrx_word' id='word_1_568' title='bbox 723 4460 919 4515; x_wconf 91' lang='lat' dir='ltr'>animo</span> <span class='ocrx_word' id='word_1_569' title='bbox 951 4460 1257 4528; x_wconf 89' lang='lat' dir='ltr'>scinditur,</span> <span class='ocrx_word' id='word_1_570' title='bbox 1279 4464 1336 4514; x_wconf 89' lang='lat' dir='ltr'>et</span> <span class='ocrx_word' id='word_1_571' title='bbox 1357 4459 1456 4530; x_wconf 92' lang='lat' dir='ltr'>qui</span> <span class='ocrx_word' id='word_1_572' title='bbox 1485 4473 1638 4512; x_wconf 87' lang='lat' dir='ltr'>nunc</span> <span class='ocrx_word' id='word_1_573' title='bbox 1661 4455 1946 4524; x_wconf 90' lang='lat' dir='ltr'>nascitur,</span> <span class='ocrx_word' id='word_1_574' title='bbox 1969 4455 2058 4508; x_wconf 90' lang='lat' dir='ltr'>in-</span> 
     </span>
    </p>
   </div>
   <div class='ocr_carea' id='block_1_81' title="bbox 398 4544 2058 4614">
    <p class='ocr_par' dir='ltr' id='par_1_81' title="bbox 398 4544 2058 4614">
     <span class='ocr_line' id='line_1_81' title="bbox 398 4544 2058 4614; baseline -0.004 -11"><span class='ocrx_word' id='word_1_575' title='bbox 398 4548 716 4603; x_wconf 83' lang='lat' dir='ltr'>sidentium</span> <span class='ocrx_word' id='word_1_576' title='bbox 746 4549 1150 4603; x_wconf 88' lang='lat' dir='ltr'>molestiarum</span> <span class='ocrx_word' id='word_1_577' title='bbox 1171 4550 1428 4603; x_wconf 87' lang='lat' dir='ltr'>accessio</span> <span class='ocrx_word' id='word_1_578' title='bbox 1446 4551 1556 4601; x_wconf 90' lang='lat' dir='ltr'>est.</span> <span class='ocrx_word' id='word_1_579' title='bbox 1585 4547 1654 4599; x_wconf 83' lang='lat' dir='ltr'>Ac</span> <span class='ocrx_word' id='word_1_580' title='bbox 1680 4546 1896 4598; x_wconf 89' lang='lat' dir='ltr'>bonum</span> <span class='ocrx_word' id='word_1_581' title='bbox 1927 4544 2058 4614; x_wconf 86' lang='lat' dir='ltr'>qui-</span> 
     </span>
    </p>
   </div>
   <div class='ocr_carea' id='block_1_82' title="bbox 2169 3384 3826 3460">
    <p class='ocr_par' dir='ltr' id='par_1_82' title="bbox 2169 3384 3826 3460">
     <span class='ocr_line' id='line_1_82' title="bbox 2169 3384 3826 3460; baseline 0.001 -20"><span class='ocrx_word' id='word_1_582' title='bbox 2169 3387 2338 3456; x_wconf 81' lang='grc' dir='ltr'>αὐτῆς</span> <span class='ocrx_word' id='word_1_583' title='bbox 2371 3389 2432 3455; x_wconf 75' lang='grc' dir='ltr'>ἢν</span> <span class='ocrx_word' id='word_1_584' title='bbox 2467 3386 2518 3440; x_wconf 69' lang='grc' dir='ltr'>ἐν</span> <span class='ocrx_word' id='word_1_585' title='bbox 2550 3391 2619 3460; x_wconf 79' lang='grc' dir='ltr'>τῇ</span> <span class='ocrx_word' id='word_1_586' title='bbox 2658 3391 2770 3460; x_wconf 80' lang='grc' dir='ltr'>ζωῇ</span> <span class='ocrx_word' id='word_1_587' title='bbox 2821 3384 3133 3442; x_wconf 79' lang='grc' dir='ltr'>διαντλοῦσι</span> <span class='ocrx_word' id='word_1_588' title='bbox 3185 3385 3321 3440; x_wconf 87' lang='grc' dir='ltr'>κατᾶ</span> <span class='ocrx_word' id='word_1_589' title='bbox 3374 3385 3543 3460; x_wconf 87' lang='grc' dir='ltr'>λόγον</span> <span class='ocrx_word' id='word_1_590' title='bbox 3592 3385 3826 3456; x_wconf 70' lang='grc' dir='ltr'>οἰκτιζο-</span> 
     </span>
    </p>
   </div>
   <div class='ocr_carea' id='block_1_83' title="bbox 2172 3473 2331 3546">
    <p class='ocr_par' dir='ltr' id='par_1_83' title="bbox 2172 3473 2331 3546">
     <span class='ocr_line' id='line_1_83' title="bbox 2172 3473 2331 3546; baseline 0.019 -19"><span class='ocrx_word' id='word_1_591' title='bbox 2172 3473 2331 3546; x_wconf 83' lang='grc' dir='ltr'>μένη.</span> 
     </span>
    </p>
   </div>
   <div class='ocr_carea' id='block_1_84' title="bbox 2238 3560 3828 3639">
    <p class='ocr_par' dir='ltr' id='par_1_84' title="bbox 2238 3560 3828 3639">
     <span class='ocr_line' id='line_1_84' title="bbox 2238 3560 3828 3639; baseline 0.001 -21"><span class='ocrx_word' id='word_1_592' title='bbox 2238 3565 2330 3618; x_wconf 84' lang='lat'>23.</span> <span class='ocrx_word' id='word_1_593' title='bbox 2366 3563 2461 3618; x_wconf 88' lang='lat' dir='ltr'>’Ex</span> <span class='ocrx_word' id='word_1_594' title='bbox 2489 3560 2859 3636; x_wconf 80' lang='grc' dir='ltr'>παραλλήλου</span> <span class='ocrx_word' id='word_1_595' title='bbox 2891 3563 2994 3638; x_wconf 78' lang='grc' dir='ltr'>γὰρ</span> <span class='ocrx_word' id='word_1_596' title='bbox 3025 3562 3121 3627; x_wconf 81' lang='grc' dir='ltr'>τὰς</span> <span class='ocrx_word' id='word_1_597' title='bbox 3147 3569 3248 3632; x_wconf 81' lang='grc' dir='ltr'>τῆς</span> <span class='ocrx_word' id='word_1_598' title='bbox 3279 3563 3673 3639; x_wconf 84' lang='grc' dir='ltr'>γεγαμημένης</span> <span class='ocrx_word' id='word_1_599' title='bbox 3719 3585 3828 3620; x_wconf 88' lang='grc' dir='ltr'>πο-</span> 
     </span>
    </p>
   </div>
   <div class='ocr_carea' id='block_1_85' title="bbox 2170 3649 3825 3730">
    <p class='ocr_par' dir='ltr' id='par_1_85' title="bbox 2170 3649 3825 3730">
     <span class='ocr_line' id='line_1_85' title="bbox 2170 3649 3825 3730; baseline 0.001 -24"><span class='ocrx_word' id='word_1_600' title='bbox 2170 3649 2512 3728; x_wconf 88' lang='grc' dir='ltr'>λυμόρφους,</span> <span class='ocrx_word' id='word_1_601' title='bbox 2570 3651 2644 3712; x_wconf 88' lang='grc' dir='ltr'>ὡς</span> <span class='ocrx_word' id='word_1_602' title='bbox 2706 3653 2763 3705; x_wconf 72' lang='grc' dir='ltr'>ἂν</span> <span class='ocrx_word' id='word_1_603' title='bbox 2798 3649 2948 3706; x_wconf 60' lang='grc' dir='ltr'>εἶ’ποέ</span> <span class='ocrx_word' id='word_1_604' title='bbox 2978 3654 3092 3722; x_wconf 88' lang='grc'>(95)</span> <span class='ocrx_word' id='word_1_605' title='bbox 3120 3673 3224 3718; x_wconf 87' lang='grc' dir='ltr'>τις,</span> <span class='ocrx_word' id='word_1_606' title='bbox 3255 3659 3430 3729; x_wconf 84' lang='grc' dir='ltr'>κῆρας</span> <span class='ocrx_word' id='word_1_607' title='bbox 3461 3655 3600 3730; x_wconf 85' lang='grc' dir='ltr'>πρὸς</span> <span class='ocrx_word' id='word_1_608' title='bbox 3630 3654 3825 3724; x_wconf 70' lang='grc' dir='ltr'>δαυτὴν</span> 
     </span>
    </p>
   </div>
   <div class='ocr_carea' id='block_1_86' title="bbox 2170 3738 3832 3814">
    <p class='ocr_par' dir='ltr' id='par_1_86' title="bbox 2170 3738 3832 3814">
     <span class='ocr_line' id='line_1_86' title="bbox 2170 3738 3832 3814; baseline 0.003 -20"><span class='ocrx_word' id='word_1_609' title='bbox 2170 3744 2464 3814; x_wconf 78' lang='grc' dir='ltr'>θεωροῦσα,</span> <span class='ocrx_word' id='word_1_610' title='bbox 2502 3741 2573 3794; x_wconf 83' lang='grc' dir='ltr'>ὧν</span> <span class='ocrx_word' id='word_1_611' title='bbox 2607 3738 2844 3795; x_wconf 80' lang='grc' dir='ltr'>ἐντεῦθεν</span> <span class='ocrx_word' id='word_1_612' title='bbox 2879 3738 2989 3811; x_wconf 79' lang='grc' dir='ltr'>ἠδη</span> <span class='ocrx_word' id='word_1_613' title='bbox 3041 3741 3332 3813; x_wconf 75' lang='grc' dir='ltr'>ἀπολαύει,</span> <span class='ocrx_word' id='word_1_614' title='bbox 3367 3743 3585 3808; x_wconf 82' lang='grc' dir='ltr'>πάντως</span> <span class='ocrx_word' id='word_1_615' title='bbox 3633 3744 3832 3814; x_wconf 69' lang='grc' dir='ltr'>ἑαυτὴν</span> 
     </span>
    </p>
   </div>
   <div class='ocr_carea' id='block_1_87' title="bbox 2169 3826 3831 3908">
    <p class='ocr_par' dir='ltr' id='par_1_87' title="bbox 2169 3826 3831 3908">
     <span class='ocr_line' id='line_1_87' title="bbox 2169 3826 3831 3908; baseline 0.002 -24"><span class='ocrx_word' id='word_1_616' title='bbox 2169 3834 2264 3884; x_wconf 89' lang='grc' dir='ltr'>τοῦ</span> <span class='ocrx_word' id='word_1_617' title='bbox 2313 3833 2516 3884; x_wconf 86' lang='grc' dir='ltr'>σκοποῦ</span> <span class='ocrx_word' id='word_1_618' title='bbox 2566 3826 2920 3900; x_wconf 78' lang='grc' dir='ltr'>ἀποδέξεται.</span> <span class='ocrx_word' id='word_1_619' title='bbox 2978 3831 3041 3887; x_wconf 89' lang='grc' dir='ltr'>ἹῙ</span> <span class='ocrx_word' id='word_1_620' title='bbox 3105 3830 3197 3902; x_wconf 76' lang='grc' dir='ltr'>μὲν</span> <span class='ocrx_word' id='word_1_621' title='bbox 3259 3831 3364 3906; x_wconf 81' lang='grc' dir='ltr'>γὰρ</span> <span class='ocrx_word' id='word_1_622' title='bbox 3425 3837 3607 3904; x_wconf 87' lang='grc' dir='ltr'>θνητῷ</span> <span class='ocrx_word' id='word_1_623' title='bbox 3661 3835 3831 3908; x_wconf 86' lang='grc' dir='ltr'>γάμῳ</span> 
     </span>
    </p>
   </div>
   <div class='ocr_carea' id='block_1_88' title="bbox 2175 3915 3831 3998">
    <p class='ocr_par' dir='ltr' id='par_1_88' title="bbox 2175 3915 3831 3998">
     <span class='ocr_line' id='line_1_88' title="bbox 2175 3915 3831 3998; baseline 0.002 -24"><span class='ocrx_word' id='word_1_624' title='bbox 2175 3921 2479 3994; x_wconf 80' lang='grc' dir='ltr'>ζευχθεῖσα,</span> <span class='ocrx_word' id='word_1_625' title='bbox 2511 3918 2578 3993; x_wconf 69' lang='grc' dir='ltr'>τῇ</span> <span class='ocrx_word' id='word_1_626' title='bbox 2621 3915 2691 3972; x_wconf 89' lang='grc' dir='ltr'>δι’</span> <span class='ocrx_word' id='word_1_627' title='bbox 2741 3920 2934 3988; x_wconf 73' lang='grc' dir='ltr'>ἑαυτὴν</span> <span class='ocrx_word' id='word_1_628' title='bbox 2968 3917 3214 3998; x_wconf 88' lang='grc' dir='ltr'>φροντίδι</span> <span class='ocrx_word' id='word_1_629' title='bbox 3265 3921 3354 3974; x_wconf 84' lang='grc' dir='ltr'>καὶ</span> <span class='ocrx_word' id='word_1_630' title='bbox 3388 3921 3571 3994; x_wconf 70' lang='grc' dir='ltr'>ἑτέραν</span> <span class='ocrx_word' id='word_1_631' title='bbox 3602 3924 3704 3991; x_wconf 70' lang='grc' dir='ltr'>τὴν</span> <span class='ocrx_word' id='word_1_632' title='bbox 3730 3923 3831 3977; x_wconf 79' lang='grc' dir='ltr'>τοῦ</span> 
     </span>
    </p>
   </div>
   <div class='ocr_carea' id='block_1_89' title="bbox 2173 4002 3834 4086">
    <p class='ocr_par' dir='ltr' id='par_1_89' title="bbox 2173 4002 3834 4086">
     <span class='ocr_line' id='line_1_89' title="bbox 2173 4002 3834 4086; baseline 0.002 -23"><span class='ocrx_word' id='word_1_633' title='bbox 2173 4007 2362 4079; x_wconf 85' lang='grc' dir='ltr'>ἀνδρὸς</span> <span class='ocrx_word' id='word_1_634' title='bbox 2419 4002 2826 4082; x_wconf 76' lang='grc' dir='ltr'>προσλαϐοῦσα,</span> <span class='ocrx_word' id='word_1_635' title='bbox 2863 4006 3090 4082; x_wconf 85' lang='grc' dir='ltr'>δίδυμόν</span> <span class='ocrx_word' id='word_1_636' title='bbox 3122 4030 3241 4064; x_wconf 91' lang='grc' dir='ltr'>τινα</span> <span class='ocrx_word' id='word_1_637' title='bbox 3267 4009 3325 4064; x_wconf 80' lang='grc' dir='ltr'>ἐκ</span> <span class='ocrx_word' id='word_1_638' title='bbox 3361 4016 3486 4082; x_wconf 82' lang='grc' dir='ltr'>μιᾶς</span> <span class='ocrx_word' id='word_1_639' title='bbox 3515 4014 3700 4086; x_wconf 79' lang='grc' dir='ltr'>ψυχῆς</span> <span class='ocrx_word' id='word_1_640' title='bbox 3728 4013 3834 4079; x_wconf 74' lang='grc' dir='ltr'>τὴν</span> 
     </span>
    </p>
   </div>
   <div class='ocr_carea' id='block_1_90' title="bbox 2170 4096 3825 4177">
    <p class='ocr_par' dir='ltr' id='par_1_90' title="bbox 2170 4096 3825 4177">
     <span class='ocr_line' id='line_1_90' title="bbox 2170 4096 3825 4177; baseline 0.002 -26"><span class='ocrx_word' id='word_1_641' title='bbox 2170 4102 2267 4153; x_wconf 84' lang='grc' dir='ltr'>τοῦ</span> <span class='ocrx_word' id='word_1_642' title='bbox 2317 4096 2650 4175; x_wconf 84' lang='grc' dir='ltr'>συμφυέντος</span> <span class='ocrx_word' id='word_1_643' title='bbox 2703 4098 2842 4171; x_wconf 76' lang='grc' dir='ltr'>αὐτῇ</span> <span class='ocrx_word' id='word_1_644' title='bbox 2894 4099 3147 4171; x_wconf 83' lang='grc' dir='ltr'>σώματος</span> <span class='ocrx_word' id='word_1_645' title='bbox 3202 4097 3460 4177; x_wconf 85' lang='grc' dir='ltr'>φροντίδα</span> <span class='ocrx_word' id='word_1_646' title='bbox 3521 4100 3825 4176; x_wconf 84' lang='grc' dir='ltr'>ὑφίσταται·</span> 
     </span>
    </p>
   </div>
   <div class='ocr_carea' id='block_1_91' title="bbox 2172 4185 3826 4266">
    <p class='ocr_par' dir='ltr' id='par_1_91' title="bbox 2172 4185 3826 4266">
     <span class='ocr_line' id='line_1_91' title="bbox 2172 4185 3826 4266; baseline 0.002 -25"><span class='ocrx_word' id='word_1_647' title='bbox 2172 4186 2353 4241; x_wconf 79' lang='grc' dir='ltr'>οὐκέτι</span> <span class='ocrx_word' id='word_1_648' title='bbox 2382 4191 2460 4257; x_wconf 76' lang='grc' dir='ltr'>τῷ</span> <span class='ocrx_word' id='word_1_649' title='bbox 2489 4185 2568 4240; x_wconf 84' lang='grc' dir='ltr'>ἐνὶ</span> <span class='ocrx_word' id='word_1_650' title='bbox 2617 4187 2896 4258; x_wconf 82' lang='grc' dir='ltr'>κάμνουσα</span> <span class='ocrx_word' id='word_1_651' title='bbox 2955 4188 3189 4259; x_wconf 86' lang='grc' dir='ltr'>σώματι,</span> <span class='ocrx_word' id='word_1_652' title='bbox 3219 4187 3346 4244; x_wconf 89' lang='grc' dir='ltr'>ἀλλ’</span> <span class='ocrx_word' id='word_1_653' title='bbox 3387 4189 3437 4244; x_wconf 75' lang='grc' dir='ltr'>ἐν</span> <span class='ocrx_word' id='word_1_654' title='bbox 3495 4195 3595 4263; x_wconf 78' lang='grc' dir='ltr'>μιᾷ</span> <span class='ocrx_word' id='word_1_655' title='bbox 3642 4194 3826 4266; x_wconf 71' lang='grc' dir='ltr'>ψυχῃ,</span> 
     </span>
    </p>
   </div>
   <div class='ocr_carea' id='block_1_92' title="bbox 2170 4273 3825 4350">
    <p class='ocr_par' dir='ltr' id='par_1_92' title="bbox 2170 4273 3825 4350">
     <span class='ocr_line' id='line_1_92' title="bbox 2170 4273 3825 4350; baseline 0.003 -23"><span class='ocrx_word' id='word_1_656' title='bbox 2170 4275 2307 4348; x_wconf 83' lang='grc' dir='ltr'>πρός</span> <span class='ocrx_word' id='word_1_657' title='bbox 2356 4295 2415 4329; x_wconf 91' lang='grc' dir='ltr'>τε</span> <span class='ocrx_word' id='word_1_658' title='bbox 2464 4275 2527 4328; x_wconf 85' lang='grc' dir='ltr'>τὸ</span> <span class='ocrx_word' id='word_1_659' title='bbox 2574 4279 2672 4329; x_wconf 89' lang='grc' dir='ltr'>τοῦ</span> <span class='ocrx_word' id='word_1_660' title='bbox 2721 4273 2916 4350; x_wconf 87' lang='grc' dir='ltr'>ἀνδρὸς</span> <span class='ocrx_word' id='word_1_661' title='bbox 2946 4275 3034 4330; x_wconf 85' lang='grc' dir='ltr'>καὶ</span> <span class='ocrx_word' id='word_1_662' title='bbox 3059 4277 3122 4330; x_wconf 86' lang='grc' dir='ltr'>τὸ</span> <span class='ocrx_word' id='word_1_663' title='bbox 3155 4277 3371 4348; x_wconf 68' lang='grc' dir='ltr'>ἑαυτῆς,</span> <span class='ocrx_word' id='word_1_664' title='bbox 3406 4275 3457 4330; x_wconf 85' lang='grc' dir='ltr'>ἐν</span> <span class='ocrx_word' id='word_1_665' title='bbox 3489 4283 3610 4339; x_wconf 86' lang='grc' dir='ltr'>ταῖς</span> <span class='ocrx_word' id='word_1_666' title='bbox 3640 4279 3825 4342; x_wconf 81' lang='grc' dir='ltr'>νόσοις</span> 
     </span>
    </p>
   </div>
   <div class='ocr_carea' id='block_1_93' title="bbox 2172 4363 3826 4444">
    <p class='ocr_par' dir='ltr' id='par_1_93' title="bbox 2172 4363 3826 4444">
     <span class='ocr_line' id='line_1_93' title="bbox 2172 4363 3826 4444; baseline 0.004 -27"><span class='ocrx_word' id='word_1_667' title='bbox 2172 4363 2251 4418; x_wconf 83' lang='grc' dir='ltr'>ἀεὶ</span> <span class='ocrx_word' id='word_1_668' title='bbox 2283 4363 2612 4435; x_wconf 67' lang='grc' dir='ltr'>τεμνομένη.</span> <span class='ocrx_word' id='word_1_669' title='bbox 2666 4365 2797 4420; x_wconf 82' lang='grc' dir='ltr'>Είτα</span> <span class='ocrx_word' id='word_1_670' title='bbox 2844 4365 3080 4420; x_wconf 71' lang='grc' dir='ltr'>ἐντεῦθεν</span> <span class='ocrx_word' id='word_1_671' title='bbox 3129 4365 3225 4427; x_wconf 85' lang='grc' dir='ltr'>τὰς</span> <span class='ocrx_word' id='word_1_672' title='bbox 3256 4370 3362 4420; x_wconf 81' lang='grc' dir='ltr'>τῶν</span> <span class='ocrx_word' id='word_1_673' title='bbox 3411 4364 3612 4421; x_wconf 70' lang='grc' dir='ltr'>τέκνων</span> <span class='ocrx_word' id='word_1_674' title='bbox 3645 4389 3826 4444; x_wconf 91' lang='grc' dir='ltr'>παρα-</span> 
     </span>
    </p>
   </div>
   <div class='ocr_carea' id='block_1_94' title="bbox 2171 4449 3826 4529">
    <p class='ocr_par' dir='ltr' id='par_1_94' title="bbox 2171 4449 3826 4529">
     <span class='ocr_line' id='line_1_94' title="bbox 2171 4449 3826 4529; baseline 0.005 -24"><span class='ocrx_word' id='word_1_675' title='bbox 2171 4449 2374 4529; x_wconf 78' lang='grc' dir='ltr'>φυάδας</span> <span class='ocrx_word' id='word_1_676' title='bbox 2411 4450 2783 4527; x_wconf 82' lang='grc' dir='ltr'>βλαστήσασα,</span> <span class='ocrx_word' id='word_1_677' title='bbox 2835 4453 3042 4527; x_wconf 69' lang='grc' dir='ltr'>ἑκάστῳ</span> <span class='ocrx_word' id='word_1_678' title='bbox 3079 4458 3187 4509; x_wconf 84' lang='grc' dir='ltr'>τῶν</span> <span class='ocrx_word' id='word_1_679' title='bbox 3236 4457 3570 4528; x_wconf 84' lang='grc' dir='ltr'>τικτομένων</span> <span class='ocrx_word' id='word_1_680' title='bbox 3621 4479 3826 4514; x_wconf 86' lang='grc' dir='ltr'>συναπ-</span> 
     </span>
    </p>
   </div>
   <div class='ocr_carea' id='block_1_95' title="bbox 2170 4541 3826 4624">
    <p class='ocr_par' dir='ltr' id='par_1_95' title="bbox 2170 4541 3826 4624">
     <span class='ocr_line' id='line_1_95' title="bbox 2170 4541 3826 4624; baseline 0.004 -29"><span class='ocrx_word' id='word_1_681' title='bbox 2170 4541 2414 4616; x_wconf 86' lang='grc' dir='ltr'>σχίζεται</span> <span class='ocrx_word' id='word_1_682' title='bbox 2445 4554 2543 4609; x_wconf 79' lang='grc' dir='ltr'>την</span> <span class='ocrx_word' id='word_1_683' title='bbox 2572 4545 2776 4618; x_wconf 81' lang='grc' dir='ltr'>ψυχὴν,</span> <span class='ocrx_word' id='word_1_684' title='bbox 2809 4544 2908 4611; x_wconf 84' lang='grc' dir='ltr'>τὴν</span> <span class='ocrx_word' id='word_1_685' title='bbox 2964 4547 3060 4598; x_wconf 89' lang='grc' dir='ltr'>τοῦ</span> <span class='ocrx_word' id='word_1_686' title='bbox 3115 4543 3506 4620; x_wconf 75' lang='grc' dir='ltr'>ἓπιγενομένοκ</span> <span class='ocrx_word' id='word_1_687' title='bbox 3560 4545 3826 4624; x_wconf 86' lang='grc' dir='ltr'>φροντίδα</span> 
     </span>
    </p>
   </div>
   <div class='ocr_carea' id='block_1_96' title="bbox 397 4631 2058 4709">
    <p class='ocr_par' dir='ltr' id='par_1_96' title="bbox 397 4634 2058 4709">
     <span class='ocr_line' id='line_1_96' title="bbox 397 4634 2058 4709; baseline -0.004 -17"><span class='ocrx_word' id='word_1_688' title='bbox 397 4638 531 4692; x_wconf 88' lang='lat' dir='ltr'>dem</span> <span class='ocrx_word' id='word_1_689' title='bbox 551 4638 828 4691; x_wconf 88' lang='lat' dir='ltr'>maritum</span> <span class='ocrx_word' id='word_1_690' title='bbox 856 4644 1047 4702; x_wconf 88' lang='lat' dir='ltr'>nacta,</span> <span class='ocrx_word' id='word_1_691' title='bbox 1070 4653 1302 4709; x_wconf 89' lang='lat' dir='ltr'>semper</span> <span class='ocrx_word' id='word_1_692' title='bbox 1334 4637 1493 4690; x_wconf 91' lang='lat' dir='ltr'>illius</span> <span class='ocrx_word' id='word_1_693' title='bbox 1516 4634 1723 4689; x_wconf 88' lang='lat' dir='ltr'>mortis</span> <span class='ocrx_word' id='word_1_694' title='bbox 1747 4638 1902 4687; x_wconf 91' lang='lat' dir='ltr'>metu</span> <span class='ocrx_word' id='word_1_695' title='bbox 1931 4649 2058 4686; x_wconf 78' lang='lat' dir='ltr'>mo-</span> 
     </span>
    </p>
   </div>
   <div class='ocr_carea' id='block_1_97' title="bbox 2172 4631 3821 4709">
    <p class='ocr_par' dir='ltr' id='par_1_97' title="bbox 2172 4631 3821 4707">
     <span class='ocr_line' id='line_1_97' title="bbox 2172 4631 3821 4707; baseline 0.003 -21"><span class='ocrx_word' id='word_1_696' title='bbox 2172 4633 2486 4706; x_wconf 83' lang='grc' dir='ltr'>προσθήκην</span> <span class='ocrx_word' id='word_1_697' title='bbox 2513 4636 2621 4686; x_wconf 82' lang='grc' dir='ltr'>τῶν</span> <span class='ocrx_word' id='word_1_698' title='bbox 2654 4632 3010 4707; x_wconf 85' lang='grc' dir='ltr'>ὑπαρχόντων</span> <span class='ocrx_word' id='word_1_699' title='bbox 3061 4633 3297 4706; x_wconf 82' lang='grc' dir='ltr'>ἀνιαρῶν</span> <span class='ocrx_word' id='word_1_700' title='bbox 3352 4631 3821 4707; x_wconf 75' lang='grc' dir='ltr'>προσλαμϐάνου-</span> 
     </span>
    </p>
   </div>
   <div class='ocr_carea' id='block_1_98' title="bbox 392 4722 2053 4797">
    <p class='ocr_par' dir='ltr' id='par_1_98' title="bbox 392 4722 2053 4797">
     <span class='ocr_line' id='line_1_98' title="bbox 392 4722 2053 4797; baseline -0.003 -14"><span class='ocrx_word' id='word_1_701' title='bbox 392 4726 594 4783; x_wconf 87' lang='lat' dir='ltr'>lestias</span> <span class='ocrx_word' id='word_1_702' title='bbox 622 4727 874 4782; x_wconf 90' lang='lat' dir='ltr'>sustinet</span> <span class='ocrx_word' id='word_1_703' title='bbox 905 4726 1225 4794; x_wconf 86' lang='lat' dir='ltr'>viduitatis,</span> <span class='ocrx_word' id='word_1_704' title='bbox 1245 4742 1482 4797; x_wconf 80' lang='lat' dir='ltr'>gravem</span> <span class='ocrx_word' id='word_1_705' title='bbox 1508 4724 1822 4796; x_wconf 85' lang='lat' dir='ltr'>quamdam</span> <span class='ocrx_word' id='word_1_706' title='bbox 1857 4722 2053 4778; x_wconf 90' lang='lat' dir='ltr'>animo</span> 
     </span>
    </p>
   </div>
   <div class='ocr_carea' id='block_1_99' title="bbox 392 4812 2053 4887">
    <p class='ocr_par' dir='ltr' id='par_1_99' title="bbox 392 4812 2053 4887">
     <span class='ocr_line' id='line_1_99' title="bbox 392 4812 2053 4887; baseline -0.002 -15"><span class='ocrx_word' id='word_1_707' title='bbox 392 4818 613 4884; x_wconf 88' lang='lat' dir='ltr'>tabem,</span> <span class='ocrx_word' id='word_1_708' title='bbox 636 4826 686 4872; x_wconf 87' lang='lat' dir='ltr'>et</span> <span class='ocrx_word' id='word_1_709' title='bbox 713 4821 997 4887; x_wconf 65' lang='lat' dir='ltr'>praesente</span> <span class='ocrx_word' id='word_1_710' title='bbox 1029 4814 1125 4870; x_wconf 92' lang='lat' dir='ltr'>illo</span> <span class='ocrx_word' id='word_1_711' title='bbox 1147 4822 1202 4870; x_wconf 91' lang='lat' dir='ltr'>et</span> <span class='ocrx_word' id='word_1_712' title='bbox 1223 4816 1487 4880; x_wconf 84' lang='lat' dir='ltr'>absente,</span> <span class='ocrx_word' id='word_1_713' title='bbox 1509 4814 1580 4869; x_wconf 89' lang='lat' dir='ltr'>ob</span> <span class='ocrx_word' id='word_1_714' title='bbox 1605 4812 1937 4884; x_wconf 84' lang='lat' dir='ltr'>inopinatos</span> <span class='ocrx_word' id='word_1_715' title='bbox 1959 4831 2053 4869; x_wconf 89' lang='lat' dir='ltr'>ca-</span> 
     </span>
    </p>
   </div>
   <div class='ocr_carea' id='block_1_100' title="bbox 394 4903 2052 4977">
    <p class='ocr_par' dir='ltr' id='par_1_100' title="bbox 394 4903 2052 4977">
     <span class='ocr_line' id='line_1_100' title="bbox 394 4903 2052 4977; baseline -0.002 -16"><span class='ocrx_word' id='word_1_716' title='bbox 394 4923 496 4961; x_wconf 88' lang='lat' dir='ltr'>sus</span> <span class='ocrx_word' id='word_1_717' title='bbox 523 4905 844 4977; x_wconf 84' lang='lat' dir='ltr'>perferens.</span> <span class='ocrx_word' id='word_1_718' title='bbox 865 4906 1097 4968; x_wconf 87' lang='lat' dir='ltr'>Contra,</span> <span class='ocrx_word' id='word_1_719' title='bbox 1131 4904 1422 4958; x_wconf 83' lang='lat' dir='ltr'>si-acerbo</span> <span class='ocrx_word' id='word_1_720' title='bbox 1467 4905 1673 4972; x_wconf 89' lang='lat' dir='ltr'>juncta</span> <span class='ocrx_word' id='word_1_721' title='bbox 1705 4903 1879 4957; x_wconf 79' lang='lat' dir='ltr'>fuerit</span> <span class='ocrx_word' id='word_1_722' title='bbox 1908 4904 2052 4970; x_wconf 87' lang='lat' dir='ltr'>viro,</span> 
     </span>
    </p>
   </div>
   <div class='ocr_carea' id='block_1_101' title="bbox 389 4990 2054 5066">
    <p class='ocr_par' dir='ltr' id='par_1_101' title="bbox 389 4990 2054 5066">
     <span class='ocr_line' id='line_1_101' title="bbox 389 4990 2054 5066; baseline -0.001 -17"><span class='ocrx_word' id='word_1_723' title='bbox 389 4999 512 5050; x_wconf 83' lang='lat' dir='ltr'>tota</span> <span class='ocrx_word' id='word_1_724' title='bbox 541 4995 589 5049; x_wconf 93' lang='lat' dir='ltr'>ei</span> <span class='ocrx_word' id='word_1_725' title='bbox 626 4995 742 5050; x_wconf 91' lang='lat' dir='ltr'>vita</span> <span class='ocrx_word' id='word_1_726' title='bbox 777 4993 1136 5066; x_wconf 88' lang='lat' dir='ltr'>supplicium</span> <span class='ocrx_word' id='word_1_727' title='bbox 1186 4997 1300 5059; x_wconf 89' lang='lat' dir='ltr'>est;</span> <span class='ocrx_word' id='word_1_728' title='bbox 1333 4997 1552 5047; x_wconf 88' lang='lat' dir='ltr'>etcum</span> <span class='ocrx_word' id='word_1_729' title='bbox 1606 5007 1712 5046; x_wconf 90' lang='lat' dir='ltr'>nec</span> <span class='ocrx_word' id='word_1_730' title='bbox 1766 4990 1946 5046; x_wconf 88' lang='lat' dir='ltr'>alium</span> <span class='ocrx_word' id='word_1_731' title='bbox 1982 4993 2054 5047; x_wconf 92' lang='lat' dir='ltr'>ob</span> 
     </span>
    </p>
   </div>
   <div class='ocr_carea' id='block_1_102' title="bbox 391 5079 2057 5154">
    <p class='ocr_par' dir='ltr' id='par_1_102' title="bbox 391 5079 2057 5154">
     <span class='ocr_line' id='line_1_102' title="bbox 391 5079 2057 5154; baseline -0.002 -16"><span class='ocrx_word' id='word_1_732' title='bbox 391 5083 679 5138; x_wconf 87' lang='lat' dir='ltr'>castitatis</span> <span class='ocrx_word' id='word_1_733' title='bbox 722 5081 934 5154; x_wconf 90' lang='lat' dir='ltr'>legem,</span> <span class='ocrx_word' id='word_1_734' title='bbox 970 5097 1075 5138; x_wconf 85' lang='lat' dir='ltr'>nec</span> <span class='ocrx_word' id='word_1_735' title='bbox 1121 5085 1366 5136; x_wconf 88' lang='lat' dir='ltr'>mortem</span> <span class='ocrx_word' id='word_1_736' title='bbox 1399 5079 1505 5136; x_wconf 92' lang='lat' dir='ltr'>viri</span> <span class='ocrx_word' id='word_1_737' title='bbox 1557 5081 1630 5136; x_wconf 93' lang='lat' dir='ltr'>ob</span> <span class='ocrx_word' id='word_1_738' title='bbox 1679 5079 2057 5136; x_wconf 86' lang='lat' dir='ltr'>incommoda</span> 
     </span>
    </p>
   </div>
   <div class='ocr_carea' id='block_1_103' title="bbox 458 5241 2042 5318">
    <p class='ocr_par' dir='ltr' id='par_1_103' title="bbox 458 5241 2042 5318">
     <span class='ocr_line' id='line_1_103' title="bbox 458 5241 2042 5318; baseline 0.001 -19"><span class='ocrx_word' id='word_1_739' title='bbox 458 5244 822 5318; x_wconf 78' lang='grc' dir='ltr'>(91)Ὣσπερ.</span> <span class='ocrx_word' id='word_1_740' title='bbox 883 5246 1122 5318; x_wconf 88' lang='lat' dir='ltr'>C_odices</span> <span class='ocrx_word' id='word_1_741' title='bbox 1180 5245 1472 5313; x_wconf 89' lang='lat' dir='ltr'>nonnulli,</span> <span class='ocrx_word' id='word_1_742' title='bbox 1525 5241 1680 5318; x_wconf 79' lang='grc' dir='ltr'>ὅπερ.</span> <span class='ocrx_word' id='word_1_743' title='bbox 1741 5243 1871 5299; x_wconf 81' lang='lat' dir='ltr'>Mox</span> <span class='ocrx_word' id='word_1_744' title='bbox 1926 5245 2042 5300; x_wconf 91' lang='lat' dir='ltr'>duo</span> 
     </span>
    </p>
   </div>
   <div class='ocr_carea' id='block_1_104' title="bbox 386 5314 1181 5387">
    <p class='ocr_par' dir='ltr' id='par_1_104' title="bbox 386 5314 1181 5387">
     <span class='ocr_line' id='line_1_104' title="bbox 386 5314 1181 5387; baseline -0.004 -14"><span class='ocrx_word' id='word_1_745' title='bbox 386 5314 558 5378; x_wconf 74' lang='lat'>11188.,</span> <span class='ocrx_word' id='word_1_746' title='bbox 587 5314 880 5387; x_wconf 82' lang='grc' dir='ltr'>θεωμένοις</span> <span class='ocrx_word' id='word_1_747' title='bbox 912 5314 1181 5385; x_wconf 85' lang='grc' dir='ltr'>ἐκίνησαν.</span> 
     </span>
    </p>
   </div>
   <div class='ocr_carea' id='block_1_105' title="bbox 456 5384 2039 5459">
    <p class='ocr_par' dir='ltr' id='par_1_105' title="bbox 456 5384 2039 5459">
     <span class='ocr_line' id='line_1_105' title="bbox 456 5384 2039 5459; baseline -0.001 -19"><span class='ocrx_word' id='word_1_748' title='bbox 456 5389 568 5458; x_wconf 82' lang='grc'>(92)</span> <span class='ocrx_word' id='word_1_749' title='bbox 618 5384 968 5459; x_wconf 72' lang='grc' dir='ltr'>Κινούμενον.</span> <span class='ocrx_word' id='word_1_750' title='bbox 1032 5384 1126 5444; x_wconf 88' lang='lat' dir='ltr'>Sic</span> <span class='ocrx_word' id='word_1_751' title='bbox 1181 5388 1432 5444; x_wconf 74' lang='lat' dir='ltr'>Golbert.</span> <span class='ocrx_word' id='word_1_752' title='bbox 1493 5393 1550 5442; x_wconf 90' lang='lat' dir='ltr'>et</span> <span class='ocrx_word' id='word_1_753' title='bbox 1607 5387 1723 5441; x_wconf 93' lang='lat' dir='ltr'>duo</span> <span class='ocrx_word' id='word_1_754' title='bbox 1781 5384 2039 5441; x_wconf 83' lang='lat' dir='ltr'>Combet‘.</span> 
     </span>
    </p>
   </div>
   <div class='ocr_carea' id='block_1_106' title="bbox 382 5459 950 5530">
    <p class='ocr_par' dir='ltr' id='par_1_106' title="bbox 382 5459 950 5530">
     <span class='ocr_line' id='line_1_106' title="bbox 382 5459 950 5530; baseline -0.002 -16"><span class='ocrx_word' id='word_1_755' title='bbox 382 5459 559 5524; x_wconf 82' lang='lat' dir='ltr'>Editi,</span> <span class='ocrx_word' id='word_1_756' title='bbox 591 5461 950 5530; x_wconf 76' lang='grc' dir='ltr'>κινουμένων.</span> 
     </span>
    </p>
   </div>
   <div class='ocr_carea' id='block_1_107' title="bbox 458 5527 2035 5602">
    <p class='ocr_par' dir='ltr' id='par_1_107' title="bbox 458 5527 2035 5602">
     <span class='ocr_line' id='line_1_107' title="bbox 458 5527 2035 5602; baseline -0.002 -17"><span class='ocrx_word' id='word_1_757' title='bbox 458 5530 566 5601; x_wconf 85' lang='lat'>(93)</span> <span class='ocrx_word' id='word_1_758' title='bbox 601 5527 1164 5586; x_wconf 37' lang='grc' dir='ltr'>Τῶν-ἀπαντώντων.</span> <span class='ocrx_word' id='word_1_759' title='bbox 1219 5531 1307 5586; x_wconf 92' lang='lat' dir='ltr'>Sic</span> <span class='ocrx_word' id='word_1_760' title='bbox 1365 5547 1472 5602; x_wconf 88' lang='lat' dir='ltr'>ope</span> <span class='ocrx_word' id='word_1_761' title='bbox 1529 5529 1727 5602; x_wconf 14' lang='lat' dir='ltr'>trium,</span> <span class='ocrx_word' id='word_1_762' title='bbox 1768 5527 2035 5602; x_wconf 84' lang='lat' dir='ltr'>codicum</span> 
     </span>
    </p>
   </div>
   <div class='ocr_carea' id='block_1_108' title="bbox 381 5600 2040 5672">
    <p class='ocr_par' dir='ltr' id='par_1_108' title="bbox 381 5600 2040 5672">
     <span class='ocr_line' id='line_1_108' title="bbox 381 5600 2040 5672; baseline -0.002 -13"><span class='ocrx_word' id='word_1_763' title='bbox 381 5603 833 5659; x_wconf 84' lang='lat' dir='ltr'>emendavimus</span> <span class='ocrx_word' id='word_1_764' title='bbox 857 5606 1008 5672; x_wconf 76' lang='lat' dir='ltr'>quod</span> <span class='ocrx_word' id='word_1_765' title='bbox 1041 5605 1246 5660; x_wconf 82' lang='lat' dir='ltr'>vitiose</span> <span class='ocrx_word' id='word_1_766' title='bbox 1277 5600 1526 5658; x_wconf 83' lang='lat' dir='ltr'>habebat</span> <span class='ocrx_word' id='word_1_767' title='bbox 1550 5600 1898 5657; x_wconf 88' lang='lat' dir='ltr'>Parisiensis</span> <span class='ocrx_word' id='word_1_768' title='bbox 1919 5601 2040 5655; x_wconf 91' lang='lat' dir='ltr'>edi-</span> 
     </span>
    </p>
   </div>
   <div class='ocr_carea' id='block_1_109' title="bbox 381 5673 2038 5797">
    <p class='ocr_par' dir='ltr' id='par_1_109' title="bbox 381 5673 2038 5797">
     <span class='ocr_line' id='line_1_109' title="bbox 382 5673 2038 5759; baseline -0.001 -31"><span class='ocrx_word' id='word_1_769' title='bbox 382 5675 486 5759; x_wconf 65' lang='lat' dir='ltr'>tio,</span> <span class='ocrx_word' id='word_1_770' title='bbox 518 5674 664 5746; x_wconf 79' lang='grc' dir='ltr'>παρὰ</span> <span class='ocrx_word' id='word_1_771' title='bbox 699 5676 924 5758; x_wconf 40' lang='grc' dir='ltr'>,πάντων</span> <span class='ocrx_word' id='word_1_772' title='bbox 957 5679 1061 5728; x_wconf 81' lang='grc' dir='ltr'>τῶν</span> <span class='ocrx_word' id='word_1_773' title='bbox 1108 5673 1181 5728; x_wconf 74' lang='grc' dir='ltr'>ἰν.</span> <span class='ocrx_word' id='word_1_774' title='bbox 1216 5677 1405 5732; x_wconf 87' lang='lat' dir='ltr'>Editio</span> <span class='ocrx_word' id='word_1_775' title='bbox 1436 5675 1656 5732; x_wconf 89' lang='lat' dir='ltr'>Veneta</span> <span class='ocrx_word' id='word_1_776' title='bbox 1703 5673 1898 5738; x_wconf 85' lang='lat' dir='ltr'>habet,</span> <span class='ocrx_word' id='word_1_777' title='bbox 1929 5677 2038 5728; x_wconf 79' lang='grc' dir='ltr'>τῶν</span> 
     </span>
     <span class='ocr_line' id='line_1_110' title="bbox 381 5745 787 5797; baseline 0 0"><span class='ocrx_word' id='word_1_778' title='bbox 381 5745 630 5797; x_wconf 82' lang='grc' dir='ltr'>ἀπαντων</span> <span class='ocrx_word' id='word_1_779' title='bbox 659 5764 787 5797; x_wconf 89' lang='grc' dir='ltr'>των.</span> 
     </span>
    </p>
   </div>
   <div class='ocr_carea' id='block_1_110' title="bbox 416 5763 787 5800">
    <p class='ocr_par' dir='ltr' id='par_1_110' title="bbox 416 5763 787 5800">
     <span class='ocr_line' id='line_1_111' title="bbox 416 5763 787 5800; baseline 0.005 -2"><span class='ocrx_word' id='word_1_780' title='bbox 416 5763 630 5800; x_wconf 89' lang='grc' dir='ltr'>παντων</span> <span class='ocrx_word' id='word_1_781' title='bbox 659 5764 787 5800; x_wconf 90' lang='grc' dir='ltr'>των.</span> 
     </span>
    </p>
   </div>
   <div class='ocr_carea' id='block_1_111' title="bbox 2165 4719 3821 4802">
    <p class='ocr_par' dir='ltr' id='par_1_111' title="bbox 2165 4719 3821 4802">
     <span class='ocr_line' id='line_1_112' title="bbox 2165 4719 3821 4802; baseline 0.001 -26"><span class='ocrx_word' id='word_1_782' title='bbox 2165 4742 2248 4777; x_wconf 90' lang='grc' dir='ltr'>σα.</span> <span class='ocrx_word' id='word_1_783' title='bbox 2285 4722 2387 4776; x_wconf 87' lang='grc' dir='ltr'>Καὶ</span> <span class='ocrx_word' id='word_1_784' title='bbox 2423 4725 2672 4796; x_wconf 88' lang='grc' dir='ltr'>χρηστοῦ</span> <span class='ocrx_word' id='word_1_785' title='bbox 2722 4721 2815 4792; x_wconf 73' lang='grc' dir='ltr'>μὲν</span> <span class='ocrx_word' id='word_1_786' title='bbox 2861 4725 3105 4795; x_wconf 90' lang='grc' dir='ltr'>τυχοῦσα</span> <span class='ocrx_word' id='word_1_787' title='bbox 3145 4719 3338 4796; x_wconf 86' lang='grc' dir='ltr'>ἀνδρὸς</span> <span class='ocrx_word' id='word_1_788' title='bbox 3383 4723 3464 4776; x_wconf 84' lang='grc' dir='ltr'>ἀεὶ</span> <span class='ocrx_word' id='word_1_789' title='bbox 3522 4729 3602 4796; x_wconf 85' lang='grc' dir='ltr'>τῷ</span> <span class='ocrx_word' id='word_1_790' title='bbox 3662 4721 3821 4802; x_wconf 81' lang='grc' dir='ltr'>φόϐῳ</span> 
     </span>
    </p>
   </div>
   <div class='ocr_carea' id='block_1_112' title="bbox 2163 4806 3816 4887">
    <p class='ocr_par' dir='ltr' id='par_1_112' title="bbox 2163 4806 3816 4887">
     <span class='ocr_line' id='line_1_113' title="bbox 2163 4806 3816 4887; baseline 0.002 -22"><span class='ocrx_word' id='word_1_791' title='bbox 2163 4815 2260 4865; x_wconf 92' lang='grc' dir='ltr'>τοῦ</span> <span class='ocrx_word' id='word_1_792' title='bbox 2291 4809 2519 4865; x_wconf 77' lang='grc' dir='ltr'>θανάτου</span> <span class='ocrx_word' id='word_1_793' title='bbox 2549 4809 2612 4864; x_wconf 89' lang='grc' dir='ltr'>τὸ</span> <span class='ocrx_word' id='word_1_794' title='bbox 2671 4806 2842 4863; x_wconf 87' lang='grc' dir='ltr'>δεινὸν</span> <span class='ocrx_word' id='word_1_795' title='bbox 2884 4808 3167 4884; x_wconf 83' lang='grc' dir='ltr'>ὑφίσταται</span> <span class='ocrx_word' id='word_1_796' title='bbox 3199 4814 3299 4875; x_wconf 80' lang='grc' dir='ltr'>τῆς</span> <span class='ocrx_word' id='word_1_797' title='bbox 3332 4812 3585 4887; x_wconf 81' lang='grc' dir='ltr'>χηρείας,</span> <span class='ocrx_word' id='word_1_798' title='bbox 3637 4811 3816 4885; x_wconf 87' lang='grc' dir='ltr'>δεινήν</span> 
     </span>
    </p>
   </div>
   <div class='ocr_carea' id='block_1_113' title="bbox 2162 4897 3817 4976">
    <p class='ocr_par' dir='ltr' id='par_1_113' title="bbox 2162 4897 3817 4976">
     <span class='ocr_line' id='line_1_114' title="bbox 2162 4897 3817 4976; baseline 0.002 -20"><span class='ocrx_word' id='word_1_799' title='bbox 2162 4921 2283 4956; x_wconf 87' lang='grc' dir='ltr'>τινα</span> <span class='ocrx_word' id='word_1_800' title='bbox 2306 4897 2574 4969; x_wconf 86' lang='grc' dir='ltr'>τηκεδόνα</span> <span class='ocrx_word' id='word_1_801' title='bbox 2597 4900 2685 4954; x_wconf 82' lang='grc' dir='ltr'>καὶ</span> <span class='ocrx_word' id='word_1_802' title='bbox 2741 4899 3008 4976; x_wconf 89' lang='grc' dir='ltr'>παρόντος</span> <span class='ocrx_word' id='word_1_803' title='bbox 3039 4901 3128 4956; x_wconf 82' lang='grc' dir='ltr'>καὶ</span> <span class='ocrx_word' id='word_1_804' title='bbox 3160 4898 3580 4973; x_wconf 88' lang='grc' dir='ltr'>ἀποδημοῦντος</span> <span class='ocrx_word' id='word_1_805' title='bbox 3641 4901 3729 4958; x_wconf 77' lang='grc' dir='ltr'>διὰ</span> <span class='ocrx_word' id='word_1_806' title='bbox 3753 4906 3817 4959; x_wconf 83' lang='grc' dir='ltr'>τὸ</span> 
     </span>
    </p>
   </div>
   <div class='ocr_carea' id='block_1_114' title="bbox 2165 4987 3807 5069">
    <p class='ocr_par' dir='ltr' id='par_1_114' title="bbox 2165 4987 3807 5069">
     <span class='ocr_line' id='line_1_115' title="bbox 2165 4987 3807 5069; baseline 0.002 -25"><span class='ocrx_word' id='word_1_807' title='bbox 2165 4987 2432 5058; x_wconf 77' lang='grc' dir='ltr'>ὰδόκητον</span> <span class='ocrx_word' id='word_1_808' title='bbox 2462 4993 2569 5043; x_wconf 84' lang='grc' dir='ltr'>τῶν</span> <span class='ocrx_word' id='word_1_809' title='bbox 2629 4991 3052 5062; x_wconf 76' lang='grc' dir='ltr'>συμπτωμάτων</span> <span class='ocrx_word' id='word_1_810' title='bbox 3113 4991 3249 5045; x_wconf 80' lang='grc' dir='ltr'>κατὰ</span> <span class='ocrx_word' id='word_1_811' title='bbox 3303 4993 3487 5066; x_wconf 81' lang='grc' dir='ltr'>ψυγῆς</span> <span class='ocrx_word' id='word_1_812' title='bbox 3519 4990 3807 5069; x_wconf 74' lang='grc' dir='ltr'>δεχομένη.</span> 
     </span>
    </p>
   </div>
   <div class='ocr_carea' id='block_1_115' title="bbox 2169 5075 3807 5155">
    <p class='ocr_par' dir='ltr' id='par_1_115' title="bbox 2169 5075 3807 5155">
     <span class='ocr_line' id='line_1_116' title="bbox 2169 5075 3807 5155; baseline 0.002 -22"><span class='ocrx_word' id='word_1_813' title='bbox 2169 5083 2355 5154; x_wconf 86' lang='grc' dir='ltr'>Πικρῷ</span> <span class='ocrx_word' id='word_1_814' title='bbox 2383 5075 2440 5132; x_wconf 77' lang='grc' dir='ltr'>δὲ</span> <span class='ocrx_word' id='word_1_815' title='bbox 2461 5078 2525 5132; x_wconf 89' lang='grc' dir='ltr'>τὸ</span> <span class='ocrx_word' id='word_1_816' title='bbox 2557 5077 2794 5134; x_wconf 76' lang='grc' dir='ltr'>ἐναντίον</span> <span class='ocrx_word' id='word_1_817' title='bbox 2829 5084 3132 5155; x_wconf 85' lang='grc' dir='ltr'>ζευχθεῖσα,</span> <span class='ocrx_word' id='word_1_818' title='bbox 3184 5077 3319 5150; x_wconf 81' lang='grc' dir='ltr'>ὅλην</span> <span class='ocrx_word' id='word_1_819' title='bbox 3375 5081 3469 5154; x_wconf 74' lang='grc' dir='ltr'>μὶν</span> <span class='ocrx_word' id='word_1_820' title='bbox 3519 5083 3616 5151; x_wconf 83' lang='grc' dir='ltr'>τήν</span> <span class='ocrx_word' id='word_1_821' title='bbox 3667 5083 3807 5151; x_wconf 79' lang='grc' dir='ltr'>ζωήν</span> 
     </span>
    </p>
   </div>
   <div class='ocr_carea' id='block_1_116' title="bbox 2224 5239 3811 5314">
    <p class='ocr_par' dir='ltr' id='par_1_116' title="bbox 2224 5239 3811 5314">
     <span class='ocr_line' id='line_1_117' title="bbox 2224 5239 3811 5314; baseline 0.006 -18"><span class='ocrx_word' id='word_1_822' title='bbox 2224 5239 2570 5314; x_wconf 36' lang='grc' dir='ltr'>(94&gt;,”Ολην.</span> <span class='ocrx_word' id='word_1_823' title='bbox 2604 5244 2696 5301; x_wconf 88' lang='lat' dir='ltr'>Sic</span> <span class='ocrx_word' id='word_1_824' title='bbox 2747 5261 2890 5301; x_wconf 86' lang='lat' dir='ltr'>mss.</span> <span class='ocrx_word' id='word_1_825' title='bbox 2924 5250 3064 5301; x_wconf 90' lang='lat' dir='ltr'>tres.</span> <span class='ocrx_word' id='word_1_826' title='bbox 3098 5244 3270 5311; x_wconf 88' lang='lat' dir='ltr'>Editi,</span> <span class='ocrx_word' id='word_1_827' title='bbox 3319 5244 3466 5300; x_wconf 77' lang='grc' dir='ltr'>ὅλον.</span> <span class='ocrx_word' id='word_1_828' title='bbox 3503 5247 3668 5305; x_wconf 91' lang='lat' dir='ltr'>Unus</span> <span class='ocrx_word' id='word_1_829' title='bbox 3713 5265 3811 5305; x_wconf 91' lang='lat' dir='ltr'>co-</span> 
     </span>
    </p>
   </div>
   <div class='ocr_carea' id='block_1_117' title="bbox 2153 5310 3809 5390">
    <p class='ocr_par' dir='ltr' id='par_1_117' title="bbox 2153 5310 3809 5390">
     <span class='ocr_line' id='line_1_118' title="bbox 2153 5310 3809 5390; baseline 0.004 -20"><span class='ocrx_word' id='word_1_830' title='bbox 2153 5310 2281 5390; x_wconf 65' lang='lat' dir='ltr'>dex,</span> <span class='ocrx_word' id='word_1_831' title='bbox 2317 5310 2582 5390; x_wconf 48' lang='grc' dir='ltr'>δλωςξΙη</span> <span class='ocrx_word' id='word_1_832' title='bbox 2616 5335 2718 5390; x_wconf 87' lang='lat' dir='ltr'>ora</span> <span class='ocrx_word' id='word_1_833' title='bbox 2764 5318 2983 5390; x_wconf 79' lang='lat' dir='ltr'>codicis</span> <span class='ocrx_word' id='word_1_834' title='bbox 3030 5310 3546 5390; x_wconf 60' lang='lat' dir='ltr'>Mazarhilegitur</span> <span class='ocrx_word' id='word_1_835' title='bbox 3593 5323 3650 5376; x_wconf 91' lang='lat' dir='ltr'>in</span> <span class='ocrx_word' id='word_1_836' title='bbox 3685 5338 3809 5377; x_wconf 87' lang='lat' dir='ltr'>mo-</span> 
     </span>
    </p>
   </div>
   <div class='ocr_carea' id='block_1_118' title="bbox 2153 5386 3810 5465">
    <p class='ocr_par' dir='ltr' id='par_1_118' title="bbox 2153 5386 3810 5465">
     <span class='ocr_line' id='line_1_119' title="bbox 2153 5386 3810 5465; baseline 0.003 -23"><span class='ocrx_word' id='word_1_837' title='bbox 2153 5387 2295 5465; x_wconf 79' lang='lat' dir='ltr'>dum</span> <span class='ocrx_word' id='word_1_838' title='bbox 2329 5389 2547 5465; x_wconf 65' lang='grc' dir='ltr'>εςδοιίὶΔ</span> <span class='ocrx_word' id='word_1_839' title='bbox 2573 5407 2585 5465; x_wconf 70' lang='grc' dir='ltr'>ς</span> <span class='ocrx_word' id='word_1_840' title='bbox 2616 5389 2739 5446; x_wconf 72' lang='grc' dir='ltr'>’Ὁτι</span> <span class='ocrx_word' id='word_1_841' title='bbox 2771 5387 2883 5465; x_wconf 84' lang='grc' dir='ltr'>θεία</span> <span class='ocrx_word' id='word_1_842' title='bbox 2915 5388 3059 5465; x_wconf 72' lang='grc' dir='ltr'>ζῷσά</span> <span class='ocrx_word' id='word_1_843' title='bbox 3096 5407 3153 5442; x_wconf 89' lang='grc' dir='ltr'>τε</span> <span class='ocrx_word' id='word_1_844' title='bbox 3192 5390 3282 5442; x_wconf 82' lang='grc' dir='ltr'>καὶ</span> <span class='ocrx_word' id='word_1_845' title='bbox 3305 5386 3615 5465; x_wconf 68' lang='grc' dir='ltr'>ἕμτῖρακτος</span> <span class='ocrx_word' id='word_1_846' title='bbox 3649 5392 3810 5447; x_wconf 77' lang='grc' dir='ltr'>εἰκών</span> 
     </span>
    </p>
   </div>
   <div class='ocr_carea' id='block_1_119' title="bbox 2151 5459 3815 5534">
    <p class='ocr_par' dir='ltr' id='par_1_119' title="bbox 2151 5459 3815 5534">
     <span class='ocr_line' id='line_1_120' title="bbox 2151 5459 3815 5534; baseline 0.007 -24"><span class='ocrx_word' id='word_1_847' title='bbox 2151 5459 2184 5525; x_wconf 75' lang='grc' dir='ltr'>ἡ</span> <span class='ocrx_word' id='word_1_848' title='bbox 2219 5460 2497 5532; x_wconf 72' lang='grc' dir='ltr'>παρθένος·</span> <span class='ocrx_word' id='word_1_849' title='bbox 2535 5461 2589 5516; x_wconf 91' lang='lat' dir='ltr'>id</span> <span class='ocrx_word' id='word_1_850' title='bbox 2642 5463 2796 5532; x_wconf 87' lang='lat' dir='ltr'>quod</span> <span class='ocrx_word' id='word_1_851' title='bbox 2849 5463 2926 5516; x_wconf 89' lang='lat' dir='ltr'>ita</span> <span class='ocrx_word' id='word_1_852' title='bbox 2977 5459 3391 5534; x_wconf 86' lang='lat' dir='ltr'>interpretatur</span> <span class='ocrx_word' id='word_1_853' title='bbox 3421 5459 3510 5520; x_wconf 59' lang='lat' dir='ltr'>&#39;vir</span> <span class='ocrx_word' id='word_1_854' title='bbox 3539 5465 3815 5522; x_wconf 86' lang='lat' dir='ltr'>doctissi-</span> 
     </span>
    </p>
   </div>
   <div class='ocr_carea' id='block_1_120' title="bbox 2152 5534 3819 5612">
    <p class='ocr_par' dir='ltr' id='par_1_120' title="bbox 2152 5534 3819 5612">
     <span class='ocr_line' id='line_1_121' title="bbox 2152 5534 3819 5612; baseline 0.007 -28"><span class='ocrx_word' id='word_1_855' title='bbox 2152 5549 2284 5612; x_wconf 76' lang='lat' dir='ltr'>mus</span> <span class='ocrx_word' id='word_1_856' title='bbox 2335 5534 2743 5612; x_wconf 82' lang='lat' dir='ltr'>C_ombefisius,</span> <span class='ocrx_word' id='word_1_857' title='bbox 2781 5535 2944 5605; x_wconf 75' lang='lat' dir='ltr'>Virgo</span> <span class='ocrx_word' id='word_1_858' title='bbox 2991 5534 3239 5591; x_wconf 75' lang='lat' dir='ltr'>divinum</span> <span class='ocrx_word' id='word_1_859' title='bbox 3284 5542 3362 5593; x_wconf 82' lang='lat' dir='ltr'>est</span> <span class='ocrx_word' id='word_1_860' title='bbox 3409 5540 3704 5612; x_wconf 70' lang='lat' dir='ltr'>vivamque</span> <span class='ocrx_word' id='word_1_861' title='bbox 3746 5557 3819 5596; x_wconf 88' lang='lat' dir='ltr'>ac</span> 
     </span>
    </p>
   </div>
   <div class='ocr_carea' id='block_1_121' title="bbox 2148 5604 2707 5661">
    <p class='ocr_par' dir='ltr' id='par_1_121' title="bbox 2148 5604 2707 5661">
     <span class='ocr_line' id='line_1_122' title="bbox 2148 5604 2707 5661; baseline -0.002 -2"><span class='ocrx_word' id='word_1_862' title='bbox 2148 5604 2308 5661; x_wconf 78' lang='lat' dir='ltr'>reale</span> <span class='ocrx_word' id='word_1_863' title='bbox 2331 5605 2707 5660; x_wconf 78' lang='lat' dir='ltr'>simulacrum.</span> 
     </span>
    </p>
   </div>
   <div class='ocr_carea' id='block_1_122' title="bbox 2151 5677 3812 5822">
    <p class='ocr_par' dir='ltr' id='par_1_122' title="bbox 2151 5677 3812 5822">
     <span class='ocr_line' id='line_1_123' title="bbox 2151 5677 3812 5822; baseline 0.004 -91"><span class='ocrx_word' id='word_1_864' title='bbox 2151 5746 2196 5800; x_wconf 32' lang='grc' dir='ltr'>..ἰ</span> <span class='ocrx_word' id='word_1_865' title='bbox 2203 5677 2332 5822; x_wconf 51' lang='lat'>1(3:3)</span> <span class='ocrx_word' id='word_1_866' title='bbox 2381 5677 2566 5734; x_wconf 80' lang='grc' dir='ltr'>Εἳποι.</span> <span class='ocrx_word' id='word_1_867' title='bbox 2630 5679 2724 5735; x_wconf 90' lang='lat' dir='ltr'>Sic</span> <span class='ocrx_word' id='word_1_868' title='bbox 2783 5695 2925 5735; x_wconf 89' lang='lat' dir='ltr'>mss.</span> <span class='ocrx_word' id='word_1_869' title='bbox 2988 5679 3218 5738; x_wconf 88' lang='lat' dir='ltr'>codices</span> <span class='ocrx_word' id='word_1_870' title='bbox 3277 5679 3565 5738; x_wconf 90' lang='lat' dir='ltr'>nonnulli.</span> <span class='ocrx_word' id='word_1_871' title='bbox 3629 5681 3812 5756; x_wconf 90' lang='lat' dir='ltr'>Editi,</span> 
     </span>
    </p>
   </div>
  </div>
