4124 6384
349 451 462 512 71⁸1

1576 448 1810 511 LIBER
1853 449 1956 510 DE
1997 447 2506 510 VIRGINITATE
2519 488 2536 508 .

3647 443 3771 504 ⁸118

343 581 708 655 κολαστήριον
758 574 897 656 ἔχει,
949 576 1075 634 οόδὶ
1119 575 1300 656 ἕτερον
1503 577 1562 635 δὲ
1593 575 1682 635 διὰ
1714 579 1995 659 σωφροσύ-

2109 579 2553 646 viduitatis,nee
2569 579 2748 634 vitam
2781 577 2853 634 ob
2883 577 3120 633 tmdium
3145 575 3403 650 conjugii
3425 575 3637 651 eligere
3665 593 3768 636 va-

340 693 465 743 νην,
493 667 615 726 οὔτε
663 670 752 724 τὸν
807 669 1028 733 θανάτον
1076 674 1172 724 τοῦ
1211 667 1406 746 ἀνδρὸς
1455 666 1545 724 διὰ
1573 670 1635 724 τὸ
1667 669 1861 744 πικρὸν
1893 675 1994 739 τῆς

342 760 593 838 χηρείας,
627 756 751 814 οὕτε
780 761 878 828 τήν
916 759 1060 827 ζωήν
1091 755 1179 813 διὰ
1207 760 1270 814 τὸ
1301 756 1463 829 ἀηδὲς
1495 767 1595 829 τῆς
1638 755 1998 833 συμϐιώσεως

341 850 652 922 ἐκλέξασθαι
702 847 990 922 δυναμένη,
1038 853 1120 920 τῷ
1166 847 1388 926 ἀφύκτῳ
1439 847 1595 921 δεινῷ
1641 855 1759 911 ταῖς
1820 850 1995 910 ἀνίαις

340 939 423 994 ἀεὶ
463 940 560 1006 τὴν
612 938 796 1014 ψυχὴν
864 935 1270 1009 κατατέμνεται.
1326 937 1458 992 Εἶτα
1504 935 1698 1000 παῖδας
1744 942 1994 1005 τεκοῦσα,

340 1031 376 1099 ἢ
412 1027 646 1102 ἀγαθοὺς
678 1027 1008 1101 γενομένους
1039 1028 1158 1102 ὁρᾷ,
1192 1029 1280 1080 καὶ
1330 1025 1555 1100 μείζονα
1579 1034 1677 1096 τῆς
1723 1027 1858 1082 κατά
1905 1027 1996 1081 τὸν

341 1117 500 1173 τύκον
550 1116 745 1178 ὠδῖνος
794 1117 893 1185 τὴν
941 1115 1001 1170 ἐκ
1046 1123 1146 1186 τῆς
1193 1117 1496 1191 ἀποτυχίας
1543 1115 1750 1172 τούτων
1801 1113 1993 1185 ὀδύνην

341 1205 434 1262 διὰ
468 1208 589 1282 βίου
645 1207 913 1282 βαστάζει·
964 1204 1000 1274 ἢ
1049 1203 1293 1283 φαύλους
1330 1201 1586 1268 ἐκϐάντας
1634 1203 1847 1272 ἰδοῦσα,
1904 1205 1993 1258 καὶ

337 1317 439 1367 της
472 1293 714 1357 ἀτεκνίας
751 1293 1044 1371 βάρύτερον
1076 1293 1163 1349 ἐπὶ
1205 1294 1276 1370 τῇ
1317 1294 1632 1370 τεκνογονίᾳ
1677 1295 1740 1348 τὸ
1792 1290 1998 1354 ὄνειδος

337 1387 507 1460 φέρει.
560 1391 633 1441 ’Ἡ
678 1383 805 1459 πρὶν
854 1384 931 1446 εἷς
988 1391 1177 1460 πεῖραν
1226 1383 1401 1448 ἐλθεῖν
1435 1388 1542 1438 τῶν
1574 1383 1994 1459 προειρημένων

335 1472 550 1544 δεινῶν,
605 1471 718 1546 ἅμα
744 1495 804 1528 τε
831 1474 1018 1551 νύμφη
1051 1473 1139 1528 καὶ
1171 1476 1324 1548 χήρα
1353 1472 1584 1548 ἐγένετο.
1619 1471 1717 1526 Καὶ
1750 1475 1783 1540 ἡ
1836 1473 1996 1533 ἅπαις

337 1564 414 1628 εἷς
444 1563 674 1639 χηρείαν
731 1567 1136 1638 κατενεχθεῖσα,
1197 1559 1320 1617 οὕτε
1349 1564 1512 1636 γυνή,
1549 1558 1671 1616 οὔτε
1698 1561 1994 1636 παρθένος,

337 1651 461 1708 οὔτε
498 1654 684 1728 μήτηρ
729 1652 861 1723 ἐστὶ,
910 1653 1124 1706 πάντων
1177 1648 1235 1706 δὲ
1284 1652 1427 1724 ὁμοῦ
1480 1655 1591 1706 τῶν
1624 1649 1992 1724 νομισθέντων

334 1740 511 1814 ἡδέων
545 1742 651 1797 ἀπὸ
708 1739 804 1796 τοῦ
859 1740 1039 1816 γάμου
1097 1745 1357 1808 πεσοῦσα,
1417 1739 1720 1813 ἐζημίωται
1783 1740 1875 1812 μὶν
1907 1735 1997 1793 διὰ

339 1831 602 1910 βραχεῖαν
635 1828 838 1901 ἡδονὴν
870 1832 932 1885 τὸ
988 1829 1198 1892 κάλλος
1252 1837 1352 1899 τῆς
1412 1830 1700 1904 παρθενίας
1735 1830 1872 1902 (97),
1901 1849 1995 1882 το-

337 1927 526 1976 σοῦτον
562 1918 619 1975 δὶ
649 1921 828 1996 γάμου
861 1919 1199 1995 πεπείραται,
1228 1917 1352 1973 ὅσον
1383 1919 1446 1972 τὸ
1490 1917 1683 1992 πικρὸν
1731 1921 1834 1981 τῆς
1882 1935 1991 1991 χη-

341 2009 498 2086 ρείως
527 2009 815 2084 γνωρίσαι.
850 2009 917 2061 Ἤ
948 2006 1001 2062 ἐν
1027 2011 1097 2081 τῇ
1129 2007 1329 2081 χηρείᾳ
1376 2005 1645 2084 ὀρφανοὺς
1700 2007 1994 2082 ἀνατρεφο-

343 2097 472 2170 μένη
531 2095 658 2158 τοὺς
715 2093 932 2165 παῖδας,
994 2095 1299 2168 ὑπόμνημα
1353 2101 1455 2164 τῆς
1511 2096 1648 2149 κατὰ
1685 2094 1778 2148 τὸν
1827 2090 1996 2166 ἄνδρα

341 2183 539 2255 ὀδύνης
567 2183 792 2246 τούτους
824 2185 941 2257 ὁρᾷ·
989 2182 1070 2238 ἀεὶ
1127 2184 1220 2256 μὲν
1271 2181 1324 2237 ἐν
1379 2181 1658 2258 δάκρυσιν,
1707 2181 1787 2236 ἀεὶ
1835 2179 1891 2236 δὲ
1942 2180 1993 2236 ἐν

339 2279 690 2348 στεναγμοῖς,
735 2273 817 2329 ἀεὶ
877 2271 934 2328 δὶ
982 2273 1034 2328 έν
1084 2271 1264 2346 θλίψει
1295 2280 1398 2342 τῆς
1445 2272 1652 2327 τούτων
1688 2272 1996 2345 ἀνατρόφῆς

337 2363 679 2441 πεφυρμένη,
713 2363 775 2417 ού
811 2362 972 2436 μόνον
1004 2359 1159 2416 οὐδὲν
1215 2363 1559 2435 παραμύθιον
1605 2364 1707 2416 τοῦ
1759 2355 1998 2433 συμϐάν-

335 2475 428 2516 τος
476 2457 646 2508 κακοῦ
700 2451 1025 2528 ἀντίῤῥοπον
1097 2447 1322 2525 ἔχουσα,
1380 2447 1527 2506 ἀλλὰ
1580 2453 1670 2505 καί
1724 2449 1995 2525 συγγενέσι

336 2543 425 2598 καὶ
461 2540 695 2603 οῗκέταις
744 2541 835 2596 καὶ
886 2540 1202 2614 ἐπιτρόποις
1249 2544 1356 2594 τῶν
1408 2538 1638 2604 παίδων,
1689 2537 1777 2593 καὶ
1808 2537 1993 2600 αὐτοῖς

341 2628 663 2706 ἀνδρωθεῖσι
696 2627 968 2690 πολλάκις
997 2634 1118 2690 τοῖς
1172 2627 1349 2696 παισὶ,
1408 2627 1498 2682 καὶ
1557 2632 1688 2682 πᾶσι
1747 2625 1995 2688 συνόλως

337 2725 456 2780 τοῖς
505 2718 726 2787 αίκίζειν
781 2715 1030 2782 ἐθέλουσι
1091 2718 1328 2795 λάφυρον
1387 2715 1620 2771 ἐλεεινὸν
1683 2714 1991 2787 ἐκκειμένη,

340 2805 496 2863 ούδὶν
525 2803 725 2883 ἕτερον,
775 2806 811 2876 ἢ
845 2805 1025 2882 δρᾶμα
1075 2805 1255 2877 λύπης
1304 2806 1394 2860 καὶ
1437 2807 1665 2867 πένθους
1695 2807 1794 2874 τὴν
1847 2805 1991 2874 ζωὴν

339 2898 534 2967 ἑαυτῆς
565 2901 643 2969 τῷ
677 2897 780 2973 βίῳ
828 2896 1220 2972 εἷ’σενεγκοῦσα.
1269 2897 1364 2950 Καὶ
1415 2895 1488 2966 (τί
1531 2897 1633 2970 γὰρ
1694 2891 1778 2949 δεῖ
1823 2893 1990 2949 πλέον

338 2983 513 3062 λέγειν
540 2994 578 3056 ;)
631 2983 898 3056 δεσπότην
953 2985 1089 3058 μετά
1143 2984 1374 3060 προικὸς
1427 2987 1463 3053 ὴ
1512 2987 1643 3058 γυνῆ
1706 2983 1988 3055 ὠνουμένη

334 3076 426 3129 τὸν
461 3073 645 3149 ἄνδρα,
680 3072 851 3145 δούλη
891 3074 987 3147 μὲν
1019 3073 1136 3128 ἀντὶ
1167 3072 1451 3148 ἐλευθέρας
1497 3071 1629 3141 ἐστὶ,
1669 3077 1864 3147 μικρᾶς
1892 3078 1993 3140 τῆς

337 3165 475 3219 κατὰ
519 3165 611 3219 τὸν
673 3163 850 3240 γάμον
925 3161 1132 3233 ἡδονῆς
1205 3164 1305 3230 τήν
1378 3162 1609 3237 φυσικὴν
1687 3159 1993 3235 ἐλευθερίαν

339 3250 801 3324 ἀπεμπολήσασα,
837 3251 1000 3322 θύραν
1029 3249 1087 3306 δὲ
1116 3250 1411 3324 ἀμυθήτων
1447 3248 1676 3321 ὠδίνων,
1717 3249 1806 3305 καὶ
1856 3248 1994 3319 ὅλην

2027 1967 2074 2031 Β

2105 671 2239 739 leat,
2269 670 2591 727 inevitabili
2615 686 3015 726 aerumnarum
3042 667 3195 724 malo
3218 685 3452 739 semper
3481 668 3542 723 in
3568 669 3766 726 animo

2107 762 2481 817 discinditur.
2518 761 2738 815 Deinde
2783 761 2880 816 ubi
2932 759 3149 814 liberos
3182 759 3425 830 peperit,
3458 758 3547 813 vel
3583 759 3768 815 bonos

2106 867 2206 906 eos
2236 867 2363 906 esse
2388 850 2558 916 videt,
2586 867 2650 903 ac
2684 851 2963 920 majorem
3001 854 3205 919 partus
3237 847 3537 902 doloribus
3567 865 3636 904 ex
3664 856 3764 903 eo-

2107 957 2236 994 rum
2266 941 2500 1008 jactura
2537 937 2864 994 molestiam
2911 955 3012 1008 per
3059 941 3243 992 totam
3274 938 3454 991 vitam
3505 936 3716 992 tolerat
3749 953 3764 994 :

2104 1030 2190 1083 vel
2222 1029 2408 1083 malos
2438 1027 2569 1082 illos
2603 1043 2730 1082 esse
2777 1026 3182 1096 deprehendit,
3206 1031 3264 1080 et
3293 1024 3601 1081 sterilitate
3630 1043 3762 1097 gra-

2106 1118 2234 1172 vius
2264 1135 2331 1172 ex
2365 1117 2618 1171 filiorum
2649 1115 3025 1187 generatione
3050 1113 3432 1185 opprobrium
3464 1114 3765 1170 refert.Vel

2106 1205 2452 1278 priusquam
2482 1209 2536 1260 in
2562 1205 2981 1276 experientiam
2997 1204 3222 1259 veniret
3241 1220 3443 1258 eorum
3466 1220 3592 1275 qua
3620 1204 3766 1258 dixi-

2077 1313 2264 1361 -mus,
2290 1294 2605 1361 malorum,
2626 1311 2842 1366 sponsa
2870 1293 3044 1349 simul
3077 1310 3143 1348 ac
3172 1293 3347 1347 vidua
3379 1294 3532 1348 facta
3561 1298 3670 1350 est.
3692 1297 3761 1350 Et

2106 1403 2233 1457 quas
2257 1384 2383 1440 sine
2407 1384 2608 1439 liberis
2636 1385 2693 1438 in
2719 1383 3057 1438 viduitatem
3081 1382 3309 1452 incidit,
3333 1399 3439 1437 nec
3469 1399 3636 1448 uxor,
3661 1399 3764 1439 nec.

2104 1474 2286 1545 virgo,
2320 1489 2425 1527 nec
2459 1478 2642 1527 mater
2674 1476 2785 1542 est,
2819 1473 2919 1526 sed
2955 1470 3231 1526 omnibus
3281 1469 3460 1526 simul
3492 1468 3764 1541 spoliata,

2107 1579 2474 1635 quaecunque
2498 1563 2769 1633 jucunda
2802 1577 2870 1616 ex
2903 1560 3125 1631 nuptiis
3147 1560 3410 1615 accidere
3431 1559 3771 1615 existiman-

2106 1657 2225 1712 tur.
2249 1652 2451 1707 amisit
2480 1652 2741 1722 quidem,
2767 1651 2838 1705 ob
2875 1650 3101 1704 brevem
3129 1648 3509 1720 voluptatem,
3532 1647 3771 1721 virgini-

2105 1742 2244 1796 tatis
2278 1740 2805 1812 pulchritudinem,
2832 1744 3062 1794 tantum
3097 1743 3291 1793 autem
3320 1739 3391 1792 de
3423 1738 3642 1809 nuptiis
3673 1739 3770 1794 de-

2105 1831 2380 1900 gustavit,
2409 1835 2698 1901 quantum
2733 1829 2878 1884 satis
2905 1832 3026 1882 erat
3067 1833 3131 1881 ut
3161 1827 3554 1898 acerbitatem,
3577 1826 3768 1883 vidui-

2105 1921 2243 1974 tatis
2269 1919 2644 1992 perspiceret.
2663 1918 2763 1972 Vel
2792 1918 2850 1972 in
2873 1917 3156 1971 viduitate
3185 1915 3440 1988 pupillos
3463 1917 3767 1973 enutriens

2108 2009 2518 2077 liberos,videt
2549 2009 2606 2062 in
2640 2008 2723 2063 eis
2761 2013 3211 2062 monumentum
3248 2005 3674 2078 doloris,quem
3698 2023 3767 2063 ex

2108 2099 2210 2152 viri
2248 2103 2433 2152 morte
2463 2096 2733 2168 collegit:
2759 2112 2825 2150 ac
2858 2111 3090 2167 semper
3124 2095 3179 2148 in
3214 2094 3508 2166 lacrymis,
3534 2113 3768 2168 semper

2107 2187 2166 2241 in
2191 2186 2773 2258 gemitibus,semper
2795 2185 2851 2238 in
2875 2183 3162 2239 molestiis
3179 2200 3379 2238 eorum
3399 2185 3766 2240 educationis

2108 2275 2406 2346 permista,
2432 2290 2545 2328 non
2572 2275 2744 2328 modo
2769 2273 2997 2328 nullum
3023 2273 3198 2327 habet
3225 2271 3568 2344 malo,quod
3594 2275 3642 2328 ei
3667 2289 3768 2329 ac-

2108 2363 2270 2430 cidit,
2296 2362 2517 2434 aequale
2560 2362 2860 2432 solatium,
2883 2362 2983 2417 sed
3017 2366 3075 2417 et
3105 2361 3390 2433 cognatis,
3413 2367 3470 2417 et
3507 2361 3768 2434 famulis,

2109 2458 2166 2508 et
2209 2452 2507 2508 tutoribus
2539 2468 2877 2524 puerorum,
2903 2467 2969 2506 ac
3001 2451 3147 2523 ipsis
3179 2467 3332 2523 saepe
3363 2451 3539 2506 etiam
3571 2451 3770 2524 pueris

2108 2543 2177 2598 ad
2199 2542 2424 2597 virilem
2448 2546 2677 2596 aetatem
2707 2541 3030 2612 perductis,
3047 2557 3111 2595 ac
3129 2541 3404 2596 omnibus
3422 2542 3662 2598 omnino
3686 2542 3771 2597 in-

2101 2633 2317 2703 juriam
2340 2632 2525 2686 facere
2542 2630 2872 2685 volentibus
2896 2631 3091 2702 praeda
3111 2630 3466 2686 miserabilis
3483 2632 3768 2704 exposita,

2107 2738 2274 2776 suam
2307 2720 2496 2792 ipsius
2527 2719 2731 2786 vitam,
2766 2736 2869 2775 ceu
2912 2718 3130 2775 doloris
3163 2724 3220 2774 et
3260 2719 3454 2775 luctus
3488 2720 3769 2803 fabulam,

2105 2810 2447 2865 hominibus
2495 2809 2788 2882 proponit.
2820 2811 2930 2865 Sed
2983 2811 3125 2882 quid
3177 2809 3346 2881 plura
3394 2826 3633 2866 necesse
3681 2812 3778 2882 est

2105 2900 2338 2954 dicere?
2373 2900 2684 2954 Dominum
2736 2900 2872 2954 dote
2920 2899 3132 2953 mulier
3181 2914 3384 2954 emens
3413 2901 3628 2968 virum,
3664 2916 3769 2954 an-

2106 2988 2241 3044 cilla
2271 2989 2336 3041 fit
2364 3004 2431 3042 ex
2463 2987 2667 3057 libera,
2699 2987 2910 3058 exigua
2953 2987 3292 3057 nuptiarum
3327 2988 3626 3058 voluptate
3659 3005 3768 3043 na-

2105 3077 2357 3132 turalem
2389 3077 2649 3132 vendens
2691 3076 3022 3132 libertatem
3057 3093 3123 3132 ac
3145 3077 3390 3148 januam
3426 3076 3538 3131 sibi
3585 3077 3768 3132 innu-

2108 3164 2477 3220 merabilium
2510 3165 2804 3231 dolorum,
2836 3182 2902 3220 ac
2933 3182 3168 3220 omnem
3203 3165 3604 3221 molestiarum
3639 3184 3770 3222 ma-

2107 3255 2315 3309 teriam
2349 3254 2406 3308 in
2442 3254 2818 3309 matrimonio
2859 3255 3063 3324 aperit.
3099 3258 3292 3309 Manet
3338 3255 3497 3310 enim
3552 3254 3772 3311 irrevo-

341 3342 590 3396 ὑπόθεσιν
621 3339 944 3416 ἀλγηδόνων
977 3342 1034 3412 (9
1073 3342 1090 3412 )
1149 3339 1314 3413 ἑαυτῇ
1354 3339 1445 3394 τὸν
1497 3339 1675 3414 γάμον
1725 3338 1995 3408 ἀνοίξασα.

2108 3343 2314 3399 cabilis
2348 3344 2406 3398 in
2440 3343 2601 3398 illam
2625 3343 2982 3405 maledictio,
3008 3361 3134 3416 quas
3163 3344 3218 3398 in
3244 3343 3523 3400 omnibus
3549 3345 3773 3417 nuptiis

341 3431 640 3505 Μένειγᾶρ
673 3429 945 3506 ἄρῥηκτος
977 3430 1094 3484 κατ’
1135 3428 1303 3497 αὐτῆς
1359 3431 1393 3497 ἡ
1449 3429 1573 3503 ἀρὰ,
1632 3429 1769 3483 κατὰ
1826 3428 2001 3482 πάντα

344 3519 546 3595 γάμον,
637 3518 817 3592 ὥσπερ
897 3517 1291 3591 ἐπιθαλάμιον,
1366 3515 1587 3588 ᾅδουσα.
1663 3521 1751 3574 Ἐν
1803 3515 2001 3578 λύπαις

338 3609 461 3685 τέξῃ
535 3609 714 3676 τέκνα,
791 3608 881 3663 καὶ
956 3609 1090 3679 πρὸς
1137 3607 1230 3662 τὸν
1299 3604 1467 3681 ἄνδρα
1524 3627 1621 3661 σου
1678 3607 1997 3682 ἀποστροφή

341 3721 458 3768 σου,
517 3697 606 3752 καὶ
666 3697 826 3758 αὐτός
886 3717 983 3750 σου
1039 3697 1332 3770 κυριεύσει.
1394 3697 1456 3752 Ἣ
1517 3693 1575 3750 δὶ
1617 3696 1878 3771 παρθένος
1905 3695 1998 3749 τὸν

343 3789 480 3865 πρὸς
537 3787 629 3840 τὸν
689 3783 856 3858 ἄνδρα
920 3783 1080 3858 ζυγὸν
1143 3784 1494 3860 ἀποῤῥήξασα
1537 3787 1672 3858 (99),
1721 3785 1812 3840 καὶ
1862 3785 2000 3859 πρὸς

341 3878 434 3932 τὸν
471 3874 668 3951 Κύριον
702 3871 806 3944 ὅλη
844 3872 1145 3948 δραμοῦσα,
1208 3873 1572 3948 συναπέῤῥηξε
1617 3878 1696 3944 τῷ
1737 3878 1881 3949 ζυγῷ
1910 3874 2000 3928 καὶ

341 3967 442 4034 τὴν
474 3963 534 4020 ἐκ
560 3966 659 4029 τῆς
689 3963 926 4038 κατάρας
960 3959 1178 4032 ὀδύνην.
1240 3963 1440 4040 Ἔφυγε
1476 3963 1582 4038 γὰρ
1611 3963 1706 4024 τὰς
1749 3961 1837 4017 ἐπὶ
1884 3969 2004 4025 τοῖς

343 4055 552 4117 τέκνοις
599 4049 823 4118 ὠδῖνας,
875 4047 1041 4129 ἔφυγε
1094 4051 1196 4120 τήν
1254 4051 1391 4126 πρὸς
1443 4051 1536 4105 τὸν
1588 4051 1782 4121 θνητὸν
1838 4047 2007 4126 ἄνδρα

343 4142 619 4209 δουλείαν,
650 4141 742 4195 καὶ
804 4139 1047 4202 συνόλως
1111 4141 1317 4194 ἅπαντα
1346 4141 1412 4195 τὰ
1443 4140 1503 4195 ἐκ
1530 4144 1628 4195 τοῦ
1675 4141 1858 4215 γάμου
1892 4137 2006 4194 δει-

342 4236 428 4289 νά.
487 4228 802 4308 Συναπέδρα
833 4227 891 4285 δὶ
919 4235 1036 4292 τοῖς
1069 4229 1313 4302 λοιποῖς,
1363 4229 1453 4284 καὶ
1511 4230 1578 4283 τὰ
1607 4230 1741 4306 πρὸς
1778 4231 1872 4299 τὴν
1905 4251 2004 4284 πο-

345 4321 554 4397 λύχουν
602 4323 700 4376 τοῦ
757 4319 1027 4394 παρόντος
1087 4317 1211 4395 βίου
1265 4319 1530 4394 ἁμαρτίαν
1563 4318 1892 4374 πολύπλοκα
1923 4315 2004 4372 δί-

345 4431 499 4468 κτυα.
535 4409 647 4484 Πρὸ
680 4405 738 4463 δὲ
775 4407 990 4462 πάντων
1033 4408 1203 4478 αὐτὴν
1259 4409 1359 4476 τήν
1413 4407 1470 4463 ἐκ
1521 4415 1622 4477 τῆς
1681 4407 2008 4480 συμπλοκῆς

343 4505 454 4556 τῶν
486 4502 696 4575 σαρκῶν
733 4491 1135 4570 συμϐαίνουσαν
1196 4496 1398 4574 φθορὰν
1448 4496 1673 4568 πρώτην
1736 4502 2006 4575 φυγοῦσα,

349 4588 586 4669 ἄφθορος
616 4585 720 4658 ὅλη
757 4585 810 4642 ἐν
843 4586 1065 4668 ἀσάρκῳ
1091 4587 1168 4659 (1)
1214 4588 1388 4660 ψυχῇ,
1422 4591 1500 4658 τῷ
1531 4587 1713 4660 Κυρίῳ
1742 4586 2007 4666 νυμφεύε-

2112 3433 2266 3487 velut
2291 3432 2737 3503 epithalamium
2773 3433 2932 3488 canit
2964 3451 2976 3488 :
3011 3438 3075 3488 In
3100 3434 3382 3488 doloribus
3405 3435 3592 3505 paries
3617 3436 3773 3490 640

2114 3521 2330 3589 liberos,
2366 3530 2416 3576 et
2463 3523 2544 3576 ad
2573 3525 2762 3576 virum
2791 3526 2950 3577 tuum
2997 3524 3280 3578 conversio
3312 3532 3424 3588 tua,
3456 3533 3511 3579 ει
3540 3525 3659 3593 ipse
3686 3527 3778 3581 tui

2111 3611 2493 3666 dominabitur
2512 3611 2576 3666 ⁸⁸.
2613 3611 2782 3684 Virgo
2823 3617 3044 3677 autem,
3077 3628 3320 3668 excusso
3367 3612 3475 3667 viri
3526 3615 3684 3685 iugo,
3718 3618 3777 3671 et

2113 3700 2183 3755 ad
2210 3699 2526 3754 Dominum
2549 3704 2670 3755 tota
2695 3717 2960 3765 currens,
2985 3701 3160 3755 simul
3183 3701 3357 3756 etiam
3381 3704 3638 3758 excussit
3668 3704 3776 3760 im-

2114 3788 2435 3844 minentem
2472 3805 2540 3844 ex
2571 3789 2882 3845 maledicto
2915 3789 3197 3847 dolorem.
3235 3791 3405 3864 Fugit
3445 3792 3601 3848 enim
3635 3811 3774 3866 par-

2111 3880 2208 3931 tus
2240 3876 2491 3943 dolores,
2514 3878 2665 3949 fugit
2686 3878 3076 3934 exhibendam
3102 3880 3223 3936 viro
3256 3881 3489 3936 mortali
3523 3884 3771 3939 servitu-

2114 3971 2255 4033 tem,
2289 3983 2355 4021 ac
2387 3983 2503 4021 uno
2534 3968 2708 4022 verbo
2741 3969 2938 4023 omnia
2982 3969 3342 4025 matrimonii
3373 3971 3768 4028 incommoda.

2114 4055 2298 4109 Simul
2332 4055 2506 4109 etiam
2558 4072 2690 4110 cum
2749 4055 2995 4127 reliquis
3045 4058 3193 4128 fugit
3241 4058 3528 4114 instructa
3574 4059 3780 4116 multis
3863 4106 3865 4108 .

2119 4143 2364 4198 nexibus
2397 4145 2469 4199 ad
2503 4149 2808 4214 peccatum
2841 4145 2957 4200 late
2987 4147 3042 4199 in
3078 4146 3186 4201 hac
3217 4147 3334 4201 vita
3367 4147 3648 4203 diffusum
3685 4165 3778 4204 re-

2117 4233 2218 4287 tia.
2247 4237 2396 4286 Ante
2429 4233 2630 4288 omnia
2651 4239 2848 4289 autem
2881 4233 3068 4306 ipsam
3095 4237 3531 4308 corruptionem
3563 4254 3632 4292 ex
3662 4253 3783 4292 car-

2119 4322 2237 4377 nali
2262 4321 2471 4393 copula
2496 4323 2744 4394 primam
2781 4325 3030 4395 fugiens,
3056 4330 3180 4379 tota
3206 4325 3547 4398 incorrupta
3571 4325 3628 4381 in
3662 4327 3787 4382 ani-

2122 4427 2214 4464 ma
2256 4409 2452 4465 carnis
2499 4416 2732 4482 experte
2763 4412 3011 4468 Domino
3045 4414 3446 4485 despondetur
3478 4433 3490 4469 :
3527 4432 3631 4471 nec
3654 4416 3783 4488 jam

2119 4500 2344 4572 patitur
2368 4503 2430 4553 ut
2452 4517 2560 4555 sua
2582 4501 2652 4555 ad
2675 4502 2867 4556 virum
2897 4501 2975 4556 sit
2996 4504 3321 4570 conversio,
3347 4505 3447 4560 sed
3471 4521 3599 4562 sese
3629 4506 3785 4579 frugi

2119 4588 2368 4644 Domino
2398 4589 2630 4645 exhibet
2659 4589 2717 4644 in
2747 4591 2869 4645 vita
2900 4593 3174 4648 decenter
3203 4594 3548 4666 composita.
3583 4595 3785 4651 Matri-

347 4699 456 4734 ται·
519 4678 698 4733 ούκέτι
736 4677 832 4750 μὲν
865 4676 1004 4752 πρὸς
1037 4676 1229 4745 θνητὸν
1258 4673 1426 4751 ἄνδρα
1467 4678 1568 4745 τήν
1623 4677 1817 4741 ἑαυτῆς
1869 4677 1996 4730 ἀπο-

2123 4678 2304 4732 monii
2339 4677 2494 4734 enim
2529 4679 2838 4733 materiam
2886 4697 3015 4736 esse
3048 4684 3485 4755 corruptionem
3518 4690 3574 4738 et
3603 4684 3783 4757 virgi-

354 4765 593 4842 στροφὴν
648 4764 782 4818 εἶναι
815 4763 1148 4838 ἀνεχομένη,
1197 4762 1437 4838 αὐτάρκη
1483 4760 1540 4817 δὶ
1592 4763 1786 4831 ἑαυτήν
1836 4762 1887 4816 έν
1918 4764 1996 4817 εύ-

2126 4767 2326 4821 uitatis
2375 4768 2666 4837 jacturam
2701 4768 3061 4841 intelligens,
3095 4773 3272 4827 etiam
3327 4789 3393 4830 ex
3437 4777 3784 4845 argumento

355 4852 544 4907 σταλεῖ
588 4852 694 4927 βίῳ
740 4857 820 4923 τῷ
863 4851 1046 4926 Κυρίῳ
1094 4849 1512 4926 παραδεικνῦσα.
1569 4857 1674 4906 Τοῦ
1702 4852 1804 4928 γὰρ
1833 4852 1996 4927 γάμοι

2123 4862 2305 4911 totam
2344 4856 2602 4911 fabulam
2649 4859 2993 4928 nuptiarum
3042 4862 3363 4932 prudenter
3393 4861 3694 4933 spectavit,
3728 4865 3788 4919 et

358 4942 559 5017 φθορὰν
594 4941 680 4995 καὶ
717 4934 871 5014 ὕϐριν
907 4941 1006 5009 τήν
1068 4941 1316 4996 ὑπόθεσιν
1367 4939 1678 5012 κατιδοῦσα,
1711 4941 1800 4996 καὶ
1833 4940 1892 4996 ἰκ
1918 4948 1996 5010 τῆι

2128 4946 2378 5017 primam
2401 4945 2805 5001 molestiarum
2827 4949 3134 5004 materiam
3155 4949 3784 5022 fugiens,simuletiam

363 5028 673 5094 ὑποθέσεως
702 5031 766 5085 τὸ
806 5029 936 5085 ὅλον
969 5026 1150 5103 δρᾶμα
1201 5035 1299 5085 τοῦ
1329 5032 1510 5106 γάμου
1561 5031 1844 5108 φρονίμως
1895 5053 1987 5086 συν

2129 5036 2281 5107 fugit
2312 5040 2648 5092 nascentem
2673 5052 2740 5091 ex
2772 5038 3016 5094 materia
3046 5039 3413 5110 pravitatem.
3435 5040 3623 5103 Quare
3655 5055 3784 5112 quin

363 5120 680 5196 ελογίσατο,
714 5120 806 5175 καὶ
839 5121 1197 5197 ἀποφυγοῦσα
1224 5124 1332 5174 τῶν
1365 5121 1599 5196 ἀνιαρῶν
1643 5121 1742 5190 τὴν
1793 5123 1996 5196 πρώτη·

2132 5128 2316 5196 nupta
2347 5141 2461 5179 non
2489 5128 2598 5194 est,
2621 5131 2788 5181 curat
2807 5143 2875 5183 ea
2896 5144 3025 5198 quae
3046 5127 3279 5184 Domini
3305 5131 3464 5196 sunt,
3489 5129 3784 5200 quomodo

370 5211 652 5281 ὑπόθεσιν,
702 5210 1081 5287 συνππέφυγεν
1131 5209 1245 5283 ἅμα
1286 5211 1373 5265 καὶ
1423 5211 1522 5280 τὴν
1561 5209 1623 5266 ἐκ
1667 5217 1766 5280 τῆς
1828 5211 1992 5276 ὑποθέ

2133 5213 2358 5286 placeat
2387 5213 2633 5270 Domino
2668 5231 2680 5270 :
2716 5231 2845 5286 quas
2894 5224 3087 5272 autem
3137 5217 3359 5288 nupsit,
3392 5217 3647 5274 sollicita
3696 5222 3787 5276 est

364 5321 504 5363 σεως
536 5300 818 5376 φυομένην
850 5299 1060 5354 κακίαν·
1091 5298 1184 5353 Διὸ
1209 5301 1243 5368 ἡ
1299 5295 1510 5375 ἄγαμος
1571 5304 1803 5375 μεριμνᾷ
1834 5300 1901 5355 τὰ
1928 5302 1996 5356 τοτ

2137 5304 2206 5359 de
2237 5302 2310 5358 iis
2341 5319 2468 5374 quae
2505 5307 2645 5359 sunt
2687 5306 2910 5374 mundi,
2946 5306 3238 5378 quomodo
3268 5305 3499 5380 placeat
3526 5307 3649 5366 viro
3680 5325 3695 5368 :
3728 5311 3788 5367 et

428 5437 474 5472 ⁸⁰
504 5435 650 5493 Gen.
684 5452 771 5504 In,
807 5435 894 5491 16.

432 5572 545 5643 (96)
577 5565 717 5624 Ούδέ
760 5566 964 5645 ἕτερον.
1012 5569 1106 5626 Sic
1156 5569 1272 5626 duo
1319 5570 1572 5626 Combef.
1637 5569 1808 5640 Editi,
1870 5565 1994 5624 οὐδὲ

432 5663 541 5712 ρον.
1298 5710 1305 5712 _

2203 5569 2319 5712 E99)
2349 5567 2746 5645 Ἀποῤῥήξασα.
2771 5569 2956 5640 C01b.,
2990 5567 3354 5646 ἀπορῥιψασα.

2138 5709 2148 5712 _
2228 5641 2280 5712 1)
2311 5641 2400 5697 Ἐν
2430 5643 2670 5712 ἀσάρκῳ.
2702 5643 2789 5701 Ita
2837 5642 3021 5712 C01b.,
3055 5650 3114 5702 et
3160 5645 3276 5704 duo
3320 5647 3354 5704 C

360 5663 547 5786 “£23213
579 5714 894 5786 Πὲρθεῖιαςι
923 5712 1112 5779 Colb.,
1143 5710 1430 5786 παρθένου.
1503 5781 1520 5786 _
1548 5783 1557 5786 _

2132 5641 2400 5786 ἐν
2430 5641 2670 5717 idem.
2702 5643 2789 5701 Ita
2837 5642 3021 5717 σου»,
3055 5641 3114 5702 et
3137 5641 3276 5704 'duo
3320 5647 3575 5707 Combef.
3609 5649 3786 5722 Editi,

437 5716 553 5860 E97;
579 5716 894 5786 Παρθενιας.
923 5716 1112 5779 Golb.,
1143 5716 1430 5786 παρθένου.

460 5789 530 5844 98
582 5783 957 5864 ’Λλγηδόνων.
990 5787 1114 5844 Duo
1142 5801 1318 5854 mss.,
1349 5781 1677 5862 ἀλγηδόνος.
