4124 6372
396 415 516 477 719

1345 413 1742 476 APPENDIX
1788 413 2115 476 OPEBUM
2161 416 2228 476 S.
2275 413 2562 478 BASILII
2609 413 2880 475 MAGNI.

3700 417 3823 479 720

387 545 576 614 divisa
589 550 729 599 sunt
749 545 864 600 haec
877 545 1235 610 duo,mulier
1249 552 1306 600 et
1322 546 1504 616 virgo.
1526 545 1777 617 Innupta
1791 550 1962 602 curat
1978 561 2034 601 ea

2158 542 2383 617 Κυρίου,
2416 546 2534 605 πῶς
2564 542 2726 618 ἀρέσῃ
2765 547 2845 614 τῷ
2892 541 3096 618 Κυρίῳ·
3145 545 3181 613 ἡ
3233 541 3291 598 δὲ
3343 545 3656 620 γαμήσασα,
3723 567 3821 619 με-

385 651 512 705 quas
537 633 767 689 Domini
801 640 958 702 sunt,
981 639 1044 688 ut
1066 635 1363 688 sitsancta
1379 651 1620 704 corpore
1651 640 1708 689 et
1740 635 1948 706 spiritu
1971 636 2038 687 ³¹.

2159 637 2324 707 ριμνᾷ
2346 632 2412 686 τά
2440 636 2536 686 τοῦ
2567 631 2798 702 κόσμου,
2835 636 2952 693 πῶς
2984 630 3148 707 ἀρέσῃ
3174 637 3254 705 τῷ
3302 631 3452 699 ἀνδρί
3494 635 3586 688 καὶ
3635 636 3816 708 μεμέ-

383 743 560 798 ρισται
594 721 682 776 καὶ
717 725 748 792 ἡ
782 723 940 798 γυνη,
971 721 1057 775 καὶ
1159 722 1449 796 παρθένος.
1482 727 1540 775 'll
1574 719 1781 798 ἄγαμος
1819 726 2057 795 μεριμνᾷ
2087 721 2154 776 τὰ
2183 725 2279 775 τοῦ
2326 719 2557 795 Κυρίου,
2582 715 2676 774 ἵνα
2772 720 2895 794 ἁγία
2922 725 3001 792 τῷ
3032 721 3244 793 σώματι
3277 720 3366 775 καὶ
3395 725 3474 793 τῷ
3502 721 3802 795 πνεύματι.

448 832 538 884 24.
575 831 760 902 Igitur
790 829 1250 885 sollicitudinem
1301 846 1435 884 cum
1481 847 1570 893 ea,
1600 847 1727 901 quae
1761 833 1830 886 de
1864 833 2042 886 rebus

380 919 586 974 mundi
633 919 884 974 sollicita
915 924 1023 984 est,
1050 919 1283 990 partita,
1307 920 1354 973 ei
1391 937 1516 990 quis
1547 921 1670 975 viro
1707 922 1914 989 juncta
1953 927 2043 975 est

381 1008 633 1074 mortali,
655 1009 989 1063 mundanas
1012 1010 1082 1063 dc
1115 1010 1292 1065 rebus
1315 1009 1796 1081 corruptibilibus
1823 1009 2039 1064 sollici-

381 1097 618 1152 tudines
643 1098 906 1166 projecit,
933 1099 1044 1152 sibi
1076 1104 1466 1169 congruentes
1489 1116 1704 1169 sponso
1729 1116 1835 1153 suo
1860 1099 1929 1154 de
1950 1115 2038 1154 re-

382 1186 493 1239 bus
525 1186 961 1240 immortalibus
993 1203 1164 1240 curas
1191 1186 1378 1251 elegit.
1408 1189 1595 1251 Quare
1620 1185 1761 1241 nihil
1793 1187 2038 1241 munda-

383 1290 525 1329 num
551 1290 754 1328 curare
779 1274 1258 1346 deprehenditur,
1288 1292 1358 1330 ne
1377 1275 1644 1330 videatur
1666 1292 2037 1330 communem

381 1363 494 1424 sibi
531 1378 665 1417 cum
699 1361 881 1418 altera
923 1362 1380 1418 sollicitudinem
1418 1363 1637 1432 facere;
1672 1365 1769 1419 sed
1807 1366 1878 1419 ab
1910 1381 2040 1420 om-

380 1451 556 1506 nibus
599 1468 841 1522 prorsus
875 1469 1022 1522 pura
1053 1451 1432 1508 saacularibus
1464 1452 1642 1522 curis,
1679 1471 1825 1524 pura
1855 1458 1913 1508 et
1939 1470 2039 1508 ex-

380 1545 543 1611 perte
576 1541 1034 1611 perturbationis
1070 1548 1262 1595 mente
1305 1542 1377 1596 ad
1421 1559 1707 1612 sponsum
1753 1543 2040 1598 converti-

379 1633 494 1685 tur.
529 1633 642 1682 Nec
676 1629 952 1684 difﬁdens
986 1631 1234 1700 provida:
1258 1629 1364 1684 viri
1396 1631 1486 1686 sui
1521 1633 1817 1702 potestati,
1851 1633 1919 1686 de
1951 1648 2038 1686 re-

379 1719 490 1775 bus
515 1719 969 1786 necessariis,ut
1002 1719 1102 1774 illa
1136 1721 1410 1774 turbatur
1437 1738 1450 1776 :
1475 1721 1572 1775 scd
1607 1725 1663 1776 et
1696 1719 1856 1775 illius
1887 1721 1943 1774 in
1977 1737 2040 1776 se

379 1809 563 1864 amori
597 1814 655 1863 et
691 1808 1008 1864 sufﬁcienti
1055 1810 1126 1864 ad
1178 1809 1375 1864 omnia
1407 1810 1679 1880 potestati
1713 1810 2034 1878 conﬁdens,

2222 831 2312 884 21.
2345 828 2553 882 Οὐκοῦν
2613 827 2748 902 πρὸς
2805 828 2903 896 τὴν
2959 827 3024 880 τά
3068 831 3164 882 τοῦ
3193 828 3404 900 κόσμου
3456 833 3812 902 μεριμνῶσαν

2155 917 2490 991 μερισαμένη
2522 917 2623 984 τήν
2670 914 2953 990 μέριμναν,
3003 916 3098 985 τὴν
3160 917 3253 989 μὲν
3305 921 3528 993 φθαρτῷ
3555 916 3812 993 ἐζευγμέ-

2150 1028 2250 1075 νην
2303 1008 2379 1077 (2)
2429 1002 2583 1078 ἀνδρὶ
2633 1007 2730 1069 τὰς
2775 1009 2873 1059 τοῦ
2916 1003 3128 1077 κόσμου
3188 1005 3322 1082 ὑπὲρ
3382 1010 3494 1061 τῶν
3554 1012 3809 1083 φθαρτῶν

2152 1091 2438 1172 φροντίδας
2515 1093 2896 1170 προσέρριψεν,
2975 1094 3137 1169 ἑαυτῇ
3211 1091 3269 1149 δὲ
3342 1094 3436 1158 τὰς
3507 1095 3640 1171 ὑπὲρ
3698 1101 3809 1152 τῶν

2150 1183 2435 1257 ἀφθάρτων
2484 1188 2760 1257 συγγενεῖς
2825 1181 2986 1244 οὔσας
3033 1187 3129 1238 τοῦ
3178 1182 3384 1238 οῗκείου
3439 1185 3681 1262 νυμφίου
3713 1187 3811 1242 ἀν-

2151 1271 2332 1340 έθηκε.
2366 1271 2457 1326 Διὸ
2486 1269 2638 1326 οὐδὲν
2671 1276 2778 1326 τῶν
2807 1276 2905 1326 τοῦ
2937 1272 3148 1344 κόσμου
3184 1278 3505 1348 μεριμνῶσα
3560 1274 3806 1348 εὑρίσκε-

2147 1381 2259 1429 ται,
2305 1359 2396 1414 ’ίνα
2451 1361 2526 1433 μὴ
2579 1358 2708 1434 δόξῃ
2749 1367 3086 1416 κοινοποιεῖν
3118 1359 3280 1436 έαυτῇ
3315 1363 3450 1438 πρὸς
3479 1364 3576 1431 τήν
3617 1362 3798 1438 ἑτέραν

2146 1452 2244 1519 τήν
2283 1449 2565 1526 μέριμναν·
2608 1449 2754 1505 ἀλλά
2785 1442 2971 1505 πασῶν
3010 1454 3117 1504 τῶν
3171 1456 3452 1524 κοσμικῶν
3502 1449 3797 1530 φροντίδων

2147 1542 2398 1614 καθαρῶς
2447 1538 2838 1614 καθαρεύουσα,
2888 1541 3108 1614 καθαρῷ
3151 1541 3240 1594 καὶ
3292 1541 3556 1616 ἀταράχῳ
3607 1546 3688 1614 τῶ
3727 1547 3803 1614 νῷ

2148 1630 2283 1703 πρὸς
2325 1629 2414 1683 τὸν
2464 1628 2700 1703 νυμφίον
2750 1627 3133 1704 έπέστραπται.
3201 1626 3344 1686 Οὐδὲ
3389 1629 3490 1704 γὰρ
3544 1633 3617 1703 (3)
3680 1629 3804 1684 ἀπι-

2148 1738 2345 1772 στουσα
2372 1721 2440 1790 τῇ
2474 1712 2765 1792 ποριστικῇ
2799 1715 3022 1789 δυνάμει
3053 1721 3148 1772 τοῦ
3189 1716 3394 1772 οἷ’κείου
3449 1717 3660 1794 ἀνδρὸς,
3710 1740 3805 1774 πε-

2150 1806 2200 1882 ρὶ
2231 1808 2298 1861 τὰ
2330 1807 2598 1881 ἀναγκαῖα
2649 1801 2833 1882 ὥσπερ
2890 1805 3062 1876 ἐκείνη
3114 1807 3455 1882 ταράσσεται·
3517 1805 3664 1863 ἀλλά
3714 1806 3805 1863 καὶ

379 1897 526 1953 nihil
559 1897 717 1953 aliud
761 1903 948 1966 curat,
984 1899 1097 1952 nisi
1132 1899 1424 1970 quomodo
1455 1899 1537 1953 illi
1581 1899 1828 1970 placeat,
1851 1905 1906 1954 et
1934 1899 2034 1954 hac

2148 1900 2216 1970 τῇ
2249 1897 2372 1970 περὶ
2404 1896 2572 1964 αὐτὴν
2609 1897 2788 1972 ἀγάπῃ
2817 1895 3001 1963 αὑτοῦ,
3051 1895 3142 1951 καὶ
3198 1901 3267 1970 τῇ
3310 1896 3385 1959 εἰς
3433 1895 3605 1952 πάντα
3659 1895 3810 1973 διαρ-

384 1986 783 2042 sollicitudine
805 1988 1100 2058 quomodo
1122 1989 1172 2042 ei
1195 1988 1440 2060 placeat,
1457 1987 1616 2043 illius
1638 1989 1693 2043 in
1716 2005 1776 2043 se
1801 1989 2042 2042 benevo-

384 2075 627 2131 lentiam
665 2077 939 2147 adauget.
965 2077 1110 2140 Quid
1147 2083 1236 2131 est
1266 2084 1458 2132 autem
1495 2077 1722 2148 placere
1753 2077 2038 2150 virginem

387 2167 520 2233 Deo,
543 2166 656 2220 nisi
685 2166 1010 2220 naturalem
1036 2183 1204 2221 suam
1234 2167 1731 2238 pulchritudinem
1755 2167 2040 2223 virtutum

383 2253 544 2307 cultu
571 2269 803 2324 semper
820 2254 1204 2324 refulgentem
1223 2256 1552 2320 ostendere,
1568 2260 1625 2308 et
1640 2254 2040 2324 incorruptam

385 2341 548 2397 illam
572 2342 793 2413 jugiter
814 2343 1083 2397 servare?
1107 2345 1294 2408 Quare
1320 2345 1429 2397 Deo
1453 2342 1680 2413 placere
1701 2342 1866 2408 velle,
1893 2341 2040 2397 nihil

385 2429 546 2486 aliud
579 2436 686 2502 est,
712 2447 888 2502 quam
917 2433 1299 2502 semetipsum
1334 2431 1691 2486 laudabilem
1720 2443 1776 2486 et
1806 2431 2043 2487 beatum

381 2525 439 2577 et
469 2520 723 2576 similem
775 2519 858 2575 illi
906 2521 1152 2576 efﬁcere.
1188 2524 1265 2576 Ac
1296 2521 1586 2593 reperitur
1615 2537 1742 2592 quae
1793 2520 2044 2576 sollicita

378 2612 488 2673 est,
513 2609 808 2679 quomodo
843 2608 1069 2680 placeat
1112 2609 1386 2675 Domino,
1410 2626 1524 2664 non
1557 2609 1630 2678 ei,
1663 2610 1755 2663 cui
1792 2608 2043 2666 sollicita

378 2702 467 2752 est
491 2697 778 2768 placendi,
798 2697 959 2752 lucru
975 2715 1028 2752 m
1049 2715 1152 2770 per
1168 2698 1317 2753 hanc
1336 2697 1791 2754 sollicitudinem
1812 2699 2036 2768 afferre,

377 2787 477 2842 sed
513 2786 887 2859 sibimetipsi,
925 2789 1064 2842 dum
1097 2788 1252 2842 circa
1283 2787 1451 2842 illum
1486 2787 1736 2843 sollicita
1766 2794 1875 2856 est,
1906 2789 2037 2860 pul-

376 2875 772 2931 chritudinem
803 2881 861 2931 et
893 2875 1283 2945 corruptionis
1303 2882 1598 2948 expertem
1634 2882 1850 2932 statum
1876 2895 2035 2933 com-

378 2981 599 3036 parare.
633 2966 794 3029 Quod
831 2965 878 3020 si
912 2971 1144 3021 tantum
1178 2966 1422 3037 virginis
1452 2965 1705 3036 lucrum,
1734 2984 1861 3037 quas
1892 2968 2035 3023 dum

378 3053 629 3108 sollicita
659 3060 750 3109 est
779 3055 1069 3126 quomodo
1103 3054 1328 3125 placeat
1359 3055 1627 3120 Domino,
1658 3061 1841 3110 totam
1869 3057 1938 3110 ad
1972 3073 2036 3112 se

378 3142 693 3198 utilitatem
718 3142 1020 3211 convertit,
1043 3159 1221 3214 seque
1245 3145 1468 3198 beatam
1495 3143 1706 3212 efficit;
1732 3162 1844 3199 non
1869 3145 2036 3199 decet

375 3236 440 3288 ut
469 3231 539 3286 de
570 3233 745 3288 rebus
778 3232 1098 3287 mundanis
1133 3249 1394 3303 unquam
1427 3233 1681 3288 sollicita
1702 3250 1830 3289 esse
1863 3251 2025 3306 repe-

373 3320 578 3376 riatur.
606 3321 850 3378 Necesse
872 3327 961 3375 est
986 3320 1163 3384 enim,
1188 3326 1251 3375 ut
1277 3321 1418 3376 dum
1449 3321 1702 3377 sollicita
1721 3323 1900 3378 estde
1934 3325 2026 3391 iis,

371 3425 497 3480 qua;
533 3409 739 3464 mundi
770 3415 927 3474 sunt,
951 3425 1146 3463 curam
1174 3409 1328 3464 circa
1350 3409 1662 3465 Dominum
1699 3412 2029 3467 habendam

369 3497 648 3571 negligat,
681 3513 862 3570 seque
893 3498 1147 3554 curatori
1179 3515 1285 3554 suo
1318 3499 1584 3555 difﬁdere
1614 3506 1844 3573 arguat.
1878 3501 2024 3556 Fieri

370 3587 528 3642 enim
561 3604 673 3642 non
711 3591 920 3658 potest,
953 3592 1017 3642 ut
1047 3592 1102 3642 et
1131 3587 1182 3642 ei
1209 3587 1466 3644 conﬁdat
1487 3594 1550 3644 ut
1581 3591 1648 3644 ad
1674 3589 1871 3645 omnia
1900 3607 2031 3662 pro-

373 3677 620 3732 videnda
651 3677 799 3732 641
839 3675 1067 3740 idoneo,
1113 3683 1169 3731 et
1217 3693 1410 3731 rerum
1468 3677 1840 3734 saecularium
1900 3694 2034 3733 sus-

375 3783 557 3838 pensa
588 3767 664 3822 sit
693 3765 1107 3820 sollicitudine.
1128 3766 1233 3820 Sed
1267 3767 1316 3821 si
1347 3766 1599 3822 sollicita
1618 3773 1708 3823 est
1737 3769 2031 3840 quomodo

378 3854 605 3929 placeat
635 3855 903 3926 Domino,
938 3854 1087 3910 scire
1135 3855 1375 3912 omnino
1406 3857 1578 3912 debet
1628 3857 1822 3928 ipsum
1855 3855 2034 3914 etiam

381 3941 702 3999 sollicitum
732 3959 860 3999 esse
883 3943 1177 4014 quomodo
1205 3944 1251 3999 ei
1288 3944 1533 4016 placeat,
1557 3944 1722 4000 nulla
1752 3945 1809 4000 in
1843 3962 1903 3999 re
1934 3947 2033 4002 de-

380 4033 538 4088 bitor
567 4049 832 4089 manens.
855 4033 1000 4088 Nam
1025 4033 1074 4088 si
1107 4033 1472 4105 mulierque:
1502 4035 1692 4089 virum
1727 4035 2035 4091 mortalem

384 4123 516 4178 vita
541 4140 658 4178 sua
681 4128 960 4177 rectorem
993 4121 1273 4188 instituit,
1296 4140 1414 4178 suae
1436 4124 1590 4178 circa
1617 4123 1783 4179 illum
1817 4124 2035 4180 sollici-

387 4212 608 4268 tudinis
632 4213 782 4267 banc
805 4215 876 4268 ab
904 4229 970 4269 eo
993 4212 1175 4268 vicem
1206 4212 1438 4285 accipit,
1461 4218 1525 4268 ut
1553 4215 1604 4268 is
1636 4215 1899 4270 omnium
1935 4232 2035 4270 cu-

383 4319 508 4358 ram
542 4302 853 4374 suscipiat;
889 4301 1070 4358 multo
1104 4302 1292 4374 magis
1324 4321 1452 4374 qua:
1479 4319 1541 4358 se
1575 4309 1686 4360 Deo
1719 4305 2033 4377 regendam

379 4392 701 4456 commisit,
729 4397 786 4447 et
836 4409 968 4447 cum
1003 4409 1067 4447 eo
1101 4393 1287 4448 vivere
1316 4393 1510 4464 elegit,
1555 4393 1882 4448 uberiorem
1916 4411 2034 4449 suae

377 4479 527 4535 circa
560 4480 723 4536 illum
758 4481 1184 4536 sollicitudinis
1219 4483 1543 4537 mercedem
1570 4482 1642 4536 ab
1669 4499 1734 4537 eo
1757 4483 2034 4538 omnibus

373 4569 712 4642 providente
763 4570 992 4641 accipit.
1039 4571 1224 4624 Habes
1274 4575 1465 4624 autem
1516 4569 1732 4641 pignus
1782 4569 1913 4624 ﬁdei
1965 4587 2034 4624 ex

2150 1991 2234 2040 κεῖ
2285 1983 2509 2057 δυνάμει
2565 1984 2856 2060 θαρροῦσα,
2901 1982 3053 2040 οὐδὲν
3111 1982 3317 2060 ἕτερον,
3373 1985 3409 2055 ἢ
3454 1991 3568 2048 πῶς
3619 1988 3806 2061 ἀρέσαι

2150 2074 2322 2144 αὐτῷ,
2357 2075 2650 2150 φροντίζει,
2703 2071 2772 2127 δι’
2817 2073 2982 2128 αὐτοῦ
3028 2078 3126 2128 τοῦ
3157 2075 3458 2152 φροντίζειν
3489 2081 3608 2138 πῶς
3640 2075 3806 2152 ἀρέσῃ

2149 2163 2319 2236 αὐτῷ,
2353 2165 2449 2232 τὴν
2483 2163 2560 2226 εἷς
2592 2163 2759 2232 αὐτὴν
2790 2160 2998 2225 εὔνοιαν
3048 2163 3212 2219 αὐτοῦ
3251 2163 3338 2219 ἐπὶ
3381 2163 3549 2220 πλέον
3583 2164 3807 2242 ἄγουσα.

2149 2252 2212 2307 Τί
2245 2250 2302 2306 δέ
2350 2251 2461 2306 ἐστι
2507 2253 2569 2307 τὸ
2619 2253 2862 2324 ἀρέσκειν
2919 2253 3178 2326 παρθένον
3209 2259 3347 2326 Θεῷ,
3387 2255 3422 2322 ἦ
3483 2255 3545 2310 τὸ
3577 2257 3804 2330 φυσικὸν

2149 2340 2317 2410 αὐτῆς
2349 2339 2557 2402 κάλλος
2588 2347 2707 2404 ταῖς
2740 2341 2955 2412 ἀρεταῖς
2991 2340 3298 2410 ἀσκητικῶς
3349 2341 3432 2396 ἀεὶ
3484 2342 3812 2417 ἀναλάμπον

2156 2427 2447 2498 δεικνύναι,
2477 2429 2568 2484 καὶ
2622 2432 2893 2507 ἄφθαρτον
2943 2434 3103 2485 τοῦτο
3165 2427 3235 2484 δι’
3290 2429 3425 2486 ὅλου
3484 2431 3811 2509 φυλάττειν;

2152 2521 2313 2575 Ὥστε
2360 2521 2423 2576 τὸ
2470 2524 2548 2592 τῷ
2597 2525 2712 2592 Θεῷ
2761 2518 3197 2596 έξαρεσκεύεσθαι
3229 2517 3428 2589 θέλειν,
3491 2519 3644 2577 οὐδὲν
3697 2520 3814 2578 ἓτε-

2153 2608 2245 2685 ρόν
2275 2607 2439 2681 ἐστιν,
2497 2611 2531 2680 ἢ
2567 2609 2754 2664 ἑαυτὸν
2808 2608 3085 2664 ἐπαινετόν
3143 2630 3202 2664 τε
3249 2609 3339 2664 καὶ
3397 2611 3663 2686 μακάριον
3722 2613 3810 2666 καὶ

2150 2697 2344 2771 ὅμοιον
2378 2698 2525 2770 αὐτῷ
2565 2697 2958 2773 ἐξεργάζεσθαι.
3001 2697 3098 2752 Καὶ
3150 2698 3340 2774 εὑρέθη
3397 2703 3433 2768 ἡ
3489 2705 3810 2774 μεριμνῶσα

2149 2792 2266 2849 πῶς
2317 2786 2478 2862 ἀρέσῃ
2537 2787 2616 2851 τῷ
2661 2786 2866 2859 Κυρίῳ,
2917 2785 3014 2839 οὐκ
3066 2785 3257 2858 ἐκείνῳ
3307 2787 3352 2857 ᾦ
3410 2793 3647 2861 μεριμνᾷ
3675 2789 3804 2864 ἀρέ-

2145 2896 2286 2930 σκειν
2342 2873 2430 2928 διά
2473 2877 2572 2938 τῆς
2605 2874 2872 2947 μερίμνης
2915 2869 3106 2947 κέρδος
3153 2871 3474 2948 πορίζουσα,
3502 2875 3629 2929 ἀλλ’
3672 2876 3798 2928 δαυ-

2143 2968 2211 3038 τῇ
2240 2961 2348 3034 Ιδιὰ
2391 2970 2491 3032 τῆς
2538 2963 2660 3036 περὶ
2704 2961 2861 3017 αὐτὸν
2904 2960 3173 3036 μερίμνης
3204 2959 3411 3024 κάλλος
3441 2962 3532 3017 καὶ
3591 2963 3796 3040 ἀφθαρ-

2146 3053 2259 3109 σίαν
2297 3054 2616 3127 συνάγουσα.
2651 3052 2713 3109 Εἰ
2745 3049 2803 3106 δὲ
2830 3056 3086 3106 τοσοῦτον
3118 3058 3219 3119 τῆς
3269 3050 3538 3124 παρθένου
3568 3053 3630 3106 τὸ
3677 3051 3800 3121 κέρ-

2145 3141 2258 3212 δος,
2291 3143 2381 3198 καὶ
2417 3139 2486 3197 δι’
2517 3143 2589 3197 ὧν
2627 3145 2864 3216 μεριμνᾷ
2893 3145 3009 3201 πῶς
3039 3137 3205 3214 ἀρέσῃ
3237 3144 3316 3210 τῷ
3359 3141 3542 3214 Κυρίῳ
3573 3142 3634 3194 τὸ
3666 3139 3798 3195 ὅλον

2147 3234 2341 3302 ἑαυτὴν
2376 3230 2600 3310 ὠφελεῖ,
2632 3229 2721 3284 καὶ
2759 3227 3024 3304 μακαρίαν
3056 3233 3222 3295 ποιεῖ,
3273 3225 3333 3281 οὗ
3383 3224 3464 3282 δεῖ
3516 3233 3799 3302 μεριμνῶ-

2144 3344 2237 3377 σαν
2273 3321 2440 3391 αὐτήν
2473 3340 2607 3374 ποτε
2650 3319 2718 3373 τὰ
2765 3321 2861 3372 τοῦ
2900 3317 3111 3389 κόσμου
3156 3316 3512 3390 εὑρίσκεσθαι.
3562 3317 3796 3390 Ἀνάγκη

2140 3411 2240 3486 γὰρ
2276 3410 2327 3464 έν
2365 3411 2411 3480 ᾧ
2464 3413 2703 3481 μεριμνᾷ
2731 3408 2797 3461 τά
2825 3411 2921 3460 τοῦ
2951 3407 3182 3478 κόσμου,
3243 3408 3332 3460 καί
3375 3412 3476 3474 τῆς
3523 3405 3646 3481 περὶ
3705 3407 3796 3462 τὸν

2143 3499 2341 3572 Κύριον
2375 3497 2643 3568 μερίμνης
2676 3493 2923 3566 ἀμελεῖν,
2965 3495 3054 3548 καὶ
3103 3494 3297 3562 ἑαυτὴν
3349 3497 3428 3566 (4)
3472 3495 3800 3552 ἀπιστοῦσαν

2138 3590 2218 3657 τῷ
2265 3583 2530 3656 κηδεμόνι
2590 3583 2859 3658 ἐλέγχειν.
2921 3579 3061 3639 Οὐδὲ
3109 3583 3209 3656 γάρ
3262 3581 3503 3658 έγχωρεῖ
3550 3584 3642 3639 καὶ
3701 3607 3796 3640 πι-

2140 3673 2340 3728 στεύειν
2375 3672 2520 3744 αὑτῷ
2550 3672 2625 3734 ὡς
2656 3671 2904 3746 έπαρκειν
2937 3668 3148 3726 ἅπαντα
3179 3669 3481 3745 δυναμένῳ,
3533 3673 3621 3729 καὶ
3669 3674 3795 3748 περὶ

2141 3763 2240 3831 τήν
2272 3767 2378 3816 τῶν
2410 3765 2690 3834 κοσμικῶν
2725 3760 3018 3830 ἐπτοῆσθαι
3052 3757 3330 3838 φροντίδα.
3374 3759 3536 3816 Ἀλλ’
3587 3763 3636 3817 εἷ’
3694 3783 3795 3834 με-

2146 3857 2313 3927 ριμνᾷ
2367 3856 2484 3914 πῶς
2545 3851 2709 3925 ἀρέσῃ
2762 3855 2841 3922 τῷ
2883 3850 3084 3926 Κυρίῳ,
3136 3848 3332 3905 εἰδέναι
3382 3852 3594 3913 πάντως
3655 3853 3794 3928 χρὴ,

2146 3943 2229 3996 ὅτι
2286 3941 2376 3997 καὶ
2408 3940 2566 4002 αὐτὸς
2602 3945 2840 4013 μεριμνᾷ
2869 3942 2988 4001 πῶς
3019 3937 3180 4016 ἀρέσῃ
3236 3938 3396 4013 αὐτῇ,
3433 3941 3571 3995 κατά
3623 3938 3794 4014 μηδὲν

2149 4031 2434 4108 ὑπόχρεως
2467 4031 2562 4087 ὥν.
2596 4028 2664 4087 Ei;
2691 4029 2794 4106 γὰρ
2846 4030 3039 4100 θνητὸν
3091 4025 3256 4105 ἄνδρα
3296 4029 3430 4103 γυνή
3481 4030 3794 4103 προστάτην

2143 4126 2239 4178 τοῦ
2271 4123 2463 4190 έαυτῆς
2519 4119 2638 4194 βίου
2686 4117 3056 4192 ποιησαμένη,
3115 4123 3213 4187 τῆς
3260 4117 3384 4189 περὶ
3427 4118 3588 4173 αὐτὸν
3645 4119 3795 4193 μερί-

2149 4233 2289 4284 μνης
2319 4205 2559 4284 ἀμοιϐὴν
2590 4210 2718 4283 παρ’
2747 4210 2910 4262 αὐτοῦ
2939 4208 3037 4275 τὴν
3075 4206 3151 4268 εἰς
3205 4208 3412 4262 ἅπαντα
3456 4205 3792 4280 κηδεμονίαν

2145 4293 2554 4372 ἀντιλαμϐάνει,
2605 4295 2801 4370 πολλῷ
2857 4295 3070 4370 μᾶλλον
3103 4299 3138 4367 ἡ
3185 4300 3300 4368 Θεῷ
3334 4296 3433 4364 τήν
3466 4297 3792 4369 προστασίαν

2145 4387 2338 4458 ἑαυτῆς
2420 4386 2786 4462 ἐπιτρέψασα,
2870 4384 3103 4458 κάκείνῳ
3183 4380 3448 4458 συμϐιοῦν
3527 4383 3793 4458 έλομένη,

2142 4476 2519 4554 ἀφθονωτέραν
2551 4479 2649 4546 τῆς
2701 4475 2823 4552 περὶ
2870 4476 3028 4531 αὐτὸν
3085 4475 3358 4551 μερίμνης
3403 4477 3504 4544 τήν
3539 4477 3666 4550 παρ’
3698 4475 3793 4530 αὐ-

2141 4571 2236 4621 τοῦ
2289 4565 2530 4638 ἀμοιϐὴν
2563 4566 2637 4630 εἷς
2666 4565 2839 4620 πάντα
2868 4562 3228 4635 προνοοῦντος
3270 4561 3570 4640 ἐκδέχεται.
3601 4566 3793 4641 Ἔχεις

372 4658 719 4732 praecedenti
771 4659 1152 4730 providentia.
1188 4659 1332 4714 Nam
1387 4659 1435 4715 si
1487 4659 1749 4714 nondum
1800 4659 2029 4731 placere

2148 4653 2198 4712 δὲ
2227 4657 2288 4711 τὸ
2339 4655 2594 4732 ἐνέχυρον
2646 4662 2746 4724 τῆς
2792 4655 3042 4722 πίστεως,
3077 4654 3181 4708 ἀπὸ
3237 4661 3336 4723 τῆς
3396 4646 3790 4730 προλαϐούσης

368 4753 670 4804 curantem
705 4764 854 4802 curae
897 4749 1122 4813 habuit,
1147 4765 1213 4803 ac
1245 4749 1628 4817 semetipsum
1684 4766 1786 4819 pro
1835 4766 1901 4804 ea
1950 4749 2021 4803 li-

365 4839 570 4894 benter
600 4837 863 4896 tradidit.
889 4843 952 4892 ut
982 4854 1109 4892 eam
1144 4839 1430 4909 sanguine
1461 4855 1566 4892 suo
1598 4840 2018 4906 sanctiﬁcaret;

365 4928 550 4984 multo
584 4926 774 4998 magis
815 4926 1041 4999 placere
1086 4926 1417 4997 cupientem
1473 4943 1624 4981 curae
1672 4927 1929 4994 habebit,
1966 4943 2023 5000 et

361 5034 494 5073 cum
529 5017 663 5074 aliis
698 5015 779 5071 illi
815 5016 886 5072 ad
919 5032 1115 5071 veram
1149 5015 1324 5072 vitam
1367 5016 1833 5074 conducentibus
1864 5021 2017 5073 exte-

359 5105 516 5162 riora
543 5105 721 5162 etiam
753 5104 1020 5161 subsidia
1052 5105 1109 5159 in
1143 5121 1205 5160 se
1237 5105 1494 5176 recipiet.

2134 4743 2488 4819 κηδεμονίας.
2550 4745 2614 4802 Εἰ
2681 4745 2783 4819 γὰρ
2839 4741 3068 4817 μηδέπω
3131 4745 3484 4819 μεριμνώσης
3541 4743 3786 4818 ἀρέσκειν

2133 4835 2435 4911 ἐφρόντισε,
2497 4835 2587 4890 καὶ
2620 4834 2803 4889 ἑαυτὸν
2848 4834 2978 4906 ὑπὲρ
3027 4833 3193 4902 αὐτῆς
3245 4832 3478 4906 ἑτοίμως
3537 4831 3788 4907 παρέδω-

2129 4947 2240 4997 κεν,
2290 4924 2380 4980 τίνα
2440 4924 2606 4992 αὐτὴν
2673 4928 2753 4996 τῷ
2809 4923 3000 4978 ἑαυτοῦ
3057 4921 3246 4995 α’ίματι
3306 4924 3526 4998 ἁγιάσῃ·
3583 4921 3785 4996 πολλῷ

2131 5015 2344 5089 μᾶλλον
2428 5011 2770 5090 βουλομένης
2839 5012 3079 5089 ἀρέσκείν
3143 5010 3437 5090 φροντίσει,
3497 5011 3587 5066 καὶ
3649 5012 3781 5086 μετά

2125 5109 2233 5160 τῶν
2286 5102 2496 5160 λοιπῶν
2525 5108 2633 5160 τῶν
2668 5104 2802 5179 πρὸς
2832 5103 2930 5172 τὴν
2971 5098 3142 5164 ὅντως
3197 5101 3340 5170 ζωὴν
3391 5099 3526 5175 αὐτῇ
3577 5119 3774 5156 συντει-

354 5193 582 5262 νόντων,
614 5192 704 5247 καὶ
734 5194 801 5248 τὰ
831 5189 1022 5263 ἔξωθεν
1055 5190 1432 5269 συγχερειώδη
1468 5195 1545 5267 (5)
1577 5193 1651 5254 είς
1681 5193 1866 5248 ἑαυτὸν
1899 5190 2255 5268 ἀναλήψεται.

425 5400 470 5440 ⁸¹
503 5401 525 5456 Ι
556 5402 684 5457 Cor.
716 5417 818 5466 vn,
849 5401 1040 5457 32-34.

425 5609 503 5681 (2)
557 5607 734 5675 Τὴν...
803 5603 1148 5681 ἐζευγμένην.
1218 5605 1592 5679 Legendum,
1657 5625 1796 5679 τῃ...
1857 5601 2010 5674 ἐζευ-

351 5680 662 5823 Ἡῖἒῗὶῦάρ.
696 5747 918 5804 Vocula
947 5748 1151 5804 addita
1181 5765 1250 5806 ex
1280 5764 1426 5805 mss.

2192 5604 2549 5681 (4)Ἑαυτῄν.
2602 5604 2704 5681 Sic
2756 5619 2910 5681 mss;
2958 5602 3094 5660 duo.
3146 5605 3324 5678 Editi,
3374 5607 3566 5681 αὑτήν.
3618 5610 3785 5668 Infra

2121 5673 2320 5753 plures
2353 5673 2583 5753 codices
2599 5676 2852 5753 ‘habent,
2883 5673 3088 5753 ἀρεσεν.

2193 5751 2269 5825 (5)
2302 5745 2685 5828 Συγχρειώδη.
2714 5745 2955 5810 Codices
2983 5752 3119 5816 duo,
3151 5748 3418 5826 χρειώδη.
