4124 6358
414 339 522 400 ’721

1644 337 1876 398 LIBER
1919 336 2024 396 DE
2075 334 2608 398 VIRGINITATE.

3722 335 3842 394 ’122

479 475 573 530 25.
634 471 707 526 Οὑ
762 470 1158 545 καταθρὺψεται
1218 469 1275 525 δὶ
1323 475 1424 527 τοῦ
1483 469 1708 544 Κυρίου,
1761 470 1894 546 ὑπὲρ
1964 471 2059 537 τὴν

2248 472 2336 527 25.
2357 470 2482 526 Non
2508 476 2706 527 utetur
2723 471 2968 528 Domino
2987 472 3057 526 ad
3077 470 3344 536 delicias,
3360 468 3516 525 ultra
3533 472 3842 540 urgentem

414 561 836 638 κατεπείγουσαν
895 559 1108 636 χρείαν,
1169 560 1346 634 ὥσπερ
1423 557 1723 637 φιλήδονος
1781 560 1940 634 γυνη,
2001 558 2070 612 τὰ

414 651 642 726 περιττὰ
691 651 1008 706 ἀπαιτοῦσα.
1059 647 1193 704 Οὕτε
1234 649 1335 726 γὰρ
1386 649 1574 723 ἐκείνῳ
1619 646 1826 704 διδόναι
1859 647 2065 723 ἁρμότ-

409 763 528 811 τον,
564 739 596 794 a
643 740 889 816 ἐγκόπτει
952 739 1160 808 ἐκείνης
1207 741 1305 808 τήν
1355 742 1489 814 πρὸς
1539 743 1728 795 τοῦτον
1789 738 2063 813 ἀρέσκειαν

412 830 550 905 πρὸς
578 830 644 883 τὰ
675 827 808 898 ἡδέα
838 833 932 883 τοῦ
982 826 1234 900 σώματος
1266 829 1657 906 στρεφομένης·
1717 825 1840 882 οὕτε
1896 828 2064 902 ταύτῃ

414 917 695 995 συμφέρον
724 916 890 973 ταῦτα
923 912 1244 990 λαμϐάνειν,
1277 918 1345 972 τὰ
1397 919 1796 992 μετεωρίζοντα
1826 924 1925 986 τῆς
1972 938 2065 971 πε-

412 1006 652 1081 ρὶαὺτὸν
683 1005 1076 1081 ἀρεσκείαςτὸν
1107 1011 1232 1062 νοῦν
1283 1005 1526 1083 ἀσχολίᾳ
1726 1005 1887 1062 Ἀλλ’
1938 1005 2062 1082 ὅρον

409 1101 512 1163 τῆς
543 1095 732 1170 χρείας
776 1095 837 1148 τὸ
886 1093 1174 1169 ἀναγκαῖον
1225 1097 1323 1164 τῆς
1375 1095 1426 1150 έν
1460 1097 1672 1168 σώματι
1709 1101 1852 1164 ζωῆς
1878 1095 2064 1172 φρονί-

417 1205 534 1255 μως
563 1182 784 1256 θεμένη,
835 1181 987 1238 οὐδὲν
1046 1186 1139 1257 μὲν
1188 1183 1356 1238 πλέον
1392 1185 1600 1238 τούτων
1636 1184 1865 1254 αἶ’τήσει.
1894 1180 2062 1240 Οὑδὶν

410 1269 469 1325 δὲ
521 1272 608 1326 καὶ
659 1266 963 1344 θλιϐομένη
1012 1271 1064 1328 ἐν
1112 1276 1180 1347 τῇ
1226 1270 1401 1343 ἐνδείᾳ
1431 1275 1507 1346 (7)
1565 1277 1672 1328 τῶν
1733 1271 2060 1347 ἀναγκαίων,

405 1357 678 1422 πολλάκις
712 1357 802 1416 διὰ
833 1365 1020 1436 πεῖραν
1059 1365 1132 1434 (8,
1161 1368 1262 1430 τῆς
1293 1363 1418 1437 περὶ
1469 1361 1626 1416 αὐτὸν
1677 1360 1916 1436 ἀγάπης,
1973 1382 2060 1433 μι-

404 1448 706 1526 κροψὺχως
741 1449 1133 1520 λυπηθήσεται,
1178 1449 1324 1506 ἀλλὰ
1371 1449 1543 1504 πάντα
1594 1451 1873 1525 στέγουσα,
1925 1448 2061 1503 πάν-

401 1556 473 1591 τα
502 1535 818 1606 ἐλπίζουσα,
850 1538 1024 1593 πάντα
1053 1539 1416 1610 ὑπομένουσα,
1464 1536 1879 1614 προσηλωμένη
1913 1538 2062 1610 αὑτῷ

405 1625 749 1702 ἀνυποκρίτῳ
796 1626 1033 1703 φίλτρῳ,
1085 1630 1182 1696 τήν
1237 1628 1423 1702 ψυχὴν
1471 1625 1522 1682 ἐν
1555 1630 1730 1702 νεκρῷ
1777 1627 1866 1680 καὶ
1911 1627 2061 1681 ἀναι-

409 1716 632 1787 σθήτῳ,
681 1715 882 1789 τρόπον
927 1717 1090 1784 τινὰ,
1140 1721 1218 1788 τῷ
1265 1713 1456 1786 ἔξωθεν
1505 1717 1713 1788 σώμντι
1759 1715 2060 1792 ἀπερισπά-

2181 557 2616 625 necessitatem,
2667 559 2826 612 velut
2876 557 3206 629 voluptaria
3257 557 3500 622 mulier,
3548 555 3848 627 superﬂua

2178 664 2517 719 exposcens.
2553 648 2696 702 Nam
2734 666 2837 703 nec
2878 649 2928 702 ei
2979 649 3117 702 dare
3147 647 3440 712 convenit,
3472 663 3600 717 quae
3652 645 3841 716 ipsam

2179 738 2251 792 ad
2306 753 2615 808 corporeae
2664 740 2984 792 suavitates
3032 753 3376 791 conversam
3438 734 3837 807 interpellant,

2179 827 2500 897 quominus
2532 828 2581 881 ei
2616 828 2878 898 placeat:
2910 844 3010 882 nec
3041 826 3152 896 ipsi
3179 826 3322 880 utile
3343 830 3433 880 est
3465 842 3530 880 ea
3555 824 3836 896 accipere,

2181 931 2308 986 quae
2332 922 2589 970 mentem
2616 917 3102 989 occupationibus
3129 921 3425 970 evocatam
3451 915 3698 968 Domino
3723 914 3842 985 pla-

2178 1021 2306 1061 cere
2338 1022 2452 1060 non
2488 1006 2710 1061 sinunt.
2744 1007 2849 1061 Sed
2885 1005 3255 1061 necessitatis
3289 1004 3526 1058 modum
3560 1004 3735 1058 rebus
3767 1004 3839 1058 ad

2175 1095 2436 1165 corporis
2456 1095 2636 1150 vitam
2662 1095 3002 1151 necessariis
3023 1096 3346 1166 prudenter
3365 1093 3672 1160 definiens,
3693 1092 3841 1147 nihil

2176 1182 2267 1238 his
2298 1183 2554 1254 amplius
2603 1189 2777 1255 petet.
2811 1186 2996 1254 Atque
3036 1182 3273 1238 etiamsi
3311 1198 3464 1252 saepe
3513 1196 3707 1235 rerum
3739 1196 3839 1234 ne-

2175 1273 2566 1328 cessariarum
2601 1273 2799 1344 inopia
2831 1277 3154 1344 prematur,
3188 1276 3252 1326 ut
3309 1271 3498 1342 ipsius
3556 1269 3615 1324 in
3671 1268 3839 1323 illum

2176 1379 2341 1417 amor
2364 1364 2670 1434 probetur;
2699 1378 2812 1416 non
2841 1367 3037 1416 tamen
3065 1359 3281 1432 pusillo
3307 1359 3504 1414 animo
3527 1357 3841 1413 contrista-

2172 1452 2353 1520 bitur,
2379 1452 2478 1508 sed
2515 1452 2716 1507 omnia
2739 1452 2951 1516 ferens,
2975 1451 3178 1506 omnia
3202 1465 3470 1520 sperans,
3494 1449 3692 1504 omnia
3715 1464 3842 1503 sus-

2173 1542 2388 1606 tinens,
2423 1542 2596 1597 afﬁxa
2647 1540 2729 1596 illi
2781 1558 2895 1596 non
2944 1539 3225 1596 simulato
3275 1556 3494 1608 amore,
3529 1538 3726 1594 anima
3775 1539 3834 1593 in

2176 1637 2404 1686 mortuo
2451 1637 2508 1685 et
2560 1647 2771 1686 sensus
2821 1627 3075 1701 experte‘,
3103 1634 3166 1684 ut
3213 1629 3294 1684 ita
3345 1629 3558 1696 dicam,
3591 1643 3834 1698 corpore

2171 1719 2536 1775 extrinsecus
2569 1719 2813 1774 minime
2839 1719 3143 1784 distracta,
3173 1717 3362 1788 ipsius
3394 1715 3835 1787 pulchritudine

406 1824 546 1866 στως
588 1807 685 1858 τοῦ
732 1803 975 1868 κάλλους
1021 1803 1186 1859 αὑτοῦ
1236 1804 1703 1883 έμφορηθήσεται.
1752 1805 1840 1866 Ὧς
1894 1805 1996 1879 γὰρ
2031 1805 2058 1858 ὁ

2174 1809 2508 1863 satiabitur.
2543 1808 3054 1872 Quemadmodum
3097 1807 3253 1863 enim
3302 1805 3668 1878 temporarias
3699 1805 3831 1878 pul-

408 1891 693 1968 ἓπικαίρου
733 1891 975 1954 κάλλους
1035 1893 1194 1968 ἐρῶν,
1256 1891 1316 1946 οὐ
1370 1892 1436 1946 τά
1478 1894 1741 1968 χρήματα
1776 1892 1938 1965 μόνον
1971 1892 2060 1947 καὶ

410 1981 583 2036 πάντα
609 1981 700 2035 τὸν
750 1979 988 2036 πλοῦτον
1039 1981 1230 2036 ἑαυτοῦ
1285 1982 1415 2056 ὑπὲρ
1457 1986 1552 2036 τοῦ
1598 1978 1798 2056 ἔρωτος
1831 1979 2063 2057 ἀφειδῶς

411 2067 711 2140 ἀναλίσκει,
769 2069 1029 2126 ἀλλὰκαὶ
1079 2077 1289 2148 τροφῆς
1337 2069 1427 2125 καὶ
1477 2070 1647 2125 ὕπνου
1692 2072 1782 2125 καὶ
1833 2070 2062 2142 ἐσθῆτος

408 2158 499 2212 καὶ
545 2161 834 2233 σχήματος
884 2160 974 2213 καὶ
1025 2159 1354 2232 ὑπολήψεως
1411 2158 1607 2229 πάσης,
1663 2155 1740 2215 ἔτι
1792 2157 1849 2214 δὲ
1896 2161 2060 2215 αὐτοῦ

406 2251 504 2301 τοῦ
559 2247 817 2319 σώματος
873 2247 960 2302 καὶ
1006 2255 1107 2316 τῆς
1167 2247 1218 2302 έν
1277 2248 1454 2321 τούτῳ
1504 2253 1650 2318 ζωῆς
1705 2254 2056 2324 καταφρονῶν

405 2329 577 2390 ἕνεκεν
611 2335 707 2390 τοῦ
749 2342 936 2411 τυχεῖν
979 2341 1076 2391 τοῦ
1124 2331 1325 2412 ἔρωτος
1379 2335 1568 2411 μόνου,
1617 2339 1706 2393 καὶ
1759 2339 1920 2414 τείχη
1968 2341 2057 2395 καὶ

404 2421 692 2498 οἴκους
724 2426 911 2480 καὶτὰ
954 2425 1005 2480 ἐν
1057 2427 1207 2498 μέσῳ
1252 2426 1556 2502 τολμηρῶς
1604 2425 2056 2502 ὑπεραλλόμενος

401 2509 631 2585 ἅπαντα,
682 2515 820 2567 κατὰ
878 2514 1044 2591 ξιφῶν
1111 2515 1437 2587 μαινόμενος
1494 2516 1731 2593 φέρεται,
1793 2514 1944 2571 οὑδέν
2003 2539 2054 2572 ἰι

408 2598 651 2673 μᾶλλον,⁴
702 2603 744 2657 εἰ
779 2603 1173 2678 ἀποτυγχάνειν
1212 2603 1408 2676 μέλλοι
1453 2604 1589 2659 κατᾶ
1617 2607 1678 2660 τὸ
1710 2605 1925 2672 σύνηθες
1959 2607 2054 2681 βα-

405 2684 566 2756 δίζων
599 2691 712 2761 (10)
742 2687 828 2744 ἐπὶ
859 2691 949 2745 τὸν
983 2688 1180 2764 ἔρωτα,
1217 2691 1413 2746 τούτου
1444 2693 1762 2770 φροντίζων,
1796 2694 1830 2763 ἢ
1866 2695 1910 2749 εἰ
1943 2692 2053 2750 δέοι

409 2779 1032 2852 μετασχηματισάμενον
1091 2779 1180 2834 καῖ
1242 2781 1376 2851 μετὰ
1434 2783 1708 2856 ἀπρεποῦς
1768 2785 2055 2859 σχήματος

403 2859 638 2940 ἔρποντα
666 2871 854 2942 τυχεῖν
885 2867 1082 2922 τούτου
1134 2869 1252 2942 μεθ’
1299 2867 1505 2939 ἡδονῆς
1551 2872 1902 2948 ἀνεχόμενοςο
1964 2873 2054 2928 οὕ-

345 2965 349 2968 ’
398 2957 506 3015 τῶς
539 2954 567 3008 ὁ
602 2953 737 3028 ἐρῶν
772 2950 945 3018 ὅντως
984 2961 1141 3023 Θεοῦ,
1171 2959 1259 3013 καὶ
1310 2965 1586 3034 μεριμνῶν
1633 2965 1752 3025 πῶς
1789 2967 1869 3034 τῷ
1918 2962 2052 3036 ἐρω-

405 3043 552 3116 μένῳ
585 3043 773 3118 ἀρέσῃ,
807 3044 872 3098 οὗ
905 3044 1208 3119 χρημάτων
1251 3047 1414 3118 μόνον
1447 3049 1533 3102 καὶ
1587 3048 1852 3121 πλούτου,
1903 3048 2057 3106 ἕνεκα

398 3134 496 3186 τοῦ
545 3131 975 3209 πληροφορῆσαι
1023 3133 1114 3187 τὸν
1163 3133 1439 3208 ἐρώμενον
1488 3134 1577 3190 διὰ
1622 3142 1720 3192 τοῦ
1755 3138 2053 3194 ὑπακοῦσαι

401 3218 567 3274 αὑτοῦ
614 3224 737 3280 τοῖς
799 3224 905 3274 τῶν
975 3219 1209 3277 ἐντολῶν
1273 3222 1639 3299 ἐπιτάγμασι,
1698 3233 2052 3302 καταφρονεῖν
2085 3207 2129 3275 C

403 3305 631 3385 ὀφείλει⁶
678 3306 825 3363 ἀλλά
877 3311 968 3363 καὶ
1017 3311 1308 3385 ἀναγκαίας
1357 3321 1564 3392 τροφῆς
1613 3315 1702 3370 καὶ
1747 3315 1917 3370 ὕπνου
1967 3316 2057 3372 καὶ

398 3402 496 3451 τοῦ
524 3392 716 3467 ἔξωθεν
770 3400 1081 3474 σχήματος,
1132 3400 1220 3454 καὶ
1268 3409 1370 3470 τῆς
1421 3403 1472 3458 έν
1517 3408 1596 3474 τῷ
1639 3404 1834 3478 κόσμῳ
1878 3407 2059 3478 τοὺτῷ

401 3482 803 3561 διεφθαρμένης
849 3486 1077 3558 ἀληθῶς
1129 3488 1484 3564 ὑπολήψεως,
1535 3490 1610 3547 ἔτι
1648 3490 1705 3548 δὲ
1753 3493 1916 3549 αὑτοῦ
1959 3499 2059 3550 τοῦ

401 3574 656 3648 σώματος
685 3575 900 3646 καὶτῆς
931 3575 982 3631 ἐν
1015 3577 1192 3651 τούτῳ
1236 3584 1380 3649 ζωῆς
1431 3580 1713 3654 ἀμελήσας
1761 3581 1914 3639 ἕνεκα
1961 3590 2057 3639 τοῦ

401 3662 682 3739 ἐπιτυχεῖν
715 3669 812 3719 τοῦ
860 3663 1062 3740 ἔρωτος
1107 3673 1204 3722 τοῦ
1245 3669 1586 3744 ἐπουρανίου,
1636 3673 1726 3727 καὶ
1756 3673 1912 3750 τείχη
1947 3678 2054 3728 τῶν

403 3751 542 3822 πρὸς
591 3752 729 3822 αἷμα
780 3757 973 3826 γενῶν,
1027 3755 1117 3808 καὶ
1168 3753 1351 3818 οἷ’κους
1414 3759 1662 3832 πατέρων
1719 3761 1804 3814 καὶ
1865 3762 1956 3814 τὸν
2003 3760 2055 3815 ἐν

410 3838 560 3911 μέσῳ
605 3840 813 3912 κόσμον
848 3839 1266 3916 ὑπεράλλεσθαι,
1297 3843 1386 3899 καί
1414 3848 1550 3901 κατὰ
1591 3847 1757 3925 ξιφῶν
1789 3853 1884 3903 τοῦ
1920 3871 2058 3923 μαρ-

403 3929 616 4003 τυρίου,
652 3929 709 3982 ἂν
743 3930 1044 4004 ἀπαντήσῃ,
1103 3929 1369 4001 πηδῆσαι,
1419 3933 1468 3986 εἷ’
1497 3935 1612 4008 (Η)
1663 3937 1740 4007 μὴ
1779 3937 1974 4010 μέλλοι
2004 3938 2055 3994 ἰν

401 4021 481 4091 τῷ
515 4019 733 4089 συνήθει
786 4020 1034 4094 σχήματι
1089 4025 1195 4088 ζῶν
1245 4023 1531 4098 τυγχάνειν
1570 4021 1667 4078 τοῦ
1698 4024 1922 4100 ἔρωτος,
1968 4029 2058 4082 καὶ

402 4110 499 4161 τοῦ
528 4111 794 4183 πενιχροῦ
827 4109 1114 4183 σχήματος
1145 4110 1233 4164 καὶ
1265 4116 1382 4173 τοῖς
1411 4109 1650 4174 πολλοῖς
1691 4112 2060 4171 ὶπονειδίστου

413 4195 536 4269 βίου
573 4199 690 4269 μεθ’
716 4193 922 4266 ἡδονῆς
974 4197 1282 4275 ἀνέχεσθαι,
1328 4197 1420 4255 ’ίνα
1447 4202 1548 4270 τήν
1581 4202 1748 4273 θείαν,
1783 4203 1856 4266 ὠς
1885 4203 1946 4259 ἄν
1979 4227 2061 4267 τις

407 4279 571 4355 εἷίποι,
623 4285 813 4358 μανίαν
867 4287 998 4360 ὑπὲρ
1045 4295 1146 4357 τῆς
1189 4293 1287 4344 τοῦ
1325 4289 1498 4345 καλοῦ
1524 4289 1877 4355 ἀπολαύσεως
1912 4294 2060 4350 ἐνθέ-

407 4392 560 4444 σμως
621 4375 833 4446 μανεὶς,
882 4379 980 4429 τοῦ
1030 4371 1202 4440 ὄντως
1248 4375 1552 4451 ἐρασμίου,
1602 4380 1726 4435 ὅσον
1783 4383 2059 4457 βούλεται,

407 4459 713 4536 ἀπολαύσῃ.
767 4465 975 4520 Τοῦτον
1019 4465 1111 4520 τὸν
1166 4466 1394 4541 ἐραστὴν
1435 4469 1570 4544 πρὸς
1617 4468 1800 4525 ἐαυτὸν
1846 4472 1907 4526 ἐκ
1951 4477 2059 4528 τῶν

2172 1899 2528 1954 chritudinis
2561 1904 2807 1967 amator,
2837 1914 2952 1952 non
2985 1896 3290 1969 pecuniam
3317 1895 3505 1951 solum
3541 1913 3606 1950 ac
3629 1911 3836 1950 omnes

2174 2005 2313 2043 suas
2345 1987 2579 2042 divitias
2612 1987 2830 2042 amoris
2864 2003 3041 2042 causa
3076 2002 3190 2040 non
3227 2002 3397 2057 parce
3428 1986 3710 2050 absumit,
3729 1985 3831 2039 sed

2171 2078 2346 2133 etiam
2380 2077 2578 2131 cibum
2610 2080 2667 2132 et
2706 2093 3003 2132 sommum
3037 2081 3093 2131 et
3122 2079 3343 2130 vestem
3375 2079 3434 2130 et
3463 2073 3730 2129 habitum
3764 2089 3831 2128 ao

2170 2183 2402 2221 omnem
2428 2165 2950 2234 existimationem,
2971 2167 3089 2221 imo
3116 2164 3308 2234 ipsum
3333 2165 3509 2219 etiam
3535 2179 3748 2234 corpus
3770 2166 3829 2218 et

2170 2257 2431 2327 corporis
2462 2255 2638 2310 vitam
2671 2261 3074 2325 contemnens,
3109 2259 3173 2309 ut
3204 2253 3390 2308 solius
3415 2252 3632 2308 amoris
3663 2268 3823 2308 com-

2171 2362 2276 2416 pos
2309 2347 2428 2410 iiat,
2453 2361 2519 2400 ac
2555 2361 2753 2399 muros
2785 2353 2841 2399 et
2883 2345 3090 2400 domos
3123 2349 3181 2398 et
3215 2344 3519 2414 interjecta
3548 2343 3828 2397 audacter

2168 2433 2506 2488 transiliens
2536 2434 2754 2498 omnia,
2789 2434 2849 2488 in
2898 2450 3068 2489 enses
3118 2433 3378 2488 furiosus
3426 2434 3642 2498 fertur;
3677 2447 3743 2486 ac
3773 2430 3826 2486 si

2167 2527 2447 2577 consueto
2477 2528 2686 2576 ornatu
2709 2522 2779 2576 ad
2815 2538 3074 2576 amorem
3106 2521 3346 2586 vadens,
3372 2520 3516 2574 nihil
3546 2536 3824 2576 consecu-

2165 2614 2335 2665 turus
2363 2610 2459 2677 sit,
2479 2626 2853 2681 nequaquam
2882 2627 2949 2665 ea
2970 2612 3040 2665 de
3062 2627 3122 2664 re
3149 2609 3437 2665 sollicitus
3458 2615 3567 2679 est,
3589 2609 3688 2664 sed
3715 2625 3820 2681 po-

2163 2698 2304 2766 tius,
2322 2699 2368 2753 si
2394 2705 2682 2770 oporteat,
2702 2705 2930 2755 mutato
2953 2699 3155 2754 habitu
3175 2707 3378 2754 etcum
3404 2698 3678 2754 indecora
3697 2714 3827 2770 spe-

2167 2789 2253 2844 cie
2285 2794 2584 2860 repentem
2618 2794 2816 2860 optato
2849 2788 3091 2858 perfrui,
3124 2788 3182 2842 id
3218 2805 3330 2844 non
3365 2788 3490 2844 sine
3521 2788 3825 2860 voluptate

2169 2881 2412 2951 perfert;
2447 2880 2531 2934 sic
2567 2879 2667 2950 qui
2700 2879 2884 2934 Deum
2919 2895 3046 2934 vere
3091 2883 3265 2944 amat,
3301 2895 3366 2933 ac
3414 2878 3703 2934 sollicitus
3735 2881 3829 2934 est

2167 2968 2463 3038 quomodo
2496 2969 2720 3038 placeat
2751 2969 2800 3023 ei
2825 2984 3000 3038 quem
3033 2973 3215 3033 amat,
3239 2985 3351 3022 non
3387 2968 3690 3039 pecuniam
3724 2984 3824 3022 so-

2164 3055 2374 3121 lum,et
2392 3057 2644 3124 divitias,
2659 3061 2724 3110 ut
2742 3055 2968 3126 placeat
2988 3057 3036 3110 ei
3057 3073 3231 3127 quem
3253 3062 3412 3110 amat
3428 3056 3825 3127 adimplendis

2166 3146 2295 3215 ejus
2321 3146 2642 3216 praeceptis,
2664 3145 2836 3200 debet
2856 3150 3261 3211 contemnere;
3290 3146 3390 3200 sed
3414 3146 3591 3200 etiam
3625 3161 3827 3201 neces-

2169 3233 2388 3289 sarium
2424 3234 2620 3289 cibum
2652 3238 2709 3288 et
2740 3251 3014 3288 somnum
3056 3242 3113 3288 et
3151 3235 3497 3290 exteriorem
3535 3235 3828 3302 habitum,

2169 3339 2234 3376 ac
2265 3339 2416 3388 eam,
2445 3339 2573 3393 quas
2603 3339 2736 3378 vere
2767 3323 2825 3376 in
2859 3322 2966 3377 hoc
3000 3324 3220 3377 mundo
3252 3329 3529 3395 corrupto
3561 3329 3674 3389 est,
3705 3323 3830 3378 exi-

2167 3411 2592 3478 stimationem,
2613 3411 2805 3466 adhuc
2835 3412 3012 3466 etiam
3045 3428 3259 3484 corpus
3280 3417 3335 3468 et
3359 3413 3620 3484 corporis
3641 3414 3824 3468 vitam

2168 3500 2473 3572 negligens
2504 3507 2567 3554 ut
2598 3499 2813 3556 caelesti
2846 3517 3040 3556 amore
3074 3503 3431 3574 perfruatur,
3455 3518 3656 3558 muros
3683 3519 3825 3558 con-

2167 3589 2586 3660 sanguinitatis
2609 3594 2665 3645 et
2686 3596 2919 3662 patrum
2939 3591 3225 3656 domos,et
3248 3591 3620 3661 interiectum
3655 3608 3828 3647 mun-

2167 3678 2308 3732 dum
2342 3679 2660 3745 transilire,
2687 3684 2744 3734 et
2790 3680 2850 3735 in
2897 3697 3069 3735 enses
3101 3681 3388 3752 martyrii,
3422 3681 3469 3737 si
3506 3698 3568 3737 se
3597 3680 3828 3739 dederit

2165 3768 2414 3834 occasio,
2440 3769 2684 3835 irruere;
2712 3774 2768 3823 et
2793 3769 2838 3824 si
2874 3769 2933 3823 in
2956 3767 3127 3824 solito
3154 3771 3369 3838 degens
3401 3769 3627 3839 habitu,
3661 3787 3825 3825 com-

2168 3874 2272 3928 pos
2304 3857 2522 3912 amoris
2555 3874 2669 3912 non
2703 3862 2780 3912 sit
2818 3857 3074 3925 futurus,
3114 3873 3438 3929 pauperum
3468 3859 3622 3915 042
3656 3859 3827 3914 habi-

2165 3952 2293 4000 tum
2325 3950 2381 4000 et
2403 3945 2577 4000 vitam
2607 3945 2876 4018 pluribus
2902 3948 3248 4016 probrosam
3284 3948 3530 4003 libenter
3551 3949 3827 4020 perferre,

2170 4040 2234 4090 ut
2263 4035 2486 4101 divina;
2523 4041 2587 4089 ut
2618 4035 2698 4088 ita
2719 4034 2933 4103 dicam,
2959 4035 3187 4090 insania
3218 4035 3484 4108 legitime
3506 4037 3575 4091 ad
3606 4038 3826 4092 bonum

2168 4125 2645 4194 consequendum
2697 4129 3016 4194 correptus,
3057 4131 3341 4195 quantum
3395 4125 3576 4197 cupit,
3607 4142 3676 4181 eo
3727 4127 3829 4198 qui

2167 4229 2300 4269 vere
2332 4211 2605 4267 amabilis
2656 4218 2764 4279 est,
2801 4216 3153 4285 perfruatur.
3187 4213 3352 4268 Hunc
3402 4221 3718 4270 amatorem
3755 4215 3828 4270 ad

2171 4320 2234 4358 se
2262 4319 2331 4358 ex
2362 4303 2610 4357 terrenis
2642 4303 3072 4367 affectionibus,
3098 4320 3375 4358 revocans
3407 4309 3639 4360 amatus
3670 4305 3829 4360 dice-

2171 4391 2270 4446 bat
2303 4407 2314 4446 :
2351 4392 2456 4446 Exi
2492 4391 2558 4446 de
2599 4401 2754 4447 terra
2805 4401 2918 4459 tua,
2951 4399 3002 4447 et
3048 4392 3112 4446 de
3160 4395 3484 4461 cognatione
3537 4397 3654 4458 tua,
3685 4397 3736 4449 et
3764 4393 3830 4449 de

2169 4479 2334 4535 domo
2360 4482 2536 4551 patris
2565 4483 2670 4550 tui,
2702 4491 2755 4537 et
2799 4484 2926 4537 veni
2973 4484 3030 4537 in
3079 4493 3306 4548 terram,
3341 4499 3503 4554 quam
3550 4487 3831 4539 monstra-

401 4552 540 4645 κατά
585 4553 682 4627 γῆν
738 4553 921 4608 παθῶν
978 4553 1262 4610 ἀνακαλῶν
1308 4557 1336 4610 ὁ
1389 4555 1662 4633 ἐρώμενος
1709 4555 1906 4637 ἔλεγεν·
1939 4563 2058 4633 “EE-

2173 4585 2291 4624 vero
2317 4571 2428 4625 tibi
2446 4571 2514 4626 ⁸⁵⁸.
2537 4569 2637 4626 Ille
2660 4577 2882 4641 autem,
2903 4573 3103 4642 utjam
3129 4552 3509 4645 videns—quod
3537 4574 3831 4629 desidera-

405 4638 532 4704 ελθε
591 4640 651 4695 ἐκ
702 4649 800 4712 τῆς
856 4646 960 4717 γῆς
1018 4664 1140 4717 σου,
1197 4644 1286 4700 καὶ
1335 4645 1395 4701 ἐκ
1421 4650 1520 4712 τῆς
1579 4650 1888 4724 συγγενείας
1940 4672 2057 4720 σου,

405 4728 496 4782 καὶ
555 4729 614 4784 ἐκ
666 4736 763 4786 τοῦ
823 4732 977 4789 οἷ’κου
1031 4739 1130 4790 τοῦ
1187 4737 1391 4810 πατρός
1444 4759 1565 4810 σου,
1621 4741 1708 4795 καὶ
1768 4738 1924 4818 δεῦρο
1983 4743 2061 4806 εἰς

407 4820 507 4888 γῆν
565 4817 626 4886 ἣν
688 4817 748 4872 ἂν
800 4841 885 4875 σοι
925 4819 1106 4893 δείξω.
1155 4824 1214 4882 Ὁ
1273 4823 1351 4899 δὲ,
1413 4825 1489 4889 ὠς
1541 4826 1599 4882 ἂν
1633 4828 1662 4882 ὃ
1694 4817 1873 4884 ἐπόθει
1906 4828 2058 4901 ἰδὼν,

404 4905 733 4981 προθύμως,
764 4929 822 4964 τε
873 4908 1077 4985 εἶ’πετο,
1115 4913 1206 4967 καὶ
1236 4914 1522 4986 ἀλητεύειν
1550 4913 1706 4972 ἕνεκα
1734 4922 1831 4974 τοῦ
1861 4914 2064 4994 ἔρωτος

380 5111 404 5126 .
474 5068 524 5106 ⁸³
550 5068 694 5130 Gen.
723 5087 828 5142 ni,
859 5073 916 5131 1.

478 5227 658 5322 (ὑ)τὰ
691 5233 1482 5322 ⁹ιέ.ετεωρίζ‹ρν·ιξ‹ιιὶ..“ἀσχολίᾳ.
1517 5241 1678 5301 Unus
1730 5262 1800 5303 ex
1847 5247 2040 5322 Regiis

404 5297 440 5354 ἅ
473 5291 1233 5376 μετεωρίζονταί..’ἀσγολεῖ.ν
1269 5291 1482 5315 (κ’-ΜΤ.
1524 5291 1678 5301 vn"
1732 5291 1800 5303 ω
1847 5291 2060 5322 “vom,

479 5375 552 5445 (7)
587 5374 816 5450 Ἐνδείᾳ.
850 5374 1256 5454 Εάἰίῑ,’ἒννοίᾳ,
1311 5386 1464 5456 quod
1505 5392 1765 5446 erratum
1817 5392 2066 5448 sustuli-

406 5461 542 5574 gus
601 5464 709 5514 ope
753 5457 1016 5535 quatuor
1061 5473 1205 5512 mss.
1249 5456 1470 5514 Ibidem
1531 5461 1694 5529 editi,
1738 5459 2063 5539 τριϐομένη.

451 5519 598 5574 odex
629 5521 863 5582 Regius.
897 5521 1224 5582 θλιϐομένη.

480 5536 598 5574 ιαθχ
629 5536 863 5594 uegius,
897 5536 1224 5602 θλιῦομένη.
1774 5536 1782 5539 ⁷
1909 5536 1915 5538 ⁷

480 5590 930 5687 ρξ-θπὰιπεῖραν.
966 5602 1125 5687 Idem
1156 5600 1358 5669 codex,
1391 5617 1690 5687 quossepe
1721 5607 1945 5666 utiliter
1977 5609 2068 5687 usi

413 5677 644 5734 sumus,
698 5668 852 5729 hanc
907 5673 1259 5748 scripturam
1312 5668 1673 5748 suppeditat,
1706 5696 1834 5751 quas
1873 5679 2068 5737 multo

2168 4661 2290 4726 bat,
2316 4664 2585 4732 prompto
2619 4678 2684 4716 ac
2717 4660 2923 4716 libenti
2954 4661 3152 4717 animo
3187 4663 3560 4733 sequebatur,
3584 4669 3640 4719 et
3668 4681 3832 4720 erro.

2173 4763 2266 4804 res
2297 4765 2362 4803 ac
2393 4749 2663 4805 exsilium
2697 4749 2916 4806 amoris
2958 4767 3137 4807 causa
3185 4749 3430 4807 libenter
3478 4753 3828 4824 perferebat,

2173 4835 2374 4893 dicens
2397 4856 2410 4894 :
2433 4839 2566 4907 Quis
2597 4855 2693 4896 nos
2714 4840 2995 4913 separabit
3015 4857 3050 4895 a
3077 4841 3348 4896 charitate
3376 4841 3516 4897 Dei?
3543 4859 3618 4896 an
3647 4842 3831 4897 tribu-

2172 4926 2330 4996 latio,
2363 4944 2435 4983 an
2465 4932 2740 5001 angustia,
2793 4947 2868 4987 an
2910 4933 3248 5004 persecutio,
3278 4947 3353 4986 an
3379 4933 3574 5004 fames,
3606 4947 3679 4987 an
3725 4947 3832 4988 nu-

2175 5248 2383 5330 melior
2412 5253 2644 5330 videtur
2675 5271 2852 5330 quam
2883 5252 3143 5326 vulgata,
3176 5248 3246 5306 δι’
3279 5253 3544 5330 ἀπειρίαν.

2247 5325 2324 5396 (9)
2356 5323 2454 5379 Καὶ
2502 5323 2708 5388 ονκουςῖ
2741 5327 2856 5383 Has
2903 5323 3096 5392 voces,
3130 5323 3258 5397 quas
3307 5323 3550 5384 deerant
3597 5327 3655 5384 in
3705 5327 3830 5384 edi-

2177 5395 2352 5472 tione
2383 5401 2720 5472 Parisiensi,
2751 5402 3081 5472 agnoscunt
3130 5395 3394 5470 plerique
3424 5405 3649 5457 veteres
3698 5401 3834 5456 libri

2177 5474 2236 5523 et
2263 5469 2441 5526 editio
2473 5471 2712 5527 Veneta.

2246 5541 2362 5617 (t0)
2411 5539 2708 5617 pudicam.
2746 5542 2840 5597 Sic
2887 5540 3066 5596 editio
3116 5539 3356 5609 Veneta,
3391 5543 3604 5602 melius
3653 5558 3832 5616 quam

2177 5613 2560 5690 Parisiensis,
2586 5613 2841 5690 βαδίζειν.

2249 5685 2363 5758 (11)
2391 5685 2478 5742 Ei.
2509 5681 2869 5760 Legendum,
2901 5682 2987 5737 καὶ
3019 5681 3085 5736 ei.
