4124 6380
339 311 454 378 723

1284 315 1684 379 ΛΡΡΕΝΒΙΧ
1727 317 2055 382 OPERUM
2098 319 2164 380 8.
2213 319 2499 384 BABILII
2543 323 2815 388 MAGNI.

3641 335 3768 396 ’126

333 443 498 515 ditas,
528 460 603 538 ari
659 445 994 538 periculum,
1036 464 1110 502 an
1159 449 1380 520 gladius
1399 449 1490 506 '3?
1539 449 1788 508 Noverat
1842 451 2000 508 enim

2130 447 2286 520 585w;
2316 452 2573 531 ἠνείχετο
2631 454 2830 530 λέγων’
2891 458 2982 520 Τίς
3037 462 3186 533 ἡμᾶς
3243 461 3472 538 χωρίσει
3523 461 3632 519 ἀπὸ
3660 471 3766 534 τῆς

335 549 472 588 eum
505 533 606 604 qui
642 533 836 606 diligit
869 542 1092 607 patrem
1134 543 1237 592 aut
1281 545 1528 594 matrem
1564 539 1698 611 plus
1727 557 1904 610 quam
1938 541 1995 595 id

338 623 495 694 quod
528 639 658 678 vere
699 624 917 680 bonum
968 632 1076 694 est,
1115 645 1228 681 non
1260 645 1392 684 esse
1423 629 1666 700 dignum
1701 631 1799 700 qui
1852 630 1997 685 illud

339 715 797 784 consequatur“
821 732 834 770 :
860 732 925 770 ac
956 733 1088 770 eum
1117 718 1217 787 qui
1251 734 1366 772 non
1399 719 1696 774 renuntiat
1726 719 2000 774 omnibus

340 817 469 872 quis
520 802 804 874 possidet,
837 805 1030 860 adhuc
1087 812 1283 860 autem
1339 813 1397 862 et
1449 808 1657 862 animae
1709 825 1852 874 suas,
1884 825 1999 863 non

340 907 470 946 esse
501 891 745 962 dignum
791 893 893 963 qui
943 894 1170 950 amicus
1201 901 1258 951 et
1287 902 1515 951 amator
1567 897 1799 952 Domini
1831 914 2002 952 voce-

340 981 524 1034 tur".
560 982 923 1054 QuaprOpter
962 984 1062 1054 qui
1111 1002 1178 1039 ea
1225 989 1457 1039 tantum
1510 991 1740 1053 curant,
1772 1004 1899 1058 quae
1932 987 2001 1041 ad

348 1068 546 1140 ipsum
591 1070 908 1142 pertinent,
957 1072 1250 1129 sincerum
1307 1091 1480 1129 suum
1535 1073 1693 1130 illius
1742 1091 2003 1130 amorem

343 1159 654 1214 ostendere
682 1160 961 1230 volentes,
995 1164 1142 1231 Ecce,
1178 1162 1364 1230 aiunt,
1398 1179 1496 1218 nos
1525 1166 1858 1235 reliquimus
1889 1181 2004 1221 om-

343 1249 465 1313 nia,
495 1250 548 1304 et
576 1252 750 1305 secuti
784 1267 975 1306 sumus
1015 1262 1066 1308 te
1097 1271 1114 1307 :
1147 1253 1277 1324 quid
1307 1255 1412 1308 erit
1442 1255 1596 1309 nobis
1617 1254 1704 1308 “‘l
1752 1255 1855 1310 llle
1903 1272 2005 1310 au-

342 1343 463 1392 tem
486 1337 728 1409 dignam
751 1357 952 1396 eorum
979 1342 1035 1396 in
1056 1359 1118 1397 se
1140 1343 1360 1399 amoris
1384 1346 1712 1399 mercedem
1729 1345 1854 1415 jam
1879 1349 2005 1399 tum

345 1425 466 1482 illis
508 1427 853 1498 praedicans,
888 1431 971 1485 ait
1005 1449 1017 1486 :
1047 1433 1241 1502 Amen,
1291 1448 1456 1488 amen
1487 1436 1611 1488 dico
1659 1435 1830 1500 vobis,
1859 1433 2009 1505 quod

346 1532 442 1571 vos
473 1518 574 1587 qui
601 1521 776 1572 secuti
804 1521 936 1574 estis
966 1537 1072 1590 me,
1106 1523 1166 1576 in
1197 1525 1629 1591 regeneratione,
1660 1540 1784 1577 cum
1811 1523 2012 1578 sederit

347 1606 532 1660 Filius
560 1607 800 1663 hominis
830 1612 888 1665 in
920 1609 1042 1666 sede
1076 1612 1382 1680 maiestatis
1407 1628 1544 1678 suae,
1567 1612 1818 1668 sedebilis
1845 1616 1893 1668 et
1925 1629 2013 1668 vos

353 1710 526 1765 super
577 1696 726 1752 sedes
773 1699 1092 1770 duodecim,
1133 1701 1450 1771 judicanles
1502 1701 1789 1756 duodecim
1836 1702 2017 1758 (ribus

2109 541 2323 628 ᾀγάπης
2409 548 2505 598 τοῦ
2591 550 2765 614 Θεοῦ,
2855 547 3060 622 θλίψις,
3143 550 3177 618 ἢ
3267 553 3641 628 στενοχωρία,
3730 555 3766 624 ἢ

2111 626 2378 704 διωγμὸς,
2437 631 2472 700 ἢ
2533 631 2717 706 λιμὸς,
2778 635 2812 704 ἢ
2871 637 3166 712 γυμνότης,
3228 626 3632 710 ἤκίνδυνος,ἢ
3671 641 3772 715 μά-

2111 737 2318 794 χαιρα;
2378 718 2528 789 ᾝδει
2586 723 2712 796 γὰρ,
2769 722 2851 778 ὅτι
2914 725 2942 779 ὁ
2999 725 3173 804 φιλῶν
3234 731 3440 806 πατέρα
3486 731 3521 801 ἢ
3559 729 3771 807 μητέρα

2115 808 2245 882 ὑπὶρ
2293 810 2356 864 τὸ
2407 807 2578 874 ὅντως
2631 811 2822 883 καλὸν,
2878 814 2977 870 οὐκ
3034 810 3174 872 ἔστιν
3227 817 3374 888 ἄξιος
3422 819 3587 874 αὐτοῦ
3626 822 3767 876 ἁπο-

2115 895 2316 952 λαύειν’
2370 902 2460 954 καὶ
2520 900 2580 962 ὅς
2636 901 2735 957 οὐκ
2795 904 3154 960 ἀποτάσσεται
3211 914 3341 963 πᾶσι
3397 915 3516 971 τοῖς
3573 910 3768 966 ἑαυτοῦ

2116 986 2476 1062 ὑπάρχουσιν,
2527 988 2602 1046 ἔτι
2663 989 2720 1046 δὲ
2771 994 2858 1048 καὶ
2907 999 2976 1068 τῇ
3028 997 3218 1052 ἑαυτοῦ
3266 1000 3442 1073 ψυχῇ,
3475 997 3576 1054 οὐκ
3624 994 3770 1056 ἔστιν

2115 1073 2260 1145 ἄξιος
2291 1075 2452 1154 φίλος
2485 1080 2574 1134 καὶ
2606 1078 2835 1156 έραστὴς
2862 1088 2963 1138 τοῦ
2995 1086 3199 1160 Κυρίου
3229 1083 3534 1155 καλεῖσθαι,
3587 1088 3680 1143 Διὸ
3709 1089 3774 1145 τὸ

2113 1167 2336 1240 γνήσιον
2386 1175 2486 1237 τῆς
2532 1171 2656 1245 περί
2706 1172 2866 1227 αὐτὸν
2919 1171 3209 1238 διαθέσεως
3265 1175 3321 1230 οῗ
3375 1178 3442 1232 τὰ
3472 1177 3639 1232 αὐτοῦ
3674 1179 3772 1252 μό-

2115 1276 2204 1308 νον
2241 1262 2608 1330 μεριμνῶντες
2653 1258 2984 1334 ἐνδείξασθαι
3042 1263 3311 1333 θέλοντες,
3369 1263 3530 1334 Ἰδοὺ,
3591 1268 3774 1345 φασὶν,

2117 1345 2279 1416 ἡμεῖς
2338 1346 2508 1401 πάντα
2581 1347 2886 1425 ἀφήκαμεν,
2967 1353 3055 1406 καὶ
3133 1353 3590 1427 ἠκολουθήσαμέν
3657 1377 3764 1411 σοι·

2115 1431 2167 1486 τί
2224 1427 2371 1488 ἔσται
2428 1437 2614 1508 ἡμῖν;
2673 1439 2775 1494 Καὶ
2835 1439 2984 1510 ἀξίαν
3041 1444 3140 1511 τὴν
3203 1438 3440 1515 ἀμοιϐὴν
3496 1449 3590 1498 τοῦ
3642 1447 3764 1520 περί

2121 1521 2285 1576 αὐτοῦ
2331 1522 2564 1601 φίλτρου
2618 1527 2804 1590 αὐτοῖς
2863 1527 3098 1594 ἐντεῦθεν
3158 1529 3266 1601 ἤδη
3329 1534 3712 1608 ἁνακηρύσσων
3758 1579 3773 1607 ,

2126 1611 2310 1685 φησίο·
2375 1613 2550 1686 ’Δμήν
2609 1617 2756 1689 ἀμὴν
2789 1615 2937 1693 λέγω
2993 1620 3145 1692 ὑμῖν,
3177 1616 3259 1675 ὅτι
3320 1622 3476 1694 ὑμεῖς
3535 1621 3587 1676 ol
3643 1623 3780 1678 ἀκο-

2129 1699 2494 1771 λουθήσαντές
2575 1725 2690 1777 μοι,
2761 1705 2815 1761 ἐν
2884 1711 2952 1781 τῇ
3011 1707 3418 1785 παλιγγενεσία,
3471 1711 3598 1767 ὅταν
3647 1714 3780 1768 καθ-

353 1786 546 1841 Israel.
582 1791 644 1842 Et
674 1789 852 1842 omnis
883 1791 981 1860 qui
1021 1791 1316 1862 reliquerit
1347 1791 1556 1857 domos,
1591 1799 1687 1846 aut
1713 1809 1894 1863 agros,
1922 1788 2016 1846 aut

362 1876 566 1902 ι’..ι-Ι-ι.-
625 1886 715 1902 --.ι
766 1894 971 1902 --μΑμιη
1032 1889 1122 1902 ---ι
1169 1895 1392 1902 --μ-..Α---
1462 1885 1549 1902 --.Α
1605 1881 1739 1902 cl_°-_
1801 1884 2016 1902 _...---A--_

2134 1788 2216 1863 ίση
2273 1791 2299 1844 ὁ
2358 1792 2480 1853 Υἱὸς
2548 1797 2647 1847 τοῦ
2727 1794 3015 1870 ἀνθρώπου
3080 1796 3167 1852 ἐπὶ
3223 1799 3418 1875 θρόνου
3473 1797 3633 1872 δόξης
3686 1801 3781 1857 αὐ-

354 1876 586 1946 fratres,
619 1886 716 1932 aut
759 1894 992 1944 sorores,
1024 1889 1122 1934 aut
1166 1895 1421 1947 uxorem,
1452 1885 1549 1935 aut
1596 1881 1761 1950 ﬁlios,
1795 1884 2016 1951 propter

2130 1883 2241 1947 τοῦ,
2303 1881 2597 1951 καθήσεσθε
2652 1883 2741 1936 καὶ
2803 1885 2959 1957 ὑμεῖς
3013 1885 3100 1941 ἐπὶ
3151 1884 3359 1943 δώδεκα
3391 1889 3615 1962 θρόνους
3643 1893 3784 1965 (12),

357 1979 554 2020 nomen
584 1982 787 2036 meum,
818 1971 1134 2038 centuplum
1173 1971 1429 2041 accipiet,
1462 1979 1516 2025 et
1554 1973 1724 2024 vitam
1753 1973 2016 2025 aeternam

2130 1968 2396 2044 κρίνοντες
2452 1971 2546 2032 τὰς
2606 1969 2818 2027 δώδεκα
2876 1971 3051 2052 φυλὰς
3105 1981 3202 2030 τοῦ
3260 1977 3500 2053 Ἰσραήλ.
3548 1979 3646 2034 Καὶ
3679 1987 3782 2044 πᾶς

352 2055 736 2124 possidebit".
754 2061 1008 2128 Equum
1029 2059 1185 2113 enim
1205 2065 1329 2114 erat
1347 2064 1410 2112 ut
1426 2058 1526 2129 qui
1548 2059 1741 2130 reipsa
1757 2076 1930 2113 suum
1956 2059 2014 2114 in

2130 2057 2272 2145 ὅστις
2351 2059 2552 2136 ἀφῆκεν
2627 2059 2824 2129 οῒκίας,
2905 2062 2940 2132 ἢ
3011 2064 3228 2140 ἀγροὺς,
3293 2065 3329 2134 ἢ
3388 2064 3682 2145 ἀδελφοὺς,
3743 2069 3778 2138 ἢ

354 2141 524 2200 illum
559 2162 817 2201 amorem
845 2163 946 2218 per
969 2152 1150 2202 totam
1177 2149 1357 2205 vitam
1385 2165 1595 2220 purum
1622 2149 2011 2220 exhibuerint,

2130 2144 2385 2224 ἀδελφὰς,
2543 2154 2936 2224 γυναῖκα(13),
2998 2153 3032 2222 ἢ
3093 2154 3268 2222 τέκνα,
3314 2151 3491 2211 ἕνεκεν
3533 2141 3629 2211 τοῦ
3660 2157 3784 2211 ὀνό-

352 2232 532 2304 digna
562 2235 884 2291 sudoribus
925 2254 1029 2308 pro
1061 2255 1127 2294 eo
1160 2238 1395 2293 emissis
1437 2241 1677 2310 praamia
1707 2237 2012 2310 recipiant.

2130 2235 2298 2308 ματός
2362 2257 2487 2309 μου,
2552 2238 3084 2297 ἑκατονταπλασίονα
3143 2241 3414 2318 λήψεται,
3488 2245 3577 2300 καὶ
3641 2247 3786 2315 ζωὴν

351 2319 582 2376 αἰώνιον
611 2322 1052 2399 κληρονομήσει.
1090 2325 1420 2389 Ἀκόλουθον
1452 2327 1551 2402 γὰρ
1579 2326 1646 2394 ἦν
1675 2326 1804 2386 τοὺς
1829 2321 1968 2401 ἔργῳ
1995 2324 2087 2380 τὸν
2120 2325 2244 2397 περὶ
2277 2325 2436 2380 αὐτὸν
2467 2322 2645 2400 ἔρωτα
2676 2325 2745 2383 δι’
2773 2330 2908 2385 δλου
2961 2331 3082 2407 βίου
3124 2333 3358 2406 καθαρὸν
3401 2331 3788 2408 ἀποδείξαντας

368 2412 504 2483 (14),
539 2412 658 2482 ἄξια
685 2418 793 2468 τῶν
824 2415 948 2490 περὶ
982 2415 1147 2469 αὐτοῦ
1181 2412 1426 2490 ἱδρώτων
1455 2415 1522 2469 τὰ
1549 2415 1678 2491 γέρα
1712 2409 2035 2488 λαμϐάνειν.

419 2503 510 2557 26.
546 2504 786 2575 Oportet
815 2511 881 2560 ut
906 2507 1011 2560 tali
1045 2523 1239 2562 amore
1262 2506 1518 2578 ﬂagrans
1549 2507 1731 2579 virgo,
1756 2514 2014 2562 contem-

2195 2507 2286 2560 26.
2345 2507 2606 2562 Τοιοῦτον
2637 2505 2720 2563 δεῖ
2751 2507 2924 2586 ἔρωτα
2951 2513 3051 2582 τὴν
3085 2511 3348 2589 παρθένον
3407 2511 3638 2587 ἐρῶσαν,
3687 2535 3788 2568 καο

352 2596 451 2646 nat
513 2592 753 2662 quidem
806 2594 1136 2666 voluptates
1193 2600 1252 2651 et
1311 2596 1570 2660 divitias,
1626 2601 1683 2651 et
1741 2597 2014 2668 Opinatas

2121 2599 2411 2668 ταφρονεῖν
2468 2597 2563 2669 μὶν
2608 2595 2964 2669 ἡδυπαθείας,
2994 2602 3081 2655 καὶ
3116 2606 3212 2656 τοῦ
3242 2600 3487 2657 πλούτου
3542 2603 3632 2658 καὶ
3687 2609 3787 2672 τῆς

351 2681 562 2736 mundi
619 2681 882 2751 delicias,
936 2683 1289 2740 conculcans
1347 2691 1544 2739 autem
1593 2686 2011 2756 temporariam

351 2768 625 2842 gloriam,
658 2776 715 2827 et
745 2773 987 2844 fastum,
1020 2784 1076 2830 et
1105 2775 1368 2846 corporis
1402 2773 1925 2846 pulchritudinem,
1957 2778 2014 2829 et

349 2858 594 2916 vitiosas
616 2860 956 2930 blanditias,
974 2863 1141 2919 oculo
1168 2863 1437 2919 irretorto
1463 2864 1773 2919 Dominum
1803 2880 2014 2936 sequa-

349 2953 470 3017 tur,
495 2950 913 3009 dicens:Mihi
957 2964 1142 3008 autem
1190 2952 1474 3010 adhaerere
1519 2953 1630 3009 Deo
1679 2956 1877 3009 bonum
1905 2961 2011 3026 est,

349 3055 552 3111 ponere
581 3043 643 3096 in
673 3044 900 3098 Domino
927 3059 1077 3115 spem
1105 3059 1290 3098 meam
1309 3043 1351 3077 ³⁸
1381 3059 1394 3099 :
1427 3043 1507 3097 ita
1539 3049 1601 3097 ut
1630 3042 1848 3111 omnia,
1882 3060 2010 3114 quas

353 3131 591 3202 quidem
625 3131 804 3203 hujus
853 3132 978 3187 vitae
1020 3132 1483 3188 admiratoribus
1513 3133 1786 3186 videntur
1837 3132 2008 3203 bona,

347 3220 750 3293 qualicunque
780 3220 879 3276 illa
912 3222 1152 3277 nomine
1185 3222 1481 3294 appellare
1513 3221 1645 3293 quis
1678 3221 1832 3288 velit,
1868 3221 2009 3277 ridi-

346 3310 481 3366 oula
511 3310 796 3366 dedecora
826 3327 956 3366 esse
986 3312 1294 3378 ostendat;
1342 3311 1576 3366 unicam
1631 3317 1829 3366 autem
1864 3328 2009 3380 rem,

351 3399 658 3471 proprium
685 3403 904 3454 bonum
929 3399 1350 3469 intuens,illud
1379 3401 1600 3455 intento
1622 3400 1790 3455 oculo
1814 3417 2021 3472 sequa-

349 3492 482 3544 tur:
507 3488 800 3559 siquidem
828 3489 986 3544 illius
1009 3491 1063 3544 in
1086 3507 1147 3545 se
1165 3504 1422 3544 amorem
1446 3507 1827 3545 remunerans
1845 3509 2018 3562 spon-

351 3595 478 3644 sus,
504 3578 734 3633 etiamsi
779 3577 991 3633 ancilla
1024 3579 1098 3633 sit
1129 3583 1185 3633 et
1218 3579 1518 3650 ignobilis,
1537 3579 1768 3634 etiamsi
1799 3597 2021 3651 pauper

355 3672 413 3723 et
443 3668 718 3734 obseura,
741 3667 966 3722 etiamsi
995 3669 1049 3722 in
1075 3667 1184 3722 hoc
1209 3668 1430 3722 mundo
1456 3669 1684 3739 abjecta
1713 3677 1766 3723 el
1787 3669 2021 3723 deserta

357 3759 454 3820 sit,
488 3756 648 3811 illam
683 3756 1006 3812 nobilitans
1041 3757 1304 3827 reginam
1338 3758 1616 3813 caelorum
1651 3757 1853 3823 efﬁcit,
1903 3773 2018 3810 non

359 3845 550 3902 solum
571 3843 1042 3900 immortalitatis
1062 3845 1367 3900 nobilitate
1381 3851 1652 3901 naturam
1673 3844 2020 3914 insigniens,

359 3936 462 3991 sed
487 3933 660 3989 etiam
687 3933 956 3989 studiose
981 3934 1282 3990 exterioris
1301 3934 1635 4001 habitus,in
1656 3950 1826 3989 suam
1851 3948 2024 4005 spon‘

359 4039 512 4088 sam,
540 4021 701 4077 vario
732 4022 1020 4077 decorans
1051 4028 1285 4078 ornatu.
1311 4023 1494 4093 Cujus
1526 4023 1774 4094 gloriam
1799 4023 2023 4078 Psaltes

359 4112 684 4181 admirans,
712 4111 783 4166 ad
817 4127 1103 4182 sponsum
1139 4113 1223 4166 ait
1256 4129 1268 4166 :
1303 4114 1487 4168 Astitil
1524 4114 1717 4183 regina
1746 4129 1780 4167 a
1809 4113 2025 4168 dextris

356 4203 467 4258 tuis
498 4203 556 4256 in
578 4202 780 4256 vestitu
802 4201 1066 4256 deaurato
1088 4201 1428 4256 circumdata
1451 4205 1720 4258 varietate
1738 4202 1783 4236 3°
1812 4219 1824 4257 :
1848 4201 1932 4256 itu
1959 4205 2025 4256 ut

359 4309 492 4365 qua:
524 4307 679 4346 nunc
727 4290 918 4346 lacera
947 4295 1108 4346 veste
1141 4295 1196 4346 et
1225 4290 1419 4346 servili
1468 4291 1672 4346 habitu
1706 4293 1860 4346 643
1892 4289 2024 4345 vilis

360 4381 700 4438 existimata
731 4385 840 4450 est,
875 4379 932 4434 in
978 4396 1158 4451 regno
1202 4379 1480 4435 caelorum
1535 4381 1735 4452 regina
1765 4385 1822 4435 et
1855 4379 2026 4434 nobi-

361 4470 436 4526 lis
465 4474 523 4525 et
552 4474 762 4524 ornatu
815 4469 1109 4534 decorata,
1143 4470 1260 4541 regi
1313 4475 1515 4524 astans
1566 4469 1914 4524 inveniatur.
1946 4470 2026 4522 Ac

359 4559 618 4633 profecto
643 4559 969 4614 absurdum
992 4562 1104 4629 est,
1125 4563 1208 4628 ut,
1229 4576 1360 4613 cum
1388 4575 1643 4630 sponsus
1667 4558 1740 4613 ob
1764 4573 1941 4612 suum
1964 4555 2024 4610 in

2123 2684 2496 2756 νομιζομένης
2549 2684 2600 2740 έν
2651 2693 2730 2759 τῷ
2773 2687 2966 2761 κόσμῳ
2995 2697 3226 2767 τρυφῆς·
3286 2696 3558 2746 πατοῦσαν
3593 2689 3651 2746 δὶ
3677 2693 3777 2760 τὴν

2122 2771 2455 2848 πρόσκαιρον
2508 2772 2688 2844 δόξαν,
2739 2777 2828 2830 καὶ
2876 2781 3068 2851 τῦφον,
3116 2779 3204 2832 καὶ
3236 2779 3493 2850 σώματος
3541 2778 3774 2852 κάλλος,

2121 2861 2211 2915 καὶ
2260 2862 2356 2924 τὰς
2403 2861 2664 2935 ἐμπαθεῖς
2723 2862 3050 2937 κολακείας,
3112 2867 3508 2941 ἀμεταστρεπτῖ
3554 2872 3632 2938 τῷ
3675 2874 3780 2920 Κυ-

2123 2950 2225 3026 ρίῳ
2272 2948 2631 3018 ἀκολουθεῖν,
2688 2950 2968 3028 λέγουσαν³
3041 2953 3200 3026 Ἐμοὶ
3263 2951 3320 3009 δὶ
3371 2956 3434 3009 τὸ
3494 2953 3776 3028 προσκολ-

2123 3037 2314 3103 λᾶσθαι
2369 3044 2448 3111 τῷ
2504 3044 2622 3112 Θεῷ
2676 3043 2794 3112 (15)
2853 3043 3053 3116 ἀγαθόν
3111 3042 3244 3097 ἔστι·
3301 3043 3536 3098 τίθεσθαι
3595 3043 3648 3098 έν
3700 3047 3781 3114 τῷ

2121 3127 2308 3204 Κυρίῳ
2365 3129 2462 3197 τὴν
2524 3126 2722 3184 έλπίδα
2766 3149 2890 3203 μου’
2950 3128 3128 3185 πάντα
3192 3131 3286 3204 μὶν
3331 3132 3398 3186 τὰ
3444 3130 3786 3204 νομιζόμενα

2122 3224 2239 3280 τοῖς
2291 3218 2414 3294 περὶ
2444 3218 2534 3273 τὸν
2593 3218 2708 3295 βίον
2739 3223 2932 3274 τοῦτον
2967 3219 3333 3292 ἐπτοημένοις
3360 3218 3524 3288 καλὰ,
3558 3222 3649 3274 οἷα
3687 3239 3787 3294 περ

2126 3308 2186 3362 ἄν
2239 3328 2320 3369 τις
2373 3306 2660 3381 ὀνομάζειν
2713 3307 2894 3381 ιθέλῃ,
2953 3305 3121 3383 αἴσχη
3155 3308 3525 3384 καταγέλαστα
3556 3306 3791 3382 ἀποφαί-

2125 3416 2340 3451 νουσανο
2375 3393 2430 3451 ἓν
2461 3394 2517 3452 δὲ
2551 3397 2716 3470 μόνον
2747 3394 2916 3452 καλὸν
2949 3397 3012 3451 τὸ
3045 3397 3248 3452 οἰκεῖον
3290 3398 3522 3471 ὁρῶσαν,
3574 3398 3792 3452 κάκεῖνο

2125 3485 2406 3556 τεταμένῳ
2462 3489 2540 3554 τῷ
2599 3481 2811 3555 ὄμματι
2861 3485 3246 3560 περιέπουσαν·
3309 3489 3391 3540 δτι
3449 3487 3539 3541 καὶ
3590 3488 3619 3540 ὁ
3651 3503 3796 3560 ’νυμ-

2129 3575 2252 3650 φίος
2275 3577 2373 3627 τιοῦ
2426 3571 2549 3646 περὶ
2607 3572 2769 3626 αὐτὸν
2804 3569 3006 3647 ἔρωτος
3066 3572 3233 3643 αὐτὴν
3269 3570 3660 3649 ἀμειϐόμενος,
3691 3573 3787 3630 κᾶν

2131 3659 2328 3732 δούλη,
2375 3660 2471 3715 κᾶν
2507 3661 2722 3734 ἀγενὴς,
2754 3660 2850 3716 κᾶν
2909 3661 3146 3737 πενιχρά
3175 3683 3234 3717 τε
3280 3663 3371 3717 καὶ
3423 3661 3662 3737 ἄσημος,
3694 3664 3795 3720 κᾶν

2131 3749 2183 3805 ἐν
2214 3755 2292 3822 τῷ
2322 3750 2460 3804 κατὰ
2485 3749 2586 3825 γῆν
2652 3749 2754 3826 βίῳ
2804 3749 3186 3826 ἀπερῥιμμένη
3251 3753 3498 3828 ὑπάρχῃ,
3557 3750 3646 3808 διὰ
3692 3755 3792 3822 τὴν

2130 3840 2269 3915 πρὸς
2301 3838 2459 3894 αὐτὸν
2505 3839 2793 3894 κοινωνίαν
2846 3839 3183 3916 έξευγενίζων
3241 3840 3500 3913 βασιλίδα
3549 3842 3792 3919 οὐρανῶν

2131 3934 2304 3998 ποιεῖ,
2366 3928 2427 3984 οὐ
2485 3932 2553 4003 τῇ
2609 3936 2709 3999 τῆς
2771 3929 3066 4008 ἀφθαρσίας
3128 3931 3342 4006 εὐγενίᾳ
3372 3933 3471 4001 τὴν
3520 3931 3679 4009 φύσιν
3709 3952 3794 3986 τι·

2136 4023 2254 4093 μῶν
2290 4017 2478 4092 μόνον,
2514 4016 2660 4073 ἀλλὰ
2689 4019 2780 4072 καὶ
2821 4023 2890 4092 τῇ
2932 4014 3124 4090 ἔξωθεν
3174 4015 3448 4094 περιϐολῇ
3503 4021 3798 4097 φιλοτιμό-

2131 4129 2316 4184 τορον,
2350 4109 2424 4170 ὡς
2487 4108 2680 4162 ἑαυτοῦ
2728 4109 2972 4185 νύμφην,
3035 4107 3307 4170 ποικίλως
3349 4113 3595 4182 κοσμῶν.
3636 4113 3736 4172 Ἦς
3767 4110 3798 4164 ὁ

2134 4195 2334 4270 ᾠδικὸς
2370 4198 2660 4270 θαυμάζων
2687 4198 2788 4266 τὴν
2822 4194 2997 4268 δόξαν,
3031 4199 3169 4272 πρὸς
3198 4199 3291 4253 τὸν
3352 4197 3585 4271 νυμφίον
3638 4200 3795 4276 φησί’

2134 4288 2378 4363 Παρέστη
2430 4289 2465 4356 ἡ
2532 4285 2820 4361 βασίλισσα
2877 4285 2937 4342 ἐκ
2983 4284 3173 4358 δεξιῶν
3234 4309 3330 4343 σου
3389 4288 3440 4344 έν
3511 4288 3796 4362 ἱματισμῷ

2136 4374 2418 4451 διαχρύσῳ
2471 4370 2920 4450 περιϐεϐλημένη
2956 4423 2972 4448 ,
3024 4376 3448 4450 πεποικιλμένη·
3507 4377 3646 4433 ὥστε
3693 4380 3798 4448 τὴν

2133 4470 2220 4519 νῦν
2255 4463 2488 4540 ῥακώδει
2521 4463 2705 4531 ἐσθῆτι
2736 4467 2827 4520 καὶ
2878 4463 3122 4539 δουλικῷ
3163 4468 3410 4542 σχήματι
3460 4465 3653 4536 εὐτελη
3704 4488 3799 4522 vo-

2140 4559 2442 4627 μισθεῖσαν,
2493 4553 2544 4608 ἐν
2593 4553 2661 4628 τῇ
2711 4552 2958 4628 βασιλείᾳ
2994 4559 3102 4609 τῶν
3139 4554 3383 4632 οὐρανῶν
3419 4553 3675 4631 βασιλίδα
3706 4556 3794 4611 καὶ

361 4648 528 4706 illam
561 4663 846 4714 amorem,
871 4652 927 4702 et
959 4646 1324 4703 nobilitatem
1357 4653 1413 4703 et
1434 4646 1670 4703 divitias
1701 4650 1758 4700 et
1784 4646 2016 4717 ignomi-

2137 4639 2383 4718 εὐγενίδα
2424 4643 2511 4697 καὶ
2563 4643 2756 4716 κόσμῳ
2800 4641 3205 4716 σεμνυνομένην
3256 4649 3336 4716 τῷ
3401 4643 3617 4721 βασιλεῖ
3666 4665 3802 4719 παρ-

361 4739 524 4798 niam
570 4741 978 4802 contemnens,
1009 4743 1328 4793 extremam
1363 4736 1571 4792 Adami
1626 4739 2029 4807 paupertatem

364 4828 736 4895 sustinuerit,
771 4831 837 4882 ut
867 4843 976 4882 nos
1027 4826 1182 4881 illius
1225 4829 1567 4898 paupertate
1615 4825 1942 4880 ditaremur
1961 4826 2024 4891 νο,

363 4937 584 4994 sponsa
613 4935 685 4974 ne
724 4917 890 4991 paria
922 4916 1166 4988 quidem
1206 4932 1310 4987 pro
1342 4933 1449 4971 sua
1481 4914 1923 4970 immortalitate
1954 4913 2027 4984 ei,

359 5011 462 5082 qui
493 5013 728 5082 propter
759 5007 947 5078 ipsam
983 5009 1252 5061 mortuus
1282 5009 1390 5071 est,
1419 5006 1725 5077 rependat,
1755 5004 1855 5060 sed
1888 5003 2029 5060 mol-

354 5098 479 5154 litie
511 5104 568 5154 et
597 5097 826 5154 deliciis
860 5095 1114 5162 difﬂuat,
1147 5111 1325 5165 seque
1359 5096 1429 5150 ad
1475 5096 1762 5150 mundum
1797 5111 2028 5150 accom-

431 5239 476 5274 ⁸³
505 5243 672 5294 Rom.
699 5255 821 5303 VIII,
855 5239 942 5294 35.
1022 5236 1068 5270 ⁸⁸
1102 5236 1309 5292 Matth.
1343 5253 1400 5301 χ,
1432 5237 1522 5290 37.
1600 5237 1646 5271 ⁸⁵
1678 5237 1816 5293 Luc.
1853 5251 1968 5304 xxv,
1999 5233 2090 5290 33.

361 5312 453 5367 28.
528 5312 574 5346 '9
599 5309 750 5367 Psal.
782 5327 934 5382 χειν,
972 5310 1057 5364 10.
1136 5309 1180 5344 ⁹⁰
1213 5309 1259 5365 ll
1290 5311 1416 5364 Cor.
1451 5325 1552 5379 vn,
1583 5310 1637 5364 9.

435 5464 549 5534 (12)
581 5460 836 5536 Θρόνους.
868 5459 1148 5536 Nonnulli
1183 5459 1445 5536 codices,
1469 5460 1699 5536 θρόνωνΪ

587 5532 965 5613 Γξοναῖκιαειὲἱο
996 5539 1311 5613 mss.__tres.
1345 5532 1522 5613 Editi,
1553 5532 1827 5613 γυναῖκας,

471 5538 555 5607 13)
587 5538 838 5590 Γυναῖκα.
871 5538 965 5590 Sic
996 5550 1142 5590 mss.
1173 5539 1311 5588 tres.
1345 5538 1522 5598 Editi,
1553 5538 1827 5658 χυναῖκας.

374 5538 586 5754 vita.
621 5601 1058 5677 ’Δποὸιὶξαντας.
1135 5605 1413 5661 Nonnulli
1481 5621 1547 5660 co
1596 5618 1712 5659 tces
1736 5644 1752 5674 ,
1822 5595 2025 5655 ἆπιδεί-

2141 4737 2375 4788 εστῶσαν
2409 4731 2770 4808 εὑρίσκεσθαι.
2813 4732 2912 4786 Καὶ
2945 4733 3144 4787 ἄτοπον
3163 4733 3257 4788 τὸν
3314 4734 3410 4806 μὶν
3440 4733 3674 4812 νυμφίον
3710 4731 3801 4789 διὰ

2140 4825 2228 4877 τὸν
2262 4822 2387 4897 περὶ
2419 4821 2585 4889 αὐτὴν
2629 4816 2804 4887 ἔρωτα
2833 4820 2923 4874 καὶ
2963 4821 3240 4897 εὐγενείας
3283 4822 3374 4877 καὶ
3421 4820 3668 4878 πλούτου
3706 4822 3802 4878 καὶ

2139 4911 2408 4988 αἰσχύνης
2487 4913 2968 4990 καταφρονήσαντα
3033 4911 3133 4981 τήν
3209 4911 3445 4990 ἐσχάτην
3521 4913 3796 4990 πτωχείαν

2137 5005 2234 5056 τοῦ
2294 4998 2476 5074 Ἀδὰμ
2505 5001 2818 5074 ὑπομεῖναι,
2867 4997 3132 5074 τίν’ἡμεῖς
3186 5006 3255 5076 ὖῇ
3314 5002 3520 5058 ἐκείνου
3551 5001 3798 5079 πτωχείᾳ

2138 5091 2559 5164 πλουτήσωμεν·
2622 5091 2722 5159 τὴν
2779 5087 2837 5145 δὲ
2892 5089 3107 5169 νύμφην
3163 5088 3306 5163 μηδέ
3347 5098 3464 5154 τοῖς
3500 5089 3636 5158 ἴσοις
3665 5092 3795 5167 ὑπὶρ

2166 5233 2212 5271 ⁸⁸
2241 5233 2447 5290 Matth.
2479 5248 2600 5302 xix,
2631 5233 2724 5289 27.
2815 5233 2860 5268 ⁸⁷
2892 5231 3036 5289 ibid.
3067 5233 3160 5300 28,
3189 5233 3280 5289 29.
3356 5234 3400 5270 ⁸⁸
3432 5237 3587 5293 Psal.
3622 5235 3798 5292 Lxxu’

2207 5457 2320 5539 (l5)
2376 5455 2447 5509 Τὸ
2511 5451 2961 5539 προσκολλᾶσθαι
3165 5454 3312 5539 escis:
3363 5457 3528 5539 Hunc
3569 5458 3797 5539 locum

2138 5527 2436 5585 edidimus
2486 5527 2565 5584 ut'
2596 5527 2932 5582 habeturin
2964 5527 3217 5586 editione
3253 5527 3484 5587 'Veneta
3530 5535 3588 5586 et
3632 5534 3797 5587 vete-

2139 5601 2306 5658 ribus
2345 5599 2533 5658 libris.
2573 5598 2760 5655 Editio
2807 5599 3018 5672 Paris.,
3049 5599 3494 5676 προσκολλᾶσθαι
3542 5605 3622 5673 τῷ
3675 5604 3798 5673 Θιῷ

2143 5691 2270 5747 μου.
