4124 6388
357 342 472 402 725

1581 341 1819 403 LIBER
1860 341 1963 402 DE
2006 341 2542 404 VIRGINITATE.

3660 336 3782 397 ’726

355 475 454 540 τῆς
507 471 700 540 ἑαυτῆς
751 469 1049 548 ἀφθαρσίας
1100 472 1191 526 τὸν
1261 471 1391 545 ὑπὶρ
1450 471 1617 542 αὐτῆς
1666 471 1987 527 ἀποθανόντα

2118 477 2334 546 modet,
2361 492 2465 531 nec
2497 491 2616 530 una
2647 490 2780 530 cum
2815 489 2901 541 eo,
2927 472 3025 544 qui
3059 475 3296 544 propter
3327 471 3517 542 ipsam
3551 484 3775 540 pauper

357 553 698 633 ἀμείϐεσθαι,
731 557 876 615 ἀλλά
920 558 1332 632 κατασπαταλᾷν
1379 561 1468 616 καὶ
1533 563 1856 636 θρύπτεσθαι
1913 561 2004 617 καὶ

354 654 434 722 τῷ
463 649 654 723 κόσμῳ
711 652 822 722 (16)
883 651 1407 726 συσχηματίζεσθαι,
1466 673 1553 707 και
1591 653 1666 725 μὴ
1696 657 1777 724 τῷ
1807 649 1876 706 δι’
1907 651 2005 707 αύ-

353 740 451 807 τήν
511 738 888 814 πτωχεύσαντι
949 740 1082 794 κατᾶ
1138 741 1231 794 τὸν
1295 741 1418 816 βίον
1473 741 1889 816 συμπτωχεύειν
1949 763 2006 796 τε

356 828 468 901 ἅμα
524 825 615 882 καί
669 829 1045 882 ταπεινοῦσθαι
1105 832 1239 901 (17),
1290 827 1380 884 τίνα
1435 831 1522 884 καὶ
1565 830 1640 892 εἷς
1681 832 1771 885 τὸν
1807 830 2006 885 οῗκεῖον

352 923 452 986 τῆς
483 917 738 987 θεότητος
793 918 1032 972 πλοῦτον
1086 916 1359 972 ἐπανιόντι
1422 916 1590 991 αὐτῷ,
1623 921 1658 990 ἡ
1704 925 1783 992 τῷ
1817 917 1887 974 δι’
1913 920 2007 974 αύο

353 1006 452 1074 τήν
515 1003 888 1080 πτωχεύσαντι
947 1007 1445 1082 συμπτωχεύσασα,
1501 1007 1762 1070 κοινωνός
1807 1029 1866 1064 τε
1909 1009 2005 1064 τοῦ

354 1092 600 1148 πλούτου
629 1094 719 1148 καὶ
748 1101 847 1162 τῆς
881 1094 1160 1170 βασιλείας
1191 1095 1242 1150 ἐν
1290 1096 1544 1170 οὐρανοῖς
1592 1097 1805 1172 εὑρεθῇ.
1858 1103 1997 1172 Παρ-

357 1185 536 1258 οράτω
589 1179 876 1259 τοιγαροῦν
937 1189 1039 1238 πᾶν
1093 1185 1154 1239 τὸ
1213 1183 1266 1240 ἐν
1323 1185 1444 1259 ὀψει
1506 1187 1854 1261 φαινόμενον,
1904 1185 2000 1240 κᾶν

352 1269 525 1327 καλοῦ
553 1268 678 1346 δόξῃ
715 1271 1007 1347 φαντασίαν
1064 1274 1208 1347 παρά
1255 1295 1393 1328 τισιν
1426 1273 1809 1353 ἀποφέρεσθαιο
1857 1274 2002 1348 μᾶλ-

355 1359 448 1415 λον
482 1357 540 1414 δὲ
566 1361 666 1428 τὴν
698 1362 876 1437 ἀρχὴν
916 1359 1044 1434 μηδ’
1076 1363 1203 1438 ὁρᾷν
1238 1363 1489 1435 ἀξιούτω.
1548 1363 1705 1420 Ἀλλ’
1755 1361 1997 1418 ἔκστασίν

347 1469 469 1502 τινα
521 1449 662 1512 θείαν
725 1446 838 1504 θ’ίαν
898 1451 1172 1524 ὑπέμεινεν
1233 1454 1260 1506 ὁ
1319 1451 1372 1506 ἂν
1429 1457 1497 1526 τῇ
1531 1453 1772 1508 ἐκστάσει
1807 1453 1995 1521 εἰπὼν,

347 1541 462 1600 Πᾶς
511 1535 794 1614 ἅνθρωπος
845 1538 1081 1611 ψεύστης
1140 1538 1227 1594 ἐπὶ
1282 1546 1402 1601 ταῖς
1452 1541 1727 1612 αἷσθήσεσι
1758 1543 1996 1604 καὶτοῖς

347 1622 663 1688 σννδούλοις
711 1625 771 1681 ἐκ
816 1625 1023 1681 τούτων
1065 1626 1310 1701 ἐκστᾶσα,
1369 1634 1581 1705 γυμνῷ,
1615 1629 1780 1708 φημὶ,
1813 1635 1892 1702 τῷ
1921 1636 1997 1702 νῷ

343 1717 441 1768 τοῦ
497 1716 615 1778 καθ’
665 1715 860 1783 ἑαυτὴν
913 1711 1114 1790 ἔρωτος
1151 1715 1512 1794 ἐμφορείσθω·
1578 1717 1848 1792 μηδαμῶς
1899 1719 1990 1793 μὲν

348 1802 424 1874 μὴ
460 1800 706 1878 βλέμμα,
767 1805 842 1876 μὴ
888 1803 1117 1878 κίνημα,
1177 1806 1252 1877 μὴ
1313 1805 1477 1881 λόγον
1512 1809 1704 1877 ἑαυτῆς
1735 1807 1992 1880 ἰμπαθῶς

2116 565 2302 620 factus
2320 569 2432 632 est,
2452 581 2678 636 pauper
2700 564 2776 618 sit
2799 569 2854 618 et
2879 560 3140 629 humilis,
3157 565 3222 616 ut
3243 576 3465 632 pauper
3487 559 3638 614 facta
3659 574 3779 612 una

2117 671 2250 709 cum
2276 671 2361 719 eo,
2387 653 2488 725 qui
2521 660 2759 726 propter
2789 653 2979 719 ipsam
3012 668 3236 723 pauper
3270 651 3457 704 factus
3479 653 3588 716 est,
3612 664 3678 702 eo
3702 647 3774 702 ad

2118 743 2382 814 proprias
2426 742 2756 797 divinitatis
2805 741 3039 796 divitias
3091 744 3432 803 revertenle,
3482 734 3777 806 particeps

2118 831 2452 886 divitiarum
2487 835 2542 885 et
2587 831 2749 901 regni
2783 829 2841 884 in
2876 828 3038 884 cmlis
3082 827 3432 882 inveniatur.
3469 825 3780 880 Praetereat

2119 936 2256 992 ergo
2289 920 2573 992 quidquid
2609 917 2796 974 oculis
2829 918 3106 988 cernitur,
3132 917 3401 986 quamvis
3424 915 3560 970 boni
3589 912 3777 969 videa-

2115 1014 2213 1067 tur
2243 1010 2498 1082 speciem
2544 1009 2700 1081 apud
2751 1006 3065 1063 nonnullos
3113 1005 3406 1072 obtinere;
3441 1002 3530 1058 vel
3579 1003 3776 1074 potius

2115 1117 2187 1156 ne
2220 1099 2481 1171 aspicere
2513 1099 2751 1171 quidem
2780 1097 3020 1152 omnino
3045 1096 3339 1166 dignetur.
3369 1093 3478 1148 Sed
3511 1092 3772 1148 divinam

2114 1187 2429 1257 quamdam
2465 1184 2744 1241 exstasim
2790 1183 3022 1254 qualem
3072 1181 3172 1236 ille
3217 1180 3643 1251 experiebatur,
3671 1179 3775 1251 qui

2111 1275 2170 1329 in
2207 1275 2419 1330 exstasi
2450 1274 2683 1330 dicebat
2717 1291 2728 1329 :
2766 1272 2954 1328 Omnis
2985 1271 3142 1327 homo
3171 1269 3413 1325 mendax
3431 1270 3500 1336 9*,
3527 1286 3561 1324 a
3590 1268 3774 1324 sensi-

2113 1364 2220 1420 bus
2262 1370 2318 1419 et
2361 1363 2661 1419 conservis
2712 1361 2994 1428 sentiens,
3041 1361 3220 1424 nuda,
3254 1360 3522 1431 inquam,
3555 1363 3772 1428 mente,

2109 1453 2455 1524 congruenti
2487 1452 2599 1508 sibi
2635 1468 2832 1507 amore
2862 1451 3111 1506 satietur
3137 1465 3148 1504 :
3177 1448 3510 1503 nullatenus
3533 1447 3770 1518 quidem

2110 1549 2412 1614 aspectum
2447 1547 2549 1597 aut
2582 1545 2812 1596 motum
2855 1544 2955 1594 aut
2999 1553 3330 1594 sermonem
3363 1553 3540 1591 suum
3572 1534 3767 1591 libidi-

2108 1648 2250 1687 nose
2279 1631 2342 1709 in.
2376 1631 2632 1702 aliquem
2668 1631 2884 1694 ferens,
2915 1629 3016 1684 sed
3051 1643 3257 1682 omnes
3289 1642 3427 1681 suas
3459 1623 3766 1680 facultates

2107 1719 2324 1792 proprii
2359 1720 2561 1791 sponsi
2605 1717 2850 1773 ancillas
2890 1717 3170 1771 efﬁciens.
3203 1715 3348 1770 Nam
3382 1730 3516 1769 cum
3549 1712 3599 1768 is
3629 1711 3762 1766 ubi-

2105 1826 2219 1880 que
2249 1814 2470 1877 cernat,
2510 1809 2804 1863 internum
2853 1805 3014 1861 illius
3056 1805 3325 1860 affectum
3376 1801 3438 1857 in
3481 1801 3760 1859 omnibus

344 1889 483 1965 πρός
523 1911 644 1945 τινα
693 1890 949 1969 φέρουσα·
999 1890 1134 1956 ὅλας
1185 1891 1242 1947 δὲ
1274 1894 1468 1962 ἑαυτῆς
1497 1895 1594 1957 τὰς
1622 1893 1877 1968 δυνάμεις
1907 1898 1987 1950 θε-

2104 1899 2434 1953 accuratius
2463 1897 2813 1953 considerat.

345 1979 603 2054 ραπαίνας
633 1983 731 2035 τοῦ
762 1979 963 2035 οἰκείου
988 1981 1226 2058 νυμφίου
1255 1988 1508 2041 ποιοῦσα.
1544 1989 1832 2061 Πανταχοῦ
1860 1987 1961 2062 γὰρ
1994 1987 2161 2062 ὁρῶν,
2190 1983 2280 2041 τὸν
2314 1983 2616 2050 ἐνδιάθετον
2651 1984 2818 2054 αὐτῆς
2852 1985 2963 2058 (18)
2997 1978 3087 2036 διὰ
3112 1980 3323 2035 πάντων
3371 1972 3750 2055 ἀκριϐέστερον

339 2068 783 2124 κατασκέπτεται.

405 2159 494 2212 27.
529 2157 627 2211 Καὶ
687 2159 801 2212 κατ’
863 2155 1018 2213 ούδὶν
1067 2156 1150 2214 δεῖ
1201 2158 1368 2234 μέρος
1424 2163 1523 2229 τήν
1557 2162 1818 2238 παρθένον
1873 2186 1990 2236 μοι·

333 2244 608 2318 χεύεσθαι,
670 2246 748 2318 μὴ
807 2244 1048 2322 γλώσσῃ,
1113 2251 1188 2321 μὴ
1220 2249 1379 2322 ἀκοῇ,
1446 2251 1521 2323 μὴ
1581 2251 1870 2329 ὀφθαλμῷ,
1909 2254 1986 2324 μὴ

332 2331 466 2409 ἀφῇ,
501 2335 578 2406 μὴ
612 2331 755 2406 ἄλλῃ
783 2335 891 2389 τινὶ
951 2336 1196 2399 συνόλως
1257 2337 1524 2411 αἰσθήσει,
1577 2335 1653 2395 ἔτι
1682 2338 1738 2395 δὲ
1772 2339 1986 2414 μᾶλλον

330 2424 397 2494 τῇ
433 2417 664 2493 διανοίᾳ
699 2422 845 2479 ἀλλὰ
895 2425 956 2478 τὸ
1019 2427 1112 2499 μὲν
1176 2431 1357 2500 σῶμα,
1411 2427 1592 2504 ὥσπερ
1631 2431 1753 2484 τινὰ
1781 2432 1904 2485 ναὸν
1950 2431 1983 2502 ἢ

332 2510 534 2564 παστὸν
586 2515 684 2565 τοῦ
739 2513 998 2591 νυμφίου,
1049 2510 1193 2590 ἔχειν
1255 2515 1670 2589 εύτρεπισμὲνον
1708 2561 1721 2587 ,
1776 2519 1874 2586 τήν
1931 2517 1987 2574 δὲ

333 2599 517 2672 ψυχὴν
580 2599 631 2653 ὲν
684 2599 862 2672 τούτῳ
887 2601 1035 2674 αὐτῷ
1075 2602 1290 2680 νύμφην
1341 2606 1576 2680 καθαρὰν
1628 2607 1984 2676 συνευνάζειν.

335 2681 588 2760 Ἀκριϐοῖ
617 2688 720 2764 γὰρ
753 2687 909 2751 οὗτος
939 2689 999 2745 ού
1034 2691 1101 2746 τὰ
1129 2691 1430 2766 ἀνθρώπων
1482 2693 1792 2769 ὀφθαλμοῖς
1844 2697 1984 2772 ὁρώο

337 2795 488 2848 μενα,
522 2775 668 2831 ἀλλὰ
696 2775 785 2831 καί
813 2777 880 2832 τὰ
909 2777 960 2832 ἐν
992 2783 1060 2851 τῇ
1105 2776 1312 2852 διανοίᾳ
1355 2781 1706 2856 λανθάνοντα,
1756 2785 1845 2839 καὶ
1887 2784 1986 2839 ούκ

332 2865 394 2918 ἄν
421 2885 504 2926 τις
536 2867 912 2940 μοιχευομένη
949 2866 1105 2931 λάθοι
1135 2869 1334 2924 τούτου
1356 2872 1418 2925 τὸ
1449 2866 1624 2945 ὄμμα.
1657 2874 1724 2930 Αἰ
1756 2875 1852 2948 μὲν
1881 2874 1984 2950 γὰρ

331 2957 550 3023 θνητοῖς
608 2951 830 3030 ἀνδράσι
885 2960 1120 3025 συζῶσαι
1170 2957 1296 3012 ὅταν
1346 2961 1483 3036 πρὸς
1531 2961 1717 3016 κακίαν
1770 2962 1985 3018 ὀκείλα-

331 3062 416 3096 σαι
443 3042 511 3096 τὰ
540 3049 642 3112 τῆς
693 3043 947 3119 μοιχείας
993 3048 1452 3122 περιεργάζωνται
1499 3053 1609 3123 (19)
1663 3053 1981 3126 πράγματα,

324 3130 421 3192 τάς
469 3151 528 3184 τε
577 3127 823 3192 εἰσόδους
871 3133 960 3186 καὶ
1011 3133 1108 3195 τὰς
1155 3133 1368 3205 ἐξόδους
1417 3141 1524 3192 τῶν
1557 3136 1765 3211 ἀνδρῶν
1799 3139 1983 3211 ἐπιτη-

2171 2168 2261 2222 27.
2295 2165 2469 2223 Nulla
2498 2165 2654 2221 enim
2707 2168 2868 2236 parte
2899 2161 3167 2219 adultera
3194 2161 3354 2233 virgo
3402 2174 3534 2215 esse
3563 2159 3757 2226 debet,

2101 2271 2216 2310 non
2257 2254 2482 2326 lingua,
2507 2271 2622 2308 non
2656 2255 2883 2320 auditu,
2918 2269 3034 2308 non
3067 2250 3256 2319 oculo,
3281 2266 3396 2304 non
3428 2252 3607 2315 tactu,
3641 2264 3758 2302 non

2099 2343 2218 2398 ullo
2241 2343 2352 2399 alio
2379 2360 2620 2416 prorsus
2639 2359 2840 2408 sensu,
2860 2341 3168 2412 multoque
3187 2339 3383 2393 minus
3406 2337 3628 2403 animo;
3655 2335 3759 2392 sed

2099 2450 2310 2504 corpus
2329 2431 2774 2504 quidem,veluti
2801 2430 3088 2502 templum
3113 2433 3214 2485 aut
3237 2426 3561 2482 thalamum
3587 2441 3761 2498 spon-

2097 2522 2169 2590 si,
2187 2523 2293 2577 rite
2310 2523 2704 2592 compositum
2725 2521 3033 2588 babere,ac
3050 2519 3106 2573 in
3128 2535 3194 2573 eo
3213 2517 3472 2572 animam
3493 2532 3610 2570 una
3623 2531 3759 2570 cum

2097 2627 2316 2682 sponso
2341 2610 2628 2682 integram
2660 2626 2938 2680 sponsam
2963 2607 3267 2662 collocare.
3291 2607 3575 2660 Accurate
3600 2605 3760 2658 enim

2097 2700 2359 2770 explorat
2381 2699 2478 2754 ille
2503 2717 2614 2754 non
2641 2716 2708 2755 ea
2731 2698 2922 2754 solum
2945 2714 3068 2768 quae
3095 2696 3402 2751 hominum
3428 2691 3615 2748 oculis
3636 2709 3760 2747 cer-

2098 2793 2338 2853 nuntur,
2364 2790 2464 2844 sed
2497 2805 2564 2844 ea
2594 2788 2771 2845 etiam
2801 2805 2930 2860 quae
2963 2787 3020 2840 in
3057 2785 3254 2840 animo
3277 2783 3483 2854 latent,
3510 2799 3613 2837 nec
3636 2780 3761 2836 ulla

2097 2878 2364 2933 adultera
2386 2879 2513 2948 ejus
2537 2877 2739 2934 oculos
2762 2876 3046 2950 eti‘ugerit.
3065 2875 3209 2929 Nam
3233 2891 3359 2944 quis
3384 2889 3518 2927 cum
3544 2875 3756 2925 morta-

2095 2967 2252 3022 libus
2268 2967 2407 3022 viris
2425 2968 2803 3037 degunt,cum
2827 2967 2978 3020 facto
2996 2964 3055 3019 in
3072 2963 3233 3018 vitiis
3253 2978 3565 3033 progressu
3587 2961 3656 3014 ad
3668 2958 3755 3013 ul-

2098 3055 2224 3109 terii
2277 3055 2602 3110 moliuntur
2649 3072 2846 3127 opera,
2877 3053 3155 3108 introitus
3186 3057 3242 3106 et
3272 3051 3460 3106 exitus
3489 3049 3751 3104 virorum

2095 3144 2490 3210 observantes,
2510 3160 2833 3214 eorumque
2865 3141 3102 3197 oculum
3128 3145 3184 3196 et
3215 3155 3434 3204 aurem,
3459 3141 3752 3209 quantum

329 3223 542 3293 ροῦσαι,
574 3219 664 3273 καὶ
694 3220 756 3274 τὸ
788 3214 943 3293 ὄμμα
972 3223 1061 3275 καὶ
1092 3224 1189 3293 τήν
1223 3223 1390 3294 ἀκοήν
1423 3225 1598 3281 αὐτῶν
1628 3228 1702 3290 ὡς
1751 3224 1827 3283 ἔνι
1881 3229 1981 3302 μά-

2104 3231 2219 3286 fieri
2264 3234 2515 3288 maxime
2562 3237 2770 3303 potest,
2804 3230 3016 3286 callide
3059 3228 3452 3300 explorantes,
3502 3226 3757 3281 latenter

329 3307 490 3362 λιστα
542 3307 868 3383 πανούργως
913 3309 1302 3384 φυλάττουσαι,
1361 3313 1450 3368 καὶ
1489 3316 1551 3370 τὸ
1613 3316 1846 3389 λεληθὸς
1893 3320 1982 3374 καὶ

331 3390 497 3471 λόγον
530 3398 788 3472 μοιχικὸν
843 3398 932 3452 καὶ
968 3399 1196 3474 βΛίμμα
1222 3403 1336 3476 (20)
1381 3403 1730 3475 κλέπτουσαι,
1762 3407 1851 3462 καὶ
1880 3408 1979 3477 τὴν

326 3483 495 3555 ἀκοὴν
528 3486 618 3540 καὶ
650 3487 750 3555 τήν
786 3482 907 3561 ὄψιν
954 3489 1091 3563 πρὸς
1133 3491 1231 3558 τὴν
1284 3490 1582 3548 ἀκόλαστον
1633 3493 1836 3565 ἡδονὴν
1888 3495 1978 3568 ἐμ-

327 3577 640 3652 φοροῦνται.
673 3576 737 3631 Ἡ
770 3572 828 3630 δὲ
883 3580 963 3649 τῷ
1016 3577 1199 3651 Κυρίῳ
1253 3581 1662 3657 νυμφευομένη,
1725 3585 1784 3639 οὐ
1819 3582 1978 3640 δυνα-

332 3662 463 3736 μίνη
515 3660 638 3718 οὔτε
693 3665 792 3732 τήν
845 3659 994 3739 ὄψιν,
1044 3664 1166 3722 οὔτε
1205 3669 1306 3736 τὴν
1333 3671 1524 3741 ἀκοὴν,
1559 3669 1682 3728 οὔτε
1709 3674 1809 3742 τήν
1845 3695 1977 3750 παρ-

331 3751 512 3838 ουσίαν
564 3759 772 3829 φυγεῖν,
827 3753 878 3808 ἐν
941 3757 1062 3828 ϐψει
1114 3757 1278 3812 αὐτοῦ
1337 3761 1544 3816 ἅπαντα
1582 3765 1825 3838 πράττει.
1887 3767 1980 3821 Διὸ

332 3836 414 3894 δεῖ
456 3841 556 3908 τὴν
613 3842 898 3916 παρθένον,
955 3841 1051 3898 κᾶν
1106 3846 1242 3918 μόνη
1274 3868 1327 3902 τι
1361 3848 1531 3922 λαλῇ,
1561 3836 1776 3923 εἷ’δέναι,
1811 3855 1893 3908 ὅτι
1925 3854 1978 3910 ἐν

332 3927 523 4018 ἀκοαῖς
554 3934 650 3984 τοῦ
674 3930 912 4008 νυμφίου
945 3929 1130 4018 λαλεῖο
1176 3932 1270 3988 κᾶν
1325 3939 1534 4012 πράττῃ
1577 3961 1632 3995 τι
1682 3942 1846 4014 μόνη,
1901 3945 1975 4018 μὴ

327 4017 563 4093 ἀγνοεῖν,
597 4018 680 4073 ὅτι
725 4022 875 4075 τοῦτ²
921 4016 1160 4096 ἀκριϐῶς
1209 4024 1366 4089 οὗτος
1408 4028 1525 4102 ὁρᾷ’
1559 4026 1654 4082 κᾶν
1687 4029 1845 4104 ἐννοῇ
1903 4016 1978 4104 τι,

327 4108 611 4162 πεπεῖσθαι
661 4106 743 4162 ὅτι
795 4109 959 4180 ὀξέως
1004 4115 1166 4167 τοῦτο
1206 4113 1525 4188 κινούμενον
1560 4117 1647 4172 ἐπὶ
1701 4119 1798 4186 τῆς
1855 4142 1981 4197 καρ-

329 4192 448 4286 δίας
482 4195 880 4255 ἂπισκὲπτεται.
941 4202 1168 4271 Ποιήσει
1216 4205 1319 4278 γάρ
1365 4225 1470 4274 τις,
1521 4207 1705 4283 φησὶν,
1757 4208 1808 4262 ἰν
1855 4192 1980 4286 κρυ-

329 4283 530 4358 φαίοις,
585 4286 676 4340 καὶ
745 4287 809 4342 ού
887 4289 1212 4363 γνώσομαις
1274 4292 1372 4347 Καὶ
1429 4299 1546 4357 πῶς
1598 4298 1660 4353 Ὀ
1719 4283 1980 4372 φυτεύσας

325 4372 391 4465 τό
450 4370 586 4465 οὖς,Δ
633 4373 736 4428 οὐκ
795 4375 1113 4448 ἀκούσεται;
1174 4379 1210 4449 ἢ
1269 4381 1297 4434 ὁ
1354 4381 1565 4447 πλάσας
1620 4370 1739 4441 τὸν-
1773 4386 1980 4465 ὀφθαλ-

331 4461 471 4554 μὸν,
533 4460 594 4517 οὗ
670 4469 961 4554 κατανοεῖς
1033 4472 1105 4522 ’Ἠ
1180 4469 1240 4526 Ὁ
1311 4467 1578 4527 παιδεύων
1639 4460 1976 4554 ἔθνηίούχὶ

330 4547 588 4627 ἐλέγξει;
676 4551 732 4606 Ὃ
816 4550 1087 4610 διδάσκων
1170 4554 1455 4633 ἄνθρωπον
1531 4567 1771 4636 γνῶσιν,
1861 4547 1978 4630 πιῖίς

329 4638 455 4694 οὗτο
558 4640 572 4659 ’
660 4641 674 4662 ‘
791 4643 802 4662 '
1054 4646 1066 4666 '
1304 4653 1324 4669 ⁷
1483 4649 1493 4668 ’
1814 4655 1827 4674 “
1965 4657 1977 4673 ⁸

462 4661 587 4729 ςου,
617 4663 684 4696 τα
733 4663 907 4699 παντα
963 4665 1248 4720 γνωσεται,
1327 4657 1368 4727 ῼ
1425 4671 1600 4707 παντα
1655 4675 1837 4729 γυμνα
1891 4677 1980 4712 και

330 4727 810 4803 τετραχηλισμένα
865 4737 981 4795 τοῖς
1041 4733 1352 4813 ὀφθαλμοῖς
1407 4737 1610 4807 αὐτοῦ;
1821 4747 1982 4799 τοῦτο

333 4814 360 4867 ὁ
425 4815 519 4903 μὲν
576 4824 676 4886 τῆς
733 4821 998 4895 ἁμαρτίας
1054 4821 1360 4901 ἄνθρωπος,
1403 4827 1820 4903 τετυφλωμένος
1882 4833 1984 4888 ὑπὸ

329 4909 431 4974 τῆς
458 4901 594 4968 ἰδίας
630 4908 943 4983 μοχθηρίας
999 4913 1088 4966 τὸν
1139 4918 1288 4984 νοῦν,
1347 4916 1437 4972 καὶ
1495 4901 1680 4974 ἑαυτὸν
1739 4920 1981 4992 ἀπατῶν,

2097 3320 2396 3377 adulteros
2417 3338 2719 3376 sermones
2741 3324 2797 3375 et
2828 3324 3102 3392 aspectus
3136 3319 3191 3372 fu
3203 3322 3429 3386 rantur,
3449 3332 3516 3370 ac
3539 3331 3678 3370 aure
3701 3316 3759 3369 et

2097 3411 2285 3466 oculis
2314 3410 2627 3482 impudicae
2669 3408 2989 3480 voluptatis
3037 3406 3365 3462 satietatem
3397 3403 3656 3476 capiunt.
3690 3404 3758 3458 At

2100 3499 2326 3554 Domini
2354 3516 2590 3571 sponsa.
2628 3516 2763 3554 cum
2797 3516 2912 3553 non
2947 3497 3134 3568 possit
3159 3512 3263 3550 nec
3295 3498 3601 3566 aspectum
3625 3491 3754 3562 ejus

2097 3607 2202 3644 nec
2220 3590 2512 3659 auditum,
2527 3605 2645 3643 naso
2663 3587 3032 3660 praesentiam
3051 3586 3326 3656 effugere,
3341 3583 3399 3637 in
3418 3581 3605 3638 oculis
3623 3580 3753 3652 ejus

2095 3679 2288 3734 omnia
2310 3677 2838 3749 l'acit.Quapr0pter
2854 3679 3082 3747 oportet
3101 3679 3164 3729 ut
3179 3669 3602 3745 virgo,etiamsi
3625 3669 3754 3725 sola

2093 3767 2315 3838 aliquid
2349 3767 2650 3838 loquatur,
2677 3767 2826 3820 sciat
2855 3780 2916 3820 se
2949 3765 3008 3818 in
3041 3762 3240 3833 sponsi
3275 3761 3518 3816 auribus
3549 3758 3746 3831 loqui:

2091 3857 2324 3911 etiamsi
2359 3853 2485 3911 sola
2508 3855 2729 3926 aliquid
2762 3853 2952 3920 faciat,
2990 3869 3104 3907 non
3131 3851 3359 3923 ignoret
3380 3849 3436 3904 id
3461 3847 3534 3904 ab
3563 3864 3629 3902 eo
3653 3863 3750 3902 ac-

2089 3950 2290 4001 curate
2339 3945 2587 4016 perspici
2625 3960 2636 3999 :
2671 3942 2904 3998 etiamsi
2939 3941 3079 4013 quid
3128 3940 3362 4013 cogitet,
3399 3951 3749 4010 persuasum

2090 4034 2302 4088 habeat
2331 4033 2388 4088 id
2423 4033 2621 4089 statim
2656 4033 2714 4100 in
2738 4033 2911 4088 corde
2940 4024 3302 4086 commotum
3335 4028 3408 4082 ab
3439 4044 3504 4083 eo
3536 4041 3748 4095 cogno-

2091 4122 2194 4178 sci.
2228 4124 2410 4177 Faciet
2454 4124 2604 4178 enim
2633 4121 2776 4192 quis,
2809 4119 3020 4191 inquit,
3054 4120 3114 4173 in
3161 4117 3389 4183 abditis,
3423 4123 3476 4171 et
3515 4131 3624 4170 non
3656 4130 3749 4170 co-

2089 4228 2342 4283 gnoscam
2364 4211 2444 4265 9’?
2473 4216 2541 4266 Et
2584 4210 2876 4283 quomodo
2927 4209 3033 4276 Qui
3076 4206 3354 4278 plantavit
3400 4221 3593 4259 aurem
3623 4204 3753 4258 ἠοη

2090 4300 2314 4357 audiet?
2343 4305 2395 4356 et
2443 4302 2536 4373 qui
2581 4301 2750 4371 ﬁnxit
2799 4299 3046 4364 oculum,
3095 4313 3206 4352 non
3253 4293 3603 4350 considerat?
3632 4295 3750 4346 Aut

2092 4394 2207 4463 Qui
2232 4391 2460 4462 co'rripit
2489 4400 2696 4462 gentes,
2727 4405 2839 4444 non
2877 4389 3108 4459 arguet?
3139 4386 3245 4454 Qui
3272 4384 3424 4439 docet
3473 4383 3748 4437 hominem

2089 4481 2403 4546 scientiam,
2423 4480 2714 4550 quomodo
2747 4478 2844 4532 ille
2873 4494 2985 4532 non
3009 4475 3208 4532 omnia
3232 4471 3621 4546 cognoscet”,
3647 4470 3753 4528 Cui

2089 4572 2283 4626 omnia
2314 4569 2463 4625 nuda
2491 4578 2619 4625 sunt
2662 4577 2712 4624 et
2743 4571 2932 4637 aperta
2959 4567 3113 4622 644
3144 4563 3315 4621 oculis
3344 4561 3562 4633 ejus”?
3595 4563 3748 4627 Qua-

2094 4664 2334 4732 propter
2365 4659 2540 4715 hcmo
2588 4658 2830 4730 peccati,
2855 4661 3049 4712 mente
3097 4657 3416 4710 excaecatus
3446 4669 3480 4708 a
3513 4650 3750 4724 propria

2095 4747 2382 4821 nequitia,
2402 4765 2468 4804 ac
2492 4747 2876 4818 semetipsum
2903 4745 3224 4817 decipiens,
3258 4743 3433 4810 dicat,
3469 4746 3532 4796 ut
3561 4739 3750 4796 libue-

2095 4837 2172 4892 rit
2205 4853 2220 4892 :
2254 4837 2500 4892 Tenebrz
2531 4841 2862 4907 operuerunt
2899 4849 3006 4904 me,
3038 4841 3088 4889 et
3123 4833 3358 4905 parietes
3407 4832 3467 4886 in
3510 4830 3750 4884 circuitu

2093 4942 2232 4995 meo,
2264 4927 2386 4998 quis
2414 4943 2498 4981 me
2527 4926 2672 4982 videt
2694 4925 2778 4980 πῖ
2807 4927 2941 4992 Quae
2989 4938 3121 4980 vero
3160 4935 3372 4994 purum
3420 4918 3624 4992 sponsi
3654 4916 3747 4973 lu-

376 5124 379 5126 ·
408 5107 450 5146 ⁹¹
485 5110 639 5168 Psal.
669 5130 796 5184 σιν,
832 5114 918 5172 11.
996 5118 1042 5154 ’³
1070 5117 1287 5178 Jerem.
1318 5136 1482 5196 mn,
1513 5125 1604 5184 24.
1682 5127 1726 5164 ⁹³
1755 5127 1907 5186 Psal.
1941 5147 1987 5186 Χι

2130 5129 2188 5204 9,
2219 5129 2308 5187 10.
2384 5129 2430 5167 9‘
2456 5129 2631 5187 Hebr.
2665 5147 2742 5197 ιν,
2777 5128 2865 5183 13.
2919 5081 2986 5161 ,⁸⁵
3015 5122 3190 5180 Eccli.
3222 5137 3384 5193 xxm,
3415 5120 3506 5176 26.

401 5305 526 5400 916:);
546 5307 769 5400 Ιξέσμφ.
803 5313 1148 5399 Parisiensis
1180 5317 1357 5400 editio
1396 5321 1560 5400 addit
1593 5322 1798 5400 τούτῳ,
1830 5329 1986 5400 quod

329 5383 534 5466 necvin
567 5383 786 5466 Yeneta
836 5403 941 5443 nec
988 5388 1061 5466 inn
1097 5406 1244 5446 mss.
1293 5391 1529 5466 legitur.
1562 5383 1798 5454 Ibidem,
1837 5383 1988 5457 non:

329 5447 762 5532 nu‘lli‘chices,
786 5459 1248 5532 σχηματίζεσθαι.

401 5521 511 5605 (
543 5521 957 5605 Ταπεινοῦσθαί.
990 5521 1094 5591 Hii:

334 5591 518 5689 aegis,
558 5591 883 5689 eaqueea,
903 5606 1076 5689 quod“
1090 5591 1228 5663 alibi
1258 5591 1371 5689 ιξοιι
1402 5591 1710 5689 reﬁgi-iiii}:

408 5665 517 5740 (18)
547 5672 756 5743 Αῢτῆς.
800 5665 978 5734 Addit
1023 5673 1142 5742 ἔθος
1189 5680 1394 5738 eadem
1443 5665 1812 5744 editio—sine
1871 5685 1990 5743 ulla

1183 5552 1374 5608 noque
1423 5539 1774 5598 Parisiensis
1807 5541 1984 5600 editio
2050 5543 2051 5546 “

2099 5344 2343 5401 prorsus
2373 5326 2737 5401 auctoritate.

2172 5400 2284 5472 (19)
2323 5396 2844 5488 ῌεριεργγάζωνται.
2899 5392 2994 5447 Sic
3053 5387 3321 5445 nonnulli
3374 5405 3518 5444 mss.
3577 5384 3751 5451 Editi,

2098 5475 2564 5544 περιεργάζονται.
2577 5511 2590 5524 .

2303 5528 2486 5616 ’Λόγον
2524 5537 2779 5616 μοιχικδν
2811 5533 2901 5586 καὶ
2937 5531 3182 5616 βλέμμα.
3210 5533 3441 5616 Sinope
3464 5528 3627 5602 Regii
3650 5543 3750 5616 cq-

2097 5596 2418 5669 dicis'2879
2455 5596 2898 5678 emendavimus
2938 5596 3260 5678 'vulgatam
3308 5596 3620 5662 lectione'm
3652 5596 3748 5653 ..ό-

2097 5703 2211 5759 γων
2243 5690 2517 5761 μοιχικῶν
2549 5682 2638 5739 καὶ
2678 5676 3036 5758 βλαμμάτων.
3066 5720 3068 5722 τ
