4124 6370
365 336 486 398 ’127
1313 336 1709 400 APPENDIX
1751 335 2052 401 OPERUB

2173 379 2190 398 .
2235 333 2520 401 BABILII
2563 337 2842 400 MAGNI.
3664 341 3790 403 728

369 484 505 526 men
541 483 677 540 sper
707 469 1052 542 semuscipit
1081 474 1279 527 mente
1306 487 1434 538 sua,
1456 475 1632 544 prout
1661 472 1906 545 dignum
1939 475 2029 527 est

2168 469 2219 533 te
2271 466 2415 525 θέλει
2465 469 2674 546 λεγέτω
2727 471 2864 544 (2Ι)⁶
2948 468 3150 533 Σκότος
3217 468 3479 527 κόλύπτει
3545 491 3632 546 με,
3696 472 3793 528 καὶ

371 560 710 632 prudentia,
739 576 864 630 quae
891 560 1004 631 ipsi
1037 561 1230 616 inesse
1255 561 1446 628 debet,
1473 563 1541 616 ad
1574 562 1810 634 singula
1839 561 2026 617 excla-

2169 559 2189 612 ἷ
2226 564 2410 635 τοῖχοι
2465 558 2655 632 κύκλῳ
2719 581 2843 632 μου,
2893 560 2981 614 καὶ
3011 560 3093 622 τίς
3136 581 3203 634 με
3227 563 3365 637 ὁρᾷ;
3397 562 3461 620 Ἡ
3495 559 3552 617 δὶ
3579 562 3642 617 τὸ
3673 567 3793 640 φῶς

373 653 495 702 met
527 665 539 703 :
574 650 714 716 Quia
747 651 984 706 tenebrae
1013 667 1124 704 non
1163 651 1608 706 obscurabuntur
1635 669 1670 706 a
1697 655 1749 706 te
1778 670 1795 705 :
1827 655 1878 706 et
1914 667 2028 705 ηοω

2171 653 2233 702 οὗ
2283 649 2518 725 νυμφίου
2566 651 2801 723 καθαρὸν
2845 649 2926 704 ἀεὶ
2972 649 3048 713 εἰς
3101 651 3191 704 τὸν
3244 652 3438 720 ἑαυτῆς
3475 655 3600 706 νοῦν
3633 649 3796 728 δεχο-

371 738 513 791 sicut
550 737 664 792 dies
713 739 1134 793 illuminabitur
1162 756 1179 792 :
1210 740 1351 793 sicut
1400 742 1642 796 tenebrae
1689 743 1826 812 ejus,
1862 742 1947 794 ita
1979 742 2030 794 et

2168 736 2298 808 ιένη,
2330 739 2398 792 τὰ
2425 737 2542 807 ἄξια
2586 745 2686 807 τῆς
2739 738 3071 816 ὀφειλούσης
3119 741 3263 813 αὐτῇ
3322 746 3605 816 προσεῖναι
3665 762 3798 796 συν-

376 825 562 881 lumen
590 827 708 898 ejus
729 828 792 880 ⁸⁸.
830 828 1038 882 Probet
1079 828 1261 899 igitur
1292 845 1468 883 suum
1509 831 1695 899 ipsius
1727 835 2029 900 aspectum

2169 846 2301 887 σεως
2373 826 2713 905 έπιφωνείτω
2789 829 2908 882 καθ’
2980 827 3228 884 ἕκαστον
3297 831 3421 886 ’Ὀτι
3479 829 3674 892 σκότος
3733 829 3798 885 οὐ

374 914 610 971 Domini
643 933 881 988 sponsa,
911 922 966 972 et
997 917 1045 971 si
1093 918 1383 972 cernendo
1433 917 1703 989 placebit,
1728 925 1869 974 tunc
1899 935 2030 973 eum

2168 919 2550 987 κοτισθήσεται
2624 916 2730 972 ἀπὸ
2792 923 2907 972 σοῦ·
2967 918 3056 972 καὶ
3109 918 3196 989 νὺξ
3251 919 3326 982 ὡς
3386 921 3568 994 ἡμέρα
3625 941 3800 996 φωτι-

373 1006 676 1060 confidens
736 1007 1010 1061 movebit.
1067 1006 1166 1061 Sin
1227 1012 1421 1061 autem
1476 1007 1720 1062 minime
1784 1008 2036 1078 placebit

373 1108 613 1163 sponso,
640 1094 1021 1166 semetipsam
1057 1111 1170 1148 non
1202 1095 1475 1165 decipiat,
1511 1095 1650 1165 quia
1679 1111 1712 1150 a
1741 1095 1904 1150 nullo
1933 1096 2034 1148 ho-

371 1182 531 1238 mine
559 1182 816 1254 videtur,
849 1182 1018 1238 illum
1050 1184 1228 1240 etiam
1281 1199 1410 1238 sese
1457 1184 1800 1238 existimans
1831 1183 2032 1238 latere.

371 1271 463 1326 Sic
494 1272 672 1328 etiam
716 1273 1049 1329 consideret
1095 1289 1425 1328 sermonem
1458 1277 1514 1328 et
1540 1273 1945 1345 cogitationes,
1979 1277 2036 1328 et

374 1362 779 1418 membrorum
811 1379 875 1417 ac
908 1363 1224 1434 digitorum
1276 1362 1541 1435 singulos
1586 1371 1801 1418 motus.
1824 1366 1903 1417 Ac
1933 1378 2036 1434 per

377 1449 501 1505 htEO
531 1452 771 1523 quidem
804 1452 852 1507 si
894 1452 1141 1507 Domino
1189 1451 1436 1523 placeat,
1471 1458 1774 1507 moveatur
1804 1453 1875 1506 ad
1910 1453 2034 1506 sin-

382 1539 523 1611 gula
555 1556 568 1595 :
601 1557 774 1596 secus
796 1557 953 1608 vero,
988 1541 1168 1608 illius,
1201 1546 1402 1612 utpote
1431 1541 1746 1611 cernentis,
1776 1557 2037 1597 reverea-

2168 1539 2236 1593 τὸν
2270 1538 2451 1614 λόγον,
2509 1542 2608 1610 τήν
2669 1535 2874 1597 ἔννοιαν
2937 1545 3072 1618 (23),
3129 1547 3235 1598 τῶν
3274 1541 3456 1617 μελῶν
3483 1543 3573 1597 καὶ
3606 1540 3799 1596 δακτύ-

381 1633 481 1684 tur
510 1636 835 1702 aspectum.
865 1630 1005 1688 Nam
1031 1630 1078 1686 si
1107 1630 1359 1686 sollicita
1379 1637 1470 1686 est
1494 1633 1787 1702 quomodo
1814 1630 2040 1703 placeat

2168 1649 2261 1682 ιων
2310 1631 2428 1683 καθ’
2472 1627 2695 1684 ἕκαστον
2748 1633 2846 1700 τὴν
2903 1632 3139 1702 κίνησιν.
3185 1633 3284 1687 Καὶ
3315 1631 3361 1686 εἷ
3397 1632 3492 1705 μὲν
3520 1630 3805 1708 ἀρέσκεται
3839 1693 3852 1698 _

383 1720 653 1785 Domino,
678 1720 824 1775 nihil
855 1720 1042 1788 debet,
1079 1721 1233 1791 quod
1267 1738 1382 1775 non
1430 1719 1514 1775 illi
1556 1721 1804 1791 placeat,
1831 1722 2035 1774 facere.

2168 1718 2388 1786 τούτοις,
2421 1720 2675 1784 κινείσθω
2704 1720 2842 1794 πρὸς
2872 1717 3118 1776 ἕκαστον·
3154 1720 3230 1783 εἷς
3264 1719 3321 1776 δὲ
3356 1724 3458 1794 μὴ,
3509 1722 3583 1783 ὡς
3631 1723 3804 1798 ὁρῶν-

380 1825 473 1868 τος
505 1804 757 1871 αἰδείσθω
781 1809 878 1877 τήν
911 1802 1052 1881 ὄψιν.
1089 1807 1150 1862 Εἰ
1174 1809 1276 1884 γὰρ
1309 1812 1547 1883 μεριμνᾷ
1576 1812 1692 1870 πῶς
1725 1807 1890 1882 ἀρέσῃ
1922 1811 2000 1878 τῷ
2035 1806 2242 1882 Κυρίῳ,
2275 1804 2424 1861 οὐδὲν
2461 1808 2668 1886 ὀφείλει
2699 1814 2807 1864 τῶν
2846 1811 2921 1883 μὴ
2957 1809 3290 1884 ἀρεσκόντων
3325 1816 3526 1867 ποιεῖν.

451 1898 540 1952 28.
572 1898 670 1953 Sin
703 1899 1078 1971 autem,quia
1129 1898 1323 1953 nullus
1370 1899 1678 1954 hominum
1712 1899 1886 1965 videt,
1921 1915 2032 1952 nu-

2211 1899 2302 1952 28.
2362 1895 2422 1953 Et
2482 1895 2540 1952 δὲ
2597 1899 2681 1953 δτι
2712 1897 2888 1961 οὐδεὶς
2918 1903 3027 1954 τῶν
3060 1899 3362 1976 ἀνθρώπων
3397 1901 3519 1977 ὁρᾷ,
3570 1901 3708 1976 πρὸς
3737 1900 3804 1956 τὸ

380 1989 511 2042 tum
543 1991 644 2042 aut
673 2004 1000 2043 sermonem
1033 1988 1351 2043 immittere
1379 1988 1580 2056 audet;
1616 1987 1872 2058 primum
1904 1987 2037 2058 qui-

2168 1990 2319 2058 νεῦμα
2366 1987 2400 2056 ἢ
2426 1987 2522 2041 τὸν
2555 1985 2721 2062 λόγον
2755 1987 2962 2062 τολμᾳ,
2999 1987 3234 2062 μάλιστα
3269 1989 3360 2062 μὶν
3403 1988 3627 2053 αὐτόθεν
3677 1989 3808 2043 ἑαυ-

382 2077 535 2144 dem,
562 2081 626 2131 ut
653 2095 757 2150 per
781 2094 844 2133 se
894 2083 1070 2150 patet.
1103 2077 1390 2148 suiipsius
1439 2077 1770 2132 accusatrix
1799 2082 1910 2144 est,
1942 2093 2040 2132 vo-

2168 2082 2249 2144 τῆς
2301 2075 2410 2130 ἐστι
2455 2079 2792 2152 κατήγορος,
2836 2075 3002 2147 αὒτήν
3028 2079 3131 2146 τὴν
3161 2077 3403 2132 ἐπίνοιαν
3458 2082 3555 2133 τοῦ
3613 2077 3812 2141 λανθά-

2142 1007 2418 1074 σθήσεται·
2481 1007 2555 1068 ὡς
2613 1008 2675 1061 τὸ
2736 1007 2928 1070 σκότος
2986 1007 3176 1080 αὐτῆς,
3236 1007 3378 1062 οὕτω
3433 1009 3523 1063 καὶ
3570 1009 3632 1062 τὸ
3683 1013 3803 1087 φῶς

2142 1092 2334 1162 αὐτῆς.
2397 1093 2746 1168 Δοκιμαζέτω
2801 1096 2984 1150 τοίνυν
3041 1096 3104 1150 τὸ
3163 1097 3357 1165 ἑαυτῆς
3417 1095 3644 1171 βλέμμα
3698 1101 3801 1151 τοῦ

2143 1181 2342 1257 Κυρίου
2385 1185 2420 1253 ἡ
2470 1183 2680 1258 νύμφη·
2730 1184 2820 1239 καὶ
2872 1183 2920 1239 εί
2975 1186 3069 1258 μὲν
3101 1186 3243 1262 ὁρῶν
3283 1185 3658 1260 ἀρεσθήσεται,
3707 1185 3802 1241 καὶ

2144 1269 2211 1340 δὴ
2261 1276 2426 1326 τοῦτο
2471 1275 2584 1346 (22)
2630 1272 2900 1349 θαῤῥοῦσα
2952 1275 3192 1330 κινείτω.
3241 1273 3305 1331 Εἰ
3356 1271 3414 1329 δὲ
3455 1273 3554 1329 οὐκ
3583 1274 3801 1348 ἀρέσκει

2143 1359 2312 1432 αὐτῷ,
2373 1363 2449 1433 μὴ
2495 1363 2688 1430 ἑαυτὴν
2733 1362 3009 1436 ἀπατάτω,
3056 1362 3170 1418 ἐπεὶ
3215 1360 3407 1436 μηδεὶς
3433 1367 3542 1418 τῶν
3591 1365 3795 1438 ἀνθρώ-

2144 1471 2262 1504 πων
2295 1451 2415 1524 ὁρᾷ,
2449 1450 2530 1505 ὅτι
2582 1452 2829 1507 κάκεῖνον
2879 1452 3146 1517 λανθάνει.
3193 1453 3378 1515 Οὕτως
3437 1452 3795 1508 ἃπισκοπείτω

381 2164 670 2221 luntatem
701 2165 917 2221 latendi
953 2167 1370 2222 accusatricem
1404 2166 1566 2221 intus
1595 2166 1822 2221 habens
1855 2181 2042 2238 pravae

385 2255 769 2310 conscientias.
786 2255 1070 2311 Praeterea
1092 2256 1402 2310 manifeste
1425 2255 1883 2327 deprehenditur
1904 2271 2044 2327 erga

387 2345 590 2416 sponsi
621 2345 970 2417 dignitatem
1006 2344 1290 2401 caecutire.
1318 2344 1465 2400 Nam
1497 2361 1631 2400 cum
1663 2346 2042 2417 incorporeus

392 2435 492 2496 sit.
526 2435 757 2489 medius
789 2440 844 2488 et
874 2435 1135 2489 susurris
1182 2440 1239 2488 et
1289 2435 1629 2506 aspectibus
1658 2439 1716 2490 et
1747 2433 2055 2506 cogitatio-

395 2523 576 2578 nibus
608 2523 876 2591 interest;
913 2541 976 2578 ac
1007 2523 1314 2578 subdolam
1349 2524 1588 2594 quidem
1623 2524 1916 2593 ejusmodi
1945 2520 2057 2577 vir"

395 2611 551 2684 ginis
583 2617 838 2668 mentem
873 2618 1196 2682 aversatur,
1231 2629 1408 2684 seque
1436 2612 1778 2669 exteriorem
1806 2613 2056 2685 virgini-

393 2702 533 2758 tatis
591 2703 926 2774 opinionem
990 2702 1185 2758 odisse
1243 2703 1611 2758 demonstrat
1672 2720 1685 2757 :
1749 2711 2054 2775 propterea

393 2792 570 2862 quod,
605 2791 746 2846 dum
779 2792 1038 2862 deceptis
1089 2791 1394 2846 hominum
1427 2792 1613 2846 oculis
1646 2792 1960 2863 persuadet
1990 2808 2052 2846 se

391 2897 496 2952 per
535 2885 718 2936 totam
767 2881 945 2935 vitam
996 2881 1048 2934 ei
1098 2880 1454 2952 desponsam
1515 2897 1666 2947 esse,
1699 2897 1804 2936 nec
1861 2882 2050 2952 ipsius

390 2987 611 3043 sponsa
640 2974 749 3036 est,
774 2987 880 3026 nec
910 2969 1170 3025 hominis
1215 2974 1412 3040 aperte
1462 2987 1628 3036 uxor,
1661 2972 1762 3026 sed
1811 2970 2050 3044 virgini-

389 3061 529 3116 tatis
561 3059 798 3115 laudem
847 3060 1001 3130 apud
1045 3059 1310 3115 homines
1340 3059 1611 3131 virginali
1665 3059 1859 3132 specie
1892 3061 2047 3115 fura-

387 3153 511 3220 tur,
543 3150 604 3204 in
636 3149 838 3221 sponsi
888 3154 1083 3204 autem
1132 3148 1340 3214 oculis,
1375 3165 1542 3203 suam
1575 3151 1726 3220 apud
1780 3149 2048 3205 homines

396 3239 797 3310 virginitatem
859 3242 1183 3303 ostentans,
1221 3237 1488 3293 adultera
1533 3243 1642 3294 est.
1676 3239 1825 3302 Quin
1877 3239 2047 3294 etiam

401 3333 610 3401 praeter
652 3327 924 3382 adulterii
965 3331 1290 3398 peccatum,
1324 3328 1479 3399 quod
1531 3328 1591 3382 in
1639 3345 1813 3384 suum
1863 3329 2052 3400 ipsius

407 3433 693 3488 sponsum
743 3417 1078 3486 committit,
1113 3416 1305 3472 adhuc
1336 3417 1510 3471 etiam
1543 3417 1726 3489 impie
1776 3418 1836 3472 in
1885 3418 2054 3473 illum

408 3504 831 3562 contumeliosa
875 3511 984 3572 est,
1018 3523 1084 3561 eo
1129 3507 1281 3578 quod
1335 3505 1642 3561 hominum
1674 3513 2052 3579 conspectum

409 3597 598 3668 magis
629 3596 949 3650 verendum
996 3595 1159 3650 illius
1207 3601 1520 3667 conspectu
1566 3596 1814 3667 judicet,
1859 3613 2053 3652 coram

407 3685 545 3754 illis,
581 3689 820 3757 pr0pter
857 3683 1214 3755 opinionem,
1248 3685 1434 3739 tacere
1479 3685 1754 3740 indecora
1803 3703 1920 3740 non
1954 3702 2055 3739 au-

406 3775 573 3841 dens,
603 3790 799 3829 coram
834 3772 932 3828 illo
981 3777 1199 3838 autem,
1233 3773 1332 3844 qui
1365 3789 1596 3844 semper
1642 3775 1829 3840 adest,
1857 3773 2057 3844 impu-

406 3864 611 3918 denter
640 3861 838 3918 omnia
887 3863 1120 3916 faciens.
1159 3861 1342 3932 Igitur
1389 3868 1452 3917 ut
1497 3863 1728 3920 vidente
1775 3862 1973 3918 omnia
2003 3866 2060 3917 et

405 3952 680 4007 audiente
713 3968 950 4022 sponso,
984 3952 1144 4022 virgo
1176 3956 1306 4022 aget
1337 3952 1555 4007 omnia.

475 4043 563 4097 29.
584 4043 662 4097 Ac
685 4057 797 4096 non
823 4039 1014 4096 solum
1037 4040 1083 4094 si
1105 4040 1238 4111 quis
1255 4040 1573 4107 videat,aut
1591 4039 1920 4112 audiat,qui
1943 4057 2058 4096 non

405 4131 701 4188 celaturus
735 4135 833 4186 aut
863 4131 1098 4200 adjutor
1137 4130 1373 4185 futurus
1417 4131 1804 4200 existimetur,
1837 4129 2062 4186 cavebit

405 4239 479 4278 ne
511 4222 836 4294 quidquam
871 4220 1066 4288 faciat,
1088 4220 1242 4289 quod
1276 4220 1523 4274 Domino
1556 4220 1864 4291 displiceat
1897 4237 1909 4274 :
1945 4237 2060 4275 non

407 4311 599 4368 solum
631 4311 678 4367 si
712 4310 799 4365 vir
825 4310 997 4374 adsit,
1033 4309 1131 4364 sed
1167 4309 1397 4379 mulier,
1424 4326 1602 4380 eaque
1637 4308 1831 4380 puella
1860 4326 1928 4364 ex
1958 4327 2060 4364 an-

406 4401 675 4456 cillarum
707 4415 973 4464 numero,
999 4397 1142 4452 nihil
1177 4403 1280 4453 aut
1310 4399 1380 4453 ad
1414 4403 1684 4453 ornatum
1719 4403 1819 4454 aut
1848 4399 1916 4453 ad
1952 4399 2062 4454 hu-

403 4506 646 4546 manum
677 4505 936 4544 amorem
971 4487 1228 4555 audebit,
1253 4488 1407 4559 quod
1443 4487 1686 4542 Domino
1719 4487 2060 4559 displiceat;

404 4579 507 4637 sed
531 4577 764 4634 etiamsi
787 4578 914 4650 ipsa
937 4577 1060 4632 sola
1083 4577 1180 4646 sit,
1204 4576 1367 4632 nullo
1391 4594 1633 4648 prorsus
1657 4577 1897 4632 homine
1919 4593 2064 4648 prae-

401 4672 588 4739 sente,
623 4667 772 4724 nihil
811 4682 1054 4739 prorsus
1089 4681 1282 4737 agere,
1317 4667 1471 4737 quod
1504 4682 1720 4739 sponso
1751 4665 2064 4739 indignum

477 4895 525 4934 "
552 4894 667 4954 Isa.
698 4907 968 4964 cxxxvm,
1001 4893 1090 4949 12.

474 5123 587 5250 S21)
618 5125 707 5187 Ὧς
741 5122 887 5189 θέλει
920 5121 1147 5198 λεγέτω.
1205 5123 1297 5179 Sic

422 5197 479 5251 Θέ
523 5217 556 5251 n
607 5194 833 5251 λεγέτω.
874 5198 1066 5251 Codex
1111 5196 1276 5251 Maz..

523 5217 556 5271 Ὠ

413 5339 516 5414 εἰς,
547 5340 664 5394 ἀντὶ
693 5339 915 5414 λεγέτω.

484 5413 595 5483 (22)
629 5414 702 5479 Δή
743 5409 926 5483 τοῦτο..
978 5413 1072 5469 Sic
1121 5428 1263 5466 mss.
1300 5414 1572 5482 quatuor.
1628 5411 1755 5466 Non
1811 5410 1963 5466 male
2009 5409 2069 5465 in

413 5484 528 5540 alio
579 5480 852 5556 quodam,
896 5480 962 5550 δὴ
1002 5487 1201 5554 τοῦτῳ.
1259 5480 1488 5556 Domino
1535 5485 1832 5555 conﬁdens.
1887 5483 2072 5538 Habet

414 5551 690 5625 alius-8?)
727 5552 815 5610 διὰ
842 5559 1023 5610 τοῦτο.
1059 5551 1233 5625 Editi,
1268 5551 1357 5608 διὰ
1395 5557 1577 5608 τοῦτο.

485 5621 729 5712 (23)]’ὑν
763 5627 942 5712 λόγον,
967 5629 1066 5712 τὴν
1098 5621 1522 5712 ἔνιιοιαν.ηυηιιε
1554 5625 1734 5684 codex
1761 5643 1794 5683 a
1820 5625 2066 5683 Combe-

413 5697 545 5758 ﬂsio
577 5697 814 5770 citatus,
839 5697 948 5755 τῶν
990 5698 1171 5772 λόγων
1200 5701 1299 5767 τὴν
1331 5697 1556 5756 ἔννοιαν.

618 5125 707 5187 Ὦς
741 5122 887 5189 θέλει
920 5122 1147 5198 λεγέτω.
1205 5123 1297 5179 Sic
1345 5122 1542 5195 plures
1592 5141 1736 5180 mss.
1770 5123 1947 5196 Editi,
1996 5124 2069 5184 ὡς

607 5194 833 5272 λεγέτω.
874 5198 1066 5272 Gods;
1094 5196 1276 5272 Man,
1310 5195 1383 5272 ὡς
1433 5194 1576 5272 θέλει
1627 5195 1826 5272 λέγων.
1861 5197 1932 5272 In
1971 5212 2073 5272 οιζα

411 5264 542 5340 ejus
573 5264 745 5340 quem
776 5287 912 5340 mox
941 5269 1060 5325 dixi
1093 5267 1227 5324 libri
1259 5269 1340 5324 ita
1371 5268 1621 5340 legitur:
1658 5264 1881 5335 ’Ᾰττική
1909 5268 1943 5336 ἡ
1979 5264 2070 5320 λέ-

2149 2182 2258 2216 νειν
2317 2163 2622 2239 κατήγορον
2682 2169 2782 2218 τοῦ
2841 2164 3054 2243 φαύλου
3126 2164 3434 2230 συνειδότος
3487 2168 3602 2240 (24)
3651 2162 3807 2220 ἔνδον

2151 2245 2374 2326 ἔχουσα.
2429 2254 2654 2308 Ἔπειτα
2707 2260 2950 2330 φανερῶς
2996 2254 3294 2330 εὑρίσκεται
3345 2256 3482 2330 πρὸς
3512 2256 3610 2325 τὴν
3662 2254 3811 2326 ἀξίαν

2151 2345 2248 2396 τοῦ
2277 2341 2518 2420 τυμφίου
2571 2342 2989 2420 τυφλώττουσα,
3050 2344 3371 2418 Ἀσώματος
3410 2345 3516 2421 γὰρ
3562 2342 3659 2413 ὢν,
3713 2343 3814 2417 μέ-

2165 2451 2254 2493 σος
2301 2433 2390 2486 καὶ
2449 2436 2796 2506 ψιθυρισμῶν
2851 2435 2940 2489 καὶ
3005 2435 3336 2509 βλεμμάτων
3385 2435 3475 2489 καὶ
3522 2435 3812 2507 νοημάτων

2163 2515 2404 2590 ἔστηκενο
2493 2523 2970 2600 ἀποστρεφόμενος
3059 2525 3154 2597 μὶν
3231 2531 3333 2594 τῆς
3403 2524 3662 2594 τοιαύτης
3712 2524 3814 2592 τὴν

2162 2609 2402 2664 ὕπουλον
2458 2611 2714 2687 γνώμην,
2771 2619 2874 2684 τῆς
2934 2611 2990 2668 δὶ
3021 2614 3155 2689 πρὸς
3192 2613 3321 2676 τοὺς
3355 2610 3454 2684 ἔξω
3483 2611 3814 2692 φαινομένης

2161 2701 2491 2774 παρθενικῆς
2544 2701 2874 2775 ὑπολήψεως
2910 2705 3146 2775 μισητήν
3179 2702 3514 2781 ἀποφαίνων·
3573 2705 3656 2756 ὁτι
3687 2699 3815 2762 τοὺς

2159 2794 2266 2843 τῶν
2300 2789 2601 2862 ἀνθρώπων
2653 2789 2973 2868 ὀφθαλμοὺς
3013 2791 3292 2858 ἀπατῶσα,
3353 2791 3430 2854 ὡς
3480 2790 3628 2862 αὐτῷ
3686 2790 3812 2843 ἑαυ-

2158 2879 2256 2946 τήν
2463 2876 2552 2932 διὰ
2603 2879 2723 2954 βίου
2774 2878 3141 2953 νυμφεύουσα,
3199 2876 3312 2933 οὔτ’
3365 2876 3568 2932 ἐκείνου
3597 2875 3804 2954 νύμφη,

2160 2963 2272 3020 οὔτ’
2306 2968 2588 3044 ἀνθρώπου
2634 2971 2883 3041 καθαρῶς
2932 2967 3041 3023 ἔστι
3099 2968 3260 3042 γυνὴ,
3321 2966 3466 3022 ἀλλά
3524 2967 3622 3034 τὴν
3680 2964 3809 3039 παρ’

2157 3053 2458 3131 ἀνθρώπων
2509 3052 2662 3128 δόξαν
2715 3054 2803 3110 ἰπὶ
2854 3059 2923 3130 τῇ
2954 3056 3213 3128 παρθενίᾳ
3245 3053 3334 3110 διὰ
3360 3059 3458 3110 τοῦ
3488 3055 3812 3126 παρθενικοῦ

2161 3147 2448 3221 σχήματος
2476 3144 2808 3212 κλέπτουσα,
2842 3145 2893 3199 έν
2929 3144 3239 3222 ὀφθαλμοῖς
3277 3147 3374 3198 τοῦ
3403 3142 3662 3220 νυμφίου,
3689 3145 3816 3214 παρ’

2164 3235 2471 3310 ἀνθρώποις
2501 3236 2601 3304 τήν
2656 3234 2945 3310 παρθενίαν
2979 3234 3172 3303 εαυτῆς
3208 3230 3629 3305 έκπομπεύουσα
3689 3249 3816 3302 μοι·

2165 3321 2405 3400 χεύεται.
2455 3323 2562 3379 Καὶ
2609 3325 2745 3398 πρὸς
2793 3327 2861 3398 τῇ
2913 3329 3011 3393 τῆς
3046 3321 3297 3398 μοιχείας
3346 3319 3601 3396 ἁμαρτίᾳ,
3634 3321 3694 3388 ἦν
3746 3317 3821 3380 εἷς

2163 3414 2256 3467 τὸν
2313 3413 2546 3490 νυμφίον
2595 3414 2790 3482 ἑαυτῆς
2840 3413 3160 3484 ἁμαρτάνει,
3209 3405 3287 3465 ἔτι
3337 3409 3426 3464 καὶ
3487 3403 3696 3472 ἀσεϐῶς
3747 3405 3822 3469 είς

2163 3506 2354 3556 τοῦτον
2393 3497 2706 3576 ὑϐρίζουσα,
2766 3499 2846 3554 ὅτι
2878 3500 2978 3566 τήν
3047 3495 3172 3574 ὄψιν
3203 3503 3314 3553 τῶο
3347 3499 3648 3574 ἀνθρώπων
3681 3494 3825 3551 αἴδε-

2168 3588 2472 3663 σιμωτέραν
2523 3595 2624 3657 τῆς
2675 3588 2880 3643 ἑκείνου
2925 3587 3102 3661 ὅψεως
3147 3587 3455 3662 ἀποφαίνει·
3493 3585 3579 3641 ἐπὶ
3611 3585 3821 3640 τούτων

2170 3679 2285 3752 μὲν.
2322 3675 2412 3733 διὰ
2438 3679 2536 3747 τὴν
2576 3676 2878 3751 ὑπόληψιν,
2937 3678 3190 3752 πράττειν
3221 3678 3289 3731 τὰ
3345 3676 3562 3752 ἀπρεπῆ
3598 3674 3659 3730 οὐ
3688 3673 3823 3730 τολ-

2171 3772 2347 3841 μῶσα.
2400 3767 2482 3822 ἐπ’
2539 3767 2745 3822 ἐκείνου
2796 3763 2853 3822 δὲ
2895 3766 2976 3821 ἀεὶ
3006 3764 3296 3840 παρόντος,
3329 3761 3564 3828 ἀναιδῶς
3615 3765 3825 3819 ἀπάντα

2168 3857 2498 3926 πράττουσα.
2531 3859 2621 3921 Ὠς
2648 3857 2887 3930 ὁρῶντος
2919 3854 3008 3910 οὗν
3044 3857 3251 3910 ἅπαντα
3279 3855 3370 3910 καὶ
3404 3854 3694 3916 ἀκούοντος
3723 3857 3824 3908 τοῦ

2168 3947 2424 4024 νυμφίου,
2474 3949 2509 4015 ἡ
2567 3946 2831 4020 παρθένος
2864 3947 3074 4000 ἅπαντα
3102 3944 3311 4015 πράξει.

2241 4040 2328 4093 29.
2365 4037 2477 4091 Οὐκ
2507 4034 2594 4090 ἐὰν
2627 4035 2789 4109 μόνον
2967 4037 3045 4098 εἷς
3072 4055 3153 4095 τις
3186 4031 3354 4107 ἀκούῃ
3401 4035 3436 4102 ἢ
3492 4031 3668 4107 βλέπῃ
3711 4036 3823 4087 τῶν

2171 4127 2546 4199 νομιζομένων
2599 4125 2674 4197 μὴ
2733 4124 3086 4199 συγκρύπτειν
3140 4124 3176 4194 ἢ
3237 4122 3669 4196 συνεργάζεσθαι,
3723 4141 3827 4197 φυ-

2173 4215 2480 4287 λαττομένη
2537 4218 2712 4269 ποιεῖν
2761 4234 2812 4267 τι
2840 4212 2918 4291 ἐφ’
2949 4213 2995 4284 ᾧ
3026 4214 3054 4267 ὁ
3105 4211 3302 4288 Κύριος
3364 4211 3464 4266 οὐκ
3520 4210 3825 4286 ἀρέσκεται*

2171 4304 2260 4359 καὶ
2306 4303 2406 4358 οὐκ
2455 4301 2541 4357 ἐὰν
2607 4303 2682 4376 μὴ
2735 4301 2870 4378 ἀνὴρ
2928 4300 3074 4356 ἀλλὰ
3114 4303 3272 4377 γυνή,
3325 4301 3418 4355 καὶ
3446 4303 3608 4355 τοῦτο
3637 4299 3828 4375 κόριον

2169 4399 2278 4448 τῶν
2330 4391 2782 4467 ὑπηρετουμένων
2843 4394 3015 4467 παρῇ,
3071 4389 3476 4464 κατατολμῶσά
3525 4409 3668 4450 τινος
3717 4391 3830 4442 τῶν

2172 4481 2208 4552 ἢ
2240 4481 2376 4556 πρὸς
2406 4481 2806 4554 καλλωπισμὸν
2859 4483 2894 4553 ἢ
2940 4480 3278 4556 ἀνθρώπινον
3331 4477 3508 4554 ἔρωτα
3534 4483 3614 4551 τῷ
3647 4477 3832 4551 Κυρίῳ

2179 4573 2256 4645 μή
2287 4571 2644 4647 ἀρεσκόντων·
2675 4569 2819 4626 ἀλλὰ
2847 4568 2942 4626 κᾶν
2978 4571 3118 4643 μόνη
3177 4570 3312 4640 αὐτή
3345 4569 3400 4644 ᾖ,
3457 4565 3688 4643 μηδενὸς
3735 4567 3832 4621 ἀν-

2096 4648 2407 4737 Βθρώπων
2465 4657 2733 4736 παρόντος
2787 4661 2850 4714 τὸ
2905 4657 3156 4731 σύνολον,
3217 4660 3471 4736 πράττειν
3502 4661 3695 4713 τιτῶν
3751 4657 3831 4730 μή

2250 5123 2363 5193 (24)
2397 5115 2737 5193 Συνειδότος.
2773 5119 3052 5193 Quamvis
3097 5115 3554 5193 hago's‘criplura
3601 5116 3661 5173 in
3709 5115 3836 5193 solo

2179 5189 2448 5250 occurrat
2474 5192 2809 5250 Colbertino
2830 5196 2890 5248 et
2920 5190 3036 5263 alio
3065 5205 3135 5245 ex
3164 5189 3393 5263 Regiis,
3409 5196 3608 5246 tamen
3639 5190 3844 5263 prafe-

2179 5267 2361 5322 renda
2389 5265 2624 5338 videtur
2648 5264 2916 5338 vulgatae,
2942 5257 3298 5338 coemam;

2250 5339 2363 5409 (25)
2393 5336 2479 5396 Ὦς
2528 5336 2677 5408 αύτῷ
2725 5329 3062 5409 ἑᾶψεῄβῇο
3110 5332 3689 5409 duo_C0mbeﬂs,__et
3737 5329 3844 5386 alii

2180 5403 2397 5534 plures.
2434 5409 2606 5482 Editi,
2641 5403 2942 5492 ὧςηαῦττίν.
2967 5405 3097 5460 Mox
3118 5406 3257 5462 editi
3281 5412 3338 5463 et
3361 5403 3631 5462 nonnulli
3665 5418 3841 5474 mss.,

2205 5479 2366 5534 κείνω
2397 5483 2601 5534 νύμφη.
2640 5481 2749 5534 Alu
2785 5485 2847 5533 ut
2878 5495 2934 5532 in
2968 5484 3146 5533 textu.

2205 5479 2366 5559 κείνω
2397 5479 2601 5559 νύμφῃξ
2640 5480 2749 5559 alii
2785 5480 2934 5559 utin
2968 5484 3146 5559 [(31th].
3206 5550 3218 5559 _
3490 5547 3527 5559 υ

2252 5547 2364 5637 (26)
2393 5547 2594 5609 Μόνον,
2636 5552 2727 5608 Sic
2776 5551 2956 5608 codex
3004 5550 3360 5620 Mazarinus,
3393 5547 3608 5606 melius
3655 5562 3843 5620 quam

2180 5625 2344 5699 editi,
2383 5625 2568 5700 μόνος.

2329 5669 2344 5699 ν
2383 5668 2568 5699 ι’·νννν
