4124 6388
382 377 512 438 729

1619 363 1854 425 LIBER
1893 365 1998 425 DE
2037 362 2581 425 VIRGINITATE.

3688 362 3808 423 730

389 507 554 580 ἀξίων
603 508 701 560 τοῦ
743 499 982 580 νυμφίου
1042 497 1140 554 ούκ
1181 497 1512 572 ἀνεχομένη.
1569 495 1674 550 Kch
1707 494 1809 570 γὰρ
1847 491 2040 568 μηδεὶς

2177 495 2251 566 tit,
2274 495 2334 551 in
2367 497 2632 553 animum
2665 498 3204 566 inducet.Quamvls
3234 499 3388 556 enim
3422 496 3622 554 nullus
3653 495 3807 552 alius

386 601 500 652 τῶν
550 594 848 669 ἀνθρώπων
902 587 1073 652 ἄλλος
1118 591 1289 661 παρῇ,
1352 583 1477 640 ἀλλ’
1517 584 1650 653 αύτὴ
1705 585 1866 658 ἑαυτῇ
1907 584 2044 659 πάρ.

391 708 534 741 εστιν
564 687 598 755 ἡ
631 679 1035 759 παρθένος,“καὶ
1067 679 1278 732 πάντων
1335 673 1548 748 μᾶλλον
1597 675 1792 744 ἑαυτὴν
1837 673 2047 751 ὀφείλει

394 774 685 838 αἰδεῖσθαι.
744 771 820 829 Οὐ
872 769 973 846 γὰρ
1025 765 1090 836 δὴ
1148 765 1277 828 τοὺς
1334 766 1427 838 μὲν
1488 763 1692 826 ἄλλους
1732 765 1805 824 ὡς
1862 761 2048 824 αἰδοῦς

394 865 574 937 ἀξίους
609 861 898 941 φυλάξεται
932 860 1064 932 (27),
1124 857 1328 941 ἑαυτὴν.
1377 853 1434 908 δὲ
1490 854 1563 909 ὡς
1622 854 1720 908 οὐκ
1769 852 1916 925 ἀξίαν
1973 853 2051 906 αὶ-

395 951 522 1015 δσῦς
558 939 831 1024 ἀτιμάσει.
883 945 1044 1002 ’Λλλ’
1114 946 1244 1018 ὅπερ
1304 939 1460 1022 ἔφην,
1485 947 1697 1018 πρῶτον
1733 943 1927 1010 ἑαυτὴν
1960 941 2051 995 καὶ

393 1044 496 1112 τὴν
527 1039 831 1109 συνείδησιν
891 1038 1085 1106 ἑαυτῆς
1143 1031 1543 1103 αἰδεσθήσεται,
1602 1028 1698 1086 κᾶν
1763 1030 2051 1104 μονωτάτη

402 1133 646 1206 ὑπάρχῃ,
679 1127 862 1182 ἔπειτα
889 1125 981 1180 τὸν
1049 1127 1369 1200 παρεστῶτα
1425 1119 1642 1200 φύλακα
1700 1119 1952 1196 ἄγγελον.
1987 1118 2055 1175 Οἱ

397 1220 496 1296 γὰρ
573 1214 757 1294 ἄγγεσι
831 1214 1048 1281 αὐτῶν,
1132 1212 1288 1290 φησὶ,
1365 1208 1455 1264 διὰ
1523 1210 1722 1273 παντὸς
1790 1206 2054 1284 βλέπουσι

395 1308 458 1362 τὸ
514 1307 806 1383 πρόσωπον
861 1306 960 1358 τοῦ
1019 1302 1228 1376 Πατρὸς
1273 1301 1423 1373 ὑμῶν
1649 1303 1746 1354 τοῦ
1806 1298 1858 1352 έν
1893 1297 2056 1370 οὑρα-

397 1400 535 1458 νοῖς.
598 1395 701 1452 Καὶ
760 1392 822 1448 ού
878 1389 962 1446 δεῖ
1013 1391 1313 1465 ἀνθρώπων
1373 1387 1721 1464 κρυπτομένη
1782 1383 2054 1461 ὄψιν,άγ-

397 1486 566 1563 γέλου
595 1488 692 1539 τοῦ
721 1485 822 1552 τὴν
854 1479 1170 1555 ἐπιμέλειαν
1231 1486 1332 1549 τῆς
1363 1478 1636 1552 σωτηρίας
1689 1479 1848 1550 ἡμῶν
1896 1496 2056 1530 πεπι-

399 1575 695 1648 στευμένου
747 1575 1139 1650 καταφρονεῖν·
1197 1569 1285 1625 καί
1350 1569 1587 1643 μάλιστα
1641 1570 1740 1639 τὴν
1768 1569 2053 1644 παρθένον,

399 1665 768 1743 νυμφαγωγὸν
829 1660 1010 1737 ὥσπερ
1059 1663 1159 1729 τῆς
1201 1658 1491 1733 παρθενίας
1537 1663 1730 1714 τοῦτον
1777 1657 1936 1712 αὐτὸν
1966 1654 2056 1711 καὶ

400 1753 618 1833 φύλακα
649 1749 901 1829 ἔχουσαν.
939 1751 1050 1824 Πρὸ
1084 1747 1142 1804 δὲ
1170 1751 1277 1804 τῶν
1308 1746 1560 1824 ἅγγέλων
1593 1745 1848 1811 αἰδείσθω
1897 1746 2056 1801 αὐτὸν

397 1843 488 1898 τὸν
522 1842 754 1921 νυμφίον
798 1841 890 1896 τὸν
931 1842 1246 1914 ἁπανταχοῦ
1295 1833 1558 1912 παρόντα,
1606 1836 1694 1891 καὶ
1743 1836 1834 1890 τὸν
1861 1834 2057 1890 τούτου
2093 1875 2138 1939 Β

405 1933 638 2008 Πατέρα,
711 1931 772 1985 τό
848 1951 908 1983 τε
964 1930 1117 2004 ἅγιον
1179 1930 1416 1999 Πνεῦμαε
1480 1927 1580 1980 Καὶ
1635 1924 1688 1980 τί
1746 1924 1890 2001 λέγω
1943 1925 2060 1978 καθ’

413 2015 678 2087 ἕκαστονς
736 2019 813 2072 Τὰ
851 2021 961 2072 τῶν
1013 2014 1257 2092 ἀγγέλων
1307 2013 1651 2089 ἆναρίθμητα
1705 2011 1921 2084 πλήθη,
1969 2010 2062 2067 καὶ

417 2107 553 2180 μετά
598 2106 826 2175 τούτων,
873 2105 939 2160 τὰ
985 2108 1094 2160 τῶν
1141 2102 1383 2178 πατέρων
1417 2104 1545 2177 ἅγια
1596 2102 1900 2176 πνεύματα.
1952 2100 2063 2159 Οὗ-

414 2193 523 2258 δείς
587 2196 689 2272 γάρ
740 2195 948 2250 τούτων
1011 2191 1151 2248 ἐστὶν
1219 2191 1278 2255 ὅς
1332 2192 1460 2268 οὐχὶ
1509 2196 1791 2268 πανταχοῦ
1839 2193 2066 2266 καθορᾷ,

412 2285 571 2346 αὐτὸς
607 2286 702 2358 μὶν
737 2285 993 2357 σώματος
1022 2278 1264 2356 ὄμμασιν
1299 2281 1407 2356 οὐχ
1446 2281 1751 2357 ὁρώμενος,
1791 2279 2066 2354 ἀσωμάτῳ

413 2371 471 2428 δὲ
505 2373 786 2450 βλέμματι
817 2368 1244 2448 περιλαμϐάνων
1277 2370 1352 2432 εἷς
1406 2375 1606 2444 γνῶσιν
1644 2370 1714 2424 τὰ
1760 2368 2065 2442 σύμπαντα.

435 2452 597 2519 Ωστί
625 2463 716 2518 καὶ
768 2463 905 2518 κατά
951 2465 1142 2517 τοῦτον
1190 2462 1282 2515 τὸν
1337 2459 1522 2534 λόγον,
1554 2458 1600 2515 εἱ
1632 2457 1912 2522 λανθάνειν
1946 2458 2068 2534 βού-

411 2551 561 2608 λεται
610 2551 741 2616 τοὺς
792 2549 1039 2612 πολλοὺς
1097 2551 1132 2619 ἡ
1192 2549 1479 2622 παρθένος,
1529 2547 1729 2620 πολλῷ
1759 2546 1926 2602 πλέον
1954 2547 2071 2602 τού·

408 2661 535 2703 τους
581 2641 876 2703 τοσούτους
915 2660 973 2694 τε
1021 2637 1112 2693 καὶ
1160 2637 1445 2699 τοιούτους
1477 2636 1842 2712 ὑπάρχοντας,
1875 2637 1909 2706 ἢ
1939 2635 2069 2699 τοὺς

413 2731 735 2802 ἀνθρώπους
782 2728 858 2791 ὡς
909 2727 1054 2790 εἰκὸς
1103 2723 1498 2796 αἱδεσθήσεται.
1549 2723 1647 2779 Καὶ
1695 2722 1882 2792 ἐπειδὴ
1935 2722 2069 2779 λαν-

414 2816 592 2872 θάνειν
634 2817 698 2872 τὸ
750 2814 966 2886 πλῆθος
1005 2818 1103 2884 τήν
1155 2815 1420 2889 ἁμαρτίαν
1463 2812 1776 2888 προείλετο,
1808 2810 2068 2868 ἀδύνατον

414 2902 472 2960 δὲ
498 2905 724 2969 τούτους
755 2901 913 2968 ὄντας
962 2904 1177 2974 πλῆθος
1226 2902 1531 2972 λανθάνειν,
1582 2899 1842 2958 οὐδέποτέ
1873 2903 1986 2976 (29)
2017 2924 2068 2957 τι

2155 585 2465 641 hominum
2499 587 2672 656 adsit,
2694 592 2752 642 at
2781 588 2906 659 ipse
2937 588 3294 662 sihimetipsi
3325 589 3492 643 adest
3519 586 3698 658 virgo,
3721 601 3812 641 se-

2158 692 2271 746 que
2302 677 2567 731 omnium
2603 678 2856 733 maxime
2888 679 3059 734 debet
3091 679 3358 734 revereri.
3405 678 3604 748 Neque
3652 675 3810 730 enim

2160 763 2400 832 alios,ut
2417 768 2731 821 reverentis
2749 768 3230 839 dignos,cavebit,
3248 768 3628 838 semetipsum
3653 764 3805 820 645

2160 859 2378 921 autem,
2399 861 2462 916 ut
2493 856 2818 910 reverentia
2850 857 3178 929 indignam,
3197 855 3739 922 dedecorabit.Sed,
3759 858 3826 908 ut

2161 942 2304 1009 dixi,
2337 943 2593 1015 primum
2626 946 2860 1016 quidem
2894 947 3272 1018 semetipsam
3306 951 3362 1000 et
3393 943 3821 1000 conscientiam

2167 1049 2334 1087 suam
2369 1033 2743 1099 reverebitur,
2777 1036 3007 1091 etiamsi
3038 1036 3277 1090 omnino
3310 1034 3434 1089 sola
3465 1033 3560 1103 sit,
3609 1032 3821 1087 deinde

2165 1121 2496 1177 adstantem
2544 1125 2848 1179 custodem
2879 1125 3172 1196 angelum.
3206 1123 3401 1196 Angeli
3425 1125 3571 1179 enim
3603 1137 3814 1184 eorum,

2165 1210 2377 1280 inquit,
2409 1228 2608 1283 semper
2663 1213 2849 1268 vident
2890 1216 3094 1284 faciem
3141 1215 3325 1269 Patris
3370 1213 3560 1278 vestri,
3616 1211 3712 1282 qui
3755 1212 3818 1265 in

2165 1301 2314 1355 castis
2328 1301 2604 1358 est".Nec
2621 1303 2805 1369 decet,
2829 1309 2894 1359 ut
2911 1303 3216 1358 hominum
3237 1301 3571 1373 conspectui
3593 1317 3654 1356 se
3677 1301 3820 1355 sub-

2169 1391 2410 1460 ducens,
2443 1391 2738 1463 angelum,
2772 1393 2865 1448 cui
2900 1410 3042 1448 cura
3069 1392 3279 1447 salutis
3325 1397 3534 1446 nostras
3579 1389 3822 1455 credita,

2169 1485 2521 1547 contemnat;
2545 1481 2707 1552 virgo
2741 1482 3088 1552 praesertim,
3114 1499 3240 1552 qua:
3273 1481 3430 1535 hunc
3462 1480 3680 1551 ipsum,
3705 1476 3829 1532 vel-

2169 1567 2253 1621 uti
2280 1567 2614 1637 pronubum
2646 1567 2999 1637 virginitatis
3032 1585 3150 1622 suae
3183 1573 3239 1623 et
3270 1567 3574 1622 custodem
3623 1563 3821 1618 habet.

2170 1661 2289 1712 Prae
2323 1656 2544 1729 angelis
2576 1665 2771 1714 autem
2806 1664 3137 1715 revereatur
3167 1659 3362 1728 ipsum
3397 1654 3829 1729 sponsum,qui

2169 1745 2385 1816 ubique
2408 1764 2664 1818 prasens
2687 1750 3048 1820 est,ejusque
3070 1748 3298 1803 Patrem
3321 1753 3376 1802 et
3397 1752 3671 1802 sanctum
3697 1743 3824 1815 Spi-

2171 1837 2490 1894 ritum.b‘ed
2516 1839 2653 1909 quid
2681 1855 2955 1910 percurro
2979 1835 3705 1911 singulaﬂnnumerahilia
3727 1851 3828 1890 an-

2173 1927 2434 1998 gelorum
2460 1927 3023 1999 agmina,simulque
3047 1933 3279 2000 patrum
3306 1936 3537 1982 sanctos
3554 1924 3827 1997 spiritus.

2173 2015 2383 2071 Nullus
2413 2016 2568 2071 enim
2601 2033 2800 2072 eorum
2835 2023 2942 2083 est,
2975 2017 3077 2089 qui
3109 2035 3223 2073 non
3255 2017 3473 2088 ubique
3505 2015 3827 2079 intueatur;

2177 2120 2311 2159 cum
2345 2104 2471 2176 ipse
2501 2104 2740 2176 quidem
2775 2106 3037 2177 corporis
3069 2105 3258 2162 oculis
3290 2122 3403 2160 non
3435 2101 3830 2170 videatur,sed

2177 2194 2518 2265 incorporeo
2549 2193 2716 2249 oculo
2745 2196 3184 2268 circumspiciat
3215 2195 3436 2250 omnia.
3489 2197 3678 2260 Quare
3724 2191 3833 2246 hac

2176 2283 2351 2338 etiam
2385 2282 2626 2353 ratione,
2661 2283 2708 2338 si
2741 2284 2960 2339 multos
2991 2284 3171 2339 latere
3201 2282 3325 2338 vult
3354 2283 3536 2354 virgo,
3569 2281 3698 2344 hos,
3732 2277 3835 2350 qui

2177 2377 2262 2427 tot
2293 2389 2358 2427 ac
2387 2371 2538 2427 tales
2571 2379 2729 2437 sunt,
2766 2372 2948 2429 multo
2981 2374 3169 2444 magis
3200 2389 3377 2445 quam
3430 2371 3721 2436 homines,
3770 2373 3836 2423 ut

2177 2460 2494 2516 verisimile
2526 2465 2635 2531 est,
2671 2463 3047 2518 reverebitur.
3077 2463 3143 2517 Et
3174 2479 3306 2517 cum
3355 2461 3408 2517 ei
3457 2458 3828 2532 propositum

2180 2548 2277 2616 sit,
2313 2555 2374 2604 ut
2404 2555 2705 2621 peccatum
2738 2549 3178 2605 multitudinem
3212 2551 3672 2619 lateat,cumque
3704 2544 3832 2601 ﬁeri

2178 2654 2294 2693 non
2329 2638 2533 2708 possit,
2562 2643 2620 2693 ut
2647 2639 2817 2705 istos,
2843 2655 3092 2711 quorum
3128 2655 3344 2710 magna
3371 2637 3687 2693 multitudo
3718 2639 3829 2700 est,

2176 2725 2377 2797 lateat,
2412 2726 2559 2782 nihil
2594 2744 2856 2799 unquam
2890 2728 3215 2784 committet
3245 2730 3398 2801 quod
3445 2743 3558 2782 non
3609 2728 3835 2780 deceat.

2176 2814 2343 2870 Talia
2385 2815 2570 2887 igitur
2599 2816 2655 2871 in
2690 2818 2966 2890 presenti
2997 2819 3114 2874 vita
3144 2821 3298 2873 circa
3329 2817 3710 2889 semetipsam
3736 2828 3838 2868 co-

2178 2905 2392 2975 gitans,
2427 2905 2708 2976 undique,
2742 2907 2968 2977 opinor,
3002 2907 3379 2978 semetipsam
3414 2903 3796 2961 communiat.

415 3001 525 3050 τῶν
562 2997 638 3068 μὴ
671 2990 1084 3050 ἐπιϐαλλόντων
1116 2995 1358 3064 ποιήσει.
1390 2996 1627 3048 Τοιαῦτα
1661 2993 1755 3066 μὶν
1789 2990 1880 3047 οὗν
1916 2992 1966 3047 ἐν
1998 2997 2078 3065 τῷ
2108 2991 2337 3068 παρόντι
2371 2993 2474 3068 βίῳ
2497 2993 2621 3068 περὶ
2663 2993 2856 3062 ἑαυτὴν
2905 2993 3180 3064 ἐννοοῦσα,
3237 2993 3598 3068 πανταχόθετ,
3653 2992 3832 3064 οἶμαι,

419 3085 614 3154 ἑαυτὴν
643 3083 1016 3163 ἀσφαλίσεται.

485 3176 576 3230 30.
627 3171 1056 3246 Μνημονεύουσα
1105 3169 1184 3239 δὲ,
1233 3169 1314 3225 ὅτι
1367 3169 1448 3225 δεῖ
1493 3171 1642 3244 ἡμᾶς
1691 3169 2063 3247 φανερωθῆναι

2253 3173 2414 3230 30.Si
2450 3178 2644 3229 autem
2677 3174 3013 3230 meminerit
3039 3192 3145 3231 nos
3173 3173 3535 3230 manifestari
3566 3175 3832 3245 oportere

415 3259 721 3336 ἔμπροσθεν
752 3265 849 3316 τοῦ
905 3261 1156 3336 βήματος
1196 3263 1294 3314 τοῦ
1337 3262 1592 3334 Χριστοῦ,
1642 3257 1709 3312 ού
1739 3258 1933 3333 πρᾶξαι
1974 3258 2070 3332 μό-

413 3371 498 3405 νον
530 3372 582 3405 τι
613 3353 721 3405 τῶν
753 3349 1020 3426 αἰσχρῶν,
1053 3346 1202 3403 άλλά
1228 3348 1316 3402 καὶ
1368 3347 1616 3417 ἐννοῆσαι
1675 3342 2066 3426 φοϐηθήσεται.

413 3440 663 3514 Καθάπερ
711 3441 812 3514 γάρ
861 3459 943 3500 τις
997 3435 1302 3516 ζωγράφος,
1354 3439 1514 3509 ἡμῶν
1561 3435 1589 3491 ὀ
1619 3441 1767 3504 νοῦς,
1802 3435 1980 3510 ὥσπερ
2014 3435 2066 3491 ἐν

412 3529 625 3598 πίνακι,
657 3529 726 3601 τῇ
771 3529 926 3601 ψυχῇ
975 3527 1073 3588 τὰς
1123 3524 1327 3588 ἐννοίας
1379 3525 1452 3587 ὡς
1509 3522 1654 3579 θέλει
1702 3530 1928 3601 μορφοῖ·
1977 3525 2070 3579 καὶ

415 3616 608 3695 ἄφετος
639 3616 744 3688 μὶν
766 3615 857 3670 καὶ
889 3614 1175 3689 ἐλεύθερος
1207 3612 1294 3669 διὰ
1322 3614 1385 3669 τὸ
1434 3613 1771 3686 αὐτεξούσιον
1807 3616 1920 3687 (30)
1969 3612 2070 3682 ὣν,

415 3701 660 3777 οὐδαμοῦ
694 3701 772 3772 δὲ,
831 3701 920 3758 διὰ
961 3704 1023 3758 τὸ
1065 3703 1378 3775 ἀσώματον,
1411 3703 1546 3777 πρὸς
1574 3703 1674 3770 τήν
1715 3710 1816 3772 τῆς
1859 3704 2071 3781 γραφῆς

417 3789 736 3868 φιλοτιμίαν
793 3792 1330 3866 στενοχωρούμενος,
1382 3787 1508 3845 ἀλλ’
1556 3790 1687 3861 ὅσην
1731 3791 1876 3855 θέλει
1923 3791 2072 3868 εὐρυ-

417 3879 629 3956 χωρίαν
680 3878 852 3934 τόπου
909 3880 1192 3955 εὑρίσκων,
1251 3879 1530 3956 ἐγγράφει,
1585 3880 1752 3958 φημὶ,
1809 3885 1928 3943 ταῖς
1987 3879 2071 3936 ἐν·

417 3967 587 4032 νοίαις
645 3965 679 4022 ἅ
735 3967 1011 4043 βούλεται.
1045 3968 1178 4025 Εἶτα
1209 3966 1389 4042 ὥσπερ
1419 3969 1446 4022 ὁ
1479 3970 1760 4045 ζωγράφος
1787 3969 1838 4024 έν
1891 3991 2072 4046 παραυ

417 4051 600 4130 ϐύστῳ
625 4079 733 4113 που
784 4057 874 4112 τὸν
924 4056 1125 4112 πίνακα
1170 4054 1432 4128 ποικίλης
1478 4056 1720 4130 ἱστορίας
1751 4056 2068 4134 πληρώσας,

417 4147 626 4222 ἁθρόως
675 4151 868 4203 τοῦτον
917 4146 994 4211 εἰς
1043 4149 1205 4220 μέσον
1245 4145 1525 4226 προφέρει,
1583 4147 1674 4202 καὶ
1735 4147 2071 4222 ἀφελόμενος

415 4237 484 4291 τὰ
541 4233 732 4307 ἔξωθεν
791 4234 1237 4313 προκαλύμματα
1293 4235 1370 4300 εἰς
1429 4236 1550 4292 θέαν
1585 4235 1637 4291 έν
1699 4237 1849 4310 μέσῳ
1877 4235 2068 4294 τοῦτον

414 4329 533 4387 τοῖς
591 4322 830 4388 πολλοῖς
870 4325 1207 4396 ἀνατίθησιν,
1261 4325 1441 4381 οὐκέτι
1503 4325 1598 4400 μὲν
1644 4326 1912 4402 ἑρμηνεὺς
1960 4331 2068 4382 τῶν

413 4412 722 4492 γραφέντων
751 4415 1063 4490 γινόμενος,
1123 4417 1252 4469 πᾶσι
1313 4412 1369 4470 δὲ
1423 4421 1542 4478 τοῖς
1593 4417 1806 4480 θεαταῖς
1851 4417 1941 4471 καὶ
1996 4416 2072 4478 εἰς

413 4503 506 4558 τὸν
535 4499 720 4559 ἔπειτα
749 4503 948 4579 χρόνον
973 4505 1072 4574 τὴν
1105 4505 1319 4583 γραφὴν
1365 4504 1440 4567 ὡς
1485 4501 1602 4582 ἔχει
1647 4504 2072 4578 καταμανθάνειν

415 4591 586 4670 ἐφείςο
617 4592 760 4650 οὕτω
789 4594 880 4648 καὶ
914 4595 941 4648 ὁ
967 4598 1114 4664 νοῦς,
1151 4594 1286 4666 μετὰ
1315 4596 1425 4668 (31)
1454 4596 1552 4665 τὴν
1591 4591 1776 4666 ἔξοδον
1824 4599 1920 4650 τοῦ
1949 4595 2072 4670 βίου

420 4681 600 4758 ὥσπερ
630 4704 682 4738 τι
729 4681 1108 4760 προκάλυμμα
1153 4687 1249 4738 τοῦ
1292 4685 1428 4740 κατὰ
1474 4685 1659 4760 ψυχὴν
1716 4685 1964 4755 πίνακος,
2011 4686 2068 4741 ὅν

419 4773 546 4846 παρ’
573 4770 704 4828 ὅλον
734 4773 825 4828 τὸν
882 4772 1000 4850 βίον
1045 4777 1164 4838 ταῖς
1213 4772 1438 4838 έννοίαις
1477 4773 1952 4853 κατεζωγράφησε,
2009 4776 2074 4832 τὸ

421 4863 582 4935 σῶμα
613 4860 942 4938 ἀφαιρεθεὶς,
969 4862 1038 4917 τὰ
1067 4861 1120 4919 ἐν
1151 4861 1487 4940 ἀπορρήτοις
1512 4863 1783 4943 γραφέντα
1831 4861 1910 4927 εἷς
1957 4867 2072 4943 φῶς

489 5031 534 5068 ’τ
563 5031 774 5089 Matth.
805 5049 969 5105 xvm,
998 5033 1086 5091 10.

489 5184 602 5266 (27)
625 5182 959 5266 -Φυλάξπω,
993 5187 1188 5244 Editio
1219 5187 1426 5260 Parim,
1459 5183 1815 5266 φυλασσεται.
1862 5190 2071 5248 Melius

418 5258 640 5333 Veneta
667 5258 955 5333 etplures
985 5276 1129 5316 mss.
1164 5258 1533 5333 quosisecu'ti
1565 5279 1794 5319 sumus.

489 5329 824 5406 (28)_'I‘p_&iv.
859 5332 920 5386 In
952 5349 1069 5406 uno
1099 5329 1416 5404 ex'Regiis,
1450 5331 1633 5406 ᾑμῶν.
1669 5335 1874 5406 Ιῃίοιιιι
1924 5337 2066 5395 duo-

415 5415 548 5482 rum
577 5400 918 5482 'Reginoruin
950 5404 1168 5482 legitur
1195 5400 1621 5482 instar'scbolii
1661 5405 1824 5482 εξφτι
1861 5405 2068 5482 ἑκάστῳ

416 5468 955 5552 άνθρώπιρᾶγγελος
984 5468 1170 5552 ἕπεται
1210 5476 1316 5529 ἀπό
1365 5477 1648 5552 γενέσεως.
1699 5468 2066 5552 υηανηᾳιιωηλ

415 5545 822 5624 ᾳιιᾳᾼζιοηι-ἰῃςῂι
851 5551 1077 5624 angelus
1103 5552 1357 5620 sequitur
1378 5545 1455 5624 'ab_
1480 5553 1659 5624 ipsius
1687 5555 1833 5624 ortu.

489 5615 605 5688 (29)
646 5613 946 5693 Ούδέποτεῖ
993 5621 1085 5678 Sic
1131 5613 1278 5693 mss.
1334 5613 1530 5679 multi.
1561 5622 1736 5688 Editi,
1769 5618 2063 5693 οόδήποτε.

418 5684 618 5747 Ιηότε
639 5689 822 5750 trium
851 5692 1121 5752 codicum
1148 5692 1365 5767 legitur
1389 5694 1539 5754 illud
1573 5713 1587 5754 :
1615 5684 1734 5753 Ὀτι
1892 5684 2067 5768 ’μόνον

2179 3279 2376 3318 coram
2407 3262 2686 3319 tribunali
2715 3264 3072 3333 Christi,non
3106 3266 3278 3321 modo
3309 3269 3479 3335 turpe
3508 3263 3831 3333 quidquam

2180 3353 2497 3418 facere,sed
2530 3352 2616 3407 vel
2649 3353 2906 3423 cogitare
2936 3353 3399 3410 verebitur.Nam
3430 3353 3619 3407 instar
3645 3353 3830 3423 picto-

2182 3441 2264 3496 ris
2315 3458 2485 3496 mens
2519 3450 2739 3510 nostra,
2771 3441 2932 3498 velut
2976 3442 3034 3497 in
3067 3442 3291 3510 tabula,
3339 3442 3726 3515 cogitationes
3759 3439 3837 3516 in

2181 3531 2377 3586 anima
2406 3532 2476 3585 ad
2513 3531 2824 3587 arbitrium
2857 3549 3033 3588 suum
3065 3532 3625 3603 informat,cumque
3647 3529 3840 3586 soluta

2181 3617 2259 3673 sit
2283 3626 2340 3674 et
2373 3619 2556 3674 libera
2585 3620 2659 3674 ob
2689 3621 2942 3676 liberum
2974 3621 3305 3690 arbitrium,
3340 3638 3446 3676 nec
3478 3636 3731 3692 usquam
3762 3618 3834 3674 ob

2183 3709 2585 3779 incorpoream
2604 3714 2874 3764 naturam
2895 3712 3164 3776 suam,ad
3194 3710 3434 3783 picturae
3461 3707 3842 3782 magniﬁcen-

2181 3797 2323 3851 tiam
2358 3795 2662 3868 angustias
2703 3798 2982 3868 patiatur,
3030 3800 3131 3855 sed
3179 3805 3462 3871 quantam
3515 3799 3677 3869 cupit
3724 3796 3835 3852 loci

2181 3885 2483 3942 laxitatem
2533 3886 2814 3952 inveniat,
2842 3888 3130 3959 depingit,
3163 3888 3432 3960 inquam,
3463 3885 3836 3958 cogitationi-

2180 3976 2292 4030 bus
2310 3992 2676 4048 quaecunque
2694 3976 3082 4033 libet.Deinde
3105 3979 3605 4049 quemadmodum
3631 3976 3835 4046 pictor,

2182 4071 2491 4136 postquam
2524 4070 2746 4120 secreto
2775 4065 2834 4120 in
2868 4083 3097 4123 recessu
3129 4068 3390 4122 tabulam
3413 4067 3573 4123 varia
3595 4065 3842 4121 historia

2181 4154 2516 4224 complevit,
2549 4155 2743 4210 subito
2775 4154 2936 4212 illam
2968 4157 3025 4210 in
3061 4157 3320 4212 medium
3355 4157 3666 4228 profert,ac
3698 4155 3842 4209 sub-

2181 4241 2315 4297 latis
2347 4244 2733 4300 exterioribus
2762 4244 3184 4316 integumentis
3215 4245 3596 4317 spectandam
3629 4245 3689 4298 in
3723 4259 3841 4298 me-

2180 4330 2277 4386 dio
2311 4331 2672 4388 multitudini
2707 4335 3000 4406 pr0ponit,
3034 4335 3278 4405 necjam
3311 4343 3400 4390 est
3451 4350 3652 4389 eorum
3705 4348 3834 4404 quae

2185 4421 2374 4492 pinxit
2432 4423 2742 4494 interpres,
2775 4426 2871 4478 sed
2907 4425 3183 4480 omnibus
3205 4424 3631 4496 spectatoribus
3657 4424 3833 4480 etiam

2181 4511 2241 4564 in
2274 4511 2539 4566 futurum
2569 4517 2806 4584 tempus
2838 4512 3298 4585 picturaa,qualis
3328 4512 3833 4585 sit,existimanda

2181 4603 2529 4672 potestatem
2555 4601 2853 4672 relinquit;
2882 4603 2963 4658 ita
2983 4608 3040 4658 et
3063 4619 3230 4659 mens
3253 4608 3385 4676 post
3402 4603 3623 4660 exitum
3643 4619 3674 4659 e
3691 4603 3834 4669 vita,

2182 4689 2283 4745 ubi
2311 4689 2488 4746 veluti
2520 4691 2816 4762 quoddam
2850 4691 3222 4748 involucrum
3253 4692 3487 4761 tabulis,
3533 4708 3664 4764 quae
3711 4690 3837 4746 ani-

2185 4795 2344 4834 mam
2376 4779 2541 4852 tegit,
2574 4796 2874 4854 quamque
2905 4798 3006 4853 per
3033 4786 3221 4839 totam
3254 4782 3430 4838 vitam
3463 4779 3837 4854 cogitationi-

2185 4868 2297 4924 bus
2328 4867 2634 4942 pinxit,ita
2662 4887 2878 4944 corpus
2909 4871 3172 4929 ablatum
3205 4872 3412 4929 fuerit:
3443 4877 3586 4929 tunc
3616 4885 3744 4942 quas
3779 4869 3839 4924 in

2182 5187 2413 5272 ἄγγελοι
2467 5197 2536 5249 τά
2580 5194 2702 5272 καθ’
2750 5198 2900 5272 ἡμᾶς
2952 5193 3239 5272 βλέπουσι,
3287 5190 3435 5252 ἀλλὰ
3473 5194 3583 5272 καὶ,
3614 5197 3832 5253 πάντων

2182 5218 2413 5268 αγγεΛοι
2467 5218 2536 5249 τα
2580 5218 2681 5250 καυ
2750 5218 2784 5266 η
2838 5218 2900 5260 ας
2952 5218 3239 5272 ρΛεπουσι,
3287 5218 3435 5252 αΛΛα
3473 5218 3567 5252 και
3614 5218 3832 5253 παντων

2178 5270 2286 5350 των
2323 5265 2488 5341 ἁγίων
2526 5265 2598 5350 ναί
2628 5218 2836 5342 ψυχαί-ξ.
2868 5286 2984 5350 ἠοη
3013 5271 3186 5325 solum
3228 5272 3450 5350 angeli,
3491 5271 3586 5326 sed
3635 5273 3845 5330 animae

2179 5343 2347 5395 etiam
2376 5349 2697 5396 sanctorum
2723 5344 2974 5397 omnium
3003 5359 3089 5397 res
3119 5347 3331 5398 nostras
3363 5343 3567 5399 rident.

2250 5410 2362 5503 (30)
2417 5409 2514 5503 dicit
2553 5409 2616 5464 τὸ
2647 5411 3129 5503 αὐτεξούσιονκῐῑθ.
3163 5432 3303 5503 mss.
3325 5414 3621 5503 ,qujnque.
3655 5414 3829 5503 Edit‘i,

2176 5481 2265 5534 καὶ
2297 5480 2666 5554 αὑτεξούσιςος
2721 5480 2882 5540 Unus
2924 5487 3126 5556 codex,
3175 5485 3251 5547 ὡς
3281 5480 3610 5556 αὐτεξοσὶος.
3655 5480 3833 5542 Paulo

2177 5560 2496 5640 postunus
2516 5557 2840 5640 ,ex_R‘egiis,
2873 5556 2996 5640 ὅσον
3011 5554 3198 5640 θέλει.

2247 5626 2360 5703 (3-1)
2391 5624 2742 5703 ΜετάηΕᾶὶίί
2776 5629 3162 5702 praemittunt,
3193 5647 3304 5698 και,
3338 5645 3466 5703 quas
3498 5628 3833 5700 conjunctio

2123 5700 2390 5757 "melius
2421 5699 2586 5757 abest
2615 5716 2649 5757 ιι
2677 5699 2930 5774 quatuor
2953 5713 3106 5760 mss.
