4124 6398
315 337 429 396 ’131

1259 333 1658 396 APPENDIX
1701 334 2027 397 OPERUM
2072 337 2141 399 8.
2185 337 2468 401 BASILlI
2511 337 2786 400 MAGNI.

3621 336 3746 397 ’132

315 483 530 522 arcano
563 465 714 539 picta
744 465 997 535 fuerant,
1030 466 1304 522 omnibus
1347 466 1405 520 in
1448 466 1639 523 lucem
1689 469 1909 540 profert
1959 486 1972 524 :

2095 473 2208 531 τοῖς
2263 474 2394 524 πᾶσι
2449 467 2701 524 δεικνύει·
2763 465 2852 522 καὶ
2909 463 3051 522 ἵστιν
3105 463 3236 522 ἰδεῖν
3268 466 3362 521 τὸν
3403 466 3610 520 πίνακα
3638 472 3747 535 τῆς

314 574 381 612 ac
412 557 606 612 videre
636 560 727 610 est
757 557 1016 610 tabulam
1039 556 1433 621 animae,varia
1459 558 1697 628 quidem
1724 557 1970 614 historia

316 645 914 718 repletam,omnibus
946 652 1142 700 autem
1175 647 1244 699 ad
1279 647 1665 717 spectandum
1701 648 1970 719 proposi-

314 740 457 791 tam.
493 735 550 789 Si
582 751 718 807 ergo
751 735 955 788 divina:
989 738 1258 805 quaedam
1290 752 1357 789 ex
1389 739 1572 791 sacris
1623 737 1971 792 lectionibus

316 831 373 880 et
393 825 589 896 probis
609 824 1064 895 cogitationibus
1088 824 1342 879 historias
1369 824 1677 880 videantur
1705 827 1968 897 depictas,

316 914 491 969 laude
522 914 680 969 omni
713 914 891 984 digna
913 913 1221 983 judicatur
1251 919 1308 969 et
1339 931 1508 970 mens
1538 933 1666 986 quae
1699 915 1973 987 pinxit,et

316 1020 444 1074 quae
478 1003 626 1057 hanc
659 1002 875 1072 recepit
908 1003 1192 1073 picturam
1227 1003 1434 1094 animqe
1461 1005 1665 1059 tabula
1697 1022 1709 1060 :
1744 1004 1837 1059 his
1869 1003 1971 1075 qui

313 1091 606 1163 picturam
638 1091 858 1159 vident,
885 1091 1149 1146 recedere
1181 1092 1252 1147 ab
1286 1091 1412 1146 boc’
1441 1093 1771 1164 spectaculo
1817 1093 1970 1148 646

313 1180 650 1236 nolentibus
683 1197 748 1236 eo
781 1181 932 1252 quod
970 1186 1236 1252 spectatu
1269 1181 1514 1254 dignum
1548 1183 1656 1248 sit;
1694 1183 1972 1237 omnibus

313 1275 507 1325 autem
542 1269 914 1338 singularum
947 1286 1138 1324 rerum
1174 1271 1540 1342 depictarum
1576 1271 1969 1342 pulchritudi-

315 1376 449 1415 nem
481 1364 539 1414 et
569 1359 809 1430 ﬁguras,
842 1364 968 1413 tum
1000 1361 1175 1414 etiam
1207 1360 1463 1416 divinam
1498 1363 1744 1416 formam
1777 1360 1970 1417 admi-

313 1448 605 1515 rantibus,
639 1453 696 1502 et
727 1448 990 1502 divinum
1025 1447 1190 1502 illum
1226 1449 1504 1520 pictorem
1549 1450 1782 1504 beatum
1809 1449 1971 1520 judi-

315 1538 780 1608 cantibus,quod
815 1535 994 1590 vitam
1029 1536 1086 1589 in
1121 1553 1295 1591 carne
1323 1539 1596 1608 praeclare
1628 1539 1971 1602 traduxerit,

315 1627 427 1682 sub
461 1626 570 1681 hoc
595 1626 856 1696 corporis
888 1625 1105 1680 amictu
1142 1631 1308 1681 nocte
1329 1632 1384 1681 et
1405 1626 1496 1681 die
1522 1626 1668 1682 tales
1690 1627 1971 1698 picturas,

316 1720 526 1788 praeter
549 1732 783 1770 omnem
819 1715 1218 1786 spectantium
1252 1733 1442 1787 spem,
1491 1715 1742 1788 eleganti
1792 1732 1972 1770 manu

316 1805 527 1862 anima
559 1803 772 1859 tabula
803 1804 1344 1876 imprimens.0uod
1369 1805 1418 1861 si
1441 1810 1641 1877 turpes
1668 1811 1724 1861 et
1746 1805 1972 1860 indeco-

272 1962 276 1966 η
315 1913 393 1950 τω
426 1898 748 1966 appareant
780 1893 1042 1964 pictum,
1075 1894 1386 1965 opprobrio
1413 1899 1470 1949 et
1501 1895 1617 1950 risu
1649 1895 1863 1967 dignus
1895 1894 1976 1965 pi-

317 1990 446 2040 ctor
475 1983 751 2038 omnibus
778 1983 1076 2037 videbitur
1110 1999 1122 2038 :
1157 1982 1372 2054 quippe
1405 1982 1503 2053 qui
1535 1983 1680 2039 alias
1733 1984 1980 2039 fortasse

318 2079 798 2146 spes,antequam
823 2071 1148 2127 nudaretur
1169 2072 1369 2127 tabula
1389 2071 1550 2128 illius
1574 2072 1980 2142 animaa,mon-

318 2162 611 2230 straverit,
637 2161 931 2217 contraria
955 2166 1152 2216 autem
1176 2161 1291 2223 bis.
1316 2179 1443 2233 quae
1467 2162 1977 2233 exspectabantur,

321 2251 520 2308 omnia
537 2255 666 2323 post
684 2255 970 2306 remotum
989 2251 1250 2321 corporis
1270 2252 1465 2323 integu
1480 2257 1744 2307 mentum
1763 2259 1981 2322 specta-

317 2342 549 2397 toribus
570 2340 857 2395 ostendat.
878 2339 1126 2395 Ubinam
1155 2356 1291 2410 ergo
1313 2339 1421 2395 iste
1445 2340 1854 2411 abscondetur,
1881 2340 1981 2411 qui

320 2448 391 2487 ex
423 2430 698 2485 instituta
730 2446 864 2484 cum
898 2429 1078 2484 altero
1111 2431 1553 2500 comparatione
1583 2429 1654 2485 ab
1705 2430 1982 2485 omnibus

317 2520 681 2591 judicandus
730 2517 860 2574 est?
902 2520 1052 2574 Inter
1078 2535 1136 2573 se
1167 2519 1404 2574 invicem
1431 2519 1862 2590 cognationibus
1887 2535 1981 2574 ac-

322 2608 646 2666 cusantibus
679 2621 775 2662 aut
804 2609 981 2663 aliam
1009 2607 1428 2677 defendentibus
1448 2608 1764 2665 ".Ubinam
1784 2614 1981 2663 autem

322 2697 530 2754 tabula
560 2696 660 2751 illa
692 2698 899 2752 animae
921 2699 1402 2770 deponetur,quaa
1425 2697 1820 2769 spectantium
1842 2715 1983 2754 ocu-

323 2788 414 2844 los
445 2786 719 2858 turpibus
749 2787 1014 2842 historiis
1044 2804 1110 2842 ac
1142 2787 1300 2841 omni
1336 2787 1594 2842 absurda
1626 2791 1820 2858 specie
1870 2789 1984 2843 im-

327 2876 1054 2949 plevit?0uemadmodum
1088 2876 1244 2930 enim
1280 2876 1379 2948 qui
1412 2877 1466 2929 in
1502 2893 1741 2948 corpore
1766 2876 1986 2932 habent

325 2982 542 3030 naevos,
565 2970 880 3036 antequam
916 2966 1408 3032 nudentur,veste
1438 2965 1572 3022 illos
1604 2966 1898 3022 occultant
1929 2971 1986 3022 et

330 3055 652 3110 multorum
683 3054 870 3111 oculis
903 3054 1265 3122 subducunt,
1297 3072 1363 3110 ac
1395 3073 1548 3126 saepe
1580 3055 1984 3127 splendidissi-

325 3161 424 3200 ma
453 3149 610 3200 veste
641 3144 1042 3212 ornati,etiam
1076 3143 1303 3216 pulchri
1337 3145 1497 3201 intus
1523 3162 1652 3201 esse
1682 3163 1751 3201 ex
1772 3152 1978 3202 ornatu

2079 559 2264 633 ψυχῆς
2296 559 2557 625 ποικίλης
2588 559 2680 631 μὲν
2727 557 2970 630 ἱστορίας
2998 554 3459 629 πεπληρωμένον,
3491 562 3624 610 πᾶσι
3686 552 3746 610 δὲ

2080 646 2156 708 είς
2216 649 2335 711 θέαν
2397 647 2733 723 ἐγκείμενον.
2803 647 2926 703 Ἐὰν
2987 646 3082 718 μὶν
3142 643 3237 700 οὖν
3297 644 3433 700 θεῖαί
3486 665 3632 708 τινες
3684 643 3741 715 ἐξ

2081 737 2518 810 ἀναγνωσμάτων
2554 739 2710 811 ἱερῶν
2745 737 2830 790 καὶ
2875 735 3088 790 ἐννοιῶν
3122 734 3427 812 φιλαρέτων
3479 735 3535 789 αἱ
3584 735 3735 788 ἱστο-

2081 826 2193 898 ρίαι
2236 827 2472 903 ὀφθῶσιν
2525 824 2983 902 ἐγγεγραμμέναι,
3042 825 3239 888 παντὸς
3280 822 3499 878 ἐπαίνου
3545 825 3574 878 6
3629 829 3738 892 ζω-

2079 918 2365 992 γραφήσας
2411 921 2532 978 νοῦς
2583 917 2672 970 καὶ
2714 917 2741 969 ὁ
2773 914 2972 985 ταύτην
3025 911 3314 988 δεξάμενος
3359 914 3461 982 τὴν
3518 913 3740 988 γραφὴν

2079 1006 2182 1068 τῆς
2209 1007 2395 1080 ψυχῆς
2428 1005 2581 1078 πίναξ
2614 1002 2762 1075 ἄξιος
2800 1004 3058 1080 κρίνεται’
3111 1001 3225 1058 οὐδ’
3279 1002 3600 1081 ἀφίστασθαι
3639 1004 3742 1066 τῆς

2084 1093 2205 1154 θέας
2253 1098 2361 1148 τῶν
2394 1094 2757 1168 ἱστορούντων
2783 1094 2882 1161 τήν
2915 1095 3129 1170 γραφὴν
3184 1090 3272 1146 διὰ
3316 1093 3380 1146 τὸ
3430 1090 3745 1163 ἀξιοθέατον

2085 1179 2402 1237 ἐθελόντων·
2456 1184 2705 1238 ἁπάντων
2758 1181 2816 1237 δὲ
2863 1183 2924 1236 τὸ
2965 1183 3082 1246 καθ’
3113 1179 3472 1236 ἕκαστοντῶν
3503 1178 3743 1255 γραφέν-

2080 1292 2187 1325 των
2221 1269 2428 1334 κάλλος
2458 1293 2518 1327 τε
2545 1273 2632 1326 καὶ
2665 1271 2792 1334 τοὺς
2816 1270 3038 1339 τύπους,
3069 1269 3214 1326 ἀλλὰ
3240 1269 3329 1324 καὶ
3376 1270 3476 1338 τὴν
3529 1267 3746 1339 θεοειδῆ

2081 1365 2188 1415 τῶν
2240 1360 2619 1439 ἐγγραφέντων
2675 1362 2890 1440 μορφὴν
2944 1360 3355 1432 θαυμαζόντων,
3415 1359 3505 1413 καὶ
3565 1379 3735 1431 μακα-

2085 1451 2342 1524 ριζόντων
2375 1452 2467 1505 τὸν
2497 1453 2638 1506 θεῖον
2703 1451 2990 1527 ζωγράφον
3036 1449 3258 1518 ἐκεῖνον,
3309 1447 3390 1502 ὅτι
3436 1447 3620 1509 καλῶς
3656 1451 3733 1519 τῷ

2082 1538 2134 1594 ἐν
2169 1540 2322 1615 σαρκὶ
2355 1541 2457 1614 βίῳ
2509 1539 2808 1616 έχρήσατο,
2869 1541 2972 1594 ὑπὸ
3021 1538 3201 1611 τούτῳ
3245 1543 3324 1610 τῷ
3353 1542 3454 1592 τοῦ
3487 1537 3735 1610 σώματος

2081 1623 2422 1702 περιϐολαίῳ
2497 1630 2687 1692 νυκτὸς
2763 1628 2855 1685 καί
2936 1629 3149 1703 ἡμέρας
3215 1626 3471 1688 τοιαύτας
3530 1626 3734 1701 γραφὰς

2082 1718 2228 1792 παρὰ
2283 1725 2454 1772 πᾶσαν
2511 1720 2619 1774 τῶν
2675 1712 2879 1774 ’θεατῶν
2935 1715 3130 1772 ἱλπίδα
3157 1715 3449 1795 φιλοκάλῳ
3485 1715 3632 1792 χειρὶ
3661 1719 3738 1786 τῷ

2084 1815 2184 1877 τῆς
2216 1810 2398 1882 ψυχῆς
2427 1806 2613 1862 πίνακι
2648 1807 2975 1884 έγχαράξας.
3008 1809 3129 1862 Ἐὰν
3165 1804 3223 1861 δὶ
3279 1805 3503 1882 αῗσχραί
3547 1826 3606 1860 τε
3650 1803 3742 1858 καὶ

2089 1898 2350 1972 ἀπρεπεῖς
2393 1896 2731 1974 ἀναφανῶσιν
2795 1897 2851 1952 αἱ
2908 1897 3135 1974 γραφαὶ,
3191 1894 3462 1971 αἰσχύνης
3516 1893 3606 1949 καὶ
3657 1894 3742 1969 γέ-

2090 1984 2270 2048 λωτος
2303 1987 2330 2041 ὁ
2361 1985 2647 2063 ξωγράιρος
2700 1984 2844 2057 ἄξιος
2899 1991 3015 2048 τοῖς
3071 1990 3232 2040 πᾶσιν
3284 1985 3598 2063 ὀφθήσεται’
3651 1979 3743 2039 ἅλ-

2093 2073 2191 2137 λας
2229 2075 2322 2148 μὲν
2386 2072 2517 2139 ἴσως
2570 2073 2795 2137 ἐλπίδας
2852 2075 2981 2150 πρὶν
3039 2080 3375 2152 γυμνοῦσθαι
3405 2075 3495 2129 τὸν
3545 2073 3740 2128 πίνακα

2089 2171 2188 2234 τῆς
2241 2168 2428 2240 ψυχῆς
2477 2164 2642 2220 αὐτοῦ
2694 2165 2997 2242 ὑποφήνας,
3059 2163 3271 2219 ἐναντία
3318 2161 3376 2218 δὲ
3431 2168 3538 2218 τῶν
3583 2161 3739 2218 ἐλπι-

2093 2253 2348 2323 σθέντων,
2414 2253 2548 2326 μετὰ
2603 2255 2666 2308 τὸ
2720 2255 3076 2330 ἀφαιρεθῆναι
3107 2255 3292 2310 τὸτοῦ
3341 2252 3594 2326 σώματος
3646 2251 3745 2306 κά-

2094 2342 2308 2416 λυμμα,
2371 2345 2576 2398 ἅπαντα
2606 2342 2658 2398 έν
2687 2343 2866 2416 τούτῳ
2894 2348 3012 2408 τοῖς
3043 2348 3255 2408 θεαταῖς
3303 2340 3589 2414 ἐπιδείξας.
3638 2343 3746 2396 Ποῦ

2093 2431 2189 2487 οὖν
2224 2432 2326 2508 ἄρα
2373 2431 2531 2494 οὗτος
2584 2430 2939 2488 καταδύσεται
2985 2433 3044 2487 ἐκ
3087 2431 3417 2508 συγκρίσεως
3467 2431 3604 2506 πρὸς
3655 2428 3745 2485 τὸν

2091 2519 2272 2597 ἓτερον
2322 2522 2468 2597 παρᾶ
2523 2523 2738 2577 πάννων
2796 2523 3158 2598 κρινόμενοςς
3217 2523 3428 2593 Μεταξυ
3482 2518 3746 2590 ἀλλήλων

2091 2617 2201 2667 τῶτ
2282 2610 2564 2686 λογισμῶν
2622 2611 3074 2688 κατηγορούντων
3153 2613 3189 2680 ἢ
3265 2610 3353 2665 καὶ
3437 2607 3744 2685 ὁμολογου-

2097 2702 2296 2774 μένων.
2341 2705 2451 2756 1ιοῦ
2480 2698 2538 2756 δὲ
2569 2703 2597 2757 ὁ
2627 2703 2786 2773 πίναξ
2817 2702 3022 2763 ἐκεῖνος
3077 2698 3181 2775 ἄρα
3208 2707 3308 2769 τῆς
3365 2703 3550 2774 ψυχῆς
3605 2699 3742 2753 ἀπο-

2090 2793 2373 2862 τεθήσεται
2425 2791 2454 2844 6
2525 2790 2654 2854 τοὺς
2715 2789 3030 2868 ὀφθαλμοὺς
3087 2794 3194 2842 τῶν
3248 2791 3448 2842 θεατῶν
3501 2787 3741 2861 αἰσχρῶν

2094 2881 2346 2954 ἱστοριῶν
2412 2881 2500 2934 καὶ
2573 2881 2752 2946 πάσης
2825 2875 3132 2932 ἀλλοκότου
3193 2873 3335 2939 ἰδέας
3381 2875 3735 2944 ἀναπλήσαςς

2093 2972 2180 3031 Ὧς
2221 2970 2322 3046 γὰρ
2380 2969 2432 3024 οἱ
2487 2969 2614 3032 τοὺς
2681 2967 2732 3023 έν
2788 2966 2998 3039 σώματι
3055 2961 3273 3040 ἔχοντες
3331 2964 3580 3037 μώμους,
3611 2962 3737 3036 πρὶν

2091 3060 2462 3135 γυμνωθῆναι,
2520 3061 2588 3131 τῇ
2646 3056 2830 3122 ἐσθῆτι
2883 3055 3292 3130 κεκρυμμένους
3347 3053 3436 3107 καὶ
3497 3047 3739 3121 ἀδήλους

2092 3148 2210 3210 τοὶς
2239 3146 2477 3211 πολλοῖς
2525 3143 2719 3222 ἔχουσι
2769 3143 3016 3204 τούτους·
3049 3139 3478 3218 περιφανεστάτῃ
3507 3137 3566 3194 δὲ
3611 3135 3746 3193 πολι

327 3235 612 3292 exteriore
643 3235 1090 3302 existimantur;
1127 3235 1228 3289 sed
1263 3233 1311 3289 si
1361 3236 1582 3290 vestem
1631 3242 1870 3306 exuant,
1929 3240 1985 3292 et

2101 3236 2258 3299 λάκις
2289 3237 2473 3306 ἐσθῆτι
2523 3236 2917 3309 κοσμούμενοι,
2947 3229 3258 3287 τούναντίον
3294 3230 3384 3285 καὶ
3425 3228 3587 3284 καλοί
3615 3247 3752 3290 τινες

329 3325 470 3381 nudi
523 3325 582 3380 in
635 3325 844 3380 balneo
877 3329 1222 3396 appareant,
1255 3324 1486 3380 ridiculi
1520 3325 1810 3396 videntur,
1846 3327 1988 3382 dum

331 3431 547 3486 corpus
573 3414 894 3469 ostendunt
909 3413 1238 3469 innumeris
1255 3415 1428 3468 naevis
1444 3420 1653 3486 prater
1669 3413 1988 3487 plurimum

328 3503 499 3558 illum
530 3506 834 3557 externum
867 3503 1134 3557 decorem
1166 3503 1986 3577 deforme:neque,postquam

333 3593 561 3648 nudum
585 3591 860 3647 omnibus
887 3608 1100 3662 corpus
1130 3593 1579 3664 apparuit,opus
1602 3600 1689 3649 est
1709 3594 1991 3666 interpre-

335 3681 576 3750 tatione,
612 3680 712 3735 ubi
745 3686 801 3736 et
830 3680 1061 3759 qualem
1097 3698 1322 3736 naevum
1354 3681 1604 3751 habeat;
1638 3684 1739 3740 sed
1787 3684 1987 3740 statim

336 3788 402 3827 ac
431 3771 719 3826 nudatum
751 3775 860 3836 est,
887 3771 1240 3842 conspicuus
1270 3772 1558 3843 cujusque
1590 3772 1836 3829 membri
1870 3790 1990 3827 nis-

340 3878 450 3916 vus
480 3859 665 3916 oculis
697 3860 1082 3932 semetipsum
1115 3861 1428 3932 aperitzita
1457 3867 1516 3918 et
1541 3879 1647 3919 nos
1679 3869 1989 3934 postquam

337 3948 674 4006 cxuerimus
702 3949 1177 4022 integumentum
1208 3949 1424 4017 carnis,
1459 3967 1564 4006 nec
1595 3951 1806 4007 vestire
1843 3949 1990 4006 insi-

342 4043 434 4094 tos
465 4039 672 4094 animae
708 4055 919 4107 naevos,
955 4056 1060 4094 nec
1090 4039 1388 4096 occultare
1419 4039 1536 4096 ullo
1570 4042 1741 4096 modo
1777 4039 1994 4113 poteri-

343 4146 512 4197 mus;
547 4129 646 4186 sed
679 4129 957 4185 omnibus
987 4129 1172 4184 oculis
1201 4129 1526 4202 conspicui,
1554 4147 1680 4201 quae
1733 4148 1996 4203 corpore,

342 4215 501 4272 velut
547 4222 727 4284 veste,
782 4217 1211 4273 abscondentes
1238 4216 1591 4288 latebamus,
1623 4235 1692 4274 ea
1721 4220 1999 4276 omnibus

344 4307 528 4364 oculis
561 4309 720 4364 nuda
749 4309 1148 4380 ostendemus,
1182 4325 1288 4364 nec
1312 4310 1436 4380 jam
1467 4310 1578 4364 erit
1607 4311 1854 4380 negandi
1899 4317 2001 4365 aut

345 4398 738 4453 ratiocinandi
770 4399 953 4464 locus,
987 4414 1120 4452 cum
1152 4415 1329 4469 opera
1379 4398 1509 4469 ipsa
1557 4405 1889 4467 cernentur,
1943 4403 2002 4453 et

347 4492 663 4559 conspectu
697 4487 755 4542 in
788 4491 1026 4542 auctore
1055 4504 1162 4543 suo
1193 4492 1608 4559 agnoscentur.

2099 3321 2310 3382 ἔνδοθεν
2371 3326 2502 3380 εἶναι
2562 3326 2624 3379 ἐκ
2679 3329 2781 3378 τοῦ
2838 3321 3026 3393 ἔξωθεν
3085 3321 3298 3394 κόσμου
3355 3319 3750 3388 ὑπενοήθησαν,

2099 3413 2456 3488 ἐκδυσάμενοι
2507 3411 2564 3467 δὲ
2615 3415 2718 3482 τὴν
2772 3411 2969 3476 ἐσθῆτα
2998 3409 3088 3465 καὶ
3117 3408 3314 3485 γυμνοί
3373 3408 3426 3463 ἐν
3485 3404 3752 3482 βαλανείῳ

2100 3504 2367 3582 ὀφθέντες,
2421 3499 2838 3574 καταγέλαστοι,
2916 3497 3062 3570 παρὰ
3135 3495 3355 3566 πολλὴν
3413 3497 3517 3565 τὴν
3565 3491 3751 3582 ἔξωθεν

2100 3581 2254 3662 δόξαν
2291 3590 2506 3666 μυρίοις
2563 3594 2682 3652 τοῖς
2732 3588 2952 3661 μώμοις
3003 3584 3265 3662 ἐπίψογον
3316 3586 3378 3640 τὸ
3439 3589 3600 3658 σῶμα
3657 3581 3760 3638 δει-

2097 3681 2337 3751 κνύντες,
2395 3676 2684 3756 ἐφάνησαν
2748 3676 2838 3730 καὶ
2898 3673 2959 3729 οὐ
3020 3675 3184 3750 χρεία
3244 3673 3562 3747 ἑρμηνείας,
3628 3673 3760 3746 μετὰ

2096 3770 2159 3826 τὸ
2190 3768 2396 3844 γυμνὸν
2425 3771 2542 3827 τοῖς
2572 3771 2732 3820 πᾶσιν
2768 3765 2998 3841 ὀφθῆναι
3053 3763 3118 3818 τὸ
3176 3767 3356 3836 σῶμα,
3388 3766 3495 3818 ποῦ
3523 3761 3613 3816 καὶ
3643 3765 3762 3824 πῶς

2102 3857 2218 3935 ἔχει
2270 3859 2362 3912 τὸν
2427 3860 2646 3930 μῶμον·
2696 3852 2825 3909 ἀλλ’
2883 3854 2999 3927 ἅμα
3053 3873 3113 3906 τε
3169 3850 3596 3927 έγυμνώθῆ,καὶ
3646 3852 3672 3906 ὁ
3704 3849 3756 3906 έν

2103 3951 2312 4022 ἑκάστῳ
2345 3945 2498 4020 μέλει
2565 3949 2764 4018 μῶμος
2818 3944 3130 4019 ὁρώμενος,
3182 3945 3251 4016 τῇ
3285 3937 3405 4015 ὄψει
3454 3941 3642 3996 ἑαυτὸν
3670 3942 3762 4016 έρ-

2108 4038 2352 4115 μηνεύει·
2385 4035 2528 4092 οὕτω
2556 4033 2647 4090 καὶ
2677 4037 2841 4106 ἡμεῖς
2871 4029 3229 4105 ἐκδυσάμενοι
3273 4031 3336 4085 τὸ
3383 4029 3762 4107 προκάλυμμα

2105 4138 2204 4200 τῆς
2234 4126 2456 4205 σαρκδς,
2517 4122 2640 4180 οὕτε
2686 4121 3027 4198 περιστεῖλαι
3081 4119 3208 4184 τοὺς
3253 4119 3306 4175 έν
3337 4123 3406 4194 τῇ
3439 4119 3593 4205 ψυχῇ
3645 4117 3757 4205 μώ-

2112 4240 2271 4293 μους,
2307 4204 2436 4271 οὔτε
2485 4212 2795 4289 ἀποκρύψαι
2841 4216 2957 4274 πῶς
3005 4207 3367 4281 δυνησόμεθα·
3416 4208 3467 4262 έν
3501 4204 3654 4282 ὄψεσι
3704 4204 3761 4262 δὲ

2107 4313 2225 4368 τοῖς
2280 4310 2439 4360 πᾶσιν
2501 4302 2794 4380 ὁρώμενοι,
2854 4301 2886 4355 ἅ
2939 4304 3020 4373 τῷ
3077 4299 3292 4372 σώματι
3343 4298 3417 4360 ὡς
3464 4296 3516 4352 έν
3576 4296 3761 4368 ἰσθῆτι

2111 4394 2504 4472 ἐγκρύπτοντες
2581 4389 2940 4463 ἐλανθάνομεν
3021 4383 3264 4464 ἔχοντες,
3339 4391 3508 4472 ταῦτα
3578 4387 3761 4462 γυμνὰ

2113 4471 2273 4539 πᾶσιν
2309 4481 2622 4559 ὀφθαλμοῖς
2653 4477 3013 4552 έπιδείξομεν,
3074 4476 3251 4532 οὐκέτι
3311 4471 3434 4532 οὔτε
3464 4475 3762 4552 ἀρνήσεως,

349 4574 471 4630 οὕτε
528 4573 811 4652 λογισμῶν
869 4576 1058 4652 χώραν
1117 4571 1375 4652 ἔχοντες,
1435 4575 1524 4631 ὅτε
1570 4577 1707 4631 αὐτὰ
1754 4575 1822 4631 τὰ
1879 4572 2013 4652 ἔργα
2069 4575 2280 4650 ὁρᾶται,
2338 4572 2428 4627 καὶ
2487 4572 2739 4648 ὁρώμενα
2794 4568 2846 4626 έν
2900 4573 2980 4641 τῷ
3051 4567 3361 4643 πεπραχότι
3417 4565 3768 4642 ἐπιγινώσκε-

345 4686 457 4724 ται.

419 4759 509 4814 31.
535 4762 661 4813 Νοιι
694 4757 852 4814 enim
884 4759 1124 4815 confuse
1143 4763 1200 4815 et
1221 4759 1566 4814 summatim
1599 4775 1689 4815 res
1708 4759 1984 4816 videntur

2185 4757 2275 4812 31.
2311 4752 2387 4811 Οὐ
2419 4751 2521 4828 γὰρ
2552 4747 2970 4826 συγκεχυμένως
3024 4766 3083 4802 τε
3124 4745 3214 4801 καὶ
3265 4741 3508 4801 καθόλου
3537 4747 3605 4801 τὰ
3633 4745 3770 4822 πρά-

350 4850 451 4905 sed
475 4853 541 4904 ut
559 4848 802 4920 depictis
825 4846 1132 4920 sigillatim
1155 4853 1591 4920 cognoscuntur
1613 4849 2003 4918 utsebabent;

353 4937 924 5012 quomodo,exempli
956 4953 1155 5006 causa,
1179 4937 1499 4993 surrexerit
1519 4954 1548 4992 e
1568 4936 1716 4994 lecto
1737 4939 1810 4995 ad
1839 4938 2006 4995 adul-

350 5029 562 5085 terium
598 5046 943 5102 properans.
977 5027 1254 5100 qualibus
1281 5029 1473 5084 eundo
1505 5045 1649 5085 usus
1680 5030 1759 5086 sit
1789 5029 2007 5099 gressi-

353 5114 645 5190 bus,quali
667 5121 1027 5176 constitutus
1049 5134 1311 5189 corpore,
1339 5126 1396 5173 et
1419 5119 1652 5190 qualem
1680 5136 1798 5190 prae
1829 5136 1892 5176 se
1923 5119 2008 5174 fe-

352 5223 486 5264 rens
509 5208 776 5266 habitum
797 5207 1232 5282 processerit,et
1261 5208 1413 5264 unde
1444 5207 1735 5279 obrepens
1757 5207 2011 5265 alienam

423 5325 466 5362 ⁹⁹
496 5329 663 5383 Rom.
695 5344 760 5397 ιι,
794 5329 880 5384 15.

424 5460 537 5532 (32)
596 5459 1042 5536 Συγκεκραμένος
1100 5461 1182 5536 τῶ
1239 5455 1481 5528 σώματι.
1543 5456 1730 5515 Editio
1786 5455 2010 5536 Veneta

356 5535 411 5586 et
433 5529 598 5604 unus
627 5529 697 5588 ex"
727 5529 925 5604 Regiis
966 5529 1481 5604 secundaﬂmanu,
1530 5529 2007 5604 συγκεκραμμένος

352 5607 432 5690 τῇ)
479 5602 717 5690 σώματι.
752 5598 982 5690 Habent
1013 5603 1111 5658 alii
1143 5601 1519 5690 codicesuduo
1563 5598 2007 5690 συγκεκαμμένος

352 5671 416 5728 τδ
442 5671 622 5749 σῶμα.
650 5676 774 5735 Duo
824 5675 925 5733 alii
973 5691 1110 5733 cum
1156 5672 1514 5746 Colbertino,
1563 5671 2010 5747 συγκεκαμμένος

2116 4864 2299 4920 γματα
2331 4845 2633 4916 θεωρεῖται,
2683 4837 2810 4894 ἀλλ’
2871 4836 2948 4900 ὡς
2995 4835 3367 4912 ὖποζώγραφα
3413 4836 3548 4891 κατὰ
3612 4836 3771 4909 μέρος

2118 4935 2441 5012 γινώσκεται
2490 4932 2566 4993 ὡς
2615 4927 2752 5004 ἔχει·
2814 4930 2955 5001 οἷον,
3009 4930 3126 4990 πῶς
3171 4925 3388 4997 ἀνέστη,
3421 4927 3548 5003 φέρε
3576 4926 3768 4995 εἴπεῖν,

2120 5024 2208 5080 ἰπὶ
2243 5021 2497 5098 μοιχείαν
2529 5021 2780 5096 ὁρμήσας
2803 5024 2904 5088 τῆς
2933 5015 3141 5087 κοίτης,
3190 5015 3280 5070 καὶ
3338 5015 3550 5077 ὁποίοις
3587 5016 3772 5092 βήμα-

2122 5135 2201 5169 σιν
2261 5112 2538 5188 έχρήσατο
2574 5106 2831 5186 βαδίζων·
2893 5107 3042 5169 ὅπως
3093 5126 3152 5160 τε
3210 5104 3636 5181 συγκεκραμένος
3691 5108 3774 5178 τῷ

2123 5204 2337 5277 σώματι
2366 5202 2501 5275 (32),
2548 5198 2639 5256 καὶ
2695 5199 2759 5256 τὸ
2791 5204 2986 5275 σχῆμα
3015 5197 3205 5251 ὁποῖον
3233 5189 3440 5260 δεικνὺς
3466 5195 3773 5273 προσῆλθε,

2117 5454 2197 5525 τῷ
2245 5453 2480 5524 σώματι.
2532 5452 2698 5525 Unus
2738 5467 2810 5525 ex_
2835 5444 3525 5525 Regiis,_guyxe_auppévoc
3556 5452 3634 5504 τῶ
3665 5445 3776 5525 σῶ-

2124 5513 2274 5599 μέιτι.
2309 5513 2440 5582 Mox
2472 5526 2651 5582 editio
2684 5521 2893 5599 Paris,
2919 5513 3195 5595 προῆλθέ.
3227 5513 3448 5577 Veneta
3493 5527 3553 5578 et
3601 5521 3779 5594 quin-

2122 5597 2236 5674 Que
2261 5599 2488 5656 codices
2520 5602 2588 5654 ut
2618 5599 2678 5652 in
2709 5597 2888 5651 textu.
