4124 6356
294 333 407 394 733

293 464 383 520 καὶ
413 460 575 516 πόθεν
615 453 958 533 παρεισρυεὶς
1003 450 1182 526 ἥψατο
1231 449 1330 515 τῆς
1373 442 1692 518 ἀλλοτρίας·

299 551 493 618 ἑαυτὴν
551 546 732 620 τούτῳ
790 544 928 618 πρὸς
984 541 1082 610 τὴν
1137 535 1453 610 παράνομον
1497 531 1686 606 πρᾶξιν

302 617 581 696 ἀπεδίδου,
659 617 906 703 Καθάπερ
985 629 1037 685 ἐν
1110 625 1318 691 πίνακι,
1371 621 1539 702 φημὶ,
1596 617 1733 674 κατὰ

300 726 502 785 ἕκαστα
557 718 797 799 ἀκριϐῶς
845 715 1335 796 καταγεγραμμένα
1378 712 1693 788 ὀφθήσεται,

306 819 473 892 μόνον
530 815 597 869 τὰ
630 795 924 890 ’φθάσαντα
977 805 1105 883 ἔργα
1162 804 1429 880 γενέσθαι,
1497 797 1641 854 ἀλλὰ
1715 795 1804 848 καὶ

307 880 795 984 προχωρησάντων
849 904 956 984 τῶν
1007 880 1216 971 -ἔργων,
1247 894 1300 947 αἱ
1332 891 1383 944 έν
1411 893 1491 961 τῶ
1511 894 1611 956 τῆς
1643 889 1828 960 ψυχῆς
1870 880 1930 935 πί

307 973 745 1070 νάκιηγενόμεναι
779 991 894 1062 (33)
923 983 1148 1042 ἓννοιαι.
1182 979 1345 1037 Οὐδὲν
1375 978 1476 1055 γάρ
1517 977 1627 1032 ἑστι
1663 973 1848 1051 γραφή

310 1088 494 1161 ψυχῇ,
551 1080 587 1150 ἢ
628 1078 818 1136 ’ἔννοια
846 1075 973 1152 περί
1029 1094 1173 1135 τινος
1204 1072 1255 1126 iv
1307 1069 1444 1142 αὐτῇ
1491 1068 1821 1127 τυπωθεῖσιιι⁸
1873 1058 1965 1114 καὶ

314 1173 466 1230 οὐδέν
524 1172 634 1226 ἔστι
685 1148 1068 1245 φαντασιῶδης
1119 1183 1178 1218 τε
1224 1159 1314 1215 καὶ
1361 1153 1632 1227 διεξοδικὴ
1682 1148 1857 1208 ἔννοια
1914 1148 1965 1203 έν

315 1265 494 1339 ψυχῇ,
545 1257 580 1328 ἢ
629 1235 810 1336 γραφὴ
860 1260 977 1318 τοῖς
1023 1260 1121 1322 τῆς
1162 1246 1448 1330 φαντασίας
1482 1241 1741 1321 χρώμασί
1773 1260 1832 1294 τε
1879 1235 1970 1292 καὶ

320 1330 617 1426 μεγέθεσιν,
644 1330 758 1402 δτι,
801 1343 857 1400 δὶ
904 1345 1205 1419 σχήμασιν,
1259 1337 1290 1393 ἃ
1338 1338 1365 1392 6
1414 1339 1539 1396 νοῦς
1575 1332 1624 1387 έν
1659 1330 1797 1403 αὐτῇ
1843 1348 1971 1383 κατο

317 1421 722 1515 εζωγράφησεν,
777 1431 1219 1509 έγγεγραμμένη.
1267 1427 1365 1482 Καὶ
1416 1424 1490 1486 ὡς
1541 1423 1568 1476 6
1617 1421 1716 1487 τήν
1746 1435 1974 1490 σημειο-

315 1503 861 1606 γραᾠὶκήντὲχνηζί
899 1503 1106 1595 μαθὼν,
1167 1517 1383 1572 πάντων
1440 1516 1548 1567 τῶν
1610 1507 1852 1580 σημείων
1911 1503 1977 1557 τά

322 1619 430 1694 σγή
445 1635 586 1690 ματα
613 1597 798 1668 mihi
829 1611 1094 1684 ὀνόματα,
1129 1604 1275 1662 ἀλλὰ
1311 1605 1398 1658 καὶ
1445 1600 1572 1662 τοὺς
1616 1597 1820 1657 τύπους
1867 1597 1974 1648 τῶν

321 1683 565 1763 ὀκτάὸων
618 1703 767 1778 φέρει
821 1683 1230 1770 καὶίτετράδων
1287 1693 1337 1749 iv
1384 1694 1452 1766 τῇ
1479 1692 1634 1764 ψυχῇ
1662 1683 1980 1756 τυπωσάμε-

322 1817 438 1864 νος,
467 1793 558 1850 καὶ
607 1776 743 1866 πρδς
790 1791 890 1860 τὴν
945 1786 1135 1863 χρείαν
1175 1789 1282 1840 τῶν
1347 1776 1832 1856 ὑπαγορευομένων

324 1863 429 1955 τῆς
472 1863 661 1958 χειρὸς
705 1880 776 1934 τὰ
819 1877 870 1933 iv
917 1880 984 1950 τῇ
1011 1877 1165 1949 ψυχῇ
1195 1877 1316 1932 ταῖς
1377 1870 1620 1958 μνήμαις
1680 1863 1982 1937 ἐγγεγραμ-

338 1951 590 2047 μέναγέπῖ
619 1973 720 2034 τῆς
765 1965 958 2023 δέλτου
1011 1962 1262 2019 δεικνύειο
1322 1957 1410 2015 καί
1450 1955 1482 2012 ἃ
1533 1956 1626 2028 μέν
1673 1951 1838 2022 ἔδειξε
1885 1970 1982 2018 ση-

337 2039 462 2136 μεῖα
518 2063 600 2132 τῷ
648 2056 895 2135 γραφείῳ
920 2052 1176 2131 χαράξας,
1234 2048 1266 2104 ἃ
1324 2047 1383 2104 δὲ
1416 2043 1644 2121 μηδέπω
1677 2040 1767 2098 διὰ
1796 2039 1983 2116 χειρὸς

331 2129 633 2226 δειχθέντα,
662 2129 736 2201 'iv
770 2129 862 2218 ﬁ
915 2129 1070 2218 ψυχῇ
1119 2141 1271 2213 ὅμως
1328 2133 1790 2211 ἀπογεγραμμένοι
1845 2129 1982 2182 ἀπό-

323 2257 516 2294 κειται·
574 2234 717 2291 οὕτω
766 2233 856 2288 καὶ
903 2234 938 2302 ἡ
989 2217 1166 2306 ψυχή,
1226 2227 1322 2288 τὰς
1379 2226 1472 2299 μὲν
1519 2221 1723 2284 ἰννοίας
1753 2218 1842 2273 διὰ
1875 2217 1982 2271 σώ-

332 2347 501 2402 ματος
554 2324 864 2401 ἃνεργοῦσα,
944 2320 1022 2382 εἲς
1081 2305 1236 2394 ἔργον
1290 2317 1589 2391 προήγαγε,
1643 2309 1738 2374 τὰς
1787 2305 1844 2362 δὲ
1903 2306 1979 2378 μὴ

331 2417 578 2495 φθάσασα
633 2414 846 2486 σώματι
905 2393 1352 2471 ἀποτελεσθείσας
1405 2406 1540 2476 ἡμῖν
1587 2397 1872 2468 ἐπιδεῖξαι,
1929 2393 1980 2449 έν

331 2488 500 2579 έαυτῇ
555 2499 941 2572 τετυπωμένας
974 2495 1254 2576 φυλάττει,
1289 2493 1448 2549 εἶκαὶ
1510 2491 1584 2564 μὴ
1634 2488 1981 2560 σωματικῶς.

332 2573 678 2664 ἀλλ’-οἰκείῳ
708 2587 854 2666 ἔργῳ
881 2573 1078 2649 ταύτας
1118 2585 1234 2648 καθ’
1294 2583 1492 2650 έαυτὴν
1524 2577 1829 2650 ἀσωμάτως
1869 2573 1984 2627 ἐπι-

322 2679 580 2738 τελοῦσα.
611 2681 701 2742 Ὠς
749 2677 854 2753 γὰρ
920 2672 1072 2752 ἔργον
1133 2673 1387 2746 σώματος
1438 2670 1501 2726 τὸ
1552 2668 1876 2739 σωματικῶς
1911 2682 1985 2715 ,τι

329 2767 660 2836 ἐπιτελέσαι,
732 2751 876 2823 οῦτω
905 2751 996 2820 καὶ
1032 2767 1217 2839 ψυχῆς
1273 2761 1429 2837 ἔργον
1483 2758 1546 2812 τὸ
1603 2759 1725 2816 ταῖς
1757 2751 1986 2812 ἐννοίαις

322 2860 422 2922 τὰς
465 2855 795 2933 ἀρεσκοῦσας
843 2838 1142 2930 φαντασίας
1185 2848 1630 2924 τελεσιουργῆσαι
1689 2844 1763 2904 ὡς
1817 2838 1986 2896 θέλει.

329 2947 426 3002 Διὸ
454 2927 544 3002 καὶ
574 2945 669 3007 τὰς
699 2944 750 2999 έν
783 2927 898 3016 (3i)
949 2939 1130 3012 έννοίᾳ
1183 2937 1448 3013 ἁμαρτίας
1481 2939 1559 3010 μῇ
1590 2935 1663 2995 ὡς
1695 2927 1988 3010 φαντασίας

329 3034 548 3104 ἁπλῶς,
582 3032 710 3090 ἀλλ’
742 3033 816 3096 ὡς
862 3028 992 3108 ἔργα
1021 3030 1072 3085 iv
1106 3032 1260 3104 ψυχῇ
1303 3026 1564 3103 γινόμενα
1608 3022 1744 3078 κατά
1791 3020 1853 3074 τὸ
1907 3015 1990 3072 δί-

330 3146 460 3180 καιο
516 3123 788 3198 κρίνεσθαι
840 3106 945 3177 δεῖξ
988 3121 1078 3181 Ὧς
1137 3116 1228 3173 οῦν
1284 3113 1379 3170 κᾶν
1428 3115 1504 3188 μὴ
1557 3111 1737 3188 γράφῃ
1770 3111 1805 3178 ἠ
1864 3106 1987 3182 χεὶρ

333 3213 402 3268 τὰ
431 3195 655 3285 σημεῖα,
707 3208 861 3283 ὅμως
903 3212 1022 3269 τοῖς
1073 3207 1322 3282 σχήμασι
1353 3207 1461 3258 τῶν
1492 3197 1736 3273 σημείων
1769 3199 1804 3266 ἠ
1836 3195 1991 3270 ψυχὴ

334 3301 440 3371 δλη
500 3283 817 3374 ἁπανταχοῦ
859 3296 1317 3372 καταγέγραπταιο
1367 3291 1457 3347 καὶ
1517 3290 1544 3344 ὁ
1603 3283 1878 3346 ἀποδύσας
1929 3283 1992 3338 τὸ

267 3392 273 3397 ’
336 3395 498 3462 σῶμα
554 3386 666 3443 ἴδοι
725 3386 786 3441 ἃν
843 3385 1011 3454 αὐτὴν
1068 3387 1148 3456 τῷ
1175 3382 1461 3458 λεγομένῳ
1490 3377 1790 3451 κομμέντῳ
1819 3379 1991 3428 πᾶσαν

333 3480 874 3554 καταγεγραμμένην·
928 3473 1070 3528 οὕτω
1123 3471 1258 3544 μετὰ
1309 3471 1373 3524 τὸ
1419 3465 1794 3528 ἀποδύσασθαι
1846 3464 1994 3535 ἡμᾶς

333 3569 399 3625 τὸ
449 3552 631 3637 σῶμα,
677 3570 821 3621 πᾶσα
872 3561 1051 3618 ἔννοια
1094 3561 1169 3616 ὡς
1215 3559 1269 3614 έν
1321 3561 1509 3634 γραφῇ
1564 3552 1652 3610 έπὶ
1684 3559 1784 3622 τῆς
1813 3554 1998 3626 ψυχῆς

338 3655 688 3733 γεγραμμένη
724 3653 1040 3730 ὀφθήσεται.
1090 3649 1193 3708 Καὶ
1244 3648 1424 3723 ὥσπερ
1555 3645 1630 3718 μὴ
1698 3642 1881 3717 μαθὼν
1932 3640 2001 3693 τὰ

346 3729 570 3818 σημεῖα,
629 3729 836 3796 τούτων
893 3740 945 3794 iv
1002 3743 1071 3813 τῇ
1116 3741 1269 3812 ψυχῇ
1319 3736 1418 3792 οὐκ
1463 3731 1580 3810 ἔχει
1638 3729 2000 3809 ἐγγραφέντας

341 3814 471 3893 τοῦς
526 3829 753 3890 τύπους·
789 3828 818 3882 6
875 3824 933 3880 δὶ
995 3824 1203 3899 μαθὼν,
1261 3822 1358 3877 κ’ὰν
1426 3823 1502 3894 μὴ
1559 3820 1740 3896 γράφῃ
1784 3814 1998 3891 ὴχεὶρ,

347 3919 478 3982 τοὺς
501 3917 705 3980 τύπους
739 3915 915 3972 αὐτῶν
939 3918 1008 3989 τῇ
1045 3915 1276 3986 μαθήσει
1336 3911 1388 3966 iv
1419 3912 1576 3984 ψυχῇ
1635 3906 2001 3983 ἀπεγράψατο⁶

349 4009 493 4066 οὕτω
524 4008 614 4064 καὶ
645 4008 674 4062 6
731 4006 808 4079 μή
854 4003 1110 4075 ἐννοήσας
1163 4022 1215 4056 τι
1274 3999 1596 4075 ἀμάρτημα,
1649 3994 1847 4051 τούτου
1905 3993 2049 4050 οὐκ.

345 4096 464 4176 ἵχει
517 4101 618 4168 τὴν
669 4093 964 4174 φαντασίαν
1015 4091 1067 4148 iv
1118 4093 1275 4166 ψυχῇ
1318 4086 1727 4164 γεγραμμένην’
1764 4085 1792 4139 6
1822 4081 1880 4137 δὲ
1926 4081 2006 4136 iv-

344 4172 572 4258 νοήσας,
619 4172 716 4242 κάν
779 4184 856 4258 μὴ
913 4181 1259 4258 προχωρήσῃ
1303 4178 1368 4234 τὸ
1417 4176 1599 4252 ἔργον,
1643 4173 1797 4248 ὅμως
1855 4172 1908 4226 iv
1937 4172 2007 4244 τῇ

351 4279 508 4353 ψυχῇ
535 4275 652 4350 ἔχει
680 4273 774 4336 τὰς
808 4271 1098 4351 φαντασίας
1136 4273 1246 4326 τῶν
1289 4268 1617 4337 νοηθέντων,
1667 4265 1742 4326 ὡς
1803 4260 1854 4317 iv
1899 4281 2006 4316 τινι

351 4351 538 4422 πίνακι
572 4367 755 4442 σαφῶς
791 4358 1192 4438 γεγραμμένας.
1255 4356 1415 4412 Ἀλλ’
1471 4356 1545 4417 ὡς
1601 4351 1771 4409 έκεῖὸ
1823 4352 2008 4425 μαθὼν

352 4455 419 4511 τὰ
445 4439 670 4528 σημεῖα,
726 4449 960 4522 ἀμελείᾳ
1014 4452 1111 4504 τοῦ
1171 4444 1556 4522 διαγράφεσθαι
1613 4447 1800 4511 ταῦτα,
1864 4439 2008 4515 λήθῃ

354 4544 490 4602 αὐτά
515 4546 617 4614 τῆς
653 4542 880 4617 μνήμης
912 4538 973 4593 ειν
1007 4531 1305 4608 ἀποϐάλοι,
1347 4535 1420 4598 ὡς
1480 4534 1676 4608 μηκέτι
1707 4530 1903 4588 λοιπὸν
1933 4530 2012 4602 τῷ
2045 4545 2094 4610 D

355 4634 547 4710 χρόνῳ
580 4629 854 4707 μηδεμιᾶς
887 4627 1167 4706 ἀναφέρειν
1211 4621 1443 4688 ὁκτάδος
1490 4629 1706 4699 σχῆμα,
1738 4619 1774 4689 ἢ
1828 4619 2026 4706 τύπον.

357 4709 394 4792 ἦ
427 4720 721 4794 ὀνομασίαν
755 4719 832 4781 εἷς
867 4719 1117 4793 μνήμην·
1153 4713 1296 4770 οὕτω
1325 4712 1416 4770 καὶ
1467 4714 1494 4768 ὁ
1529 4711 1788 4782 ἐννοήσας
1821 4709 2029 4789 ἄτοπα,

361 4810 408 4866 εί
441 4811 742 4883 ἀμελήσειε
767 4812 878 4864 τῶν
915 4806 1162 4880 ἐννοιῶν,
1211 4803 1302 4860 καὶ
1358 4802 1439 4879 ἐφ’
1497 4800 1682 4878 έτέρας
1730 4795 2025 4859 καλλίονας

356 4901 450 4956 τὸν
479 4903 604 4955 νοῦν
638 4895 997 4974 ἀσχολήσειε,
1028 4893 1216 4972 χρόνῳ
1242 4891 1301 4950 ἄν
1337 4914 1470 4949 ποτε
1520 4896 1690 4948 ταῦτα
1736 4895 1836 4960 τῆς
1889 4888 2028 4962 μνή-

367 5011 475 5064 μης
523 4991 714 5044 ἑαυτοῦ
765 4981 1036 5055 ἐκϐαλὼν,
1085 4988 1155 5059 τῇ
1205 4981 1352 5056 λήθᾳ
1373 4981 1537 5045 αὐτὰς
1567 4985 1665 5038 τοῦ
1689 4986 1788 5050 τῆς
1839 4981 2027 5054 ψυχῆς

359 5078 586 5141 πίνακος
618 5075 991 5151 ἀπαλείψειεν.
1047 5071 1216 5132 Οὐδὲν
1267 5071 1371 5148 γάρ
1415 5071 1527 5127 ἐστι
1580 5072 1796 5144 μνήμη,
1845 5066 1882 5137 ἢ
1933 5067 2027 5122 τύ-

359 5187 536 5229 πωσις
583 5166 830 5234 ἐννοιῶν,
884 5163 959 5229 ὡς
989 5162 1040 5218 iv
1073 5164 1252 5238 ψυχῇ,
1283 5161 1706 5238 ὑποζώγραφος.
1755 5157 1861 5214 Καὶ
1909 5159 2026 5218 πῶς

437 5361 553 5435 (33)
581 5358 896 5432 Γενόμεναι.
934 5357 1019 5413 Ita
1069 5373 1213 5435 mss.
1265 5360 1538 5435 quatuor.
1573 5354 1749 5424 Editi,
1772 5345 2026 5435 ’γινόμε-

368 5453 476 5518 ναι.
511 5426 645 5518 Qum
671 5426 1004 5518 sequuntur
1040 5426 1509 5518 ‘restituimu’q‘ex
1539 5444 1659 5518 unq
1686 5426 1884 5518 codiice
1915 5429 2025 5479 Re-

1195 5506 1204 5518 .
1323 5501 1364 5518 η
1558 5500 1569 5518 ,
1870 5497 1891 5518 κ.

374 5508 490 5636 gio.
530 5495 786 5588 Habebat
830 5502 1007 5594 editio
1040 5502 1269 5592 Vepeta.
1323 5496 1464 5558 Οὐδὲ
1506 5500 1608 5574 γάρ
1641 5497 1751 5552 ἐστι
1782 5495 1834 5550 iv
1867 5497 1954 5568 ψυ·
1986 5497 2022 5568 ᾖ

402 5598 573 5633 ννοια.
624 5579 831 5636 Ραινιε..
883 5569 1025 5630 Ουδὶ
1070 5591 1172 5636 γαρ
1206 5571 1347 5627 έστιν
1377 5569 1531 5628 οὐδὲν
1560 5570 1612 5628 iv
1660 5572 1731 5636 τῇ
1762 5569 1917 5636 ψυχῇ
1946 5513 2022 5622 ἐν·

402 5513 490 5578 ςὶο.
530 5513 786 5588 Habebat
830 5513 1007 5560 editio
1044 5513 1269 5558 Veneta.
1323 5513 1464 5558 υυοε
1506 5513 1608 5574 γάρ
1641 5513 1751 5552 εστι
1782 5513 1834 5550 εν
1867 5513 1954 5568 ψυ·
1986 5515 2022 5568 ῃ

402 5598 573 5633 ννοια.
624 5579 831 5648 Ραινιεη
861 5569 1025 5648 *Οὐδὲ
1070 5572 1172 5648 γάρ
1206 5571 1347 5627 έστιν
1377 5569 1531 5648 οὐδὲν
1560 5570 1612 5628 iv
1650 5572 1731 5648 frit
1762 5569 1917 5648 ψυχῇ
1946 5513 2026 5622 ἐν·

375 5669 513 5709 νοια.
546 5649 702 5710 lllud
731 5646 784 5705 iv
816 5643 956 5713 αὐτῆ
987 5660 1057 5704 ex
1084 5643 1188 5703 sex
1215 5662 1358 5704 mu.
1389 5643 1767 5718 desumptum
1800 5647 1890 5698 est
1917 5653 2023 5713 pro

1524 309 1760 373 LIBER
1799 304 1904 367 DE
1947 298 2217 366 VIRGIN
2228 293 2487 357 ITATE.

3592 263 3715 326 ’134

1741 457 1860 492 πως
1888 455 1948 489 τε
1976 437 2029 501 Α
2061 427 2346 502 attigerit:
2382 421 2675 498 quomodo
2706 415 3082 484 'Bemetipsam
3113 408 3200 464 illi
3223 403 3436 462 mulier
3462 400 3532 455 ad
3556 396 3715 454 nefa-

1736 531 1771 596 ἠ
1815 525 1953 600 γυνὴ
1976 487 2029 501 ﬂ
2063 487 2217 577 rium
2243 487 2742 588 opustradiderit.
2767 503 3015 560 Velutin
3051 497 3270 563 tabula,
3296 494 3560 564 inquam,
3597 487 3718 541 sin-

1830 577 1874 600 I'
1943 577 1953 592 Ι
2284 577 2295 588 ι

1793 613 1955 690 μέρος
2065 609 2204 684 gula
2234 609 2502 662 accurate
2545 599 2840 668 descripta
2893 601 3226 650 cernentur,
3259 600 3364 639 nec
3414 597 3482 636 ea
3527 577 3723 633 solum

2668 689 2676 690 ί
2977 686 2983 690 ι
3114 679 3128 690 ⁴¹
3193 676 3228 690 -θ
3368 668 3718 690 ,_A3L-___,._

1793 668 1828 688 l"
1864 668 1873 690 |
1943 668 1954 674 ‘
2065 668 2099 684 υ

1746 703 1836 759 καὶ
1892 701 1957 756 οὐ
2068 716 2195 771 quas
2219 697 2289 752 ad
2321 700 2515 748 actum
2544 689 2823 760 perducta
2854 686 3014 746 sunt,
3031 679 3131 733 sed
3155 676 3330 731 etiam
3357 668 3586 726 actibus
3608 681 3724 719 non

1882 791 1956 864 μὴ
2071 757 2520 856 erumpentibus
2544 757 2737 834 insita
2771 773 2828 829 in
2853 771 3062 828 animae
3092 764 3293 821 tabula
3315 757 3720 830 cogitationes.

2072 875 2227 931 Nihil
2260 872 2415 928 enim
2446 869 2602 924 aliud
2637 870 2725 920 est
2759 863 2984 934 pictura
3015 859 3072 911 in
3105 853 3324 917 anima,
3358 847 3469 903 nisi
3503 844 3722 917 cogita-

1909 968 1961 1024 ἐν
2074 965 2154 1021 tio
2189 961 2440 1032 alicujus
2473 958 2553 1014 rei
2587 957 2645 1010 in
2679 955 2810 1025 ipsa
2838 949 3190 1005 informata:
3229 957 3332 996 nec
3364 936 3520 993 aliud
3558 930 3728 1005 quid-

2078 1069 2253 1125 quam
2305 1055 2394 1104 est
2451 1041 2799 1117 imaginaria
2854 1041 2914 1092 ot
2972 1045 3290 1090 excurrens
3345 1023 3620 1094 cogitatio
3668 1016 3729 1071 in

2079 1137 2417 1203 anima,nisi
2447 1135 2678 1207 pictura
2709 1121 3154 1200 imaginationis
3185 1112 3578 1179 coloribus,et
3607 1123 3732 1160 ma-

2080 1200 2493 1304 gnitudinibus
2518 1228 2694 1293 atque
2719 1218 2891 1274 etiam
2926 1211 3304 1284 ﬁguris,quas
3327 1202 3386 1256 in
3418 1200 3548 1271 ipsa
3569 1210 3737 1250 mens

2289 1312 2572 1387 depinxit,
2597 1282 2917 1365 delineata.
2966 1282 3033 1357 Et
3080 1289 3578 1370 quemadmodum
3635 1282 3734 1356 qui

2083 1415 2268 1465 artem
2300 1410 2573 1461 notarum
2606 1392 3099 1460 didicit,omnium
3136 1391 3407 1442 notarum
3439 1379 3657 1449 ﬁguras
3679 1375 3736 1427 et

2085 1497 2347 1558 nomina,
2381 1497 2554 1564 atque
2584 1489 2757 1544 etiam
2791 1483 3064 1539 octadum
3107 1477 3325 1532 formas
3353 1475 3412 1525 et
3438 1464 3735 1522 tetradum

2085 1587 2143 1642 in
2177 1589 2370 1642 anima
2400 1583 2717 1652 impressas
2746 1575 2940 1637 habet,
2973 1573 3030 1624 et
3059 1567 3128 1623 ad
3175 1577 3348 1618 usum
3383 1571 3584 1613 eorum
3611 1566 3736 1622 quis

2088 1677 2405 1739 dictantur,
2441 1687 2542 1743 per
2590 1681 2832 1723 manum
2861 1679 2948 1731 ea,
2971 1675 3097 1730 quae
3128 1649 3424 1709 memorias
3455 1640 3741 1712 inscripta

1893 1734 1983 1826 διὰ
2013 1809 2061 1873 Β
2090 1765 2328 1833 sunt,in
2362 1734 2561 1817 tabula
2592 1753 2886 1819 ostendit;
2921 1754 3096 1820 atque
3127 1743 3272 1800 alias
3304 1737 3540 1810 quidem
3569 1734 3740 1787 notas

2130 1861 2139 1873 ‘
2193 1855 2234 1873 ’ί
2279 1850 2544 1873 “Mm-'4‘
2578 1847 2700 1873 ἰε-
2733 1858 2867 1873 "Mm
2899 1837 3156 1873 nondum
3192 1845 3368 1873 mann
3403 1823 3740 1873 designata.

2093 1855 2245 1928 stylo
2276 1847 2702 1924 ﬁguravit,aliw
2733 1858 2867 1898 vero
2899 1837 3159 1894 nondum
3192 1845 3370 1887 manu
3403 1823 3742 1894 designata,

2093 1946 2152 2000 in
2186 1943 2382 1998 anima
2414 1950 2604 1995 tamen
2637 1931 2940 2002 descriptae
2973 1928 3282 1982 servantur
3313 1935 3325 1974 :
3360 1917 3439 1971 ita
3469 1917 3526 1969 et
3546 1910 3744 1966 anima

2093 2033 2239 2090 alias
2262 2032 2496 2103 quidem
2517 2018 3067 2098 cogitationes,dum
3093 2030 3194 2085 per
3213 2022 3426 2080 corpus
3444 2003 3742 2074 operatur,

2091 2124 2164 2179 ad
2200 2127 2394 2177 actum
2429 2112 2719 2189 perduxit,
2753 2109 2899 2164 alias
2945 2119 3099 2171 vero,
3134 2115 3281 2170 quas
3314 2091 3576 2148 nondum
3608 2102 3738 2141 cor-

2093 2226 2231 2283 pore
2274 2179 2556 2280 perfectas
2588 2199 2756 2256 nobis
2798 2192 3076 2256 ostendit,
3111 2188 3166 2242 in
3216 2183 3409 2254 seipsa
3459 2179 3741 2232 formatas

2093 2303 2305 2365 servat,
2337 2294 2445 2351 etsi
2479 2308 2591 2346 non
2617 2283 3016 2358 corporaliter,
3051 2276 3150 2333 sed
3185 2273 3420 2346 proprio
3442 2281 3614 2337 opere
3643 2277 3744 2318 eas

2094 2407 2196 2462 per
2218 2353 2597 2454 semetipsam
2619 2353 3065 2447 incorporaliter
3086 2361 3334 2438 perﬁcit.
3349 2353 3746 2425 Quemadmo-

2096 2479 2236 2533 dum
2256 2475 2410 2530 enim
2430 2467 2690 2541 corporis
2706 2445 2857 2536 opus
2878 2466 2966 2515 est
2983 2454 3203 2527 aliquid
3224 2445 3603 2520 corporaliter
3624 2457 3746 2511 per-

2095 2583 2287 2640 agere,
2321 2565 2402 2618 ita
2430 2566 2486 2616 et
2516 2529 2723 2613 animae
2745 2529 2906 2624 .0pus
2937 2552 3027 2604 est
3056 2544 3352 2618 placentes
3383 2535 3495 2591 sibi
3535 2529 3746 2601 imagi-

2095 2655 2387 2718 nationes,
2419 2647 2660 2706 arbitrio
2692 2660 2797 2699 suo
2850 2656 2951 2712 per
2998 2631 3412 2707 cogitationem
3445 2624 3516 2679 ad
3548 2625 3746 2677 actum

2096 2714 2432 2819 perducere.
2471 2737 2633 2794 Unde
2655 2739 2712 2790 et
2735 2733 2992 2804 peccata,
3025 2741 3153 2797 quas
3183 2722 3240 2776 in
3267 2714 3617 2788 cogitatione
3651 2725 3750 2782 po-

2098 2799 2187 2819 πρ
2258 2799 2261 2800 7
2735 2799 2750 2804 _

2098 2837 2212 2894 sita
2240 2837 2404 2901 sunt,
2434 2847 2550 2885 non
2608 2831 2673 2881 ut
2722 2819 3108 2894 cogitationes
3150 2805 3518 2880 simpliciter,
3553 2799 3655 2856 sed
3687 2801 3752 2852 ut

2098 2941 2276 2998 opera
2304 2922 2364 2976 in
2397 2919 2596 2975 anima
2626 2892 2864 2985 peccata
2893 2919 3127 2978 aequum
3180 2892 3570 2969 estjudicari.
3602 2892 3752 2954 Que-

2911 2997 2916 2998 ⁷
3522 2997 3527 2998 7
3552 2978 3659 2998 ,νκξι-
3690 2978 3730 2998 .Ι.

2103 2978 2224 2998 -τυ
2249 2978 2254 2979 7
2628 2978 2642 2985 -

2101 3014 2231 3070 mad
2243 3011 2483 3066 modum
2499 2997 2921 3078 igituretiamsi
2946 2999 3114 3051 notas
3139 3003 3351 3044 manus
3374 2999 3489 3038 non
3512 2978 3754 3039 scribat,

2103 3105 2374 3158 notarum
2394 3101 2594 3151 tamen
2623 3087 2824 3162 ﬁguris
2847 3090 2969 3140 tota
3000 3081 3198 3137 anima
3229 3075 3447 3144 ubique
3476 3065 3759 3137 inscripta

2024 3175 2067 3243 (ἶ
2105 3196 2214 3254 est,
2245 3197 2304 3244 et
2333 3187 2382 3242 si
2409 3183 2544 3256 quis
2575 3193 2788 3250 corpus
2819 3174 3134 3234 removeat,
3165 3169 3348 3221 totam
3381 3160 3637 3216 animam
3671 3153 3754 3207 vi-

2103 3241 2383 3344 debit,eo
2415 3241 2568 3345 quod
2602 3241 2838 3332 dicitur,
2871 3261 3200 3318 commento
3250 3249 3593 3320 inscriptam
3629 3260 3643 3298 :
3674 3241 3758 3297 sic

2105 3372 2420 3440 postquam
2452 3375 2667 3431 corpus
2696 3352 3054 3413 exuerimus,
3074 3343 3269 3402 omnis
3299 3337 3573 3412 cogitatio
3601 3330 3761 3387 velut

2106 3427 2164 3512 in
2187 3427 2342 3528 pictu
2353 3452 2524 3520 ra,ita
2541 3427 2601 3504 in
2615 3446 2813 3504 anima
2826 3439 3121 3496 videbitur
3139 3431 3447 3502 inscripta.
3468 3427 3534 3482 Et
3551 3438 3760 3496 quem-

2109 3544 2422 3601 admodum
2448 3541 2549 3611 qui
2571 3541 2738 3592 notas
2755 3549 2869 3588 non
2892 3527 3328 3596 didicit,earum
3348 3518 3406 3572 in
3427 3514 3624 3570 anima
3644 3526 3761 3566 non

2110 3598 2287 3690 habet
2315 3598 2642 3700 descriptas
2683 3626 2939 3686 formas;
2974 3615 3074 3688 qui
3106 3628 3238 3668 vero
3269 3605 3494 3670 didicit,
3529 3598 3764 3657 etiamsi

2111 3738 2324 3780 manus
2346 3736 2460 3776 non
2486 3716 2936 3781 scribat,earum
2960 3708 3175 3762 formas
3194 3696 3474 3756 discendo
3492 3694 3550 3747 in
3568 3689 3765 3746 anima

2111 3778 2413 3882 inscripsit
2440 3823 2454 3864 :
2478 3807 2559 3862 ita
2589 3808 2645 3860 et
2675 3778 2772 3874 qui
2807 3801 2878 3855 de
2911 3798 3144 3870 peccato
3176 3789 3372 3855 aliquo
3405 3800 3518 3838 non
3551 3778 3766 3849 cogita-

2111 3901 2218 3970 vit,
2249 3899 2410 3954 illius
2438 3893 2754 3964 imaginem
2787 3868 2993 3944 animas
3031 3883 3380 3953 impressam
3415 3888 3528 3928 non
3557 3868 3769 3935 habet;

2115 3990 2214 4063 qui
2248 4005 2380 4044 vero
2411 3982 2705 4058 cogitavit,
2738 3974 2970 4035 etiamsi
3020 3989 3137 4028 non
3169 3965 3446 4041 procedat
3477 3975 3647 4032 opus,
3679 3960 3775 4010 ta-

2122 4043 2213 4063 1—7
2298 4043 2305 4044 7
2482 4043 2516 4058 υ
2693 4043 2701 4047 ,

2119 4096 2252 4135 men
2285 4080 2341 4133 in
2373 4075 2573 4132 anima
2600 4069 2893 4140 imagines
2923 4077 3124 4120 eorum
3164 4073 3290 4130 quae
3319 4043 3780 4123 cogitavit,velut

2117 4169 2177 4224 in
2204 4166 2459 4240 quadam
2483 4137 2864 4228 tabula,clare
2883 4150 3213 4220 descriptas
3237 4137 3555 4200 habet.Sed
3578 4149 3786 4206 quem-

2121 4227 2439 4314 admodum
2475 4252 2592 4308 illic
2624 4249 2722 4321 qui
2757 4250 2928 4301 notas
2959 4235 3239 4305 didicit,si
3272 4248 3370 4287 eas
3404 4227 3661 4284 scribere
3687 4238 3780 4278 ne-

2121 4347 2326 4421 gligat,
2351 4313 2748 4400 obliviscendo
2782 4333 2914 4389 illas
2945 4348 2976 4387 e
3007 4323 3292 4384 memoria
3322 4318 3580 4391 abjiciet,
3612 4313 3695 4368 ita
3720 4313 3787 4367 ut

2122 4401 2398 4505 deinceps
2451 4427 2732 4500 temporis
2780 4435 3094 4495 progressu
3146 4411 3369 4470 nullius
3395 4410 3520 4480 jam
3552 4401 3778 4460 octadis

2125 4527 2377 4599 ﬁguram
2428 4523 2531 4576 aut
2581 4518 2830 4573 formam
2884 4515 2986 4566 aut
3037 4521 3250 4563 nomen
3307 4496 3593 4556 memoria
3641 4491 3785 4548 reti-

2137 4585 2276 4673 nEat
2307 4631 2320 4671 :
2353 4615 2436 4668 ita
2464 4615 2522 4666 et
2568 4609 2668 4680 qui
2700 4602 2957 4662 absurda
2986 4594 3280 4669 cogitavit,
3312 4591 3360 4648 si
3411 4588 3520 4644 has
3569 4585 3790 4657 cogita-

2140 4706 2332 4761 tiones
2381 4675 2639 4774 negligat
2668 4699 2726 4752 et
2754 4695 2814 4748 in
2845 4687 3190 4747 melioribus
3236 4684 3492 4738 mentem
3523 4675 3788 4745 occupet,

2139 4794 2262 4850 haac
2311 4788 2595 4862 temporis
2645 4798 2954 4859 progressu
2989 4795 3018 4834 e
3062 4771 3348 4832 memoria
3392 4766 3631 4823 tandem
3683 4759 3790 4817 ali-

2141 4883 2374 4956 quando
2425 4876 2760 4951 projiciens,
2793 4867 3188 4928 obliviscendo
3237 4879 3307 4918 ex
3335 4857 3542 4913 animas
3589 4848 3792 4907 tabula

2140 4940 2374 5031 delebit.
2407 4940 2564 5026 Iiihi'l
2594 4965 2752 5023 enim
2784 4960 2942 5017 aliud
2969 4960 3058 5012 est
3086 4950 3388 5013 memoria,
3420 4942 3535 4999 nisi
3569 4940 3787 5011 cogita-

2135 5065 2365 5121 tionum
2396 5057 2576 5115 veluti
2608 5054 2837 5126 depicta
2867 5050 2928 5104 in
2959 5046 3160 5103 anima
3188 5032 3621 5096 informatio.Et
3650 5045 3792 5100 quo-

2137 5153 2313 5211 modo
2345 5149 2644 5224 possimus
2673 5143 2926 5212 effugere
2956 5149 3157 5209 poenas
3173 5122 3464 5200 ejusmodi
3487 5117 3791 5194 cogitatio-

2135 5365 2202 5406 eo
2233 5346 2544 5420 quodierat
2573 5341 2634 5420 in
2667 5327 3073 5420 (θριξίὶεκιξινιίοξἒ
3094 5319 3619 5420 Ηυηευςὶὴροιιοοο
3650 5329 3794 5374 non-

2134 5389 2282 5478 ηἷιιῗί
2316 5389 2545 5476 Eodiéé'é
2659 5389 3106 5478 editioweneta,
3135 5397 3223 5451 καὶ
3261 5389 3435 5478 οῦδείς
3469 5389 3600 5445 ἐστι.

2206 5457 2834 5564 ὶέὶ)”ἲῐἰἱῗῖῖτξέρὂὲἱζίὀ
2881 5457 3176 5564 οᾶᾀξίαέιξ
3223 5467 3417 5564 tribus
3460 5479 3604 5564 mss.
3638 5457 3787 5564 1|qu

2135 5529 2793 5636 83736033330383
2806 5529 3112 5620 sequitur,
3144 5542 3526 5611 desumptum
3557 5549 3627 5588 ex
3657 5529 3785 5586 cod.

2133 5635 2449 5696 Mazarino.
