4124 6384
353 406 488 474 ’7θῖ-

1583 399 1818 462 LIBER
1863 400 1966 461 DE
2009 399 2526 478 VIRGINITA'I‘E
2539 441 2556 462 .

3661 402 3784 464 738

350 539 470 593 τίον
501 536 557 592 αἱ
591 537 686 609 μὶν
718 533 1053 611 προάγουσιν
1107 531 1370 609 ἁμαρτίαι
1422 535 1530 587 τῶν
1585 525 1896 606 βλαϐέντων
1956 528 2014 587 ἐκ

2127 535 2230 588 aut
2259 532 2586 588 actionibus
2637 533 2922 589 damnum
2968 548 3263 604 accepere,
3297 537 3558 603 praeunt
3585 533 3645 590 in
3677 533 3770 589 in-

354 630 463 682 τῶν
514 626 818 700 μοχθηρῶν
868 621 1048 698 λόγων
1097 621 1132 691 ἢ
1187 623 1456 696 πράξεων,
1487 618 1908 696 προειληφότων
1956 640 2015 674 τε

358 713 433 776 εἷς
466 709 620 784 ᾅδου,
650 712 741 767 καὶ
770 713 838 767 τὰ
865 710 1210 787 κολαστήρια
1242 715 1360 771 τοῖς
1390 715 1490 779 τῆς
1545 704 1757 783 βλάϐης
1817 707 2012 770 αἰτίοις

360 801 878 878 παρασκευαζόντων
941 799 1050 855 ἐκεῖ
1085 820 1096 832 ·
1158 799 1212 853 αἱ
1265 797 1323 853 δὶ
1395 795 1486 852 καί
1560 796 2012 864 ἐπακολουθοῦσι,

359 897 466 948 τῶν
517 891 607 946 καὶ
655 891 788 964 μετὰ
834 891 924 945 τὸν
982 887 1201 944 ἐκείνων
1236 887 1486 957 θάνατον,
1517 884 1584 941 δι’
1612 888 1674 955 ἣν
1720 885 2011 942 κατέλιπον

360 987 440 1055 τῷ
473 981 576 1056 βίῳ
605 979 818 1050 κακίαν,
850 977 902 1048 ἐξ
934 976 1107 1033 αὐτῶν
1163 975 1579 1052 βλαπτομένων.
1613 977 1703 1038 Ὠς
1761 977 1862 1052 γὰρ
1912 972 2016 1038 ἓως

361 1072 456 1127 τοῦ
512 1075 602 1124 νῦν
659 1069 686 1123 ὁ
749 1068 1011 1141 μακάριος
1069 1061 1233 1120 Δαϐἰδ
1286 1066 1423 1141 πρὸς
1454 1059 1758 1120 θεοσέϐειάν
1814 1085 1873 1120 τε
1924 1063 2013 1119 καὶ

361 1160 622 1237 προνοίας
653 1156 941 1231 ἐπίγνωσιν
976 1153 1202 1234 ὠφελεῖ,
1229 1155 1318 1210 καὶ
1351 1156 1403 1209 οἱ
1449 1154 1498 1227 ἐξ
1540 1155 1707 1209 αὐτοῦ
1757 1153 2010 1231 ὠφελού-

366 1271 517 1324 μενοι
566 1245 1039 1302 ἐπακολουθούσας
1087 1245 1233 1316 αύτῷ
1282 1243 1588 1317 πέμπουσιν
1639 1242 1874 1307 ἐντεῦθεν
1927 1241 2014 1298 ἐπὶ

358 1345 474 1403 τοῖς
503 1337 723 1399 οἰκείοις
779 1337 1172 1411 κατορθώμασι
1215 1336 1312 1398 τὰς
1366 1339 1472 1388 τῶν
1525 1333 1756 1398 ἐπαίνων
1810 1335 2012 1410 φωνάς’

362 1429 505 1486 οὕτω
555 1427 812 1504 Μαρκίων
874 1427 965 1482 καὶ
1027 1428 1081 1482 οἳ
1136 1425 1326 1480 λοιποὶ
1356 1428 1464 1480 τῶν
1497 1421 2014 1498 αἱρετικὰτίγκατα-

361 1519 695 1594 σπειράντων
755 1521 836 1589 τῷ
895 1516 997 1592 βίῳ
1055 1511 1306 1591 δόγματα
1365 1512 1721 1588 βλάπτουσιν,
1763 1513 2012 1566 ἁπάντων

358 1612 466 1662 τῶν
529 1605 580 1677 ἐξ
649 1605 825 1660 αὐτῶν
892 1604 1127 1668 ὶντεῦθεν
1192 1601 1614 1679 βλαπτομένων,
1671 1600 2015 1678 πικροτέροις

357 1695 484 1757 τοὺς
535 1693 1004 1771 προκατάρξαντας
1063 1699 1164 1762 τῆς
1219 1692 1406 1754 κακίας
1453 1688 1867 1764 κολαστηρίοις,
1926 1688 2015 1744 καὶ

359 1783 532 1840 πάλαι
591 1783 743 1857 ὅμως
795 1787 1112 1852 τεθνεῶτας,
1165 1781 1276 1836 ἐκεῖ
1333 1777 1762 1856 παραδιδόντων.
1795 1778 1862 1833 Ei’
1913 1780 2015 1855 γὰρ

358 1871 472 1943 ἕνα,
505 1874 690 1949 φησὶν,
743 1872 831 1928 ἐάν
889 1893 970 1934 τις
1019 1876 1128 1927 τῶν
1193 1876 1401 1947 μικρῶν
1463 1866 1814 1942 σκανδαλίσῃ,
1853 1866 2018 1922 τοῦδε
2051 1912 2094 1976 Β

426 1967 450 1976 -
496 1974 505 1976 _
606 1967 614 1976 .
757 1961 810 1976 ν.
1009 1961 1019 1976 .
1227 1961 1239 1976 .
1421 1957 1434 1976 ρ
1629 1955 1652 1976 μ
1691 1958 1706 1976 π
1837 1961 1860 1972 -
1908 1959 2012 1976 mm

358 1967 455 2018 τοῦ
487 1967 720 2026 θανάτου
751 1961 898 2032 ἄξιος
929 1961 1192 2032 κρίνεται,
1220 1961 1248 2014 ὁ
1273 1957 1589 2026 τοσούτους,
1625 1955 1717 2012 διὰ
1767 1961 1865 2011 τοῦ
1905 1959 2014 2031 (39)

367 2053 660 2125 μοχθηροῦ
692 2050 814 2126 βίου
845 2049 982 2123 ηρὸς
1027 2049 1319 2125 διαφθορὰν
1369 2050 1516 2118 ἡθῶν
1559 2043 2015 2102 καταλελοιπέναι

363 2137 760 2214 ὑποδείγματα,
794 2138 828 2207 ἢ
863 2138 1172 2214 φθοροποιᾶ
1214 2141 1406 2213 ψυχῶν
1455 2135 1743 2215 ἀναφυέναι
1787 2137 1898 2210 (40)
1948 2137 2016 2191 τὰ

358 2226 627 2303 δόγματα,
662 2224 1054 2300 σκανδαλίζων,
1077 2226 1190 2288 καὶ,
1227 2227 1362 2299 μετὰ
1389 2225 1480 2280 τὸν
1517 2225 1726 2280 οίκοῖον
1761 2224 2011 2295 θάνατον,

357 2319 606 2372 ἁπάντων
653 2313 713 2371 ἂν
770 2321 880 2371 τῶν
933 2313 1003 2370 δι’
1035 2316 1196 2370 αὐτὸν
1257 2314 1713 2386 ἀποθνησκόντων
1772 2314 2012 2369 θανάτων

363 2405 659 2468 ὑπεύθυνος
710 2405 870 2476 ἀξίως
927 2405 1016 2460 καὶ
1073 2402 1296 2466 δικαίως
1347 2403 1708 2482 ἀποφανθείη,
1740 2405 1856 2458 καθ’
1885 2400 2016 2458 ἓκα-

360 2517 485 2550 στον
511 2499 619 2549 τῶν
655 2492 724 2549 δι’
771 2494 929 2549 αὐτὸν
977 2492 1496 2570 τραυματιζομένων
1543 2492 1579 2562 ἢ
1638 2492 2013 2564 ἀποθνησκόν-

357 2605 464 2640 των
495 2583 745 2652 ένταῦθα,
775 2583 912 2637 κατὰ
960 2583 1051 2638 τὸν
1113 2582 1224 2638 ἐκεῖ
1279 2581 1450 2637 αἰῶνα
1502 2580 2013 2655 τραυματιζομένου

359 2694 418 2728 τε
455 2677 553 2727 τοῦ
601 2671 783 2726 αῗτίου
841 2671 931 2726 καὶ
988 2671 1444 2741 ἀποθνήσκοντος.
1506 2671 1574 2728 Εἴ
1629 2668 1687 2724 δὲ
1743 2670 1832 2725 καὶ
1880 2671 2015 2725 κατὰ

358 2765 551 2817 τοῦτον
583 2761 675 2816 τὸν
729 2761 930 2830 τρόπον
981 2761 1035 2815 αἱ
1092 2760 1187 2833 μὶν
1233 2759 1531 2836 προάγουσι
1577 2759 1818 2834 πράξεις,
1851 2761 1906 2813 αἱ
1956 2755 2014 2813 δὲ

357 2848 816 2914 ἐπακολουθοῦσιο
847 2847 938 2903 καὶ
986 2847 1166 2922 ὥσπερ
1211 2849 1266 2903 αἱ
1320 2849 1423 2903 ὑπὸ
1470 2847 1657 2910 κακίας
1709 2845 2012 2902 ἐπακολου-

363 2937 551 2992 θοῦσαι
606 2935 815 3010 μείζονι
863 2933 1088 2992 κολάσει
1131 2937 1223 2992 τὸν
1271 2935 1446 2992 αἶ’τιυν
1504 2942 1611 2993 τῶν
1639 2939 1757 2992 καθ’
1787 2933 2009 2992 ἕκαστον

356 3025 753 3103 βλαπτομένων
785 3023 1203 3102 παραδιδόασιν·
1238 3027 1294 3080 αἱ
1327 3023 1384 3081 δὲ
1425 3026 1532 3080 ἀπὸ
1579 3027 1774 3099 ἀρετῆς
1829 3026 2012 3098 μειζό-

353 3136 458 3170 νων
489 3117 607 3170 καθ’
634 3111 856 3170 ἕκαστον
889 3118 995 3168 τῶν
1041 3113 1442 3192 ὠφελουμένων
1494 3134 1553 3169 τε
1610 3113 1700 3168 καὶ
1759 3113 1866 3168 ἀπὸ
1916 3134 2014 3168 κα-

356 3203 476 3267 κίας
525 3203 960 3277 ἐπιστρεφόντων
1017 3203 1109 3257 τὸν
1164 3199 1489 3257 διδάσκαλον
1538 3206 1709 3277 γερῶν
1765 3203 2010 3275 ἀξιοῦσι·

2127 622 2376 688 fernum,
2403 631 2452 674 et
2484 621 2768 693 supplicia
2803 621 3002 677 damni
3033 623 3370 678 auctoribus
3402 621 3519 676 illic
3553 639 3767 695 propa-

2124 716 2293 779 rant;
2327 709 2446 764 ulia
2473 726 2608 766 vero
2659 711 3125 782 subsequuntur,
3160 727 3369 783 nempe
3414 727 3638 783 eorum,
3673 713 3769 784 qui

2123 801 2296 855 etiam
2332 799 2402 854 ab
2434 798 2724 871 illis,post
2754 799 2988 854 illorum
3023 805 3290 864 mortem,
3324 801 3396 856 ob
3431 800 3635 856 relicta
3665 819 3773 858 saa-

2123 888 2252 944 culo
2268 889 2930 960 monumentanequitiaa
2949 890 3776 954 laeduntur.Quemadmodum

2122 977 2278 1033 enim
2321 976 2604 1030 hactenus
2638 978 2843 1030 beatus
2873 975 3052 1031 David
3088 976 3156 1029 ad
3195 975 3294 1029 Dei
3324 973 3546 1030 cultum
3574 981 3632 1030 et
3653 994 3782 1048 pro-

2122 1067 2389 1120 videntia:
2421 1065 2780 1136 agnitionem
2807 1065 2999 1135 juvat,
3035 1069 3092 1119 et
3121 1064 3221 1135 qui
3254 1065 3324 1118 ab
3359 1081 3424 1119 eo
3469 1066 3773 1135 juvantur,

2126 1155 2379 1228 propriis
2411 1153 2682 1225 praeclare
2717 1155 2884 1208 iactis
2913 1153 3049 1209 hinc
3081 1157 3138 1208 et
3171 1152 3410 1209 laudum
3445 1170 3612 1209 voces
3646 1171 3776 1226 qua:

2123 1245 2322 1317 ipsum
2354 1242 2997 1314 sequuntur,emittunt
3027 1261 3039 1298 :
3076 1243 3161 1298 sic
3193 1243 3446 1296 Marcion
3481 1248 3537 1298 et
3557 1243 3775 1316 aliiqui

2125 1334 2392 1390 haretica
2420 1333 2696 1405 dogmata
2718 1333 2775 1387 in
2809 1332 2919 1388 hac
2949 1332 3068 1387 vita
3097 1332 3774 1402 seminavere,damnum

2125 1424 2407 1491 inferunt,
2440 1438 2508 1477 ac
2561 1437 2788 1485 omnes,
2822 1421 2921 1491 qui
2955 1421 3026 1475 ab
3059 1420 3144 1476 eis
3171 1419 3264 1475 hic
3295 1419 3607 1489 lmduntur,
3639 1439 3778 1495 gra-

2123 1511 2382 1568 vioribus
2399 1509 2537 1565 mali
2560 1515 2826 1566 auctores
2843 1509 3289 1582 suppliciis,etsi
3307 1511 3433 1581 jam
3459 1510 3595 1567 olim
3629 1529 3779 1569 mor-

2125 1607 2280 1669 tuos,
2307 1600 2427 1655 illic
2457 1601 2720 1654 tradunt.
2753 1600 2896 1654 Nam
2931 1601 2980 1654 si
3011 1599 3083 1666 is,
3117 1599 3330 1670 inquit,
3361 1602 3463 1671 qui
3494 1618 3678 1657 unum
3709 1619 3780 1659 ex

2125 1690 2386 1764 parvulis
2417 1688 2920 1756 scandalizaverit,
2949 1688 3049 1743 tali
3085 1694 3273 1744 morte
3303 1690 3518 1763 dignus
3539 1691 3772 1761 judica-

2127 1784 2224 1834 tur
2252 1780 2400 1850 ‘,qui
2430 1782 2516 1834 tot
2537 1794 2602 1833 ac
2630 1783 2824 1832 tantos
2851 1776 3288 1848 scandalizavit,
3321 1780 3462 1834 dum
3497 1779 3777 1852 improbas

2126 1869 2255 1924 vitae
2287 1869 2359 1923 ad
2392 1867 2781 1938 corruptelam
2816 1883 3046 1922 morum
3073 1866 3352 1940 relinquit
3381 1869 3778 1942 exempla,aut

2124 1956 2456 2028 perniciosa
2485 1955 2797 2011 animabus
2829 1955 3073 2026 pellulat
3104 1956 3399 2027 dogmata,
3425 1959 3629 2014 mortis
3651 1977 3777 2016 om-

2126 2045 2418 2116 nium,qui
2441 2049 2678 2116 propter
2698 2061 2830 2099 eum
2861 2045 3213 2112 moriuntur,
3241 2049 3525 2117 reusjure
3556 2066 3623 2105 ac
3653 2067 3776 2106 me-

2125 2135 2237 2190 rito
2261 2133 2674 2204 judicetur,ita
2706 2138 2973 2205 ut,prout
2998 2133 3214 2206 singuli
3245 2142 3484 2207 propter
3511 2155 3644 2194 eum
3679 2139 3774 2196 hic

2123 2227 2634 2289 vulnerantur,aut
2665 2221 3017 2287 moriuntur,
3051 2223 3177 2294 ipse
3207 2232 3409 2279 auctor
3437 2226 3495 2281 in
3529 2226 3628 2283 illa
3658 2229 3780 2285 vita

2121 2313 2464 2369 vulneretur
2491 2317 2548 2366 et
2580 2313 2887 2366 moriatur.
2923 2313 3082 2377 Quod
3105 2312 3150 2367 si
3178 2314 3330 2369 649
3358 2315 3533 2371 etiam
3567 2334 3776 2373 secun-

2123 2404 2265 2458 dum
2299 2402 2451 2457 hanc
2484 2401 2766 2456 rationem
2801 2400 2929 2456 alia:
2963 2401 3197 2472 quidem
3235 2406 3568 2473 princedunt
3597 2406 3774 2462 actio-

2124 2508 2249 2561 nes,
2299 2491 2424 2545 aliaa
2474 2506 2608 2544 vero
2659 2490 3139 2561 subsequuntur;
3174 2491 3222 2545 si
3272 2495 3774 2562 quemadmodum

2124 2596 2252 2650 quae
2285 2594 2355 2634 ex
2386 2578 2649 2650 nequitia
2703 2584 3164 2648 consequuntur,
3200 2581 3408 2651 majori
3458 2583 3772 2655 supplicio,

2126 2673 2299 2740 prout
2328 2668 2581 2740 quisque
2612 2667 2861 2733 laeditur,
2885 2667 3024 2722 mali
3052 2674 3350 2725 auctorem
3381 2671 3660 2742 tradunt;
3695 2673 3777 2730 ita

2123 2759 2300 2812 etiam
2335 2773 2458 2829 quea
2490 2774 2557 2812 ex
2587 2757 2802 2811 virtute
2841 2761 3778 2836 consequuntur.actiones,prout

2124 2846 2374 2919 quisque
2413 2847 2660 2917 juvatur
2706 2851 2807 2900 aut
2839 2863 2871 2902 a
2905 2845 3043 2901 vitio
3094 2854 3416 2916 revocatur,
3453 2852 3777 2921 majoribus

2127 2936 2381 3008 prmmiis
2405 2935 3323 3012 magistrumaugent;habetque
3347 2939 3602 3008 profecto
3616 2940 3774 3013 virgo

2123 3043 2192 3082 ex
2224 3030 2473 3094 utraque
2523 3029 2707 3095 parte,
2742 3024 2879 3080 vitio
2928 3030 3030 3078 aut
3077 3025 3312 3095 virtute,
3344 3027 3489 3082 alias
3539 3030 3776 3098 quidem

2123 3114 2517 3186 praecedentes
2537 3111 2974 3178 actiones,alias
2997 3129 3129 3167 vero
3161 3121 3588 3186 consequentes
3613 3135 3625 3186 ;
3663 3117 3771 3173 mi-

2123 3220 2254 3260 sera
2285 3201 2523 3273 quidem
2572 3199 2672 3256 illa
2720 3206 2828 3269 est,
2861 3217 2993 3272 quae
3023 3207 3232 3274 pragter
3270 3221 3503 3276 poenam
3553 3208 3776 3279 proprii

355 3292 447 3348 καὶ
478 3294 514 3362 ἡ
549 3293 812 3369 παρθένος
845 3292 947 3367 ἄρα
979 3289 1095 3366 ἔχει
1151 3292 1302 3354 τινὰς
1351 3292 1470 3355 καθ’
1521 3290 1771 3367 ἑκάτερον
1819 3290 2014 3360 ἀρετῆς

2127 3291 2561 3364 peccati,etiam
2594 3291 2666 3346 ob
2693 3289 2941 3345 aliarum
2973 3308 3199 3359 casum,
3234 3293 3452 3363 quibus
3481 3294 3540 3349 in
3573 3313 3774 3366 pecca-

359 3382 394 3452 ἢ
425 3380 636 3450 κακίας,
666 3382 762 3444 τὰς
823 3382 917 3454 μὲν
978 3381 1327 3456 προαγούσας
1381 3381 1621 3453 πράξεις,
1675 3381 1770 3442 τὰς
1827 3378 1872 3435 δ’
1920 3379 2015 3436 ἐπ-

364 3469 791 3534 ακολουθούσας·
824 3471 914 3524 καὶ
944 3469 1104 3525 ἀθλία
1138 3471 1234 3543 μὶν
1288 3469 1492 3540 ἐκείνη,
1525 3472 1560 3540 ἡ
1607 3470 1743 3546 πρὸς
1799 3473 1870 3544 τῇ
1929 3467 2019 3524 διὰ

361 3562 459 3630 τήν
493 3558 700 3615 οἲκείαν
733 3557 999 3634 ἁμαρτίαν
1031 3556 1282 3625 κολάσει,
1313 3559 1404 3614 καὶ
1438 3556 1526 3613 διὰ
1553 3558 1615 3614 τὸ
1652 3562 1760 3613 τῶν
1819 3559 2014 3635 ἑτέρων

363 3654 584 3722 πτῶμα,
619 3650 705 3711 αῖς
761 3645 1002 3718 ὑπέδειξε
1031 3647 1158 3710 τοὺς
1216 3649 1353 3724 πρὸς
1413 3647 1681 3724 ἁμαρτίαν
1737 3645 2018 3718 ὀλίσθους,

364 3739 446 3794 ἀεὶ
497 3737 793 3813 πικροτέρᾳ
845 3736 1069 3792 κολάσει
1137 3735 1591 3814 παραδιδομένηο
1651 3737 2020 3813 τρισμακαρία

2124 3387 2250 3436 tum
2279 3379 2511 3434 labendi
2534 3384 2738 3434 auctor
2770 3379 3140 3451 fuit,semper
3169 3382 3452 3437 acerbiori
3484 3384 3775 3457 supplicio

2123 3469 2382 3525 traditur
2413 3487 2425 3524 :
2461 3475 2521 3524 at
2551 3475 2639 3523 ter
2670 3469 2856 3534 lieata,
2890 3485 3020 3540 qua
3053 3475 3259 3540 praeter
3307 3473 3570 3544 proprias
3610 3491 3775 3531 coro-

2127 3575 2255 3628 nas,
2288 3558 2465 3613 etiam
2516 3564 2750 3630 propter
2779 3556 2930 3626 illas,
2966 3575 3094 3630 quae
3143 3559 3201 3613 in
3234 3559 3396 3616 illius
3447 3562 3776 3622 imitatione

2127 3651 2504 3716 coronantur,
2537 3663 2640 3719 pro
2689 3645 2942 3718 singulis
2976 3651 3108 3718 post
3140 3655 3383 3705 mortem
3418 3650 3477 3706 in
3526 3651 3630 3708 illa
3657 3655 3776 3713 vita

2129 3742 2464 3793 coronatur.

369 3825 426 3882 δὶ
457 3825 660 3895 ἐκείνη,
693 3827 728 3894 ἠ
762 3825 898 3900 πρὸς
930 3830 1052 3888 τοῖς
1086 3823 1247 3888 ίδίοις
1278 3830 1560 3904 στεφάνοις
1588 3825 1680 3881 καὶ
1713 3823 1804 3881 διὰ
1832 3826 1925 3889 τὰς
1956 3825 2022 3882 ἐκ
2047 3829 2144 3880 τοῦ
2173 3825 2309 3901 πρὸς
2338 3822 2504 3892 αὐτὴν
2560 3821 2732 3894 ζήλου
2786 3826 3232 3900 στεφανουμὲνας,
3263 3829 3385 3891 καθ’
3413 3827 3639 3901 ἑκάστην
3690 3832 3780 3887 καὶ

369 3913 503 3988 μετᾶ
533 3913 759 3968 θάνατον
794 3911 931 3968 κατᾶ
959 3913 1048 3966 τὸν
1082 3911 1193 3967 ἐκεῖ
1223 3912 1394 3969 αἰῶνα
1425 3914 1851 3990 στεφανουμένη.

433 4005 521 4062 34.
548 4003 610 4058 El
654 4001 743 4058 οὖν
780 3999 934 4058 οὐδέν
967 4001 1080 4074 ἐστι
1109 4003 1483 4079 κεκρυμμένον
1517 4003 1545 4057 ’ὀ
1587 4002 1686 4058 οὐκ
1733 4002 2014 4058 ἀποκαλυ-

363 4096 648 4170 φθήσεται,
694 4090 784 4148 διὰ
841 4091 1044 4158 πάντας
1088 4091 1214 4154 τοὺς
1257 4094 1690 4169 προειρημένους
1748 4091 1948 4168 λόγους
1978 4096 2013 4162 ἡ

359 4183 625 4259 παρθένος
654 4182 745 4237 καὶ
780 4181 918 4254 μόνη
955 4179 1107 4253 οὖσα,
1141 4188 1240 4251 τῆς
1272 4182 1386 4254 (41)
1433 4180 1838 4258 ἀναμαρτησίας
1893 4182 2015 4236 εαυ-

362 4278 461 4341 τῆς
494 4273 883 4347 προνοήσεται,
916 4271 976 4325 ού
1008 4271 1100 4334 τὰς
1131 4275 1238 4326 τῶν
1274 4268 1490 4324 λοιπῶν
1533 4271 1830 4344 ἀνθρώπων
1864 4267 2015 4344 ὄψεις

365 4362 554 4434 μόνον,
585 4359 734 4416 ἀλλὰ
763 4357 962 4432 πολλῷ
992 4358 1184 4428 πλέον,
1218 4360 1384 4437 φημὶ,
1415 4359 1510 4422 τὰς
1552 4360 1746 4429 ἑαυτῆς
1786 4359 1875 4414 καὶ
1905 4362 2012 4413 τῶν

359 4453 687 4525 ἁπανταχοῦ
773 4449 1029 4524 ὁρώντων
1107 4447 1354 4524 ἀγγέλων
1440 4447 1807 4524 ἐντρεπομένη
1846 4493 1858 4506 .
1918 4449 2018 4503 Διὰ

355 4544 518 4598 τοῦτο
568 4539 694 4615 γὰρ,
754 4537 943 4613 φησὶν,
1005 4535 1212 4614 ὀφείλει
1267 4539 1302 4606 ὴ
1361 4537 1493 4612 γυνή
1565 4536 1805 4610 ἐξουσίαν
1866 4534 2013 4612 ἔχειν

358 4629 448 4717 ἐπὶ
505 4635 608 4717 τῆς
659 4623 910 4717 κεφαλῆς
971 4623 1060 4681 διὰ
1115 4625 1243 4688 τοὺς
1304 4623 1590 4717 ἀγγέλους.
1623 4627 1698 4717 Οὐ
1751 4627 1852 4703 γὰρ
1910 4625 2012 4696 δεῖ,
2045 4653 2092 4717 D

356 4715 453 4772 κᾶν
510 4715 564 4771 ἐν
619 4713 759 4789 οἷειῳ
819 4717 959 4789 μόνη
1019 4717 1305 4786 καθέζηται
1365 4716 1486 4770 καθ’
1517 4715 1709 4784 ὲαυτὴν
1740 4719 1775 4784 ἡ
1816 4717 2017 4792 παρθέ-·

357 4826 471 4874 νος,
509 4803 649 4859 διότι
697 4803 889 4876 μηδεὶς
920 4806 1148 4880 πάρεστι
1190 4809 1298 4860 τῶν
1346 4804 1670 4880 ἀνθρώπων,
1705 4802 2016 4880 ἀδιαφόρως

360 4895 720 4969 γυμνοῦσθαι.
755 4891 1060 4969 ΙΙολὺιγὰρ,
1095 4893 1260 4971 φημὶ,
1296 4892 1580 4969 ἔπαγωγὸς
1624 4895 1659 4962 ἡ
1713 4893 1871 4968 φύσις
1915 4898 2016 4948 τοῦ

359 4983 584 5054 θήλεος,
642 4987 811 5037 πᾶσαν
874 4981 1071 5058 ἅρῥενα
1144 4982 1301 5061 φύσιν
1354 4984 1472 5038 καθ’
1531 4983 1724 5048 ἑαυτῆς
1785 4981 2016 5037 ἐπισπά-

361 5083 572 5137 σασθαι.
604 5071 704 5126 Καὶ
744 5068 805 5126 ού
837 5068 927 5125 διὰ
954 5074 1116 5126 τοῦτο
1152 5070 1315 5143 μόνον
1371 5070 1733 5146 φυλάττεσθαι
1779 5068 1860 5126 δεῖ
1917 5072 2013 5134 τὰς

356 5166 468 5218 τῶν
501 5159 775 5235 δαιμόνων
814 5159 1096 5236 ἐπηρείας,
1128 5160 1372 5236 ἀοράτως
1413 5159 1798 5237 ἐφεδρευούσας
1853 5163 2013 5234 ἡμῖν,

357 5250 440 5306 ἀεὶ
483 5248 910 5318 ὑποπτεύουσαν,
941 5246 1088 5303 ἀλλὰ
1139 5247 1231 5303 καὶ
1280 5246 1370 5303 διὰ
1425 5247 1552 5313 τοὺς
1608 5255 1790 5319 πᾶσιν,
1823 5251 2013 5328 φησίν,

356 5337 678 5414 αἰδεσίμους
726 5335 996 5415 ἀγγέλους
1065 5336 1308 5409 ἰξουσίαν
1361 5333 1508 5413 ἔχειν
1559 5338 1791 5417 ὀφείλει.
1849 5341 2012 5416 Ἀνὴρ

360 5427 604 5508 μὲνγὰρ,
638 5429 712 5492 ὡς
768 5431 866 5483 τοῦ
927 5424 1221 5504 ἀγγελικοῦ
1271 5425 1474 5502 τρόπον
1533 5429 1654 5483 τινὰ
1702 5428 2011 5503 ἀξιώματος

426 5555 448 5590 δ
477 5544 686 5602 Matth.
717 5561 878 5612 xvm,
908 5545 961 5600 6.
1037 5545 1059 5579 ⁸
1089 5544 1298 5602 Matth.
1330 5561 1386 5614 x,
1417 5545 1510 5604 26.
1586 5546 1607 5582 θ
1636 5551 1657 5599 l
1689 5550 1814 5602 Cor.
1848 5563 1927 5616 ιι,
1959 5548 2044 5603 10.

446 5666 536 5736 39)
563 5666 690 5719 Τοῦ.
725 5663 1088 5736 Legendum,
1117 5660 1201 5736 τό.

446 5666 514 5722 39
563 5666 690 5719 Τοῦ.
725 5666 1088 5736 Legendum,
1117 5666 1201 5717 τό.

429 5666 538 5810 ίωζ
566 5733 906 5816 ’Λναφυὲναι.
937 5736 1126 5806 Forte,
1160 5735 1514 5814 ἀναφανῆναι.
1548 5737 1706 5794 Εῡιτ.

2195 4003 2283 4059 3ι.
2316 4003 2372 4057 Si
2405 4003 2585 4074 igitur
2614 4001 2759 4059 nihil
2790 4006 2880 4058 est
2909 4003 3202 4060 occultum
3228 4007 3381 4076 quod
3418 4025 3533 4064 non
3566 4010 3782 4068 revela-

2125 4091 2283 4147 bitur
2312 4093 2353 4164 ⁵,
2390 4097 2622 4164 propter
2671 4109 2875 4148 omnes
2928 4095 3234 4164 praedictas
3279 4095 3537 4153 rationes
3586 4101 3773 4172 virgo,

2125 4182 2354 4236 etiamsi
2389 4180 2512 4236 sola
2538 4181 2807 4245 sit,dabit
2835 4198 3070 4252 operam
3099 4191 3161 4236 ut
3194 4190 3492 4253 peccatum
3519 4189 3782 4260 effugiat,

2125 4287 2239 4326 non
2273 4268 2467 4325 solum
2495 4269 2855 4341 reliquorum
2891 4269 3195 4325 hominum
3230 4271 3450 4340 oculos,
3480 4275 3579 4329 sed
3605 4277 3781 4332 etiam

2128 4359 2314 4414 multo
2374 4360 2562 4431 magis
2617 4376 2757 4414 suos
2817 4359 3008 4430 ipsius
3059 4376 3123 4414 ac
3173 4361 3513 4430 angelorum
3564 4365 3784 4438 ubique

2127 4453 2498 4520 spectantum
2551 4447 2817 4502 reverita.
2852 4453 3151 4518 Propterea
3185 4452 3328 4504 enim
3360 4450 3534 4522 debet,
3568 4454 3784 4527 inquit,

2127 4538 2328 4592 mulier
2368 4540 2688 4608 potestatem
2720 4537 2921 4592 habere
2961 4554 3128 4598 supra
3157 4543 3319 4610 caput
3339 4549 3568 4614 propter
3614 4561 3783 4616 αηοε-

2126 4628 2209 4682 los
2238 4626 2412 4682 “.Non
2446 4626 2602 4681 enim
2635 4631 2884 4698 oportet,
2942 4631 3004 4682 ut
3033 4627 3264 4684 etiamsi
3318 4630 3442 4686 sola
3487 4635 3647 4689 domi
3688 4651 3782 4691 se-

2124 4716 2260 4771 deat
2299 4715 2460 4788 virgo
2494 4721 2801 4786 propterea
2831 4717 2986 4787 quod
3021 4717 3220 4773 nullus
3253 4719 3418 4776 adest
3449 4720 3778 4792 hominum,

2124 4804 2529 4860 indifferenter
2554 4804 3087 4862 nudetur.Multum
3111 4809 3266 4862 enim
3292 4814 3486 4864 statuo
3509 4827 3636 4865 esse
3658 4811 3782 4868 ille-

2124 4894 2432 4949 cebrarum
2485 4893 2541 4946 in
2593 4893 2845 4948 feminea
2893 4899 3122 4964 natura,
3159 4901 3224 4950 ut
3271 4914 3501 4952 onmem
3551 4899 3778 4957 virilem

2126 4988 2397 5037 naturam
2430 4981 2488 5035 in
2521 4982 2906 5054 semetipsam
2939 4983 3152 5039 trahat.
3189 4985 3388 5057 Neque
3419 4986 3490 5041 ob
3523 5002 3646 5041 eam
3684 5005 3780 5045 so-

2124 5071 2248 5127 lum
2280 5086 2517 5127 causam
2551 5069 2803 5141 injurias
2833 5072 3336 5144 daemonum,quae
3371 5075 3540 5131 nobis
3574 5075 3784 5134 invisi-

2122 5160 2321 5217 biliter
2349 5158 2730 5227 insidiantur,
2764 5177 2968 5217 cavere
2998 5163 3170 5217 debet
3197 5179 3264 5218 ac
3296 5179 3530 5236 semper
3572 5183 3782 5239 suspe-

2124 5257 2250 5308 ctas
2267 5249 2484 5306 habere
2511 5267 2523 5318 ;
2557 5251 2658 5306 sed
2685 5250 2858 5306 etiam
2893 5251 2966 5305 ob
2990 5252 3335 5307 reverendos
3358 5253 3659 5323 omnibus,
3690 5258 3781 5313 in-

2125 5340 2273 5413 quit,
2305 5339 2544 5413 angelos
2591 5342 2943 5411 potestatem
2977 5339 3193 5396 habere
3240 5341 3432 5398 debet.
3464 5343 3568 5399 Vir
3595 5346 3776 5417 enim,

2123 5446 2257 5486 cum
2290 5427 2616 5503 angelicam
2667 5428 3103 5500 quodammodo
3143 5433 3492 5503 potestatem
3540 5432 3773 5507 habent,

2189 5664 2302 5736 (41)
2333 5663 2472 5737 Τῆς.
2520 5663 2613 5737 Sic
2661 5667 3134 5737 mss.__quatuor.
3186 5664 3360 5737 Editi,
3391 5665 3504 5727 τάς.
3548 5667 3771 5724 Ibidem

2123 5731 2508 5805 un'us'codex,
2541 5733 2752 5789 ἑαυτοῦ·
2787 5731 2961 5804 alius,
2990 5734 3208 5807 ἑαυτήν.
