4124 6378
361 389 483 449 739

1297 388 1695 451 APPENDIX
1735 390 2068 455 OPERUM
2109 394 2176 454 S.
2222 393 2507 458 BASILII
2551 396 2828 460 MAGNI.

3667 407 3805 468 ’140

359 522 517 577 nudo
548 521 736 592 capite
767 521 1070 577 sodalibus
1108 521 1355 610 ﬁdenter
1378 537 1441 575 se
1473 522 1764 578 ostendat.
1799 523 1987 580 Muliei

2127 521 2224 593 ὢν,
2248 530 2431 600 γυμνῇ
2461 531 2527 600 τῇ
2559 525 2774 603 κεφαλῇ
2805 534 2920 592 τοῖς
2951 528 3211 606 φράτορσι
3244 532 3463 606 θαρσῶν
3494 534 3801 610 έωράσθω.

363 616 584 678 autem,
619 627 747 683 quae
777 611 958 666 multo
990 609 1346 677 inferiorem,
1369 626 1545 681 quam
1579 611 1900 680 vir,sortita
1929 630 1987 669 es

2127 614 2268 700 Γυνὴ
2321 612 2379 669 δὶ
2437 613 2632 690 ἀνδρὸς
2689 615 2890 689 πολλῷ
2946 617 3154 674 ἐλάττω
3187 618 3439 696 λαχοῦσα
3467 609 3799 700 τὴνφύσιν,

362 708 635 756 naturam
692 706 1035 772 potestatem
1076 699 1284 754 habeat
1317 699 1374 754 in
1408 701 1633 773 capite;
1669 719 1836 757 suam
1872 720 2014 774 prs:-

359 789 627 846 slantiori
677 789 1178 855 summissionem,
1214 788 1483 843 habendo
1543 795 1894 861 potestatem
1954 790 2013 845 in

359 880 567 951 capite,
619 880 892 933 decenter
939 879 1244 933 conﬁtens.
1277 883 1606 947 Propterea,
1637 879 1852 950 inquit,
1885 879 2013 950 ipsa

357 969 532 1022 etiam
570 972 779 1021 natura
811 965 1041 1037 capillis
1071 982 1273 1021 earum
1308 973 1486 1038 caput
1532 967 1590 1020 in
1626 969 1837 1022 vertice
1879 983 2012 1022 con-

357 1059 520 1121 texit,
554 1073 661 1111 sua
692 1061 899 1126 sponte
949 1057 1186 1124 docens,
1221 1073 1335 1111 non
1387 1062 1673 1127 oportere,
1709 1062 1772 1110 ut
1805 1056 2013 1112 mulier

357 1162 644 1217 unquam,
679 1162 792 1200 non
826 1144 1017 1200 solum
1069 1145 1181 1200 alio
1223 1146 1420 1217 aliquo
1471 1147 1756 1216 membro,
1804 1148 1905 1202 sed
1941 1163 2012 1202 ne

353 1238 545 1308 capite
569 1235 806 1306 quidem
840 1235 1236 1290 indiil‘erenter
1284 1237 1571 1302 nudetur;
1605 1241 1661 1290 et
1708 1237 1845 1307 quia
1873 1236 2007 1292 solm

351 1325 669 1394 interdum,
702 1322 844 1378 viris
894 1323 1256 1390 absentibus,
1303 1324 1361 1378 id
1402 1324 1592 1378 facere
1641 1341 1754 1379 non
1806 1342 2005 1380 veren-

347 1420 463 1482 tur,
517 1412 996 1469 vencrabiliorem
1047 1412 1187 1467 viris
1237 1411 1580 1482 dignitatem
1632 1413 1865 1483 adjecit,
1918 1415 2003 1470 di-

344 1521 484 1560 cens
517 1521 530 1558 :
558 1506 782 1575 prapter
829 1503 1072 1572 angelos,
1107 1502 1205 1573 qui
1255 1502 1475 1574 ubique
1525 1503 1742 1558 adsunt
1787 1509 1844 1559 et
1874 1521 2002 1576 quas

340 1599 628 1665 geruntur
673 1594 889 1648 vident.
942 1593 1295 1647 Revereatur
1349 1608 1486 1663 ergo
1536 1593 1731 1648 omnis
1766 1593 1999 1660 mulier,

341 1684 535 1738 adhuc
581 1687 778 1738 autem
831 1681 1018 1737 multo
1053 1682 1244 1753 magis
1275 1683 1436 1752 virgo
1468 1681 1734 1753 angelos,
1767 1684 1999 1739 etiamsi

343 1772 469 1828 sola
515 1772 738 1844 absque
783 1771 1127 1826 hominibus
1186 1770 1344 1825 domi
1406 1776 1669 1826 versetur
1704 1789 1716 1826 :
1751 1776 1807 1826 et
1863 1789 1997 1828 cum

342 1863 662 1918 necessitas
723 1861 940 1915 incidet
987 1860 1233 1916 curandi
1291 1860 1573 1932 corporis,
1615 1867 1672 1916 et
1721 1867 1898 1933 caput
1941 1868 1997 1917 et

341 1951 578 2023 singula
617 1965 982 2021 componens
1038 1967 1184 2020 opus
1244 1956 1536 2022 properet,
1596 1956 1652 2005 et
1709 1957 1996 2022 quantum

342 2040 464 2096 fieri
498 2040 944 2112 potest,operiat
977 2039 1350 2105 membra,ita
1381 2045 1444 2093 ut
1476 2055 1588 2094 non
1625 2039 1821 2095 solum
1855 2057 1996 2096 suos

338 2130 529 2202 ipsius
571 2145 637 2184 ac
696 2128 1037 2199 angelorum
1096 2127 1298 2184 oculos
1357 2145 1588 2201 semper
1643 2135 1994 2200 revereatur,

338 2221 440 2276 sed
475 2219 650 2275 etiam
683 2223 968 2290 tanquam
1000 2217 1058 2270 in
1110 2217 1345 2288 proprio
1377 2219 1709 2273 exercendis
1758 2219 1994 2290 pietatis

337 2308 594 2364 sacrario
648 2308 717 2363 ad
766 2307 1048 2380 pudorem
1097 2306 1476 2377 semetipsam
1521 2307 1787 2363 studiose
1830 2325 1992 2364 exer-

336 2402 486 2454 ceat.

405 2577 494 2633 35.
527 2576 689 2640 Quod
723 2575 771 2630 si
804 2591 874 2630 ne
898 2577 1022 2629 tum
1054 2574 1293 2646 quidem
1317 2591 1450 2630 cum
1475 2574 1601 2631 sola
1629 2580 1737 2640 est,
1760 2575 1990 2632 indiffe-

331 2672 528 2722 renter
577 2664 920 2728 nudabitur,
954 2663 1142 2718 multo
1185 2663 1394 2734 magis,
1431 2663 1710 2719 fratribus
1743 2665 1800 2720 in
1833 2667 1989 2722 050

327 2757 560 2812 Christo
607 2753 1020 2827 praesentibus,
1057 2753 1434 2824 semetipsam
1477 2759 1534 2808 et
1565 2753 1763 2809 tunica
1793 2760 1851 2809 et
1882 2773 1988 2826 pu-

326 2847 467 2900 dore
484 2845 744 2900 modeste
765 2841 1094 2909 exornabit;
1117 2858 1232 2896 non
1257 2841 1448 2897 solum
1471 2841 1699 2897 nullum
1723 2860 1791 2898 ex
1810 2861 1988 2900 mem-

330 2935 475 3004 bris,
507 2951 634 3006 quie
667 2937 828 2988 veste
859 2932 1180 3004 operienda
1222 2935 1384 2998 sunt,
1418 2933 1629 2988 nudari
1664 2939 1882 2989 temere
1914 2935 1989 2990 si-

330 3028 614 3093 nens,sed
650 3026 908 3080 maxima
937 3025 1113 3079 etiam
1147 3025 1468 3080 attentione
1498 3026 1876 3096 semetipsam
1911 3028 1983 3082 ad

330 3119 615 3173 damnum
648 3115 953 3170 vitandum
980 3131 1362 3186 componens,
1391 3120 1454 3168 ut
1483 3131 1600 3170 non
1633 3115 1820 3170 solum
1857 3116 1987 3187 ipsa

2126 697 2367 772 ἐξουσίαν
2403 704 2578 781 ἐχέτω
2609 705 2696 760 ἐπὶ
2725 710 2827 772 τῆς
2855 715 3100 785 κεφαλῆς
3126 726 3138 740 ·
3192 704 3282 763 διὰ
3337 714 3435 765 τοῦ
3485 697 3635 788 ἔχειν
3699 697 3800 770 έπῖ

2123 799 2223 861 τῆς
2279 793 2523 872 κεφαλῆς
2579 797 2675 865 τὴν
2731 795 3005 867 ἐξουσίαν,
3065 799 3166 868 τήν
3224 799 3360 875 πρὸς
3416 802 3478 856 τὸ
3535 808 3796 878 κρεῖττον

2127 881 2401 958 ὑποταγὴν
2436 884 2801 960 εὐσχημόνως
2853 887 3223 963 ὁμολογοῦσα.
3263 889 3361 944 Διά
3402 889 3587 961 τοῦτο,
3622 894 3798 967 φησὶ,

2121 971 2212 1025 καὶ
2274 973 2408 1041 αὐτή
2441 976 2475 1042 ἡ
2529 974 2685 1051 φύσις
2743 980 2860 1037 ταῖς
2919 976 3054 1052 θριξὶ
3113 978 3213 1046 τὴν
3269 977 3512 1056 κεφαλὴν
3571 983 3797 1038 τούτων

2122 1057 2323 1116 ἄνωθεν
2399 1061 2772 1138 ἐπεκάλυψεν,
2833 1065 3019 1130 αὐτόθι
3079 1069 3187 1138 (42)
3264 1066 3634 1137 παιδεύουσα,
3699 1073 3792 1128 ὅτι

2118 1152 2384 1223 προσήκει
2417 1158 2648 1227 γυναῖκα
2681 1151 2980 1227 μηδέποτε,
3015 1155 3121 1231 οὐχ
3152 1155 3236 1210 ὅτι
3279 1155 3421 1213 ἄλλο
3450 1180 3503 1215 τι
3534 1165 3643 1215 τῶν
3683 1184 3793 1235 με-

2120 1235 2254 1310 λῶν,
2287 1239 2435 1296 ἀλλὰ
2469 1240 2608 1314 μηδὶ
2635 1244 2737 1311 τὴν
2770 1243 3012 1317 κεφαλὴν
3065 1242 3378 1322 ἀδιαφόρως
3408 1252 3784 1322 γυμνοῦσθαι·

2115 1326 2204 1381 καὶ
2238 1326 2426 1398 έπειδή
2462 1329 2622 1402 μόναι
2655 1329 2867 1407 ἀνδρῶν
2903 1335 2979 1404 μή
3031 1332 3314 1408 παρόντων
3368 1333 3479 1390 ἔσθ’
3505 1337 3595 1392 ὅτε
3642 1341 3782 1411 πρὸς

2113 1416 2274 1472 τοῦτο
2331 1421 2749 1493 καταθαρσοῦσι,
2798 1423 2860 1476 τὸ
2913 1418 3338 1500 αῒδεσιμώτερον
3398 1431 3506 1482 τῶν
3564 1425 3767 1504 ἀνδρῶν

2115 1507 2329 1580 ἀξίωμα
2358 1509 2707 1584 προστέθεικε
2751 1514 2880 1585 (43),
2915 1511 3106 1582 εἰπὼν,
3159 1509 3247 1568 διὰ
3299 1513 3428 1579 τοὺς
3483 1516 3778 1593 ἀγγέλους,

2109 1595 2242 1658 τοὺς
2297 1598 2614 1674 ἁπανταχοῦ
2666 1599 2935 1672 παρόντας
2993 1621 3051 1655 τε
3124 1601 3212 1656 καὶ
3287 1603 3354 1658 τὰ
3423 1607 3782 1680 πραττόμενα

2117 1685 2435 1758 βλέποντας.
2471 1685 2748 1754 Αίδείσθω
2781 1689 2871 1744 οὖν
2918 1696 3063 1745 πᾶσα
3111 1693 3271 1766 γυνὴ,
3313 1691 3392 1748 ἔτι
3441 1692 3499 1749 δὶ
3549 1697 3777 1769 μᾶλλον

2110 1777 2144 1842 ἡ
2184 1777 2449 1849 παρθένος
2479 1777 2607 1842 τοὺς
2638 1778 2931 1854 ἀγγέλους,
2963 1780 3052 1835 καὶ
3089 1781 3226 1854 μόνη
3271 1783 3574 1859 ἀνθρώπων
3606 1784 3659 1841 έν
3693 1792 3780 1861 τῷ

2110 1862 2246 1938 οἷ’κῳ
2321 1867 2645 1942 ὑπάρχουσα
2679 1888 2690 1901 ·
2749 1870 2836 1924 καὶ
2917 1871 3042 1924 ὅταν
3112 1867 3386 1948 συμϐαίνῃ
3467 1874 3782 1952 ἀναγκαίως

2110 1953 2490 2026 ἐπιμελεῖσθαι
2517 1957 2614 2012 τοῦ
2675 1959 2954 2030 σώματος,
2984 1958 3051 2014 τά
3101 1981 3159 2014 τε
3204 1961 3339 2017 κατά
3376 1962 3623 2038 κεφαλὴν
3681 1967 3779 2022 καὶ

2104 2045 2172 2098 τὰ
2208 2046 2330 2108 καθ’
2370 2044 2601 2101 ἕκαστον
2654 2047 3106 2122 περιστέλλουσα,
3159 2048 3527 2107 έπισπευδέτω
3573 2056 3637 2110 τὸ
3691 2054 3780 2131 ἔρ-

2107 2153 2226 2207 γον’
2259 2134 2346 2188 καὶ
2395 2135 2470 2197 ὡς
2523 2136 2638 2189 οἷόν
2668 2136 2728 2191 τέ
2761 2134 2926 2202 ἐστιν,
2957 2135 3329 2212 έπικρυπτέτω
3375 2140 3444 2195 τὰ
3495 2141 3668 2215 μέλη,
3704 2146 3770 2201 οὐ

2109 2224 2276 2295 μόνον
2300 2227 2428 2286 τοὺς
2458 2225 2652 2295 ἑαυτῆς
2705 2224 3025 2305 ὀφθαλμοὺς
3065 2227 3153 2281 καὶ
3205 2228 3338 2300 μετά
3365 2229 3577 2286 τούτων
3635 2234 3769 2298 τοὺς

2102 2317 2209 2367 τῶν
2242 2311 2485 2390 ἀγγέλων
2519 2315 2600 2369 ἀεὶ
2651 2313 2970 2387 αἰδουμένη,
3003 2313 3149 2371 ἀλλά
3195 2319 3284 2372 καὶ
3333 2317 3518 2396 ὥσπερ
3569 2321 3623 2377 έν
3689 2324 3777 2379 οἶ-

2104 2402 2238 2474 κείῳ
2288 2401 2609 2479 ἁσκητηρίῳ
2641 2406 2754 2478 (44)
2797 2404 2934 2478 πρὸς
2985 2401 3123 2460 αἰδῶ
3182 2405 3376 2476 ἑαυτὴν
3439 2409 3772 2486 φιλοκάλως

2104 2494 2361 2548 ἀσκοῦσα.

2173 2584 2262 2640 35.
2298 2581 2360 2638 Εἰ
2402 2579 2459 2637 δὲ
2507 2578 2633 2638 οὔτε
2670 2583 2789 2638 καθ’
2837 2583 3027 2651 ἑαυτὴν
3082 2583 3214 2639 οὗσα
3258 2582 3579 2664 ἀδιαφόρως
3626 2591 3766 2647 ἀπο-

2101 2673 2469 2746 γυμνώσεται,
2503 2669 2701 2742 πολλῷ
2731 2670 2919 2744 πλέον,
2951 2669 3197 2749 ἀδελφῶν
3231 2673 3284 2728 έν
3345 2677 3570 2750 Χριστῷ
3621 2701 3765 2756 παρ-

2101 2760 2294 2830 όντων,
2341 2759 2533 2827 έαυτήν
2583 2759 2672 2814 καὶ
2720 2763 2913 2834 χιτῶνι
2975 2758 3063 2813 καὶ
3111 2757 3262 2815 αἰδοῖ
3317 2765 3621 2840 σωφρόνως
3663 2789 3763 2823 κο-

2099 2850 2320 2920 σμήσει⁸
2353 2847 2416 2903 οὐ
2450 2847 2614 2921 μόνον
2649 2845 2799 2904 οὐδέν
2847 2851 2951 2902 τῶν
2998 2845 3200 2920 μελῶν,
3234 2849 3266 2902 ἃ
3316 2847 3399 2905 δεῖ
3438 2856 3508 2925 τῇ
3560 2853 3753 2924 ἐσθῆτι

2096 2936 2463 2994 καλύπτεσθαι
2522 2941 2654 3011 (45),
2716 2939 3186 3011 παραγυμνοῦσθαι
3247 2937 3437 3002 ἀπλῶς
3489 2940 3739 3018 ἀφιεῖσα,

2095 3026 2244 3083 ἀλλά
2271 3027 2361 3082 καὶ
2389 3027 2626 3100 μάλιστα
2656 3030 2934 3102 προσεχῶς
2981 3024 3172 3093 ἑαυτὴν
3204 3027 3340 3100 πρὸς
3389 3029 3452 3083 τὸ
3502 3025 3752 3096 ἀϐλαϐές

2093 3115 2529 3191 περιστέλλουσα
2563 3137 2574 3150 ·
2630 3116 2722 3171 τίνα
2781 3117 2854 3188 μὴ
2925 3113 3086 3187 μόνον
3143 3113 3281 3184 αὸτὴ
3341 3117 3753 3193 ἀνεπηρέαστος

330 3207 512 3262 ἱΙΙωεθ
544 3209 899 3278 permaneat,
933 3205 1032 3259 sed
1066 3205 1240 3259 etiam
1275 3203 1375 3275 qui
1405 3203 1630 3270 vident,
1663 3204 1882 3260 nullam
1917 3223 1984 3261 ex

2101 3207 2258 3281 μένῃ,
2293 3204 2439 3262 ἀλλά
2496 3207 2586 3261 καὶ
2637 3207 2688 3262 οἳ
2736 3208 2965 3277 ὁρῶντες
3019 3200 3290 3277 μηδεμίαν
3351 3203 3412 3260 ἐκ
3463 3213 3568 3276 τῆς
3629 3207 3760 3272 θέας

329 3300 571 3367 aspectu
607 3293 914 3349 materiam
948 3293 1149 3350 damni
1183 3293 1494 3364 accipiant.
1533 3293 1778 3350 Videntes
1809 3298 1977 3365 enim,

2101 3298 2348 3352 ὑπόθεσιν
2415 3291 2628 3372 βλάϐης
2676 3289 3048 3367 λαμϐάνωσιν.
3104 3290 3330 3356 Ἰδόντες
3382 3294 3507 3369 γὰρ,
3563 3296 3756 3372 φησὶν,

329 3383 658 3456 inquit,ﬁlii
685 3384 781 3438 Dei
809 3383 959 3454 ﬁlias
988 3382 1298 3449 hominum,
1335 3381 1474 3454 quod
1504 3389 1681 3439 essent
1708 3385 1978 3452 pulchrae,

327 3475 726 3531 descenderunt
747 3473 816 3526 ad
839 3474 965 3528 illa:
984 3473 1024 3525 ⁷.
1061 3473 1272 3527 idonea
1295 3478 1384 3528 est
1403 3473 1559 3527 enim
1593 3474 1816 3529 nudata
1848 3474 1978 3545 pul-

326 3563 620 3629 chritudo,
663 3566 729 3617 ut
761 3561 913 3618 ﬁlios
962 3562 1136 3617 etiam
1171 3561 1271 3616 Dei
1323 3562 1394 3616 ad
1429 3561 1783 3634 voluptatem
1819 3562 1980 3634 pelli-

325 3655 526 3722 ciat,et
554 3657 836 3722 tanquam
869 3650 1264 3721 homines,qui
1296 3656 1532 3721 propter
1559 3668 1688 3706 eam
1723 3652 1981 3708 moriun-

323 3740 725 3807 tur,mortales
747 3741 982 3795 efﬁciat.
1017 3740 1205 3803 Quare
1240 3756 1354 3794 non
1388 3745 1636 3809 oportet,
1672 3745 1736 3794 ut
1765 3741 1836 3796 de
1867 3759 1976 3799 sua

321 3837 552 3888 tantum
587 3830 901 3886 securitate
932 3827 1204 3896 sollicita,
1237 3844 1440 3883 eorum
1476 3829 1810 3900 salutis,qui
1846 3829 1974 3886 laedi

323 3919 827 3994 pcssunt,nul|am
862 3917 1144 3973 rationem
1179 3917 1391 3973 habeat
1425 3935 1438 3972 :
1473 3919 1571 3973 sed
1606 3919 1779 3975 debet
1811 3921 1978 3976 undi-

321 4027 434 4082 que
465 4014 524 4064 et
549 4026 668 4064 suae
701 4008 886 4080 ipsius
918 4007 1277 4079 virginitatis
1303 4006 1695 4064 inviolabilem
1720 4009 1974 4081 pulchri-

316 4100 580 4155 tudinem
606 4105 921 4165 servare,et
940 4096 1012 4150 iis
1035 4096 1133 4162 qui
1160 4095 1316 4150 illam
1340 4095 1796 4161 vident,lucrum
1821 4101 1969 4168 vitae,

318 4207 430 4245 non
469 4193 711 4243 mortem
763 4203 828 4241 ex
861 4191 1096 4258 peccato
1127 4185 1457 4241 conciliare.
1491 4186 1610 4242 Etsi
1655 4188 1809 4243 enim
1842 4189 1973 4259 ipsa

317 4277 557 4335 conﬁdit
587 4275 944 4348 virginitatis
977 4291 1095 4328 sua;
1130 4274 1300 4329 firmo
1335 4276 1655 4345 proposito.
1686 4277 1860 4333 debet
1884 4283 1970 4333 ta-

316 4385 447 4423 men
481 4383 680 4422 curam
715 4363 1243 4436 gerere,inquit,ut
1273 4380 1344 4418 ne
1375 4369 1554 4434 ponat
1584 4366 1967 4423 offensionem

315 4455 482 4512 fratri
516 4460 617 4508 aut
646 4452 990 4508 scandalum
1023 4453 1064 4507 ⁸.

387 4547 477 4600 36.
514 4543 609 4598 Sic
638 4543 818 4614 igitur
846 4541 1008 4613 virgo
1035 4547 1091 4596 et
1113 4547 1310 4597 mente
1331 4547 1386 4596 et
1409 4550 1568 4598 motu
1593 4550 1651 4600 et
1685 4546 1871 4600 forma
1901 4564 1967 4603 ac

2093 3387 2146 3441 ot
2199 3386 2305 3440 υἱοὶ
2367 3389 2462 3440 τοῦ
2524 3389 2657 3440 Θεοῦ
2732 3384 2826 3444 τὰς
2902 3381 3198 3458 θυγατέρας
3265 3387 3374 3438 τῶν
3425 3385 3752 3458 ἀνθρώπων,

2091 3478 2174 3530 ὅτι
2233 3473 2397 3530 καλαί
2453 3473 2576 3540 εἰσι,
2621 3470 3030 3544 κατηνέχθησαν
3083 3472 3220 3544 πρὸς
3294 3470 3478 3532 αὐτάς.
3538 3473 3749 3530 Ἰκανὸν

2087 3566 2189 3642 γάρ
2234 3562 2346 3619 ἑστι
2404 3558 2928 3634 παραγυμνούμενον
2989 3556 3219 3629 κάλλος,
3278 3561 3368 3613 καὶ
3423 3560 3578 3624 υἱοὺς
3611 3567 3750 3618 Θεοῦ

2087 3654 2224 3729 πρὸς
2255 3650 2459 3721 ἡδονὴν
2484 3651 2797 3724 γοητεῦσαι,
2845 3647 2934 3702 καὶ
2987 3648 3061 3710 ὡς
3109 3648 3430 3724 ἀνθρώπους
3477 3647 3568 3705 διὰ
3615 3650 3747 3707 ταῦ-

2084 3765 2182 3813 την
2216 3740 2657 3809 ἀποθνήσκοντας
2693 3735 2919 3807 θνητοὺς
2950 3733 3250 3809 ἀποδεῖξαι.
3285 3738 3379 3792 Διὸ
3409 3738 3472 3793 οὐ
3517 3736 3603 3794 δεῖ
3643 3745 3744 3796 τοῦ

2085 3835 2278 3900 ἑαυτῆς
2308 3823 2581 3889 ἀϐλαϐοῦς
2639 3827 2802 3900 μόνον
2853 3826 3266 3905 φροντίζουσαν,
3294 3834 3395 3897 τῆς
3442 3831 3551 3883 τῶν
3603 3828 3744 3905 βλα-

2085 3918 2248 3988 ϐῆναι
2295 3918 2605 3992 δυναμένων
2652 3921 3004 3996 καταφρονεῖν
3062 3916 3356 3989 σωτηρίας,
3409 3915 3554 3973 ἀλλά
3597 3939 3742 3974 παν-

2080 4012 2310 4087 ταχόθεν
2361 4009 2450 4064 καὶ
2509 4007 2707 4076 ἑαυτῆς
2769 4005 2967 4062 ἄσυλον
3026 4005 3090 4060 τὸ
3137 4012 3238 4074 τῆς
3289 4005 3580 4082 παρθενίας
3607 4006 3746 4064 κάλ-

2083 4102 2179 4164 λος
2229 4098 2540 4178 φυλάττειν,
2583 4095 2673 4151 καὶ
2722 4100 2840 4158 τοῖς
2893 4096 3092 4170 ὁρῶσιν
3152 4095 3323 4163 αὐτὴν
3385 4097 3495 4167 (46)
3545 4093 3742 4169 κέρδος

2084 4197 2252 4261 ζωῆς,
2295 4189 2384 4243 καὶ
2441 4189 2517 4260 μὴ
2588 4185 2678 4241 τὸν
2749 4184 2798 4257 te
2869 4182 3136 4259 ἁμαρτίας
3187 4185 3414 4239 θάνατον
3482 4205 3742 4261 πραγμα-

2078 4279 2344 4342 τεύεσθαι.
2383 4276 2442 4332 Εἰ
2501 4277 2604 4350 γὰρ
2663 4273 2752 4329 καὶ
2802 4273 2938 4342 αὐτὴ
2982 4271 3207 4328 πέποιθε
3246 4277 3326 4345 τῷ
3374 4275 3474 4342 τῆς
3531 4276 3740 4346 παρθι-

2078 4368 2191 4431 νίας
2220 4366 2475 4437 ἀπτώτῳ,
2511 4361 2638 4418 ἀλλ’
2670 4363 2822 4436 ὅμως
2873 4363 3222 4438 προνοεῖσθαι
3271 4359 3373 4431 δεῖ,
3408 4363 3563 4439 φησὶ,
3598 4363 3744 4420 ὥστε

2082 4458 2159 4532 μή
2188 4456 2392 4510 τιθέναι
2419 4452 2757 4530 πρόσκομμα
2783 4457 2862 4524 τῷ
2891 4449 3110 4529 ἀδελφῷ
3139 4451 3174 4520 ἢ
3209 4449 3528 4508 σκάνδαλον.

2150 4548 2238 4602 36.
2275 4541 2429 4597 Οὕτω
2464 4539 2522 4596 δὲ
2552 4542 2586 4609 ἡ
2619 4542 2878 4616 παρθένος
2906 4542 2994 4595 καὶ
3053 4540 3285 4614 γνώμης
3332 4543 3424 4595 καί
3472 4543 3739 4610 κινήσεως

312 4635 517 4691 habitu
552 4639 608 4686 et
640 4637 896 4704 gestu,et
921 4630 1045 4686 sola
1076 4639 1134 4685 et
1164 4648 1297 4686 cum
1319 4630 1548 4700 aliis,ad
1585 4635 1637 4688 id
1667 4637 1818 4706 quod
1844 4635 1964 4708 pla-

2101 4635 2166 4692 εαὶ
2203 4639 2419 4711 μορφῆς
2451 4631 2541 4685 καὶ
2576 4633 2885 4705 σχήματος,
2915 4630 3004 4684 καὶ
3041 4629 3181 4701 μόνη
3233 4628 3322 4683 καὶ
3375 4631 3491 4701 μετ’
3521 4628 3739 4701 ἄλλων,

311 4729 401 4780 cet
453 4737 670 4795 sponso
701 4737 808 4776 suo
858 4719 1171 4775 salubriter
1199 4722 1545 4792 composita,
1579 4739 1711 4778 cum
1767 4727 1968 4796 sponsi

2101 4726 2218 4796 τρὸς
2269 4723 2332 4778 τὸ
2387 4719 2614 4796 ἀρέσκον
2674 4719 2843 4787 αὐτῆς
2893 4723 2970 4790 τῷ
3029 4715 3251 4794 νυμφίῳ
3280 4713 3484 4794 ἔχουσα
3545 4721 3738 4796 ὑγιῶς,

311 4815 515 4871 amicis
556 4818 714 4868 caste
758 4811 1142 4881 colloquetur.
1175 4811 1300 4865 Non
1344 4827 1499 4866 enim
1533 4815 1602 4867 ad
1658 4813 1966 4873 hominum

309 4906 508 4960 odium
543 4918 672 4957 eam
721 4902 972 4956 ferentes
1006 4898 1388 4969 includimus,
1423 4902 1521 4956 sed
1573 4905 1866 4960 accuratis
1896 4906 1966 4961 li-

310 4992 639 5051 neamentis
659 4996 841 5047 totam
871 5005 902 5043 a
924 4987 1114 5060 capite
1155 5005 1341 5061 usque
1372 4990 1444 5045 ad
1475 4992 1844 5063 pedes,velut
1869 4997 1964 5052 Dei

378 5180 398 5214 τ
427 5181 570 5234 Gen.
603 5195 682 5246 v1,
710 5179 764 5232 2.
841 5177 862 5212 ⁸
893 5176 1061 5232 Rom.
1093 5191 1208 5248 xxv,
1243 5178 1328 5233 13.

404 5386 488 5448 42)
523 5383 744 5445 Λύτόθι.
775 5383 1015 5439 Codices
1049 5384 1339 5452 nonnulli,
1371 5382 1616 5448 αὐτόθεν.

404 5395 488 5448 42)
523 5395 744 5445 Λῡτόθι.
775 5395 1015 5439 Codices
1049 5395 1339 5452 nonnulli,
1371 5395 1616 5448 αὐτόθεν.

379 5395 492 5531 ίᾲλῖζ)
524 5455 896 5531 Ηροστέθεικε.
932 5455 1080 5509 Editi
1111 5457 1358 5522 addunt,
1388 5461 1496 5509 τῶν
1529 5455 1799 5531 ἀγγέλων,
1832 5476 1959 5530 quae

309 5528 520 5583 melius
553 5528 767 5582 desunt
799 5529 854 5580 in
889 5533 1145 5594 quatuor
1178 5545 1320 5582 mss.

377 5601 491 5673 (44)
525 5595 897 5673 ’ᾼσκητῃρίῳ.
931 5599 1428 5673 Qorpusvirginis
1462 5599 1759 5673 intelligit.

401 5666 489 5746 ᾧ)
521 5671 614 5746 _"{\
672 5666 858 5746 δεῖς.
881 5666 1301 5724 καλύπτεσθαιῖ
1333 5670 1422 5725 Sic
1476 5688 1619 5728 mss.
1657 5666 1956 5746 “quatuor.

307 5736 480 5812 Edlti,
510 5738 617 5796 ἀεὶ.
628 5779 641 5795 .
652 5779 665 5796 .
699 5736 1070 5794 καλύπτουσα.

2076 4821 2196 4878 τοῖς
2222 4815 2320 4868 τοῦ
2348 4809 2593 4886 νυμφίου
2647 4807 2829 4884 φίλοις
2875 4811 3124 4883 καθαρῶς
3175 4804 3458 4880 ὁμιλήσει.
3510 4807 3586 4867 Οὐ
3630 4812 3736 4886 γὰρ

2079 4905 2155 4966 gi;
2242 4896 2650 4976 μισανθρωπίαν
2736 4898 2985 4974 φέροντες
3065 4897 3232 4966 αὐτὴν
3319 4898 3738 4972 ἀπεκλείσαμεν,

2077 4992 2204 5051 ἀλλ’
2237 4985 2482 5067 ἀκριϐέσι
2513 4985 2707 5051 τύποις
2738 4985 2874 5058 ὅλην
2907 4985 3108 5042 ἄνωθεν
3156 4987 3262 5041 ἀπὸ
3308 4994 3553 5065 κεφαΛῆς
3599 4987 3737 5065 ἄχρι

2143 5387 2257 5457 (46)
2313 5381 2518 5458 Αὐτήν.
2580 5384 2771 5458 Editio
2824 5383 3174 5458 Parisiensis
3233 5387 3554 5458 pramittit,
3615 5390 3735 5455 καί,

2071 5454 2639 5532 (ιυόἀέυειυιξῑῐιυε,
2675 5455 2814 5532 quia
2843 5454 2901 5508 in
2946 5454 3454 5532 editioneVeneta
3484 5454 3737 5517 et'codi4

2071 5525 2240 5588 cibus
2273 5545 2416 5583 mss.
2453 5530 2634 5600 deest.
2671 5525 2851 5600 Paulo
2883 5533 3014 5596 post
3059 5530 3324 5584 eamdem
3358 5532 3735 5600 conjunctio-

2071 5619 2208 5659 nem
2259 5607 2394 5656 ante
2443 5597 2578 5667 αὐτή
2630 5597 2967 5654 addidimus
3014 5617 3082 5657 ex
3119 5601 3375 5658 editione
3424 5597 3643 5660 Veneta
3675 5613 3738 5664 et

2069 5672 2371 5732 codicibus
2401 5687 2547 5728 mss.
