4124 6356
359 379 473 442 7H

1603 370 1832 433 LIBER
1874 369 1978 430 DE
2018 367 2551 431 VIRGINITATE.

3663 369 3784 430 ’ΜΩ

359 507 542 566 ποδῶν
570 513 704 566 Θεοῦ
734 505 959 583 ἄγαλμα
1000 507 1474 584 ζωγραφήσαντες,
1530 502 1674 558 οὕτω
1717 501 1855 577 πρὸς
1882 499 2009 562 τοὺς

2144 501 2530 569 limulacrum,
2559 503 2956 574 informatam,
2986 505 3072 560 sic
3120 505 3189 560 ad
3244 503 3376 559 fidei
3416 503 3782 566 domesticos

362 607 462 670 τῆς
494 599 726 660 πίστεως
771 597 1004 658 οἰκείους
1053 593 1330 666 ἐπιδεξίως
1381 592 1692 670 προάγομεν
1737 592 1870 664 (47),
1918 587 2011 643 ’ίνα

364 691 454 746 καὶ
505 691 776 764 σχήματι,
826 689 915 741 καὶ
967 686 1139 760 λόγῳ,
1179 685 1361 762 νύμφη
1416 683 1640 754 ἀληθῶς
1665 685 1760 736 τοῦ
1813 677 2014 752 Κυρίου

366 779 609 856 ὀφθεῖσα,
671 774 932 854 ὠφελήσῃ
987 773 1114 838 τοὺς
1169 773 1522 846 ὁμιλοῦντας.
1579 769 1874 844 Ὁμιλείτω
1902 789 2017 822 τοι-

365 871 566 942 γαροῦν
623 866 696 927 ὡς
745 864 931 939 νύμφη
995 864 1128 937 μετᾶ
1183 860 1369 925 αἰδοῦς
1434 867 1553 923 τοῖς
1608 858 1704 915 τοῦ
1757 858 2016 937 νυμφίου,

369 956 535 1034 φημὶ,
568 955 883 1029 ὑπηρίταις,
931 953 1020 1008 καὶ
1055 951 1320 1026 ὁμιλείτω
1380 953 1697 1027 ἁπανταχοῦ
1735 950 1796 1004 τὸ
1845 945 2019 1024 νηφά-

368 1046 487 1100 λιον
523 1045 787 1113 σώζουσα.
836 1048 926 1097 Δεῖ
969 1043 1071 1118 γὰρ
1103 1042 1270 1111 αὐτὴν
1303 1041 1552 1116 ἀκεραίαν
1589 1040 1684 1113 μὶν
1746 1039 1877 1093 εἶναι
1944 1036 2020 1097 ὡς

369 1135 707 1210 περιστερὰν,
741 1133 1012 1210 φρονίμην
1071 1129 1128 1186 Si
1177 1132 1250 1192 ὡς
1303 1131 1396 1186 τὸν
1453 1127 1591 1208 ὅφιν.
1661 1125 1882 1194 Ἐπειδὴ
1917 1125 2019 1200 γὰρ

369 1225 423 1279 αἱ
455 1224 505 1278 ἐν
558 1223 768 1294 σώματι
818 1223 992 1297 ψυχαὶ
1035 1219 1390 1276 ἀδυνατοῦσαι
1425 1218 1702 1289 ἀλλήλαις
1759 1219 1869 1291 (48)
1926 1236 2020 1291 γυ-

373 1317 521 1386 μνῶς
551 1313 675 1388 περὶ
708 1312 905 1387 ἀρετῆς
934 1310 1175 1383 ὁμιλεῖν,
1217 1315 1335 1373 τοῖς
1384 1307 1786 1384 περικειμίνοις
1834 1305 2021 1377 σώμα-

369 1423 450 1456 σιν
479 1401 734 1476 ὀργάνοις
765 1400 900 1476 πρός
927 1421 985 1455 τε
1012 1401 1112 1468 τήν
1138 1401 1326 1478 φωνὴν
1353 1399 1443 1453 καὶ
1473 1400 1574 1468 τήν
1622 1396 1743 1451 θὲαν
1790 1395 2024 1468 ἀναγκά-

374 1486 552 1560 ζονται
586 1491 848 1566 χρῆσθαι,
899 1491 990 1544 καὶ
1023 1490 1050 1543 ὁ
1085 1490 1162 1562 μὴ
1192 1487 1488 1562 δυνάμενος
1535 1490 1720 1561 ψυχῆς
1752 1481 2026 1556 ἐνδεδεμὲ-

371 1600 470 1648 νης
505 1580 717 1653 σώματι
748 1576 957 1640 κάλλος
992 1575 1150 1648 ἰδεῖν,
1184 1577 1218 1646 ἢ
1281 1576 1428 1652 λόγῳ
1463 1579 1576 1649 (49)
1635 1573 1836 1644 ταύτης
1864 1573 2025 1628 ἀκοῦ-

372 1690 482 1736 σαι,
509 1668 570 1723 τὸ
600 1673 696 1722 τοῦ
736 1667 993 1740 σώματος
1046 1667 1256 1739 κίνημα
1289 1666 1339 1720 ιν
1373 1667 1419 1739 ᾧ
1478 1663 1621 1720 ἐστιν
1652 1665 1774 1740 ὁρᾷ,
1805 1661 1895 1717 καὶ
1925 1669 2026 1731 τῆς

373 1756 462 1813 διὰ
510 1757 706 1812 τούτου
761 1764 948 1835 φωνῆς
1005 1755 1309 1828 ἐπακούων,
1366 1755 1430 1810 τὸ
1485 1753 1694 1814 κάλλος
1743 1753 1909 1821 αὐτῆς
1941 1749 2030 1805 διὰ

2125 593 2442 666 prudenter
2461 593 2832 661 adducimus,
2853 599 2917 650 ut
2943 596 3081 650 dum
3114 600 3170 649 et
3192 595 3390 650 habitu
3423 600 3478 648 et
3501 609 3771 649 sermone

2125 698 2255 735 vere
2289 699 2506 751 sponsa
2537 682 2762 736 Domini
2799 684 3046 752 videtur,
3069 684 3536 756 colloquentibus
3569 683 3775 754 prosit.

2127 769 2506 840 Colloquatur
2525 770 2704 842 igitur
2723 779 2774 825 ul
2799 789 3014 844 sponsa
3032 775 3364 828 verecunda
3389 791 3525 828 cum
3550 774 3777 845 sponsi,

2127 859 2393 931 inquam,
2429 859 2739 930 ministris,
2763 879 2827 917 ac
2860 862 3228 935 colloquatur
3260 863 3476 934 ubique
3494 864 3784 918 sobrieta-

2129 954 2246 1004 tem
2279 966 2536 1005 servans.
2558 950 2795 1022 Oportet
2824 952 2979 1006 enim
3005 952 3332 1022 simplicem
3359 952 3516 1006 illam
3538 953 3778 1022 quidem

2129 1055 2258 1093 esse
2289 1045 2352 1092 ut
2383 1039 2743 1106 columbam,
2768 1040 3117 1110 prudentem
3143 1057 3274 1096 vero
3308 1045 3372 1096 ut
3391 1046 3721 1112 serpentem
3741 1043 3782 1096 ο.

2132 1128 2240 1183 Sed
2277 1127 2414 1199 quia
2445 1127 2680 1200 illigatzs
2711 1129 2934 1200 corpori
2969 1130 3356 1195 animaa,cum
3391 1147 3505 1185 non
3541 1135 3786 1201 possent

2133 1217 2302 1270 nudae
2334 1217 2404 1271 de
2437 1218 2678 1272 veritate
2711 1218 2866 1273 inter
2890 1235 2952 1273 se
2982 1218 3257 1291 colloqui,
3299 1219 3640 1291 corporibus
3672 1218 3788 1274 cir-

2135 1307 2594 1371 cumstantibus,
2626 1307 2782 1362 velut
2829 1308 3260 1374 instrumentis,
3298 1315 3423 1362 tum
3458 1309 3526 1362 ad
3560 1324 3787 1375 vocem,

2133 1399 2260 1448 tum
2295 1395 2363 1449 ad
2395 1396 2585 1450 visum
2609 1401 2897 1467 coguntur
2917 1397 3040 1464 uti;
3078 1397 3178 1468 qui
3209 1414 3320 1452 non
3357 1401 3549 1469 potest
3578 1397 3790 1453 animm

2136 1484 2362 1556 corpori
2393 1485 2628 1556 illigatae
2670 1485 3167 1557 pulchritudinem
3207 1486 3406 1542 videre
3438 1492 3538 1542 aut
3565 1487 3792 1543 ratione

2137 1573 2298 1628 illam
2332 1575 2548 1640 audire,
2584 1575 2844 1647 corporis
2875 1581 3099 1630 motum
3123 1575 3182 1630 in
3215 1592 3329 1648 quo
3363 1575 3460 1630 illa
3483 1579 3591 1641 est,
3616 1575 3790 1641 videt,

2136 1664 2383 1735 ejusque
2415 1680 2611 1719 vocem
2648 1682 2749 1736 per
2777 1664 2920 1720 illud
2943 1666 3220 1720 emissam
3246 1665 3511 1730 audiens,
3542 1664 3795 1736 pulchri-

2137 1752 2401 1806 tudinem
2428 1752 2589 1807 illius
2632 1769 2701 1807 ex
2734 1753 2826 1808 his
2867 1753 3173 1823 dijudicat,
3225 1769 3330 1818 nec
3376 1770 3484 1808 vox
3515 1753 3708 1809 solum
3740 1757 3798 1809 et

371 1846 580 1903 τούτων
613 1844 1011 1920 ἀναλογίζεται,
1069 1845 1159 1899 καὶ
1216 1843 1278 1898 ού
1336 1844 1490 1922 φωνὴ
1553 1842 1716 1916 μόνον
1775 1841 1812 1910 ἢ
1869 1839 2027 1941 καὶῆ

2144 1847 2434 1912 aspectus,
2467 1842 2625 1896 velut
2655 1843 2713 1896 in
2745 1841 3006 1914 speculo,
3035 1843 3242 1898 anima
3265 1843 3517 1915 speciem
3547 1844 3797 1898 demon-

378 1937 625 2011 βλάμμα,
683 1934 866 2010 ὥσπερ
915 1934 966 1989 ὗν
1023 1933 1315 2006 κατόπτρῳ
1375 1932 1438 1986 τὸ
1493 1938 1592 2001 τῆς
1651 1934 1834 2006 ψυχῆς
1892 1926 2034 1993 εἶδος

377 2023 629 2080 δεικνύει·
691 2023 834 2079 ἀλλὰ
865 2022 952 2079 καὶ
987 2022 1284 2094 πολισμὸς
1315 2019 1535 2096 ἀνδρὸς,
1579 2020 1668 2074 καὶ
1713 2018 1912 2094 γέλως,
1940 2018 2030 2073 καὶ

380 2115 533 2188 βῆμα
589 2109 778 2180 ποδὸς,
830 2109 1156 2187 ἀναγγέλλει
1203 2110 1325 2183 περὶ
1359 2110 1544 2166 αὐτοῦ.
1595 2109 1830 2165 Ἑλαθον
1865 2107 1922 2162 δὲ
1950 2129 2032 2162 τι-

377 2223 463 2266 νες
519 2201 624 2256 ἀπὸ
681 2205 777 2256 τοῦ
823 2198 998 2269 ἡδέως
1056 2199 1268 2256 ἀκούειν
1337 2203 1433 2254 τοῦ
1493 2203 1782 2272 μουσικοῦ,
1837 2199 2031 2272 μηκέτι

379 2292 474 2365 μὶν
507 2292 598 2345 τὸν
633 2290 916 2364 μουσικὸν,
953 2288 1098 2345 ἀλλὰ
1127 2289 1190 2343 τὸ
1223 2289 1503 2365 ὁρώμενον
1554 2284 1800 2364 ὄργανον,
1850 2285 1922 2341 δι’
1970 2284 2032 2340 οῦ

375 2378 713 2435 ἀπολαύουσι
765 2387 866 2448 τῆς
906 2383 1004 2434 τοῦ
1038 2383 1302 2452 μουσικοῦ
1349 2378 1681 2450 ὶπιστημης,
1713 2371 2031 2451 καταϐραχὺ

375 2469 715 2545 ἀγαπῶντες.
770 2469 866 2523 Διὰ
912 2473 1074 2522 τοῦτο
1125 2465 1208 2522 δεῖ
1249 2468 1557 2542 ἀναγκαίως
1613 2468 1712 2536 τὴν
1767 2465 2034 2540 παρθένον

375 2553 618 2634 ἀκριϐῶς
647 2559 748 2627 τήν
790 2558 958 2626 ἀκοὴν
992 2556 1083 2610 καὶ
1112 2557 1174 2610 τὸ
1201 2553 1356 2630 ὄμμα
1381 2561 1589 2631 τηρεῖν,
1649 2557 1848 2626 μήπως
1895 2552 2033 2628 λάθῃ

376 2647 494 2702 ἀντὶ
527 2645 808 2716 λαλούσης
839 2649 1026 2721 ψυχῆς
1057 2646 1119 2700 τὸ
1151 2642 1221 2699 δι’
1249 2642 1310 2698 οὗ
1343 2644 1477 2712 αύτή
1531 2642 1693 2699 λαλεῖ
1743 2644 2028 2716 ἀγαπῶσα.

382 2736 564 2800 Δεινὸς
611 2736 713 2810 γάρ
755 2734 896 2790 ἐστιν
949 2735 976 2788 ὁ
1045 2735 1369 2804 ζηλοτυπῶν
1419 2735 1518 2802 τήν
1567 2733 1689 2803 περὶ
1746 2733 1808 2787 τὸ
1861 2731 2030 2787 καλὸν

378 2828 535 2898 ἡμῶν
571 2822 832 2894 διάθεσιν,
885 2821 974 2877 διὰ
1021 2823 1222 2884 παντὸς
1249 2823 1457 2898 τρόπου
1490 2821 1704 2899 ὑφελεῖν
1744 2821 1840 2894 μὶν
1870 2818 2032 2894 ἡμῶν

374 2915 436 2969 τὸ
458 2913 818 2986 ποθούμενον,
850 2912 913 2967 τὸ
945 2910 1002 2967 δὲ
1029 2909 1169 2968 ἴδιον
1218 2912 1540 2989 πανούργως
1585 2912 1722 2987 πρὸς
1776 2912 1868 2965 τὸν
1926 2910 2030 2965 πός-

378 3015 468 3068 θον
501 3000 930 3072 ἀνθυπαλλάξαι.
973 3000 1132 3058 Οὕτω
1187 3001 1288 3077 γὰρ
1347 2997 1541 3065 ἔλαθόν
1596 3021 1735 3063 τινες
1774 3000 1878 3054 ἀπὸ
1934 3003 2031 3054 τοῦ

375 3091 553 3162 ὴδὲως
601 3091 814 3146 ἀκούειν
870 3095 968 3146 τοῦ
1025 3091 1149 3166 περὶ
1204 3091 1399 3165 ἀρετῆς
1432 3089 1622 3164 λόγου,
1654 3088 1742 3142 καὶ
1774 3089 1899 3158 περὶ
1929 3090 2028 3157 τὴν

377 3185 629 3236 κινοῦσαν
679 3185 871 3234 τοῦτον
921 3181 1106 3255 ψυχὴν
1155 3177 1477 3247 διακεῖσθαι,
1523 3183 1592 3251 τῇ
1640 3181 1857 3253 συνεχεῖ
1887 3178 2024 3251 ἀκοῇ

2143 1934 2354 1998 strant,
2387 1931 2486 1986 sed
2521 1935 2578 1984 et
2606 1931 2858 1986 amictus
2910 1931 3018 1986 viri
3049 1937 3106 1986 et
3137 1933 3290 1986 risus
3321 1937 3376 1986 et
3409 1933 3572 2003 pedis
3605 1933 3795 1988 inces-

2144 2035 2246 2073 sus
2271 2018 2439 2073 illum
2463 2019 2738 2091 produnt.
2763 2019 3043 2074 Nonnulli
3070 2027 3263 2075 autem
3292 2022 3517 2076 musico
3549 2019 3797 2076 libenter

2144 2109 2458 2173 audiendo,
2502 2108 2658 2163 brevi
2711 2109 3114 2179 imprudentes
3163 2114 3461 2179 ceperunt
3511 2126 3626 2164 non
3670 2110 3798 2180 jam

2144 2198 2576 2262 musicum,sed
2605 2198 3062 2253 instrumentum
3092 2199 3242 2268 quod
3267 2197 3799 2272 videtur,perquod

2145 2286 2355 2342 musici
2388 2291 2508 2342 arte
2540 2287 2947 2358 perfruuntur,
2971 2287 3233 2359 diligere.
3261 2292 3571 2360 Propterea
3600 2305 3801 2344 neces-

2144 2375 2298 2430 sario
2329 2379 2578 2447 oportet,
2612 2381 2676 2430 ut
2704 2376 2866 2448 virgo
2900 2383 3170 2431 accurate
3219 2377 3486 2432 auditum
3520 2381 3576 2431 et
3605 2377 3798 2432 visum

2145 2464 2456 2530 custodiat,
2485 2481 2556 2519 ne
2589 2465 2734 2519 forte
2789 2482 2891 2536 pro
2936 2466 3133 2520 anima
3162 2483 3287 2536 quae
3335 2465 3618 2536 loquitur,
3649 2463 3798 2520 illud

2144 2569 2248 2624 per
2276 2554 2431 2624 quod
2463 2554 2592 2624 ipsa
2640 2553 2922 2626 loquitur,
2974 2555 3319 2625 imprudens
3350 2553 3574 2626 diligat.
3609 2554 3798 2610 Solers

2143 2645 2300 2696 enim
2333 2646 2440 2707 est,
2463 2643 2560 2713 qui
2594 2648 2793 2698 nostro
2812 2644 2944 2698 boni
2971 2643 3154 2698 amori
3178 2644 3418 2711 invidet,
3443 2645 3603 2700 omni
3628 2645 3800 2700 modo

2145 2731 2314 2786 nobis
2345 2731 2690 2786 subtrahere
2723 2731 2778 2785 id
2811 2731 2962 2804 quod
2998 2732 3424 2799 desideramus,
3448 2739 3506 2788 et
3532 2734 3684 2803 quod
3713 2733 3800 2804 ip-

2143 2820 2267 2874 sius
2301 2819 2606 2891 proprium
2639 2834 2727 2876 est
2760 2827 2952 2875 astute
2982 2822 3049 2876 ad
3086 2823 3544 2876 desiderandum
3581 2821 3800 2876 substi-

2142 2914 2322 2963 tuere.
2357 2908 2448 2962 Sic
2479 2908 2635 2962 enim
2672 2909 2962 2972 nonnulli,
2997 2911 3136 2964 dum
3173 2909 3422 2964 libenter
3453 2910 3702 2964 audiunt
3728 2909 3799 2965 de

2140 2999 2356 3052 virtute
2396 3014 2751 3058 sermonem.
2782 3015 2847 3053 ac
2895 2999 3153 3053 animam
3207 2997 3373 3054 illum
3410 2999 3797 3070 proferentem

2143 3085 2416 3156 diligunt,
2452 3085 3098 3158 assidu065l|auditu
3144 3103 3210 3142 ac
3243 3089 3369 3142 visu
3395 3088 3799 3158 imprudentes

2144 3193 2210 3230 eo
2241 3176 2478 3230 deducti
2511 3181 2673 3243 sunt,
2694 3181 2759 3230 ut
2790 3175 3280 3232 lineamentorum
3303 3177 3564 3249 corporis
3597 3178 3797 3232 formai

376 3269 466 3324 καὶ
497 3273 565 3342 τῇ
597 3269 691 3341 θὲᾳ
739 3237 1126 3332 ἐντυπωθὲιντες
1189 3267 1283 3342 μὶν
1339 3237 1718 3342 τηνίμορφήν
1768 3237 1876 3321 ’τῶν
1934 3237 2031 3320 τοῦ

2144 3265 2201 3318 in
2234 3264 2317 3319 eis
2350 3264 2850 3336 imprimerentur,
2886 3281 2952 3320 ac
2999 3281 3201 3320 eorum
3235 3267 3473 3321 auditus
3503 3283 3641 3322 voco
3672 3283 3798 3321 ma-

383 3359 638 3431 σώματος
669 3359 1055 3434 χαρακτήρων,
1106 3358 1194 3412 καὶ
1225 3361 1293 3431 τῇ
1343 3361 1498 3436 φωνῇ
1543 3359 1642 3426 τὴν
1695 3357 1862 3425 ἀκοὴν
1908 3354 2033 3410 ἀτό-

382 3469 500 3512 πως
530 3445 870 3522 θελχθίντες¹
907 3445 1085 3501 ούκὲτι
1120 3443 1178 3500 δὲ
1204 3447 1304 3516 τήν
1354 3447 1539 3520 ψυχὴν
1572 3447 1672 3514 τὴν
1716 3442 1805 3499 διὰ
1848 3451 2034 3521 φωνῆς

382 3537 698 3614 ἐνεργοῦσαν
727 3537 817 3591 τὸν
871 3534 1062 3610 λόγον,
1113 3537 1174 3604 ἢν
1223 3536 1284 3590 τὸ
1324 3534 1452 3610 πρὶν
1487 3535 1800 3608 ἀγαπῶντες
1830 3539 2036 3608 περιεῖ-

379 3648 481 3681 πον
514 3627 606 3682 τὸν
649 3627 956 3700 ἄνθρωπον,
1010 3623 1156 3680 ἀλλᾶ
1204 3625 1267 3680 τὸ
1323 3628 1482 3697 σῶμα
1526 3624 1588 3679 τὸ
1615 3621 2034 3695 διακονούμενον

382 3714 567 3776 αὐτοῖς
594 3714 660 3769 τὰ
689 3721 791 3783 τῆς
823 3717 1008 3790 ψυχῆς
1035 3711 1180 3768 καλὰ
1223 3710 1418 3768 λοιπὸν
1451 3712 1785 3788 ἀγαπῶντες.
1844 3713 2038 3788 Ἀγχι-

386 3803 586 3877 θύρους
616 3801 722 3877 γάρ
756 3823 882 3879 φασι
914 3802 1004 3856 καὶ
1034 3799 1306 3870 ’Έλληνες
1367 3801 1461 3862 οάς
1517 3801 1706 3865 κακίας
1736 3802 1868 3856 εἶναι
1921 3806 2040 3862 ταῖς

392 3891 631 3968 ἀρεταῖς.
688 3891 903 3966 Εκάστῃ
964 3890 1068 3965 γὰρ
1119 3889 1314 3964 ἀρετῆς
1363 3890 1498 3964 Θύρᾳ
1534 3891 1633 3958 τὴν
1684 3893 1796 3963 (50)
1851 3891 2038 3945 κακίαν

387 3980 719 4056 ὁμοιοτάτην
756 3977 898 4034 ἰδίαν
932 3977 1258 4052 ἓκαιέρωθεν
1289 3979 1662 4053 παρήρμοσεν,
1708 3975 1782 4031 ἵν’
1812 3980 1840 4033 ὁ
1873 3999 2040 4033 σπου-

389 4072 563 4143 δάζων
618 4070 741 4144 περὶ
792 4073 903 4144 (51)
957 4070 1057 4139 τὴν
1117 4068 1336 4140 ἀρετὴν,
1392 4068 1674 4141 παρεστὼς
1722 4067 1924 4138 ταύτης
1978 4069 2041 4123 τὸ

387 4167 603 4234 πρῶτον
663 4164 732 4234 τῇ
793 4160 948 4235 θύρᾳ,
1008 4159 1096 4214 καὶ
1155 4159 1367 4234 κρούειν
1408 4156 1608 4228 ταύτην
1666 4155 1862 4215 δοκῶν.
1896 4157 2041 4212 ἀνοί-

386 4252 574 4328 γείσης
621 4249 766 4321 αύτῷ
815 4246 1025 4314 ἐνθένδε
1054 4249 1090 4319 ἢ
1140 4243 1346 4311 ἐνθίνδε
1381 4253 1507 4320 μιᾶς
1552 4251 1661 4302 τῶν
1722 4254 1897 4322 θυρῶν
1940 4253 2040 4315 τῆς

387 4339 600 4412 κακίας,
652 4339 711 4394 lx
759 4340 858 4407 τῆς
920 4336 1252 4411 ὁμοιότητος
1307 4337 1626 4406 ἀπατηθεὶς,
1683 4336 1758 4400 ὡς
1815 4336 1892 4398 εἷς
1954 4336 2046 4391 τὸν

385 4433 486 4499 τῆς
515 4429 709 4504 ἀρετῆς
760 4427 908 4482 οἶκον
956 4424 1214 4490 εἲσέλθοι*
1259 4425 1356 4480 εἷθ’
1414 4426 1515 4480 ὑπὸ
1574 4426 1789 4480 πάντων
1851 4425 1936 4481 ἐπὶ
1973 4428 2041 4500 τῇ

385 4519 562 4594 ἀπάτῃ
584 4517 920 4594 γελώμενος,
950 4517 1138 4592 χρόνῳ
1166 4535 1223 4570 τε
1247 4515 1337 4569 καὶ
1383 4515 1546 4590 πείρᾳ
1608 4516 1778 4589 μάθῃ,
1828 4514 1888 4569 οὐ
1946 4516 2041 4588 μό-

2137 3354 2329 3424 jorem
2365 3354 2422 3408 in
2457 3355 2696 3409 modum
2748 3354 3198 3423 demulceretur,
3250 3371 3355 3410 nec
3377 3355 3502 3426 jam
3538 3355 3798 3410 animam

2144 3442 3084 3516 vocisinstrumentoloquentem,
3109 3460 3284 3514 quam
3303 3451 3471 3500 antea
3493 3444 3803 3516 diligentes

2147 3531 2448 3586 hominem
2480 3531 2769 3594 colebant.
2802 3533 2900 3586 sed
2947 3549 3180 3602 corpus,
3215 3535 3369 3604 quod
3401 3533 3549 3604 ipsis
3590 3533 3799 3588 animas

2147 3621 2302 3676 bona
2334 3621 2728 3685 ministrabat,
2754 3622 3030 3693 deinceps
3057 3621 3386 3694 diligerent.
3411 3623 3616 3678 Vicina
3645 3621 3800 3678 enim

2148 3725 2277 3766 esse
2309 3709 2475 3764 aiunt
2503 3711 2678 3764 etiam
2713 3710 2892 3765 Graeci
2926 3711 3069 3766 vitia
3107 3712 3442 3767 virtutibus.
3478 3711 3802 3783 Unicuique

2149 3799 2307 3853 enim
2328 3798 2766 3868 virtut—isjanuaa
2787 3798 2992 3854 vitium
3015 3800 3207 3870 specie
3230 3800 3599 3855 simillimum
3627 3800 3804 3856 utrin-

2151 3903 2262 3958 que
2293 3888 2610 3958 adaptavit,
2645 3897 2706 3942 ut
2754 3889 2854 3959 qui
2905 3888 3140 3944 virtutis
3189 3890 3491 3944 studiosus
3523 3895 3632 3955 est,
3665 3905 3801 3944 cum

2154 3978 2408 4049 primum
2446 3977 2815 4049 illiusjanuaa
2849 3983 3004 4034 astat
3027 3995 3269 4048 eamque
3291 3981 3524 4034 videtur
3545 3979 3804 4051 pulsare,

2153 4073 2358 4137 aperta
2387 4065 2470 4120 illi
2507 4065 2640 4122 hinc
2673 4072 2775 4121 aut
2803 4067 2965 4122 illinc
2997 4085 3111 4122 una
3143 4084 3208 4122 ex
3233 4069 3438 4140 januis
3469 4068 3614 4136 vitii,
3641 4068 3808 4124 simi-

2154 4154 2403 4210 litudine
2435 4155 2713 4226 deceptus
2754 4162 3032 4227 tanquam
3088 4156 3145 4210 in
3179 4157 3412 4211 virtutis
3442 4158 3684 4211 domum
3720 4157 3808 4210 in-

2156 4249 2380 4311 troeat;
2415 4261 2480 4298 ac
2512 4244 2724 4299 deinde
2758 4246 2829 4299 ab
2861 4245 3138 4300 omnibus
3167 4246 3240 4301 ob
3272 4261 3528 4300 errorem
3571 4244 3805 4312 irrisus,

2153 4339 2416 4404 tempore
2447 4338 2504 4388 et
2533 4334 2892 4405 experientia
2933 4334 3142 4400 discat,
3177 4351 3289 4388 non
3323 4334 3511 4388 solum
3545 4350 3607 4389 se
3636 4333 3808 4405 longe

2155 4438 2282 4478 esse
2307 4424 2378 4476 ab
2411 4420 2510 4476 illa
2532 4423 2764 4487 virtute,
2783 4423 2953 4491 cujus
2979 4423 3293 4494 aliquando
3309 4422 3542 4494 pulsare
3558 4423 3807 4494 januam

2155 4511 2479 4577 videbatur,
2514 4511 2611 4566 sed
2663 4528 2734 4566 ne
2766 4511 2924 4566 illius
2954 4511 3185 4582 quidem
3229 4511 3405 4567 limen
3437 4513 3678 4568 omnino
3708 4530 3808 4568 su-

382 4631 475 4665 vov
527 4607 722 4684 πόρῥω
782 4607 1043 4682 ὑπάρχων
1105 4603 1316 4673 ἐκείνης
1375 4609 1476 4674 τῆς
1537 4604 1733 4678 ἀρετῆς
1791 4607 1856 4671 ἧς
1915 4625 2032 4658 ποτε

2159 4617 2530 4672 pergressum
2564 4617 2712 4670 esse,
2747 4617 2934 4672 neque
2967 4601 3124 4656 illius
3155 4601 3401 4666 foribus,
3435 4609 3499 4657 ut
3528 4607 3698 4657 antea
3727 4601 3808 4655 vi-

385 4696 599 4771 κρούειν
633 4693 807 4750 ἐδόκει
837 4696 935 4763 τήν
992 4692 1178 4767 θύραν’
1215 4689 1362 4746 ἀλλᾶ
1413 4693 1552 4764 μήτε
1579 4695 1686 4746 τῶν
1733 4688 1906 4746 ούδῶν
1958 4691 2048 4746 αύ-

389 4791 492 4852 τῆς
522 4783 622 4853 τὴν
649 4781 825 4857 ἀρχὴν
890 4776 1146 4857 ὑπερϐὰς,
1187 4783 1325 4855 μήτε
1353 4783 1422 4854 τῇ
1477 4780 1632 4856 θύρᾳ,
1694 4779 1769 4841 ὡς
1799 4781 1862 4835 τὸ
1919 4778 2045 4856 πρὶν

389 4870 587 4938 ἐδόκει,
638 4872 916 4946 παρεστὼς
965 4875 1098 4945 γοῦν
1146 4870 1234 4925 καὶ
1289 4869 1524 4944 κρούων.
1577 4869 1735 4927 Οὕτω
1763 4870 1867 4945 γὰρ
1921 4869 2048 4932 τοὺς

401 4962 494 5037 μὶν
535 4959 859 5036 Θαρσαλὲουι
910 4957 1286 5035 βουλομίνους
1340 4961 1466 5014 εἶναι
1511 4959 1646 5035 πρὸς
1693 4959 1889 5034 ἀρετὴν
1919 4961 2046 5035 Θρα-

391 5057 500 5114 σεῖς
555 5051 840 5120 ἀπατήσασ
885 5044 1069 5120 ἔδεὶξε·
1103 5048 1230 5111 τοὺς
1283 5045 1340 5103 δὲ
1369 5043 1744 5126 φνϐουμίνους
1773 5047 1902 5111 τοὺς
1959 5048 2046 5104 ἰπὶ

462 5161 484 5196 ⁹
513 5159 720 5218 Matth.
753 5176 810 5225 x,
841 5158 926 5214 16.

458 5287 571 5360 (47)
602 5285 942 5360 Προάγομεν.
998 5285 1090 5340 Sic
1126 5283 1374 5360 codices
1429 5299 1574 5339 mss.
1626 5284 1938 5341 Combeﬂs.
1987 5288 2046 5341 et

458 5305 571 5360 (41)
605 5305 942 5412 υροαγομεν.
998 5305 1090 5340 διο
1144 5305 1374 5340 0001068
1429 5305 1574 5339 11188.
1626 5305 1806 5339 UOIDD

389 5359 588 5442 plus?
609 5376 653 5442 ρ
674 5358 740 5442 ἐξ·
771 5355 948 5442 ﬁdi“:
981 5353 1334 5442 τεθριάγομεν·
1451 5431 1460 5442 .
1659 5425 1698 5442 η

393 5423 425 5556 .1
461 5433 574 5504 (48)
609 5423 942 5500 Ἀλλήλαιςζ
986 5423 1078 5486 Sic
1128 5423 1273 5485 mss.
1326 5431 1597 5501 quatuor.
1659 5425 1830 5500 Editi,
1863 5423 2044 5498 ἀλλή-

434 5522 527 5556 ως.

434 5522 527 5556 ως.

601 5572 789 5648 ᾼόγῳ.)
816 5573 919 5648 Sic
939 5572 1116 5648 editio
1147 5575 1353 5629 veneta
1383 5576 1440 5628 et
1470 5589 1570 5628 sex
1603 5587 1748 5630 mss.
1789 5570 2039 5628 codices.

387 5643 978 5726 Eutss'risengis.
1011 5643 1265 5726 λέγουο.
1368 5715 1382 5726 .
1521 5717 1531 5726 .
1726 5713 1741 5726 .
1825 5713 1837 5726 .

456 5720 568 5792 (50)
595 5718 725 5790 Τήν.
773 5713 970 5776 Codex
1010 5713 1176 5789 Μαι,
1205 5715 1304 5785 τὴν
1339 5715 1438 5784 εἰς,
1484 5717 1688 5790 sicque
1726 5713 1869 5787 legit
1895 5716 2040 5771 Am-

2158 4692 2424 4758 debatur,
2449 4689 2705 4744 astitisse
2734 4706 2949 4762 easque
2973 4695 3263 4763 pulsasse.
3288 4692 3382 4747 Sic
3405 4692 3560 4746 enim
3585 4707 3682 4746 eos
3707 4689 3809 4761 qui

2157 4780 2267 4835 sibi
2287 4781 2356 4835 ad
2377 4779 2650 4834 virtutem
2674 4779 2849 4834 fidere
2868 4778 3086 4846 volunt,
3104 4780 3445 4835 temerarios
3467 4778 3807 4850 decipiendo

2156 4870 2414 4926 ostendit
2448 4885 2459 4924 :
2497 4869 2785 4940 fugientes
2834 4871 3187 4926 temeritatis
3222 4875 3439 4939 notam,
3475 4867 3716 4938 ignaviae
3752 4871 3809 4923 et

2157 4958 2358 5032 pusilli
2415 4959 2592 5014 animi
2646 4959 2859 5030 arguit.
2912 4959 3452 5015 Commiserationis
3510 4957 3806 5013 studiosos

2157 5063 2330 5122 prave
2354 5049 2425 5104 ad
2448 5047 2589 5103 vitia
2611 5046 2892 5104 emollivit
2918 5064 2928 5103 :
2967 5048 3334 5104 discedentes
3356 5044 3806 5104 atenenioribus

2158 5285 2392 5341 brosius
2446 5284 2546 5356 qui
2598 5285 2774 5340 vertit
2830 5282 3182 5339 simillimam
3228 5285 3314 5356 _in_
3350 5282 3486 5338 vitia
3518 5284 3812 5356 ferentem

2156 5351 2727 5429 utrinquef'meciem.
2792 5357 2946 5411 idem
3009 5356 3168 5427 legit,
3227 5351 3422 5428 ἑκάστῃ
3473 5351 3572 5427 γὰρ
3617 5352 3811 5429 ἀρετῆς

2157 5427 2453 5504 θύρᾳξὸοά
2489 5446 2623 5504 quae
2647 5428 2739 5504 his
2773 5432 3106 5504 narrantur,
3155 5444 3268 5504 non
3299 5427 3662 5504 unaquaque
3694 5427 3809 5504 vir-

2157 5497 2297 5557 tutis
2319 5497 2737 5571 janua'el‘ficit,
2770 5501 2868 5555 sed
2923 5501 3047 5570 ipse
3097 5499 3303 5554 salutis
3335 5497 3545 5556 nostrae
3567 5497 3807 5564 _hostis,

2153 5575 2224 5630 de
2255 5591 2371 5646 quo
2403 5591 2518 5646 non
2550 5571 2730 5646 multo
2762 5577 2894 5626 ante
2923 5571 3154 5646 locutus
3185 5576 3293 5627 est.

2226 5639 2338 5718 (5'l)
2371 5643 2522 5720 Περί.
2554 5643 2815 5709 Quatuor
2844 5661 2989 5702 mss.
3026 5643 3276 5711 codices,
3313 5639 3422 5698 ἰπί.
