4124 6366
362 342 486 404 ’143

1302 317 1705 388 APPENDIX
1740 312 2073 382 OPERUM
2117 310 2186 375 Β.
2229 311 2516 380 BASILII
2560 309 2841 375 MAGNI.

3679 317 3816 384 7M

361 472 689 536 affectibus,
723 465 993 524 crudeles
1040 467 1096 519 et
1141 460 1497 516 inhumanos
1539 451 1730 508 eﬁ‘ecit
1761 466 1775 505 :
1809 463 2005 521 quem-

2227 442 2524 536 θρασύτητι
2580 443 2784 536 ψόγους
2839 438 3056 508 δειλοὺς
3111 443 3202 498 καὶ
3265 444 3657 523 μικροψύχους
3700 449 3814 504 ἀπ-

361 563 679 618 adrnodum
711 559 886 614 etiam
921 571 1020 610 eos
1049 551 1150 622 qui
1184 545 1489 603 cbaritatis
1522 539 2022 614 pulchritudinem
2064 577 2120 586 .-

362 653 819 724 persequuntur,
853 643 983 699 falsi
1019 638 1277 696 nominis
1300 634 1582 690 charitate
1611 630 1671 684 in
1704 628 1899 685 carnis
1921 643 2023 680 vo-

365 718 624 813 luptates
654 743 710 794 et
732 736 1116 806 viluperatam
1142 729 1212 785 ab
1247 726 1521 782 omnibus
1545 721 1721 776 vitam
1747 718 2018 772 indecore

365 809 635 902 conjecit,
668 832 771 882 aut
813 825 926 881 sibi
956 825 1027 878 ab
1061 823 1168 876 hoc
1201 819 1412 891 probro
1443 817 1734 875 caventes,
1769 809 2020 864 fratrum

366 937 564 978 osores
595 917 801 979 effecit,
825 931 891 968 ac
922 925 1158 966 omnem
1194 907 1310 962 illis
1340 904 1474 960 boni
1507 916 1745 956 sensum
1781 894 2018 966 eripuit.

365 1012 592 1065 Rursus
623 1007 803 1078 igitur
828 1004 904 1058 Ne
933 1001 1172 1055 declines
1219 996 1287 1051 ad
1315 994 1606 1049 dexteram
1653 995 1749 1043 aut
1779 984 1849 1040 ad
1878 985 2020 1038 sini-

361 1109 535 1154 stram
569 1076 736 1162 1°,_ne
766 1092 1009 1160 decepta
1046 1089 1103 1142 in
1140 1101 1316 1140 unam
1349 1082 1606 1152 aliquam
1632 1076 2020 1145 vitiijanuam

361 1187 624 1250 incidas;
659 1183 760 1238 sed
795 1178 1048 1234 mediam
1083 1175 1286 1229 incede
1316 1169 1550 1226 virtutis
1580 1166 1756 1231 viam,
1786 1179 1852 1219 ac
1887 1160 2022 1217 ubi-

361 1291 474 1347 que
508 1271 912 1335 considerans,
945 1264 1238 1337 quomodo
1271 1265 1461 1325 caute,
1483 1274 1595 1312 non
1621 1260 1684 1309 ut
1708 1252 2020 1323 insipiens,

359 1342 460 1423 sed
497 1368 562 1419 ut
593 1362 828 1434 sapiens
879 1354 1148 1412 ambules
1173 1357 1240 1421 “,
1273 1352 1412 1423 quia
1459 1349 1518 1402 in
1551 1345 1745 1400 medio
1777 1342 2022 1414 laqueo-

359 1471 491 1510 rum
523 1451 771 1512 incedis,
797 1452 854 1504 et
885 1463 1063 1517 super
1095 1443 1306 1515 pinnas
1339 1439 1575 1495 urbium
1609 1433 1828 1490 transis
1852 1433 1919 1502 ¹²,
1948 1430 2022 1484 da

359 1559 620 1616 Operam,
656 1545 721 1595 ut
753 1539 812 1593 in
863 1535 1137 1606 laqueum
1172 1549 1283 1604 prae
1333 1525 1694 1600 negligentia
1741 1540 1856 1578 non
1891 1519 2022 1590 inji-

358 1635 480 1688 cias
531 1631 737 1702 pedem
791 1633 985 1690 tuum,
1039 1639 1110 1677 ne
1159 1619 1393 1693 quando
1438 1634 1507 1671 ex
1550 1630 1718 1669 muro
1766 1609 2021 1666 civitatis

357 1727 568 1778 nostra}
599 1718 841 1788 delapsa
872 1714 1084 1769 misere
1119 1726 1344 1782 pereas.

2134 531 2349 607 ήλεγξε.
2400 533 2498 588 Καὶ
2523 531 2652 594 τοὺς
2703 532 2798 605 μὶν
2858 538 3164 604 συμπαθεῖς
3198 533 3331 589 εἶναι
3391 533 3813 606 σπουδάζοντας

2133 622 2272 698 πρὸς
2318 623 2384 677 τὰ
2427 621 2573 689 πάθη
2605 627 2787 685 κακῶς
2816 619 3134 694 ἔμαλάκισε·
3197 622 3325 688 τοὺς
3381 622 3438 679 δὶ
3493 627 3558 680 τὸ
3616 625 3814 698 ἐμπα-

2130 711 2214 774 θὲς
2271 712 2568 788 φεύγοντας
2613 710 2863 782 ἀνηλεεῖς
2905 711 2993 766 καὶ
3053 711 3458 786 ἀπανθρώπους
3517 714 3809 786 ἐποίησεν*

2129 799 2311 877 ὥσπερ
2371 803 2459 856 οὗν
2491 800 2583 855 καὶ
2640 799 2768 865 τοὺς
2797 807 2897 868 τῆς
2927 800 3144 876 ἀγάπης
3174 803 3238 856 τὸ
3267 801 3476 866 κάλλος
3523 803 3810 878 μεταδιώ-

2128 910 2342 956 κοντας,
2413 889 2758 964 ψευδωνύμῳ
2827 889 3025 966 ἀγάπῃ,
3098 892 3134 961 ἢ
3195 891 3271 954 εἷς
3331 894 3532 968 σαρκὸς
3591 893 3806 965 ἡδονὰς

2128 979 2218 1032 καὶ
2278 979 2537 1054 ἐπίψογον
2595 985 2725 1034 πᾶσι
2784 977 2902 1054 βίον
2958 979 3218 1056 ἀπρεπῶς
3275 984 3707 1054 κατηκόντισεν,
3764 989 3805 1058 ἢ

2131 1063 2572 1142 εὐλαϐουμένους
2629 1069 2719 1124 τὸν
2778 1066 2864 1123 ἐπὶ
2898 1068 3115 1132 τούτοις
3170 1071 3366 1143 μῶμον
3425 1070 3809 1153 μισαδέλφους

2129 1158 2344 1212 καὶτοῦ
2391 1155 2564 1212 καλοῦ
2595 1159 2954 1227 ἀναισθήτους
3014 1158 3261 1230 ἐποίησε.
3324 1158 3499 1218 Πάλιν
3553 1161 3645 1218 οὖν
3701 1167 3801 1236 Μή

2131 1245 2385 1322 ὶκκλίνῃς
2441 1245 2519 1309 είς
2575 1247 2643 1302 τὰ
2691 1244 2836 1317 δεξιά
2891 1246 2927 1316 ἢ
2988 1247 3064 1310 εἲς
3121 1249 3190 1302 τὰ
3249 1248 3526 1327 ἀριστερὰ,
3577 1250 3672 1308 ’ίνα
3718 1256 3798 1328 μὴ

2128 1335 2430 1406 πλανηθεὶς
2488 1335 2563 1398 είς
2617 1336 2743 1408 μίαν
2800 1335 2919 1390 τινὰ
2972 1341 3080 1390 τῶν
3111 1344 3214 1406 τῆς
3244 1337 3436 1401 κακίας
3467 1341 3650 1415 θυρῶν
3680 1343 3798 1397 ὀλι-

2128 1427 2350 1500 σθήσῃς·
2384 1422 2530 1480 ἀλλά
2562 1423 2732 1499 μέσην
2793 1422 2996 1480 ὁδεύων
3038 1426 3138 1494 τὴν
3200 1427 3420 1503 ἀρετὴν,
3479 1431 3572 1484 καὶ
3623 1429 3786 1486 ἀπαν-

2127 1519 2303 1590 ταχοῠ
2340 1513 2556 1589 βλέπων
2611 1518 2728 1577 πῶς
2763 1509 3004 1589 ἀκριϐῶς
3035 1519 3370 1590 περιπατῇς,
3434 1519 3510 1591 μὴ
3555 1520 3629 1581 ὡς
3663 1519 3794 1576 ἄσο-

2129 1626 2248 1682 φος,
2283 1603 2408 1659 ἀλλ’
2440 1606 2513 1666 ὡς
2540 1604 2729 1682 σοφὸς,
2762 1602 2844 1658 ὅτι
2877 1603 2930 1658 έν
2988 1605 3139 1677 μέσῳ
3167 1603 3412 1682 παγίδων
3445 1617 3789 1682 περιπατεῖς,

2127 1693 2215 1748 καὶ
2278 1693 2458 1748 ἐπάνω
2539 1692 2814 1764 ἐπάλξεων
2888 1692 3105 1748 πόλεων
3176 1689 3495 1765 διαϐαίνεις,
3550 1703 3793 1768 προνοοῦ

357 1807 506 1868 ὅπως
541 1807 668 1879 μήτ’
701 1779 776 1867 είς
806 1797 1008 1876 παγίδα
1040 1779 1144 1853 που
1196 1796 1510 1873 ῥᾳθυμοῦσα
1543 1785 1786 1865 ἐμϐάλῃς
1823 1787 1915 1843 τὸν
1967 1780 2110 1838 πόδα
2159 1804 2278 1852 σου,
2317 1784 2531 1856 μήποτε
2564 1782 2669 1837 ἀπὸ
2699 1779 2796 1837 τοῦ
2833 1781 3056 1858 τείχους
3085 1788 3187 1852 τῆς
3219 1781 3440 1848 πόλεως
3490 1787 3650 1860 ἡμῶν
3689 1809 3792 1844 πε-

356 1902 527 1952 σοῦσα
558 1895 833 1968 ἀποθάνῃς
865 1895 1071 1952 κακῶς.

422 1989 511 2043 37.
555 1958 848 2058 Diligendi
898 1983 1079 2055 igitur
1124 1979 1225 2051 qui
1277 1977 1349 2032 ad
1401 1989 1686 2047 sponsum
1740 1968 2005 2033 invitant,

2195 1965 2284 2058 39..
2333 1963 2598 2058 ζΔγαπᾷν
2622 1961 2748 2058 ⁵οὖν
2771 1958 2853 2016 δεῖ
2902 1959 3038 2058 ⁸τοὺς
3096 1963 3233 2037 πρὸς
3291 1962 3385 2018 τὸν
3415 1964 3647 2043 νυμφίον
3677 1988 3789 2023 πα..

355 2079 458 2134 sed
490 2077 664 2132 debet
713 2072 942 2129 dilectio
974 2073 1134 2143 justa
1183 2083 1311 2123 esse
1362 2081 1429 2120 ac
1473 2080 1588 2117 non
1639 2061 1904 2124 confusa,
1939 2072 2014 2111 ne

353 2167 658 2224 ministros
689 2163 912 2236 sponsi,
946 2160 1312 2216 continenter
1343 2151 1652 2210 audiendis
1681 2149 1916 2204 illorum
1942 2146 2012 2200 de

351 2272 569 2329 sponso
617 2253 1011 2317 sermonibus,
1043 2264 1206 2320 asque
1256 2262 1322 2302 ac
1352 2257 1636 2315 sponsum
1694 2235 2010 2308 aliquando

350 2323 625 2416 diligens.
657 2344 878 2397 evertat
925 2338 1275 2411 dignitatem
1326 2331 1552 2406 sponsi,
1587 2346 1652 2384 ac
1702 2323 2007 2400 pronubis,

351 2449 515 2506 atque
547 2431 677 2487 illos
708 2447 772 2486 ac
802 2428 1115 2485 Dominum
1151 2426 1470 2488 honorans,
1493 2419 1810 2474 maximam
1836 2412 2012 2468 faciat

353 2523 656 2594 injuriam.
696 2523 823 2578 Jam
872 2535 1008 2574 vero
1040 2514 1445 2587 imprudentes
1491 2505 1786 2565 nonnullas
1839 2502 2012 2558 mini-

352 2617 509 2667 stros
542 2627 657 2666 non
713 2625 874 2679 aeque
929 2623 995 2662 ac
1026 2620 1334 2675 sponsum,
1387 2601 1487 2656 sed
1541 2598 1717 2654 etiam
1750 2593 2010 2666 amplius

353 2717 530 2774 quam
565 2714 849 2769 sponsum
882 2694 1062 2766 impie
1106 2693 1432 2748 dilexerunt
1467 2689 1748 2760 :jamque
1781 2681 2008 2755 sponsi,

353 2791 445 2846 cui
477 2790 846 2860 desponsatas
901 2785 1152 2850 fuerant,
1186 2779 1370 2836 semel
1399 2777 1613 2842 oblitae,
1647 2778 1779 2829 totae
1814 2774 2004 2827 famu-

352 2879 542 2938 lorum
575 2877 778 2951 sponsi
823 2876 985 2931 iactae
1017 2875 1157 2928 sunt
1187 2885 1438 2942 sponsae,
1469 2865 1559 2922 vel
1592 2862 1790 2937 potius
1821 2878 1890 2916 ne
1924 2861 2005 2914 fa-

349 2969 645 3027 mulorum
681 2967 919 3040 quidem
953 2961 1177 3036 sponsi,
1211 2960 1312 3015 sed
1363 2957 1687 3014 alienorum
1721 2966 2005 3025 quorum-

347 3060 479 3114 dam
511 3063 715 3129 turpes
747 3054 1030 3110 mulieres
1062 3053 1396 3106 evaserunt.
1427 3045 1664 3102 Nullum
1696 3042 1854 3098 enim
1885 3056 2008 3094 car-

345 3149 538 3205 nalem
573 3161 830 3220 sponsus
863 3148 1066 3198 noster
1089 3138 1427 3195 ministrum
1447 3135 1662 3190 habere
1679 3130 2003 3203 deprehen-

344 3239 524 3307 ditur,
558 3236 658 3292 sed
692 3250 900 3291 omnes
932 3230 1146 3304 spiritu
1175 3229 1452 3283 viventes.
1487 3225 1622 3289 Quae
1659 3226 1853 3277 autem
1889 3235 2004 3274 non

343 3326 576 3397 Spiritui
619 3325 1025 3379 ministrorum
1077 3317 1299 3390 sponsi,
1335 3316 1437 3372 sed
1469 3330 1672 3370 eorum
1722 3310 2002 3366 carnibus
2032 3340 2075 3408 Ο

342 3431 471 3471 sese
517 3413 974 3486 desponderunt,
1029 3409 1134 3478 hae,
1187 3413 1251 3462 ut
1295 3405 1670 3460 manifestum
1723 3405 1833 3468 est,
1865 3415 2000 3454 cum

344 3505 477 3560 illos
509 3521 542 3560 a
591 3501 916 3558 ministerio
968 3497 1168 3571 sponsi
1211 3497 1366 3551 652
1418 3493 1641 3549 alienos
1689 3507 1838 3555 esse,
1871 3493 2000 3543 tum

341 3594 696 3666 semetipsas
724 3607 838 3646 non
875 3587 1167 3643 ministris
1190 3583 1413 3657 sponsi,
1445 3582 1546 3638 sed
1579 3580 1787 3635 alienis
1817 3577 2002 3634 servis

342 3685 725 3755 desponsatas
753 3695 905 3745 esse,
935 3677 1340 3734 ostenderunt.
1365 3669 1790 3742 Debentigitur
1820 3667 2000 3723 etiam

339 3790 472 3828 cum
505 3772 638 3827 istis
667 3775 836 3826 caute
869 3766 1145 3837 colloqui,
1180 3768 1520 3820 nascentem
1551 3760 1768 3814 sensim
1791 3774 1860 3812 ex
1889 3756 2003 3812 col-

338 3861 538 3935 loquio
555 3874 890 3931 corpoream
911 3854 1401 3912 consuetudinem
1429 3849 1749 3922 prudenter
1771 3847 1998 3901 abscin-

338 3953 568 4018 dentes,
599 3954 656 4004 et
683 3949 740 4003 in
774 3944 1160 4016 colloquendo
1179 3946 1469 4010 caventes,
1495 3955 1567 3994 ne
1587 3938 1728 3992 dum
1755 3936 2002 3992 ﬁdenter

338 4055 474 4096 cum
509 4038 649 4107 illis,
698 4043 763 4093 ut
813 4053 947 4092 cum
996 4032 1199 4104 εροοεὶ
1249 4029 1508 4095 famulis,
1561 4027 1996 4098 colloquuntur,

335 4127 742 4200 imprudentes
776 4127 862 4182 vel
894 4141 993 4180 eos
1033 4124 1103 4178 ad
1137 4140 1206 4178 ea
1244 4138 1371 4193 quas
1406 4136 1519 4175 non
1553 4122 1782 4190 oportet
1807 4118 1998 4172 detor-

336 4224 574 4292 queant,
607 4217 694 4272 vel
729 4216 1078 4286 semetipsas
1113 4218 1320 4284 praeter
1351 4210 1716 4281 prepositum
1753 4223 1997 4278 scopum

333 4308 391 4364 in
425 4307 622 4364 carnis
647 4307 975 4378 voluptates
1007 4300 1260 4357 absurde
1285 4298 1580 4369 dejiciant.
1608 4297 1717 4352 Sed
1742 4296 1998 4352 cbaritas

325 4396 600 4453 habenda
660 4394 935 4467 proximi,
998 4391 1138 4462 quia
1193 4390 1404 4460 Diliges
1458 4387 1782 4459 proximum
1838 4389 1999 4441 tuum

324 4488 470 4543 sicut
521 4485 757 4554 teipsum
799 4484 860 4548 13,
920 4497 986 4535 ac
1038 4496 1267 4552 sponsas
1320 4478 1428 4532 hoc
1477 4481 1832 4548 praaceptum
1885 4475 1998 4530 sibi

327 4579 564 4648 gratum
600 4588 856 4644 sponsus
912 4569 1175 4624 tradidit.
1226 4571 1408 4631 Certe,
1443 4564 1656 4635 inquit,
1685 4564 1908 4633 diliges,
1940 4570 1998 4620 et

330 4671 625 4739 quatenus
646 4661 746 4716 uni
772 4661 1019 4716 istorum
1047 4659 1210 4724 facis,
1237 4655 1380 4710 mibi
1406 4671 1624 4725 sponso
1649 4661 1748 4708 tuo
1767 4654 1992 4712 facis“.

2123 2049 2510 2127 ροκαλοῦντας,
2546 2048 2691 2106 ἀλλά
2723 2048 2806 2106 δεῖ
2855 2051 2953 2119 τὴν
3011 2050 3226 2128 ἀγάπην
3286 2050 3497 2109 δικαίαν
3556 2056 3645 2110 καὶ
3706 2058 3786 2129 μὴ

2123 2142 2539 2217 συγκεχυμένην
2599 2145 2898 2209 ποιεῖσθαι,
2943 2139 3035 2195 ’ίνα
3098 2143 3173 2214 μὴ
3225 2141 3357 2205 τοὺς
3389 2144 3660 2220 ὑπηρέτας
3689 2151 3790 2202 τοῦ

2121 2230 2382 2308 νυμφίου,
2416 2229 2522 2284 ἀπὸ
2577 2233 2674 2284 τοῦ
2730 2233 2975 2305 συνεχῶς
3022 2228 3238 2285 ἀκούειν
3299 2231 3473 2287 αὑτῶν
3533 2233 3600 2290 τὰ
3655 2237 3780 2312 περὶ

2119 2325 2216 2375 τοῦ
2247 2319 2485 2395 νυμφίου
2519 2316 2860 2389 λαλούντων,
2917 2319 3065 2380 ἳσους
3121 2324 3224 2374 τοῦ
3280 2321 3516 2400 νυμφίου
3563 2323 3786 2400 ἀγαπή-

2118 2410 2253 2465 σασά
2279 2429 2435 2477 ποτε,
2490 2407 2696 2483 καθέλῃ
2763 2408 2856 2480 μὲν
2883 2408 2948 2462 τὸ
2977 2407 3195 2482 ἀξίωμα
3225 2415 3324 2465 τοῦ
3353 2414 3620 2491 νυμφίου,
3681 2420 3783 2470 τοῦ

2121 2497 2179 2555 δὲ
2235 2497 2640 2575 νυμφαγωγοὺς
2679 2544 2692 2569 ,
2749 2502 2830 2570 τῷ
2884 2496 3013 2563 τοὺς
3071 2498 3354 2574 ἰσοτίμους
3407 2506 3486 2575 τῷ
3540 2503 3782 2580 Δεσπότῃ

2120 2588 2285 2665 ἄγειν,
2346 2586 2574 2660 ἀδικήσῦ
2632 2587 2697 2642 τὰ
2759 2586 3010 2662 μέγιστα.
3069 2585 3214 2659 ’Ἤδη
3250 2586 3308 2644 δέ
3365 2612 3504 2655 τινες
3559 2590 3772 2664 ἔλαθον,

2118 2678 2218 2735 οὐκ
2241 2678 2338 2734 ’ίσα
2363 2683 2444 2751 τῷ
2495 2678 2721 2755 νυμφίῳ
2787 2678 3079 2750 ὑπηρέτας,
3139 2676 3284 2734 ἀλλά
3339 2680 3426 2736 καὶ
3467 2680 3632 2737 πλέον
3674 2683 3774 2738 αὑ-

2115 2769 2271 2837 τοὺς,
2346 2761 2554 2831 ἀσεϐῶς
2634 2767 2999 2842 ἀγαπήσασαι·
3079 2767 3167 2822 καὶ
3219 2773 3314 2824 τοῦ
3373 2771 3467 2842 μὲν
3526 2771 3766 2848 νυμφίου

2119 2857 2336 2926 λοιπὸν,
2387 2859 2522 2933 πρὸς
2572 2855 2629 2911 δν
2700 2854 3094 2934 ένυμφεύσαντο
3145 2857 3380 2928 καθάπαξ
3432 2857 3758 2932 ἐπιλαθόμε-

2115 2969 2225 3021 ναι,
2285 2949 2411 3004 ὅλαι
2470 2944 2527 3002 δὲ
2582 2950 2688 3002 τῶν
2752 2945 2980 3001 οῗκετῶν
3034 2950 3126 3002 τοῦ
3179 2946 3407 3024 νυμφίου
3437 2946 3638 3024 νύμφαι
3668 2967 3758 3020 γι-

2115 3038 2359 3111 νόμεναι,
2418 3035 2631 3110 μᾶλλον
2695 3033 2753 3091 δὲ
2803 3033 2929 3091 οὐδὲ
2959 3040 3064 3091 τῶν
3122 3034 3341 3090 οῒκετῶν
3375 3039 3468 3090 τοῦ
3496 3035 3760 3113 νυμφίου,

2119 3125 2266 3183 ἀλλὰ
2296 3125 2606 3200 ἀλλοτρίων
2655 3129 2819 3180 τινῶν
2878 3127 3126 3203 γυναῖκες
3175 3123 3394 3199 αῗσχραὶ
3446 3123 3766 3198 εὑρεθεῖσαι.

2117 3214 2321 3276 Οὐδένα
2377 3217 2477 3294 γὰρ
2546 3215 2799 3291 σαρκικὸν
2865 3216 2893 3269 ὁ
2964 3213 3199 3293 νυμφίος
3265 3215 3424 3286 ἡμῶν
3492 3211 3766 3287 ὑπηρέτην

2116 3304 2262 3384 ἔχων
2343 3305 2665 3378 εὑρίσκεται,
2745 3303 2890 3361 ἀλλά
2957 3307 3164 3367 πάντας
3229 3302 3488 3376 πνεύματι
3543 3306 3770 3372 ζῶντας.

2111 3399 2181 3455 Al.
2209 3395 2266 3452 δὲ
2300 3397 2376 3470 μὴ
2407 3401 2486 3468 τῷ
2515 3395 2782 3468 πνεύματι
2835 3398 2942 3449 τῶν
3007 3392 3459 3470 ὑπηρετουμένων
3505 3396 3582 3463 τῷ
3631 3413 3773 3464 νυμ-

2112 3487 2242 3566 φίῳ,
2305 3484 2451 3541 ἀλλὰ
2504 3490 2623 3547 ταῖς
2684 3483 2863 3560 σαρξὶν
2917 3482 3095 3538 αὐτῶν
3155 3483 3344 3544 ἑαυτὰς
3368 3480 3583 3543 ἀτόπως
3629 3501 3768 3553 νυμ-

2112 3576 2394 3656 φεύσασαι,
2429 3572 2598 3645 δῆλον
2635 3574 2707 3636 ὡς
2739 3571 3023 3636 κάκείνους
3079 3569 3410 3646 ἀλλοτρίους
3439 3577 3540 3640 τῆς
3591 3571 3765 3644 ὑπηρε

2111 3666 2229 3727 σίας
2281 3669 2379 3720 τοῦ
2435 3663 2695 3742 νυμφίου,
2773 3662 2862 3718 καὶ
2920 3661 3112 3724 έαυτᾶς
3171 3660 3278 3737 οὐχ
3327 3659 3619 3738 ὑπηρέταις
3666 3661 3764 3714 τοῦ

2107 3753 2367 3828 νυμφίου,
2455 3751 2600 3808 ἀλλὰ
2677 3749 2998 3827 ἀλλοτρίοις
3076 3749 3299 3814 δούλοις
3375 3747 3765 3827 νυμφευθείσας

2112 3843 2443 3920 ἀπήλεγξαν.
2498 3842 2710 3901 Οὐκοῦν
2765 3842 2856 3896 καὶ
2913 3840 3132 3904 τούτοις
3192 3834 3428 3915 ἀκριϐῶς
3478 3836 3768 3912 ὁμιλείτω-

2112 3956 2230 4005 σαν,
2278 3935 2379 4003 τὴν
2433 3930 2786 4012 ἐμφυομένην
2839 3933 2952 4006 (52)
3005 3930 3282 4008 λαθραίως
3315 3929 3373 3985 ἐκ
3411 3935 3513 3999 τῆς
3540 3925 3766 4001 ὁμιλίας

2110 4025 2431 4098 σωματικὴν
2509 4023 2794 4093 συνήθειαν
2869 4021 3155 4100 φρονίμως
3231 4020 3602 4092 έκτέμνουσαι·
3674 4016 3766 4071 καὶ

2111 4115 2161 4170 έν
2216 4113 2286 4188 τῇ
2319 4111 2536 4188 ὁμιλεῖν
2593 4110 3023 4186 φυλασσόμεναι,
3081 4113 3159 4184 μὴ
3204 4109 3263 4166 ὲκ
3290 4113 3386 4164 τοῦ
3427 4109 3663 4183 θαρσεῖν,
3691 4106 3767 4166 ὡς

2107 4209 2204 4259 τοῦ
2247 4202 2480 4281 νυμφίου
2541 4201 2791 4269 οἰκείοις,
2853 4197 3122 4271 λάθωσιν,
3184 4201 3220 4270 ἢ
3278 4197 3508 4259 ἐκείνους
3567 4193 3771 4270 πρὸςᾶ

2113 4297 2188 4370 μη
2244 4290 2326 4348 δεῖ
2385 4287 2802 4369 ἀποσφήλασαι,
2858 4290 2895 4360 ἢ
2956 4289 3150 4350 έαυτάς
3205 4287 3353 4364 παρὰ
3399 4288 3491 4342 τὸν
3547 4283 3770 4362 προκεί-

2113 4405 2272 4459 μενον
2300 4383 2500 4438 σκοπὸν
2551 4379 2638 4434 ἐπὶ
2694 4380 2788 4442 τὰς
2847 4379 3044 4454 σαρκὸς
3076 4375 3278 4449 ἡδονάς
3336 4375 3550 4438 ἀτόπως
3608 4393 3769 4428 κατα-

2109 4471 2394 4530 ϐαλοῦσαι.
2456 4467 2635 4526 Ἀλλὰ
2682 4470 2898 4545 ἀγάπην
2933 4465 3015 4524 δεῖ
3041 4472 3148 4523 τῶν
3182 4465 3420 4538 πλησίον
3449 4464 3764 4533 κεκτῆσθαι,

2108 4564 2190 4619 δτι
2277 4561 2612 4637 Ἀγαπήσεις
2696 4561 2786 4614 τὸν
2865 4556 3100 4626 πλησίον
3189 4578 3308 4628 σου,
3391 4557 3467 4617 ὡς
3554 4551 3762 4609 ἑαυτόν·

2105 4651 2195 4707 καὶ
2225 4655 2386 4706 τοῦτο
2418 4649 2642 4725 ἀρέσκον
2703 4645 2837 4720 αὐτῇ
2871 4645 2898 4698 ὁ
2955 4643 3190 4722 νυμφίος
3236 4647 3305 4717 τῇ
3337 4642 3522 4719 νύμφῃ
3551 4641 3762 4715 παράγ-

330 4714 443 4814 ἐπὶ
477 4770 593 4809 non
627 4751 801 4807 debet
830 4747 1062 4805 libidini
1117 4714 1368 4803 obnoxia
1417 4714 1544 4799 esse
1574 4743 1850 4811 charitas,
1887 4762 1992 4802 nec

2117 4741 2284 4820 γελμα
2343 4714 2565 4794 δέδωκε.
2601 4737 2700 4790 Καὶ
2757 4714 2943 4814 φησιν,
3005 4714 3329 4809 ἀγαπήσεις,
3387 4714 3762 4806 καί-έφτὸσον

326 4860 542 4902 nomen
577 4839 883 4896 cbaritatis
916 4837 1230 4901 mentiens,
1266 4851 1326 4889 re
1355 4837 1612 4889 evertere
1642 4833 1990 4904 dignitatem

321 4949 471 4991 verze
533 4929 856 4987 cbaritatis.
926 4925 1198 4991 Quandiu
1274 4924 1511 4995 quidem
1595 4925 1668 4977 ob
1727 4939 1986 4980 amorem

2103 4815 2173 4887 ένῖ
2206 4815 2413 4887 τούτων
2447 4831 2651 4896 ποιεῖς,
2709 4822 2834 4898 ἐμοὶ
2865 4828 2946 4894 τῷ
3001 4826 3080 4892 σῷ
3133 4821 3350 4894 νυμφίῳ
3377 4825 3573 4882 ποιεῖς.
3606 4815 3766 4876 Ἀλλ⁹

2100 4922 2200 4978 οὐκ
2249 4919 2470 4994 ἐμπαθῆ
2503 4910 2753 4969 εἶναιδεῖ
2809 4913 2908 4981 τὴν
2965 4910 3205 4986 ἀγάπην,
3234 4906 3359 4964 οὐδὶ
3400 4904 3577 4980 ὄνομα
3622 4905 3764 4979 αὐτῇ

321 5021 547 5096 Sponsi,
584 5034 782 5076 amare
829 5018 1035 5072 fratres
1085 5011 1324 5082 videris,
1358 5027 1555 5066 servas
1587 5016 1643 5067 et
1673 5011 1731 5066 in
1766 5029 1898 5069 eum
1932 5019 1988 5070 ct

2117 5008 2532 5096 :mMuSoiLévnv
2569 5004 2676 5096 (53)
2736 5003 2974 5096 ἀγάπης,
3027 5004 3129 5096 τῷ.
3167 4999 3312 5077 ἔργῳ
3372 4999 3602 5072 ἀναιρεῖν
3653 4995 3756 5063 τὴν

319 5109 379 5166 in
441 5110 575 5166 illos
634 5107 980 5180 gravitatem
1039 5099 1363 5159 charitatis.
1425 5101 1534 5156 Sed
1591 5102 1638 5156 si
1692 5119 1804 5159 non
1857 5105 1985 5177 jam

2098 5083 2248 5174 ἀξίαν
2293 5107 2394 5170 τῆς
2445 5092 2617 5156 ὅντως
2651 5091 2893 5169 ἀγάπης.
2943 5091 3066 5148 ’Ότι
3104 5085 3209 5153 ἕως
3265 5090 3324 5144 ἂν
3374 5085 3463 5142 διὰ
3490 5087 3589 5156 τὴν
3618 5083 3759 5160 πρὸς

394 5285 441 5323 ιο
470 5285 638 5340 Prov.
671 5297 750 5346 ιν,
776 5281 866 5335 27.
947 5283 990 5316 ιι
1023 5277 1238 5350 Ephes.
1270 5291 1327 5341 v,
1363 5274 1447 5328 15.
1529 5275 1574 5310 ¹³
1606 5276 1784 5333 Eccli.
1817 5296 1895 5346 ix,
1922 5281 2005 5335 20.

2117 5280 2135 5316 ³
2163 5280 2301 5334 Luc.
2333 5291 2392 5344 κ,
2426 5271 2518 5327 27.
2597 5269 2644 5306 ¹⁴
2677 5267 2884 5327 Matth.
2919 5282 3050 5334 xxv,
3081 5266 3169 5322 40.

392 5451 1132 5530 (52)]ΕεμφυρμένηνηΗωο
1185 5445 1477 5530 scriptura
1525 5446 1989 5530 soliu_s_est_co-

320 5520 848 5588 dicis'Col'bertini,
882 5525 981 5579 sed
1017 5520 1441 5594 percommode
1474 5521 1750 5594 emendat
1779 5520 1982 5593 vulga-

317 5605 441 5659 tam
505 5594 820 5672 lectionem
859 5589 1284 5672 .Vulltp-Euollé'q‘l,
1353 5592 1542 5672 cujus
1579 5591 1787 5672 vitium
1849 5589 1984 5650 cum

318 5671 690 5745 perspiceret
717 5662 974 5722 Combef.
1000 5662 1350 5736 'legendum
1383 5662 1649 5735 putabat,
1686 5683 1983 5737 μνηστευο-

2338 5514 2493 5606 Axi-cf}
2543 5503 3039 5636 ’ἐτὲἓρευδομένηψ
3099 5504 3287 5560 Codex
3360 5500 3762 5568 Colbertinus,

2104 5590 2262 5636 “hic
2297 5605 2400 5636 nm
2431 5604 2590 5636 αυτη.
2711 5585 2812 5635 mo
2895 5581 3067 5634 cncta
3097 5581 3154 5633 et
3195 5576 3426 5633 codices
3458 5590 3602 5632 mss.
3637 5590 3758 5631 non

2095 5576 2278 5661 actis;
2297 5605 2400 5661 pro
2431 5576 2822 5661 αὑτῇ-Εάέῒὶο,
2841 5576 3067 5634 Veneta
3097 5581 3154 5633 et
3195 5576 3426 5633 codices
3458 5590 3602 5632 mss.
3637 5590 3758 5631 non

2095 5649 2267 5735 null'i,
2298 5649 2437 5735 αὐτῇ
2469 5649 2556 5713 έπῖ
2588 5649 2947 5727 ψευδομένης,
