4124 6356
320 367 441 429 748

1552 356 1789 420 LIBER
1833 355 1938 418 DE
1979 353 2521 418 VIRGINITATE.

3625 359 3748 424 ’146

317 501 409 558 τὸν
443 498 675 580 νυμφίον
708 496 924 574 ἀγάπην
957 495 1226 572 ἀγαπῶσα
1282 493 1444 570 φαίνῃ
1500 490 1630 554 τοὺς
1687 487 1978 580 ἀδελφοὺς,

2095 493 2333 580 propter
2361 490 2552 561 illum,
2585 493 2687 549 sed
2716 509 2816 549 eos
2864 498 3099 566 propter
3128 495 3477 566 semetipsos
3507 512 3577 552 ex
3607 512 3746 554 con-

324 593 518 661 σώζεις
567 577 656 645 καὶ
713 588 775 644 τὸ
823 588 960 663 πρὸς
1014 586 1216 641 ἐκεῖνον
1275 584 1364 638 καὶ
1407 581 1470 638 τὸ
1503 580 1640 658 πρὸς
1670 577 1870 643 αὐτοὺς
1918 579 1981 634 τὸ

321 689 421 751 τῆς
479 681 698 754 ἀγάπης
757 677 972 751 σεμνόν.
1009 672 1256 732 Ἐπειδὰν
1319 671 1376 728 δε
1415 669 1594 727 οὐκέτι
1654 667 1724 724 δι’
1754 668 1979 740 ἰκεῖνον,

321 769 466 826 ἀλλὰ
505 769 732 830 τούτους
765 764 834 821 δι’
865 763 1064 827 αὐτοὺς
1095 763 1202 818 ἀπὸ
1245 769 1346 832 τῆς
1389 759 1673 831 συνηθείας
1721 758 1790 833 ᾖς
1851 758 1980 834 ἀγα-

317 865 496 928 πῶσα,
558 855 912 933 διαφθείρασα
970 854 1059 909 καὶ
1116 853 1216 922 τὴν
1275 852 1412 927 πρὸς
1471 849 1672 905 ὶκεῖνον
1739 849 1978 923 ἀγάπην,

315 948 405 1002 καὶ
444 945 662 1021 ἰμπαθῆ
706 946 907 1016 ταύτην
949 945 1244 1014 ποιήσασα,
1295 937 1673 1016 ψευδώνυμον,
1705 938 1792 993 καὶ
1850 935 1978 1011 οὐχὶ

315 1039 416 1108 τὴν
496 1034 680 1105 ἀληθῆ
767 1031 914 1109 ἔχεις
1001 1031 1236 1109 ἀγάπην.
1296 1030 1508 1105 Ἀγάπη
1586 1027 1689 1103 γὰρ
1781 1024 1978 1100 σαρκὸς

317 1126 460 1197 πάθη
512 1126 624 1200 (54)
659 1123 763 1201 οὐχ
807 1125 1048 1179 ἅπτεται·
1095 1119 1221 1177 οὗδὶ
1269 1117 1470 1194 ἄλογος
1519 1119 1651 1172 οὖσα
1709 1117 1812 1172 ὑπὸ
1856 1136 1979 1172 συν-

317 1215 506 1286 ηθείας
542 1211 799 1283 ζωώδους
849 1211 1082 1287 ἀκρίτως
1130 1211 1192 1265 τὸ
1238 1209 1434 1282 σεμνὸν
1466 1208 1658 1276 ἑαυτῆς
1719 1205 1805 1261 ἐπὶ
1866 1206 1979 1259 σώ-

321 1327 461 1380 ματα
487 1303 800 1382 καταφέρει.
836 1299 1018 1358 Ἀλλᾶ
1059 1299 1255 1375 λογικὴ
1290 1296 1447 1367 οὖσα,
1478 1297 1567 1352 καὶ
1624 1295 1727 1366 ὅλη
1787 1294 1976 1372 σοφίας

318 1395 511 1469 μεστὴ,
545 1391 830 1470 ἐμφρόνως
863 1391 1055 1458 ἑαυτὴν
1087 1389 1228 1464 πρὸς
1275 1385 1424 1458 ἀξίαν
1485 1391 1601 1447 τοῖς
1660 1385 1978 1459 προσώποις

314 1484 449 1539 κατὰ
505 1483 569 1539 τὸ
629 1480 838 1537 δίκαιον
891 1478 1205 1536 ταλαντεύει
1241 1497 1254 1511 °
1313 1476 1441 1538 τοὺς
1519 1475 1612 1548 μὲν
1703 1471 1974 1549 ὑπηρέτας

311 1574 552 1650 νυμφίου
586 1569 840 1646 λογισμῷ
887 1567 956 1624 δι’
996 1567 1202 1623 ἐκεῖνον
1247 1569 1484 1640 τιμῶσα,
1519 1563 1709 1650 αὐτὸν,
1738 1560 1821 1636 δὶς
1843 1561 1976 1617 ἐκεῖ·

310 1683 397 1718 νον
431 1648 492 1717 ού
539 1659 627 1716 διὰ
654 1659 903 1727 τούτους,
937 1656 1020 1713 ὅτι
1078 1655 1202 1734 περὶ
1269 1655 1437 1710 αὐτοῦ
1496 1652 1636 1728 αὐτῇ
1693 1648 1977 1728 διαλέγον-

2095 579 2407 636 suetudine
2453 580 2685 654 diliges,
2737 599 3120 655 corrumpens
3171 583 3331 640 illius
3364 601 3647 657 amorem,
3680 603 3748 643 ao

2091 668 2325 724 libidini
2375 669 2691 726 obnoxium
2741 672 3023 740 efficiens,
3075 673 3222 730 falso
3271 674 3635 731 nominatam
3681 693 3748 733 ac

2092 759 2337 815 minime
2387 776 2585 816 veram
2634 760 2816 817 habes
2867 761 3235 818 charitatem.
3293 763 3558 821 Charitas
3589 766 3747 823 enim

2091 848 2286 904 carnis
2319 848 2594 904 libidines
2648 867 2762 905 non
2812 851 3050 923 attingit
3083 867 3095 905 :
3133 868 3235 907 nec
3266 853 3508 910 rationis
3540 870 3747 928 expers

2091 952 2160 992 ex
2218 940 2648 995 consuetudine
2705 939 2942 995 animali
3003 940 3352 1012 gravitatem
3403 959 3571 998 suam
3618 945 3749 1002 sine

2086 1026 2306 1099 judicio
2336 1028 2619 1084 transfert
2669 1028 2724 1084 in
2758 1045 3019 1101 corpora.
3071 1032 3177 1086 Sed
3229 1031 3475 1087 rationis
3507 1049 3748 1106 compos

2089 1133 2156 1173 ac
2185 1121 2308 1172 tota
2338 1117 2636 1189 sapientiae
2664 1117 2839 1190 plena
2868 1121 3188 1190 prudenter
3226 1121 3608 1193 semetipsum
3643 1140 3746 1194 pro

2087 1207 2296 1262 merito
2330 1223 2738 1278 personarum,
2764 1212 2829 1263 ut
2858 1225 3093 1280 aequum
3127 1214 3238 1277 est,
3267 1209 3559 1283 impendit
3586 1230 3599 1280 ;
3635 1213 3744 1268 mi-

2088 1296 2306 1352 nistros
2356 1297 2580 1367 sponsi,
2642 1297 2865 1353 ratione
2914 1304 3154 1371 prOpter
3202 1298 3370 1355 illum
3422 1300 3742 1372 honorans,

2086 1385 2254 1440 illum
2289 1390 2484 1442 autem
2509 1403 2626 1442 non
2660 1392 2898 1459 propter
2913 1405 3031 1454 eos,
3057 1387 3196 1459 quia
3217 1389 3287 1444 de
3309 1387 3410 1444 illo
3434 1388 3744 1462 loquentes

2086 1475 2271 1544 audit,
2305 1476 2406 1529 sed
2440 1481 2679 1547 propter
2726 1475 2921 1548 ipsum
2954 1476 3153 1533 colens
3180 1496 3192 1546 ;
3245 1495 3310 1533 ac
3343 1477 3391 1533 si
3423 1480 3553 1550 quis
3584 1479 3745 1539 illius

2087 1567 2314 1619 amator
2345 1567 2452 1630 est,
2486 1565 2743 1620 amicum
2789 1564 2957 1620 illum
2990 1567 3061 1621 ob
3093 1566 3295 1637 sponsi
3327 1584 3588 1624 amorem
3618 1570 3745 1626 exi-

2085 1652 2325 1722 stimat;
2359 1653 2410 1709 si
2441 1655 2574 1725 quis
2604 1658 2800 1710 autem
2831 1653 2992 1709 illius
3033 1671 3288 1711 amorem
3324 1656 3587 1730 negligit,
3623 1675 3739 1714 non

309 1773 419 1823 ται,
478 1748 624 1806 ἀλλὰ
681 1746 750 1803 δι’
808 1747 966 1803 αὐτὸν
1037 1745 1370 1822 περιέπουσα
1404 1763 1418 1777 ·
1484 1743 1575 1798 καὶ
1635 1739 1687 1797 εἷ’
1736 1763 1821 1806 τις
1880 1743 1974 1814 μὶν

2092 1741 2200 1812 iam
2230 1742 2418 1813 illum,
2451 1743 2685 1800 etiamsi
2707 1748 3058 1815 assentetur,
3083 1750 3148 1800 ut
3172 1745 3519 1802 familiarem
3542 1746 3740 1819 habet,

313 1841 520 1898 ἐκείνου
553 1838 798 1915 ἐραστὴς,
829 1838 1021 1893 τοῦτον
1052 1834 1140 1891 διὰ
1171 1837 1233 1890 τὸ
1292 1834 1430 1908 πρὸς
1473 1831 1684 1935 ἐκείνον
1741 1829 1968 1935 φ’ίλτρον

2092 1832 2194 1887 sed
2226 1833 2481 1888 maxime
2531 1850 2600 1888 ex
2646 1834 2774 1905 ejus
2800 1835 3199 1891 assentatione
3247 1833 3493 1892 insidias
3542 1837 3743 1910 suspi-

314 1932 526 2004 ἑταῖρον
553 1914 871 2001 νομίζουσα’
907 1925 955 1982 εἴ
993 1924 1050 1981 δέ
1079 1947 1160 1987 τις
1208 1928 1310 1979 τοῦ
1368 1921 1492 1996 περὶ
1545 1922 1712 1976 αὐτοῦ
1771 1914 1973 1994 ἔρωτος

321 2017 538 2092 ἀμελεῖ,
590 2016 768 2072 οὐκέτι
824 2015 1040 2082 τοῦτον,
1084 2011 1181 2069 κᾶν
1231 2012 1400 2082 αὐτὴν
1447 2009 1740 2085 κολακεύῃ,
1773 2010 1849 2072 ὡς
1893 2010 1977 2064 ol-

322 2112 468 2162 κεῖον
516 2107 716 2181 ὁρῶσα.
778 2102 923 2161 ἀλλᾶ
966 2092 1068 2160 ’καὶ
1123 2101 1358 2177 μάλιστα
1405 2100 1465 2156 ἐκ
1519 2106 1622 2171 τῆς
1689 2098 1978 2165 κολακείας

323 2197 424 2265 τήν
457 2189 756 2265 ἐπιϐουλὴν
819 2193 1220 2262 ὑποπτεύουσα,
1254 2191 1338 2247 ὅτι
1401 2187 1622 2264 ἀμελῶν
1683 2195 1781 2246 τοῦ
1835 2210 1976 2263 νυμ-

324 2285 448 2364 φίου
495 2284 618 2362 περὶ
666 2285 724 2340 ὃν
783 2285 919 2354 αὐτὴ
977 2283 1257 2354 ἐπτόηται,
1313 2283 1678 2357 προσποιητῳ
1726 2283 1795 2355 τῇ
1852 2281 1976 2356 περὶ

321 2376 411 2430 τὸν
499 2374 732 2452 νυμφίον
803 2373 971 2444 αὐτῆς
1047 2371 1320 2448 Θεραπεία,
1384 2368 1623 2440 δελεάζει
1690 2373 1801 2444 (55)
1881 2369 1974 2443 μὶν

319 2463 519 2535 ταύτην
581 2464 654 2526 ὡς
704 2467 994 2536 συμπονῶν
1047 2463 1185 2536 αὐτῇ
1234 2462 1370 2536 πρὸς
1430 2461 1529 2528 τὴν
1591 2458 1796 2515 ἐκείνου
1853 2456 1977 2532 ἀρέ-

322 2575 520 2622 σκειαν,
551 2551 634 2626 ἐφ’
665 2552 849 2606 ἑαυτὸν
909 2549 967 2605 δὲ
1018 2549 1187 2615 αὐτῆς
1239 2550 1328 2604 τὸν
1367 2544 1543 2624 ἔρωτα
1588 2549 1647 2604 ἐκ
1691 2555 1794 2618 τῆς
1853 2569 1976 2602 συν-

323 2647 486 2718 εχοῦς
529 2641 752 2714 ὁμιλίας
803 2643 1107 2714 μεταθεῖναι
1156 2636 1466 2712 σπουδάζει,
1499 2638 1552 2692 ἐν
1612 2640 1976 2715 νυμφαγωγοῦ

325 2733 552 2807 ὀνόματί
583 2753 643 2788 τε
672 2731 761 2787 καὶ
793 2733 1040 2807 σχήματι
1078 2730 1278 2804 μοιχός
1319 2736 1419 2798 τῆς
1466 2727 1682 2807 νύμφης
1733 2726 1978 2802 navo-3P-

322 2845 434 2898 γως
490 2822 796 2898 γινόμενος.
833 2823 1104 2883 Ἐντεῦθεν
1161 2819 1262 2895 γὰρ
1320 2816 1526 2874 πολλαὶ
1584 2821 1663 2890 τῷ
1713 2823 1814 2887 τῆς
1845 2818 1975 2891 ἀγά-

323 2934 432 2983 πης
469 2907 700 2985 ὀνόματι
753 2905 1073 2986 καταϐραχὺ
1132 2909 1269 2984 πρὸς
1313 2908 1381 2962 τά
1427 2913 1527 2978 τῆς
1579 2907 1776 2981 σαρκὸς
1826 2907 1972 2979 πάθη

324 3003 426 3057 ὑπὸ
482 3008 582 3070 τῆς
639 2998 915 3071 συνηθείας
970 3001 1401 3073 κατενεχθεῖσαι,
1443 2995 1642 3072 πόρναι
1699 2997 1786 3051 καὶ
1849 3017 1977 3069 μοι-

323 3089 551 3167 χαλίδες
581 3090 669 3146 καὶ
699 3084 991 3164 ἀλλότριαι
1025 3087 1086 3142 ού
1111 3093 1217 3153 τῆσ
1239 3091 1336 3141 τοῦ
1385 3084 1587 3161 Κυρίου
1638 3085 1800 3157 μόνον
1847 3106 1980 3160 νυμ-

325 3179 584 3254 φεύσεως,
620 3177 764 3233 ἀλλὰ
821 3177 910 3232 καὶ
966 3180 1063 3230 τοῦ
1120 3176 1256 3229 κατὰ
1314 3175 1482 3250 σάρκα
1536 3173 1779 3248 νομίμου
1831 3176 1978 3251 παρὰ

327 3269 636 3342 ἀνθρώποις
692 3266 875 3342 γάμου
933 3265 1269 3319 παντάπασιν
1331 3262 1780 3338 ἀπηλέγχθησαν.
1835 3269 1975 3339 Παρ-

327 3358 502 3421 θενίαν
557 3355 660 3431 γὰρ
717 3360 795 3427 τῷ
845 3353 1027 3429 Κυρίῳ
1077 3351 1553 3429 ἐπαγγειλάμεναι,
1588 3353 1682 3416 εἶθ’
1718 3352 1822 3407 ὑπὸ
1867 3351 1975 3408 τῶν

323 3445 519 3520 σαρκὸς
573 3442 789 3513 ἡδονῶν
837 3447 1162 3513 νικηθεῖσαι,
1198 3443 1296 3510 τὴν
1355 3447 1456 3510 τῆς
1505 3440 1760 3514 πορνείας
1811 3443 1979 3515 ἁμαρ-

316 3533 435 3590 τίαν
492 3534 674 3610 γάμου
736 3531 964 3606 ὀνόματι
1038 3526 1412 3606 περιστᾶλλειν
1497 3528 1772 3585 ἐθέλουσιν
1812 3547 1824 3562 ο
1886 3530 1984 3586 οὐκ

2093 1925 2280 1990 catur,
2313 1926 2620 1994 propterea
2666 1924 2821 1994 quod
2867 1922 3171 1996 negligens
3221 1942 3526 1996 sponsum,
3567 1944 3744 1998 quem

2083 2010 2185 2066 illa
2214 2012 2560 2082 admiratur,
2594 2011 2872 2068 simulato
2916 2013 3108 2085 ipsius
3139 2015 3345 2087 sponsi
3379 2015 3541 2070 cultu
3586 2016 3742 2072 ines—

2086 2105 2178 2157 cat
2208 2116 2358 2168 eam,
2394 2101 2562 2172 quasi
2601 2101 2794 2174 ipsam
2845 2103 3082 2173 adjuvet
3113 2108 3178 2158 ut
3227 2120 3443 2176 sponso
3476 2105 3740 2177 placeat;

2084 2191 2145 2246 in
2177 2191 2560 2263 semetipsum
2611 2196 2808 2248 autem
2841 2191 3001 2248 illius
3048 2209 3307 2248 amorem
3341 2194 3579 2250 assiduo
3623 2197 3742 2250 col-

2083 2281 2283 2354 loquio
2312 2265 2628 2338 transferre
2672 2286 2938 2350 conatur,
2989 2282 3100 2338 sub
3133 2283 3384 2354 pronubi
3418 2284 3656 2340 nomine
3686 2287 3745 2340 et

2085 2371 2280 2443 specie
2329 2371 2561 2427 adulter
2608 2389 2837 2444 sponsae
2888 2371 3286 2428 fraudulenter
3337 2373 3546 2428 factus.
3595 2374 3741 2429 Hinc

2085 2459 2242 2516 enim
2275 2461 2474 2516 multas
2505 2461 2808 2516 cbaritatis
2841 2461 3079 2516 nomine
3110 2460 3396 2534 paulatim
3440 2463 3511 2516 ad
3545 2462 3740 2518 carnis

2085 2550 2360 2606 libidines
2391 2567 2459 2605 ex
2491 2549 2918 2605 consuetudine
2947 2553 3004 2605 et
3036 2549 3432 2606 familiaritate
3465 2549 3740 2622 delapsae,

2089 2639 2423 2695 meretrices
2471 2645 2528 2694 et
2576 2639 2852 2694 adulteras
2908 2656 2972 2695 ac
3023 2657 3137 2694 non
3188 2639 3379 2695 solum
3430 2657 3464 2695 a
3509 2641 3744 2696 Domini

2086 2728 2484 2801 sponsalibus,
2518 2729 2620 2784 sed
2652 2728 2828 2784 etiam
2861 2747 2893 2784 a
2924 2727 3146 2784 carnali
3179 2728 3555 2786 matrimonio
3588 2730 3745 2801 apud

2084 2817 2357 2873 homines
2389 2817 2654 2891 legitimo
2686 2817 2889 2872 alienae
2933 2835 3174 2890 prorsus
3203 2817 3748 2890 deprehenduntur.

2085 2907 2233 2963 Nam
2283 2924 2420 2965 cum
2469 2907 2867 2980 virginitatem
2916 2907 3159 2962 Domino
3207 2907 3492 2976 voverint,
3544 2915 3751 2978 postea

2087 2996 2283 3053 carnis
2313 2995 2719 3068 voluptatibus
2750 2996 2935 3061 victm,
2970 2996 3159 3067 stupri
3193 3001 3498 3066 peccatum
3541 2997 3751 3052 matri-

2089 3087 2274 3143 monii
2308 3086 2544 3140 nomine
2590 3089 2905 3157 prmtexere
2955 3084 3155 3140 volunt
3187 3101 3200 3140 :
3237 3101 3353 3139 non
3386 3085 3750 3157 ignorantes,

2089 3176 2322 3248 opinor,
2357 3174 2628 3246 quamvis
2663 3174 3090 3246 ignorationem
3136 3191 3250 3245 pra
3282 3191 3345 3229 se
3379 3174 3584 3242 ferant,
3619 3191 3749 3231 eam

2091 3282 2218 3337 quae
2251 3265 2449 3319 datam
2495 3279 2713 3335 sponso
2763 3280 2871 3318 suo
2921 3264 3216 3318 dexteram
3263 3263 3520 3334 violavit,
3562 3281 3750 3336 neque

2089 3354 2253 3409 illius
2285 3369 2561 3424 sponsam
2594 3369 2742 3420 esse,
2761 3368 2936 3424 quem
2957 3351 3263 3424 illegitime
3281 3351 3537 3424 reliquit,
3562 3370 3750 3425 neque

2093 3442 2274 3512 illius,
2308 3442 2402 3497 cui
2434 3459 2495 3497 se
2525 3458 2629 3513 per
2657 3440 2962 3496 libidinem
2989 3442 3207 3512 junxil,
3235 3443 3560 3498 secundum
3592 3441 3750 3515 leges

2096 3549 2334 3588 uxorem
2368 3531 2547 3586 videri
2581 3547 2775 3602 posse.

321 3623 632 3697 ἀγνοοῦσαι,
681 3625 860 3694 οἶμαι,
913 3617 1009 3675 κᾶν
1071 3617 1288 3698 ἄγνοιαν
1347 3615 1412 3688 δὴ
1473 3623 1900 3693 προσποιῶνται,
1935 3621 2020 3676 δτι
2073 3620 2108 3689 ἡ
2160 3613 2448 3694 παραϐᾶσα
2504 3620 2599 3680 τὰς
2661 3619 2797 3693 πρὸς
2849 3619 2940 3673 τὸν
3003 3617 3235 3696 νυμφίον
3298 3620 3492 3690 ἑαυτῆς
3553 3617 3749 3691 δεξιάς,

323 3711 446 3768 οὔτε
501 3712 699 3766 τούτου
758 3710 870 3766 ἐστὶ
918 3708 1129 3787 νύμφη,
1160 3709 1218 3763 ’ὁν
1279 3708 1613 3784 παρανόμως
1672 3707 1986 3781 κατέλιπεν,
2019 3706 2131 3765 οὔτ’
2191 3706 2418 3776 ἐκείνου,
2452 3705 2498 3780 ᾧ
2551 3704 2640 3762 διὰ
2695 3709 2868 3772 πάθος
2928 3703 3130 3778 ἔζευξεν
3191 3710 3404 3779 ἑαυτὴν,
3465 3709 3602 3765 κατᾶ
3654 3709 3750 3764 νό-

332 3822 466 3874 μους
493 3801 628 3876 γυνὴ
655 3796 874 3852 δύναται
909 3798 1212 3870 εὑρεθῆναι.
1514 3871 1519 3876 _

393 3891 483 3946 38.
517 3887 646 3942 Τότε
675 3887 776 3964 γὰρ
808 3887 1050 3960 νόμιμος
1082 3888 1193 3957 (56)
1225 3884 1316 3939 καὶ
1349 3905 1486 3939 κατα
1514 3885 1608 3946 τὰς
1660 3885 1804 3949 θείας
1838 3893 1975 3962 Γρα-

325 3979 426 4053 ei;
457 3976 766 4032 συνίσταται
797 3975 993 4050 γάμος,
1026 3972 1148 4028 ὅταν
1189 3975 1264 4047 μὴ
1298 3972 1467 4037 πάθος
1508 3971 1714 4042 ἡδονῆς
1769 3995 1982 4049 προκα-

319 4062 531 4141 ταλάϐῃ
587 4069 686 4121 τοῦ
743 4065 919 4138 νόμου
974 4064 1074 4131 τὴν
1138 4062 1352 4138 χρείαν,
1385 4061 1653 4137 λογισμὸς
1687 4061 1743 4118 δὲ
1770 4067 1868 4118 τοῦ
1924 4085 1984 4119 τε

325 4156 402 4219 είς
441 4157 695 4232 βοήθειαν
729 4150 1022 4228 ἀναγκαίου
1048 4153 1138 4207 καὶ
1167 4153 1266 4220 τῆς
1297 4156 1404 4206 τῶν
1457 4149 1665 4206 παίδων
1711 4149 1980 4228 διαδοχῆς

320 4251 417 4300 τοῦ
443 4247 624 4322 γάμου
655 4245 915 4318 προσθεὶς
965 4242 1058 4296 τὸν
1115 4242 1340 4310 σκοπὸν,
1372 4239 1558 4314 τίμιον
1608 4238 1779 4307 ὅντως
1841 4264 1980 4317 μνη-

325 4334 484 4409 στεύῃ
540 4335 632 4388 τὸν
682 4333 884 4409 γάμον.
931 4335 1064 4388 "Ott.
1117 4335 1224 4386 τῶν
1285 4330 1590 4406 ἀναγκαίων
1648 4337 1745 4388 τοῦ
1801 4333 1982 4409 γάμου

323 4421 751 4500 προειληφότων
802 4425 883 4492 τῷ
935 4418 1206 4496 λογισμῷ,
1256 4421 1346 4474 καὶ
1399 4417 1669 4496 κρηπῖδος
1723 4421 1877 4496 ἁγίας
1928 4421 1981 4476 ἐν

323 4513 506 4587 Κυρίῳ
565 4511 703 4567 κατὰ
778 4510 982 4582 νόμους
1063 4508 1329 4579 τεθείσης,
1391 4507 1824 4584 ἐπακολούθημα
1886 4514 1983 4566 τοῦ

321 4605 460 4661 κατά
489 4602 582 4658 τὸν
614 4600 788 4678 γάμον
850 4597 1169 4674 ἀναγκαίου,
1197 4599 1232 4668 ἡ
1267 4596 1325 4652 ἐκ
1383 4604 1484 4668 τῆς
1546 4597 1744 4672 μίξεως
1785 4596 1980 4671 ἡδονὴ,

330 4694 458 4766 μίαν
520 4691 692 4765 σάρκα
745 4689 843 4757 τήν
899 4683 996 4742 δύο
1083 4691 1316 4742 ποιοῦσα
1373 4686 1695 4764 εὑρίσκεται.
1759 4685 1980 4756 Ἐπειδὴ

327 4781 433 4855 γὰρ
467 4780 495 4833 ὁ
525 4779 577 4832 ἂν
611 4779 769 4853 ψυχῇ
797 4777 1070 4852 λογισμὸς
1112 4777 1209 4838 τὰς
1261 4779 1441 4853 ψυχας
1491 4772 1812 4852 προλαϐὼν,
1843 4777 1983 4832 κατᾶ

326 4869 388 4924 τὸ
422 4866 750 4946 φαινόμενον
804 4867 1094 4940 ἀναγκαῖον
1135 4869 1389 4940 συνῆψεν.
1447 4866 1675 4929 εἰκότως
1723 4887 1979 4941 προηνω-

335 4959 520 5032 μέναις
582 4955 802 5018 ταύταις
859 4955 948 5009 καὶ
998 4957 1033 5024 ἡ
1085 4959 1191 5010 τῶν
1247 4960 1458 5032 σαρκῶν
1485 4960 1595 5011 τῶν
1626 4954 1677 5009 ἐν
1711 4956 1794 5017 αἷς
1847 4955 1977 5011 εἰσιν

329 5047 556 5121 ἔννομος
610 5042 804 5106 ἓνωσις
855 5043 1248 5116 ἠκολούθησεν.
1297 5047 1462 5104 Ὅταν
1511 5042 1570 5100 δὲ
1625 5049 1732 5100 τῶν
1784 5047 1978 5121 ψυχῶν

330 5137 472 5194 ἄλλο
519 5137 618 5205 τὴν
670 5135 850 5211 ἀρχὴν
895 5133 1270 5210 προθεμένων,
1304 5137 1360 5190 αἱ
1425 5135 1612 5212 σάρκες
1664 5131 1734 5188 δι’
1774 5132 1978 5204 ἡδονήν

326 5227 394 5284 τὰ
459 5225 635 5282 οἰκεῖα
686 5222 1260 5300 πραγματευσάμεναι,
1313 5227 1410 5290 τὰς
1460 5224 1512 5281 ὲν
1561 5222 1747 5286 αὐταῖς
1799 5225 1980 5302 ψυχάς

398 5409 510 5480 (54)
541 5407 718 5478 Πάθη.
769 5406 860 5464 Sic
896 5406 1083 5480 editio
1129 5406 1352 5480 Veneta
1390 5411 1448 5464 et
1492 5425 1593 5466 sex
1641 5428 1788 5470 mss.
1823 5412 1987 5470 Pari-

328 5481 544 5574 siepsis
574 5480 776 5551 editio,
806 5479 1016 5535 παθῶν.
1050 5479 1244 5539 Codex
1279 5481 1608 5540 Mazarinus
1640 5485 1757 5542 alia
1781 5502 1984 5553 manu,

326 5555 949 5700 ﬂa?£)<OHP°?"°”lT‘P
988 5625 1140 5700 ,τῇςη
1209 5623 1486 5700 θεραπείᾳ,
1557 5624 1821 5697 δελεάζει.
1883 5631 1988 5686 Co-

331 5696 443 5758 dex
496 5696 790 5758 recentior
844 5696 1128 5770 Combef.,
1183 5696 1631 5772 προσποιεῖται...
1681 5696 1782 5772 τήν
1833 5701 1990 5775 θερα-

655 5829 914 5890 Panos.
968 5828 1077 5890 Gn.
1125 5827 1316 5891 XXX.

2162 3889 2253 3945 38.
2307 3889 2473 3944 Tunc
2522 3887 2678 3942 enim
2729 3886 2992 3959 legitime
3041 3893 3097 3944 et
3145 3891 3472 3946 secundum
3520 3889 3751 3946 divinas

2091 3977 2424 4050 Scripturas
2475 3976 2923 4032 matrimonium
2974 3979 3366 4049 contrahitur,
3415 3996 3549 4035 cum
3598 3981 3752 4036 653

2091 4066 2414 4138 voluptatis
2447 4082 2614 4121 amor
2643 4083 2758 4120 non
2807 4066 3101 4138 praevertit
3129 4066 3278 4139 legis
3311 4071 3749 4140 necessitatem,

2093 4156 2196 4211 sed
2230 4154 2506 4227 cogitatio
2541 4154 2856 4210 necessarii
2889 4153 3089 4209 auxilii
3123 4161 3180 4210 et
3210 4156 3528 4212 liberorum
3556 4173 3752 4214 susce-

2092 4243 2309 4318 ptionis
2340 4243 2642 4318 proposita
2663 4242 3038 4299 matrimonio
3057 4259 3189 4300 vere
3219 4244 3594 4303 honorabiles
3615 4263 3752 4303 con-

2093 4334 2254 4390 ciliat
2283 4333 2543 4407 nuptias.
2592 4335 2739 4390 Cum
2791 4334 3139 4390 necessitate
3186 4334 3549 4391 matrimonii
3583 4337 3748 4409 prius

2093 4425 2291 4480 animo
2340 4428 2642 4495 concepta,
2693 4429 2748 4479 et
2777 4429 2979 4480 sancto
3028 4424 3088 4480 in
3138 4424 3386 4481 Domino
3421 4428 3751 4485 secundum

2091 4513 2250 4587 leges
2274 4514 2430 4584 jacto
2480 4514 2886 4582 fundamento,
2933 4514 3225 4586 appendix
3257 4517 3618 4572 matrimonii
3651 4535 3752 4575 ne-

2094 4603 2390 4659 cessitatis
2422 4619 2552 4658 esse
2575 4603 3057 4674 deprehenditur,
3079 4604 3431 4662 concubitus
3452 4606 3749 4680 voluptas,

2094 4708 2222 4762 quas
2255 4707 2490 4746 carnem
2525 4691 2776 4745 duorum
2812 4708 2991 4747 unam
3038 4692 3236 4748 efﬁcit.
3271 4694 3558 4758 Quoniam
3595 4696 3750 4750 enim

2091 4779 2301 4834 animae
2333 4779 2512 4834 insita
2531 4779 2677 4834 ratio
2697 4781 2926 4836 animas
2944 4780 3003 4836 in
3025 4787 3394 4837 antecessum
3422 4784 3750 4840 secundum

2089 4868 2274 4934 illam,
2311 4886 2436 4940 quae
2469 4875 2732 4941 apparet,
2756 4871 3167 4926 necessitatem
3201 4871 3750 4942 conjunxit,merito

2091 4957 2425 5014 animarum
2457 4959 2931 5029 conjunctionem
2951 4961 3126 5016 etiam
3149 4961 3415 5016 carnium
3447 4960 3507 5015 in
3531 4961 3748 5032 quibus

2091 5051 2402 5104 versantur
2456 5048 2720 5120 legitima
2778 5051 3114 5121 conjunctio
3181 5050 3578 5121 consequitur.
3636 5053 3748 5108 Sed

2091 5155 2226 5194 cum
2258 5138 2573 5194 animabus
2603 5139 2762 5194 aliud
2796 5139 2907 5195 sibi
2957 5141 3028 5196 ab
3059 5138 3224 5194 initio
3259 5141 3746 5214 proponentibus,

2091 5244 2298 5283 carnes
2345 5228 2416 5283 ob
2466 5227 2825 5300 voluptatem
2874 5246 2941 5285 ea
2991 5246 3118 5302 quae
3167 5227 3279 5284 sibi
3329 5229 3566 5300 propria
3609 5237 3750 5288 sunt

2096 5408 2250 5467 πείαν
2281 5406 2369 5465 καὶ
2403 5404 2663 5475 δελεάζει.

2168 5479 2593 5558 (56)--Νόμιμος
2644 5477 3002 5558 ϐοιδοινῐλβι
3043 5497 3203 5558 unus
3251 5485 3579 5558 engegiis,
3620 5504 3752 5558 νομι

2103 5545 2241 5628 μώς,
2263 5545 2407 5612 ’Νοιί
2427 5545 2602 5628 longe
2649 5549 2856 5607 vocula
2900 5545 2959 5628 δὲ
2991 5553 3191 5628 addita
3240 5572 3269 5609 e
3302 5545 3750 5628 pluribus'ms's.

2099 5623 2278 5753 Palulo
2309 5629 2443 5701 post
2474 5623 2621 5682 satis
2652 5623 2957 5682 commode
2986 5623 3449 5700 legeretur,'16u
3475 5633 3581 5685 τῶν
3617 5629 3752 5705 ἁναγ

2100 5720 2166 5753 κα
2195 5718 2292 5753 ων.

2100 5718 2292 5756 καιων.

3354 5830 3432 5887 24
