4124 6386
369 343 511 428 3m

1337 335 1733 399 APPENDIX
1778 334 2106 400 OPERUM
2151 335 2217 398 S.
2262 335 2548 398 BASILlI
2593 335 2868 400 MAGNI.

3695 333 3836 397 748

386 479 736 548 quaerentes,
763 473 996 530 animas
1028 488 1154 544 quis
1187 471 1247 526 in
1279 470 1425 544 ipsis
1449 469 1730 540 resident,
1765 469 1904 526 vitio
1944 486 2042 527 suc

2163 471 2242 540 τῷ
2265 468 2380 523 κατ’
2412 467 2579 531 αὐτὰς
2631 467 2787 522 πάθει
2839 447 3201 529 δουλευοόσας
3243 465 3548 536 ἐνώσωσιν,
3582 463 3835 522 ἀκολού-

387 563 787 636 emancipatas
817 563 1268 633 conjunxerunt,
1302 561 1594 632 appendix
1624 560 1823 616 carnis
1855 560 2049 615 malo-

387 672 520 710 rum
566 654 730 709 facta
761 653 970 708 animas
1020 651 1292 722 iniquum
1339 650 1718 705 concubitum
1773 649 2047 705 reddunt.

386 743 491 798 Cui
549 743 706 798 enim
755 740 915 812 operi
965 756 1068 794 nec
1119 739 1298 794 insita
1346 739 1555 794 animas
1613 738 1760 793 ratio
1809 754 1912 792 nec
1961 737 2054 792 lex

385 831 628 906 praaivit,
661 830 808 884 illud
843 847 875 884 a
906 827 1287 894 conscientia,
1325 831 1388 882 ut
1437 828 1601 883 omni
1633 845 1700 883 ex
1731 832 1892 898 parte
1925 826 2050 881 ille-

383 920 678 992 gitimum,
703 918 1042 972 damnatur.
1085 915 1418 987 Propterea,
1442 915 1658 987 inquit,
1681 918 1899 972 Mulier
1918 917 2051 970 alli-

380 1017 519 1080 gata
549 1011 626 1062 est
658 1008 787 1077 legi,
817 1011 1022 1077 quanto
1053 1010 1296 1076 tempore
1348 1006 1485 1061 vivit
1519 1007 1607 1061 vir
1636 1007 1780 1076 ejus.
1813 1005 1973 1075 Quod
2002 1005 2053 1058 εἰ

377 1106 633 1152 mortuus
689 1096 873 1166 fuerit
918 1095 1028 1164 vir,
1081 1095 1254 1150 libera
1283 1103 1361 1150 est
1415 1097 1510 1151 cui
1537 1096 1658 1150 vult
1703 1094 1898 1164 nubat,
1932 1111 2046 1149 non

379 1183 746 1255 simpliciter,
780 1183 870 1238 sed
921 1187 1137 1238 tantum
1189 1185 1249 1237 in
1303 1185 1560 1253 Domino,
1595 1183 1787 1254 inquit
1821 1183 1884 1253 η,
1913 1182 2049 1252 quia

377 1279 435 1330 et
464 1291 591 1346 quae
625 1276 810 1327 morte
842 1272 949 1326 viri
985 1271 1163 1326 libera
1203 1272 1276 1327 ad
1331 1273 1570 1344 nuptias
1602 1271 1755 1327 facta
1786 1278 1898 1337 est,
1931 1288 2046 1326 non

380 1363 522 1436 quia
552 1361 796 1418 liberata
827 1359 1322 1435 estpimpliciter,
1358 1361 1461 1416 sed
1501 1360 1559 1414 in
1595 1360 1844 1415 Domino
1877 1360 2050 1416 debet

382 1452 623 1509 nubere.
657 1449 804 1516 Quid
837 1454 928 1504 est
959 1455 1156 1504 autem
1179 1449 1236 1502 in
1269 1449 1517 1504 Domino
1551 1451 1795 1520 nuptias
1819 1453 2050 1504 contra-

380 1540 565 1596 here?
595 1540 721 1594 Non
751 1539 945 1594 carnis
965 1536 1372 1608 voluptatibus
1404 1538 1474 1592 ad
1504 1537 1885 1593 concubitum
1911 1541 2048 1593 ante

383 1628 664 1703 pertrahi,
699 1628 800 1683 sed
849 1626 1228 1698 dijudicando
1281 1627 1337 1680 id
1373 1627 1528 1697 quod
1563 1626 1707 1681 utile
1739 1627 1810 1682 ad
1842 1627 2046 1692 vitam,

383 1719 595 1788 eligere
625 1715 886 1788 nuptias.
919 1716 1230 1787 PrOpterea
1259 1715 1438 1771 etiam
1471 1716 1884 1772 necessitatem
1917 1731 2045 1770 ma-

380 1806 640 1863 trimonii
673 1808 905 1862 Creator
933 1806 993 1860 in
1027 1809 1236 1860 natura
1265 1805 1551 1861 instituit.

451 1983 541 2039 39.
573 1984 735 2048 Quod
769 1983 817 2039 si
853 1983 973 2038 hac
1001 1981 1086 2037 ita
1116 1998 1178 2037 se
1207 1981 1453 2051 habent,
1487 1997 1559 2039 ne
1603 1997 1732 2039 sese
1763 1982 2044 2054 decipiat,

383 2072 652 2144 inquam,
700 2088 832 2144 quas
878 2089 947 2127 ex
1003 2071 1336 2142 virginitate
1395 2073 1453 2126 in
1513 2071 1708 2128 carnis
1768 2071 2044 2128 libidines

381 2161 624 2234 delapsa
653 2166 761 2227 est,
796 2161 936 2233 quia
983 2161 1431 2216 matrimonium
1491 2161 1576 2216 illi
1619 2163 1691 2216 ad
1739 2166 2046 2233 peccatum

381 2251 791 2323 imputabitur.
827 2250 1084 2306 Primum
1118 2249 1381 2321 quidem,
1408 2249 1546 2321 quia
1579 2250 1797 2306 malam
1829 2251 2042 2318 basim,

384 2340 732 2396 concubitus
755 2338 1111 2408 voluptatem
1137 2343 1195 2394 et
1220 2339 1716 2410 praevaricationis
1741 2344 2043 2410 peccatum

387 2429 501 2486 sibi
531 2432 659 2500 ipsa
688 2428 922 2500 posuit;
964 2427 1175 2482 deinde
1195 2443 1351 2491 vero.
1381 2429 1536 2499 quod
1561 2445 1694 2483 cum
1725 2428 1907 2483 libera
1929 2445 2044 2483 non

385 2523 542 2574 esset
569 2519 709 2589 (non
742 2517 900 2572 enim
948 2520 1217 2572 mortuus
1267 2521 1357 2572 est
1386 2517 1473 2571 vir
1501 2519 1651 2586 eius,
1705 2521 1769 2572 ut
1798 2517 1890 2573 cui
1921 2517 2047 2572 vult

387 2608 614 2675 nubat),
648 2607 875 2661 vivente
914 2605 1236 2660 immortali
1267 2606 1391 2661 viro
1423 2607 1691 2662 adultera
1721 2606 2044 2671 vocabitur,

387 2696 694 2752 mortalem
727 2695 799 2750 ob
832 2695 1024 2750 carnis
1054 2693 1333 2750 libidines
1357 2695 1416 2749 in
1451 2695 1682 2750 Domini
1715 2695 2045 2752 thalamum

384 2778 790 2841 introducens.
825 2785 988 2849 Quod
1023 2783 1177 2839 enim
1210 2787 1436 2855 spectat
1455 2785 1528 2840 ad
1559 2783 1892 2857 legitimum
1926 2802 2047 2841 ma-

380 2875 731 2932 trimonium
783 2891 815 2930 a
865 2889 1080 2945 sponso
1131 2877 1506 2945 occupatum,
1556 2873 1908 2943 virginitatis
1940 2874 2047 2929 ha-

384 2964 562 3030 bitus,
616 2964 762 3025 datas
821 2963 1095 3027 dexteras,
1143 2977 1457 3033 processus
1504 2962 1564 3016 in
1615 2963 1914 3034 publicum
1973 2965 2045 3019 ob

377 3054 589 3109 initum
623 3069 758 3108 cum
789 3050 890 3107 illo
945 3050 1155 3118 fcedus,
1186 3066 1386 3106 coram
1436 3053 1713 3107 omnibus
1752 3057 2046 3108 testantur

375 3157 505 3200 eam
537 3142 609 3197 de
639 3141 758 3206 illo,
789 3143 852 3196 ut
895 3139 1045 3207 viro,
1084 3139 1470 3211 gloriantem,
1504 3140 1563 3194 in
1615 3140 1941 3212 publicum,
1978 3158 2045 3196 eo

2073 1851 2122 1916 Β

2162 569 2314 630 θημα
2370 561 2477 612 τῶν
2541 559 2738 631 σαρκὸς
2783 559 2963 610 κακῶν
3020 553 3299 629 γινόμεναι
3331 555 3385 609 αἱ
3417 553 3623 631 ψυχαὶ,
3652 556 3839 631 παρά-

2160 667 2328 719 νομον
2385 649 2485 717 τὴν
2549 647 2690 720 μίξιν
2764 644 3102 719 ἐργάζυνται.
3157 644 3228 698 Οὗ
3308 645 3410 720 γὰρ
3469 645 3496 700 6
3553 645 3606 698 ἒν
3664 647 3835 719 ψυχῇ

2162 735 2330 811 λόγος
2389 736 2475 791 καὶ
2531 737 2702 808 νόμος
2755 735 2865 810 οὐχ
2913 737 3158 808 ἡγήσατο
3193 729 3373 809 ἔργου,
3399 738 3562 788 τοῦτο
3615 736 3836 788 παντά-

2159 845 2319 879 πασιν
2370 845 2688 896 παράνομον
2749 821 2853 878 ὕπὸ
2924 830 3024 892 τῆς
3097 819 3458 894 συνειδήσεως
3515 821 3839 894 ἇστηλίτευ-

2157 934 2284 970 ται.
2342 914 2438 968 Διὰ
2509 917 2714 987 τοῦτο,
2769 913 2943 991 φησὶ,
3013 912 3154 981 Γυνή
3215 909 3422 967 δέδεται
3486 914 3677 986 νόμῳ,
3749 912 3836 990 ἐφ’

2159 1002 2280 1058 ὅσον
2341 1002 2544 1078 χρόνον
2609 1006 2672 1076 ζῇ
2734 1003 2761 1057 6
2818 1001 2956 1076 ἀνὴρ
3013 1000 3201 1070 αὐτῆς.
3262 1003 3386 1058 Ἐὰν
3449 999 3506 1056 δὶ
3566 1003 3832 1077 ἀποθάνῃ

2159 1093 2186 1148 6
2239 1091 2398 1166 ἀνὴρ,
2456 1091 2710 1166 ἐλευθέρα
2767 1089 2909 1145 ἐστὶν
2965 1091 3010 1162 ᾧ
3086 1087 3232 1145 θέλει
3288 1093 3647 1166 γαμηθῆναι·
3714 1091 3834 1168 οὐχ

2158 1179 2369 1249 ἁπλῶς,
2430 1178 2575 1236 ἀλλά
2650 1180 2810 1253 μόνον
2873 1178 2925 1234 ἰν
2992 1177 3194 1254 Κυρίῳ,
3257 1178 3458 1256 φησίν·
3511 1179 3594 1234 ὅτι
3654 1183 3753 1235 καὶ
3796 1185 3830 1251 ἡ

2153 1275 2235 1342 τῷ
2291 1271 2502 1342 θανάτῳ
2554 1274 2652 1324 τοῦ
2702 1267 2898 1344 ἀνδρὸς
2955 1267 3211 1345 ἐλευθέρα
3241 1270 3508 1345 γενομένη
3541 1271 3657 1344 (57)
3686 1273 3832 1345 πρὸς

2155 1358 2356 1434 γάμον,
2408 1359 2516 1433 οὐχ
2569 1358 2650 1413 ὅτι
2701 1356 3059 1434 ἠλευθερώθη
3110 1356 3324 1426 ἁπλῶς,
3357 1355 3487 1413 ἀλλ’
3536 1358 3588 1412 ἐν
3631 1361 3819 1434 Κυρίῳ

2157 1446 2366 1524 ρφείλει
2425 1454 2625 1519 γῆμαι.
2660 1446 2725 1504 Τί
2776 1444 2832 1501 δέ
2887 1445 2999 1501 ἐστι
3046 1447 3109 1501 τὸ
3159 1446 3210 1500 ἐν
3267 1449 3448 1522 Κυρίῳ
3486 1448 3581 1502 τὸν
3641 1448 3811 1522 γάμον

2157 1542 2448 1604 συστῆναι;
2504 1535 2581 1592 Τὸ
2645 1537 2719 1608 μὴ
2781 1542 3230 1611 προϋποσυρῆναι
3291 1536 3395 1590 ὑπὸ
3451 1541 3559 1591 τῶν
3617 1539 3818 1612 σαρκὸς

2155 1623 2370 1695 ἡδονῶν
2431 1625 2568 1700 πρὸς
2617 1626 2716 1694 τὴν
2783 1625 2947 1698 μίξιν,
3008 1623 3153 1681 ἀλλά
3223 1625 3396 1699 κρίσει
3453 1631 3552 1681 τοῦ
3610 1625 3826 1681 λυσιτε-

2157 1719 2384 1776 Λοῦντος
2432 1714 2570 1788 πρὸς
2615 1715 2710 1768 τὸν
2770 1714 2912 1789 βίον,
2945 1712 3161 1768 ἑλέσθαι
3208 1715 3299 1769 τὸν
3344 1715 3541 1789 γάμον,
3573 1717 3665 1771 Διὸ
3724 1717 3824 1772 καὶ

2154 1805 2216 1858 τὸ
2249 1803 2540 1879 ἀναγκαῖον
2591 1808 2688 1858 τοῦ
2736 1802 2914 1877 γάμου
2948 1804 2976 1858 6
3009 1805 3252 1872 Ποιητής
3294 1803 3346 1859 ἐν
3395 1808 3465 1879 τῇ
3506 1805 3660 1883 φύσει
3713 1803 3801 1861 διε

2152 1893 2365 1964 τάξατο.

2225 1984 2313 2039 39.
2500 1979 2557 2036 δὲ
2612 1986 2778 2036 ταῦτα
2851 1985 3044 2037 τοῦτον
3109 1979 3226 2057 ἔχει
3299 1984 3389 2038 τὸν
3447 1984 3673 2060 τρόπον,
3738 1988 3819 2060 μὴ

2153 2071 2412 2127 ἀπατάτω
2446 2073 2669 2140 έαυτήν,
2702 2071 2931 2149 φημῖ,ἡ
2987 2071 3093 2126 ἀπὸ
3146 2073 3432 2147 παρθενίας
3491 2073 3566 2136 είς
3622 2076 3824 2151 σαρκὸς

2153 2162 2298 2230 πάθη
2333 2161 2739 2235 κατενεχθεῖσα,
2773 2160 2854 2214 ὅτι
2886 2160 3062 2235 γάμος
3101 2160 3237 2234 αὐτῇ
3287 2161 3361 2222 εἲς
3406 2163 3473 2216 τὰ
3517 2163 3823 2240 ἁμάρτημα

2156 2248 2560 2325 λογισθήσεται.
2610 2253 2836 2322 Πρῶτον
2887 2248 3017 2322 μὲν,
3075 2249 3158 2304 ὅτι
3207 2251 3376 2321 κακήν
3431 2250 3676 2323 κρηπῖδα
3724 2261 3825 2323 τῆς

2158 2337 2486 2411 συμπλοκῆς
2523 2339 2622 2406 τὴν
2677 2334 2906 2407 ἡδονὴν,
2955 2338 3046 2393 καὶ
3105 2341 3204 2408 τὴν
3279 2343 3377 2409 τῆς
3463 2337 3823 2414 παραϐάσεως

2156 2428 2420 2503 ἁμαρτίαν
2500 2425 2664 2501 ἑαυτῇ
2741 2430 2856 2500 (58)
2915 2422 3284 2483 κατεϐάλετο·
3346 2424 3510 2484 ἔπειθ’
3569 2431 3651 2486 ὅτι
3724 2431 3824 2486 οὐκ

2158 2515 2290 2570 οὖσα
2340 2513 2596 2591 ἐλευθέρα
2642 2515 2729 2588 (οὐ
2774 2516 2875 2590 γὰρ
2926 2517 3185 2580 ἀπέθανεν
3239 2517 3406 2588 αὐτῆς
3453 2520 3480 2573 6
3530 2519 3689 2592 ἀνὴρ,
3729 2519 3821 2576 ⁴’ίνα

2157 2605 2203 2676 ᾧ
2262 2603 2517 2678 βούλεται
2583 2606 2859 2679 γαμηθῇ),
2896 2609 3096 2674 ζῶντος
3144 2610 3241 2662 τοῦ
3301 2607 3567 2671 ἀθανάτου
3629 2607 3817 2685 ἀνδρὸς

2161 2693 2432 2770 μοιχαλὶς
2491 2693 2848 2768 χρηματίσει,
2909 2696 3103 2764 θνητὸν
3153 2693 3240 2749 ’διά
3295 2697 3438 2766 πάθη
3494 2698 3689 2772 σαρκὸς
3742 2703 3818 2770 τῷ

2153 2787 2252 2838 τοῦ
2286 2783 2482 2856 Κυρίου
2510 2788 2697 2855 παοτῷ
2728 2781 3112 2857 ἐπεισάγουσα.
3146 2788 3264 2841 ’Ότι
3327 2786 3424 2857 μὲν
3473 2786 3573 2861 γὰρ
3625 2787 3812 2859 προεί-

2158 2870 2302 2950 ληφε
2348 2873 2415 2926 τὰ
2464 2876 2559 2925 τοῦ
2617 2873 2796 2948 γάμου
2855 2871 3062 2945 νόμιμα
3124 2873 3150 2925 6
3207 2873 3458 2947 νυμφίος,
3491 2875 3552 2928 τὸ
3612 2881 3806 2947 σχῆμα

2156 2965 2256 3026 τῆς
2301 2961 2614 3036 παρθενίας,
2658 2962 2713 3014 αἱ
2767 2957 2956 3033 δεξιαὶ,
2986 2963 3020 3030 ἡ
3067 2960 3146 3015 ἐπ’
3197 2959 3385 3032 ἐκείνῳ
3433 2958 3665 3033 πρόοδος
3715 2960 3804 3015 ἐπὶ

2156 3051 2373 3104 πάντων
2443 3054 2726 3124 μαρτυρεῖ,
2761 3051 2844 3103 ὅτι
2897 3049 3044 3121 αὐτῷ
3084 3047 3233 3123 ἀνδρὶ
3282 3048 3654 3121 σεμνυνομένη
3707 3049 3803 3110 τὰς

2159 3138 2246 3194 ἐπὶ
2305 3143 2386 3210 τῷ
2444 3137 2811 3214 προειληφότι
2864 3136 3016 3214 ἀνδρὶ
3068 3135 3333 3212 προόδους
3387 3137 3714 3210 ἐπόμπευεν.
3748 3137 3813 3194 Ei

379 3232 538 3306 quod
570 3234 973 3303 praeoccupata
1026 3232 1184 3284 esset
1233 3245 1266 3283 a
1297 3227 1440 3294 viro,
1490 3229 1777 3300 prodisse.
1812 3229 1958 3285 Nam
1992 3229 2041 3286 si

2157 3230 2258 3304 γὰρ
2318 3227 2379 3283 οὐ
2433 3227 2699 3302 πρότερον
2757 3232 2865 3282 τῶν
2924 3228 3191 3302 πατρῴων
3248 3226 3510 3298 θαλάμων
3570 3227 3812 3300 πρόεισιν

382 3337 500 3377 non
536 3319 696 3390 prius
725 3335 756 3375 e
787 3318 1049 3388 paternis
1096 3316 1375 3372 thalamis
1423 3317 1618 3388 prodit
1653 3317 1836 3390 virgo,
1870 3335 2044 3388 quam

382 3409 654 3481 legitimo
685 3408 806 3462 viro
831 3409 1064 3478 juncta,
1089 3422 1341 3478 cumque
1371 3407 1678 3462 dominum
1700 3412 1756 3462 et
1777 3407 1906 3462 vitae
1931 3424 2050 3463 mo-

391 3499 721 3554 deratorem
754 3494 946 3566 palam
979 3510 1326 3567 agnoscens,
1359 3495 1637 3566 deinceps
1668 3497 1780 3550 sub
1812 3497 2049 3551 nomine

391 3585 521 3654 viri,
554 3584 656 3657 qui
688 3600 817 3640 eam
850 3583 1095 3639 sortitus
1126 3589 1235 3649 est,
1258 3597 1288 3637 e
1321 3588 1561 3654 paterna
1584 3585 1756 3639 domo
1780 3584 2042 3656 prodeat;

387 3675 546 3746 virgo
579 3677 734 3730 certe
764 3672 982 3744 prodiit
1013 3689 1043 3727 e
1075 3673 1338 3744 paternis
1368 3671 1670 3738 thalamis,
1703 3677 1768 3727 ut
1797 3672 2044 3743 legitimi

385 3765 492 3821 viri
527 3779 804 3836 sponsam
856 3763 1120 3834 professa
1167 3766 1224 3816 et
1253 3763 1363 3817 sub
1395 3764 1524 3829 ejus
1572 3761 1878 3816 dominatu
1907 3778 2045 3818 con-

386 3858 594 3914 stituta
623 3855 682 3910 in
716 3853 1017 3925 publicum
1066 3854 1348 3925 prodiret.
1400 3853 1563 3919 Quod
1597 3853 1646 3908 si
1691 3857 1873 3909 testes
1905 3857 2047 3908 sunt

383 3959 829 4019 progressuum,
858 3943 956 4014 qui
985 3942 1108 3997 haec
1134 3943 1353 4007 vident,
1376 3946 1557 3996 testes
1588 3943 1843 4012 profecto
1866 3941 2041 3997 iidem

383 4040 544 4099 sunt,
577 4034 811 4089 cuinam
837 4031 937 4087 illa
959 4032 1297 4100 conjuncta,
1317 4034 1419 4086 aut
1439 4033 1610 4102 cujus
1632 4031 1741 4085 viri
1760 4048 2039 4103 sponsam

380 4126 666 4198 professa,
686 4139 716 4178 e
733 4122 990 4194 paternis
1008 4121 1232 4176 sedibus
1257 4120 1313 4174 in
1343 4119 1645 4192 publicum
1667 4123 2037 4192 processerit.

379 4213 539 4279 Quod
575 4213 625 4268 si
652 4212 738 4267 has
788 4209 1005 4282 nuptiae
1035 4214 1093 4265 et
1136 4209 1395 4264 testibus
1444 4217 1502 4264 et
1549 4210 1955 4280 progressibus
1986 4215 2042 4267 et

376 4306 654 4360 omnibus
686 4303 863 4357 rebus
912 4299 1264 4364 manifestae,
1297 4313 1405 4354 nec
1455 4302 1728 4355 mortuus
1757 4300 1914 4355 654
1953 4305 2042 4356 est

372 4391 461 4445 vir
489 4391 638 4460 ejus,
660 4388 795 4444 talis
826 4387 1010 4459 igitur
1042 4386 1390 4453 mmchatur,
1411 4386 1641 4441 vivente
1661 4387 1784 4443 viro
1807 4404 2041 4460 semper

373 4479 661 4548 adultera,
702 4476 790 4532 vel
842 4477 1038 4547 potius
1085 4476 1158 4530 ad
1211 4476 1623 4546 perfruendam
1674 4476 2035 4547 voluptatem

2154 3321 2190 3387 ἡ
2247 3317 2532 3391 παρθένος,
2565 3317 2692 3392 πρὶν
2754 3318 2788 3387 ἦ
2847 3315 3003 3392 ἀνδρὶ
3060 3317 3281 3390 νομίμῳ
3338 3321 3651 3392 συζυγεῐσα,
3713 3315 3817 3370 ὑπὸ

2152 3406 2333 3478 τούτῳ
2365 3406 2588 3480 αὐθέντῃ
2616 3427 2675 3460 τε
2703 3405 2792 3460 καὶ
2843 3407 3122 3480 προστάτῃ
3181 3410 3276 3460 τοῦ
3337 3405 3458 3480 βίου
3512 3404 3814 3479 ἰπιγραψα·

2159 3495 2316 3568 μὲνη,
2353 3494 2548 3549 λοιπὸν
2587 3499 2666 3566 τῷ
2719 3494 2947 3568 ὀνόματι
2997 3499 3092 3549 τοῦ
3144 3493 3416 3569 λαχόντος
3463 3491 3656 3569 ἀνδρὸς
3714 3498 3815 3548 τοῦ

2153 3584 2411 3659 πατρῴου
2443 3580 2596 3638 οἷ’κου
2648 3583 2932 3658 προέλθοι,
2964 3585 3053 3638 καὶ
3107 3587 3142 3654 ἡ
3205 3585 3471 3659 παρθένος
3523 3584 3627 3657 ἄρα
3674 3603 3814 3658 προ-

2152 3671 2289 3742 ἦλθε
2343 3677 2450 3727 τῶν
2508 3674 2776 3748 πατρῴων
2833 3670 3094 3747 θαλάμων
3155 3674 3229 3735 ὡς
3291 3673 3348 3728 ἂν
3396 3671 3809 3748 ἐπιγραψαμένη

2151 3761 2376 3835 ἔννομον
2411 3763 2575 3835 ἑαυτῇ
2602 3764 2691 3817 τὸν
2745 3763 2997 3838 νυμφίον,
3030 3762 3118 3817 καὶ
3166 3766 3233 3837 τῇ
3287 3763 3390 3818 ὑπὸ
3437 3762 3616 3835 τούτῳ
3670 3782 3810 3835 προ-

2153 3852 2342 3922 στασίᾳ
2397 3851 2491 3912 τάς
2538 3851 2616 3912 εἷς
2667 3853 2894 3929 φανερὸν
2950 3851 3221 3929 προόδους
3297 3852 3580 3926 πομπεύῃ.
3637 3851 3698 3908 Ei
3755 3847 3817 3905 δὲ

2157 3943 2421 4017 μάρτυρεν
2454 3938 2706 4017 προόδων
2762 3943 2812 3995 οἱ
2867 3945 3032 3997 ταῦτα
3087 3943 3343 4016 ὁρῶντες,
3381 3940 3645 4017 μάρτυρες
3707 3938 3814 4016 ἄρα

2151 4031 2202 4085 cl.
2264 4030 2416 4084 αὐτοὶ
2475 4030 2564 4084 καὶ
2621 4032 2728 4085 τίνι
2787 4029 3078 4107 ἐζευγμένη
3125 4030 3160 4100 ἢ
3218 4031 3340 4085 τίνα
3393 4029 3808 4106 ἐπιγραψαμένη

2149 4117 2335 4194 ἄνδρα,
2377 4124 2482 4173 τῶν
2566 4119 2835 4194 πατρῴων
2895 4117 3060 4174 οἷίκων
3123 4120 3199 4182 εἷς
3249 4120 3443 4194 μέσους
3499 4121 3810 4195 προῆλθεν.

2148 4209 2215 4265 Ei’
2247 4206 2304 4262 δὲ
2327 4210 2354 4263 6
2384 4207 2558 4283 γάμος
2590 4210 2744 4271 οὗτος
2773 4216 2889 4272 τοῖς
2937 4210 3166 4285 μάρτυσι
3220 4211 3308 4264 καὶ
3365 4215 3483 4271 ταῖς
3545 4205 3811 4283 προόδοις

2146 4297 2236 4352 καὶ
2285 4302 2416 4351 πᾶσι
2464 4299 2785 4374 περιφανὴς,
2838 4298 2936 4353 οὐκ
2990 4299 3214 4354 ἀπέθανε
3272 4296 3348 4367 δὲ,
3381 4299 3548 4376 φημὶ,
3581 4299 3610 4353 6
3667 4299 3806 4372 ἀνὴρ

2147 4386 2357 4456 αὐτ-ἦς’
2391 4387 2706 4462 μοιχεύεται
2767 4386 2857 4442 οὖν
2917 4391 2950 4458 ἡ
3009 4388 3263 4458 τοιαύτη,
3309 4393 3508 4458 ζῶντος
3561 4393 3660 4444 τοῦ
3718 4390 3808 4442 ἀν-

2150 4473 2274 4552 δρὸς
2333 4473 2421 4530 διὰ
2483 4477 2606 4550 βίου
2664 4480 3062 4552 μοιχευομένη
3097 4476 3310 4551 μᾶλλον
3365 4476 3421 4532 δὲ
3479 4475 3548 4532 δι’
3598 4475 3808 4547 ἡδονῆς

369 4567 667 4640 impudice
715 4565 1077 4632 fornicatur;
1130 4565 1272 4635 quia
1320 4569 1519 4620 autem
1568 4563 1712 4620 vivit
1760 4566 1847 4620 vir
1885 4567 2034 4636 ejus,

2154 4568 2246 4639 μὲν
2307 4564 2606 4620 ἀπόλαυσιν
2678 4566 2993 4628 ἀκολάσεως
3077 4567 3435 4642 πορνεύουσα,
3497 4565 3586 4622 διὰ
3633 4565 3691 4622 δὲ
3745 4569 3810 4622 τὸ

369 4657 593 4713 nefario
627 4654 916 4710 adulterio
946 4653 1400 4708 contaminatur.
1425 4652 1540 4709 Nec
1562 4653 1832 4725 equidem
1867 4655 2032 4710 video

367 4744 664 4818 quomodo
721 4742 824 4798 illa
878 4757 982 4812 pro
1041 4740 1363 4796 immortali
1419 4746 1532 4797 Deo
1589 4742 1898 4798 mortalem
1959 4745 2031 4798 ad

366 4851 537 4892 suam
591 4832 782 4906 ipsius
839 4829 1158 4901 perniciem
1218 4830 1518 4886 hominem
1582 4831 2029 4903 complectatur,

364 4934 600 4996 semper
627 4922 687 4977 in
719 4919 906 4977 oculis
935 4919 1047 4973 viri
1081 4918 1259 4989 impie
1307 4920 1367 4974 in
1399 4935 1534 4975 eum
1568 4936 1630 4975 se
1660 4936 1871 4992 gerens
1901 4921 2032 4978 ille-

365 5013 587 5085 gitimis
641 5009 1014 5083 amplexibus
1049 5024 1062 5062 :
1099 5013 1200 5062 aut
1242 5010 1538 5078 quomodo
1587 5009 1765 5066 homo
1797 5011 1894 5066 ille
1926 5012 2031 5067 Do-

364 5103 509 5158 mini
539 5101 732 5156 cubile
762 5114 953 5156 ausus
988 5104 1079 5154 est
1112 5098 1316 5153 insane
1351 5101 1761 5156 conscendere.
1794 5101 1941 5158 Nam
1965 5119 2034 5158 ex

361 5189 639 5246 humanis
689 5191 868 5245 rebus
923 5187 1218 5259 supplicia
1269 5188 1354 5243 sic
1408 5189 1778 5259 peccantium
1828 5189 2033 5246 existi-

433 5360 477 5396 “
510 5360 530 5413 Ι
564 5363 690 5415 Cor.
726 5376 832 5426 vn,
865 5358 957 5413 39.

428 5529 540 5600 (57)
566 5524 859 5601 Γιν-ομινη.
909 5529 1000 5584 Sic
1049 5529 1384 5588 Combeﬁsii
1432 5529 1662 5586 codices
1711 5533 1769 5584 et
1820 5528 2018 5601 plures

358 5599 481 5658 alii.
516 5599 692 5662 Editi,
720 5601 982 5670 γινομένη
995 5644 1006 5655 .

427 5673 541 5743 (58)
570 5672 789 5743 Ἐαυτῇ.
825 5670 920 5724 Sic
963 5672 1138 5727 editio
1192 5677 1408 5728 Veneta
1460 5679 1517 5727 et
1547 5689 1690 5728 mss.
1727 5673 2015 5729 Parisien-

2150 4659 2244 4728 ζῇν
2309 4657 2399 4710 τὸν
2461 4652 2629 4730 ἄνδρα
2704 4657 3040 4729 παρανόμως
3102 4657 3463 4730 μοιχεύουσα.
3519 4658 3616 4711 Καὶ
3698 4657 3810 4732 οὐχ

2145 4748 2257 4821 ὁρῶ
2313 4750 2431 4807 πῶς
2467 4745 2559 4818 μὲν
2611 4745 2747 4813 αὐτή
2793 4745 2910 4799 ἀντὶ
2968 4745 3232 4799 ἀθανάτου
3291 4751 3425 4800 Θεοῦ
3458 4745 3653 4815 θνητὸν
3715 4745 3805 4799 ἐπῖ

2143 4839 2296 4906 κακῷ
2344 4836 2539 4902 ἑαυτῆς
2589 4832 2872 4908 ἄνθρωπον
2921 4833 3188 4909 περιέπει,
3242 4833 3292 4889 ἐν
3351 4833 3662 4912 ὀφθαλμοῖς
3723 4835 3810 4889 ἀεὶ

2143 4929 2240 4978 τοῦ
2271 4922 2466 5000 ἀνδρὸς
2517 4924 2593 4987 εἷς
2643 4924 2805 4978 αὐτὸν
2858 4929 2976 4985 ταῖς
3028 4925 3366 5000 παρανόμοις
3421 4925 3622 4997 μίξεσιν
3685 4924 3812 4980 ἀσε-

2146 5007 2332 5068 ϐοὗσαο
2367 5018 2482 5076 πῶς
2528 5011 2584 5068 δὲ
2635 5012 2840 5074 ἐκεῖνος
2890 5014 2917 5067 6
2982 5012 3263 5090 ἄνθρωπος
3322 5018 3390 5086 τῇ
3449 5018 3546 5068 τοῦ
3601 5016 3812 5088 Κυρίου

2143 5103 2300 5176 κοίτῃ
2362 5102 2637 5174 ἐτόλμησε
2716 5101 2999 5176 μανιωδῶς
3067 5099 3344 5174 ἐπιϐῆναι.
3395 5106 3489 5159 Ἐκ
3534 5105 3637 5177 γὰρ
3695 5109 3809 5159 τῶν

2145 5191 2506 5268 ἀνθρωπίνων
2568 5190 2652 5247 δεῖ
2699 5195 2799 5262 τήν
2860 5191 3016 5264 δίκην
3092 5193 3262 5255 οὕτως
3330 5192 3810 5268 ἐξαμαρτανόντων

2131 5531 2213 5587 sis
2243 5533 2444 5604 editio,
2479 5533 2691 5588 ἑαυτοῦ.
2753 5535 2971 5589 Ibidem
3017 5537 3182 5603 editi,
3213 5530 3608 5602 κατεϐάλλετο,
3652 5555 3809 5593 mss.

2127 5604 2328 5681 plures
2361 5612 2424 5661 ut
2455 5607 2512 5660 in
2546 5612 2732 5681 textu.
2767 5607 2891 5662 Non
2925 5608 3097 5681 longe
3127 5627 3283 5666 unus
3315 5628 3382 5667 ex
3417 5610 3632 5681 Regiis,
3663 5630 3807 5680 μυν·

2130 5674 2295 5751 χαλὲς
2326 5677 2684 5753 χρηματίζει.
