4124 6366
380 373 500 436 749

1614 367 1852 431 LIBER
1895 367 1999 429 DE
2048 367 2124 430 VI
2135 367 2581 429 RGINITATE.

3691 368 3814 430 ’150

384 503 764 580 στοχάζεσθαι.
797 500 948 564 Τίνος
1015 500 1111 574 μὲν
1165 499 1282 573 ἀξία
1337 501 1372 570 ἢ
1433 501 1550 556 ἀντὶ
1610 501 1722 574 (59)
1783 498 2038 575 εὖγε-ἀοῦς

2163 501 2376 556 manda
2409 505 2573 558 sunt.
2616 503 2880 568 Quanam
2913 501 3071 557 enim
3103 501 3281 575 digna
3311 504 3400 558 est
3443 518 3635 574 poena,
3686 519 3816 576 qua

387 592 581 670 ἀνδρὸς
637 592 772 669 πρὸς
857 588 1056 647 δοῦλον
1141 591 1335 660 ἑαυτῆς
1417 589 1772 668 φθειρομένη,
1830 588 1919 643 καὶ
1974 591 2044 661 τῇ

388 681 682 756 δεσποτικῇ
731 680 890 756 κοίτῃ
944 680 1035 734 τὸν
1087 677 1304 750 οἷ’κέτην
1371 679 1444 742 εἶς
1500 673 1803 747 έπιϐουλὴν
1865 676 2044 732 ἐπεισ-

389 772 634 847 άγουσα;
666 770 813 833 τίνος
848 767 904 825 δὲ
931 768 1076 841 ἄξιος
1109 770 1138 824 ὁ
1169 766 1368 831 δοῦλος
1399 766 1656 842 δεσποίνῃ
1708 769 1898 823 ἑαυτοῦ
1953 767 2041 820 καὶ

387 862 556 936 κοίτῃ,
571 859 762 936 κυρίου
795 859 983 914 ἑαυτὸν
1018 856 1262 932 ἀσελγῶς
1296 856 1622 935 ἐπιρῥίψαςὶ

461 953 549 1007 40.
586 947 764 1005 Ἀλλὰ
810 949 865 1003 αἱ
916 949 1074 1026 σοφαὶ
1120 944 1390 1018 τοσαύτην
1447 942 1692 1002 ἀσέϐειαν
1749 947 1868 1002 καθ’
1919 946 2043 1002 ἰαυ-

383 1045 491 1096 τῶν
547 1037 635 1094 διὰ
692 1039 888 1114 σαρκὸς
948 1039 1094 1108 πάθη
1147 1037 1517 1110 τολμήσασαι,
1549 1039 1686 1114 πρὸς
1739 1040 1822 1102 οἷς
1851 1038 1916 1092 ού
1951 1033 2042 1091 δα-

385 1129 635 1206 κρύουσι,
692 1127 862 1183 τόπον
924 1126 1137 1191 ἑαυταῖς
1199 1121 1529 1204 κουφότερον
1585 1131 1705 1189 τοῖς
1784 1124 2042 1203 δάκρυσιν

394 1219 802 1292 ὶτοιμάζουσαι,
839 1215 916 1272 ἔτι
947 1216 1035 1272 καὶ
1093 1218 1155 1270 ἣν
1214 1216 1518 1292 ὑπέσχοντο
1579 1215 1842 1294 πρότερον
1900 1237 2041 1292 παρ-

378 1307 562 1364 θενίαν
625 1307 930 1382 ἀρνοῦνται.
991 1307 1104 1375 Τὴν
1152 1306 1254 1382 γὰρ
1313 1301 1617 1380 παράϐασιν
1683 1313 1782 1376 τῆς
1841 1307 2040 1382 παρθε-

385 1396 500 1459 νίας
534 1395 764 1472 αἰσχρὰν
793 1395 882 1450 καὶ
941 1393 1303 1450 ἐπονείδιστον
1352 1393 1443 1450 διὰ
1491 1397 1590 1465 τὴν
1642 1392 1890 1451 δουλείαν
1944 1401 2042 1466 τῆς

384 1483 586 1556 ἡδονῆς
644 1485 789 1561 παρὰ
841 1491 998 1540 πᾶσιν
1071 1484 1453 1560 γνωρίζουσαι,
1513 1487 1582 1558 τῇ
1658 1483 1878 1560 ἀρνήσει
1959 1489 2040 1556 τῷ

389 1574 598 1648 μείζονι
628 1579 779 1648 κακῷ
838 1573 1038 1629 οἷόνται
1095 1575 1196 1642 τὴν
1255 1572 1520 1649 ἁμαρτίαν
1578 1575 2037 1650 παραμυθεῖσθαι·

383 1664 702 1740 ἀνθρώπους
765 1664 882 1738 μὲν,
936 1663 1074 1739 πρὸς
1143 1661 1234 1725 οὓς
1296 1662 1372 1726 είς
1426 1661 1729 1739 ἀπολογίαν
1783 1669 1883 1732 τῆς
1937 1683 2038 1716 πα-

379 1747 657 1828 ραϐάσεως
714 1754 813 1822 τὴν
874 1751 1099 1828 ἄρνησιν
1157 1751 1562 1828 προΐσχονται,
1631 1753 1685 1807 αἱ
1742 1753 2037 1824 θαυμάσιαι

378 1839 696 1916 uiae-594w:
755 1844 889 1916 (60)'
921 1842 1012 1897 τὸν
1069 1839 1126 1897 δὶ
1182 1841 1411 1918 Κύριον,
1453 1841 1590 1918 πρὸς
1646 1841 1704 1896 ὃν
1758 1839 2034 1916 γεγόνασιν

377 1930 566 1993 αὐταῖς
619 1931 674 1985 αἱ
733 1927 921 2002 δεξιαὶ,
957 1928 1046 1985 διὰ
1098 1931 1162 1986 τὸ
1213 1931 1288 1994 εἷς
1325 1930 1486 2007 βάθος
1515 1934 1695 1986 κακῶν
1753 1929 2028 2004 ἐμπεσεῖν,

381 2019 580 2075 Λοιπὸν
610 2019 672 2073 ού
717 2015 1070 2097 φοϐούμεναι·
1106 2019 1205 2074 οὐκ
1254 2016 1450 2074 εἰδυῖαι
1501 2016 1624 2096 ἄρα,
1658 2019 1740 2074 ὅτι
1800 2015 2030 2074 διπλοῦν

379 2107 466 2164 καὶ
512 2110 639 2184 παρ’
671 2109 977 2185 ἀνθρώποις
1019 2108 1106 2163 καὶ
1159 2110 1306 2182 παρᾶ
1345 2113 1425 2182 τῷ
1473 2107 1656 2186 Κυρίῳ
1684 2109 1746 2164 τὸ
1776 2103 2034 2185 ἔγκλημα

377 2197 500 2253 καθ’
560 2197 760 2252 ἑαυτῶν
820 2196 1040 2260 ἀτόπως
1098 2199 1601 2268 κατασκευάζουσι·
1655 2202 1762 2254 τῶν
1824 2197 1918 2272 μὲν
1975 2195 2034 2252 ἐκ

379 2293 480 2355 τῆς
530 2280 988 2360 προϐεϐοημένης
1038 2286 1349 2364 παρθενίας,
1394 2287 1438 2342 εί
1487 2286 1577 2343 καὶ
1627 2288 1910 2362 ἀρνοῦνται
1969 2287 2033 2342 τὸ

385 2374 716 2451 ὑποσχέσθαι
770 2375 999 2446 ταύτην,
1043 2377 1108 2432 τὸ
1169 2374 1437 2450 μανιῶδες
1495 2377 1586 2432 καὶ
1646 2376 1840 2451 ΐταμὸν
1899 2376 2034 2446 πρὸς

380 2465 448 2520 τὰ
516 2471 675 2520 πᾶσιν
753 2462 1182 2540 ὁμολογούμενα
1256 2465 1791 2542 ἀποστρεφομένων,
1843 2461 1920 2521 ἔτι
1979 2462 2036 2520 δὲ

381 2554 471 2610 καὶ
509 2554 833 2628 μισούντων·
864 2559 961 2608 τοῦ
995 2551 1071 2620 δὲ,
1104 2555 1240 2630 πρὸς
1299 2556 1382 2618 οἷς
1437 2549 1750 2630 παρέϐησαν
1813 2555 1888 2616 εἷς
1941 2555 2035 2617 τὰς

386 2644 653 2713 συνθήκας
712 2645 812 2711 τῆς
869 2644 1184 2718 παρθενίας,
1234 2645 1334 2712 τήν
1402 2643 1518 2698 ἀντὶ
1595 2643 1880 2718 μετανοίας
1939 2644 2034 2717 ἄρ-

384 2753 539 2802 νησιν
615 2731 936 2809 πικρότερον
1014 2732 1090 2795 είς
1169 2733 1232 2788 τὸ
1300 2734 1428 2808 παρ’
1482 2733 1628 2805 αὑτῷ
1686 2731 2034 2808 δικαστήριον

384 2821 682 2893 κρίνοντος.
724 2824 841 2875 Ἵνα
899 2819 989 2875 οὖν
1053 2823 1129 2893 μή
1181 2820 1398 2898 ἀγάπης
1459 2821 1686 2896 ὀνόματι
1741 2821 1817 2885 είς
1875 2827 2037 2878 τοῦτο

379 2917 478 2980 τῆς
564 2909 830 2986 ἁμαρτίας
923 2908 1132 2984 ἐμπέσῃ
1224 2913 1259 2980 ἡ
1345 2909 1608 2988 παρθένος
1719 2913 1989 2988 βάραθρον
2026 2959 2040 2982 ,

381 2999 711 3072 ἀπροσπαθῆ
785 2999 884 3068 τὴν
969 2999 1182 3074 ἀγάπην
1268 3001 1358 3055 καὶ
1435 3001 1672 3076 καθαρὰν
1767 3000 2034 3074 μετιέτω.

383 3088 460 3146 Ού
493 3088 596 3164 γὰρ
651 3087 840 3164 χώραν
895 3087 1030 3158 αὕτη
1081 3085 1185 3160 ἕξει
1244 3086 1695 3163 προολισθησάσῃ
1742 3091 1854 3163 (61)
1898 3089 2037 3166 πρὸς

2157 606 2261 661 pro
2294 589 2475 646 nobili
2507 590 2627 646 viro
2661 608 2793 647 cum
2827 608 2992 648 servo
3023 609 3129 648 suo
3178 593 3594 665 corrumpitur,
3647 598 3704 648 et
3752 593 3812 649 in

2155 678 2400 735 herilem
2432 679 2649 735 lectum
2682 698 2916 736 servum
2949 682 3021 737 ad
3054 681 3300 738 insidias
3331 682 3682 738 introducit?
3698 699 3815 754 qua

2155 767 2372 839 dignus
2403 786 2578 841 pcena
2609 786 2812 825 servus
2843 775 2953 838 est,
2989 770 3088 842 qui
3120 770 3178 825 in
3210 771 3509 826 dominam
3543 787 3712 826 suam
3758 774 3816 827 et

2156 857 2215 910 in
2249 857 2476 913 domini
2512 858 2706 914 cubile
2737 859 3034 930 impudice
3069 859 3280 914 irruit?

2229 948 2321 1002 40.
2363 947 2474 1002 Sed
2526 947 2822 1020 sapientes
2872 947 3005 1019 illae,
3059 965 3184 1020 quas
3229 947 3406 1003 talem
3453 947 3813 1021 impietatem

2157 1043 2356 1090 contra
2410 1037 2761 1108 semetipsas
2810 1042 3049 1109 propter
3078 1037 3272 1093 carnis
3302 1036 3578 1092 libidines
3611 1054 3816 1110 perpe-

2152 1127 2409 1195 trarunt,
2455 1130 2853 1196 przsterquam
2907 1126 3060 1197 quod
3108 1143 3225 1181 non
3272 1125 3698 1196 lacrymantur,
3752 1131 3819 1183 ut

2154 1213 2448 1270 mitiorem
2497 1214 2610 1271 sibi
2662 1215 2853 1270 locum
2904 1214 3179 1287 lacrymis
3229 1220 3579 1288 praeparent,
3625 1216 3816 1273 adhuc

2152 1303 2351 1372 etiam,
2387 1319 2560 1374 quem
2592 1305 2756 1376 prius
2790 1305 3108 1376 promisere
3137 1305 3555 1377 virginitatem,
3595 1306 3813 1377 promi-

2153 1392 2304 1449 sisse
2335 1410 2396 1448 se
2429 1395 2819 1467 negant.Nam
2851 1412 2984 1450 cum
3018 1394 3286 1451 violatam
3315 1395 3713 1468 virginitatem
3754 1396 3814 1452 in

2150 1483 2364 1556 probro
2396 1483 2468 1539 ob
2500 1485 2838 1540 servitutem
2869 1485 3188 1557 voluptatis
3212 1489 3270 1540 et
3301 1485 3627 1558 ignominia
3656 1485 3813 1557 apud

2152 1591 2360 1630 omnes
2391 1591 2520 1630 esse
2553 1575 2840 1644 noverint,
2875 1576 3256 1644 inficiatione,
3286 1593 3413 1648 qua:
3443 1576 3640 1648 majus
3689 1593 3813 1633 ma-

2150 1663 2275 1719 lum
2326 1669 2434 1730 est,
2486 1664 2762 1720 videntur
2791 1665 2902 1721 sibi
2933 1670 3238 1738 peccatum
3265 1683 3576 1736 excusare;
3611 1682 3676 1721 ac
3705 1665 3812 1721 ho-

2151 1753 2342 1809 mines
2374 1752 2637 1826 quidem,
2671 1754 2886 1825 quibus
2929 1756 3002 1810 ad
3051 1756 3488 1812 excusationem
3535 1755 3813 1828 praevarin

2151 1841 2395 1897 cationis
2453 1841 2874 1898 inliciationem
2934 1844 3286 1914 obtendunt,
3337 1843 3640 1900 mirabiles
3698 1843 3808 1899 illzs

2145 1935 2519 2002 reverentur;
2570 1932 2672 1987 sed
2728 1933 3061 2006 Dominum,
3119 1933 3213 1989 cui
3245 1934 3392 1989 datis
3441 1934 3706 2006 dexterae,
3740 1951 3808 1991 eo

2141 2021 2292 2090 quod
2322 2019 2380 2074 in
2411 2021 2776 2092 profundum
2810 2023 3104 2078 malorum
3134 2021 3312 2095 lapsae
3346 2022 3487 2092 sint,
3516 2040 3631 2079 non
3676 2023 3806 2094 jam

2142 2110 2569 2168 metuunt.Non
2596 2111 2799 2166 vident
2824 2112 3107 2184 profecto,
3129 2111 3341 2184 duplex
3365 2128 3424 2167 se
3446 2117 3502 2167 et
3524 2113 3675 2184 apud
3699 2112 3804 2168 bo-

2141 2198 2330 2255 mines
2361 2203 2418 2256 et
2446 2199 2598 2272 apud
2628 2203 2808 2256 Deum
2840 2200 3060 2256 crimen
3093 2201 3478 2273 sibimetipsis
3501 2200 3679 2258 stulte
3703 2218 3809 2274 pa-

2143 2289 2518 2362 rare;quippe
2540 2306 2675 2345 cum
2702 2289 2974 2348 homines
2995 2290 3067 2346 ob
3090 2290 3444 2347 celebratam
3468 2291 3633 2362 prius
3652 2291 3809 2346 fama

2145 2378 2840 2451 virginitatem,quamvis
2872 2397 3000 2435 eam
3025 2396 3087 2435 se
3110 2379 3455 2452 promisisse
3488 2380 3814 2452 negent,fu-

2146 2484 2335 2524 rorem
2369 2472 2427 2523 et
2453 2469 2883 2540 impudentiam
2914 2469 2974 2524 in
3007 2469 3235 2541 iis,quae
3269 2469 3547 2526 omnibus
3576 2474 3734 2525 certa
3754 2472 3814 2526 et

2147 2555 2448 2630 explorata
2478 2558 2938 2631 suut,negandis
2968 2563 3312 2615 aversentur
3344 2563 3522 2630 atque
3553 2559 3806 2614 oderint:

2149 2646 2431 2702 Dominus
2465 2663 2596 2703 vero
2628 2647 2889 2703 additam
2941 2648 3174 2704 violatis
3225 2648 3586 2720 virginitatis
3633 2648 3811 2704 foede-

2148 2735 2314 2792 ribus
2347 2735 2771 2793 inﬁciationem
2805 2754 2907 2808 pro
2939 2737 3584 2810 posnitentia,acerbius
3614 2737 3672 2792 in
3706 2755 3815 2795 suo

2141 2825 2368 2898 judicio
2403 2826 2861 2882 condemnet.Ne
2894 2827 3072 2899 igitur
3101 2827 3212 2883 sub
3243 2825 3546 2884 charitalis
3579 2828 3816 2884 nomine

2149 2915 2205 2970 in
2242 2915 2348 2970 hoc
2380 2915 2604 2987 peccati
2635 2915 2982 2972 barathrum
3037 2916 3260 2972 incidat
3306 2915 3490 2988 virgo,
3543 2915 3809 2974 libidinis

2150 3007 2442 3076 expertem
2477 3009 2535 3060 et
2566 3021 2773 3076 puram
2808 3005 3153 3062 charitatem
3185 3009 3816 3078 persequatur.Neque

2152 3093 2334 3160 enim,
2366 3092 2409 3147 si
2445 3093 2514 3147 ad
2546 3091 2907 3164 voluptatem
2953 3093 3194 3166 delapsa
3249 3094 3347 3166 sit,
3394 3093 3590 3149 locum
3638 3097 3697 3152 in
3746 3111 3816 3152 ea

388 3175 594 3247 ἡδονὴν
652 3177 715 3230 τὸ
771 3181 1117 3251 προσωπεῖον
1174 3181 1272 3232 τοῦ
1319 3179 1528 3253 γάμου·
1566 3175 1690 3233 οὐδὲ
1721 3177 2043 3256 σοφίσασθαι

2160 3181 2395 3237 habebit
2426 3180 2584 3237 larva
2616 3182 2870 3254 conjugii
2909 3199 2920 3239 :
2957 3200 3064 3239 nec
3097 3183 3334 3242 nomine
3366 3187 3627 3259 conjugii
3658 3185 3815 3242 ludi-

390 3264 617 3338 ὀνόματι
666 3265 848 3340 γάμου
895 3265 986 3319 τὸν
1037 3270 1212 3335 ζῶντα
1257 3266 1451 3336 εαυτῆς
1492 3263 1657 3342 ἄνδρα
1708 3255 1807 3340 μὴί
1840 3264 2040 3321 ἀπολε-

2160 3271 2316 3326 ﬁcari
2349 3287 2524 3326 suum
2559 3271 2748 3343 ipsius
2802 3272 2991 3327 virum
3045 3273 3285 3330 minime
3333 3274 3529 3332 soluta
3578 3276 3811 3348 poterit,

387 3353 598 3427 λυμένη
689 3351 976 3424 δυνήσεται
1012 3396 1026 3422 ο
1085 3355 1275 3425 θνητὸν
1345 3353 1550 3410 ἐκείνου
1637 3355 1724 3410 ἰπὶ
1809 3360 2044 3432 μοιχικῇ

390 3443 578 3517 πράξει
643 3441 776 3516 μετά
829 3442 1094 3505 τοσαύτας
1151 3443 1247 3506 τὰς
1303 3449 1430 3518 παρ’
1481 3443 1646 3499 αὐτοῦ
1703 3445 1866 3518 τιμὰς
1922 3447 2045 3500 ἀσε-

391 3527 500 3604 ϐῶς
559 3533 966 3606 προτιμήσασα.
999 3533 1112 3589 Ούγ
1167 3531 1482 3608 ἀλΛοτρίως
1541 3532 1645 3609 γὰρ
1701 3532 1762 3587 ἂν
1815 3555 1899 3596 τις
1957 3535 2047 3590 καὶ

387 3621 474 3676 ἰπὶ
527 3624 633 3676 τῶν
683 3619 946 3675 τοιούτων
994 3622 1056 3675 τὸ
1104 3620 1476 3677 ἀποστολικὸν
1533 3621 1932 3701 ἀναφθέγξεται,
1965 3622 2048 3678 ὅτι

389 3712 557 3767 ’Όταν
672 3709 1175 3784 καταστρηνιάσωσι
1287 3714 1384 3765 τοῦ
1487 3713 1722 3787 Χριστοῦ
1756 3755 1771 3782 ,
1850 3718 2049 3788 γαμεῖν

396 3797 691 3866 θέλουσιν,
749 3794 974 3872 Ιχουσαι
1030 3804 1205 3874 κρῖμα
1270 3797 1354 3854 ὅτι
1429 3801 1529 3869 τήν
1587 3802 1812 3873 πρώτην
1872 3801 2052 3858 πίστιν

375 3887 683 3956 ἠθέτησαν·
718 3886 779 3940 οὐ
809 3885 1006 3961 γάμον,
1039 3884 1185 3942 ἀλλὰ
1229 3888 1484 3963 μοιχείαν
1545 3886 1635 3944 διὰ
1691 3889 1812 3966 βίου
1868 3896 2048 3954 κακῶς

398 3971 812 4049 μεθοδεύουσαι.

465 4066 553 4122 41.
587 4061 794 4135 Μηδεῖς
829 4062 920 4119 οῦν
951 4063 1166 4135 οἰκέτης
1217 4064 1295 4128 είς
1348 4071 1608 4122 τοσοῦτον
1665 4062 1910 4130 ἀσεϐείας
1969 4069 2050 4123 oi-

396 4151 769 4230 στρηλατήσῃ,
832 4153 908 4217 ὡς
957 4160 1058 4224 τῆς
1112 4151 1438 4226 δεσποτικῆς
1498 4157 1755 4221 ἅπτεσθαι
1813 4156 2048 4236 νύμφης.

399 4240 610 4312 Μηδεὶς
642 4241 786 4298 οὕτω
842 4240 1124 4316 μανιώδης
1154 4242 1457 4319 ἱερόσυλος,
1487 4245 1562 4308 ὡς
1618 4248 1718 4316 τῆς
1775 4245 2052 4324 ἀχράντου

399 4332 599 4408 ἱερείας
659 4331 850 4406 χερσὶν
909 4330 1236 4398 ἀκολάστοις
1293 4333 1657 4412 ἐφάπτεσθαι.
1717 4334 1924 4408 Μηδεὶς
1974 4337 2049 4400 εἰς

395 4425 654 4476 τοσοῦτον
713 4421 973 4483 ἀπονοίας
1027 4423 1208 4491 ἡκέτω
1243 4466 1256 4492 ,
1318 4423 1394 4486 ὡς
1477 4423 1818 4496 τηλικαύτην
1894 4423 2050 4498 δίκην

398 4516 519 4574 τοῖς
552 4509 868 4586 ἱεροσύλοις
901 4510 1290 4586 ἐπηρτημένην
1331 4514 1497 4588 ὁρῶν,
1533 4515 1609 4586 μὴ
1663 4511 1771 4569 τῶν
1820 4515 2050 4591 ἀψύχων

2157 3359 2466 3416 mortalem
2521 3359 2572 3415 ei
2603 3361 2674 3416 ad
2704 3361 2934 3417 facinus
2966 3363 3240 3418 adulterii
3272 3369 3406 3436 post
3436 3369 3519 3421 tot
3550 3371 3818 3437 acceptos

2157 3449 2228 3504 ab
2261 3465 2327 3504 eo
2360 3448 2612 3504 honores
2645 3449 2824 3522 impie
2858 3451 3184 3520 praeferens.
3221 3452 3344 3508 Non
3379 3456 3533 3510 enim
3566 3454 3821 3510 absurde

2158 3539 2229 3593 de
2260 3536 2479 3593 talibus
2513 3537 2656 3593 illud
2691 3539 2952 3611 Apostoli
2984 3541 3209 3596 dicatur
3265 3558 3278 3596 :
3334 3542 3469 3598 Cum
3514 3543 3825 3600 luxuriata

2155 3628 2369 3698 fuerint
2420 3629 2477 3682 in
2520 3627 2760 3699 Christo,
2791 3631 2998 3685 nubere
3027 3629 3224 3686 volunt
3257 3649 3277 3687 :
3307 3630 3563 3688 habentes
3591 3634 3820 3689 danma-

2160 3718 2534 3789 tionem,quia
2563 3717 2803 3789 primum
2831 3718 3006 3791 ﬁdem
3035 3721 3261 3776 irritam
3292 3723 3547 3792 fecerunt
3579 3721 3622 3756 ¹⁶
3655 3739 3668 3777 :
3704 3737 3823 3778 non

2159 3805 2642 3877 conjugium,sed
2675 3806 3034 3864 adulterium
3067 3825 3172 3882 per
3190 3814 3375 3866 totam
3400 3811 3580 3867 vitam
3608 3810 3827 3867 nefarie

2161 3900 2605 3968 persequentes.

2236 4073 2324 4130 41.
2356 4072 2573 4131 Nullus
2605 4073 2783 4145 igitur
2812 4093 3014 4133 servus
3063 4082 3240 4134 oestro
3287 4078 3546 4150 percitus
3593 4095 3659 4136 eo
3708 4079 3823 4134 im-

2162 4163 2397 4236 pietatis
2453 4165 2696 4234 feratur,
2750 4170 2812 4222 ut
2860 4166 3216 4224 dominicam
3269 4186 3547 4240 sponsam
3599 4173 3822 4242 tangat.

2163 4253 2344 4309 Nemo
2397 4253 2475 4310 ita
2525 4254 2784 4312 furiosus
2833 4256 2909 4311 sit
2938 4257 3281 4330 sacrilegus,
3316 4263 3382 4314 ut
3412 4258 3825 4316 intaminatam

2164 4345 2529 4401 sacerdotem
2563 4346 2841 4402 manibus
2891 4346 3210 4420 impudicis
3258 4351 3480 4421 tangat.
3532 4349 3712 4406 Nemo
3760 4367 3828 4407 co

2164 4433 2410 4489 insaniae
2444 4434 2732 4501 deveniat,
2775 4440 2840 4491 ut
2887 4453 3023 4492 cum
3070 4442 3156 4494 tot
3200 4455 3261 4494 ac
3311 4443 3475 4494 tanta
3525 4439 3830 4513 sacrilegis

2165 4523 2459 4595 supplicia
2490 4523 2830 4596 impendere
2863 4525 3195 4597 videat,non
3231 4527 3556 4584 inanimata
3588 4545 3657 4584 ex
3686 4546 3829 4586 auro

403 4601 463 4656 ἐκ
520 4603 735 4676 χρυσοῦ
794 4601 883 4654 καὶ
941 4599 1184 4677 ἀργύρου
1227 4600 1366 4672 ὕλης
1401 4605 1790 4676 πεποιημένων
1825 4610 2043 4673 σκευῶν1

2164 4623 2263 4669 aut
2299 4617 2541 4684 argento
2571 4614 2842 4679 vasa,sed
2877 4615 3136 4672 animata
3178 4623 3234 4672 et
3281 4617 3535 4674 viventia
3584 4619 3831 4674 donaria

406 4687 534 4744 ἀλλ’
609 4688 782 4744 αὐτῶν
865 4688 1133 4766 ἐμψύχων
1186 4691 1310 4746 ικαὶ
1395 4693 1612 4762 ζώντων
1687 4693 2051 4766 ἀναθημάτων

409 4774 677 4851 λῃστρικῇ
735 4777 884 4853 χειρὶ
966 4773 1222 4854 βεϐήλως
1284 4776 1769 4854 ἐπιλαμϐάνεσθαι.
1823 4782 2052 4840 Μᾶλλον

406 4863 464 4920 δὲ
493 4861 686 4938 μηδεὶς
737 4863 912 4927 οὕτως
960 4862 1096 4922 ἔστω
1128 4867 1364 4939 ἀνόσιος,
1397 4870 1471 4934 ὡς
1506 4871 1581 4944 μὴ
1611 4870 1679 4925 τὰ
1710 4869 1761 4926 ἐν
1811 4875 1892 4944 τῷ
1943 4877 2057 4945 ναῷ

406 4953 593 5031 ἄψυχα
647 4953 835 5026 σκεύη,
893 4953 1022 5011 ἀλλ’
1086 4958 1245 5013 αὐτὸν
1313 4959 1405 5014 τὸν
1491 4960 1617 5014 ναὸν
1669 4965 1766 5014 τοῦ
1835 4959 2053 5038 Κυρίου,

408 5045 651 5100 τουτέστι
709 5051 810 5115 τῆς
865 5045 1135 5122 παρθένου
1192 5049 1255 5102 τὸ
1314 5053 1513 5123 σῶμα,
1572 5049 1661 5104 καὶ
1733 5051 1902 5119 αὐτὴν
1960 5052 2058 5121 τήν

404 5133 737 5208 τιμιωτάτην
791 5135 1040 5190 ἁπάντων
1099 5135 1152 5191 έν
1209 5137 1390 5212 τούτῳ
1448 5139 1632 5214 ψυχὴν
1703 5147 1804 5210 τῆς
1853 5143 2058 5218 παρθέ-

405 5245 525 5292 νου,
558 5223 854 5300 ἱερώτατου
904 5223 957 5278 ἐν
1010 5229 1090 5298 τῷ
1144 5231 1258 5300 ναῷ
1313 5231 1411 5282 τοῦ
1496 5226 1695 5304 Κυρίου
1779 5229 2055 5304 ἀνάθημα,

409 5317 525 5375 τοῖς
603 5312 898 5376 ἀκολασίας
975 5321 1204 5390 πυρσοῖς
1295 5312 1644 5394 βαρϐαρικῶς
1709 5319 2056 5398 καταφλέξαι.

484 5431 527 5466 ¹⁶
561 5431 585 5486 Ι
613 5431 764 5486 Tim.
798 5447 852 5501 ν,
884 5433 969 5489 11.

626 5545 689 5630 ᾘ
711 5543 856 5630 ἀντί.
887 5548 1012 5607 Duo
1043 5549 1296 5630 codices,
1329 5547 1414 5622 εἴη
1446 5549 1585 5630 ἀντί.

477 5615 1012 5703 (764))ΑΔῖδούμεναι.
1060 5615 1328 5703 Quatuor
1394 5615 1652 5696 ὸοάἱοοε,
1718 5626 2062 5703 αἱρούμεναι.

412 5691 580 5751 Unus
605 5691 943 5765 Combeﬁs.,
977 5695 1274 5772 ὁρὼμεναι.

2165 4718 2343 4756 manu
2372 4702 2722 4771 pradatoria
2753 4704 2983 4775 impure
3016 4706 3393 4778 arripiat.Vel
3425 4707 3623 4781 potius
3655 4723 3825 4764 nemo

2166 4790 2309 4845 adeo
2345 4791 2627 4847 scelestus
2660 4791 2829 4860 sit,ut
2861 4811 2975 4849 non
2999 4793 3323 4851 inanimata
3347 4795 3406 4853 in
3429 4795 3647 4868 templo
3670 4812 3829 4867 vasa,

2167 4879 2267 4933 sed
2301 4878 2496 4950 ipsum
2533 4880 2821 4952 templum
2857 4883 3175 4954 Domini,id
3210 4884 3568 4956 est,virginis
3593 4901 3829 4956 corpus,

2166 4974 2224 5024 et
2255 4968 2443 5040 ipsam
2476 4969 2534 5024 in
2568 4987 2632 5026 eo
2664 4972 2930 5027 omnium
2966 4974 3219 5029 maxime
3250 4974 3398 5030 655
3433 4973 3828 5029 venerabilem

2169 5057 2428 5113 animum
2462 5057 2730 5130 virginis,
2753 5062 3222 5118 sacratissimum
3254 5061 3312 5116 in
3346 5061 3566 5133 templo
3603 5062 3832 5118 Domini

2169 5147 2504 5216 donarium,
2541 5148 2922 5221 impudicitiae
2951 5151 3177 5207 facibus
3207 5151 3454 5207 barbare
3487 5152 3828 5208 succendat.

2169 5237 2280 5292 Sed
2316 5238 2362 5292 si
2397 5255 2504 5294 sua
2536 5245 2746 5310 sponte
2778 5241 2941 5296 dedit
2969 5241 3348 5313 semetipsum
3380 5242 3564 5315 virgo,
3605 5242 3830 5298 violans

2171 5326 2384 5382 initum
2418 5344 2552 5383 cum
2585 5345 2802 5400 sponso
2829 5329 3040 5402 foedus,
3071 5346 3138 5387 ac
3169 5330 3389 5402 omnia,
3439 5337 3497 5388 et
3543 5331 3833 5404 templum

2253 5558 2362 5630 (61)
2430 5553 2910 5633 Προολισθησάσῇ.
2982 5559 3186 5618 Plures
3241 5577 3410 5632 11188.,
3468 5559 3831 5638 προολισθού-

2178 5647 2263 5701 σῃ.
