4124 6368
333 365 446 428 ’151

1277 356 1671 420 APPENDIX
1709 355 2040 420 OPERUM
2084 356 2158 422 S.
2199 354 2484 418 BASILII
2529 353 2807 417 MAGNI.

3639 360 3764 422 752

327 502 387 556 et
415 495 727 554 donarium
761 499 820 551 et
849 493 1169 550 amicitiam
1222 507 1357 547 cum
1405 505 1473 546 eo
1523 489 1984 545 intercedentem

2102 484 2265 544 Ἀλλ’
2297 485 2364 541 ἐἴ
2411 485 2634 541 ἑκοῦσαν
2705 482 2970 540 ἐπέδωκεν
3049 485 3248 556 ἑαυτὴν
3308 489 3592 565 παρθένος,
3651 512 3762 548 πα.-

329 591 386 644 et
433 585 597 659 regni
647 583 1007 641 consortium
1041 583 1114 638 ob
1144 580 1498 652 voluptatem
1532 579 1898 636 confundens
1930 582 1989 634 et

329 675 706 746 conculcans,
741 690 811 730 ne
844 673 1036 728 tradas
1067 676 1123 727 te
1153 670 1237 724 illi
1268 670 1338 726 ad
1372 669 1714 724 societatem
1740 667 1984 741 peccati.

327 765 629 837 Siquidem
661 779 766 819 nec
798 761 1042 834 pulcher
1069 758 1285 831 Joseph
1319 757 1570 814 dominas
1604 757 1663 812 in
1695 773 1829 812 eum
1892 757 1986 812 fu-

329 851 894 922 renti,semetipsum
918 851 987 904 ad
1012 845 1617 920 impudicitiamillius
1638 845 1984 917 explendam

2098 571 2304 652 ραϐᾰσα
2366 575 2460 649 μὶν
2511 576 2610 643 τὴν
2669 575 2806 650 πρὸς
2831 575 2923 630 τὸν
2955 574 3188 654 νυμφίον
3223 579 3520 650 συνθήκην,
3553 579 3762 637 πάντα-

2099 663 2154 720 δὲ
2211 666 2300 721 καὶ
2355 667 2504 736 ναὸν,
2556 665 2645 718 καὶ
2709 665 2984 736 ἀνάθημα,
3041 665 3131 720 καὶ
3189 666 3374 742 φιλίαν
3458 670 3556 738 τὴν
3615 673 3760 746 πρὸς

2097 755 2279 822 αὐτὸν,
2322 755 2410 809 καὶ
2483 752 2760 829 βασιλείας
2816 754 3099 809 κοινωνίαν
3163 752 3231 809 δι’
3284 754 3491 827 ἡδονὴν
3546 759 3760 824 πάθους

2098 844 2374 919 συγχέασά
2425 864 2481 898 τε
2539 844 2679 916 ὁμοῦ
2736 843 2825 898 καὶ
2910 846 3217 917 πατήσασα,
3281 847 3355 919 μή
3417 849 3632 923 χρήσῃς

327 943 558 1000 tradere
574 939 755 998 voluit
771 940 832 994 ¹’¹.
851 939 959 993 Sed
975 938 1207 994 etiamsi
1224 941 1285 993 tu
1302 937 1361 992 in
1382 937 1571 991 fmdus
1590 935 1846 1007 conjugii
1869 952 1984 990 non

2100 934 2321 1007 τοιαύτῃ
2360 933 2550 988 σαυτὸν
2612 933 2686 996 είς
2747 933 3035 988 κοινωνίαν
3094 935 3193 1003 της
3245 937 3540 1011 ἁμαρτίας.
3602 940 3762 996 Ἐπεὶ

326 1033 576 1099 venires,
597 1029 764 1084 alteri
797 1028 1174 1099 semetipsam
1209 1026 1483 1082 traderet.
1506 1024 1606 1080 llle
1637 1024 1816 1096 igitur
1850 1040 1985 1096 pec-

327 1120 439 1178 cati
473 1135 673 1192 poenas
704 1117 859 1184 luat;
893 1120 955 1171 tu
988 1131 1121 1171 vero
1147 1119 1204 1170 te
1236 1115 1430 1186 ipsum
1465 1129 1680 1186 purum
1727 1117 1783 1168 et
1835 1113 1988 1168 inte-

325 1225 496 1282 grum
531 1213 736 1277 (serva,
781 1220 886 1260 nec
918 1220 1118 1276 poenis,
1151 1220 1278 1275 quis
1310 1219 1414 1274 pro
1446 1201 1658 1257 delicto
1695 1203 1751 1258 in
1789 1201 1986 1257 Domi-

326 1315 468 1354 num
503 1295 764 1353 admisso
794 1293 1098 1361 inferetur,
1119 1294 1412 1366 particeps
1445 1291 1719 1348 efliciare.
1743 1290 1988 1363 Oportet,

325 1386 540 1458 inquit,
574 1385 786 1441 Filium
816 1384 1056 1440 hominis
1085 1382 1239 1438 tradi
1271 1383 1334 1437 1'.
1376 1383 1464 1438 Var:
1507 1385 1698 1437 autem
1747 1381 1846 1436 illi
1890 1396 1992 1452 per

327 1492 486 1549 quem
540 1474 715 1530 Filius
773 1473 1014 1528 hominis
1067 1472 1352 1528 traditur!
1409 1469 1734 1526 conduceret
1787 1471 1896 1541 ipsi
1942 1471 1992 1524 si

325 1573 494 1622 natus
522 1579 632 1620 non
663 1567 797 1619 esset
829 1563 899 1619 ’9.
940 1561 1144 1617 Nonne
1171 1560 1444 1616 similiter
1497 1577 1624 1632 quae
1679 1559 1988 1631 virginita-

327 1658 448 1711 tem
472 1657 605 1708 ante
626 1649 1130 1725 professa,dcinde
1155 1653 1382 1706 mutato
1404 1649 1700 1721 preposito
1733 1648 1989 1720 cuipiam

330 1743 556 1800 homini
604 1741 866 1797 fruendae
908 1739 1230 1810 voluptatis
1289 1738 1479 1811 gratia
1537 1739 1792 1810 seipsam
1851 1754 1992 1794 con-

2099 1020 2224 1078 οὐδὲ
2257 1024 2284 1077 6
2314 1021 2482 1085 καλὸς
2531 1024 2732 1100 Ἰωσὴφ
2789 1021 2859 1097 τῇ
2924 1020 3179 1098 δεσποινῃ
3224 1023 3547 1101 ἐπιμανείσῃ
3607 1027 3766 1102 αύτῷ

2099 1112 2286 1168 ἑαυτὸν
2328 1113 2464 1188 πρὸς
2519 1113 2616 1181 τήν
2677 1119 2777 1182 τῆς
2828 1110 3125 1175 ἀκολασίας
3185 1112 3486 1170 ἀπόλαυσιν
3545 1125 3766 1192 χρῆσαι

2099 1201 2395 1272 ἠθέλησεν.
2432 1199 2590 1257 Ἀλλ’
2623 1201 2668 1256 εὶ
2699 1202 2787 1255 καὶ
2827 1203 2902 1274 μὴ
2936 1200 2998 1254 σὺ
3029 1199 3196 1270 ἦλθες
3249 1201 3336 1258 ἐπὶ
3395 1206 3495 1274 τὴν
3556 1227 3762 1262 κοινω-

2098 1289 2214 1345 νίαν
2275 1294 2370 1345 τοῦ
2430 1291 2632 1364 γάμου,
2689 1288 2849 1362 ἄλλῳ
2905 1291 3097 1358 ἑαυτὴν
3141 1289 3478 1352 ἐπιδίδωσιν.
3513 1295 3761 1360 Ἐκεῖνος

2101 1378 2190 1435 οὗν
2246 1379 2338 1440 τὰς
2397 1378 2484 1434 ἐπὶ
2541 1383 2609 1453 τῇ
2672 1378 2910 1454 ἁμαρτίᾳ
2965 1378 3130 1435 αὖτοῢ
3188 1381 3409 1446 εὐθύνας
3463 1383 3659 1460 ιχὲτω
3688 1387 3752 1441 σὺ

2101 1466 2157 1523 δὶ
2190 1469 2380 1523 σαυτὸν
2414 1469 2644 1544 καθαρὸν
2679 1467 2918 1544 φύλαττε
2945 1467 3033 1524 ἐπὶ
3090 1473 3158 1542 τῇ
3207 1471 3467 1544 κοινωνίᾳ
3520 1480 3622 1544 τῆς
3678 1474 3753 1537 είς

2097 1559 2190 1613 τὸν
2253 1557 2452 1633 Κύριον
2532 1557 2876 1632 παρανομίας
2961 1559 3214 1628 εὐθύνης.
3276 1566 3386 1633 Δεῖ,
3448 1563 3604 1641 φησὶ,
3661 1565 3756 1620 τὸν

2099 1647 2222 1702 Υἱὸν
2308 1653 2403 1702 τοῦ
2488 1648 2778 1722 ἀνθρώπου
2866 1645 3279 1723 παραδοθῆναι.
3336 1650 3473 1707 Οὐαὶ
3547 1650 3627 1722 δὶ,
3687 1651 3760 1708 δι’

2101 1738 2162 1792 οὗ
2238 1739 2266 1792 6
2342 1736 2466 1800 Υἱὸς
2542 1741 2636 1791 τοῦ
2711 1738 3002 1812 ἀνθρώπου
3079 1737 3480 1814 παραδίδοται·
3538 1744 3757 1821 συνέφε-

327 1832 541 1905 junxit,
575 1830 807 1887 etiamsi
839 1829 995 1885 dicat
1027 1845 1040 1885 :
1073 1831 1310 1900 Oportet
1358 1843 1451 1883 me
1496 1828 1736 1896 nubere,
1791 1844 1984 1900 quem-

2103 1846 2186 1902 ρεν
2266 1827 2415 1934 αὐτῇ)
2473 1825 2517 1880 εἰ
2574 1827 2650 1898 μή
2708 1825 2987 1901 ἐγεννήθη.
3035 1825 3111 1884 Ού
3179 1828 3318 1883 κατά
3382 1831 3472 1884 τὸν
3557 1831 3756 1905 ὅμοιον

333 1922 652 1979 admodum
685 1920 900 1975 Filium
933 1918 1194 1975 hominia
1224 1917 1508 1974 traditum
1543 1917 1804 1989 oportuit
1837 1933 1849 1972 :
1887 1917 1991 1973 sed

333 2017 530 2068 tamen
583 2027 662 2066 vae
713 2009 824 2080 illi,
857 2024 962 2081 per
989 2025 1163 2080 quem
1193 2007 1294 2063 illa
1325 2007 1662 2075 foederibus,
1697 2024 1823 2079 quis
1855 2023 1990 2062 cum

334 2117 550 2173 sponso
584 2101 917 2170 pepegerat,
951 2097 1142 2169 ruptis
1172 2100 1229 2153 et
1273 2095 1528 2167 violatis,
1572 2112 1741 2153 suam
1793 2095 1989 2152 libidi-

332 2207 464 2246 nem
498 2187 900 2261 implemdem
932 2187 1090 2243 enim
1121 2186 1257 2242 huic
1287 2185 1737 2254 homini,dicere
1771 2187 1988 2252 ausim,

333 2278 728 2352 praestabilius
755 2277 1108 2349 foret,quam
1142 2276 1192 2332 si
1223 2275 1460 2332 sceleris
1493 2276 1775 2332 adversus
1795 2275 1992 2330 Domi-

331 2385 473 2426 num
508 2367 582 2423 ab
609 2365 719 2422 hac
750 2365 984 2436 impura
1013 2366 1226 2438 patrati
1257 2364 1452 2422 socius
1485 2365 1542 2420 in
1566 2364 1794 2436 judicio
1826 2381 1988 2436 repe-

332 2459 537 2513 riatur.
567 2455 698 2511 Jam
732 2470 863 2510 vero
895 2471 1087 2511 nonne
1118 2454 1288 2510 audis
1319 2470 1455 2510 curn
1487 2453 1826 2525 adulterari,
1886 2453 1990 2526 qui

332 2547 509 2604 etiam
569 2543 874 2600 dimissam
933 2544 1164 2600 duxerit
1212 2543 1300 2598 ὀἳ
1349 2543 1473 2598 Etsi
1531 2541 1711 2610 enim,
1772 2542 1988 2614 inquit,

333 2638 573 2707 propter
602 2632 837 2703 culpam
871 2633 978 2686 fuit
1002 2632 1271 2699 dimissa,
1302 2632 1442 2687 vivit
1470 2635 1666 2687 tamen
1701 2630 1787 2686 vir
1839 2633 1987 2702 ejus.

2099 1917 2302 1988 τρόπον
2365 1913 2566 1988 ἔκρινεν
2603 1918 2636 1984 ἡ
2692 1914 2952 1990 πρότερον
3002 1917 3101 1985 τὴν
3159 1918 3444 1990 παρθενίαν
3508 1921 3758 1997 ὑποσχο-

2108 2007 2266 2078 μένη,
2303 2004 2638 2076 μεταθεμὲνη
2697 2001 2753 2059 δὲ
2801 2004 2967 2073 αὐτὴν
3023 2007 3139 2079 (62)
3187 2007 3458 2082 ἀνθρώπῳ
3510 2011 3618 2066 τινὶ
3679 2012 3758 2074 είς

2101 2091 2308 2163 ἡδονῆς
2367 2090 2667 2148 ἀπόλαυσιν
2731 2094 2924 2164 ζεῦξαι,
2960 2093 3054 2149 κᾶν
3108 2093 3264 2171 λέγῃ·
3301 2103 3391 2152 Δεῖ
3449 2120 3515 2172 με
3571 2121 3759 2174 γαμη-

2101 2185 2279 2252 θῆναι,
2313 2181 2386 2244 ὠς
2417 2183 2508 2237 τὸν
2542 2183 2663 2237 Υἱὸν
2723 2187 2819 2237 τοῦ
2871 2184 3159 2257 ἀνθρώπου
3217 2183 3300 2240 δεῖ
3356 2186 3755 2263 παραδοθῆναιο

2103 2270 2250 2327 ἀλλά
2280 2271 2422 2340 οὐαὶ,
2457 2268 2526 2325 δι’
2554 2272 2614 2325 οὗ
2647 2269 2822 2342 ἐκείνη
2881 2272 2975 2334 τὰς
3031 2274 3163 2348 πρὸς
3219 2275 3310 2329 τὸν
3367 2278 3598 2355 νυμφίον
3653 2300 3756 2334 πα-

2103 2355 2311 2434 ραϐᾶσα
2368 2362 2659 2430 συνθήκας,
2717 2363 2815 2430 την
2895 2362 3089 2431 ἑαυτῆς
3145 2363 3436 2436 ἐπιθυμίαν
3494 2365 3755 2443 πλῆροῖ;

2102 2452 2368 2528 Συνὲφερε
2416 2451 2518 2524 γὰρ
2579 2449 2764 2523 ἔκείνῳ
2819 2456 2898 2522 τῷ
2950 2452 3222 2525 ἀνθρώπῳ
3282 2454 3498 2527 (τολμῶ
3559 2457 3755 2530 εἷ’πεῖν)

2097 2540 2161 2595 τὸ
2194 2539 2323 2594 αὐτὸ
2353 2542 2466 2613 (63)
2489 2541 2522 2608 ἢ
2550 2536 2642 2594 ’ίνα
2673 2540 2936 2602 κοινωνὸς
2965 2548 3068 2609 τῆς
3110 2541 3184 2604 εἷς
3243 2545 3337 2598 τὸν
3399 2546 3600 2620 Κύριον
3658 2570 3757 2603 πα-

2104 2631 2364 2704 ρανομίας
2414 2637 2512 2699 τῆς
2563 2626 2866 2684 ἀκολάστου
2955 2628 3162 2700 ἐκείνης
3250 2629 3606 2709 δικαζόμενος
3666 2637 3754 2691 εύ-

333 2723 484 2799 ρεθῇ.
544 2721 662 2778 Οὐκ
713 2718 927 2783 ἀκούεις
984 2716 1042 2774 δὲ
1098 2718 1180 2774 ὅτι
1237 2718 1328 2774 καὶ
1388 2720 1415 2773 6
1468 2716 1886 2792 ἀπολελυμένην
1945 2723 2136 2796 γαμῶν
2203 2725 2508 2794 μοιχᾶται;
2565 2718 2628 2772 El
2687 2719 2790 2793 γὰρ
2876 2719 2965 2774 καὶ
3045 2720 3400 2792 ἀπολὲλδται,
3462 2726 3619 2803 φησὶ,
3682 2725 3756 2782 δι’

331 2810 530 2880 αῒτίαν,
564 2807 710 2864 ἀλλὰ
741 2812 807 2883 ζῇ
840 2808 1008 2880 αὐτῆς
1043 2810 1070 2864 6
1102 2809 1258 2885 ἀνήρ.

403 2909 493 2963 42.
540 2909 653 2963 Cur
698 2904 880 2977 igitur
919 2899 1252 2956 molestiam
1285 2897 1525 2956 exhibes
1557 2897 1856 2954 dimissae?
1889 2915 1991 2954 cur

331 3013 446 3054 non
475 2997 584 3052 das
616 2999 847 3064 tempus
875 2995 1003 3046 tum
1033 2985 1142 3060 illi,
1168 2991 1233 3044 ut
1253 3004 1320 3044 ea
1350 2987 1408 3042 in
1441 2987 1759 3060 semetipsa
1790 3002 1988 3043 erren-

2170 2899 2256 2953 42.
2291 2895 2350 2950 Τί
2399 2894 2489 2952 οὖν
2548 2895 2801 2972 ἐνοχλεῖς
2853 2901 2921 2971 τῇ
2953 2896 3366 2972 ἀπολελυμένη;
3397 2899 3451 2954 τί
3497 2901 3597 2956 ούκ
3657 2902 3744 2956 ἕν-

2102 2985 2266 3051 δίδως
2317 2989 2501 3064 καιρὸν
2552 2988 2772 3063 κάκείνῃ
2829 2989 3020 3060 ἑαυτὴν
3067 2987 3457 3066 διορθώσασθαι
3518 2990 3597 3068 ἐφ’
3659 2996 3742 3054 οἷς

330 3087 447 3154 det,
480 3086 552 3140 ob
585 3101 712 3157 quas
744 3079 990 3139 dimissa
1020 3082 1145 3148 est;
1196 3082 1324 3132 tum
1377 3075 1427 3132 ei
1477 3076 1580 3147 qui
1631 3077 1876 3142 dimisit,
1925 3080 1984 3132 ut

2102 3077 2368 3149 ἀπελύθη,
2427 3079 2516 3134 καὶ
2583 3079 2674 3133 τὸν
2730 3078 3078 3135 ἀπολύσαντα
3131 3079 3601 3156 σπλαγχνισθὲντα
3659 3082 3748 3136 ἐπὶ

329 3173 734 3232 misericordia
778 3171 838 3227 in
891 3167 1330 3240 resipiscentem
1393 3169 1612 3234 motus,
1659 3182 1866 3222 rursus
1915 3165 1987 3221 ad

328 3281 391 3322 se
445 3267 669 3320 revocet
715 3276 891 3317 suum
941 3259 1131 3330 ipsius
1181 3254 1540 3325 membrum,
1590 3255 1687 3312 sed
1721 3255 1988 3328 praeripis

327 3358 565 3424 tempus
615 3348 1066 3417 emendationis,
1114 3346 1343 3402 vivente
1390 3344 1513 3400 viro
1565 3344 1874 3402 dimissam
1925 3344 1983 3401 in
2017 3331 2060 3399 C

330 3441 774 3499 matrimonium
829 3435 1092 3493 ducens?
1143 3435 1302 3506 Sine,
1335 3435 1552 3506 inquit,
1585 3435 1656 3490 ad
1689 3435 1979 3490 viventem

330 3531 532 3588 redeat
560 3527 738 3585 simul
769 3531 825 3583 et
853 3527 1166 3582 reducatur
1198 3523 1406 3580 melior
1435 3523 1590 3580 facta
1621 3522 1864 3593 mulier;
1895 3523 1984 3580 vel

333 3635 569 3691 semper
598 3635 703 3674 nec
733 3617 944 3686 viduae,
975 3630 1082 3670 nec
1114 3613 1314 3669 uxoris
1346 3629 1558 3670 nomen
1605 3613 1851 3681 habens,
1905 3613 1985 3668 di-

335 3708 641 3766 missionis
690 3722 902 3772 causas,
953 3720 1126 3776 quam
1182 3702 1434 3775 praebuit
1482 3701 1716 3770 marito,
1751 3719 1984 3774 pmnam

331 3797 648 3873 persolvat.
673 3796 760 3852 Tu
791 3811 945 3866 vero,
977 3795 1152 3849 etiam
1187 3796 1504 3865 antequam
1538 3791 1830 3864 intelligat
1861 3809 1989 3864 pro-

328 3888 546 3961 prium,
593 3887 664 3941 ob
715 3883 870 3956 quod
923 3881 1171 3937 dimissa
1229 3885 1340 3950 est,
1391 3885 1720 3953 peccatum,
1772 3881 1984 3953 raptim

327 3976 521 4031 iniens
555 3990 688 4030 cum
720 3989 787 4030 ea
817 3970 1184 4043 conjugium,
1220 3970 1594 4026 audaciorem
1627 3971 1697 4025 ad
1750 3973 1987 4042 peccata

326 4065 581 4122 absurde
630 4063 807 4132 facis;
859 4066 916 4117 et
955 4063 1094 4118 dum
1150 4059 1375 4116 vivente
1431 4060 1552 4116 viro
1585 4075 1819 4132 semper
1849 4077 1982 4116 cum

325 4154 518 4210 aliena
579 4152 916 4217 mmcharis,
980 4149 1318 4206 facilitatem
1379 4148 1543 4206 illius
1594 4151 1662 4205 ad
1714 4150 1987 4207 violanda

323 4243 582 4317 conjugii
614 4243 832 4300 foedera
859 4240 1115 4297 absurde
1145 4239 1483 4295 confirmas.
1519 4239 1665 4297 Nam
1701 4240 1748 4296 si
1785 4239 1986 4295 dimis-

322 4351 448 4391 sam
504 4351 536 4390 a
583 4331 816 4389 mortali
864 4330 986 4386 viro
1043 4327 1358 4400 accipiens,
1407 4328 1587 4400 impie
1637 4328 1980 4398 mmchatur,

325 4421 510 4478 multo
541 4420 733 4492 magis
763 4418 939 4492 impie
971 4434 1072 4490 per
1105 4421 1284 4474 lotam
1314 4416 1493 4473 vitam
1528 4417 1984 4489 moechatur,qui

324 4509 680 4566 immortalis
711 4508 815 4564 viri
850 4523 1487 4580 sponsam,numquam
1516 4507 1983 4573 dimissam,cor-

324 4615 598 4670 rumpere
627 4599 861 4655 audeat.
896 4597 1017 4653 Etsi
1051 4597 1207 4653 enim
1241 4595 1621 4669 semetipsum
1656 4597 1880 4653 dimisit
1910 4598 1982 4653 ad

2098 3171 2165 3241 τῇ
2200 3165 2558 3243 διορθωθείσῃ
2595 3171 2728 3242 (64),
2757 3169 2832 3230 είς
2863 3170 3048 3225 ἑαυτὸν
3082 3169 3232 3229 αὖθις
3262 3171 3326 3224 τὸ
3375 3171 3566 3224 ἑαυτοῦ
3627 3173 3754 3225 ἀνα-

2096 3259 2394 3328 κτήσασθαι
2431 3257 2617 3332 μίλος.
2653 3257 2799 3313 ἀλλά
2846 3259 3215 3334 προαρπάζεις
3273 3259 3364 3313 τὸν
3413 3260 3600 3334 καιρὸν
3655 3267 3755 3329 τῆς

2099 3344 2465 3422 διορθώσεως,
2516 3351 2716 3416 ζῶντος
2768 3352 2865 3402 τοῦ
2925 3345 3118 3422 ἀνδρὸς
3175 3350 3272 3418 τὴν
3334 3346 3754 3420 ἀπολελυμένην

2093 3437 2574 3510 γαμῶν;Ἒασον,
2609 3436 2794 3513 φησὶν,
2852 3440 2886 3506 ἡ
2947 3437 3084 3512 πρὸς
3136 3437 3230 3491 τὸν
3294 3441 3471 3505 ζῶντα
3528 3436 3750 3493 ἐπανελ-

2097 3530 2206 3588 θεῖν
2295 3526 2406 3597 ἅμα
2481 3525 2568 3578 καὶ
2649 3525 3017 3600 ἐπαναχθῆναι
3095 3523 3362 3580 καλλίονα
3447 3526 3750 3600 γενομένην

2094 3619 2337 3690 γυναῖκα,
2394 3617 2428 3685 ἢ
2486 3616 2564 3670 ἀεὶ
2631 3618 2767 3688 μήτε
2815 3617 3016 3691 γήραν,
3081 3617 3220 3687 μήτε
3283 3615 3510 3691 γυναῖκα
3576 3617 3749 3693 ὑπάρ-

2097 3725 2324 3779 χουσαν,
2370 3711 2468 3773 τῆς
2529 3704 2614 3760 ἐπὶ
2676 3709 2742 3778 τῇ
2804 3705 2983 3782 ἀφέσει
3034 3703 3207 3768 αἶτίας
3263 3706 3324 3774 ἣν
3385 3704 3626 3781 παρέσχε
3681 3709 3764 3778 τῷ

2098 3791 2250 3868 ἀνδρὶ
2312 3791 2466 3864 δίκην
2529 3791 2757 3850 διδόναι.
2823 3793 2896 3849 Συ
2956 3791 3012 3849 δὲ
3069 3793 3196 3870 πρὶν
3270 3793 3359 3848 καὶ
3411 3796 3647 3848 συνεῖναι
3697 3795 3764 3849 τὸ

2097 3883 2295 3938 οίκεῖον
2348 3882 2398 3938 ἐν
2467 3887 2536 3956 τῇ
2615 3883 2875 3940 ἀπολύσει
2956 3883 3278 3958 ἁμάρτημα,
3341 3884 3595 3958 ἁρπάζων
3654 3884 3760 3952 τὴν

2096 3974 2230 4050 πρὸς
2282 3972 2445 4041 αὐτὴν
2498 3972 2768 4047 συζυγίαν,
2811 3972 3225 4049 τολμηροτέραν
3273 3972 3410 4048 πρὸς
3459 3972 3526 4027 τὰ
3582 3974 3762 4046 ἀμαρ-

2095 4064 2315 4136 τήματα
2379 4060 2594 4123 ἀτόπως
2657 4061 2900 4138 ἐργάζῃθ
2965 4067 3165 4131 ζῶντος
3243 4064 3338 4135 μὶν
3409 4065 3506 4117 τοῦ
3565 4059 3762 4138 ἀνδρὸς

2097 4153 2177 4207 ἀεὶ
2234 4152 2333 4220 την
2424 4149 2720 4223 ἀλλοτρίαν
2806 4151 3105 4227 μοιχεύων,
3167 4148 3393 4206 εὔκολον
3483 4149 3560 4220 δῖε,
3620 4150 3759 4227 ὅπερ

2097 4235 2255 4318 ἔφην,
2287 4241 2423 4313 πρὸς
2479 4242 2546 4295 τά
2605 4239 2658 4295 ἐν
2713 4244 2781 4313 τῇ
2842 4235 3143 4314 συμϐιώσει
3195 4240 3507 4314 πταίσματα
3534 4240 3758 4304 ἀτόπως

2098 4331 2299 4386 ἀσκῶν.
2332 4328 2393 4384 Εἰ
2450 4327 2507 4384 δὲ
2565 4331 2592 4385 ὁ
2650 4329 2750 4398 τὴν
2800 4329 2945 4404 παρά
2993 4330 3193 4399 θνητοῦ
3224 4327 3416 4404 ἀνδρὸς
3474 4328 3759 4386 ἀπολελυ-

2100 4420 2264 4491 μὲνην
2361 4413 2652 4490 λαμϐάνων
2745 4416 3022 4494 μοιχεύων
3114 4413 3315 4491 ἀσεϐεῖ,
3374 4415 3574 4491 πολλῷ
3632 4421 3762 4474 ἀσε-

2098 4504 2349 4582 ϐέστερον
2409 4505 2498 4562 διὰ
2567 4508 2688 4583 βίου
2751 4506 3000 4582 μοιχεύει
3061 4508 3088 4561 6
3145 4508 3244 4576 τήν
3319 4511 3416 4562 τοῦ
3491 4509 3756 4564 ἀθανάτου

2099 4595 2288 4674 ἀνδρὸς
2367 4597 2586 4676 νύμφην
2696 4595 2971 4670 μηδέποτε
3076 4594 3495 4670 ἀπολελυμένην
3577 4619 3757 4674 παρα-

321 4688 517 4747 carnis
545 4687 824 4744 libidines
854 4685 1221 4756 confugiens,
1253 4689 1314 4741 tu
1347 4701 1480 4742 vero
1525 4685 1688 4743 illam
1735 4703 1806 4742 ne
1856 4691 1981 4742 tan-

2100 4693 2307 4765 φθεῖραι
2351 4684 2595 4760 τολμῶν.
2632 4686 2734 4743 Καὶ
2790 4685 2834 4739 εί
2887 4685 3080 4754 ἑαυτὴν
3112 4684 3212 4761 γὰρ
3255 4685 3486 4741 ἀπολύει
3539 4691 3606 4761 τῇ
3653 4708 3758 4760 με-

320 4797 446 4853 gas.
495 4777 650 4834 Vivit
697 4776 853 4834 enim
902 4775 990 4831 vir
1019 4775 1170 4847 ejus,
1205 4791 1310 4831 nec
1342 4775 1466 4831 vult
1497 4793 1625 4832 eam
1659 4776 1976 4834 dimittere.

321 4868 581 4925 Concede
604 4865 714 4938 illi,
750 4869 814 4922 ut
835 4867 1218 4936 semetipsum
1249 4863 1524 4936 inspiciat
1554 4882 1810 4938 quonam
1845 4884 1980 4939 pro-

320 4958 489 5032 lapsa
521 4957 618 5026 sit,
650 4955 925 5013 morbum
979 4957 1325 5025 concoquat,
1379 4953 1675 5010 carnalem
1718 4972 1976 5012 amorem

321 5046 499 5117 eluat,
547 5045 828 5118 temporis
860 5059 1208 5116 progressus
1238 5041 1590 5112 consideret,
1625 5049 1846 5116 quanta
1878 5064 1978 5103 au-

321 5136 456 5190 deat
485 5135 746 5191 facinora
792 5149 805 5189 :
861 5149 928 5189 ao
980 5131 1238 5204 profecto
1289 5132 1502 5187 redibit
1546 5135 1617 5188 ad
1669 5151 1976 5205 sponsum.

322 5225 469 5280 Nam
501 5225 552 5280 si
583 5223 851 5280 Christus
895 5222 995 5278 lux
1038 5227 1126 5277 est
1176 5224 1234 5276 et
1283 5222 1634 5280 resurrectio
1684 5228 1741 5279 et
1790 5225 1979 5280 incor-

2095 4778 2300 4834 ταθέσει
2360 4779 2495 4852 πρὸς
2547 4777 2613 4830 τὰ
2666 4775 2863 4851 σαρκὸς
2923 4775 3068 4845 πάθη
3136 4773 3546 4848 αύτομολοῦσα,
3607 4774 3760 4832 ἀλλὰ

2098 4869 2160 4922 σὺ
2223 4869 2298 4941 μὴ
2363 4870 2533 4921 ἅπτου
2591 4865 2814 4934 ταύτης.
2845 4865 2921 4935 Ζῇ
2968 4863 3072 4938 γὰρ
3117 4864 3284 4934 αὐτῆς
3316 4865 3343 4918 6
3379 4865 3539 4936 ἀνὴρ,
3569 4865 3661 4920 καὶ
3690 4866 3756 4921 οὖ

2098 4956 2354 5032 βούλεται
2416 4956 2585 5024 αὐτὴν
2652 4951 2942 5009 ἀπολῦσαι.
2989 4954 3359 5030 Συγχώρησον
3420 4953 3557 5028 αὐτῇ
3617 4953 3756 5010 ἰδεῖν

2093 5047 2288 5115 ἑαυτὴν
2348 5047 2456 5114 ὅπη
2520 5044 2748 5119 ἐγένετο,
2796 5039 2963 5117 πέψαι
3017 5044 3079 5098 τὸ
3135 5043 3326 5115 πάθος,
3386 5043 3597 5117 ἕκνῖψαι
3656 5045 3754 5099 τὸν

2093 5131 2268 5209 ἔρωτα
2348 5138 2455 5188 τῶν
2545 5155 2781 5210 σαρκων,
2840 5132 3226 5205 ἐπισκέψασθαι
3288 5132 3476 5208 χρόνῳ
3533 5131 3753 5202 ἡλίκων

2092 5222 2302 5297 τολμᾷν
2364 5222 2628 5297 ἐγχειρεῖ,
2686 5224 2772 5278 καὶ
2829 5222 3135 5295 ἀνακάμψει
3195 5221 3412 5283 πάντως
3461 5223 3599 5296 πρὸς
3656 5225 3753 5280 τὸν

391 5351 436 5388 ¹⁷
466 5350 607 5408 Gen.
639 5368 829 5421 xxxix,
864 5352 952 5406 12.
1031 5350 1072 5386 ⁸³
1104 5350 1241 5406 Luc.
1274 5365 1425 5420 xxxv,
1457 5349 1511 5404 7.
1592 5351 1634 5386 ¹⁹
1662 5350 1866 5406 Matth.
1899 5369 1984 5407 xxi

2100 5353 2175 5407 34.
2255 5351 2302 5386 ὀ
2331 5351 2538 5407 Matth.
2572 5368 2689 5421 XIX,
2720 5352 2776 5405 9.

392 5482 498 5554 (62)
553 5480 758 5555 Αύτήν.
820 5482 1098 5555 Colbert.,
1160 5481 1378 5551 ἑαυτήν.
1444 5483 1622 5539 Paulo
1682 5488 1816 5540 ante
1877 5485 1978 5541 de-

318 5549 844 5628 lendum,_'ixpw_sv.

390 5628 502 5700 (63)
537 5625 614 5684 Τὸ
649 5625 800 5682 α’ὐτό.
842 5626 945 5681 Ηίο
975 5625 1152 5700 editio
1183 5625 1528 5682 Parisiensis
1559 5626 1835 5700 addittel
1893 5627 1969 5700 μή

320 5697 598 5773 ἐγεννήθη,
633 5714 763 5770 quas
792 5713 960 5754 voces
992 5713 1098 5753 nec
1128 5699 1188 5752 in
1219 5701 1443 5755 Veneta
1473 5715 1579 5756 nec
1609 5699 1669 5756 in
1716 5699 1834 5756 ullo
1879 5697 1970 5757 ve-

2089 5489 2209 5541 tere
2241 5483 2390 5540 libro
2422 5482 2721 5556 leguntur.

2159 5557 2274 5629 (64)
2322 5552 2715 5630 Διορθὶυθείσῃ.
2764 5557 2896 5630 Πωο
2946 5552 3252 5630 scriptura
3301 5552 3569 5630 codicum
3623 5555 3753 5613 Col-

2084 5628 2232 5685 bert.
2257 5627 2324 5702 et
2354 5627 2602 5685 duorum
2637 5627 2953 5701 Regiorum
2983 5627 3214 5684 videtur
3235 5627 3753 5702 prmferenda‘vul-

2079 5705 2246 5774 gates,
2277 5696 2584 5778 διορθώσει.
