4124 6356
373 363 494 427 753

1602 354 1836 417 LIBER
1879 351 1981 414 DE
2025 347 2564 414 VIRGINITATE.

3672 334 3794 400 75‘

375 493 630 573 νυμφίον.
693 492 757 548 Εἰ
812 491 912 568 γὰρ
944 492 1172 565 Χριστὸς
1231 494 1368 568 φῶς,
1420 487 1512 544 καὶ
1573 485 1875 560 ἀνάστασις,
1932 484 2024 539 καὶ

2137 483 2332 556 ruptio
2376 485 2436 538 et
2482 479 2601 538 vita
2630 482 2686 536 et
2715 480 2924 536 caetera
2980 474 3151 533 nobis
3199 491 3233 531 α
3280 473 3448 530 Patre
3497 468 3794 528 venientia

376 583 666 664 ἀφθαρσία,
698 584 786 638 καὶ
821 583 960 652 ζωὴ,
1016 583 1102 636 καὶ
1161 581 1226 635 τὰ
1285 578 1454 635 λοιπά
1512 577 1571 633 ἐκ
1626 578 1836 654 Πατρὸς
1891 577 2026 648 ἡμῖν

379 675 571 751 ἀγαθὰ,
649 676 684 743 ἡ
740 675 979 746 Χριστοῦ
1044 671 1236 739 ἑαυτὴν
1298 668 1635 740 ἀπολύσασα,
1688 666 1740 720 τί
1793 664 1931 721 ἄλλο
1991 666 2026 734 ἢ

381 765 488 820 ἀπὸ
539 763 716 840 φωτὸς
773 761 849 826 εἰς
904 760 1113 829 σκότος,
1173 760 1264 814 καὶ
1309 759 1414 814 ἀπὸ
1443 761 1584 828 ζωῆς
1647 758 1721 819 είς
1782 757 2028 822 θάνατον,

379 853 469 908 καὶ
503 854 609 908 ἀπὸ
642 851 934 928 ἀφθαρσίας
980 850 1056 912 εἷς
1104 851 1329 928 φθοράν,
1416 849 1521 903 ἀπό
1577 868 1635 902 τε
1691 846 2028 906 ἀναστάσεως

382 943 460 1005 εἷς
547 943 609 998 τὸ
684 946 780 997 τοῦ
837 937 968 1011 ᾅδου
1025 941 1114 995 καὶ
1174 939 1402 1004 θανάτου
1491 937 1739 1015 μέγιστον
1827 939 2030 1008 πτῶμα

384 1033 576 1101 ἑαυτὴν
639 1035 674 1101 ἡ
734 1029 892 1086 ἀθλία
945 1028 1259 1099 ἀπέλυσεν;
1317 1031 1386 1086 Ἀ
1438 1026 1840 1102 ἰπισκεψαμένη
1900 1025 2032 1080 πάν-

379 1143 488 1184 τως
541 1120 752 1191 ἡλίκων
805 1124 984 1175 κακῶν
1031 1118 1140 1175 ἐστι
1205 1119 1386 1196 βυθὸς,
1445 1117 1616 1197 φρίξει
1680 1117 1774 1190 μὲν
1831 1114 2032 1190 συγχύ-

383 1233 516 1274 σεως
594 1211 685 1266 καὶ
768 1211 1067 1287 κατηφείας
1141 1211 1381 1285 γέμοντα
1458 1215 1559 1277 τῆς
1616 1206 1879 1283 ἁμαρτίας
1935 1205 2026 1259 τὸν

381 1301 568 1379 ζόφον,
615 1301 677 1355 τὸ
731 1297 788 1355 δὶ
844 1299 1016 1376 γλυκὺ
1047 1303 1144 1354 τοῦ
1201 1299 1403 1377 φωτὸς,
1435 1296 1485 1352 ἐν
1547 1299 1591 1369 ᾧ
1639 1297 1706 1366 ἧν
1738 1295 2025 1371 πρότερον,

378 1390 549 1446 πλέον
607 1391 877 1460 ποθήσει.
940 1389 1037 1443 Καὶ
1093 1389 1156 1443 τὸ
1208 1389 1300 1462 μὲν
1360 1382 1591 1465 φοϐερὸν
1644 1389 1740 1440 τοῦ
1798 1384 2028 1439 Θανάτου

378 1479 468 1535 καὶ
531 1477 774 1555 εἰδεχθὶς
826 1481 925 1547 τῆς
999 1483 1203 1553 φθορᾶς
1276 1475 1590 1543 κατιδοῦσα,
1665 1471 2024 1552 σφοδρότερον

381 1567 466 1623 έπὶ
526 1569 627 1636 τήν
685 1569 828 1637 ζωὴν
887 1566 974 1622 καὶ
1003 1569 1104 1636 τήν
1163 1563 1450 1630 ἀθανασίαν
1509 1564 1568 1619 ἐκ
1622 1563 1829 1618 τούτων
1889 1565 2027 1617 ἀπο-

377 1655 636 1728 πηδήσει’
672 1656 748 1720 εἷς
805 1655 862 1711 δὲ
916 1656 978 1711 τὸ
1033 1660 1130 1710 τοῦ
1186 1653 1318 1726 ᾅδου
1375 1653 1768 1730 χαλεπώτατον
1828 1657 2030 1724 πτῶμα

379 1745 674 1822 ἰγκόψασα,
755 1752 856 1815 τῆς
944 1745 1090 1819 παρὰ
1165 1743 1361 1818 Κυρίου
1445 1740 1833 1818 δεδωρημένης
1917 1743 2028 1814 (65)

375 1837 515 1911 αὐτῇ
596 1833 933 1897 ἀναστάσεως
1019 1833 1346 1909 θερμότερον
1429 1833 1647 1892 πάντως
1720 1827 2028 1900 ἄνθέξεται.

374 1920 450 1982 Οὸ
506 1925 608 2001 γὰρ
667 1921 732 1993 δή
790 1923 960 1984 οὕτως
1015 1922 1125 1976 ἐστὶ
1191 1922 1384 1994 μανίας
1438 1919 1746 1987 ὑπόπλεως,
1781 1919 1854 1981 ὡς
1893 1915 2032 1991 μηδὲ

370 2018 450 2085 τῷ
475 2013 666 2088 χρόνῳ
717 2016 812 2067 τοῦ
868 2011 1072 2074 πάθους
1127 2011 1510 2087 λωφήσαντος,
1559 2013 1658 2064 τοῦ
1704 2012 1904 2078 θνητοῦ
1935 2009 2026 2062 τὸν

372 2101 630 2166 ἀθάνατον
679 2108 1019 2177 προτιμῆσαι
1067 2099 1300 2177 νυμφίον
1332 2143 1344 2156 .
1403 2098 1471 2157 Τί
1531 2097 1622 2154 οὖν
1679 2105 1778 2168 τῆς
1833 2097 2028 2162 ἀθλίας

372 2190 626 2267 ἁρπάζεις
655 2191 746 2246 τὸν
780 2187 1042 2259 ὅλισθον;
1101 2189 1152 2243 τί
1185 2197 1285 2259 τῆς
1328 2189 1659 2262 ἐπισκέψεως
1705 2193 1803 2243 τοῦ
1853 2189 2027 2262 ἁμαρ-

368 2282 616 2353 τήματος
671 2280 762 2334 τὸν
823 2279 1014 2354 καιρὸν
1071 2277 1489 2354 προαρπάζεις;
1548 2277 1601 2332 τί
1656 2284 1755 2347 τῆς
1818 2275 2029 2352 βουλῆς

366 2369 459 2424 τὸν
491 2369 691 2445 χρόνον
725 2366 985 2430 ἰκκλείεις
1026 2371 1161 2441 (66),
1187 2366 1279 2422 'lva
1315 2369 1416 2436 τὴν
1465 2369 1541 2441 μή
1602 2364 2024 2439 ἀπολελυμένην

2064 1880 2112 1946 Β

2141 575 2338 631 bona:
2382 589 2508 645 quea
2555 589 2589 629 a
2629 570 2863 628 Christo
2913 567 3065 625 656
3114 563 3495 637 semetipsum
3544 559 3791 630 dimisit,

2141 664 2242 737 qui
2287 663 2446 719 aliud
2501 662 2616 719 nisi
2665 679 2700 718 a
2755 660 2882 717 luce
2945 658 3017 715 ad
3072 650 3661 721 tenebras,etavita
3717 648 3791 704 ad

2142 757 2412 820 mortem,
2445 756 2504 809 et
2535 752 2607 809 ab
2645 749 3081 822 incorruptione
3124 747 3195 802 ad
3245 741 3702 814 corruptionem,
3735 740 3794 794 et

2143 861 2176 900 a
2201 843 2626 901 resurrectione
2675 843 2745 898 ad
2790 839 3003 896 inferni
3034 841 3090 893 et
3120 834 3326 892 mortis
3373 829 3787 905 gravissimum

2143 936 2375 1008 lapsum
2399 933 2775 1005 semetipsam
2802 931 3017 986 misera
3037 925 3302 982 dimisit?
3323 927 3450 978 Haec
3481 921 3531 976 si
3553 935 3796 993 prorsus

2145 1026 2476 1082 consideret
2515 1025 2870 1095 quantorum
2922 1017 3042 1073 sint
3087 1013 3434 1070 barathrum
3481 1008 3795 1079 malorum,

2146 1113 2407 1171 horrebit
2461 1109 2825 1168 confusionis
2875 1123 2941 1163 ac
2991 1103 3256 1161 mmroris
3315 1101 3520 1174 plenas
3577 1095 3800 1170 peccati

2145 1204 2440 1274 tenebras,
2472 1218 2538 1258 ac
2578 1200 2726 1256 lucis
2765 1196 3135 1262 suavitatem,
3173 1193 3378 1264 inqua
3407 1188 3572 1263 prius
3600 1203 3801 1244 versa-

2143 1295 2340 1360 batur,
2391 1291 2583 1365 magis
2635 1287 2951 1360 exoptabit.
2995 1283 3199 1341 Mortis
3247 1284 3444 1338 autem
3498 1278 3799 1335 horrorem

2145 1401 2211 1440 ac
2249 1380 2643 1453 corruptionis
2693 1376 3122 1435 deformitatem
3172 1369 3552 1444 perspiciens,
3587 1383 3657 1424 ex
3705 1365 3800 1421 his

2146 1473 2339 1529 acrius
2380 1472 2452 1528 ad
2481 1471 2661 1527 vitam
2707 1472 2765 1524 et
2813 1463 3300 1523 resurrectionem
3349 1457 3593 1525 resiliat,
3626 1472 3691 1511 ac
3736 1455 3798 1509 in

2142 1561 2357 1619 inferni
2404 1558 2786 1633 gravissimas
2816 1554 3018 1611 ruinas
3049 1551 3250 1608 oculos
3296 1548 3588 1620 injiciens,
3620 1544 3796 1600 vehe-

2143 1651 2402 1707 mentius
2433 1661 2771 1706 concessam
2817 1644 2996 1728 sibi.a
3027 1639 3275 1697 Domino
3306 1634 3795 1693 resurrectionem

2143 1739 2581 1812 complectetur.
2601 1737 2728 1793 Non
2755 1733 2914 1791 enim
2941 1725 3091 1788 adeo
3122 1727 3365 1785 insanias
3397 1726 3568 1798 plena
3597 1727 3706 1792 est,
3735 1725 3798 1778 ut

2143 1846 2215 1886 ne
2246 1833 2374 1885 tum
2405 1828 2645 1900 quidem
2676 1841 2814 1881 cum
2853 1828 3116 1894 tempore
3146 1819 3381 1875 sedatus
3413 1815 3589 1872 fuerit
3634 1828 3800 1868 mor-

2141 1921 2275 1987 bus,
2310 1917 2544 1974 mortali
2573 1911 3079 1972 immertalitalem
3125 1908 3414 1980 praeferat.
3439 1904 3587 1971 Quid
3620 1902 3802 1975 igitur

2139 2010 2367 2066 miseras
2416 2007 2650 2078 lapsum
2684 1999 3006 2076 properas?
3043 2016 3150 2054 cur
3179 1995 3400 2070 peccati
3444 1990 3799 2065 inspiciendi

2139 2102 2371 2169 tempus
2403 2093 2710 2169 praeripis?
2742 2109 2846 2147 cur
2890 2087 3118 2145 consilii
3149 2091 3385 2158 tempus
3415 2081 3700 2148 excludis,
3734 2081 3800 2135 ut

2140 2203 2288 2254 eam,
2313 2203 2442 2259 qua:
2477 2202 2510 2240 a
2540 2182 2788 2240 Domino
2820 2179 3068 2236 dimissa
3105 2193 3222 2233 non
3272 2178 3380 2245 est,
3412 2187 3651 2229 uxorem
3684 2171 3797 2226 du-

2138 2293 2297 2343 cens,
2321 2275 2702 2347 temetipsum
2734 2287 2848 2327 non
2877 2270 3066 2324 virum
3089 2266 3192 2323 sed
3226 2263 3560 2320 adulterum
3591 2261 3653 2316 in
3687 2261 3795 2315 Do-

2139 2365 2285 2420 mini
2315 2363 2508 2421 cubile
2537 2361 2718 2434 impie
2748 2357 3088 2415 ascendisse
3121 2352 3381 2427 arguas?

366 2433 545 2532 Rapit“
565 2463 662 2514 τοῦ
723 2457 920 2533 Κυρίου
974 2433 1245 2532 γαμήσας,
1305 2433 1495 2512 σαυτὸν
1532 2433 1637 2531 -μὴ
1670 2454 1836 2532 ἄνδρα
1857 2433 2012 2510 ’ἀλλά
2067 2454 2264 2530 μοιχὸν
2329 2452 2528 2527 μοιχὸν
2559 2433 2718 2524 κοίτῃ
2776 2446 3055 2502 Λεσπότου
3103 2436 3313 2504 ἅσεῦῶς
3362 2433 3624 2496 ἅπιϐάντα
3653 2435 3790 2491 ἄπο·

371 2546 547 2619 δείξης
572 2567 586 2618 ;
614 2601 623 2607 -

440 2640 528 2695 43.
562 2637 864 2715 Ἀνέπαφος
905 2634 995 2691 οὗν
1036 2630 1174 2691 ἔστω
1226 2637 1403 2705 πάσης
1435 2635 1648 2711 χειρὸς,
1681 2633 2018 2711 ἐξοχώτατόν

371 2748 423 2782 τι
483 2725 729 2799 ἀνάθημα
787 2728 919 2781 Θεοῦ
978 2724 1130 2791 οὖσα,
1189 2727 1224 2794 ἡ
1282 2723 1568 2800 παρθένος.
1625 2726 1932 2800 Ἀχραντον
1964 2721 2021 2777 δὲ

369 2814 535 2883 αὐτὴν
567 2815 654 2869 καὶ
698 2814 912 2886 σώματι
958 2815 1048 2868 καὶ
1099 2812 1274 2884 ἐννοίᾳ
1315 2811 1681 2888 φυλάττουσα,
1737 2811 2019 2890 ἀσφαλῶς,

366 2904 534 2983 φημὶ,
580 2902 671 2959 καὶ
719 2907 838 2965 τοῖς
881 2901 932 2958 ἂν
987 2908 1202 2977 Χριστῷ
1243 2899 1501 2979 ἀδελφοῖς
1531 2900 1818 2975 ὁμιλείτω.
1881 2901 2022 2976 Πρὸς

362 2996 529 3047 τοῦτο
583 2993 684 3066 γὰρ
716 2990 884 3061 αὐτὴν
935 2987 1173 3067 ἀκριϐῶν
1232 2991 1321 3045 καὶ
1371 2992 1400 3045 ὁ
1454 2993 1676 3066 γνήσιος
1727 2995 1829 3046 τοῦ
1888 2994 2022 3045 Θεοοὸ

370 3079 619 3156 θεράπων
680 3079 851 3156 φησί’
913 3078 1198 3153 Βούλομαι
1259 3078 1316 3134 δὲ
1371 3081 1574 3141 πάντας
1637 3081 1776 3151 ὑμᾶς
1829 3078 2020 3156 φρονί-

370 3189 506 3243 μους
577 3170 671 3242 μὶν
733 3169 863 3222 εἶναι
923 3167 998 3230 εἷς
1052 3170 1115 3223 τὸ
1175 3169 1421 3244 ἀγαθὸν,
1488 3168 1770 3244 ἀκεραίους
1828 3166 1886 3222 δὲ
1945 3168 2022 3230 εἷς

2202 2634 2288 2688 43.
2327 2633 2552 2688 Intacta
2581 2629 2660 2686 sit
2691 2628 2873 2700 igitur
2902 2624 3062 2682 omni
3081 2623 3317 2694 manui,
3352 2637 3479 2694 qua
3507 2621 3790 2693 praestan-

2131 2723 2431 2780 tissimum
2466 2721 2763 2794 quoddam
2795 2716 2897 2774 Dei
2932 2715 3243 2772 donarium
3274 2715 3383 2778 est,
3414 2711 3598 2783 virgo.
3632 2711 3789 2763 Inta-

2132 2812 2418 2868 minatam
2452 2816 2648 2867 autem
2675 2807 3056 2877 semetipsam
3103 2807 3160 2860 et
3207 2818 3449 2876 corpore
3479 2803 3537 2856 et
3567 2797 3791 2870 cogita-

2133 2903 2291 2958 tione
2321 2900 2686 2965 custodiens,
2721 2900 2889 2953 caute
2919 2894 3093 2950 etiam
3135 2908 3269 2949 eum
3310 2890 3437 2946 suis
3468 2888 3526 2944 in
3560 2886 3791 2944 Christo

2137 2991 2416 3046 fratribus
2464 2989 2860 3060 colloquatur.
2893 2984 2957 3039 In
2988 2984 3098 3039 hoc
3128 2981 3287 3037 enim
3337 2979 3498 3034 illius
3544 2975 3791 3048 diligen-

2134 3078 2277 3135 tiam
2310 3095 2600 3135 exacuens
2628 3091 2803 3132 verus
2848 3073 2949 3130 Dei
2982 3070 3238 3126 famulus
3269 3068 3349 3125 ait
3381 3083 3394 3123 :
3432 3067 3555 3124 Volo
3605 3068 3794 3121 autem

2133 3184 2316 3224 omnes
2347 3184 2438 3224 vos
2465 3167 2766 3240 prudentes
2811 3162 3032 3236 quidem
3079 3176 3192 3216 esse
3223 3161 3285 3216 in
3325 3158 3480 3227 bono,
3512 3156 3792 3226 simplices

363 3259 426 3313 τὸ
482 3258 646 3312 κακόν
729 3257 1090 3333 Ἠρμοσάμην
1149 3259 1254 3334 γὰρ
1314 3258 1454 3331 ὑμᾶς
1506 3257 1583 3312 ἑνὶ
1640 3255 1814 3333 ἀνδρὶ,
1872 3277 2015 3330 παρ-

2137 3274 2258 3314 vero
2287 3260 2345 3312 in
2375 3256 2534 3313 malo
2553 3258 2620 3310 η.
2645 3252 2913 3326 Despondi
2933 3251 3081 3306 enim
3109 3264 3199 3305 vos
3227 3249 3334 3304 uni
3349 3248 3488 3317 viro,
3517 3246 3789 3316 virginem

367 3348 516 3412 θένον
590 3347 751 3423 ἀγνήν
824 3352 1165 3422 παραστῆσαι
1241 3351 1320 3418 τῷ
1399 3352 1636 3422 Χριστῷ’

366 3434 423 3492 δὶ
457 3437 676 3510 μήπως,
717 3435 791 3497 ὡς
850 3436 878 3490 ὁ
937 3431 1060 3513 ὄφις
1115 3431 1256 3491 Εὕαν
1289 3435 1619 3507 ἐξηπάτησεν
1661 3435 1712 3490 ἐν
1771 3436 1840 3511 τῇ
1889 3457 2018 3492 παν-

365 3524 560 3602 ουργίᾳ
637 3522 822 3593 αὐτοῦ,
886 3522 1028 3578 οὕτω
1113 3528 1293 3598 φθαρῇ
1377 3524 1443 3579 τὰ
1523 3527 1780 3597 νοήματα
1863 3527 2012 3598 ὑμῶν

366 3614 472 3670 ἀπὸ
545 3619 647 3683 τῆς
726 3611 1041 3684 ἁπλότητος
1114 3617 1213 3679 τῆς
1273 3613 1347 3675 εἷς
1411 3614 1502 3668 τὸν
1557 3613 1808 3688 Χριστόν·
1857 3615 2018 3669 Ὥστε

365 3704 474 3780 πρὸ
516 3702 766 3756 ἀπάντων
803 3699 884 3757 δεῖ
931 3702 998 3756 τὰ
1038 3703 1287 3776 νοήματα
1332 3709 1432 3772 τῆς
1490 3701 1758 3778 παρθένου
1808 3701 2017 3781 ἄφθορα

369 3789 439 3847 δι’
468 3790 605 3846 ὅλου
633 3787 939 3868 φυλάττειν.
991 3794 1103 3860 Τῆς
1150 3794 1338 3866 ψυχῆς
1387 3791 1486 3869 γὰρ
1535 3792 1772 3868 ἀφθόρου
1826 3791 2018 3865 μενού-

369 3899 488 3950 σης,
523 3877 758 3954 ἄφθορον
807 3879 894 3933 καὶ
926 3879 990 3933 τὸ
1021 3883 1183 3953 σῶμα
1227 3879 1573 3958 φυλάττεται.
1605 3885 1718 3951 Τῆς
1748 3879 1805 3937 δὲ
1835 3881 2017 3958 ψυχῆς
2061 3935 2068 3937 ,

369 3974 487 4031 ταῖς
562 3970 876 4044 μοχθηραῖς
942 3967 1168 4031 ἐννοίαις
1247 3968 1566 4044 φθαρείσης,
1623 3970 1720 4025 κᾶν
1782 3972 2017 4046 ἄφθορον

371 4059 503 4134 δόξῃ
543 4057 716 4132 μένειν
747 4058 810 4113 τὸ
841 4056 1154 4132 σῶμα,ἀλλ’
1176 4059 1240 4113 οὐ
1270 4059 1478 4136 καθαρᾶ
1500 4061 1535 4130 ἡ
1569 4059 1800 4137 ἀφθορία
1827 4063 2021 4116 τούτου

371 4148 676 4223 εὑρίσκεται
720 4152 836 4210 τοῖς
883 4151 992 4202 τῶν
1039 4147 1330 4220 νοημάτων
1384 4147 1697 4222 μολύσμασι
1733 4150 2022 4227 φθειρομέ-

368 4239 730 4314 νου.Ἀγαπᾷν
767 4237 857 4291 οὖν
890 4234 996 4308 δεῖ,
1027 4235 1174 4293 ἀλλὰ
1203 4237 1336 4311 μετὰ
1362 4236 1534 4314 λόγου
1554 4239 1643 4294 καὶ
1666 4239 1896 4314 κρίσεως
1919 4236 2023 4312 ἔμ-

374 4345 571 4404 φρονος
619 4327 684 4381 τὸ
737 4326 903 4381 ποσὸν
961 4333 1062 4396 τῆς
1122 4325 1333 4402 ἀγάπης
1394 4332 1724 4403 μετροῦντας
1773 4333 1905 4404 (67).
1957 4331 2024 4388 Ἡ

371 4413 552 4491 ἀγάπη
639 4413 743 4491 γὰρ
821 4415 924 4470 οὐκ
1005 4414 1331 4492 ἀσχημονεῖζ
1417 4417 1528 4491 καὶ,
1607 4417 1842 4474 Λέλυσαι
1916 4419 2022 4475 ἀπὸ

371 4503 686 4580 γυναικός;
750 4505 826 4577 μὴ
889 4505 1039 4575 ζήτει
1094 4510 1362 4580 γυναῖκα.
1447 4507 1690 4563 Ἀτοπον
1748 4503 1805 4563 δὶ
1857 4530 2023 4565 σπου-

372 4587 605 4660 δάζοντα
635 4589 917 4659 λελύσθαι,
967 4595 1051 4664 τῷ
1089 4591 1312 4666 ὀνόματι
1361 4599 1460 4663 τῆς
1489 4595 1706 4669 ἀγάπης
1760 4601 1881 4658 τοῖς
1939 4595 2026 4653 δε-

370 4685 534 4763 σμοῖς
585 4683 690 4735 τῶν
755 4677 968 4750 ἡδονῶν
1029 4677 1118 4736 διὰ
1174 4688 1276 4752 τῆς
1334 4682 1619 4753 συνηθείας
1649 4684 1835 4740 δαυτὸν
1870 4707 2021 4763 περι-

371 4761 624 4835 ϐάλλειν,
658 4767 838 4824 οὐκέτι
868 4766 1087 4840 λοιπὸν,
1121 4766 1245 4826 οὕτε
1274 4773 1483 4845 σώματι
1518 4768 1641 4828 οὕτε
1670 4777 1825 4850 ψυχῆ
1854 4761 2023 4832 λελύ-

372 4857 492 4911 σθαι
535 4855 672 4911 κατὰ
715 4857 814 4926 τὴν
872 4857 1195 4935 ἰπαγγελίαν
1245 4858 1566 4936 δυνάμενον.
1626 4861 1766 4921 Οὔτε
1822 4867 1926 4941 γὰρ
1985 4873 2018 4936 ἠ

371 4946 522 5023 ψυχὴ
595 4943 818 5002 λέλυται
899 4953 997 5003 τοῦ
1051 4949 1304 5007 τοιούτου
1386 4953 1511 5027 περὶ
1597 4954 1667 5008 τὰ
1720 4954 1866 5026 πάθη
1922 4963 2022 5026 τῆς

371 5031 629 5105 ζωώδους
687 5037 800 5110 (68)
857 5039 1142 5109 συνηθείας
1170 5037 1582 5117 ἀσχολουμένη⁹
1617 5039 1740 5099 οὔτε
1766 5045 1829 5099 τὸ
1861 5048 2021 5119 σῶμα

1735 3343 2013 3425 φοϐοῦμαι
2054 3335 2090 3346 ﬁ
2124 3351 2341 3404 castam
2369 3348 2633 3403 exhibere
2663 3343 2877 3399 Christo
2909 3359 2924 3396 :
2956 3342 3119 3396 timeo
3164 3341 3350 3394 autem
3377 3352 3447 3392 ne
3473 3338 3618 3406 forte
3644 3335 3785 3390 sicut

2123 3453 2340 3509 serpens
2373 3437 2540 3491 Evam
2569 3433 2789 3489 seduxit
2816 3433 2877 3487 in
2906 3430 3114 3486 astutia
3141 3444 3264 3496 sua,
3295 3428 3384 3482 ita
3421 3438 3785 3496 corrumpan-

2125 3534 2218 3583 tur
2268 3525 2660 3594 intelligentiae
2704 3524 2898 3578 vestrae
2945 3536 2982 3574 a
3028 3517 3383 3589 simplicitate
3431 3530 3550 3587 qum
3595 3517 3674 3568 est
3720 3514 3781 3566 in

2129 3615 2345 3671 Christo
2366 3615 2436 3668 2³.
2470 3616 2659 3680 Quare
2706 3614 2842 3667 ante
2886 3607 3086 3665 omnia
3131 3606 3347 3662 debent
3395 3603 3779 3676 cogitationes

2123 3704 2370 3777 virginis
2390 3703 2740 3774 incorruptis
2758 3698 2997 3756 omnino
3015 3710 3377 3769 permanere.
3395 3693 3606 3750 Anima
3623 3691 3780 3748 enim

2127 3794 2470 3865 incorrupta
2491 3793 2787 3859 manente,
2805 3789 3214 3858 incorruptum
3237 3784 3411 3840 etiam
3435 3798 3645 3854 corpus
3667 3797 3782 3837 ser-

2126 3887 2317 3940 vatur.
2333 3884 2620 3954 Corrupta
2641 3883 2838 3935 autem
2868 3875 3060 3950 pravis
3082 3872 3540 3947 cogitationibus
3565 3870 3779 3938 anima,

2129 3972 2362 4030 etiamsi
2393 3973 2803 4043 incorruptum
2833 3967 3100 4022 videatur
3141 3979 3378 4019 manere
3407 3977 3640 4033 corpus,
3665 3976 3784 4015 non

2131 4067 2330 4118 tamen
2357 4077 2498 4134 pura
2517 4063 2608 4116 est
2625 4058 2787 4114 illius
2808 4053 3340 4126 incorruptio,cum
3361 4049 3782 4122 cogitationum

2131 4152 2407 4208 sordibus
2427 4143 3241 4221 corrumpatur.Diligendum
3259 4156 3398 4212 ergo
3415 4140 3630 4208 est,sed
3648 4153 3784 4194 cum

2130 4239 2354 4297 ratione
2385 4243 2441 4296 et
2464 4238 2689 4311 judicio
2721 4235 3039 4308 prudenter
3071 4230 3282 4286 modus
3306 4227 3612 4284 charitatis
3634 4231 3786 4283 tem-

2132 4330 2351 4401 perand
2363 4345 2431 4384 us
2460 4331 2569 4385 est.
2591 4327 2738 4383 Nam
2765 4324 3012 4380 charitas
3039 4336 3151 4376 non
3180 4317 3430 4375 indecore
3456 4332 3512 4372 se
3540 4318 3684 4387 gerit
3701 4317 3781 4384 *3;

2133 4421 2190 4474 et
2213 4437 2226 4475 :
2253 4419 2471 4475 Solutus
2494 4435 2550 4475 es
2579 4417 2653 4474 ab
2673 4417 2883 4472 uxore?
2910 4413 3036 4470 Noli
3054 4425 3303 4485 quaerere
3330 4423 3561 4464 uxorem
3578 4406 3644 4461 ³⁸.
3671 4407 3785 4462 Ab-

2133 4509 2383 4566 surdum
2406 4508 2563 4564 enim
2585 4503 2885 4576 est,utqui
2903 4501 3133 4559 solutus
3155 4515 3284 4556 esse
3300 4496 3636 4570 studel,sub
3657 4494 3786 4552 cha-

2136 4597 2326 4656 ritatis
2357 4597 2595 4654 nomine
2623 4595 2684 4651 in
2715 4593 3087 4666 voluptatum
3124 4588 3358 4646 vincula
3399 4587 3785 4660 semetipsum

2134 4705 2239 4761 per
2274 4686 2767 4747 consuetudinem
2805 4686 2864 4739 et
2903 4678 3361 4737 familiaritatem
3394 4676 3688 4748 conjiciat,
3722 4691 3788 4730 ac

2126 4783 2253 4854 jam
2272 4794 2377 4835 nec
2399 4790 2640 4848 corpore
2661 4789 2767 4830 nec
2788 4771 2986 4829 animo
3009 4767 3335 4826 secundum
3363 4764 3785 4839 professionem

2134 4869 2365 4927 solutus
2394 4882 2525 4925 esse
2554 4862 2760 4939 possit.
2792 4866 2941 4918 Nam
2962 4875 3068 4916 nec
3092 4858 3291 4914 anima
3309 4855 3502 4912 soluta
3519 4857 3609 4911 est
3629 4854 3787 4924 ejus-

2133 4959 2295 5016 modi
2322 4955 2582 5014 hominis
2613 4954 2768 5011 circa
2810 4949 3146 5008 affectiones
3183 4943 3435 5003 carnalis
3467 4945 3788 4999 consuetu-

2134 5050 2292 5106 dinis
2320 5051 2624 5121 occupata,
2656 5060 2764 5102 nec
2805 5058 3020 5115 corpus
3048 5037 3203 5111 quod
3233 5033 3466 5092 vincula
3503 5034 3790 5106 conjuge-

439 5151 484 5187 ²¹
517 5153 682 5208 Rom.
714 5169 830 5224 xvr,
866 5153 952 5210 19.
1030 5155 1076 5190 ²²
1106 5157 1156 5213 ΙΙ
1186 5161 1312 5215 Cor.
1345 5175 1424 5230 x1,
1455 5161 1509 5228 2,
1544 5160 1598 5216 3.
1676 5161 1722 5196 ³³
1755 5162 1776 5217 Ι
1807 5163 1936 5219 Cor.
1968 5182 2024 5221 x1

2137 5167 2180 5221 5.
2259 5166 2306 5201 2⁸
2337 5166 2360 5221 Ι
2391 5168 2516 5220 Cor.
2551 5180 2653 5233 VII,
2682 5161 2773 5215 27.

369 5269 554 5397 νηὲθῦ)
615 5267 1034 5347 Δεδωρημένης.
1087 5274 1280 5332 Codex
1345 5275 1735 5353 Colbertinus,
1804 5276 2024 5355 διδομέ-

580 5410 898 5479 Έκκλείεις.
930 5414 1095 5474 Unus
1125 5419 1325 5491 codex,
1359 5417 1594 5483 ἐκλύεις.

461 5487 530 5540 67
564 5489 942 5559 iMsrponmc.
972 5490 1125 5547 Editi
1155 5493 1459 5559 mendose,
1494 5513 1592 5559 μετ

440 5487 554 5559 (67)
584 5489 942 5571 Μετροῦντας.
972 5487 1459 5577 Εὰἱίιίμηθηείοεθ,
1494 5498 1842 5584 μετροῦντος,
1869 5499 2024 5571 quod

372 5558 814 5618 emendavnmus
868 5577 978 5618 one
1023 5564 1244 5618 codicis
1292 5565 1613 5618 Colbertim
1660 5574 1720 5618 at
1771 5571 2021 5618 dum-nm

373 5564 814 5690 ἓξιὲἱῐέῗὲιέωυε
868 5577 978 5636 ope
1023 5564 1244 5622 codicis
1292 5564 1613 5625 Golbertini
1660 5574 1720 5626 et
1771 5564 2024 5628 duorum

468 5701 560 5774 68)
599 5701 889 5771 Ζωώδους.
936 5706 1046 5766 Hie
1099 5707 1418 5769 editionem
1474 5709 1889 5786 Parisiensem,
1930 5713 2027 5773 cui

2135 5283 2250 5339 duo
2281 5285 2514 5338 tantum
2546 5279 2774 5336 codices
2806 5273 3160 5345 congruunt,
3186 5283 3396 5342 nempe
3418 5266 3789 5345 Colbertinus

2137 5361 2194 5412 et
2225 5371 2379 5412 unus
2418 5353 2751 5418 Cambefis.,
2782 5340 3787 5419 praférendam_tamen__ducimus,

2137 5428 2220 5483 ita
2259 5427 2580 5505 sententiae
2619 5413 3401 5505 .seriej‘coge'nteLeditioni
3445 5416 3711 5505 Veneta“
3734 5415 3792 5505 et

2134 5481 2587 5572 quatuormss.,
2616 5496 2676 5550 in
2708 5481 2927 5575 quibus
2953 5481 3188 5568 legitur,
3219 5481 3520 5561 ζοφώδους,
3551 5489 3711 5542 tetras
3739 5490 3792 5540 et

2135 5572 2373 5627 obscura
2421 5566 2850 5634 consuetudinis,
2897 5565 2968 5634 ut
3016 5559 3209 5634 reddit
3254 5561 3422 5615 vetus
3473 5559 3786 5630 interpres,

2136 5642 2238 5715 qui
2269 5643 2515 5716 proinde
2545 5655 2662 5697 non
2692 5631 2864 5696 aliter
2893 5631 3144 5706 legebat.
