4124 6370
275 342 394 402 755

1224 338 1621 402 APPENDlX
1666 335 1992 400 OPERUM
2038 335 2106 399 Β.
2149 337 2438 400 BASILII
2487 338 2761 402 MAGNI.

3589 339 3734 402 756

271 473 418 530 lium
451 489 729 530 curarum
775 474 1058 546 suscepit.
1092 475 1215 531 Etsi
1243 474 1401 531 enim
1447 473 1786 547 oonjugium
1819 489 1933 529 non

2062 469 2112 524 τὰ
2159 465 2334 544 δεσμά
2388 474 2492 525 τῶν
2524 473 2774 546 γαμικῶν
2824 467 3126 547 φροντίδων
3159 466 3470 544 δεξάμενον.
3507 470 3574 528 Εἴ
3597 471 3726 546 γὰρ

273 562 605 635 appellatur
635 563 759 619 hanc
786 565 1178 633 consuetudo,
1201 568 1397 621 tamen
1429 564 1639 620 insiste
1659 563 1776 618 illis
1797 578 1935 618 con-

268 652 617 725 jugatorum
653 653 986 710 sollicitudo
1017 671 1213 710 servos
1241 653 1373 710 illos
1400 668 1812 726 corporearum
1844 668 1936 707 cu-

279 759 504 810 rarum,
539 742 756 814 quibus
788 743 1140 816 semetipsos
1169 748 1376 799 contra
1419 744 1699 799 rationem
1745 741 1938 814 illiga-

282 831 616 899 runt,657
657 849 769 887 non
825 834 952 888 sine
1004 834 1181 903 probo
1229 833 1430 889 efﬁcit.
1463 834 1797 888 Absurdum
1850 834 1940 886 est

280 926 499 987 autem,
537 926 598 976 ut
629 923 724 994 qui
759 921 1105 993 virginalem
1136 924 1317 978 vitam
1355 927 1808 996 persequuntur,
1837 937 1940 974 nu-

279 1011 536 1082 ptiarum
569 1011 896 1066 imitatione
927 1012 1108 1068 stulte
1140 1012 1546 1084 implicentur;
1575 1016 1632 1067 et
1661 1028 1787 1083 quae
1822 1026 1939 1082 prae

278 1115 341 1155 se
364 1099 560 1154 ferunt
581 1099 728 1154 satis
758 1099 870 1155 sibi
902 1117 1030 1156 esse
1060 1101 1260 1174 sponsi
1293 1102 1383 1157 sui
1416 1118 1638 1170 curam,
1668 1099 1939 1156 homines

279 1191 580 1244 curatores
603 1189 674 1244 ad
695 1206 872 1245 suum
892 1191 1156 1262 ipsarum
1176 1191 1432 1247 dedecus
1450 1190 1560 1247 sibi
1581 1188 1936 1246 consociant.

276 1276 438 1340 Quod
472 1276 521 1333 si
556 1293 721 1334 amas
753 1277 915 1334 illius
948 1295 1110 1335 more
1132 1279 1229 1350 qui
1263 1297 1434 1336 verus
1459 1284 1686 1335 amator
1721 1277 1938 1334 intelli-

279 1365 454 1438 gitur,
473 1372 686 1423 caetera
717 1369 918 1424 omnia
959 1373 1334 1425 contemnere
1364 1369 1602 1425 omnino
1635 1369 1835 1435 debes,
1868 1367 1939 1423 li-

279 1457 486 1512 benter
503 1459 817 1529 praeferens
831 1457 919 1514 vel
940 1459 1098 1514 nuda
1113 1476 1291 1531 super
1307 1458 1703 1531 pavimentum
1723 1459 1781 1513 in
1800 1475 1941 1529 qua-

280 1543 426 1601 libet
447 1546 640 1617 specie
669 1549 1056 1620 paupertatis,
1078 1549 1266 1605 amico
1293 1548 1719 1622 perfrui,quam
1742 1547 1939 1604 studio

280 1633 503 1692 lautius
537 1652 670 1691 cum
703 1653 770 1692 eo
801 1636 1204 1710 vivendi,quai
1245 1638 1317 1694 ad
1349 1638 1406 1693 id
1440 1637 1773 1694 necessaria
1801 1639 1941 1692 sunt

286 1725 358 1782 ab
388 1724 731 1781 hominibus
761 1718 1186 1797 exquirentem”,
1215 1727 1412 1783 divino
1443 1742 1639 1783 amore
1669 1726 1939 1781 indecore

2043 557 2133 613 καὶ
2168 560 2244 632 μή
2275 561 2452 634 γάμος
2482 559 2591 615 ἐστί
2622 561 2684 616 τὸ
2716 556 2910 632 ὄνομα,
2939 557 3066 615 ἀλλ’
3097 562 3130 631 ἡ
3185 560 3409 638 φροντὶς
3455 564 3564 616 τῶν
3612 579 3730 635 γε·

2043 647 2373 724 γαμηκότων
2405 648 2590 712 αὐτοῖς
2635 647 2897 727 ἐμφυεῖσα
2927 646 3161 712 δούλους
3207 654 3316 704 τῶν
3369 653 3725 723 σωματικῶν

2046 735 2370 814 φροντίδων,
2431 741 2516 800 αἷς
2575 739 2797 802 ἑαυτοὺς
2849 739 3097 818 φέροντες
3161 737 3376 814 ἀλόγως
3430 737 3730 816 προσίδη-

2047 849 2164 895 σαν,
2222 827 2516 903 ἆπιψόγους
2571 834 2739 884 ποιεῖ.
2797 831 3036 884 ’Ἄτοπον
3095 825 3153 882 δὶ
3194 829 3515 904 παρθενικὸν
3583 828 3726 904 βίον

2049 915 2348 978 διώκοντας
2392 922 2510 980 τοῖς
2557 923 2663 973 τῶν
2696 919 2888 993 γάμων
2924 920 3240 990 μιμήμασιν
3276 921 3386 991 (69)
3450 918 3729 990 ἀνοήτως

2047 1005 2430 1080 ἰμπλὲκεσθαι·
2480 1007 2569 1062 καὶ
2628 1007 3102 1080 προσποιουμίνας
3161 1010 3230 1081 τῇ
3274 1005 3579 1080 κηδεμονίᾳ
3606 1014 3732 1064 τοῦ

2046 1097 2286 1172 νυμφίου
2333 1095 2632 1166 ἀρκεῖσθαι,
2689 1096 3006 1172 ἀνθρώπους
3054 1093 3364 1168 κηδεμόνας
3408 1096 3495 1152 ἐπὶ
3547 1098 3731 1174 ψόγῳ

2049 1186 2250 1241 ἑαυτῶν
2306 1185 2682 1262 ἆταιρίζεσθαι.
2736 1185 2800 1243 Εἰ
2853 1183 2910 1240 δὲ
2951 1185 3073 1259 ἐρᾷς
3099 1186 3236 1240 κατά
3262 1188 3378 1259 (70)
3405 1187 3498 1242 τὸν
3532 1183 3728 1250 ὅντως

2050 1273 2345 1348 νοούμενον
2391 1272 2645 1350 ἐραστὴν,
2697 1273 2765 1330 τά
2810 1273 2958 1330 ἄλλα
3008 1273 3182 1330 πάντα
3211 1280 3456 1350 παρορᾷν
3491 1278 3725 1341 πάντως

2049 1365 2307 1445 ὀφείλεις,
2346 1362 2521 1435 ἡδέως
2546 1365 2851 1442 ἀνεχομένη
2885 1365 2975 1420 καὶ
3001 1367 3183 1440 γυμνὴ
3233 1364 3318 1420 ἐπὶ
3375 1364 3608 1436 ιδάφους
3654 1367 3713 1423 ἐν

2049 1453 2228 1529 ὁποίῳ
2279 1451 2483 1525 δήποτε
2514 1457 2760 1530 σχήματι
2819 1456 3008 1518 πενίας
3035 1459 3133 1510 τοῦ
3189 1453 3470 1531 ἐρωμένου
3494 1458 3712 1532 τυγχά-

2048 1567 2178 1615 νειν,
2210 1544 2245 1615 ἢ
2281 1542 2370 1600 διὰ
2396 1544 2458 1600 τὸ
2489 1545 2688 1607 ἀνέτως
2716 1541 2920 1599 ὶθὲλειν
2972 1542 3120 1616 αύτῷ
3166 1539 3455 1617 συμϐιοῦν,
3488 1545 3579 1601 καὶ
3611 1547 3718 1609 τὰς

2047 1637 2186 1710 πρὸς
2215 1638 2376 1690 τοῦτο
2409 1631 2597 1710 χρείας
2627 1633 2774 1709 παρὰ
2802 1633 3104 1707 ἀνθρώπων
3156 1629 3400 1707 διώκειν,
3431 1637 3528 1689 τοῦ
3559 1635 3720 1690 θείου

2048 1719 2251 1799 ἔρωτος
2308 1723 2645 1798 ἀσχημόνως
2717 1721 2991 1777 ικπίπτειν
3025 1765 3037 1778 .
3095 1723 3157 1778 Ἠ
3213 1722 3315 1798 γὰρ
3375 1723 3718 1779 σπαταλῶσα

283 1814 566 1872 excidere.
599 1813 745 1871 Nam
793 1832 921 1887 quae
973 1815 1112 1870 vivit
1160 1815 1219 1871 in
1269 1815 1495 1872 deliciis
1524 1815 1708 1888 virgo,
1742 1814 1938 1870 vivens

2062 1811 2332 1889 παρθένος,
2414 1816 2560 1881 ζῶσα
2637 1810 2882 1883 τέθνηκε.
2964 1813 3053 1881 Μὴ
3118 1809 3552 1890 βλασφημείσθω
3611 1811 3712 1868 οῦν

285 1904 690 1959 mortuaest”.
707 1905 832 1960 Non
851 1904 1034 1977 igitur
1051 1903 1203 1961 male
1219 1905 1424 1961 audiat
1443 1905 1662 1961 bonum
1677 1908 1933 1961 vestrum

279 1992 633 2064 virginitatis
675 2010 910 2061 nomen,
939 1995 1048 2050 sub
1081 1993 1387 2050 charitatis
1437 1993 1799 2050 intaminatse
1832 2011 1938 2049 no-

282 2081 440 2138 mine
477 2081 815 2139 carnalibus
845 2082 1002 2140 vitiis
1034 2083 1468 2140 dedecoratum.
1495 2083 1622 2140 Non
1663 2084 1820 2139 enim
1853 2085 1943 2138 est

279 2169 536 2226 charitas
567 2171 793 2228 affectio
841 2171 1114 2240 subdola,
1142 2171 1440 2228 simulatio
1501 2171 1944 2242 benevolentiae,

277 2259 550 2330 voluptas
579 2259 833 2328 servilis,
861 2265 916 2316 et
945 2261 1218 2318 animalis
1250 2264 1594 2334 propensio;
1627 2262 1728 2318 sed
1762 2262 1940 2317 bene-

285 2347 542 2405 volentia
573 2349 753 2406 nullis
785 2350 1121 2406 carnalibus
1154 2351 1460 2407 affectibus
1490 2353 1744 2422 turbata,
1778 2351 1944 2423 quies

289 2437 590 2505 vitiorum,
614 2443 672 2494 et
702 2440 1090 2496 sanctificatio
1122 2441 1179 2495 in
1209 2441 1430 2513 Spiritu
1457 2446 1681 2497 sancto.
1707 2441 1872 2505 Quod
1897 2439 1947 2495 si

293 2527 889 2600 prOptercharitatem
911 2529 1086 2584 frater
1103 2534 1240 2585 tuus
1264 2530 1533 2586 molestia
1549 2530 1946 2595 afficitur,non

289 2619 416 2688 jam
448 2617 774 2674 secundum
799 2619 1142 2675 charitatem
1174 2618 1465 2676 ambulas.
1485 2619 1617 2677 Noli
1638 2623 1740 2675 tua
1760 2619 1949 2676 chari-

294 2708 417 2763 tate
447 2706 767 2763 dissolvere
810 2701 957 2779 opus
987 2724 1134 2763 verae
1187 2708 1514 2778 charitatis,
1545 2725 1648 2765 nec
1681 2708 1810 2764 falsi
1845 2725 1948 2764 no-

296 2796 476 2852 minis
497 2795 782 2852 charitate
812 2797 1127 2869 perniciem
1159 2797 1323 2854 fratri
1354 2798 1592 2866 inferas,
1617 2798 1673 2852 in
1710 2815 1946 2869 pravam

293 2884 462 2941 illum
486 2885 882 2957 suspicionem
906 2886 1003 2942 ind
1016 2903 1215 2957 ucens,
1232 2891 1468 2960 propter
1487 2904 1662 2959 quem
1679 2887 1949 2944 Christus

296 2978 564 3031 mortuus
596 2979 704 3031 est.
737 2975 796 3030 Si
835 2977 969 3048 quis
1001 2979 1077 3042 te,
1112 2975 1213 3047 qui
1262 2976 1568 3032 scientiam
1617 2976 1798 3033 habes
1829 2975 1949 3032 veri

292 3063 453 3136 boni,
477 3064 536 3120 in
568 3063 746 3122 idolio
777 3065 1226 3122 accumbentem
1257 3065 1472 3137 videat,
1505 3072 1561 3122 et
1593 3083 1695 3138 pro
1728 3083 1863 3122 vera
1895 3070 1953 3121 et

2055 1903 2206 1976 ὑμῶν
2236 1902 2348 1976 (Ἠ)
2377 1901 2440 1956 τὸ
2487 1900 2684 1976 ἀγαθὸν
2728 1907 2830 1970 τῆς
2887 1901 3177 1976 παρθενίας
3231 1897 3428 1975 ὄνομα,
3487 1900 3712 1977 ἀγάπης

2048 1998 2148 2061 τῆς
2181 1989 2454 2066 ἀχράντου
2514 1989 2745 2062 ὀνόματι
2794 1995 3077 2064 σαρκικοῖς
3136 1989 3358 2054 πάθεσιν
3413 1985 3710 2067 ὑϐριζόμε-

2048 2103 2159 2138 νον.
2193 2081 2273 2138 Ού
2319 2081 2423 2156 γάρ
2484 2079 2624 2136 ἐστιν
2677 2081 2713 2150 ἠ
2767 2077 2947 2153 ἀγάπη
3005 2076 3242 2143 διάθεσις
3301 2079 3564 2149 ὕπουλος,
3615 2082 3710 2136 καὶ

2055 2170 2336 2250 μόρφωσις
2366 2168 2600 2240 εὐνοίας,
2632 2167 2722 2224 καὶ
2752 2165 2922 2238 ἠδονή
2957 2164 3328 2241 δουλουμένη,
3356 2169 3446 2224 καὶ
3480 2167 3714 2239 ζωώδης

2052 2261 2418 2335 προσπάθεια’
2495 2257 2643 2313 ἀλλὰ
2716 2262 2986 2331 σαρκικῶν
3045 2255 3363 2332 ἰδιωμάτων
3427 2258 3713 2323 ἀθόλωτος

2055 2347 2258 2420 εὔνοια,
2314 2347 2404 2403 καὶ
2437 2347 2625 2422 εἰρήνη
2683 2350 2893 2413 παθῶν,
2935 2345 3025 2401 καὶ
3056 2348 3322 2420 ἁγιασμὸς
3352 2346 3404 2402 ἂν
3438 2348 3714 2421 ΙῙνεύματι

2056 2439 2212 2515 ἀγίῳ.
2250 2437 2312 2496 Ei
2339 2435 2395 2492 δὲ
2420 2434 2491 2492 δι’
2523 2435 2736 2512 ἀγάπην
2785 2437 2814 2490 ὁ
2845 2433 3076 2514 ἀδελφός
3107 2457 3203 2491 σου
3263 2435 3547 2507 λυπεῖται,
3580 2439 3713 2492 οὐκ-

2055 2530 2133 2584 ἑτι
2162 2529 2299 2583 κατὰ
2355 2528 2570 2603 ἀγάπην
2629 2531 2961 2602 περιπατεῖς.
3026 2526 3114 2594 Mi;
3167 2529 3236 2600 τῇ
3270 2525 3453 2601 ἀγάπῃ
3514 2529 3583 2600 τῇ
3645 2530 3712 2600 σῇ

2054 2617 2291 2674 κατάλυε
2318 2618 2379 2673 τὸ
2436 2615 2590 2692 ἔργον
2648 2622 2748 2685 τῆς
2785 2611 2956 2677 ὅντως
2990 2615 3224 2688 ἀγάπηςο
3273 2612 3414 2689 μηδέ
3443 2619 3512 2689 τῇ
3543 2612 3715 2689 ψευδ-

2057 2706 2261 2781 ωνύμῳ
2319 2707 2502 2781 ἀγάπῃ
2536 2703 2781 2760 ἀπόλλυε
2834 2705 2924 2758 τὸν
2981 2701 3235 2782 ἀδελφὸν.
3269 2706 3406 2778 πρὸς
3460 2706 3707 2774 κακοήθη

2059 2796 2314 2853 ὑπόνοιαν
2370 2791 2767 2866 σκανδαλίζων,
2827 2791 2896 2848 δι’
2949 2794 3006 2848 ’ὸν
3068 2793 3095 2848 ὁ
3146 2793 3378 2868 Χριστὸς
3432 2794 3704 2849 ἀπέθανεν.

2059 2885 2179 2941 Ἐάν
2210 2883 2290 2947 τίς
2323 2905 2381 2939 σε
2409 2880 2500 2958 ἴδῃ
2529 2884 2618 2938 τὸν
2672 2880 2871 2958 ἔχοντα
2915 2883 3110 2956 γνῶσιν
3164 2884 3260 2936 τοῦ
3313 2875 3480 2943 ὅντως
3529 2878 3701 2934 καλοῦ

2060 2973 2111 3030 ἐν
2143 2972 2414 3047 εἶδωλείῳ
2465 2973 2876 3046 κατακείμενον,
2921 2971 3006 3026 καὶ
3049 2969 3163 3026 ἀντὶ
3189 2976 3291 3037 τῆς
3319 2967 3560 3040 ἀληθοῦς
3609 2966 3700 3023 καὶ

2057 3067 2292 3140 καθαρᾶς
2348 3063 2612 3141 ἀφθορίας
2645 3105 2660 3131 ,
2727 3062 2790 3118 τὸ
2842 3058 3067 3116 εἷ’δωλον
3123 3057 3324 3130 ταύτης
3376 3057 3429 3112 ἰν
3488 3057 3704 3130 σώματι

294 3170 443 3226 pura
472 3153 909 3227 incorruptione
953 3153 1113 3211 illius
1163 3155 1582 3211 adumbratum
1621 3155 1680 3212 in
1712 3171 1950 3228 corpore

2063 3152 2450 3221 κολακεύοντα,
2503 3151 2635 3228 οὐχὶ
2685 3153 2720 3221 ἡ
2775 3147 3076 3221 συνείδησις
3106 3147 3271 3204 αὐτοῦ
3301 3147 3526 3215 ἀσθενὴς
3581 3145 3716 3201 οῦσα

298 3241 686 3299 simulacrum
735 3242 1059 3311 colentem;
1093 3261 1286 3300 nonne
1336 3244 1524 3316 ipsius
1571 3244 1950 3312 conscientia,

2071 3243 2386 3320 μολύνεται,
2435 3241 2525 3298 καὶ
2570 3219 3071 3314 οἰκοδομηθήσεται
3132 3237 3209 3300 εἷς
3255 3236 3320 3292 τὸ
3365 3238 3716 3310 καταθαρσεῖν

303 3347 438 3388 cum
489 3330 725 3387 infirma
772 3331 868 3401 sit,
903 3332 1268 3404 inquinatur,
1305 3338 1480 3406 atque
1527 3335 1600 3390 ad
1653 3340 1956 3407 peccatum

307 3419 588 3475 audacter
617 3420 969 3492 patrandum
991 3421 1378 3478 aadiflcabitur
1397 3422 1485 3478 ’3?
1513 3423 1603 3479 Sic
1631 3433 1812 3480 autem
1839 3441 1961 3496 pec-

305 3510 493 3566 cantes
525 3509 582 3564 in
610 3510 844 3579 fratres,
875 3513 924 3566 et
953 3512 1320 3580 percutientes
1349 3515 1741 3569 conscientiam
1771 3531 1965 3570 eorum

310 3597 616 3668 inﬁrmam,
656 3599 716 3655 in
761 3599 1041 3656 Christum
1080 3603 1333 3666 peccatis.
1370 3601 1708 3676 Quapropter
1746 3605 1800 3659 si
1844 3619 1966 3660 esca

310 3687 661 3743 scandalizat
688 3690 927 3759 fratrem
971 3706 1176 3756 meum,
1209 3706 1319 3745 non
1361 3691 1706 3748 manducabo
1735 3708 1965 3749 carnem

313 3779 372 3832 in
392 3781 770 3847 aptet-nummo
784 3781 1015 3848 fratrem
1039 3795 1222 3834 meum
1240 3780 1608 3836 scandalizem
1627 3782 1689 3837 ³⁷.
1706 3781 1970 3854 Nunquid

312 3881 424 3921 non
446 3865 706 3922 habemus
724 3869 1042 3938 potestatem
1067 3867 1441 3924 manducandi
1459 3877 1511 3925 et
1531 3871 1794 3928 bibendi'
1814 3871 1965 3928 Nun-

311 3954 442 4026 quid
469 3971 580 4011 non
609 3954 869 4011 habemus
896 3960 1211 4028 potestatem
1242 3974 1482 4015 sororem
1523 3961 1817 4017 mulierem
1847 3979 1962 4019 cir-

311 4043 672 4100 cumducendi
691 4044 780 4100 ’3?
811 4045 945 4116 Sed,
980 4046 1188 4118 inquil,
1222 4064 1338 4103 non
1371 4065 1515 4105 usus
1555 4067 1688 4106 sum
1721 4050 1831 4108 hac
1861 4069 1963 4125 po-

307 4136 548 4202 testate;
574 4133 794 4191 honum
828 4138 918 4190 est
945 4134 1086 4190 mihi
1112 4137 1258 4192 mori
1288 4139 1502 4209 potius,
1528 4156 1704 4210 quam
1737 4146 1800 4196 ut
1831 4142 1964 4214 quis

307 4223 718 4296 gloriationem
749 4241 938 4280 meam
971 4224 1304 4297 virginitate
1342 4232 1566 4298 partam
1599 4229 1805 4284 reddat
1832 4229 1963 4287 ina-

308 4329 442 4370 nem
466 4314 532 4369 ".
571 4313 768 4371 Tribus
816 4328 953 4386 ergo
1005 4315 1129 4370 Levi
1155 4331 1421 4388 seorsum,
1453 4324 1501 4372 el
1530 4332 1727 4374 umores
1774 4334 1964 4376 eorum

304 4417 548 4458 seorsum
573 4402 638 4458 ³ο.

379 4491 468 4546 44.
501 4491 701 4562 Neque
729 4491 822 4548 his
855 4492 1237 4550 dehortamur
1275 4495 1596 4567 quominus
1634 4497 1960 4572 diligantur

2066 3341 2167 3404 τῆς
2244 3331 2546 3406 ἀμαρτίαςς
2623 3327 2783 3389 Οὕτω
2860 3326 2918 3384 δὲ
2983 3325 3387 3402 ἁμαρτάνοντες
3466 3323 3543 3388 εἰς
3595 3321 3722 3385 τοὺς

2071 3420 2338 3499 ἀδελφοὺς
2413 3422 2504 3476 καὶ
2584 3419 2873 3481 τύπτοντες
2960 3417 3133 3472 αὐτῶν
3224 3416 3326 3484 τὴν
3414 3409 3719 3483 συνείδησιν

2073 3496 2418 3579 ἀσθενοῦσαν,
2506 3509 2582 3571 εἰς
2665 3508 2898 3584 Χριστὸν
2986 3503 3340 3582 ἁμαρτάνετε.
3418 3496 3615 3578 Διόπερ
3676 3500 3722 3556 εἰ

2077 3603 2274 3679 βρῶμα
2338 3596 2677 3668 σκανδαλίζει
2729 3598 2820 3653 τὸν
2884 3593 3116 3674 ἀδελφόν
3179 3614 3313 3666 μου,
3345 3590 3408 3679 ού
3466 3593 3540 3664 μὴ
3569 3591 3725 3668 φάγω

2071 3678 2202 3768 κρέα
2283 3689 2358 3752 εἰς
2441 3689 2532 3743 τὸν
2615 3687 2806 3756 αἰῶνα,
2879 3683 2972 3740 ἵνα
3032 3685 3107 3758 μὴ
3171 3683 3262 3738 τὸν
3323 3678 3555 3758 ἀδελφόν
3619 3700 3726 3768 μου

2073 3767 2438 3837 σκανδαλίσω.
2517 3778 2613 3848 Μὴ
2667 3775 2766 3832 οὐκ
2823 3773 3041 3852 ἔχωμεν
3099 3772 3343 3846 ἐξουσίαν
3393 3773 3582 3849 φαγεῖν
3633 3767 3726 3824 καὶ

2071 3875 2254 3940 πιεῖν;
2325 3869 2417 3937 Μὴ
2493 3863 2593 3922 οὒκ
2647 3863 2850 3941 ἔχομεν
2901 3861 3140 3934 ὶξουσίαν
3198 3857 3440 3938 ἀδελφὴν
3499 3863 3729 3934 γυναῖκα

2071 3961 2382 4037 περιάγειν;
2463 3954 2615 4014 Ἀλλ’
2685 3954 2746 4010 οὐ
2805 3953 3088 4028 κέχρημαι
3142 3953 3212 4025 τῇ
3271 3947 3484 4020 ἐξουσίᾳ
3534 3946 3729 4020 ταύτῃ,

2073 4049 2222 4130 φησί·
2256 4045 2425 4104 καλόν
2464 4067 2556 4120 μοι
2592 4041 2810 4118 μᾶλλον
2839 4041 3194 4112 ἀποθανεῖν,ἢ
3225 4040 3288 4094 τὸ
3307 4037 3588 4130 ’καύχημά
3621 4056 3730 4130 μου

2071 4123 2259 4209 τὸτῆς
2315 4134 2622 4211 παρθενίας,
2674 4131 2768 4189 τίνα
2791 4154 2875 4198 τις
2927 4131 3160 4206 κενώσῃ.
3220 4127 3381 4199 Φυλὴ
3444 4127 3536 4182 οὗν
3599 4123 3736 4181 Λευΐ

2069 4229 2187 4286 καθ’
2253 4227 2470 4296 ἑαυτὴν,
2550 4224 2642 4280 καὶ
2707 4223 2763 4278 αἰ
2845 4226 3096 4299 γυναῖκες
3180 4219 3358 4274 αὐτῶν
3418 4217 3538 4272 καθ’
3605 4215 3732 4270 ἰαυ-

2068 4321 2184 4383 τάς.

2140 4502 2228 4557 44.
2284 4497 2383 4554 Καὶ
2415 4495 2545 4572 οὐχὶ
2591 4497 2802 4571 ἀγαπᾷν
2864 4491 2954 4550 διὰ
3000 4492 3205 4549 τούτων
3265 4489 3392 4553 τοὺς
3451 4487 3729 4569 ἀδελφοὺς

305 4581 541 4647 fratres,
565 4580 667 4636 sed
700 4597 904 4638 omnes
936 4583 1173 4655 quidem
1207 4588 1490 4658 tanquam
1515 4586 1774 4644 uterinos
1796 4588 1950 4662 diligi

2072 4589 2474 4667 ἀποτρίπομεν,
2555 4583 2701 4642 ἀλλό⁴
2770 4585 2974 4646 πάντας
3045 4582 3142 4655 μὶν
3202 4580 3277 4643 ὠς
3328 4579 3732 4667 ὁμογαοτρίους

307 4668 720 4739 concedimus;
756 4674 814 4726 at
846 4673 1059 4728 uterini
1101 4679 1166 4729 ut
1198 4680 1364 4730 cauto
1398 4674 1740 4748 diligantur,
1773 4679 1964 4735 consi-

305 4759 452 4816 lium
492 4758 728 4816 damus.
759 4759 1086 4818 Periculum
1122 4762 1275 4818 enim
1307 4768 1418 4830 est,
1445 4780 1513 4819 ne
1544 4781 1609 4821 ex
1640 4772 1962 4824 consuetu-

304 4849 442 4907 dine
461 4852 519 4906 et
541 4849 757 4906 ﬁducia
783 4853 981 4906 nostra
1005 4852 1370 4908 occasionem
1396 4869 1638 4910 sumens
1663 4861 1962 4927 peccatum

305 4943 578 5012 operetur
598 4938 655 4995 in
681 4939 855 4995 nobis
879 4955 1112 4995 omnem
1137 4941 1540 5012 cupiditatem.
1566 4943 1848 5002 Idoneum
1871 4951 1963 5003 est

303 5028 462 5085 enim
508 5033 836 5100 peccatum,
871 5032 934 5084 ut
963 5029 1051 5086 vel
1088 5034 1245 5086 tactu
1295 5047 1579 5087 manuum
1628 5033 1847 5106 fratris,
1870 5035 1960 5092 vel

303 5116 506 5174 osculo
529 5117 815 5174 hactenus
848 5118 1124 5175 benevolo
1159 5119 1542 5192 petulantiam
1567 5123 1759 5180 carnis
1790 5127 1860 5181 ad
1895 5143 1962 5182 ea

306 5223 435 5280 quas
464 5205 654 5277 ipsius
686 5208 924 5279 propria
949 5215 1107 5276 sunt,
1135 5207 1382 5265 latenter
1406 5210 1636 5280 excitet,
1660 5217 1717 5268 et
1738 5216 1961 5288 cupidi-

2076 4682 2286 4756 ἀγαπᾷν
2344 4679 2784 4756 συγχωροῦμενξ
2843 4671 2932 4728 καὶ
3005 4669 3133 4732 τοὺς
3206 4669 3603 4745 ὁμογαστρίους
3670 4666 3732 4724 δὶ

2073 4755 2277 4843 ἀγαπᾷν
2333 4761 2590 4845 ἀσφαλῶς
2645 4755 3120 4836 συμϐουλεύομεν.
3181 4757 3311 4820 Δέος
3371 4757 3493 4845 γὸρ,
3562 4758 3638 4845 μὴ
3669 4756 3732 4813 ἐκ

2069 4840 2168 4929 τῆς
2199 4840 2484 4927 συνηθείας
2511 4853 2598 4909 καὶ
2621 4855 2718 4907 τοῦ
2744 4852 2977 4926 θάρσους
3008 4850 3043 4918 ἠ
3054 4852 3169 4922 μῶν
3202 4846 3458 4926 ἀφορμὴν
3483 4840 3731 4901 λαϐοῦσα

2071 4951 2106 5020 ἡ
2139 4945 2376 5023 ἁμαρτία
2429 4943 2826 5018 κατεργάσηται
2883 4938 2935 4994 ἦν
2993 4941 3128 5013 ἡμῖν
3177 4942 3350 4992 πᾶσαν
3409 4933 3727 5009 ἂπιθυμίαν.

2069 5038 2248 5107 Ἱκανὴ
2281 5034 2385 5112 γάρ
2445 5033 2584 5090 ἐστιν
2635 5033 2671 5101 ὴ
2720 5027 2976 5106 ἁμαρτία,
3031 5027 3122 5084 καὶ
3180 5023 3250 5082 δι’
3308 5027 3453 5103 ἁφῆς
3511 5027 3721 5099 χειρῶν

2069 5126 2328 5206 ἀδελφοῦ,
2389 5123 2478 5180 καὶ
2537 5120 2624 5179 διὰ
2700 5118 3032 5206 φιλόφρονος
3058 5117 3233 5206 ἐπίως’
3275 5113 3631 5206 φιλήματρςζ
3661 5113 3727 5168 τὸ

2070 5199 2327 5293 φρόνημα
2368 5219 2468 5282 τῆς
2517 5199 2723 5287 σαρκὸς
2766 5199 2901 5284 πρὸς
2945 5205 3014 5263 τὰ
3055 5201 3172 5263 ἴδια
3217 5201 3495 5278 λαθραίως
3522 5199 3727 5275 ἐγεῖραι

371 5338 416 5373 ³⁵
444 5338 644 5423 ξΛΤὶιῐι.
676 5358 733 5412 v,
765 5344 820 5398 6.
898 5343 943 5378 ³⁸
974 5344 994 5399 Ι
1027 5343 1156 5400 Cor.
1192 5361 1317 5416 vm,
1351 5347 1418 5401 10
1455 5351 1513 5402 et
1551 5364 1676 5420 seq.
1753 5351 1796 5386 ³⁷
1827 5350 1948 5407 ibid

2062 5355 2093 5423 ξ,
2128 5353 2213 5408 13.
2300 5351 2347 5387 ⁸⁸
2381 5351 2403 5406 Ι
2436 5351 2564 5408 Cor.
2597 5365 2674 5420 xx,
2717 5348 2770 5420 4,
2799 5347 2854 5404 5.
2931 5346 2977 5383 ⁸³
3005 5343 3151 5401 ibid.
3185 5343 3275 5410 12,
3307 5340 3395 5398 15.
3473 5339 3521 5374 ⁸ο
3547 5337 3726 5394 Zach.

299 5426 402 5480 xu,
436 5411 523 5466 13.

375 5545 489 5625 (69)
516 5547 863 5625 Μιμήιρισιν,
888 5549 974 5604 Ita
998 5551 1371 5625 Colbertinus
1394 5557 1448 5608 et
1478 5571 1544 5609 ex
1576 5551 1772 5625 Regiis
1803 5571 1958 5613 unus

303 5618 420 5702 alia
471 5618 671 5702 manu.
705 5619 879 5702 Editi,
910 5624 1272 5702 μιμήμασιν,
1313 5627 1641 5702 nuptiarum
1661 5618 1956 5702 "censibus,

297 5695 364 5748 ut
392 5693 586 5750 reddit
613 5692 1021 5761 Combefisius’,
1047 5692 1222 5754 stulte
1251 5692 1560 5769 implicari.

2142 5557 2256 5633 (70)
2287 5555 2450 5614 Κατά.
2498 5551 2836 5628 Ριοιοροεὶιὶο
2877 5551 3078 5610 addita
3105 5566 3176 5608 ex
3202 5549 3424 5607 Veneta
3470 5544 3730 5604 editione

2067 5636 2124 5689 et
2151 5636 2404 5689 quatuor
2440 5646 2580 5687 mss.

2151 5649 2417 5759 quatuor;
2440 5649 2580 5687 IDES.
3183 5693 3195 5706 ο
3231 5692 3244 5706 ο
3392 5692 3421 5705 ⁸

2137 5707 2158 5778 (
2199 5707 2252 5778 1)
2281 5704 2482 5778 Ὑμων·
2517 5701 2605 5761 Ita
2631 5713 2777 5758 mss.
2810 5700 3060 5772 septem.
3091 5694 3268 5768 Edtti,
3300 5691 3488 5766 ἡμων.
