4124 6398
365 397 481 458 757

1596 396 1831 458 mssa
1873 375 1976 456 ne
2024 392 2561 457 VIHGINITATE.

3665 387 3786 451 758

364 531 452 585 καὶ
485 529 612 591 τοὺς
641 535 742 598 τῆς
774 527 1062 602 ἐπιθυμίας
1104 527 1442 605 ὀφθαλμοὺς,
1476 525 1656 602 ὥσπερ
1703 530 1801 582 τοῦ
1832 523 2003 597 Ἀδὰμ

2126 525 2264 581 tatis
2294 524 2514 594 oculos,
2551 525 2708 581 velut
2734 525 2940 582 Adami
2972 531 3106 597 post
3129 526 3388 599 :‘gustum
3432 524 3781 598 voluptatis,

369 620 504 692 μετὰ
548 621 650 688 τὴν
705 621 885 694 γεῦσιν
943 622 1041 672 τοῦ
1091 615 1345 687 ἥδοντος,
1379 616 1550 673 πλέον
1609 616 1684 678 εἷς
1739 616 1803 670 τὸ
1851 614 2014 669 κακὸν

367 706 651 778 διανοῖξαι.
687 707 897 765 Οὐκοῦν
929 707 1016 762 καὶ
1049 709 1083 775 ἡ
1113 707 1476 783 ὁμογάστριος
1508 703 1717 783 ἀδελφὴ
1772 705 1846 778 μὴ
1904 723 2021 757 συν-

368 802 513 872 εχῶς
543 797 685 874 ἁφῆς
717 797 806 851 καὶ
842 795 1169 874 φιλημάτων
1201 801 1298 850 τοῦ
1359 794 1594 873 ἀδελφοῦ
1651 796 2016 872 ὲμφορείσθω,

373 889 447 962 μὴ
506 887 609 941 ἀπὸ
664 894 766 955 τῆς
824 885 1104 960 συνεχείας
1150 887 1230 958 τῷ
1261 886 1450 959 χρόνῳ
1481 887 1617 958 (72),
1651 885 1816 962 φημὶ,
1850 883 2019 946 πάθος

364 976 493 1052 φυὲν
527 975 794 1050 ἁνάκύψῃ,
827 976 916 1029 καὶ
951 974 1168 1046 μάλισθ’
1201 974 1326 1029 ὅταν
1357 975 1447 1030 καὶ
1495 975 1557 1030 τὸ
1608 978 1705 1029 τοῦ
1764 975 2019 1045 σώματος

361 1065 572 1140 κάλλος
602 1065 697 1126 τὰς
725 1069 822 1119 τοῦ
853 1060 1052 1138 ἔρωτος
1082 1061 1374 1136 λαμπάδας
1422 1062 1474 1118 ἐν
1533 1067 1649 1125 τοῖς
1708 1061 2018 1140 ὀφθαλμοῖς

363 1154 570 1210 τούτων
605 1153 693 1208 ἐπὶ
725 1150 896 1208 πλὲον
929 1152 1143 1227 ἐξάπτῃ.
1177 1156 1289 1223 Τῆς
1321 1152 1421 1229 γὰρ
1475 1151 1534 1208 ἐκ
1585 1152 1780 1207 τούτου
1812 1148 2016 1228 φλογὸς

361 1243 454 1299 καί
489 1243 516 1298 ὀ
547 1239 738 1312 ἔξωθεν
803 1240 970 1316 λόγος
1029 1240 1302 1320 ἀφέλκων,
1332 1243 1399 1297 τὰ
1451 1246 1560 1297 τῶν
1615 1239 1823 1312 καλῶν,
1856 1239 2010 1318 φησὶ,

363 1332 648 1409 φιλήματα
680 1329 1041 1407 φυλάττεσθαι
1075 1328 1178 1397 δεῖ,
1209 1331 1285 1392 ὡς
1325 1331 1394 1385 τὰ
1447 1334 1555 1385 τῶν
1616 1324 1854 1384 ῗοϐόλων
1915 1325 2012 1398 δή-

359 1441 564 1496 γματα.
599 1424 880 1494 Διαχεῖτοιι
937 1418 1060 1495 γὰρ,
1093 1419 1280 1495 φησὶν,
1315 1420 1343 1474 ὁ
1404 1418 1483 1481 ta;
1540 1425 1640 1488 τῆς
1669 1415 1878 1488 ἡδονῆς
1925 1415 2015 1471 διὰ

353 1513 451 1563 τοῦ
504 1508 819 1586 φιλήματος
868 1506 1110 1572 καθόλου
1167 1513 1264 1563 τοῦ
1321 1509 1599 1580 σώματος.
1662 1507 1778 1576 Διὸ,
1811 1508 2012 1563 Ἀσπά-

361 1599 532 1668 ζεσθε,
594 1598 794 1676 φησὶν,
850 1596 1136 1668 ἀλλήλους
1211 1599 1263 1650 ὲν
1322 1596 1462 1672 ἁγίῳ
1542 1595 1860 1672 φιλήματι·
1923 1597 2014 1650 οἷα

356 1691 502 1762 πνοῇ
533 1689 645 1760 (73)
677 1690 774 1742 τοῦ
805 1686 1120 1764 φιλήματος
1151 1693 1249 1756 τῆς
1285 1685 1480 1761 σαρκὸς
1529 1685 1582 1740 ἐν
1626 1689 1694 1759 τῇ
1723 1689 1822 1740 τοῦ
1854 1684 2012 1760 ἁγίου

350 1776 668 1848 Πνεύματος
721 1776 926 1852 καθαρᾷ
984 1772 1186 1847 εὐωδίᾳ
1219 1819 1234 1846 ,
1274 1779 1444 1830 ταῦτα
1500 1771 1776 1845 ἀλλήλοις
1837 1773 2009 1850 ἁρμό-

356 1869 559 1934 ζοντες.

420 1958 509 2011 45.
542 1953 621 2010 Οὐ
658 1952 926 2026 μεμπτὲοι
957 1950 1035 2022 δὲ,
1069 1955 1249 2026 οἶμαι,
1282 1953 1372 2007 καὶ
1406 1952 1482 2015 εἷς
1510 1956 1673 2008 τοῦτο
1716 1958 1819 2021 τῆς
1851 1953 2004 2028 ἀκρι-

351 2037 497 2104 ϐείας
528 2039 618 2096 διὰ
644 2043 706 2097 τὸ
747 2040 980 2115 ἄμωμον
1016 2043 1116 2109 τῆς
1169 2040 1437 2115 παρθινου
1487 2038 1760 2104 ἆλθόντες.
1793 2039 1852 2096 Εἰ
1906 2040 2000 2114 μὶν

343 2133 445 2207 γὰρ
484 2134 560 2205 μὴ
616 2133 861 2209 φθάσασα
899 2128 1008 2201 ἤδη
1055 2133 1089 2200 ἠ
1144 2129 1402 2205 ἁμαρτία,
1433 2129 1501 2184 τὰ
1557 2131 1751 2199 ἑαυτῆς
1796 2127 2002 2185 παλαί-

347 2241 525 2292 σματα
557 2221 608 2274 ἓν
639 2225 757 2282 τοῖς
789 2220 1109 2294 προσώποις
1137 2219 1353 2281 τούτνις
1383 2221 1520 2273 κατὰ
1547 2219 1639 2273 τὸν
1677 2219 1792 2286 βίον
1837 2221 1998 2291 ἡμῶν

347 2307 758 2383 ἰκαινούργησε,
791 2309 882 2362 καὶ
942 2305 1006 2377 δὴ
1064 2308 1324 2381 μέμψεως
1371 2305 1432 2362 ἂν
1489 2309 1629 2380 ἦμεν
1678 2305 1808 2370 ἴσως
1857 2310 2002 2382 παρὰ

342 2417 483 2452 τισιν
518 2395 679 2470 ἄξιοι,
714 2397 789 2458 ὡς
821 2393 953 2472 ἰίχρι
1001 2395 1199 2451 τούτου
1255 2396 1345 2450 τὸν
1395 2395 1558 2470 λόγον
1611 2397 1999 2470 γυμνάσαντες.

346 2483 414 2543 Εἴ
474 2483 532 2540 δὲ
589 2489 692 2540 πᾶν
749 2483 891 2546 εἶδος
951 2484 1218 2560 ἁμαρτίας
1273 2486 1410 2539 κατά
1455 2506 1512 2539 τε
1602 2483 1850 2559 μητὲρων
1909 2485 2000 2540 καὶ

354 2573 664 2648 θυγατέρων
727 2570 817 2628 διὰ
865 2577 973 2630 τῶν
1049 2573 1248 2649 σαρκὸς
1321 2571 1533 2643 ἡδονῶν
1608 2580 1999 2647 καινοτομῆσαι

353 2660 629 2737 ἰξίσχυσεν
691 2662 896 2738 (ὥσπερ
957 2661 1047 2716 οὖν
1101 2662 1189 2716 καὶ
1242 2663 1333 2717 τὸν
1397 2665 1503 2736 (74)
1538 2663 1750 2735 ’Δμνὼν
1784 2661 1868 2717 ἐπὶ
1929 2666 1998 2738 τῇ

354 2753 526 2828 φθορᾷ
549 2758 648 2820 τῆς
679 2749 922 2829 ἀδελφῆς
951 2749 1373 2825 ἐστηλίτευσεν),
1408 2753 1509 2806 οὐκ
1538 2749 1675 2822 ἄξιοι
1719 2753 1994 2825 μέμψεως,

350 2842 529 2913 οἶμαι,
563 2843 619 2895 οἷ
641 2839 716 2903 εἷς
744 2842 806 2894 τὸ
837 2837 1108 2916 ἄχραντον
1164 2847 1264 2909 τῆς
1321 2840 1588 2914 παρθένου
1646 2841 1736 2895 καὶ
1793 2841 1994 2913 ταύτην

341 2930 440 2998 τήν
513 2927 874 3008 προφυλακὴν
953 2928 1354 3004 ιῗσηγοόμενοι.
1407 2927 1600 2992 Ὁλκὸς
1679 2933 1794 3003 (75)
1869 2932 1993 3006 γὰρ,

348 3018 516 3095 φημὶ,
554 3016 604 3086 ’ἡ
664 3016 934 3073 ἐντεθεῖσα
983 3022 1080 3072 τοῦ
1130 3017 1363 3095 φίλτρου
1419 3023 1537 3080 τοῖς
1591 3022 1702 3072 τῶν
1758 3018 1996 3094 ἀρρένων

349 3107 565 3179 σώμασι
599 3107 736 3182 πρὸς
793 3107 861 3160 τὰ
904 3107 1076 3176 θήλεα
1125 3103 1374 3180 δύναμις,
1407 3107 1620 3160 πάντων
1680 3105 1997 3183 ἀλογήσασα

339 3195 589 3268 κρίσεων,
617 3193 902 3266 αὐτόματα
945 3195 1019 3256 ὡς
1071 3193 1130 3248 ἂν
1182 3192 1327 3248 εἷ’ποι
1381 3215 1486 3262 τις,
1518 3200 1704 3264 ταῦτα,
1754 3196 1844 3250 καὶ
1904 3199 1994 3251 ἁν-

2127 615 2199 670 ad
2233 614 2454 670 malum
2488 615 2677 687 magis
2707 614 3106 688 aperiat.Ergo
3133 615 3309 672 etiam
3340 614 3574 672 uterina
3612 629 3782 669 soror

2130 719 2506 774 nequaquam
2539 704 2776 760 assidue
2806 711 2964 761 tactu
2995 711 3052 760 et
3081 705 3299 761 osculis
3352 705 3549 760 fratris
3598 705 3778 758 satie-

2126 797 2244 860 tur,
2297 810 2368 848 ne
2413 809 2481 848 ex
2510 795 2958 861 consuetudine,
2989 795 3274 866 temporis
3305 809 3645 866 progressu,
3666 809 3777 848 na-

2127 899 2296 938 scens
2327 883 2535 938 vitium
2567 899 2696 938 sese
2726 889 2972 954 exseret,
3028 884 3282 939 maxime
3332 901 3466 938 cum
3515 883 3778 954 corporis

2126 977 2404 1028 venustas
2451 972 2671 1028 amoris
2720 973 2876 1028 faces
2924 973 2982 1028 in
3015 973 3199 1029 oculis
3227 987 3429 1028 eorum
3460 973 3650 1044 magis
3677 988 3779 1027 ac-

2127 1062 2340 1117 ceudit.
2375 1066 2515 1116 Nam
2549 1062 2622 1116 ab
2672 1063 2964 1132 ejusmodi
3013 1061 3255 1117 ﬂamma
3302 1061 3480 1117 etiam
3531 1062 3779 1132 profana

2125 1151 2431 1206 retrahens
2461 1151 2747 1220 doctrina,
2765 1148 3605 1223 pulchrorum,inquit,oscula
3634 1154 3777 1206 sunt

2125 1240 2403 1306 cavenda,
2434 1243 2720 1311 tanquam
2751 1244 3170 1296 venenatorum
3217 1237 3565 1295 animalium
3618 1254 3776 1294 mor-

2125 1344 2249 1384 sus.
2296 1329 2378 1384 Ex
2408 1327 2607 1384 osculo
2639 1327 2821 1397 enim,
2855 1328 3066 1400 inquit,
3105 1327 3459 1383 diﬂ'unditur
3486 1343 3778 1383 venenum

2122 1417 2442 1489 voluptatis
2473 1433 2575 1488 per
2603 1422 2792 1473 totum
2842 1434 3075 1489 corpus.
3124 1417 3457 1489 Propterea,
3506 1416 3777 1485 Salutate,

2123 1506 2337 1578 inquit,
2364 1507 2602 1562 invicem
2631 1508 2692 1562 in
2721 1508 2902 1563 osculo
2931 1511 3120 1563 sancto
3151 1508 3219 1577 “,
3250 1505 3430 1562 veluti
3460 1509 3617 1561 statu
3648 1522 3776 1562 car-

2123 1595 2278 1652 nalis
2308 1595 2496 1653 osculi
2526 1596 2679 1654 658
2711 1596 2771 1652 in
2805 1614 2953 1668 pura
2983 1596 3238 1668 Spiritus
3269 1595 3458 1652 sancti
3507 1595 3775 1667 fragran-

2121 1685 2203 1741 tia
2235 1685 2358 1742 hzsc
2391 1685 2544 1742 inter
2571 1701 2635 1742 se
2658 1686 3106 1758 conjungentes.

2188 1953 2277 2009 45.
2309 1953 2797 2026 Reprehendendi
2842 1957 3062 2018 autem,
3113 1952 3341 2025 opinor,
3393 1968 3770 2025 nequaquam

2114 2043 2511 2114 sumus,qu0d
2538 2060 2604 2098 eo
2637 2059 2828 2115 usque
2850 2041 3607 2114 diligentiam,virginitatis
3627 2043 3774 2097 inte-

2113 2132 2309 2204 gritati
2339 2133 2738 2199 consulentes,
2770 2133 3186 2204 perducamus.
3219 2131 3367 2188 Nam
3399 2131 3451 2187 si
3481 2147 3599 2186 non
3638 2130 3770 2200 jam

2113 2222 2512 2292 pracessisset
2543 2226 2868 2293 peccatum,
2903 2237 3008 2276 nec
3037 2238 3146 2277 sua
3186 2219 3517 2276 luctamina
3564 2218 3626 2274 in
3678 2218 3773 2274 his

2112 2311 2378 2380 personis
2404 2311 2686 2366 adversus
2731 2311 2912 2366 vitam
2963 2315 3226 2367 nostram
3278 2307 3767 2381 deprompsisset,

2112 2398 2362 2455 fortasse
2390 2399 2845 2472 reprehensione
2876 2399 3037 2471 digni
3069 2399 3227 2472 apud
3257 2395 3576 2453 nonnullos
3607 2411 3769 2453 esse-
3823 2407 3828 2416 ’

2113 2504 2268 2557 mus,
2302 2489 2457 2560 quod
2487 2505 2554 2544 eo
2586 2505 2769 2560 usque
2799 2504 3133 2544 sermonem
3160 2487 3620 2543 exercuerimus.
3655 2485 3766 2540 Sed

2110 2577 2160 2632 si
2193 2592 2426 2633 omnem
2459 2577 2680 2649 peccati
2711 2577 2966 2650 speciem
2999 2578 3058 2632 in
3091 2579 3308 2632 matres
3330 2579 3386 2632 et
3408 2591 3636 2632 sorores
3667 2590 3771 2646 per

2109 2667 2304 2722 carnis
2333 2668 2663 2738 voluptates
2692 2667 2863 2722 edere
2907 2667 3097 2738 potuit
3147 2665 3664 2738 (quemadmodum
3712 2665 3770 2720 et

2107 2757 2335 2810 Amnon
2353 2755 2399 2791 ⁸³
2417 2756 2490 2811 ob
2512 2761 2782 2827 stuprum
2814 2756 3032 2812 sororis
3049 2755 3305 2812 infamiae
3327 2754 3484 2810 notis
3503 2753 3766 2825 inussit),

2108 2845 2582 2916 reprehensione,
2615 2846 2845 2918 opinor,
2877 2845 3040 2918 digni
3073 2861 3186 2900 non
3219 2861 3454 2913 sumus,
3487 2844 3643 2915 quod
3693 2841 3766 2898 ad

2106 2934 2352 3006 virginis
2382 2935 2774 3007 integritatem
2798 2933 2951 2990 hanc
2973 2933 3152 2990 etiam
3174 2934 3507 2990 cautionem
3529 2933 3770 2988 induca-
3833 2994 3846 3002 0

2108 3040 2264 3078 mus.
2297 3024 2448 3078 Satis
2496 3023 2654 3078 enim
2700 3022 3017 3078 vehemens
3064 3027 3175 3090 est,
3223 3022 3490 3094 inquam,
3542 3019 3763 3076 insitus

2106 3113 2321 3168 amoris
2350 3111 2696 3184 corporibus
2719 3111 3118 3168 masculorum
3147 3111 3206 3165 in
3232 3109 3483 3166 feminas
3507 3109 3768 3178 aculeus,

2106 3206 2170 3256 ut
2195 3217 2262 3256 ea
2291 3202 2444 3256 inter
2476 3217 2562 3267 se,
2594 3201 2873 3257 omnibus
2903 3200 3259 3271 contemptis
3286 3198 3768 3270 judiciis,sua,ut

340 3282 685 3338 τιτιινόντων
719 3277 932 3336 ἔνδοθεν
965 3286 1072 3336 τῶν
1104 3279 1416 3357 λογισμῶν,
1446 3281 1721 3354 ἀλλήλοις
1751 3282 1986 3357 συμπλε-

2117 3292 2189 3345 Lta
2217 3289 2428 3361 dicam,
2447 3291 2861 3362 sponte,etiam
2894 3289 3320 3345 reluctantibus
3345 3289 3508 3344 intus
3538 3287 3764 3357 cogita-

344 3375 448 3445 ξαι.
479 3373 605 3428 ’Ότι
633 3368 805 3442 θήλεα
839 3372 935 3444 μὶν
989 3369 1202 3442 θηλᾶων
1262 3373 1540 3445 ἁπτόμενα
1583 3375 1876 3446 σωμάτων,
1909 3374 1999 3430 καὶ

342 3459 541 3536 ἄρρενα
597 3460 763 3514 πάλιν
819 3459 1386 3536 ἁῤῥὲνωνμὰκίνητον
1447 3456 1562 3536 ἔχει
1619 3463 1717 3530 τὴν
1769 3465 1997 3541 φυσικὴν

342 3551 481 3625 πρὸς
508 3547 736 3620 ἄλληλα
766 3549 974 3624 σχέσιν·
1009 3547 1156 3618 πλὴν
1191 3549 1235 3604 εί
1271 3551 1345 3622 μή
1387 3571 1468 3612 τις
1521 3552 1654 3605 κατὰ
1710 3553 1997 3629 φαντασίαν

340 3641 438 3692 τοῦ
467 3638 604 3712 πρὸς
635 3637 691 3692 ὃν
725 3638 862 3692 κατᾶ
888 3638 1045 3716 φύσιν
1076 3639 1176 3709 τὴν
1236 3638 1500 3712 ἐρωτικὴν
1551 3639 1762 3711 κίνησιν
1815 3639 1996 3714 ἔλαϐε,

341 3729 443 3795 τὴν
481 3728 711 3800 μνήμην
738 3725 1138 3801 ἐρεθιζόμενος,
1169 3727 1421 3804 καὶπρὸς
1467 3731 1529 3784 τὸ
1578 3728 1872 3805 ἀλλότριον
1929 3735 1996 3807 τῇ

347 3815 530 3888 σχὲσει
565 3811 788 3888 οἴστρου
819 3818 915 3869 τοῦ
945 3816 1082 3889 πρὸς
1111 3817 1172 3871 τὸ
1196 3817 1397 3872 οἰκεῖον
1425 3821 1831 3894 παρανομήσειε
1861 3824 1997 3894 (76).

344 3903 496 3973 Θῆλυ
530 3900 588 3957 8‘s
618 3907 778 3976 σῶμα
809 3908 906 3957 τοῦ
960 3902 1182 3980 ὄίρῥενος
1238 3904 1630 3980 ἐφαπτόμενον,
1662 3909 1752 3963 καὶ
1794 3912 1998 3966 ἀνάπαι-

340 3992 430 4048 λιν
461 3996 558 4046 τοῦ
591 3990 790 4062 θήλεος
824 3990 975 4054 αὖθις
1004 3994 1066 4047 τὸ
1099 3990 1280 4069 ὀίρρεν,
1312 3992 1408 4049 κᾶν
1441 3997 1496 4050 αἱ
1527 3997 1580 4050 ἐν
1612 3996 1794 4060 αὐτοῖς
1824 4001 1998 4075 ψυχαὶ

340 4078 639 4155 λογισμοῖς
665 4085 833 4136 ταῦτα
863 4081 1229 4160 ἆφορμήσωσι
1259 4086 1393 4156 (77),
1428 4086 1563 4160 πρὸς
1593 4088 1692 4156 τὴν
1743 4087 1997 4161 συμπλο-

341 4171 442 4239 κὴν
475 4170 630 4244 ὅμως
674 4171 761 4226 ὑπ’
793 4169 1061 4242 ἀλλήλων
1112 4173 1249 4227 κατὰ
1294 4173 1357 4226 τὸ
1405 4171 1642 4246 λεληθὸς
1685 4176 1996 4250 ἐρεθίζεται.

343 4259 444 4315 Καὶ
507 4259 635 4314 ὡσεὶ
687 4265 984 4316 στυππεῖον
1049 4262 1146 4335 μὶν
1203 4261 1500 4317 στυππείου
1557 4265 1856 4338 ἁψάμενον,
1907 4269 1997 4322 καὶ

338 4351 446 4422 πῦρ
495 4347 652 4411 αὖθις
698 4349 953 4426 λαμπρὸν
998 4352 1170 4424 πυρὸς
1215 4353 1477 4428 καθαροῦ,
1527 4352 1588 4407 οὐ
1638 4353 1950 4424 καπνίζιται
1981 4378 1993 4391 ·

342 4442 636 4493 στυππεῖον
697 4435 755 4493 δὶ
809 4437 984 4515 πυρὸς
1041 4439 1335 4518 όσφρανθὲν
1389 4441 1602 4517 ταχέως
1657 4444 1944 4501 ἁνάπτεται
1979 4489 1994 4517 ,

332 4526 424 4582 καὶ
473 4527 534 4582 οὐ
585 4526 748 4604 χρεία
794 4526 1016 4599 πολλῆς
1067 4527 1349 4606 ὲργωδίας,
1395 4527 1518 4586 οὔτε
1564 4531 1710 4594 τινὸς
1764 4539 1864 4589 τοῦ
1903 4535 1998 4608 ἐμ-

336 4617 598 4681 πνέοντος
626 4612 844 4687 ἔξωθιν,
872 4615 965 4673 ’ίνα
1013 4617 1076 4672 τὸ
1120 4618 1180 4674 ἐκ
1225 4623 1322 4674 τοῦ
1371 4619 1665 4676 στυππείου
1713 4627 1820 4699 πῦρ
1870 4627 1996 4679 ἀνα-

342 4703 558 4778 λάμψῃ,
616 4704 763 4762 ἀλλὰ
813 4707 976 4781 μόνον
1023 4728 1083 4764 τε
1141 4707 1476 4782 συνεπλάκη,
1536 4710 1625 4766 καὶ
1685 4710 1840 4778 εὐθὺς
1887 4710 2004 4790 ἔχει

421 4857 466 4895 ’ί
499 4861 524 4912 Ι
555 4858 711 4918 Petr.
749 4877 804 4932 v,
839 4863 927 4919 14.
1002 4864 1050 4900 ⁸³
1078 4864 1128 4922 ΙΙ
1157 4865 1296 4938 Reg.
1327 4882 1455 4938 xm,
1489 4867 1579 4938 14,
1608 4883 1739 4942 sqq.

417 5012 527 5084 (72)
553 5016 645 5088 Τῷ
675 5008 882 5091 χρόνῳ.
937 5021 1063 5074 Non
1111 5018 1265 5076 male
1317 5020 1457 5092 Reg.
1503 5021 1666 5094 2879,
1719 5026 1816 5078 τοῦ
1865 5018 2006 5102 χρό-

345 5102 531 5242 Ϊῗίξίιε)
562 5159 736 5242 ῌνςῇ.
769 5159 855 5242 Ita
882 5159 1253 5242 qubertinus
1285 5167 1342 5220 et
1374 5180 1528 5242 unus
1559 5181 1627 5223 ex
1655 5169 2010 5242 Regiis,Edi-

347 5229 414 5296 ti,
429 5229 630 5306 πνοή..
643 5230 919 5306 Libenter
945 5232 1225 5306 legerem,
1246 5236 1441 5306 πνοήν.

421 5301 534 5373 (74)
562 5298 687 5359 Τόν.
735 5298 1037 5363 Articulus
1087 5298 1328 5365 additus
1374 5298 1445 5365 ex
1486 5313 1705 5370 Veneta
1753 5314 2010 5371 editione

349 5377 403 5429 et
433 5389 533 5429 sex
561 5391 712 5431 mss.

417 5444 530 5516 (75)
558 5443 776 5520 Ὀλκός.
830 5449 1020 5506 Codex
1067 5451 1368 5520 Mazarin.,
1426 5449 1605 5518 ἱκανή.
1657 5459 1783 5512 Mox
1831 5458 2010 5514 codex

350 5519 656 5600 recentior.
688 5521 1030 5600 _Qombeﬁ8.,
1075 5519 1416 5600 ἀλογήσασα,
1465 5525 1728 5600 κρείσσων
1775 5539 1866 5582 και
1911 5540 2010 5599 θη-

345 5585 514 5714 λέων,
571 5590 720 5648 nihil
772 5607 887 5649 non
945 5585 1251 5666 spernens','
1286 5585 1457 5651 etiam
1503 5585 1510 5600 ’
1523 5601 1869 5670 feminarum
1916 5585 2010 5658 ei-

350 5676 518 5717 crzx.

422 5733 532 5806 (76)
575 5735 1017 5811 Παρανομήσειε.
1074 5737 1206 5797 Hac
1262 5737 1559 5814 scriptura
1614 5742 1824 5801 nititur
1876 5759 2013 5816 qua-

2108 3379 2815 3446 tionibus,connectat.Ac
2848 3377 3075 3434 feminae
3110 3378 3350 3450 quidem
3396 3377 3540 3432 dum
3591 3377 3763 3433 femi-

2112 3485 2321 3523 narum
2351 3472 2606 3540 tangunt
2637 3483 2976 3538 corpora,ac
3008 3483 3217 3523 rursus
3246 3465 3496 3522 masculi
3529 3482 3766 3522 mascu-

2109 3556 2696 3623 lorum,immobilem
2719 3557 2938 3612 habent
2967 3555 3292 3612 naturalem
3323 3555 3478 3611 inter
3507 3571 3568 3611 se
3596 3554 3764 3610 habi-

2108 3645 2408 3713 tudinem;
2444 3645 2558 3703 nisi
2585 3645 2740 3717 quis,
2768 3647 2911 3702 dum
2941 3646 3070 3717 ejus
3102 3645 3388 3701 memoria
3435 3645 3759 3702 secundum

2108 3734 2594 3806 imaginationem
2643 3733 2824 3802 illius,
2881 3735 2941 3790 in
2975 3751 3152 3806 quem
3185 3734 3514 3790 naturalem
3547 3733 3773 3804 accepit

2111 3824 2332 3879 amoris
2364 3828 2613 3895 motum,
2648 3823 2950 3896 pungitur,
2982 3823 3159 3879 etiam
3190 3824 3250 3878 in
3278 3823 3560 3891 alienum,
3592 3826 3771 3878 castro

2109 3913 2183 3968 ad
2213 3913 2269 3968 id
2303 3914 2460 3984 quod
2493 3913 2606 3970 sibi
2637 3913 2913 3969 convenit
2941 3913 3075 3968 dato
3107 3912 3618 3979 sceleste,utatur.
3659 3910 3773 3967 Sed

2108 4002 2352 4074 femina,
2374 4005 2516 4058 dum
2551 4020 2764 4075 corpus
2792 4003 2983 4075 tangit
3013 4002 3282 4070 masculi,
3317 4007 3421 4058 aut
3450 4019 3660 4058 rursus
3691 4001 3774 4057 fe-

2109 4091 2284 4147 minae
2306 4092 2912 4164 masculus,quamvis
2934 4107 3138 4148 eorum
3163 4091 3373 4148 animis
3400 4091 3768 4162 cogitationi-

2104 4180 2218 4236 bus
2252 4181 2374 4236 hasc
2404 4183 2829 4250 communiant,
2843 4186 3050 4247 tamen
3082 4199 3116 4236 a
3145 4198 3209 4238 se
3235 4180 3484 4237 invicem
3515 4181 3588 4236 ad
3619 4196 3775 4236 com-

2107 4268 2344 4340 plexum
2359 4287 2573 4327 arcano
2588 4271 2760 4327 modo
2775 4270 3257 4327 stimulantur.Et
3269 4271 3770 4339 quemadmodum

2108 4363 2324 4432 stuppa
2339 4360 2480 4416 dum
2501 4366 2777 4433 stuppam
2808 4359 3170 4432 attingit,aut
3191 4375 3398 4414 rursus
3421 4358 3610 4430 signis
3630 4357 3780 4414 ruti-

2105 4447 2458 4522 lanspurum
2475 4449 2929 4520 ignem,i‘umum
2949 4449 3194 4504 minime
3216 4448 3538 4518 concitant;
3555 4453 3774 4521 stuppa

2104 4555 2240 4594 vero
2271 4538 2321 4593 si
2345 4538 2539 4610 ignem
2572 4539 2866 4605 odoretur,
2900 4538 3014 4594 cito
3047 4537 3412 4604 accenditur,
3459 4554 3567 4594 nec
3616 4555 3772 4610 opus

2034 4648 2080 4713 D
2111 4631 2202 4684 est
2249 4627 2435 4684 multo
2481 4628 2702 4694 labore,
2739 4644 2844 4683 nec
2877 4628 3240 4699 quaerendus
3271 4627 3375 4700 qui
3405 4627 3775 4684 extrinsecus

2113 4716 2399 4786 insufﬂat,
2435 4721 2499 4773 ut
2525 4732 2595 4774 ex
2623 4721 2838 4789 stuppo
2869 4717 3025 4789 ignis
3057 4715 3379 4789 rel‘ulgeat;
3411 4717 3514 4773 sed
3545 4720 3778 4773 tantum

2114 5031 2251 5084 tuor
2282 5025 2758 5100 codicibusmss.
2796 5025 2968 5098 Editi,
3002 5024 3403 5100 παρανομήσει.

2187 5100 2300 5173 (47)
2353 5102 2528 5178 Ταῦτα
2571 5094 2963 5178 -ἀφορμήσωσιξ
3016 5094 3346 5178 Restituere
3396 5094 3578 5178 malui
3631 5096 3776 5178 scri-

2117 5168 2353 5244 pturam
2401 5168 2634 5228 Venetis
2682 5168 2979 5242 editionis,
3030 5172 3090 5226 in
3130 5171 3429 5244 quaihsec
3475 5168 3774 5244 leguntur,

2117 5238 2294 5315 quam
2322 5245 2486 5314 sequi
2515 5238 3062 5315 Parisiensem,quae
3089 5238 3180 5298 sic
3200 5243 3375 5297 habet
3398 5257 3411 5295 :
3437 5238 3780 5315 1odi_wv_oeic

2119 5313 2478 5389 diepprﬁowct.
2523 5317 2792 5389 Videtur,
2841 5313 2992 5389 utin
3024 5313 3778 5389 editione_Yeneta,legisse

2114 5383 2482 5443 AmbrOsius.
2509 5388 2604 5444 Sic
2633 5390 2791 5444 enim
2823 5387 3016 5442 reddit
3049 5403 3062 5442 :
3099 5383 3416 5454 Quamlibet
3445 5385 3567 5442 haec
3596 5386 3780 5441 insitae

2117 5459 2238 5513 illis
2265 5461 2478 5517 anima
2505 5462 2720 5516 ratione
2746 5458 3118 5514 moderentur.
3151 5457 3315 5513 Unus
3346 5473 3415 5512 ex
3444 5457 3642 5529 Regiis
3675 5474 3778 5529 co-

2118 5531 2373 5607 dicibus,
2410 5534 2576 5607 ταῦτα
2624 5531 3007 5607 saevissima:-
3062 5528 3555 5607 Ηκίξέεξηρςῖιῖιιὲ
3606 5528 3774 5607 Legi-

2118 5607 2217 5657 tur
2245 5603 2424 5657 etiam
2455 5606 2620 5656 ταῦτα
2637 5599 2711 5658 ’ἱῐί
2742 5599 2938 5657 codice
2970 5602 3111 5671 Reg.
3161 5599 3353 5671 28:79.—
3378 5600 3575 5671 Habet
3613 5599 3775 5671 idem

2119 5675 2320 5746 codex,
2354 5672 2422 5746 ⁸ἐν
2472 5673 2684 5735 ἑαυταῖς
2709 5677 2849 5746 ,τοῖς
2872 5678 2973 5746 τῆς
3002 5667 3189 5746 me);
3220 5667 3534 5746 λογισμοῖς,
3563 5669 3800 5745 legitur

2120 5689 2320 5742 couex,
2371 5689 2422 5726 sv
2472 5689 2684 5735 εαυταις
2730 5692 2846 5733 τοις
2873 5691 2973 5740 της
3002 5689 3074 5744 ψυ
3121 5691 3189 5738 ης
3221 5689 3315 5746 Λογ

2120 5745 2324 5815 etiam,
2351 5742 2402 5801 ιν
2436 5745 2672 5820 ἑαυτοῖς,
2702 5745 2764 5803 in
2789 5744 3046 5803 editione
3074 5689 3315 5801 δθηοιε.
