4124 6382
313 328 430 390 759

1258 333 1657 397 APPENDIX
1698 336 2030 400 OPERUM
2075 339 2140 402 S.
2187 338 2468 404 BASILII
2515 343 2791 406 MAGNI.

3636 353 3776 416 760

311 461 550 516 admota
578 463 686 532 est,
720 477 785 517 ac
818 463 1020 519 statim
1052 465 1322 522 ﬂammas
1352 467 1541 537 ,babet
1589 470 1913 528 relucentes
1946 488 1960 528 :

2081 471 2410 546 φαινομένας
2467 473 2562 537 τὰς
2619 475 2868 553 φλόγας·
2912 479 3056 534 οὕτω
3103 480 3166 536 τὸ
3225 479 3366 552 θῆλυ
3427 487 3591 556 σῶμα
3655 487 3772 539 106

312 549 396 606 sic
430 549 749 607 femineum
779 568 1014 624 corpus,
1049 554 1187 609 dum
1222 557 1555 614 masculum
1589 560 1801 632 tangit,
1851 578 1968 617 non

310 643 504 694 mutto
548 639 776 713 indiget
822 641 1021 697 labore
1072 643 1417 702 insufflante
1466 649 1538 704 ad
1590 650 1969 706 concubitum

308 731 634 796 amore,sed
664 746 797 784 cum
833 731 1160 787 naturalem
1196 733 1452 790 habeant
1483 735 1636 792 inter
1656 755 1716 794 se
1739 738 1971 793 habitu-

315 815 540 883 dinem,
575 819 773 873 statim
809 835 875 873 ac
908 836 969 874 se
1013 822 1388 894 contingunt,
1420 842 1728 883 accensam
1752 828 1974 883 habent

311 922 524 962 arcano
563 909 733 962 modo
765 907 1084 979 voluptatis
1116 913 1452 969 scintillam.
1487 917 1972 989 Quapropter,in-

317 996 468 1066 quit,
499 997 766 1067 Alligabit
794 999 918 1068 quis
945 1000 1130 1070 ignem
1161 1003 1225 1057 in
1253 1005 1404 1070 sinu,
1435 1010 1604 1060 vestes
1633 1015 1814 1062 autem
1859 1023 1971 1062 non

309 1085 650 1155 combureIY,‘
673 1095 766 1140 aut
796 1087 1109 1145 ambulabit
1139 1094 1260 1163 quis
1285 1109 1453 1162 super
1477 1111 1688 1166 prunas
1717 1097 1887 1165 ignis,
1921 1099 1972 1150 et

309 1171 473 1245 pedes
503 1190 619 1228 non
651 1175 966 1232 comburet?
1020 1178 1112 1235 Sic
1139 1197 1248 1237 non
1279 1185 1391 1238 erit
1420 1186 1686 1240 innoxius
1724 1185 1972 1256 quisquis

308 1264 564 1335 attigerit
584 1264 878 1322 mulierem
893 1267 1131 1332 33.0uod
1158 1270 1207 1326 si
1229 1272 1493 1344 seipsum
1521 1274 1759 1330 tradidit
1785 1274 1973 1331 Domi-

309 1369 424 1408 nus
458 1369 562 1424 pro
596 1370 832 1426 sponsa,
867 1361 931 1411 ut
979 1372 1107 1413 eam
1155 1361 1483 1418 sanctiﬁcat
1525 1380 1692 1436 aqum
1740 1365 1970 1423 lavacro

307 1443 939 1517 purgatam,illamque
954 1446 1079 1517 ipse
1091 1448 1202 1504 sibi
1217 1449 1328 1522 ipsi
1345 1452 1970 1527 exhibeatgloriosam,

307 1529 606 1586 maculam
639 1549 753 1588 non
786 1533 1127 1605 habentem,
1165 1543 1266 1595 aut
1287 1546 1626 1613 rugam,aut
1645 1543 1970 1616 quidquam

311 1619 751 1690 hujuscemodi,
777 1623 917 1691 imo,
945 1629 1009 1680 ut
1029 1626 1106 1681 sit
1126 1633 1330 1685 sancta
1350 1634 1407 1686 et
1426 1630 1727 1704 inculpata
1756 1637 1813 1689 et
1843 1651 1970 1689 cor-

314 1726 456 1782 pore
478 1713 534 1766 et
554 1710 763 1783 spiritu
777 1713 1102 1772 “:sollicita
1122 1722 1398 1790 quodque
1417 1720 1634 1777 idcirco
1653 1740 1781 1778 esse
1801 1724 1975 1781 debet

315 1799 505 1870 virgo,
529 1803 821 1870 quomodo
853 1803 1081 1875 placeat
1111 1807 1380 1878 Domino,
1414 1814 1480 1866 ut
1508 1811 1585 1867 sit
1613 1816 1822 1868 sancta
1851 1829 1973 1869 cor-

317 1903 460 1959 poro
491 1893 548 1943 et
573 1889 783 1961 spiritu
814 1892 877 1948 ³⁸.
1737 1967 1740 1970 ξ

385 1979 473 2032 46.
509 1977 706 2051 Neque
737 1980 853 2037 alia
883 1983 1121 2055 quidem
1152 2002 1374 2058 cavere,
1407 1990 1479 2044 ad
1509 1989 1623 2046 alia
1672 2007 1807 2047 vero
1857 1991 1972 2048 sibi

313 2065 491 2122 fidere
523 2068 922 2128 indifferenter
951 2073 1123 2131 debet
1155 2092 1168 2130 :
1199 2078 1300 2134 sed
1334 2095 1539 2136 omnes
1569 2082 1970 2154 omniumque;

309 2156 606 2213 maculam
637 2159 688 2214 ei
721 2165 824 2217 aut
854 2179 1062 2235 rugam
1094 2165 1372 2239 inferunt,
1407 2170 1745 2226 occasiones
1795 2170 1968 2243 longe

304 2258 621 2312 removere,
657 2253 722 2306 ut
750 2255 808 2307 et
832 2269 1072 2324 corpore
1103 2257 1256 2313 659
1286 2265 1492 2315 sancta
1521 2259 1860 2328 sit,nullum
1893 2263 1968 2317 ab

301 2349 365 2390 eo
395 2335 456 2392 in
484 2337 744 2397 animam
792 2341 1305 2414 inquinamentum
1360 2348 1574 2418 ferens,
1618 2354 1675 2405 et
1721 2351 1964 2423 spiritu,

301 2425 466 2482 nulla
490 2425 660 2483 illum
693 2431 1048 2503 cogitatione
1080 2435 1538 2495 infuscans.Non
1573 2439 1730 2494 enim
1762 2457 1793 2494 a
1835 2455 1962 2496 cor-

294 2529 438 2585 pore
468 2519 701 2574 tantum
734 2519 792 2575 in
834 2521 1096 2578 animam
1148 2528 1458 2582 transeunt
1501 2527 1800 2599 libidines,
1859 2531 1961 2585 sed

295 2604 474 2660 etiam
509 2607 580 2662 ab
611 2609 809 2664 anima
835 2610 1073 2667 initium
1107 2619 1433 2683 sumentes,
1469 2618 1744 2689 quamvis
1775 2617 1961 2674 inter-

297 2691 440 2748 dum
473 2711 716 2768 corpora
746 2698 1030 2756 inservire
1060 2718 1176 2759 non
1211 2705 1574 2778 possint,per
1596 2707 1965 2778 imaginatio-

298 2795 460 2850 nem,
512 2785 683 2856 quasi
728 2804 833 2860 per
889 2805 1134 2861 corpora
1177 2799 1556 2866 peragantur,
1609 2796 1963 2867 cogitatione

300 2872 710 2943 perﬁciuntur.
736 2879 1244 2943 Quemadmodum
1275 2883 1431 2938 enim
1465 2885 1565 2956 qui
1600 2885 1794 2940 oleum
1827 2902 1961 2943 cum

300 2977 456 3035 aqua
486 2965 1073 3040 miscent,utriusque
1103 2973 1527 3044 gratiam,dum
1559 2973 1676 3029 vim
1705 2975 1964 3032 inferunt

305 3048 416 3107 hoc
450 3053 718 3124 artiﬁcio,
753 3057 1020 3126 abolent;
1056 3059 1112 3115 id
1142 3064 1294 3133 quod
1328 3062 1386 3119 in
1419 3062 1544 3119 oleo
1593 3063 1961 3122 luminosum

295 3145 386 3197 est
415 3158 584 3214 aquae
616 3143 756 3202 limo
789 3147 1118 3219 turbantes,
1151 3167 1216 3207 ac
1249 3169 1456 3210 rursus
1488 3171 1653 3225 aquae
1686 3158 1958 3210 naturam

2081 557 2307 635 ἄρῥενος
2355 561 2728 640 ἐφαπτόμενον
2780 566 2842 620 οὗ
2889 567 3077 641 χρείαν
3125 568 3242 644 ἔχει
3291 569 3515 642 πολλῆς
3564 572 3769 648 ἐργω-

2083 645 2219 718 δίας,
2256 648 2377 706 οὔτε
2432 657 2532 707 106
2589 655 2725 728 πρὸς
2783 656 2881 725 τὴν
2939 657 3080 728 μίξιν
3136 657 3468 731 ἐμπνέοντος
3500 645 3768 735 ἔρωτος’

2079 736 2229 793 ἀλλὰ
2257 741 2356 809 τῆν
2393 743 2620 817 φυσικὴν
2651 741 2848 818 ἔχοντα
2876 747 3009 821 πρὸς
3043 746 3268 818 ἄλληλα
3299 749 3507 825 σχέσιν,
3542 753 3668 824 ἅμα
3703 773 3770 806 τε

2080 825 2283 902 ἥψατο,
2316 830 2404 884 καὶ
2439 830 2636 894 εὐθέως
2671 831 2785 908 ἔχει
2820 832 3175 912 ἐντυφόμενον
3209 838 3348 892 κατᾶ
3389 839 3453 894 τὸ
3505 837 3770 911 λεληθὸς

2079 920 2180 982 τῆς
2214 918 2421 989 ἡδονῆς
2449 921 2541 975 τὸν
2580 924 2872 998 σπινθῆρα.
2916 925 3014 978 Διά
3059 929 3243 993 τοῦτο,
3277 928 3465 1003 φησὶν,
3496 927 3769 1000 Ἀποδή-

2081 1027 2160 1060 σει
2214 1029 2297 1070 τις
2353 1013 2459 1084 πῦρ
2521 1009 2571 1064 ἐν
2631 1009 2946 1084 κόλπῳ,τὰ
2996 1010 3053 1067 δὲ
3108 1015 3306 1086 ἱμάτια
3357 1017 3422 1071 οὐ
3473 1018 3767 1073 κατακαύ-

2082 1114 2203 1164 est;
2333 1101 2689 1173 περιπατήσει
2743 1121 2824 1163 τις
2883 1100 2966 1156 ἐπ’
3023 1103 3300 1176 ἀνθράκων
3359 1105 3555 1180 πυρὸς,
3620 1108 3770 1171 τοὺς

2081 1181 2138 1239 δὲ
2198 1184 2374 1250 πόδας
2433 1187 2494 1242 οὐ
2573 1189 2935 1259 κατακαύσει;
2997 1191 3186 1254 Οὕτως
3243 1191 3343 1248 οὐκ
3419 1195 3768 1269 ἀθωωθήσε-

2078 1295 2168 1329 ται
2219 1282 2325 1338 πᾶς
2367 1278 2394 1332 ὁ
2449 1277 2751 1351 ἁπτόμενος
2795 1280 3066 1356 γυναικός.
3105 1281 3167 1338 Εἰ
3222 1279 3281 1337 δὲ
3337 1283 3528 1338 ἑαυτὸν
3583 1287 3768 1361 παρέ-

2085 1361 2254 1420 δωκεν
2339 1367 2471 1444 ὑπὲρ
2547 1370 2648 1437 τῆς
2725 1368 2944 1444 νύμφης
3021 1370 3049 1423 ὁ
3121 1369 3354 1444 Κύριος,
3407 1371 3500 1427 ’ίνα
3575 1374 3754 1444 αὐτὴν

2083 1455 2280 1530 ἁγιάσῃ
2331 1458 2625 1532 καθαρίσας
2673 1462 2752 1530 τῷ
2791 1456 3008 1534 λουτρῷ
3037 1463 3134 1514 τοῦ
3189 1458 3409 1532 ὕδατος,
3441 1462 3532 1517 καὶ
3580 1483 3761 1534 παρα-

2084 1547 2261 1620 στήσῃ
2319 1547 2480 1608 αὐτὸς
2540 1548 2712 1619 ἑαυτῷ
2778 1545 2991 1619 ἔνδοξον
3069 1548 3296 1620 ταύτην,
3359 1551 3438 1623 μὴ
3511 1548 3760 1628 ἔχουσαν

2083 1632 2308 1706 σπῖλον,
2340 1634 2375 1705 ἢ
2411 1633 2687 1716 ῥυτίδαμῆ
2719 1657 2771 1690 τι
2800 1640 2908 1691 τῶν
2955 1636 3246 1706 τοιούτων,
3275 1637 3406 1694 ἀλλ’
3431 1637 3526 1695 ’ίνα
3553 1641 3590 1716 ᾖ
3622 1643 3763 1718 ἁγία

2082 1724 2174 1778 καὶ
2208 1725 2445 1797 ἄμωμος
2474 1726 2561 1780 καὶ
2597 1714 2811 1799 σώματι
2839 1725 2929 1780 καὶ
2975 1728 3270 1799 πνεύματι·
3297 1727 3388 1783 καὶ
3440 1726 3530 1784 διὰ
3581 1735 3758 1788 τοῦτο

2089 1819 2349 1886 μεριμνᾷν
2383 1816 2417 1884 ἡ
2451 1813 2708 1889 παρθένος
2742 1813 2968 1892 ὀφείλει,
3002 1820 3122 1879 πῶς
3177 1816 3358 1892 ἀρέσει
3405 1823 3487 1892 τῷ
3539 1820 3756 1897 Κυρίῳ,

2079 1899 2174 1957 ’ίνα
2203 1902 2238 1977 ᾖ
2269 1902 2389 1976 ἁγία
2418 1902 2507 1957 καὶ
2537 1907 2613 1975 τῷ
2640 1904 2852 1976 σώματι
2884 1904 2972 1958 καὶ
3002 1908 3083 1977 τῷ
3112 1903 3404 1979 πνεύματι.

2154 1994 2244 2048 46.
2279 1992 2423 2067 Οὐχὶ
2453 1989 2580 2047 τάδε
2627 1993 2722 2066 μὶν
2769 1991 3128 2070 φυλάττεσθαι
3183 1991 3284 2066 δεῖ,
3315 2001 3426 2052 τῶν
3480 1995 3539 2053 δὲ
3579 2019 3750 2056 κατα-

2078 2079 2292 2154 τολμᾷν
2347 2079 2657 2160 ἀδιαφόρως
2708 2081 2944 2159 ὀφείλει’
2993 2080 3140 2138 ἀλλὰ
3182 2082 3357 2149 πάσας
3410 2087 3750 2157 ἁπαξαπλῶς

2078 2173 2174 2234 τὰς
2208 2170 2508 2233 σπιλούσας
2539 2171 2704 2241 αὐτὴν
2746 2173 2780 2241 ἢ
2829 2169 3049 2246 ῥυτίδας
3097 2171 3436 2244 έμποιούσας
3490 2177 3744 2254 ἀφορμὰς

2077 2259 2359 2337 πόρῥωθεν
2393 2257 2885 2328 ἀναστέλλειν,⁹ίνα
2939 2259 2975 2332 ᾖ
3032 2260 3158 2335 ἁγία
3213 2263 3304 2317 καὶ
3363 2269 3443 2337 τῷ
3501 2267 3743 2340 σώματι,

2079 2347 2249 2422 μηδὲν
2280 2349 2386 2404 ἀπὸ
2416 2348 2612 2405 τούτου
2661 2348 2748 2404 ἐπὶ
2796 2350 2895 2419 τὴν
2943 2350 3129 2424 ψυχὴν
3187 2347 3450 2426 μόλυσμα
3480 2354 3740 2431 φέρουσα,

2073 2438 2164 2494 καὶ
2189 2443 2268 2511 τῷ
2297 2439 2586 2513 πνεύματι,
2623 2435 2818 2512 μηδενὶ
2861 2439 3100 2510 νοήματι
3143 2445 3308 2496 τοῦτο
3361 2440 3624 2506 θολοῦσα.
3660 2445 3738 2502 Οὗ

2073 2531 2178 2604 γὰρ
2213 2529 2318 2584 ἀπὸ
2349 2529 2602 2602 σώματος
2635 2527 2799 2601 μόνον
2831 2525 2918 2581 ἐπὶ
2946 2527 3132 2602 ψυχὴν
3170 2524 3442 2586 διαϐαίνει
3465 2533 3532 2587 τὰ
3561 2533 3736 2607 πάθη,

2071 2615 2340 2674 ἀλλὰκαὶ
2392 2618 2498 2674 ἀπὸ
2547 2621 2736 2694 ψυχῆρ
2770 2617 3073 2691 ἀρχόμενα,
3105 2617 3197 2672 καὶ
3260 2620 3336 2692 μὴ
3398 2619 3735 2695 δυναμένων,

2072 2707 2242 2785 φημὶ,
2275 2703 2383 2772 ἔσθ’
2431 2707 2520 2763 ὅτε
2567 2709 2854 2782 ὑπουργεῖν
2903 2711 3009 2760 τῶν
3066 2707 3356 2781 σωμάτων,
3413 2713 3551 2764 κατὰ
3603 2733 3734 2783 φαν-

2069 2797 2280 2866 τασίαν,
2313 2797 2388 2859 ὡς
2435 2794 2526 2852 διὰ
2583 2795 2849 2870 σωμάτων
2904 2794 3264 2870 ἐνεργούμενα
3293 2795 3350 2852 έν
3393 2801 3462 2870 τῇ
3518 2795 3733 2871 διανοίᾳ

2070 2885 2552 2963 τελεσιουργεῖται.
2587 2887 2676 2947 Ὡς
2710 2886 2812 2958 γὰρ
2841 2884 2891 2938 οἱ
2924 2884 2986 2939 τὸ
3017 2881 3158 2956 ὕδωρ
3205 2885 3342 2957 μετᾶ
3390 2890 3489 2939 106
3537 2886 3725 2942 ἐλαίου

2071 2978 2365 3045 κυκῶντες,
2387 2977 2485 3045 τὴν
2515 2974 2770 3050 ἑκατέρου
2802 2974 2964 3049 χάριν
3014 2976 3079 3046 τῇ
3129 2971 3345 3044 ἐπινοίᾳ
3378 2975 3725 3048 βιαζόμενοι,

2073 3065 2390 3145 ἀφανίζουσι
2419 3069 2514 3120 106
2537 3086 2596 3120 τε
2627 3063 2817 3119 ἐλαίου
2854 3063 2915 3117 τὸ
2949 3059 3233 3140 φωτοειδὲς
3261 3067 3340 3134 τῷ
3372 3061 3604 3118 ίλυώδει
3629 3069 3728 3119 106

2072 3155 2265 3217 ὕδατος
2325 3157 2798 3232 συνταράσσοντες,
2859 3151 2949 3206 καὶ
3005 3155 3102 3206 106
3161 3148 3353 3213 ὕδατος
3431 3151 3582 3217 αὖθις
3628 3155 3730 3223 τὴν

292 3231 676 3298 permistione
705 3234 814 3290 olei
848 3235 1360 3308 inquinanteszsic
1391 3243 1489 3313 qui
1525 3243 1786 3298 animam
1822 3261 1954 3300 cum

2075 3247 2230 3325 φύσιν
2274 3248 2343 3318 τῇ
2375 3231 2674 3319 συμπλοκῇ
2719 3246 2815 3297 τοῦ
2865 3240 3050 3296 ἐλαίου
3105 3239 3415 3303 θολοῦντες·
3453 3241 3625 3304 οὕτως
3679 3244 3737 3296 οἱ

292 3333 534 3391 corpore
565 3339 667 3392 per
696 3323 974 3382 libidines
999 3330 1566 3404 commiscent,quod
1601 3332 1840 3406 utrique
1873 3334 1960 3390 in-

292 3411 384 3464 est
411 3409 483 3464 ad
514 3409 694 3467 vitam
725 3413 891 3482 utile,
924 3432 1100 3487 prave
1128 3425 1401 3476 evertunt
1435 3440 1447 3478 :
1483 3423 1766 3492 animam,
1829 3441 1956 3496 quae

290 3491 592 3555 luminosa
617 3505 708 3557 est
733 3507 792 3558 et
817 3502 1301 3576 splendida,limo
1329 3511 1655 3568 carnalium
1688 3528 1756 3568 ex
1786 3514 1954 3570 volu-

292 3589 450 3654 ptate
480 3587 796 3647 libidinum
829 3597 948 3649 tam
983 3595 1318 3668 inquinant,
1349 3605 1402 3656 et
1440 3602 1592 3672 quod
1627 3601 1685 3656 in
1718 3619 1959 3674 corpore

294 3689 508 3745 purum
542 3696 607 3733 ac
639 3681 893 3737 nitidum
927 3689 1036 3753 est,
1073 3685 1180 3741 hac
1236 3690 1461 3746 ratione
1508 3691 1954 3764 permiscentes,

293 3761 504 3822 inutile
535 3767 683 3824 illud
718 3771 791 3825 ad
822 3772 1005 3827 vitam
1025 3775 1426 3834 cfliciunt.8ed
1453 3761 1954 3850 quemadmodum

294 3856 607 3912 commista
637 3859 791 3914 inter
810 3876 872 3914 se
891 3859 1086 3918 oleum
1110 3868 1166 3920 et
1189 3883 1342 3939 aqua
1360 3867 1690 3924 naturalem
1705 3871 1955 3942 gratiam

293 3947 562 3999 evertunt
595 3962 608 3999 :
643 3947 950 4005 recedente
981 3956 1176 4010 autem
1209 3971 1414 4012 eorum
1456 3956 1738 4029 tumultu,
1792 3961 1954 4033 quie-

292 4031 413 4087 tem
447 4037 620 4090 nacta
652 4043 1004 4107 separantur
1052 4044 1290 4113 quidem
1342 4047 1413 4103 ab
1466 4046 1738 4120 invicem,
1790 4031 1847 4107 et
1893 4053 1954 4110 in

289 4121 592 4194 propriam
619 4127 940 4199 utrumque
973 4135 1265 4203 naturam,
1301 4136 1443 4191 dum
1478 4138 1536 4191 in
1569 4139 1954 4213 semetipsum

290 4211 610 4286 colligitur,
643 4219 913 4290 recurrit,
946 4238 1010 4276 ac
1041 4239 1250 4291 purum
1285 4243 1446 4298 aqua:
1479 4228 1699 4284 insidet
1736 4211 1954 4306 oleum,

289 4315 444 4372 aqua
496 4321 628 4363 vero
675 4307 1047 4380 perlucidum
1083 4312 1147 4368 ﬁt
1178 4313 1337 4371 illius
1369 4317 1704 4374 vehiculum
1741 4338 1752 4376 :
1787 4320 1870 4378 ita
1899 4329 1957 4380 et

287 4391 485 4447 anima
515 4399 572 4449 et
600 4412 838 4468 corpus,
863 4397 910 4454 si
939 4402 1438 4460 commisceantur
1468 4406 1621 4461 inter
1645 4424 1708 4463 se
1731 4411 1955 4468 mutuis

285 4480 777 4557 vitiis,propriam
812 4492 1130 4562 utrumque
1161 4499 1433 4550 naturam
1459 4496 1531 4551 ab
1555 4496 1738 4554 altero
1763 4499 1955 4573 inqui-

2065 3339 2165 3407 τὴν
2201 3335 2387 3411 ψυχὴν
2413 3339 2494 3407 τῷ
2523 3334 2737 3406 σώματι
2772 3329 2862 3386 διὰ
2915 3335 3024 3386 τῶν
3077 3334 3266 3395 παθῶν
3330 3336 3734 3407 συγκυκῶντες,

2067 3424 2323 3500 ἑκατέρου
2351 3426 2463 3498 (78)
2493 3423 2555 3478 τὸ
2585 3422 2722 3498 πρὸς
2757 3420 2850 3475 τὸν
2886 3419 3002 3495 βίον
3043 3416 3312 3495 χρειῶδες
3359 3424 3544 3482 κακῶς
3597 3422 3737 3497 ἀφα-

2065 3515 2420 3585 νίζουσι,τήν
2452 3533 2510 3568 τε
2541 3513 2726 3586 ψυχὴν
2784 3506 3056 3587 φωτοειδῆ
3108 3508 3200 3563 καὶ
3259 3506 3520 3585 λαμπρὰν
3574 3507 3738 3564 οὖσαν

2066 3609 2134 3679 τῇ
2169 3603 2287 3658 ίλύϊ
2313 3607 2420 3658 τῶν
2450 3605 2719 3675 σαρκικῶν
2753 3599 2803 3670 ἐξ
2834 3596 3041 3668 ἡδονῆς
3078 3599 3265 3653 παθῶν
3303 3596 3443 3670 ὅλην
3500 3597 3732 3654 δολοῦν-

2064 3716 2175 3764 τες,
2209 3691 2300 3747 καῖ
2330 3696 2427 3747 106
2455 3692 2709 3764 σώματος
2735 3689 2795 3743 τὸ
2825 3687 3058 3763 καθαρὸν
3090 3688 3184 3742 καὶ
3215 3685 3434 3764 διαυγές
3463 3692 3542 3760 τῷ
3573 3686 3733 3763 λόγῳ

2064 3784 2245 3856 τούτῳ
2290 3781 2672 3854 ἀναφύρουσιν,
2707 3778 2930 3854 ἀχρεῖον
2971 3777 3110 3852 πρὸς
3163 3777 3255 3832 τὸν
3310 3775 3430 3853 βίον
3481 3775 3732 3833 δεικνύν-

2063 3897 2174 3938 τες.
2209 3871 2364 3930 Ἀλλ’
2396 3872 2575 3946 ὥσπερ
2607 3868 2898 3942 κυκώμενα
2933 3869 3046 3941 μετ’
3078 3864 3347 3938 ἀλλήλων
3399 3864 3578 3922 ἐκεῖνα
3628 3867 3729 3936 τὴν

2065 3963 2299 4042 φυσικὴν
2333 3963 2494 4038 χάριν
2555 3956 2881 4016 ἀπόλλυσιν·
2922 3958 3381 4032 ἀναχωρήσαντος
3438 3952 3496 4011 δὲ
3551 3955 3728 4012 αὐτῶν

2061 4055 2160 4111 106
2207 4055 2476 4128 ταράχου,
2524 4047 2763 4127 ἠρεμίας
2821 4045 3209 4122 μεταλαχόντα
3267 4043 3567 4100 διίστανται
3630 4046 3727 4119 μὲν

2065 4144 2158 4199 ἀπ’
2188 4139 2479 4212 ἀλλήλων,
2511 4140 2590 4203 εἷς
2624 4137 2681 4194 δὲ
2712 4139 2810 4207 τὴν
2848 4135 3052 4192 οἰκείαν
3096 4133 3342 4210 έκάτερον
3379 4136 3538 4210 φύσιν
3592 4136 3732 4210 πρὸς

2065 4233 2224 4290 ἑαυτὸ
2258 4231 2625 4307 συναγόμενον
2656 4228 2964 4302 ἀνατρέχει,
2996 4226 3060 4281 τὸ
3113 4225 3206 4298 μὲν
3259 4223 3443 4280 ἔλαιον
3490 4226 3728 4297 καθαρὸν

2062 4327 2142 4396 τῷ
2175 4317 2328 4376 ὕδατι
2363 4319 2635 4396 έφιζάνον,
2659 4317 2721 4372 τὸ
2753 4314 2812 4372 δὲ
2840 4314 2986 4392 ὕδωρ
3035 4311 3231 4377 διειδὶς
3287 4309 3482 4389 ὄχημα
3529 4313 3730 4369 τούτου

2062 4408 2372 4492 γινόμενον·
2400 4411 2542 4467 οὕτω
2573 4410 2660 4466 καὶ
2694 4410 2728 4478 ἠ
2762 4407 2917 4483 ψυχή
2960 4405 3051 4461 καὶ
3090 4406 3154 4460 τὸ
3212 4409 3392 4478 σῶμα,
3433 4406 3732 4478 κυκώμενα

2068 4505 2164 4580 μὶν
2197 4507 2314 4564 τοῖς
2348 4501 2398 4572 ἐξ
2420 4497 2688 4572 ἀλλήλων
2717 4498 2907 4561 πάθεσι
2943 4496 3058 4569 μετ’
3088 4493 3492 4580 ἀλλήλων,τὴν
3522 4492 3727 4550 οἰκείαν

291 4574 498 4627 natum
549 4575 907 4647 corrumpit;
963 4581 1064 4636 sed
1115 4584 1606 4656 tranquillitatem
1651 4593 1841 4662 nacta,
1892 4592 1951 4648 in

292 4661 590 4688 κηλῇ-ελ...
629 4667 896 4688 ..-ι----μ
929 4670 1079 4688 -,_,1,,
1163 4673 1197 4688 .-
1529 4681 1537 4688 .
1843 4681 1853 4688 .

2075 4574 2223 4673 φύσιν
2259 4590 2508 4668 ἑκάτερον
2555 4590 2703 4688 παρὰ
2743 4585 2968 4688 θατέρου
3019 4583 3355 4688 Θολούμεινξν
3403 4579 3726 4688 διαφθείρει·

292 4661 594 4733 propriam
628 4667 901 4723 naturam
929 4670 1239 4730 redeuntia
1270 4681 1638 4747 separantur,
1663 4694 1730 4733 ac
1761 4681 1959 4740 anima

293 4751 558 4838 quidem,
591 4753 755 4810 velut
785 4757 991 4830 auriga
1020 4758 1316 4820 luminosa
1360 4782 1467 4820 sua
1518 4766 1958 4838 pulchritudine

291 4837 548 4914 desuper
574 4843 893 4916 aﬁ‘ulgente
942 4864 1156 4920 corpus
1206 4837 1757 4929 illustratpcorpus
1799 4875 1956 4932 vero,

289 4932 493 5018 ptpote
513 4948 712 5005 grave,
745 4935 1086 4993 subsidiens
1110 4940 1269 4998 illius
1303 4943 1595 5018 dignitati,
1621 4947 1957 5010 vehiculum

289 5010 452 5076 illius
486 5021 551 5077 ﬁt
577 5023 649 5079 ad
679 5038 828 5079 usus
860 5028 1245 5087 necessarios.

361 5197 452 5250 47.
486 5196 632 5255 Cum
665 5201 848 5272 igitur
878 5208 1148 5261 naturam
1210 5226 1379 5264 sna'n
1427 5211 1509 5268 ita
1557 5226 1954 5290 comparatam

291 5289 421 5339 esse
451 5284 615 5357 virgo
641 5287 1148 5366 intelligat,neque
1178 5297 1250 5352 iis
1283 5316 1413 5370 quas
1438 5318 1505 5356 ex
1537 5284 1708 5362 carne
1758 5310 1957 5367 oriun-

289 5368 391 5427 tur
416 5373 577 5430 vitiis
608 5375 809 5432 lumen
844 5384 1061 5438 mentis
1093 5368 1691 5466 conturbabit,neque
1725 5396 1796 5451 iis
1831 5414 1957 5470 quae

2067 4671 2307 4762 ἦρεμίας
2353 4678 2412 4738 δὲ
2451 4677 2859 4745 ἀπολαύσαντα,
2907 4674 2983 4737 εἷς
3033 4673 3134 4742 τὴν
3186 4671 3385 4762 οἰκείαν
3419 4671 3577 4762 φύσιν
3608 4693 3729 4749 χω-

2070 4760 2320 4854 ρισθέντα
2373 4769 2695 4836 διίστανται,
2731 4768 2764 4836 ἡ
2823 4767 2918 4854 μέν
2973 4763 3152 4854 ψυχὴ,
3184 4760 3418 4854 καθάπερ
3454 4760 3729 4854 ἡνίοχος,

2066 4849 2129 4923 τὸ
2187 4859 2479 4944 φωτοειδές
2537 4861 2732 4926 έαυτῆς
2791 4853 3000 4944 κάλλος
3051 4849 3258 4944 ιίίνωθιιν⁸
3303 4850 3617 4944 ἐπιλάμπον
3647 4855 3730 4944 τῷ

2071 4940 2284 5030 σώματι
2340 4953 2623 5032 φαίνουσα’
2665 4947 2727 5002 τὸ
2786 4942 2843 5001 δὶ
2892 4948 3071 5032 σῶμα,
3120 4943 3194 5032 ᾡς
3235 4940 3316 5032 ἂν
3351 4941 3486 5018 βαρὺ
3539 4942 3732 5032 aqua-

2067 5029 2165 5103 νον
2196 5045 2290 5120 μὶν
2466 5040 2667 5109 ταύτης
2722 5034 2860 5108 ἀξίᾳ,
2896 5030 3087 5110 ὄχημα
3145 5029 3202 5088 δὶ
3258 5031 3397 5106 αὐτῇ
3455 5030 3595 5108 πρὸς
3626 5032 3731 5102 τὴν

2069 5137 2294 5192 ἐνταῦθα
2325 5131 2513 5209 χρείαν
2542 5127 2849 5205 γινόμενον.

2142 5208 2470 5282 47.Οὖκοῦν
2524 5215 2774 5275 τοιοῦτόν
2831 5237 2884 5272 τι
2950 5208 3249 5289 συμϐαῖνον
3298 5208 3350 5266 έν
3405 5212 3475 5284 τῇ
3535 5210 3736 5280 ὶαυτῆς

2069 5314 2224 5391 φύσει
2257 5315 2292 5382 ἡ
2325 5311 2592 5386 παρθένος
2624 5303 2835 5379 ἰδοῦσα,
2867 5303 2990 5362 οὔτε
3016 5307 3135 5366 τοῖς
3181 5299 3240 5356 έκ
3288 5298 3486 5391 σαρκὸς
3535 5298 3732 5391 πάθεσι

2069 5385 2133 5458 τὸ
2183 5409 2284 5472 τῆς
2331 5385 2517 5478 ψυχῆς
2569 5396 2833 5476 φωτεινὸν
2885 5391 3234 5469 συνταράξει,
3284 5385 3411 5446 οὔτε
3455 5392 3576 5453 τοῖς
3626 5388 3734 5444 ἀπὸ

369 5489 415 5524 ³⁸
448 5489 616 5546 Prov.
647 5504 729 5562 v1,
755 5494 943 5551 27-29.
1020 5498 1065 5541 ⁸ι
1095 5499 1307 5572 Ephes.
1338 5519 1395 5573 v,
1429 5507 1618 5566 25-28.
1696 5510 1741 5544 ⁸⁵
1770 5512 1791 5565 Ι
1823 5512 1951 5569 Cor.

2075 5561 2087 5588 ,
2119 5521 2210 5590 32,
2243 5521 2335 5575 34.

370 5604 859 5699 ί-ῖβλμᾟκαάρρυ·
917 5614 1010 5669 Sic
1070 5617 1299 5675 codices
1367 5637 1484 5678 non
1550 5626 1746 5698 pauci.
1800 5626 1914 5687 Alii

2075 5654 2115 5695 n
2182 5636 2440 5694 editione
2503 5631 2746 5698 Veneta,
2801 5626 3042 5684 έκατέοα.
3110 5625 3463 5686 Parisiensis
3528 5627 3735 5699 editio,

299 5667 586 5734 έκάτέὸων.
